4294 6438
748 365 886 427 Ξ239

2048 369 2399 430 PROCOPII
2434 374 2676 436 GAZIEI

3862 376 4003 440 22m

746 484 877 536 dicit
914 498 928 535 :
975 480 1169 535 Nonne
1199 490 1253 534 tu
1275 498 1417 549 eras,
1444 484 1531 551 qui
1557 499 1644 537 cos
1699 484 1889 549 spiritu
1941 484 2076 537 duro
2117 486 2327 553 interﬁ-
2356 485 2442 543 A:

2290 486 2327 537 i-
2356 485 2405 543 Α
2432 490 2569 541 κατὰ
2590 489 2698 541 τῶν
2723 487 2957 541 εἰδώλων
2997 488 3278 541 ἐποιοῦντο
3328 486 3571 559 θρασέως
3607 488 3986 558 ἑπαγγελλόμε

747 590 860 626 rere
881 573 1226 627 meditabaris
1252 577 1274 615 9
1300 575 1476 629 minas
1501 575 1620 629 illas
1652 574 1705 628 in
1742 575 2061 627 memoriam
2093 584 2333 639 revocat,

748 664 949 729 quibus
986 664 1037 717 in
1068 665 1211 718 idola
1271 666 1605 719 confidenter
1636 665 1741 729 usi,
1774 681 1834 717 ea
1887 680 1946 719 se
1998 668 2337 720 conti-ituros

748 764 943 822 Spmlle
969 755 1389 823 pollicebantur,
1431 756 1576 824 quod
1604 772 1750 811 nunc
1808 772 1867 809 re
1895 758 2013 827 ipsa
2076 768 2337 827 pnestare

751 847 1094 898 adhortatur.
1118 845 1197 898 lta
1225 846 1393 912 enim,
1422 848 1518 911 ait,
1554 855 1607 901 et
1626 848 1854 916 peccatis
1894 850 2080 902 vestris
2116 850 2334 904 liberari

753 950 849 987 vos
878 935 1192 1002 contigerit.

824 1025 926 1078 Sed
954 1025 1099 1078 enim
1127 1024 1193 1078 ad
1218 1026 1446 1092 primam
1480 1025 1901 1093 explicationem
1962 1034 2331 1081 revertamur.

751 1116 861 1168 Ista
891 1115 1162 1183 siquidem
1204 1130 1326 1168 cum
1358 1116 1589 1183 apostoli
1616 1117 2000 1184 praestiterint,
2022 1126 2337 1187 terramque

752 1206 1140 1275 praedicatione
1169 1207 1503 1275 repleverint
1529 1227 1542 1273 ;
1568 1210 1659 1277 qui
1693 1225 1821 1277 grex
1842 1210 1971 1262 olim
2002 1209 2153 1277 longe
2181 1210 2336 1262 Itabi-

754 1300 922 1362 tabat,
960 1299 1081 1353 idco
1107 1300 1459 1369 relinquetur,
1491 1301 1635 1370 quod
1664 1313 1940 1370 pastorem
1976 1303 2206 1363 bonum,
2241 1304 2334 1371 qui

752 1389 989 1469 animam
1056 1404 1210 1443 suam
1258 1406 1357 1458 pro
1383 1391 1578 1443 ovibus
1637 1398 1803 1460 ponat
1836 1392 1904 1457 ⁵⁵,
1936 1407 2047 1446 non
2106 1394 2337 1447 admise-

754 1486 902 1531 runt.
930 1479 1117 1548 Itaque
1150 1480 1362 1534 animas
1397 1480 1555 1552 353
1577 1496 1728 1546 suas,
1756 1483 1923 1537 veluti
1956 1484 2211 1552 regiones
2238 1484 2337 1537 ali-

752 1586 914 1639 quas,
945 1566 997 1623 in
1024 1586 1225 1639 pascua
1257 1572 1407 1626 abire
1428 1573 1571 1641 passi
1603 1585 1752 1638 sunt,
1782 1591 1919 1643 quas
1948 1576 2181 1643 vastavit
2207 1590 2336 1644 aper

753 1668 821 1715 de
852 1663 1014 1728 silva,
1049 1679 1188 1732 quas
1218 1663 1368 1720 ferus
1409 1667 1709 1733 singularis
1736 1667 1997 1735 depastus
2031 1674 2135 1731 est,
2173 1674 2227 1720 et
2281 1668 2334 1720 in

752 1756 832 1809 eis
872 1756 1259 1825 rcquicvcrunt
1284 1768 1656 1827 corruptores.
1698 1758 1829 1823 Qua:
1864 1759 2081 1828 quidem
2109 1761 2183 1814 ita
2212 1759 2331 1813 red-

752 1846 889 1900 didit
941 1847 1303 1917 Symmachus
1343 1851 1387 1882 "
1430 1867 1443 1903 :
1487 1848 1689 1903 Civitas
1735 1853 1872 1904 enim
1931 1852 2138 1904 utttnita
2194 1853 2330 1919 sola,

755 1939 992 2006 speciosa
1021 1940 1361 2008 relinquetur,
1397 1951 1445 1994 et
1481 1941 1779 1995 dimittetur
1819 1952 2071 2012 tanquam
2103 1944 2329 2000 deserta.

760 2029 835 2080 lbi
885 2039 1129 2095 pascetur
1178 2028 1395 2093 vitulus,
1423 2039 1471 2082 et
1521 2032 1592 2083 ibi
1638 2033 1935 2091 accubat-it,
1968 2041 2013 2085 et
2063 2043 2332 2087 consumet

755 2137 933 2173 ramos
955 2122 1091 2189 ejus.
1120 2120 1183 2175 In
1215 2125 1452 2177 siccitate
1483 2125 1663 2176 messis
1694 2124 1806 2192 ejus
1834 2134 2134 2180 conteretur
2162 2143 2179 2179 :
2210 2130 2334 2196 qui-

755 2217 986 2269 buscum
1019 2217 1275 2269 convenit
1304 2224 1357 2271 et
1384 2218 1715 2285 reliquorum
1747 2218 1909 2271 etiam
1932 2219 2329 2288 interpretatio.

738 2282 850 2361 ’Est
875 2323 1002 2362 vero
1058 2316 1111 2361 ct
1144 2323 1208 2362 ea
1256 2308 1393 2377 ipsa,
1428 2324 1549 2377 qua:
1600 2309 1752 2377 prius
1800 2310 1985 2362 civitas
2024 2311 2248 2375 munita,
2280 2318 2334 2365 et

754 2402 884 2454 vitis
926 2401 1159 2470 pulchra
1200 2401 1478 2454 nominata
1522 2412 1624 2467 est,
1667 2417 1829 2472 quam
1861 2410 1983 2471 post
2037 2404 2333 2458 stabilitam

757 2490 1249 2561 t-onlirmatamque
1285 2493 1659 2561 apostolorum
1715 2495 2182 2563 praulieationcm,
2210 2505 2334 2564 post

758 2583 1027 2635 sublatam
1043 2587 1206 2637 etiam
1221 2585 1582 2639 idololatrian:
1602 2586 1862 2640 desertam
1881 2586 1995 2640 fore
2012 2587 2332 2655 pronuntia-

756 2675 853 2727 vit.

828 2765 997 2819 Aiunt
1032 2766 1302 2832 nonnulli,
1329 2776 1616 2838 postquam
1651 2784 1708 2824 se
1741 2785 1847 2823 non
1882 2784 2067 2839 aequas
2098 2769 2186 2833 iis,
2214 2783 2335 2837 quae

760 2858 813 2909 in
855 2867 1107 2911 sanctum
1145 2859 1313 2913 lsracl
1348 2860 1710 2927 admiserunt,
1740 2877 1934 2933 paruas
1961 2863 2331 2932 repositorum

758 2950 1025 3014 dixisset;
1051 2951 1230 3017 qualis
1262 2951 1479 3006 tandem
1518 2952 1683 3022 hujus
1713 2953 2099 3009 commotionis
2133 2953 2334 3009 modus

761 3041 979 3095 lutttrns
1008 3043 1102 3105 sit,
1136 3043 1286 3096 illum
1320 3044 1641 3113 adjungere.
1702 3044 1905 3099 Rixans
1936 3056 1981 3099 et
2011 3044 2333 3111 exprobrans

758 3133 956 3185 emittet
976 3149 1087 3195 eos,
1117 3133 1167 3185 id
1197 3142 1303 3199 est,
1335 3150 1363 3187 a
1420 3135 1502 3189 sui
1536 3135 1815 3189 consortio
1843 3142 1896 3189 et
1960 3135 2337 3188 familiaritate

760 3222 994 3290 rt-jieiet.
1023 3223 1222 3277 Rixans
1249 3226 1416 3285 enirn.
1451 3225 1503 3278 id
1538 3234 1622 3280 est
1652 3226 1969 3294 objurgans,
1999 3240 2027 3279 a
2073 3242 2131 3281 se
2165 3225 2341 3281 Israe-

760 3313 864 3365 lem
891 3314 1367 3381 rejecitSalvator.
1396 3314 1501 3369 Nec
1534 3316 1642 3371 nisi
1674 3315 2040 3383 exprobrantis
2073 3317 2163 3370 illa
2189 3326 2340 3382 sunt,

762 3405 853 3458 ubi
880 3406 955 3458 ait
985 3423 997 3456 :
1031 3424 1049 3456 ι
1072 3404 1393 3469 Jerusalem,
1418 3406 1725 3462 Jerusalem
1748 3448 1762 3470 .
1790 3424 1910 3477 qua:
1948 3408 2156 3462 occidis
2217 3424 2344 3478 pro-

763 3497 1063 3566 phetas“,
1101 3516 1119 3547 ι
1154 3505 1206 3551 et
1237 3493 1665 3567 qum'dc-ineeps.
1694 3499 1882 3565 Vides,
1909 3509 1969 3552 ut
2004 3500 2345 3570 obiurgando

762 3602 858 3642 ens
890 3604 916 3640 a
954 3604 1012 3643 sc
1048 3590 1360 3644 removerit.
1407 3592 1483 3643 ita
1517 3599 1695 3645 tamen
1730 3598 1790 3646 ut
1813 3602 2041 3647 servatae
2072 3593 2182 3647 sint
2214 3593 2345 3647 reli-

763 3684 925 3749 quia,
958 3683 1023 3737 de
1048 3684 1247 3752 quibus
1292 3686 1367 3738 ita
1399 3686 1541 3755 apud
1593 3686 1790 3739 Isaiam
1833 3709 1843 3741 ε
1884 3686 1940 3740 Si
1972 3687 2136 3744 luerit
2162 3704 2347 3742 nume-

764 3789 862 3827 rus
906 3772 1142 3826 ﬁliorum
1200 3774 1367 3829 Israel
1430 3776 1605 3830 instar
1637 3792 1816 3832 arena:
1843 3778 2032 3843 maris,
2100 3778 2346 3847 reliquire

766 3864 1140 3918 servabuntur
1171 3864 1238 3920 ".
1264 3885 1283 3916 ι
1317 3864 1613 3932 Ειτρνοῡναι
1648 3881 1780 3920 vero
1804 3865 1939 3936 ipsis
1979 3881 2178 3934 magna
2217 3881 2351 3921 usus

769 3954 1018 4009 libertate
1055 3953 1138 4007 vir
1185 3963 1431 4019 sanctus,
1465 3962 1724 4024 tanquam
1756 3955 1848 4025 qui
1908 3955 1973 4010 de
2007 3955 2213 4010 sanctis
2268 3956 2352 4011 in-

765 4043 1368 4099 terﬁciendismeditari
1391 4060 1500 4100 non
1529 4046 1880 4101 erubuerint:
1905 4047 2049 4116 quod
2078 4048 2121 4101 si
2152 4063 2351 4117 negare

771 4136 961 4200 velint,
1016 4136 1099 4188 vel
1148 4136 1263 4205 ipse
1292 4136 1391 4200 ait,
1426 4136 1481 4189 in
1542 4137 1915 4191 testimonium
1947 4136 2200 4207 prodeat,
2255 4139 2349 4207 qui

769 4225 901 4279 dicit
940 4242 954 4279 :
998 4244 1015 4277 ι
1042 4226 1213 4292 Quem
1245 4227 1388 4281 enim
1420 4228 1808 4297 prophetarum
1833 4239 2018 4298 patres
2047 4230 2214 4284 vestri
2240 4246 2349 4285 non

770 4315 1169 4372 interfecerunt
1200 4319 1286 4371 '5?
1324 4339 1342 4370 ι
1386 4318 1451 4371 Et
1486 4335 1681 4374 rursus
1716 4336 1729 4372 :
1779 4338 1798 4371 ι
1836 4319 1954 4375 Νοη
2005 4321 2163 4376 decet
2227 4336 2352 4393 pro-

770 4409 988 4476 plietam
1019 4411 1195 4477 perire
1218 4418 1368 4463 extra
1399 4407 1779 4465 Jerusalem”.
1809 4430 1828 4461 ι
1853 4409 2062 4467 Interea
2093 4421 2272 4468 autem
2298 4422 2352 4469 et

2437 599 2513 633 νει
2542 583 2820 652 ἐκτρίψειν
2846 580 3003 644 αὐτὰ,
3020 582 3353 650 παρακαλῶν
3382 582 3580 641 αὐτοὺς
3599 584 3677 644 εἰς
3702 582 3863 651 ἔργον
3885 584 3993 650 ἀιγα

2437 672 2553 733 γεῖν
2586 670 2683 739 τὴν
2712 672 3027 740 ὑπόσχεσιν.
3061 671 3220 723 Οὖτω
3249 671 3380 740 γὰρ,
3415 672 3572 741 φησὶ,
3604 672 3697 725 καὶ
3743 672 3862 726 ἀπὸ
3901 673 4019 726 τῶν

2435 761 2735 829 ἁμαρτιῶν
2762 761 2929 831 ὑμῶν
2948 764 3447 833 καθαρισθήσεσθε.

2513 855 2675 910 Ἀλλὰ
2722 856 2830 924 γὰρ
2871 854 2965 907 ἐπὶ
3002 853 3101 925 τήν
3133 854 3362 924 πρώτην
3392 853 3658 924 ἐξήγησιν
3696 854 4013 908 ἐπανέλθω.

2433 964 2554 1017 μεν.
2587 948 2771 1000 Ταῦτα
2811 948 2917 1018 γὰρ
2960 946 3070 1000 τῶν
3104 946 3422 999 ἀποστόλων
3479 948 3888 1017 πεποιηκότων,
3920 954 4016 1001 καὶ

2431 1039 2525 1092 τοῦ
2558 1039 2916 1108 κηρύγματος
2956 1039 3401 1110 πεπληρωκότων
3449 1038 3551 1109 τήν
3582 1040 3707 1108 γῆν,
3737 1038 3798 1092 τὸ
3840 1040 4018 1094 πάλαι

2434 1132 2907 1200 κατοικούμενον
2958 1132 3244 1198 ποίμνιον
3303 1133 3703 1201 ἀφεθήσεται.
3772 1135 3847 1186 Οὐ
3907 1134 4019 1204 γὰρ

2434 1227 2651 1291 ἐδέξατο
2704 1226 2793 1277 τὸν
2848 1226 3014 1277 καλὸν
3070 1227 3309 1294 ποιμένα
3339 1227 3432 1279 τὸν
3482 1226 3641 1279 θέντα
3689 1228 3788 1295 τὴν
3823 1226 4019 1279 ἑαυτοῦ

2434 1318 2613 1388 ψυχὴν
2652 1318 2792 1387 ὑπὲρ
2822 1320 2930 1370 τῶν
2957 1318 3267 1387 προϐάτων.
3302 1318 3393 1371 Διὸ
3424 1319 3519 1379 τὰς
3560 1319 3776 1371 ἑαυτῶν
3816 1319 4018 1388 ψυχὰς,

2436 1405 2523 1461 οἷα
2556 1409 2620 1478 δὴ
2643 1408 2825 1479 χώρας
2855 1410 3029 1473 τινάς,
3081 1410 3348 1478 ἐποίησαν
3389 1409 3703 1477 βόσκημα,
3728 1410 3794 1473 ἃς
3822 1411 4027 1479 ἐλυμή-

2439 1519 2568 1555 νατο
2592 1494 2656 1563 ὗς
2688 1504 2748 1554 ἐκ
2770 1501 3001 1570 δρυμοῦ,
3024 1502 3119 1553 καὶ
3149 1502 3332 1570 μονιὸς
3356 1502 3551 1572 ἄγριος
3578 1502 4021 1570 κατενεμήσατο,

2440 1597 2535 1649 καὶ
2587 1596 2645 1646 ἐν
2693 1593 2979 1656 αὐταῖςόῐ
3035 1594 3351 1662 φθείροντες
3389 1592 3791 1647 ἀνεπαύσαντο.
3838 1594 4023 1661 ’Ἀπερ

2438 1689 2610 1750 οὕτως
2636 1687 2869 1751 ἐξέδωκε
2913 1686 3249 1755 Σύμμαχοςο
3289 1688 3477 1752 Πόλις
3512 1688 3623 1755 γὰρ
3656 1686 4025 1759 ὠχυρωμένη

2434 1780 2615 1847 μόνη,
2653 1779 2812 1846 κα.ζὴ
2868 1778 3129 1847 ἀφεῖται,
3186 1781 3287 1833 καὶ
3341 1779 3910 1848 ἐγκαταλέλειπται,
3942 1781 4027 1842 ὡς

2439 1873 2679 1941 ἔρημος.
2743 1871 2908 1925 Ἐκεῖ
2958 1872 3365 1941 νεμηθήσεται
3422 1874 3683 1941 μόσχος,
3740 1870 3839 1924 καὶ
3903 1870 4034 1922 ἐκεῖ

2442 1965 2931 2030 κοιτασθήσεται,
2992 1967 3092 2019 καὶ
3162 1966 3468 2023 ἀναλώσει
3543 1966 3689 2026 τοὺς
3753 1964 4031 2027 κλάδους

2445 2058 2658 2125 αὐτῆς,
2711 2058 2812 2110 Ἐν
2842 2054 2923 2120 τῷ
2951 2056 3321 2124 ξηρανθῆναι
3350 2057 3458 2111 τὸν
3497 2058 3787 2125 θερισμίν
3807 2055 4028 2123 αὐτῆς,

2443 2149 2980 2218 συντριϐήσονται.
3019 2147 3114 2211 Ui;
3157 2152 3252 2204 καὶ
3280 2152 3348 2203 τὰ
3378 2152 3484 2201 τῶν
3515 2150 3717 2201 λοιπῶν
3750 2151 4029 2217 ἑρμηνευ-

2442 2243 2550 2295 τῶν
2599 2244 2900 2310 συμφωνεῖ.
2939 2241 3094 2308 Αὕτη
3125 2241 3180 2294 δέ
3212 2244 3355 2294 ἐστιν
3389 2242 3419 2310 ή
3454 2240 3548 2292 καὶ
3587 2241 3716 2309 πρὶν
3758 2239 4031 2308 εἰρημένη

2448 2336 2631 2399 πόλις
2701 2335 2890 2402 ὀχυρὰ
2930 2335 3024 2386 καὶ
3088 2332 3353 2401 ἀμπελὼν
3411 2334 3444 2401 ή
3501 2331 3690 2396 καλὸς,
3744 2331 3812 2399 ἦν
3865 2346 4033 2397 φησιν

2450 2426 2678 2496 ἔρημον
2707 2426 2927 2478 ἔσεσθαι
2954 2425 3093 2495 μετά
3128 2428 3189 2476 τὸ
3218 2426 3326 2477 τῶν
3379 2423 3698 2476 ἀποστόλων
3747 2411 4029 2489 πανταχοῦ

2447 2518 2765 2589 κυρωθῆναι
2802 2518 2864 2571 τὸ
2895 2519 3181 2588 κήρυγμα,
3242 2517 3335 2569 καὶ
3394 2518 3493 2585 τὴν
3544 2514 3657 2584 τῆς
3708 2514 4034 2568 εἰδωλολα-

2450 2614 2651 2682 τρεὶας
2681 2610 3020 2681 καθαίρεσιν.

2516 2769 2670 2831 Τινὲς
2722 2785 2907 2837 φασιν.
2933 2768 3005 2830 ὡς
3033 2769 3202 2821 εἰπὼν
3241 2772 3314 2838 μὴ
3349 2769 3449 2839 τὴν
3503 2769 3625 2836 ἴσην
3654 2770 4033 2843 ἀπαιτηθήσε-

2448 2858 2573 2912 σθαι
2603 2859 2760 2927 δίκην
2802 2854 2877 2910 ὧν
2918 2858 3063 2910 κατά
3117 2857 3227 2910 τῶν
3258 2858 3429 2926 ἁγίων
3459 2859 3887 2931 ἐπλημμέλησεν
3927 2862 4032 2913 Ἰσ-

2451 2950 2609 3020 ραὴλ,
2646 2950 2843 3018 ἐπάγει
2879 2951 3030 3002 ποῖον
3071 2950 3178 3018 ἄρα
3232 2950 3292 3003 τὸ
3351 2950 3549 3020 μέτρον
3575 2951 3673 3020 τῆς
3725 2952 3811 3003 ἐπ’
3846 2951 4036 3014 αὐτοῖς

2446 3041 2603 3094 ἔσται
2654 3041 2940 3109 κινήσεως.
2991 3042 3343 3109 Μακόμενος
3398 3041 3497 3094 καὶ
3554 3042 3854 3101 ὀνειδίζων
3893 3042 4035 3105 etfa-

2446 3132 2737 3186 ποστελεῐ
2775 3133 3016 3198 αὐτοὺς,
3051 3133 3291 3202 δηλονότι
3340 3133 3443 3203 τῆς
3477 3135 3614 3203 πρὸς
3643 3134 3806 3186 αὑτὸν
3833 3134 4039 3186 οἰκειό-

2448 3242 2628 3293 τητος.
2671 3222 3061 3293 ’Λπεπέμψατο
3099 3223 3207 3293 γὰρ
3251 3224 3343 3276 τὸν
3382 3224 3601 3294 Ἰσραὴλ
3627 3226 3656 3277 ὁ
3704 3223 3896 3294 Σωτὴρ
3920 3240 4037 3292 μα-

2447 3316 2729 3384 χόμενος,
2765 3314 2878 3366 ἀντλ
2917 3312 3011 3365 τοῦ
3052 3313 3424 3383 ἐπιπλήττων.
3462 3315 3707 3382 Ἔφασκε
3736 3314 3847 3389 γὰρ
3879 3315 4040 3368 ὀνει-

2447 3403 2620 3462 δίζων
2644 3403 2845 3464 αὐτοῖς’
2884 3421 2901 3451 ι
2938 3401 3311 3471 Ἰερουσαλὴμ,
3331 3402 3706 3471 Ἰερουσαλὴμ,
3727 3405 3759 3472 ή
3779 3402 4041 3455 ἀποκτείι

2448 3512 2614 3548 νουσα
2642 3495 2771 3556 τοὺς
2817 3494 3125 3563 προφήτας,
3162 3512 3179 3544 ι
3232 3496 3326 3545 καὶ
3384 3494 3452 3546 τὰ
3495 3494 3721 3563 ἐφεξῆς.
3766 3494 3928 3564 Ὁρᾷς
3959 3494 4042 3555 ὡς

2452 3585 2822 3654 ἐπιπλήττων,
2875 3584 3075 3647 αὐτοὺς
3123 3583 3511 3654 ἀπεπέμψατο.
3568 3582 3728 3637 Ἀλλά
3770 3585 4043 3637 σέσωσται

2450 3680 2507 3730 τὸ
2561 3678 2931 3747 κατάλειμμα,
2983 3678 3126 3731 καθά
3174 3696 3336 3747 φησιν
3381 3678 3607 3742 Ἡσαΐας
3639 3695 3652 3708 ·
3713 3679 3881 3731 (Ἐὰν
4011 3679 4044 3733 ὁ

2451 3770 2684 3841 ἀριθμὸς
2712 3771 2820 3823 τῶν
2854 3770 2986 3823 υἱῶν
3027 3771 3264 3840 Ἰσραὴλ,
3313 3771 3388 3834 ὡς
3419 3772 3452 3842 ή
3486 3769 3673 3840 ἄμμος
3700 3770 3801 3838 τῆς
3830 3770 4041 3823 θαλάσ-

2453 3878 2574 3930 σης,
2611 3861 2671 3914 τὸ
2720 3861 3069 3931 κατάλειμμα
3103 3862 3425 3931 σωθήσεται.
3461 3881 3479 3913 ι
3543 3862 3829 3923 Ὀνειδίζει
3860 3863 3917 3916 δὲ
3944 3866 4044 3917 καὶ

2452 3954 2481 4005 ὀ
2532 3953 2819 4023 προφήτης
2880 3951 3018 4019 μετά
3071 3951 3382 4023 παρρησίας
3434 3952 3640 4015 αὐτοῖς,
3674 3952 3749 4016 ὡς
3806 3951 4045 4023 μελέτην

2457 4043 2853 4114 πεποιημένοις
2881 4043 3128 4112 ἀναιρεῖν
3158 4043 3286 4105 τοὺς
3312 4045 3523 4110 ἁγίους.
3554 4044 3674 4097 Κᾶν
3697 4043 4042 4114 ἀρνήσησθε,

2456 4138 2646 4207 φησὶν,
2686 4135 2894 4204 μάρτυς
2921 4136 2950 4186 ὁ
2980 4134 3180 4201 λέγων·
3218 4153 3237 4184 ι
3274 4135 3409 4188 Τίνα
3456 4135 3566 4205 γὰρ
3596 4134 3706 4187 τῶν
3738 4134 4047 4205 προφητῶν

2455 4229 2557 4282 οὐκ
2613 4227 2945 4281 ἀπέκτειναν
2986 4226 3037 4277 οἱ
3092 4224 3329 4296 πατέρες
3375 4225 3568 4295 ὑμῶν;
3613 4244 3633 4278 ι
3686 4226 3798 4279 Καὶ
3829 4226 3999 4278 πάλιν
4029 4241 4042 4255 ·

2464 4340 2482 4373 ι
2516 4323 2637 4373 Ὀτι
2656 4321 2757 4373 οὐκ
2780 4319 3063 4388 ἐνδέχεται
3088 4319 3376 4387 προφήτην
3391 4317 3688 4370 ἀπολέσθαι
3706 4317 3811 4381 ἔξω
3839 4318 4047 4388 Ἰερου-

2459 4413 2705 4481 σαλήμ.»
2772 4410 2871 4463 Διὰ
2935 4408 3100 4479 μέσου
3171 4408 3229 4461 δὲ
3282 4407 3505 4470 τούτους
3564 4408 3811 4474 ἐλέγξας,
3878 4408 4048 4461 πάλιν

770 4502 872 4552 ista
900 4500 952 4554 in
986 4515 1081 4554 eos
1116 4502 1539 4570 reprehensione
1574 4518 1731 4565 usus,
1767 4503 1835 4557 ad
1871 4518 1934 4556 ea
1959 4520 2196 4570 rursum,
2231 4520 2350 4575 qua:
2376 4505 2466 4568 Di

2376 4511 2429 4568 D
2456 4504 2641 4572 ἔχεται
2672 4503 2771 4570 τῆς
2808 4501 2998 4569 πρώην
3050 4498 3379 4562 ἀκολουθίας
3431 4498 3505 4560 ὼς
3551 4501 3615 4551 ὲκ
3665 4499 3800 4552 Θεοῦ
3843 4499 4052 4567 λέγων’

770 4606 943 4658 nuper
990 4591 1290 4659 inceperat,
1348 4593 1681 4659 revertitur;
1736 4594 2014 4663 velutique
2072 4606 2354 4665 assumpta

772 4681 861 4734 llt-i
889 4696 1117 4749 persona
1162 4682 1348 4751 adjicit
1382 4694 1394 4733 :
1431 4683 1723 4753 Propterea
1765 4685 2040 4748 auferetur
2074 4685 2351 4756 'iniquitas

767 4770 956 4826 Jacob.
991 4772 1094 4826 Sed
1130 4790 1391 4842 quorsum
1424 4785 1700 4844 propterea
1732 4777 1985 4830 addidit?
2013 4777 2142 4831 ldeo
2191 4778 2356 4832 nitui-

771 4885 916 4934 rum,
946 4869 1089 4938 quod
1126 4886 1234 4924 non
1271 4880 1326 4924 ut
1364 4872 1655 4937 interfecit,
1693 4872 1773 4925 sic
1806 4882 1858 4925 ct
1899 4873 2014 4941 ipse
2062 4874 2357 4928 interﬁcie-

771 4967 880 5012 tar.
913 4958 1044 5012 Nam
1074 4969 1127 5013 ct
1152 4960 1199 5013 ei
1231 4975 1333 5014 suo
1356 4970 1596 5030 tempore
1616 4972 1839 5031 peccata
1880 4962 2357 5028 comlonabuutur,

771 5050 913 5119 quod
930 5050 1163 5119 ejusdem
1176 5050 1339 5123 3“
1357 5052 1731 5106 benedictionis
1746 5053 1966 5106 nomine
1989 5052 2355 5122 signiﬁcatum

770 5149 870 5195 est.
902 5141 959 5195 Si
1000 5144 1144 5196 enim
1187 5158 1285 5213 pro
1332 5144 1517 5198 delicti
1567 5143 1943 5213 magnitudine
1972 5159 2164 5212 pinnas
2199 5159 2357 5213 repo-

775 5243 976 5300 sceret,
1015 5250 1120 5289 non
1155 5251 1213 5290 re
1246 5237 1612 5305 prmstitisset,
1638 5235 1783 5305 quod
1817 5236 2129 5290 Abrabamo
2174 5237 2356 5290 verbis

774 5325 952 5381 fuerat
995 5329 1265 5393 pollicitus
1287 5329 1373 5383 cui
1402 5347 1414 5381 :
1455 5347 1474 5379 ι
1501 5327 1836 5384 Benedicens
1865 5329 1964 5382 tibi
1987 5328 2306 5383 benedieam
2338 5371 2352 5393 ,

774 5428 827 5474 et
848 5421 1220 5491 multiplicans
1247 5422 1624 5491 multiplicabo
1650 5433 1700 5476 te
1721 5423 1787 5486 σθ,
1817 5440 1835 5473 ι
1859 5422 2018 5485 dixit,
2044 5436 2167 5475 cum
2192 5420 2352 5475 toties

776 5521 1116 5581 posterorum
1141 5514 1261 5584 ejus
1288 5515 1529 5584 peccatis
1555 5515 1841 5571 lacessitus
1859 5515 1953 5569 sit.
1978 5515 2047 5568 At
2066 5514 2234 5577 enim,
2259 5514 2356 5577 ait,

2453 4595 2555 4648 Διὰ
2594 4593 2771 4646 τοῦτο
2828 4591 3294 4661 ἀφαιρεθήσεται
3327 4590 3367 4657 ἡ
3397 4590 3617 4658 ἀνομία
3661 4589 3892 4643 Ἰακώϐ.
3940 4590 4051 4645 Διά

2453 4685 2633 4739 τοῦτο
2687 4686 2838 4735 ποῖον
2869 4700 2884 4747 ;
2935 4681 3124 4752 ἐπειδὴ
3147 4681 3265 4750 "oux
3304 4680 3379 4742 ὡς
3407 4679 3573 4742 αὐτὸς
3602 4680 3840 4743 ἀνεῖλεν,
3869 4679 4049 4743 οὓτως

2456 4776 2906 4847 ἀναιρεθήσεται.
2951 4774 3167 4844 ’Λνήσει
3191 4772 3301 4843 γὰρ
3335 4772 3432 4824 καὶ
3462 4769 3614 4840 αὑτῷ
3644 4771 3788 4823 κατά
3817 4772 4050 4839 καιροὺς

2457 4867 2526 4920 τά
2557 4866 2866 4936 ὀφλήματα.
2918 4865 3029 4917 Καὶ
3058 4862 3218 4917 τοῦτό
3258 4866 3405 4917 ἐστιν
3462 4863 3500 4929 ἡ
3530 4862 3779 4930 εὐλογία
3832 4861 4051 4916 αὐτοῦ.

2462 4959 2525 5013 Εἰ
2555 4958 2663 5028 γὰρ
2698 4957 2900 5028 ἀπῄτει
2944 4954 3080 5027 πρὸς
3118 4953 3275 5021 ἀξίαν
3303 4951 3401 5024 τὴν
3424 4952 3603 5020 δίκην,
3639 4951 3739 5005 οὐκ
3780 4951 3847 5004 ἂν
3898 4950 4057 5021 ἔργῳ

2462 5048 2700 5120 προῆλθε
2731 5048 2790 5101 τὸ
2818 5047 2982 5118 ῥηθὲν
3024 5045 3295 5117 Ἀϐραὰμ,
3331 5042 3613 5112 «Εὐλογῶν
3642 5041 3929 5112 εὐλογήσω
3958 5059 4052 5107 σε,

2460 5146 2554 5199 καὶ
2584 5143 2877 5213 πληθύνων
2923 5139 3181 5210 πληθυνῶ
3242 5156 3324 5204 σε,
3360 5156 3378 5190 ι
3422 5137 3659 5191 τοσαῦτα
3708 5136 4056 5206 πεπλημμε-

2460 5237 2701 5308 ληκὸτων
2764 5235 2873 5288 τῶν
2922 5234 2979 5300 ἐξ
3034 5232 3220 5287 αὑτοῦ.
3284 5232 3424 5284 Πότε
3469 5230 3548 5297 δὲ,
3577 5218 3762 5298 φησιν,
3805 5228 3908 5301 ἔσῃ
3934 5229 4052 5281 τῶν

2459 5326 2955 5395 πλημμελημάτων
3013 5323 3339 5392 ἑλεὺθεροςς
3386 5321 3485 5397 ,ὅτε
3550 5321 3600 5373 οι
3661 5319 3749 5372 διά
3805 5319 4053 5379 πίστεως

2462 5419 2790 5489 κεκλημένοι
2809 5420 2910 5487 τῆς
2937 5417 3170 5485 ἀρχαίας
3202 5410 3785 5483 καταστρατεύσωνται
3811 5408 4049 5479 πλάνης,

2466 5513 2574 5564 πᾶν
2611 5511 2779 5579 αὐτῆς
2826 5508 3199 5575 ἐξαλείφοντες
3256 5504 3528 5573 λείψανον,
3564 5500 3874 5571 συμφώνως
3929 5504 4054 5563 τοῖς

846 5717 891 5749 ⁵⁸
926 5716 1077 5771 Jean.
1115 5734 1164 5779 κ,
1202 5720 1284 5775 15.
1365 5722 1409 5751 ³⁸⁸
1436 5721 1576 5774 Psal.
1614 5737 1800 5785 LXXII,
1833 5723 1915 5775 H.
1984 5722 2059 5750 ‘5'
2094 5720 2257 5774 Matth
2311 5733 2453 5780 ww,
2495 5715 2542 5767 3'

2356 5734 2453 5780 xw,
2495 5715 2577 5767 37.
2631 5714 2669 5743 ⁸⁷
2701 5712 2796 5765 lsu.
2837 5728 2887 5770 Χ,
2926 5710 2984 5762 ﬁl
3019 5727 3031 5762 ;
3069 5709 3224 5763 Rom.
3269 5725 3342 5771 Ix,
3378 5707 3474 5770 9.7;
3503 5705 3649 5768 “,5.
3728 5703 3773 5735 ’θ
3800 5704 4052 5771 Act.vu,

781 5787 871 5840 5:3.
949 5790 991 5816 “"
1026 5788 1153 5841 Luc.
1194 5792 1423 5843 1HL53.
1501 5794 1542 5815 ""
1572 5794 1707 5845 lien.
1742 5810 1849 5847 xw.
1899 5793 1957 5845 i0
