  <div class='ocr_page' id='page_1' title='image "/cluster/home/n/w/nwhite01/storage/ocr_20150623/87 pt.2/nnc1.0046980296/410.png"; bbox 0 0 4284 6440; ppageno 0'>
   <div class='ocr_carea' id='block_1_1' title="bbox 279 410 422 476">
    <p class='ocr_par' dir='ltr' id='par_1_1' title="bbox 279 410 422 476">
     <span class='ocr_line' id='line_1_1' title="bbox 279 410 422 476; baseline -0.028 -8"><span class='ocrx_word' id='word_1_1' title='bbox 279 410 422 476; x_wconf 69' lang='lat' dir='ltr'><strong>S312}</strong></span> 
     </span>
    </p>
   </div>
   <div class='ocr_carea' id='block_1_2' title="bbox 1462 396 2418 459">
    <p class='ocr_par' dir='ltr' id='par_1_2' title="bbox 1462 396 2418 459">
     <span class='ocr_line' id='line_1_2' title="bbox 1462 396 2418 459; baseline -0.004 -4"><span class='ocrx_word' id='word_1_2' title='bbox 1462 396 1989 459; x_wconf 74' lang='lat' dir='ltr'><strong>(IOMMENTAIH-I</strong></span> <span class='ocrx_word' id='word_1_3' title='bbox 2022 396 2101 454; x_wconf 82' lang='grc' dir='ltr'><strong>ΙΝ</strong></span> <span class='ocrx_word' id='word_1_4' title='bbox 2138 396 2418 453; x_wconf 71' lang='lat' dir='ltr'><strong>ISAIAM.</strong></span> 
     </span>
    </p>
   </div>
   <div class='ocr_carea' id='block_1_3' title="bbox 3398 384 3537 446">
    <p class='ocr_par' dir='ltr' id='par_1_3' title="bbox 3398 384 3537 446">
     <span class='ocr_line' id='line_1_3' title="bbox 3398 384 3537 446; baseline 0.014 -2"><span class='ocrx_word' id='word_1_5' title='bbox 3398 384 3537 446; x_wconf 62' lang='lat'><strong>2:114</strong></span> 
     </span>
    </p>
   </div>
   <div class='ocr_carea' id='block_1_4' title="bbox 352 495 2044 581">
    <p class='ocr_par' dir='ltr' id='par_1_4' title="bbox 352 505 2044 581">
     <span class='ocr_line' id='line_1_4' title="bbox 352 505 2044 581; baseline -0.005 -14"><span class='ocrx_word' id='word_1_6' title='bbox 352 510 685 581; x_wconf 78' lang='grc' dir='ltr'>Δυστρόπως</span> <span class='ocrx_word' id='word_1_7' title='bbox 707 510 760 561; x_wconf 75' lang='grc' dir='ltr'>δὲ</span> <span class='ocrx_word' id='word_1_8' title='bbox 799 510 1168 576; x_wconf 75' lang='grc' dir='ltr'>συλλογιζεται</span> <span class='ocrx_word' id='word_1_9' title='bbox 1201 508 1275 578; x_wconf 73' lang='grc' dir='ltr'><strong>μὴ</strong></span> <span class='ocrx_word' id='word_1_10' title='bbox 1304 510 1437 561; x_wconf 77' lang='grc' dir='ltr'>Θεοῦ</span> <span class='ocrx_word' id='word_1_11' title='bbox 1461 511 1628 579; x_wconf 73' lang='grc' dir='ltr'>χωρὶς</span> <span class='ocrx_word' id='word_1_12' title='bbox 1651 509 1859 560; x_wconf 77' lang='grc' dir='ltr'>ἐπιέναι</span> <span class='ocrx_word' id='word_1_13' title='bbox 1889 512 1935 566; x_wconf 77' lang='grc' dir='ltr'><strong>Α</strong></span> <span class='ocrx_word' id='word_1_14' title='bbox 2035 505 2044 558; x_wconf 72' lang='grc'><strong>1</strong></span> 
     </span>
    </p>
   </div>
   <div class='ocr_carea' id='block_1_5' title="bbox 1842 495 3534 581">
    <p class='ocr_par' dir='ltr' id='par_1_5' title="bbox 1843 495 3534 566">
     <span class='ocr_line' id='line_1_5' title="bbox 1843 495 3534 566; baseline -0.007 -9"><span class='ocrx_word' id='word_1_15' title='bbox 1843 524 1859 557; x_wconf 90' lang='grc' dir='ltr'><strong>ι</strong></span> <span class='ocrx_word' id='word_1_16' title='bbox 1889 512 1935 566; x_wconf 76' lang='grc' dir='ltr'><strong>Α</strong></span> <span class='ocrx_word' id='word_1_17' title='bbox 2035 505 2171 558; x_wconf 76' lang='lat' dir='ltr'><strong>Male</strong></span> <span class='ocrx_word' id='word_1_18' title='bbox 2200 514 2378 557; x_wconf 88' lang='lat' dir='ltr'><strong>autem</strong></span> <span class='ocrx_word' id='word_1_19' title='bbox 2400 516 2506 555; x_wconf 87' lang='lat' dir='ltr'><strong>non</strong></span> <span class='ocrx_word' id='word_1_20' title='bbox 2522 502 2638 554; x_wconf 85' lang='lat' dir='ltr'><strong>sine</strong></span> <span class='ocrx_word' id='word_1_21' title='bbox 2662 500 2750 553; x_wconf 82' lang='lat' dir='ltr'><strong>Dei</strong></span> <span class='ocrx_word' id='word_1_22' title='bbox 2780 499 3006 551; x_wconf 88' lang='lat' dir='ltr'><strong>numine</strong></span> <span class='ocrx_word' id='word_1_23' title='bbox 3030 496 3307 550; x_wconf 80' lang='lat' dir='ltr'><strong>civitatem</strong></span> <span class='ocrx_word' id='word_1_24' title='bbox 3332 495 3534 547; x_wconf 75' lang='lat' dir='ltr'><strong>adoriri</strong></span> 
     </span>
    </p>
   </div>
   <div class='ocr_carea' id='block_1_6' title="bbox 275 598 1865 674">
    <p class='ocr_par' dir='ltr' id='par_1_6' title="bbox 275 598 1865 674">
     <span class='ocr_line' id='line_1_6' title="bbox 275 598 1865 674; baseline -0.004 -18"><span class='ocrx_word' id='word_1_25' title='bbox 275 607 343 674; x_wconf 71' lang='grc' dir='ltr'>τῇ</span> <span class='ocrx_word' id='word_1_26' title='bbox 372 603 525 656; x_wconf 82' lang='grc' dir='ltr'>πόλει</span> <span class='ocrx_word' id='word_1_27' title='bbox 559 602 730 669; x_wconf 75' lang='grc' dir='ltr'>λέγων</span> <span class='ocrx_word' id='word_1_28' title='bbox 764 619 778 633; x_wconf 80' lang='lat'>&#39;</span> <span class='ocrx_word' id='word_1_29' title='bbox 822 602 882 653; x_wconf 76' lang='grc' dir='ltr'><strong>Εἰ</strong></span> <span class='ocrx_word' id='word_1_30' title='bbox 916 602 1088 670; x_wconf 82' lang='grc' dir='ltr'>μέγας</span> <span class='ocrx_word' id='word_1_31' title='bbox 1134 603 1271 663; x_wconf 69' lang='grc' dir='ltr'>ἐστὶ,</span> <span class='ocrx_word' id='word_1_32' title='bbox 1306 602 1399 653; x_wconf 71' lang='grc' dir='ltr'><strong>καὶ</strong></span> <span class='ocrx_word' id='word_1_33' title='bbox 1448 602 1545 670; x_wconf 76' lang='grc' dir='ltr'>τῆς</span> <span class='ocrx_word' id='word_1_34' title='bbox 1604 598 1865 660; x_wconf 80' lang='grc' dir='ltr'>Ἰουδαίας</span> 
     </span>
    </p>
   </div>
   <div class='ocr_carea' id='block_1_7' title="bbox 277 693 1863 766">
    <p class='ocr_par' dir='ltr' id='par_1_7' title="bbox 277 693 1863 766">
     <span class='ocr_line' id='line_1_7' title="bbox 277 693 1863 766; baseline -0.005 -16"><span class='ocrx_word' id='word_1_35' title='bbox 277 698 613 766; x_wconf 81' lang='grc' dir='ltr'>ὑπερμαχεῖ,</span> <span class='ocrx_word' id='word_1_36' title='bbox 655 694 687 764; x_wconf 85' lang='grc' dir='ltr'>ἢ</span> <span class='ocrx_word' id='word_1_37' title='bbox 754 694 827 764; x_wconf 77' lang='grc' dir='ltr'><strong>μὴ</strong></span> <span class='ocrx_word' id='word_1_38' title='bbox 883 693 1127 756; x_wconf 75' lang='grc' dir='ltr'>θέλοντος</span> <span class='ocrx_word' id='word_1_39' title='bbox 1176 696 1456 763; x_wconf 72' lang='grc' dir='ltr'>ἐπέὁημεν</span> <span class='ocrx_word' id='word_1_40' title='bbox 1512 694 1739 763; x_wconf 70' lang='grc' dir='ltr'>ταύτης,</span> <span class='ocrx_word' id='word_1_41' title='bbox 1774 693 1863 743; x_wconf 63' lang='grc' dir='ltr'>καὲ</span> 
     </span>
    </p>
   </div>
   <div class='ocr_carea' id='block_1_8' title="bbox 280 784 1846 857">
    <p class='ocr_par' dir='ltr' id='par_1_8' title="bbox 280 784 1846 857">
     <span class='ocr_line' id='line_1_8' title="bbox 280 784 1846 857; baseline -0.003 -15"><span class='ocrx_word' id='word_1_42' title='bbox 280 790 404 850; x_wconf 78' lang='grc' dir='ltr'><strong>πῶς</strong></span> <span class='ocrx_word' id='word_1_43' title='bbox 457 791 605 841; x_wconf 77' lang='grc' dir='ltr'>ἐστιν</span> <span class='ocrx_word' id='word_1_44' title='bbox 648 787 909 856; x_wconf 76' lang='grc' dir='ltr'>ἰσχυρὸςς</span> <span class='ocrx_word' id='word_1_45' title='bbox 963 787 994 857; x_wconf 82' lang='grc' dir='ltr'><strong>ἢ</strong></span> <span class='ocrx_word' id='word_1_46' title='bbox 1051 785 1376 855; x_wconf 68' lang='grc' dir='ltr'>βουλομένου</span> <span class='ocrx_word' id='word_1_47' title='bbox 1428 784 1846 854; x_wconf 73' lang='grc' dir='ltr'>παρεγενόμεθσ.</span> 
     </span>
    </p>
   </div>
   <div class='ocr_carea' id='block_1_9' title="bbox 277 873 1868 945">
    <p class='ocr_par' dir='ltr' id='par_1_9' title="bbox 277 873 1868 945">
     <span class='ocr_line' id='line_1_9' title="bbox 277 873 1868 945; baseline -0.006 -13"><span class='ocrx_word' id='word_1_48' title='bbox 277 878 378 932; x_wconf 75' lang='grc' dir='ltr'>καὶ</span> <span class='ocrx_word' id='word_1_49' title='bbox 405 877 593 945; x_wconf 82' lang='grc' dir='ltr'>ῶσπερ</span> <span class='ocrx_word' id='word_1_50' title='bbox 625 875 735 926; x_wconf 85' lang='grc' dir='ltr'><strong>τῶν</strong></span> <span class='ocrx_word' id='word_1_51' title='bbox 758 874 955 937; x_wconf 72' lang='grc' dir='ltr'>ἄλλων,</span> <span class='ocrx_word' id='word_1_52' title='bbox 987 876 1083 926; x_wconf 76' lang='grc' dir='ltr'><strong>καὶ</strong></span> <span class='ocrx_word' id='word_1_53' title='bbox 1113 874 1316 942; x_wconf 73' lang='grc' dir='ltr'>ταύτης</span> <span class='ocrx_word' id='word_1_54' title='bbox 1346 874 1715 943; x_wconf 76' lang='grc' dir='ltr'>κρατήσομεν.</span> <span class='ocrx_word' id='word_1_55' title='bbox 1744 873 1868 923; x_wconf 82' lang='grc' dir='ltr'>Τοι-</span> 
     </span>
    </p>
   </div>
   <div class='ocr_carea' id='block_1_10' title="bbox 278 965 1870 1038">
    <p class='ocr_par' dir='ltr' id='par_1_10' title="bbox 278 965 1870 1038">
     <span class='ocr_line' id='line_1_10' title="bbox 278 965 1870 1038; baseline -0.004 -17"><span class='ocrx_word' id='word_1_56' title='bbox 278 968 490 1038; x_wconf 89' lang='grc' dir='ltr'>γαροῦν</span> <span class='ocrx_word' id='word_1_57' title='bbox 529 968 625 1020; x_wconf 76' lang='grc' dir='ltr'><strong>καὶ</strong></span> <span class='ocrx_word' id='word_1_58' title='bbox 678 967 771 1018; x_wconf 69' lang='grc' dir='ltr'>τὸν</span> <span class='ocrx_word' id='word_1_59' title='bbox 814 966 1028 1034; x_wconf 75' lang='grc' dir='ltr'>Ἰσραὴλ</span> <span class='ocrx_word' id='word_1_60' title='bbox 1083 966 1345 1033; x_wconf 57' lang='grc' dir='ltr'>ἀδελφοὺς</span> <span class='ocrx_word' id='word_1_61' title='bbox 1388 966 1547 1027; x_wconf 75' lang='grc' dir='ltr'>ὄντας</span> <span class='ocrx_word' id='word_1_62' title='bbox 1572 965 1870 1033; x_wconf 77' lang='grc' dir='ltr'>ὑμετέρους</span> 
     </span>
    </p>
   </div>
   <div class='ocr_carea' id='block_1_11' title="bbox 281 1053 1871 1128">
    <p class='ocr_par' dir='ltr' id='par_1_11' title="bbox 281 1053 1871 1128">
     <span class='ocr_line' id='line_1_11' title="bbox 281 1053 1871 1128; baseline -0.004 -15"><span class='ocrx_word' id='word_1_63' title='bbox 281 1056 701 1128; x_wconf 66' lang='grc' dir='ltr'><strong>ἐχειρωσάμεθα</strong></span> <span class='ocrx_word' id='word_1_64' title='bbox 729 1094 743 1119; x_wconf 88' lang='grc'><strong>,</strong></span> <span class='ocrx_word' id='word_1_65' title='bbox 798 1056 936 1124; x_wconf 81' lang='grc' dir='ltr'>πρὸς</span> <span class='ocrx_word' id='word_1_66' title='bbox 965 1054 1041 1125; x_wconf 84' lang='grc' dir='ltr'><strong>τῷ</strong></span> <span class='ocrx_word' id='word_1_67' title='bbox 1077 1056 1152 1125; x_wconf 83' lang='grc' dir='ltr'>μὴ</span> <span class='ocrx_word' id='word_1_68' title='bbox 1208 1053 1389 1122; x_wconf 80' lang='grc' dir='ltr'>λέγειν</span> <span class='ocrx_word' id='word_1_69' title='bbox 1434 1056 1600 1123; x_wconf 75' lang='grc' dir='ltr'>ὑμᾶς,</span> <span class='ocrx_word' id='word_1_70' title='bbox 1634 1055 1709 1118; x_wconf 84' lang='grc' dir='ltr'>ὡς</span> <span class='ocrx_word' id='word_1_71' title='bbox 1743 1056 1871 1118; x_wconf 73' lang='grc' dir='ltr'>τοὺς</span> 
     </span>
    </p>
   </div>
   <div class='ocr_carea' id='block_1_12' title="bbox 282 1138 1872 1216">
    <p class='ocr_par' dir='ltr' id='par_1_12' title="bbox 282 1138 1872 1216">
     <span class='ocr_line' id='line_1_12' title="bbox 282 1138 1872 1216; baseline -0.001 -16"><span class='ocrx_word' id='word_1_72' title='bbox 282 1138 481 1210; x_wconf 78' lang='grc' dir='ltr'>ἄλλους</span> <span class='ocrx_word' id='word_1_73' title='bbox 510 1149 538 1199; x_wconf 84' lang='grc' dir='ltr'>ὁ</span> <span class='ocrx_word' id='word_1_74' title='bbox 566 1147 698 1210; x_wconf 80' lang='grc' dir='ltr'>Θεὸς</span> <span class='ocrx_word' id='word_1_75' title='bbox 734 1148 807 1216; x_wconf 82' lang='grc' dir='ltr'>μὴ</span> <span class='ocrx_word' id='word_1_76' title='bbox 837 1148 996 1206; x_wconf 77' lang='grc' dir='ltr'>ὄντας</span> <span class='ocrx_word' id='word_1_77' title='bbox 1028 1146 1191 1198; x_wconf 84' lang='grc' dir='ltr'>αὑτοῦ</span> <span class='ocrx_word' id='word_1_78' title='bbox 1218 1146 1872 1214; x_wconf 79' lang='grc' dir='ltr'>παραδέδωκεν.’Λγνοῶν</span> 
     </span>
    </p>
   </div>
   <div class='ocr_carea' id='block_1_13' title="bbox 280 1235 1871 1307">
    <p class='ocr_par' dir='ltr' id='par_1_13' title="bbox 280 1235 1871 1307">
     <span class='ocr_line' id='line_1_13' title="bbox 280 1235 1871 1307; baseline -0.002 -15"><span class='ocrx_word' id='word_1_79' title='bbox 280 1240 361 1302; x_wconf 84' lang='grc' dir='ltr'><strong>ὡς</strong></span> <span class='ocrx_word' id='word_1_80' title='bbox 382 1241 478 1292; x_wconf 80' lang='grc' dir='ltr'>καὶ</span> <span class='ocrx_word' id='word_1_81' title='bbox 512 1237 728 1307; x_wconf 83' lang='grc' dir='ltr'>Ἰσραὴλ</span> <span class='ocrx_word' id='word_1_82' title='bbox 757 1237 1227 1306; x_wconf 81' lang='grc' dir='ltr'>εἰδωλολατρήσας</span> <span class='ocrx_word' id='word_1_83' title='bbox 1255 1236 1392 1289; x_wconf 84' lang='grc' dir='ltr'>Θεοῦ</span> <span class='ocrx_word' id='word_1_84' title='bbox 1418 1236 1688 1306; x_wconf 78' lang='grc' dir='ltr'><strong>προῆλθεν</strong></span> <span class='ocrx_word' id='word_1_85' title='bbox 1713 1235 1871 1289; x_wconf 83' lang='grc' dir='ltr'>ἀλλό-</span> 
     </span>
    </p>
   </div>
   <div class='ocr_carea' id='block_1_14' title="bbox 283 1326 1871 1398">
    <p class='ocr_par' dir='ltr' id='par_1_14' title="bbox 283 1326 1871 1398">
     <span class='ocr_line' id='line_1_14' title="bbox 283 1326 1871 1398; baseline -0.001 -16"><span class='ocrx_word' id='word_1_86' title='bbox 283 1345 462 1398; x_wconf 81' lang='grc' dir='ltr'>τριος.</span> <span class='ocrx_word' id='word_1_87' title='bbox 491 1328 659 1396; x_wconf 78' lang='grc' dir='ltr'>Δῆλον</span> <span class='ocrx_word' id='word_1_88' title='bbox 676 1328 754 1393; x_wconf 84' lang='grc' dir='ltr'><strong>δὲ,</strong></span> <span class='ocrx_word' id='word_1_89' title='bbox 785 1329 969 1393; x_wconf 74' lang='grc' dir='ltr'>φασὶν,</span> <span class='ocrx_word' id='word_1_90' title='bbox 1000 1328 1049 1379; x_wconf 88' lang='grc' dir='ltr'><strong>εί</strong></span> <span class='ocrx_word' id='word_1_91' title='bbox 1081 1326 1143 1390; x_wconf 77' lang='grc' dir='ltr'>ἐξ</span> <span class='ocrx_word' id='word_1_92' title='bbox 1165 1328 1389 1380; x_wconf 79' lang='grc' dir='ltr'><strong>εἰκότων</strong></span> <span class='ocrx_word' id='word_1_93' title='bbox 1414 1327 1570 1394; x_wconf 80' lang='grc' dir='ltr'>ἔλεγε</span> <span class='ocrx_word' id='word_1_94' title='bbox 1599 1326 1871 1391; x_wconf 82' lang='grc' dir='ltr'>ταῦτα,ἐκ</span> 
     </span>
    </p>
   </div>
   <div class='ocr_carea' id='block_1_15' title="bbox 284 1418 1873 1489">
    <p class='ocr_par' dir='ltr' id='par_1_15' title="bbox 284 1418 1873 1489">
     <span class='ocr_line' id='line_1_15' title="bbox 284 1418 1873 1489; baseline -0.002 -15"><span class='ocrx_word' id='word_1_95' title='bbox 284 1421 383 1474; x_wconf 89' lang='grc' dir='ltr'><strong>τοῦ</strong></span> <span class='ocrx_word' id='word_1_96' title='bbox 406 1421 626 1489; x_wconf 77' lang='grc' dir='ltr'>νικῆσαι</span> <span class='ocrx_word' id='word_1_97' title='bbox 656 1420 750 1472; x_wconf 83' lang='grc' dir='ltr'><strong>τὸν</strong></span> <span class='ocrx_word' id='word_1_98' title='bbox 783 1418 1000 1489; x_wconf 82' lang='grc' dir='ltr'>Ἰσραὴλ</span> <span class='ocrx_word' id='word_1_99' title='bbox 1028 1419 1156 1471; x_wconf 73' lang='grc' dir='ltr'>λαὸν</span> <span class='ocrx_word' id='word_1_100' title='bbox 1177 1418 1304 1471; x_wconf 82' lang='grc' dir='ltr'>ὄντα</span> <span class='ocrx_word' id='word_1_101' title='bbox 1325 1418 1489 1487; x_wconf 73' lang='grc' dir='ltr'>δῆθεν</span> <span class='ocrx_word' id='word_1_102' title='bbox 1523 1418 1681 1481; x_wconf 85' lang='grc' dir='ltr'>Θεοῦ,</span> <span class='ocrx_word' id='word_1_103' title='bbox 1717 1420 1749 1489; x_wconf 84' lang='grc' dir='ltr'>ἢ</span> <span class='ocrx_word' id='word_1_104' title='bbox 1780 1420 1873 1472; x_wconf 76' lang='grc' dir='ltr'>καὶ</span> 
     </span>
    </p>
   </div>
   <div class='ocr_carea' id='block_1_16' title="bbox 285 1514 1876 1587">
    <p class='ocr_par' dir='ltr' id='par_1_16' title="bbox 285 1514 1876 1587">
     <span class='ocr_line' id='line_1_16' title="bbox 285 1514 1876 1587; baseline -0.001 -18"><span class='ocrx_word' id='word_1_105' title='bbox 285 1518 489 1587; x_wconf 74' lang='grc' dir='ltr'>ᾔσθετο</span> <span class='ocrx_word' id='word_1_106' title='bbox 540 1516 677 1569; x_wconf 88' lang='grc' dir='ltr'>Θεοῦ</span> <span class='ocrx_word' id='word_1_107' title='bbox 738 1517 853 1578; x_wconf 89' lang='grc' dir='ltr'>τοῖς</span> <span class='ocrx_word' id='word_1_108' title='bbox 911 1514 1079 1568; x_wconf 85' lang='grc' dir='ltr'>αὐτοῦ</span> <span class='ocrx_word' id='word_1_109' title='bbox 1148 1515 1430 1584; x_wconf 78' lang='grc' dir='ltr'><strong>λογισμοῖς</strong></span> <span class='ocrx_word' id='word_1_110' title='bbox 1480 1515 1876 1578; x_wconf 77' lang='grc' dir='ltr'>ῦποὸἁλλοντος</span> 
     </span>
    </p>
   </div>
   <div class='ocr_carea' id='block_1_17' title="bbox 288 1606 1877 1680">
    <p class='ocr_par' dir='ltr' id='par_1_17' title="bbox 288 1606 1877 1680">
     <span class='ocr_line' id='line_1_17' title="bbox 288 1606 1877 1680; baseline -0.002 -15"><span class='ocrx_word' id='word_1_111' title='bbox 288 1612 540 1665; x_wconf 76' lang='grc' dir='ltr'><strong>ἐπελθεῖν</strong></span> <span class='ocrx_word' id='word_1_112' title='bbox 577 1610 850 1671; x_wconf 71' lang='grc' dir='ltr'>Ἰουδαίοις</span> <span class='ocrx_word' id='word_1_113' title='bbox 875 1610 961 1662; x_wconf 76' lang='grc' dir='ltr'>διὰ</span> <span class='ocrx_word' id='word_1_114' title='bbox 979 1610 1078 1672; x_wconf 78' lang='grc' dir='ltr'>τὰς</span> <span class='ocrx_word' id='word_1_115' title='bbox 1108 1611 1335 1663; x_wconf 81' lang='grc' dir='ltr'><strong>ἐκείνων</strong></span> <span class='ocrx_word' id='word_1_116' title='bbox 1358 1612 1723 1680; x_wconf 79' lang='grc' dir='ltr'><strong>παρανομίας.</strong></span> <span class='ocrx_word' id='word_1_117' title='bbox 1744 1606 1877 1663; x_wconf 75' lang='grc' dir='ltr'>Εἶτα</span> 
     </span>
    </p>
   </div>
   <div class='ocr_carea' id='block_1_18' title="bbox 290 1701 1878 1776">
    <p class='ocr_par' dir='ltr' id='par_1_18' title="bbox 290 1701 1878 1776">
     <span class='ocr_line' id='line_1_18' title="bbox 290 1701 1878 1776; baseline -0.003 -18"><span class='ocrx_word' id='word_1_118' title='bbox 290 1707 554 1776; x_wconf 79' lang='grc' dir='ltr'>παραινεί</span> <span class='ocrx_word' id='word_1_119' title='bbox 611 1703 691 1772; x_wconf 86' lang='grc' dir='ltr'>τῷ</span> <span class='ocrx_word' id='word_1_120' title='bbox 747 1702 862 1771; x_wconf 84' lang='grc' dir='ltr'>λαῷ</span> <span class='ocrx_word' id='word_1_121' title='bbox 892 1702 1230 1772; x_wconf 80' lang='grc' dir='ltr'>παραδοῦναι</span> <span class='ocrx_word' id='word_1_122' title='bbox 1282 1701 1380 1771; x_wconf 81' lang='grc' dir='ltr'>τὴν</span> <span class='ocrx_word' id='word_1_123' title='bbox 1434 1702 1609 1766; x_wconf 74' lang='grc' dir='ltr'>πόλιν,</span> <span class='ocrx_word' id='word_1_124' title='bbox 1666 1702 1759 1754; x_wconf 73' lang='grc' dir='ltr'><strong>καὶ</strong></span> <span class='ocrx_word' id='word_1_125' title='bbox 1780 1701 1878 1773; x_wconf 76' lang='grc' dir='ltr'><strong>τὴν</strong></span> 
     </span>
    </p>
   </div>
   <div class='ocr_carea' id='block_1_19' title="bbox 287 1793 1880 1865">
    <p class='ocr_par' dir='ltr' id='par_1_19' title="bbox 287 1793 1880 1865">
     <span class='ocr_line' id='line_1_19' title="bbox 287 1793 1880 1865; baseline -0.002 -17"><span class='ocrx_word' id='word_1_126' title='bbox 287 1797 579 1865; x_wconf 77' lang='grc' dir='ltr'>διαϐόητον</span> <span class='ocrx_word' id='word_1_127' title='bbox 609 1796 706 1847; x_wconf 53' lang='grc' dir='ltr'><strong>καὶ¹</strong></span> <span class='ocrx_word' id='word_1_128' title='bbox 736 1795 865 1864; x_wconf 75' lang='grc' dir='ltr'>παρ’</span> <span class='ocrx_word' id='word_1_129' title='bbox 895 1795 1079 1856; x_wconf 78' lang='grc' dir='ltr'>αὐτοῖς</span> <span class='ocrx_word' id='word_1_130' title='bbox 1119 1793 1364 1856; x_wconf 75' lang='grc' dir='ltr'>Ἐζεκίου</span> <span class='ocrx_word' id='word_1_131' title='bbox 1397 1793 1653 1864; x_wconf 84' lang='grc' dir='ltr'>καθαιρεῖ</span> <span class='ocrx_word' id='word_1_132' title='bbox 1697 1793 1880 1846; x_wconf 80' lang='grc' dir='ltr'>θεοσέ-</span> 
     </span>
    </p>
   </div>
   <div class='ocr_carea' id='block_1_20' title="bbox 291 1885 1878 1955">
    <p class='ocr_par' dir='ltr' id='par_1_20' title="bbox 291 1885 1878 1955">
     <span class='ocr_line' id='line_1_20' title="bbox 291 1885 1878 1955; baseline 0 -16"><span class='ocrx_word' id='word_1_133' title='bbox 291 1888 469 1940; x_wconf 76' lang='grc' dir='ltr'>δειαν.</span> <span class='ocrx_word' id='word_1_134' title='bbox 512 1886 624 1940; x_wconf 78' lang='grc' dir='ltr'>Καὶ</span> <span class='ocrx_word' id='word_1_135' title='bbox 657 1888 769 1939; x_wconf 85' lang='grc' dir='ltr'>ἄνω</span> <span class='ocrx_word' id='word_1_136' title='bbox 797 1885 853 1937; x_wconf 82' lang='grc' dir='ltr'><strong>δὲ</strong></span> <span class='ocrx_word' id='word_1_137' title='bbox 883 1886 1243 1955; x_wconf 82' lang='grc' dir='ltr'>συνέκρουσεν</span> <span class='ocrx_word' id='word_1_138' title='bbox 1270 1885 1456 1949; x_wconf 69' lang='grc' dir='ltr'>αὐτὸν,</span> <span class='ocrx_word' id='word_1_139' title='bbox 1486 1886 1561 1947; x_wconf 87' lang='grc' dir='ltr'><strong>ῶς</strong></span> <span class='ocrx_word' id='word_1_140' title='bbox 1590 1887 1878 1939; x_wconf 70' lang='grc' dir='ltr'>καθελόν-</span> 
     </span>
    </p>
   </div>
   <div class='ocr_carea' id='block_1_21' title="bbox 292 1974 1880 2048">
    <p class='ocr_par' dir='ltr' id='par_1_21' title="bbox 292 1974 1880 2048">
     <span class='ocr_line' id='line_1_21' title="bbox 292 1974 1880 2048; baseline 0.001 -18"><span class='ocrx_word' id='word_1_141' title='bbox 292 1996 369 2033; x_wconf 82' lang='grc' dir='ltr'><strong>τα</strong></span> <span class='ocrx_word' id='word_1_142' title='bbox 400 1978 473 2031; x_wconf 80' lang='grc' dir='ltr'>τὰ</span> <span class='ocrx_word' id='word_1_143' title='bbox 504 1978 739 2046; x_wconf 70' lang='grc' dir='ltr'>ὑψηλὰ,</span> <span class='ocrx_word' id='word_1_144' title='bbox 773 1974 853 2041; x_wconf 76' lang='grc' dir='ltr'>οἷς</span> <span class='ocrx_word' id='word_1_145' title='bbox 880 1977 1022 2045; x_wconf 73' lang='grc' dir='ltr'>ἔγνω</span> <span class='ocrx_word' id='word_1_146' title='bbox 1064 1978 1205 2031; x_wconf 70' lang='grc' dir='ltr'>κατὰ</span> <span class='ocrx_word' id='word_1_147' title='bbox 1247 1978 1345 2048; x_wconf 81' lang='grc' dir='ltr'><strong>τὴν</strong></span> <span class='ocrx_word' id='word_1_148' title='bbox 1380 1977 1555 2046; x_wconf 53' lang='lat' dir='ltr'><strong>&quot;Ala:</strong></span> <span class='ocrx_word' id='word_1_149' title='bbox 1605 1978 1880 2047; x_wconf 87' lang='grc' dir='ltr'>βασιλείαν</span> 
     </span>
    </p>
   </div>
   <div class='ocr_carea' id='block_1_22' title="bbox 292 2064 1882 2142">
    <p class='ocr_par' dir='ltr' id='par_1_22' title="bbox 292 2064 1882 2142">
     <span class='ocr_line' id='line_1_22' title="bbox 292 2064 1882 2142; baseline -0.001 -17"><span class='ocrx_word' id='word_1_150' title='bbox 292 2073 555 2142; x_wconf 82' lang='grc' dir='ltr'>χαίροντα</span> <span class='ocrx_word' id='word_1_151' title='bbox 596 2071 689 2122; x_wconf 67' lang='grc' dir='ltr'>τὸν</span> <span class='ocrx_word' id='word_1_152' title='bbox 720 2070 848 2123; x_wconf 79' lang='grc' dir='ltr'>λαὸν</span> <span class='ocrx_word' id='word_1_153' title='bbox 874 2069 1010 2122; x_wconf 87' lang='grc' dir='ltr'>Θεοῦ</span> <span class='ocrx_word' id='word_1_154' title='bbox 1046 2070 1284 2139; x_wconf 77' lang='grc' dir='ltr'>νομίζων</span> <span class='ocrx_word' id='word_1_155' title='bbox 1314 2070 1473 2123; x_wconf 74' lang='grc' dir='ltr'>αὐτά.</span> <span class='ocrx_word' id='word_1_156' title='bbox 1519 2064 1652 2123; x_wconf 75' lang='grc' dir='ltr'>Εἶτα</span> <span class='ocrx_word' id='word_1_157' title='bbox 1693 2070 1882 2123; x_wconf 84' lang='grc' dir='ltr'>συλλο-</span> 
     </span>
    </p>
   </div>
   <div class='ocr_carea' id='block_1_23' title="bbox 293 2162 1883 2233">
    <p class='ocr_par' dir='ltr' id='par_1_23' title="bbox 293 2162 1883 2233">
     <span class='ocr_line' id='line_1_23' title="bbox 293 2162 1883 2233; baseline -0.001 -16"><span class='ocrx_word' id='word_1_158' title='bbox 293 2166 534 2233; x_wconf 74' lang='grc' dir='ltr'>γίζεται,</span> <span class='ocrx_word' id='word_1_159' title='bbox 574 2164 648 2226; x_wconf 82' lang='grc' dir='ltr'>ὡς</span> <span class='ocrx_word' id='word_1_160' title='bbox 676 2166 723 2216; x_wconf 84' lang='grc' dir='ltr'><strong>εί</strong></span> <span class='ocrx_word' id='word_1_161' title='bbox 756 2165 883 2223; x_wconf 78' lang='grc' dir='ltr'>τοὺς</span> <span class='ocrx_word' id='word_1_162' title='bbox 926 2162 1123 2225; x_wconf 80' lang='grc' dir='ltr'>ἄλλους</span> <span class='ocrx_word' id='word_1_163' title='bbox 1156 2163 1255 2215; x_wconf 72' lang='grc' dir='ltr'><strong>οὐκ</strong></span> <span class='ocrx_word' id='word_1_164' title='bbox 1284 2162 1497 2215; x_wconf 80' lang='grc' dir='ltr'>ἔσωσαν</span> <span class='ocrx_word' id='word_1_165' title='bbox 1522 2165 1571 2215; x_wconf 84' lang='grc' dir='ltr'>οἱ</span> <span class='ocrx_word' id='word_1_166' title='bbox 1601 2164 1733 2225; x_wconf 72' lang='grc' dir='ltr'>θεοὶ,</span> <span class='ocrx_word' id='word_1_167' title='bbox 1764 2164 1883 2215; x_wconf 75' lang='grc' dir='ltr'>οὐδὲ</span> 
     </span>
    </p>
   </div>
   <div class='ocr_carea' id='block_1_24' title="bbox 294 2255 1883 2321">
    <p class='ocr_par' dir='ltr' id='par_1_24' title="bbox 294 2255 1883 2321">
     <span class='ocr_line' id='line_1_24' title="bbox 294 2255 1883 2321; baseline -0.001 -12"><span class='ocrx_word' id='word_1_168' title='bbox 294 2259 406 2309; x_wconf 68' lang='grc' dir='ltr'><strong>τὸν</strong></span> <span class='ocrx_word' id='word_1_169' title='bbox 456 2256 683 2309; x_wconf 75' lang='grc' dir='ltr'>Ἰούδαν</span> <span class='ocrx_word' id='word_1_170' title='bbox 718 2257 753 2309; x_wconf 88' lang='grc' dir='ltr'><strong><em>ὁ</em></strong></span> <span class='ocrx_word' id='word_1_171' title='bbox 786 2256 1021 2321; x_wconf 81' lang='grc' dir='ltr'>Κύριος,</span> <span class='ocrx_word' id='word_1_172' title='bbox 1054 2255 1206 2308; x_wconf 77' lang='grc' dir='ltr'>οὐδὲν</span> <span class='ocrx_word' id='word_1_173' title='bbox 1229 2256 1335 2309; x_wconf 83' lang='grc' dir='ltr'><strong>τῶν</strong></span> <span class='ocrx_word' id='word_1_174' title='bbox 1365 2256 1540 2309; x_wconf 82' lang='grc' dir='ltr'>ἄλλων</span> <span class='ocrx_word' id='word_1_175' title='bbox 1582 2256 1743 2309; x_wconf 70' lang='grc' dir='ltr'>αὐτὸν</span> <span class='ocrx_word' id='word_1_176' title='bbox 1773 2255 1883 2308; x_wconf 77' lang='grc' dir='ltr'>διαι</span> 
     </span>
    </p>
   </div>
   <div class='ocr_carea' id='block_1_25' title="bbox 294 2347 1886 2418">
    <p class='ocr_par' dir='ltr' id='par_1_25' title="bbox 294 2347 1886 2418">
     <span class='ocr_line' id='line_1_25' title="bbox 294 2347 1886 2418; baseline 0 -18"><span class='ocrx_word' id='word_1_177' title='bbox 294 2348 488 2418; x_wconf 79' lang='grc' dir='ltr'>φέρειν</span> <span class='ocrx_word' id='word_1_178' title='bbox 511 2348 781 2416; x_wconf 77' lang='grc' dir='ltr'>οἰόμενος.</span> <span class='ocrx_word' id='word_1_179' title='bbox 816 2348 962 2418; x_wconf 77' lang='grc' dir='ltr'>Πρὸς</span> <span class='ocrx_word' id='word_1_180' title='bbox 1010 2347 1045 2400; x_wconf 84' lang='grc' dir='ltr'>ἃ</span> <span class='ocrx_word' id='word_1_181' title='bbox 1082 2347 1317 2416; x_wconf 77' lang='grc' dir='ltr'>ρηθέντα</span> <span class='ocrx_word' id='word_1_182' title='bbox 1356 2347 1497 2400; x_wconf 84' lang='grc' dir='ltr'>κατὰ</span> <span class='ocrx_word' id='word_1_183' title='bbox 1556 2348 1886 2417; x_wconf 79' lang='grc' dir='ltr'>πρόσταγμα</span> 
     </span>
    </p>
   </div>
   <div class='ocr_carea' id='block_1_26' title="bbox 298 2438 1885 2508">
    <p class='ocr_par' dir='ltr' id='par_1_26' title="bbox 298 2438 1885 2508">
     <span class='ocr_line' id='line_1_26' title="bbox 298 2438 1885 2508; baseline 0.002 -18"><span class='ocrx_word' id='word_1_184' title='bbox 298 2439 499 2505; x_wconf 81' lang='grc' dir='ltr'>σιγῶσι</span> <span class='ocrx_word' id='word_1_185' title='bbox 532 2438 835 2506; x_wconf 67' lang='grc' dir='ltr'>βασιλικόν.</span> <span class='ocrx_word' id='word_1_186' title='bbox 893 2438 1147 2500; x_wconf 77' lang='grc' dir='ltr'>Εὐσεὸῶς</span> <span class='ocrx_word' id='word_1_187' title='bbox 1194 2439 1304 2508; x_wconf 77' lang='grc' dir='ltr'><strong>γὰρ</strong></span> <span class='ocrx_word' id='word_1_188' title='bbox 1343 2440 1453 2491; x_wconf 79' lang='grc' dir='ltr'>οὐκ</span> <span class='ocrx_word' id='word_1_189' title='bbox 1501 2440 1885 2506; x_wconf 71' lang='grc' dir='ltr'>ἀποκρίνεται</span> 
     </span>
    </p>
   </div>
   <div class='ocr_carea' id='block_1_27' title="bbox 301 2527 1887 2599">
    <p class='ocr_par' dir='ltr' id='par_1_27' title="bbox 301 2527 1887 2599">
     <span class='ocr_line' id='line_1_27' title="bbox 301 2527 1887 2599; baseline 0.002 -20"><span class='ocrx_word' id='word_1_190' title='bbox 301 2527 658 2597; x_wconf 77' lang='grc' dir='ltr'>βλασφήμης,</span> <span class='ocrx_word' id='word_1_191' title='bbox 696 2530 817 2581; x_wconf 75' lang='grc' dir='ltr'>ἀντὶ</span> <span class='ocrx_word' id='word_1_192' title='bbox 850 2529 925 2591; x_wconf 82' lang='grc' dir='ltr'>ὡς</span> <span class='ocrx_word' id='word_1_193' title='bbox 959 2529 1031 2598; x_wconf 77' lang='grc' dir='ltr'><strong>μὴ</strong></span> <span class='ocrx_word' id='word_1_194' title='bbox 1062 2528 1086 2567; x_wconf 59' lang='grc' dir='ltr'><strong><em>κ</em></strong></span> <span class='ocrx_word' id='word_1_195' title='bbox 1122 2529 1259 2599; x_wconf 80' lang='grc' dir='ltr'>πρὸς</span> <span class='ocrx_word' id='word_1_196' title='bbox 1305 2527 1463 2581; x_wconf 86' lang='grc' dir='ltr'>τοῦτο</span> <span class='ocrx_word' id='word_1_197' title='bbox 1497 2528 1758 2597; x_wconf 78' lang='grc' dir='ltr'>μειζόνως</span> <span class='ocrx_word' id='word_1_198' title='bbox 1793 2531 1887 2583; x_wconf 79' lang='grc' dir='ltr'>αὑ-</span> 
     </span>
    </p>
   </div>
   <div class='ocr_carea' id='block_1_28' title="bbox 297 2618 1889 2691">
    <p class='ocr_par' dir='ltr' id='par_1_28' title="bbox 297 2618 1889 2691">
     <span class='ocr_line' id='line_1_28' title="bbox 297 2618 1889 2691; baseline 0.002 -20"><span class='ocrx_word' id='word_1_199' title='bbox 297 2620 394 2671; x_wconf 71' lang='grc' dir='ltr'>τὸν</span> <span class='ocrx_word' id='word_1_200' title='bbox 432 2619 754 2687; x_wconf 87' lang='grc' dir='ltr'>ὲρεθίσειεν,</span> <span class='ocrx_word' id='word_1_201' title='bbox 816 2618 974 2671; x_wconf 72' lang='grc' dir='ltr'>Κατὰ</span> <span class='ocrx_word' id='word_1_202' title='bbox 1030 2618 1112 2682; x_wconf 79' lang='grc' dir='ltr'>τὸ,</span> <span class='ocrx_word' id='word_1_203' title='bbox 1158 2636 1176 2669; x_wconf 85' lang='grc' dir='ltr'><strong>ι</strong></span> <span class='ocrx_word' id='word_1_204' title='bbox 1233 2618 1323 2688; x_wconf 81' lang='grc' dir='ltr'><strong>Μὴ</strong></span> <span class='ocrx_word' id='word_1_205' title='bbox 1374 2619 1559 2672; x_wconf 82' lang='grc' dir='ltr'>ἕκκαιε</span> <span class='ocrx_word' id='word_1_206' title='bbox 1610 2620 1889 2691; x_wconf 81' lang='grc' dir='ltr'>ἄνθρακας</span> 
     </span>
    </p>
   </div>
   <div class='ocr_carea' id='block_1_29' title="bbox 300 2710 1891 2783">
    <p class='ocr_par' dir='ltr' id='par_1_29' title="bbox 300 2710 1891 2783">
     <span class='ocr_line' id='line_1_29' title="bbox 300 2710 1891 2783; baseline 0 -18"><span class='ocrx_word' id='word_1_207' title='bbox 300 2710 657 2781; x_wconf 85' lang='grc' dir='ltr'>ἀμαρτωλοῦ.</span> <span class='ocrx_word' id='word_1_208' title='bbox 702 2730 719 2762; x_wconf 84' lang='grc' dir='ltr'><strong>ι</strong></span> <span class='ocrx_word' id='word_1_209' title='bbox 762 2710 867 2763; x_wconf 73' lang='grc' dir='ltr'><strong>Καὶ</strong></span> <span class='ocrx_word' id='word_1_210' title='bbox 899 2711 1156 2780; x_wconf 76' lang='grc' dir='ltr'>ἀνόνητον</span> <span class='ocrx_word' id='word_1_211' title='bbox 1186 2710 1241 2763; x_wconf 78' lang='grc' dir='ltr'><strong>δὲ</strong></span> <span class='ocrx_word' id='word_1_212' title='bbox 1278 2714 1387 2773; x_wconf 76' lang='grc' dir='ltr'>τοῖς</span> <span class='ocrx_word' id='word_1_213' title='bbox 1421 2712 1612 2764; x_wconf 83' lang='grc' dir='ltr'>ἀνίατα</span> <span class='ocrx_word' id='word_1_214' title='bbox 1652 2714 1751 2783; x_wconf 78' lang='grc' dir='ltr'><strong>τὴν</strong></span> <span class='ocrx_word' id='word_1_215' title='bbox 1788 2712 1891 2781; x_wconf 62' lang='grc' dir='ltr'><strong>ψυ-</strong></span> 
     </span>
    </p>
   </div>
   <div class='ocr_carea' id='block_1_30' title="bbox 302 2801 1633 2873">
    <p class='ocr_par' dir='ltr' id='par_1_30' title="bbox 302 2801 1633 2873">
     <span class='ocr_line' id='line_1_30' title="bbox 302 2801 1633 2873; baseline 0.001 -18"><span class='ocrx_word' id='word_1_216' title='bbox 302 2804 412 2873; x_wconf 80' lang='grc' dir='ltr'><strong>χὴν</strong></span> <span class='ocrx_word' id='word_1_217' title='bbox 441 2801 661 2855; x_wconf 80' lang='grc' dir='ltr'>νοσοῦσι</span> <span class='ocrx_word' id='word_1_218' title='bbox 693 2802 1201 2871; x_wconf 79' lang='grc' dir='ltr'>προσδιαλέγεσθαι,</span> <span class='ocrx_word' id='word_1_219' title='bbox 1243 2804 1377 2871; x_wconf 61' lang='grc' dir='ltr'>πρὸς</span> <span class='ocrx_word' id='word_1_220' title='bbox 1427 2804 1521 2867; x_wconf 79' lang='grc' dir='ltr'><strong>οῦς</strong></span> <span class='ocrx_word' id='word_1_221' title='bbox 1552 2805 1633 2857; x_wconf 83' lang='grc' dir='ltr'><strong>δεῖ</strong></span> 
     </span>
    </p>
   </div>
   <div class='ocr_carea' id='block_1_31' title="bbox 304 2894 1893 2965">
    <p class='ocr_par' dir='ltr' id='par_1_31' title="bbox 304 2894 1893 2965">
     <span class='ocr_line' id='line_1_31' title="bbox 304 2894 1893 2965; baseline 0.003 -20"><span class='ocrx_word' id='word_1_222' title='bbox 304 2895 437 2964; x_wconf 87' lang='grc' dir='ltr'>χθαι</span> <span class='ocrx_word' id='word_1_223' title='bbox 465 2896 533 2964; x_wconf 82' lang='grc' dir='ltr'>τῇ</span> <span class='ocrx_word' id='word_1_224' title='bbox 571 2896 771 2964; x_wconf 76' lang='grc' dir='ltr'>σιωπῇ,</span> <span class='ocrx_word' id='word_1_225' title='bbox 801 2894 1147 2960; x_wconf 82' lang='grc' dir='ltr'>κρύπτοντας</span> <span class='ocrx_word' id='word_1_226' title='bbox 1177 2894 1277 2963; x_wconf 73' lang='grc' dir='ltr'><strong>μὲν</strong></span> <span class='ocrx_word' id='word_1_227' title='bbox 1305 2895 1432 2957; x_wconf 74' lang='grc' dir='ltr'>τοὺς</span> <span class='ocrx_word' id='word_1_228' title='bbox 1454 2896 1675 2964; x_wconf 80' lang='grc' dir='ltr'>ἀληθεῖς</span> <span class='ocrx_word' id='word_1_229' title='bbox 1703 2897 1893 2965; x_wconf 78' lang='grc' dir='ltr'>λόγους</span> 
     </span>
    </p>
   </div>
   <div class='ocr_carea' id='block_1_32' title="bbox 306 2983 1893 3053">
    <p class='ocr_par' dir='ltr' id='par_1_32' title="bbox 306 2983 1893 3053">
     <span class='ocr_line' id='line_1_32' title="bbox 306 2983 1893 3053; baseline 0 -16"><span class='ocrx_word' id='word_1_230' title='bbox 306 2987 368 3037; x_wconf 78' lang='grc' dir='ltr'><strong>ὲν</strong></span> <span class='ocrx_word' id='word_1_231' title='bbox 401 2986 636 3046; x_wconf 80' lang='grc' dir='ltr'>ἑαυτοῖς,</span> <span class='ocrx_word' id='word_1_232' title='bbox 666 2984 1064 3053; x_wconf 76' lang='grc' dir='ltr'>περιμένοντας</span> <span class='ocrx_word' id='word_1_233' title='bbox 1084 2984 1140 3035; x_wconf 81' lang='grc' dir='ltr'>δὲ</span> <span class='ocrx_word' id='word_1_234' title='bbox 1164 2983 1265 3052; x_wconf 83' lang='grc' dir='ltr'><strong>τὴν</strong></span> <span class='ocrx_word' id='word_1_235' title='bbox 1287 2984 1349 3035; x_wconf 85' lang='grc' dir='ltr'>ὲκ</span> <span class='ocrx_word' id='word_1_236' title='bbox 1369 2983 1502 3035; x_wconf 84' lang='grc' dir='ltr'>Θεοῦ</span> <span class='ocrx_word' id='word_1_237' title='bbox 1529 2984 1669 3036; x_wconf 75' lang='grc' dir='ltr'>κατὰ</span> <span class='ocrx_word' id='word_1_238' title='bbox 1690 2985 1893 3037; x_wconf 74' lang='grc' dir='ltr'>τούτων</span> 
     </span>
    </p>
   </div>
   <div class='ocr_carea' id='block_1_33' title="bbox 307 3074 1893 3147">
    <p class='ocr_par' dir='ltr' id='par_1_33' title="bbox 307 3074 1893 3147">
     <span class='ocr_line' id='line_1_33' title="bbox 307 3074 1893 3147; baseline 0.001 -19"><span class='ocrx_word' id='word_1_239' title='bbox 307 3075 573 3144; x_wconf 73' lang='grc' dir='ltr'>εὔκαιρον</span> <span class='ocrx_word' id='word_1_240' title='bbox 604 3075 841 3144; x_wconf 78' lang='grc' dir='ltr'>κίνησιν.</span> <span class='ocrx_word' id='word_1_241' title='bbox 875 3075 951 3127; x_wconf 78' lang='grc' dir='ltr'><strong>υὺ</strong></span> <span class='ocrx_word' id='word_1_242' title='bbox 986 3075 1123 3143; x_wconf 78' lang='grc' dir='ltr'>πρὸς</span> <span class='ocrx_word' id='word_1_243' title='bbox 1152 3076 1300 3144; x_wconf 67' lang='grc' dir='ltr'>ἡμᾶς</span> <span class='ocrx_word' id='word_1_244' title='bbox 1330 3075 1440 3146; x_wconf 74' lang='grc' dir='ltr'><strong>γὰρ</strong></span> <span class='ocrx_word' id='word_1_245' title='bbox 1474 3074 1573 3138; x_wconf 83' lang='grc' dir='ltr'>ἔτι,</span> <span class='ocrx_word' id='word_1_246' title='bbox 1603 3077 1741 3147; x_wconf 67' lang='grc' dir='ltr'>πρὸς</span> <span class='ocrx_word' id='word_1_247' title='bbox 1762 3078 1893 3129; x_wconf 74' lang='grc' dir='ltr'>Θεὸν</span> 
     </span>
    </p>
   </div>
   <div class='ocr_carea' id='block_1_34' title="bbox 1682 2808 1925 2875">
    <p class='ocr_par' dir='ltr' id='par_1_34' title="bbox 1682 2808 1925 2875">
     <span class='ocr_line' id='line_1_34' title="bbox 1682 2808 1925 2875; baseline 0.008 -18"><span class='ocrx_word' id='word_1_248' title='bbox 1682 2808 1892 2875; x_wconf 66' lang='grc' dir='ltr'>πεφρά-</span> <span class='ocrx_word' id='word_1_249' title='bbox 1922 2858 1925 2859; x_wconf 65' lang='lat'>,</span> 
     </span>
    </p>
   </div>
   <div class='ocr_carea' id='block_1_35' title="bbox 1969 590 3538 664">
    <p class='ocr_par' dir='ltr' id='par_1_35' title="bbox 1969 590 3538 664">
     <span class='ocr_line' id='line_1_35' title="bbox 1969 590 3538 664; baseline -0.008 -15"><span class='ocrx_word' id='word_1_250' title='bbox 1969 610 2027 649; x_wconf 90' lang='lat' dir='ltr'><strong>se</strong></span> <span class='ocrx_word' id='word_1_251' title='bbox 2088 595 2299 664; x_wconf 74' lang='lat' dir='ltr'><strong>colligit</strong></span> <span class='ocrx_word' id='word_1_252' title='bbox 2353 594 2406 646; x_wconf 85' lang='lat' dir='ltr'><strong>in</strong></span> <span class='ocrx_word' id='word_1_253' title='bbox 2467 593 2612 645; x_wconf 90' lang='lat' dir='ltr'><strong>hunc</strong></span> <span class='ocrx_word' id='word_1_254' title='bbox 2668 593 2927 645; x_wconf 87' lang='lat' dir='ltr'><strong>modum:</strong></span> <span class='ocrx_word' id='word_1_255' title='bbox 2966 590 3019 642; x_wconf 85' lang='lat' dir='ltr'><strong>Si</strong></span> <span class='ocrx_word' id='word_1_256' title='bbox 3070 602 3301 656; x_wconf 79' lang='lat' dir='ltr'><strong>magnus</strong></span> <span class='ocrx_word' id='word_1_257' title='bbox 3337 592 3441 645; x_wconf 86' lang='lat' dir='ltr'><strong>est,</strong></span> <span class='ocrx_word' id='word_1_258' title='bbox 3486 595 3538 637; x_wconf 71' lang='lat' dir='ltr'><strong>rt</strong></span> 
     </span>
    </p>
   </div>
   <div class='ocr_carea' id='block_1_36' title="bbox 1969 682 3539 747">
    <p class='ocr_par' dir='ltr' id='par_1_36' title="bbox 1969 682 3539 747">
     <span class='ocr_line' id='line_1_36' title="bbox 1969 682 3539 747; baseline -0.006 -7"><span class='ocrx_word' id='word_1_259' title='bbox 1969 686 2211 740; x_wconf 69' lang='lat' dir='ltr'><strong>.ludamn</strong></span> <span class='ocrx_word' id='word_1_260' title='bbox 2243 693 2424 739; x_wconf 83' lang='lat' dir='ltr'><strong>tuetur</strong></span> <span class='ocrx_word' id='word_1_261' title='bbox 2456 724 2469 747; x_wconf 95' lang='lat'><strong>,</strong></span> <span class='ocrx_word' id='word_1_262' title='bbox 2528 693 2623 737; x_wconf 75' lang='lat' dir='ltr'><strong>aut</strong></span> <span class='ocrx_word' id='word_1_263' title='bbox 2683 700 2749 739; x_wconf 90' lang='lat' dir='ltr'><strong>eo</strong></span> <span class='ocrx_word' id='word_1_264' title='bbox 2786 686 3004 737; x_wconf 81' lang='lat' dir='ltr'><strong>nolente</strong></span> <span class='ocrx_word' id='word_1_265' title='bbox 3056 682 3302 735; x_wconf 86' lang='lat' dir='ltr'><strong>eamdem</strong></span> <span class='ocrx_word' id='word_1_266' title='bbox 3349 694 3539 732; x_wconf 88' lang='lat' dir='ltr'><strong>sumus</strong></span> 
     </span>
    </p>
   </div>
   <div class='ocr_carea' id='block_1_37' title="bbox 1972 766 3539 841">
    <p class='ocr_par' dir='ltr' id='par_1_37' title="bbox 1972 766 3539 841">
     <span class='ocr_line' id='line_1_37' title="bbox 1972 766 3539 841; baseline -0.007 -13"><span class='ocrx_word' id='word_1_267' title='bbox 1972 776 2173 836; x_wconf 75' lang='lat' dir='ltr'><strong>adciti,</strong></span> <span class='ocrx_word' id='word_1_268' title='bbox 2237 782 2289 827; x_wconf 92' lang='lat' dir='ltr'><strong>et</strong></span> <span class='ocrx_word' id='word_1_269' title='bbox 2349 773 2494 826; x_wconf 88' lang='lat' dir='ltr'><strong>nulla</strong></span> <span class='ocrx_word' id='word_1_270' title='bbox 2556 781 2641 825; x_wconf 84' lang='lat' dir='ltr'><strong>est</strong></span> <span class='ocrx_word' id='word_1_271' title='bbox 2697 772 2818 841; x_wconf 83' lang='lat' dir='ltr'><strong>ejus</strong></span> <span class='ocrx_word' id='word_1_272' title='bbox 2865 772 3145 841; x_wconf 77' lang='lat' dir='ltr'><strong>polentia:</strong></span> <span class='ocrx_word' id='word_1_273' title='bbox 3205 777 3299 822; x_wconf 85' lang='lat' dir='ltr'><strong>aut</strong></span> <span class='ocrx_word' id='word_1_274' title='bbox 3350 766 3539 821; x_wconf 82' lang='lat' dir='ltr'><strong>eodem</strong></span> 
     </span>
    </p>
   </div>
   <div class='ocr_carea' id='block_1_38' title="bbox 1970 858 3540 931">
    <p class='ocr_par' dir='ltr' id='par_1_38' title="bbox 1970 858 3540 931">
     <span class='ocr_line' id='line_1_38' title="bbox 1970 858 3540 931; baseline -0.002 -17"><span class='ocrx_word' id='word_1_275' title='bbox 1970 865 2188 918; x_wconf 85' lang='lat' dir='ltr'><strong>volente</strong></span> <span class='ocrx_word' id='word_1_276' title='bbox 2221 862 2593 923; x_wconf 84' lang='lat' dir='ltr'><strong>accessimus.</strong></span> <span class='ocrx_word' id='word_1_277' title='bbox 2629 873 2683 915; x_wconf 93' lang='lat' dir='ltr'><strong>et</strong></span> <span class='ocrx_word' id='word_1_278' title='bbox 2708 863 2894 916; x_wconf 86' lang='lat' dir='ltr'><strong>eadem</strong></span> <span class='ocrx_word' id='word_1_279' title='bbox 2929 876 3148 931; x_wconf 87' lang='lat' dir='ltr'><strong>quoque</strong></span> <span class='ocrx_word' id='word_1_280' title='bbox 3171 902 3186 924; x_wconf 92' lang='lat'><strong>,</strong></span> <span class='ocrx_word' id='word_1_281' title='bbox 3224 860 3366 914; x_wconf 88' lang='lat' dir='ltr'><strong>sicut</strong></span> <span class='ocrx_word' id='word_1_282' title='bbox 3396 858 3540 920; x_wconf 86' lang='lat' dir='ltr'><strong>aliis,</strong></span> 
     </span>
    </p>
   </div>
   <div class='ocr_carea' id='block_1_39' title="bbox 1973 951 3546 1025">
    <p class='ocr_par' dir='ltr' id='par_1_39' title="bbox 1973 951 3546 1025">
     <span class='ocr_line' id='line_1_39' title="bbox 1973 951 3546 1025; baseline -0.005 -15"><span class='ocrx_word' id='word_1_283' title='bbox 1973 957 2269 1025; x_wconf 88' lang='lat' dir='ltr'><strong>potiemur.</strong></span> <span class='ocrx_word' id='word_1_284' title='bbox 2293 954 2481 1023; x_wconf 85' lang='lat' dir='ltr'><strong>ltaquc</strong></span> <span class='ocrx_word' id='word_1_285' title='bbox 2511 963 2565 1007; x_wconf 91' lang='lat' dir='ltr'><strong>et</strong></span> <span class='ocrx_word' id='word_1_286' title='bbox 2602 953 2854 1007; x_wconf 87' lang='lat' dir='ltr'><strong>Israelem</strong></span> <span class='ocrx_word' id='word_1_287' title='bbox 2883 955 3106 1007; x_wconf 80' lang='lat' dir='ltr'><strong>fratrem</strong></span> <span class='ocrx_word' id='word_1_288' title='bbox 3132 959 3374 1007; x_wconf 85' lang='lat' dir='ltr'><strong>vestrum</strong></span> <span class='ocrx_word' id='word_1_289' title='bbox 3400 951 3546 1006; x_wconf 86' lang='lat' dir='ltr'><strong>bello</strong></span> 
     </span>
    </p>
   </div>
   <div class='ocr_carea' id='block_1_40' title="bbox 1976 1042 3545 1116">
    <p class='ocr_par' dir='ltr' id='par_1_40' title="bbox 1976 1042 3545 1116">
     <span class='ocr_line' id='line_1_40' title="bbox 1976 1042 3545 1116; baseline -0.004 -15"><span class='ocrx_word' id='word_1_290' title='bbox 1976 1056 2292 1116; x_wconf 88' lang='lat' dir='ltr'><strong>superatum</strong></span> <span class='ocrx_word' id='word_1_291' title='bbox 2330 1045 2605 1116; x_wconf 84' lang='lat' dir='ltr'><strong>captivum</strong></span> <span class='ocrx_word' id='word_1_292' title='bbox 2630 1044 3029 1102; x_wconf 72' lang='lat' dir='ltr'><strong>habemuszne</strong></span> <span class='ocrx_word' id='word_1_293' title='bbox 3083 1043 3220 1097; x_wconf 86' lang='lat' dir='ltr'><strong>alios</strong></span> <span class='ocrx_word' id='word_1_294' title='bbox 3277 1042 3409 1111; x_wconf 84' lang='lat' dir='ltr'><strong>jam,</strong></span> <span class='ocrx_word' id='word_1_295' title='bbox 3451 1042 3545 1111; x_wconf 88' lang='lat' dir='ltr'><strong>qui</strong></span> 
     </span>
    </p>
   </div>
   <div class='ocr_carea' id='block_1_41' title="bbox 1977 1130 3547 1197">
    <p class='ocr_par' dir='ltr' id='par_1_41' title="bbox 1977 1130 3547 1197">
     <span class='ocr_line' id='line_1_41' title="bbox 1977 1130 3547 1197; baseline -0.008 -2"><span class='ocrx_word' id='word_1_296' title='bbox 1977 1140 2062 1195; x_wconf 87' lang='lat' dir='ltr'><strong>sui</strong></span> <span class='ocrx_word' id='word_1_297' title='bbox 2121 1154 2228 1191; x_wconf 90' lang='lat' dir='ltr'><strong>non</strong></span> <span class='ocrx_word' id='word_1_298' title='bbox 2276 1145 2479 1197; x_wconf 86' lang='lat' dir='ltr'><strong>essent,</strong></span> <span class='ocrx_word' id='word_1_299' title='bbox 2540 1136 2707 1189; x_wconf 81' lang='lat' dir='ltr'><strong>Deum</strong></span> <span class='ocrx_word' id='word_1_300' title='bbox 2758 1132 3055 1187; x_wconf 76' lang='lat' dir='ltr'><strong>tradidisse</strong></span> <span class='ocrx_word' id='word_1_301' title='bbox 3117 1131 3378 1186; x_wconf 85' lang='lat' dir='ltr'><strong>alIeratis.</strong></span> <span class='ocrx_word' id='word_1_302' title='bbox 3441 1130 3547 1183; x_wconf 91' lang='lat' dir='ltr'><strong>Sed</strong></span> 
     </span>
    </p>
   </div>
   <div class='ocr_carea' id='block_1_42' title="bbox 1979 1224 3548 1299">
    <p class='ocr_par' dir='ltr' id='par_1_42' title="bbox 1979 1224 3548 1299">
     <span class='ocr_line' id='line_1_42' title="bbox 1979 1224 3548 1299; baseline -0.008 -12"><span class='ocrx_word' id='word_1_303' title='bbox 1979 1232 2238 1287; x_wconf 90' lang='lat' dir='ltr'><strong>lsraelem</strong></span> <span class='ocrx_word' id='word_1_304' title='bbox 2260 1231 2374 1299; x_wconf 88' lang='lat' dir='ltr'><strong>jam</strong></span> <span class='ocrx_word' id='word_1_305' title='bbox 2399 1244 2428 1283; x_wconf 89' lang='lat' dir='ltr'><strong>a</strong></span> <span class='ocrx_word' id='word_1_306' title='bbox 2459 1229 2594 1291; x_wconf 86' lang='lat' dir='ltr'><strong>Deo,</strong></span> <span class='ocrx_word' id='word_1_307' title='bbox 2620 1236 2842 1298; x_wconf 81' lang='lat' dir='ltr'><strong>prepter</strong></span> <span class='ocrx_word' id='word_1_308' title='bbox 2872 1226 3270 1290; x_wconf 83' lang='lat' dir='ltr'><strong>idololatriam,</strong></span> <span class='ocrx_word' id='word_1_309' title='bbox 3307 1224 3548 1279; x_wconf 87' lang='lat' dir='ltr'><strong>alienum</strong></span> 
     </span>
    </p>
   </div>
   <div class='ocr_carea' id='block_1_43' title="bbox 1979 1316 3549 1391">
    <p class='ocr_par' dir='ltr' id='par_1_43' title="bbox 1979 1316 3549 1391">
     <span class='ocr_line' id='line_1_43' title="bbox 1979 1316 3549 1391; baseline -0.008 -12"><span class='ocrx_word' id='word_1_310' title='bbox 1979 1326 2155 1379; x_wconf 77' lang='lat' dir='ltr'><strong>fuisse</strong></span> <span class='ocrx_word' id='word_1_311' title='bbox 2185 1321 2496 1391; x_wconf 83' lang='lat' dir='ltr'><strong>ignorabat.</strong></span> <span class='ocrx_word' id='word_1_312' title='bbox 2536 1320 2696 1375; x_wconf 84' lang='lat' dir='ltr'><strong>Patet</strong></span> <span class='ocrx_word' id='word_1_313' title='bbox 2734 1335 2889 1384; x_wconf 88' lang='lat' dir='ltr'><strong>vero,</strong></span> <span class='ocrx_word' id='word_1_314' title='bbox 2921 1318 3100 1380; x_wconf 89' lang='lat' dir='ltr'><strong>aiunt,</strong></span> <span class='ocrx_word' id='word_1_315' title='bbox 3153 1319 3198 1372; x_wconf 92' lang='lat' dir='ltr'><strong>si</strong></span> <span class='ocrx_word' id='word_1_316' title='bbox 3248 1317 3317 1371; x_wconf 90' lang='lat' dir='ltr'><strong>ab</strong></span> <span class='ocrx_word' id='word_1_317' title='bbox 3346 1331 3412 1369; x_wconf 86' lang='lat' dir='ltr'><strong>eo</strong></span> <span class='ocrx_word' id='word_1_318' title='bbox 3445 1316 3549 1368; x_wconf 85' lang='lat' dir='ltr'><strong>ista</strong></span> 
     </span>
    </p>
   </div>
   <div class='ocr_carea' id='block_1_44' title="bbox 1979 1404 3551 1477">
    <p class='ocr_par' dir='ltr' id='par_1_44' title="bbox 1979 1404 3551 1477">
     <span class='ocr_line' id='line_1_44' title="bbox 1979 1404 3551 1477; baseline -0.01 -6"><span class='ocrx_word' id='word_1_319' title='bbox 1979 1420 2353 1471; x_wconf 87' lang='lat' dir='ltr'><strong>consentauee</strong></span> <span class='ocrx_word' id='word_1_320' title='bbox 2378 1411 2661 1470; x_wconf 87' lang='lat' dir='ltr'><strong>dicuntur,</strong></span> <span class='ocrx_word' id='word_1_321' title='bbox 2701 1424 2763 1463; x_wconf 83' lang='lat' dir='ltr'><strong>ex</strong></span> <span class='ocrx_word' id='word_1_322' title='bbox 2789 1422 2900 1477; x_wconf 89' lang='lat' dir='ltr'><strong>quo</strong></span> <span class='ocrx_word' id='word_1_323' title='bbox 2922 1407 3175 1461; x_wconf 89' lang='lat' dir='ltr'><strong>lsraclem</strong></span> <span class='ocrx_word' id='word_1_324' title='bbox 3214 1407 3392 1473; x_wconf 88' lang='lat' dir='ltr'><strong>ipsum</strong></span> <span class='ocrx_word' id='word_1_325' title='bbox 3416 1446 3429 1465; x_wconf 86' lang='grc'><strong>,</strong></span> <span class='ocrx_word' id='word_1_326' title='bbox 3458 1404 3551 1458; x_wconf 87' lang='lat' dir='ltr'><strong>Dei</strong></span> 
     </span>
    </p>
   </div>
   <div class='ocr_carea' id='block_1_45' title="bbox 1980 1497 3554 1579">
    <p class='ocr_par' dir='ltr' id='par_1_45' title="bbox 1980 1497 3554 1579">
     <span class='ocr_line' id='line_1_45' title="bbox 1980 1497 3554 1579; baseline -0.008 -17"><span class='ocrx_word' id='word_1_327' title='bbox 1980 1508 2242 1579; x_wconf 82' lang='lat' dir='ltr'><strong>pepulum</strong></span> <span class='ocrx_word' id='word_1_328' title='bbox 2302 1504 2551 1566; x_wconf 90' lang='lat' dir='ltr'><strong>scilicet,</strong></span> <span class='ocrx_word' id='word_1_329' title='bbox 2617 1500 2962 1570; x_wconf 75' lang='lat' dir='ltr'><strong>subiugavit,</strong></span> <span class='ocrx_word' id='word_1_330' title='bbox 3020 1498 3106 1553; x_wconf 93' lang='lat' dir='ltr'><strong>vel</strong></span> <span class='ocrx_word' id='word_1_331' title='bbox 3174 1498 3279 1551; x_wconf 90' lang='lat' dir='ltr'><strong>hoc</strong></span> <span class='ocrx_word' id='word_1_332' title='bbox 3349 1497 3554 1551; x_wconf 83' lang='lat' dir='ltr'><strong>sentire</strong></span> 
     </span>
    </p>
   </div>
   <div class='ocr_carea' id='block_1_46' title="bbox 1979 1586 3554 1662">
    <p class='ocr_par' dir='ltr' id='par_1_46' title="bbox 1979 1586 3554 1662">
     <span class='ocr_line' id='line_1_46' title="bbox 1979 1586 3554 1662; baseline -0.011 -8"><span class='ocrx_word' id='word_1_333' title='bbox 1979 1600 2168 1662; x_wconf 91' lang='lat' dir='ltr'><strong>etiam,</strong></span> <span class='ocrx_word' id='word_1_334' title='bbox 2196 1596 2365 1650; x_wconf 91' lang='lat' dir='ltr'><strong>Deum</strong></span> <span class='ocrx_word' id='word_1_335' title='bbox 2403 1594 2509 1649; x_wconf 87' lang='lat' dir='ltr'><strong>sibi</strong></span> <span class='ocrx_word' id='word_1_336' title='bbox 2535 1600 2593 1646; x_wconf 92' lang='lat' dir='ltr'><strong>ut</strong></span> <span class='ocrx_word' id='word_1_337' title='bbox 2619 1591 2836 1645; x_wconf 67' lang='lat' dir='ltr'><strong>Judmos</strong></span> <span class='ocrx_word' id='word_1_338' title='bbox 2870 1598 3095 1659; x_wconf 82' lang='lat' dir='ltr'><strong>propter</strong></span> <span class='ocrx_word' id='word_1_339' title='bbox 3127 1602 3317 1641; x_wconf 88' lang='lat' dir='ltr'><strong>eorum</strong></span> <span class='ocrx_word' id='word_1_340' title='bbox 3350 1586 3554 1641; x_wconf 77' lang='lat' dir='ltr'><strong>scelera</strong></span> 
     </span>
    </p>
   </div>
   <div class='ocr_carea' id='block_1_47' title="bbox 1982 1678 3557 1750">
    <p class='ocr_par' dir='ltr' id='par_1_47' title="bbox 1982 1678 3557 1750">
     <span class='ocr_line' id='line_1_47' title="bbox 1982 1678 3557 1750; baseline -0.008 -6"><span class='ocrx_word' id='word_1_341' title='bbox 1982 1691 2283 1750; x_wconf 82' lang='lat' dir='ltr'><strong>adoriatur,</strong></span> <span class='ocrx_word' id='word_1_342' title='bbox 2319 1686 2644 1740; x_wconf 90' lang='lat' dir='ltr'><strong>inanimum</strong></span> <span class='ocrx_word' id='word_1_343' title='bbox 2699 1682 2981 1735; x_wconf 70' lang='lat' dir='ltr'><strong>inducere.</strong></span> <span class='ocrx_word' id='word_1_344' title='bbox 3037 1678 3243 1733; x_wconf 87' lang='lat' dir='ltr'><strong>Deinde</strong></span> <span class='ocrx_word' id='word_1_345' title='bbox 3293 1686 3352 1730; x_wconf 94' lang='lat' dir='ltr'><strong>ut</strong></span> <span class='ocrx_word' id='word_1_346' title='bbox 3403 1678 3557 1731; x_wconf 80' lang='lat' dir='ltr'><strong>urbis</strong></span> 
     </span>
    </p>
   </div>
   <div class='ocr_carea' id='block_1_48' title="bbox 1982 1769 3557 1842">
    <p class='ocr_par' dir='ltr' id='par_1_48' title="bbox 1982 1769 3557 1842">
     <span class='ocr_line' id='line_1_48' title="bbox 1982 1769 3557 1842; baseline -0.009 -9"><span class='ocrx_word' id='word_1_347' title='bbox 1982 1779 2317 1835; x_wconf 88' lang='lat' dir='ltr'><strong>deditionem</strong></span> <span class='ocrx_word' id='word_1_348' title='bbox 2344 1774 2528 1838; x_wconf 82' lang='lat' dir='ltr'><strong>faciat,</strong></span> <span class='ocrx_word' id='word_1_349' title='bbox 2554 1773 2811 1842; x_wconf 86' lang='lat' dir='ltr'><strong>populum</strong></span> <span class='ocrx_word' id='word_1_350' title='bbox 2829 1770 3153 1824; x_wconf 85' lang='lat' dir='ltr'><strong>adhortatur</strong></span> <span class='ocrx_word' id='word_1_351' title='bbox 3176 1778 3265 1835; x_wconf 86' lang='lat' dir='ltr'><strong>;ct</strong></span> <span class='ocrx_word' id='word_1_352' title='bbox 3285 1769 3557 1823; x_wconf 88' lang='lat' dir='ltr'><strong>celebrem</strong></span> 
     </span>
    </p>
   </div>
   <div class='ocr_carea' id='block_1_49' title="bbox 1987 1860 3558 1939">
    <p class='ocr_par' dir='ltr' id='par_1_49' title="bbox 1987 1860 3558 1939">
     <span class='ocr_line' id='line_1_49' title="bbox 1987 1860 3558 1939; baseline -0.007 -17"><span class='ocrx_word' id='word_1_353' title='bbox 1987 1870 2130 1939; x_wconf 89' lang='lat' dir='ltr'><strong>apud</strong></span> <span class='ocrx_word' id='word_1_354' title='bbox 2160 1882 2257 1922; x_wconf 91' lang='lat' dir='ltr'><strong>eos</strong></span> <span class='ocrx_word' id='word_1_355' title='bbox 2284 1865 2531 1919; x_wconf 80' lang='lat' dir='ltr'><strong>Ezechia:</strong></span> <span class='ocrx_word' id='word_1_356' title='bbox 2563 1865 2817 1934; x_wconf 85' lang='lat' dir='ltr'><strong>pietatem</strong></span> <span class='ocrx_word' id='word_1_357' title='bbox 2852 1861 3035 1916; x_wconf 88' lang='lat' dir='ltr'><strong>studet</strong></span> <span class='ocrx_word' id='word_1_358' title='bbox 3065 1871 3387 1916; x_wconf 85' lang='lat' dir='ltr'><strong>extenuare.</strong></span> <span class='ocrx_word' id='word_1_359' title='bbox 3415 1860 3558 1925; x_wconf 85' lang='lat' dir='ltr'><strong>Quin</strong></span> 
     </span>
    </p>
   </div>
   <div class='ocr_carea' id='block_1_50' title="bbox 1987 1952 3561 2022">
    <p class='ocr_par' dir='ltr' id='par_1_50' title="bbox 1987 1952 3561 2022">
     <span class='ocr_line' id='line_1_50' title="bbox 1987 1952 3561 2022; baseline -0.006 -11"><span class='ocrx_word' id='word_1_360' title='bbox 1987 1967 2040 2011; x_wconf 86' lang='lat' dir='ltr'><strong>et</strong></span> <span class='ocrx_word' id='word_1_361' title='bbox 2070 1956 2323 2009; x_wconf 88' lang='lat' dir='ltr'><strong>eumdem</strong></span> <span class='ocrx_word' id='word_1_362' title='bbox 2356 1954 2630 2022; x_wconf 83' lang='lat' dir='ltr'><strong>superius,</strong></span> <span class='ocrx_word' id='word_1_363' title='bbox 2665 1960 2925 2021; x_wconf 87' lang='lat' dir='ltr'><strong>tanquam</strong></span> <span class='ocrx_word' id='word_1_364' title='bbox 2992 1952 3200 2005; x_wconf 74' lang='lat' dir='ltr'><strong>excelsa</strong></span> <span class='ocrx_word' id='word_1_365' title='bbox 3238 1952 3561 2013; x_wconf 77' lang='lat' dir='ltr'><strong>sustulisset,</strong></span> 
     </span>
    </p>
   </div>
   <div class='ocr_carea' id='block_1_51' title="bbox 1988 2045 3563 2117">
    <p class='ocr_par' dir='ltr' id='par_1_51' title="bbox 1988 2045 3563 2117">
     <span class='ocr_line' id='line_1_51' title="bbox 1988 2045 3563 2117; baseline -0.003 -16"><span class='ocrx_word' id='word_1_366' title='bbox 1988 2047 2288 2113; x_wconf 89' lang='lat' dir='ltr'><strong>vellicavit,</strong></span> <span class='ocrx_word' id='word_1_367' title='bbox 2332 2047 2533 2117; x_wconf 86' lang='lat' dir='ltr'><strong>quibus</strong></span> <span class='ocrx_word' id='word_1_368' title='bbox 2565 2046 2787 2098; x_wconf 81' lang='lat' dir='ltr'><strong>Aehazo</strong></span> <span class='ocrx_word' id='word_1_369' title='bbox 2812 2052 3078 2113; x_wconf 79' lang='lat' dir='ltr'><strong>regnante</strong></span> <span class='ocrx_word' id='word_1_370' title='bbox 3110 2045 3370 2115; x_wconf 84' lang='lat' dir='ltr'><strong>populum</strong></span> <span class='ocrx_word' id='word_1_371' title='bbox 3424 2059 3563 2113; x_wconf 78' lang='lat' dir='ltr'><strong>gau-</strong></span> 
     </span>
    </p>
   </div>
   <div class='ocr_carea' id='block_1_52' title="bbox 1990 2118 3566 2201">
    <p class='ocr_par' dir='ltr' id='par_1_52' title="bbox 1990 2118 3566 2201">
     <span class='ocr_line' id='line_1_52' title="bbox 1990 2118 3566 2201; baseline -0.006 -6"><span class='ocrx_word' id='word_1_372' title='bbox 1990 2140 2120 2195; x_wconf 88' lang='lat' dir='ltr'><strong>dere</strong></span> <span class='ocrx_word' id='word_1_373' title='bbox 2146 2148 2395 2201; x_wconf 89' lang='lat' dir='ltr'><strong>noverat,</strong></span> <span class='ocrx_word' id='word_1_374' title='bbox 2424 2137 2514 2189; x_wconf 84' lang='lat' dir='ltr'><strong>Dei</strong></span> <span class='ocrx_word' id='word_1_375' title='bbox 2546 2150 2669 2190; x_wconf 92' lang='lat' dir='ltr'><strong>esse</strong></span> <span class='ocrx_word' id='word_1_376' title='bbox 2726 2135 2821 2188; x_wconf 89' lang='lat' dir='ltr'><strong>illa</strong></span> <span class='ocrx_word' id='word_1_377' title='bbox 2876 2135 3196 2187; x_wconf 85' lang='lat' dir='ltr'><strong>arbitratus.</strong></span> <span class='ocrx_word' id='word_1_378' title='bbox 3240 2118 3317 2188; x_wconf 82' lang='lat' dir='ltr'><strong>Ita</strong></span> <span class='ocrx_word' id='word_1_379' title='bbox 3368 2134 3566 2187; x_wconf 87' lang='lat' dir='ltr'><strong>deinde</strong></span> 
     </span>
    </p>
   </div>
   <div class='ocr_carea' id='block_1_53' title="bbox 1992 2216 3569 2297">
    <p class='ocr_par' dir='ltr' id='par_1_53' title="bbox 1992 2216 3569 2297">
     <span class='ocr_line' id='line_1_53' title="bbox 1992 2216 3569 2297; baseline -0.003 -10"><span class='ocrx_word' id='word_1_380' title='bbox 1992 2216 2385 2288; x_wconf 80' lang='lat' dir='ltr'><strong>ratiocinatur:</strong></span> <span class='ocrx_word' id='word_1_381' title='bbox 2419 2229 2473 2283; x_wconf 90' lang='lat' dir='ltr'><strong>Si</strong></span> <span class='ocrx_word' id='word_1_382' title='bbox 2505 2231 2641 2283; x_wconf 83' lang='lat' dir='ltr'><strong>alios</strong></span> <span class='ocrx_word' id='word_1_383' title='bbox 2666 2228 2749 2281; x_wconf 93' lang='lat' dir='ltr'><strong>sui</strong></span> <span class='ocrx_word' id='word_1_384' title='bbox 2788 2244 2896 2282; x_wconf 90' lang='lat' dir='ltr'><strong>non</strong></span> <span class='ocrx_word' id='word_1_385' title='bbox 2940 2235 3232 2282; x_wconf 88' lang='lat' dir='ltr'><strong>servarunt</strong></span> <span class='ocrx_word' id='word_1_386' title='bbox 3253 2227 3362 2291; x_wconf 91' lang='lat' dir='ltr'><strong>dii,</strong></span> <span class='ocrx_word' id='word_1_387' title='bbox 3388 2242 3569 2297; x_wconf 85' lang='lat' dir='ltr'><strong>neque</strong></span> 
     </span>
    </p>
   </div>
   <div class='ocr_carea' id='block_1_54' title="bbox 1992 2319 3563 2390">
    <p class='ocr_par' dir='ltr' id='par_1_54' title="bbox 1992 2319 3563 2390">
     <span class='ocr_line' id='line_1_54' title="bbox 1992 2319 3563 2390; baseline -0.004 -10"><span class='ocrx_word' id='word_1_388' title='bbox 1992 2327 2251 2380; x_wconf 81' lang='lat' dir='ltr'><strong>Dominus</strong></span> <span class='ocrx_word' id='word_1_389' title='bbox 2282 2322 2535 2385; x_wconf 76' lang='lat' dir='ltr'><strong>Judmos,</strong></span> <span class='ocrx_word' id='word_1_390' title='bbox 2596 2336 2760 2390; x_wconf 90' lang='lat' dir='ltr'><strong>quem</strong></span> <span class='ocrx_word' id='word_1_391' title='bbox 2835 2319 3051 2373; x_wconf 69' lang='lat' dir='ltr'><strong>caneris</strong></span> <span class='ocrx_word' id='word_1_392' title='bbox 3115 2327 3379 2387; x_wconf 71' lang='lat' dir='ltr'><strong>prmstarc</strong></span> <span class='ocrx_word' id='word_1_393' title='bbox 3455 2335 3563 2374; x_wconf 92' lang='lat' dir='ltr'><strong>non</strong></span> 
     </span>
    </p>
   </div>
   <div class='ocr_carea' id='block_1_55' title="bbox 1992 2411 3571 2482">
    <p class='ocr_par' dir='ltr' id='par_1_55' title="bbox 1992 2411 3571 2482">
     <span class='ocr_line' id='line_1_55' title="bbox 1992 2411 3571 2482; baseline -0.004 -12"><span class='ocrx_word' id='word_1_394' title='bbox 1992 2418 2172 2472; x_wconf 87' lang='lat' dir='ltr'><strong>video.</strong></span> <span class='ocrx_word' id='word_1_395' title='bbox 2206 2420 2273 2468; x_wconf 87' lang='lat' dir='ltr'><strong>At</strong></span> <span class='ocrx_word' id='word_1_396' title='bbox 2298 2415 2430 2468; x_wconf 81' lang='lat' dir='ltr'><strong>nihil</strong></span> <span class='ocrx_word' id='word_1_397' title='bbox 2456 2414 2522 2467; x_wconf 90' lang='lat' dir='ltr'><strong>ad</strong></span> <span class='ocrx_word' id='word_1_398' title='bbox 2570 2412 3121 2482; x_wconf 25' lang='lat' dir='ltr'><strong>blasphemias&#39;istas</strong></span> <span class='ocrx_word' id='word_1_399' title='bbox 3180 2411 3303 2482; x_wconf 86' lang='lat' dir='ltr'><strong>pius</strong></span> <span class='ocrx_word' id='word_1_400' title='bbox 3355 2427 3447 2466; x_wconf 90' lang='lat' dir='ltr'><strong>rex</strong></span> <span class='ocrx_word' id='word_1_401' title='bbox 3489 2428 3571 2464; x_wconf 85' lang='lat' dir='ltr'><strong>re-</strong></span> 
     </span>
    </p>
   </div>
   <div class='ocr_carea' id='block_1_56' title="bbox 1995 2504 3570 2579">
    <p class='ocr_par' dir='ltr' id='par_1_56' title="bbox 1995 2504 3570 2579">
     <span class='ocr_line' id='line_1_56' title="bbox 1995 2504 3570 2579; baseline -0.004 -15"><span class='ocrx_word' id='word_1_402' title='bbox 1995 2510 2241 2579; x_wconf 78' lang='lat' dir='ltr'><strong>sponderi</strong></span> <span class='ocrx_word' id='word_1_403' title='bbox 2261 2522 2458 2578; x_wconf 89' lang='lat' dir='ltr'><strong>passus</strong></span> <span class='ocrx_word' id='word_1_404' title='bbox 2478 2513 2585 2569; x_wconf 87' lang='lat' dir='ltr'><strong>est,</strong></span> <span class='ocrx_word' id='word_1_405' title='bbox 2602 2520 2669 2559; x_wconf 92' lang='lat' dir='ltr'><strong>ne</strong></span> <span class='ocrx_word' id='word_1_406' title='bbox 2691 2504 2757 2558; x_wconf 90' lang='lat' dir='ltr'><strong>ad</strong></span> <span class='ocrx_word' id='word_1_407' title='bbox 2772 2505 3008 2575; x_wconf 83' lang='lat' dir='ltr'><strong>majores</strong></span> <span class='ocrx_word' id='word_1_408' title='bbox 3026 2513 3389 2573; x_wconf 86' lang='lat' dir='ltr'><strong>provocaret;</strong></span> <span class='ocrx_word' id='word_1_409' title='bbox 3413 2504 3570 2572; x_wconf 83' lang='lat' dir='ltr'><strong>juxta</strong></span> 
     </span>
    </p>
   </div>
   <div class='ocr_carea' id='block_1_57' title="bbox 1998 2597 3564 2667">
    <p class='ocr_par' dir='ltr' id='par_1_57' title="bbox 1998 2597 3564 2667">
     <span class='ocr_line' id='line_1_57' title="bbox 1998 2597 3564 2667; baseline -0.006 -10"><span class='ocrx_word' id='word_1_410' title='bbox 1998 2602 2164 2658; x_wconf 88' lang='lat' dir='ltr'><strong>illud:</strong></span> <span class='ocrx_word' id='word_1_411' title='bbox 2232 2620 2249 2652; x_wconf 88' lang='grc' dir='ltr'><strong>ι</strong></span> <span class='ocrx_word' id='word_1_412' title='bbox 2289 2600 2365 2654; x_wconf 82' lang='lat' dir='ltr'><strong>Ne</strong></span> <span class='ocrx_word' id='word_1_413' title='bbox 2420 2598 2726 2655; x_wconf 82' lang='lat' dir='ltr'><strong>suceendas</strong></span> <span class='ocrx_word' id='word_1_414' title='bbox 2780 2598 3053 2651; x_wconf 89' lang='lat' dir='ltr'><strong>carbones</strong></span> <span class='ocrx_word' id='word_1_415' title='bbox 3106 2597 3507 2667; x_wconf 72' lang='lat' dir='ltr'><strong>peccatoris”.</strong></span> <span class='ocrx_word' id='word_1_416' title='bbox 3547 2616 3564 2647; x_wconf 73' lang='grc' dir='ltr'><strong>ι</strong></span> 
     </span>
    </p>
   </div>
   <div class='ocr_carea' id='block_1_58' title="bbox 1998 2687 3571 2761">
    <p class='ocr_par' dir='ltr' id='par_1_58' title="bbox 1998 2687 3571 2761">
     <span class='ocr_line' id='line_1_58' title="bbox 1998 2687 3571 2761; baseline -0.004 -13"><span class='ocrx_word' id='word_1_417' title='bbox 1998 2694 2194 2749; x_wconf 83' lang='lat' dir='ltr'><strong>inutile</strong></span> <span class='ocrx_word' id='word_1_418' title='bbox 2225 2692 2393 2747; x_wconf 74' lang='lat' dir='ltr'><strong>fuerit</strong></span> <span class='ocrx_word' id='word_1_419' title='bbox 2426 2701 2694 2761; x_wconf 70' lang='lat' dir='ltr'><strong>prmterea</strong></span> <span class='ocrx_word' id='word_1_420' title='bbox 2730 2704 2854 2743; x_wconf 91' lang='lat' dir='ltr'><strong>cum</strong></span> <span class='ocrx_word' id='word_1_421' title='bbox 2892 2688 3028 2751; x_wconf 89' lang='lat' dir='ltr'><strong>illis,</strong></span> <span class='ocrx_word' id='word_1_422' title='bbox 3076 2687 3279 2758; x_wconf 92' lang='lat' dir='ltr'><strong>quibus</strong></span> <span class='ocrx_word' id='word_1_423' title='bbox 3334 2696 3419 2742; x_wconf 91' lang='lat' dir='ltr'><strong>est</strong></span> <span class='ocrx_word' id='word_1_424' title='bbox 3452 2690 3571 2741; x_wconf 88' lang='lat' dir='ltr'><strong>ani-</strong></span> 
     </span>
    </p>
   </div>
   <div class='ocr_carea' id='block_1_59' title="bbox 1999 2777 3575 2852">
    <p class='ocr_par' dir='ltr' id='par_1_59' title="bbox 1999 2777 3575 2852">
     <span class='ocr_line' id='line_1_59' title="bbox 1999 2777 3575 2852; baseline -0.008 -12"><span class='ocrx_word' id='word_1_425' title='bbox 1999 2801 2101 2840; x_wconf 83' lang='lat' dir='ltr'><strong>ma:</strong></span> <span class='ocrx_word' id='word_1_426' title='bbox 2128 2786 2278 2838; x_wconf 90' lang='lat' dir='ltr'><strong>salus</strong></span> <span class='ocrx_word' id='word_1_427' title='bbox 2307 2783 2618 2852; x_wconf 79' lang='lat' dir='ltr'><strong>deplorata,</strong></span> <span class='ocrx_word' id='word_1_428' title='bbox 2645 2780 2825 2834; x_wconf 81' lang='lat' dir='ltr'><strong>verbis</strong></span> <span class='ocrx_word' id='word_1_429' title='bbox 2844 2778 3157 2844; x_wconf 88' lang='lat' dir='ltr'><strong>decertare;</strong></span> <span class='ocrx_word' id='word_1_430' title='bbox 3186 2793 3329 2848; x_wconf 89' lang='lat' dir='ltr'><strong>quos</strong></span> <span class='ocrx_word' id='word_1_431' title='bbox 3351 2777 3575 2831; x_wconf 85' lang='lat' dir='ltr'><strong>silentio</strong></span> 
     </span>
    </p>
   </div>
   <div class='ocr_carea' id='block_1_60' title="bbox 1999 2869 3574 2946">
    <p class='ocr_par' dir='ltr' id='par_1_60' title="bbox 1999 2869 3574 2946">
     <span class='ocr_line' id='line_1_60' title="bbox 1999 2869 3574 2946; baseline -0.005 -15"><span class='ocrx_word' id='word_1_432' title='bbox 1999 2884 2225 2946; x_wconf 76' lang='lat' dir='ltr'><strong>prmstat</strong></span> <span class='ocrx_word' id='word_1_433' title='bbox 2252 2874 2567 2937; x_wconf 88' lang='lat' dir='ltr'><strong>retundere,</strong></span> <span class='ocrx_word' id='word_1_434' title='bbox 2593 2872 2979 2941; x_wconf 88' lang='lat' dir='ltr'><strong>sermonisque</strong></span> <span class='ocrx_word' id='word_1_435' title='bbox 3006 2870 3292 2925; x_wconf 79' lang='lat' dir='ltr'><strong>veritatem</strong></span> <span class='ocrx_word' id='word_1_436' title='bbox 3330 2869 3382 2922; x_wconf 89' lang='lat' dir='ltr'><strong>in</strong></span> <span class='ocrx_word' id='word_1_437' title='bbox 3414 2869 3574 2923; x_wconf 86' lang='lat' dir='ltr'><strong>nobis</strong></span> 
     </span>
    </p>
   </div>
   <div class='ocr_carea' id='block_1_61' title="bbox 2001 2964 3575 3041">
    <p class='ocr_par' dir='ltr' id='par_1_61' title="bbox 2001 2964 3575 3041">
     <span class='ocr_line' id='line_1_61' title="bbox 2001 2964 3575 3041; baseline -0.005 -15"><span class='ocrx_word' id='word_1_438' title='bbox 2001 2971 2193 3026; x_wconf 89' lang='lat' dir='ltr'><strong>tandiu</strong></span> <span class='ocrx_word' id='word_1_439' title='bbox 2219 2984 2486 3041; x_wconf 80' lang='lat' dir='ltr'><strong>premere,</strong></span> <span class='ocrx_word' id='word_1_440' title='bbox 2507 2968 2682 3021; x_wconf 90' lang='lat' dir='ltr'><strong>donec</strong></span> <span class='ocrx_word' id='word_1_441' title='bbox 2709 2967 2906 3021; x_wconf 90' lang='lat' dir='ltr'><strong>idoneo</strong></span> <span class='ocrx_word' id='word_1_442' title='bbox 2932 2974 3174 3034; x_wconf 78' lang='lat' dir='ltr'><strong>tempore</strong></span> <span class='ocrx_word' id='word_1_443' title='bbox 3202 2980 3233 3018; x_wconf 88' lang='lat' dir='ltr'><strong>a</strong></span> <span class='ocrx_word' id='word_1_444' title='bbox 3264 2964 3374 3018; x_wconf 90' lang='lat' dir='ltr'><strong>Deo</strong></span> <span class='ocrx_word' id='word_1_445' title='bbox 3397 2966 3451 3019; x_wconf 93' lang='lat' dir='ltr'><strong>in</strong></span> <span class='ocrx_word' id='word_1_446' title='bbox 3480 2980 3575 3020; x_wconf 89' lang='lat' dir='ltr'><strong>eos</strong></span> 
     </span>
    </p>
   </div>
   <div class='ocr_carea' id='block_1_62' title="bbox 2002 3057 3574 3129">
    <p class='ocr_par' dir='ltr' id='par_1_62' title="bbox 2002 3057 3574 3129">
     <span class='ocr_line' id='line_1_62' title="bbox 2002 3057 3574 3129; baseline -0.004 -12"><span class='ocrx_word' id='word_1_447' title='bbox 2002 3063 2329 3117; x_wconf 83' lang='lat' dir='ltr'><strong>excitemur.</strong></span> <span class='ocrx_word' id='word_1_448' title='bbox 2356 3059 2545 3129; x_wconf 82' lang='lat' dir='ltr'><strong>Neque</strong></span> <span class='ocrx_word' id='word_1_449' title='bbox 2568 3060 2713 3113; x_wconf 89' lang='lat' dir='ltr'><strong>enim</strong></span> <span class='ocrx_word' id='word_1_450' title='bbox 2745 3069 2859 3111; x_wconf 90' lang='lat' dir='ltr'><strong>tum</strong></span> <span class='ocrx_word' id='word_1_451' title='bbox 2884 3057 3174 3111; x_wconf 88' lang='lat' dir='ltr'><strong>adversum</strong></span> <span class='ocrx_word' id='word_1_452' title='bbox 3196 3071 3297 3111; x_wconf 89' lang='lat' dir='ltr'><strong>nos</strong></span> <span class='ocrx_word' id='word_1_453' title='bbox 3318 3057 3574 3125; x_wconf 88' lang='lat' dir='ltr'><strong>amplius,</strong></span> 
     </span>
    </p>
   </div>
   <div class='ocr_carea' id='block_1_63' title="bbox 304 3147 1996 3252">
    <p class='ocr_par' dir='ltr' id='par_1_63' title="bbox 304 3166 1971 3252">
     <span class='ocr_line' id='line_1_63' title="bbox 304 3166 1971 3252; baseline 0.002 -32"><span class='ocrx_word' id='word_1_454' title='bbox 304 3168 366 3221; x_wconf 76' lang='grc' dir='ltr'>δὲ</span> <span class='ocrx_word' id='word_1_455' title='bbox 395 3168 487 3219; x_wconf 68' lang='grc' dir='ltr'><strong>τον</strong></span> <span class='ocrx_word' id='word_1_456' title='bbox 507 3166 747 3235; x_wconf 79' lang='grc' dir='ltr'>πόλεμον</span> <span class='ocrx_word' id='word_1_457' title='bbox 767 3166 981 3234; x_wconf 76' lang='grc' dir='ltr'>ἔχουσιν</span> <span class='ocrx_word' id='word_1_458' title='bbox 1011 3166 1041 3218; x_wconf 83' lang='grc' dir='ltr'><strong>δ</strong></span> <span class='ocrx_word' id='word_1_459' title='bbox 1062 3166 1315 3235; x_wconf 79' lang='grc' dir='ltr'>ποιητέον</span> <span class='ocrx_word' id='word_1_460' title='bbox 1348 3169 1407 3219; x_wconf 79' lang='grc' dir='ltr'>ἐν</span> <span class='ocrx_word' id='word_1_461' title='bbox 1437 3168 1614 3238; x_wconf 84' lang='grc' dir='ltr'>καιρῷ</span> <span class='ocrx_word' id='word_1_462' title='bbox 1642 3170 1897 3239; x_wconf 83' lang='grc' dir='ltr'>διωγμῶν</span> <span class='ocrx_word' id='word_1_463' title='bbox 1927 3191 1971 3252; x_wconf 79' lang='lat' dir='ltr'><strong>C</strong></span> 
     </span>
    </p>
   </div>
   <div class='ocr_carea' id='block_1_64' title="bbox 1880 3147 3572 3252">
    <p class='ocr_par' dir='ltr' id='par_1_64' title="bbox 1880 3147 3572 3252">
     <span class='ocr_line' id='line_1_64' title="bbox 1880 3147 3572 3252; baseline -0.006 -45"><span class='ocrx_word' id='word_1_464' title='bbox 1880 3188 1897 3224; x_wconf 55' lang='grc' dir='ltr'><em>ν</em></span> <span class='ocrx_word' id='word_1_465' title='bbox 1927 3191 1971 3252; x_wconf 79' lang='lat' dir='ltr'><strong>C</strong></span> <span class='ocrx_word' id='word_1_466' title='bbox 2006 3153 2103 3252; x_wconf 76' lang='lat' dir='ltr'><strong>sed</strong></span> <span class='ocrx_word' id='word_1_467' title='bbox 2137 3151 2430 3252; x_wconf 77' lang='lat' dir='ltr'><strong>adversum</strong></span> <span class='ocrx_word' id='word_1_468' title='bbox 2454 3151 2634 3219; x_wconf 87' lang='lat' dir='ltr'><strong>ipsum</strong></span> <span class='ocrx_word' id='word_1_469' title='bbox 2675 3147 2843 3251; x_wconf 79' lang='lat' dir='ltr'><strong>Deum</strong></span> <span class='ocrx_word' id='word_1_470' title='bbox 2876 3147 3075 3202; x_wconf 88' lang='lat' dir='ltr'><strong>bellum</strong></span> <span class='ocrx_word' id='word_1_471' title='bbox 3133 3147 3367 3216; x_wconf 75' lang='lat' dir='ltr'><strong>geritur.</strong></span> <span class='ocrx_word' id='word_1_472' title='bbox 3416 3148 3572 3213; x_wconf 77' lang='lat' dir='ltr'><strong>Quod</strong></span> 
     </span>
    </p>
   </div>
   <div class='ocr_carea' id='block_1_65' title="bbox 308 3240 2000 3326">
    <p class='ocr_par' dir='ltr' id='par_1_65' title="bbox 308 3240 1975 3326">
     <span class='ocr_line' id='line_1_65' title="bbox 308 3240 1975 3326; baseline 0.002 -16"><span class='ocrx_word' id='word_1_473' title='bbox 308 3260 372 3310; x_wconf 75' lang='grc' dir='ltr'>ὲν</span> <span class='ocrx_word' id='word_1_474' title='bbox 412 3260 534 3320; x_wconf 88' lang='grc' dir='ltr'>ταῖς</span> <span class='ocrx_word' id='word_1_475' title='bbox 578 3256 922 3326; x_wconf 81' lang='grc' dir='ltr'>βλασφήμοις</span> <span class='ocrx_word' id='word_1_476' title='bbox 969 3256 1079 3309; x_wconf 86' lang='grc' dir='ltr'><strong>τῶν</strong></span> <span class='ocrx_word' id='word_1_477' title='bbox 1133 3256 1347 3309; x_wconf 70' lang='grc' dir='ltr'>ἀσεϐῶν</span> <span class='ocrx_word' id='word_1_478' title='bbox 1378 3257 1646 3323; x_wconf 79' lang='grc' dir='ltr'>διαλέξεσι</span> <span class='ocrx_word' id='word_1_479' title='bbox 1689 3258 1900 3326; x_wconf 81' lang='grc' dir='ltr'>λέγοντι</span> <span class='ocrx_word' id='word_1_480' title='bbox 1932 3240 1975 3275; x_wconf 52' lang='grc' dir='ltr'><strong>ν’</strong></span> 
     </span>
    </p>
   </div>
   <div class='ocr_carea' id='block_1_66' title="bbox 1884 3240 3576 3326">
    <p class='ocr_par' dir='ltr' id='par_1_66' title="bbox 1886 3240 3576 3313">
     <span class='ocr_line' id='line_1_66' title="bbox 1886 3240 3576 3313; baseline -0.004 -15"><span class='ocrx_word' id='word_1_481' title='bbox 1886 3240 1975 3312; x_wconf 74' lang='grc' dir='ltr'><strong>ι“-</strong></span> <span class='ocrx_word' id='word_1_482' title='bbox 2006 3244 2126 3313; x_wconf 90' lang='lat' dir='ltr'><strong>ipso</strong></span> <span class='ocrx_word' id='word_1_483' title='bbox 2181 3243 2422 3295; x_wconf 79' lang='lat' dir='ltr'><strong>maxime</strong></span> <span class='ocrx_word' id='word_1_484' title='bbox 2498 3240 2951 3310; x_wconf 87' lang='lat' dir='ltr'><strong>persecutionum</strong></span> <span class='ocrx_word' id='word_1_485' title='bbox 3011 3248 3256 3309; x_wconf 89' lang='lat' dir='ltr'><strong>tempore</strong></span> <span class='ocrx_word' id='word_1_486' title='bbox 3312 3249 3576 3309; x_wconf 69' lang='lat' dir='ltr'><strong>praestare</strong></span> 
     </span>
    </p>
   </div>
   <div class='ocr_carea' id='block_1_67' title="bbox 310 3349 1905 3421">
    <p class='ocr_par' dir='ltr' id='par_1_67' title="bbox 310 3349 1905 3421">
     <span class='ocr_line' id='line_1_67' title="bbox 310 3349 1905 3421; baseline 0 -17"><span class='ocrx_word' id='word_1_487' title='bbox 310 3351 678 3421; x_wconf 80' lang='grc' dir='ltr'>πειθομένους</span> <span class='ocrx_word' id='word_1_488' title='bbox 710 3350 875 3402; x_wconf 80' lang='grc' dir='ltr'>Δαδίδ</span> <span class='ocrx_word' id='word_1_489' title='bbox 897 3366 910 3380; x_wconf 75' lang='grc' dir='ltr'><strong><em>ο</em></strong></span> <span class='ocrx_word' id='word_1_490' title='bbox 953 3370 972 3399; x_wconf 77' lang='grc' dir='ltr'><strong>ι</strong></span> <span class='ocrx_word' id='word_1_491' title='bbox 1027 3349 1267 3419; x_wconf 80' lang='grc' dir='ltr'>Ἐθέμην</span> <span class='ocrx_word' id='word_1_492' title='bbox 1297 3366 1375 3420; x_wconf 82' lang='grc' dir='ltr'>τῳ</span> <span class='ocrx_word' id='word_1_493' title='bbox 1407 3351 1635 3420; x_wconf 81' lang='grc' dir='ltr'>στόματί</span> <span class='ocrx_word' id='word_1_494' title='bbox 1672 3368 1772 3421; x_wconf 89' lang='grc' dir='ltr'><strong>μου</strong></span> <span class='ocrx_word' id='word_1_495' title='bbox 1805 3370 1905 3421; x_wconf 84' lang='grc' dir='ltr'><strong>φυ-</strong></span> 
     </span>
    </p>
   </div>
   <div class='ocr_carea' id='block_1_68' title="bbox 309 3442 1904 3514">
    <p class='ocr_par' dir='ltr' id='par_1_68' title="bbox 309 3442 1904 3514">
     <span class='ocr_line' id='line_1_68' title="bbox 309 3442 1904 3514; baseline 0.001 -17"><span class='ocrx_word' id='word_1_496' title='bbox 309 3445 513 3514; x_wconf 80' lang='grc' dir='ltr'>λακήν.</span> <span class='ocrx_word' id='word_1_497' title='bbox 575 3444 666 3496; x_wconf 86' lang='grc' dir='ltr'>Ἐν</span> <span class='ocrx_word' id='word_1_498' title='bbox 709 3442 788 3513; x_wconf 84' lang='grc' dir='ltr'>τῷ</span> <span class='ocrx_word' id='word_1_499' title='bbox 837 3443 1100 3512; x_wconf 85' lang='grc' dir='ltr'>συστῆναι</span> <span class='ocrx_word' id='word_1_500' title='bbox 1159 3443 1251 3495; x_wconf 74' lang='grc' dir='ltr'><strong>τὸν</strong></span> <span class='ocrx_word' id='word_1_501' title='bbox 1309 3443 1634 3514; x_wconf 83' lang='grc' dir='ltr'>ἁμαρτωλὸν</span> <span class='ocrx_word' id='word_1_502' title='bbox 1663 3444 1904 3498; x_wconf 80' lang='grc' dir='ltr'>ἐναντίον</span> 
     </span>
    </p>
   </div>
   <div class='ocr_carea' id='block_1_69' title="bbox 315 3536 1906 3610">
    <p class='ocr_par' dir='ltr' id='par_1_69' title="bbox 315 3536 1906 3610">
     <span class='ocr_line' id='line_1_69' title="bbox 315 3536 1906 3610; baseline -0.001 -18"><span class='ocrx_word' id='word_1_503' title='bbox 315 3556 427 3610; x_wconf 86' lang='grc' dir='ltr'><strong>μου</strong></span> <span class='ocrx_word' id='word_1_504' title='bbox 450 3578 465 3600; x_wconf 84' lang='grc'><strong>,</strong></span> <span class='ocrx_word' id='word_1_505' title='bbox 493 3539 798 3610; x_wconf 74' lang='grc' dir='ltr'>ὲκωφώθην</span> <span class='ocrx_word' id='word_1_506' title='bbox 838 3537 934 3591; x_wconf 66' lang='grc' dir='ltr'><strong>καλ⁸</strong></span> <span class='ocrx_word' id='word_1_507' title='bbox 976 3536 1353 3607; x_wconf 82' lang='grc' dir='ltr'>ὲταπεινώθην</span> <span class='ocrx_word' id='word_1_508' title='bbox 1375 3578 1390 3602; x_wconf 92' lang='grc'><strong>,</strong></span> <span class='ocrx_word' id='word_1_509' title='bbox 1443 3538 1539 3589; x_wconf 74' lang='grc' dir='ltr'><strong>καὶ</strong></span> <span class='ocrx_word' id='word_1_510' title='bbox 1584 3537 1817 3607; x_wconf 86' lang='grc' dir='ltr'>ὲσίγησα</span> <span class='ocrx_word' id='word_1_511' title='bbox 1846 3537 1906 3603; x_wconf 76' lang='grc' dir='ltr'><strong>ἐξ</strong></span> 
     </span>
    </p>
   </div>
   <div class='ocr_carea' id='block_1_70' title="bbox 309 3624 931 3700">
    <p class='ocr_par' dir='ltr' id='par_1_70' title="bbox 309 3624 931 3700">
     <span class='ocr_line' id='line_1_70' title="bbox 309 3624 931 3700; baseline -0.011 -16"><span class='ocrx_word' id='word_1_512' title='bbox 309 3630 559 3700; x_wconf 82' lang='grc' dir='ltr'>ἀγαθῶν.</span> <span class='ocrx_word' id='word_1_513' title='bbox 599 3649 617 3681; x_wconf 70' lang='grc' dir='ltr'><strong>ι</strong></span> <span class='ocrx_word' id='word_1_514' title='bbox 926 3624 931 3629; x_wconf 71' lang='grc'><strong><em>’</em></strong></span> 
     </span>
    </p>
   </div>
   <div class='ocr_carea' id='block_1_71' title="bbox 921 3808 1339 3863">
    <p class='ocr_par' dir='ltr' id='par_1_71' title="bbox 921 3808 1339 3863">
     <span class='ocr_line' id='line_1_71' title="bbox 921 3808 1339 3863; baseline 0 -1"><span class='ocrx_word' id='word_1_515' title='bbox 921 3808 1173 3863; x_wconf 80' lang='grc' dir='ltr'><strong>ΚΕΦΛΛ.</strong></span> <span class='ocrx_word' id='word_1_516' title='bbox 1215 3808 1339 3863; x_wconf 83' lang='grc' dir='ltr'><strong>ΛΖ⁰.</strong></span> 
     </span>
    </p>
   </div>
   <div class='ocr_carea' id='block_1_72' title="bbox 389 3899 1906 3970">
    <p class='ocr_par' dir='ltr' id='par_1_72' title="bbox 389 3899 1906 3970">
     <span class='ocr_line' id='line_1_72' title="bbox 389 3899 1906 3970; baseline -0.001 -12"><span class='ocrx_word' id='word_1_517' title='bbox 389 3902 521 3968; x_wconf 68' lang='lat' dir='ltr'><strong>a-C&#39;.</strong></span> <span class='ocrx_word' id='word_1_518' title='bbox 559 3901 669 3957; x_wconf 75' lang='grc' dir='ltr'><strong>Καὶ</strong></span> <span class='ocrx_word' id='word_1_519' title='bbox 696 3901 935 3970; x_wconf 75' lang='grc' dir='ltr'>ἐγένετο</span> <span class='ocrx_word' id='word_1_520' title='bbox 976 3902 1047 3955; x_wconf 81' lang='grc' dir='ltr'><strong>ἐν</strong></span> <span class='ocrx_word' id='word_1_521' title='bbox 1078 3899 1159 3965; x_wconf 84' lang='grc' dir='ltr'>τῷ</span> <span class='ocrx_word' id='word_1_522' title='bbox 1191 3900 1451 3955; x_wconf 80' lang='grc' dir='ltr'>ἀκοῦσαι</span> <span class='ocrx_word' id='word_1_523' title='bbox 1501 3902 1609 3954; x_wconf 80' lang='grc' dir='ltr'><strong>τὸν</strong></span> <span class='ocrx_word' id='word_1_524' title='bbox 1638 3902 1906 3966; x_wconf 70' lang='grc' dir='ltr'>βασιλέα</span> 
     </span>
    </p>
   </div>
   <div class='ocr_carea' id='block_1_73' title="bbox 324 3981 1906 4064">
    <p class='ocr_par' dir='ltr' id='par_1_73' title="bbox 324 3981 1906 4064">
     <span class='ocr_line' id='line_1_73' title="bbox 324 3981 1906 4064; baseline -0.003 -12"><span class='ocrx_word' id='word_1_525' title='bbox 324 3996 618 4060; x_wconf 77' lang='grc' dir='ltr'>Ἐζεκίαν,</span> <span class='ocrx_word' id='word_1_526' title='bbox 648 3994 866 4064; x_wconf 80' lang='grc' dir='ltr'>ἔσχισε</span> <span class='ocrx_word' id='word_1_527' title='bbox 918 3992 992 4047; x_wconf 81' lang='grc' dir='ltr'>τὰ</span> <span class='ocrx_word' id='word_1_528' title='bbox 1044 3993 1242 4062; x_wconf 78' lang='grc' dir='ltr'>ἱμάτια</span> <span class='ocrx_word' id='word_1_529' title='bbox 1266 3993 1472 4059; x_wconf 82' lang='grc' dir='ltr'>αὐτοῦ,</span> <span class='ocrx_word' id='word_1_530' title='bbox 1501 3981 1603 4047; x_wconf 76' lang='grc' dir='ltr'><strong>καί</strong></span> <span class='ocrx_word' id='word_1_531' title='bbox 1636 3994 1906 4062; x_wconf 81' lang='grc' dir='ltr'>περιεϐά-</span> 
     </span>
    </p>
   </div>
   <div class='ocr_carea' id='block_1_74' title="bbox 310 4079 1904 4152">
    <p class='ocr_par' dir='ltr' id='par_1_74' title="bbox 310 4079 1904 4152">
     <span class='ocr_line' id='line_1_74' title="bbox 310 4079 1904 4152; baseline -0.003 -10"><span class='ocrx_word' id='word_1_532' title='bbox 310 4094 462 4143; x_wconf 75' lang='grc' dir='ltr'>λετο</span> <span class='ocrx_word' id='word_1_533' title='bbox 512 4087 767 4150; x_wconf 72' lang='grc' dir='ltr'>σάκκον,</span> <span class='ocrx_word' id='word_1_534' title='bbox 817 4085 918 4138; x_wconf 78' lang='grc' dir='ltr'><strong>καί</strong></span> <span class='ocrx_word' id='word_1_535' title='bbox 972 4084 1154 4151; x_wconf 81' lang='grc' dir='ltr'><strong>ἀνέϐη</strong></span> <span class='ocrx_word' id='word_1_536' title='bbox 1182 4086 1270 4149; x_wconf 85' lang='grc' dir='ltr'><strong>είς</strong></span> <span class='ocrx_word' id='word_1_537' title='bbox 1307 4082 1414 4137; x_wconf 77' lang='grc' dir='ltr'><strong>τὸν</strong></span> <span class='ocrx_word' id='word_1_538' title='bbox 1441 4079 1611 4137; x_wconf 78' lang='grc' dir='ltr'>οἷκον</span> <span class='ocrx_word' id='word_1_539' title='bbox 1662 4085 1904 4152; x_wconf 83' lang='grc' dir='ltr'>Κυρίου,</span> 
     </span>
    </p>
   </div>
   <div class='ocr_carea' id='block_1_75' title="bbox 313 4178 616 4234">
    <p class='ocr_par' dir='ltr' id='par_1_75' title="bbox 313 4178 616 4234">
     <span class='ocr_line' id='line_1_75' title="bbox 313 4178 616 4234; baseline -0.017 0"><span class='ocrx_word' id='word_1_540' title='bbox 313 4199 373 4234; x_wconf 86' lang='grc' dir='ltr'>κ.</span> <span class='ocrx_word' id='word_1_541' title='bbox 406 4197 459 4231; x_wconf 88' lang='grc' dir='ltr'>τ.</span> <span class='ocrx_word' id='word_1_542' title='bbox 490 4178 539 4230; x_wconf 89' lang='grc' dir='ltr'>λ.</span> <span class='ocrx_word' id='word_1_543' title='bbox 604 4209 616 4220; x_wconf 89' lang='grc'><strong><em>-</em></strong></span> 
     </span>
    </p>
   </div>
   <div class='ocr_carea' id='block_1_76' title="bbox 394 4263 1906 4340">
    <p class='ocr_par' dir='ltr' id='par_1_76' title="bbox 394 4263 1906 4340">
     <span class='ocr_line' id='line_1_76' title="bbox 394 4263 1906 4340; baseline -0.003 -18"><span class='ocrx_word' id='word_1_544' title='bbox 394 4270 559 4331; x_wconf 87' lang='grc' dir='ltr'>Ἐθος</span> <span class='ocrx_word' id='word_1_545' title='bbox 586 4263 655 4340; x_wconf 81' lang='grc' dir='ltr'>ἦν</span> <span class='ocrx_word' id='word_1_546' title='bbox 701 4266 978 4337; x_wconf 80' lang='grc' dir='ltr'>Ἑϐραίοις</span> <span class='ocrx_word' id='word_1_547' title='bbox 1009 4264 1103 4318; x_wconf 75' lang='grc' dir='ltr'><strong>ἐπὶ</strong></span> <span class='ocrx_word' id='word_1_548' title='bbox 1130 4267 1251 4327; x_wconf 87' lang='grc' dir='ltr'>ταῖς</span> <span class='ocrx_word' id='word_1_549' title='bbox 1294 4266 1435 4319; x_wconf 83' lang='grc' dir='ltr'><strong>κατά</strong></span> <span class='ocrx_word' id='word_1_550' title='bbox 1487 4265 1622 4319; x_wconf 87' lang='grc' dir='ltr'>Θεοῦ</span> <span class='ocrx_word' id='word_1_551' title='bbox 1664 4265 1906 4337; x_wconf 81' lang='grc' dir='ltr'>βλασφη-</span> 
     </span>
    </p>
   </div>
   <div class='ocr_carea' id='block_1_77' title="bbox 318 4358 1909 4432">
    <p class='ocr_par' dir='ltr' id='par_1_77' title="bbox 318 4358 1909 4432">
     <span class='ocr_line' id='line_1_77' title="bbox 318 4358 1909 4432; baseline -0.001 -20"><span class='ocrx_word' id='word_1_552' title='bbox 318 4364 478 4432; x_wconf 82' lang='grc' dir='ltr'>μίαις</span> <span class='ocrx_word' id='word_1_553' title='bbox 511 4358 982 4430; x_wconf 70' lang='grc' dir='ltr'>περιρρήγνυσθαι</span> <span class='ocrx_word' id='word_1_554' title='bbox 1008 4359 1135 4421; x_wconf 80' lang='grc' dir='ltr'>τοὺς</span> <span class='ocrx_word' id='word_1_555' title='bbox 1176 4358 1414 4427; x_wconf 87' lang='grc' dir='ltr'>χιτῶνας</span> <span class='ocrx_word' id='word_1_556' title='bbox 1437 4375 1450 4389; x_wconf 85' lang='grc'><em>’</em></span> <span class='ocrx_word' id='word_1_557' title='bbox 1499 4360 1787 4427; x_wconf 76' lang='grc' dir='ltr'>τοιγαροῦν</span> <span class='ocrx_word' id='word_1_558' title='bbox 1832 4361 1909 4411; x_wconf 89' lang='grc' dir='ltr'>εί-</span> 
     </span>
    </p>
   </div>
   <div class='ocr_carea' id='block_1_78' title="bbox 318 4445 1906 4517">
    <p class='ocr_par' dir='ltr' id='par_1_78' title="bbox 318 4445 1906 4517">
     <span class='ocr_line' id='line_1_78' title="bbox 318 4445 1906 4517; baseline -0.004 -12"><span class='ocrx_word' id='word_1_559' title='bbox 318 4454 521 4513; x_wconf 80' lang='grc' dir='ltr'>πόντος</span> <span class='ocrx_word' id='word_1_560' title='bbox 558 4448 653 4501; x_wconf 91' lang='grc' dir='ltr'><strong>τοῦ</strong></span> <span class='ocrx_word' id='word_1_561' title='bbox 679 4448 952 4517; x_wconf 83' lang='grc' dir='ltr'>Σωτῆρος,</span> <span class='ocrx_word' id='word_1_562' title='bbox 992 4466 1010 4496; x_wconf 81' lang='grc' dir='ltr'><strong>ι</strong></span> <span class='ocrx_word' id='word_1_563' title='bbox 1050 4446 1284 4517; x_wconf 79' lang='grc' dir='ltr'>Ἀπάρτι</span> <span class='ocrx_word' id='word_1_564' title='bbox 1316 4445 1514 4514; x_wconf 67' lang='grc' dir='ltr'>ὄψεσθε</span> <span class='ocrx_word' id='word_1_565' title='bbox 1538 4447 1630 4499; x_wconf 80' lang='grc' dir='ltr'><strong>τὸν</strong></span> <span class='ocrx_word' id='word_1_566' title='bbox 1662 4446 1791 4499; x_wconf 80' lang='grc' dir='ltr'>Υίὸν</span> <span class='ocrx_word' id='word_1_567' title='bbox 1813 4446 1906 4500; x_wconf 92' lang='grc' dir='ltr'><strong>τοῦ</strong></span> 
     </span>
    </p>
   </div>
   <div class='ocr_carea' id='block_1_79' title="bbox 2005 3330 3579 3404">
    <p class='ocr_par' dir='ltr' id='par_1_79' title="bbox 2005 3330 3579 3404">
     <span class='ocr_line' id='line_1_79' title="bbox 2005 3330 3579 3404; baseline -0.003 -15"><span class='ocrx_word' id='word_1_568' title='bbox 2005 3342 2245 3404; x_wconf 87' lang='lat' dir='ltr'><strong>oportet,</strong></span> <span class='ocrx_word' id='word_1_569' title='bbox 2269 3332 2430 3404; x_wconf 70' lang='grc'><strong>417</strong></span> <span class='ocrx_word' id='word_1_570' title='bbox 2459 3333 2713 3403; x_wconf 89' lang='lat' dir='ltr'><strong>interque</strong></span> <span class='ocrx_word' id='word_1_571' title='bbox 2749 3330 3106 3401; x_wconf 74' lang='lat' dir='ltr'><strong>blasphemas</strong></span> <span class='ocrx_word' id='word_1_572' title='bbox 3156 3332 3450 3400; x_wconf 88' lang='lat' dir='ltr'><strong>impiorum</strong></span> <span class='ocrx_word' id='word_1_573' title='bbox 3484 3346 3579 3384; x_wconf 84' lang='lat' dir='ltr'><strong>vo-</strong></span> 
     </span>
    </p>
   </div>
   <div class='ocr_carea' id='block_1_80' title="bbox 2006 3422 3577 3495">
    <p class='ocr_par' dir='ltr' id='par_1_80' title="bbox 2006 3422 3577 3495">
     <span class='ocr_line' id='line_1_80' title="bbox 2006 3422 3577 3495; baseline -0.003 -14"><span class='ocrx_word' id='word_1_574' title='bbox 2006 3442 2119 3492; x_wconf 89' lang='lat' dir='ltr'><strong>ees,</strong></span> <span class='ocrx_word' id='word_1_575' title='bbox 2148 3426 2407 3479; x_wconf 84' lang='lat' dir='ltr'><strong>Davidem</strong></span> <span class='ocrx_word' id='word_1_576' title='bbox 2431 3424 2624 3479; x_wconf 84' lang='lat' dir='ltr'><strong>audire</strong></span> <span class='ocrx_word' id='word_1_577' title='bbox 2658 3424 2978 3495; x_wconf 87' lang='lat' dir='ltr'><strong>psallentem</strong></span> <span class='ocrx_word' id='word_1_578' title='bbox 3007 3424 3095 3478; x_wconf 88' lang='lat' dir='ltr'><strong>his</strong></span> <span class='ocrx_word' id='word_1_579' title='bbox 3118 3424 3331 3479; x_wconf 83' lang='lat' dir='ltr'><strong>verbis:</strong></span> <span class='ocrx_word' id='word_1_580' title='bbox 3362 3443 3380 3475; x_wconf 82' lang='grc' dir='ltr'><strong>ι</strong></span> <span class='ocrx_word' id='word_1_581' title='bbox 3411 3422 3577 3478; x_wconf 84' lang='lat' dir='ltr'><strong>Posui</strong></span> 
     </span>
    </p>
   </div>
   <div class='ocr_carea' id='block_1_81' title="bbox 2005 3516 3578 3582">
    <p class='ocr_par' dir='ltr' id='par_1_81' title="bbox 2005 3516 3578 3582">
     <span class='ocr_line' id='line_1_81' title="bbox 2005 3516 3578 3582; baseline -0.003 -8"><span class='ocrx_word' id='word_1_582' title='bbox 2005 3519 2088 3574; x_wconf 89' lang='lat' dir='ltr'><strong>ori</strong></span> <span class='ocrx_word' id='word_1_583' title='bbox 2121 3533 2245 3572; x_wconf 89' lang='lat' dir='ltr'><strong>meo</strong></span> <span class='ocrx_word' id='word_1_584' title='bbox 2280 3518 2626 3582; x_wconf 85' lang='lat' dir='ltr'><strong>custodiam;</strong></span> <span class='ocrx_word' id='word_1_585' title='bbox 2660 3532 2787 3571; x_wconf 91' lang='lat' dir='ltr'><strong>cum</strong></span> <span class='ocrx_word' id='word_1_586' title='bbox 2836 3518 3165 3571; x_wconf 87' lang='lat' dir='ltr'><strong>consisteret</strong></span> <span class='ocrx_word' id='word_1_587' title='bbox 3198 3516 3464 3572; x_wconf 87' lang='lat' dir='ltr'><strong>adversus</strong></span> <span class='ocrx_word' id='word_1_588' title='bbox 3492 3532 3578 3570; x_wconf 86' lang='lat' dir='ltr'><strong>me</strong></span> 
     </span>
    </p>
   </div>
   <div class='ocr_carea' id='block_1_82' title="bbox 2004 3605 3578 3678">
    <p class='ocr_par' dir='ltr' id='par_1_82' title="bbox 2004 3605 3578 3678">
     <span class='ocr_line' id='line_1_82' title="bbox 2004 3605 3578 3678; baseline -0.003 -16"><span class='ocrx_word' id='word_1_589' title='bbox 2004 3616 2281 3678; x_wconf 89' lang='lat' dir='ltr'><strong>peccator,</strong></span> <span class='ocrx_word' id='word_1_590' title='bbox 2306 3606 2577 3673; x_wconf 90' lang='lat' dir='ltr'><strong>obmutui,</strong></span> <span class='ocrx_word' id='word_1_591' title='bbox 2610 3615 2663 3662; x_wconf 90' lang='lat' dir='ltr'><strong>et</strong></span> <span class='ocrx_word' id='word_1_592' title='bbox 2710 3606 3030 3663; x_wconf 85' lang='lat' dir='ltr'><strong>humiliatus</strong></span> <span class='ocrx_word' id='word_1_593' title='bbox 3082 3621 3227 3669; x_wconf 91' lang='lat' dir='ltr'><strong>sum,</strong></span> <span class='ocrx_word' id='word_1_594' title='bbox 3273 3615 3327 3660; x_wconf 88' lang='lat' dir='ltr'><strong>et</strong></span> <span class='ocrx_word' id='word_1_595' title='bbox 3387 3605 3514 3661; x_wconf 88' lang='lat' dir='ltr'><strong>silui</strong></span> <span class='ocrx_word' id='word_1_596' title='bbox 3548 3621 3578 3657; x_wconf 83' lang='lat' dir='ltr'><strong>a</strong></span> 
     </span>
    </p>
   </div>
   <div class='ocr_carea' id='block_1_83' title="bbox 2006 3700 2314 3755">
    <p class='ocr_par' dir='ltr' id='par_1_83' title="bbox 2006 3700 2314 3755">
     <span class='ocr_line' id='line_1_83' title="bbox 2006 3700 2314 3755; baseline -0.01 -1"><span class='ocrx_word' id='word_1_597' title='bbox 2006 3700 2165 3755; x_wconf 86' lang='lat' dir='ltr'><strong>bonis</strong></span> <span class='ocrx_word' id='word_1_598' title='bbox 2190 3700 2255 3752; x_wconf 84' lang='grc'><strong>¹¹.</strong></span> <span class='ocrx_word' id='word_1_599' title='bbox 2296 3719 2314 3751; x_wconf 67' lang='grc' dir='ltr'><strong>ι</strong></span> 
     </span>
    </p>
   </div>
   <div class='ocr_carea' id='block_1_84' title="bbox 2561 3788 3020 3845">
    <p class='ocr_par' dir='ltr' id='par_1_84' title="bbox 2561 3788 3020 3845">
     <span class='ocr_line' id='line_1_84' title="bbox 2561 3788 3020 3845; baseline -0.009 0"><span class='ocrx_word' id='word_1_600' title='bbox 2561 3788 2715 3845; x_wconf 81' lang='lat' dir='ltr'><strong>CAP.</strong></span> <span class='ocrx_word' id='word_1_601' title='bbox 2756 3788 3020 3845; x_wconf 76' lang='lat' dir='ltr'><strong>XXXVII.</strong></span> 
     </span>
    </p>
   </div>
   <div class='ocr_carea' id='block_1_85' title="bbox 2076 3876 3584 3949">
    <p class='ocr_par' dir='ltr' id='par_1_85' title="bbox 2076 3876 3584 3949">
     <span class='ocr_line' id='line_1_85' title="bbox 2076 3876 3584 3949; baseline -0.001 -18"><span class='ocrx_word' id='word_1_602' title='bbox 2076 3881 2244 3936; x_wconf 67' lang='lat' dir='ltr'><strong>Vens.</strong></span> <span class='ocrx_word' id='word_1_603' title='bbox 2272 3880 2394 3935; x_wconf 75' lang='grc'><strong>1-7.</strong></span> <span class='ocrx_word' id='word_1_604' title='bbox 2433 3878 2503 3934; x_wconf 88' lang='lat' dir='ltr'><strong>Et</strong></span> <span class='ocrx_word' id='word_1_605' title='bbox 2540 3879 2743 3949; x_wconf 83' lang='lat' dir='ltr'><strong>factum</strong></span> <span class='ocrx_word' id='word_1_606' title='bbox 2788 3890 2862 3933; x_wconf 79' lang='lat' dir='ltr'><strong>est</strong></span> <span class='ocrx_word' id='word_1_607' title='bbox 2905 3894 3022 3933; x_wconf 83' lang='lat' dir='ltr'><strong>cum</strong></span> <span class='ocrx_word' id='word_1_608' title='bbox 3054 3879 3262 3931; x_wconf 82' lang='lat' dir='ltr'><strong>audiret</strong></span> <span class='ocrx_word' id='word_1_609' title='bbox 3305 3892 3400 3931; x_wconf 74' lang='lat' dir='ltr'><strong>rea:</strong></span> <span class='ocrx_word' id='word_1_610' title='bbox 3450 3876 3584 3930; x_wconf 72' lang='lat' dir='ltr'><strong>Eze-</strong></span> 
     </span>
    </p>
   </div>
   <div class='ocr_carea' id='block_1_86' title="bbox 2007 3965 3584 4039">
    <p class='ocr_par' dir='ltr' id='par_1_86' title="bbox 2007 3965 3584 4039">
     <span class='ocr_line' id='line_1_86' title="bbox 2007 3965 3584 4039; baseline -0.003 -13"><span class='ocrx_word' id='word_1_611' title='bbox 2007 3973 2176 4039; x_wconf 83' lang='lat' dir='ltr'><strong>chias,</strong></span> <span class='ocrx_word' id='word_1_612' title='bbox 2211 3972 2369 4025; x_wconf 84' lang='lat' dir='ltr'><strong>scidit</strong></span> <span class='ocrx_word' id='word_1_613' title='bbox 2397 3965 2857 4035; x_wconf 28' lang='lat' dir='ltr'><strong>vestimenta‘sua,</strong></span> <span class='ocrx_word' id='word_1_614' title='bbox 2904 3980 2954 4025; x_wconf 83' lang='lat' dir='ltr'><strong>et</strong></span> <span class='ocrx_word' id='word_1_615' title='bbox 3014 3986 3224 4023; x_wconf 81' lang='lat' dir='ltr'><strong>saccum</strong></span> <span class='ocrx_word' id='word_1_616' title='bbox 3278 3969 3485 4033; x_wconf 81' lang='lat' dir='ltr'><strong>induit,</strong></span> <span class='ocrx_word' id='word_1_617' title='bbox 3536 3979 3584 4023; x_wconf 76' lang='lat' dir='ltr'><strong>ct</strong></span> 
     </span>
    </p>
   </div>
   <div class='ocr_carea' id='block_1_87' title="bbox 2012 4062 2980 4127">
    <p class='ocr_par' dir='ltr' id='par_1_87' title="bbox 2012 4062 2980 4127">
     <span class='ocr_line' id='line_1_87' title="bbox 2012 4062 2980 4127; baseline 0.001 -12"><span class='ocrx_word' id='word_1_618' title='bbox 2012 4063 2250 4116; x_wconf 77' lang='lat' dir='ltr'><strong>ascendit</strong></span> <span class='ocrx_word' id='word_1_619' title='bbox 2272 4063 2327 4116; x_wconf 86' lang='lat' dir='ltr'><strong>in</strong></span> <span class='ocrx_word' id='word_1_620' title='bbox 2354 4062 2570 4116; x_wconf 88' lang='lat' dir='ltr'><strong>domum</strong></span> <span class='ocrx_word' id='word_1_621' title='bbox 2601 4062 2838 4127; x_wconf 83' lang='lat' dir='ltr'><strong>Domini,</strong></span> <span class='ocrx_word' id='word_1_622' title='bbox 2870 4072 2980 4116; x_wconf 91' lang='lat' dir='ltr'><strong>etc.</strong></span> 
     </span>
    </p>
   </div>
   <div class='ocr_carea' id='block_1_88' title="bbox 2082 4262 3587 4334">
    <p class='ocr_par' dir='ltr' id='par_1_88' title="bbox 2082 4262 3587 4334">
     <span class='ocr_line' id='line_1_88' title="bbox 2082 4262 3587 4334; baseline 0 -15"><span class='ocrx_word' id='word_1_623' title='bbox 2082 4263 2250 4334; x_wconf 65' lang='grc'><strong>418</strong></span> <span class='ocrx_word' id='word_1_624' title='bbox 2282 4263 2397 4320; x_wconf 84' lang='lat' dir='ltr'><strong>Mos</strong></span> <span class='ocrx_word' id='word_1_625' title='bbox 2431 4272 2549 4317; x_wconf 88' lang='lat' dir='ltr'><strong>erat</strong></span> <span class='ocrx_word' id='word_1_626' title='bbox 2581 4262 2848 4330; x_wconf 62' lang='lat' dir='ltr'><strong>Hebraeis,</strong></span> <span class='ocrx_word' id='word_1_627' title='bbox 2877 4264 2921 4319; x_wconf 89' lang='lat' dir='ltr'><strong>si</strong></span> <span class='ocrx_word' id='word_1_628' title='bbox 2953 4279 3091 4333; x_wconf 87' lang='lat' dir='ltr'><strong>quas</strong></span> <span class='ocrx_word' id='word_1_629' title='bbox 3131 4265 3183 4318; x_wconf 92' lang='lat' dir='ltr'><strong>in</strong></span> <span class='ocrx_word' id='word_1_630' title='bbox 3220 4264 3387 4320; x_wconf 89' lang='lat' dir='ltr'><strong>Deum</strong></span> <span class='ocrx_word' id='word_1_631' title='bbox 3444 4266 3587 4321; x_wconf 77' lang='lat' dir='ltr'><strong>blas-</strong></span> 
     </span>
    </p>
   </div>
   <div class='ocr_carea' id='block_1_89' title="bbox 2012 4355 3590 4427">
    <p class='ocr_par' dir='ltr' id='par_1_89' title="bbox 2012 4355 3590 4427">
     <span class='ocr_line' id='line_1_89' title="bbox 2012 4355 3590 4427; baseline 0 -18"><span class='ocrx_word' id='word_1_632' title='bbox 2012 4356 2262 4426; x_wconf 83' lang='lat' dir='ltr'><strong>phemias</strong></span> <span class='ocrx_word' id='word_1_633' title='bbox 2301 4355 2605 4420; x_wconf 88' lang='lat' dir='ltr'><strong>audissent,</strong></span> <span class='ocrx_word' id='word_1_634' title='bbox 2638 4364 2821 4411; x_wconf 87' lang='lat' dir='ltr'><strong>vestes</strong></span> <span class='ocrx_word' id='word_1_635' title='bbox 2850 4372 2981 4411; x_wconf 89' lang='lat' dir='ltr'><strong>suas</strong></span> <span class='ocrx_word' id='word_1_636' title='bbox 3034 4358 3297 4411; x_wconf 82' lang='lat' dir='ltr'><strong>lacerare.</strong></span> <span class='ocrx_word' id='word_1_637' title='bbox 3346 4358 3590 4427; x_wconf 82' lang='lat' dir='ltr'><strong>Indeque</strong></span> 
     </span>
    </p>
   </div>
   <div class='ocr_carea' id='block_1_90' title="bbox 2013 4446 3589 4516">
    <p class='ocr_par' dir='ltr' id='par_1_90' title="bbox 2013 4446 3589 4516">
     <span class='ocr_line' id='line_1_90' title="bbox 2013 4446 3589 4516; baseline 0 -14"><span class='ocrx_word' id='word_1_638' title='bbox 2013 4446 2447 4516; x_wconf 87' lang='lat' dir='ltr'><strong>est,quod,cum</strong></span> <span class='ocrx_word' id='word_1_639' title='bbox 2473 4447 2703 4501; x_wconf 87' lang='lat' dir='ltr'><strong>dixisset</strong></span> <span class='ocrx_word' id='word_1_640' title='bbox 2724 4446 2977 4501; x_wconf 87' lang='lat' dir='ltr'><strong>Salvator</strong></span> <span class='ocrx_word' id='word_1_641' title='bbox 3005 4466 3018 4502; x_wconf 92' lang='lat'><strong>:</strong></span> <span class='ocrx_word' id='word_1_642' title='bbox 3054 4468 3070 4498; x_wconf 81' lang='grc' dir='ltr'><strong>ι</strong></span> <span class='ocrx_word' id='word_1_643' title='bbox 3102 4448 3316 4503; x_wconf 85' lang='lat' dir='ltr'><strong>Amodo</strong></span> <span class='ocrx_word' id='word_1_644' title='bbox 3333 4449 3589 4504; x_wconf 87' lang='lat' dir='ltr'><strong>videbitis</strong></span> 
     </span>
    </p>
   </div>
   <div class='ocr_carea' id='block_1_91' title="bbox 318 4535 2010 4612">
    <p class='ocr_par' dir='ltr' id='par_1_91' title="bbox 318 4535 1986 4612">
     <span class='ocr_line' id='line_1_91' title="bbox 318 4535 1986 4612; baseline -0.002 -14"><span class='ocrx_word' id='word_1_645' title='bbox 318 4542 614 4612; x_wconf 84' lang='grc' dir='ltr'>ἀνθρώπου</span> <span class='ocrx_word' id='word_1_646' title='bbox 651 4539 953 4608; x_wconf 88' lang='grc' dir='ltr'>καθήμενον</span> <span class='ocrx_word' id='word_1_647' title='bbox 993 4538 1057 4589; x_wconf 79' lang='grc' dir='ltr'><strong>ἐκ</strong></span> <span class='ocrx_word' id='word_1_648' title='bbox 1088 4535 1275 4599; x_wconf 81' lang='grc' dir='ltr'>δεξιῶν</span> <span class='ocrx_word' id='word_1_649' title='bbox 1331 4540 1430 4606; x_wconf 81' lang='grc' dir='ltr'>τῆς</span> <span class='ocrx_word' id='word_1_650' title='bbox 1477 4537 1782 4606; x_wconf 83' lang='grc' dir='ltr'>δυνάμεως,</span> <span class='ocrx_word' id='word_1_651' title='bbox 1815 4539 1911 4592; x_wconf 77' lang='grc' dir='ltr'><strong>καὶ</strong></span> <span class='ocrx_word' id='word_1_652' title='bbox 1942 4540 1986 4595; x_wconf 84' lang='lat' dir='ltr'><strong>D</strong></span> 
     </span>
    </p>
   </div>
   <div class='ocr_carea' id='block_1_92' title="bbox 1897 4535 3589 4612">
    <p class='ocr_par' dir='ltr' id='par_1_92' title="bbox 1897 4537 3589 4606">
     <span class='ocr_line' id='line_1_92' title="bbox 1897 4537 3589 4606; baseline 0.004 -15"><span class='ocrx_word' id='word_1_653' title='bbox 1897 4544 1911 4591; x_wconf 80' lang='grc' dir='ltr'><strong>ι</strong></span> <span class='ocrx_word' id='word_1_654' title='bbox 1942 4540 1986 4595; x_wconf 85' lang='lat' dir='ltr'><strong>D</strong></span> <span class='ocrx_word' id='word_1_655' title='bbox 2015 4537 2216 4592; x_wconf 88' lang='lat' dir='ltr'><strong>Filium</strong></span> <span class='ocrx_word' id='word_1_656' title='bbox 2263 4538 2504 4594; x_wconf 88' lang='lat' dir='ltr'><strong>hominis</strong></span> <span class='ocrx_word' id='word_1_657' title='bbox 2526 4540 2805 4596; x_wconf 82' lang='lat' dir='ltr'><strong>sedentem</strong></span> <span class='ocrx_word' id='word_1_658' title='bbox 2841 4556 2870 4593; x_wconf 88' lang='lat' dir='ltr'><strong>a</strong></span> <span class='ocrx_word' id='word_1_659' title='bbox 2901 4541 3111 4596; x_wconf 87' lang='lat' dir='ltr'><strong>dextris</strong></span> <span class='ocrx_word' id='word_1_660' title='bbox 3142 4542 3387 4606; x_wconf 83' lang='lat' dir='ltr'><strong>virtutis,</strong></span> <span class='ocrx_word' id='word_1_661' title='bbox 3419 4551 3473 4597; x_wconf 89' lang='lat' dir='ltr'><strong>ct</strong></span> <span class='ocrx_word' id='word_1_662' title='bbox 3498 4559 3589 4597; x_wconf 86' lang='lat' dir='ltr'><strong>ve-</strong></span> 
     </span>
    </p>
   </div>
   <div class='ocr_carea' id='block_1_93' title="bbox 319 4624 1912 4701">
    <p class='ocr_par' dir='ltr' id='par_1_93' title="bbox 319 4624 1912 4701">
     <span class='ocr_line' id='line_1_93' title="bbox 319 4624 1912 4701; baseline -0.011 -17"><span class='ocrx_word' id='word_1_663' title='bbox 319 4631 622 4701; x_wconf 72' lang='grc' dir='ltr'>ἐρχόμενον</span> <span class='ocrx_word' id='word_1_664' title='bbox 651 4628 746 4681; x_wconf 75' lang='grc' dir='ltr'>ἐπὶ</span> <span class='ocrx_word' id='word_1_665' title='bbox 776 4628 885 4680; x_wconf 86' lang='grc' dir='ltr'><strong>τῶν</strong></span> <span class='ocrx_word' id='word_1_666' title='bbox 918 4624 1156 4692; x_wconf 82' lang='grc' dir='ltr'>νεφελῶν</span> <span class='ocrx_word' id='word_1_667' title='bbox 1185 4630 1280 4677; x_wconf 86' lang='grc' dir='ltr'><strong>τοῦ</strong></span> <span class='ocrx_word' id='word_1_668' title='bbox 1309 4627 1539 4695; x_wconf 77' lang='grc' dir='ltr'>οὐρανοῦ</span> <span class='ocrx_word' id='word_1_669' title='bbox 1564 4667 1577 4690; x_wconf 88' lang='grc'><strong>,</strong></span> <span class='ocrx_word' id='word_1_670' title='bbox 1615 4645 1634 4676; x_wconf 72' lang='grc' dir='ltr'><strong>ι</strong></span> <span class='ocrx_word' id='word_1_671' title='bbox 1671 4635 1699 4679; x_wconf 85' lang='grc' dir='ltr'><strong>ο</strong></span> <span class='ocrx_word' id='word_1_672' title='bbox 1728 4630 1912 4697; x_wconf 84' lang='grc' dir='ltr'>ἀρχιε-</span> 
     </span>
    </p>
   </div>
   <div class='ocr_carea' id='block_1_94' title="bbox 321 4714 1908 4795">
    <p class='ocr_par' dir='ltr' id='par_1_94' title="bbox 321 4714 1908 4795">
     <span class='ocr_line' id='line_1_94' title="bbox 321 4714 1908 4795; baseline -0.009 -21"><span class='ocrx_word' id='word_1_673' title='bbox 321 4722 455 4795; x_wconf 63' lang='lat' dir='ltr'><strong>psi);</strong></span> <span class='ocrx_word' id='word_1_674' title='bbox 477 4718 734 4790; x_wconf 63' lang='grc' dir='ltr'>διέρρηξε</span> <span class='ocrx_word' id='word_1_675' title='bbox 762 4718 828 4770; x_wconf 73' lang='grc' dir='ltr'>τὰ</span> <span class='ocrx_word' id='word_1_676' title='bbox 859 4718 1049 4785; x_wconf 80' lang='grc' dir='ltr'>ἱμάτια</span> <span class='ocrx_word' id='word_1_677' title='bbox 1080 4714 1248 4768; x_wconf 80' lang='grc' dir='ltr'>αὑτοῦ</span> <span class='ocrx_word' id='word_1_678' title='bbox 1292 4714 1488 4782; x_wconf 78' lang='grc' dir='ltr'>λέγων,</span> <span class='ocrx_word' id='word_1_679' title='bbox 1533 4734 1553 4766; x_wconf 82' lang='grc' dir='ltr'><strong>ι</strong></span> <span class='ocrx_word' id='word_1_680' title='bbox 1599 4716 1908 4787; x_wconf 75' lang='grc' dir='ltr'>Ἐ6),ασφή-</span> 
     </span>
    </p>
   </div>
   <div class='ocr_carea' id='block_1_95' title="bbox 322 4805 1911 4883">
    <p class='ocr_par' dir='ltr' id='par_1_95' title="bbox 322 4805 1911 4883">
     <span class='ocr_line' id='line_1_95' title="bbox 322 4805 1911 4883; baseline -0.004 -18"><span class='ocrx_word' id='word_1_681' title='bbox 322 4829 523 4883; x_wconf 80' lang='grc' dir='ltr'>μησεν.</span> <span class='ocrx_word' id='word_1_682' title='bbox 556 4830 574 4862; x_wconf 74' lang='grc' dir='ltr'><strong>ι</strong></span> <span class='ocrx_word' id='word_1_683' title='bbox 607 4810 717 4863; x_wconf 73' lang='grc' dir='ltr'><strong>Καὶ</strong></span> <span class='ocrx_word' id='word_1_684' title='bbox 745 4808 811 4860; x_wconf 82' lang='grc' dir='ltr'>δι’</span> <span class='ocrx_word' id='word_1_685' title='bbox 838 4807 954 4869; x_wconf 79' lang='grc' dir='ltr'>ἐνὸς</span> <span class='ocrx_word' id='word_1_686' title='bbox 974 4807 1028 4859; x_wconf 80' lang='grc' dir='ltr'>δὲ</span> <span class='ocrx_word' id='word_1_687' title='bbox 1057 4806 1205 4872; x_wconf 83' lang='grc' dir='ltr'>λέγει</span> <span class='ocrx_word' id='word_1_688' title='bbox 1232 4805 1340 4858; x_wconf 88' lang='grc' dir='ltr'><strong>τῶν</strong></span> <span class='ocrx_word' id='word_1_689' title='bbox 1367 4808 1683 4877; x_wconf 61' lang='grc' dir='ltr'>προῳητῶν,</span> <span class='ocrx_word' id='word_1_690' title='bbox 1703 4826 1721 4859; x_wconf 80' lang='grc' dir='ltr'><strong>ι</strong></span> <span class='ocrx_word' id='word_1_691' title='bbox 1748 4810 1911 4879; x_wconf 78' lang='grc' dir='ltr'>Διαρ-</span> 
     </span>
    </p>
   </div>
   <div class='ocr_carea' id='block_1_96' title="bbox 322 4894 1915 4972">
    <p class='ocr_par' dir='ltr' id='par_1_96' title="bbox 322 4894 1915 4972">
     <span class='ocr_line' id='line_1_96' title="bbox 322 4894 1915 4972; baseline -0.002 -19"><span class='ocrx_word' id='word_1_692' title='bbox 322 4900 531 4972; x_wconf 77' lang='grc' dir='ltr'>ῥήξατε</span> <span class='ocrx_word' id='word_1_693' title='bbox 565 4899 664 4961; x_wconf 77' lang='grc' dir='ltr'><strong>τὰς</strong></span> <span class='ocrx_word' id='word_1_694' title='bbox 699 4896 926 4967; x_wconf 83' lang='grc' dir='ltr'>καρδίας</span> <span class='ocrx_word' id='word_1_695' title='bbox 948 4895 1124 4965; x_wconf 83' lang='grc' dir='ltr'>ὑμῶν,</span> <span class='ocrx_word' id='word_1_696' title='bbox 1157 4894 1249 4947; x_wconf 62' lang='grc' dir='ltr'><strong>καὶ¹</strong></span> <span class='ocrx_word' id='word_1_697' title='bbox 1284 4894 1359 4965; x_wconf 85' lang='grc' dir='ltr'>μὴ</span> <span class='ocrx_word' id='word_1_698' title='bbox 1394 4894 1461 4947; x_wconf 76' lang='grc' dir='ltr'>τὰ</span> <span class='ocrx_word' id='word_1_699' title='bbox 1500 4897 1709 4964; x_wconf 85' lang='grc' dir='ltr'>ἱμάτια.</span> <span class='ocrx_word' id='word_1_700' title='bbox 1744 4914 1762 4947; x_wconf 76' lang='grc' dir='ltr'><strong>ι</strong></span> <span class='ocrx_word' id='word_1_701' title='bbox 1804 4898 1915 4960; x_wconf 80' lang='grc' dir='ltr'><strong>Τὰς</strong></span> 
     </span>
    </p>
   </div>
   <div class='ocr_carea' id='block_1_97' title="bbox 322 4986 1915 5058">
    <p class='ocr_par' dir='ltr' id='par_1_97' title="bbox 322 4986 1915 5058">
     <span class='ocr_line' id='line_1_97' title="bbox 322 4986 1915 5058; baseline -0.003 -11"><span class='ocrx_word' id='word_1_702' title='bbox 322 4991 541 5047; x_wconf 81' lang='grc' dir='ltr'>ἑαυτῶν</span> <span class='ocrx_word' id='word_1_703' title='bbox 586 4990 695 5058; x_wconf 74' lang='grc' dir='ltr'>γὰρ</span> <span class='ocrx_word' id='word_1_704' title='bbox 726 4988 895 5058; x_wconf 79' lang='grc' dir='ltr'>ῷοντο</span> <span class='ocrx_word' id='word_1_705' title='bbox 960 4986 1285 5057; x_wconf 83' lang='grc' dir='ltr'>θεραπεύειν</span> <span class='ocrx_word' id='word_1_706' title='bbox 1319 4989 1684 5057; x_wconf 86' lang='grc' dir='ltr'>παρανομίας,</span> <span class='ocrx_word' id='word_1_707' title='bbox 1738 4991 1786 5042; x_wconf 84' lang='grc' dir='ltr'>εὶ</span> <span class='ocrx_word' id='word_1_708' title='bbox 1823 4992 1915 5043; x_wconf 79' lang='grc' dir='ltr'><strong>ἐπὶ</strong></span> 
     </span>
    </p>
   </div>
   <div class='ocr_carea' id='block_1_98' title="bbox 319 5079 1911 5150">
    <p class='ocr_par' dir='ltr' id='par_1_98' title="bbox 319 5079 1911 5150">
     <span class='ocr_line' id='line_1_98' title="bbox 319 5079 1911 5150; baseline -0.003 -12"><span class='ocrx_word' id='word_1_709' title='bbox 319 5088 446 5146; x_wconf 83' lang='grc' dir='ltr'>ταῖς</span> <span class='ocrx_word' id='word_1_710' title='bbox 482 5083 624 5135; x_wconf 77' lang='grc' dir='ltr'>κατὰ</span> <span class='ocrx_word' id='word_1_711' title='bbox 656 5080 791 5133; x_wconf 86' lang='grc' dir='ltr'>Θεοῦ</span> <span class='ocrx_word' id='word_1_712' title='bbox 833 5079 1207 5149; x_wconf 68' lang='grc' dir='ltr'>βλασφημίαις</span> <span class='ocrx_word' id='word_1_713' title='bbox 1236 5080 1768 5147; x_wconf 79' lang='grc' dir='ltr'>περιρῤηγνύοιντο</span> <span class='ocrx_word' id='word_1_714' title='bbox 1794 5081 1911 5150; x_wconf 75' lang='grc' dir='ltr'><strong>τὴν</strong></span> 
     </span>
    </p>
   </div>
   <div class='ocr_carea' id='block_1_99' title="bbox 320 5170 1915 5241">
    <p class='ocr_par' dir='ltr' id='par_1_99' title="bbox 320 5170 1915 5241">
     <span class='ocr_line' id='line_1_99' title="bbox 320 5170 1915 5241; baseline -0.002 -12"><span class='ocrx_word' id='word_1_715' title='bbox 320 5175 577 5241; x_wconf 83' lang='grc' dir='ltr'>ἐσθῆτα.</span> <span class='ocrx_word' id='word_1_716' title='bbox 612 5172 785 5226; x_wconf 89' lang='grc' dir='ltr'>Τοῦτο</span> <span class='ocrx_word' id='word_1_717' title='bbox 819 5171 995 5224; x_wconf 77' lang='grc' dir='ltr'>δὲκαὶ</span> <span class='ocrx_word' id='word_1_718' title='bbox 1027 5171 1122 5224; x_wconf 90' lang='grc' dir='ltr'><strong>νῦν</strong></span> <span class='ocrx_word' id='word_1_719' title='bbox 1161 5171 1348 5241; x_wconf 81' lang='grc' dir='ltr'>ἔδρων,</span> <span class='ocrx_word' id='word_1_720' title='bbox 1380 5170 1457 5233; x_wconf 85' lang='grc' dir='ltr'>ὡς</span> <span class='ocrx_word' id='word_1_721' title='bbox 1495 5171 1769 5225; x_wconf 71' lang='grc' dir='ltr'>δυσσεϐῶν</span> <span class='ocrx_word' id='word_1_722' title='bbox 1822 5191 1915 5226; x_wconf 78' lang='grc' dir='ltr'>κε-</span> 
     </span>
    </p>
   </div>
   <div class='ocr_carea' id='block_1_100' title="bbox 321 5262 1911 5336">
    <p class='ocr_par' dir='ltr' id='par_1_100' title="bbox 321 5262 1911 5336">
     <span class='ocr_line' id='line_1_100' title="bbox 321 5262 1911 5336; baseline 0.001 -18"><span class='ocrx_word' id='word_1_723' title='bbox 321 5266 725 5336; x_wconf 83' lang='grc' dir='ltr'>κοινωνηκότες</span> <span class='ocrx_word' id='word_1_724' title='bbox 737 5263 1024 5332; x_wconf 73' lang='grc' dir='ltr'>ῥημάτων</span> <span class='ocrx_word' id='word_1_725' title='bbox 1045 5262 1132 5315; x_wconf 83' lang='grc' dir='ltr'>διὰ</span> <span class='ocrx_word' id='word_1_726' title='bbox 1161 5265 1258 5333; x_wconf 81' lang='grc' dir='ltr'>τῆς</span> <span class='ocrx_word' id='word_1_727' title='bbox 1281 5262 1470 5331; x_wconf 81' lang='grc' dir='ltr'>ἀκοῆς,</span> <span class='ocrx_word' id='word_1_728' title='bbox 1496 5263 1527 5332; x_wconf 81' lang='grc' dir='ltr'><strong>ἧ</strong></span> <span class='ocrx_word' id='word_1_729' title='bbox 1552 5264 1626 5327; x_wconf 84' lang='grc' dir='ltr'>ὡς</span> <span class='ocrx_word' id='word_1_730' title='bbox 1654 5264 1721 5316; x_wconf 82' lang='grc' dir='ltr'>δι’</span> <span class='ocrx_word' id='word_1_731' title='bbox 1749 5266 1911 5320; x_wconf 66' lang='grc' dir='ltr'>αὐτοῦ</span> 
     </span>
    </p>
   </div>
   <div class='ocr_carea' id='block_1_101' title="bbox 325 5352 1912 5427">
    <p class='ocr_par' dir='ltr' id='par_1_101' title="bbox 325 5352 1912 5427">
     <span class='ocr_line' id='line_1_101' title="bbox 325 5352 1912 5427; baseline 0.001 -19"><span class='ocrx_word' id='word_1_732' title='bbox 325 5354 827 5427; x_wconf 81' lang='grc' dir='ltr'>βλασφημουμένου</span> <span class='ocrx_word' id='word_1_733' title='bbox 865 5352 1023 5405; x_wconf 86' lang='grc' dir='ltr'>Θεοῦ.</span> <span class='ocrx_word' id='word_1_734' title='bbox 1055 5353 1131 5405; x_wconf 85' lang='grc' dir='ltr'><strong>Οὐ</strong></span> <span class='ocrx_word' id='word_1_735' title='bbox 1178 5352 1284 5423; x_wconf 81' lang='grc' dir='ltr'>γὰρ</span> <span class='ocrx_word' id='word_1_736' title='bbox 1324 5352 1567 5405; x_wconf 77' lang='grc' dir='ltr'>ἀνελθεῖν</span> <span class='ocrx_word' id='word_1_737' title='bbox 1619 5357 1633 5392; x_wconf 83' lang='grc' dir='ltr'>ι</span> <span class='ocrx_word' id='word_1_738' title='bbox 1675 5372 1912 5425; x_wconf 79' lang='grc' dir='ltr'>συνεχω-</span> 
     </span>
    </p>
   </div>
   <div class='ocr_carea' id='block_1_102' title="bbox 324 5442 1913 5519">
    <p class='ocr_par' dir='ltr' id='par_1_102' title="bbox 324 5442 1913 5519">
     <span class='ocr_line' id='line_1_102' title="bbox 324 5442 1913 5519; baseline 0.001 -21"><span class='ocrx_word' id='word_1_739' title='bbox 324 5444 475 5519; x_wconf 78' lang='grc' dir='ltr'>ρήθη</span> <span class='ocrx_word' id='word_1_740' title='bbox 521 5446 685 5516; x_wconf 83' lang='grc' dir='ltr'>μέχρι</span> <span class='ocrx_word' id='word_1_741' title='bbox 714 5444 923 5510; x_wconf 85' lang='grc' dir='ltr'>πυλῶν,</span> <span class='ocrx_word' id='word_1_742' title='bbox 965 5444 1052 5497; x_wconf 82' lang='grc' dir='ltr'>ἵνα</span> <span class='ocrx_word' id='word_1_743' title='bbox 1087 5445 1183 5497; x_wconf 72' lang='grc' dir='ltr'><strong>καὶ</strong></span> <span class='ocrx_word' id='word_1_744' title='bbox 1210 5442 1433 5497; x_wconf 89' lang='grc' dir='ltr'>τοιαῦτα</span> <span class='ocrx_word' id='word_1_745' title='bbox 1465 5443 1913 5516; x_wconf 81' lang='grc' dir='ltr'>βλασφημοῦντος</span> 
     </span>
    </p>
   </div>
   <div class='ocr_carea' id='block_1_103' title="bbox 404 5594 1671 5664">
    <p class='ocr_par' dir='ltr' id='par_1_103' title="bbox 404 5594 1671 5664">
     <span class='ocr_line' id='line_1_103' title="bbox 404 5594 1671 5664; baseline -0.003 -9"><span class='ocrx_word' id='word_1_746' title='bbox 404 5599 451 5631; x_wconf 81' lang='grc'><strong><em>⁸⁸</em></strong></span> <span class='ocrx_word' id='word_1_747' title='bbox 473 5597 645 5654; x_wconf 76' lang='lat' dir='ltr'><strong>Eccli.</strong></span> <span class='ocrx_word' id='word_1_748' title='bbox 691 5612 809 5663; x_wconf 78' lang='lat' dir='ltr'><strong>vui,</strong></span> <span class='ocrx_word' id='word_1_749' title='bbox 842 5597 927 5652; x_wconf 76' lang='lat' dir='ltr'><strong>l5.</strong></span> <span class='ocrx_word' id='word_1_750' title='bbox 1009 5596 1049 5626; x_wconf 87' lang='lat'>“</span> <span class='ocrx_word' id='word_1_751' title='bbox 1079 5594 1228 5650; x_wconf 85' lang='lat' dir='ltr'><strong>Psal.</strong></span> <span class='ocrx_word' id='word_1_752' title='bbox 1263 5612 1496 5663; x_wconf 83' lang='lat' dir='ltr'><strong>xxxvnt,</strong></span> <span class='ocrx_word' id='word_1_753' title='bbox 1523 5597 1579 5664; x_wconf 73' lang='grc'>2,</span> <span class='ocrx_word' id='word_1_754' title='bbox 1617 5600 1671 5654; x_wconf 79' lang='lat'><strong>5.</strong></span> 
     </span>
    </p>
   </div>
   <div class='ocr_carea' id='block_1_104' title="bbox 1752 5599 2462 5669">
    <p class='ocr_par' dir='ltr' id='par_1_104' title="bbox 1752 5599 2462 5669">
     <span class='ocr_line' id='line_1_104' title="bbox 1752 5599 2462 5669; baseline 0.014 -17"><span class='ocrx_word' id='word_1_755' title='bbox 1752 5601 1795 5631; x_wconf 84' lang='lat'>&quot;</span> <span class='ocrx_word' id='word_1_756' title='bbox 1832 5599 2027 5656; x_wconf 82' lang='lat' dir='ltr'><strong>Matth.</strong></span> <span class='ocrx_word' id='word_1_757' title='bbox 2064 5617 2218 5669; x_wconf 80' lang='lat' dir='ltr'><strong>xxvr,</strong></span> <span class='ocrx_word' id='word_1_758' title='bbox 2246 5605 2336 5669; x_wconf 80' lang='grc'><strong>64,</strong></span> <span class='ocrx_word' id='word_1_759' title='bbox 2372 5606 2462 5662; x_wconf 80' lang='grc'><strong>65.</strong></span> 
     </span>
    </p>
   </div>
   <div class='ocr_carea' id='block_1_105' title="bbox 2014 4630 3589 4704">
    <p class='ocr_par' dir='ltr' id='par_1_105' title="bbox 2014 4630 3589 4704">
     <span class='ocr_line' id='line_1_105' title="bbox 2014 4630 3589 4704; baseline 0.002 -20"><span class='ocrx_word' id='word_1_760' title='bbox 2014 4630 2256 4685; x_wconf 88' lang='lat' dir='ltr'><strong>nientem</strong></span> <span class='ocrx_word' id='word_1_761' title='bbox 2286 4630 2339 4685; x_wconf 90' lang='lat' dir='ltr'><strong>in</strong></span> <span class='ocrx_word' id='word_1_762' title='bbox 2377 4631 2618 4686; x_wconf 86' lang='lat' dir='ltr'><strong>nubibus</strong></span> <span class='ocrx_word' id='word_1_763' title='bbox 2642 4632 2806 4695; x_wconf 72' lang='lat' dir='ltr'><strong>cmii;</strong></span> <span class='ocrx_word' id='word_1_764' title='bbox 2848 4652 2867 4683; x_wconf 74' lang='grc' dir='ltr'><strong>ι</strong></span> <span class='ocrx_word' id='word_1_765' title='bbox 2925 4634 3272 4687; x_wconf 89' lang='lat' dir='ltr'><strong>sacerdotum</strong></span> <span class='ocrx_word' id='word_1_766' title='bbox 3330 4634 3589 4704; x_wconf 86' lang='lat' dir='ltr'><strong>princeps</strong></span> 
     </span>
    </p>
   </div>
   <div class='ocr_carea' id='block_1_106' title="bbox 2014 4722 3582 4795">
    <p class='ocr_par' dir='ltr' id='par_1_106' title="bbox 2014 4722 3582 4795">
     <span class='ocr_line' id='line_1_106' title="bbox 2014 4722 3582 4795; baseline 0.001 -20"><span class='ocrx_word' id='word_1_767' title='bbox 2014 4722 2224 4792; x_wconf 89' lang='lat' dir='ltr'><strong>dirupit</strong></span> <span class='ocrx_word' id='word_1_768' title='bbox 2246 4723 2572 4778; x_wconf 86' lang='lat' dir='ltr'><strong>vestimenta</strong></span> <span class='ocrx_word' id='word_1_769' title='bbox 2604 4739 2727 4787; x_wconf 86' lang='lat' dir='ltr'><strong>sua,</strong></span> <span class='ocrx_word' id='word_1_770' title='bbox 2754 4725 2965 4790; x_wconf 73' lang='lat' dir='ltr'><strong>dicens;</strong></span> <span class='ocrx_word' id='word_1_771' title='bbox 2992 4744 3010 4774; x_wconf 83' lang='grc' dir='ltr'><strong>ι</strong></span> <span class='ocrx_word' id='word_1_772' title='bbox 3040 4725 3532 4795; x_wconf 82' lang='lat' dir='ltr'><strong>Blasphemavit&quot;.</strong></span> <span class='ocrx_word' id='word_1_773' title='bbox 3563 4745 3582 4777; x_wconf 76' lang='grc' dir='ltr'><strong>ι</strong></span> 
     </span>
    </p>
   </div>
   <div class='ocr_carea' id='block_1_107' title="bbox 2014 4817 3590 4888">
    <p class='ocr_par' dir='ltr' id='par_1_107' title="bbox 2014 4817 3590 4888">
     <span class='ocr_line' id='line_1_107' title="bbox 2014 4817 3590 4888; baseline -0.001 -15"><span class='ocrx_word' id='word_1_774' title='bbox 2014 4817 2223 4873; x_wconf 88' lang='lat' dir='ltr'><strong>Deinde</strong></span> <span class='ocrx_word' id='word_1_775' title='bbox 2250 4819 2332 4872; x_wconf 90' lang='lat' dir='ltr'><strong>sic</strong></span> <span class='ocrx_word' id='word_1_776' title='bbox 2383 4817 2529 4887; x_wconf 88' lang='lat' dir='ltr'><strong>apud</strong></span> <span class='ocrx_word' id='word_1_777' title='bbox 2588 4818 2909 4888; x_wconf 88' lang='lat' dir='ltr'><strong>pr0phetam</strong></span> <span class='ocrx_word' id='word_1_778' title='bbox 2969 4819 3259 4888; x_wconf 87' lang='lat' dir='ltr'><strong>quemdam</strong></span> <span class='ocrx_word' id='word_1_779' title='bbox 3318 4819 3590 4887; x_wconf 78' lang='lat' dir='ltr'><strong>legimus:</strong></span> 
     </span>
    </p>
   </div>
   <div class='ocr_carea' id='block_1_108' title="bbox 2021 4906 3591 4974">
    <p class='ocr_par' dir='ltr' id='par_1_108' title="bbox 2021 4906 3591 4974">
     <span class='ocr_line' id='line_1_108' title="bbox 2021 4906 3591 4974; baseline 0.003 -17"><span class='ocrx_word' id='word_1_780' title='bbox 2021 4926 2039 4957; x_wconf 79' lang='grc' dir='ltr'><strong>ι</strong></span> <span class='ocrx_word' id='word_1_781' title='bbox 2082 4906 2380 4961; x_wconf 87' lang='lat' dir='ltr'><strong>Discindite</strong></span> <span class='ocrx_word' id='word_1_782' title='bbox 2407 4906 2575 4961; x_wconf 85' lang='lat' dir='ltr'><strong>corda</strong></span> <span class='ocrx_word' id='word_1_783' title='bbox 2609 4913 2789 4963; x_wconf 85' lang='lat' dir='ltr'><strong>ve&#39;stra</strong></span> <span class='ocrx_word' id='word_1_784' title='bbox 2821 4951 2835 4974; x_wconf 95' lang='lat'><strong>,</strong></span> <span class='ocrx_word' id='word_1_785' title='bbox 2882 4918 2936 4962; x_wconf 87' lang='lat' dir='ltr'><strong>et</strong></span> <span class='ocrx_word' id='word_1_786' title='bbox 2971 4924 3082 4962; x_wconf 89' lang='lat' dir='ltr'><strong>non</strong></span> <span class='ocrx_word' id='word_1_787' title='bbox 3127 4910 3453 4963; x_wconf 87' lang='lat' dir='ltr'><strong>vestimenta</strong></span> <span class='ocrx_word' id='word_1_788' title='bbox 3494 4924 3591 4962; x_wconf 82' lang='lat' dir='ltr'><strong>ve-</strong></span> 
     </span>
    </p>
   </div>
   <div class='ocr_carea' id='block_1_109' title="bbox 2014 4995 3592 5065">
    <p class='ocr_par' dir='ltr' id='par_1_109' title="bbox 2014 4995 3592 5065">
     <span class='ocr_line' id='line_1_109' title="bbox 2014 4995 3592 5065; baseline -0.001 -16"><span class='ocrx_word' id='word_1_789' title='bbox 2014 5003 2127 5049; x_wconf 90' lang='lat' dir='ltr'><strong>stra</strong></span> <span class='ocrx_word' id='word_1_790' title='bbox 2167 4995 2247 5049; x_wconf 79' lang='grc'><strong>¹³.</strong></span> <span class='ocrx_word' id='word_1_791' title='bbox 2292 5014 2310 5045; x_wconf 83' lang='grc'><strong>›</strong></span> <span class='ocrx_word' id='word_1_792' title='bbox 2369 4995 2446 5049; x_wconf 84' lang='lat' dir='ltr'><strong>ita</strong></span> <span class='ocrx_word' id='word_1_793' title='bbox 2507 4996 2655 5049; x_wconf 86' lang='lat' dir='ltr'><strong>enim</strong></span> <span class='ocrx_word' id='word_1_794' title='bbox 2712 4997 2828 5051; x_wconf 86' lang='lat' dir='ltr'><strong>suis</strong></span> <span class='ocrx_word' id='word_1_795' title='bbox 2891 5012 2949 5050; x_wconf 91' lang='lat' dir='ltr'><strong>se</strong></span> <span class='ocrx_word' id='word_1_796' title='bbox 2989 4996 3211 5065; x_wconf 82' lang='lat' dir='ltr'><strong>purgari</strong></span> <span class='ocrx_word' id='word_1_797' title='bbox 3264 4996 3592 5050; x_wconf 83' lang='lat' dir='ltr'><strong>criminibus</strong></span> 
     </span>
    </p>
   </div>
   <div class='ocr_carea' id='block_1_110' title="bbox 2013 5086 3594 5159">
    <p class='ocr_par' dir='ltr' id='par_1_110' title="bbox 2013 5086 3594 5159">
     <span class='ocr_line' id='line_1_110' title="bbox 2013 5086 3594 5159; baseline 0.001 -20"><span class='ocrx_word' id='word_1_798' title='bbox 2013 5086 2442 5150; x_wconf 87' lang='lat' dir='ltr'><strong>arbitrabantur,</strong></span> <span class='ocrx_word' id='word_1_799' title='bbox 2470 5088 2540 5153; x_wconf 92' lang='lat' dir='ltr'><strong>si,</strong></span> <span class='ocrx_word' id='word_1_800' title='bbox 2570 5089 2756 5142; x_wconf 87' lang='lat' dir='ltr'><strong>audita</strong></span> <span class='ocrx_word' id='word_1_801' title='bbox 2792 5088 2845 5143; x_wconf 92' lang='lat' dir='ltr'><strong>in</strong></span> <span class='ocrx_word' id='word_1_802' title='bbox 2875 5089 3045 5143; x_wconf 91' lang='lat' dir='ltr'><strong>Deum</strong></span> <span class='ocrx_word' id='word_1_803' title='bbox 3071 5088 3438 5159; x_wconf 88' lang='lat' dir='ltr'><strong>blasphemia,</strong></span> <span class='ocrx_word' id='word_1_804' title='bbox 3462 5101 3594 5141; x_wconf 90' lang='lat' dir='ltr'><strong>suas</strong></span> 
     </span>
    </p>
   </div>
   <div class='ocr_carea' id='block_1_111' title="bbox 2022 5177 3591 5247">
    <p class='ocr_par' dir='ltr' id='par_1_111' title="bbox 2022 5177 3591 5247">
     <span class='ocr_line' id='line_1_111' title="bbox 2022 5177 3591 5247; baseline -0.001 -18"><span class='ocrx_word' id='word_1_805' title='bbox 2022 5186 2185 5231; x_wconf 79' lang='lat' dir='ltr'><strong>vestes</strong></span> <span class='ocrx_word' id='word_1_806' title='bbox 2221 5177 2584 5231; x_wconf 84' lang='lat' dir='ltr'><strong>lacerassent:</strong></span> <span class='ocrx_word' id='word_1_807' title='bbox 2641 5178 2787 5247; x_wconf 85' lang='lat' dir='ltr'><strong>quod</strong></span> <span class='ocrx_word' id='word_1_808' title='bbox 2821 5187 2876 5233; x_wconf 87' lang='lat' dir='ltr'><strong>et</strong></span> <span class='ocrx_word' id='word_1_809' title='bbox 2925 5179 3017 5232; x_wconf 91' lang='lat' dir='ltr'><strong>hic</strong></span> <span class='ocrx_word' id='word_1_810' title='bbox 3071 5180 3234 5231; x_wconf 85' lang='lat' dir='ltr'><strong>etiam</strong></span> <span class='ocrx_word' id='word_1_811' title='bbox 3291 5177 3591 5239; x_wconf 73' lang='lat' dir='ltr'><strong>faciebant,</strong></span> 
     </span>
    </p>
   </div>
   <div class='ocr_carea' id='block_1_112' title="bbox 2021 5266 3591 5337">
    <p class='ocr_par' dir='ltr' id='par_1_112' title="bbox 2021 5266 3591 5337">
     <span class='ocr_line' id='line_1_112' title="bbox 2021 5266 3591 5337; baseline -0.001 -18"><span class='ocrx_word' id='word_1_812' title='bbox 2021 5275 2279 5335; x_wconf 87' lang='lat' dir='ltr'><strong>tanquam</strong></span> <span class='ocrx_word' id='word_1_813' title='bbox 2343 5268 2639 5337; x_wconf 89' lang='lat' dir='ltr'><strong>impiorum</strong></span> <span class='ocrx_word' id='word_1_814' title='bbox 2712 5268 2986 5322; x_wconf 80' lang='lat' dir='ltr'><strong>verborum</strong></span> <span class='ocrx_word' id='word_1_815' title='bbox 3052 5268 3401 5323; x_wconf 84' lang='lat' dir='ltr'><strong>exauditione</strong></span> <span class='ocrx_word' id='word_1_816' title='bbox 3464 5266 3591 5320; x_wconf 76' lang='lat' dir='ltr'><strong>facti</strong></span> 
     </span>
    </p>
   </div>
   <div class='ocr_carea' id='block_1_113' title="bbox 2021 5358 3589 5428">
    <p class='ocr_par' dir='ltr' id='par_1_113' title="bbox 2021 5358 3589 5428">
     <span class='ocr_line' id='line_1_113' title="bbox 2021 5358 3589 5428; baseline -0.001 -19"><span class='ocrx_word' id='word_1_817' title='bbox 2021 5359 2344 5428; x_wconf 87' lang='lat' dir='ltr'><strong>participes,</strong></span> <span class='ocrx_word' id='word_1_818' title='bbox 2378 5360 2460 5413; x_wconf 87' lang='lat' dir='ltr'><strong>vel</strong></span> <span class='ocrx_word' id='word_1_819' title='bbox 2498 5370 2722 5428; x_wconf 89' lang='lat' dir='ltr'><strong>propter</strong></span> <span class='ocrx_word' id='word_1_820' title='bbox 2774 5359 2974 5414; x_wconf 83' lang='lat' dir='ltr'><strong>factam</strong></span> <span class='ocrx_word' id='word_1_821' title='bbox 3012 5360 3121 5415; x_wconf 85' lang='lat' dir='ltr'><strong>Deo</strong></span> <span class='ocrx_word' id='word_1_822' title='bbox 3176 5358 3589 5414; x_wconf 88' lang='lat' dir='ltr'><strong>contumeliam.</strong></span> 
     </span>
    </p>
   </div>
   <div class='ocr_carea' id='block_1_114' title="bbox 2021 5446 3590 5520">
    <p class='ocr_par' dir='ltr' id='par_1_114' title="bbox 2021 5446 3590 5520">
     <span class='ocr_line' id='line_1_114' title="bbox 2021 5446 3590 5520; baseline 0 -19"><span class='ocrx_word' id='word_1_823' title='bbox 2021 5448 2203 5517; x_wconf 76' lang='lat' dir='ltr'><strong>Neque</strong></span> <span class='ocrx_word' id='word_1_824' title='bbox 2248 5452 2397 5504; x_wconf 90' lang='lat' dir='ltr'><strong>enim</strong></span> <span class='ocrx_word' id='word_1_825' title='bbox 2450 5448 2711 5518; x_wconf 81' lang='lat' dir='ltr'><strong>Rapsaca:</strong></span> <span class='ocrx_word' id='word_1_826' title='bbox 2765 5451 2833 5503; x_wconf 85' lang='lat' dir='ltr'><strong>ad</strong></span> <span class='ocrx_word' id='word_1_827' title='bbox 2885 5461 3073 5520; x_wconf 88' lang='lat' dir='ltr'><strong>portas</strong></span> <span class='ocrx_word' id='word_1_828' title='bbox 3114 5465 3288 5518; x_wconf 84' lang='lat' dir='ltr'><strong>usque</strong></span> <span class='ocrx_word' id='word_1_829' title='bbox 3330 5446 3590 5519; x_wconf 82' lang='lat' dir='ltr'><strong>progredi</strong></span> 
     </span>
    </p>
   </div>
   <div class='ocr_carea' id='block_1_115' title="bbox 2543 5604 2958 5672">
    <p class='ocr_par' dir='ltr' id='par_1_115' title="bbox 2543 5604 2958 5672">
     <span class='ocr_line' id='line_1_115' title="bbox 2543 5604 2958 5672; baseline -0.01 -11"><span class='ocrx_word' id='word_1_830' title='bbox 2543 5608 2583 5639; x_wconf 76' lang='lat'>”</span> <span class='ocrx_word' id='word_1_831' title='bbox 2622 5606 2738 5661; x_wconf 84' lang='lat' dir='ltr'><strong>Joel</strong></span> <span class='ocrx_word' id='word_1_832' title='bbox 2780 5621 2842 5672; x_wconf 91' lang='grc' dir='ltr'><strong>ιι,</strong></span> <span class='ocrx_word' id='word_1_833' title='bbox 2872 5604 2958 5660; x_wconf 78' lang='grc'><strong>15.</strong></span> 
     </span>
    </p>
   </div>
   <div class='ocr_carea' id='block_1_116' title="bbox 1659 5711 2352 5773">
    <p class='ocr_par' dir='ltr' id='par_1_116' title="bbox 1659 5711 2352 5773">
     <span class='ocr_line' id='line_1_116' title="bbox 1659 5711 2352 5773; baseline 0.01 -7"><span class='ocrx_word' id='word_1_834' title='bbox 1659 5711 1898 5767; x_wconf 70' lang='grc' dir='ltr'>νΑιιιιΕ</span> <span class='ocrx_word' id='word_1_835' title='bbox 1946 5713 2352 5773; x_wconf 80' lang='lat' dir='ltr'><strong>LECTIONES.</strong></span> 
     </span>
    </p>
   </div>
   <div class='ocr_carea' id='block_1_117' title="bbox 399 5798 1347 5878">
    <p class='ocr_par' dir='ltr' id='par_1_117' title="bbox 399 5798 1347 5878">
     <span class='ocr_line' id='line_1_117' title="bbox 399 5798 1347 5878; baseline 0.004 -28"><span class='ocrx_word' id='word_1_836' title='bbox 399 5808 431 5850; x_wconf 78' lang='grc' dir='ltr'>ι</span> <span class='ocrx_word' id='word_1_837' title='bbox 466 5824 560 5878; x_wconf 80' lang='grc' dir='ltr'><strong>γρ,</strong></span> <span class='ocrx_word' id='word_1_838' title='bbox 597 5804 674 5866; x_wconf 87' lang='grc' dir='ltr'>ὡς</span> <span class='ocrx_word' id='word_1_839' title='bbox 706 5802 796 5857; x_wconf 77' lang='grc' dir='ltr'><strong>ἂν.</strong></span> <span class='ocrx_word' id='word_1_840' title='bbox 879 5798 898 5839; x_wconf 77' lang='grc' dir='ltr'><strong>ι</strong></span> <span class='ocrx_word' id='word_1_841' title='bbox 930 5818 1026 5870; x_wconf 75' lang='grc' dir='ltr'>γρ.</span> <span class='ocrx_word' id='word_1_842' title='bbox 1054 5800 1120 5853; x_wconf 86' lang='grc' dir='ltr'>ἂν</span> <span class='ocrx_word' id='word_1_843' title='bbox 1151 5798 1347 5854; x_wconf 79' lang='grc' dir='ltr'>ἐλθεῖν.</span> 
     </span>
    </p>
   </div>
   <div class='ocr_carea' id='block_1_118' title="bbox 656 5895 1498 5960">
    <p class='ocr_par' dir='ltr' id='par_1_118' title="bbox 656 5895 1498 5960">
     <span class='ocr_line' id='line_1_118' title="bbox 656 5895 1498 5960; baseline -0.007 0"><span class='ocrx_word' id='word_1_844' title='bbox 656 5897 927 5960; x_wconf 68' lang='lat' dir='ltr'><strong>Parnm.</strong></span> <span class='ocrx_word' id='word_1_845' title='bbox 975 5896 1095 5957; x_wconf 83' lang='lat' dir='ltr'><strong>Gn.</strong></span> <span class='ocrx_word' id='word_1_846' title='bbox 1129 5895 1498 5957; x_wconf 72' lang='lat' dir='ltr'><strong>LXXXV&quot;.</strong></span> 
     </span>
    </p>
   </div>
  </div>
