4284 6440
274 394 415 466 2311

1428 395 1959 463 COMMENTARII
1994 395 2075 457 IN
2114 395 2395 457 ISAIAM.

3390 394 3528 462 2318

278 528 382 564 σαν
414 508 654 565 ἀπειλῶν
669 508 763 564 καὶ
793 520 974 580 πάσης
1006 507 1359 580 βλασφημῖας
1397 508 1614 578 Ἐζεκίᾳ
1642 508 1864 578 πέμψας
1896 510 1939 569 Α
1969 535 1970 544 ι

1837 523 1864 571 ς
1896 510 1939 569 Α
1969 504 2265 575 c03itaret;
2307 504 2450 560 malo
2479 503 2545 559 ad
2577 520 2698 559 eum
2751 504 2960 573 perlato
3002 503 3217 565 nuntio.
3253 503 3525 560 minarum

274 600 590 673 ἐπιστολὴν,
639 601 715 664 ὡς
758 601 864 671 ἰδίᾳ
911 601 1137 671 δυνάμει
1169 601 1347 655 πάντα
1380 598 1517 653 ἐλὼν
1549 599 1858 670 ὑποχείρια,

274 692 424 746 καθά
448 692 660 762 φθάσας
694 696 722 745 ὁ
754 693 1036 763 προφήτης
1077 691 1184 764 πρὸ
1220 690 1328 745 τῶν
1365 691 1540 761 ἔργων
1568 691 1857 759 ἐμήνυσεν,

281 786 469 850 «Οὐαὶ,
508 785 713 853 λέγων,
760 784 1092 855 Ἀσσυρίοις,
1126 786 1159 854 ἡ
1192 783 1384 853 ῥάϐδος
1419 782 1512 834 τοῦ
1534 779 1710 850 Θυμοῦ
1756 798 1858 848 μου

274 880 376 933 καὶ
404 879 576 950 ὀργῆς
612 880 763 931 ἐστιν
796 879 855 931 ἐν
894 880 1018 941 ταῖς
1066 878 1258 951 χερσὶν
1289 877 1490 943 αὐτῶν,
1515 894 1535 928 ι
1579 874 1674 928 καὶ
1715 873 1858 943 ἑξῆς.

272 970 452 1032 Αὐτὸς
500 969 559 1023 δὲ
604 969 705 1039 οὐχ
753 969 928 1032 οὓτως
980 968 1314 1039 ἐνεθυμήθη.
1348 967 1459 1021 Καὶ
1508 965 1609 1029 τάς
1641 963 1735 1019 νῦν
1764 963 1861 1018 τοῦ

276 1059 692 1128 Σενναχηρεὶμ
748 1059 981 1122 ἀπειλὰς
1034 1059 1128 1112 ἐπὶ
1177 1057 1390 1120 τούτοις
1445 1058 1772 1126 ἐπήνεγκεν,
1806 1054 1861 1107 αϊ

277 1152 680 1225 προρρηθεῖσαι
737 1151 834 1206 νῦν
878 1149 1299 1221 ἐπληρώθησαν.
1345 1149 1403 1202 Ὀ
1455 1148 1512 1202 δέ
1560 1147 1720 1201 πάλιν
1771 1147 1865 1199 ἐπὶ

274 1242 387 1294 τὸν
410 1239 567 1293 ναὸν
598 1239 931 1309 καταφυγὼν
960 1240 1053 1293 τοῦ
1096 1238 1253 1303 Θεοῦ,
1284 1237 1558 1290 δείκνυσιν
1587 1235 1736 1303 αὐτῷ
1766 1235 1864 1304 τὴν

273 1332 591 1404 ἐπιστολὴν,
622 1333 721 1403 οὐχ
748 1333 824 1395 ὡς
854 1331 1163 1401 ἀγνοοῦντι,
1193 1331 1446 1401 μάρτυρα
1474 1328 1529 1380 δὲ
1555 1327 1653 1396 τῆς
1675 1327 1864 1380 τοσαύ-

272 1440 378 1496 της
430 1426 596 1479 αὐτὸν
641 1424 996 1495 βλασφημίας
1056 1422 1401 1492 ποιούμενος,
1448 1420 1543 1474 καὶ
1586 1421 1684 1489 τὴν
1724 1422 1863 1474 κατὰ

274 1519 498 1572 πάντων
535 1516 705 1569 αὑτοῦ
739 1514 1066 1569 δεσποτείαν
1105 1513 1404 1583 ὁμολογῶν,
1436 1513 1530 1564 καὶ
1550 1512 1624 1573 ὼς
1650 1511 1865 1579 ψευδεῖς

276 1608 323 1661 ,λ
368 1607 655 1677 λεγόμενοι
696 1606 809 1658 τῶν
842 1604 1014 1657 ἐθνῶν
1043 1599 1154 1657 εἷεν
1192 1602 1327 1655 θεοί.
1382 1600 1460 1653 Δι’
1496 1600 1865 1671 ὑπερϐάλλου-

272 1715 375 1752 σαν
397 1700 456 1753 δὲ
486 1699 547 1753 τὸ
578 1699 798 1768 πρῶτον
826 1696 1140 1760 εὐλάϐειαν,
1188 1695 1287 1747 οὐκ
1329 1693 1620 1762 εὐξάμενος
1646 1693 1734 1745 ὅτε
1772 1691 1865 1744 τὸν

274 1790 485 1842 σάκκον
520 1787 833 1852 ἐνεδύσατο,
865 1786 940 1849 ὡς
975 1787 1068 1840 ἐπὶ
1117 1783 1254 1837 Θεοῦ
1293 1782 1427 1853 μηδέ
1462 1782 1636 1852 στόμα
1681 1780 1862 1852 διᾶραι

1963 598 2015 647 et
2042 591 2288 659 cujusvis
2311 590 2659 661 blasphemia:
2685 590 2917 647 refertas
2971 591 3039 646 ad
3073 590 3352 645 Ezecltiam
3389 592 3531 644 litte-

1965 696 2055 735 ras
2077 679 2255 746 dedit;
2294 690 2553 749 tanquam
2586 682 2677 750 qui
2717 683 2931 751 propria
2964 682 3161 737 virtute
3202 684 3383 736 omnia
3425 684 3528 736 sibi

1963 772 2309 840 subjecisset,
2366 772 2508 826 sicut
2564 781 2648 826 est
2700 789 2729 825 ιι
2770 774 3031 842 ρτονιιρια
3071 776 3527 833 demonstratum.

1964 864 2051 918 his
2080 862 2260 918 verbis
2294 883 2305 917 :
2347 883 2363 915 t
2419 861 2512 917 Va:
2565 864 2829 932 Assyriis,
2864 866 3014 934 virga
3064 867 3265 919 furoris
3309 865 3435 928 mei,
3476 873 3531 918 et

1966 955 2062 1009 ira:
2100 970 2233 1009 metu
2265 955 2599 1007 inmanibus
2631 969 2820 1008 eorum
2857 955 2933 1019 ‘7;
2974 975 2991 1007 ι
3036 963 3090 1008 et
3120 970 3240 1023 quae
3285 972 3528 1025 sequun-

1972 1051 2085 1097 tur.
2113 1047 2178 1097 At
2212 1047 2328 1113 ipse
2351 1058 2419 1096 ne
2449 1044 2527 1097 sic
2555 1043 2816 1098 intellexit
2858 1043 3099 1113 quidem.
3127 1045 3298 1099 Minas
3328 1045 3527 1098 deinde

1964 1148 2103 1203 quas
2135 1136 2435 1197 intuemur,
2470 1134 2522 1187 in
2555 1134 2925 1188 Semtaclterim
2966 1135 3238 1203 adjunxit,
3270 1151 3389 1204 qua:
3419 1136 3531 1205 jam

1968 1226 2095 1279 inde
2126 1225 2398 1294 praedicta:
2420 1240 2567 1279 nunc
2598 1225 2817 1280 demum
2844 1227 3161 1296 implentur.
3197 1225 3301 1280 Sed
3336 1242 3416 1278 run
3436 1242 3532 1279 sus

1965 1315 2030 1367 ad
2070 1313 2164 1366 Dei
2222 1314 2471 1382 templum
2498 1313 2824 1383 confugiens
2877 1314 3161 1378 Ezechias,
3202 1314 3380 1367 eidem
3426 1315 3533 1383 epi-

1965 1402 2159 1456 stolam
2191 1402 2456 1469 ostendit,
2488 1417 2594 1457 non
2627 1411 2886 1473 tanquam
2920 1404 3174 1472 ignorare
3209 1404 3528 1468 arbitretur;

1967 1494 2061 1549 sed
2093 1504 2151 1547 ut
2174 1501 2339 1547 tantm
2370 1494 2723 1564 blasphemiae
2753 1503 2945 1550 testem
2979 1495 3258 1559 adhibeat,
3299 1496 3532 1564 ejusque

1966 1586 2268 1640 dominium
2305 1585 2358 1638 in
2411 1600 2624 1650 omnes,
2661 1594 2716 1639 et
2768 1584 2934 1639 falsos
2968 1601 3089 1641 esse
3110 1587 3390 1653 gentium,
3434 1584 3529 1654 qui

1969 1677 2248 1740 dicuntur,
2294 1676 2427 1731 deos
2463 1676 2805 1747 proﬁteatur.
2838 1675 3026 1747 Neque
3057 1693 3187 1731 vero
3223 1677 3388 1730 Deum
3421 1684 3531 1729 sta-

1966 1769 2062 1823 tim
2111 1768 2256 1839 (qua:
2286 1782 2501 1824 summa
2551 1768 2727 1837 ipsius
2757 1767 2857 1822 fuit
2890 1769 2943 1823 in
2983 1768 3231 1823 eumdem
3271 1781 3531 1823 μενοι-θην

270 1839 514 1949 τολμῶν,
565 1839 880 1948 πρεσϐευτῇ
920 1839 989 1930 δέ
1018 1875 1165 1945 μόνῳ
1192 1873 1271 1945 τῷ
1293 1839 1861 1943 ’προφήτηχρησάμε-
1895 1839 1936 1895 Β

1838 1901 1861 1912 -
1895 1839 1936 1895 Β
1968 1858 2065 1927 tia)
2134 1867 2299 1927 atque
2335 1872 2497 1912 sacco
2536 1857 2761 1914 indutus
2796 1858 2919 1925 fuit,
2950 1859 3195 1913 oratione
3236 1874 3530 1928 aggressus

276 1988 397 2035 νος,
428 1970 495 2023 δι’
526 1969 696 2023 αὑτοῦ
733 1969 830 2023 νῦν
860 1968 1120 2035 ἀξιωθεὶς
1150 1965 1517 2036 ἀποκρίσεως,
1550 1964 1740 2036 θαρρεῖ
1760 1963 1860 2034 τὴν

274 2061 650 2133 προκειμένην
679 2061 1024 2131 ἀναπέμπειν
1044 2059 1234 2129 εὐχήν.

347 2334 559 2405 sta-111'.
615 2332 725 2389 Καὶ
802 2332 1117 2398 ἀπεστάλη
1168 2330 1405 2397 Ἡσαΐας
1477 2328 1607 2394 υίὸς
1682 2326 1857 2395 Ἀμὼς

274 2424 724 2495 πρὸς-Ἐζεκίαν,
752 2425 849 2477 καὶ
875 2420 1044 2478 εἶπεν
1061 2423 1221 2488 αὐτῷ
1245 2437 1260 2453 ο
1298 2421 1440 2477 Τάδε
1459 2419 1620 2489 λέγει
1650 2421 1858 2487 Κύριος

275 2524 311 2574 ὀ
347 2518 494 2584 Θεὸς
538 2517 777 2587 Ἰσραήλ
810 2534 822 2548 ⁸
852 2519 1126 2571 ’Ἤκουσα
1155 2513 1192 2568 ἃ
1224 2513 1549 2582 προσηύεω
1590 2513 1738 2578 πρός
1761 2527 1860 2581 με,

274 2610 415 2678 περὶ
446 2607 849 2678 Σενναχηρεὶμ
884 2606 1190 2671 ,ϐασιλέως
1224 2605 1575 2671 ’Δσσυριωνκ
1612 2597 1801 2666 Οὗτος
1828 2604 1861 2656 ό

272 2701 483 2767 λόγος,
516 2698 591 2751 ὃν
609 2697 879 2765 Utilitatis
909 2695 1043 2765 περὶ
1071 2694 1259 2750 αὑτοῦ
1291 2697 1324 2749 ὀ
1342 2694 1503 2757 Θεός.
1542 2689 1861 2761 Ἐφαύλισέ

274 2806 375 2852 σε,
408 2790 503 2844 καί
536 2787 905 2859 ἐμυκτήρισέ
933 2804 1029 2854 σε,
1071 2784 1365 2856 παρθένος
1398 2783 1658 2854 θυγάτηρ
1686 2781 1857 2851 Σιών,

274 2888 333 2935 it.
370 2898 422 2934 τ.
447 2879 495 2935 λ.

350 2973 495 3036 Τοὺς
526 2975 813 3043 προφήτας
834 2972 885 3025 οί
920 2970 1213 3033 ἀκούοντες
1229 2966 1531 3038 ἐγνώριζον
1562 2962 1700 3021 εἶναι
1722 2982 1857 3038 προ-

275 3064 458 3134 φήτας
508 3065 610 3117 οὐκ
665 3064 773 3116 ἀπὸ
837 3063 945 3115 τῶν
1013 3062 1228 3132 χρόνοις
1283 3060 1563 3130 ἐσομένων
1625 3060 1856 3129 μακροῖς

1962 1958 2086 2015 est;
2143 1951 2239 2006 sed
2283 1966 2351 2006 ne
2389 1966 2453 2007 os
2496 1950 2713 2022 quidem
2764 1959 2896 2006 tunc
2933 1966 3102 2007 ausus
3149 1952 3365 2022 aperire
3398 1968 3531 2023 pro-

1963 2044 2138 2115 pheta:
2190 2051 2399 2099 tantum
2442 2045 2606 2099 unius
2656 2043 2725 2097 ad
2793 2030 2845 2097 id
2896 2043 3165 2114 legatione
3222 2059 3378 2108 usus,
3439 2061 3532 2114 per

1962 2152 2121 2206 quem
2162 2136 2266 2190 hoc
2320 2134 2444 2189 loco
2474 2134 2582 2190 sibi
2634 2148 2962 2204 responsum
3005 2134 3200 2200 fuerat,
3239 2134 3530 2205 praedictas

1964 2241 2154 2300 preces
2181 2226 2378 2281 oﬂ‘erre
2406 2234 2653 2281 conatur.

2030 2319 2193 2392 422
2246 2317 2411 2373 Vens.
2469 2317 2702 2372 21-58.
2756 2317 2825 2370 Et
2878 2319 3071 2372 missus
3114 2328 3190 2374 est
3238 2317 3415 2373 Isaias
3459 2321 3529 2373 ad

1966 2410 2273 2473 Ezecltiam,
2305 2418 2353 2463 et
2375 2408 2511 2462 dixit
2530 2409 2579 2462 ei
2609 2425 2626 2461 :
2666 2408 2791 2463 lla'c
2816 2409 2954 2461 dixit
2986 2409 3239 2463 Dominus
3266 2408 3407 2463 Deus
3439 2408 3521 2461 Is-

1963 2503 2075 2559 rael
2106 2519 2124 2557 .'
2153 2501 2345 2555 Audivi
2375 2516 2491 2571 qua:
2513 2511 2753 2568 precatus
2775 2515 2827 2553 es
2861 2515 2941 2553 me
2960 2516 3116 2568 super
3156 2498 3529 2554 Samiae/terim

1962 2611 2079 2665 rege
2112 2594 2473 2663 Assyriorum.
2506 2591 2609 2645 llic
2632 2600 2710 2645 est
2732 2607 2922 2655 sermo,
2946 2607 3097 2659 quem
3136 2590 3340 2644 locutus
3367 2602 3440 2645 est
3467 2592 3532 2644 de

1960 2687 2054 2741 illo
2105 2684 2267 2739 Deus.
2317 2681 2616 2739 Contemnit
2678 2691 2726 2736 te
2760 2690 2813 2737 et
2853 2681 3167 2747 subsannat,
3221 2684 3365 2753 virgo
3413 2683 3529 2750 [ilia

1962 2777 2119 2843 Sion,
2151 2783 2261 2832 etc.

2032 2970 2195 3043 5.23
2241 2969 2545 3040 Prophetas
2575 2971 2669 3041 qui
2718 2971 3033 3037 audiebant,
3075 2970 3211 3027 tales
3243 2988 3366 3029 esse
3418 2987 3529 3027 non

1961 3077 2028 3119 eo
2081 3064 2199 3132 ipso
2259 3064 2656 3133 agnoscebant,
2715 3062 2862 3133 quod
2915 3080 3037 3134 quae
3095 3064 3271 3135 longis
3336 3075 3526 3135 postea

276 3154 539 3224 (ἠγνόουν
571 3152 727 3226 γὰρ),
768 3154 886 3207 ἀλλ’
924 3153 1032 3207 ἀπὸ
1073 3152 1183 3205 τῶν
1211 3151 1421 3221 μικρῶν
1452 3160 1479 3200 P
1510 3149 1736 3219 ὕστερον
1775 3148 1865 3219 βε·
1891 3162 1934 3220 C

1833 3162 1934 3220 ρο
1971 3151 2309 3220 temporibus
2361 3150 2547 3206 futura
2595 3160 2773 3216 erant,
2828 3153 3206 3224 ignorantibus
3258 3156 3525 3224 pradice-

276 3244 626 3315 σαιουμένων
676 3244 860 3315 ἔργοις
911 3244 1290 3314 προρρήσεων,
1339 3242 1432 3310 ἀφ’
1479 3234 1554 3293 ὧν
1584 3239 1678 3293 καὶ
1733 3239 1865 3310 περὶ

274 3336 393 3390 τῶν
422 3333 600 3390 ἄλλων
631 3337 937 3389 ἐπίστευον.
971 3334 1136 3387 Ὅθεν
1179 3333 1436 3403 προλέγει
1487 3332 1618 3402 περὶ
1662 3331 1798 3385 δνων
1834 3329 1863 3383 ὁ

277 3427 540 3497 Σαμουήλ
560 3443 573 3455 ·
616 3428 712 3479 καὶ¹
748 3426 925 3491 ἄλλος,
960 3426 1090 3496 περὶ
1120 3424 1401 3486 νοσοῦντος
1430 3422 1693 3493 βασιλέως
1722 3418 1859 3473 υἱοῦ·

273 3515 433 3582 ὀδέ,
468 3515 735 3585 βασιλέως
784 3513 1000 3584 Ἰσραὴλ
1050 3511 1417 3583 προαγορεύει
1468 3510 1560 3563 τὸν
1613 3509 1859 3563 θάνατον.

274 3606 585 3677 Συνεχὼρει
612 3607 670 3660 δέ
693 3603 852 3659 τοῦτο
872 3606 1029 3669 Θεὸς,
1066 3605 1141 3668 ὡς
1168 3604 1234 3657 ἂν
1267 3603 1342 3673 μὴ
1374 3601 1585 3672 λιχνείᾳ
1618 3599 1865 3669 προγνὼ-

279 3713 425 3759 σεως
451 3733 469 3760 ,
509 3696 597 3749 ἐπ’
623 3694 1070 3765 εἰδωλολατρείαν
1097 3694 1382 3765 τρέποιντο
1436 3691 1529 3743 καὶ
1556 3690 1864 3760 χρηστήρια

276 3787 381 3840 καὶ
434 3786 533 3849 τὰς
582 3786 795 3849 πλάνας
835 3784 1067 3838 καθόλου
1110 3784 1209 3846 τὰς
1262 3782 1550 3852 μαντικὰς.
1582 3779 1742 3831 Ὅθεν
1770 3779 1864 3831 καὶ

277 3875 379 3929 νῦν
420 3877 668 3941 Ἐζεκίας
695 3876 869 3929 ἄνεισι
896 3875 997 3944 μέν
1022 3875 1115 3926 ἐπὶ
1151 3873 1242 3925 τὸν
1283 3870 1439 3924 νεών.
1484 3868 1863 3938 ’ἀποκρίνεται

274 3967 337 4019 δὲ
371 3966 434 4019 τὸ
482 3965 674 4037 μέλλον
708 3965 860 4028 Θεδς,
894 3965 981 4017 διὰ
1021 3963 1115 4016 τοῦ
1152 3963 1434 4034 προφήτου
1472 3959 1862 4029 φθεγξάμενος.

279 4057 397 4111 Καὶ
427 4058 674 4128 χρησμὸς
692 4056 895 4110 δίδοται
923 4054 1195 4124 δεύτερος,
1237 4052 1374 4105 Θεοῦ
1423 4051 1731 4114 δεικνύντος
1788 4049 1864 4111 ὡς

278 4148 525 4216 ἀκήκοεν
551 4145 718 4201 αὑτοῦ
753 4145 851 4215 τῆς
883 4144 1070 4215 εὐχῆς.
1108 4142 1220 4197 Καὶ
1252 4142 1391 4213 πρὸς
1434 4141 1526 4194 τὸν
1578 4138 1865 4211 Ἀσσύριον

280 4252 440 4307 φησι·
477 4236 551 4289 Σὺ
588 4235 691 4306 μέν
725 4232 1223 4303 κατηλαζονεύσω
1258 4233 1379 4285 κατ⁴
1440 4230 1597 4301 ἐμοῦ,
1647 4230 1741 4283 καὶ
1763 4230 1864 4297 τῆς

278 4327 655 4395 ἀνακειμένης
727 4341 817 4393 μοι
891 4326 1126 4389 πόλεως
1155 4361 1171 4387 ,
1245 4322 1429 4391 φοϐεῖν
1479 4322 1709 4383 ἐλπίσας
1765 4320 1864 4388 τὴν

278 4417 612 4487 ἀδιάφθορον
664 4416 759 4468 καὶ
809 4414 899 4468 διὰ
928 4412 1086 4466 τοῦτο
1137 4414 1409 4483 παρθένῳ
1445 4411 1864 4482 παραϐαλλομέ-

1963 3250 2118 3297 rent:
2151 3241 2244 3295 sed
2279 3242 2423 3311 quod
2448 3258 2569 3312 qua:
2592 3243 2999 3312 praedixissent,
3039 3245 3203 3300 rebus
3225 3249 3387 3315 paulo
3409 3258 3530 3316 post

1962 3330 2417 3402 comprobarent;
2458 3332 2599 3387 unde
2625 3341 2947 3388 ceterorum
2991 3334 3155 3390 etiam
3192 3337 3348 3391 [idem
3382 3339 3530 3391 facer

1956 3424 2103 3469 rent.
2132 3414 2311 3485 Atque
2343 3415 2473 3470 hinc
2506 3426 2612 3484 est,
2640 3416 2789 3487 quod
2815 3432 2981 3487 super
3007 3419 3179 3472 asinis
3198 3418 3448 3482 Samuel;
3477 3423 3536 3470 et

1953 3519 2117 3575 super
2143 3522 2286 3576 agro
2311 3509 2455 3578 regis
2476 3508 2587 3563 tilio
2610 3509 2750 3564 alius
2771 3511 3102 3566 va'icinatur
3132 3511 3203 3555 "1
3237 3511 3323 3564 hic
3354 3518 3535 3566 autem

1963 3601 2246 3656 lsraelitici
2288 3602 2428 3672 regis
2455 3609 2685 3655 mortem
2718 3589 2966 3671 praedicit
2997 3604 3060 3658 ”.
3104 3604 3219 3656 Hoc
3248 3619 3375 3657 vero
3405 3620 3529 3673 per—

1964 3692 2213 3745 mittebat
2252 3690 2416 3755 Deus,
2463 3706 2533 3747 ne
2584 3692 2894 3746 futurorum
2940 3692 3218 3758 aviditate,
3249 3695 3317 3749 ad
3359 3695 3526 3758 idola.

1964 3790 2017 3838 et
2056 3783 2303 3849 oracula,
2358 3790 2699 3854 czeterasque
2740 3786 2964 3839 omnino
3002 3786 3243 3850 frandes,
3293 3802 3416 3855 qua:
3445 3789 3529 3842 di-

1964 3876 2242 3930 vinatione
2288 3883 2569 3940 constant,
2633 3892 2754 3933 sese
2799 3884 3203 3932 converterent.
3260 3879 3396 3935 llinc
3442 3889 3529 3935 est

1966 3965 2153 4027 etiam,
2192 3964 2337 4034 quod
2388 3980 2515 4020 cum
2569 3966 2623 4021 in
2674 3968 2930 4037 templum
2988 3969 3329 4024 ascendisset
3392 3970 3530 4026 Eze-

1967 4058 2143 4119 chias,
2182 4056 2357 4112 eidem
2392 4072 2488 4126 per
2529 4057 2849 4129 prophetam
2885 4058 2949 4114 de
2996 4057 3202 4116 futuris
3232 4062 3529 4130 respondet

1964 4145 2251 4211 Dominus,
2283 4146 2537 4216 editoque
2561 4149 2785 4201 oraculo
2814 4148 3010 4211 altero,
3056 4164 3244 4219 preces
3276 4150 3397 4222 ejus
3426 4166 3529 4206 au-

1964 4237 2107 4293 ditas
2155 4250 2275 4292 esse
2321 4236 2683 4303 demonstrat,
2740 4246 2795 4292 et
2846 4237 3133 4309 Assyrium
3199 4239 3284 4294 his
3341 4242 3527 4295 verbis

1967 4329 2271 4399 alloquitur
2305 4346 2317 4381 :
2360 4328 2553 4399 Magna
2589 4337 2682 4383 tua
2708 4328 2810 4384 fuit
2845 4330 2899 4383 in
2938 4347 3046 4392 me,
3080 4331 3366 4401 urbemque
3394 4333 3524 4387 mihi

1967 4426 2345 4474 consecratam
2385 4412 2652 4485 superbia,
2704 4420 2795 4489 qui
2849 4420 3244 4491 incorruptam,
3296 4423 3529 4492 ideoque

279 4524 383 4576 νην
401 4504 497 4558 τοῦ
524 4504 660 4558 Θεοῦ
680 4505 884 4568 πόλιν,
914 4503 1008 4555 καὶ
1036 4502 1128 4555 τὸν
1158 4503 1215 4554 ἐν
1249 4503 1387 4572 αὐτῇ
1417 4501 1544 4554 λαὸν
1572 4500 1863 4569 θυγατέρα
1893 4488 1937 4542 ι)
1965 4527 1971 4559 τ

1844 4515 1863 4551 ι
1893 4488 1937 4542 1)
1965 4509 2155 4578 virgini
2197 4516 2571 4578 comparatam
2603 4507 2696 4562 Dei
2734 4509 3032 4573 civitatem,
3068 4488 3360 4579 ipsumque
3387 4488 3536 4579 ejus-

278 4595 440 4650 Σιών
466 4610 530 4648 τε
567 4593 667 4647 καὶ
702 4593 1099 4661 Ἰερουσαλὴμ
1138 4592 1562 4663 χρηματίζοντα.
1610 4593 1717 4644 Καὶ
1759 4591 1858 4642 αύ-

277 4688 376 4749 τὺς
411 4686 471 4739 δέ
530 4682 849 4754 καθαρεύων
908 4683 1351 4752 εἰδωλολατρείας
1401 4680 1693 4748 παρθένος
1730 4680 1862 4733 ὠνό-

284 4793 515 4846 μασται.
576 4778 667 4830 Διὸ
708 4773 913 4844 καὶτῷ
968 4775 1083 4841 ἰδίῳ
1132 4774 1409 4846 θαρρήσας
1450 4772 1568 4841 Θεῷ
1615 4771 1714 4834 τὰς
1761 4774 1858 4835 σὰς

277 4868 581 4938 ἐγέλασεν
607 4866 859 4929 ἀπειλὰς,
894 4865 1017 4920 ἀντὶ
1040 4866 1096 4919 δὲ
1145 4865 1263 4931 τοῦ,
1295 4864 1393 4918 ἐπὶ
1432 4863 1534 4917 σοι
1586 4862 1860 4933 κεφαλὴν

278 4963 593 5026 ἐκίνησεν,
629 4958 861 5023 ἐξέδωκε
921 4958 1235 5029 Σύμμαχος,
1292 4956 1543 5011 ὄπισθέν
1590 4973 1706 5011 σου
1760 4972 1857 5009 κε-

278 5051 494 5122 φαλὴν
515 5051 784 5117 ἐκίνησε.
806 5050 898 5119 Μὴ
912 5050 1077 5104 δοῦσα
1097 5052 1206 5121 γάρ
1236 5066 1315 5102 σοι
1342 5049 1479 5119 πρὸς
1499 5048 1597 5111 τὰς
1624 5047 1859 5117 βλασφη-

278 5146 418 5217 μίας
452 5143 768 5213 άπόκρισιν,
816 5143 1220 5214 ἀποστρέψαντε
1256 5159 1439 5211 φησιν,
1489 5142 1584 5194 ἐπὶ
1628 5142 1725 5194 σοὶ
1761 5158 1857 5194 κε-

276 5234 500 5298 κίνηκε
555 5231 852 5301 κεφαλὴν,
899 5231 1088 5298 ἔλεγέν
1132 5248 1192 5283 τε
1229 5232 1428 5300 μηκέτι
1456 5231 1684 5297 σιγῶσα,
1725 5232 1859 5282 τινα

274 5322 603 5388 ὠνεΙδισας
657 5323 753 5375 καὶ
798 5322 1186 5390 παρώξυνας,
1226 5321 1341 5376 ἀνθ’
1406 5316 1506 5384 οὗ,
1550 5322 1859 5389 ἐϐλασφή-

272 5429 488 5486 μησας
542 5414 813 5479 ἐξέδωκαν
871 5416 919 5468 oi
978 5414 1201 5468 λοιποί·
1259 5413 1320 5465 οὐ
1373 5413 1727 5482 λογισάμενος
1785 5414 1860 5475 ὡς

389 5569 430 5601 ι’
460 5571 567 5623 lsa.
600 5585 659 5633 ι,
694 5569 747 5623 5.
825 5569 868 5602 "
896 5569 915 5625 l
943 5568 1073 5641 Reg.
1112 5585 1184 5638 tr,
1223 5569 1324 5634 ‘0;
1357 5567 1425 5623 lll
1465 5567 1597 5637 Reg.
1628 5583 1738 5631 xxv,
1772 5566 1804 5621 5
1842 5580 1995 5634 seqq.

1964 4602 2083 4655 dem
2117 4601 2352 4656 incolam
2387 4601 2647 4669 populum
2682 4600 2795 4668 (qui
2840 4612 2896 4656 et
2929 4602 3043 4670 ﬁlia
3092 4602 3243 4667 Sion,
3275 4613 3326 4657 et
3364 4602 3531 4657 Jeruv

1962 4693 2151 4753 salem,
2195 4698 2250 4744 et
2278 4690 2419 4758 virgo
2464 4688 2627 4742 etiam
2665 4688 2831 4761 424
2872 4690 3210 4748 nominatur.
3251 4708 3373 4747 cum
3408 4696 3531 4748 nul-

1960 4782 2068 4834 lam
2127 4780 2289 4834 habet
2347 4780 2669 4834 idololatriae
2720 4779 2935 4851 labem)
3001 4782 3416 4850 perterrituruun
3475 4791 3529 4838 to

1961 4874 2217 4943 sperasti.
2266 4869 2382 4926 Non
2444 4872 2720 4926 immerito
2770 4873 2955 4943 itaque
3000 4871 3111 4927 Deo
3163 4888 3265 4927 suo
3315 4874 3524 4938 innixa.

1966 4967 2142 5018 minas
2189 4975 2310 5018 tuas
2364 4963 2478 5015 risu
2514 4963 2731 5029 excepit.
2769 4959 2969 5016 Verum
3020 4977 3130 5032 quo
3184 4964 3325 5029 loco,
3377 4966 3435 5018 in
3480 4978 3529 5020 te

1964 5064 2121 5123 caput
2174 5053 2354 5117 movit,
2396 5050 2664 5107 habemus
2696 5092 2712 5117 ,
2755 5060 2897 5107 retro
2951 5053 3124 5121 ipsum
3156 5053 3292 5106 idem
3342 5054 3528 5122 fecisse

1964 5144 2102 5197 dixit
2134 5140 2511 5213 Symmachus.
2547 5139 2684 5195 Cum
2725 5141 2894 5207 enim,
2924 5141 3021 5204 ait,
3058 5142 3124 5196 ad
3155 5142 3526 5211 blasphemiae

1967 5234 2099 5286 nihil
2138 5240 2349 5300 putaret
2396 5228 2835 5298 respondendum
2885 5247 2899 5285 :
2967 5228 3036 5285 In
3085 5240 3131 5283 te
3188 5239 3525 5287 revertentem

1969 5332 2122 5392 caput
2152 5323 2347 5383 movit;
2381 5328 2646 5390 ruptoque
2688 5321 2911 5376 silentio
2940 5362 2953 5386 ,
2985 5323 3069 5375 cui
3095 5321 3449 5389 exprobrasti,
3476 5334 3525 5377 et

1965 5428 2114 5479 quem
2154 5411 2428 5466 concitasti
2461 5410 2788 5482 ?qu:esivit;
2836 5426 3069 5482 quorum
3102 5414 3241 5477 ioco,
3279 5413 3332 5465 in
3371 5428 3524 5483 quem

2075 5566 2118 5597 ¹⁹
2151 5564 2253 5621 lsa.
2288 5580 2492 5621 suvnt
2523 5606 2537 5633 ,
2579 5567 2627 5623 Ι.

1550 5681 1785 5739 VARUE
1828 5680 2229 5737 Li'lCTiONES.

365 5788 393 5830 ι’
430 5794 519 5847 γρ.
554 5775 756 5849 μικρῷ.
