4284 6440
272 352 414 418 9325

1418 348 1944 411 ΕΟΜΜΕΝΤΑΒΠ
1988 348 2061 406 1N
2107 346 2389 406 lS.\lAM.

3388 344 3527 405 €326

271 475 367 516 τον
434 464 523 516 σὺν
578 466 725 535 ἡμᾶς
780 462 944 533 φόὀον
997 464 1412 527 συστέλλουσαν,
1471 463 1855 534 χαριστηρίους
1888 469 1963 521 Αε

1833 479 1855 524 ς
1888 469 1926 521 Α
1959 460 2008 512 in
2034 459 2247 510 domum
2280 468 2421 510 tuum
2447 455 2632 519 ctiam,
2669 455 2722 508 in
2753 470 2860 523 qna
2890 452 2955 506 ad
3000 454 3074 505 tui
3133 455 3379 507 timorem
3412 460 3525 507 ωι-

276 551 542 606 ἁποδώσω
576 553 777 621 φωνάς.
811 554 967 617 Τινές
993 554 1154 620 δὲτὸ,
1183 552 1388 606 παιδία
1444 552 1677 619 ποιήσω
1705 551 1853 618 ἅπερ

276 642 744 711 ἀναγγελοῦσιν,
766 642 960 712 δηλοῦν
984 642 1212 712 ἔφασαν,
1235 644 1317 696 ὃτι
1339 643 1696 713 χοροστασίαν
1723 640 1855 708 ψαλ-

276 733 468 803 τῳδῶν
488 735 696 787 παίδων
717 732 973 801 εὐφώνως
994 733 1306 803 ὑμνούντων
1328 734 1383 785 ἐν
1402 732 1480 801 τῷ
1506 730 1616 800 ναῷ
1640 732 1857 798 στήσειν

278 825 697 892 ἐπαγγέλλεται.
735 824 813 877 Δι’
843 819 904 878 οὗ
931 824 987 877 δὲ
1022 824 1134 890 τὴν
1178 822 1476 888 τελευτὴν
1528 819 1675 889 αὑτῷ
1726 818 1857 881 θεὸς

280 916 542 986 ἐδήλωσε,
578 916 668 969 διὰ
718 915 908 969 τούτου
956 916 1051 969 καὶ
1072 916 1173 986 τὴν
1200 914 1496 985 θεραπείαν
1516 913 1855 983 προσήγαγε,

284 1008 363 1077 μὴ
392 1007 489 1061 καὶ
518 1010 693 1060 ποιεῖν
712 1007 837 1077 δόξῃ
867 1010 957 1061 τὸν
985 1008 1273 1077 προφήτην
1294 1004 1642 1075 ἐφύϐριστον,
1672 1001 1858 1056 κακῶν

281 1099 445 1151 αὑτὸν
478 1098 658 1167 μόνων
686 1099 975 1165 ἀποδείξας
1001 1098 1267 1151 διάκονον.
1321 1094 1769 1167 Παραδοξοτιοιῶν
1803 1093 1858 1145 δὲ

281 1190 440 1253 Θεὸς,
462 1190 660 1243 ὃδοκεϊ
710 1193 822 1253 τοῖς
862 1189 1174 1259 τραύμασιν
1198 1186 1457 1251 ἐπαύξειν
1495 1186 1592 1256 τὴν
1626 1183 1855 1253 βλάϐην,

282 1279 356 1333 τὰ
385 1279 567 1343 σῦκα,
598 1278 756 1331 τοῦτο
780 1279 916 1349 πρὸς
943 1277 1087 1332 ἴασιν
1109 1278 1326 1342 ἔδωκεν,
1348 1278 1375 1329 ὃ
1394 1278 1489 1330 καὶ
1552 1276 1695 1344 μέγα
1746 1291 1857 1341 ση-

277 1370 455 1438 μεῖον
492 1370 845 1437 ἐκπλαγεὶςὸ
877 1370 1127 1433 Ἐζεκίας
1175 1369 1330 1421 καλεῖ
1393 1367 1488 1420 τοῦ
1537 1366 1859 1435 δυνήσεσθαι

283 1459 369 1525 τῷ
392 1458 528 1512 ποδί
554 1460 857 1529 χρώμενος
886 1462 973 1525 εἰς
1003 1459 1111 1512 τὸν
1154 1462 1307 1511 νεὼν
1340 1458 1638 1512 ἀνελθεῖν.
1680 1455 1766 1509 Ἐν
1800 1455 1859 1508 δὲ

283 1554 353 1619 τῇ
383 1552 423 1604 δ’
443 1550 552 1604 τῶν
598 1550 898 1604 Βασιλειῶν
927 1551 1239 1619 γέγραπται
1263 1551 1346 1603 ὅτι
1374 1550 1480 1620 πρὸ
1518 1549 1685 1602 παλαι
1708 1545 1861 1615 παρὰ

285 1639 382 1693 τοῦ
418 1642 700 1711 προφήτου
724 1642 931 1711 μαθὼν,
956 1640 1029 1705 ὼς
1055 1642 1083 1693 ὁ
1111 1640 1261 1709 ἣλιος
1288 1638 1471 1709 μέλλει
1519 1640 1618 1706 τὴν
1671 1637 1765 1688 ἐπὶ
1790 1634 1858 1688 τὰ

287 1728 479 1798 πρόσω
515 1728 786 1781 ποιεῖσθαι
816 1730 1123 1799 ταχυτέραν
1161 1729 1300 1795 ὁδὸν,
1331 1731 1424 1780 καὶ
1459 1727 1546 1795 ὑφ’
1581 1727 1638 1778 ἓν
1667 1726 1795 1787 τοὺς
1829 1732 1858 1776 ι’

1958 550 2195 616 ligimur,
2223 548 2523 614 profectus,
2564 547 2860 617 gratiarum
2895 545 2992 599 tibi
3029 546 3274 598 aetiones
3339 562 3529 613 repen-

1956 640 2101 693 dam.
2129 638 2287 708 43],
2314 636 2430 690 Non
2453 637 2651 691 desunt
2680 645 2883 699 tamen,
2905 635 3179 705 qui,qnod
3212 636 3354 704 [illos
3373 638 3525 690 edam

1956 731 2045 797 qui
2066 727 2485 791 attnunliabunl,
2507 728 2662 790 dixit,
2696 726 2763 779 ad
2792 739 3085 793 puerorum
3114 725 3341 778 chorum
3371 725 3528 795 hym-

1959 836 2060 876 nos
2108 821 2161 874 in
2220 819 2421 888 templo
2464 819 2708 873 suaviter
2756 816 3195 879 modulantium,
3251 815 3526 875 referant.

1958 929 2120 983 quem
2168 928 2347 982 regem
2394 910 2773 964 institntnrmn
2828 924 2885 961 se
2919 907 3105 960 volunt
3153 907 3421 976 polliceri.
3461 909 3529 960 At

1959 1020 2057 1072 per
2081 1002 2305 1072 quernei
2331 1011 2550 1055 mortem
2576 998 2718 1053 Dens
2738 998 3103 1061 denuntiavit,
3132 1014 3224 1065 per
3261 997 3510 1050 emndom

1958 1096 2123 1149 etiam
2156 1101 2211 1148 et
2240 1093 2413 1146 morbi
2448 1090 2749 1146 remedium
2786 1090 2877 1153 (ne
2916 1091 3375 1143 contumeliosum
3406 1104 3528 1156 pro-

1959 1188 2197 1256 phetam,
2226 1183 2462 1251 malique
2502 1190 2713 1235 tantum
2753 1180 3070 1234 ministrum
3102 1180 3301 1234 habere
3331 1180 3536 1233 videre-

1961 1278 2072 1341 tur)
2101 1274 2302 1328 attulit.
2344 1274 2547 1329 Deinde
2574 1289 2697 1327 cum
2740 1273 3070 1326 miraculum
3102 1273 3265 1325 edere
3304 1272 3535 1326 statuis-

1961 1375 2045 1421 set
2073 1364 2238 1428 Deus,
2278 1365 2441 1431 ﬁcum
2480 1364 2559 1418 illi
2587 1367 2732 1434 (qua:
2770 1364 3062 1418 vulnerum
3091 1364 3341 1431 alioquin
3379 1363 3535 1416 dolo—

1959 1475 2073 1513 rem
2103 1474 2308 1528 augere
2349 1458 2590 1511 maxime
2625 1458 2792 1524 solet)
2836 1456 2890 1509 in
2923 1457 3227 1510 remedium
3261 1454 3489 1508 tradidit
3521 1475 3533 1508 :

1959 1565 2067 1618 quo
2097 1549 2381 1619 perCttlsus
2399 1546 2681 1611 Ezechias,
2696 1548 2905 1615 signum
2924 1549 3222 1599 niaximum
3248 1546 3297 1599 id
3315 1546 3536 1600 demum

1960 1658 2103 1706 esse,
2142 1658 2245 1709 quo
2284 1642 2412 1708 pede
2451 1649 2603 1693 utens
2644 1640 2699 1692 in
2743 1638 2991 1707 templum
3037 1638 3313 1691 ascendere
3349 1646 3533 1707 postea

1964 1734 2163 1793 valeat,
2207 1731 2513 1800 prolitetur.
2547 1729 2801 1785 Invenias
2828 1740 3011 1783 autem
3044 1739 3245 1797 quarto
3268 1729 3535 1796 Regum“

289 1820 540 1873 κατιέναι
593 1818 859 1890 βαθμοὺς,
898 1819 1060 1883 αὐτὸς
1111 1819 1187 1883 ὡς
1234 1817 1576 1888 οἱκειώτερον
1613 1817 1865 1885 σημεῖον
1895 1798 1981 1874 ΒΙ

1844 1834 1865 1860 ν’
1895 1798 1935 1852 Β
1965 1818 2281 1882 Ezecltiam,
2338 1832 2461 1872 cum
2512 1818 2640 1871 olim
2689 1818 2859 1873 solent
2912 1819 2996 1871 via
3041 1819 3306 1873 celeriore
3351 1816 3536 1869 decem

289 1909 390 1977 τῆς
441 1909 578 1979 πρὸς
605 1910 696 1961 τὸν
734 1909 846 1977 βίον
896 1910 1265 1979 ἀναστροφῆς,
1298 1910 1390 1962 τοῦ
1430 1908 1579 1977 ἡλίου
1609 1908 1699 1961 τὸν
1730 1909 1861 1959 ἀνα-

290 1997 556 2064 ποδισμδν
596 1998 898 2069 ἐξῃτήσατο
932 2038 947 2063 ,
1007 1998 1138 2053 ἔνθα
1189 1998 1283 2051 καί
1341 2014 1507 2068 φησιν
1566 1998 1862 2068 ήΓραφὴ,

288 2087 369 2149 ὡς
424 2087 581 2152 ἒλκος
644 2088 791 2158 αὑτῷ
848 2090 1084 2160 πονηρὸν
1135 2090 1235 2159 τῆς
1286 2089 1597 2159 ἀρρωστίας
1657 2088 1861 2157 πρόφα-

288 2194 377 2241 σις
403 2174 492 2249 ἦν.

889 2272 1141 2326 ΚΕΦΛΛ.
1167 2271 1291 2326 ΛΘ’.

365 2367 505 2431 α-η’.
553 2362 656 2416 Ἑν
698 2361 778 2428 τῷ
826 2364 1008 2431 καιρῷ
1042 2364 1251 2427 ἐκείνῳ
1301 2363 1619 2417 ἀπέστειλε
1664 2367 1868 2431 Μαρω-

287 2449 407 2519 ὄίιχ
439 2453 756 2518 Βαλαδὰν,
812 2457 845 2508 ό
876 2455 1007 2520 υίὸς
1043 2454 1151 2508 τοῦ
1182 2454 1481 2518 Βαλάδον,
1516 2453 1870 2519 όβίισιλεὺς

288 2542 405 2609 τῆς
432 2546 814 2611 Βαϐυλωνίας
838 2585 854 2610 ,
886 2547 1233 2613 ἐπιστολὰς,
1271 2547 1370 2599 καί
1417 2547 1720 2613 πρέσϐεις,
1769 2545 1869 2597 καί

288 2630 453 2700 δῶρα
492 2634 729 2703 Ἐζεκίᾳ.
762 2637 1055 2690 Ἤκουσεν
1096 2638 1225 2705 γὰρ,
1252 2636 1341 2689 ὅτι
1371 2634 1741 2706 ἐμαλακίσθη
1764 2636 1873 2700 ἕως

289 2721 578 2789 θανάτου,
610 2725 707 2777 καὶ
736 2725 983 2791 ἀνέστη,
1020 2743 1074 2780 κ.
1106 2743 1156 2778 τ.
1184 2725 1232 2778 λ.
1366 2751 1370 2754 ⁴

378 2812 437 2866 Ὀ
469 2813 580 2867 τῶν
615 2814 882 2868 Ἰουδαίων
916 2814 1231 2878 διδασκαλος
1277 2815 1459 2884 ἔλεγεν
1519 2818 1871 2886 νενοσηκέναι

285 2903 385 2956 τὸν
421 2905 673 2966 Ἐζεκίαν
702 2906 848 2977 ᾠδὴν
878 2907 971 2959 ἐπὶ
998 2912 1061 2978 τῇ
1095 2908 1298 2962 πτώσει
1322 2908 1429 2961 τῶν
1445 2908 1746 2977 Ἀσσυρίων
1774 2909 1873 2960 οὐκ

286 2996 500 3068 ᾅσαντα
528 3002 906 3070 χαριστήριον,
928 3000 1003 3063 ὡς
1022 3002 1105 3071 ἐπ’
1132 3001 1494 3069 Αἱγυπτίοιςδ
1519 3000 1723 3068 Μωσῆς
1750 3038 1765 3063 ,
1799 2999 1873 3061 ὡς

1968 1913 2170 1981 gradus
2189 1913 2355 1967 semel
2379 1926 2501 1966 esse
2521 1910 2903 1965 coniecturum
2923 1925 2952 1965 a
2976 1912 3245 1980 propheta
3272 1908 3538 1973 audisset,

1967 2004 2253 2074 promissa:
2278 2002 2533 2057 sanitatis
2556 2002 2764 2070 signant
2796 2001 3003 2071 aptius,
3039 2017 3232 2070 nempe
3275 2013 3330 2055 ut
3354 2014 3538 2068 regre-

1968 2100 2189 2151 deretur
2224 2095 2548 2165 postulasse,
2580 2094 2864 2163 morbique
2889 2108 3141 2157 causam,
3180 2110 3291 2163 quo
3325 2093 3540 2148 deline—

1969 2187 2149 2249 batur,
2182 2185 2251 2239 ab
2277 2184 2478 2241 ulceris
2511 2184 2850 2253 malignitate
2881 2182 3224 2251 proﬂuxisse.

2534 2271 2688 2328 CAP.
2738 2272 2980 2327 XXXIX.

2038 2368 2199 2443 432
2240 2368 2402 2423 Vens.
2467 2366 2579 2421 1-8.
2639 2365 2887 2433 Tempore
2936 2367 3029 2420 illo
3058 2370 3200 2422 misit
3259 2367 3542 2421 Meroduclt

1972 2460 2237 2523 Buladan,
2268 2460 2411 2528 ﬁlius
2441 2456 2705 2521 Baladon,
2739 2473 2830 2510 rex
2863 2456 3198 2527 Babyloniw,
3232 2455 3459 2518 litteras,
3492 2468 3538 2510 et

1975 2552 2193 2621 legatos,
2249 2561 2297 2605 et
2332 2566 2552 2604 munera
2606 2548 2673 2602 ad
2736 2546 3046 2603 Ezechiam.
3099 2550 3351 2603 Audierat
3402 2551 3544 2607 enim

1973 2651 2254 2711 a’grotasse
2279 2639 2345 2693 ad
2373 2650 2610 2705 mortem,
2650 2647 2698 2692 et
2728 2639 3074 2704 convaluisse,
3112 2646 3220 2692 etc.

2047 2826 2190 2882 Dixit
2235 2824 2546 2880 Iudaeorum
2602 2825 2864 2893 magister
2915 2821 3202 2877 Ezechiam
3257 2830 3543 2891 propterea

1976 2924 2290 2986 aegrotasse,
2325 2916 2469 2983 quod
2505 2923 2625 2983 post
2666 2913 3020 2982 Assyriorum
3068 2919 3341 2979 stragem,
3400 2910 3544 2964 sicut

1979 3007 2172 3061 deletis
2200 3004 2472 3076 Egyptiis
2505 3003 2686 3060 Moses
2722 3004 2800 3069 ’5;
2826 3002 2969 3057 sicut
2994 3002 3320 3071 interempto
3353 2998 3539 3055 Sisare

291 3090 327 3157 ή
349 3088 611 3159 Δεὸϐωρὰ
640 3091 735 3144 ἐπὶ
770 3090 846 3161 τῷ
877 3092 1103 3163 Σίσαρᾳ,
1128 3093 1202 3154 ὡς
1237 3094 1270 3161 ἡ
1308 3093 1476 3145 ’Λννα
1505 3091 1597 3143 ἐπὶ
1619 3093 1686 3161 τῇ
1723 3089 1874 3158 γενέ·
1900 3121 1947 3183 c

1855 3119 1874 3130 -
1900 3121 1947 3183 ο
1984 3095 2232 3149 Debbora
2257 3096 2337 3158 ³⁸;
2378 3093 2523 3148 sicut
2576 3094 2732 3146 Anna
2791 3092 3050 3160 denique,
3093 3090 3182 3144 ubi
3237 3089 3547 3144 Santuelem

292 3197 381 3232 σει
409 3180 503 3233 τοῦ
546 3182 823 3252 Σαμουὴλ.
880 3179 993 3236 Εἶτ’
1049 3181 1393 3251 ἀρωσθέντα
1447 3181 1635 3236 τοῦτον
1684 3185 1717 3236 ό
1755 3180 1874 3236 τῶν

288 3275 694 3328 Βαϐυλωνίων
739 3275 927 3346 μαθὼν
971 3276 1292 3340 βασιλεὺς,
1342 3274 1704 3345 πρεσϐεύεται
1737 3273 1874 3345 πρὸς

290 3365 482 3426 αὑτὸν,
522 3367 623 3418 οὐκ
672 3366 879 3435 ἀργῶς,
934 3365 1057 3420 ἰδὼν
1101 3367 1158 3421 δὲ
1213 3368 1312 3437 τὴν
1368 3366 1606 3437 ἡμέραν,
1655 3365 1780 3419 καθ’
1809 3366 1874 3436 ἢν

290 3458 615 3511 ἁνεπόδισεν
648 3460 677 3512 ὁ
702 3458 875 3528 ἥλιος,
918 3459 1207 3513 διπλασίαν
1262 3458 1665 3529 γεγενημένην.
1722 3458 1875 3527 Μηδὲ

290 3548 405 3618 γὰρ
428 3546 614 3601 λαθεῖν
640 3548 942 3612 Χαλδαίους
972 3549 1180 3613 δεινοὺς
1210 3549 1341 3619 περ)⁵
1374 3547 1550 3602 ταῦτα
1580 3547 1877 3617 τυγχάνον⁹

289 3654 418 3702 τας.
443 3637 828 3703 Θεοποιοῦντες
848 3639 903 3693 δὲ
926 3640 1016 3693 τὸν
1043 3640 1213 3707 ἥλιον,
1239 3638 1344 3692 ὑπὸ
1370 3638 1677 3710 κρείττονος
1707 3637 1877 3707 ᾤοντο

291 3726 457 3781 τοῦτο
483 3727 752 3798 γενέσθαις
779 3728 1087 3798 δυνάμεως.
1144 3730 1255 3784 Καὶ
1313 3729 1413 3793 τὴν
1470 3729 1653 3783 αἰτίαν
1710 3727 1877 3782 πολυ-

294 3817 770 3889 πραγμονοῦντες,
796 3818 1065 3887 ἐγνωσαν,
1089 3819 1163 3883 ὡς
1191 3819 1260 3874 δι’
1311 3818 1563 3884 Ἐζεκίαν
1594 3820 1623 3871 δ
1648 3819 1754 3873 τῶν
1790 3818 1878 3872 Ἐ-

293 3910 505 3981 εραίων
539 3908 711 3963 ταῦτα
741 3912 1034 3980 πεποιήκει
1090 3910 1242 3974 Θεὸς.
1286 3911 1400 3979 Ἐφ’
1429 3903 1472 3978 ᾧ
1493 3911 1879 3979 καταπλαγεὶς

291 4004 323 4053 ὁ
361 3996 635 4066 βασιλεὺς,
685 4000 910 4052 ἐκείνων
947 4000 1045 4063 τὰς
1076 4000 1211 4070 πρὸς
1265 3999 1431 4052 αὐτὸν
1494 4000 1572 4062 ὼς
1628 3999 1877 4068 θεοφιλῆ,

296 4087 576 4157 συνθήκας
636 4089 960 4153 ἀσπάζεται.
1013 4090 1202 4152 Error;
1230 4088 1275 4141 δ’
1302 4087 1368 4143 ἂν
1417 4088 1581 4152 αὐτὸς
1631 4089 1710 4152 ὡς
1737 4089 1763 4128 b
1810 4090 1880 4143 τὰ

294 4178 594 4249 θαυμαστὰ
613 4180 787 4234 πάντα
812 4179 936 4234 κατ’
970 4179 1215 4234 ἐνιαυτὸν
1235 4178 1332 4232 ἕνα
1357 4180 1640 4248 γεγονέναι
1668 4179 1877 4250 μαθὼν,

294 4269 394 4323 τοῦ
431 4270 719 4341 Ἀσσυρίου
768 4270 866 4342 τὴν
899 4270 1108 4340 ἔφοδον,
1154 4271 1251 4342 τὴν
1283 4272 1352 4325 δι’
1378 4273 1610 4341 ἀγγέλου
1645 4271 1879 4342 πληγὴν,

294 4363 403 4432 τὴν
455 4362 597 4415 κατὰ
667 4363 1043 4433 Σενναχηρεὶμ
1101 4364 1208 4417 ὑπὸ
1243 4365 1352 4418 τῶν
1379 4364 1586 4418 παίδων
1612 4365 1752 4436 μετὰ
1781 4364 1882 4434 τὴν

1978 3185 2283 3255 peperisset
2313 3184 2389 3248 ",
2421 3183 2512 3239 Dei
2567 3181 2895 3238 beneﬁcium
2943 3180 3191 3235 carmine
3242 3195 3348 3234 non
3404 3178 3551 3233 cele-

1975 3278 2207 3332 brasset.
2240 3275 2320 3329 Ad
2348 3277 2491 3330 hunc
2522 3290 2703 3343 porro,
2737 3288 2862 3329 cum
2894 3281 3176 3342 wgrolasse
3226 3271 3548 3340 Babylonio-

1977 3384 2095 3421 rum
2124 3381 2215 3420 rex
2249 3367 2505 3428 audisset,
2534 3380 2642 3419 non
2676 3380 2813 3419 vana
2844 3372 3028 3418 motus
3057 3364 3371 3427 occasione,
3399 3360 3548 3429 lcga—

1980 3470 2065 3514 tos
2100 3459 2270 3524 misit,
2301 3456 2399 3513 sed
2425 3456 2569 3528 quod
2601 3457 2745 3513 diem
2784 3458 2963 3523 illum,
2999 3468 3110 3525 quo
3138 3468 3361 3508 cursum
3387 3468 3544 3507 suum

1980 3550 2061 3606 sol
2099 3549 2473 3620 retrocgisset,
2530 3548 2699 3619 duplo
2731 3548 2991 3618 majorem
3025 3544 3309 3603 exstitisse
3362 3542 3553 3611 deprc-

1981 3642 2284 3698 liendisset.
2334 3641 2524 3712 Neque
2559 3643 2704 3697 enim
2734 3641 2787 3695 id
2830 3640 3139 3704 Chaldaeos,
3192 3641 3286 3711 qui
3320 3642 3375 3694 in
3411 3641 3553 3695 sidc-

1982 3749 2101 3789 rum
2130 3732 2422 3803 disciplina
2456 3732 2688 3787 multum
2724 3732 2928 3787 versati
2968 3739 3180 3795 essent,
3233 3731 3405 3786 latere
3464 3746 3553 3799 po.

1983 3826 2117 3893 tuit;
2145 3840 2248 3881 nec
2277 3824 2348 3879 ab
2382 3825 2609 3889 eisdem,
2636 3824 2728 3893 qui
2779 3823 2949 3879 solem
3007 3824 3168 3877 deum
3218 3822 3482 3883 iacerent,
3524 3839 3553 3873 a

1981 3915 2287 3986 potentiore
2317 3913 2500 3982 aliqua
2542 3912 2745 3966 virtute
2798 3912 3001 3966 factum
3048 3913 3330 3981 denegari.
3386 3910 3549 3981 433

1982 4008 2173 4075 Itaque
2208 4019 2330 4058 cum
2365 4004 2444 4057 rei
2476 4018 2702 4059 causam
2740 4004 2900 4058 anxie
2930 4004 3163 4057 scrutati
3196 4003 3264 4056 ab
3296 4002 3550 4056 Hebraeu-

1982 4112 2103 4152 rum
2146 4095 2257 4152 Deo
2284 4104 2502 4165 propter
2537 4092 2828 4150 Ezeclziam
2872 4094 3076 4149 factum
3112 4110 3235 4149 esse
3285 4108 3552 4164 agnosce-

1982 4195 2105 4243 rent
2131 4204 2144 4240 :
2175 4202 2240 4242 eo
2269 4193 2576 4242 commotus
2604 4201 2721 4252 rex,
2743 4184 2889 4255 quod
2916 4195 3201 4256 tanquatn-
3231 4184 3297 4238 ad
3356 4185 3556 4253 lticlalc

1984 4277 2422 4333 commendatum
2454 4278 2841 4339 accessissent,
2874 4278 3192 4332 eorumdem
3244 4277 3541 4330 amicitiam

1983 4377 2035 4422 et
2060 4367 2241 4421 fmdus
2272 4366 2643 4433 amplectitur.
2704 4364 2895 4421 Dicere
2935 4368 3116 4436 possis
3155 4367 3319 4421 etiam
3376 4364 3554 4419 Mero-

295 4452 481 4522 φυγὴν
532 4453 923 4518 ἐπανάστασιν,
957 4455 1057 4522 τὴν
1105 4452 1201 4507 τοῦ
1255 4455 1370 4523 μετ’
1418 4456 1583 4509 αὑτὸν
1614 4455 1878 4524 ἄρξαντος
1912 4457 1987 4513 Di

1860 4457 2171 4517 :Ddacum
2218 4473 2326 4511 non
2376 4456 2813 4518 Sennaclierimi,
2878 4457 2973 4512 sed
3032 4457 3267 4510 Baldani
3323 4473 3386 4511 ex
3445 4457 3552 4509 alia

296 4543 493 4606 παιδὸς
509 4542 769 4613 Ἀχορδὰν
792 4559 981 4614 σεσιγη
990 4544 1157 4616 μένην
1176 4545 1475 4599 ἀπώλειαν.
1496 4545 1681 4599 Ταῦτα
1704 4544 1881 4599 πάντα

298 4633 496 4703 μαθὼν
516 4634 809 4703 Μαρωδὰκ
850 4635 1095 4691 Βαλδὰν
1121 4639 1251 4703 υίὸς
1276 4637 1374 4699 ὢν,
1404 4639 1462 4690 οὐ
1484 4637 1578 4690 τοῦ
1611 4637 1883 4707 Σενναχη-

298 4727 456 4798 ρεὶμ,
483 4725 622 4780 ἀλλὰ
677 4727 783 4781 τοῦ
832 4727 1096 4790 Βαλδὰν,
1125 4728 1186 4791 ἐξ
1214 4729 1405 4799 ἐτέρου
1460 4730 1649 4796 γένους
1696 4730 1878 4793 ,βασι-

294 4817 502 4869 ⁸ιιςύων
522 4817 941 4880 Βαϐυλωνίων,
972 4816 1047 4881 ὡς
1090 4817 1237 4886 ὼφελ
1262 4835 1320 4882 ος
1355 4819 1473 4888 (sic)
1497 4819 1595 4889 τὴν
1625 4820 1760 4889 πρὸς
1790 4819 1882 4871 τὸν

295 4906 507 4977 εὐσεϐῆ
536 4908 721 4974 φιλίαν
749 4908 1075 4973 ἀσπάζεται.

1988 4548 2156 4616 stirpe
2190 4547 2384 4614 ﬁlium,
2419 4555 2551 4600 tunc
2604 4546 3014 4616 Babyloniorum
3047 4565 3235 4617 regem,
3268 4558 3554 4617 postquam

1988 4653 2098 4693 uno
2136 4653 2282 4693 anno
2317 4647 2428 4692 tam
2462 4639 2634 4691 multa
2664 4648 2719 4692 et
2758 4639 3030 4709 stupenda
3060 4641 3358 4709 contigisse
3408 4639 3551 4693 didi-

1985 4730 2186 4794 cisset;
2221 4730 2573 4799 Assyriorum
2604 4745 2798 4810 nempe
2826 4733 3129 4785 exercitum
3170 4747 3265 4801 per
3299 4732 3551 4801 angelum

1986 4823 2189 4887 deleri;
2231 4820 2720 4877 Sennacherimum
2756 4831 3019 4892 praterea
3064 4838 3248 4892 regem
3295 4826 3418 4889 luga
3444 4824 3553 4877 cla-

1987 4924 2148 4980 psum
2199 4910 2436 4964 liliorum
2484 4911 2740 4966 manibus
2786 4911 3091 4977 trucidari;
3152 4912 3271 4981 ejus
3323 4911 3557 4982 denique

299 5002 480 5057 lilium
515 5003 925 5067 Acltordanum,
967 5005 1062 5075 qui
1096 5006 1239 5075 patri
1279 5016 1647 5073 successerat,
1701 5006 1863 5061 tacita
1904 5014 2081 5062 morte
2108 5005 2360 5070 interire,
2411 5015 2665 5075 tanquam
2740 5006 2795 5059 id
2840 5012 3015 5059 totum
3067 5005 3124 5059 in
3225 5020 3383 5059 suam
3439 5020 3553 5058 rem

299 5096 511 5151 factum
545 5113 670 5153 esse
695 5099 995 5169 judicaret,
1030 5100 1103 5170 pii
1161 5102 1305 5171 regis
1360 5102 1659 5156 amicitiam
1700 5102 2023 5159 ambivisse.

378 5191 501 5243 Ὅτι
555 5193 664 5259 γὰρ
702 5194 759 5245 ἐν
783 5194 864 5246 ἐν)⁵
910 5196 1087 5248 πάντα
1111 5195 1379 5267 προῆλθεθ
1402 5196 1633 5265 ἐνιαυτῷ
1690 5197 1884 5267 μάθοις

300 5283 374 5335 ἂν
408 5283 713 5345 ἐπιστήσας
742 5283 816 5347 ὼς
846 5287 880 5355 ή
905 5285 1088 5353 ἔφοδος
1136 5288 1219 5339 τοῦ
1268 5289 1553 5356 Ἀσσυρίου
1576 5288 1728 5350 ἔτους
1761 5306 1883 5341 τεσ-

316 5374 807 5439 ·ιαρεσκαιδεκάτου
856 5376 955 5439 τῆς
993 5377 1236 5439 Ἐζεκίου
1302 5378 1576 5447 βασιλείας
1640 5379 1875 5447 ἐγένετο.

380 5547 424 5577 θλ
459 5546 530 5599 IV
563 5547 690 5615 ltrg.
722 5564 811 5609 xx,
844 5549 998 5603 9-H.
1114 5554 1154 5584 "
1183 5553 1355 5609 Exod.
1387 5563 1567 5621 amet
1594 5570 1681 5607 xv.

2066 5197 2251 5267 Neque
2284 5197 2428 5251 enim
2463 5196 2629 5265 hujus
2656 5197 2784 5250 anni
2812 5197 2992 5266 spatio
3024 5196 3128 5249 ista
3155 5194 3338 5249 omnia
3377 5194 3555 5245 conli-

1991 5288 2137 5359 gisse
2166 5289 2460 5353 dubitabis,
2499 5289 2544 5342 si
2595 5288 2803 5359 Assyrii
2838 5288 3241 5356 expeditionem
3277 5290 3471 5352 quarto
3498 5290 3553 5336 et

1989 5380 2203 5435 decimo
2229 5378 2471 5434 Ezccltite
2500 5380 2776 5435 exstitisse
2817 5379 3094 5442 didiceris,
3154 5392 3277 5430 cum
3328 5374 3557 5443 quinde-

1760 5552 2002 5607 “Jndic.
2043 5569 2115 5613 tv.
2141 5563 2191 5607 et
2219 5572 2267 5608 v.
2347 5559 2383 5585 ²ῖ
2424 5555 2441 5609 l
2476 5556 2599 5626 llrg.
2626 5570 2682 5609 ιι.

1616 5669 1845 5724 VAlilAi
1889 5668 2285 5725 LECTIONES.

385 5750 413 5793 ι
450 5770 535 5822 γρ.
561 5754 633 5817 ὡς
674 5758 857 5820 αὐτὸς.
