  <div class='ocr_page' id='page_1' title='image "/cluster/home/n/w/nwhite01/storage/ocr_20150623/87 pt.2/nnc1.0046980296/419.png"; bbox 0 0 4284 6440; ppageno 0'>
   <div class='ocr_carea' id='block_1_1' title="bbox 764 362 901 425">
    <p class='ocr_par' dir='ltr' id='par_1_1' title="bbox 764 362 901 425">
     <span class='ocr_line' id='line_1_1' title="bbox 764 362 901 425; baseline -0.007 0"><span class='ocrx_word' id='word_1_1' title='bbox 764 362 901 425; x_wconf 72' lang='grc'>2331</span> 
     </span>
    </p>
   </div>
   <div class='ocr_carea' id='block_1_2' title="bbox 754 555 2329 627">
    <p class='ocr_par' dir='ltr' id='par_1_2' title="bbox 754 555 2329 627">
     <span class='ocr_line' id='line_1_2' title="bbox 754 555 2329 627; baseline 0.003 -19"><span class='ocrx_word' id='word_1_2' title='bbox 754 555 1078 622; x_wconf 78' lang='lat' dir='ltr'><strong>Jerusalem,</strong></span> <span class='ocrx_word' id='word_1_3' title='bbox 1112 557 1292 627; x_wconf 85' lang='lat' dir='ltr'><strong>populi</strong></span> <span class='ocrx_word' id='word_1_4' title='bbox 1321 556 1536 611; x_wconf 73' lang='lat' dir='ltr'><strong>scilicet</strong></span> <span class='ocrx_word' id='word_1_5' title='bbox 1585 558 1641 612; x_wconf 90' lang='lat' dir='ltr'><strong>in</strong></span> <span class='ocrx_word' id='word_1_6' title='bbox 1690 558 1933 612; x_wconf 82' lang='lat' dir='ltr'><strong>Ecclesia</strong></span> <span class='ocrx_word' id='word_1_7' title='bbox 1979 559 2329 627; x_wconf 68' lang='lat' dir='ltr'><strong>praestantior</strong></span> 
     </span>
    </p>
   </div>
   <div class='ocr_carea' id='block_1_3' title="bbox 757 649 2331 720">
    <p class='ocr_par' dir='ltr' id='par_1_3' title="bbox 757 649 2331 720">
     <span class='ocr_line' id='line_1_3' title="bbox 757 649 2331 720; baseline 0 -16"><span class='ocrx_word' id='word_1_8' title='bbox 757 665 1042 713; x_wconf 86' lang='lat' dir='ltr'><strong>numerus,</strong></span> <span class='ocrx_word' id='word_1_9' title='bbox 1088 649 1426 717; x_wconf 83' lang='lat' dir='ltr'><strong>appellatur:</strong></span> <span class='ocrx_word' id='word_1_10' title='bbox 1461 665 1569 704; x_wconf 88' lang='lat' dir='ltr'><strong>non</strong></span> <span class='ocrx_word' id='word_1_11' title='bbox 1611 651 1769 704; x_wconf 85' lang='lat' dir='ltr'><strong>aliter</strong></span> <span class='ocrx_word' id='word_1_12' title='bbox 1795 666 1958 720; x_wconf 87' lang='lat' dir='ltr'><strong>quam</strong></span> <span class='ocrx_word' id='word_1_13' title='bbox 1999 653 2055 704; x_wconf 90' lang='lat' dir='ltr'><strong>in</strong></span> <span class='ocrx_word' id='word_1_14' title='bbox 2095 664 2331 719; x_wconf 80' lang='lat' dir='ltr'><strong>torpore</strong></span> 
     </span>
    </p>
   </div>
   <div class='ocr_carea' id='block_1_4' title="bbox 757 735 2331 811">
    <p class='ocr_par' dir='ltr' id='par_1_4' title="bbox 757 735 2331 811">
     <span class='ocr_line' id='line_1_4' title="bbox 757 735 2331 811; baseline 0.001 -17"><span class='ocrx_word' id='word_1_15' title='bbox 757 741 905 794; x_wconf 78' lang='lat' dir='ltr'><strong>cordi</strong></span> <span class='ocrx_word' id='word_1_16' title='bbox 938 739 1299 808; x_wconf 75' lang='lat' dir='ltr'><strong>principatum</strong></span> <span class='ocrx_word' id='word_1_17' title='bbox 1332 740 1649 795; x_wconf 88' lang='lat' dir='ltr'><strong>tribuimus.</strong></span> <span class='ocrx_word' id='word_1_18' title='bbox 1687 740 1808 806; x_wconf 86' lang='lat' dir='ltr'><strong>Quo</strong></span> <span class='ocrx_word' id='word_1_19' title='bbox 1850 735 2103 811; x_wconf 87' lang='lat' dir='ltr'><strong>loquendi</strong></span> <span class='ocrx_word' id='word_1_20' title='bbox 2132 755 2331 811; x_wconf 85' lang='lat' dir='ltr'><strong>genere</strong></span> 
     </span>
    </p>
   </div>
   <div class='ocr_carea' id='block_1_5' title="bbox 760 828 2331 899">
    <p class='ocr_par' dir='ltr' id='par_1_5' title="bbox 760 828 2331 899">
     <span class='ocr_line' id='line_1_5' title="bbox 760 828 2331 899; baseline 0.002 -17"><span class='ocrx_word' id='word_1_21' title='bbox 760 828 955 883; x_wconf 75' lang='lat' dir='ltr'><strong>rationi</strong></span> <span class='ocrx_word' id='word_1_22' title='bbox 1006 836 1060 881; x_wconf 91' lang='lat' dir='ltr'><strong>et</strong></span> <span class='ocrx_word' id='word_1_23' title='bbox 1103 828 1316 895; x_wconf 85' lang='lat' dir='ltr'><strong>spiritui</strong></span> <span class='ocrx_word' id='word_1_24' title='bbox 1354 831 1525 897; x_wconf 82' lang='lat' dir='ltr'><strong>magis</strong></span> <span class='ocrx_word' id='word_1_25' title='bbox 1556 830 2048 899; x_wconf 87' lang='lat' dir='ltr'><strong>obtemperantium</strong></span> <span class='ocrx_word' id='word_1_26' title='bbox 2095 831 2231 883; x_wconf 86' lang='lat' dir='ltr'><strong>ordo</strong></span> <span class='ocrx_word' id='word_1_27' title='bbox 2255 832 2331 885; x_wconf 88' lang='lat' dir='ltr'><strong>si-</strong></span> 
     </span>
    </p>
   </div>
   <div class='ocr_carea' id='block_1_6' title="bbox 757 919 2327 989">
    <p class='ocr_par' dir='ltr' id='par_1_6' title="bbox 757 919 2327 989">
     <span class='ocr_line' id='line_1_6' title="bbox 757 919 2327 989; baseline 0.001 -16"><span class='ocrx_word' id='word_1_28' title='bbox 757 921 1068 987; x_wconf 78' lang='lat' dir='ltr'><strong>gniﬁcatur.</strong></span> <span class='ocrx_word' id='word_1_29' title='bbox 1104 919 1294 988; x_wconf 85' lang='lat' dir='ltr'><strong>Itaque</strong></span> <span class='ocrx_word' id='word_1_30' title='bbox 1321 920 1464 989; x_wconf 82' lang='lat' dir='ltr'><strong>loqui</strong></span> <span class='ocrx_word' id='word_1_31' title='bbox 1495 920 1717 988; x_wconf 90' lang='lat' dir='ltr'><strong>quidem</strong></span> <span class='ocrx_word' id='word_1_32' title='bbox 1754 922 1919 985; x_wconf 89' lang='lat' dir='ltr'><strong>istos,</strong></span> <span class='ocrx_word' id='word_1_33' title='bbox 1957 921 2096 975; x_wconf 87' lang='lat' dir='ltr'><strong>alios</strong></span> <span class='ocrx_word' id='word_1_34' title='bbox 2126 930 2327 987; x_wconf 86' lang='lat' dir='ltr'><strong>autem,</strong></span> 
     </span>
    </p>
   </div>
   <div class='ocr_carea' id='block_1_7' title="bbox 757 1012 2331 1082">
    <p class='ocr_par' dir='ltr' id='par_1_7' title="bbox 757 1012 2331 1082">
     <span class='ocr_line' id='line_1_7' title="bbox 757 1012 2331 1082; baseline 0.003 -18"><span class='ocrx_word' id='word_1_35' title='bbox 757 1019 1016 1079; x_wconf 86' lang='lat' dir='ltr'><strong>tanquam</strong></span> <span class='ocrx_word' id='word_1_36' title='bbox 1075 1012 1436 1066; x_wconf 74' lang='lat' dir='ltr'><strong>consolatione</strong></span> <span class='ocrx_word' id='word_1_37' title='bbox 1496 1026 1638 1082; x_wconf 83' lang='lat' dir='ltr'><strong>Opus</strong></span> <span class='ocrx_word' id='word_1_38' title='bbox 1695 1013 1996 1077; x_wconf 81' lang='lat' dir='ltr'><strong>habentes,</strong></span> <span class='ocrx_word' id='word_1_39' title='bbox 2054 1012 2331 1069; x_wconf 88' lang='lat' dir='ltr'><strong>consolari</strong></span> 
     </span>
    </p>
   </div>
   <div class='ocr_carea' id='block_1_8' title="bbox 758 1100 2330 1172">
    <p class='ocr_par' dir='ltr' id='par_1_8' title="bbox 758 1100 2330 1172">
     <span class='ocr_line' id='line_1_8' title="bbox 758 1100 2330 1172; baseline 0.001 -17"><span class='ocrx_word' id='word_1_40' title='bbox 758 1103 1028 1172; x_wconf 68' lang='lat' dir='ltr'><strong>prazcipit.</strong></span> <span class='ocrx_word' id='word_1_41' title='bbox 1059 1100 1216 1156; x_wconf 86' lang='lat' dir='ltr'><strong>Dicas</strong></span> <span class='ocrx_word' id='word_1_42' title='bbox 1248 1101 1412 1154; x_wconf 86' lang='lat' dir='ltr'><strong>etiam</strong></span> <span class='ocrx_word' id='word_1_43' title='bbox 1447 1109 1501 1154; x_wconf 91' lang='lat' dir='ltr'><strong>et</strong></span> <span class='ocrx_word' id='word_1_44' title='bbox 1527 1102 1711 1155; x_wconf 79' lang='lat' dir='ltr'><strong>sensui</strong></span> <span class='ocrx_word' id='word_1_45' title='bbox 1742 1100 1999 1169; x_wconf 67' lang='lat' dir='ltr'><strong>subjectae</strong></span> <span class='ocrx_word' id='word_1_46' title='bbox 2024 1101 2330 1158; x_wconf 86' lang='lat' dir='ltr'><strong>Jerusalem</strong></span> 
     </span>
    </p>
   </div>
   <div class='ocr_carea' id='block_1_9' title="bbox 756 1192 2329 1263">
    <p class='ocr_par' dir='ltr' id='par_1_9' title="bbox 756 1192 2329 1263">
     <span class='ocr_line' id='line_1_9' title="bbox 756 1192 2329 1263; baseline -0.003 -14"><span class='ocrx_word' id='word_1_47' title='bbox 756 1198 903 1249; x_wconf 83' lang='lat' dir='ltr'><strong>cives</strong></span> <span class='ocrx_word' id='word_1_48' title='bbox 938 1195 1148 1246; x_wconf 83' lang='lat' dir='ltr'><strong>ratione</strong></span> <span class='ocrx_word' id='word_1_49' title='bbox 1186 1192 1361 1262; x_wconf 88' lang='lat' dir='ltr'><strong>magis</strong></span> <span class='ocrx_word' id='word_1_50' title='bbox 1398 1192 1689 1262; x_wconf 89' lang='lat' dir='ltr'><strong>pollentes,</strong></span> <span class='ocrx_word' id='word_1_51' title='bbox 1737 1193 2120 1262; x_wconf 76' lang='lat' dir='ltr'><strong>:equioresque</strong></span> <span class='ocrx_word' id='word_1_52' title='bbox 2157 1193 2329 1263; x_wconf 86' lang='lat' dir='ltr'><strong>signi-</strong></span> 
     </span>
    </p>
   </div>
   <div class='ocr_carea' id='block_1_10' title="bbox 757 1281 2329 1352">
    <p class='ocr_par' dir='ltr' id='par_1_10' title="bbox 757 1281 2329 1352">
     <span class='ocr_line' id='line_1_10' title="bbox 757 1281 2329 1352; baseline 0 -15"><span class='ocrx_word' id='word_1_53' title='bbox 757 1286 945 1348; x_wconf 86' lang='lat' dir='ltr'><strong>ticari;</strong></span> <span class='ocrx_word' id='word_1_54' title='bbox 976 1298 1100 1337; x_wconf 87' lang='lat' dir='ltr'><strong>eum</strong></span> <span class='ocrx_word' id='word_1_55' title='bbox 1142 1282 1350 1350; x_wconf 91' lang='lat' dir='ltr'><strong>reliqua</strong></span> <span class='ocrx_word' id='word_1_56' title='bbox 1394 1282 1553 1335; x_wconf 88' lang='lat' dir='ltr'><strong>turba</strong></span> <span class='ocrx_word' id='word_1_57' title='bbox 1591 1296 1780 1336; x_wconf 80' lang='lat' dir='ltr'><strong>crassa</strong></span> <span class='ocrx_word' id='word_1_58' title='bbox 1822 1281 1958 1345; x_wconf 79' lang='lat' dir='ltr'><strong>fere,</strong></span> <span class='ocrx_word' id='word_1_59' title='bbox 1999 1282 2329 1352; x_wconf 89' lang='lat' dir='ltr'><strong>corporique</strong></span> 
     </span>
    </p>
   </div>
   <div class='ocr_carea' id='block_1_11' title="bbox 756 1368 2328 1440">
    <p class='ocr_par' dir='ltr' id='par_1_11' title="bbox 756 1368 2328 1440">
     <span class='ocr_line' id='line_1_11' title="bbox 756 1368 2328 1440; baseline -0.001 -14"><span class='ocrx_word' id='word_1_60' title='bbox 756 1374 993 1427; x_wconf 80' lang='lat' dir='ltr'><strong>maxime</strong></span> <span class='ocrx_word' id='word_1_61' title='bbox 1030 1371 1243 1425; x_wconf 87' lang='lat' dir='ltr'><strong>addicta</strong></span> <span class='ocrx_word' id='word_1_62' title='bbox 1282 1372 1371 1426; x_wconf 90' lang='lat' dir='ltr'><strong>sit.</strong></span> <span class='ocrx_word' id='word_1_63' title='bbox 1413 1368 1542 1424; x_wconf 83' lang='lat' dir='ltr'><strong>Vult</strong></span> <span class='ocrx_word' id='word_1_64' title='bbox 1586 1370 1754 1440; x_wconf 77' lang='lat' dir='ltr'><strong>igitur</strong></span> <span class='ocrx_word' id='word_1_65' title='bbox 1790 1378 1846 1425; x_wconf 91' lang='lat' dir='ltr'><strong>et</strong></span> <span class='ocrx_word' id='word_1_66' title='bbox 1880 1369 1947 1425; x_wconf 88' lang='lat' dir='ltr'><strong>ad</strong></span> <span class='ocrx_word' id='word_1_67' title='bbox 1990 1372 2125 1426; x_wconf 90' lang='lat' dir='ltr'><strong>istos</strong></span> <span class='ocrx_word' id='word_1_68' title='bbox 2163 1373 2328 1426; x_wconf 86' lang='lat' dir='ltr'><strong>verba</strong></span> 
     </span>
    </p>
   </div>
   <div class='ocr_carea' id='block_1_12' title="bbox 756 1461 2322 1531">
    <p class='ocr_par' dir='ltr' id='par_1_12' title="bbox 756 1461 2322 1531">
     <span class='ocr_line' id='line_1_12' title="bbox 756 1461 2322 1531; baseline -0.002 -15"><span class='ocrx_word' id='word_1_69' title='bbox 756 1464 873 1516; x_wconf 89' lang='lat' dir='ltr'><strong>tieri</strong></span> <span class='ocrx_word' id='word_1_70' title='bbox 905 1464 975 1516; x_wconf 90' lang='lat' dir='ltr'><strong>ab</strong></span> <span class='ocrx_word' id='word_1_71' title='bbox 998 1464 1098 1527; x_wconf 86' lang='lat' dir='ltr'><strong>eis,</strong></span> <span class='ocrx_word' id='word_1_72' title='bbox 1127 1463 1219 1531; x_wconf 91' lang='lat' dir='ltr'><strong>qui</strong></span> <span class='ocrx_word' id='word_1_73' title='bbox 1246 1461 1508 1530; x_wconf 88' lang='lat' dir='ltr'><strong>Spiritum</strong></span> <span class='ocrx_word' id='word_1_74' title='bbox 1542 1462 1939 1515; x_wconf 87' lang='lat' dir='ltr'><strong>consolationis</strong></span> <span class='ocrx_word' id='word_1_75' title='bbox 1960 1468 2322 1530; x_wconf 89' lang='lat' dir='ltr'><strong>acceperunt;</strong></span> 
     </span>
    </p>
   </div>
   <div class='ocr_carea' id='block_1_13' title="bbox 753 1548 2323 1619">
    <p class='ocr_par' dir='ltr' id='par_1_13' title="bbox 753 1548 2323 1619">
     <span class='ocr_line' id='line_1_13' title="bbox 753 1548 2323 1619; baseline 0.001 -17"><span class='ocrx_word' id='word_1_76' title='bbox 753 1557 806 1602; x_wconf 88' lang='lat' dir='ltr'><strong>et</strong></span> <span class='ocrx_word' id='word_1_77' title='bbox 839 1557 1182 1619; x_wconf 85' lang='lat' dir='ltr'><strong>peccatorum</strong></span> <span class='ocrx_word' id='word_1_78' title='bbox 1228 1564 1319 1617; x_wconf 92' lang='lat' dir='ltr'><strong>per</strong></span> <span class='ocrx_word' id='word_1_79' title='bbox 1353 1549 1693 1617; x_wconf 83' lang='lat' dir='ltr'><strong>prophetiam</strong></span> <span class='ocrx_word' id='word_1_80' title='bbox 1726 1549 1793 1602; x_wconf 92' lang='lat' dir='ltr'><strong>de</strong></span> <span class='ocrx_word' id='word_1_81' title='bbox 1821 1549 2027 1604; x_wconf 87' lang='lat' dir='ltr'><strong>Christi</strong></span> <span class='ocrx_word' id='word_1_82' title='bbox 2065 1548 2323 1611; x_wconf 87' lang='lat' dir='ltr'><strong>adventu.</strong></span> 
     </span>
    </p>
   </div>
   <div class='ocr_carea' id='block_1_14' title="bbox 754 1639 2326 1702">
    <p class='ocr_par' dir='ltr' id='par_1_14' title="bbox 754 1639 2326 1702">
     <span class='ocr_line' id='line_1_14' title="bbox 754 1639 2326 1702; baseline 0.001 -10"><span class='ocrx_word' id='word_1_83' title='bbox 754 1656 878 1693; x_wconf 89' lang='lat' dir='ltr'><strong>cum</strong></span> <span class='ocrx_word' id='word_1_84' title='bbox 905 1646 1155 1694; x_wconf 85' lang='lat' dir='ltr'><strong>cessante</strong></span> <span class='ocrx_word' id='word_1_85' title='bbox 1184 1639 1481 1692; x_wconf 79' lang='lat' dir='ltr'><strong>humilitate</strong></span> <span class='ocrx_word' id='word_1_86' title='bbox 1526 1639 1685 1692; x_wconf 88' lang='lat' dir='ltr'><strong>etiam</strong></span> <span class='ocrx_word' id='word_1_87' title='bbox 1722 1640 1953 1693; x_wconf 77' lang='lat' dir='ltr'><strong>solutum</strong></span> <span class='ocrx_word' id='word_1_88' title='bbox 2002 1640 2103 1693; x_wconf 80' lang='lat' dir='ltr'><strong>erit</strong></span> <span class='ocrx_word' id='word_1_89' title='bbox 2141 1657 2326 1702; x_wconf 80' lang='lat' dir='ltr'><strong>pecca-</strong></span> 
     </span>
    </p>
   </div>
   <div class='ocr_carea' id='block_1_15' title="bbox 757 1730 2325 1800">
    <p class='ocr_par' dir='ltr' id='par_1_15' title="bbox 757 1730 2325 1800">
     <span class='ocr_line' id='line_1_15' title="bbox 757 1730 2325 1800; baseline 0.004 -20"><span class='ocrx_word' id='word_1_90' title='bbox 757 1742 888 1792; x_wconf 86' lang='lat' dir='ltr'><strong>tnm,</strong></span> <span class='ocrx_word' id='word_1_91' title='bbox 939 1733 1150 1785; x_wconf 85' lang='lat' dir='ltr'><strong>veniam</strong></span> <span class='ocrx_word' id='word_1_92' title='bbox 1194 1731 1524 1784; x_wconf 88' lang='lat' dir='ltr'><strong>denuntiari.</strong></span> <span class='ocrx_word' id='word_1_93' title='bbox 1556 1730 1720 1785; x_wconf 85' lang='lat' dir='ltr'><strong>Cordi</strong></span> <span class='ocrx_word' id='word_1_94' title='bbox 1753 1744 1884 1797; x_wconf 80' lang='lat' dir='ltr'><strong>ergo</strong></span> <span class='ocrx_word' id='word_1_95' title='bbox 1924 1732 2179 1800; x_wconf 87' lang='lat' dir='ltr'><strong>superius</strong></span> <span class='ocrx_word' id='word_1_96' title='bbox 2212 1747 2325 1786; x_wconf 90' lang='lat' dir='ltr'><strong>me—</strong></span> 
     </span>
    </p>
   </div>
   <div class='ocr_carea' id='block_1_16' title="bbox 2038 363 2670 426">
    <p class='ocr_par' dir='ltr' id='par_1_16' title="bbox 2038 363 2670 426">
     <span class='ocr_line' id='line_1_16' title="bbox 2038 363 2670 426; baseline 0.006 -5"><span class='ocrx_word' id='word_1_97' title='bbox 2038 363 2388 425; x_wconf 79' lang='lat' dir='ltr'><strong>Pi‘tOCOPII</strong></span> <span class='ocrx_word' id='word_1_98' title='bbox 2428 365 2670 426; x_wconf 63' lang='lat' dir='ltr'><strong>GAZJZI</strong></span> 
     </span>
    </p>
   </div>
   <div class='ocr_carea' id='block_1_17' title="bbox 827 465 2407 537">
    <p class='ocr_par' dir='ltr' id='par_1_17' title="bbox 827 465 2407 537">
     <span class='ocr_line' id='line_1_17' title="bbox 827 465 2407 537; baseline 0.003 -20"><span class='ocrx_word' id='word_1_99' title='bbox 827 470 941 531; x_wconf 79' lang='lat' dir='ltr'><strong>Qua</strong></span> <span class='ocrx_word' id='word_1_100' title='bbox 982 480 1110 537; x_wconf 87' lang='lat' dir='ltr'><strong>ergo</strong></span> <span class='ocrx_word' id='word_1_101' title='bbox 1151 465 1362 521; x_wconf 83' lang='lat' dir='ltr'><strong>ratione</strong></span> <span class='ocrx_word' id='word_1_102' title='bbox 1394 466 1480 521; x_wconf 93' lang='lat' dir='ltr'><strong>hic</strong></span> <span class='ocrx_word' id='word_1_103' title='bbox 1512 467 1608 521; x_wconf 84' lang='lat' dir='ltr'><strong>Dei</strong></span> <span class='ocrx_word' id='word_1_104' title='bbox 1642 469 1891 536; x_wconf 81' lang='lat' dir='ltr'><strong>populus,</strong></span> <span class='ocrx_word' id='word_1_105' title='bbox 1927 469 2118 522; x_wconf 87' lang='lat' dir='ltr'><strong>eadem</strong></span> <span class='ocrx_word' id='word_1_106' title='bbox 2157 480 2212 524; x_wconf 91' lang='lat' dir='ltr'><strong>et</strong></span> <span class='ocrx_word' id='word_1_107' title='bbox 2241 486 2331 522; x_wconf 87' lang='lat' dir='ltr'><strong>cor</strong></span> <span class='ocrx_word' id='word_1_108' title='bbox 2359 477 2407 533; x_wconf 71' lang='grc' dir='ltr'>Α</span> 
     </span>
    </p>
   </div>
   <div class='ocr_carea' id='block_1_18' title="bbox 3873 379 4024 442">
    <p class='ocr_par' dir='ltr' id='par_1_18' title="bbox 3873 379 4024 442">
     <span class='ocr_line' id='line_1_18' title="bbox 3873 379 4024 442; baseline 0.02 -3"><span class='ocrx_word' id='word_1_109' title='bbox 3873 379 4024 442; x_wconf 71' lang='grc' dir='ltr'><strong>Ξ332</strong></span> 
     </span>
    </p>
   </div>
   <div class='ocr_carea' id='block_1_19' title="bbox 2517 466 4019 549">
    <p class='ocr_par' dir='ltr' id='par_1_19' title="bbox 2517 466 4019 549">
     <span class='ocr_line' id='line_1_19' title="bbox 2517 466 4019 549; baseline 0.011 -26"><span class='ocrx_word' id='word_1_110' title='bbox 2517 472 2601 535; x_wconf 86' lang='grc' dir='ltr'><strong>Ὠς</strong></span> <span class='ocrx_word' id='word_1_111' title='bbox 2630 467 2721 525; x_wconf 75' lang='grc' dir='ltr'><strong>οὖν</strong></span> <span class='ocrx_word' id='word_1_112' title='bbox 2743 466 2895 537; x_wconf 70' lang='grc' dir='ltr'><strong>οὗτος</strong></span> <span class='ocrx_word' id='word_1_113' title='bbox 2920 473 3069 539; x_wconf 73' lang='grc' dir='ltr'><strong>λαὸς</strong></span> <span class='ocrx_word' id='word_1_114' title='bbox 3100 476 3268 540; x_wconf 84' lang='grc' dir='ltr'><strong>Θεοῦ,</strong></span> <span class='ocrx_word' id='word_1_115' title='bbox 3289 474 3430 531; x_wconf 75' lang='grc' dir='ltr'><strong>οὕτω</strong></span> <span class='ocrx_word' id='word_1_116' title='bbox 3462 478 3676 546; x_wconf 80' lang='grc' dir='ltr'><strong>καρδία</strong></span> <span class='ocrx_word' id='word_1_117' title='bbox 3707 481 4019 549; x_wconf 78' lang='grc' dir='ltr'><strong>Ἰερουσαο</strong></span> 
     </span>
    </p>
   </div>
   <div class='ocr_carea' id='block_1_20' title="bbox 2432 561 4023 643">
    <p class='ocr_par' dir='ltr' id='par_1_20' title="bbox 2432 561 4023 643">
     <span class='ocr_line' id='line_1_20' title="bbox 2432 561 4023 643; baseline 0.008 -28"><span class='ocrx_word' id='word_1_118' title='bbox 2432 561 2559 630; x_wconf 73' lang='grc' dir='ltr'><strong>λὴμ</strong></span> <span class='ocrx_word' id='word_1_119' title='bbox 2579 563 2639 615; x_wconf 87' lang='grc' dir='ltr'><strong>τὸ</strong></span> <span class='ocrx_word' id='word_1_120' title='bbox 2667 566 2912 634; x_wconf 72' lang='grc' dir='ltr'><strong>κρεϊτιον</strong></span> <span class='ocrx_word' id='word_1_121' title='bbox 2930 564 3024 617; x_wconf 80' lang='grc' dir='ltr'><strong>τοῦ</strong></span> <span class='ocrx_word' id='word_1_122' title='bbox 3060 565 3190 618; x_wconf 87' lang='grc' dir='ltr'><strong>λαοῦ</strong></span> <span class='ocrx_word' id='word_1_123' title='bbox 3233 568 3438 635; x_wconf 80' lang='grc' dir='ltr'><strong>τάγμα,</strong></span> <span class='ocrx_word' id='word_1_124' title='bbox 3481 569 3575 622; x_wconf 81' lang='grc' dir='ltr'><strong>καὶ</strong></span> <span class='ocrx_word' id='word_1_125' title='bbox 3621 573 3721 640; x_wconf 77' lang='grc' dir='ltr'><strong>τῆς</strong></span> <span class='ocrx_word' id='word_1_126' title='bbox 3781 572 4023 643; x_wconf 83' lang='grc' dir='ltr'><strong>Ἐκκλη-</strong></span> 
     </span>
    </p>
   </div>
   <div class='ocr_carea' id='block_1_21' title="bbox 2435 651 4021 732">
    <p class='ocr_par' dir='ltr' id='par_1_21' title="bbox 2435 651 4021 732">
     <span class='ocr_line' id='line_1_21' title="bbox 2435 651 4021 732; baseline 0.01 -31"><span class='ocrx_word' id='word_1_127' title='bbox 2435 651 2554 710; x_wconf 71' lang='lat' dir='ltr'><strong>eia:</strong></span> <span class='ocrx_word' id='word_1_128' title='bbox 2582 653 2641 704; x_wconf 74' lang='grc' dir='ltr'><strong>τὸ</strong></span> <span class='ocrx_word' id='word_1_129' title='bbox 2662 652 3015 721; x_wconf 78' lang='grc' dir='ltr'><strong>κυριώτατον,</strong></span> <span class='ocrx_word' id='word_1_130' title='bbox 3038 654 3111 717; x_wconf 80' lang='grc' dir='ltr'><strong>ᾡς</strong></span> <span class='ocrx_word' id='word_1_131' title='bbox 3140 658 3177 722; x_wconf 75' lang='grc' dir='ltr'><em>ἠ</em></span> <span class='ocrx_word' id='word_1_132' title='bbox 3202 656 3415 723; x_wconf 81' lang='grc' dir='ltr'><strong>καρδία</strong></span> <span class='ocrx_word' id='word_1_133' title='bbox 3468 659 3561 712; x_wconf 75' lang='grc' dir='ltr'><strong>τοῦ</strong></span> <span class='ocrx_word' id='word_1_134' title='bbox 3612 659 3886 732; x_wconf 82' lang='grc' dir='ltr'><strong>σώματος,</strong></span> <span class='ocrx_word' id='word_1_135' title='bbox 3941 664 4021 717; x_wconf 84' lang='grc' dir='ltr'><strong>δι’</strong></span> 
     </span>
    </p>
   </div>
   <div class='ocr_carea' id='block_1_22' title="bbox 2432 737 4018 824">
    <p class='ocr_par' dir='ltr' id='par_1_22' title="bbox 2432 737 4018 824">
     <span class='ocr_line' id='line_1_22' title="bbox 2432 737 4018 824; baseline 0.009 -29"><span class='ocrx_word' id='word_1_136' title='bbox 2432 737 2494 795; x_wconf 68' lang='grc' dir='ltr'><strong>οὗ</strong></span> <span class='ocrx_word' id='word_1_137' title='bbox 2520 743 2772 811; x_wconf 84' lang='grc' dir='ltr'><strong>δηλοῦται</strong></span> <span class='ocrx_word' id='word_1_138' title='bbox 2795 746 2852 797; x_wconf 71' lang='grc' dir='ltr'><strong>τὸ</strong></span> <span class='ocrx_word' id='word_1_139' title='bbox 2876 745 3090 812; x_wconf 78' lang='grc' dir='ltr'><strong>λογικόν</strong></span> <span class='ocrx_word' id='word_1_140' title='bbox 3113 764 3171 800; x_wconf 91' lang='grc' dir='ltr'><strong>τε</strong></span> <span class='ocrx_word' id='word_1_141' title='bbox 3197 750 3286 801; x_wconf 76' lang='grc' dir='ltr'><strong>καὶ</strong></span> <span class='ocrx_word' id='word_1_142' title='bbox 3314 751 3646 820; x_wconf 83' lang='grc' dir='ltr'><strong>νοερώτερον</strong></span> <span class='ocrx_word' id='word_1_143' title='bbox 3684 755 3890 824; x_wconf 85' lang='grc' dir='ltr'><strong>τάγμα.</strong></span> <span class='ocrx_word' id='word_1_144' title='bbox 3918 758 4018 810; x_wconf 82' lang='grc' dir='ltr'><strong>Διὸ</strong></span> 
     </span>
    </p>
   </div>
   <div class='ocr_carea' id='block_1_23' title="bbox 2432 832 4016 911">
    <p class='ocr_par' dir='ltr' id='par_1_23' title="bbox 2432 832 4016 911">
     <span class='ocr_line' id='line_1_23' title="bbox 2432 832 4016 911; baseline 0.01 -26"><span class='ocrx_word' id='word_1_145' title='bbox 2432 832 2640 896; x_wconf 74' lang='grc' dir='ltr'><strong>τούτοις</strong></span> <span class='ocrx_word' id='word_1_146' title='bbox 2688 835 2787 903; x_wconf 77' lang='grc' dir='ltr'><strong>μὲν</strong></span> <span class='ocrx_word' id='word_1_147' title='bbox 2841 835 3075 900; x_wconf 65' lang='grc' dir='ltr'><em>λαλεῖν,</em></span> <span class='ocrx_word' id='word_1_148' title='bbox 3119 840 3489 905; x_wconf 81' lang='grc' dir='ltr'><strong>παρακαλεῖν</strong></span> <span class='ocrx_word' id='word_1_149' title='bbox 3546 843 3603 896; x_wconf 74' lang='grc' dir='ltr'><strong>δὲ</strong></span> <span class='ocrx_word' id='word_1_150' title='bbox 3660 845 3785 907; x_wconf 79' lang='grc' dir='ltr'><strong>τοὺς</strong></span> <span class='ocrx_word' id='word_1_151' title='bbox 3817 847 4016 911; x_wconf 78' lang='grc' dir='ltr'><strong>ἄλλους</strong></span> 
     </span>
    </p>
   </div>
   <div class='ocr_carea' id='block_1_24' title="bbox 2431 920 4018 999">
    <p class='ocr_par' dir='ltr' id='par_1_24' title="bbox 2431 920 4018 999">
     <span class='ocr_line' id='line_1_24' title="bbox 2431 920 4018 999; baseline 0.011 -28"><span class='ocrx_word' id='word_1_152' title='bbox 2431 920 2712 986; x_wconf 73' lang='grc' dir='ltr'><strong>ἐπέταξεν,</strong></span> <span class='ocrx_word' id='word_1_153' title='bbox 2742 923 2815 985; x_wconf 85' lang='grc' dir='ltr'><strong>ὼς</strong></span> <span class='ocrx_word' id='word_1_154' title='bbox 2870 922 2936 975; x_wconf 83' lang='grc' dir='ltr'><strong>ἂν</strong></span> <span class='ocrx_word' id='word_1_155' title='bbox 2964 924 3248 994; x_wconf 78' lang='grc' dir='ltr'><strong>δεομένους</strong></span> <span class='ocrx_word' id='word_1_156' title='bbox 3297 929 3671 999; x_wconf 81' lang='grc' dir='ltr'><strong>παραμυθίας.</strong></span> <span class='ocrx_word' id='word_1_157' title='bbox 3718 932 3918 997; x_wconf 79' lang='grc' dir='ltr'><strong>Εἷποις.</strong></span> <span class='ocrx_word' id='word_1_158' title='bbox 3950 936 4018 988; x_wconf 82' lang='grc' dir='ltr'><strong>δ’</strong></span> 
     </span>
    </p>
   </div>
   <div class='ocr_carea' id='block_1_25' title="bbox 2430 1012 4016 1095">
    <p class='ocr_par' dir='ltr' id='par_1_25' title="bbox 2430 1012 4016 1095">
     <span class='ocr_line' id='line_1_25' title="bbox 2430 1012 4016 1095; baseline 0.008 -29"><span class='ocrx_word' id='word_1_159' title='bbox 2430 1012 2496 1066; x_wconf 81' lang='grc' dir='ltr'><strong>ἂν</strong></span> <span class='ocrx_word' id='word_1_160' title='bbox 2525 1012 2735 1079; x_wconf 79' lang='grc' dir='ltr'><strong>καὶτῆς</strong></span> <span class='ocrx_word' id='word_1_161' title='bbox 2770 1014 3031 1084; x_wconf 75' lang='grc' dir='ltr'><strong>αἰσθητῆς</strong></span> <span class='ocrx_word' id='word_1_162' title='bbox 3075 1016 3433 1088; x_wconf 83' lang='grc' dir='ltr'><strong>Ἰερουσαλὴμ</strong></span> <span class='ocrx_word' id='word_1_163' title='bbox 3454 1021 3580 1081; x_wconf 85' lang='grc' dir='ltr'><strong>τοὺς</strong></span> <span class='ocrx_word' id='word_1_164' title='bbox 3613 1021 4016 1095; x_wconf 83' lang='grc' dir='ltr'><strong>λογικωτέρους</strong></span> 
     </span>
    </p>
   </div>
   <div class='ocr_carea' id='block_1_26' title="bbox 2435 1100 4015 1183">
    <p class='ocr_par' dir='ltr' id='par_1_26' title="bbox 2435 1100 4015 1183">
     <span class='ocr_line' id='line_1_26' title="bbox 2435 1100 4015 1183; baseline 0.011 -32"><span class='ocrx_word' id='word_1_165' title='bbox 2435 1100 2817 1168; x_wconf 79' lang='grc' dir='ltr'><strong>σημαίνεσθαι,</strong></span> <span class='ocrx_word' id='word_1_166' title='bbox 2859 1101 2951 1153; x_wconf 74' lang='grc' dir='ltr'><strong>τοῦ</strong></span> <span class='ocrx_word' id='word_1_167' title='bbox 2985 1102 3172 1156; x_wconf 78' lang='grc' dir='ltr'><strong>λοιποῦ</strong></span> <span class='ocrx_word' id='word_1_168' title='bbox 3214 1106 3452 1176; x_wconf 76' lang='grc' dir='ltr'><strong>πλήθους</strong></span> <span class='ocrx_word' id='word_1_169' title='bbox 3492 1110 3655 1163; x_wconf 80' lang='grc' dir='ltr'><strong>οἱονεὶ</strong></span> <span class='ocrx_word' id='word_1_170' title='bbox 3698 1114 4015 1183; x_wconf 77' lang='grc' dir='ltr'><strong>σαρκώδους</strong></span> 
     </span>
    </p>
   </div>
   <div class='ocr_carea' id='block_1_27' title="bbox 2430 1190 4014 1273">
    <p class='ocr_par' dir='ltr' id='par_1_27' title="bbox 2430 1190 4014 1273">
     <span class='ocr_line' id='line_1_27' title="bbox 2430 1190 4014 1273; baseline 0.012 -34"><span class='ocrx_word' id='word_1_171' title='bbox 2430 1190 2523 1241; x_wconf 77' lang='grc' dir='ltr'><strong>καὶ</strong></span> <span class='ocrx_word' id='word_1_172' title='bbox 2552 1190 2866 1259; x_wconf 74' lang='grc' dir='ltr'><strong>παχυτάτου</strong></span> <span class='ocrx_word' id='word_1_173' title='bbox 2909 1194 3290 1263; x_wconf 79' lang='grc' dir='ltr'><strong>τυγχάνοντος,</strong></span> <span class='ocrx_word' id='word_1_174' title='bbox 3315 1198 3408 1251; x_wconf 68' lang='grc' dir='ltr'><strong>καὶ</strong></span> <span class='ocrx_word' id='word_1_175' title='bbox 3431 1200 3613 1263; x_wconf 90' lang='grc' dir='ltr'><strong>αὐτοῖς</strong></span> <span class='ocrx_word' id='word_1_176' title='bbox 3643 1199 3734 1255; x_wconf 74' lang='grc' dir='ltr'><strong>οὖν</strong></span> <span class='ocrx_word' id='word_1_177' title='bbox 3756 1204 4014 1273; x_wconf 80' lang='grc' dir='ltr'><strong>βούλεται</strong></span> 
     </span>
    </p>
   </div>
   <div class='ocr_carea' id='block_1_28' title="bbox 2426 1281 4013 1365">
    <p class='ocr_par' dir='ltr' id='par_1_28' title="bbox 2426 1281 4013 1365">
     <span class='ocr_line' id='line_1_28' title="bbox 2426 1281 4013 1365; baseline 0.011 -32"><span class='ocrx_word' id='word_1_178' title='bbox 2426 1281 2642 1334; x_wconf 72' lang='grc' dir='ltr'><em>λαλεῖν</em></span> <span class='ocrx_word' id='word_1_179' title='bbox 2664 1284 2789 1345; x_wconf 81' lang='grc' dir='ltr'><strong>τοὺς</strong></span> <span class='ocrx_word' id='word_1_180' title='bbox 2812 1284 3097 1353; x_wconf 77' lang='grc' dir='ltr'><strong>εἰληφότας</strong></span> <span class='ocrx_word' id='word_1_181' title='bbox 3125 1288 3186 1339; x_wconf 84' lang='grc' dir='ltr'><strong>τὸ</strong></span> <span class='ocrx_word' id='word_1_182' title='bbox 3212 1289 3435 1359; x_wconf 79' lang='grc' dir='ltr'><strong>Πνεῦμα</strong></span> <span class='ocrx_word' id='word_1_183' title='bbox 3452 1291 3551 1360; x_wconf 84' lang='grc' dir='ltr'><strong>τῆς</strong></span> <span class='ocrx_word' id='word_1_184' title='bbox 3582 1296 4013 1365; x_wconf 76' lang='grc' dir='ltr'><strong>παρακλήσεως,</strong></span> 
     </span>
    </p>
   </div>
   <div class='ocr_carea' id='block_1_29' title="bbox 2427 1372 4013 1457">
    <p class='ocr_par' dir='ltr' id='par_1_29' title="bbox 2427 1372 4013 1457">
     <span class='ocr_line' id='line_1_29' title="bbox 2427 1372 4013 1457; baseline 0.008 -31"><span class='ocrx_word' id='word_1_185' title='bbox 2427 1372 2620 1438; x_wconf 77' lang='grc' dir='ltr'><strong>ἄφεσιν</strong></span> <span class='ocrx_word' id='word_1_186' title='bbox 2654 1373 2935 1441; x_wconf 85' lang='grc' dir='ltr'><strong>ἁμαρτιῶν</strong></span> <span class='ocrx_word' id='word_1_187' title='bbox 2961 1375 3479 1448; x_wconf 76' lang='grc' dir='ltr'><strong>εὐαγγελιζομένους</strong></span> <span class='ocrx_word' id='word_1_188' title='bbox 3504 1382 3594 1435; x_wconf 71' lang='grc' dir='ltr'><strong>διὰ</strong></span> <span class='ocrx_word' id='word_1_189' title='bbox 3652 1384 3754 1453; x_wconf 84' lang='grc' dir='ltr'><strong>τὴν</strong></span> <span class='ocrx_word' id='word_1_190' title='bbox 3794 1402 4013 1457; x_wconf 80' lang='grc' dir='ltr'><strong>προφη-</strong></span> 
     </span>
    </p>
   </div>
   <div class='ocr_carea' id='block_1_30' title="bbox 2426 1460 4012 1542">
    <p class='ocr_par' dir='ltr' id='par_1_30' title="bbox 2426 1460 4012 1542">
     <span class='ocr_line' id='line_1_30' title="bbox 2426 1460 4012 1542; baseline 0.011 -32"><span class='ocrx_word' id='word_1_191' title='bbox 2426 1460 2593 1523; x_wconf 77' lang='grc' dir='ltr'><strong>τείαν,</strong></span> <span class='ocrx_word' id='word_1_192' title='bbox 2626 1461 2692 1529; x_wconf 82' lang='grc' dir='ltr'><strong>ἣν</strong></span> <span class='ocrx_word' id='word_1_193' title='bbox 2722 1461 2916 1528; x_wconf 79' lang='grc' dir='ltr'><strong>ὲπάγει</strong></span> <span class='ocrx_word' id='word_1_194' title='bbox 2950 1465 3196 1534; x_wconf 75' lang='grc' dir='ltr'><strong>περὶτῆς</strong></span> <span class='ocrx_word' id='word_1_195' title='bbox 3223 1467 3458 1537; x_wconf 76' lang='grc' dir='ltr'><strong>Χριστοῦ</strong></span> <span class='ocrx_word' id='word_1_196' title='bbox 3486 1473 3807 1542; x_wconf 77' lang='grc' dir='ltr'><strong>παρουσίας,</strong></span> <span class='ocrx_word' id='word_1_197' title='bbox 3840 1492 4012 1528; x_wconf 81' lang='grc' dir='ltr'><strong>παυο-</strong></span> 
     </span>
    </p>
   </div>
   <div class='ocr_carea' id='block_1_31' title="bbox 2428 1548 4006 1632">
    <p class='ocr_par' dir='ltr' id='par_1_31' title="bbox 2428 1548 4006 1632">
     <span class='ocr_line' id='line_1_31' title="bbox 2428 1548 4006 1632; baseline 0.01 -31"><span class='ocrx_word' id='word_1_198' title='bbox 2428 1550 2596 1618; x_wconf 85' lang='grc' dir='ltr'><strong>μένης</strong></span> <span class='ocrx_word' id='word_1_199' title='bbox 2618 1548 2728 1617; x_wconf 83' lang='grc' dir='ltr'><strong>τῆς</strong></span> <span class='ocrx_word' id='word_1_200' title='bbox 2753 1552 3185 1620; x_wconf 78' lang='grc' dir='ltr'><strong>ταπεινώσεως,</strong></span> <span class='ocrx_word' id='word_1_201' title='bbox 3228 1557 3327 1609; x_wconf 82' lang='grc' dir='ltr'><strong>καί</strong></span> <span class='ocrx_word' id='word_1_202' title='bbox 3355 1559 3661 1628; x_wconf 72' lang='grc' dir='ltr'><strong>λυομένης</strong></span> <span class='ocrx_word' id='word_1_203' title='bbox 3676 1561 3787 1630; x_wconf 84' lang='grc' dir='ltr'><strong>τῆς</strong></span> <span class='ocrx_word' id='word_1_204' title='bbox 3816 1565 4006 1632; x_wconf 81' lang='grc' dir='ltr'><em>ἀμαρ-</em></span> 
     </span>
    </p>
   </div>
   <div class='ocr_carea' id='block_1_32' title="bbox 2425 1639 4014 1720">
    <p class='ocr_par' dir='ltr' id='par_1_32' title="bbox 2425 1639 4014 1720">
     <span class='ocr_line' id='line_1_32' title="bbox 2425 1639 4014 1720; baseline 0.006 -26"><span class='ocrx_word' id='word_1_205' title='bbox 2425 1643 2571 1706; x_wconf 83' lang='grc' dir='ltr'><strong>τίας.</strong></span> <span class='ocrx_word' id='word_1_206' title='bbox 2606 1642 2685 1712; x_wconf 77' lang='grc' dir='ltr'><strong>Τῇ</strong></span> <span class='ocrx_word' id='word_1_207' title='bbox 2726 1639 2820 1696; x_wconf 81' lang='grc' dir='ltr'><strong>οὖν</strong></span> <span class='ocrx_word' id='word_1_208' title='bbox 2861 1645 3123 1716; x_wconf 77' lang='grc' dir='ltr'><strong>εἰρημένῃ</strong></span> <span class='ocrx_word' id='word_1_209' title='bbox 3180 1648 3394 1715; x_wconf 77' lang='grc' dir='ltr'><strong>καρδίᾳ</strong></span> <span class='ocrx_word' id='word_1_210' title='bbox 3441 1650 3552 1719; x_wconf 84' lang='grc' dir='ltr'><strong>τῆς</strong></span> <span class='ocrx_word' id='word_1_211' title='bbox 3613 1652 4014 1720; x_wconf 67' lang='grc' dir='ltr'><strong>’Ῑερουσαλὶυι</strong></span> 
     </span>
    </p>
   </div>
   <div class='ocr_carea' id='block_1_33' title="bbox 2425 1731 4010 1809">
    <p class='ocr_par' dir='ltr' id='par_1_33' title="bbox 2425 1731 4010 1809">
     <span class='ocr_line' id='line_1_33' title="bbox 2425 1731 4010 1809; baseline 0.009 -25"><span class='ocrx_word' id='word_1_212' title='bbox 2425 1731 2654 1799; x_wconf 71' lang='grc' dir='ltr'><strong>διπλῆν</strong></span> <span class='ocrx_word' id='word_1_213' title='bbox 2701 1734 3058 1803; x_wconf 68' lang='grc' dir='ltr'><strong>ἐπενηνέχθαι</strong></span> <span class='ocrx_word' id='word_1_214' title='bbox 3093 1737 3242 1804; x_wconf 81' lang='grc' dir='ltr'><strong>λέγει</strong></span> <span class='ocrx_word' id='word_1_215' title='bbox 3293 1739 3394 1809; x_wconf 77' lang='grc' dir='ltr'><strong>τὴν</strong></span> <span class='ocrx_word' id='word_1_216' title='bbox 3456 1743 3701 1808; x_wconf 85' lang='grc' dir='ltr'><strong>κόλασιν,</strong></span> <span class='ocrx_word' id='word_1_217' title='bbox 3743 1746 3870 1797; x_wconf 75' lang='grc' dir='ltr'><strong>ἐπεὶ</strong></span> <span class='ocrx_word' id='word_1_218' title='bbox 3915 1746 4010 1799; x_wconf 70' lang='grc' dir='ltr'><strong>καὶ</strong></span> 
     </span>
    </p>
   </div>
   <div class='ocr_carea' id='block_1_34' title="bbox 754 1820 2446 1903">
    <p class='ocr_par' dir='ltr' id='par_1_34' title="bbox 754 1820 2446 1892">
     <span class='ocr_line' id='line_1_34' title="bbox 754 1820 2446 1892; baseline -0.002 -17"><span class='ocrx_word' id='word_1_219' title='bbox 754 1832 979 1876; x_wconf 69' lang='lat' dir='ltr'><strong>morata:</strong></span> <span class='ocrx_word' id='word_1_220' title='bbox 1010 1821 1308 1875; x_wconf 78' lang='lat' dir='ltr'><strong>Jerusalem</strong></span> <span class='ocrx_word' id='word_1_221' title='bbox 1345 1822 1576 1888; x_wconf 78' lang='lat' dir='ltr'><strong>duplices</strong></span> <span class='ocrx_word' id='word_1_222' title='bbox 1620 1836 1812 1892; x_wconf 74' lang='lat' dir='ltr'><strong>pinnas</strong></span> <span class='ocrx_word' id='word_1_223' title='bbox 1861 1823 2130 1891; x_wconf 80' lang='lat' dir='ltr'><strong>irrogatas</strong></span> <span class='ocrx_word' id='word_1_224' title='bbox 2166 1820 2325 1892; x_wconf 66' lang='grc'><strong>437</strong></span> <span class='ocrx_word' id='word_1_225' title='bbox 2361 1821 2401 1874; x_wconf 87' lang='grc' dir='ltr'><strong><em>Β</em></strong></span> <span class='ocrx_word' id='word_1_226' title='bbox 2431 1821 2446 1872; x_wconf 86' lang='grc' dir='ltr'><strong>ί</strong></span> 
     </span>
    </p>
   </div>
   <div class='ocr_carea' id='block_1_35' title="bbox 2308 1820 4000 1903">
    <p class='ocr_par' dir='ltr' id='par_1_35' title="bbox 2308 1821 4000 1903">
     <span class='ocr_line' id='line_1_35' title="bbox 2308 1821 4000 1903; baseline 0.01 -30"><span class='ocrx_word' id='word_1_227' title='bbox 2308 1823 2325 1885; x_wconf 72' lang='lat' dir='ltr'><strong>l</strong></span> <span class='ocrx_word' id='word_1_228' title='bbox 2361 1821 2401 1874; x_wconf 88' lang='grc' dir='ltr'><strong><em>Β</em></strong></span> <span class='ocrx_word' id='word_1_229' title='bbox 2431 1821 2713 1887; x_wconf 85' lang='grc' dir='ltr'><strong>ίστορικῶς</strong></span> <span class='ocrx_word' id='word_1_230' title='bbox 2737 1825 3103 1879; x_wconf 76' lang='grc' dir='ltr'><strong>συναπέλαυον</strong></span> <span class='ocrx_word' id='word_1_231' title='bbox 3145 1829 3252 1880; x_wconf 82' lang='grc' dir='ltr'><strong>τῶν</strong></span> <span class='ocrx_word' id='word_1_232' title='bbox 3307 1830 3401 1883; x_wconf 79' lang='grc' dir='ltr'><strong>τοῦ</strong></span> <span class='ocrx_word' id='word_1_233' title='bbox 3457 1833 3697 1903; x_wconf 78' lang='grc' dir='ltr'><strong>πλήθους</strong></span> <span class='ocrx_word' id='word_1_234' title='bbox 3728 1837 3914 1899; x_wconf 82' lang='grc' dir='ltr'><strong>κακῷν</strong></span> <span class='ocrx_word' id='word_1_235' title='bbox 3947 1839 4000 1889; x_wconf 89' lang='grc' dir='ltr'><strong>οἱ</strong></span> 
     </span>
    </p>
   </div>
   <div class='ocr_carea' id='block_1_36' title="bbox 753 1912 2328 1983">
    <p class='ocr_par' dir='ltr' id='par_1_36' title="bbox 753 1912 2328 1983">
     <span class='ocr_line' id='line_1_36' title="bbox 753 1912 2328 1983; baseline 0.001 -17"><span class='ocrx_word' id='word_1_236' title='bbox 753 1927 877 1967; x_wconf 82' lang='lat' dir='ltr'><strong>esse</strong></span> <span class='ocrx_word' id='word_1_237' title='bbox 924 1912 1059 1967; x_wconf 84' lang='lat' dir='ltr'><strong>dicit</strong></span> <span class='ocrx_word' id='word_1_238' title='bbox 1088 1930 1104 1966; x_wconf 85' lang='lat'><strong>:</strong></span> <span class='ocrx_word' id='word_1_239' title='bbox 1131 1912 1573 1983; x_wconf 84' lang='lat' dir='ltr'><strong>quandoquidem</strong></span> <span class='ocrx_word' id='word_1_240' title='bbox 1612 1915 2001 1983; x_wconf 62' lang='lat' dir='ltr'><strong>(praeterquam</strong></span> <span class='ocrx_word' id='word_1_241' title='bbox 2048 1914 2195 1981; x_wconf 90' lang='lat' dir='ltr'><strong>quod</strong></span> <span class='ocrx_word' id='word_1_242' title='bbox 2238 1928 2328 1967; x_wconf 86' lang='lat' dir='ltr'><strong>se-</strong></span> 
     </span>
    </p>
   </div>
   <div class='ocr_carea' id='block_1_37' title="bbox 754 2003 2329 2074">
    <p class='ocr_par' dir='ltr' id='par_1_37' title="bbox 754 2003 2329 2074">
     <span class='ocr_line' id='line_1_37' title="bbox 754 2003 2329 2074; baseline 0 -18"><span class='ocrx_word' id='word_1_243' title='bbox 754 2005 993 2056; x_wconf 71' lang='lat' dir='ltr'><strong>cundum</strong></span> <span class='ocrx_word' id='word_1_244' title='bbox 1028 2003 1337 2070; x_wconf 88' lang='lat' dir='ltr'><strong>historiam,</strong></span> <span class='ocrx_word' id='word_1_245' title='bbox 1366 2015 1419 2058; x_wconf 86' lang='lat' dir='ltr'><strong>et</strong></span> <span class='ocrx_word' id='word_1_246' title='bbox 1444 2005 1588 2071; x_wconf 88' lang='lat' dir='ltr'><strong>illos,</strong></span> <span class='ocrx_word' id='word_1_247' title='bbox 1617 2019 1757 2074; x_wconf 93' lang='lat' dir='ltr'><strong>quos</strong></span> <span class='ocrx_word' id='word_1_248' title='bbox 1791 2004 2178 2068; x_wconf 81' lang='lat' dir='ltr'><strong>indicavimus,</strong></span> <span class='ocrx_word' id='word_1_249' title='bbox 2204 2019 2329 2058; x_wconf 87' lang='lat' dir='ltr'><strong>cum</strong></span> 
     </span>
    </p>
   </div>
   <div class='ocr_carea' id='block_1_38' title="bbox 754 2094 2332 2166">
    <p class='ocr_par' dir='ltr' id='par_1_38' title="bbox 754 2094 2332 2166">
     <span class='ocr_line' id='line_1_38' title="bbox 754 2094 2332 2166; baseline -0.001 -18"><span class='ocrx_word' id='word_1_250' title='bbox 754 2096 956 2166; x_wconf 73' lang='lat' dir='ltr'><strong>populo</strong></span> <span class='ocrx_word' id='word_1_251' title='bbox 1011 2096 1299 2166; x_wconf 89' lang='lat' dir='ltr'><strong>agentibus</strong></span> <span class='ocrx_word' id='word_1_252' title='bbox 1335 2097 1535 2151; x_wconf 74' lang='lat' dir='ltr'><strong>exteris</strong></span> <span class='ocrx_word' id='word_1_253' title='bbox 1574 2095 1902 2161; x_wconf 75' lang='lat' dir='ltr'><strong>humiliatos,</strong></span> <span class='ocrx_word' id='word_1_254' title='bbox 1955 2094 2145 2149; x_wconf 85' lang='lat' dir='ltr'><strong>eadem</strong></span> <span class='ocrx_word' id='word_1_255' title='bbox 2197 2094 2332 2147; x_wconf 87' lang='lat' dir='ltr'><strong>tole-</strong></span> 
     </span>
    </p>
   </div>
   <div class='ocr_carea' id='block_1_39' title="bbox 754 2185 2327 2255">
    <p class='ocr_par' dir='ltr' id='par_1_39' title="bbox 754 2185 2327 2255">
     <span class='ocr_line' id='line_1_39' title="bbox 754 2185 2327 2255; baseline 0.002 -20"><span class='ocrx_word' id='word_1_256' title='bbox 754 2198 906 2239; x_wconf 84' lang='lat' dir='ltr'><strong>rasse</strong></span> <span class='ocrx_word' id='word_1_257' title='bbox 939 2188 1177 2254; x_wconf 88' lang='lat' dir='ltr'><strong>constat)</strong></span> <span class='ocrx_word' id='word_1_258' title='bbox 1216 2193 1269 2239; x_wconf 90' lang='lat' dir='ltr'><strong>et</strong></span> <span class='ocrx_word' id='word_1_259' title='bbox 1310 2185 1413 2255; x_wconf 89' lang='lat' dir='ltr'><strong>ipsi</strong></span> <span class='ocrx_word' id='word_1_260' title='bbox 1450 2188 1614 2240; x_wconf 90' lang='lat' dir='ltr'><strong>etiam</strong></span> <span class='ocrx_word' id='word_1_261' title='bbox 1648 2187 1834 2241; x_wconf 89' lang='lat' dir='ltr'><strong>animo</strong></span> <span class='ocrx_word' id='word_1_262' title='bbox 1900 2186 2327 2255; x_wconf 85' lang='lat' dir='ltr'><strong>torquebantur;</strong></span> 
     </span>
    </p>
   </div>
   <div class='ocr_carea' id='block_1_40' title="bbox 753 2276 2328 2347">
    <p class='ocr_par' dir='ltr' id='par_1_40' title="bbox 753 2276 2328 2347">
     <span class='ocr_line' id='line_1_40' title="bbox 753 2276 2328 2347; baseline 0.003 -21"><span class='ocrx_word' id='word_1_263' title='bbox 753 2290 875 2326; x_wconf 87' lang='lat' dir='ltr'><strong>cum</strong></span> <span class='ocrx_word' id='word_1_264' title='bbox 915 2277 1096 2344; x_wconf 87' lang='lat' dir='ltr'><strong>populi</strong></span> <span class='ocrx_word' id='word_1_265' title='bbox 1139 2276 1487 2344; x_wconf 89' lang='lat' dir='ltr'><strong>rejectionem</strong></span> <span class='ocrx_word' id='word_1_266' title='bbox 1528 2277 1796 2347; x_wconf 81' lang='lat' dir='ltr'><strong>lugerent,</strong></span> <span class='ocrx_word' id='word_1_267' title='bbox 1831 2277 2183 2346; x_wconf 86' lang='lat' dir='ltr'><strong>secundoque</strong></span> <span class='ocrx_word' id='word_1_268' title='bbox 2216 2278 2328 2347; x_wconf 88' lang='lat' dir='ltr'><strong>jam</strong></span> 
     </span>
    </p>
   </div>
   <div class='ocr_carea' id='block_1_41' title="bbox 754 2362 2329 2439">
    <p class='ocr_par' dir='ltr' id='par_1_41' title="bbox 754 2362 2329 2439">
     <span class='ocr_line' id='line_1_41' title="bbox 754 2362 2329 2439; baseline 0.006 -26"><span class='ocrx_word' id='word_1_269' title='bbox 754 2362 889 2417; x_wconf 87' lang='lat' dir='ltr'><strong>urbe</strong></span> <span class='ocrx_word' id='word_1_270' title='bbox 918 2372 1250 2435; x_wconf 80' lang='lat' dir='ltr'><strong>expugnata,</strong></span> <span class='ocrx_word' id='word_1_271' title='bbox 1279 2366 1397 2421; x_wconf 87' lang='lat' dir='ltr'><strong>solo</strong></span> <span class='ocrx_word' id='word_1_272' title='bbox 1428 2370 1689 2437; x_wconf 87' lang='lat' dir='ltr'><strong>templum</strong></span> <span class='ocrx_word' id='word_1_273' title='bbox 1722 2383 1845 2424; x_wconf 89' lang='lat' dir='ltr'><strong>esse</strong></span> <span class='ocrx_word' id='word_1_274' title='bbox 1871 2369 2213 2439; x_wconf 70' lang='lat' dir='ltr'><strong>adtequatum</strong></span> <span class='ocrx_word' id='word_1_275' title='bbox 2245 2370 2329 2423; x_wconf 79' lang='lat' dir='ltr'><strong>iu-</strong></span> 
     </span>
    </p>
   </div>
   <div class='ocr_carea' id='block_1_42' title="bbox 753 2452 2327 2528">
    <p class='ocr_par' dir='ltr' id='par_1_42' title="bbox 753 2452 2327 2528">
     <span class='ocr_line' id='line_1_42' title="bbox 753 2452 2327 2528; baseline 0.006 -26"><span class='ocrx_word' id='word_1_276' title='bbox 753 2461 1056 2506; x_wconf 78' lang='lat' dir='ltr'><strong>tuereutur.</strong></span> <span class='ocrx_word' id='word_1_277' title='bbox 1093 2452 1521 2508; x_wconf 68' lang='lat' dir='ltr'><strong>Consolatione»:</strong></span> <span class='ocrx_word' id='word_1_278' title='bbox 1554 2472 1685 2527; x_wconf 82' lang='lat' dir='ltr'><strong>ergo</strong></span> <span class='ocrx_word' id='word_1_279' title='bbox 1728 2456 2008 2528; x_wconf 88' lang='lat' dir='ltr'><strong>deinceps,</strong></span> <span class='ocrx_word' id='word_1_280' title='bbox 2044 2473 2165 2528; x_wconf 71' lang='lat' dir='ltr'><strong>quae</strong></span> <span class='ocrx_word' id='word_1_281' title='bbox 2202 2458 2327 2511; x_wconf 82' lang='lat' dir='ltr'><strong>Sal-</strong></span> 
     </span>
    </p>
   </div>
   <div class='ocr_carea' id='block_1_43' title="bbox 753 2545 2324 2616">
    <p class='ocr_par' dir='ltr' id='par_1_43' title="bbox 753 2545 2324 2616">
     <span class='ocr_line' id='line_1_43' title="bbox 753 2545 2324 2616; baseline 0.006 -20"><span class='ocrx_word' id='word_1_282' title='bbox 753 2545 959 2598; x_wconf 74' lang='lat' dir='ltr'><strong>vaturis</strong></span> <span class='ocrx_word' id='word_1_283' title='bbox 1010 2545 1243 2600; x_wconf 88' lang='lat' dir='ltr'><strong>adventu</strong></span> <span class='ocrx_word' id='word_1_284' title='bbox 1296 2556 1671 2616; x_wconf 63' lang='lat' dir='ltr'><strong>praestaretur,</strong></span> <span class='ocrx_word' id='word_1_285' title='bbox 1722 2564 1849 2604; x_wconf 91' lang='lat' dir='ltr'><strong>cum</strong></span> <span class='ocrx_word' id='word_1_286' title='bbox 1899 2566 1999 2605; x_wconf 77' lang='lat' dir='ltr'><strong>vos:</strong></span> <span class='ocrx_word' id='word_1_287' title='bbox 2043 2552 2324 2605; x_wconf 85' lang='lat' dir='ltr'><strong>clamantis</strong></span> 
     </span>
    </p>
   </div>
   <div class='ocr_carea' id='block_1_44' title="bbox 747 2635 2324 2704">
    <p class='ocr_par' dir='ltr' id='par_1_44' title="bbox 747 2635 2324 2704">
     <span class='ocr_line' id='line_1_44' title="bbox 747 2635 2324 2704; baseline 0.006 -16"><span class='ocrx_word' id='word_1_288' title='bbox 747 2635 906 2700; x_wconf 76' lang='lat' dir='ltr'><strong>dixit,</strong></span> <span class='ocrx_word' id='word_1_289' title='bbox 943 2636 1162 2704; x_wconf 86' lang='lat' dir='ltr'><strong>adjecit.</strong></span> <span class='ocrx_word' id='word_1_290' title='bbox 1198 2636 1423 2704; x_wconf 86' lang='lat' dir='ltr'><strong>Deinde,</strong></span> <span class='ocrx_word' id='word_1_291' title='bbox 1457 2654 1507 2694; x_wconf 81' lang='lat' dir='ltr'><strong>et</strong></span> <span class='ocrx_word' id='word_1_292' title='bbox 1535 2641 1727 2695; x_wconf 83' lang='lat' dir='ltr'><strong>ridebit</strong></span> <span class='ocrx_word' id='word_1_293' title='bbox 1749 2644 1919 2696; x_wconf 84' lang='lat' dir='ltr'><strong>omnis</strong></span> <span class='ocrx_word' id='word_1_294' title='bbox 1944 2659 2069 2697; x_wconf 83' lang='lat' dir='ltr'><strong>cara</strong></span> <span class='ocrx_word' id='word_1_295' title='bbox 2092 2643 2324 2697; x_wconf 86' lang='lat' dir='ltr'><strong>salutare</strong></span> 
     </span>
    </p>
   </div>
   <div class='ocr_carea' id='block_1_45' title="bbox 756 2724 2327 2801">
    <p class='ocr_par' dir='ltr' id='par_1_45' title="bbox 756 2724 2327 2801">
     <span class='ocr_line' id='line_1_45' title="bbox 756 2724 2327 2801; baseline 0.007 -25"><span class='ocrx_word' id='word_1_296' title='bbox 756 2724 869 2789; x_wconf 76' lang='lat' dir='ltr'><strong>Dei,</strong></span> <span class='ocrx_word' id='word_1_297' title='bbox 899 2727 1132 2792; x_wconf 85' lang='lat' dir='ltr'><strong>addidit,</strong></span> <span class='ocrx_word' id='word_1_298' title='bbox 1156 2736 1215 2781; x_wconf 93' lang='lat' dir='ltr'><strong>ut</strong></span> <span class='ocrx_word' id='word_1_299' title='bbox 1240 2727 1521 2799; x_wconf 79' lang='lat' dir='ltr'><strong>Evangelii</strong></span> <span class='ocrx_word' id='word_1_300' title='bbox 1548 2732 2177 2801; x_wconf 64' lang='lat' dir='ltr'><strong>praedicationemmnde</strong></span> <span class='ocrx_word' id='word_1_301' title='bbox 2207 2732 2327 2787; x_wconf 85' lang='lat' dir='ltr'><strong>Sal-</strong></span> 
     </span>
    </p>
   </div>
   <div class='ocr_carea' id='block_1_46' title="bbox 751 2817 2326 2881">
    <p class='ocr_par' dir='ltr' id='par_1_46' title="bbox 751 2817 2326 2881">
     <span class='ocr_line' id='line_1_46' title="bbox 751 2817 2326 2881; baseline 0.008 -15"><span class='ocrx_word' id='word_1_302' title='bbox 751 2823 905 2869; x_wconf 86' lang='lat' dir='ltr'><strong>vator</strong></span> <span class='ocrx_word' id='word_1_303' title='bbox 957 2817 1215 2881; x_wconf 89' lang='lat' dir='ltr'><strong>innotuit,</strong></span> <span class='ocrx_word' id='word_1_304' title='bbox 1270 2819 1564 2875; x_wconf 90' lang='lat' dir='ltr'><strong>iudicaret.</strong></span> <span class='ocrx_word' id='word_1_305' title='bbox 1618 2821 1713 2875; x_wconf 86' lang='lat' dir='ltr'><strong>Est</strong></span> <span class='ocrx_word' id='word_1_306' title='bbox 1744 2838 1875 2878; x_wconf 83' lang='lat' dir='ltr'><strong>vero</strong></span> <span class='ocrx_word' id='word_1_307' title='bbox 1924 2824 2188 2877; x_wconf 80' lang='lat' dir='ltr'><strong>desertum</strong></span> <span class='ocrx_word' id='word_1_308' title='bbox 2237 2824 2326 2879; x_wconf 91' lang='lat' dir='ltr'><strong>hic</strong></span> 
     </span>
    </p>
   </div>
   <div class='ocr_carea' id='block_1_47' title="bbox 750 2909 2322 2983">
    <p class='ocr_par' dir='ltr' id='par_1_47' title="bbox 750 2909 2322 2983">
     <span class='ocr_line' id='line_1_47' title="bbox 750 2909 2322 2983; baseline 0.006 -24"><span class='ocrx_word' id='word_1_309' title='bbox 750 2911 816 2961; x_wconf 88' lang='lat' dir='ltr'><strong>ab</strong></span> <span class='ocrx_word' id='word_1_310' title='bbox 860 2923 926 2962; x_wconf 90' lang='lat' dir='ltr'><strong>eo</strong></span> <span class='ocrx_word' id='word_1_311' title='bbox 976 2909 1144 2972; x_wconf 86' lang='lat' dir='ltr'><strong>aliud,</strong></span> <span class='ocrx_word' id='word_1_312' title='bbox 1196 2926 1294 2980; x_wconf 89' lang='lat' dir='ltr'><strong>per</strong></span> <span class='ocrx_word' id='word_1_313' title='bbox 1347 2912 1490 2981; x_wconf 81' lang='lat' dir='ltr'><strong>quod</strong></span> <span class='ocrx_word' id='word_1_314' title='bbox 1523 2914 1784 2983; x_wconf 86' lang='lat' dir='ltr'><strong>populum</strong></span> <span class='ocrx_word' id='word_1_315' title='bbox 1832 2914 2010 2969; x_wconf 83' lang='lat' dir='ltr'><strong>Moses</strong></span> <span class='ocrx_word' id='word_1_316' title='bbox 2061 2915 2322 2969; x_wconf 77' lang='lat' dir='ltr'><strong>traduxit.</strong></span> 
     </span>
    </p>
   </div>
   <div class='ocr_carea' id='block_1_48' title="bbox 748 3000 2327 3075">
    <p class='ocr_par' dir='ltr' id='par_1_48' title="bbox 748 3000 2327 3075">
     <span class='ocr_line' id='line_1_48' title="bbox 748 3000 2327 3075; baseline 0.008 -22"><span class='ocrx_word' id='word_1_317' title='bbox 748 3000 977 3067; x_wconf 85' lang='lat' dir='ltr'><strong>Deinde,</strong></span> <span class='ocrx_word' id='word_1_318' title='bbox 1018 3004 1301 3073; x_wconf 75' lang='lat' dir='ltr'><strong>cuiusnam</strong></span> <span class='ocrx_word' id='word_1_319' title='bbox 1355 3007 1459 3060; x_wconf 91' lang='lat' dir='ltr'><strong>viri</strong></span> <span class='ocrx_word' id='word_1_320' title='bbox 1504 3023 1604 3061; x_wconf 78' lang='lat' dir='ltr'><strong>vox</strong></span> <span class='ocrx_word' id='word_1_321' title='bbox 1637 3009 1689 3062; x_wconf 93' lang='lat' dir='ltr'><strong>in</strong></span> <span class='ocrx_word' id='word_1_322' title='bbox 1741 3011 1844 3063; x_wconf 83' lang='lat' dir='ltr'><strong>eo?</strong></span> <span class='ocrx_word' id='word_1_323' title='bbox 1892 3006 2327 3075; x_wconf 61' lang='lat' dir='ltr'><strong>Clamantis,re&#39;~</strong></span> 
     </span>
    </p>
   </div>
   <div class='ocr_carea' id='block_1_49' title="bbox 748 3091 2327 3169">
    <p class='ocr_par' dir='ltr' id='par_1_49' title="bbox 748 3091 2327 3169">
     <span class='ocr_line' id='line_1_49' title="bbox 748 3091 2327 3169; baseline 0.008 -28"><span class='ocrx_word' id='word_1_324' title='bbox 748 3091 979 3159; x_wconf 76' lang='lat' dir='ltr'><strong>spondet</strong></span> <span class='ocrx_word' id='word_1_325' title='bbox 1006 3107 1020 3145; x_wconf 89' lang='lat'><strong>:</strong></span> <span class='ocrx_word' id='word_1_326' title='bbox 1043 3103 1137 3147; x_wconf 93' lang='lat' dir='ltr'><strong>aut</strong></span> <span class='ocrx_word' id='word_1_327' title='bbox 1160 3102 1219 3147; x_wconf 93' lang='lat' dir='ltr'><strong>ut</strong></span> <span class='ocrx_word' id='word_1_328' title='bbox 1245 3095 1439 3165; x_wconf 82' lang='lat' dir='ltr'><strong>Aquila</strong></span> <span class='ocrx_word' id='word_1_329' title='bbox 1459 3098 1872 3169; x_wconf 82' lang='lat' dir='ltr'><strong>interpretatur,</strong></span> <span class='ocrx_word' id='word_1_330' title='bbox 1892 3101 2148 3153; x_wconf 76' lang='lat' dir='ltr'><strong>cacantis.</strong></span> <span class='ocrx_word' id='word_1_331' title='bbox 2176 3099 2327 3154; x_wconf 81' lang='lat' dir='ltr'><strong>Patet</strong></span> 
     </span>
    </p>
   </div>
   <div class='ocr_carea' id='block_1_50' title="bbox 2439 1910 4008 1995">
    <p class='ocr_par' dir='ltr' id='par_1_50' title="bbox 2439 1910 4008 1995">
     <span class='ocr_line' id='line_1_50' title="bbox 2439 1910 4008 1995; baseline 0.014 -35"><span class='ocrx_word' id='word_1_332' title='bbox 2439 1910 2777 1979; x_wconf 82' lang='grc' dir='ltr'><strong>δηλωθέντες</strong></span> <span class='ocrx_word' id='word_1_333' title='bbox 2812 1916 2902 1966; x_wconf 86' lang='grc' dir='ltr'><strong>ὐπ’</strong></span> <span class='ocrx_word' id='word_1_334' title='bbox 2947 1916 3267 1985; x_wconf 73' lang='grc' dir='ltr'><strong>ἀλλοφύλοις</strong></span> <span class='ocrx_word' id='word_1_335' title='bbox 3311 1920 3493 1976; x_wconf 74' lang='grc' dir='ltr'><strong>ἔθνεσι</strong></span> <span class='ocrx_word' id='word_1_336' title='bbox 3523 1928 4008 1995; x_wconf 80' lang='grc' dir='ltr'><strong>ταπεινούμενοι.</strong></span> 
     </span>
    </p>
   </div>
   <div class='ocr_carea' id='block_1_51' title="bbox 2435 2004 4012 2086">
    <p class='ocr_par' dir='ltr' id='par_1_51' title="bbox 2435 2004 4012 2086">
     <span class='ocr_line' id='line_1_51' title="bbox 2435 2004 4012 2086; baseline 0.008 -30"><span class='ocrx_word' id='word_1_337' title='bbox 2435 2004 2529 2057; x_wconf 81' lang='grc' dir='ltr'><strong>καὶ</strong></span> <span class='ocrx_word' id='word_1_338' title='bbox 2568 2006 2708 2059; x_wconf 71' lang='grc' dir='ltr'><strong>κατὰ</strong></span> <span class='ocrx_word' id='word_1_339' title='bbox 2739 2006 2979 2059; x_wconf 77' lang='grc' dir='ltr'><strong>διάνοιαν</strong></span> <span class='ocrx_word' id='word_1_340' title='bbox 3018 2009 3278 2073; x_wconf 77' lang='grc' dir='ltr'><strong>ἐκόλαζον</strong></span> <span class='ocrx_word' id='word_1_341' title='bbox 3310 2013 3562 2079; x_wconf 80' lang='grc' dir='ltr'><strong>ἑαυτοὺς,</strong></span> <span class='ocrx_word' id='word_1_342' title='bbox 3591 2015 3693 2086; x_wconf 79' lang='grc' dir='ltr'><strong>τὴν</strong></span> <span class='ocrx_word' id='word_1_343' title='bbox 3750 2016 3845 2069; x_wconf 86' lang='grc' dir='ltr'><strong>τοῦ</strong></span> <span class='ocrx_word' id='word_1_344' title='bbox 3880 2016 4012 2070; x_wconf 84' lang='grc' dir='ltr'><strong>λαοῦ</strong></span> 
     </span>
    </p>
   </div>
   <div class='ocr_carea' id='block_1_52' title="bbox 2432 2096 4010 2177">
    <p class='ocr_par' dir='ltr' id='par_1_52' title="bbox 2432 2096 4010 2177">
     <span class='ocr_line' id='line_1_52' title="bbox 2432 2096 4010 2177; baseline 0.007 -30"><span class='ocrx_word' id='word_1_345' title='bbox 2432 2096 2756 2161; x_wconf 74' lang='grc' dir='ltr'><strong>πενθοῦντες</strong></span> <span class='ocrx_word' id='word_1_346' title='bbox 2787 2098 3082 2168; x_wconf 79' lang='grc' dir='ltr'><strong>ἀποϐολήν.</strong></span> <span class='ocrx_word' id='word_1_347' title='bbox 3131 2101 3291 2154; x_wconf 79' lang='grc' dir='ltr'><strong>Ἀλλὰ</strong></span> <span class='ocrx_word' id='word_1_348' title='bbox 3329 2106 3424 2156; x_wconf 77' lang='grc' dir='ltr'><strong>καὶ</strong></span> <span class='ocrx_word' id='word_1_349' title='bbox 3476 2104 3727 2176; x_wconf 78' lang='grc' dir='ltr'><strong>δεύτερον</strong></span> <span class='ocrx_word' id='word_1_350' title='bbox 3769 2109 3803 2177; x_wconf 77' lang='grc' dir='ltr'><strong>ἡ</strong></span> <span class='ocrx_word' id='word_1_351' title='bbox 3858 2108 4010 2167; x_wconf 80' lang='grc' dir='ltr'>πόλις</span> 
     </span>
    </p>
   </div>
   <div class='ocr_carea' id='block_1_53' title="bbox 2430 2187 4013 2266">
    <p class='ocr_par' dir='ltr' id='par_1_53' title="bbox 2430 2187 4013 2266">
     <span class='ocr_line' id='line_1_53' title="bbox 2430 2187 4013 2266; baseline 0.008 -30"><span class='ocrx_word' id='word_1_352' title='bbox 2430 2187 2641 2256; x_wconf 79' lang='grc' dir='ltr'><strong>ἥλωκεν</strong></span> <span class='ocrx_word' id='word_1_353' title='bbox 2668 2188 2742 2251; x_wconf 84' lang='grc' dir='ltr'><strong>ὠς</strong></span> <span class='ocrx_word' id='word_1_354' title='bbox 2771 2190 2863 2241; x_wconf 75' lang='grc' dir='ltr'><strong>καὶ</strong></span> <span class='ocrx_word' id='word_1_355' title='bbox 2888 2190 2978 2241; x_wconf 84' lang='grc' dir='ltr'><strong>τὸν</strong></span> <span class='ocrx_word' id='word_1_356' title='bbox 3020 2192 3076 2242; x_wconf 83' lang='grc' dir='ltr'><strong>ὲν</strong></span> <span class='ocrx_word' id='word_1_357' title='bbox 3107 2193 3243 2261; x_wconf 82' lang='grc' dir='ltr'><strong>αὐτῇ</strong></span> <span class='ocrx_word' id='word_1_358' title='bbox 3278 2191 3415 2245; x_wconf 86' lang='grc' dir='ltr'><strong>νεὼν</strong></span> <span class='ocrx_word' id='word_1_359' title='bbox 3446 2195 3839 2265; x_wconf 83' lang='grc' dir='ltr'><strong>κατενεχθῆναι</strong></span> <span class='ocrx_word' id='word_1_360' title='bbox 3872 2196 4013 2266; x_wconf 74' lang='grc' dir='ltr'><strong>πρὸς</strong></span> 
     </span>
    </p>
   </div>
   <div class='ocr_carea' id='block_1_54' title="bbox 2432 2276 4015 2357">
    <p class='ocr_par' dir='ltr' id='par_1_54' title="bbox 2432 2276 4015 2357">
     <span class='ocr_line' id='line_1_54' title="bbox 2432 2276 4015 2357; baseline 0.006 -27"><span class='ocrx_word' id='word_1_361' title='bbox 2432 2278 2650 2348; x_wconf 78' lang='grc' dir='ltr'><strong>ἔδαφος.</strong></span> <span class='ocrx_word' id='word_1_362' title='bbox 2678 2279 2787 2349; x_wconf 80' lang='grc' dir='ltr'><strong>Τὴν</strong></span> <span class='ocrx_word' id='word_1_363' title='bbox 2836 2279 2880 2332; x_wconf 80' lang='grc' dir='ltr'><strong>δ’</strong></span> <span class='ocrx_word' id='word_1_364' title='bbox 2909 2276 3002 2334; x_wconf 76' lang='grc' dir='ltr'><strong>οὖν</strong></span> <span class='ocrx_word' id='word_1_365' title='bbox 3053 2281 3438 2350; x_wconf 72' lang='grc' dir='ltr'><strong>παράκλησιν</strong></span> <span class='ocrx_word' id='word_1_366' title='bbox 3488 2287 3587 2353; x_wconf 76' lang='grc' dir='ltr'><strong>τῆς</strong></span> <span class='ocrx_word' id='word_1_367' title='bbox 3624 2286 3717 2339; x_wconf 79' lang='grc' dir='ltr'><strong>τοῦ</strong></span> <span class='ocrx_word' id='word_1_368' title='bbox 3760 2287 4015 2357; x_wconf 75' lang='grc' dir='ltr'><strong>Σωτῆρος</strong></span> 
     </span>
    </p>
   </div>
   <div class='ocr_carea' id='block_1_55' title="bbox 2432 2370 4009 2445">
    <p class='ocr_par' dir='ltr' id='par_1_55' title="bbox 2432 2370 4009 2445">
     <span class='ocr_line' id='line_1_55' title="bbox 2432 2370 4009 2445; baseline 0.007 -24"><span class='ocrx_word' id='word_1_369' title='bbox 2432 2370 2750 2439; x_wconf 74' lang='grc' dir='ltr'><strong>ἐπιφανείας</strong></span> <span class='ocrx_word' id='word_1_370' title='bbox 2769 2372 2853 2439; x_wconf 74' lang='grc' dir='ltr'><strong>ἐφ’</strong></span> <span class='ocrx_word' id='word_1_371' title='bbox 2867 2372 2991 2440; x_wconf 79' lang='grc' dir='ltr'><strong>ἑξῆς</strong></span> <span class='ocrx_word' id='word_1_372' title='bbox 3010 2374 3324 2443; x_wconf 75' lang='grc' dir='ltr'><strong>ἐπενήνοχε,</strong></span> <span class='ocrx_word' id='word_1_373' title='bbox 3341 2376 3508 2443; x_wconf 64' lang='grc' dir='ltr'><strong>φωνὴ</strong></span> <span class='ocrx_word' id='word_1_374' title='bbox 3532 2376 3705 2445; x_wconf 82' lang='grc' dir='ltr'><strong>λέγων</strong></span> <span class='ocrx_word' id='word_1_375' title='bbox 3712 2376 4009 2443; x_wconf 73' lang='grc' dir='ltr'><strong>βοῶντος-⁸</strong></span> 
     </span>
    </p>
   </div>
   <div class='ocr_carea' id='block_1_56' title="bbox 2428 2458 4017 2536">
    <p class='ocr_par' dir='ltr' id='par_1_56' title="bbox 2428 2458 4017 2536">
     <span class='ocr_line' id='line_1_56' title="bbox 2428 2458 4017 2536; baseline 0.002 -20"><span class='ocrx_word' id='word_1_376' title='bbox 2428 2458 2528 2516; x_wconf 74' lang='grc' dir='ltr'><strong>εἶθ’</strong></span> <span class='ocrx_word' id='word_1_377' title='bbox 2563 2462 2687 2531; x_wconf 75' lang='grc' dir='ltr'><strong>ἑξῆς</strong></span> <span class='ocrx_word' id='word_1_378' title='bbox 2708 2464 3016 2533; x_wconf 76' lang='grc' dir='ltr'><strong>ἐπιφέρων·</strong></span> <span class='ocrx_word' id='word_1_379' title='bbox 3047 2466 3154 2518; x_wconf 82' lang='grc' dir='ltr'><strong>Καὶ</strong></span> <span class='ocrx_word' id='word_1_380' title='bbox 3181 2466 3387 2533; x_wconf 68' lang='grc' dir='ltr'><strong>ὄψεται</strong></span> <span class='ocrx_word' id='word_1_381' title='bbox 3419 2466 3593 2523; x_wconf 83' lang='grc' dir='ltr'><em>πᾶσα</em></span> <span class='ocrx_word' id='word_1_382' title='bbox 3622 2469 3778 2536; x_wconf 81' lang='grc' dir='ltr'><strong>σὰρξ</strong></span> <span class='ocrx_word' id='word_1_383' title='bbox 3804 2472 3868 2523; x_wconf 84' lang='grc' dir='ltr'><strong>τὸ</strong></span> <span class='ocrx_word' id='word_1_384' title='bbox 3901 2487 4017 2523; x_wconf 85' lang='grc' dir='ltr'><strong>σω-</strong></span> 
     </span>
    </p>
   </div>
   <div class='ocr_carea' id='block_1_57' title="bbox 2428 2551 4013 2627">
    <p class='ocr_par' dir='ltr' id='par_1_57' title="bbox 2428 2551 4013 2627">
     <span class='ocr_line' id='line_1_57' title="bbox 2428 2551 4013 2627; baseline 0.004 -22"><span class='ocrx_word' id='word_1_385' title='bbox 2428 2552 2635 2619; x_wconf 81' lang='grc' dir='ltr'><strong>τήριον</strong></span> <span class='ocrx_word' id='word_1_386' title='bbox 2664 2551 2770 2605; x_wconf 90' lang='grc' dir='ltr'><em>τοῦ</em></span> <span class='ocrx_word' id='word_1_387' title='bbox 2834 2553 3005 2613; x_wconf 87' lang='grc' dir='ltr'><strong>Θεοῦ,</strong></span> <span class='ocrx_word' id='word_1_388' title='bbox 3036 2555 3095 2605; x_wconf 73' lang='grc' dir='ltr'><strong>τδ</strong></span> <span class='ocrx_word' id='word_1_389' title='bbox 3150 2554 3506 2623; x_wconf 85' lang='grc' dir='ltr'><strong>εὐαγγελικὸν</strong></span> <span class='ocrx_word' id='word_1_390' title='bbox 3533 2562 3814 2627; x_wconf 82' lang='grc' dir='ltr'><strong>κήρυγμα,</strong></span> <span class='ocrx_word' id='word_1_391' title='bbox 3848 2557 3915 2611; x_wconf 76' lang='grc' dir='ltr'><strong>δι’</strong></span> <span class='ocrx_word' id='word_1_392' title='bbox 3949 2556 4013 2611; x_wconf 69' lang='grc' dir='ltr'>οὗ</span> 
     </span>
    </p>
   </div>
   <div class='ocr_carea' id='block_1_58' title="bbox 2428 2642 4013 2717">
    <p class='ocr_par' dir='ltr' id='par_1_58' title="bbox 2428 2642 4013 2717">
     <span class='ocr_line' id='line_1_58' title="bbox 2428 2642 4013 2717; baseline 0.004 -23"><span class='ocrx_word' id='word_1_393' title='bbox 2428 2643 2619 2712; x_wconf 77' lang='grc' dir='ltr'><strong>Σωτὴρ</strong></span> <span class='ocrx_word' id='word_1_394' title='bbox 2677 2642 3027 2715; x_wconf 75' lang='grc' dir='ltr'><strong>ὲγνωρίζετο.</strong></span> <span class='ocrx_word' id='word_1_395' title='bbox 3069 2644 3263 2715; x_wconf 84' lang='grc' dir='ltr'><strong>Ἐτέρα</strong></span> <span class='ocrx_word' id='word_1_396' title='bbox 3294 2646 3348 2699; x_wconf 83' lang='grc' dir='ltr'><strong>δὲ</strong></span> <span class='ocrx_word' id='word_1_397' title='bbox 3403 2646 3498 2699; x_wconf 81' lang='grc' dir='ltr'><strong>νῦν</strong></span> <span class='ocrx_word' id='word_1_398' title='bbox 3529 2648 3748 2716; x_wconf 82' lang='grc' dir='ltr'><strong>ἕρημος</strong></span> <span class='ocrx_word' id='word_1_399' title='bbox 3793 2649 4013 2717; x_wconf 78' lang='grc' dir='ltr'><strong>εἴρηται</strong></span> 
     </span>
    </p>
   </div>
   <div class='ocr_carea' id='block_1_59' title="bbox 2427 2736 4013 2810">
    <p class='ocr_par' dir='ltr' id='par_1_59' title="bbox 2427 2736 4013 2810">
     <span class='ocr_line' id='line_1_59' title="bbox 2427 2736 4013 2810; baseline 0.003 -23"><span class='ocrx_word' id='word_1_400' title='bbox 2427 2737 2556 2805; x_wconf 85' lang='grc' dir='ltr'><strong>παρ’</strong></span> <span class='ocrx_word' id='word_1_401' title='bbox 2581 2737 2645 2805; x_wconf 78' lang='grc' dir='ltr'><strong>ἦν</strong></span> <span class='ocrx_word' id='word_1_402' title='bbox 2676 2737 2703 2787; x_wconf 82' lang='grc' dir='ltr'>ὁ</span> <span class='ocrx_word' id='word_1_403' title='bbox 2722 2736 2927 2805; x_wconf 78' lang='grc' dir='ltr'><strong>Μωσῆς</strong></span> <span class='ocrx_word' id='word_1_404' title='bbox 2959 2736 3183 2806; x_wconf 82' lang='grc' dir='ltr'><strong>διήγαγε</strong></span> <span class='ocrx_word' id='word_1_405' title='bbox 3211 2737 3300 2790; x_wconf 84' lang='grc' dir='ltr'><strong>τὸν</strong></span> <span class='ocrx_word' id='word_1_406' title='bbox 3333 2738 3486 2792; x_wconf 89' lang='grc' dir='ltr'><strong>λαόν.</strong></span> <span class='ocrx_word' id='word_1_407' title='bbox 3513 2741 3623 2792; x_wconf 75' lang='grc' dir='ltr'><strong>Καὶ</strong></span> <span class='ocrx_word' id='word_1_408' title='bbox 3641 2740 3786 2803; x_wconf 79' lang='grc' dir='ltr'>τινος</span> <span class='ocrx_word' id='word_1_409' title='bbox 3816 2740 4013 2810; x_wconf 79' lang='grc' dir='ltr'><strong>ἀνδρές</strong></span> 
     </span>
    </p>
   </div>
   <div class='ocr_carea' id='block_1_60' title="bbox 2426 2825 4015 2897">
    <p class='ocr_par' dir='ltr' id='par_1_60' title="bbox 2426 2825 4015 2897">
     <span class='ocr_line' id='line_1_60' title="bbox 2426 2825 4015 2897; baseline 0.004 -18"><span class='ocrx_word' id='word_1_410' title='bbox 2426 2827 2483 2880; x_wconf 73' lang='grc' dir='ltr'><strong>ἐν</strong></span> <span class='ocrx_word' id='word_1_411' title='bbox 2511 2826 2683 2897; x_wconf 80' lang='grc' dir='ltr'><strong>ταύτῃ</strong></span> <span class='ocrx_word' id='word_1_412' title='bbox 2718 2825 2888 2896; x_wconf 69' lang='grc' dir='ltr'><strong>φωνὴ</strong></span> <span class='ocrx_word' id='word_1_413' title='bbox 2921 2827 3191 2893; x_wconf 85' lang='grc' dir='ltr'><strong>,βοῶντος</strong></span> <span class='ocrx_word' id='word_1_414' title='bbox 3223 2845 3241 2892; x_wconf 87' lang='grc'><strong><em>;</em></strong></span> <span class='ocrx_word' id='word_1_415' title='bbox 3270 2830 3410 2883; x_wconf 81' lang='grc' dir='ltr'><strong>κατὰ</strong></span> <span class='ocrx_word' id='word_1_416' title='bbox 3461 2829 3553 2883; x_wconf 80' lang='grc' dir='ltr'><strong>τὸν</strong></span> <span class='ocrx_word' id='word_1_417' title='bbox 3596 2831 3851 2895; x_wconf 79' lang='grc' dir='ltr'><strong>’Δκύλαν,</strong></span> <span class='ocrx_word' id='word_1_418' title='bbox 3908 2848 4015 2885; x_wconf 80' lang='grc' dir='ltr'><strong>κα-</strong></span> 
     </span>
    </p>
   </div>
   <div class='ocr_carea' id='block_1_61' title="bbox 2424 2917 4014 2990">
    <p class='ocr_par' dir='ltr' id='par_1_61' title="bbox 2424 2917 4014 2990">
     <span class='ocr_line' id='line_1_61' title="bbox 2424 2917 4014 2990; baseline 0.001 -19"><span class='ocrx_word' id='word_1_419' title='bbox 2424 2917 2704 2983; x_wconf 71' lang='grc' dir='ltr'><strong>λοῦντος.</strong></span> <span class='ocrx_word' id='word_1_420' title='bbox 2732 2918 2899 2987; x_wconf 76' lang='grc' dir='ltr'><strong>Δῆλον</strong></span> <span class='ocrx_word' id='word_1_421' title='bbox 2927 2917 2985 2969; x_wconf 83' lang='grc' dir='ltr'><strong>δὲ</strong></span> <span class='ocrx_word' id='word_1_422' title='bbox 3020 2919 3115 2971; x_wconf 64' lang='grc' dir='ltr'><strong>καλ⁵</strong></span> <span class='ocrx_word' id='word_1_423' title='bbox 3145 2920 3281 2988; x_wconf 83' lang='grc' dir='ltr'><strong>πρὸς</strong></span> <span class='ocrx_word' id='word_1_424' title='bbox 3309 2920 3462 2984; x_wconf 81' lang='grc' dir='ltr'><strong>τίνας</strong></span> <span class='ocrx_word' id='word_1_425' title='bbox 3492 2921 3703 2990; x_wconf 74' lang='grc' dir='ltr'><strong>ἔλεγεν·</strong></span> <span class='ocrx_word' id='word_1_426' title='bbox 3747 2921 4014 2988; x_wconf 76' lang='grc' dir='ltr'><strong>Ἑτοιμά-</strong></span> 
     </span>
    </p>
   </div>
   <div class='ocr_carea' id='block_1_62' title="bbox 2426 3003 4013 3078">
    <p class='ocr_par' dir='ltr' id='par_1_62' title="bbox 2426 3003 4013 3078">
     <span class='ocr_line' id='line_1_62' title="bbox 2426 3003 4013 3078; baseline 0.001 -19"><span class='ocrx_word' id='word_1_427' title='bbox 2426 3021 2574 3059; x_wconf 84' lang='grc' dir='ltr'><em>σατε</em></span> <span class='ocrx_word' id='word_1_428' title='bbox 2606 3007 2717 3072; x_wconf 73' lang='grc' dir='ltr'><strong>τὴν</strong></span> <span class='ocrx_word' id='word_1_429' title='bbox 2752 3006 2897 3060; x_wconf 75' lang='grc' dir='ltr'><strong>ὁδὸν</strong></span> <span class='ocrx_word' id='word_1_430' title='bbox 2922 3008 3163 3073; x_wconf 82' lang='grc' dir='ltr'><strong>Κυρίου.</strong></span> <span class='ocrx_word' id='word_1_431' title='bbox 3193 3009 3372 3078; x_wconf 78' lang='grc' dir='ltr'><strong>Ἀπερ</strong></span> <span class='ocrx_word' id='word_1_432' title='bbox 3400 3008 3577 3062; x_wconf 76' lang='grc' dir='ltr'><strong>πάντα</strong></span> <span class='ocrx_word' id='word_1_433' title='bbox 3605 3008 3750 3072; x_wconf 79' lang='grc' dir='ltr'><strong>εἰκὸς</strong></span> <span class='ocrx_word' id='word_1_434' title='bbox 3777 3003 3846 3078; x_wconf 81' lang='grc' dir='ltr'><strong>ἦν</strong></span> <span class='ocrx_word' id='word_1_435' title='bbox 3882 3011 4013 3069; x_wconf 70' lang='grc' dir='ltr'><strong>τοὺς</strong></span> 
     </span>
    </p>
   </div>
   <div class='ocr_carea' id='block_1_63' title="bbox 2426 3096 4014 3167">
    <p class='ocr_par' dir='ltr' id='par_1_63' title="bbox 2426 3096 4014 3167">
     <span class='ocr_line' id='line_1_63' title="bbox 2426 3096 4014 3167; baseline 0.001 -17"><span class='ocrx_word' id='word_1_436' title='bbox 2426 3097 2628 3150; x_wconf 82' lang='grc' dir='ltr'><strong>τούτων</strong></span> <span class='ocrx_word' id='word_1_437' title='bbox 2650 3098 2922 3167; x_wconf 76' lang='grc' dir='ltr'><strong>ἀκροατὰς</strong></span> <span class='ocrx_word' id='word_1_438' title='bbox 2940 3097 3140 3166; x_wconf 81' lang='grc' dir='ltr'><strong>ζητεῖν,</strong></span> <span class='ocrx_word' id='word_1_439' title='bbox 3156 3096 3408 3167; x_wconf 76' lang='grc' dir='ltr'><strong>εὕχεσθαί</strong></span> <span class='ocrx_word' id='word_1_440' title='bbox 3423 3116 3482 3151; x_wconf 88' lang='grc' dir='ltr'><strong>τε</strong></span> <span class='ocrx_word' id='word_1_441' title='bbox 3507 3099 3569 3152; x_wconf 80' lang='grc' dir='ltr'><strong>τὸ</strong></span> <span class='ocrx_word' id='word_1_442' title='bbox 3588 3099 3884 3167; x_wconf 83' lang='grc' dir='ltr'><strong>σωτήριον</strong></span> <span class='ocrx_word' id='word_1_443' title='bbox 3906 3101 4014 3152; x_wconf 83' lang='grc' dir='ltr'><em>τοῦ</em></span> 
     </span>
    </p>
   </div>
   <div class='ocr_carea' id='block_1_64' title="bbox 751 3179 2443 3260">
    <p class='ocr_par' dir='ltr' id='par_1_64' title="bbox 751 3179 2443 3258">
     <span class='ocr_line' id='line_1_64' title="bbox 751 3179 2443 3258; baseline 0.004 -24"><span class='ocrx_word' id='word_1_444' title='bbox 751 3195 882 3236; x_wconf 81' lang='lat' dir='ltr'><strong>vero</strong></span> <span class='ocrx_word' id='word_1_445' title='bbox 910 3191 962 3235; x_wconf 88' lang='lat' dir='ltr'><strong>et</strong></span> <span class='ocrx_word' id='word_1_446' title='bbox 994 3182 1059 3236; x_wconf 85' lang='lat' dir='ltr'><strong>ad</strong></span> <span class='ocrx_word' id='word_1_447' title='bbox 1090 3200 1230 3254; x_wconf 86' lang='lat' dir='ltr'><strong>quos</strong></span> <span class='ocrx_word' id='word_1_448' title='bbox 1279 3186 1619 3254; x_wconf 88' lang='lat' dir='ltr'><strong>loqueretur,</strong></span> <span class='ocrx_word' id='word_1_449' title='bbox 1658 3205 1781 3243; x_wconf 91' lang='lat' dir='ltr'><strong>cum</strong></span> <span class='ocrx_word' id='word_1_450' title='bbox 1815 3205 2006 3258; x_wconf 83' lang='lat' dir='ltr'><strong>parare</strong></span> <span class='ocrx_word' id='word_1_451' title='bbox 2040 3192 2178 3245; x_wconf 80' lang='lat' dir='ltr'><strong>viam</strong></span> <span class='ocrx_word' id='word_1_452' title='bbox 2213 3190 2320 3243; x_wconf 83' lang='lat' dir='ltr'><strong>Do-</strong></span> <span class='ocrx_word' id='word_1_453' title='bbox 2349 3179 2392 3237; x_wconf 85' lang='lat' dir='ltr'><strong><em>C</em></strong></span> <span class='ocrx_word' id='word_1_454' title='bbox 2427 3193 2443 3241; x_wconf 83' lang='lat' dir='ltr'><strong>t</strong></span> 
     </span>
    </p>
   </div>
   <div class='ocr_carea' id='block_1_65' title="bbox 2312 3179 4004 3260">
    <p class='ocr_par' dir='ltr' id='par_1_65' title="bbox 2312 3179 4004 3260">
     <span class='ocr_line' id='line_1_65' title="bbox 2312 3179 4004 3260; baseline 0.004 -23"><span class='ocrx_word' id='word_1_455' title='bbox 2312 3219 2320 3231; x_wconf 84' lang='lat'><strong><em>-</em></strong></span> <span class='ocrx_word' id='word_1_456' title='bbox 2349 3179 2392 3237; x_wconf 86' lang='lat' dir='ltr'><strong><em>C</em></strong></span> <span class='ocrx_word' id='word_1_457' title='bbox 2427 3188 2574 3241; x_wconf 86' lang='grc' dir='ltr'><strong>Θεοῦ</strong></span> <span class='ocrx_word' id='word_1_458' title='bbox 2602 3187 2766 3250; x_wconf 79' lang='grc' dir='ltr'><strong>ἰδεῖν,</strong></span> <span class='ocrx_word' id='word_1_459' title='bbox 2798 3188 3197 3257; x_wconf 82' lang='grc' dir='ltr'><strong>πρ¹ο6αινούσης</strong></span> <span class='ocrx_word' id='word_1_460' title='bbox 3227 3191 3304 3251; x_wconf 82' lang='grc' dir='ltr'><strong>είς</strong></span> <span class='ocrx_word' id='word_1_461' title='bbox 3332 3189 3491 3258; x_wconf 79' lang='grc' dir='ltr'><strong>ἔργον</strong></span> <span class='ocrx_word' id='word_1_462' title='bbox 3523 3190 3621 3259; x_wconf 77' lang='grc' dir='ltr'><strong>τῆς</strong></span> <span class='ocrx_word' id='word_1_463' title='bbox 3640 3189 4004 3260; x_wconf 79' lang='grc' dir='ltr'><strong>προφητείας.</strong></span> 
     </span>
    </p>
   </div>
   <div class='ocr_carea' id='block_1_66' title="bbox 749 3274 4011 3354">
    <p class='ocr_par' dir='ltr' id='par_1_66' title="bbox 749 3274 4011 3354">
     <span class='ocr_line' id='line_1_66' title="bbox 749 3274 4011 3354; baseline 0.003 -30"><span class='ocrx_word' id='word_1_464' title='bbox 749 3274 882 3327; x_wconf 87' lang='lat' dir='ltr'><strong>mini</strong></span> <span class='ocrx_word' id='word_1_465' title='bbox 915 3274 1152 3343; x_wconf 88' lang='lat' dir='ltr'><strong>juberet.</strong></span> <span class='ocrx_word' id='word_1_466' title='bbox 1184 3275 1315 3343; x_wconf 66' lang='lat' dir='ltr'><strong>Quae</strong></span> <span class='ocrx_word' id='word_1_467' title='bbox 1346 3281 1528 3334; x_wconf 89' lang='lat' dir='ltr'><strong>omnia</strong></span> <span class='ocrx_word' id='word_1_468' title='bbox 1570 3282 1848 3338; x_wconf 91' lang='lat' dir='ltr'><strong>auditores</strong></span> <span class='ocrx_word' id='word_1_469' title='bbox 1900 3286 2128 3339; x_wconf 81' lang='lat' dir='ltr'><strong>istorum</strong></span> <span class='ocrx_word' id='word_1_470' title='bbox 2167 3296 2440 3354; x_wconf 65' lang='lat' dir='ltr'><strong>qtiatrere,</strong></span> <span class='ocrx_word' id='word_1_471' title='bbox 2468 3289 2543 3345; x_wconf 90' lang='lat' dir='ltr'><strong>et,</strong></span> <span class='ocrx_word' id='word_1_472' title='bbox 2570 3289 2627 3333; x_wconf 92' lang='lat' dir='ltr'><strong>ut</strong></span> <span class='ocrx_word' id='word_1_473' title='bbox 2674 3290 2927 3349; x_wconf 76' lang='lat' dir='ltr'><strong>pergente</strong></span> <span class='ocrx_word' id='word_1_474' title='bbox 2955 3281 3010 3334; x_wconf 92' lang='lat' dir='ltr'><strong>in</strong></span> <span class='ocrx_word' id='word_1_475' title='bbox 3051 3288 3231 3334; x_wconf 89' lang='lat' dir='ltr'><strong>actum</strong></span> <span class='ocrx_word' id='word_1_476' title='bbox 3260 3282 3578 3352; x_wconf 81' lang='lat' dir='ltr'><strong>prophetia,</strong></span> <span class='ocrx_word' id='word_1_477' title='bbox 3628 3282 3866 3336; x_wconf 84' lang='lat' dir='ltr'><strong>salutare</strong></span> <span class='ocrx_word' id='word_1_478' title='bbox 3912 3282 4011 3337; x_wconf 82' lang='lat' dir='ltr'><strong>Dei</strong></span> 
     </span>
    </p>
   </div>
   <div class='ocr_carea' id='block_1_67' title="bbox 750 3372 1939 3443">
    <p class='ocr_par' dir='ltr' id='par_1_67' title="bbox 750 3372 1939 3443">
     <span class='ocr_line' id='line_1_67' title="bbox 750 3372 1939 3443; baseline 0.003 -14"><span class='ocrx_word' id='word_1_479' title='bbox 750 3373 1000 3437; x_wconf 63' lang='lat' dir='ltr'><strong>vtderent,</strong></span> <span class='ocrx_word' id='word_1_480' title='bbox 1029 3374 1240 3443; x_wconf 84' lang='lat' dir='ltr'><strong>precari</strong></span> <span class='ocrx_word' id='word_1_481' title='bbox 1274 3372 1446 3429; x_wconf 80' lang='lat' dir='ltr'><strong>fuerat</strong></span> <span class='ocrx_word' id='word_1_482' title='bbox 1494 3386 1939 3433; x_wconf 86' lang='lat' dir='ltr'><strong>consentaneum.</strong></span> 
     </span>
    </p>
   </div>
   <div class='ocr_carea' id='block_1_68' title="bbox 818 3502 2329 3579">
    <p class='ocr_par' dir='ltr' id='par_1_68' title="bbox 818 3502 2329 3579">
     <span class='ocr_line' id='line_1_68' title="bbox 818 3502 2329 3579; baseline -0.001 -15"><span class='ocrx_word' id='word_1_483' title='bbox 818 3510 1087 3577; x_wconf 86' lang='lat' dir='ltr'><strong>Quoniam</strong></span> <span class='ocrx_word' id='word_1_484' title='bbox 1120 3510 1285 3579; x_wconf 79' lang='lat' dir='ltr'><strong>igitur</strong></span> <span class='ocrx_word' id='word_1_485' title='bbox 1314 3502 1418 3565; x_wconf 63' lang='lat' dir='ltr'><strong>ist&#39;a</strong></span> <span class='ocrx_word' id='word_1_486' title='bbox 1447 3509 1846 3578; x_wconf 79' lang='lat' dir='ltr'><strong>exspectabant</strong></span> <span class='ocrx_word' id='word_1_487' title='bbox 1867 3508 1960 3578; x_wconf 91' lang='lat' dir='ltr'><strong>qui</strong></span> <span class='ocrx_word' id='word_1_488' title='bbox 1984 3525 2072 3564; x_wconf 88' lang='lat' dir='ltr'><strong>res</strong></span> <span class='ocrx_word' id='word_1_489' title='bbox 2095 3508 2329 3578; x_wconf 83' lang='lat' dir='ltr'><strong>pr0phe-</strong></span> 
     </span>
    </p>
   </div>
   <div class='ocr_carea' id='block_1_69' title="bbox 753 3598 2327 3669">
    <p class='ocr_par' dir='ltr' id='par_1_69' title="bbox 753 3598 2327 3669">
     <span class='ocr_line' id='line_1_69' title="bbox 753 3598 2327 3669; baseline 0.001 -18"><span class='ocrx_word' id='word_1_490' title='bbox 753 3601 891 3653; x_wconf 90' lang='lat' dir='ltr'><strong>ticas</strong></span> <span class='ocrx_word' id='word_1_491' title='bbox 908 3598 1210 3664; x_wconf 87' lang='lat' dir='ltr'><strong>callebant;</strong></span> <span class='ocrx_word' id='word_1_492' title='bbox 1251 3600 1339 3662; x_wconf 88' lang='lat' dir='ltr'><strong>iis,</strong></span> <span class='ocrx_word' id='word_1_493' title='bbox 1360 3600 1504 3666; x_wconf 82' lang='lat' dir='ltr'><strong>quia</strong></span> <span class='ocrx_word' id='word_1_494' title='bbox 1522 3600 1864 3669; x_wconf 87' lang='lat' dir='ltr'><strong>principibus</strong></span> <span class='ocrx_word' id='word_1_495' title='bbox 1895 3600 2243 3654; x_wconf 82' lang='lat' dir='ltr'><strong>sacerdotum</strong></span> <span class='ocrx_word' id='word_1_496' title='bbox 2273 3608 2327 3653; x_wconf 89' lang='lat' dir='ltr'><strong>et</strong></span> 
     </span>
    </p>
   </div>
   <div class='ocr_carea' id='block_1_70' title="bbox 754 3689 2324 3760">
    <p class='ocr_par' dir='ltr' id='par_1_70' title="bbox 754 3689 2324 3760">
     <span class='ocr_line' id='line_1_70' title="bbox 754 3689 2324 3760; baseline -0.003 -16"><span class='ocrx_word' id='word_1_497' title='bbox 754 3691 1028 3760; x_wconf 74' lang='lat' dir='ltr'><strong>magistris</strong></span> <span class='ocrx_word' id='word_1_498' title='bbox 1085 3691 1237 3744; x_wconf 90' lang='lat' dir='ltr'><strong>missi</strong></span> <span class='ocrx_word' id='word_1_499' title='bbox 1275 3690 1339 3743; x_wconf 87' lang='lat' dir='ltr'><strong>ad</strong></span> <span class='ocrx_word' id='word_1_500' title='bbox 1389 3689 1652 3745; x_wconf 83' lang='lat' dir='ltr'><strong>Joannem</strong></span> <span class='ocrx_word' id='word_1_501' title='bbox 1704 3700 1989 3756; x_wconf 88' lang='lat' dir='ltr'><strong>venerant,</strong></span> <span class='ocrx_word' id='word_1_502' title='bbox 2061 3698 2120 3744; x_wconf 89' lang='lat' dir='ltr'><strong>ut</strong></span> <span class='ocrx_word' id='word_1_503' title='bbox 2163 3689 2324 3744; x_wconf 89' lang='lat' dir='ltr'><strong>Chri-</strong></span> 
     </span>
    </p>
   </div>
   <div class='ocr_carea' id='block_1_71' title="bbox 752 3780 2323 3853">
    <p class='ocr_par' dir='ltr' id='par_1_71' title="bbox 752 3780 2323 3853">
     <span class='ocr_line' id='line_1_71' title="bbox 752 3780 2323 3853; baseline -0.003 -17"><span class='ocrx_word' id='word_1_504' title='bbox 752 3792 961 3846; x_wconf 88' lang='lat' dir='ltr'><strong>stusne,</strong></span> <span class='ocrx_word' id='word_1_505' title='bbox 998 3797 1065 3837; x_wconf 86' lang='lat' dir='ltr'><strong>an</strong></span> <span class='ocrx_word' id='word_1_506' title='bbox 1102 3780 1270 3847; x_wconf 86' lang='lat' dir='ltr'><strong>Elias,</strong></span> <span class='ocrx_word' id='word_1_507' title='bbox 1317 3796 1385 3836; x_wconf 90' lang='lat' dir='ltr'><strong>an</strong></span> <span class='ocrx_word' id='word_1_508' title='bbox 1429 3783 1693 3852; x_wconf 85' lang='lat' dir='ltr'><strong>propheta</strong></span> <span class='ocrx_word' id='word_1_509' title='bbox 1721 3782 1837 3853; x_wconf 89' lang='lat' dir='ltr'><strong>ipse</strong></span> <span class='ocrx_word' id='word_1_510' title='bbox 1863 3791 2028 3847; x_wconf 87' lang='lat' dir='ltr'><strong>esset,</strong></span> <span class='ocrx_word' id='word_1_511' title='bbox 2054 3781 2323 3847; x_wconf 76' lang='lat' dir='ltr'><strong>audirent,</strong></span> 
     </span>
    </p>
   </div>
   <div class='ocr_carea' id='block_1_72' title="bbox 752 3870 2326 3939">
    <p class='ocr_par' dir='ltr' id='par_1_72' title="bbox 752 3870 2326 3939">
     <span class='ocr_line' id='line_1_72' title="bbox 752 3870 2326 3939; baseline 0 -16"><span class='ocrx_word' id='word_1_512' title='bbox 752 3872 841 3924; x_wconf 90' lang='lat' dir='ltr'><strong>illa</strong></span> <span class='ocrx_word' id='word_1_513' title='bbox 893 3871 1109 3939; x_wconf 86' lang='lat' dir='ltr'><strong>quidem</strong></span> <span class='ocrx_word' id='word_1_514' title='bbox 1144 3880 1438 3939; x_wconf 85' lang='lat' dir='ltr'><strong>pernegat,</strong></span> <span class='ocrx_word' id='word_1_515' title='bbox 1496 3886 1555 3926; x_wconf 88' lang='lat' dir='ltr'><strong>se</strong></span> <span class='ocrx_word' id='word_1_516' title='bbox 1603 3880 1784 3925; x_wconf 88' lang='lat' dir='ltr'><strong>autem</strong></span> <span class='ocrx_word' id='word_1_517' title='bbox 1831 3886 2005 3925; x_wconf 75' lang='lat' dir='ltr'><strong>vocem</strong></span> <span class='ocrx_word' id='word_1_518' title='bbox 2043 3870 2326 3924; x_wconf 85' lang='lat' dir='ltr'><strong>clamantis</strong></span> 
     </span>
    </p>
   </div>
   <div class='ocr_carea' id='block_1_73' title="bbox 749 3960 2317 4032">
    <p class='ocr_par' dir='ltr' id='par_1_73' title="bbox 749 3960 2317 4032">
     <span class='ocr_line' id='line_1_73' title="bbox 749 3960 2317 4032; baseline -0.002 -17"><span class='ocrx_word' id='word_1_519' title='bbox 749 3979 862 4016; x_wconf 76' lang='lat' dir='ltr'><strong>esse</strong></span> <span class='ocrx_word' id='word_1_520' title='bbox 904 3962 1186 4031; x_wconf 80' lang='lat' dir='ltr'><strong>proﬁtetur</strong></span> <span class='ocrx_word' id='word_1_521' title='bbox 1215 3963 1280 4018; x_wconf 76' lang='lat'><strong>“.</strong></span> <span class='ocrx_word' id='word_1_522' title='bbox 1316 3960 1370 4016; x_wconf 74' lang='grc' dir='ltr'><strong>ια</strong></span> <span class='ocrx_word' id='word_1_523' title='bbox 1411 3963 1555 4017; x_wconf 86' lang='lat' dir='ltr'><strong>enim</strong></span> <span class='ocrx_word' id='word_1_524' title='bbox 1592 3962 1683 4026; x_wconf 86' lang='lat' dir='ltr'><strong>iis,</strong></span> <span class='ocrx_word' id='word_1_525' title='bbox 1717 3962 1810 4031; x_wconf 87' lang='lat' dir='ltr'><strong>qui</strong></span> <span class='ocrx_word' id='word_1_526' title='bbox 1844 3961 2183 4032; x_wconf 85' lang='lat' dir='ltr'><strong>prophetiam</strong></span> <span class='ocrx_word' id='word_1_527' title='bbox 2223 3975 2317 4013; x_wconf 88' lang='lat' dir='ltr'><strong>uo-</strong></span> 
     </span>
    </p>
   </div>
   <div class='ocr_carea' id='block_1_74' title="bbox 754 4052 2317 4123">
    <p class='ocr_par' dir='ltr' id='par_1_74' title="bbox 754 4052 2317 4123">
     <span class='ocr_line' id='line_1_74' title="bbox 754 4052 2317 4123; baseline -0.003 -16"><span class='ocrx_word' id='word_1_528' title='bbox 754 4064 897 4119; x_wconf 80' lang='lat' dir='ltr'><strong>ianl,</strong></span> <span class='ocrx_word' id='word_1_529' title='bbox 924 4054 1150 4118; x_wconf 78' lang='lat' dir='ltr'><strong>dixisse,</strong></span> <span class='ocrx_word' id='word_1_530' title='bbox 1171 4056 1552 4123; x_wconf 81' lang='lat' dir='ltr'><strong>desertumque,</strong></span> <span class='ocrx_word' id='word_1_531' title='bbox 1588 4054 1641 4106; x_wconf 87' lang='lat' dir='ltr'><strong>in</strong></span> <span class='ocrx_word' id='word_1_532' title='bbox 1672 4069 1780 4123; x_wconf 85' lang='lat' dir='ltr'><strong>quo</strong></span> <span class='ocrx_word' id='word_1_533' title='bbox 1810 4055 2022 4123; x_wconf 80' lang='lat' dir='ltr'><strong>agebat,</strong></span> <span class='ocrx_word' id='word_1_534' title='bbox 2055 4062 2110 4107; x_wconf 91' lang='lat' dir='ltr'><strong>et</strong></span> <span class='ocrx_word' id='word_1_535' title='bbox 2140 4052 2317 4121; x_wconf 87' lang='lat' dir='ltr'><strong>ipsum</strong></span> 
     </span>
    </p>
   </div>
   <div class='ocr_carea' id='block_1_75' title="bbox 754 4144 2317 4217">
    <p class='ocr_par' dir='ltr' id='par_1_75' title="bbox 754 4144 2317 4217">
     <span class='ocr_line' id='line_1_75' title="bbox 754 4144 2317 4217; baseline -0.001 -19"><span class='ocrx_word' id='word_1_536' title='bbox 754 4148 850 4200; x_wconf 82' lang='lat' dir='ltr'><strong>Dei</strong></span> <span class='ocrx_word' id='word_1_537' title='bbox 881 4147 1116 4201; x_wconf 84' lang='lat' dir='ltr'><strong>salutare</strong></span> <span class='ocrx_word' id='word_1_538' title='bbox 1148 4146 1297 4201; x_wconf 90' lang='lat' dir='ltr'><strong>omni</strong></span> <span class='ocrx_word' id='word_1_539' title='bbox 1345 4148 1498 4201; x_wconf 88' lang='lat' dir='ltr'><strong>carni</strong></span> <span class='ocrx_word' id='word_1_540' title='bbox 1529 4147 1983 4217; x_wconf 86' lang='lat' dir='ltr'><strong>conspiciendum</strong></span> <span class='ocrx_word' id='word_1_541' title='bbox 2029 4161 2129 4216; x_wconf 93' lang='lat' dir='ltr'><strong>pro</strong></span> <span class='ocrx_word' id='word_1_542' title='bbox 2180 4144 2317 4200; x_wconf 81' lang='lat' dir='ltr'><strong>fori-</strong></span> 
     </span>
    </p>
   </div>
   <div class='ocr_carea' id='block_1_76' title="bbox 750 4238 2317 4301">
    <p class='ocr_par' dir='ltr' id='par_1_76' title="bbox 750 4238 2317 4301">
     <span class='ocr_line' id='line_1_76' title="bbox 750 4238 2317 4301; baseline -0.001 -10"><span class='ocrx_word' id='word_1_543' title='bbox 750 4239 851 4293; x_wconf 87' lang='lat' dir='ltr'><strong>bus</strong></span> <span class='ocrx_word' id='word_1_544' title='bbox 896 4240 1125 4301; x_wconf 84' lang='lat' dir='ltr'><strong>instare,</strong></span> <span class='ocrx_word' id='word_1_545' title='bbox 1156 4240 1291 4294; x_wconf 88' lang='lat' dir='ltr'><strong>satis</strong></span> <span class='ocrx_word' id='word_1_546' title='bbox 1340 4246 1460 4293; x_wconf 89' lang='lat' dir='ltr'><strong>erat</strong></span> <span class='ocrx_word' id='word_1_547' title='bbox 1494 4239 1822 4294; x_wconf 89' lang='lat' dir='ltr'><strong>ostendisse.</strong></span> <span class='ocrx_word' id='word_1_548' title='bbox 1878 4238 1973 4293; x_wconf 82' lang='lat' dir='ltr'><strong>Est</strong></span> <span class='ocrx_word' id='word_1_549' title='bbox 2006 4238 2151 4292; x_wconf 87' lang='lat' dir='ltr'><strong>enim</strong></span> <span class='ocrx_word' id='word_1_550' title='bbox 2185 4251 2317 4291; x_wconf 93' lang='lat' dir='ltr'><strong>con-</strong></span> 
     </span>
    </p>
   </div>
   <div class='ocr_carea' id='block_1_77' title="bbox 746 4327 2309 4398">
    <p class='ocr_par' dir='ltr' id='par_1_77' title="bbox 746 4327 2309 4398">
     <span class='ocr_line' id='line_1_77' title="bbox 746 4327 2309 4398; baseline -0.001 -15"><span class='ocrx_word' id='word_1_551' title='bbox 746 4328 996 4384; x_wconf 81' lang='lat' dir='ltr'><strong>cionatus</strong></span> <span class='ocrx_word' id='word_1_552' title='bbox 1027 4330 1080 4383; x_wconf 91' lang='lat' dir='ltr'><strong>iu</strong></span> <span class='ocrx_word' id='word_1_553' title='bbox 1118 4327 1376 4385; x_wconf 81' lang='lat' dir='ltr'><strong>Jordauis</strong></span> <span class='ocrx_word' id='word_1_554' title='bbox 1407 4335 1633 4395; x_wconf 84' lang='lat' dir='ltr'><strong>deserto,</strong></span> <span class='ocrx_word' id='word_1_555' title='bbox 1667 4330 1732 4384; x_wconf 87' lang='lat' dir='ltr'><strong>de</strong></span> <span class='ocrx_word' id='word_1_556' title='bbox 1757 4343 1868 4398; x_wconf 84' lang='lat' dir='ltr'><strong>quo</strong></span> <span class='ocrx_word' id='word_1_557' title='bbox 1897 4344 2042 4382; x_wconf 89' lang='lat' dir='ltr'><strong>nunc</strong></span> <span class='ocrx_word' id='word_1_558' title='bbox 2072 4328 2309 4397; x_wconf 86' lang='lat' dir='ltr'><strong>prophe-</strong></span> 
     </span>
    </p>
   </div>
   <div class='ocr_carea' id='block_1_78' title="bbox 749 4419 2308 4491">
    <p class='ocr_par' dir='ltr' id='par_1_78' title="bbox 749 4419 2308 4491">
     <span class='ocr_line' id='line_1_78' title="bbox 749 4419 2308 4491; baseline -0.001 -18"><span class='ocrx_word' id='word_1_559' title='bbox 749 4421 847 4483; x_wconf 91' lang='lat' dir='ltr'><strong>tia,</strong></span> <span class='ocrx_word' id='word_1_560' title='bbox 876 4419 1381 4491; x_wconf 79' lang='lat' dir='ltr'><strong>noulerosolymis,</strong></span> <span class='ocrx_word' id='word_1_561' title='bbox 1413 4428 1466 4475; x_wconf 91' lang='lat' dir='ltr'><strong>et</strong></span> <span class='ocrx_word' id='word_1_562' title='bbox 1498 4422 1550 4475; x_wconf 92' lang='lat' dir='ltr'><strong>iu</strong></span> <span class='ocrx_word' id='word_1_563' title='bbox 1570 4436 1633 4476; x_wconf 90' lang='lat' dir='ltr'><strong>ea</strong></span> <span class='ocrx_word' id='word_1_564' title='bbox 1660 4423 1776 4489; x_wconf 88' lang='lat' dir='ltr'><strong>ipsa</strong></span> <span class='ocrx_word' id='word_1_565' title='bbox 1804 4420 2086 4475; x_wconf 83' lang='lat' dir='ltr'><strong>solitudine</strong></span> <span class='ocrx_word' id='word_1_566' title='bbox 2106 4419 2308 4475; x_wconf 89' lang='lat' dir='ltr'><strong>Christi</strong></span> 
     </span>
    </p>
   </div>
   <div class='ocr_carea' id='block_1_79' title="bbox 743 4508 2311 4578">
    <p class='ocr_par' dir='ltr' id='par_1_79' title="bbox 743 4508 2311 4578">
     <span class='ocr_line' id='line_1_79' title="bbox 743 4508 2311 4578; baseline -0.001 -16"><span class='ocrx_word' id='word_1_567' title='bbox 743 4509 1019 4572; x_wconf 82' lang='lat' dir='ltr'><strong>salutare,</strong></span> <span class='ocrx_word' id='word_1_568' title='bbox 1075 4508 1431 4578; x_wconf 81' lang='lat' dir='ltr'><strong>ejusdemque</strong></span> <span class='ocrx_word' id='word_1_569' title='bbox 1494 4510 1668 4578; x_wconf 79' lang='lat' dir='ltr'><strong>gloria</strong></span> <span class='ocrx_word' id='word_1_570' title='bbox 1723 4510 1962 4562; x_wconf 83' lang='lat' dir='ltr'><strong>omnibus</strong></span> <span class='ocrx_word' id='word_1_571' title='bbox 2032 4509 2311 4576; x_wconf 80' lang='lat' dir='ltr'><strong>apparuit;</strong></span> 
     </span>
    </p>
   </div>
   <div class='ocr_carea' id='block_1_80' title="bbox 2510 3502 4015 3581">
    <p class='ocr_par' dir='ltr' id='par_1_80' title="bbox 2510 3502 4015 3581">
     <span class='ocr_line' id='line_1_80' title="bbox 2510 3502 4015 3581; baseline 0.002 -24"><span class='ocrx_word' id='word_1_572' title='bbox 2510 3504 2663 3557; x_wconf 79' lang='grc' dir='ltr'><strong>Ἐπεὶ</strong></span> <span class='ocrx_word' id='word_1_573' title='bbox 2688 3502 2783 3557; x_wconf 73' lang='grc' dir='ltr'><strong>οὖν</strong></span> <span class='ocrx_word' id='word_1_574' title='bbox 2819 3504 2993 3557; x_wconf 81' lang='grc' dir='ltr'><strong>ταῦτα</strong></span> <span class='ocrx_word' id='word_1_575' title='bbox 3020 3504 3365 3573; x_wconf 84' lang='grc' dir='ltr'><strong>προσεδόκων</strong></span> <span class='ocrx_word' id='word_1_576' title='bbox 3399 3506 3449 3558; x_wconf 78' lang='grc' dir='ltr'><strong>οἱ</strong></span> <span class='ocrx_word' id='word_1_577' title='bbox 3496 3507 3606 3559; x_wconf 86' lang='grc' dir='ltr'><strong>τῶν</strong></span> <span class='ocrx_word' id='word_1_578' title='bbox 3652 3510 4015 3581; x_wconf 79' lang='grc' dir='ltr'><strong>προφητικῶν</strong></span> 
     </span>
    </p>
   </div>
   <div class='ocr_carea' id='block_1_81' title="bbox 2425 3594 4016 3670">
    <p class='ocr_par' dir='ltr' id='par_1_81' title="bbox 2425 3594 4016 3670">
     <span class='ocr_line' id='line_1_81' title="bbox 2425 3594 4016 3670; baseline 0.002 -22"><span class='ocrx_word' id='word_1_579' title='bbox 2425 3594 2824 3664; x_wconf 74' lang='grc' dir='ltr'><strong>ἐπιγνώμονες,</strong></span> <span class='ocrx_word' id='word_1_580' title='bbox 2874 3596 2983 3657; x_wconf 86' lang='grc' dir='ltr'>τοῖς</span> <span class='ocrx_word' id='word_1_581' title='bbox 3034 3596 3261 3665; x_wconf 74' lang='grc' dir='ltr'><strong>ἥκουσιν</strong></span> <span class='ocrx_word' id='word_1_582' title='bbox 3301 3596 3406 3648; x_wconf 86' lang='grc' dir='ltr'><strong>ὑπὸ</strong></span> <span class='ocrx_word' id='word_1_583' title='bbox 3436 3596 3544 3649; x_wconf 85' lang='grc' dir='ltr'><strong>τὼν</strong></span> <span class='ocrx_word' id='word_1_584' title='bbox 3578 3598 3881 3670; x_wconf 83' lang='grc' dir='ltr'><strong>ἀρχιερέων</strong></span> <span class='ocrx_word' id='word_1_585' title='bbox 3916 3603 4016 3653; x_wconf 76' lang='grc' dir='ltr'><strong>καὶ</strong></span> 
     </span>
    </p>
   </div>
   <div class='ocr_carea' id='block_1_82' title="bbox 2424 3686 4017 3762">
    <p class='ocr_par' dir='ltr' id='par_1_82' title="bbox 2424 3686 4017 3762">
     <span class='ocr_line' id='line_1_82' title="bbox 2424 3686 4017 3762; baseline 0.003 -22"><span class='ocrx_word' id='word_1_586' title='bbox 2424 3687 2777 3750; x_wconf 78' lang='grc' dir='ltr'><strong>διδασκάλων,</strong></span> <span class='ocrx_word' id='word_1_587' title='bbox 2810 3686 3082 3756; x_wconf 80' lang='grc' dir='ltr'><strong>ἐρωτῶσιν</strong></span> <span class='ocrx_word' id='word_1_588' title='bbox 3096 3704 3155 3739; x_wconf 86' lang='grc' dir='ltr'><strong>τε</strong></span> <span class='ocrx_word' id='word_1_589' title='bbox 3176 3687 3557 3758; x_wconf 79' lang='grc' dir='ltr'><strong>τὸνἹώαννην,</strong></span> <span class='ocrx_word' id='word_1_590' title='bbox 3581 3690 3895 3761; x_wconf 81' lang='grc' dir='ltr'><strong>εἰΧριστδς,</strong></span> <span class='ocrx_word' id='word_1_591' title='bbox 3924 3694 3958 3762; x_wconf 79' lang='grc' dir='ltr'>ἦ</span> <span class='ocrx_word' id='word_1_592' title='bbox 3986 3694 4017 3745; x_wconf 85' lang='grc' dir='ltr'>ὁ</span> 
     </span>
    </p>
   </div>
   <div class='ocr_carea' id='block_1_83' title="bbox 2431 3777 4015 3851">
    <p class='ocr_par' dir='ltr' id='par_1_83' title="bbox 2431 3777 4015 3851">
     <span class='ocr_line' id='line_1_83' title="bbox 2431 3777 4015 3851; baseline 0.001 -18"><span class='ocrx_word' id='word_1_593' title='bbox 2431 3779 2637 3839; x_wconf 77' lang='grc' dir='ltr'><strong>Ἠλίας,</strong></span> <span class='ocrx_word' id='word_1_594' title='bbox 2659 3777 2692 3845; x_wconf 83' lang='grc' dir='ltr'><strong>ἢ</strong></span> <span class='ocrx_word' id='word_1_595' title='bbox 2711 3778 2738 3830; x_wconf 92' lang='grc' dir='ltr'><strong>ό</strong></span> <span class='ocrx_word' id='word_1_596' title='bbox 2755 3778 3038 3847; x_wconf 76' lang='grc' dir='ltr'><strong>προφήτης</strong></span> <span class='ocrx_word' id='word_1_597' title='bbox 3054 3777 3220 3841; x_wconf 74' lang='grc' dir='ltr'><strong>ἐστὶν,</strong></span> <span class='ocrx_word' id='word_1_598' title='bbox 3240 3779 3549 3847; x_wconf 79' lang='grc' dir='ltr'><strong>ἁποφάσκει</strong></span> <span class='ocrx_word' id='word_1_599' title='bbox 3565 3781 3663 3851; x_wconf 83' lang='grc' dir='ltr'><strong>μὲν</strong></span> <span class='ocrx_word' id='word_1_600' title='bbox 3681 3781 3941 3845; x_wconf 75' lang='grc' dir='ltr'><strong>ταῦτα,τδ</strong></span> <span class='ocrx_word' id='word_1_601' title='bbox 3956 3783 4015 3835; x_wconf 76' lang='grc' dir='ltr'><strong>δὲ</strong></span> 
     </span>
    </p>
   </div>
   <div class='ocr_carea' id='block_1_84' title="bbox 2432 3864 4016 3942">
    <p class='ocr_par' dir='ltr' id='par_1_84' title="bbox 2432 3864 4016 3942">
     <span class='ocr_line' id='line_1_84' title="bbox 2432 3864 4016 3942; baseline 0.004 -23"><span class='ocrx_word' id='word_1_602' title='bbox 2432 3866 2886 3937; x_wconf 67' lang='grc' dir='ltr'><strong>φωνὴβοώντος</strong></span> <span class='ocrx_word' id='word_1_603' title='bbox 2915 3864 3067 3921; x_wconf 78' lang='grc' dir='ltr'><em>εἶναι</em></span> <span class='ocrx_word' id='word_1_604' title='bbox 3095 3868 3507 3939; x_wconf 80' lang='grc' dir='ltr'><strong>διῖσχυρίζεται.</strong></span> <span class='ocrx_word' id='word_1_605' title='bbox 3549 3873 3562 3889; x_wconf 91' lang='lat'><strong>&#39;</strong></span> <span class='ocrx_word' id='word_1_606' title='bbox 3590 3873 3662 3935; x_wconf 83' lang='grc' dir='ltr'>Ως</span> <span class='ocrx_word' id='word_1_607' title='bbox 3693 3872 3800 3942; x_wconf 81' lang='grc' dir='ltr'><strong>γὰρ</strong></span> <span class='ocrx_word' id='word_1_608' title='bbox 3840 3873 4016 3926; x_wconf 72' lang='grc' dir='ltr'><strong>εἰδόσι</strong></span> 
     </span>
    </p>
   </div>
   <div class='ocr_carea' id='block_1_85' title="bbox 2428 3959 4018 4033">
    <p class='ocr_par' dir='ltr' id='par_1_85' title="bbox 2428 3959 4018 4033">
     <span class='ocr_line' id='line_1_85' title="bbox 2428 3959 4018 4033; baseline 0.004 -22"><span class='ocrx_word' id='word_1_609' title='bbox 2428 3961 2528 4027; x_wconf 70' lang='grc' dir='ltr'><strong>τὴν</strong></span> <span class='ocrx_word' id='word_1_610' title='bbox 2575 3960 2912 4029; x_wconf 83' lang='grc' dir='ltr'><strong>προφητείαν</strong></span> <span class='ocrx_word' id='word_1_611' title='bbox 2978 3959 3221 4029; x_wconf 76' lang='grc' dir='ltr'><strong>ἠρκέσθη</strong></span> <span class='ocrx_word' id='word_1_612' title='bbox 3286 3961 3539 4015; x_wconf 79' lang='grc' dir='ltr'><strong>τοσοῦτον</strong></span> <span class='ocrx_word' id='word_1_613' title='bbox 3572 3962 3758 4029; x_wconf 76' lang='grc' dir='ltr'><strong>εἰπὼν,</strong></span> <span class='ocrx_word' id='word_1_614' title='bbox 3785 3964 4018 4033; x_wconf 75' lang='grc' dir='ltr'><strong>ἔρημόν</strong></span> 
     </span>
    </p>
   </div>
   <div class='ocr_carea' id='block_1_86' title="bbox 2428 4046 4017 4125">
    <p class='ocr_par' dir='ltr' id='par_1_86' title="bbox 2428 4046 4017 4125">
     <span class='ocr_line' id='line_1_86' title="bbox 2428 4046 4017 4125; baseline 0.004 -22"><span class='ocrx_word' id='word_1_615' title='bbox 2428 4068 2486 4103; x_wconf 84' lang='grc' dir='ltr'><strong>τε</strong></span> <span class='ocrx_word' id='word_1_616' title='bbox 2516 4051 2729 4115; x_wconf 64' lang='grc' dir='ltr'><strong>δεικνὺς</strong></span> <span class='ocrx_word' id='word_1_617' title='bbox 2778 4050 2875 4121; x_wconf 81' lang='grc' dir='ltr'><strong>τὴν</strong></span> <span class='ocrx_word' id='word_1_618' title='bbox 2900 4046 3014 4123; x_wconf 81' lang='grc' dir='ltr'>ὲνῇ</span> <span class='ocrx_word' id='word_1_619' title='bbox 3065 4052 3242 4118; x_wconf 75' lang='grc' dir='ltr'><strong>διῆγε,</strong></span> <span class='ocrx_word' id='word_1_620' title='bbox 3277 4053 3373 4105; x_wconf 81' lang='grc' dir='ltr'><strong>καὶ</strong></span> <span class='ocrx_word' id='word_1_621' title='bbox 3414 4052 3475 4105; x_wconf 76' lang='grc' dir='ltr'><strong>τὸ</strong></span> <span class='ocrx_word' id='word_1_622' title='bbox 3511 4055 3601 4106; x_wconf 74' lang='grc' dir='ltr'><strong>ἐπὶ</strong></span> <span class='ocrx_word' id='word_1_623' title='bbox 3634 4054 3826 4125; x_wconf 79' lang='grc' dir='ltr'><strong>θύραις</strong></span> <span class='ocrx_word' id='word_1_624' title='bbox 3874 4053 4017 4110; x_wconf 78' lang='grc' dir='ltr'><strong>εἶναι</strong></span> 
     </span>
    </p>
   </div>
   <div class='ocr_carea' id='block_1_87' title="bbox 2424 4139 4017 4215">
    <p class='ocr_par' dir='ltr' id='par_1_87' title="bbox 2424 4139 4017 4215">
     <span class='ocr_line' id='line_1_87' title="bbox 2424 4139 4017 4215; baseline 0.004 -21"><span class='ocrx_word' id='word_1_625' title='bbox 2424 4142 2491 4194; x_wconf 76' lang='grc' dir='ltr'><strong>τὸ</strong></span> <span class='ocrx_word' id='word_1_626' title='bbox 2507 4139 2803 4208; x_wconf 74' lang='grc' dir='ltr'><strong>σωτήριον</strong></span> <span class='ocrx_word' id='word_1_627' title='bbox 2818 4140 2925 4195; x_wconf 82' lang='grc' dir='ltr'><strong>τοῦ</strong></span> <span class='ocrx_word' id='word_1_628' title='bbox 2949 4141 3095 4194; x_wconf 78' lang='grc' dir='ltr'><em>Θεοῦ</em></span> <span class='ocrx_word' id='word_1_629' title='bbox 3108 4142 3166 4194; x_wconf 83' lang='grc' dir='ltr'><strong>τὸ</strong></span> <span class='ocrx_word' id='word_1_630' title='bbox 3189 4142 3335 4213; x_wconf 79' lang='grc' dir='ltr'><strong>πάσῃ</strong></span> <span class='ocrx_word' id='word_1_631' title='bbox 3360 4144 3523 4212; x_wconf 74' lang='grc' dir='ltr'><strong>σαρκὶ</strong></span> <span class='ocrx_word' id='word_1_632' title='bbox 3542 4144 4017 4215; x_wconf 82' lang='grc' dir='ltr'><strong>γνωσθησόμενον.</strong></span> 
     </span>
    </p>
   </div>
   <div class='ocr_carea' id='block_1_88' title="bbox 2435 4231 4021 4307">
    <p class='ocr_par' dir='ltr' id='par_1_88' title="bbox 2435 4231 4021 4307">
     <span class='ocr_line' id='line_1_88' title="bbox 2435 4231 4021 4307; baseline 0.004 -25"><span class='ocrx_word' id='word_1_633' title='bbox 2435 4231 2733 4301; x_wconf 82' lang='grc' dir='ltr'><strong>Ἐκήρυσσε</strong></span> <span class='ocrx_word' id='word_1_634' title='bbox 2757 4231 2863 4300; x_wconf 83' lang='grc' dir='ltr'><strong>γὰρ</strong></span> <span class='ocrx_word' id='word_1_635' title='bbox 2893 4234 2950 4284; x_wconf 84' lang='grc' dir='ltr'><strong>ὲν</strong></span> <span class='ocrx_word' id='word_1_636' title='bbox 2979 4231 3052 4299; x_wconf 80' lang='grc' dir='ltr'><strong>τῇ</strong></span> <span class='ocrx_word' id='word_1_637' title='bbox 3076 4233 3271 4301; x_wconf 78' lang='grc' dir='ltr'><strong>ἐρήμῳ</strong></span> <span class='ocrx_word' id='word_1_638' title='bbox 3307 4233 3402 4287; x_wconf 82' lang='grc' dir='ltr'><strong>τοῦ</strong></span> <span class='ocrx_word' id='word_1_639' title='bbox 3436 4234 3720 4304; x_wconf 80' lang='grc' dir='ltr'><strong>Ἰορδάνου,</strong></span> <span class='ocrx_word' id='word_1_640' title='bbox 3742 4237 3869 4306; x_wconf 77' lang='grc' dir='ltr'><strong>περὶ</strong></span> <span class='ocrx_word' id='word_1_641' title='bbox 3894 4232 3964 4307; x_wconf 81' lang='grc' dir='ltr'><strong>ἦς</strong></span> <span class='ocrx_word' id='word_1_642' title='bbox 3981 4240 4021 4307; x_wconf 74' lang='grc' dir='ltr'><strong>ἡ</strong></span> 
     </span>
    </p>
   </div>
   <div class='ocr_carea' id='block_1_89' title="bbox 2417 4323 4019 4397">
    <p class='ocr_par' dir='ltr' id='par_1_89' title="bbox 2417 4323 4019 4397">
     <span class='ocr_line' id='line_1_89' title="bbox 2417 4323 4019 4397; baseline 0.003 -22"><span class='ocrx_word' id='word_1_643' title='bbox 2417 4323 2719 4393; x_wconf 77' lang='grc' dir='ltr'><strong>προφητεία</strong></span> <span class='ocrx_word' id='word_1_644' title='bbox 2786 4324 2969 4392; x_wconf 71' lang='grc' dir='ltr'><strong>φησὶν,</strong></span> <span class='ocrx_word' id='word_1_645' title='bbox 3017 4325 3131 4376; x_wconf 79' lang='grc' dir='ltr'><strong>ἀλλ’</strong></span> <span class='ocrx_word' id='word_1_646' title='bbox 3185 4328 3284 4378; x_wconf 85' lang='grc' dir='ltr'><strong>οὐκ</strong></span> <span class='ocrx_word' id='word_1_647' title='bbox 3378 4327 3434 4378; x_wconf 83' lang='grc' dir='ltr'><strong>ὲν</strong></span> <span class='ocrx_word' id='word_1_648' title='bbox 3472 4326 3854 4397; x_wconf 83' lang='grc' dir='ltr'><strong>Ἰερουσαλήμ.</strong></span> <span class='ocrx_word' id='word_1_649' title='bbox 3923 4330 4019 4382; x_wconf 82' lang='grc' dir='ltr'><strong>Ἐν</strong></span> 
     </span>
    </p>
   </div>
   <div class='ocr_carea' id='block_1_90' title="bbox 2416 4407 4021 4485">
    <p class='ocr_par' dir='ltr' id='par_1_90' title="bbox 2416 4407 4021 4485">
     <span class='ocr_line' id='line_1_90' title="bbox 2416 4407 4021 4485; baseline 0.003 -21"><span class='ocrx_word' id='word_1_650' title='bbox 2416 4407 2559 4484; x_wconf 71' lang='grc' dir='ltr'><strong>ᾗπερ</strong></span> <span class='ocrx_word' id='word_1_651' title='bbox 2573 4412 2766 4480; x_wconf 81' lang='grc' dir='ltr'><strong>ἐρήμῳ</strong></span> <span class='ocrx_word' id='word_1_652' title='bbox 2782 4412 2849 4465; x_wconf 82' lang='grc' dir='ltr'><strong>τὸ</strong></span> <span class='ocrx_word' id='word_1_653' title='bbox 2877 4412 3167 4479; x_wconf 73' lang='grc' dir='ltr'><strong>σωτήριον</strong></span> <span class='ocrx_word' id='word_1_654' title='bbox 3179 4412 3329 4482; x_wconf 78' lang='grc' dir='ltr'><strong>ὤφθη</strong></span> <span class='ocrx_word' id='word_1_655' title='bbox 3352 4414 3602 4485; x_wconf 78' lang='grc' dir='ltr'><strong>Χριστὸς,</strong></span> <span class='ocrx_word' id='word_1_656' title='bbox 3616 4416 3708 4484; x_wconf 79' lang='grc' dir='ltr'><strong>ἦτε</strong></span> <span class='ocrx_word' id='word_1_657' title='bbox 3734 4415 3883 4479; x_wconf 76' lang='grc' dir='ltr'><em>δόξα</em></span> <span class='ocrx_word' id='word_1_658' title='bbox 3914 4419 4021 4470; x_wconf 82' lang='grc' dir='ltr'><strong>αὐ-</strong></span> 
     </span>
    </p>
   </div>
   <div class='ocr_carea' id='block_1_91' title="bbox 2417 4501 4016 4577">
    <p class='ocr_par' dir='ltr' id='par_1_91' title="bbox 2417 4501 4016 4577">
     <span class='ocr_line' id='line_1_91' title="bbox 2417 4501 4016 4577; baseline 0.004 -22"><span class='ocrx_word' id='word_1_659' title='bbox 2417 4502 2510 4555; x_wconf 82' lang='grc' dir='ltr'><strong>τοῦ</strong></span> <span class='ocrx_word' id='word_1_660' title='bbox 2542 4501 3037 4571; x_wconf 69' lang='grc' dir='ltr'><strong>πᾶσινέγνώσθη.</strong></span> <span class='ocrx_word' id='word_1_661' title='bbox 3072 4504 3180 4556; x_wconf 82' lang='grc' dir='ltr'><strong>τῶν</strong></span> <span class='ocrx_word' id='word_1_662' title='bbox 3210 4508 3306 4573; x_wconf 79' lang='grc' dir='ltr'><strong>μὲν</strong></span> <span class='ocrx_word' id='word_1_663' title='bbox 3351 4506 3595 4574; x_wconf 82' lang='grc' dir='ltr'><strong>οὐρανῶν</strong></span> <span class='ocrx_word' id='word_1_664' title='bbox 3620 4507 4016 4577; x_wconf 82' lang='grc' dir='ltr'><strong>ἀνοιγομένων,</strong></span> 
     </span>
    </p>
   </div>
   <div class='ocr_carea' id='block_1_92' title="bbox 744 4592 2436 4669">
    <p class='ocr_par' dir='ltr' id='par_1_92' title="bbox 744 4592 2436 4669">
     <span class='ocr_line' id='line_1_92' title="bbox 744 4592 2436 4669; baseline -0.001 -16"><span class='ocrx_word' id='word_1_665' title='bbox 744 4615 867 4653; x_wconf 90' lang='lat' dir='ltr'><strong>cum</strong></span> <span class='ocrx_word' id='word_1_666' title='bbox 903 4609 958 4653; x_wconf 91' lang='lat' dir='ltr'><strong>et</strong></span> <span class='ocrx_word' id='word_1_667' title='bbox 1010 4600 1075 4652; x_wconf 89' lang='lat' dir='ltr'><strong>ad</strong></span> <span class='ocrx_word' id='word_1_668' title='bbox 1128 4600 1247 4667; x_wconf 82' lang='lat' dir='ltr'><strong>ejus</strong></span> <span class='ocrx_word' id='word_1_669' title='bbox 1280 4601 1606 4667; x_wconf 88' lang='lat' dir='ltr'><strong>baptismum</strong></span> <span class='ocrx_word' id='word_1_670' title='bbox 1638 4602 1792 4654; x_wconf 61' lang='lat' dir='ltr'><strong>caelis</strong></span> <span class='ocrx_word' id='word_1_671' title='bbox 1823 4601 2030 4669; x_wconf 85' lang='lat' dir='ltr'><strong>apertis</strong></span> <span class='ocrx_word' id='word_1_672' title='bbox 2063 4602 2116 4655; x_wconf 90' lang='lat' dir='ltr'><strong>in</strong></span> <span class='ocrx_word' id='word_1_673' title='bbox 2162 4617 2319 4655; x_wconf 87' lang='lat' dir='ltr'><strong>eum-</strong></span> <span class='ocrx_word' id='word_1_674' title='bbox 2355 4592 2396 4646; x_wconf 86' lang='grc' dir='ltr'>υ</span> <span class='ocrx_word' id='word_1_675' title='bbox 2428 4596 2436 4662; x_wconf 91' lang='grc'><strong>1</strong></span> 
     </span>
    </p>
   </div>
   <div class='ocr_carea' id='block_1_93' title="bbox 2324 4592 4016 4669">
    <p class='ocr_par' dir='ltr' id='par_1_93' title="bbox 2355 4592 4016 4663">
     <span class='ocr_line' id='line_1_93' title="bbox 2355 4592 4016 4663; baseline 0.002 -17"><span class='ocrx_word' id='word_1_676' title='bbox 2355 4592 2396 4646; x_wconf 87' lang='grc' dir='ltr'>υ</span> <span class='ocrx_word' id='word_1_677' title='bbox 2428 4593 2854 4662; x_wconf 75' lang='grc' dir='ltr'><strong>βαπτιζομένου,</strong></span> <span class='ocrx_word' id='word_1_678' title='bbox 2910 4592 3004 4645; x_wconf 79' lang='grc' dir='ltr'><strong>τοῦ</strong></span> <span class='ocrx_word' id='word_1_679' title='bbox 3058 4594 3113 4646; x_wconf 83' lang='grc' dir='ltr'><strong>δὲ</strong></span> <span class='ocrx_word' id='word_1_680' title='bbox 3192 4594 3337 4646; x_wconf 86' lang='grc' dir='ltr'><strong>θείου</strong></span> <span class='ocrx_word' id='word_1_681' title='bbox 3415 4594 3730 4663; x_wconf 83' lang='grc' dir='ltr'><strong>Πνεύματος</strong></span> <span class='ocrx_word' id='word_1_682' title='bbox 3768 4598 3827 4648; x_wconf 79' lang='grc' dir='ltr'><strong>ἐν</strong></span> <span class='ocrx_word' id='word_1_683' title='bbox 3880 4599 4016 4650; x_wconf 79' lang='grc' dir='ltr'><strong>εἴδει</strong></span> 
     </span>
    </p>
   </div>
   <div class='ocr_carea' id='block_1_94' title="bbox 744 4688 2309 4759">
    <p class='ocr_par' dir='ltr' id='par_1_94' title="bbox 744 4688 2309 4759">
     <span class='ocr_line' id='line_1_94' title="bbox 744 4688 2309 4759; baseline 0.003 -18"><span class='ocrx_word' id='word_1_684' title='bbox 744 4690 865 4741; x_wconf 89' lang='lat' dir='ltr'><strong>dem</strong></span> <span class='ocrx_word' id='word_1_685' title='bbox 900 4704 958 4743; x_wconf 87' lang='lat' dir='ltr'><strong>se</strong></span> <span class='ocrx_word' id='word_1_686' title='bbox 978 4688 1211 4756; x_wconf 86' lang='lat' dir='ltr'><strong>Spiritus</strong></span> <span class='ocrx_word' id='word_1_687' title='bbox 1237 4690 1504 4743; x_wconf 82' lang='lat' dir='ltr'><strong>columba:</strong></span> <span class='ocrx_word' id='word_1_688' title='bbox 1535 4691 1717 4759; x_wconf 90' lang='lat' dir='ltr'><strong>specie</strong></span> <span class='ocrx_word' id='word_1_689' title='bbox 1744 4690 1983 4753; x_wconf 87' lang='lat' dir='ltr'><strong>demisit,</strong></span> <span class='ocrx_word' id='word_1_690' title='bbox 2015 4703 2067 4745; x_wconf 90' lang='lat' dir='ltr'><strong>et</strong></span> <span class='ocrx_word' id='word_1_691' title='bbox 2092 4706 2121 4744; x_wconf 89' lang='lat' dir='ltr'><strong>a</strong></span> <span class='ocrx_word' id='word_1_692' title='bbox 2150 4691 2309 4746; x_wconf 84' lang='lat' dir='ltr'><strong>Patre</strong></span> 
     </span>
    </p>
   </div>
   <div class='ocr_carea' id='block_1_95' title="bbox 743 4777 2311 4849">
    <p class='ocr_par' dir='ltr' id='par_1_95' title="bbox 743 4777 2311 4849">
     <span class='ocr_line' id='line_1_95' title="bbox 743 4777 2311 4849; baseline 0.004 -18"><span class='ocrx_word' id='word_1_693' title='bbox 743 4777 977 4835; x_wconf 84' lang='lat' dir='ltr'><strong>dilectus</strong></span> <span class='ocrx_word' id='word_1_694' title='bbox 1017 4780 1277 4849; x_wconf 88' lang='lat' dir='ltr'><strong>appellari</strong></span> <span class='ocrx_word' id='word_1_695' title='bbox 1313 4779 1484 4835; x_wconf 83' lang='lat' dir='ltr'><strong>Filius</strong></span> <span class='ocrx_word' id='word_1_696' title='bbox 1526 4782 1745 4837; x_wconf 87' lang='lat' dir='ltr'><strong>auditus</strong></span> <span class='ocrx_word' id='word_1_697' title='bbox 1778 4790 1863 4837; x_wconf 85' lang='lat' dir='ltr'><strong>est</strong></span> <span class='ocrx_word' id='word_1_698' title='bbox 1893 4783 1958 4835; x_wconf 82' lang='grc'><strong>³⁸.</strong></span> <span class='ocrx_word' id='word_1_699' title='bbox 1994 4782 2119 4837; x_wconf 72' lang='lat' dir='ltr'><strong>Haec</strong></span> <span class='ocrx_word' id='word_1_700' title='bbox 2164 4785 2311 4837; x_wconf 89' lang='lat' dir='ltr'><strong>enim</strong></span> 
     </span>
    </p>
   </div>
   <div class='ocr_carea' id='block_1_96' title="bbox 744 4870 2318 4940">
    <p class='ocr_par' dir='ltr' id='par_1_96' title="bbox 744 4870 2318 4940">
     <span class='ocr_line' id='line_1_96' title="bbox 744 4870 2318 4940; baseline 0.002 -14"><span class='ocrx_word' id='word_1_701' title='bbox 744 4870 898 4938; x_wconf 84' lang='lat' dir='ltr'><strong>signa</strong></span> <span class='ocrx_word' id='word_1_702' title='bbox 943 4870 1129 4940; x_wconf 70' lang='lat' dir='ltr'><strong>gloriae</strong></span> <span class='ocrx_word' id='word_1_703' title='bbox 1178 4872 1435 4925; x_wconf 79' lang='lat' dir='ltr'><strong>salutaris</strong></span> <span class='ocrx_word' id='word_1_704' title='bbox 1484 4872 1538 4926; x_wconf 90' lang='lat' dir='ltr'><strong>in</strong></span> <span class='ocrx_word' id='word_1_705' title='bbox 1571 4870 1829 4928; x_wconf 83' lang='lat' dir='ltr'><strong>Jordanis</strong></span> <span class='ocrx_word' id='word_1_706' title='bbox 1858 4874 2146 4926; x_wconf 79' lang='lat' dir='ltr'><strong>solitudine</strong></span> <span class='ocrx_word' id='word_1_707' title='bbox 2192 4872 2318 4929; x_wconf 82' lang='lat' dir='ltr'><strong>data</strong></span> 
     </span>
    </p>
   </div>
   <div class='ocr_carea' id='block_1_97' title="bbox 744 4962 2320 5034">
    <p class='ocr_par' dir='ltr' id='par_1_97' title="bbox 744 4962 2320 5034">
     <span class='ocr_line' id='line_1_97' title="bbox 744 4962 2320 5034; baseline 0.003 -21"><span class='ocrx_word' id='word_1_708' title='bbox 744 4974 871 5014; x_wconf 89' lang='lat' dir='ltr'><strong>esse</strong></span> <span class='ocrx_word' id='word_1_709' title='bbox 899 4970 1135 5016; x_wconf 76' lang='lat' dir='ltr'><strong>constat.</strong></span> <span class='ocrx_word' id='word_1_710' title='bbox 1170 4962 1347 5032; x_wconf 81' lang='lat' dir='ltr'><strong>Atque</strong></span> <span class='ocrx_word' id='word_1_711' title='bbox 1383 4963 1509 5018; x_wconf 90' lang='lat' dir='ltr'><strong>inde</strong></span> <span class='ocrx_word' id='word_1_712' title='bbox 1539 4972 1644 5028; x_wconf 86' lang='lat' dir='ltr'><strong>est,</strong></span> <span class='ocrx_word' id='word_1_713' title='bbox 1690 4966 1835 5034; x_wconf 86' lang='lat' dir='ltr'><strong>quod</strong></span> <span class='ocrx_word' id='word_1_714' title='bbox 1883 4965 2129 5018; x_wconf 86' lang='lat' dir='ltr'><strong>eamdem</strong></span> <span class='ocrx_word' id='word_1_715' title='bbox 2160 4974 2320 5018; x_wconf 90' lang='lat' dir='ltr'><strong>antea</strong></span> 
     </span>
    </p>
   </div>
   <div class='ocr_carea' id='block_1_98' title="bbox 747 5051 2309 5119">
    <p class='ocr_par' dir='ltr' id='par_1_98' title="bbox 747 5051 2309 5119">
     <span class='ocr_line' id='line_1_98' title="bbox 747 5051 2309 5119; baseline 0.003 -15"><span class='ocrx_word' id='word_1_716' title='bbox 747 5051 801 5104; x_wconf 91' lang='lat' dir='ltr'><strong>iu</strong></span> <span class='ocrx_word' id='word_1_717' title='bbox 842 5051 987 5106; x_wconf 90' lang='lat' dir='ltr'><strong>hunc</strong></span> <span class='ocrx_word' id='word_1_718' title='bbox 1035 5054 1251 5108; x_wconf 90' lang='lat' dir='ltr'><strong>modum</strong></span> <span class='ocrx_word' id='word_1_719' title='bbox 1282 5055 1551 5109; x_wconf 86' lang='lat' dir='ltr'><strong>allocutus</strong></span> <span class='ocrx_word' id='word_1_720' title='bbox 1586 5065 1668 5110; x_wconf 87' lang='lat' dir='ltr'><strong>est</strong></span> <span class='ocrx_word' id='word_1_721' title='bbox 1702 5072 1715 5109; x_wconf 92' lang='lat'><strong>:</strong></span> <span class='ocrx_word' id='word_1_722' title='bbox 1760 5073 1777 5106; x_wconf 81' lang='grc' dir='ltr'><strong>ι</strong></span> <span class='ocrx_word' id='word_1_723' title='bbox 1822 5054 2048 5119; x_wconf 66' lang='lat' dir='ltr'><strong>Laetare,</strong></span> <span class='ocrx_word' id='word_1_724' title='bbox 2095 5054 2309 5109; x_wconf 89' lang='lat' dir='ltr'><strong>deserta</strong></span> 
     </span>
    </p>
   </div>
   <div class='ocr_carea' id='block_1_99' title="bbox 748 5144 2309 5216">
    <p class='ocr_par' dir='ltr' id='par_1_99' title="bbox 748 5144 2309 5216">
     <span class='ocr_line' id='line_1_99' title="bbox 748 5144 2309 5216; baseline 0.003 -20"><span class='ocrx_word' id='word_1_725' title='bbox 748 5144 976 5207; x_wconf 82' lang='lat' dir='ltr'><strong>sitiens;</strong></span> <span class='ocrx_word' id='word_1_726' title='bbox 1010 5147 1244 5201; x_wconf 75' lang='lat' dir='ltr'><strong>exsultet</strong></span> <span class='ocrx_word' id='word_1_727' title='bbox 1290 5149 1563 5212; x_wconf 88' lang='lat' dir='ltr'><strong>solitudo,</strong></span> <span class='ocrx_word' id='word_1_728' title='bbox 1596 5156 1649 5201; x_wconf 92' lang='lat' dir='ltr'><strong>et</strong></span> <span class='ocrx_word' id='word_1_729' title='bbox 1680 5147 1865 5201; x_wconf 80' lang='lat' dir='ltr'><strong>ﬂoreat</strong></span> <span class='ocrx_word' id='word_1_730' title='bbox 1912 5148 2069 5216; x_wconf 87' lang='lat' dir='ltr'><strong>quasi</strong></span> <span class='ocrx_word' id='word_1_731' title='bbox 2115 5148 2309 5200; x_wconf 89' lang='lat' dir='ltr'><strong>lilium.</strong></span> 
     </span>
    </p>
   </div>
   <div class='ocr_carea' id='block_1_100' title="bbox 749 5228 2309 5296">
    <p class='ocr_par' dir='ltr' id='par_1_100' title="bbox 749 5228 2309 5296">
     <span class='ocr_line' id='line_1_100' title="bbox 749 5228 2309 5296; baseline 0.001 -13"><span class='ocrx_word' id='word_1_732' title='bbox 749 5228 1076 5296; x_wconf 74' lang='lat' dir='ltr'><strong>Florebunt,</strong></span> <span class='ocrx_word' id='word_1_733' title='bbox 1118 5241 1172 5286; x_wconf 89' lang='lat' dir='ltr'><strong>et</strong></span> <span class='ocrx_word' id='word_1_734' title='bbox 1217 5235 1571 5289; x_wconf 79' lang='lat' dir='ltr'><strong>exsultabuut</strong></span> <span class='ocrx_word' id='word_1_735' title='bbox 1622 5234 1843 5289; x_wconf 88' lang='lat' dir='ltr'><strong>deserta</strong></span> <span class='ocrx_word' id='word_1_736' title='bbox 1890 5233 2144 5290; x_wconf 78' lang='lat' dir='ltr'><strong>Jordanis</strong></span> <span class='ocrx_word' id='word_1_737' title='bbox 2179 5236 2244 5288; x_wconf 79' lang='grc'><strong>³⁸.</strong></span> <span class='ocrx_word' id='word_1_738' title='bbox 2292 5253 2309 5285; x_wconf 72' lang='grc' dir='ltr'><strong>ι</strong></span> 
     </span>
    </p>
   </div>
   <div class='ocr_carea' id='block_1_101' title="bbox 748 5320 2312 5392">
    <p class='ocr_par' dir='ltr' id='par_1_101' title="bbox 748 5320 2312 5392">
     <span class='ocr_line' id='line_1_101' title="bbox 748 5320 2312 5392; baseline 0.003 -21"><span class='ocrx_word' id='word_1_739' title='bbox 748 5320 823 5372; x_wconf 86' lang='lat' dir='ltr'><strong>Ita</strong></span> <span class='ocrx_word' id='word_1_740' title='bbox 854 5335 983 5374; x_wconf 76' lang='lat' dir='ltr'><strong>vero</strong></span> <span class='ocrx_word' id='word_1_741' title='bbox 1012 5321 1056 5373; x_wconf 88' lang='lat' dir='ltr'><strong>si</strong></span> <span class='ocrx_word' id='word_1_742' title='bbox 1091 5321 1155 5374; x_wconf 90' lang='lat' dir='ltr'><strong>ad</strong></span> <span class='ocrx_word' id='word_1_743' title='bbox 1190 5323 1472 5377; x_wconf 86' lang='lat' dir='ltr'><strong>historiam</strong></span> <span class='ocrx_word' id='word_1_744' title='bbox 1509 5324 1781 5387; x_wconf 85' lang='lat' dir='ltr'><strong>intendas,</strong></span> <span class='ocrx_word' id='word_1_745' title='bbox 1813 5339 1923 5378; x_wconf 86' lang='lat' dir='ltr'><strong>rem</strong></span> <span class='ocrx_word' id='word_1_746' title='bbox 1948 5339 2073 5378; x_wconf 89' lang='lat' dir='ltr'><strong>esse</strong></span> <span class='ocrx_word' id='word_1_747' title='bbox 2104 5332 2312 5392; x_wconf 75' lang='lat' dir='ltr'><strong>gestam</strong></span> 
     </span>
    </p>
   </div>
   <div class='ocr_carea' id='block_1_102' title="bbox 750 5412 2309 5485">
    <p class='ocr_par' dir='ltr' id='par_1_102' title="bbox 750 5412 2309 5485">
     <span class='ocr_line' id='line_1_102' title="bbox 750 5412 2309 5485; baseline 0.003 -23"><span class='ocrx_word' id='word_1_748' title='bbox 750 5412 1013 5464; x_wconf 83' lang='lat' dir='ltr'><strong>invenias.</strong></span> <span class='ocrx_word' id='word_1_749' title='bbox 1041 5412 1194 5478; x_wconf 83' lang='lat' dir='ltr'><strong>Quod</strong></span> <span class='ocrx_word' id='word_1_750' title='bbox 1229 5414 1271 5467; x_wconf 85' lang='lat' dir='ltr'><strong>si</strong></span> <span class='ocrx_word' id='word_1_751' title='bbox 1302 5414 1562 5485; x_wconf 59' lang='grc'><strong>³4438</strong></span> <span class='ocrx_word' id='word_1_752' title='bbox 1588 5431 1839 5468; x_wconf 84' lang='lat' dir='ltr'><strong>arcanam</strong></span> <span class='ocrx_word' id='word_1_753' title='bbox 1896 5416 2309 5483; x_wconf 88' lang='lat' dir='ltr'><strong>intelligentiam</strong></span> 
     </span>
    </p>
   </div>
   <div class='ocr_carea' id='block_1_103' title="bbox 751 5505 2308 5575">
    <p class='ocr_par' dir='ltr' id='par_1_103' title="bbox 751 5505 2308 5575">
     <span class='ocr_line' id='line_1_103' title="bbox 751 5505 2308 5575; baseline 0.003 -21"><span class='ocrx_word' id='word_1_754' title='bbox 751 5517 988 5566; x_wconf 68' lang='lat' dir='ltr'><strong>revoces,</strong></span> <span class='ocrx_word' id='word_1_755' title='bbox 1046 5505 1113 5559; x_wconf 88' lang='lat' dir='ltr'><strong>de</strong></span> <span class='ocrx_word' id='word_1_756' title='bbox 1170 5505 1405 5559; x_wconf 81' lang='lat' dir='ltr'><strong>Ecclesia</strong></span> <span class='ocrx_word' id='word_1_757' title='bbox 1462 5514 1605 5560; x_wconf 83' lang='lat' dir='ltr'><strong>recte</strong></span> <span class='ocrx_word' id='word_1_758' title='bbox 1661 5506 1950 5575; x_wconf 86' lang='lat' dir='ltr'><strong>intelligas,</strong></span> <span class='ocrx_word' id='word_1_759' title='bbox 2004 5523 2124 5575; x_wconf 71' lang='lat' dir='ltr'><strong>qua:</strong></span> <span class='ocrx_word' id='word_1_760' title='bbox 2202 5507 2308 5559; x_wconf 73' lang='lat' dir='ltr'><strong>&quot;eo</strong></span> 
     </span>
    </p>
   </div>
   <div class='ocr_carea' id='block_1_104' title="bbox 845 5721 2157 5794">
    <p class='ocr_par' dir='ltr' id='par_1_104' title="bbox 845 5721 2157 5794">
     <span class='ocr_line' id='line_1_104' title="bbox 845 5721 2157 5794; baseline 0.009 -20"><span class='ocrx_word' id='word_1_761' title='bbox 845 5722 884 5753; x_wconf 75' lang='lat'><em>“</em></span> <span class='ocrx_word' id='word_1_762' title='bbox 922 5721 1076 5777; x_wconf 78' lang='lat' dir='ltr'><strong>Joan.</strong></span> <span class='ocrx_word' id='word_1_763' title='bbox 1117 5740 1152 5787; x_wconf 87' lang='lat' dir='ltr'><strong>I,</strong></span> <span class='ocrx_word' id='word_1_764' title='bbox 1196 5725 1252 5779; x_wconf 74' lang='lat' dir='ltr'><strong>l9</strong></span> <span class='ocrx_word' id='word_1_765' title='bbox 1280 5728 1363 5780; x_wconf 54' lang='grc' dir='ltr'><strong>εὖ.</strong></span> <span class='ocrx_word' id='word_1_766' title='bbox 1444 5730 1481 5759; x_wconf 68' lang='grc'><strong>³³</strong></span> <span class='ocrx_word' id='word_1_767' title='bbox 1526 5729 1707 5783; x_wconf 63' lang='lat' dir='ltr'><strong>Matth.</strong></span> <span class='ocrx_word' id='word_1_768' title='bbox 1745 5746 1824 5794; x_wconf 81' lang='lat' dir='ltr'><strong>tu,</strong></span> <span class='ocrx_word' id='word_1_769' title='bbox 1865 5732 1923 5784; x_wconf 69' lang='lat' dir='ltr'><strong>l3</strong></span> <span class='ocrx_word' id='word_1_770' title='bbox 1968 5734 2045 5787; x_wconf 74' lang='lat' dir='ltr'><strong>I7.</strong></span> <span class='ocrx_word' id='word_1_771' title='bbox 2127 5734 2157 5757; x_wconf 85' lang='lat'><strong>&quot;‘</strong></span> 
     </span>
    </p>
   </div>
   <div class='ocr_carea' id='block_1_105' title="bbox 2416 4685 4018 4758">
    <p class='ocr_par' dir='ltr' id='par_1_105' title="bbox 2416 4685 4018 4758">
     <span class='ocr_line' id='line_1_105' title="bbox 2416 4685 4018 4758; baseline 0.001 -20"><span class='ocrx_word' id='word_1_772' title='bbox 2416 4686 2739 4756; x_wconf 70' lang='grc' dir='ltr'><strong>περιστερᾶς</strong></span> <span class='ocrx_word' id='word_1_773' title='bbox 2766 4687 2850 4737; x_wconf 81' lang='grc' dir='ltr'><strong>ἐπ’</strong></span> <span class='ocrx_word' id='word_1_774' title='bbox 2882 4685 3042 4738; x_wconf 68' lang='grc' dir='ltr'><strong>αὐτὸν</strong></span> <span class='ocrx_word' id='word_1_775' title='bbox 3070 4686 3522 4755; x_wconf 85' lang='grc' dir='ltr'><strong>καταντήσαντος,</strong></span> <span class='ocrx_word' id='word_1_776' title='bbox 3550 4685 3642 4739; x_wconf 80' lang='grc' dir='ltr'><strong>τοῦ</strong></span> <span class='ocrx_word' id='word_1_777' title='bbox 3673 4688 3727 4740; x_wconf 82' lang='grc' dir='ltr'><strong>δὲ</strong></span> <span class='ocrx_word' id='word_1_778' title='bbox 3767 4689 4018 4758; x_wconf 81' lang='grc' dir='ltr'><strong>Πατέρος</strong></span> 
     </span>
    </p>
   </div>
   <div class='ocr_carea' id='block_1_106' title="bbox 2419 4776 4018 4849">
    <p class='ocr_par' dir='ltr' id='par_1_106' title="bbox 2419 4776 4018 4849">
     <span class='ocr_line' id='line_1_106' title="bbox 2419 4776 4018 4849; baseline 0.002 -20"><span class='ocrx_word' id='word_1_779' title='bbox 2419 4778 2689 4847; x_wconf 82' lang='grc' dir='ltr'><strong>φήσαντος</strong></span> <span class='ocrx_word' id='word_1_780' title='bbox 2705 4776 2869 4828; x_wconf 77' lang='grc' dir='ltr'><strong>αὐτὸν</strong></span> <span class='ocrx_word' id='word_1_781' title='bbox 2906 4777 3029 4828; x_wconf 75' lang='grc' dir='ltr'>Υἱὺν</span> <span class='ocrx_word' id='word_1_782' title='bbox 3059 4777 3323 4847; x_wconf 74' lang='grc' dir='ltr'><strong>ὑπάρχειν</strong></span> <span class='ocrx_word' id='word_1_783' title='bbox 3355 4778 3657 4848; x_wconf 86' lang='grc' dir='ltr'><strong>ἀγαπητόν.</strong></span> <span class='ocrx_word' id='word_1_784' title='bbox 3690 4778 3875 4831; x_wconf 80' lang='grc' dir='ltr'><strong>Ταῦτα</strong></span> <span class='ocrx_word' id='word_1_785' title='bbox 3902 4782 4018 4849; x_wconf 76' lang='grc' dir='ltr'><strong>γάρ</strong></span> 
     </span>
    </p>
   </div>
   <div class='ocr_carea' id='block_1_107' title="bbox 2427 4866 4019 4939">
    <p class='ocr_par' dir='ltr' id='par_1_107' title="bbox 2427 4866 4019 4939">
     <span class='ocr_line' id='line_1_107' title="bbox 2427 4866 4019 4939; baseline 0.001 -18"><span class='ocrx_word' id='word_1_786' title='bbox 2427 4867 2534 4933; x_wconf 81' lang='grc' dir='ltr'><strong>τῆς</strong></span> <span class='ocrx_word' id='word_1_787' title='bbox 2564 4868 2860 4934; x_wconf 79' lang='grc' dir='ltr'><strong>σωτηρίου</strong></span> <span class='ocrx_word' id='word_1_788' title='bbox 2888 4866 3073 4933; x_wconf 76' lang='grc' dir='ltr'><strong>δόξης</strong></span> <span class='ocrx_word' id='word_1_789' title='bbox 3090 4870 3287 4934; x_wconf 84' lang='grc' dir='ltr'><strong>σημεῖα</strong></span> <span class='ocrx_word' id='word_1_790' title='bbox 3318 4868 3375 4920; x_wconf 84' lang='grc' dir='ltr'><strong>ὲν</strong></span> <span class='ocrx_word' id='word_1_791' title='bbox 3389 4868 3585 4939; x_wconf 76' lang='grc' dir='ltr'><strong>ἐρήμῳ</strong></span> <span class='ocrx_word' id='word_1_792' title='bbox 3610 4867 3703 4920; x_wconf 80' lang='grc' dir='ltr'><strong>τοῦ</strong></span> <span class='ocrx_word' id='word_1_793' title='bbox 3742 4869 4019 4938; x_wconf 80' lang='grc' dir='ltr'><strong>Ἰορδάνου</strong></span> 
     </span>
    </p>
   </div>
   <div class='ocr_carea' id='block_1_108' title="bbox 2430 4960 4014 5031">
    <p class='ocr_par' dir='ltr' id='par_1_108' title="bbox 2430 4960 4014 5031">
     <span class='ocr_line' id='line_1_108' title="bbox 2430 4960 4014 5031; baseline 0.001 -18"><span class='ocrx_word' id='word_1_794' title='bbox 2430 4962 2715 5029; x_wconf 84' lang='grc' dir='ltr'><strong>γενόμενα.</strong></span> <span class='ocrx_word' id='word_1_795' title='bbox 2746 4960 2836 5013; x_wconf 82' lang='grc' dir='ltr'><strong>Διδ</strong></span> <span class='ocrx_word' id='word_1_796' title='bbox 2891 4961 3100 5029; x_wconf 78' lang='grc' dir='ltr'><strong>φθάσας</strong></span> <span class='ocrx_word' id='word_1_797' title='bbox 3130 4961 3331 5029; x_wconf 82' lang='grc' dir='ltr'><strong>ταύτην</strong></span> <span class='ocrx_word' id='word_1_798' title='bbox 3384 4960 3768 5031; x_wconf 75' lang='grc' dir='ltr'><strong>εὐηγγελίζετο</strong></span> <span class='ocrx_word' id='word_1_799' title='bbox 3796 4961 3975 5028; x_wconf 83' lang='grc' dir='ltr'><strong>λέγων</strong></span> <span class='ocrx_word' id='word_1_800' title='bbox 3999 4978 4014 4991; x_wconf 66' lang='grc'>⁸</span> 
     </span>
    </p>
   </div>
   <div class='ocr_carea' id='block_1_109' title="bbox 2427 5049 4021 5121">
    <p class='ocr_par' dir='ltr' id='par_1_109' title="bbox 2427 5049 4021 5121">
     <span class='ocr_line' id='line_1_109' title="bbox 2427 5049 4021 5121; baseline 0.001 -19"><span class='ocrx_word' id='word_1_801' title='bbox 2427 5071 2444 5102; x_wconf 72' lang='grc' dir='ltr'>ε</span> <span class='ocrx_word' id='word_1_802' title='bbox 2483 5049 2847 5120; x_wconf 79' lang='grc' dir='ltr'><strong>Εὐφράνθητι,</strong></span> <span class='ocrx_word' id='word_1_803' title='bbox 2870 5050 3072 5119; x_wconf 79' lang='grc' dir='ltr'><strong>ἕρημος</strong></span> <span class='ocrx_word' id='word_1_804' title='bbox 3108 5050 3393 5120; x_wconf 64' lang='grc' dir='ltr'><strong>ήδιψῶσα,</strong></span> <span class='ocrx_word' id='word_1_805' title='bbox 3427 5050 3772 5118; x_wconf 79' lang='grc' dir='ltr'><strong>ἀγαλλιάσθω</strong></span> <span class='ocrx_word' id='word_1_806' title='bbox 3804 5051 4021 5121; x_wconf 75' lang='grc' dir='ltr'><strong>ἕρημος</strong></span> 
     </span>
    </p>
   </div>
   <div class='ocr_carea' id='block_1_110' title="bbox 2430 5140 4019 5210">
    <p class='ocr_par' dir='ltr' id='par_1_110' title="bbox 2430 5140 4019 5210">
     <span class='ocr_line' id='line_1_110' title="bbox 2430 5140 4019 5210; baseline 0 -14"><span class='ocrx_word' id='word_1_807' title='bbox 2430 5143 2525 5196; x_wconf 72' lang='grc' dir='ltr'><strong>καὶ</strong></span> <span class='ocrx_word' id='word_1_808' title='bbox 2552 5141 2782 5194; x_wconf 77' lang='grc' dir='ltr'><strong>ἁνθείτω</strong></span> <span class='ocrx_word' id='word_1_809' title='bbox 2817 5140 2891 5202; x_wconf 84' lang='grc' dir='ltr'>ὡς</span> <span class='ocrx_word' id='word_1_810' title='bbox 2951 5141 3155 5210; x_wconf 79' lang='grc' dir='ltr'><strong>κρίνον.</strong></span> <span class='ocrx_word' id='word_1_811' title='bbox 3188 5141 3295 5193; x_wconf 68' lang='grc' dir='ltr'><strong>Καὶ</strong></span> <span class='ocrx_word' id='word_1_812' title='bbox 3317 5141 3603 5210; x_wconf 80' lang='grc' dir='ltr'><strong>ὲξανθὴσει</strong></span> <span class='ocrx_word' id='word_1_813' title='bbox 3630 5141 3724 5193; x_wconf 75' lang='grc' dir='ltr'><strong>καὶ</strong></span> <span class='ocrx_word' id='word_1_814' title='bbox 3748 5141 4019 5207; x_wconf 73' lang='grc' dir='ltr'><strong>ἀγαλλιά-</strong></span> 
     </span>
    </p>
   </div>
   <div class='ocr_carea' id='block_1_111' title="bbox 2434 5230 3997 5301">
    <p class='ocr_par' dir='ltr' id='par_1_111' title="bbox 2434 5230 3997 5301">
     <span class='ocr_line' id='line_1_111' title="bbox 2434 5230 3997 5301; baseline -0.001 -16"><span class='ocrx_word' id='word_1_815' title='bbox 2434 5250 2592 5285; x_wconf 80' lang='grc' dir='ltr'><strong>σεται</strong></span> <span class='ocrx_word' id='word_1_816' title='bbox 2615 5234 2681 5283; x_wconf 75' lang='grc' dir='ltr'><strong>τὰ</strong></span> <span class='ocrx_word' id='word_1_817' title='bbox 2713 5233 2894 5301; x_wconf 75' lang='grc' dir='ltr'><strong>ἔρημα</strong></span> <span class='ocrx_word' id='word_1_818' title='bbox 2919 5230 3010 5283; x_wconf 76' lang='grc' dir='ltr'><strong>τοῦ</strong></span> <span class='ocrx_word' id='word_1_819' title='bbox 3055 5230 3343 5301; x_wconf 78' lang='grc' dir='ltr'><strong>Ἰορδάνου.</strong></span> <span class='ocrx_word' id='word_1_820' title='bbox 3378 5250 3395 5282; x_wconf 74' lang='grc' dir='ltr'><strong>ι</strong></span> <span class='ocrx_word' id='word_1_821' title='bbox 3441 5230 3777 5300; x_wconf 80' lang='grc' dir='ltr'><strong>Ἐπληροῦτο</strong></span> <span class='ocrx_word' id='word_1_822' title='bbox 3804 5231 3864 5283; x_wconf 84' lang='grc' dir='ltr'><strong>δὲ</strong></span> <span class='ocrx_word' id='word_1_823' title='bbox 3885 5233 3997 5285; x_wconf 83' lang='grc' dir='ltr'><strong>καθ</strong></span> 
     </span>
    </p>
   </div>
   <div class='ocr_carea' id='block_1_112' title="bbox 2426 5319 4016 5391">
    <p class='ocr_par' dir='ltr' id='par_1_112' title="bbox 2426 5319 4016 5391">
     <span class='ocr_line' id='line_1_112' title="bbox 2426 5319 4016 5391; baseline -0.001 -16"><span class='ocrx_word' id='word_1_824' title='bbox 2426 5323 2666 5391; x_wconf 70' lang='grc' dir='ltr'><strong>ἱστορίαν</strong></span> <span class='ocrx_word' id='word_1_825' title='bbox 2704 5323 2801 5391; x_wconf 76' lang='grc' dir='ltr'><strong>μὲν</strong></span> <span class='ocrx_word' id='word_1_826' title='bbox 2832 5321 3025 5383; x_wconf 70' lang='grc' dir='ltr'><strong>οὕτως·</strong></span> <span class='ocrx_word' id='word_1_827' title='bbox 3055 5321 3193 5374; x_wconf 78' lang='grc' dir='ltr'><strong>κατὰ</strong></span> <span class='ocrx_word' id='word_1_828' title='bbox 3223 5322 3280 5375; x_wconf 75' lang='grc' dir='ltr'><strong>δὲ.</strong></span> <span class='ocrx_word' id='word_1_829' title='bbox 3312 5321 3554 5375; x_wconf 79' lang='grc' dir='ltr'><strong>διάνοιαν</strong></span> <span class='ocrx_word' id='word_1_830' title='bbox 3579 5323 3671 5373; x_wconf 75' lang='grc' dir='ltr'><strong>ἐπὶ</strong></span> <span class='ocrx_word' id='word_1_831' title='bbox 3693 5321 3792 5389; x_wconf 83' lang='grc' dir='ltr'><strong>τῆς</strong></span> <span class='ocrx_word' id='word_1_832' title='bbox 3825 5319 3886 5384; x_wconf 74' lang='grc' dir='ltr'><strong>ἐξ</strong></span> <span class='ocrx_word' id='word_1_833' title='bbox 3918 5322 4016 5374; x_wconf 72' lang='grc' dir='ltr'><strong>ἑθ-</strong></span> 
     </span>
    </p>
   </div>
   <div class='ocr_carea' id='block_1_113' title="bbox 2421 5411 4016 5484">
    <p class='ocr_par' dir='ltr' id='par_1_113' title="bbox 2421 5411 4016 5484">
     <span class='ocr_line' id='line_1_113' title="bbox 2421 5411 4016 5484; baseline -0.004 -15"><span class='ocrx_word' id='word_1_834' title='bbox 2421 5418 2525 5470; x_wconf 83' lang='grc' dir='ltr'><strong>νῶν</strong></span> <span class='ocrx_word' id='word_1_835' title='bbox 2564 5415 2888 5484; x_wconf 77' lang='grc' dir='ltr'><strong>Ἐκκλησίας</strong></span> <span class='ocrx_word' id='word_1_836' title='bbox 2946 5413 3296 5481; x_wconf 78' lang='grc' dir='ltr'><strong>νοούμενα,ἦ</strong></span> <span class='ocrx_word' id='word_1_837' title='bbox 3354 5430 3435 5476; x_wconf 86' lang='grc' dir='ltr'><strong>τις</strong></span> <span class='ocrx_word' id='word_1_838' title='bbox 3493 5412 3756 5484; x_wconf 55' lang='grc' dir='ltr'><strong>πρότερον</strong></span> <span class='ocrx_word' id='word_1_839' title='bbox 3797 5411 4016 5481; x_wconf 78' lang='grc' dir='ltr'><strong>ἔρημος</strong></span> 
     </span>
    </p>
   </div>
   <div class='ocr_carea' id='block_1_114' title="bbox 2422 5499 4019 5575">
    <p class='ocr_par' dir='ltr' id='par_1_114' title="bbox 2422 5499 4019 5575">
     <span class='ocr_line' id='line_1_114' title="bbox 2422 5499 4019 5575; baseline -0.003 -17"><span class='ocrx_word' id='word_1_840' title='bbox 2422 5506 2627 5575; x_wconf 73' lang='grc' dir='ltr'><strong>ὑπῆρχε</strong></span> <span class='ocrx_word' id='word_1_841' title='bbox 2658 5504 2812 5567; x_wconf 59' lang='grc' dir='ltr'><strong>Θεοῦ,</strong></span> <span class='ocrx_word' id='word_1_842' title='bbox 2850 5507 2901 5556; x_wconf 69' lang='grc' dir='ltr'><strong>ἓν</strong></span> <span class='ocrx_word' id='word_1_843' title='bbox 3022 5503 3180 5573; x_wconf 69' lang='grc' dir='ltr'><strong>μέχρι</strong></span> <span class='ocrx_word' id='word_1_844' title='bbox 3229 5505 3318 5555; x_wconf 68' lang='grc' dir='ltr'><strong>καὶ</strong></span> <span class='ocrx_word' id='word_1_845' title='bbox 3364 5504 3600 5574; x_wconf 60' lang='grc' dir='ltr'><strong>τήμερον</strong></span> <span class='ocrx_word' id='word_1_846' title='bbox 3634 5504 3664 5574; x_wconf 77' lang='grc' dir='ltr'><strong>η</strong></span> <span class='ocrx_word' id='word_1_847' title='bbox 3700 5502 3839 5572; x_wconf 73' lang='grc' dir='ltr'><strong>αὐτὴ</strong></span> <span class='ocrx_word' id='word_1_848' title='bbox 3882 5500 4019 5570; x_wconf 69' lang='grc' dir='ltr'><strong>βοᾷ</strong></span> 
     </span>
    </p>
   </div>
   <div class='ocr_carea' id='block_1_115' title="bbox 2212 5731 2685 5799">
    <p class='ocr_par' dir='ltr' id='par_1_115' title="bbox 2212 5731 2685 5799">
     <span class='ocr_line' id='line_1_115' title="bbox 2212 5731 2685 5799; baseline 0.004 -16"><span class='ocrx_word' id='word_1_849' title='bbox 2212 5731 2311 5786; x_wconf 54' lang='lat' dir='ltr'><strong>iud.</strong></span> <span class='ocrx_word' id='word_1_850' title='bbox 2352 5749 2515 5797; x_wconf 63' lang='lat' dir='ltr'><strong>xxxv,</strong></span> <span class='ocrx_word' id='word_1_851' title='bbox 2563 5732 2606 5799; x_wconf 79' lang='grc' dir='ltr'><strong>Ι,</strong></span> <span class='ocrx_word' id='word_1_852' title='bbox 2642 5734 2685 5785; x_wconf 82' lang='lat'><strong>2.</strong></span> 
     </span>
    </p>
   </div>
  </div>
