4284 6440
736 402 876 466 2335
2056 402 2409 465 ΡΙὶΟΟΟΡΙῙ
2453 400 2697 463 (ΞΑΖιΕΙ
3862 400 3999 463 2336

741 520 1016 574 runtcisos
1047 529 1253 587 autem,
1305 523 1398 592 qui
1458 537 1644 575 carnes
1675 536 1801 576 esse
1828 523 2169 589 porrexerint
2195 562 2211 586 ,
2246 536 2312 577 ex
2343 528 2391 583 Α
2417 537 2433 572 ι

2303 536 2312 575 ἱ
2343 528 2391 583 Α
2417 537 2521 573 του
2545 520 2702 590 δίκην
2725 517 3035 580 πεσοῦνται,
3063 515 3205 570 κατὰ
3227 517 3325 587 τὴν
3350 516 3669 587 προσθήκην
3698 515 3819 582 τοῦ,
3838 518 3995 588 Ἀλη-

742 610 862 677 ipse
892 610 1210 677 appendicis
1241 626 1403 663 sensu
1432 627 1553 679 quae
1584 628 1707 666 rere
1744 612 1924 681 fenum
1976 628 2098 665 esse
2147 627 2312 681 popu-
2416 610 2434 663 ί

2303 640 2312 649 -
2416 610 2524 675 θῶς
2570 612 2783 678 χόρτος
2812 611 2840 660 ὁ
2905 609 3053 671 λαός.
3087 608 3327 661 ’Λνωθεν
3361 610 3418 662 δέ
3463 624 3606 668 τινες
3626 608 3995 678 ἀπορήσαντες

746 703 853 751 lum
897 700 1168 767 adjunxit,
1200 700 1308 768 feni
1342 701 1517 755 instar
1541 718 1828 757 evasurus.
1866 702 1949 755 Ab
2002 703 2162 756 initio
2213 719 2311 755 au-
2415 718 2438 751 ιι

2305 732 2311 740 -
2415 700 2535 762 πῶς
2552 702 2661 761 τοῖς
2708 698 2951 761 Ἐζεκίου
2978 699 3155 767 Μγοις
3187 698 3284 768 τὴν
3334 697 3578 769 Χριστοῦ
3612 699 3917 769 παρουσίαν
3968 701 3997 751 ὁ

746 800 850 842 tem
874 800 1178 859 qua-rentes
1202 793 1475 855 nonnulli,
1508 792 1599 860 qui
1632 794 1819 846 statim
1851 802 1974 863 post
2001 808 2311 848 sermonem
2418 809 2438 842 τ

2303 813 2311 848 ι
2418 792 2702 860 προφήτης
2732 791 3026 859 ἐπήνεγκε,
3058 789 3313 858 λέγουσιν
3336 791 3418 842 δτι
3450 790 3715 852 πολλάκις
3750 789 3995 859 πολέμιοι

744 879 1066 933 tle-Ezechia
1099 920 1116 947 ,
1152 881 1354 935 Christi
1393 882 1685 935 adventum
1724 886 1986 953 propheta
2013 886 2262 939 intulerit
2297 902 2311 951 ;
2415 902 2436 936 σι

2302 902 2311 951 ἶ
2415 886 2516 952 τὴν
2558 884 2911 954 hiemali}?
2938 885 3283 953 κατεδῇωσεῑν
3313 901 3327 915 ⁸
3362 886 3472 954 ἠδὲ
3524 884 3613 937 διὰ
3656 884 3994 953 Ναϐουχοδο-

748 972 925 1036 plures
955 970 1176 1038 quidem
1208 970 1708 1043 Hierosolymorum
1749 975 2301 1045 fuissejdireptioncs,
2418 994 2440 1029 ν

2418 976 2589 1046 νόσωρ
2621 976 2727 1047 πρὸ
2767 977 2865 1045 τῆς
2896 976 3131 1045 Χριστοῦ
3180 978 3483 1045 παρουσίας
3515 977 3805 1029 τελευταία
3837 975 3996 1043 γέγο-

746 1060 840 1111 ςηικι
886 1063 1131 1113 omnium
1183 1062 1561 1126 novissimam,
1589 1074 1714 1117 ante
1755 1065 1966 1119 Christi
2020 1069 2313 1122 adventum
2419 1082 2438 1117 ι

2306 1085 2313 1121 ι
2419 1082 2507 1117 νεν
2539 1064 2759 1127 ἅλωσις.
2805 1063 2938 1115 Μεθ’
2964 1066 3030 1133 ἦν
3055 1063 3440 1126 ἐπανελθόντες
3474 1063 3652 1133 ᾤκουν
3680 1064 3998 1132 ἀδιαιρέτως

749 1170 844 1219 per
871 1152 1469 1207 Nabuchodonosorem
1517 1155 1690 1211 fuisse
1726 1165 1939 1225 putant,
1980 1173 2159 1227 neque
2191 1159 2318 1213 inde

749 1252 932 1307 lmslt‘n
975 1241 1040 1292 ad
1078 1240 1363 1295 Christum
1402 1258 1577 1311 usque
1633 1252 1778 1297 terra
1842 1246 2031 1314 pulsos
2094 1255 2187 1298 aut
2221 1246 2316 1299 ab—

747 1337 942 1383 ductos
993 1331 1185 1384 fuisse.
1226 1330 1409 1400 Itaque
1460 1348 1583 1386 cum
1644 1334 1847 1400 hujus,
1885 1350 2013 1404 qua:
2073 1334 2320 1390 Ezechia:

749 1424 1169 1489 pnenuntiatur,
1204 1424 1569 1487 meminisset,
1602 1435 1750 1480 recte
1772 1427 1938 1480 etiam
2000 1428 2318 1481 consolatio-

748 1513 863 1567 nem
895 1516 1235 1582 adjunxisse.
1272 1516 1343 1570 Iis
1366 1517 1512 1569 enim
1539 1519 1811 1586 prmeipue
1840 1518 1985 1572 facta
2010 1528 2095 1572 est
2126 1519 2319 1573 salutis

751 1605 1110 1671 prmuulgatie
1137 1622 1151 1665 ς
1182 1605 1343 1673 juxta
1378 1606 1509 1658 illud
1543 1623 1555 1658 :
1591 1624 1609 1656 ι
1650 1605 1765 1659 Non
1802 1622 1923 1659 sum
1968 1607 2176 1661 missus
2214 1609 2320 1662 nisi

748 1693 814 1743 ad
878 1707 1008 1745 oves
1064 1707 1185 1760 quae
1224 1694 1508 1760 perierunt
1557 1694 1756 1749 domus
1800 1695 1963 1749 Israel
1998 1696 2063 1748 ³⁸.
2096 1714 2114 1747 ι
2152 1696 2322 1749 Aiunt

748 1793 933 1837 tamen
972 1786 1214 1838 nonnulli
1250 1786 1520 1840 absurdas
1549 1800 1738 1839 eorum
1788 1788 2159 1856 cogitationes
2197 1805 2321 1842 con-

2432 1157 2531 1225 τὴν
2565 1157 2668 1226 γῆν
2701 1156 2863 1225 μέχρι
2898 1156 2997 1223 τῆς
3027 1154 3263 1224 Χριστοῦ
3289 1155 3614 1225 παρουσίας.
3670 1154 3885 1222 Ταύτης
3907 1150 4001 1206 οὖν

2424 1248 2683 1317 μνησθεὶς
2709 1248 2843 1316 προς
2884 1246 3132 1308 Ἐζεκίαν
3156 1246 3252 1314 τῆς
3271 1245 3524 1307 ἁλώσεως
3557 1245 3657 1314 τῆς
3700 1246 3793 1297 ἐπὶ
3808 1244 3983 1315 ταύτῃ

2425 1337 2699 1407 μέμνηται
2726 1335 3188 1403 παρακλήσεως.
3217 1338 3257 1388 ll
3269 1336 3651 1405 ροηγουμένως
3671 1335 3779 1405 γὰρ
3791 1334 4003 1396 τούτοις

2423 1428 2490 1480 τὸ
2546 1428 2847 1495 σωτήριον
2906 1427 3121 1494 ἐγένετο
3170 1428 3433 1497 κήρυγμα
3484 1427 3627 1478 κατὰ
3662 1427 3723 1478 τό
3753 1442 3769 1457 ο
3831 1445 3849 1476 ι
3888 1428 4004 1477 Οὐκ

2424 1519 2738 1586 ἀπεστάλην
2767 1520 2813 1570 εί
2853 1519 2929 1587 μὴ
2957 1520 3039 1579 εἰς
3063 1516 3131 1569 τε
3179 1516 3497 1570 ἀπολωλότα
3553 1516 3801 1586 πρόϐατα
3852 1517 4003 1568 οἴκου

2438 1612 2676 1682 Ἰσραήλ.
2710 1628 2728 1661 ι
2783 1611 2941 1673 Τινὲς
2982 1610 3040 1661 δέ
3094 1627 3261 1678 φασιν
3293 1610 3369 1670 ώς
3425 1609 3523 1669 τὰς
3551 1610 3734 1661 αὐτῶν
3764 1610 4004 1669 ἀτόπους

2425 1703 2628 1764 ἐννοίας
2683 1701 2883 1770 ἠξίωσε
2926 1700 3381 1767 παρακλήσεως.
3448 1698 3688 1760 Ἐζεκίου
3747 1698 3855 1768 γὰρ
3912 1697 4006 1749 ἐπὶ

2423 1796 2491 1861 τῇ
2517 1792 2705 1861 ἀτόπῳ
2740 1791 3115 1853 παιδευθέντος
3145 1791 3341 1859 οἰήσει,
3391 1788 3512 1842 καθ’
3546 1790 3612 1859 ἣν
3638 1787 3779 1857 ᾤετο
3803 1788 4008 1855 τυγχά-

750 1876 1013 1928 solutione
1077 1876 1273 1943 dignas
1324 1876 1633 1932 censuisse.
1689 1877 1825 1931 Cum
1874 1881 2021 1932 enim
2078 1880 2326 1935 absurdae
2358 1854 2442 1935 ut

2314 1854 2399 1933 tu
2429 1900 2543 1935 νειν
2572 1885 2599 1935 ὁ
2652 1881 3120 1950 προσδοκώμενος,
3151 1880 3225 1941 ώς
3280 1882 3375 1931 καὶ
3433 1880 3562 1947 περὶ
3605 1878 3769 1931 αὐτοῦ
3829 1879 4006 1931 δοκεῖν

749 1967 1026 2033 opinionis
1072 1981 1179 2035 qua
1229 1982 1288 2021 se
1322 1982 1486 2031 eum,
1535 1969 1629 2038 qui
1675 1971 2102 2037 exspectabatur
2136 2011 2149 2033 ,
2201 1986 2325 2028 esse

751 2058 975 2125 putabat
1010 2100 1025 2124 ,
1084 2074 1273 2128 pinnas
1312 2060 1555 2116 dedisset
1590 2061 1853 2118 Ezechias
1906 2064 2019 2134 (de
2073 2081 2133 2120 se
2179 2067 2323 2121 enim

748 2150 855 2202 dici
890 2149 1054 2204 illud:
1097 2168 1115 2200 ι
1161 2151 1367 2204 Cadent
1397 2166 1427 2205 a
1464 2152 1634 2207 latere
1690 2162 1785 2206 tuo
1835 2155 2005 2219 mille,
2043 2166 2097 2211 et
2136 2156 2323 2211 decem

752 2239 919 2291 millia
965 2253 994 2292 a
1023 2240 1229 2295 dextris
1256 2241 1365 2293 tuis
1395 2242 1461 2307 ⁵⁸⁵,
1499 2260 1518 2293 ι
1554 2245 1646 2311 qui
1707 2252 1788 2297 tot
1822 2244 2004 2301 hostes
2057 2248 2328 2303 cecidisse

755 2329 978 2393 vilerct,
1010 2331 1151 2383 tuale
1206 2332 1513 2385 crediturus
1587 2331 1809 2398 fuerat,
1865 2336 1972 2389 nisi
2027 2347 2175 2411 tanta
2228 2354 2326 2410 spe

752 2427 971 2488 propter
1034 2422 1281 2475 morbum
1331 2424 1604 2479 excidisse
1657 2441 1738 2492 se,
1789 2442 1965 2496 neque
2022 2429 2123 2483 sibi
2186 2430 2321 2498 jam,

754 2510 846 2562 :ed
908 2510 1128 2565 Christo
1161 2513 1253 2565 uni
1304 2514 1575 2582 psalmum
1625 2518 1921 2572 convenire
1982 2520 2328 2575 animadver-

755 2609 892 2655 teret
920 2640 935 2664 ,
982 2602 1075 2670 qui
1128 2601 1403 2672 ﬂagellum
1458 2606 1820 2662 tabernaculo
1880 2609 1999 2677 ejus
2027 2609 2190 2683 440
2224 2626 2331 2666 non

756 2693 1315 2763 :qipropinquaturum
1345 2710 1467 2751 esse
1514 2701 1800 2766 moneret),
1824 2702 2057 2769 populus
2086 2719 2337 2759 cessasse

759 2784 1175 2852 pt-mnissiones,
1208 2796 1261 2840 et
1293 2801 1415 2855 quae
1464 2798 1623 2842 antea
1658 2792 1914 2856 Sperabat
1959 2792 2146 2847 omnia
2219 2797 2454 2865 periisse
2492 2840 2499 2848 .

755 2880 991 2948 anqdius
1016 2882 1447 2950 exspectandum
1480 2898 1605 2937 esse
1641 2884 2037 2941 arbitrabatur.

830 2973 1008 3040 Atque
1037 2972 1161 3026 hinc
1187 2980 1272 3027 est
1301 2974 1445 3042 qttod
1487 2989 1638 3043 spem
1690 2977 2011 3044 abjicientes
2040 2982 2334 3037 universo-

761 3080 878 3115 rtnn
916 3064 1057 3116 beus
1083 3078 1177 3131 per
1209 3065 1532 3131 prephetam
1564 3075 1617 3119 et
1644 3068 1968 3124 sacerdotes
2027 3072 2337 3124 consolatur

2429 1973 2678 2043 εἰρῆσθαι
2707 1974 2786 2037 τὸ,
2829 1991 2847 2023 ι
2908 1974 3163 2025 Ῐιεσεῖται
3198 1974 3263 2024 ἐκ
3310 1970 3405 2023 τοῦ
3452 1969 3637 2022 κλίτου
3674 1986 3765 2022 σου
3804 1969 4005 2039 χιλιὰς,

2433 2067 2526 2119 καὶ
2556 2064 2754 2135 μυριὰς
2784 2066 2848 2117 ἐκ
2873 2064 3066 2128 δεξιῶν
3095 2080 3209 2124 σου,
3246 2081 3264 2113 ι
3313 2062 3599 2125 τοσούτους
3653 2064 4009 2123 πεπτωκότας

2435 2157 2707 2228 θεώμενον
2737 2158 2786 2209 ιι.
2823 2156 3038 2224 Ταύτης
3074 2156 3129 2208 δὲ
3162 2156 3262 2221 τῆς
3302 2155 3517 2216 ἐλπίδος
3549 2152 3896 2216 διαπεσόντος
3922 2153 4010 2205 δ.5ι

2435 2249 2534 2317 τὴν
2587 2248 2763 2307 νόσον,
2810 2248 2885 2310 ώς
2936 2246 3132 2315 μηκέτι
3160 2244 3249 2297 τὸν
3296 2242 3508 2312 ψαλμὶν
3539 2244 3831 2311 ἁρμόττειν
3861 2241 4012 2309 αὐτῷ

2432 2342 2681 2411 λέγοντα,
2711 2343 2806 2394 καὶ
2837 2338 3034 2408 μάστιξ
3060 2338 3159 2389 οὐκ
3187 2338 3363 2403 ἐγγιεῖ
3411 2334 3490 2404 τῷ
3544 2332 3865 2403 σκηνώματι
3916 2349 4008 2384 σου

2437 2435 2621 2504 (μόνον
2639 2428 2752 2503 γὰρ
2782 2434 3019 2501 ἥρμοττε
3045 2430 3123 2499 τῷ
3148 2428 3414 2497 Χριστῷ),
3443 2429 3471 2480 ὁ
3498 2426 3624 2488 λαὸς
3654 2425 3790 2494 ᾢετο
3812 2424 3880 2477 τὰ
3910 2424 4012 2493 τῆς

2439 2526 2770 2593 ἐπαγγελίας
2793 2524 3125 2586 πεπαῦσθαι,
3159 2523 3341 2575 πάντα
3371 2538 3429 2574 τε
3481 2518 3689 2589 φροῦδα
3726 2517 4011 2585 γεγονέναι

2436 2616 2505 2669 τα
2537 2614 2879 2677 ἐλπισθέντα,
2910 2612 3113 2684 μηδένα
3144 2627 3203 2663 τε
3234 2611 3453 2680 σωτῆρα
3492 2608 3585 2661 τοῦ
3618 2607 3805 2675 γένους
3837 2607 4014 2675 φανή-

2442 2708 2649 2762 σεσθαι.

2592 2802 2807 2854 nullunt
2869 2797 3093 2864 deinde,
3162 2794 3256 2865 qui
3325 2791 3475 2861 genti
3536 2791 3773 2845 salutem
3835 2788 3999 2843 daret

2516 2983 2676 3037 Ὅθεν
2705 2986 2732 3037 6
2756 2983 2863 3035 τῶν
2893 2983 3030 3034 ὅλων
3059 2979 3190 3041 Θεὸς
3214 2975 3606 3043 ἀπεγνωκότας
3652 2971 3879 3035 τούτους
3926 2973 4017 3026 διὰ

2443 3076 2538 3129 τοῦ
2577 3076 2856 3146 προφήτου
2884 3074 2979 3127 καὶ⁹
3020 3072 3127 3125 τῶν
3161 3068 3351 3139 ἱερέων
3403 3064 3771 3133 παρακαλεῖ,
3804 3064 4006 3131 λέγων,

757 3157 976 3209 dicens:
1012 3153 1312 3224 Loquimini
1341 3156 1410 3207 ad
1460 3172 1552 3210 cor
1610 3155 1911 3213 Jerusalem
1942 3178 1961 3224 ;
1993 3162 2152 3230 quasi
2205 3163 2321 3217 laata
2351 3157 2393 3214 C
2426 3180 2449 3222 ί

2351 3157 2393 3214 C
2426 3166 2751 3233 Λαλήσιιτε
2800 3166 2887 3230 εἰς
2916 3164 3030 3229 τὴν
3086 3160 3341 3229 καρδίαν
3395 3154 3814 3225 Ἰερουσαλὴμ,
3870 3156 4020 3208 τοῦτ’

758 3256 811 3298 rt
860 3244 1002 3299 I‘acili
1053 3247 1331 3299 auditores
1376 3247 1737 3303 consolatione
1765 3250 2077 3305 demulcere
2099 3252 2289 3319 jubeat
2319 3294 2334 3317 ,

761 3353 867 3405 «εἰει
931 3337 1087 3407 prius
1144 3352 1380 3392 onerosa
1421 3338 1581 3392 valde
1636 3349 1689 3393 et
1724 3342 1954 3408 gravis,
2014 3344 2336 3411 umbrisque

759 3429 925 3481 t'liulll
965 3428 1210 3482 inmluta
1248 3439 1301 3481 et
1351 3429 1589 3484 obseura
1641 3430 1726 3485 lex
1764 3433 1882 3501 ipsa
1917 3435 2181 3500 carebat,
2218 3450 2340 3503 qua:

764 3528 972 3574 mentes
999 3519 1225 3574 minime
1246 3522 1561 3577 necessaria
1619 3523 1874 3579 docebat.
1937 3524 2133 3581 Verbis
2191 3528 2337 3581 enim

762 3612 1138 3665 tantummodo
1161 3613 1330 3666 levem
1372 3615 1665 3681 quamdam
1695 3622 1748 3669 et
1766 3624 2051 3671 externam
2082 3618 2337 3672 notitiam

763 3705 1026 3758 adferebat
1058 3724 1073 3771 ;
1103 3720 1227 3760 eum
1255 3705 1449 3759 salutis
1478 3706 1799 3775 prmdicatio
1828 3710 1882 3763 ιιι
1933 3710 2163 3764 intimos
2219 3710 2341 3763 aui-

767 3812 865 3848 ma:
895 3810 1148 3852 recessus
1196 3794 1461 3866 Spiritum
1517 3797 1820 3853 induceret.
1870 3800 2011 3854 lline
2045 3799 2140 3854 illa
2177 3800 2339 3854 Davi-

764 3892 848 3945 dis
893 3907 904 3941 :
940 3910 958 3943 ι
1003 3890 1059 3946 In
1087 3892 1252 3947 corde
1283 3906 1407 3947 meo
1441 3893 1704 3947 abscondi
1738 3895 1955 3964 eloquia
1984 3906 2100 3961 tua,
2139 3904 2199 3948 ut
2231 3910 2341 3949 non

766 4000 984 4057 peccent
1020 3987 1116 4041 tibi
1145 3987 1212 4042 δι.
1250 4006 1270 4041 ι
1302 3987 1433 4042 Tale
1457 3996 1512 4043 ct
1539 3988 1673 4043 illud
1709 3989 1855 4060 quod
1878 4007 1907 4043 a
1932 3990 2170 4060 quodam
2203 4005 2336 4059 pro-

768 4083 930 4149 pheta
959 4079 1161 4134 dicitur
1193 4098 1207 4134 :
1247 4098 1267 4132 ι
1306 4079 1373 4134 Et
1432 4095 1561 4137 cecc
1628 4090 2020 4138 testamentum
2067 4081 2215 4152 quod
2241 4097 2343 4153 ego

769 4172 1017 4227 testabor
1054 4172 1185 4236 illis,
1218 4174 1274 4226 in
1316 4172 1513 4229 diebus
1541 4173 1675 4237 illis,
1717 4172 1853 4228 dicit
1887 4171 2171 4237 Dominus,
2202 4173 2341 4229 dans

764 4269 915 4334 leges
943 4280 1096 4324 meas
1124 4267 1179 4322 itt
1206 4275 1417 4322 mentes
1442 4282 1630 4323 eorum
1664 4285 1680 4335 ;
1729 4276 1784 4323 et
1822 4268 1880 4323 in
1923 4269 2089 4324 corda
2149 4283 2340 4325 eorum

771 4354 1072 4409 inscribant
1123 4370 1218 4410 eas
1253 4355 1321 4409 “.
1348 4373 1367 4408 ι
1400 4354 1542 4410 llinc
1573 4364 1629 4411 et
1653 4354 1811 4410 Pauli
1856 4356 2005 4411 alia:
2042 4374 2063 4409 ι
2098 4356 2342 4427 Epistola

775 4458 959 4501 nostra
993 4462 1091 4502 vos
1129 4448 1301 4511 estis,
1348 4464 1469 4518 qua:
1526 4448 1849 4515 intelligitur
1878 4489 1893 4514 ,
1920 4459 1976 4502 et
2027 4447 2226 4517 legitur
2275 4448 2344 4501 ab

774 4536 1030 4590 omnibus
1098 4537 1453 4600 hominibus,
1516 4553 1639 4591 eum
1679 4537 1981 4591 declaratis
2009 4534 2156 4605 quod
2211 4539 2345 4593 estis

774 4627 1000 4691 rpistola
1022 4627 1250 4689 Christi,
1290 4628 1594 4681 ministrata
1627 4643 1655 4681 a
1692 4628 1874 4692 nobis,
1914 4628 2186 4698 descripta
2239 4644 2346 4682 non

777 4720 1079 4767 atramento
1110 4755 1126 4779 ,
1150 4714 1242 4768 sed
1277 4714 1484 4783 Spiritu
1515 4712 1608 4768 Dei
1636 4714 1886 4777 viventis,
1909 4730 2017 4768 non
2061 4716 2114 4768 in
2148 4716 2348 4769 tabulis

779 4804 1023 4871 lapideis,
1054 4806 1147 4861 sed
1198 4807 1249 4860 in
1290 4808 1496 4864 tabulis
1552 4807 1736 4861 cordis
1770 4808 1990 4862 carneis
2046 4808 2113 4860 ".
2151 4826 2169 4859 ι
2227 4806 2347 4861 Non

780 4895 975 4949 desunt
1002 4897 1093 4965 qui
1127 4900 1462 4951 sarerdotum
1505 4899 1727 4953 nomine
1752 4898 1976 4967 angelos
2017 4898 2348 4967 intelligant,

782 4986 976 5051 quibus
992 4988 1153 5040 etiam
1174 4989 1242 5042 ad
1259 4989 1420 5043 corda
1458 4991 1597 5058 loqui
1629 5005 1789 5059 posse
1812 4989 2085 5058 congruit.
2114 4988 2351 5043 Estvero

784 5081 1072 5134 mnsolatio
1103 5118 1119 5145 ,
1148 5097 1271 5134 cum
1301 5083 1359 5135 lit
1408 5082 1508 5151 ipsi
1566 5083 1749 5136 multa:
1782 5081 2021 5151 duplicis
2053 5079 2305 5135 remissio
2332 5096 2346 5144 ;

786 5167 897 5219 sive
949 5168 1049 5235 ipsi
1104 5171 1287 5226 carnis
1341 5170 1724 5226 aﬂ‘ectionibus
1771 5172 2132 5237 subjiciamur
2166 5174 2183 5238 (
2218 5170 2355 5223 ultio

786 5261 925 5310 enim
956 5271 1009 5313 et
1032 5262 1156 5327 ista,
1195 5279 1366 5333 eaque
1422 5279 1717 5332 permagna
1786 5264 1894 5318 illis
1933 5272 2017 5317 est
2059 5262 2152 5331 qui
2187 5276 2351 5316 sensu

789 5342 968 5409 :tiiqtto
1030 5350 1237 5415 praediti
1269 5358 1395 5403 sunt
1424 5350 1465 5420 ),
1499 5351 1617 5405 sive
1646 5363 1870 5419 propter
1897 5365 1991 5405 eas
2020 5351 2315 5419 puniamur
2337 5389 2352 5413 ,

792 5433 841 5485 id
878 5446 980 5501 est,
1022 5440 1133 5495 sive
1163 5454 1194 5494 ιι
1232 5443 1363 5505 nco.
1394 5443 1485 5511 qui
1531 5459 1655 5498 vere
1698 5443 1820 5498 lens
1887 5444 2009 5497 vita:
2053 5452 2158 5509 est,
2202 5456 2353 5497 rece-

863 5592 905 5622 3’
936 5589 1117 5645 Matth.
1274 5594 1358 5649 3-1.
1435 5596 1479 5627 "'
1505 5595 1643 5650 l‘:.;t|.
1676 5610 1766 5646 Qui.
1810 5596 1861 5645 Τ.

1942 5594 1978 5623 “’¹
2017 5592 2157 5646 I‘sal.
2190 5608 2377 5645 cum.
2422 5592 2504 5644 ll.

2439 3259 2610 3323 ἔστιν,
2644 3256 3050 3324 εὐπαρὰδεκτον
3125 3254 3237 3314 τοῖς
3307 3247 3679 3321 ἀκροωμένοις
3760 3246 3851 3298 τὸν
3906 3245 4022 3312 τῆς

2440 3350 2877 3418 παρακλήσεως
2932 3343 3232 3414 ποιήσασθε
3258 3342 3434 3409 λόγον,
3474 3341 3615 3409 ὅπερ
3677 3338 3777 3389 οὐκ
3798 3333 3946 3405 εἶχεν
3992 3339 4025 3389 ὀ

2439 3444 2601 3511 νόμος
2632 3438 2903 3510 φορτικῶς
2933 3439 3072 3503 ἄγαν
3107 3436 3235 3504 περὶ
3284 3432 3443 3485 σκιὰν
3486 3432 3580 3483 καὶ
3602 3430 3805 3489 τύπους
3845 3427 4027 3480 εἱλού-

2443 3551 2622 3605 μενος,
2652 3532 2752 3584 ούκ
2794 3530 3067 3595 ἀναγκαῖα
3154 3526 3426 3578 παιδεύων
3446 3524 3535 3575 τὸν
3555 3521 3697 3574 νοῦν.
3735 3519 4025 3587 Ἐξωφανῆ

2440 3627 2549 3696 γάρ
2578 3641 2699 3677 τινα
2722 3622 2923 3690 γνῶσιν
2954 3619 3199 3674 ἐνεποίει
3222 3616 3311 3670 διὰ
3352 3616 3447 3669 τοῦ
3476 3614 3824 3686 γράμματος.
3857 3611 3935 3669 Τδ
3968 3612 4025 3663 δέ

2443 3717 2747 3783 σωτήριον
2770 3715 3033 3783 κήρυγμα
3058 3709 3301 3779 θεωριῶν
3354 3707 3555 3776 πληροῖ
3596 3704 3694 3774 τὴν
3717 3703 3901 3771 ψυχὴν
3928 3700 4027 3753 τοῦ

2444 3810 2765 3881 Πνεύματος
2799 3807 2891 3861 τοῦ
2927 3807 3075 3860 θείου
3102 3805 3163 3858 τὸ
3196 3803 3357 3873 βάθος
3392 3801 3562 3870 αὐτῆς
3613 3797 4024 3863 ύπανοίγοντος.

2442 3903 2599 3954 υῦτω
2648 3901 2729 3953 τοί
2784 3915 2916 3967 φησι
2958 3898 3053 3951 καὶ
3118 3894 3319 3948 Δαϐίδ⁶
3358 3910 3376 3943 ι
3450 3891 3627 3958 Ἐντῇ
3668 3886 3866 3957 καρδία
3922 3900 4030 3952 μου

2442 3992 2656 4065 ἔκρυψα
2701 3990 2763 4043 τὸ
2807 3989 2988 4056 λόγιόν
3012 4004 3128 4050 σου,
3187 3986 3335 4046 ὅπως
3383 3982 3450 4036 ἂν
3499 3982 3573 4051 μὴ
3603 3979 3833 4047 ἁμάρτω
3855 3991 3962 4027 σοι.

2443 4082 2698 4137 Τοιοῦτον
2749 4080 2845 4133 καὶ
2892 4078 2954 4131 τὸ
2997 4076 3063 4129 δι’
3100 4075 3219 4138 ἑνὸς
3252 4072 3359 4126 τῶν
3419 4066 3717 4140 προφητῶν
3752 4082 3767 4097 ⁸
3827 4081 3847 4116 ι
3915 4064 4034 4117 Καὶ

2444 4173 2586 4243 αῦτη
2611 4175 2645 4242 ἡ
2670 4170 2928 4240 διαθήκη,
2954 4169 3021 4238 ἢν
3048 4164 3375 4235 διαθήσομαι
3424 4162 3609 4222 αὐτοῖς
3667 4159 3725 4211 ἐν
3746 4157 3868 4219 ταῖς
3887 4154 4036 4224 ἡμέ-

2446 4281 2569 4334 ραις
2592 4263 2829 4325 ἐκιίναις
2861 4300 2876 4326 ,
2904 4261 3054 4328 λέγει
3080 4257 3304 4328 Κύριος,
3332 4253 3506 4315 διδοὺς
3533 4250 3730 4320 νόμους
3786 4263 3889 4317 μου
3948 4247 4037 4307 εἰς

2444 4356 2541 4427 τὴν
2571 4354 2814 4409 διάνοιαν
2868 4350 3070 4414 αὐτῶν,
3119 4348 3212 4401 καὶ
3255 4348 3342 4400 ἐπὶ
3406 4344 3506 4407 τὰς
3557 4340 3787 4410 καρδίας
3849 4336 4040 4427 αὐτων

2446 4423 2737 4512 ἐπιγράψω
2762 4439 2977 4503 αύτούς.
3017 4458 3036 4490 ι
3097 4437 3206 4489 Καὶ
3232 4436 3260 4488 ό
3286 4433 3495 4494 Παῦλος
3524 4430 3581 4483 δέ
3636 4444 3798 4497 φησιν
3838 4441 3852 4455 ⁸
3894 4444 3916 4477 ε
3964 4423 4040 4477 ἰι

2449 4534 2707 4601 ἐπιστολὴ
2736 4531 2891 4601 ἡμῶν
2918 4531 3071 4599 ὑμεῖς
3102 4530 3245 4593 ἐστε,
3274 4522 3656 4593 γινωσκομένη
3701 4520 3797 4571 καὶ
3832 4518 4039 4585 ἀναγι-

2448 4621 2765 4690 νωσκομένη
2825 4619 2930 4671 ὑπὸ
2985 4618 3202 4671 πάντων
3266 4612 3595 4681 ἀνθρώπων,
3629 4604 4042 4675 φανερούμενοι

2449 4712 2533 4764 ὅτι
2588 4712 2710 4764 ἐστέ
2748 4708 3003 4777 ἐπιστολὴ
3030 4704 3291 4777 Χριστοῦ,
3317 4698 3699 4769 διακονηθεῖσα
3724 4695 3814 4763 ὑφ’
3844 4693 4038 4763 ἡμῶν,

2450 4800 2875 4870 ἐγγεγραμμένη
2899 4798 2958 4850 οὐ
2996 4797 3208 4867 μέλανι,
3240 4794 3377 4846 ἅλλα
3408 4791 3685 4859 ιινεύματι
3715 4786 3851 4839 Θεοῦ
3885 4784 4043 4847 ζῶν-

2451 4911 2577 4957 τος,
2634 4892 2734 4944 ο·⁹ικ
2761 4891 2817 4944 ἐν
2859 4888 3025 4954 πλαξὶ
3050 4886 3301 4949 λιθίναις,
3345 4882 3459 4937 ἀλλ’
3487 4883 3545 4932 ἐν
3582 4878 3746 4941 πλαξὶ
3800 4875 4045 4945 καρδίας

2454 4983 2758 5053 σαρκίναις.
2799 5000 2817 5033 ι
2866 4978 3065 5047 ἰερεῗς
3083 4977 3138 5029 δέ
3164 4992 3309 5037 τινες
3333 4975 3457 5036 τοὺς
3488 4970 3751 5038 ἀγγέλους
3775 4968 4048 5036 ἐνόησαν,

2450 5072 2535 5140 οἷς
2585 5073 2861 5145 ἐμπρέπει
2932 5076 3026 5124 καὶ
3074 5070 3134 5122 τὸ
3161 5068 3230 5121 ἐν
3288 5064 3557 5134 καρδίαις
3631 5058 3888 5113 δύνασθαι
3935 5062 4052 5111 ,ια-

2454 5166 2606 5220 λεῖν.
2676 5162 2735 5217 Ἦ
2768 5163 2824 5215 δὲ
2864 5159 3248 5229 παράκλησις
3270 5156 3327 5207 ἐν
3353 5155 3431 5224 τῷ
3481 5149 3735 5204 λελύσθαι
3762 5146 3861 5216 τὴν
3874 5145 4051 5213 δίκην

2453 5257 2592 5328 αὐτὴ
2630 5257 2645 5296 ί
2678 5254 2872 5323 διπλῆν
2899 5250 3225 5320 γενομένην,
3255 5246 3318 5299 ἐν
3347 5262 3406 5297 τε
3464 5243 3547 5312 τῷ
3596 5240 3798 5310 σαρκὸς
3839 5237 4054 5289 ἐπιθυ-

2462 5350 2611 5419 μίαις
2636 5344 2997 5416 προσκεῖσθαι
3022 5341 3266 5412 (κόλασις
3296 5344 3407 5407 γὰρ
3434 5334 3575 5403 αὑτὴ
3632 5330 3865 5401 μεγίστη
3901 5331 4050 5419 ’τοῖς

2460 5415 2965 5510 ἐχουσιναῖσθησιν)
2985 5434 3041 5489 ἓν
3066 5451 3125 5487 τε
3152 5432 3231 5503 τῷ
3267 5430 3334 5483 δι’
3376 5429 3559 5481 ἐκεῖνα
3584 5423 3599 5473 t
3663 5415 4025 5483 κολὰζεοθαι.

2586 5590 2627 5621 ⁴²
2666 5589 2863 5643 Jercm.
2903 5605 3047 5653 xw,
3075 5588 3161 5643 55.
3239 5584 3281 5617 ⁸³
3320 5582 3360 5636 Il
3400 5582 3505 5639 Ger
3566 5595 3645 5646 ιιι,
3683 5578 3736 5644 9.,
3764 5576 3823 5629 5.

2099 5707 2328 5763 VARI/1".
2366 5707 2754 5761 I.I'L(ZTl(lNES.

872 5802 895 5840 ¹¹
928 5819 1009 5870 Tl-
1042 5804 1331 5873 ’κειμένη-υ.
1418 5819 1426 5842 λ
1477 5824 1537 5873 rp
1588 5824 1749 5860 αυιου
1862 5820 1870 5851 ι
1907 5820 1989 5870 γρ.
2028 5806 2261 5862 istim;
