4284 6440
736 348 879 417 2339

2049 348 2396 411 PROCOPII
2423 348 2663 412 GAZ/EI

3826 358 3973 424 2340

736 470 971 527 semper,
1001 469 1322 526 semperque
1368 469 1615 519 manens,
1672 455 1837 511 vitam
1881 454 2118 527 denique
2167 474 2305 513 sem-
2338 480 2381 536 Α
2410 476 2428 511 ιι

2294 488 2305 500 -
2338 480 2381 536 Α
2410 461 2645 534 τηρήσῃ,
2684 460 2909 515 θάνατον
2940 461 2999 515 ού
3038 463 3112 533 μὴ
3148 464 3230 536 ἴδῃ
3258 465 3337 529 εἰς
3394 465 3485 520 τὸν
3541 468 3732 524 αἰῶνα.
3776 490 3793 522 ι
3826 473 3986 537 Τινὲς

640 549 645 555 ’
736 550 1002 615 piternam
1057 547 1324 603 aﬂerens.
1373 553 1488 599 toto
1536 547 1754 609 animo,
1805 548 2046 616 totisque
2094 548 2306 602 viribus

736 638 986 707 amplecti
1027 636 1179 690 dicit.
1204 635 1363 689 Dicas
1382 644 1587 690 etrerot
1624 644 1713 689 net
1741 639 1963 693 nomine
2007 636 2306 692 Salvatoris

736 734 1008 798 praecepta
1056 726 1381 797 signiﬁcari,
1414 728 1505 796 qui
1547 728 1623 781 ait
1706 746 1725 779 ι
1764 729 2141 797 Anien,amen
2183 729 2307 783 dico

736 819 911 879 vobis,
945 818 990 871 si
1021 817 1145 885 quis
1173 832 1480 872 sermonem
1515 833 1691 871 meum
1719 820 2041 882 servaverit,
2075 828 2304 873 mortem

737 924 844 964 non
898 908 1103 963 videbit
1155 910 1209 963 in
1257 918 1522 964 aeternum
1559 908 1627 961 '°.
1673 928 1691 960 ι
1740 908 1941 964 Volunt
1990 910 2116 963 item
2168 925 2324 965 non-.

735 1001 869 1055 nulli
919 1002 1243 1071 prophetam
1286 1001 1488 1069 ipsum,
1530 1010 1790 1069 tanquam
1838 1001 1976 1054 elata
2012 1016 2142 1055 voce
2186 1017 2308 1071 per-

734 1102 1023 1146 venturam
1063 1092 1127 1145 ad
1164 1105 1356 1145 omnes
1386 1093 1621 1161 gratiam
1665 1092 1991 1143 denuntiare
2026 1090 2304 1157 iubeatur,

734 1184 911 1251 gentis
941 1196 1054 1239 sua?
1087 1182 1443 1236 miseratione
1478 1190 1837 1241 commotum,
1871 1196 1995 1247 quze
2026 1182 2159 1234 nihil
2200 1182 2304 1249 iam

735 1287 845 1325 non
874 1271 1050 1325 soluat
1079 1271 1363 1332 eximium,
1395 1281 1453 1323 ut
1478 1271 1631 1333 olim,
1658 1286 1780 1321 cum
1814 1269 1903 1322 Dei
1930 1286 2050 1323 sors
2073 1271 2306 1324 exsiste-

736 1372 836 1424 ret.
889 1363 1145 1416 habitura
1198 1362 1304 1425 sit,
1363 1362 1455 1414 sed
1509 1360 1670 1427 hujus
1726 1361 1889 1413 etiam
1934 1361 2119 1430 gloria:
2166 1362 2307 1415 bono

734 1454 974 1508 caritura
995 1493 1008 1515 ,
1043 1452 1167 1519 quid
1217 1452 1448 1504 clamare
1474 1458 1725 1520 oporteat
1752 1452 2075 1519 postulare,
2094 1451 2309 1519 ipsique

734 1543 926 1609 Deum,
975 1557 1097 1597 cntn
1152 1550 1360 1594 tantam
1412 1544 1644 1611 gratiam
1696 1557 1893 1610 capere
1936 1558 2043 1594 non
2098 1550 2305 1611 posset,

735 1632 919 1685 Omnis
950 1630 1102 1684 homo
1130 1630 1330 1698 fenum,
1364 1630 1715 1696 respondere.
1744 1627 1932 1696 Neque
1961 1626 2106 1680 enim
2139 1635 2194 1679 ct
2223 1635 2302 1689 tu,

733 1722 831 1788 ait,
868 1723 959 1791 qui
1017 1723 1310 1775 verborum
1368 1735 1613 1774 meorum
1681 1718 1994 1773 ministerio
2055 1716 2307 1772 addictus

733 1822 967 1868 mentem
992 1812 1139 1883 geris
1166 1826 1331 1865 carne
1359 1810 1735 1874 obscuratam,
1760 1824 1960 1878 capere
1983 1809 2182 1879 possis.
2202 1808 2306 1862 Sed

2407 548 2463 601 δέ
2503 566 2684 616 φασιν,
2720 549 2795 613 ὼς
2823 553 3183 622 προσταχθεὶς
3225 558 3253 611 ὁ
3286 557 3568 627 προφήτης
3600 559 3835 629 κηρῦξαι
3875 581 3984 629 με-

2408 639 2735 707 γαλοφώνως
2796 642 2893 711 τὴν
2949 644 3028 705 εἰς
3059 644 3268 707 πάντας
3346 646 3584 717 ἧξουσαν
3626 650 3806 718 χάριν,
3862 651 3980 704 ἀπὸ

2410 731 2753 795 συμπαθείας
2773 732 2871 801 τῆς
2902 735 3037 804 πρὸς
3070 735 3130 787 τὸ
3159 735 3310 799 ἔθνος
3354 738 3567 802 ἑαυτοῦ,
3620 740 3789 807 μηδὲν
3831 741 3985 809 ἔχειν

2407 819 2680 889 ἐξαιρετὸν
2706 823 3008 890 μέλλοντος,
3043 823 3117 886 ὡς
3148 826 3308 893 ὴνξκα
3335 825 3536 896 κλῆρος
3588 828 3797 897 ὑπῆρχε
3816 829 3980 892 θεοῦ,

2406 910 2712 978 ἀποόλητοῦ
2744 912 2798 964 δὲ
2838 913 2937 981 τῆς
2960 913 3211 983 τοιαύτης
3239 915 3498 983 ἐσομένου
3532 918 3695 986 τιμῆς
3723 920 3986 981 ἐκκοπεὶς

2406 998 2504 1069 τὴν
2533 1001 2791 1067 διάνοιαν,
2828 1004 2883 1057 τί
2910 1002 3032 1057 δέοι
3056 1004 3316 1068 βοήσειν
3343 1006 3550 1075 ἔλεγεν.
3605 1006 3720 1074 Ἐφ’
3750 1003 3828 1071 οἷς
3845 1009 3983 1073 Θεὸς

2406 1089 2504 1158 τὴν
2578 1092 2843 1161 τοσαύτην
2913 1091 2988 1162 μὴ
3041 1095 3348 1162 χωρήσαντι
3396 1095 3555 1164 χάριν
3612 1097 3747 1165 φησὶ
3779 1136 3793 1158 ,
3855 1098 3987 1163 Πᾶς

2409 1181 2718 1248 ἅνθρωπος
2755 1184 2985 1250 χόρτος.
3020 1185 3125 1237 Καὶ
3158 1186 3219 1238 σὺ
3252 1186 3381 1254 γὰρ,
3415 1187 3600 1257 φησιν,
3629 1190 3657 1240 ὁ
3688 1191 3799 1251 τοῖς
3827 1192 3984 1257 ἐμοῖς

2407 1272 2820 1339 διακονούμενος
2851 1276 3110 1345 ῥήμασιν,
3146 1276 3249 1326 ὑπὸ
3290 1276 3388 1344 τῆς
3452 1278 3652 1346 σαρκὸς
3703 1278 3792 1330 τὸν
3854 1277 3985 1331 νοῦν

2409 1360 2877 1429 ὲπιεκιαζόμενος,
2914 1366 3113 1432 χωρεῖν
3154 1365 3276 1417 οὐδὲ
3320 1365 3542 1437 δυνήσῃ.
3598 1368 3744 1437 Πλὴν
3804 1372 3981 1433 πᾶσα,

2410 1448 2591 1517 φησὶν,
2624 1447 2885 1516 ὑπόληψις
2907 1450 3221 1521 ἀνθρωπίνη
3280 1454 3488 1519 ταχέως
3513 1454 3867 1523 παυθήσεται,
3930 1458 3981 1506 οἱ

2408 1537 2531 1603 ἐμοὶ
2559 1537 2615 1589 δὲ
2646 1538 2774 1607 περὶ
2806 1538 2907 1607 τῆς
2939 1540 3015 1600 εἰς
3041 1541 3251 1602 πάντας
3302 1543 3521 1611 χάριτος
3564 1546 3983 1613 κυρωοήσονται

2408 1624 2575 1692 λόγοι.
2611 1628 2780 1681 Τοῦτο
2809 1632 2902 1682 καὶ
2934 1629 3144 1694 Παῦλος
3171 1633 3369 1702 νοήσας
3402 1633 3587 1701 ἔλεγεν
3626 1652 3639 1664 ·
3681 1654 3698 1687 ι
3735 1636 3797 1688 Ὢ
3819 1635 3983 1704 βάθος

2410 1717 2641 1770 πλούτου
2669 1720 2763 1772 καὶ
2826 1721 3047 1788 copiae!
3083 1742 3102 1773 ι
3162 1724 3465 1793 Τοιγαροῦν
3519 1725 3780 1789 ἑπιλύσας
3831 1728 3983 1796 αὐτῷ

2414 1807 2513 1876 τὴν
2534 1809 2887 1878 ἀμφιῦολίαν,
2918 1812 3009 1879 ἀφ’
3046 1811 3214 1881 ὕψους
3240 1813 3340 1882 τῆς
3389 1815 3625 1880 διανοίας
3654 1817 3847 1887 ἑςεξῆς
3881 1836 3987 1888 γης

732 1903 1062 1967 omnis,ait,
1106 1904 1514 1971 quamprimum
1563 1901 1797 1955 humana
1842 1901 2314 1969 cessabimpiuio;
2351 1899 2390 1953 Β

1374 1917 1514 1955 tnutn
1563 1901 1797 1955 humana
1842 1901 2314 1969 cessabitOpinio;
2351 1899 2390 1953 Β
2424 1900 2580 1969 ρῦξαι
2612 1902 3066 1970 παρακελεύεται.

734 2012 891 2052 meus
908 2007 1085 2050 autem
1101 1995 1427 2063 degratiain
1455 2009 1841 2047 omnessermo
1907 1992 2339 2048 eonlirmabitttr.
2376 1992 2532 2059 Quod
2557 2004 2683 2045 cum
2730 1995 2897 2062 probe
2943 1996 3265 2065 intelligeret
3294 1997 3493 2053 Paulus
3530 2018 3543 2053 :
3580 2017 3599 2051 ι
3657 1998 3701 2053 0
3750 1999 3984 2053 altitudi

733 2090 1046 2144 divitiarum
1068 2098 1117 2141 et
1138 2084 1447 2156 sapientiae!
1480 2103 1497 2136 ι
1555 2085 1873 2138 exclamans
1909 2083 2049 2137 dixit
2082 2084 2151 2137 ³⁸.
2181 2083 2403 2143 Sublata
2421 2084 2590 2157 igitur
2607 2087 2880 2157 propheta:
2900 2087 3391 2160 dubitatione,qua:
3411 2106 3626 2145 summa
3650 2092 3981 2163 cogitatione

733 2182 1001 2255 percepit,
1024 2180 1091 2235 ab
1117 2180 1337 2235 excelso
1362 2178 1560 2234 mentis
1573 2175 2005 2246 deincepsjubet
2022 2182 2380 2231 annuntiare.

804 2275 965 2349 με
1004 2273 1166 2329 Vens.
1210 2273 1369 2329 9-26.
1400 2272 1569 2339 Super
1607 2280 1832 2325 montem
1885 2274 2153 2325 excelsum
2214 2285 2308 2322 as-
2479 2270 2496 2323 ε

2289 2298 2308 2309 -
2479 2269 2655 2337 θ-κς’.
2699 2271 2817 2323 Ἐπ’
2848 2271 2984 2339 ὅρος
3038 2272 3282 2341 ὑψηλὸν
3328 2273 3597 2341 ἀνάϐηθι,
3657 2277 3692 2329 d
3731 2277 3981 2344 εὐαγγε-

735 2367 913 2430 cendo,
939 2368 1027 2436 qui
1073 2365 1398 2436 euangelizas
1436 2362 1585 2419 Sion.
1638 2361 1838 2417 Exulto
1893 2363 1947 2414 in
2001 2360 2310 2430 fortitudine
2407 2372 2427 2417 ά

2290 2378 2310 2415 e
2407 2362 2712 2432 λιξόμενος
2734 2363 2904 2417 Σιών.
2932 2364 3224 2433 ’Υηιζμωσον
3274 2365 3345 2418 ἐν
3398 2367 3572 2433 ἰσχύϊ
3609 2365 3724 2432 τὴν
3770 2366 3982 2435 φωνήν

735 2474 908 2514 uocem
944 2467 1109 2523 tuam,
1155 2456 1244 2525 qui
1292 2454 1617 2524 evuugelizas
1674 2452 1998 2508 Jerusalem.
2044 2452 2306 2515 Attollite,
2408 2470 2427 2508 ι

2286 2474 2306 2515 ‘,
2408 2468 2547 2521 σου,
2573 2457 2605 2508 d
2636 2454 3161 2525 εὐαγγελιζόμενος
3177 2456 3599 2527 Ἰερουσαλήμ.
3646 2459 3978 2526 ’Υιέ-ώσατεο

735 2550 898 2604 nolite
935 2550 1138 2602 timere.
1166 2546 1336 2600 Dicite
1358 2547 1657 2600 civitatibus
1686 2543 1832 2597 Juda
1859 2560 1877 2597 :
1914 2543 2046 2598 Ecce
2070 2542 2210 2598 Deus
2231 2560 2312 2597 ve-
2402 2564 2427 2614 ι

2288 2573 2312 2586 ο
2402 2544 2489 2614 μὴ
2519 2546 2819 2614 φοϐεῖσθε.
2856 2544 3045 2601 Εἶπον
3089 2547 3216 2615 ταῖς
3274 2550 3532 2602 πόλεσιν
3570 2550 3788 2604 Ἰοὐδασ
3830 2550 3979 2604 Ἰδοὺ

736 2652 882 2702 sier;
921 2657 1035 2695 ecce
1073 2639 1330 2693 Dominus
1391 2654 1508 2691 cum
1542 2636 1855 2705 fortitudine
1897 2640 2055 2701 venit,
2102 2644 2150 2689 et
2190 2635 2311 2688 bra-
2411 2642 2428 2690 ι

2282 2654 2311 2676 ‘-
2411 2638 2557 2703 Θεὸς
2603 2641 2636 2692 ό
2662 2638 2847 2706 ὑμῶν,
2886 2638 3016 2692 ὶδοὺ
3057 2640 3287 2707 Κύριος.
3331 2642 3538 2707 Κύριος
3589 2640 3739 2709 μετὰ
3766 2643 3974 2709 ισχύος

736 2730 911 2783 citium
968 2728 1082 2798 ejus
1140 2744 1257 2782 cum
1307 2725 1689 2781 dominatione.
1746 2725 1881 2780 Ecce
1937 2741 2133 2780 merces
2197 2725 2310 2793 ejus
2407 2726 2428 2780 ὲ

2287 2740 2310 2777 s
2407 2726 2661 2795 ἔρχεται,
2719 2727 2813 2779 καὶ
2867 2730 2899 2781 d
2944 2728 3217 2795 βραχίων
3267 2730 3415 2797 μετὰ
3462 2731 3691 2797 κυρίας,
3736 2730 3889 2785 Ἰδοὺ
3944 2733 3979 2786 ὀ

736 2836 855 2875 cum
881 2835 964 2884 eo,
992 2827 1098 2872 etc.
2402 2836 2428 2887 ι

2402 2817 2619 2887 μισθὸς
2651 2818 2836 2871 αὑτοῦ
2861 2820 3016 2885 μετὰ
3047 2820 3252 2885 αὑτοῦ,
3286 2837 3337 2873 κ.
3378 2838 3429 2873 τ.
3464 2821 3512 2873 λ.

804 2908 970 2981 ω
995 2906 1197 2961 Ordine
1240 2906 1374 2976 jam,
1406 2914 1693 2976 postquam
1726 2905 1794 2959 de
1828 2919 1960 2959 voce
2008 2905 2061 2959 in
2116 2904 2311 2959 solitu-
2490 2909 2496 2926 ⁴

2287 2933 2311 2944 -
2490 2908 2822 2971 ’Δκολούοως
2854 2910 2989 2978 μετὰ
3011 2911 3111 2981 τὴν
3143 2912 3200 2963 ὲν
3222 2914 3288 2980 τῇ
3325 2913 3517 2982 ἐρήμῳ
3542 2912 3750 2982 βοῶσαν
3766 2913 3972 2982 φωνὴν,

737 2998 865 3054 dine
902 2998 1173 3052 clamante
1211 2995 1492 3059 disseruit,
1544 2994 1607 3047 ad
1655 2995 2021 3064 evangelistas
2073 2992 2311 3046 Christi-
2408 3014 2429 3050 ιι

2289 3021 2311 3031 ·
2408 2998 2475 3051 τά
2507 2999 2636 3070 περὶ
2672 2999 2779 3051 τῶν
2817 3000 3216 3067 εὐαγγελιστῶν
3244 3003 3339 3053 καὶ
3394 3005 3491 3071 τῆς
3523 3003 3758 3072 Χριστοῦ
3773 3019 3979 3072 παρου-

739 3104 844 3157 que
875 3088 1163 3141 adventum
1197 3086 1413 3139 transit.
1444 3084 1643 3138 Locum
1675 3100 1802 3139 vero
1837 3086 1980 3137 hunc
2006 3085 2057 3136 in
2080 3084 2299 3136 modum

741 3179 1138 3245 interpretatur
1166 3174 1365 3244 Aquila
1398 3191 1410 3228 :
1450 3172 1515 3227 In
1564 3185 1787 3227 montem
1806 3175 2080 3227 'ezcelsum
2117 3187 2299 3225 ascen-

2411 3088 2531 3151 σίας
2593 3088 2889 3159 ἐπήγαγεν.
2926 3090 2984 3141 '0
3045 3089 3099 3141 δὲ
3150 3090 3379 3152 Ἀκύλας
3427 3091 3593 3161 φησίν
3630 3092 3783 3143 ’Ἐπ’
3839 3092 3969 3159 ὄρος

2406 3179 2652 3245 ὑψηλὸν
2726 3179 2999 3245 ἀνάϐηθι,
3037 3180 3223 3247 ἑαυτῇ
3269 3180 3762 3250 εὐαησελιζομένη
3800 3181 3973 3233 Σιών.

739 3270 825 3335 de,
850 3284 965 3339 qua
987 3267 1078 3320 tibi
1110 3267 1210 3333 ipsi
1238 3265 1583 3335 evangelizas,
1612 3264 1771 3329 Sion;
1792 3274 1840 3318 et
1867 3264 2047 3315 attolle
2093 3263 2301 3331 fortiter
2327 3282 2371 3341 ο
2404 3270 2431 3320 1

2284 3279 2301 3314 r
2327 3282 2371 3341 ο
2404 3266 2512 3320 Kal
2557 3267 2793 3334 ὲπάρων
2827 3267 2844 3306 ι
2872 3270 3133 3337 ἰσχυρῶς
3162 3270 3278 3337 τὴν
3339 3272 3976 3339 φωνὴνβὺαηνελισα-

740 3373 1066 3426 rocem,qutc
1093 3356 1440 3424 evangelizas,
1468 3354 1785 3409 Jerusalem.
1817 3354 2121 3422 Cancrique
2148 3354 2301 3406 siuti-

741 3449 886 3513 liter,
916 3458 1172 3517 tanquam
1203 3444 1269 3499 ad
1306 3460 1393 3499 res
1425 3445 1717 3507 animatas,
1750 3441 2053 3497 Jerusalem
2089 3449 2145 3494 et
2181 3441 2303 3493 Sio-

741 3556 889 3602 nem,
925 3553 1231 3594 sermonem
1266 3524 1528 3607 dirigunt.
1568 3533 1634 3588 In
1685 3550 1837 3603 quem
1895 3549 2027 3587 vero
2074 3543 2300 3586 montem

742 3629 983 3685 ascendet
1021 3628 1170 3695 Sion,
1210 3644 1327 3682 cum
1354 3636 1403 3681 et
1432 3628 1539 3693 ipse
1566 3642 1713 3679 mons
1746 3624 1990 3678 dicatur?
2048 3622 2301 3692 Legimus

741 3722 932 3775 enim:
977 3736 996 3771 ι
1044 3719 1199 3774 Mons
1250 3718 1401 3781 Sion,
1445 3718 1497 3770 in
1548 3730 1657 3785 quo
1714 3714 1965 3768 habitasti
1996 3714 2065 3767 ".
2113 3729 2133 3763 ι
2196 3710 2298 3766 Et:

748 3830 768 3863 ι
806 3812 921 3866 Non
966 3812 1109 3865 enim
1144 3809 1455 3865 accessistis
1493 3807 1560 3861 ad
1599 3817 1835 3861 montem
1876 3805 2009 3859 Sion
2041 3806 2107 3858 ⁸³.
2145 3822 2162 3854 ι
2211 3802 2301 3857 Vi-

744 3905 902 3958 detur
941 3903 1101 3973 igitnr
1136 3902 1505 3970 apostolorum
1532 3899 1758 3952 chorum
1793 3896 2124 3965 signiﬁcare,
2157 3909 2298 3965 quos

746 4004 900 4049 antea
928 4008 1022 4047 eor
1058 3991 1380 4055 Jerusalem,
1405 4000 1658 4061 tanquam
1686 4004 1716 4043 e
1742 3988 2071 4042 circumciso
2100 3988 2302 4058 populo

743 4087 976 4141 eximios
1010 4086 1222 4154 aliquos
1258 4084 1378 4138 ideo
1413 4083 1723 4153 appellavit,
1751 4080 1896 4150 quod
1935 4080 2029 4135 Dei
2061 4081 2302 4135 salutare

744 4178 945 4247 adepti,
982 4176 1247 4232 sublimes
1277 4175 1467 4242 aliqui,
1503 4172 1901 4242 unigenitoque
1933 4172 2143 4226 similes
2174 4187 2303 4227 eva-

745 4270 965 4332 sissent,
996 4267 1087 4338 qui
1133 4282 1278 4320 mons
1312 4281 1435 4320 esse
1488 4279 1707 4335 quoque
1743 4266 1945 4320 dicitur
1997 4280 2011 4316 :
2048 4265 2101 4317 in
2153 4279 2303 4333 quem

745 4359 1042 4420 ascendere,
1066 4359 1380 4427 Christique
1414 4357 1705 4411 adventum
1747 4357 2119 4426 promulgare,
2165 4355 2300 4409 nihil

743 4451 999 4518 denique,
1040 4450 1441 4519 quantumlibet
1482 4448 1771 4515 insurgunt
1819 4446 2009 4515 aliqui,
2060 4453 2304 4498 metuere

740 4542 1001 4611 iubentur
1031 4558 1045 4593 :
1077 4540 1126 4594 id
1151 4532 1254 4603 est,
1287 4554 1395 4592 non
1427 4540 1588 4603 clam,
1614 4538 1707 4591 sed
1734 4538 1980 4607 publice,
2002 4550 2111 4590 non
2144 4536 2305 4590 unius

2402 3356 2558 3426 μένη
2596 3357 3015 3427 Ἰερουσαλήμ.
3050 3362 3153 3413 Καὶ
3171 3362 3220 3412 oi.
3247 3361 3424 3412 λοιποὶ
3457 3361 3511 3413 δὲ
3544 3361 3869 3430 συμφώνως.
3901 3363 3977 3425 ὡς

2408 3451 2541 3518 πρὸς
2569 3449 2809 3520 ἔμψυχον
2838 3451 2937 3520 τὴν
2978 3452 3329 3521 Ἰερουσαλὴμ
3376 3455 3469 3505 καὶ
3516 3452 3614 3522 τὴν
3654 3449 3788 3505 Σιὼν
3837 3454 3980 3506 ἁπο-

2407 3542 2688 3595 τείνονται.
2727 3543 2857 3595 Ἐπὶ
2887 3541 3061 3596 ποῖον
3098 3539 3211 3597 οὖν
3257 3543 3491 3596 ἄνεισιν
3531 3544 3667 3611 ὄρος
3702 3544 3740 3610 ἡ
3801 3544 3977 3622 Σιὼν⁹

2407 3633 2447 3699 ἠ
2477 3633 2572 3685 καὶ
2598 3632 2750 3700 αὐτὴ
2778 3632 2915 3699 ὄρος
2950 3634 3273 3701 λεχθεῖσα;
3323 3634 3463 3688 κατά
3493 3634 3572 3699 τὸ,
3603 3655 3621 3687 ι
3657 3636 3820 3706 Ὀρος
3837 3636 3982 3690 Σιὼν

2406 3721 2566 3775 τοῦτο
2609 3721 2636 3774 ὃ
2684 3724 3107 3794 κατεσκήνωσας
3138 3726 3195 3779 ὲν
3252 3726 3423 3795 αὐτῷ.
3466 3745 3485 3777 ›
3522 3727 3651 3788 Καὶ,
3688 3745 3707 3775 ι
3736 3724 3808 3778 Οὐ
3863 3728 3977 3792 γὰρ

2408 3812 2842 3883 προσεληλύθατε
2874 3817 3011 3867 Σιὼν
3066 3816 3204 3885 ὄρει.
3249 3836 3265 3867 ι
3312 3818 3496 3870 Ἔοικε
3563 3818 3742 3870 τοίνυν
3778 3818 3978 3888 δηλοῦν

2407 3902 2499 3954 τὸν
2555 3904 2662 3955 τῶν
2729 3904 3041 3957 ἀποστόλων
3101 3906 3283 3976 χορὸν,
3308 3906 3403 3969 οὓς
3442 3908 3536 3959 καὶ
3584 3907 3696 3960 ἄνω
3751 3909 3981 3977 καρδίαν

2408 3991 2992 4065 ἔφησενΊερουσαλὴμ,
3015 3997 3088 4059 ὡς
3124 3998 3187 4050 ἂν
3202 3998 3263 4050 ὲκ
3292 3996 3383 4050 τοῦ
3416 4000 3479 4051 ὲκ
3505 3998 3805 4068 περιτομῆς
3833 3999 3981 4063 ἐξει-

2408 4080 2672 4149 λεγμένου
2706 4081 2858 4146 λαοῦ,
2891 4084 2941 4137 οἳ
2998 4085 3092 4138 καὶ
3120 4084 3179 4138 τὸ
3227 4088 3491 4157 σωτήριον
3523 4087 3617 4140 τοῦ
3668 4088 3801 4140 Θεοῦ
3836 4107 3981 4161 παρτ

2409 4170 2655 4236 εδέξαντο
2713 4174 3012 4245 ἐπηρμένοι
3039 4174 3184 4238 τινὲς
3238 4174 3413 4241 ὄντες,
3466 4178 3561 4231 καὶ
3592 4178 3669 4249 τῷ
3701 4184 3985 4248 μονογενεῖ

2410 4264 2875 4334 παρεικασθέντες
2906 4266 3025 4332 ὄρει
3048 4269 3140 4320 καὶ
3187 4266 3334 4336 αὑτῷ
3384 4269 3770 4339 χρηματίζοντι
3804 4286 3818 4299 ·
3884 4271 3983 4338 ἐφ’

2411 4353 2483 4405 ὃν
2509 4353 2737 4408 ἀνιέναι
2767 4355 3098 4419 κελεύονται,
3130 4357 3222 4410 τοῦ
3254 4358 3490 4427 Χριστοῦ
3524 4359 3621 4429 τὴν
3676 4362 3984 4431 παρουσίαν

2410 4441 2764 4510 κηρύξοντες,
2792 4444 2894 4496 κάν
2922 4461 3065 4506 τινες
3094 4446 3460 4509 ὲπαναστῶσι,
3507 4446 3733 4500 δεδιέναι
3764 4449 3935 4519 μηδέν
3966 4464 3979 4476 ·

2410 4531 2576 4601 ἤγουν
2610 4534 2684 4601 μὴ
2707 4531 2881 4604 λάϐρα
2912 4533 3182 4587 διδάσκειν
3225 4536 3469 4600 κελεύει,
3519 4537 3865 4607 δημοσιεύειν
3926 4540 3985 4593 δὲ

744 4641 800 4686 et
832 4632 1053 4685 alterius
1071 4639 1303 4693 tantum,
1330 4630 1423 4683 sed
1443 4629 1683 4683 omnium
1703 4628 1926 4681 auribus
1949 4626 2299 4693 Evangelittm
2334 4615 2379 4671 Ι)
2405 4638 2436 4672 τ

2290 4642 2299 4678 ι
2334 4615 2379 4671 D
2405 4622 2466 4673 τὸ
2500 4622 2782 4692 κήρυγμα,
2842 4624 2936 4677 καὶ
2980 4626 3203 4693 ποιῆσαι
3238 4628 3403 4680 πᾶσιν
3434 4628 3777 4693 ἐξάκουστον,
3836 4631 3982 4682 κατὰ

746 4735 1065 4791 personare,
1094 4720 1245 4788 juxta
1288 4718 1418 4771 illud
1450 4734 1464 4772 :
1507 4735 1525 4769 ι
1555 4716 1709 4783 Quod
1743 4718 1795 4769 in
1828 4729 1962 4769 aure
1986 4713 2207 4778 auditis,
2246 4714 2300 4767 in

746 4811 905 4864 tectis
936 4813 1255 4862 annuntiate
1276 4806 1344 4861 ".
1375 4824 1394 4856 ι
1422 4807 1597 4875 Atque
1624 4806 1674 4858 id
1702 4806 1877 4873 ipsum
1902 4813 2050 4857 certe
2087 4803 2304 4872 prasstio

747 4907 951 4960 terunt.
974 4915 1095 4951 cum
1121 4905 1342 4952 orantes
1371 4898 1629 4951 dixerunt
1654 4912 1669 4949 :
1712 4913 1731 4947 t
1768 4891 1834 4947 Et
1864 4909 2029 4957 nunc,
2058 4891 2303 4956 Domine,

748 4992 957 5045 intui-re
992 4990 1044 5043 in
1075 4988 1235 5060 445
1272 4989 1447 5042 minas
1477 5000 1666 5040 eorum
1704 5000 1719 5037 :
1757 4993 1810 5039 et
1862 4984 1929 5038 da
1984 4984 2157 5038 servis
2200 4983 2309 5038 tuis

745 5096 868 5135 eum
907 5081 1154 5133 libertate
1184 5081 1325 5149 loqui
1351 5079 1569 5132 verbum
1602 5085 1753 5130 tuum
1783 5076 1851 5129 ⁸⁸.
1893 5092 1913 5127 ι
1949 5073 2153 5129 Deinde
2173 5090 2302 5128 vero

747 5170 889 5240 quod
922 5186 1035 5224 ecce
1063 5172 1220 5233 dixit,
1264 5185 1369 5223 non
1404 5170 1558 5238 longe
1587 5168 1707 5236 ejus
1749 5167 2038 5220 adventum
2084 5166 2296 5227 abesse,

746 5261 838 5314 sed
885 5261 1086 5314 instare
1138 5259 1495 5313 demonstrat.
1548 5258 1709 5312 iubet
1763 5256 1946 5326 itaque
1998 5256 2293 5309 civitatibus

745 5351 922 5417 Iudae,
950 5352 1002 5406 id
1025 5360 1106 5406 est
1135 5353 1421 5423 synagogis
1446 5392 1461 5416 ,
1493 5351 1789 5404 inclamare
1808 5364 1930 5401 eum
1961 5347 2137 5416 ipsum
2161 5362 2303 5414 esse,

862 5468 907 5497 "°
935 5465 1089 5521 Joan.
1130 5484 1245 5534 vnn,
1276 5466 1363 5520 5|.
1441 5465 1481 5497 "
1518 5464 1675 5519 liom.
1707 5480 1784 5531 ix,
1814 5463 1883 5519 53

751 5550 821 5600 tv,
847 5537 938 5591 29.

1957 5461 2001 5492 "
2038 5460 2182 5518 Psal.
2223 5480 2418 5531 Lxxtn,
2447 5467 2499 5521 2.

2407 4711 2487 4777 τδ,
2547 4729 2567 4763 ι
2613 4715 2676 4765 "U
2709 4713 2933 4767 ἀκούετε
2999 4716 3080 4777 εἰς
3105 4715 3164 4768 τὸ
3217 4715 3333 4778 οῦς,
3398 4718 3491 4770 ἐπὶ
3548 4717 3658 4769 τῶν
3711 4718 3983 4787 δωμάτων

2411 4802 2705 4873 κηρύξατε.
2753 4823 2770 4856 ι
2822 4807 2887 4857 '0
2909 4806 3003 4858 xui
3031 4807 3219 4875 ελεγον
3273 4808 3747 4878 προσευχόμενοι·
3786 4827 3805 4860 ι
3870 4810 3987 4862 Καὶ

2413 4891 2529 4957 νῦν,
2566 4892 2761 4965 Κύριε,
2797 4895 2946 4949 ἔπιδε
2974 4898 3068 4950 ἐπὶ
3088 4897 3188 4962 τὰς
3219 4898 3452 4961 ἀπειλὰς
3513 4898 3712 4962 αὐτῶν,
3747 4900 3842 4952 καὶ
3892 4900 3988 4965 δὸς

2415 4986 2524 5046 τοῖς
2550 4984 2755 5047 δούλοις
2782 5003 2876 5038 σου
2909 4987 3049 5054 μετά
3101 4990 3417 5058 παρρησίας
3474 4987 3652 5041 λαλεῖν
3699 4990 3791 5041 τὸν
3824 4978 3990 5055 λόγον

2408 5090 2557 5128 σου.»
2591 5076 2699 5129 Καὶ
2719 5077 2779 5129 τὸ
2801 5077 2929 5130 ἰδοὺ
2956 5078 3011 5131 δὲ
3037 5078 3390 5146 λέγων,φασὶ,
3416 5078 3477 5130 τὸ
3502 5079 3577 5149 μὴ
3604 5078 3742 5148 μετά
3763 5080 3992 5147 μακρὰν

2404 5164 2552 5233 ἥξειν
2574 5165 2742 5236 δηλοῖ,
2775 5170 3058 5237 μονονουχὶ
3084 5170 3311 5237 πλησίον
3341 5169 3466 5221 ὄντα
3525 5168 3753 5230 δεικνύς.
3776 5169 3992 5246 Ἥγουν

2402 5255 2528 5320 ταῖς
2554 5258 2995 5311 πόλεσινἹούδα
3016 5259 3223 5312 κελεύει
3252 5260 3399 5330 βοᾷν,
3423 5259 3543 5322 ταῖς
3566 5259 3770 5311 τούτων
3792 5259 3981 5325 δηλον-

2416 5349 2499 5401 ότι
2559 5350 2922 5414 συναγωγαῖς,
2984 5349 3059 5412 ὡς
3119 5343 3273 5412 οὗτος
3354 5352 3564 5412 ἐκεῖνος
3621 5351 3648 5401 ό
3705 5346 3991 5419 πρόπαλαι

2604 5465 2650 5496 ⁸³
2679 5463 2842 5521 Hebr.
2886 5481 2986 5530 χιι,
3011 5464 3098 5521 22.
3176 5466 3223 5498 “
3264 5465 3449 5521 Matth.
3486 5482 3540 5533 κ,
3576 5464 3669 5522 ‘27.
3768 5468 3815 5500 ”
3852 5472 3989 5521 Act.

2028 5625 2255 5681 ΥΔΒΙΑΕ
2294 5622 2691 5681 LECTIONES.

830 5714 846 5756 ι
875 5735 964 5787 γρ.
995 5714 1228 5786 ἔπειρον.
