4284 6440
294 382 430 450 23η

1416 410 1941 471 COMMENTARII
1980 413 2056 471 ΙΝ
2122 419 2400 483 ΙΒᾹῘΑΜ.

3389 441 3527 501 9313

293 493 765 565 προσδοκώμενος,
796 504 995 568 φωναῖς
1023 508 1190 574 ἁγίων
1215 519 1710 585 προκαταγγελθεῖς
1740 537 1869 588 προ-
1902 525 1941 575 Α
1974 538 1985 571 t

1835 539 1869 571 ι-
1902 525 1941 575 Α
1974 523 2064 588 qui
2091 525 2290 579 dudum
2322 541 2688 600 exspectatus,
2718 540 3101 608 prophetarum
3131 546 3354 601 vocibus
3401 564 3527 606 aute

290 598 501 651 φητων.

374 674 462 727 Ἐν
493 679 674 746 ταυτῷ
710 679 765 731 δὲ
801 684 894 734 καὶ
923 685 1020 755 τὴν
1047 691 1209 742 αὐτοῦ
1242 697 1545 765 παρουσίαν
1574 700 1858 769 ἐδήλωσεν,

281 763 433 829 μετὰ
472 766 745 836 μεγάλης
786 774 1001 839 ἰσχύος
1032 778 1201 842 ἥξειν
1243 763 1410 840 εἰπὼν
1449 790 1541 842 καὶ
1574 763 1859 861 κυριακῆς

284 855 629 924 (ιὺθεντίας,
650 861 736 913 ὅτε
761 864 897 932 πρὸς
927 868 997 920 τὰ
1022 869 1157 937 ἔργα
1189 877 1281 927 καὶ
1310 878 1400 929 τὸν
1432 880 1623 948 μισθὸν
1646 855 1858 954 έκάστῖιρ

281 946 603 1012 παρέξεται.
642 951 911 1025 Καθάπερ
940 959 1113 1026 ἔλεγε’
1157 981 1175 1013 ι
1203 967 1400 1020 Μέλλει
1430 946 1537 1040 γάρ
1564 973 1591 1024 6
1618 973 1739 1037 Υἱὸς
1763 946 1855 1028 τοῦ

280 1034 582 1131 ἀνρρώπου.
613 1040 867 1131 ἔρχεσθαι
898 1049 956 1100 ἐν
987 1054 1050 1119 τῇ
1079 1053 1204 1123 δόξῃ
1237 1058 1330 1109 τοῦ
1380 1034 1619 1130 Πατέρος
1669 1034 1853 1131 αῦτοῦ,

281 1122 377 1173 καὶ
412 1125 683 1179 ἀποδώσει
734 1130 947 1205 ἑκάστῳ
994 1141 1135 1192 κατὰ
1166 1144 1233 1193 τά
1266 1146 1400 1212 ἔργα
1432 1149 1612 1206 αὑτοῦ.
1645 1171 1663 1203 ι
1697 1154 1857 1217 Τινὲς

277 1210 337 1263 δὲ
365 1214 460 1264 καὶ
494 1215 667 1269 ταῦτα
708 1221 918 1292 ἐπὶτῆς
949 1232 1219 1301 προτέρας
1250 1236 1499 1301 ἐδέξαντο
1529 1246 1851 1311 παρουσίας,

276 1301 567 1355 δεικνύντα
608 1307 683 1377 μὴ
726 1312 849 1363 καθ’
872 1315 968 1366 ἕνα
1011 1319 1121 1370 τῶν
1166 1327 1462 1394 προφητῶν
1492 1328 1641 1397 ἥξειν
1669 1334 1852 1395 αὑτὸν,

274 1391 329 1443 οἳ
359 1393 453 1443 καὶ
487 1394 1027 1469 Θαυματουργοῦντες
1057 1410 1304 1479 ηὔχοντο.
1337 1417 1568 1483 Χριστὸς
1618 1421 1673 1473 δὲ
1722 1425 1854 1476 κατ’

276 1482 564 1535 αῦΘεντίαν
611 1488 806 1556 ἡλαυνε
856 1495 1003 1563 πάθη
1055 1501 1149 1552 καὶ
1195 1502 1603 1571 δαίμονας.”οτι
1650 1511 1705 1563 δὲ
1750 1514 1851 1565 οὐκ

272 1572 528 1641 ἄκαρπον
555 1577 694 1646 ὑπὲρ
719 1581 875 1647 ἡμῶν
898 1583 1157 1653 ὑπέμεινε
1183 1591 1273 1643 τὸν
1303 1596 1532 1664 σταυρὸν
1565 1599 1731 1669 δηλοῖ,
1762 1601 1850 1653 λέ-

271 1673 388 1723 γων
406 1676 421 1690 '
442 1661 588 1714 Ἰδοὺ
610 1667 641 1716 d
657 1670 878 1731 μισθὸς
903 1674 1089 1726 αὑτοῦ
1111 1678 1238 1742 μετ’
1254 1661 1458 1736 αὑτοῦ.
1470 1661 1689 1754 Ἔλεγεν
1710 1661 1845 1758 γάρ’

276 1766 293 1797 ι
321 1747 448 1801 Ἐὰν
473 1752 549 1821 μὴ
577 1755 605 1805 6
635 1756 832 1820 κόκκος
852 1760 947 1812 τοῦ
971 1764 1117 1815 σίτου
1142 1769 1322 1822 πεσὼν
1348 1773 1428 1836 εἰς
1456 1776 1557 1845 τὴν
1581 1747 1686 1845 ⁴γῆν
1708 1747 1846 1832 art-o-

1964 615 2316 675 denuntiatus
2348 626 2437 675 sit.

2036 704 2214 759 Simul
2247 718 2430 763 autem
2468 722 2521 765 et
2569 714 2690 783 ejus
2726 717 3014 773 adventum
3052 721 3335 785 indicavit.
3380 732 3523 796 quod

1962 812 2153 863 magna
2192 813 2308 851 cum
2356 802 2546 854 virtute
2591 814 2639 857 et
2682 816 2939 873 potestate
2970 812 3369 882 dominatiums,
3415 837 3526 886 quo

1959 889 2205 949 tempore
2267 888 2577 941 mercedem
2657 893 2955 962 unicuique
3013 905 3311 955 secundum
3358 920 3522 973 opem

1958 974 2342 1038 persoluturus
2380 986 2484 1040 est,
2536 992 2822 1037 venturum
2857 986 3163 1043 allirmavit.
3190 994 3363 1062 Atque
3396 998 3521 1052 hinc

1957 1072 2061 1125 est,
2091 1067 2235 1132 quod
2279 1068 2501 1123 dicebat
2534 1086 2548 1122 :
2594 1090 2613 1123 ι
2643 1072 2814 1129 Filius
2843 1077 3083 1134 hominis
3117 1085 3295 1136 veniet
3324 1089 3374 1139 in
3400 1090 3522 1154 glo-

1957 1152 2035 1205 ria
2062 1152 2240 1209 Patris
2271 1158 2381 1216 sui.
2406 1167 2458 1211 et.
2490 1162 2680 1215 reddet
2711 1166 3011 1237 unicuique
3038 1174 3335 1227 secundum
3357 1152 3519 1245 opera

1959 1257 2057 1296 sua
2086 1246 2155 1297 ".
2198 1266 2216 1296 ι
2251 1246 2370 1300 Non
2416 1248 2637 1315 desunt,
2675 1256 2766 1322 qui
2800 1258 2904 1310 ista
2951 1262 3116 1314 etiam
3173 1264 3237 1317 ad
3282 1268 3519 1334 priorem

1955 1336 2247 1389 adventurm
2281 1339 2561 1405 referant;
2594 1359 2735 1411 qum,
2766 1363 2874 1400 non
2915 1359 2971 1402 ut
2998 1368 3161 1404 unum
3192 1372 3253 1408 ex
3289 1360 3521 1426 prophe-

1954 1426 2023 1478 tis
2056 1426 2323 1493 aliqucm,
2352 1431 2445 1497 qui
2479 1433 2746 1487 miracula
2771 1437 2994 1491 edentes
3020 1445 3405 1507 precabantur,
3446 1446 3524 1515 ip—

1952 1529 2072 1568 sum
2104 1527 2392 1571 venturum
2418 1521 2820 1589 demonstrent,
2858 1543 2980 1581 cum
3012 1546 3111 1583 sua
3141 1535 3302 1585 unius
3365 1546 3514 1603 pote-

1952 1614 2092 1659 state
2128 1616 2182 1660 et
2228 1611 2446 1664 morbos
2481 1620 2535 1664 et
2587 1614 2863 1671 daemonas
2906 1623 3230 1688 corporibus
3264 1624 3515 1679 Christus

1950 1698 2208 1765 abegerit.
2244 1699 2429 1768 Neque
2458 1719 2590 1757 vero
2627 1706 2747 1759 sine
2801 1708 3003 1774 fructu,
3041 1724 3233 1766 nostro
3294 1720 3515 1772 nomine

1950 1802 2170 1843 crucem
2200 1792 2438 1847 subiisse
2473 1796 2741 1858 ostendit,
2772 1813 2895 1852 cum
2928 1803 3020 1854 ait:
3055 1803 3190 1857 Ecce
3211 1824 3400 1861 merces
3421 1820 3509 1861 tua

269 1836 412 1910 Βάνῃ
436 1878 451 1901 ,
487 1842 650 1905 αὐτὸς
687 1847 844 1913 μόνος
873 1852 1043 1917 μένει.
1063 1853 1189 1910 Ἐὰν
1232 1860 1289 1911 δὲ
1333 1836 1604 1937 amcam;
1634 1836 1844 1939 ὲαρπὸν
1874 1866 1917 1921 Β

269 1928 441 1959 .q-n‘n'...
494 1930 646 1959 uti--.
703 1952 716 1959 -
757 1936 859 1959 II._\
920 1941 1012 1959 ..μι
1195 1947 1274 1959 ..ει
1375 1953 1387 1959 -
1414 1952 1424 1959 .
1491 1954 1551 1959 __
1616 1958 1619 1959 ,

1956 1836 2169 1843 _-_-----
2200 1836 2438 1847 ---η-...ν
2475 1836 2741 1858 νυ-νηι---ν
2772 1836 2895 1852 vuln
2928 1836 3020 1854 un.
3055 1836 3187 1857 ιιιιῠ
3211 1836 3400 1861 "aucta
3421 1836 3509 1861 um

1817 1889 1844 1923 ν
1874 1866 1917 1921 Β
1949 1895 2169 1932 mecum.
2208 1879 2353 1933 Dixit
2395 1885 2540 1937 enim
2580 1902 2593 1937 :
2638 1905 2655 1935 ι
2687 1886 2800 1942 Nisi
2831 1907 3057 1959 granum
3107 1895 3366 1952 frumenti
3414 1915 3509 1953 ca-

267 1928 441 1979 πολὺν
494 1930 671 2000 φέρει,
702 1952 720 1983 ι
757 1936 864 1990 Kal
916 1941 1110 1994 πάλιν·
1152 1964 1170 1997 ι
1195 1947 1318 2001 Ἐὰν
1366 1928 1670 2019 ὑψωοιῦνὲκ
1711 1928 1838 2028 ἶγῆς.

266 2017 484 2077 πάντας
514 2018 725 2072 ἑλκύσω
753 2026 887 2092 πρὸς
918 2027 1176 2095 ἐμαυτόν.
1206 2052 1225 2083 ι
1271 2038 1378 2089 Καὶ
1409 2017 1618 2106 Παῦλος
1655 2017 1842 2117 δέ

267 2117 391 2153 σιν*
449 2121 468 2153 ι
495 2105 783 2174 ’Υπέμεινε
830 2117 1061 2182 σταυρὸν
1110 2124 1370 2195 αἰσχύνης
1401 2105 1836 2204 καταφρονήσας.

262 2193 359 2244 Διὸ
389 2194 483 2247 καὶ
513 2198 542 2248 6
568 2199 701 2261 Θεὸς
732 2204 893 2255 αὑτὸν
920 2208 1246 2279 ὑπερύψωσε
1268 2257 1281 2280 ,
1312 2193 1405 2272 καὶ
1432 2193 1721 2292 ἐχαρίσατο
1746 2193 1841 2281 αῦ-

260 2282 346 2353 τῷ
374 2286 434 2386 τό
464 2286 636 2357 ὄνομα
669 2292 730 2344 τὸ
762 2294 903 2365 ὑπὲρ
930 2302 1035 2352 πᾶν
1064 2303 1256 2373 ὄνομα,
1294 2310 1380 2363 ἵνα
1410 2282 1574 2383 ἐν’τῷ
1615 2316 1838 2386 ὀνόματι

259 2374 454 2441 αὑτοῦ,
488 2397 507 2428 ι
562 2380 659 2432 καὶ
706 2382 773 2435 τὰ
823 2386 970 2455 ἑξῆς.
1022 2394 1131 2445 Καὶ
1160 2398 1188 2448 6
1222 2399 1385 2453 Δαϐὶδ
1411 2403 1466 2454 δὲ
1500 2374 1793 2475 προῦλεγεν
1821 2427 1833 2439 ·

267 2481 286 2514 ι
317 2465 505 2520 Πάντα
546 2469 614 2521 τὰ
656 2471 782 2542 ἔθνη
809 2475 907 2529 ὅσα
937 2482 1199 2551 ἐποίησας
1234 2489 1441 2556 ἥξουσι,
1475 2495 1565 2546 καὶ
1596 2512 1836 2566 προσκυ-

256 2553 522 2624 νήσουσιν
547 2560 778 2615 ἐνώπιόν
807 2583 922 2622 σου.
955 2588 973 2619 ι
1008 2572 1080 2624 Τὸ
1104 2575 1180 2636 δὲ,
1201 2553 1295 2643 Ὡνς
1322 2553 1546 2652 ποιμὴν
1566 2553 1845 2656 ποιμανεῖ
1897 2616 1903 2622 ~

257 2644 333 2697 τὸ
378 2648 660 2714 ποίμνιον
703 2654 911 2717 αὐτοῦ,
959 2661 1406 2734 ὁμολογουμένως
1435 2676 1535 2743 τῆς
1567 2678 1838 2747 προτέρας

256 2733 381 2784 ἐστὶ
415 2739 738 2804 παρουσίας.
761 2741 846 2805 Ὠς
882 2745 1012 2810 Θεὸς
1048 2753 1146 2819 μὲν
1172 2733 1277 2825 γάρ
1301 2733 1499 2827 κρινείξ
1517 2733 1679 2827 iaces
1705 2733 1835 2839 μ.ορΙ

257 2824 371 2894 φὴν
397 2825 583 2880 δούλου
607 2830 785 2884 λαϐὼν
816 2840 1151 2905 ποιμαίνειν
1176 2847 1241 2898 τὸ
1264 2851 1542 2917 ποίμνιον
1570 2857 1783 2926 εἴρηται

256 2913 455 2981 λέγων,
476 2919 617 2985 Ἐγώ
647 2924 761 2991 ειμι
793 2926 821 2977 6
849 2930 1050 2999 ποιμὴν
1075 2934 1104 2985 6
1135 2936 1316 2998 καλός.
1342 2913 1636 3009 ἀραχίονα
1666 2913 1720 3000 όὲ
1741 2925 1835 3002 αὐέ

240 3004 357 3085 1τοῦ
381 3007 556 3069 καλεῖ,
576 3013 727 3076 φασὶ,
760 3014 857 3084 τὴν
879 3016 1128 3090 θεότητα,
1157 3024 1223 3076 δι’
1240 3021 1299 3077 οῦ
1316 3004 1607 3095 σιζνιίξξειν
1624 3037 1803 3102 ἄρνας
1818 3079 1833 3102 ,

253 3096 360 3148 καὶ
410 3098 480 3149 ἐν
526 3104 738 3170 γαστρὶ
786 3106 1052 3176 ἐχούσας
1105 3121 1547 3184 παρακαλέσειν
1598 3096 1830 3197 εἴρηταιί

257 3186 475 3252 Ἀρνας·
503 3190 597 3241 τοῦ
634 3192 794 3259 λόγου
826 3197 1108 3266 δηλοῦντος
1136 3209 1262 3267 τοὺς
1282 3210 1588 3279 ἀρτιγενεῖς
1610 3186 1668 3269 ὲν
1693 3186 1829 3289 ρι-
1859 3202 1900 3259 C

252 3275 389 3345 στῷ.
422 3277 622 3349 Διόπερ
661 3282 893 3348 Ἀκύλας
924 3290 1100 3356 ἀρνία
1137 3275 1332 3365 φησίν.
1367 3275 1464 3371 Είη
1491 3305 1535 3356 δ’
1566 3275 1632 3358 ἂν
1661 3311 1688 3361 6
1712 3275 1828 3375 νέος

249 3364 404 3463 λαός.
431 3368 505 3419 Οὐ
536 3370 646 3463 γὰρ
675 3372 778 3443 ἔφη
813 3380 1021 3446 κριοὺς,
1049 3383 1079 3452 ἤ
1109 3364 1362 3454 τράγους,
1398 3364 1709 3463 ἢπρόϐατα
1739 3364 1825 3452 év:

248 3455 407 3526 τελῇ,
437 3462 568 3526 περὶ
591 3455 666 3513 ὧν
691 3464 775 3516 ἓτε
786 3483 875 3535 ρος
907 3472 1128 3526 τοιαῦτα
1156 3477 1390 3533 διδάσκει
1428 3489 1708 3555 προφήτης
1736 3489 1825 3542 λέ-

247 3560 396 3609 γων·
439 3565 458 3596 ι
489 3546 567 3601 Τὰ
602 3551 658 3603 δὲ
692 3553 838 3622 λέγει
869 3558 1070 3628 Κύριος
1093 3579 1105 3592 ⁸
1126 3566 1255 3620 Ἰδοὺ
1281 3570 1391 3636 ἐγὼ
1420 3546 1825 3648 κρινϐίάναμέ-

249 3653 350 3688 σον
381 3641 653 3709 προϐάτου
679 3647 771 3696 καὶ
794 3651 1092 3716 προϐάτου,
1110 3659 1202 3709 καὶ
1231 3661 1401 3730 κριῶν
1428 3665 1521 3716 καὶ
1550 3641 1817 3736 τράγοίν.»

247 3727 367 3778 Καί
387 3742 401 3754 ³
451 3752 467 3780 ι
500 3732 612 3801 Οὐχ
645 3736 828 3788 ἱκανὸν
859 3740 1006 3807 ὑμῖν,
1036 3746 1117 3797 ὅτι
1138 3748 1236 3816 τὴν
1269 3727 1438 3823 καλὴν
1467 3727 1637 3826 νομήν
1665 3727 1825 3828 νέμε-

248 3820 368 3882 σθε,
398 3822 493 3874 καὶ
518 3825 584 3877 τὰ
608 3828 911 3883 κατάλοιπα
938 3836 1046 3895 τοῖς
1078 3838 1234 3889 ποσὶν
1258 3840 1409 3909 ὑμῶν
1433 3852 1785 3903 κατεπατείτε
1806 3870 1820 3913 ;

245 3914 350 3966 καὶ
383 3913 445 3965 τὸ
470 3915 811 3985 καθεστηκός
847 3919 990 3991 ὕδωρ
1022 3925 1269 3994 ἐπίνετε;
1300 3933 1393 3985 καὶ
1420 3934 1480 3986 τὸ
1513 3935 1697 3991 λοιπὸν
1714 3944 1820 4003 τοῖς

243 4005 411 4057 ποσὶν
462 4007 615 4074 ὑμῶν
660 4010 1025 4080 ἐταράσσετε;
1060 4036 1078 4068 ι
1123 4020 1234 4072 Καὶ
1277 4023 1468 4077 πάλινο
1512 4029 1682 4081 «Ἰδοὺ
1711 4032 1823 4098 ἐγὼ

242 4093 425 4163 κρίνω
456 4096 558 4147 ἀνὰ
595 4098 756 4165 μέσον
791 4102 1065 4170 προϐάτου
1097 4108 1337 4177 ἰσχυροῦ.
1359 4114 1480 4167 Ἐπὶ
1510 4121 1630 4181 ταῖς
1656 4093 1819 4173 πλε-υ-

245 4186 374 4253 ραίς
402 4185 497 4236 καὶ
525 4189 637 4247 τοῖς
668 4189 826 4240 ποσὶν
856 4192 1008 4261 ὑμῶν
1034 4195 1333 4265 διωοεῑσΘε,
1366 4205 1461 4257 καὶ
1508 4208 1618 4270 τοῖς
1653 4211 1818 4282 κέρα-

242 4293 335 4327 σιν
360 4276 517 4346 ὑμῶν
538 4281 907 4349 ὲκερατίζετε,
938 4286 1031 4337 καὶ
1055 4288 1116 4340 τὸ
1137 4291 1435 4364 ἡσθενηκὸς
1462 4276 1779 4363 ἐξεθλίϐετε.
1795 4322 1814 4355 ι

240 4366 340 4417 Διὸ
372 4367 468 4419 καὶ
510 4371 559 4418 οἱ
592 4370 849 4437 ποιμένες
880 4373 1059 4427 αὐτῶν
1078 4378 1450 4438 διαϐάλλονται
1496 4394 1624 4463 παρ’
1650 4393 1813 4464 αὐτῷ,

239 4457 329 4509 Τὰ
356 4457 415 4508 δὲ
443 4457 597 4521 λέγει
627 4460 853 4528 Κύριος,
879 4465 1120 4533 λέγοντι·
1161 4466 1258 4524 «Ὦ
1288 4478 1541 4545 ποιμένες
1576 4457 1814 4552 ἶισραὴλ.

241 4547 324 4616 μὴ
375 4546 667 4615 βόσκουσιν
716 4554 767 4606 οε
817 4560 1071 4627 ποιμένες
1101 4563 1358 4631 ἑαυτοόςς
1388 4570 1449 4620 οὐ
1482 4570 1549 4624 τὰ
1578 4546 1821 4641 πρόϐα-τα

238 4636 536 4704 βόσκουσιν
580 4642 631 4692 οἱ
678 4647 971 4713 ποιμένες;
1016 4651 1144 4705 Ἰδοὺ
1195 4655 1254 4707 τὸ
1296 4658 1438 4723 γάλα
1483 4636 1816 4720 κατεσθίετε.

238 4727 355 4778 Kal
384 4728 455 4779 τὰ
478 4729 603 4799 ἔρια
628 4735 1044 4801 περιϐάλλεσοε.
1130 4745 1239 4796 Kal
1267 4747 1328 4798 τὸ
1372 4751 1515 4819 παχὺ
1562 4756 1816 4821 σφάξετε·

236 4817 342 4869 καὶ
377 4819 446 4870 τὰ
470 4821 721 4889 πρόϐατά
744 4842 846 4892 μου
861 4826 921 4879 οὐ
933 4823 1207 4893 βόσκιτε.»
1222 4836 1368 4889 Ἐπεὶ
1391 4817 1566 4896 τοίνυν
1590 4817 1817 4912 ἦτάκτει

233 4907 307 4960 τὰ
343 4909 615 4975 πρόϐατα,
644 4913 695 4963 οἱ
723 4914 778 4967 δὲ
817 4920 1076 4986 ποιμένες
1119 4923 1469 4993 ἐλυμαίνοντο
1505 4907 1663 5000 αὐτά,
1702 4942 1815 5001 τοῖς

234 4999 467 5066 ποιμέσι.
488 5002 821 5068 μετάστασιν
841 5008 1249 5079 ἀπειλεί,λέγων
1267 5032 1280 5045 ⁶
1317 5037 1332 5069 ι
1355 5022 1463 5074 Καὶ
1485 4999 1812 5097 ἀποστρέψῷ

234 5088 387 5157 ὑμᾶς
415 5090 510 5142 τοῦ
545 5094 621 5163 μὴ
650 5097 960 5165 ποιμαίνειν
985 5103 1052 5154 τὰ
1079 5104 1324 5174 πρόϐατά
1356 5126 1479 5177 μου.
1512 5131 1531 5163 ι
1562 5088 1811 5171 Καὶνὲπι-

231 5178 415 5247 λέγει’
463 5201 483 5235 ε
522 5183 652 5239 Ἰδοὺ
714 5188 825 5257 ἐγὼ
878 5193 1038 5255 αὐτὸς
1091 5196 1376 5268 ἐκζητὴσω
1442 5202 1507 5255 τά
1569 5208 1810 5278 πρόϐατά

253 5368 390 5420 lium
423 5368 730 5434 minitatur,
764 5370 849 5426 his
882 5377 1065 5431 verbis
1109 5396 1121 5431 :
1158 5399 1175 5430 ι
1216 5380 1280 5435 Ει
1309 5397 1546 5442 avertam
1579 5409 1693 5457 vos,
1742 5414 1809 5453 ne
1848 5404 2084 5472 pascatis
2129 5417 2258 5457 oves
2338 5418 2486 5459 meas
2524 5406 2568 5436 ⁸⁸

232 5471 342 5526 ego
366 5457 647 5526 requiram
689 5474 819 5514 oves
848 5476 996 5518 meas
1023 5466 1086 5521 ".
1127 5486 1145 5517 ι

304 5636 355 5723 ξ’
390 5638 585 5723 Matth.
608 5663 718 5723 avt,
750 5650 841 5723 27A.
918 5650 961 5681 ⁵⁷
1000 5653 1159 5707 Joan.
1192 5671 1287 5719 ιιι,
1322 5658 1410 5714 9-4.
1500 5665 1544 5695 ⁵³
1570 5666 1807 5723 ἱΙιίι1.ῗῖἒ.

228 5720 437 5777 uxxv,
471 5712 525 5767 9.
604 5716 868 5775 "Ezecb.
908 5734 1093 5790 xxxrv,
1137 5724 1223 5779 l7.
1276 5712 1491 5791 "’ibid.
1536 5712 1614 5790 18'.

1910 5672 1954 5705 "
1988 5674 2146 5728 llebr.
2191 5692 2291 5732 xu.
2329 5678 2385 5731 2.

1695 5740 1735 5770 ⁵³
1779 5742 1910 5795 ibid.
1947 5745 2035 5807 20,
2068 5746 2155 5801 2i.
2236 5751 2277 5779 ⁸⁵
2309 5748 2505 5805 l'lzccb.
2542 5766 2598 5815 II,
2637 5750 2687 5801 5-

1942 1973 2078 2029 dens
2105 1974 2158 2028 in
2180 1982 2379 2030 terram
2411 1988 2685 2033 mortuum
2708 1982 2891 2045 fuerit,
2916 1987 3089 2052 ipsum
3111 1992 3283 2044 solum
3304 2004 3505 2050 manet:

1943 2063 1987 2115 si
2011 2074 2191 2118 autem
2208 2077 2482 2120 mortumn
2505 2068 2689 2137 fuerit,
2713 2075 2939 2127 multum
2966 2079 3204 2133 fructum
3222 2083 3377 2138 amyrt
3401 2086 3465 2140 ".
3484 2106 3502 2137 ι

1942 2152 2007 2206 Et
2040 2169 2258 2207 rursum
2298 2173 2309 2208 ε
2356 2174 2375 2207 ι
2423 2158 2478 2210 Si
2518 2161 2791 2217 exaltatus
2839 2165 2994 2219 fuero
3026 2184 3054 2220 a
3100 2180 3266 2237 terra,
3320 2177 3505 2230 omnia

1942 2246 2154 2298 traham
2211 2262 2422 2301 mecum
2466 2249 2533 2301 ad
2574 2266 2662 2305 me
2700 2253 2767 2307 ⁵⁸.
2814 2273 2832 2304 ι
2879 2255 3172 2314 Enimvero
3215 2274 3265 2316 et
3306 2264 3505 2319 Paulus

1941 2335 2057 2404 ipse
2097 2336 2176 2390 sic
2218 2337 2339 2391 ait:
2379 2356 2396 2388 ι
2431 2338 2708 2395 Sustinuit
2747 2360 2967 2400 crucem
3022 2352 3314 2420 ignominia
3368 2374 3504 2411 con-

1940 2433 2140 2494 tempta
2181 2429 2246 2479 ".
2285 2429 2605 2500 -—ldeoque
2634 2443 2687 2486 et
2709 2434 3040 2493 Deus'illum
3063 2447 3502 2515 superexaltavit,

1940 2524 1995 2569 et
2023 2518 2173 2572 dedit
2204 2520 2281 2573 illi
2314 2536 2535 2586 nomen,
2572 2529 2717 2594 quod
2749 2539 2833 2582 est
2869 2546 3038 2600 super
3076 2549 3235 2590 omne
3261 2554 3457 2593 nomen
3487 2559 3499 2597 :

1940 2619 1993 2661 ut
2026 2609 2078 2662 in
2121 2611 2343 2665 nomine
2363 2613 2484 2681 ejus
2517 2615 2582 2679 ⁸⁸,
2624 2636 2641 2666 ι
2680 2626 2789 2671 etc.
2825 2620 2967 2674 Idem
3001 2640 3217 2693 quoque
3246 2637 3297 2679 et
3332 2628 3500 2682 David

1939 2701 2190 2769 pra-dixit
2231 2703 2316 2756 his
2356 2706 2543 2758 verbis
2581 2725 2593 2759 :
2626 2726 2644 2757 ι
2683 2707 2884 2765 Omnes
2916 2724 3105 2779 gentes
3140 2732 3276 2784 quas
3298 2719 3499 2781 fecisti.

1940 2795 2191 2856 venient,
2220 2798 2598 2853 etadorabunt
2634 2802 2685 2855 in
2712 2816 3006 2873 conspectu
3039 2817 3132 2861 tuo
3159 2812 3223 2867 ".
3257 2832 3274 2862 ι
3301 2812 3502 2870 Deinde

1937 2883 2086 2949 quod
2126 2884 2287 2945 dixit,
2338 2884 2608 2956 Tanquam
2656 2904 2839 2957 pastor
2866 2908 3040 2962 pascet
3072 2916 3273 2968 gregem
3305 2920 3453 2955 situm
3482 2945 3496 2963 ,

1938 2972 2002 3023 ad
2048 2972 2289 3039 priorem
2357 2977 2653 3033 adventum
2694 2987 2886 3050 procul
2934 2986 3101 3040 dubio
3142 2993 3363 3056 retulit;
3403 2996 3494 3061 qui

1936 3073 2196 3132 tanquam
2224 3067 2648 3133 Deumjudicare
2671 3114 2685 3137 ,
2712 3082 2968 3143 tanquam
2990 3079 3263 3134 hominem
3290 3092 3491 3145 autem.

1938 3162 2218 3221 assumpta
2253 3156 2398 3209 servi
2431 3172 2907 3230 persona,gregem
2938 3182 3109 3229 suum,
3154 3171 3279 3237 quia
3310 3183 3497 3238 pastor

1934 3247 2112 3301 bonus
2144 3256 2247 3311 est,
2272 3266 2485 3316 pascere
2513 3252 2713 3306 debere
2734 3254 2930 3309 videat.
2968 3255 3308 3313 Divinitatem
3328 3278 3494 3329 porro

1935 3337 2204 3390 brachium
2230 3341 2417 3392 volunt
2446 3342 2703 3411 intelligi,
2732 3360 2839 3411 quo
2865 3346 3068 3402 dicitur
3098 3365 3258 3418 agnos
3284 3369 3494 3421 congre-

1931 3437 2150 3495 gaturus
2177 3471 2190 3492 ,
2222 3438 2267 3482 et
2303 3442 2631 3499 praegnantes
2671 3435 3076 3505 consolaturus;
3123 3452 3178 3493 ut
3232 3459 3488 3509 agnorum

1932 3520 2151 3573 nomine
2178 3535 2273 3574 eos
2307 3520 2603 3591 intelligas,
2630 3526 2721 3593 qui
2753 3536 3003 3581 recenter
3029 3529 3081 3581 in
3113 3531 3333 3584 Christo
3375 3537 3485 3587 nati

1932 3615 2080 3670 sunt,
2140 3623 2278 3675 quos
2333 3610 2404 3664 ob
2444 3612 2493 3663 id
2546 3614 2818 3681 agniculos
2882 3617 3073 3685 Aquila
3133 3624 3483 3689 nuncupavit.

1932 3694 2109 3749 Possit
2138 3706 2190 3751 et
2216 3699 2316 3752 hac
2337 3714 2469 3753 voce
2502 3718 2692 3756 recens
2731 3706 2961 3772 populus
2996 3707 3293 3776 designari.
3328 3711 3490 3782 ωδ

1928 3786 2050 3841 Non
2097 3789 2241 3843 enim
2286 3791 2527 3853 arietes,
2581 3800 2676 3845 aut
2722 3794 2925 3857 hircos,
2965 3808 3056 3850 aut
3097 3814 3228 3853 oves
3276 3801 3486 3855 adultas

1929 3877 2096 3941 dixit,
2135 3879 2201 3934 de
2231 3881 2435 3949 quibus
2479 3883 2620 3937 alius
2652 3884 2707 3937 in
2760 3885 2905 3940 hunc
2962 3889 3182 3942 modum
3224 3892 3485 3960 propheta

1930 3968 2174 4036 loquitur
2212 3989 2223 4022 :
2278 3990 2296 4022 ι
2347 3971 2470 4026 Πίος
2513 3975 2640 4028 dicit
2680 3976 2981 4032 Dominus:
3009 3980 3146 4034 Ecce
3172 3997 3272 4051 ego
3298 3984 3487 4051 judico

1930 4061 2073 4114 inter
2107 4076 2263 4115 ovem
2311 4070 2366 4117 et
2396 4078 2587 4131 ovem;
2645 4066 2791 4121 inter
2821 4070 3022 4126 arietes
3061 4080 3112 4125 et
3140 4073 3325 4127 hircos
3354 4076 3422 4128 “.
3461 4095 3480 4126 ι

1929 4147 1993 4203 Et
2022 4167 2035 4201 :
2070 4167 2088 4200 ι
2126 4149 2317 4206 Nonne
2362 4152 2562 4207 sufﬁcit
2609 4156 2786 4219 vobis,
2817 4158 2961 4223 quod
2992 4161 3128 4213 bona
3161 4177 3361 4229 pascua
3403 4171 3486 4216 at-

1926 4240 2195 4304 tondetis;
2221 4243 2323 4296 nisi
2356 4244 2567 4313 reliqua
2592 4246 2754 4299 etiam
2783 4248 3012 4316 pedibus
3035 4253 3235 4305 vestris
3256 4255 3484 4305 concul-

1925 4328 2103 4381 cetis?
2147 4331 2293 4397 quod
2334 4344 2532 4398 aquam
2572 4340 2807 4387 stantem
2838 4342 2892 4386 et
2928 4335 3205 4401 limpidam
3255 4339 3478 4405 bibitis;

1924 4414 2029 4468 nisi
2067 4415 2329 4483 reliquam
2364 4418 2597 4485 pedibus
2625 4420 2823 4473 vestris
2851 4422 3083 4476 turbelis
3106 4423 3189 4475 °’?
3228 4442 3246 4474 ι
3290 4424 3355 4476 Et
3382 4426 3481 4479 ite-

1927 4519 2044 4557 rum
2082 4522 2095 4557 :
2144 4524 2162 4555 ι
2203 4506 2339 4561 Ecce
2375 4521 2475 4575 ego
2504 4507 2697 4575 judico
2728 4510 2868 4564 inter
2913 4527 3067 4565 ovem
3095 4514 3324 4566 validam
3348 4532 3362 4580 ;
3386 4530 3479 4569 ve-

1924 4595 2055 4649 stris
2077 4595 2338 4652 lateribus
2362 4605 2414 4651 et
2437 4598 2666 4665 pedibus
2686 4601 3119 4667 protnndebatis,
3142 4616 3193 4657 et
3216 4606 3477 4659 cornibus

1922 4686 2123 4741 vestris
2182 4687 2480 4753 leriebatis,
2534 4696 2588 4742 et
2632 4690 2924 4745 invalidam
2984 4693 3301 4757 alﬂigebutis
3345 4697 3410 4751 “.
3451 4716 3470 4748 ι

1923 4776 2100 4844 Atque
2130 4776 2259 4831 hinc
2305 4787 2410 4839 est,
2441 4777 2585 4843 quod
2627 4788 2876 4847 pastores
2912 4797 3100 4836 eorum
3139 4785 3275 4837 idem
3312 4801 3476 4839 accu-

1918 4876 2003 4920 sat
2041 4868 2126 4923 his
2159 4869 2338 4922 verbis
2365 4886 2411 4919 :t
2435 4871 2480 4925 Ο
2508 4881 2757 4936 pastores
2819 4872 3009 4935 Israel,
3065 4891 3191 4929 nunt
3246 4889 3475 4945 pascunt

1923 4965 2171 5025 pastores
2201 4960 2412 5026 seipsos
2427 4959 2448 5011 ?
2463 4976 2589 5013 num
2608 4976 2739 5016 oves
2758 4977 2787 5015 a
2809 4967 3120 5031 pastoribus
3144 4972 3475 5037 pascuntur?

1921 5048 2061 5103 Ecce
2100 5050 2183 5102 lac
2217 5051 2523 5113 comedite;
2562 5053 2853 5107 velleribus
2891 5056 3178 5109 induimini
3225 5059 3291 5112 ⁸⁸.
3407 5061 3475 5113 At

1921 5138 2066 5205 quod
2098 5139 2291 5207 pingue
2319 5147 2404 5192 est
2432 5140 2696 5209 jugulutis
2723 5161 2736 5206 ;
2768 5155 2818 5197 et
2856 5161 2985 5198 oves
3019 5162 3166 5200 meas
3206 5163 3313 5200 non
3347 5165 3473 5217 pas-

1920 5225 2370 5291 citisaQuoniam
2396 5228 2560 5296 igitur
2588 5246 2718 5284 oves
2742 5232 2953 5287 infectae
2971 5243 3249 5301 pastorum
3271 5238 3471 5305 impro-

1917 5312 2093 5366 bitate
2142 5314 2448 5380 petulantes
2483 5327 2788 5380 evaserunt,
2819 5323 3132 5386 pastoribus
3163 5324 3295 5391 ipsis
3329 5327 3472 5377 exsi.

2576 5446 2589 5459 .
2634 5426 2652 5457 ι
2721 5409 2923 5464 Deinde
2968 5414 3171 5482 colligit
3213 5433 3275 5465 τι
3338 5414 3472 5467 Hcce.

3108 5544 3121 5556 .
3189 5505 3450 5573 propheta

2494 5680 2539 5710 “
2576 5680 2813 5749 Philipp.
2854 5700 2913 5745 ιι,
2950 5688 3002 5744 9.
3046 5689 3128 5743 10.
3232 5693 3271 5723 ⁶¹
3324 5691 3464 5745 Ρεειι.

2767 5754 2963 5808 “Ibid.
3006 5761 3084 5811 l‘J'
3164 5763 3356 5817 “ibid.
3388 5769 3466 5815 tu.
