4284 6440
767 425 907 488 2343

2069 410 2422 471 I‘lillCOl‘ll
2467 406 2701 467 GAZ/‘El

3880 388 3977 448 93‘
3990 388 4023 445 Α.

768 540 811 589 Λ
844 535 1007 586 multa
1042 534 1235 602 gloria,
1279 540 1328 584 et
1378 534 1433 583 in
1480 530 1669 582 robore
1720 525 2074 594 fortitudinis,
2119 523 2249 574 nillil
2293 530 2339 573 te
2366 522 2415 577 Α
2444 558 2459 574 .

2334 522 2415 577 Ἀ
2444 558 2459 574 ο
2502 560 2514 573 .
2562 558 2573 570 .
2622 558 2632 570 .
2681 553 2694 567 .
2740 556 2753 570 .
2801 554 2813 568 .
2864 555 2875 567 .
2923 554 2935 566 .
2982 553 2993 564 .
3038 509 3350 580 προρὴτης.
3401 505 3527 557 Ἀπὸ
3572 502 3808 566 πολλῆς
3837 501 4026 565 δόξης

769 628 919 678 latet.
981 625 1193 677 Dictum
1221 630 1307 674 est
1364 619 1510 673 enim
1578 618 1776 670 alicubi
1828 632 1842 667 :
1899 632 1916 664 ι
1963 611 2338 666 Νωιιρτίὼίιεε

771 724 896 771 sunt
923 715 971 770 ei
1006 724 1166 783 gutta:
1199 712 1396 783 pluvia:
1424 712 1489 766 ⁸³.
1523 730 1541 761 i

1042 884 1207 940 Vens.
1237 884 1427 939 (λϐ-51.
1456 882 1576 936 Non
1602 884 1739 936 enim
1760 880 2122 945 dicasJacob,
2141 892 2187 933 et
2215 879 2339 948 quid

770 981 974 1032 loculus
1006 996 1086 1042 es,
1145 977 1370 1031 Israel?
1400 975 1722 1028 Abscondita
1764 984 1840 1029 est
1870 975 1951 1027 ria
1989 990 2105 1025 mea
2139 992 2171 1026 a
2208 972 2337 1035 Deo,

768 1080 818 1124 et
852 1070 992 1125 Deus
1034 1087 1177 1124 meus
1214 1069 1483 1137 judicium
1514 1068 1759 1129 abstulit,
1788 1076 1837 1119 et
1869 1066 2106 1127 recessit,
2128 1074 2177 1117 et
2206 1081 2341 1117 nunc

773 1166 939 1217 nescis
965 1165 988 1215 .9
1017 1161 1198 1215 Sinon
1229 1158 1468 1222 audisti,
1500 1158 1640 1211 Deus
1696 1167 1945 1216 wternus,
1975 1155 2114 1208 Deus
2143 1156 2231 1223 qui
2258 1155 2343 1222 {a-

774 1256 1006 1308 bricatus
1033 1263 1109 1306 est
1148 1253 1398 1305 terminos
1432 1260 1587 1305 terrw
1613 1268 1715 1303 non
1743 1253 1958 1311 esuriet,
1991 1264 2092 1300 non
2126 1247 2343 1299 labora-

774 1346 870 1404 bit,
910 1359 1072 1411 neque
1089 1343 1189 1394 erit
1220 1340 1553 1408 investigatio
1575 1338 1848 1405 sapientice
1870 1338 2056 1404 ipsius,
2093 1345 2199 1389 etc.

790 1515 796 1522 ’
839 1516 1005 1587 M8
1036 1517 1113 1568 Ita
1150 1511 1511 1582 Symmachus
1534 1527 1547 1563 :
1575 1508 1800 1578 Propter
1821 1510 1947 1578 quid
1970 1508 2126 1574 dicis,
2149 1507 2341 1573 Iacob,

770 1622 817 1661 et
859 1608 1109 1673 loqueris,
1137 1603 1312 1657 Israel
1337 1606 1361 1655 ?
1385 1605 1545 1670 eique
1578 1601 1913 1669 reliquorum
1955 1603 2227 1653 consentit
2262 1600 2344 1650 in—

771 1698 1112 1767 terpretatio.
1143 1695 1343 1749 Verum
1376 1695 1628 1747 absoluto
1671 1694 1738 1745 de
1792 1692 1900 1745 Deo
1952 1704 2223 1749 sermone,
2262 1690 2344 1743 eis

767 1790 877 1860 jam
904 1796 1208 1851 succenset,
1234 1787 1324 1854 qui
1352 1801 1381 1837 e
1400 1786 1579 1853 priore
1612 1782 1812 1852 populo
1846 1796 1943 1835 sua
1980 1795 2143 1848 opera
2172 1778 2340 1831 Deum

2438 699 2672 771 ἀλλαχοῦ
2712 716 2725 729 ·

2439 612 2535 664 καί
2562 611 2631 661 ἑν
2658 608 2852 675 κράτει
2884 603 3095 669 ἰσχύος
3117 598 3294 652 οὐδέν
3314 612 3386 648 σε
3409 597 3645 647 ἔλαϐεν.
3668 594 3892 660 Εἴρηται
3915 594 4024 659 γὰρ

2773 717 2791 749 ι
2833 692 3154 766 Ἀριομηταί
3218 692 3354 742 εἰσιν
3416 686 3563 752 αὐτῷ
3626 685 3882 750 σταγσᾶνες
3930 682 4027 734 ὑε-

2441 795 2553 849 τοῦ.
2590 813 2608 845 ι

2509 885 2715 949 κςολα⁹.
2743 881 2839 949 Μὴ
2864 882 2971 950 γὰρ
3001 877 3198 942 εἴπῃς,
3216 872 3444 935 Ἰακὼϐ,
3473 871 3568 923 καὶ
3609 871 3667 922 τί
3690 869 4025 935 ἐλάλησης,

2454 975 2692 1041 Ἰσραήλ
2713 1014 2724 1033 .
2753 968 3059 1035 ἁπεκρύϐη
3090 966 3125 1030 ἡ
3164 964 3302 1027 ὁδός
3330 979 3449 1028 μου
3469 960 3588 1012 ἀπὸ
3613 959 3717 1011 τοῦ
3738 959 3905 1021 Θεοῦ,
3928 958 4029 1009 καὶ

2442 1068 2474 1118 ό
2507 1064 2651 1129 Θεός
2680 1079 2798 1131 μου
2837 1060 2952 1125 τὴν
2978 1058 3179 1124 κρίσιν
3215 1052 3446 1119 ἀφεῖλε,
3494 1050 3590 1102 καί
3640 1048 3897 1113 ἀπέστη,
3930 1048 4032 1100 καὶ

2442 1155 2557 1209 νῦν
2582 1155 2693 1207 οὐκ
2716 1152 2904 1219 ἔγνως
2923 1150 3017 1213 ;Εὶ
3034 1145 3119 1213 μὴ
3147 1144 3437 1211 ἤκουσας,
3460 1142 3602 1205 Θεὸς
3622 1138 4033 1204 αἱώνιοςβεδς

2443 1249 2476 1298 ό
2497 1240 2961 1303 κατασκευάσας
2974 1239 3045 1291 τὰ
3062 1238 3214 1303 ἄκρα
3238 1233 3348 1299 τῆς
3376 1231 3507 1301 γῆς,
3536 1234 3605 1285 οὐ
3622 1230 3913 1293 πεινάσει,
3931 1232 4034 1281 οὑ-

2442 1331 2510 1383 δὲ
2554 1329 2850 1393 κοπιάσει,
2914 1328 3057 1381 οὐδὲ
3093 1326 3265 1378 ἔστιν
3296 1322 3606 1389 ἑξέρευσις
3648 1319 3760 1387 τῆς
3802 1319 4032 1388 φρονή-

2445 1437 2602 1485 σεως
2630 1419 2839 1481 αὐτοῦ,
2874 1435 2928 1471 κ.
2956 1434 3009 1469 τ.
3042 1415 3091 1468 λ.

2525 1509 2585 1562 '0
2614 1510 2907 1578 Σύμμαχος
2927 1522 2941 1535 ·
2974 1504 3075 1557 Διὰ
3098 1504 3156 1555 τί
3182 1498 3639 1569 λέγεις,’1ακὼϐ,
3672 1496 3771 1550 καὶ
3797 1497 4029 1560 λαλεῖς,

2457 1600 2730 1665 Ἰσραήλς
2782 1598 2875 1649 καὶ
2924 1596 2972 1647 οῖ
3025 1592 3201 1645 λοιποὶ
3248 1589 3576 1660 συμφώνως.
3620 1588 3773 1640 Μετὰ
3820 1586 3878 1637 δὲ
3929 1585 4028 1651 τὴν

2447 1690 2802 1743 ἀποδοθεῖσαν
2855 1686 3157 1752 θεολογίαν,
3190 1683 3419 1751 ἐπιτιμᾷ
3446 1682 3560 1741 τοῖς
3615 1679 3688 1746 μὴ
3744 1674 4030 1743 νομίζουσι

2448 1782 2543 1842 τὰς
2570 1780 2779 1833 ἑαυτῶν
2809 1779 3036 1847 πράξεις
3066 1775 3266 1845 ἐφορᾷν
3297 1774 3385 1824 τὸν
3413 1770 3543 1822 Θεὸν
3567 1809 3580 1832 ,
3609 1770 3671 1820 ὲκ
3708 1766 3800 1819 τοῦ
3829 1766 4031 1835 προτέ-

772 1856 880 1933 iion
920 1881 1116 1932 intueri
1146 1876 1579 1929 arbitrabantur.
1640 1873 1806 1927 Putas
1837 1882 1906 1935 te,
1950 1871 1995 1924 si
2038 1872 2228 1933 lateas,
2259 1868 2346 1921 in-
2382 1866 2423 1924 Β
2454 1894 2464 1943 ι

2341 1899 2346 1907 -
2382 1866 2423 1924 Β
2454 1890 2549 1943 pou
2583 1871 2734 1926 λαοῦ.
2765 1869 3045 1938 Νομίζεις,
3073 1867 3226 1935 φησι,
3258 1863 3535 1916 λανθάνων
3586 1860 3660 1928 μὴ
3707 1856 4033 1910 ὑποκεῖσθαι

772 1969 912 2037 quit,
944 1967 1263 2034 Deijadicio
1298 1967 1521 2019 minime
1549 1964 1857 2032 subjacere,
1893 1964 2141 2031 quamvis
2176 1975 2349 2028 nuper

775 2061 829 2114 in
858 2062 1052 2114 robore
1082 2058 1420 2114 fortitudinis
1448 2058 1580 2111 nihil
1600 2072 1723 2111 eum
1750 2056 1918 2109 latere
1950 2054 2209 2108 audieris.
2245 2051 2349 2107 Ve-

777 2168 898 2205 rum
940 2162 1196 2219 tanquam
1234 2152 1367 2204 illud
1397 2156 1557 2203 antea
1584 2163 1684 2203 nec
1715 2148 1916 2201 not'cris
1948 2151 2085 2216 ipse,
2119 2160 2217 2200 nec
2248 2161 2351 2197 au-

774 2244 991 2307 diveris,
1028 2245 1181 2297 disce
1210 2242 1319 2311 jam
1351 2261 1363 2295 :
1400 2241 1453 2295 id
1485 2250 1590 2303 est,
1627 2241 1780 2302 situ,
1815 2238 1921 2291 nisi
1953 2236 2164 2299 audias,
2196 2236 2351 2305 igno-

780 2344 903 2381 rare
935 2337 985 2383 te
1012 2328 1151 2383 dicis
1181 2369 1195 2392 ,
1221 2329 1383 2382 etiam
1421 2327 1823 2381 simulationem
1859 2335 2005 2377 tuam
2035 2324 2347 2386 admittens,

778 2422 979 2473 diram.
1020 2419 1398 2488 Respondebis
1430 2419 1717 2481 nimirum,
1752 2419 2007 2487 ignorare
2053 2425 2125 2469 te.
2160 2415 2348 2483 Atqui,

780 2514 825 2565 si
846 2512 1036 2575 nescis,
1069 2513 1195 2564 audi
1231 2527 1376 2565 nunc
1399 2510 1562 2564 Deum
1588 2526 1699 2564 esse
1728 2519 2005 2572 internum,
2026 2522 2203 2576 neque
2240 2520 2353 2561 c03-

781 2602 892 2654 Imn
944 2601 1126 2663 modo,
1156 2602 1249 2656 sed
1284 2612 1478 2653 terram
1521 2601 1832 2653 universam
1872 2612 2088 2667 quoque
2113 2596 2353 2663 comple-

780 2695 877 2747 cti.
902 2693 1187 2759 Quomodo
1227 2694 1409 2761 itaque
1451 2694 1625 2761 ipsum
1662 2691 1830 2744 latere
1860 2688 2069 2758 queas?
2096 2687 2200 2742 Sed
2233 2688 2348 2751 ubi,

781 2802 886 2838 non
914 2785 1196 2849 laborabit,
1235 2785 1494 2845 habemus
1518 2821 1534 2847 ,
1566 2781 1676 2843 alii,
1705 2782 1916 2833 minime
1937 2780 2227 2834 dissolutus
2252 2790 2351 2843 est,

784 2875 1239 2944 interpretantur.
1270 2872 1532 2939 Rursum,
1561 2881 1926 2941 praeterquam
1973 2868 2118 2937 quod
2149 2868 2353 2922 nullam

782 2982 1025 3036 unquam
1061 2967 1373 3034 inﬁrmitate
1404 2964 1633 3028 laborat,
1669 2978 1845 3031 neque
1871 2963 2169 3015 humanum
2223 2960 2354 3028 quid

781 3064 987 3133 patitur
1029 3102 1041 3126 ,
1074 3076 1136 3117 ea
1165 3062 1352 3124 etiam,
1387 3076 1508 3129 qua:
1529 3059 1910 3129 comprehendi
1932 3057 2142 3125 nequit,
2169 3056 2357 3125 cogni-

784 3157 935 3209 tione
966 3153 1228 3223 prmdilus
1250 3162 1356 3214 e51,
1389 3167 1485 3220 per
1515 3165 1678 3219 quam
1734 3149 1802 3203 ad
1897 3148 2109 3217 singula
2185 3162 2357 3215 usque

784 3245 1029 3314 ejusdem
1067 3241 1403 3311 providentia
1425 3252 1744 3300 excurrens,
1768 3252 2035 3306 pauperes
2065 3234 2357 3305 aliquando

786 3338 924 3391 bene
955 3336 1215 3388 habentes
1234 3330 1433 3392 reddit,
1455 3332 1586 3384 luxu
1611 3336 1859 3396 autemet
1877 3327 2074 3396 opibus
2110 3325 2354 3380 dilIIuen-

787 3436 872 3483 tes
916 3426 1201 3481 doloribus
1224 3434 1279 3478 et
1308 3424 1463 3477 curis
1487 3422 1606 3474 vitm
1654 3419 1819 3487 hujus
1863 3417 2075 3471 multat.
2109 3415 2358 3470 Immittit

790 3535 917 3575 vero
950 3526 1004 3572 et
1034 3518 1103 3570 iis
1151 3516 1338 3577 etiam,
1375 3513 1468 3583 qui
1515 3520 1643 3567 sunt
1680 3512 1733 3564 in
1761 3510 1892 3564 [lore
1922 3507 2119 3569 aetatis,
2167 3507 2357 3560 virium

789 3609 1205 3663 imbecillitatem
1265 3618 1363 3675 per
1390 3603 1610 3657 morbos
1641 3616 1656 3653 :
1689 3614 1834 3664 cum,
1859 3600 1952 3670 qui
2010 3598 2357 3653 smvientibus

791 3700 1125 3755 adversariis
1157 3697 1327 3751 Deum
1360 3698 1412 3751 in
1446 3694 1728 3765 martyriis
1782 3701 1837 3747 et
1887 3690 2357 3761 persecutionibus

792 3801 1122 3860 exspectant,
1156 3788 1506 3859 quantumvis
1528 3789 1581 3841 in
1604 3787 1706 3841 hac
1737 3776 1845 3839 vita
1859 3786 2177 3854 inﬁrmiores
2201 3784 2354 3852 fiant,

792 3900 857 3938 ea
899 3898 1077 3937 rerum
1123 3882 1427 3933 mutatione
1453 3892 1579 3930 mox
1608 3876 1860 3940 beentut',
1894 3886 1953 3928 ut
1975 3874 2132 3928 liberi
2165 3875 2219 3927 in
2249 3888 2359 3927 cu:-

795 3976 906 4029 lum
938 3974 1176 4029 evolent.
1200 3970 1295 4026 Est
1334 3971 1481 4026 enim
1519 3968 1810 4022 altivolans
1837 3966 2018 4035 aquila
2044 3973 2135 4027 ;et
2163 3963 2357 4018 adver-

794 4081 891 4120 sus
932 4064 1065 4119 solis
1101 4062 1295 4117 radios
1323 4061 1609 4115 oculorum
1638 4057 1810 4111 aciem
1843 4056 2096 4119 intendit,
2127 4064 2361 4109 natura:-

792 4172 899 4229 que
943 4156 1155 4210 senium
1188 4153 1339 4208 exuit
1376 4152 1568 4221 ,juxta
1597 4149 1730 4205 illud
1768 4167 1780 4202 :
1816 4169 1833 4201 ι
1870 4148 2239 4203 ltenovabitur
2301 4154 2360 4200 ut

796 4248 997 4315 aquila:
1046 4247 1305 4315 juventus
1352 4253 1444 4298 tua
1486 4244 1604 4292 σθ.»
1635 4270 1706 4283 -
1741 4260 1759 4293 ι
1802 4241 2071 4309 Operatur
2125 4254 2360 4307 namque

797 4339 1056 4406 patientia
1090 4337 1467 4407 probationem
1497 4352 1511 4398 ;
1536 4334 1781 4402 probatio
1805 4342 1983 4387 autem
2009 4347 2158 4399 spem
2195 4347 2209 4394 ;
2236 4346 2361 4399 spes

798 4436 977 4482 autem
1006 4441 1112 4480 non
1134 4425 1418 4479 confundit
1437 4425 1505 4477 "°.
1539 4444 1558 4475 ι
1585 4426 1775 4492 Itaque
1794 4424 2129 4475 commutatis
2160 4423 2358 4475 viribus

2450 1964 2642 2031 κρίσει
2668 1960 2815 2013 Θεοῦ
2837 1999 2851 2021 ,
2884 1960 3060 2011 καίτοι
3090 1956 3291 2025 ἀρτίως
3323 1955 3520 2023 ἤκουες
3554 1951 3690 2018 πρὸς
3718 1948 3849 2000 Θεὸν
3879 1949 4033 2016 εἰρη-

2454 2056 2631 2124 μένον,
2650 2054 2737 2106 ‘Ev
2763 2052 2952 2121 κράτει
2986 2049 3167 2118 ἰσχύος
3184 2046 3333 2099 οὐδέν
3366 2061 3423 2096 σε
3451 2042 3657 2095 ἔλαθεν.
3691 2038 3837 2109 Πλὴν
3861 2040 3908 2090 εἰ
3935 2041 4033 2090 καὶ

2455 2149 2530 2219 μὴ
2574 2148 2842 2218 πρότερον
2898 2145 3034 2213 μήτε
3081 2143 3303 2211 ἔγνως,
3357 2140 3493 2208 μήτε
3543 2136 3838 2203 ἤκουσας,
3892 2130 4031 2201 μάθε

2451 2242 2545 2295 νῦν
2565 2259 2578 2272 ·
2608 2242 2793 2310 ἤγουν,
2822 2239 2868 2289 εἰ
2892 2238 2945 2289 δὲ
2972 2236 3077 2305 φὴς
3105 2236 3177 2303 μὴ
3202 2232 3512 2300 γινώσκειν,
3532 2230 3577 2281 εί
3610 2228 3683 2296 μὴ
3707 2224 4030 2287 ἀκούσειαςο

2451 2334 2515 2402 τῇ
2550 2333 2614 2400 σῇ
2648 2333 3005 2399 προσποιήσει
3040 2323 3346 2393 συντρέχων
3376 2321 3753 2389 ὲρ‹τ›.”11γουν,
3788 2317 3931 2384 ἐρεῖς
3954 2314 4034 2375 ὠς

2451 2425 2550 2476 οὐκ
2587 2423 2779 2489 ἔγνως.
2813 2418 3043 2479 Οὐκοῦν,
3071 2419 3123 2469 εί
3144 2419 3227 2483 μὴ
3258 2414 3550 2481 ἤκουσας,
3587 2410 3691 2461 ἴσθι
3727 2410 3803 2472 ὼς
3830 2409 3863 2459 ὁ
3887 2406 4037 2470 Θεὸς

2454 2519 2486 2569 ό
2517 2515 2755 2579 αἰώνιος
2778 2553 2792 2574 ,
2828 2513 2888 2565 οὐ
2924 2512 3082 2580 μόνον
3115 2507 3364 2577 οὐρανὸν,
3405 2504 3540 2557 ἀλλὰ
3574 2502 3668 2554 καὶ
3700 2503 3877 2552 πᾶσαν
3911 2516 4033 2549 συν-

2457 2608 2573 2676 έχει
2602 2607 2718 2672 τὴν
2743 2604 2879 2673 γῆν.
2911 2602 3020 2655 Καὶ
3055 2600 3171 2662 πῶς
3200 2598 3401 2665 δυνήσῃ
3427 2595 3615 2647 τοῦτον
3644 2591 3827 2644 λαθεῖν
3852 2588 4037 2652 ;Ἀντὶ

2454 2699 2510 2751 δὲ
2539 2696 2655 2760 τοῦ,
2687 2698 2758 2749 οὐ
2792 2692 3090 2753 κοπιάσει,
3126 2692 3235 2742 οὐκ
3266 2684 3716 2750 ἑξε.1ύθη,φασῖν
3751 2681 3799 2731 οἱ
3834 2679 4037 2732 λοιποὲ.

2458 2790 2599 2861 "po;
2626 2788 2701 2858 τῷ
2733 2788 2788 2840 δὲ
2825 2786 2899 2856 μὴ
2923 2782 3225 2845 ἀσθενεῖν,
3258 2778 3392 2849 μηδέ
3434 2794 3485 2828 τι
3520 2775 3678 2861 ἔχειν*
3698 2770 4042 2839 ἀνθρώπινον

2457 2858 2550 2933 καὶ
2580 2878 2962 2946 ἀκατάληπτον
3012 2874 3122 2941 ἔχει
3167 2872 3266 2937 τὴν
3300 2866 3521 2935 γνῶσιν,
3557 2864 3624 2916 δι’
3648 2858 3713 2932 ἧς
3749 2861 3909 2930 μέχρι
3941 2859 4044 2911 καὶ

2456 2972 2565 3024 τῶν
2587 2969 2727 3022 κατὰ
2752 2968 2914 3037 μέρος
2939 2967 2972 3033 ἡ
3005 2962 3193 3015 τούτου
3224 2960 3493 3028 διέρχεται
3525 2956 3769 3024 πρόνοια,
3796 2951 4043 3001 εὐεκτεῖν

2463 3064 2560 3134 μὲν
2596 3061 2707 3114 ἔσθ’
2747 3061 2833 3112 ὅτε
2884 3055 3111 3109 ποιοῦσα
3157 3053 3283 3112 τοὺς
3318 3051 3577 3117 πένητας,
3612 3045 3711 3113 τὴν
3739 3042 3797 3094 δὲ
3827 3041 4043 3108 τρυφὴν

2460 3156 2567 3208 τῶν
2599 3156 2657 3205 ὲν
2687 3151 2902 3222 πλούτῳ
2938 3145 3239 3208 κολάζουσα
3269 3141 3415 3211 λύπῃ
3455 3138 3549 3190 καὶ
3575 3132 3821 3205 φροντίσι
3852 3131 4009 3199 βιωτι
4030 3158 4043 3168 -

2465 3250 2606 3311 καῖς.
2625 3242 2934 3298 Ἐπιῦάλλει
2960 3239 3017 3292 δὲ
3053 3238 3145 3291 καὶ
3172 3236 3285 3297 τοῖς
3315 3235 3372 3285 ὲν
3399 3231 3548 3298 ἀκμῇ
3594 3228 3695 3297 τὴν
3741 3223 3803 3288 ἐξ
3855 3224 4047 3291 ἀρρω-

2467 3357 2565 3409 στη
2576 3338 2760 3408 μάτων
2786 3331 3137 3388 ἀσθένειανο
3160 3329 3223 3379 ὲκ
3255 3324 3312 3377 δὲ
3341 3324 3449 3375 τῶν
3478 3320 3735 3373 ἐναντίων
3758 3318 3807 3369 οἱ
3828 3315 3965 3394 βεδν
3988 3316 4049 3364 ὲν

2469 3427 2791 3498 μαρτυρίαις
2838 3424 2870 3494 ἢ
2914 3421 3174 3489 διωγμοῖς
3222 3413 3701 3482 ὑπομείναντες,
3752 3406 3896 3459 κατὰ
3946 3402 4050 3473 τὴν

2465 3519 2748 3591 παροῦσαν
2797 3512 3203 3574 ἀσθενοῦντες
3254 3508 3418 3575 ζωὴν,
3454 3502 3722 3569 τοσαύτης
3767 3495 4051 3560 ἀξιοῦνται

2469 3586 2792 3683 μεταϐολῆς,
2823 3607 2897 3670 ὡς
2931 3603 3245 3670 ἐλευθέρους
3274 3595 3725 3668 προσαναπτῆναι
3765 3588 3901 3659 πρὸς
3950 3586 4051 3639 οὐ·

2468 3706 2647 3775 ρανόν.
2667 3702 2723 3753 Ὀ
2752 3698 2858 3768 γὰρ
2890 3696 3066 3760 ἀετὸς
3090 3692 3356 3762 ὑψιπέτης
3384 3689 3519 3749 ἐστὶ,
3549 3684 3642 3737 καὶ
3666 3682 3907 3735 ἀντωπεῖ
3927 3680 4054 3740 ταῖς

2463 3770 2557 3847 τοῦ
2604 3792 2755 3863 ἡλίου
2803 3787 3213 3860 μαρμαρυγαῖς,
3247 3780 3420 3851 γῆρας
3466 3794 3526 3829 τε
3555 3776 3615 3828 τὸ
3650 3771 3876 3841 φυσικὸν
3910 3770 4046 3822 ἀπο-

2464 3887 2647 3940 δύεται
2674 3883 2816 3936 κατά
2842 3881 2904 3933 τό
2924 3897 2938 3911 ·
2972 3899 2989 3927 ι
3013 3874 3557 3942 Ἀνακαινισθήσεται
3582 3868 3657 3930 ὡς
3685 3863 3843 3917 ἀετοῦ
3873 3864 3907 3931 ἡ
3934 3862 4055 3912 νεὸ-

2464 3995 2564 4049 της
2615 3994 2727 4029 σου.
2762 3993 2780 4026 ι
2815 4004 2885 4013 —
2916 3992 2934 4023 ι
2964 3964 3378 4038 Κατεργάξεται
3411 3962 3519 4032 γὰρ
3567 3961 3601 4030 ὴ
3652 3958 3749 4027 μὲν
3797 3952 4054 4023 ὑπομονὴ

2464 4046 2691 4134 δοκιμήν
2717 4065 2790 4132 ’ἡ
2840 4062 2896 4115 δὲ
2939 4058 3136 4127 δοκιμὴ
3182 4054 3371 4108 ἐλπίδα
3395 4069 3410 4083 ο
3457 4053 3491 4119 ἡ
3529 4050 3585 4102 δὲ
3620 4047 3771 4108 ἐλπὶς
3796 4046 3859 4097 οὐ
3911 4060 4056 4134 κατ-

2466 4132 2729 4224 αισχ-ύνει.
2758 4173 2775 4203 ι
2816 4150 2906 4203 Διὸ
2934 4148 3027 4200 καὶ
3058 4147 3172 4213 τὴν
3200 4144 3384 4211 ἰσχὺν
3422 4138 3764 4201 άλλιίξουσι
3793 4134 3885 4186 τὸν
3921 4132 4054 4201 θνη-

2465 4244 2555 4297 τὸν
2590 4244 2701 4313 βίον
2733 4237 3144 4311 μεταϐαλόντες,
3174 4235 3269 4288 καὶ
3302 4236 3379 4296 είς
3408 4229 3706 4298 ἀγγελικὴν
3739 4225 4054 4297 μεταστάν-

2466 4351 2556 4396 τες
2586 4333 2752 4401 ζωήν.
2772 4332 2868 4383 Διά
2897 4331 3006 4396 γὰρ
3031 4327 3148 4380 τῶν
3173 4323 3383 4387 ἀετῶν,
3411 4324 3531 4383 ταῖς
3556 4319 3827 4390 οὐρανίοις
3850 4317 4055 4376 αὐτοὺς

2467 4422 2754 4485 ἀπεικάζει
2783 4420 3097 4485 δυνάμεσιν,
3122 4416 3185 4479 ἃς
3210 4411 3526 4481 πτερωτοῖς
3550 4408 3933 4477 ἀφωμοίωσεν.
3952 4405 4055 4456 Διά

796 4519 963 4571 vitam
1013 4518 1175 4572 istam
1213 4532 1339 4569 eum
1399 4515 1691 4568 immortali
1722 4515 2156 4576 commutabant,
2190 4522 2243 4567 et
2303 4513 2358 4565 in
2394 4535 2440 4591 ο
2464 4530 2488 4565 τ

2356 4548 2358 4563 ι
2394 4535 2440 4591 D
2464 4512 2622 4565 τοῦτο
2654 4512 2761 4581 ἄρα
2804 4509 3029 4562 καὶτῶν
3072 4508 3130 4559 ἐν
3163 4505 3319 4557 ὕδασι
3353 4502 3571 4570 καθαρά
3618 4500 3692 4551 τὰ
3733 4498 4048 4564 πτερύγια.

798 4610 1097 4679 angelicam
1135 4608 1471 4661 transibunt.
1510 4605 1617 4659 Eos
1668 4606 1813 4659 enim
1866 4606 2164 4673 aquilarum
2222 4604 2362 4658 facta

798 4702 1094 4763 mentione,
1128 4714 1251 4752 cum
1292 4696 1606 4754 cmlestibus
1640 4698 2002 4766 potestatibus
2031 4702 2311 4761 comparat
2346 4712 2359 4758 ;

799 4807 939 4861 quas
977 4792 1138 4845 alatis
1177 4791 1483 4857 persimiles
1514 4790 1701 4843 ellicit.
1733 4788 1909 4856 Atque
1940 4788 2065 4840 inde
2102 4795 2185 4841 cst
2236 4799 2361 4854 pro.

800 4886 962 4949 l'ccto,
982 4885 1127 4953 quod
1160 4898 1280 4950 quze
1311 4882 1362 4934 in
1386 4881 1540 4949 aquis
1564 4878 1849 4949 degunt,si
1878 4880 2077 4946 primas
2106 4877 2359 4938 habeant,

2470 4601 2656 4667 Οὕτως
2687 4600 2793 4670 ἄρα
2824 4599 2927 4651 κάν
2947 4596 3024 4665 τῷ
3049 4595 3274 4664 παρόντι
3307 4592 3405 4661 βὲῳ
3435 4588 3631 4660 μερικὴ
3659 4587 3862 4652 κρίσις
3892 4582 4053 4646 ἐστὶ,

2468 4696 2562 4749 καὶ
2590 4694 2849 4760 καθολικὴ
2881 4693 2938 4743 ὲν
2967 4690 3044 4760 τῷ
3078 4688 3347 4758 μέλλοντι,
3378 4687 3479 4737 κᾶν
3509 4683 3582 4753 μὴ
3612 4681 3770 4733 τοῦτο
3807 4680 3872 4731 σὺ
3902 4677 4054 4730 νενό-

2474 4804 2658 4856 μικας,
2691 4784 2927 4854 Ἰσραήλ.
2957 4783 3046 4834 Διὸ
3092 4782 3174 4833 σο)⁵
3210 4779 3306 4849 μὲν
3335 4777 3506 4830 ταῦτα
3530 4817 3544 4841 ,
3592 4778 3705 4836 τοῖς
3747 4772 3805 4825 δὲ
3842 4772 4055 4830 λοιποῖς

2471 4876 2646 4928 ἔθνεσι
2675 4873 2983 4943 κατάλληλα
3007 4868 3331 4941 προσφωνῶ.

799 4974 1000 5028 nmuda
1059 4988 1182 5027 esse
1202 4986 1492 5025 censemus
1515 4972 1583 5023 ⁷⁸.
1618 4970 1707 5023 Sic
1735 4984 1866 5037 ergo
1896 4967 2060 5039 449
2086 4975 2141 5021 et
2184 4967 2235 5019 in
2264 4967 2366 5019 hac
2406 4966 2515 5019 vita
2540 4967 2880 5035 singulorum
2945 4961 3220 5031 quoddam
3249 4958 3510 5027 judicium
3537 4962 3660 5016 est;
3726 4959 3785 5004 ut
3847 4950 3903 5003 in
3964 4949 4051 5003 fu-

800 5076 945 5123 tura,
972 5064 1357 5117 universorum
1392 5079 1406 5127 ;
1435 5062 1599 5115 etiam
1631 5061 1676 5114 si
1704 5061 1931 5114 minime
1972 5061 2045 5112 ita
2115 5073 2237 5114 esse
2268 5058 2581 5123 arbitreris,
2661 5074 2694 5113 ο
2746 5057 2912 5111 Israel

801 5160 1053 5229 gentibus
1079 5172 1317 5227 congrua
1352 5155 1636 5209 denuntio.

1412 5243 1566 5297 CAP.
1615 5241 1752 5295 XLI.

870 5340 1037 5393 Vens.
1088 5338 1205 5391 1-7.
1232 5336 1565 5389 Innovamini
1616 5333 1683 5385 ad
1723 5348 1822 5395 me,
1854 5332 2065 5384 insulto.
2096 5330 2367 5396 Principes

802 5432 939 5485 enim
990 5431 1267 5482 mutabunt
1322 5427 1653 5495 potentiam;
1692 5422 1942 5476 accedant
1990 5432 2038 5475 et
2090 5421 2373 5489 loquantur

806 5522 1009 5582 simul;
1052 5532 1173 5573 tunc
1214 5519 1478 5587 judicium
1529 5516 1859 5567 annuntient.
1908 5513 2037 5577 Quis
2096 5512 2368 5564 suscitavit

807 5615 868 5667 tle
903 5614 1097 5664 oriente
1115 5610 1387 5678 justitiam
1414 5610 1439 5661 ?
1478 5608 1675 5660 vocavit
1710 5620 1822 5658 eam
1856 5602 1922 5654 all
1961 5602 2113 5669 pedes
2145 5618 2287 5665 suos,
2316 5609 2365 5652 et

1834 5783 1877 5815 7°
1901 5781 2056 5835 Boni.
2079 5798 2129 5848 ι’,
2150 5783 2201 5835 ὃ.

878 5790 919 5821 ⁸³
952 5788 1121 5845 Eccli.
1152 5803 1189 5851 I,
1223 5788 1274 5840 '2.
1351 5788 1393 5818 ω
1418 5785 1563 5840 Psal.
1593 5801 1684 5847 cu,
1706 5784 1755 5837 Ei.

2965 5074 3007 5109 :-
3056 5053 3291 5122 indeque
3348 5051 3453 5103 ista
3521 5048 3642 5110 tibi,
3709 5044 4057 5113 reliquisque

3039 5231 3291 5287 ΚΕΦᾹΛ.
3344 5228 3481 5282 MA'.

2544 5326 2677 5390 αις.
2715 5324 3146 5394 Ἐγκαινίζεσθε
3172 5322 3318 5388 πρός
3350 5336 3447 5388 με,
3485 5317 3683 5383 νῆσοι.
3726 5317 3791 5368 Ol
3821 5314 3932 5384 γὰρ
3956 5316 4062 5381 ἄρ-

2471 5432 2683 5484 χοντες
2702 5414 3079 5477 ἁ.1.ίάξουσιν
3102 5414 3303 5479 ἰσχύν.
3322 5408 3789 5479 Ἐγγισὰτωσαν,
3820 5409 3915 5458 καὶ
3948 5410 4060 5458 .Ia-

2475 5506 2841 5573 λησάτωσαν
2884 5505 3024 5573 ἅμα,
3072 5507 3205 5557 τότε
3252 5502 3454 5568 κρίσιν
3497 5497 4057 5567 ἀνατγειλάτωσαν.

2478 5597 2580 5661 Τίς
2599 5599 2905 5666 ἐξήγειρεν
2923 5596 3039 5650 ἀπὸ
3061 5591 3370 5650 ἀνατολῶν
3393 5590 3813 5656 δικαιοσύνην,
3843 5587 4061 5641 Excide-

2281 5783 2320 5813 τί
2345 5780 2517 5837 Levit.
2555 5798 2630 5847 xi,
2660 5782 2678 5834 ί
2708 5797 2859 5850 seqq.
