4284 6440
770 430 906 491 2347

2094 430 2446 492 PliUCUI‘lI
2477 427 2719 490 GAZJEI

3867 416 4015 479 2343

771 554 971 616 fessus,
1010 549 1263 605 virtutem
1295 550 1385 604 Dei
1440 550 1675 619 idipsum
1726 562 1847 603 esse
1882 547 2094 617 adjicit,
2118 549 2173 602 in
2228 563 2337 616 quo
2365 551 2409 607 Α
2438 548 2463 599 ὲ

2322 563 2337 601 )
2365 551 2409 607 Α
2438 547 2663 614 ἐπάγει·
2698 542 3015 612 Δικαιοσύνη
3049 541 3155 611 γὰρ
3196 538 3331 593 Θεοῦ
3366 537 3422 591 ἐν
3451 533 3596 605 αὐτῷ
3628 535 4014 591 ἀποκαλύπτεο

768 647 987 716 justitia
1021 645 1141 713 ejus
1173 644 1469 703 reveletur,
1499 642 1592 710 qui
1630 642 1802 710 ipsam
1827 643 1889 693 ab
1916 641 2133 701 orieulc,
2160 647 2218 692 ut
2258 639 2338 692 lu-

772 754 887 792 cem
921 737 1273 803 sequentibus
1307 733 1563 804 prmhcat,
1583 733 1852 794 excitarit,
1880 742 1925 785 et
1955 732 2101 786 dedit
2131 735 2185 785 iu
2214 749 2337 785 con-

772 838 1000 897 spectum
1029 827 1282 896 gentium,
1320 826 1463 879 unde
1492 826 1889 878 tumultuantes
1922 826 2158 894 primum
2183 838 2338 893 reges

773 921 827 972 in
861 933 975 980 eos,
1013 917 1105 986 qui
1134 932 1253 969 eam
1307 915 1590 973 haberent.
1625 916 2062 983 persecutionem
2115 913 2337 983 quidem

775 1012 1011 1073 movere,
1046 1008 1137 1062 sed
1176 1009 1243 1061 ah
1274 1008 1485 1069 eadem,
1506 1008 1805 1060 auxiliante
1832 1006 1961 1068 Deo,
2000 1006 2140 1059 vinci
2166 1014 2217 1059 et
2244 1021 2340 1058 su-

776 1101 952 1173 perari
989 1101 1237 1169 contigit.
1268 1098 1383 1168 Ipse
1413 1100 1556 1151 enim
1615 1098 1859 1151 hosticas
1894 1111 2081 1151 eorum
2132 1096 2341 1149 machi-

777 1209 901 1257 nas,
939 1202 1197 1260 tanquam
1253 1190 1505 1241 cremium
1546 1187 1871 1257 disperdidit
1917 1189 2152 1257 viamque
2195 1203 2344 1241 eom-

778 1286 1039 1355 planavit,
1073 1284 1126 1335 iu
1154 1297 1280 1349 pace
1314 1281 1466 1349 pedes
1497 1282 1609 1349 ejus
1647 1279 2344 1347 transirent,quijustitiam

777 1378 841 1430 ab
892 1378 1002 1443 ipso
1033 1375 1427 1443 generatiouum
1468 1373 1723 1440 principio
1783 1373 2009 1435 rocavit,
2051 1387 2146 1441 per
2180 1386 2344 1440 quam

778 1482 878 1539 nos
914 1467 1208 1537 postremis
1233 1463 1450 1516 tandem
1480 1463 1697 1516 sareulis
1722 1463 2078 1531 corruptione
2113 1462 2343 1515 diaboli-

779 1576 886 1631 que
923 1559 1186 1613 aviditate
1213 1565 1265 1609 et
1299 1554 1490 1608 fraude
1529 1554 1808 1615 liberatos,
1842 1569 1938 1622 per
1993 1553 2148 1608 ﬁdem
2186 1552 2346 1608 deni-

783 1670 888 1723 que
926 1651 1288 1711 illuminatos,
1320 1663 1445 1701 cum
1505 1647 1559 1700 in
1608 1647 1847 1699 tenebris
1881 1645 2351 1713 versaremur,ju-

782 1746 1059 1809 stilicavit,
1093 1742 1184 1813 qui
1219 1756 1312 1811 per
1349 1742 1669 1810 prophetam
1703 1738 1876 1790 dicit:
1917 1756 1934 1787 ι
1970 1735 2035 1789 Et
2071 1738 2349 1791 exorietur

783 1840 955 1902 vobis,
987 1836 1078 1906 qui
1119 1850 1315 1889 nomen
1346 1848 1522 1885 meum
1566 1830 1827 1891 metuitis,
1857 1828 1946 1883 Sol
1972 1830 2349 1896 jtlsiilla)"-'.)

2435 638 2654 699 ται.’“ος
2681 637 2776 689 καὶ
2810 636 2876 700 ἐξ
2907 630 3221 689 ἀνατολῶν
3249 631 3443 698 αὐτὴν
3472 629 3670 697 ἤγειρε
3697 627 3791 680 τοῦ
3835 627 4019 695 (pm-.72;

2437 734 2516 793 εἰς
2542 730 2600 782 τὸ
2625 727 2852 781 ἕπεσθαι
2886 726 3055 793 αὐτῷ,
3086 723 3230 788 δοὺς
3255 721 3448 788 αὐτὴν
3474 719 3594 773 τῶν
3622 717 3811 771 ἐθνῶν
3842 718 4019 770 ἐναν-

2438 824 2587 883 τιον,
2612 823 2687 882 ῶς
2715 818 3081 888 θορυϐηθῆναι
3103 815 3171 866 τὰ
3200 814 3390 883 πρῶτα
3414 813 3539 874 τοὺς
3571 811 3745 863 αὐτῶν
3774 808 4018 870 βασιλεῖς

2438 914 2711 981 διωγμοὺς
2738 913 2847 971 τοῖς
2879 908 3093 976 ἔχουσιν
3132 904 3299 974 αὐτὴν
3331 900 3743 967 ἐπεγείραντας,
3779 895 4021 963 ἡττηθῆ-

2440 1022 2530 1060 ναι
2559 1004 2614 1056 δὲ
2648 1002 2779 1072 πρὸς
2814 1000 3017 1066 ταύτης
3049 993 3493 1065 ὑπερμαχοῦντος
3523 989 3676 1043 Θεοῦ.
3708 990 3877 1049 Αὐτὸς
3908 986 4019 1053 γὰρ

2439 1097 2508 1150 τὰ
2532 1093 2800 1163 πολεμικὰ
2828 1090 3032 1142 τούτων
3059 1085 3377 1155 φρυγάνων
3393 1084 3546 1149 δίκην
3571 1080 3853 1147 ὴιράνισεν,
3875 1075 4022 1127 όδίεν

2442 1186 2728 1257 ὁμαλίσας,
2762 1183 2835 1244 ὡς
2872 1183 2941 1235 ἐν
2974 1181 3182 1245 εἰρήνῃ
3217 1173 3474 1227 διελθεῖν
3512 1171 3649 1235 τοὺς
3692 1168 3882 1232 πέδας
3913 1168 4021 1219 αὺ-

2443 1278 2569 1336 τοῦ.
2602 1277 2716 1341 τὴν
2746 1273 3144 1335 δικαιοσύνην
3190 1268 3309 1322 ἀπὸ
3359 1263 3581 1334 γενεῶν
3612 1261 3878 1322 καλέσας
3914 1259 4021 1322 dp-

2446 1369 2647 1439 χαίων,
2689 1361 2845 1437 sui;
2886 1365 2971 1416 ἐπ’
2996 1362 3237 1430 ἐσχάτων
3275 1358 3575 1429 ῥυσάμενος
3605 1354 3750 1420 ἡμᾶς
3794 1350 3898 1401 ἀπὸ
3922 1348 4024 1415 τῆς

2447 1462 2673 1533 φθορᾶς,
2692 1458 2787 1511 καὶ
2823 1457 2922 1525 τῆς
2950 1454 3044 1507 τοῦ
3079 1451 3323 1506 διαϐόλου
3353 1446 3667 1511 πλεονεξίας
3686 1485 3698 1504 ,
3738 1442 4025 1494 ἐδικαίωσε

2444 1551 2535 1605 διὰ
2585 1552 2817 1609 πίστεως
2872 1546 3110 1615 φωτίςας
3147 1540 3563 1608 ὲσκοτισμένους
3611 1538 3698 1588 δια
3744 1532 4026 1603 προςήτου

2447 1643 2657 1711 λέγων·
2716 1658 2735 1690 ι
2767 1639 2875 1690 Καὶ
2921 1636 3172 1688 ἀνατελεί
3220 1634 3345 1699 ὑμῖν
3395 1632 3504 1687 τοῖς
3556 1623 3908 1695 φοϐουμένοις
3962 1620 4028 1671 τὸ

2449 1735 2619 1802 ὄνομα
2665 1749 2766 1801 μου
2805 1730 2953 1799 ἥλιος
2985 1725 3355 1792 δικαιοσύνης.
3392 1741 3409 1774 ι
3463 1720 3633 1779 Αὐτὸς
3671 1714 3763 1770 οὖν
3815 1713 4027 1767 ἐκάλε-

2451 1842 2565 1880 σεν
2593 1825 2786 1891 αὐτὴν
2816 1820 3211 1893 ἐμφανισθῆναι
3254 1819 3365 1877 τοῖς
3415 1814 3508 1865 ἐπὶ
3555 1810 3679 1879 γῆς,
3704 1809 3852 1860 τοῦτ’
3881 1808 4029 1856 ἐστιν

785 1929 904 1998 Ipse
938 1928 1104 1995 igitur
1140 1939 1256 1977 cam
1290 1920 1512 1983 vocavit,
1550 1921 1716 1983 uliis,
1740 1921 1831 1989 qui
1865 1920 1918 1973 in
1952 1929 2094 1973 terra
2124 1919 2349 1990 degunt,
2387 1888 2426 1944 Β
2455 1920 2477 1970 ὲ

2337 1960 2349 1985 ,
2387 1888 2426 1944 Β
2455 1916 2627 1970 ἐλθεῖν
2675 1914 3076 1984 παρεσκεύασε,
3105 1910 3179 1973 ὡς
3231 1907 3323 1959 καὶ
3358 1902 3684 1975 πορεύεσθαι
3718 1898 3857 1951 κατὰ
3892 1894 4029 1945 πνξδα

785 2026 1069 2092 appareret
1103 2032 1117 2071 :
1157 2016 1209 2070 id
1244 2022 1353 2075 est,
1384 2012 1633 2066 veniendi
1675 2020 1868 2065 auctor
1894 2010 2014 2076 fuit,
2046 2018 2101 2064 ut
2154 2027 2354 2065 secun-

786 2110 913 2162 dum
968 2108 1109 2159 viam
1136 2105 1277 2173 ejus,
1308 2103 1399 2171 qui
1433 2102 1668 2163 vocavit,
1703 2101 2026 2154 ambularet.
2073 2101 2163 2154 Dei
2209 2102 2352 2155 enim

786 2200 1076 2268 Patrisque
1133 2194 1377 2264 vestigiis
1432 2192 1746 2256 insistebat,
1783 2191 1873 2261 qui
1924 2192 2041 2261 ejus
2068 2207 2233 2261 opera
2260 2192 2356 2246 atl-

789 2295 1045 2363 impleus,
1077 2288 1354 2344 sua‘illum
1384 2294 1603 2349 natura,
1630 2286 1718 2338 eui
1750 2285 1976 2353 aequalis
2036 2294 2142 2349 est,
2171 2285 2357 2354 expri-

788 2392 984 2441 meret.
1014 2380 1170 2437 Uude
1208 2380 1323 2432 ait:
1362 2396 1380 2429 ι
1412 2377 1469 2431 Si
1498 2392 1605 2431 non
1651 2376 1792 2430 facio
1832 2391 1995 2445 opera
2028 2374 2206 2431 Patris
2230 2376 2357 2441 mei,

793 2477 962 2531 nolite
991 2472 1121 2527 mihi
1153 2469 1376 2524 credere
1405 2470 1447 2532 ’,
1488 2487 1506 2519 ι
1537 2476 1591 2521 et
1623 2482 1742 2537 qua:
1785 2474 2107 2536 sequuntur.
2130 2464 2356 2529 Deinde,

792 2585 921 2623 cum
952 2564 1221 2621 voluntati
1258 2563 1378 2632 ejus
1426 2561 1847 2629 obsequeretur,
1877 2561 1957 2613 vel
1998 2560 2199 2629 potius,
2236 2575 2359 2613 cum

793 2666 910 2731 ipse
947 2658 1126 2712 Patris
1163 2655 1416 2709 voluntas
1435 2654 1745 2715 exsisteret,
1779 2652 1850 2705 ita
1870 2648 2088 2705 Iudaeos
2120 2651 2362 2719 alloque-

795 2752 957 2805 batur
989 2766 1001 2800 :
1048 2764 1067 2798 ι
1100 2745 1208 2799 Vos
1250 2742 1550 2799 secundum
1576 2740 1734 2812 [‘51
1792 2755 2011 2795 carnem
2045 2740 2311 2810 judicatis
2345 2756 2361 2799 :

796 2858 898 2914 ego
929 2848 1108 2895 autem
1164 2853 1271 2892 non
1308 2835 1497 2907 judico
1520 2849 1869 2904 quemquam.
1910 2851 1929 2885 ι
1962 2832 2046 2899 Et,
2081 2851 2099 2884 ι
2139 2834 2182 2888 si
2219 2833 2365 2903 judi-

799 2950 863 2988 co
910 2947 1032 3001 ego,
1058 2928 1326 2997 judicium
1360 2941 1538 2981 meum
1585 2940 1771 2978 verum
1806 2933 1912 2987 est,
1943 2924 2200 2994 quoniam
2254 2939 2363 2978 non

799 3040 985 3094 quaero
1005 3024 1339 3075 voluntatem
1377 3033 1572 3080 meam,
1590 3017 1682 3071 sed
1702 3017 1821 3086 ejus
1844 3018 2102 3087 quimisit
2130 3034 2214 3072 me
2239 3018 2305 3083 ‘°,
2342 3035 2361 3069 ι

800 3116 945 3183 quod
976 3113 1166 3169 eodem
1205 3111 1330 3179 pede
1362 3125 1483 3165 cum
1518 3107 1678 3162 Patre
1733 3124 1958 3179 pergere
1987 3124 2111 3163 vere
2140 3109 2364 3175 dixeris,

2452 2008 2546 2061 τοῦ
2594 2006 2941 2075 κεκληκότος.
2979 2003 3115 2057 Κατ’
3143 2001 3285 2070 ἴχνος
3334 1996 3443 2067 γὰρ
3490 1992 3702 2055 ἐϐάδιξε
3750 1988 3843 2040 τοῦ
3892 1982 4030 2037 Θεοῦ

2455 2104 2547 2156 καὶ
2594 2102 2853 2171 Πατέρος,
2883 2100 2949 2151 τὰ
2988 2096 3196 2149 ἐκείνου
3248 2094 3384 2162 ἔργα
3433 2087 3675 2157 πληρῶν,
3726 2086 3781 2134 ἐν
3830 2081 3935 2149 ἰδία
3970 2094 4032 2130 τε

2454 2193 2642 2247 τοῦτον
2678 2191 2834 2260 φύσει
2864 2182 3207 2250 δεικνύς.Ἦν
3230 2185 3337 2253 γὰρ
3365 2182 3474 2242 ἶσος
3508 2178 3674 2246 αὐτῷ.
3708 2176 3797 2226 Διό
3832 2184 4031 2241 φησιν’

2466 2306 2483 2338 ι
2511 2286 2572 2339 Εἰ
2603 2286 2662 2337 οὖ
2697 2282 2833 2336 ποιῶ
2865 2283 2933 2335 τὰ
2968 2281 3104 2350 ἔργα
3138 2276 3230 2329 τοῦ
3266 2274 3503 2341 lla-.590;
3532 2288 3651 2340 μου,
3680 2270 3751 2336 μὴ
3778 2263 4033 2317 πιστεύει

2457 2379 2517 2431 τέ
2555 2396 2677 2448 μοι,
2713 2395 2730 2427 ι
2764 2376 2857 2428 καὶ
2887 2374 2954 2426 τὰ
2996 2372 3141 2439 ἑξῆς.
3170 2371 3246 2439 Τῇ
3280 2365 3443 2421 αὐτοῦ
3478 2364 3533 2416 δὲ
3566 2362 3779 2429 θελήσει
3812 2358 4038 2410 σχοῖνον.

2460 2468 2567 2522 θῶν
2594 2509 2607 2533 ,
2651 2468 2850 2538 μᾶλλον
2904 2465 2958 2517 δὲ
3008 2463 3224 2531 θέλησις
3268 2458 3342 2512 ὢν
3376 2456 3471 2510 τοῦ
3522 2456 3759 2524 Πατέρος
3785 2493 3799 2513 ,
3850 2450 4038 2515 ἔλεγεν

2473 2561 2769 2621 Ἰουδαίοις·
2805 2576 2822 2609 ι
2845 2558 3033 2625 Ὑμεῖς
3063 2554 3200 2606 κατὰ
3225 2556 3322 2619 τὴν
3356 2552 3532 2617 σάρκα
3566 2547 3801 2615 κρίνετε,
3836 2538 3947 2605 ἐγὼ
3973 2538 4039 2590 οὐ

2464 2652 2634 2721 κρίνω
2681 2648 2889 2701 οὐδένα.
2922 2664 2939 2696 ι
2990 2644 3130 2696 Καί·
3172 2660 3191 2694 ι
3213 2642 3338 2693 Ἐὰν
3371 2643 3539 2710 κρίνω
3567 2634 3697 2702 ἐγὼ,
3728 2636 3759 2703 ἡ
3794 2631 3974 2699 κρίσις
4004 2628 4040 2697 ἡ

2465 2744 2572 2813 ἐμὴ
2610 2742 2795 2795 δικαία
2828 2739 2995 2801 ἐστὶν,
3031 2737 3113 2789 ὅτι
3157 2735 3216 2787 οὐ
3249 2732 3397 2802 ζητῶ
3430 2733 3489 2783 τὸ
3520 2729 3731 2796 θέλημα
3776 2726 3837 2777 τὸ
3886 2724 4041 2791 ἐμὸν,

2466 2836 2601 2889 ἀλλὰ
2632 2834 2694 2886 τὸ
2721 2833 2933 2901 θέὶημα
2958 2827 3049 2881 τοῦ
3081 2826 3392 2896 πέμψαντός
3422 2839 3510 2891 με,
3534 2841 3551 2872 ι
3582 2823 3719 2886 ὅπερ
3754 2818 3868 2870 ἐστὶ
3893 2814 4046 2868 κατὰ

2468 2928 2622 2982 πόδα
2651 2927 2851 2996 χωρεῖν
2873 2921 2968 2974 τοῦ
2997 2922 3257 2988 Πατέρος,
3284 2917 3405 2969 ὅθεν
3434 2916 3643 2981 ἔλεγεν·
3682 2932 3699 2963 ι
3723 2907 3863 2976 Ἐγὼ
3886 2910 3944 2961 ἐν
3964 2906 4047 2977 τῷ

2468 3020 2705 3089 Πατέρι,
2739 3015 2836 3069 καὶ
2866 3015 2893 3065 ὁ
2928 3012 3117 3081 Πατὴρ
3148 3014 3204 3063 ἐν
3235 3008 3376 3079 ὲμοε.
3410 3026 3428 3058 ι
3465 3007 3608 3058 Καί⁸
3655 3021 3673 3055 ι
3697 3004 3753 3056 '0
3780 2998 4047 3071 ἑωρακὼς

2469 3112 2587 3182 ἐμὲ,
2619 3108 2831 3179 ἑώρακε
2860 3105 2951 3158 τὸν
2976 3103 3215 3173 Πατέρα.
3249 3118 3266 3150 ι
3303 3099 3379 3150 Δι’
3403 3090 3477 3149 ὧν
3504 3094 3793 3151 ἁπάντων,
3827 3092 3953 3153 τοὺς
3988 3090 4050 3154 ἐξ

800 3222 924 3259 cum
981 3204 1273 3266 scribatur,
1302 3220 1320 3253 ι
1359 3200 1470 3269 Ego
1528 3199 1579 3253 in
1642 3198 1820 3264 Patre,
1855 3207 1910 3253 et
1964 3198 2123 3253 Pater
2184 3199 2239 3253 in
2285 3202 2492 3278 πηοαό

2359 3217 2369 3255 ξ
2396 3220 2438 3278 c
2471 3202 2644 3270 ἀρχῆς
2674 3192 3267 3251 καταδυωστευθέντας
3298 3188 3402 3242 ὑπὸ
3442 3187 3549 3239 τῶν
3588 3185 4051 3251 κοσμοκρατόρων

802 3306 882 3351 est
914 3297 978 3349 ¹¹.
1024 3312 1040 3345 i
1082 3292 1185 3346 Et:
1228 3310 1246 3343 (
1275 3291 1379 3359 Qui
1410 3291 1557 3345 videt
1595 3306 1701 3353 me,
1733 3290 1879 3344 videt
1913 3299 1966 3345 et
1999 3290 2212 3344 Patrem
2244 3292 2306 3343 ".
2344 3310 2362 3344 ι

803 3386 1014 3454 Quibus
1046 3385 1299 3439 omnibus
1348 3398 1467 3444 eos.
1500 3383 1591 3451 qui
1628 3397 1656 3436 a
1683 3382 1954 3453 principio
1978 3382 2033 3436 in
2077 3383 2237 3453 hujus
2271 3398 2371 3438 sae-

806 3481 915 3535 cuii
943 3479 1405 3546 tenebrarumque
1424 3475 1691 3545 principis
1719 3480 2046 3543 potestatem
2081 3482 2369 3539 venerant,

806 3572 1049 3641 ejusdem
1075 3568 1363 3640 tyrannide
1386 3550 1655 3628 liberat-it;
1687 3580 1825 3636 quos
1882 3565 1949 3619 ad
1986 3573 2191 3619 tantam
2248 3568 2372 3621 vita:

807 3664 1288 3717 commutationem
1317 3660 1734 3726 obrtupescentes
1762 3671 1917 3726 reges
1932 3657 2115 3712 dicere
2144 3659 2327 3714 valeas
2352 3674 2366 3723 ;

809 3753 901 3824 qui
937 3753 1274 3814 intueantur,
1312 3758 1370 3803 ut
1394 3749 1497 3819 ipsi
1537 3747 1869 3811 ceciderant,
1898 3754 1955 3800 ut
1993 3748 2186 3801 cremio
2215 3748 2369 3803 sitni-

806 3846 890 3899 les
915 3851 1202 3899 evaserant
1229 3859 1243 3909 ;
1278 3851 1336 3897 ut
1364 3841 1545 3895 omnis
1567 3839 1806 3907 denique
1838 3837 1964 3892 mali
2004 3840 2187 3909 eperis
2230 3842 2371 3895 ratio

813 3945 1035 4005 propter
1094 3934 1363 4003 direptam
1423 3946 1519 4003 per
1571 3931 1852 3985 Christum
1908 3929 2210 3986 adversarii
2274 3948 2369 3987 su-

2468 3288 2562 3341 τοῦ
2596 3286 2817 3347 σκότους
2843 3282 3033 3335 τούτου
3067 3280 3165 3346 τῆς
3195 3276 3507 3347 τυραννίδος
3541 3272 3897 3337 ἀπήλλαξεν
3917 3286 3930 3298 ’
3957 3268 4054 3331 οῦς

2470 3380 2642 3440 εἴποις
2672 3376 2739 3429 ἂν
2766 3373 3018 3444 βασιλέας
3047 3369 3450 3434 ἐξεστηκότος
3474 3368 3564 3416 ἐπὶ
3594 3367 3661 3432 τῇ
3688 3362 3928 3430 τοσαύτῃ
3954 3358 4053 3412 τοῦ

2475 3471 2590 3541 βίον
2630 3466 2921 3539 μεταδο).ῇ,
2950 3465 3046 3531 τὴν
3078 3461 3285 3514 πτῶσιν
3314 3457 3554 3528 ὁρῶντας
3584 3455 3678 3525 τὴν
3705 3452 3935 3516 ἑαυτῶν,
3956 3451 4057 3503 καὶ

2473 3539 2547 3623 ῶς
2577 3555 2903 3628 φρυγάνοις
2950 3554 3054 3605 ἴσοι
3100 3549 3410 3617 γεγόνασιν,
3446 3546 3540 3597 καὶ
3585 3544 3691 3603 πᾶς
3732 3539 3911 3593 αὐτῶν
3950 3555 4058 3589 κα-

2475 3650 2737 3721 κουργίας
2766 3645 3032 3717 ἠσθένησε
3061 3642 3282 3710 τρόπος,
3315 3634 3551 3706 Χριστοῦ
3574 3635 3640 3685 τὰ
3672 3634 3843 3698 σκεύη
3871 3628 4059 3682 αὐτῶν

2474 3743 2900 3815 διαρπάσαντος.
2945 3754 2963 3787 ι
2997 3735 3071 3788 Οὐ
3102 3733 3208 3803 γὰρ
3233 3730 3525 3799 ὠφελήσει,
3557 3726 3741 3795 φησιν,
3778 3723 3972 3792 ἐχθρὸς
4000 3722 4061 3771 ἐν

2478 3814 2646 3906 αὐτῷ,
2679 3833 2774 3887 καὶ
2822 3831 2934 3892 υίὸς
2962 3826 3192 3896 ἀνομίας
3223 3821 3282 3876 οὗ
3321 3818 3621 3892 προσθήσει
3659 3816 3752 3868 τοῦ
3802 3814 4061 3868 κακῶσαι

2477 3930 2663 3985 αὐτόν.
2698 3944 2716 3977 ι

814 4030 1135 4098 peltectilem
1158 4029 1535 4099 elangueratu
1566 4025 1685 4081 Non
1724 4028 1871 4082 enim
1914 4027 2188 4096 proﬁciet,
2214 4029 2412 4101 inquit,
2458 4022 2811 4084 adversarius
2847 4018 2900 4074 in
2924 4031 3011 4082 eo,
3046 4021 3101 4070 et
3122 4012 3266 4067 (ilius
3316 4006 3627 4079 iniquitatis
3660 4019 3768 4059 non
3814 4007 4062 4072 apponet

815 4132 1014 4173 nocere
1052 4118 1102 4173 ei
1121 4119 1207 4175 Ιν.
1238 4130 1259 4165 ι

884 4211 1107 4280 Fugatis
1147 4222 1277 4278 ergo
1320 4208 1601 4279 pulsisque
1647 4206 2001 4275 adversariis,
2052 4212 2135 4265 eia
2185 4212 2374 4281 pedum

812 4305 924 4373 ejus
956 4304 1104 4371 facta
1146 4307 1222 4353 est
1268 4299 1320 4351 in
1344 4313 1493 4365 pace.
1548 4296 1691 4350 Nihil
1730 4298 1873 4351 enim
1911 4299 2033 4367 ipsi,
2084 4306 2379 4370 quominus

815 4410 899 4459 ea,
938 4408 1058 4462 qua:
1092 4390 1157 4446 ad
1205 4405 1306 4445 nos
1350 4398 1621 4459 spectant.
1668 4389 2081 4445 administraret
2113 4408 2236 4447 esse
2278 4395 2380 4446 im-

817 4483 1126 4549 pedimento
1155 4479 1351 4551 potuit.
1390 4479 1485 4532 Ille
1512 4479 1677 4547 igitur
1711 4478 1821 4532 ait:
1851 4478 1961 4548 Ego
1986 4496 2129 4545 sum,
2156 4482 2248 4551 qui
2281 4498 2374 4536 no~

2557 4198 2679 4253 Τῶν
2706 4189 2796 4249 οῦν
2822 4189 3029 4263 ἐχθρῶν
3058 4183 3453 4253 δεδιωγμένων,
3479 4183 3516 4249 ἠ
3547 4179 3685 4244 ὁδὸς
3712 4176 3833 4231 τῶν
3856 4174 4068 4230 ποδῶν

2487 4292 2670 4347 αὐτοῦ
2705 4288 2951 4358 γέγονεν
2982 4284 3053 4336 ἐν
3078 4278 3309 4346 εἰρήνῃ.
3340 4276 3535 4341 Γέγονε
3558 4273 3666 4342 γὰρ
3703 4271 3857 4322 οὐδὲν
3886 4273 4068 4339 ἐμπο-

2488 4385 2594 4439 δὼν
2624 4377 2993 4448 οἰκονομοῦντι
3027 4373 3095 4425 τὰ
3127 4369 3246 4423 καθ’
3275 4369 3443 4438 ἡμᾶς.
3482 4364 3623 4432 Ἐγὼ
3644 4365 3846 4426 τοίνυν,
3872 4362 4066 4429 φησὶν,

2486 4477 2515 4527 ό
2546 4478 2602 4527 ὲν
2648 4470 2861 4539 ἐσχάτῳ
2904 4463 3222 4526 καταδείξας
3264 4457 3443 4528 καιρῷ
3482 4455 3593 4521 τὴν
3641 4453 4067 4516 δικαιοσύνην,

816 4573 1040 4625 vissima
1107 4576 1429 4639 tempestate
1487 4569 1760 4637 justitiam
1816 4542 2235 4641 demonstravi;
2295 4574 2384 4641 qui
2418 4578 2508 4633 Da

2376 4574 2384 4625 ἱ
2418 4578 2459 4633 D
2490 4562 2796 4629 κεκληκὼς
2833 4558 2900 4610 δὲ
2921 4555 3116 4619 αὐτὴν
3143 4552 3257 4605 ἀπὸ
3289 4546 3508 4619 γενεῶν
3532 4546 3814 4613 ἀρχαίων.
3853 4542 3928 4593 Τὸ
3956 4544 4068 4611 γὰρ

815 4678 932 4718 eam
959 4679 988 4716 a
1022 4659 1444 4732 generationibus
1474 4659 1704 4726 antiquis
1733 4661 1931 4711 vocavi.
1971 4658 2173 4714 Christi
2204 4662 2379 4731 siqui—

818 4751 941 4806 dem
994 4749 1312 4820 mysteriom
1367 4748 1436 4801 ab
1480 4746 1596 4814 ipsa
1644 4747 1834 4800 mundi
1885 4749 2131 4816 origine;
2167 4764 2383 4819 quoque

818 4842 980 4898 modo
1017 4841 1229 4909 lapsum
1284 4837 1476 4893 Adaiui
1511 4850 1766 4907 reparare
1813 4837 2049 4906 deceret,
2098 4843 2385 4910 praescire-

822 4945 925 4989 rat.
958 4931 1064 4986 Nec
1098 4931 1319 4993 mirum,
1346 4927 1566 4998 quando
1588 4936 1641 4981 et
1663 4941 1852 4981 eorum
1899 4929 2084 4994 etiam,
2116 4931 2209 5000 qui
2246 4931 2383 4985 salvi

821 5040 917 5096 per
979 5023 1136 5077 tidem
1214 5019 1387 5074 futuri
1456 5028 1615 5081 sunt,
1688 5020 2025 5073 vocationem
2090 5024 2386 5091 prascivit.

828 5133 846 5165 ι
882 5114 1032 5180 Quos
1070 5108 1213 5166 enim
1253 5109 1547 5178 prmscivit,
1582 5108 1679 5170 ait,
1711 5115 1765 5161 et
1805 5109 2210 5177 prmdestinavit
2250 5126 2382 5165 eon-

823 5208 1026 5259 formes
1039 5202 1153 5257 lteri
1175 5201 1393 5268 imagini
1416 5196 1540 5252 Filii
1572 5200 1655 5252 sui
1682 5238 1697 5263 ,
1729 5199 1949 5252 eosdem
1974 5209 2027 5253 et
2049 5200 2261 5254 vocavit
2284 5200 2344 5252 ".
2360 5220 2377 5251 ι

822 5297 990 5351 Multo
1030 5295 1201 5364 magis
1228 5293 1392 5361 igitur
1423 5301 1477 5345 et
1502 5289 1591 5343 ille
1616 5290 1981 5359 prus-cognitus
2018 5300 2123 5354 est,
2150 5292 2240 5361 qui
2280 5292 2388 5346 sal-

824 5400 975 5444 vator
1019 5401 1137 5442 esse
1175 5385 1385 5439 debuit.
1432 5383 1509 5435 ita
1567 5390 1743 5435 autem
1790 5384 2046 5438 dixerunt
2078 5387 2323 5439 nonnulli
2369 5405 2383 5443 :

826 5487 936 5554 ipse
970 5481 1189 5551 quidem
1234 5488 1337 5544 est,
1374 5477 1466 5546 qui
1506 5474 1647 5545 Cyro
1696 5477 1860 5530 etiam
1914 5477 2083 5533 robur
2130 5480 2393 5535 adversus

840 5618 935 5659 “-'
956 5617 1186 5672 Malach.
1228 5632 1304 5677 tv,
1347 5614 1398 5667 2.
1494 5611 1516 5642 '
1547 5610 1841 5679 Joan.xrv,
1877 5615 1965 5670 '57.

827 5704 1067 5745 Lxxxvin
1119 5687 1212 5740 25.
1289 5686 1332 5716 ⁸³
1380 5684 1535 5737 liam.
1568 5697 1683 5746 \‘lll,
1717 5682 1807 5738 29.

2064 5617 2108 5649 ‘°
2146 5615 2305 5672 Joan.
2348 5617 2582 5683 vnt,13,
2633 5616 2715 5671 16.

2488 4650 2726 4726 Χριστοῦ
2761 4648 3059 4719 μυστήριον
3082 4643 3187 4697 ἀπὸ
3210 4641 3414 4709 κόσμου
3454 4638 3704 4707 προέγνω
3728 4632 4067 4700 καταϐολῆς,

2490 4723 2587 4799 καὶ
2617 4742 2731 4805 πῶς
2758 4740 2866 4793 δέοι
2896 4738 2996 4805 τὴν
3040 4734 3211 4803 ’Δδὰμ
3238 4730 3491 4800 γενέσθαι
3521 4725 3827 4796 διόρθωσιν.
3865 4723 3981 4775 Καὶ
4006 4724 4070 4775 οὐ

2492 4834 2825 4906 θαυμαστὸν,
2866 4832 3000 4883 ὅπου
3035 4828 3130 4881 καὶ
3176 4824 3285 4877 τῶν
3340 4821 3661 4891 σωζομένων
3695 4817 3795 4886 τὴν
3845 4816 3935 4869 διὰ
3983 4816 4074 4867 πί-

2495 4944 2664 4990 στεως
2694 4924 3010 4995 προέγνωκε
3062 4919 3276 4987 κλῆσιν.
3319 4933 3336 4966 ι
3374 4911 3481 4975 Οὓς
3514 4912 3624 4980 γὰρ
3654 4910 3794 4974 ἔγνω
3832 4916 3878 4969 ο,
3908 4909 4069 4976 φησὶ,

2497 5020 2592 5073 καὶ
2627 5018 2899 5087 προώρισε
2932 5010 3289 5082 συμμόρφους
3324 5004 3420 5074 τῆς
3442 5002 3646 5063 εἰκόνος
3686 4999 3776 5052 τοῦ
3808 4998 3944 5051 Υιοῦ
3969 5000 4071 5050 αὖ-

2488 5110 2603 5174 τοῦ,
2638 5109 2861 5170 τούτους
2888 5105 2981 5158 καὶ
3008 5102 3285 5155 ἐκάλεσεν.
3317 5114 3336 5148 ι
3371 5094 3583 5149 Οὐκοῦν
3612 5091 3791 5161 πολλῷ
3813 5091 4019 5159 μᾶλλον
4047 5092 4075 5142 ὀ

2496 5206 2683 5259 σώσων
2750 5202 3121 5273 προέγνωστο.
3198 5193 3351 5254 Τινὲς
3396 5190 3453 5242 δὲ
3510 5188 3682 5250 οὓτως
3740 5188 4071 5256 εἰρήκασιν·

2497 5297 2671 5359 Αὐτὸς
2696 5294 2805 5364 γάρ
2824 5303 2850 5342 P
2880 5295 3024 5344 ἐστιν
3047 5289 3074 5341 ό
3108 5289 3201 5341 καὶ
3224 5284 3404 5353 Κῦρον
3424 5280 3733 5349 ὲνισχύσας,
3758 5279 3899 5331 κατὰ
3937 5279 4074 5331 πὰν-

2496 5405 2603 5440 των
2657 5386 2846 5449 ἐθνῶν,
2899 5382 2958 5435 ὃν
3012 5378 3107 5433 καὶ
3155 5372 3550 5439 δικαιοσύνην
3599 5369 3832 5424 ἐνταῦθα
3887 5370 4071 5429 καλεῖ,

2494 5476 2941 5549 ἐλευθερώσαντα
2972 5472 3071 5542 μὲν
3090 5470 3183 5523 τδν
3218 5464 3453 5535 Ἰσραὴλ,
3489 5465 3551 5516 ἐκ
3584 5461 3637 5515 δὲ
3678 5461 3777 5531 τῆς
3812 5461 3947 5531 περὶ
3975 5461 4076 5514 αὐ-

2816 5616 2856 5645 ει
2900 5610 3056 5666 Joan.
3111 5623 3167 5673 ι,
3242 5604 3328 5660 to.
3370 5641 3381 5651 .
3429 5594 3642 5658 “'ibid.
3681 5601 3735 5656 9.
3836 5599 3881 5633 ιι
3920 5597 4095 5676 esst,

2091 5773 2329 5831 VARM‘Z
2368 5771 2773 5829 LECTIONES.

897 5860 921 5886 ο
951 5866 1035 5921 Π),
1070 5848 1335 5919 προέγνω.
1414 5844 1543 5896 τῖσ.
1590 5842 1710 5912 μέν.
