4284 6440
763 374 896 436 2351

2054 371 2405 434 PROCOPII
2438 371 2681 435 GAZEI

3874 365 4028 429 2352

770 487 996 551 potiores
1062 487 1293 556 artiﬁces
1351 496 1401 541 et
1436 485 1658 540 (trario:
1710 484 1950 541 evasisse
2006 484 2330 539 docuerunt.
2360 502 2462 563 Ap

2360 504 2409 563 Α
2441 486 2539 555 μέν
2582 484 2798 547 συνθεὶς
2822 485 2917 538 καὶ
2949 484 3249 554 διαγλύψας
3281 485 3497 540 εἴδωλον
3518 483 3682 555 τέχνῃ
3708 483 4029 553 τεκτονικῇ,

772 575 877 630 Sed
913 577 1003 646 qui
1037 577 1255 631 tandem
1306 577 1575 644 potiores?
1629 574 1767 639 Quia
1818 572 2071 628 coniecto
2116 574 2334 643 quidem

768 677 821 721 οι
857 671 1134 739 insculpto
1173 677 1287 721 arte
1319 683 1414 721 sua
1447 668 1595 721 idolo
1627 668 1798 733 alius;
1832 666 1974 719 alius
2000 674 2178 719 antem
2204 665 2341 719 mal-

773 759 837 810 lei
877 773 978 826 0pc
1014 758 1275 809 labriraia
1321 764 1526 819 statua,
1572 756 1831 824 deceptos
1876 753 2127 807 homines
2163 753 2217 806 in
2261 768 2342 809 re-

773 849 1000 914 probum
1034 862 1258 902 sensum
1294 857 1633 917 rapuerunt,
1675 846 1805 900 dum
1871 861 1970 901 sua
2018 860 2113 900 eos
2158 860 2343 914 opera,

772 940 861 1007 qui
891 940 955 992 ad
998 939 1290 1006 imaginem
1326 939 1417 992 Dei
1455 939 1626 992 creati
1676 947 1888 999 essent,
1927 938 2158 991 adorare
2191 952 2344 990 com-

776 1033 1065 1097 pulerunt;
1098 1029 1359 1099 idipsum,
1414 1029 1562 1099 quod
1596 1045 1627 1083 a
1658 1046 1716 1085 se
1748 1028 2059 1082 confectura
2087 1036 2224 1091 eral,
2261 1044 2347 1080 so-

774 1120 1087 1173 tidutionem
1136 1121 1348 1181 bonam,
1400 1129 1657 1187 tanquam
1712 1119 1850 1172 bene
1922 1119 2040 1172 suis
2097 1119 2345 1187 partibus

778 1221 954 1277 aptam
988 1219 1043 1263 et
1089 1210 1477 1271 cohaerentem,
1532 1209 1890 1278 appellantes.
1945 1209 2013 1261 At
2077 1215 2204 1261 sunt
2252 1208 2346 1276 qui

778 1311 944 1354 totam
984 1302 1227 1371 priorum
1261 1302 1552 1355 verborum
1605 1301 1798 1353 seriem
1840 1300 1895 1353 in
1940 1300 2085 1353 hunc
2118 1299 2342 1353 tnodnm

775 1393 1137 1460 explicarunt.
1182 1388 1474 1458 Postquam
1505 1389 1638 1443 satis
1668 1388 1735 1441 de
1785 1390 2025 1458 gentium
2062 1389 2348 1441 vocatione

776 1481 1059 1542 disseruit,
1097 1481 1163 1534 ad
1219 1480 1497 1533 lsraclitas
1549 1492 1856 1532 sermonem
1907 1477 2170 1533 traducit.
2210 1475 2345 1532 Cum

778 1576 922 1628 miim
956 1573 1008 1625 in
1045 1572 1222 1641 lapide
1264 1569 1581 1624 oll'ensionis
1627 1570 2001 1632 olTendissent,
2034 1578 2088 1622 ct
2116 1585 2143 1622 a
2174 1570 2350 1623 salute

783 1668 936 1732 longe
964 1664 1219 1717 abessent
1241 1702 1256 1726 ,
1283 1669 1402 1731 post
1441 1660 1576 1730 legis
1620 1663 1869 1714 umbram
1904 1659 2123 1714 inducta
2152 1675 2246 1728 per
2283 1659 2348 1713 ti-

780 1757 901 1810 dem
936 1764 1019 1810 est
1083 1755 1281 1824 gratia.
1343 1752 1755 1805 Murmurahant
1812 1758 1991 1804 autem
2041 1750 2286 1804 dicentes
2328 1767 2342 1804 :

2446 579 2473 630 ὀ
2499 577 2555 630 δὲ
2579 578 2805 647 ποιήσας
2830 576 3119 646 ἀνδριάντα
3144 577 3505 647 στρυρήλατον,
3531 576 3871 644 ἀπεκόμισαν
3890 573 4032 634 τοὺς

2443 668 2828 737 ὴπατημένους
2882 668 2962 728 είς
3012 666 3267 735 ἀδόκιμον
3324 665 3485 729 νοῦν,
3539 668 3862 734 ποιήσαντες
3908 663 4032 716 τῶν

2448 758 2592 811 ἰδίων
2622 758 2798 826 ἔργων
2825 757 3205 827 προσκυνητας
3230 758 3354 818 τοὺς
3380 757 3498 808 κατ’
3526 755 3709 807 είκόνα
3730 755 4033 821 γεγονότας

2443 848 2602 910 Θεοῦ,
2640 849 2988 911 ἐπαινοῦντες
3015 848 3075 900 τὸ
3097 848 3277 919 ἔργον,
3306 849 3400 900 καὶ
3438 850 3764 916 σύμϐλημα
3792 843 4031 897 καλοῦν-

2445 957 2535 1003 τες
2570 940 2785 1001 καλὸν,
2818 941 2893 1001 ὡς
2924 940 3103 999 καλῶς
3135 942 3198 992 ἐκ
3225 940 3330 992 τῶν
3365 940 3509 992 ἰδίων
3548 938 3893 1008 ἡρμοσμένον
3923 951 4034 1004 με-

2449 1027 2576 1096 ρῶν.
2610 1027 2722 1095 Τῆς
2754 1027 2809 1079 δὲ
2857 1028 3036 1097 πάσης
3065 1029 3276 1098 ρήσεως
3315 1028 3385 1079 τὰ
3430 1028 3623 1097 πρῶτά
3669 1044 3809 1087 τινες
3848 1026 4031 1086 sitm;

2450 1118 2811 1186 ὲρμὴνευσαψ
2850 1118 2986 1189 Περὶ
3016 1118 3113 1187 τῆς
3143 1119 3250 1171 ἀπὸ
3282 1120 3389 1170 τῶν
3421 1118 3589 1170 ἐθνῶν
3615 1118 3856 1187 κλήσεως
3888 1115 4031 1169 αὐτο

2446 1208 2629 1277 αρκῶς
2673 1205 2883 1269 εἰπὼν,
2950 1209 3042 1259 ἐπὶ
3112 1209 3239 1271 τοὺς
3293 1209 3354 1271 ἐξ
3412 1209 3625 1277 Ἰσραὴλ
3709 1207 4027 1276 μεταὸἐεηο

2447 1316 2561 1352 κεν.
2606 1298 3034 1369 Προσκοψάντων
3082 1299 3190 1368 γὰρ
3224 1298 3401 1351 αὐτῶν
3443 1300 3522 1368 τῷ
3556 1298 3689 1367 λίθῳ
3720 1298 3813 1350 τοῦ
3846 1314 4029 1367 προσ-

2447 1389 2761 1457 κόμματος,
2839 1391 2934 1441 καὶ
3009 1388 3108 1456 τῆς
3183 1391 3462 1457 σωτηρίας
3538 1390 3838 1457 γεγονότων
3914 1406 4031 1455 μα-

2448 1475 2607 1543 κρὰν,
2648 1477 2788 1546 μετά
2815 1478 2919 1545 τῆς
2947 1477 3087 1529 κατά
3133 1478 3297 1545 νόμον
3340 1480 3523 1540 σκιᾶς.
3559 1478 3893 1547 ἁντεισήχθη
3925 1478 4034 1545 μὲν

2450 1569 2483 1637 ἡ
2515 1566 2602 1619 διὰ
2630 1568 2865 1629 πίστεως
2890 1570 3069 1636 χάρις.
3095 1568 3454 1635 Διεγόγγυζον
3489 1570 3544 1621 δὲ
3576 1569 3821 1635 λέγοντες
3842 1584 3858 1599 ·
3899 1568 4033 1621 Ἀπ-

2448 1661 2663 1727 εκρύση
2686 1659 2724 1724 ἡ
2744 1658 2880 1725 ὁδός
2899 1676 3017 1726 μου
3041 1659 3161 1713 ἀπὸ
3190 1660 3294 1712 τοῦ
3327 1659 3504 1713 Θεοῦ·
3530 1659 3675 1711 τοῦτ’
3702 1661 3867 1721 ἐστιν,
3894 1661 4032 1711 οὐκ·

2450 1749 2531 1803 έτι
2570 1754 2636 1820 τῇ
2680 1752 2821 1804 κατά
2878 1751 3041 1821 νόμον
3090 1753 3348 1823 προσέχει
3399 1752 3648 1823 λατρεία.
3696 1752 3921 1821 Ἀςςεῖλε
3960 1751 4036 1804 δέ

784 1845 1107 1900 Abscondita
1128 1852 1202 1897 est
1236 1842 1320 1895 ria
1352 1856 1466 1894 mea
1494 1857 1525 1893 a
1561 1841 1668 1895 Deo
1691 1882 1705 1906 ,
1731 1841 1782 1895 id
1815 1848 1900 1895 est
1933 1859 1946 1894 :
1979 1838 2095 1893 Non
2120 1840 2353 1909 amplius
2388 1835 2473 1911 B;

2344 1856 2353 1893 ἰ
2388 1835 2566 1911 Βμου
2600 1842 2714 1910 τὴν
2744 1844 2965 1910 κρίσιν,
3002 1845 3098 1897 καί
3136 1844 3371 1911 ἀπέστη
3397 1858 3410 1871 ·
3451 1845 3598 1897 τοῦτ’
3632 1846 3799 1909 ἐστιν,
3823 1846 4036 1896 ἔπαυσε

786 1938 917 2007 legis
950 1936 1156 1990 cultum
1199 1932 1578 2001 amplectitur;
1626 1932 1720 1986 sed
1746 1949 1777 1985 a
1819 1948 1900 1985 me
1924 1931 2192 2001 judicium
2226 1931 2350 1984 ubs-

787 2024 904 2076 tutit
967 2031 1017 2076 et
1071 2023 1310 2082 recessit,
1356 2019 1408 2073 id
1445 2028 1550 2083 est,
1607 2020 1777 2088 legem
1817 2036 2034 2075 cessare
2074 2020 2229 2074 fecit.
2263 2020 2354 2074 Sic

786 2121 929 2173 enim
979 2128 1028 2173 et
1082 2116 1249 2170 David
1298 2116 1543 2169 cecinit:
1596 2134 1615 2167 ι
1659 2115 1933 2171 Judicium
1986 2126 2040 2171 et
2089 2117 2354 2187 iustitiam

788 2210 840 2262 in
876 2209 1042 2262 Jacob
1078 2207 1253 2261 fecisti
1298 2207 1377 2270 ¹⁶;
1420 2226 1438 2258 ι
1492 2208 1636 2276 Quod
1679 2206 1819 2260 idem
1858 2209 2017 2278 plane
2063 2216 2166 2271 est,
2206 2223 2269 2261 ac
2308 2208 2353 2265 si

788 2302 958 2367 legem
997 2314 1118 2352 eum
1180 2314 1273 2367 per
1329 2296 1514 2353 Mosen
1574 2300 1823 2353 sanxisse
1879 2299 2048 2353 dicat.
2102 2300 2244 2365 Quin
2300 2311 2355 2355 et

789 2391 966 2445 Muses
994 2392 1109 2459 ipse
1140 2390 1194 2443 in
1231 2390 1374 2440 hunc
1426 2388 1644 2441 modum
1682 2390 1905 2442 scribit:
1950 2409 1967 2441 ι
2027 2389 2091 2443 Et
2128 2391 2275 2444 dedit
2304 2387 2353 2445 ei

784 2483 989 2551 judicia
1047 2483 1199 2551 legis.
1243 2498 1261 2532 ι
1316 2477 1641 2534 Umbrarum
1692 2478 1909 2541 deinde,
1964 2481 2163 2548 quibus
2226 2482 2355 2535 olim

790 2574 1207 2633 involvebatur,
1261 2587 1462 2640 scoirus
1520 2572 1901 2642 praeﬁgebatur
1957 2572 2245 2637 Christus,
2299 2581 2358 2626 ut

791 2683 909 2735 Ipse
943 2667 1125 2729 docet,
1166 2665 1250 2718 his
1296 2664 1523 2717 verbis:
1579 2682 1596 2714 ι
1658 2663 1713 2716 Si
1762 2664 2059 2718 crederetis
2119 2664 2271 2727 Mosi,
2304 2672 2358 2719 et

792 2760 923 2812 mihi
956 2761 1117 2813 etiam
1161 2757 1459 2811 crederetis
1502 2752 1567 2809 ".
1609 2773 1628 2808 ι
1683 2756 1759 2807 Ad
1796 2756 1931 2820 lucc,
1969 2757 2355 2825 prophetarum

792 2867 1070 2906 Sermones
1112 2851 1267 2920 longe
1306 2860 1429 2904 ante
1478 2849 1720 2901 futurum
1767 2849 1970 2903 Christi
2013 2852 2353 2918 mysterium,

792 2944 935 3012 quod
969 2942 1083 3012 ipsa
1123 2941 1384 2995 Mosaicae
1432 2940 1567 3007 legis
1596 2952 1888 3008 exceptura
1934 2949 2083 2995 esset
2130 2954 2356 2993 meono-

796 3036 923 3097 mia,
957 3034 1373 3088 denuntiarunt.
1427 3028 1655 3089 Verum,
1710 3039 1969 3098 tanquam
2021 3048 2125 3084 non
2173 3030 2359 3083 audie-

794 3128 933 3190 ritis,
983 3128 1159 3181 dicam
1199 3144 1212 3179 :
1248 3123 1384 3177 Deus
1424 3140 1527 3177 non
1562 3122 1780 3177 esuriet.
1822 3122 2007 3191 Neque
2041 3127 2184 3178 enim
2229 3124 2359 3177 mihi

797 3228 1052 3285 tanquam
1097 3217 1419 3285 indigerem,
1465 3216 1602 3286 legis
1649 3217 1850 3269 cultum
1883 3224 1935 3269 et
1966 3216 2234 3271 sacriﬁcia
2263 3231 2360 3269 ex-

797 3313 1053 3378 hilmisti;
1116 3311 1270 3380 juxta
1335 3310 1465 3363 illml
1521 3328 1533 3364 :
1588 3328 1606 3360 (
1666 3307 1782 3362 Νοη
1843 3325 2038 3365 vescor
2076 3319 2360 3364 taurorum

798 3396 964 3475 ἦ,δά
1000 3404 1279 3462 carnibus,
1310 3410 1399 3454 aut
1429 3400 1708 3454 hircorum
1749 3400 1875 3455 bibo
1907 3404 2227 3471 sanguinem
2263 3403 2359 3456 η.»

801 3492 900 3557 Qui
952 3476 1171 3559 possunt
1210 3504 1309 3559 ego
1343 3489 1460 3543 istis
1503 3490 1766 3557 indigere,
1809 3489 1900 3559 qui
1954 3506 2072 3544 sum
2107 3501 2365 3557 wternus,

804 3582 934 3635 nulli
973 3582 1343 3651 corruptioni,
1389 3581 1524 3635 nulli
1558 3582 1812 3649 denique,
1857 3597 2006 3637 more
2060 3582 2365 3650 hominum,

805 3675 1043 3741 passinni
1101 3672 1408 3728 obnoxius?
1468 3671 1569 3726 Sed
1628 3681 1805 3726 tecum
1862 3674 1931 3726 ita
1996 3674 2366 3741 ratiocinaris,

810 3766 1021 3833 inquit:
1067 3762 1122 3819 Si
1163 3763 1434 3817 veteribus
1482 3769 1787 3830 praestant,
1837 3776 1956 3830 qnte
2009 3777 2151 3815 nova
2210 3773 2369 3829 sunt;

2457 1933 2548 1986 τὸν
2584 1935 2767 2004 νόμον.
2813 1937 2922 1988 Καὶ
2948 1935 3111 1988 Δαόὶδ
3153 1939 3259 2005 γάρ
3309 1952 3463 2004 φησιο
3497 1955 3515 1986 ι
3553 1937 3748 2004 Κρίσιν
3801 1937 3894 1987 καὶ
3946 1935 4037 1987 δι·-

2460 2026 2752 2096 καιοσύνην
2788 2029 2846 2079 ἐν
2889 2025 3081 2080 Ἰακὼὸ
3121 2027 3184 2079 σὺ
3213 2028 3495 2097 ἐποίησας,
3531 2046 3548 2078 ι
3581 2027 3819 2097 δηλονότι
3856 2029 3917 2079 σὺ
3938 2027 4038 2079 τὶν

2460 2116 2547 2170 διὰ
2596 2118 2839 2180 Μωσέως
2872 2120 3034 2187 νόμον
3071 2119 3349 2191 διώρισας.
3404 2120 3512 2171 Καὶ
3540 2120 3741 2187 Μωσῆς
3777 2118 3831 2170 δέ
3868 2133 4037 2187 φησιο

2467 2225 2486 2256 ι
2523 2208 2631 2260 Καὶ
2662 2207 2859 2260 ἔδωκεν
2881 2208 3031 2278 αὐτῷ
3057 2210 3404 2279 δικαιώματα
3434 2211 3620 2279 νόμου.
3656 2229 3674 2261 ι
3709 2210 3883 2262 Πάλαι
3907 2226 4039 2261 σκο-

2462 2297 2560 2360 πὸς
2601 2298 2656 2351 δὲ
2704 2298 2882 2352 αὐτῶν
2923 2292 2997 2352 ὧν
3036 2295 3148 2369 εἶχε
3185 2301 3374 2366 σκιῶν,
3421 2303 3478 2353 ἐν
3532 2294 3619 2362 αἷς
3659 2300 4040 2370 προετυποῦτο

2462 2392 2717 2462 Χριστὸς,
2760 2393 2834 2455 ὡς
2875 2395 3035 2459 αὐτός
3072 2413 3262 2464 φησιν·
3306 2415 3325 2447 ι
3367 2398 3426 2448 Εἰ
3470 2396 3780 2448 ἐπιστεύετε
3825 2394 4039 2458 Marcet,

2465 2485 2780 2539 ἐπιστεύετε
2806 2487 2871 2540 ἂν
2897 2489 3037 2557 ἐμοί.
3069 2506 3087 2538 ι
3121 2489 3231 2545 Καὶ¹
3258 2490 3551 2557 προφητῶν
3573 2488 3629 2540 δὲ
3652 2488 3800 2553 λόγοι
3826 2488 3885 2539 τὸ
3910 2485 4042 2553 μὲλ-

2461 2575 2553 2629 λον
2621 2577 2859 2648 Χριστοῦ
2932 2580 3230 2649 μυστήριον
3294 2580 3805 2648 προκατῆγγειλαν,
3865 2579 3942 2637 εἰς
4012 2573 4044 2627 ὃ

2466 2671 2743 2738 καταντᾷν
2775 2670 3006 2738 ἤμελλεν
3042 2672 3073 2739 ὴ
3105 2670 3198 2723 τοῦ
3232 2673 3397 2739 νόμου
3444 2672 3685 2732 Μωσέως
3734 2667 4043 2737 οἰκονομία.

2460 2759 2627 2829 Πλὴν.
2644 2760 2819 2828 ὠςμὴ
2836 2762 3181 2825 ἀκηκοότων
3208 2763 3339 2833 ἐρῶ,
3364 2762 3438 2824 ὡς
3484 2761 3546 2814 '0
3576 2763 3719 2825 Θεὸς
3742 2763 3815 2814 οὺ
3833 2759 4045 2813 πεινά-

2463 2868 2578 2905 aet.
2606 2853 2697 2919 Μὴ
2724 2853 2962 2920 δεομένῳ
2988 2852 3095 2921 γάρ
3130 2869 3219 2920 μοι
3252 2853 3351 2913 τὰς
3380 2853 3522 2905 κατά
3564 2852 3729 2920 νόμον
3764 2851 4047 2920 προσῆγες

2462 2938 2719 3010 λατρείας
2752 2941 3056 3010 συμφώνως
3093 2941 3171 3011 τῷ
3194 2959 3206 2972 ·
3243 2962 3261 2993 ι
3296 2942 3387 3010 Μὴ
3432 2943 3698 3009 φάγωμαι
3733 2942 3869 3010 κρέα
3910 2940 4048 2991 ταὺ-

2465 3046 2596 3098 ρων,
2646 3031 2678 3101 ἢ
2740 3026 2878 3101 αἷμα
2926 3033 3146 3101 τράγων
3196 3032 3438 3101 πίωμαι;
3480 3052 3499 3083 ι
3534 3032 3659 3093 Πῶς
3708 3034 3816 3101 γὰρ
3860 3029 4048 3098 ἐνδεὴς

2464 3120 2577 3187 ἐγὼ
2605 3122 2832 3186 τούτων,
2860 3123 3100 3195 αζώνιος
3121 3124 3379 3193 ὑπάρχων
3410 3124 3505 3176 καὶ
3538 3124 3844 3194 ἄφθαρτος
3875 3123 3909 3190 ἢ
3935 3124 4049 3174 πᾶ-

2464 3210 2553 3273 θος
2573 3212 2910 3280 ἀνθρώπινον
2934 3215 3187 3284 πείσομαι
3206 3232 3221 3279 ;
3242 3216 3399 3267 Ἀλλά
3416 3214 3626 3287 λογίζῃ,
3656 3222 3844 3282 φησιν,
3868 3213 3943 3275 ὡς
3976 3213 4047 3265 Et

2464 3302 2701 3371 κρείττω
2728 3304 2799 3355 τὰ
2826 3305 2920 3356 νέα
2951 3303 3057 3356 τῶν
3088 3306 3279 3366 πάλαι,
3305 3305 3359 3357 τί
3398 3305 3532 3366 ὅλως
3567 3305 3674 3356 ἔδει
3705 3304 3802 3371 τῆς
3822 3301 4054 3373 πρώτης

2465 3393 2826 3462 νομοθεσίαςς
2860 3396 2935 3465 μὴ
2964 3397 3085 3449 τότε
3116 3396 3171 3449 δὲ
3200 3395 3542 3466 κηρυχθῆναι
3569 3396 3639 3447 τά
3662 3395 3792 3460 vi»;
3826 3396 4051 3461 ἀγνοεῖς

2463 3484 2571 3552 γὰρ
2605 3483 2741 3537 Θεοῦ
2795 3488 2985 3554 σοφίας
3033 3487 3369 3557 οἰκονομίαν,
3415 3488 3482 3556 ἣν
3530 3486 3720 3556 μαθὼν
3760 3487 3789 3537 ὁ
3836 3482 4053 3546 Παῦλὸς

2464 3588 2652 3641 φησιν,
2687 3576 2769 3628 ὅτι
2805 3576 2991 3646 Νόμος
3021 3577 3387 3647 παρεισῆλθεν
3425 3578 3511 3629 ἵνα
3540 3576 3808 3650 πλεονάσῃ
3835 3576 3897 3628 τὸ
3939 3592 4053 3629 στα-

2470 3671 2762 3738 ράπτωμα.
2795 3672 2903 3725 Καὶ
2937 3671 3129 3725 πάλιν·
3167 3671 3483 3724 Συνὲκλεισε
3508 3671 3617 3739 γὰρ
3647 3674 3680 3740 ἡ
3713 3669 4054 3741 Γραςὴτοίις

2481 3763 2688 3823 πάντας
2713 3763 2804 3832 ὑφ’
2838 3764 3131 3835 ἁμαρτίαν,
3169 3765 3256 3816 ἵνα
3284 3765 3408 3826 τοὺς
3438 3763 3643 3825 πάντας
3689 3762 3913 3833 ἐλεήσῃ.

810 3854 934 3921 quid
972 3854 1193 3907 omnino
1230 3853 1438 3922 priores
1478 3851 1618 3906 ferre
1653 3852 1795 3920 leges
1825 3867 1963 3921 opus
1986 3851 2192 3907 fuerat?
2227 3869 2352 3908 num
2378 3864 2508 3909 tunc
2547 3855 2732 3908 doceri
2766 3855 2960 3916 satius,
2987 3870 3105 3922 qua!
3139 3868 3287 3907 nunc
3303 3853 3758 3923 promulganturl
3789 3858 3857 3904 At
3898 3854 4055 3921 igno-

807 3960 897 4001 ras
944 3945 1137 3999 divina:
1181 3944 1458 4012 sapientiae
1507 3944 1888 4008 oeconomiam,
1938 3943 2097 4011 cujus
2119 3946 2431 4013 cognitione
2465 3946 2723 4015 pricditus
2763 3947 3078 4013 Apostolus,
3112 3945 3285 4013 legem
3322 3944 3635 4007 introduci,
3670 3952 3727 3995 ut
3768 3953 4052 4010 peccatum

809 4039 1132 4099 abundaret,
1169 4032 1451 4087 allirmavit
1496 4032 1579 4087 ":
1615 4032 1830 4093 deinde,
1873 4033 2207 4089 conclusisse
2234 4031 2574 4105 Scriptaram
2621 4050 2814 4089 omnes
2867 4033 2969 4087 sub
3001 4041 3243 4102 peccato,
3301 4042 3358 4086 ut
3406 4032 3651 4086 omnium
3679 4032 4055 4085 misereretur.

878 4147 1070 4213 Arguit
1102 4146 1264 4216 igitur
1312 4144 1588 4198 hominum
1635 4144 2058 4199 imbecillitatem
2091 4145 2175 4200 lex
2224 4146 2365 4216 ipsa,

813 4251 1041 4293 noneos
1075 4234 1407 4303 justiﬁeans,
1456 4233 1549 4289 sed
1594 4234 1876 4299 damnans,
1943 4251 2086 4304 quos
2122 4236 2377 4293 Christus

812 4329 986 4395 gratia
1016 4327 1359 4397 justitlcavit.
1385 4323 1503 4394 Ipse
1541 4326 1683 4378 enim
1715 4334 1821 4387 est,
1857 4327 1975 4391 qui,
2011 4338 2376 4396 praeterquam

816 4422 955 4488 quod
986 4434 1089 4471 non
1117 4418 1304 4476 esurit,
1348 4416 1413 4470 iis
1463 4415 1650 4476 etiam,
1701 4415 1795 4484 qui
1835 4414 2105 4484 justitiam
2138 4419 2379 4471 esuriant

815 4508 1096 4578 spirituale
1144 4505 1305 4560 robur
1356 4506 1581 4574 largitur
1632 4506 1725 4572 ὀς
1777 4521 2051 4575 sensuque
2089 4508 2381 4562 destitutos

2544 4149 2802 4216 Ἔλεγχος
2834 4146 2942 4216 ἄρα
2984 4148 3083 4216 τῆς
3116 4145 3421 4216 ἀνθρώπων
3471 4146 3762 4206 ἀσθενείας
3792 4145 3821 4196 ὁ
3864 4147 4055 4212 νόμος,

2468 4239 2531 4294 οὐ
2581 4238 2831 4300 δικαιῶν,
2863 4238 2999 4293 ἀλλὰ
3047 4236 3416 4306 κατακρίνων,
3462 4234 3559 4298 οὒς
3597 4237 3625 4287 ὁ
3658 4237 3892 4305 Χριστὸς
3940 4235 4057 4289 ἐδι-

2473 4329 2677 4383 καίωσε
2700 4330 2899 4397 χάριτι.
2925 4327 3095 4388 Αὐτὸς
3122 4328 3230 4394 γὰρ
3249 4327 3277 4378 ὁ
3306 4326 3401 4379 καὶ
3431 4326 3567 4396 πρὸς
3592 4324 3669 4393 τῷ
3696 4324 3782 4392 μὴ
3809 4322 4053 4389 πεινᾷν.

2475 4423 2591 4483 τοῖς
2640 4418 2890 4473 πεινῶσι
2936 4418 3036 4489 τὴν
3084 4417 3436 4487 δικαιοσύνην
3490 4416 3674 4484 ἰσχὺν
3726 4417 3906 4479 διδοὺς
3958 4418 4058 4487 τῆν

2478 4512 2876 4579 πνευματικὴν,
2903 4511 2931 4561 ό
2964 4509 3060 4561 καὶ
3092 4511 3224 4571 τοὺς
3254 4508 3615 4576 ἀναισθήτους
3650 4510 3727 4569 είς
3769 4508 4052 4578 συναίσθη-

818 4599 1064 4653 immisso
1105 4612 1360 4660 mtmore,
1410 4596 1706 4649 vindictam
1752 4607 2107 4665 peccatorum
2150 4613 2374 4667 persen-
2412 4636 2459 4693 υ
2487 4618 2510 4652 a

2364 4627 2459 4693 >D
2487 4618 2569 4652 σιν
2626 4600 2775 4667 ἄγων
2835 4599 3120 4669 ὀδυνηρὰν,
3168 4599 3251 4666 ἐφ’
3281 4592 3360 4660 οἷς
3411 4597 3793 4668 ἀμαρτηκότες
3847 4598 4056 4650 τίσουσι

820 4701 925 4744 ure
961 4689 1110 4742 facit.
1144 4687 1294 4743 Solet
1344 4688 1488 4741 enim
1524 4687 1587 4741 ad
1621 4686 1852 4740 salutem
1894 4703 2126 4749 mmor,
2157 4690 2249 4757 qui
2295 4702 2380 4743 se-

819 4781 1059 4833 cumlum
1094 4776 1260 4832 Deum
1308 4785 1412 4839 est,
1464 4778 1841 4847 pmnitentiam
1891 4780 2106 4849 operari
2160 4782 2382 4837 minime

823 4870 1193 4941 pmuitcndam
1232 4869 1276 4900 "
1306 4887 1318 4922 :
1361 4869 1440 4922 vel
1466 4881 1611 4922 certe
1642 4884 1913 4923 marorem
1945 4887 2069 4925 eum
2104 4873 2190 4927 hie
2221 4873 2383 4927 intel-

822 4962 960 5033 ligit,
986 4978 1146 5031 quem
1184 4961 1252 5015 ab
1295 4961 1451 5015 urbis
1481 4962 1885 5029 expugnatione
1927 4962 2088 5017 iidem
2125 4977 2384 5033 percepe-

821 5062 969 5117 runt,
1001 5052 1095 5121 qui
1145 5051 1372 5122 sanguis
1422 5053 1542 5120 ejus
1602 5067 1765 5119 super
1814 5069 1914 5108 nos
1946 5061 1999 5109 et
2032 5068 2197 5122 super
2244 5056 2384 5110 ﬁlios

824 5152 1044 5197 nostros
1096 5142 1461 5196 inclamarnnt
1490 5143 1558 5198 ’³.
1620 5142 1700 5197 llli
1740 5145 1887 5199 enim
1940 5146 2208 5215 spirituali
2258 5147 2385 5201 cibo

821 5232 1094 5298 destituti,
1150 5232 1346 5287 inlirmi
1398 5243 1692 5288 evaserunt
1736 5275 1751 5300 ,
1814 5236 2187 5304 quantumvis,
2225 5245 2383 5292 antea

824 5325 1017 5380 rubore
1059 5330 1427 5394 przes'tarent:
1476 5339 1601 5378 eum
1661 5336 1880 5395 propter
1930 5326 2382 5393 imbecillitatem,

822 5414 1021 5471 diaboli
1056 5413 1283 5483 pedibus
1331 5422 1521 5480 gentes
1566 5415 1945 5475 ealcaren‘tur;
1987 5416 2383 5486 praeceptisque

825 5506 1087 5576 legalibus
1144 5504 1398 5561 educati.
1460 5505 1632 5573 gratia
1693 5507 1945 5575 gentibus
2012 5506 2377 5573 adventante,

2484 4690 2660 4752 δίκας.
2704 4690 2768 4742 Ἢ
2805 4690 2911 4757 γὰρ
2943 4689 3083 4742 κατὰ
3111 4688 3263 4742 Θεὸν
3299 4689 3463 4753 λύπη
3502 4690 3792 4757 μετάνοιαν
3830 4689 3910 4749 είς
3954 4704 4055 4740 σω·

2478 4782 2675 4851 τηρίαν
2712 4781 3121 4851 ἀμεταμέλητον
3163 4778 3599 4849 κατεργάζεταιο
3639 4779 3809 4849 ἧγουν
3849 4780 4055 4843 λύπην

2479 4873 2656 4932 διδοὺς
2685 4872 2784 4940 τὴν
2815 4874 2879 4924 ἐκ
2920 4874 3019 4941 τῆς
3065 4869 3318 4932 ἁλώσεως
3362 4872 3473 4931 τοῖς
3519 4869 3769 4922 είποῦσιο
3810 4870 3884 4921 Τὸ
3921 4862 4057 4935 αἷμα

2484 4959 2651 5015 αὐτοῦ
2685 4959 2768 5029 ἐφ’
2793 4962 2939 5029 ἡμᾶς
2966 4961 3060 5012 καὶ
3099 4961 3189 5013 ἐπὶ
3230 4958 3299 5011 τὰ
3335 4958 3501 5010 τέκνα
3539 4957 3712 5027 ἡμῶν.
3751 4959 3815 5010 οι
3839 4959 3936 5011 καὶ
3961 4958 4057 5026 τῆς

2483 5054 2858 5124 πνευματικῆς
2896 5053 3249 5123 ἐστερημένοι
3276 5051 3480 5120 τροφῆς
3512 5049 3825 5112 ἀσθενοῦσι,
3857 5050 4056 5104 καίτοι

2485 5147 2751 5218 πρότερον
2799 5146 3102 5217 ἐρρωμένοι
3132 5143 3513 5212 τυγχάνοντες,
3549 5143 3639 5194 ὅτε
3684 5143 3752 5194 τα
3783 5141 3913 5211 ἔθνη
3951 5143 4057 5203 τοῖς

2483 5237 2807 5300 διαϐολικοίς
2857 5237 2913 5302 ἐξ
2956 5233 3237 5296 ἀσθενείας
3282 5231 3668 5285 ὑποπεπτώκει
3722 5233 3909 5293 ποσὶν,
3967 5234 4054 5283 καὶ

2484 5330 2603 5391 ταῖς
2640 5327 2879 5388 ἐντολαῖς
2929 5328 3047 5388 ταῖς
3081 5324 3222 5377 κατά
3252 5323 3418 5393 νόμον
3468 5323 3815 5392 τρεφόμενοι,
3857 5322 3960 5391 τῆς
4002 5323 4058 5373 δὲ

2480 5420 2704 5490 χάριτος
2734 5415 2989 5485 ἐλθούσης
3024 5416 3132 5476 τοῖς
3167 5413 3398 5477 ἔθνεσιν,
3431 5413 3585 5467 αὐτοὶ
3618 5412 3962 5483 μετέστησαν
3980 5414 4059 5474 εἰς

2488 5508 2664 5579 λιμὸν,
2681 5507 2739 5561 ὃν
2766 5504 3144 5560 ἐπεσπάσαντο
3171 5504 3403 5569 ἑαυτοῖς,
3420 5504 3478 5557 οὗ
3511 5504 3691 5574 λιμὸν
3720 5505 3911 5569 ἄρτου,
3938 5501 4060 5557 οὐδὲ

896 5699 937 5729 ⁸³⁸
971 5698 1115 5750 Psal.
1144 5710 1330 5752 terni.
1363 5695 1414 5751 4.
1492 5697 1534 5728 ¹⁷
1563 5693 1721 5766 Joan.
1756 5715 1802 5757 ν.
1842 5697 1928 5755 ιθ.
2006 5699 2208 5757 "Psal.
2262 5713 2402 5766 nu,
2444 5699 2529 5755 15.

2362 5714 2402 5766 ι,
2444 5699 2529 5755 l3.
2608 5700 2647 5733 ι’
2685 5698 2839 5756 Rom.
2874 5713 2927 5759 ν,
2962 5696 3046 5753 l5.
3127 5695 3169 5726 "
3201 5688 3388 5748 Matth.
3424 5705 3479 5757 ν,
3512 5689 3565 5746 ϐ.
3642 5690 3685 5723 ἰ
3719 5687 3757 5745 ΙΙ
3791 5686 3919 5745 Cor.
3958 5704 4054 5755 vn,

862 5768 913 5826 9.
954 5768 1033 5822 lt).
1109 5768 1151 5797 "
1184 5766 1557 5823 Mattthvn.
1583 5764 1672 5817 25.
