4284 6440
227 398 296 461 9.3
306 398 374 461 :33

1386 399 1913 461 COMM’EN’I‘ARII
1952 400 2033 461 IN

2100 396 2389 459 ISAIAM.
3359 379 3497 447 2351

225 506 391 573 δίψαν
444 504 659 569 ὕδατος.
705 505 841 573 ᾴλλὰ
884 506 1064 575 λιμόν
1098 504 1191 559 τοῦ
1224 505 1455 559 ἀκούσαι
1504 506 1660 574 λόγον
1707 508 1823 561 Κυο
1854 515 1895 571 Α

1927 508 2154 562 esuriem
2198 504 2300 559 sibi
2366 517 2473 557 non
2513 500 2670 571 panis
2708 496 2925 569 quidem
2989 493 3158 555 illam,
3208 492 3348 547 sicut
3401 508 3501 546 nec

232 597 391 666 ρίου·
442 589 487 665 ᾧ
539 597 741 668 μηκέτι
798 598 1097 668 τραφέντες
1154 598 1531 665 ἠσθένησαν,
1572 599 1819 666 λέγοντι·

233 707 253 739 s
308 688 454 755 Ἐγώ
482 692 598 757 ειμι
633 692 661 743 6
711 691 877 759 ἄρτος
924 693 952 743 6
982 693 1046 744 ἐκ
1072 690 1167 743 τοῦ
1217 690 1449 759 οὐρανοῦ
1495 690 1760 753 καταϐὰς,
1797 710 1815 743 ι

228 778 429 830 καὶτὰ
478 778 626 846 ἑξῆς.
680 772 756 830 Οὗ
798 779 1039 847 φαγόντα
1074 780 1142 833 τὰ
1194 779 1319 848 ἔθνη
1372 780 1571 832 οὐκέτι
1622 778 1818 847 πεινᾷ.

228 869 371 937 Φησὶ
408 869 517 938 γὰρ
552 871 646 922 καὶ
676 870 951 938 Σολομῶνο
986 870 1060 923 Ub
1085 870 1466 940 λιμοκτονὴσει
1492 870 1693 938 Κύριος
1714 870 1819 938 ψυ-

229 958 335 1027 χὴν
374 958 611 1020 δικαίαν,
642 957 787 1027 ζωὴν
818 960 874 1011 δὲ
908 958 1126 1011 ἀσεϐῶν
1150 960 1462 1028 ἀνατρέψει.
1508 957 1820 1027 ’Υπέμεινε

229 1050 345 1118 γὰρ
380 1049 518 1101 αύτᾶ
568 1051 675 1103 τὸν
708 1050 857 1103 Θεὸν
888 1050 987 1119 τὴν
1018 1052 1082 1102 ἐκ
1132 1050 1340 1121 πλάνης
1384 1049 1709 1104 ἀσθένειαν
1737 1052 1825 1116 είς

233 1140 425 1207 ἰσχὺν
474 1143 854 1211 πνευματικὴν
885 1143 1255 1211 ἁλλαξάμενα,
1287 1143 1523 1212 κρείττω
1562 1160 1622 1195 τε
1670 1159 1831 1211 γεγοο

230 1231 363 1283 νότα
379 1230 490 1282 τῶν
516 1230 795 1301 σαρκικῶν
816 1231 1040 1301 ἡδονῶν,
1063 1233 1298 1302 Χριστοῦ
1321 1232 1726 1302 κατισχύοντος,
1749 1231 1825 1295 ὡς

232 1322 382 1388 ἐρεῖν
420 1321 725 1390 ψάλλοντα·
769 1341 788 1374 ι
838 1322 1013 1393 ’ἰσχύς
1064 1342 1163 1395 μου
1214 1325 1307 1377 καὶ
1356 1323 1590 1393 ὖμνησίς
1645 1339 1746 1391 μου
1793 1324 1822 1375 6

234 1411 467 1480 Κύριος.
505 1431 523 1464 s

1925 611 2082 664 aqum
2114 595 2295 658 sitim,
2345 593 2442 648 sed
2489 588 2746 644 audiendi
2794 586 2943 641 verbi
2976 582 3191 636 Domini
3228 581 3273 613 "
3309 582 3502 645 [autem

1922 687 2024 755 ipsi
2052 687 2466 741 accersiverunt
2492 698 2507 747 ;
2543 695 2652 749 quo
2675 694 2781 733 non
2814 678 3055 746 amplius
3082 675 3331 738 enutriti,
3360 675 3501 743 apud

1919 793 2041 833 eum
2078 777 2279 845 inﬁrmi
2327 782 2647 836 evaserunt,
2700 771 2792 838 qui
2829 771 2960 823 dicit
2994 788 3007 822 :
3045 787 3062 819 ι
3105 767 3214 837 Ego
3250 782 3372 820 sum
3406 781 3505 835 pa-

1920 870 2005 925 nis
2028 870 2119 938 qui
2162 870 2229 925 de
2262 870 2405 923 caelo
2445 864 2707 923 descendi
2745 864 2825 927 “,
2864 880 2881 912 ι
2919 870 2973 915 et
3004 878 3129 928 qua:
3160 866 3507 929 sequuntur:

1937 976 2046 1031 quo
2073 962 2201 1030 quia
2239 974 2538 1016 vescuntur
2580 970 2790 1030 gentes,
2838 959 3071 1027 amplius
3108 974 3210 1010 non
3244 956 3507 1009 esuriant.

1930 1052 2075 1108 Justi
2108 1055 2254 1107 enim
2285 1054 2548 1117 animam,
2581 1054 2654 1107 ait
2710 1053 2971 1106 Salomon
3008 1050 3053 1081 ’⁵
3083 1090 3098 1113 ,
3149 1048 3291 1101 fame
3334 1048 3512 1114 perire

1931 1159 2215 1211 nunquam
2268 1144 2502 1213 patietur
2544 1143 2841 1208 Dominus;
2879 1142 2971 1196 sed
3021 1140 3186 1193 vitam
3221 1137 3511 1205 impiorum

1929 1242 2155 1288 evertet.
2192 1233 2322 1303 Ipsa:
2349 1250 2586 1303 namque
2616 1234 2816 1287 virium
2854 1234 2947 1286 illa
2984 1230 3319 1299 inﬁrmitate.
3348 1242 3511 1294 quam

1928 1337 2121 1379 errore
2147 1332 2561 1387 contraxerant,
2586 1326 2638 1378 in
2663 1325 2825 1378 robur
2846 1322 3133 1391 spirituale
3161 1327 3511 1384 commutata,

1930 1412 2100 1468 Deum
2113 1426 2507 1482 exspectaram,
2523 1417 2881 1486 corporisque
2894 1412 3257 1479 voluptatibus
3273 1408 3520 1478 superio-

235 1519 329 1559 res
355 1507 427 1556 ita
445 1502 668 1559 Christo
691 1506 993 1576 opitulante
1013 1514 1327 1569 evaserunt,
1342 1513 1430 1560 ut:
1453 1524 1472 1556 s
1494 1503 1777 1558 Fortitudo
1794 1516 1910 1555 mea
1928 1513 1981 1559 et
2002 1508 2119 1560 laus
2139 1524 2254 1563 mea
2275 1509 2609 1572 Dominus“,
2636 1528 2652 1557 ι
2676 1524 2800 1562 cum
2823 1506 3023 1560 Davide
3045 1507 3227 1559 dicere
3248 1506 3479 1558 valeant.

301 1605 451 1664 η’-κ¹.
504 1599 587 1651 Σὺ
622 1598 713 1664 δὲ,
753 1600 1023 1666 Ἰσραὴλ,
1059 1599 1199 1664 παῖς
1216 1615 1336 1667 μου
1372 1596 1595 1660 Ἰακὼϐ,
1632 1597 1727 1649 καὶ
1751 1594 1823 1647 ὃν

1994 1598 2155 1669 455
2190 1599 2351 1655 Vens.
2389 1602 2539 1655 8-20.
2584 1601 2662 1654 Tu
2697 1610 2872 1653 autent
2924 1599 3091 1653 Israel
3142 1614 3270 1665 puer
3324 1614 3512 1664 meus,

234 1688 616 1756 ἐξελεξάμην
664 1691 903 1758 σπέρμα
950 1691 1225 1758 Ἀϐραὰμ.
1280 1688 1353 1741 ὃν
1400 1688 1711 1757 ἠγάπησα,
1752 1682 1824 1742 οὗ

235 1782 659 1849 ἁντελαϐόμην
711 1783 814 1837 ἀπ’
868 1784 1067 1851 ἄκρων
1117 1782 1227 1850 τῆς
1272 1781 1406 1850 γῆς,
1464 1780 1658 1833 καῑέκ
1709 1776 1827 1831 τῶν

238 1870 518 1922 axon/(Br
545 1868 734 1938 αὐτῆς
764 1871 1035 1926 excusati
1077 1888 1171 1936 σε,
1200 1872 1297 1925 καὶ
1330 1867 1471 1925 εἴπά
1506 1884 1603 1923 σοι
1624 1885 1638 1899 ο
1682 1865 1828 1932 Παῖς

229 1978 357 2030 μου
384 1956 459 2023 εἷ,
493 1978 547 2013 κ.
577 1977 627 2014 τ.
661 1962 710 2013 λ.

324 2048 611 2117 Ἀνωτέρω
647 2048 749 2118 μὲν
791 2046 871 2113 τῷ
913 2048 1123 2104 Ἰακὼό
1172 2051 1200 2102 6
1244 2049 1378 2110 Θεὸς
1413 2048 1691 2119 ἐμέμφετο
1732 2049 1828 2103 καὶ

232 2138 322 2205 τῷ
355 2139 625 2207 Ἰσραὴλ,
654 2141 925 2209 λέγουσιν,
945 2140 1256 2210 ’Δπεκρύδη
1278 2142 1309 2211 ἠ
1337 2141 1451 2203 ὁδός
1473 2159 1573 2210 μου
1605 2142 1711 2195 ἀπὸ
1734 2140 1826 2193 τοῦ

230 2231 409 2284 Θεοῦο
446 2230 542 2284 νῦν
568 2232 625 2285 δὲ
666 2236 725 2285 ἐν
767 2232 973 2303 ἐπαίνῳ
1014 2232 1197 2285 παῖδα
1242 2234 1396 2286 καλεί
1436 2233 1545 2287 τὸν
1587 2233 1827 2301 Ἰσραὴλ

233 2324 339 2376 καὶ
381 2322 491 2376 τὸν
537 2322 753 2377 Ἰακὼό
794 2323 1252 2392 ἐκλελεγμένον,
1301 2324 1487 2393 σαφῶς
1532 2322 1628 2377 τοῦ
1664 2324 1824 2392 λόγου

230 2413 335 2467 δύο
362 2414 627 2483 τμήματα
658 2413 752 2467 τοῦ
798 2416 861 2467 ἐκ
906 2416 1210 2485 περιτομῆς
1259 2414 1630 2484 παριστῶντος
1673 2414 1823 2480 λαού,

231 2504 303 2556 τὸ
345 2504 445 2574 μὲν
492 2504 750 2568 ἐκπεσὸν,
790 2504 877 2557 διὰ
905 2506 1007 2577 τὴν
1046 2504 1333 2557 ἀπιστίαν·
1370 2505 1430 2557 τὸ
1459 2505 1515 2557 δὲ
1542 2505 1713 2559 σωθὲν
1738 2506 1826 2559 διὰ

235 2596 483 2657 πίστεως
518 2594 833 2647 ἀποστόλων
864 2610 918 2646 τε
975 2595 1067 2647 καὶ
1097 2593 1205 2647 τῶν
1236 2595 1334 2648 σὺν
1359 2594 1539 2658 αὐτοῖς
1571 2593 1828 2664 ἐκλογῆς

234 2685 585 2756 ἠξιωμένων,
604 2685 745 2739 κατὰ
761 2686 850 2738 τὸν
867 2686 1009 2739 θεῖον
1024 2685 1344 2740 Ἀπόστολον
1361 2686 1601 2752 ).ἐγοντα“
1630 2706 1647 2737 ι
1673 2685 1828 2739 Οὕτω

230 2782 338 2832 καί
370 2780 429 2830 ἐν
458 2778 537 2846 τῷ
571 2777 668 2830 νῦν
710 2778 891 2848 καιρῷ
918 2777 1124 2847 λεῖμμα
1171 2778 1294 2831 κατ’
1324 2777 1556 2848 ἐκλογὴν
1604 2778 1827 2849 χάριτος

232 2871 458 2938 γέγονε.
490 2888 508 2921 s
540 2870 652 2922 Kal
674 2870 734 2922 τὸ
756 2870 1090 2936 Εύαγγέλιον
1119 2870 1172 2922 δέ
1195 2886 1327 2938 φησι
1352 2885 1365 2897 ·
1398 2887 1417 2920 ι
1446 2868 1680 2931 Τούτους
1700 2870 1827 2933 τοὺς

234 2930 453 3011 δώδεκα
485 2957 770 3024 ἐξελέξατο
799 2958 827 3009 6
868 2930 1093 3028 llr-1006;.
1134 2976 1152 3007 ι
1181 2930 1399 3011 Ilo-lt).th
1428 2956 1485 3010 δὲ
1516 2930 1684 3011 ὄντων
1707 2930 1827 3027 ultr}:
1852 2930 1894 2985 Ω

234 3050 351 3103 τῶν
381 3052 477 3102 καὶ
508 3051 573 3104 ἐκ
595 3051 689 3103 τοῦ
720 3050 986 3121 προτέρου
1007 3048 1163 3112 λαοῦ,
1190 3050 1361 3117 ὀλίγοι
1387 3045 1525 3120 ἦσαν
1586 3052 1634 3103 οί
1661 3052 1831 3104 ἐκλε-

234 3143 396 3197 κτοί.
434 3142 579 3214 Πρὸς
607 3142 701 3206 οὓς
734 3145 762 3195 6
792 3143 949 3210 λόγος
986 3142 1083 3204 τὰς
1112 3141 1483 3213 προκειμένας
1498 3140 1830 3210 ἐπαγγελίας

236 3237 508 3299 ποιεῖται,
544 3233 682 3304 μετὰ
723 3233 824 3303 τὴν
864 3232 1304 3303 προδηλωθεῖσαν
1346 3233 1456 3284 τῶν
1499 3232 1669 3285 ἐθνῶν
1703 3232 1832 3301 κλῆ-

238 3344 329 3380 σιν
361 3328 419 3379 ἐν
456 3325 536 3397 τῷ
561 3342 575 3356 ·
608 3324 704 3389 Τίς
750 3325 946 3395 ἐξῆρεν
998 3325 1107 3379 ἀπὸ
1145 3324 1420 3377 ἀνατολῶν
1464 3323 1829 3396 δικαιοσύνην,

236 3418 311 3485 ἢν
345 3414 450 3485 ἔφη
495 3414 687 3467 δώσειν
728 3414 971 3468 ἐναντίον
1000 3413 1201 3479 ἐθνῶνς
1237 3415 1346 3468 Kal
1382 3415 1577 3468 πάλιν⁶
1623 3414 1831 3469 Ἰδοσαν

235 3505 373 3576 ἔθνη
406 3505 501 3558 καὶ
535 3504 906 3574 ἐφοϐήθησαν,
934 3505 985 3556 οἱ
1014 3504 1190 3557 λοιποὶ
1218 3504 1275 3558 δὲ
1309 3504 1577 3570 ἐξέδωκαν
1599 3521 1612 3534 ·
1632 3505 1717 3559 Σὺ
1739 3505 1829 3571 δὲ,

248 3595 531 3664 Ἰσραὴλ,
559 3595 745 3649 δοῦλέ
777 3612 918 3665 μου.
944 3596 1178 3649 Δοῦλον
1196 3595 1252 3648 δὲ
1278 3597 1494 3650 πρῶτον
1524 3598 1829 3666 ὠνόμασεν,

237 3683 366 3740 εἶτα
414 3688 730 3741 ἐκλεκτόν.
780 3687 865 3750 Ὠς
897 3689 954 3739 ἐν
1007 3686 1201 3757 ἀρχαῖς
1247 3688 1367 3757 μὲν,
1414 3687 1564 3758 φόϐῳ
1592 3688 1834 3752 δουλείας

237 3778 351 3830 ὑπὸ
384 3779 477 3831 τὸν
505 3778 671 3847 νόμον
718 3776 1229 3847 παιδαγωγηθέντα,
1271 3774 1391 3831 εἶτα
1430 3778 1518 3832 διὰ
1548 3780 1833 3849 προκοπῆς

235 3867 573 3937 ἐκλεγέντα
598 3868 687 3923 διὰ
719 3869 817 3939 τῆς
844 3869 1112 3941 κλήσεως,
1139 3870 1323 3939 τάγμα
1354 3870 1410 3922 δὲ
1434 3870 1586 3941 παρὰ
1612 3871 1835 3935 τούτους

236 3963 456 4031 ἕτερον,
489 3962 556 4014 τὸ
601 3960 841 4029 σπέρμα
890 3961 1188 4031 λεγόμενον
1216 3962 1482 4031 Ἀϐραὰμ,
1526 3964 1587 4016 τὸ
1631 3963 1836 4033 πλῆθος

236 4054 356 4106 τῶν
397 4051 674 4105 Ἰουδαίων
719 4051 938 4121 δηλοῦν,
988 4053 1124 4121 πρὸς
1165 4051 1256 4115 οὒς
1304 4053 1491 4121 ἔλεγεν
1533 4056 1567 4106 6
1612 4055 1831 4124 Σωτήρ⁶

247 4163 267 4195 s
293 4138 428 4195 υἶδα
443 4142 525 4194 ὅτι
544 4142 770 4212 σπέρμα
792 4141 1045 4213 Ἀϐραάμ
1062 4144 1206 4206 ἐστε,
1222 4162 1239 4195 s
1268 4145 1487 4213 ἐτέρους
1504 4145 1664 4208 ὄντας
1684 4144 1837 4216 παρὰ

1927 1687 2091 1743 Jacob
2116 1708 2264 1752 quem
2284 1692 2436 1759 elegi,
2458 1704 2630 1743 semen
2660 1691 2953 1753 Abraham,
2982 1707 3131 1759 quem
3157 1690 3342 1750 dilexi,
3362 1705 3515 1752 quem

1928 1782 2194 1849 assumpsi
2257 1783 2322 1834 ab
2370 1783 2620 1836 extremis
2672 1790 2861 1845 terra).
2920 1792 2969 1836 et
3030 1798 3061 1834 α
3117 1781 3514 1835 summitatibus

1927 1872 2043 1941 ejus
2074 1874 2251 1927 vocavi
2283 1883 2351 1939 te,
2385 1885 2434 1929 et
2464 1873 2579 1928 dixi
2613 1874 2749 1928 tibi:
2776 1872 2919 1928 Puer
2950 1890 3090 1927 meus
3122 1890 3198 1937 es,
3239 1880 3344 1928 ctc.

2003 2050 2167 2124 456
2207 2051 2473 2123 Superius
2526 2054 2746 2124 quidem
2801 2052 3064 2107 Iacobum
3116 2061 3166 2107 et
3225 2051 3515 2115 Israelem,

1927 2146 2018 2214 qui
2055 2147 2195 2200 viam
2245 2147 2348 2201 sibi
2382 2148 2448 2201 ad
2480 2147 2772 2201 Dominum
2811 2145 3065 2215 impediri
3101 2145 3521 2214 quaerebantur,
3582 2176 3585 2183 -

1929 2233 2072 2290 Deus
2119 2236 2489 2304 reprehendit.
2549 2237 2706 2293 Nunc
2754 2246 2939 2293 autem
2993 2245 3287 2306 utrumque
3342 2233 3520 2288 laudis

1926 2340 2059 2395 ergo
2088 2325 2241 2380 electi
2270 2327 2373 2395 [itii
2409 2327 2631 2382 nomine
2682 2328 2973 2397 dignatur;
3024 2327 3168 2380 unde
3220 2323 3516 2379 circumci-

1928 2432 2049 2471 sum
2078 2408 2337 2486 populum
2364 2418 2419 2471 in
2463 2417 2573 2472 duo
2618 2418 2908 2472 manifeste
2939 2417 3158 2471 videtur
3189 2415 3367 2468 oratio
3398 2414 3516 2467 dis-

1928 2507 2185 2563 tribuisse
2218 2525 2231 2561 :
2268 2508 2499 2563 alterum
2543 2508 2786 2578 quidem,
2818 2508 2909 2577 qui
2939 2515 3166 2578 propter
3226 2502 3523 2557 increduli.-

1928 2606 2093 2654 tatem
2118 2599 2355 2665 excidit;
2385 2601 2616 2653 alterum
2645 2608 2851 2664 autem,
2882 2598 2975 2665 qui
3010 2610 3105 2664 per
3139 2592 3520 2663 apostolorum

1928 2700 1983 2747 et
2031 2691 2308 2745 sociorum
2366 2690 2530 2745 ﬁdem
2578 2689 2832 2743 electione
2883 2688 3086 2758 dignus
3133 2695 3220 2741 est
3276 2684 3518 2745 habitus,

1928 2782 2071 2836 sicut
2116 2781 2192 2835 ait
2221 2780 2514 2850 Apostolus
2541 2791 2558 2829 ς
2583 2796 2603 2825 ι
2639 2778 2729 2833 Sic
2768 2786 2823 2833 et
2854 2779 2909 2832 in
2956 2780 3059 2831 hoc
3092 2785 3339 2845 tempore
3393 2774 3524 2829 reli-

1928 2874 2069 2943 quiae
2094 2888 2191 2943 per
2220 2873 2541 2928 electionem
2568 2872 2757 2942 gratia:
2791 2872 2947 2927 facta:
2980 2880 3110 2925 sunt
3142 2872 3210 2925 ".
3252 2888 3271 2921 ι
3313 2866 3526 2927 Deinde

1933 2964 2283 3033 Evangelium
2342 2981 2357 3018 ι
2416 2982 2435 3015 ι
2491 2961 2604 3018 llos
2648 2963 2935 3019 duodecim
2982 2962 3146 3031 elegit
3190 2959 3349 3015 Jesns
3385 2960 3449 3011 ”.
3494 2977 3514 3009 ι

1931 3054 2194 3120 Quamvis
2245 3064 2427 3110 autem
2482 3054 2551 3109 de
2602 3056 2786 3125 priore
2843 3055 3045 3124 p0pulo
3101 3054 3278 3107 vocati
3334 3061 3522 3108 essent

1933 3145 2212 3215 permulti,
2259 3145 2422 3215 pauci
2475 3153 2655 3200 tamen
2710 3144 2932 3200 fuerunt
2965 3144 3155 3205 electi;
3203 3144 3269 3197 ad
3318 3158 3522 3211 eosque

1932 3238 2329 3306 promissioncs
2396 3238 2583 3293 retulit
2639 3239 2859 3302 oratio,
2926 3246 3217 3307 postquam
3272 3238 3519 3305 gentium

1933 3330 2219 3385 vocatione
2269 3331 2540 3400 explicata
2570 3371 2586 3396 ,
2637 3331 2894 3399 quisnam
2952 3330 3022 3383 ab
3073 3338 3197 3383 ortu
3249 3330 3535 3397 justitiam

1931 3422 2249 3486 excitasset,
2274 3422 2527 3490 quaesivit
2546 3435 2711 3490 quam
2732 3435 2789 3473 se
2818 3420 2871 3473 in
2896 3427 3249 3488 conspectum
3276 3417 3520 3486 gentium

1933 3511 2242 3579 positurum
2272 3510 2581 3565 alllrmavit.
2623 3509 2686 3563 Ει
2706 3524 2920 3571 rursus,
2943 3524 3066 3563 eum
3091 3507 3308 3561 novisse
3331 3514 3534 3576 gentes

1932 3614 1986 3659 ct
2018 3602 2269 3658 timuisse
2295 3603 2453 3657 dixit.
2487 3600 2688 3655 Verum
2718 3617 2838 3671 quae
2866 3603 2919 3655 in
2946 3602 3201 3655 manibus
3230 3599 3517 3659 habemus,

1935 3697 2008 3751 ita
2039 3692 2236 3763 reliqui
2275 3694 2749 3761 interpretantur:
2784 3691 2861 3744 Tu
2913 3700 3087 3745 autem
3139 3688 3332 3749 Israel,
3380 3706 3530 3743 serve

1934 3786 2027 3838 mi.
2082 3781 2232 3839 Serui
2278 3797 2478 3837 nomen
2536 3781 2704 3852 igitur
2764 3781 2915 3851 prius
2948 3779 3269 3849 usurpavit;
3324 3778 3526 3833 deinde

1934 3879 2086 3933 electi
2125 3894 2143 3932 :
2182 3886 2446 3946 tanquam
2495 3891 2619 3931 eum
2671 3876 2829 3929 initio
2880 3874 3168 3930 servitutis
3225 3880 3372 3926 metu
3424 3871 3530 3926 sub

1936 3971 2051 4041 lege
2074 3971 2388 4032 educatum,
2420 3984 2517 4040 per
2564 3968 3002 4039 progressionem
3037 3965 3234 4021 deinde
3263 3981 3330 4020 ex
3362 3978 3528 4017 voca-

1937 4065 2085 4119 tione
2134 4062 2391 4125 electum;
2445 4060 2541 4116 sed
2599 4069 2808 4115 certum
2866 4067 3048 4112 tamen
3101 4066 3327 4127 pr0ptcr
3376 4056 3529 4109 hunc

1938 4168 2227 4210 numerum
2246 4152 2532 4218 innueret;
2557 4149 2704 4219 quod
2728 4165 2901 4203 semen
2926 4147 3151 4202 Abraha:
3170 4146 3526 4216 appellatum,

238 4233 316 4286 τὰ
346 4234 516 4285 τέκνα
542 4232 639 4285 τοῦ
683 4232 955 4303 Ἀϐραὰμ,
991 4235 1120 4304 περὶ
1149 4226 1225 4287 ὧν
1267 4235 1481 4303 ἔλεγεν·
1525 4255 1543 4287 ι
1583 4236 1645 4290 Et
1668 4237 1833 4290 τέκνα
1866 4259 1895 4315 Ε

1938 4244 2251 4299 ,Ιυὰωοτιιηι
2276 4240 2683 4296 multitudinem
2716 4239 3092 4307 signiﬁcaret;
3124 4253 3264 4306 quos
3293 4234 3529 4289 Ahraha:

240 4327 345 4379 τοῦ
388 4326 641 4396 Ἀϐραὰμ
667 4321 789 4397 ἦτε,
818 4327 887 4380 τὰ
913 4327 1052 4396 ἔργα
1084 4327 1179 4379 τοῦ
1216 4328 1469 4398 Ἀϐραὰμ
1511 4331 1766 4383 ἐποιεῖτε.
1804 4349 1828 4384 s

258 4418 514 4485 Ἀϐραὰμ
564 4418 665 4486 μὲν
716 4412 809 4470 οὖν
868 4417 1176 4485 ἀγαπητὸς
1228 4415 1307 4487 ἦν
1342 4418 1449 4473 τοῦ
1504 4421 1675 4477 θεοῦο
1725 4422 1838 4491 οὐκ

241 4509 453 4579 ὁμοίως
487 4508 544 4561 δὲ
578 4508 644 4562 τὸ
695 4508 937 4578 σπέρμα
985 4509 1308 4580 ὴγαπῆσθαί
1362 4528 1513 4579 φησι.
1552 4512 1699 4582 Πλὴν
1746 4514 1842 4568 καὶ

242 4600 473 4662 τούτους
495 4600 680 4653 ἐκάλει
714 4601 805 4654 διὰ
822 4601 929 4653 τῶν
958 4600 1281 4664 ἐκλεκτῶν,
1310 4602 1638 4671 Πορεύεσθε,
1665 4605 1842 4670 λέξας,

246 4692 391 4760 πρὸς
422 4691 489 4742 τὰ
520 4689 771 4760 πρόϐατα
808 4691 879 4742 τὰ
916 4691 1235 4744 ἀπολωλότα
1266 4691 1419 4745 οἴκου
1461 4692 1699 4764 Ἰσραήλ.
1736 4694 1845 4748 Καὶ

245 4780 449 4851 ἐπειδὴ
511 4780 902 4851 διεσπαρμένοι
973 4776 1117 4850 ἦσαν
1186 4782 1263 4844 είς
1327 4784 1507 4835 πᾶσαν
1564 4784 1662 4854 τὴν
1711 4784 1845 4853 γῆν,

248 4872 583 4939 ἐπήνεγκεν⁸
620 4868 703 4927 Οὗ
737 4874 1155 4940 ἀντελαὸόμην
1200 4873 1302 4925 ἀπ’
1343 4874 1531 4939 ἄκρου
1564 4875 1673 4941 τῆς
1708 4874 1845 4943 γῆς,

250 4962 356 5015 καὶ
389 4962 458 5013 ἐκ
496 4959 614 5013 τῶν
643 4961 917 5015 σκοπιῶν
942 4961 1154 5029 αὐτῆς,
1188 4962 1220 5031 ἢ
1248 4962 1366 5015 τῶν
1395 4963 1680 5033 ἀγκώνων
1708 4966 1849 5018 κατὰ

251 5058 580 5126 Σύμμαχον,
618 5057 885 5123 ἐκάλεσὰ
925 5072 1020 5111 σε.
1049 5059 1258 5121 Λύτοίις
1280 5058 1389 5128 γὰρ
1430 5060 1680 5129 πρώτους
1703 5061 1842 5114 ἑκά-

248 5151 463 5211 λεσεν,
481 5150 557 5213 ὡς
575 5151 602 5202 6
619 5149 830 5212 Παῦλος
845 5150 1028 5211 αὐτοῖς
1058 5149 1297 5217 ἔφασκεν
1315 5166 1328 5182 ο
1352 5168 1369 5199 ι
1400 5151 1557 5219 Ὑμῖν
1573 5150 1679 5203 ἔδει
1696 5151 1842 5223 πρώ-
1864 5148 1867 5149 ⁷

251 5257 375 5303 τοις
404 5242 493 5293 τὸν
534 5241 692 5308 λόγον
724 5241 1089 5311 κηρυχθῆναι.
1137 5242 1291 5294 Ἐπεὶ
1319 5242 1373 5294 δὲ
1403 5244 1841 5314 ἀποστρέφεσθε,

254 5329 607 5399 πορευόμεθα
631 5331 685 5392 ἐς
707 5331 777 5383 τὰ
794 5330 942 5395 ἔθνη.
976 5350 993 5381 s
1021 5331 1142 5383 Τῶν
1159 5326 1251 5383 οὖν
1267 5330 1324 5394 ἐξ
1346 5331 1521 5384 αὐτῶν
1542 5350 1609 5385 πε
1621 5350 1840 5386 πιστευ·

252 5423 436 5473 κότων
469 5420 867 5488 ἀντειλῆφθαι
903 5438 1087 5490 φησιν.

1934 4351 2118 4393 scmcn
2176 4347 2311 4388 esse.
2355 4332 2472 4402 ipse
2524 4330 2691 4383 etiam
2743 4327 3034 4383 confessus
3087 4334 3172 4381 est
3215 4326 3467 4379 Salvator
3512 4341 3527 4376 :

1936 4440 2060 4479 cum
2093 4423 2183 4477 alii
2206 4431 2386 4475 tamen
2418 4419 2488 4473 ab
2517 4421 2589 4473 iis
2618 4427 2827 4483 essent,
2872 4417 2940 4471 de
2974 4418 3175 4487 quibus
3207 4414 3347 4469 idem
3380 4415 3529 4468 dice-

1938 4517 2032 4570 bat
2062 4535 2072 4568 :
2111 4534 2132 4566 ι
2170 4513 2228 4568 Si
2256 4513 2349 4567 lilii
2381 4512 2615 4566 Abrahae
2662 4510 2883 4569 essetis,
2913 4522 3077 4576 opera
3111 4505 3345 4559 Abrahae
3382 4504 3531 4557 face-

1944 4604 2078 4658 retis
2105 4602 2170 4655 ”.
2210 4620 2228 4652 ι
2265 4598 2397 4652 Erat
2450 4597 2618 4667 igitur
2672 4596 2778 4649 Deo
2825 4595 2985 4665 457
3015 4594 3237 4646 dilectus
3286 4590 3528 4645 Abraha-

1948 4711 2063 4748 mus
2095 4710 2113 4747 :
2138 4693 2224 4747 cui
2260 4692 2380 4745 licet
2415 4705 2525 4744 non
2548 4690 2740 4745 eodem
2773 4688 2937 4742 modo
2968 4702 3139 4739 semen
3162 4684 3283 4753 ejus
3300 4684 3530 4736 charum

1948 4787 2117 4839 fuisse
2170 4792 2415 4848 testetur,
2450 4797 2547 4852 per
2593 4781 2786 4835 electos
2821 4789 3001 4833 tamen
3054 4786 3107 4830 et
3140 4777 3318 4845 ipsum
3365 4774 3529 4827 etiam

1945 4878 2127 4933 vocari
2166 4875 2361 4940 voluit,
2415 4890 2554 4943 quos
2590 4874 2657 4927 ad
2708 4888 2838 4927 oves
2882 4871 3081 4924 domus
3136 4868 3377 4928 Israelis,
3410 4879 3533 4932 qua:

1947 4969 2246 5039 perierant,
2279 4965 2555 5036 proﬁcisci
2588 4963 2754 5031 jussit
2786 4963 2852 5014 ³ο.
2889 4960 3093 5014 Deinde
3121 4958 3383 5027 quoniam
3412 4955 3529 5007 dis-

1948 5076 2117 5133 persa!
2142 5068 2301 5112 erant
2336 5072 2432 5125 per
2461 5057 2647 5110 orbem
2685 5054 3003 5108 universum
3030 5093 3043 5117 ,
3078 5050 3278 5117 adjecit
3318 5064 3331 5101 :
3362 5045 3530 5111 Quem

1948 5149 2212 5216 assumpsi
2241 5148 2304 5201 ab
2340 5147 2589 5201 extremis
2626 5155 2807 5206 terrm,
2836 5152 2884 5197 et
2918 5159 2949 5193 a
2979 5137 3374 5193 summitatibus
3406 5135 3521 5203 ejus

1951 5240 2066 5311 (aut
2114 5236 2415 5292 secundum
2448 5234 2857 5304 Symmachum,
2892 5231 3146 5283 montium
3178 5226 3510 5285 verticibus),

1946 5329 2126 5385 vocavi
2152 5338 2220 5380 te.
2264 5326 2366 5379 Eos
2398 5324 2544 5377 enim
2579 5324 2784 5391 primos
2814 5321 3039 5381 vocavit,
3085 5315 3251 5369 Paulo
3285 5322 3419 5366 teste
3448 5311 3514 5366 ³⁸.

1962 5423 2054 5491 qui
2082 5432 2386 5475 sermonem
2421 5416 2529 5470 illis
2560 5416 2793 5483 primum
2818 5411 3128 5479 oportuisse
3160 5400 3525 5475 promulgari:

256 5511 355 5566 sed
408 5513 670 5579 quoniam
722 5512 973 5567 eumdem
1026 5513 1261 5567 aversati
1306 5524 1529 5576 essent,
1563 5513 1630 5567 ad
1693 5523 1882 5585 gentes
1941 5529 1998 5569 se
2052 5526 2171 5565 esse
2231 5506 2507 5578 profer-tos
2559 5502 2767 5557 scribit.
2811 5501 2913 5566 Qui
2955 5500 3119 5571 igitur
3169 5512 3232 5548 ex
3286 5495 3529 5562 ipsorum

258 5618 496 5659 numero
525 5602 898 5669 crediderunt,
928 5604 1147 5660 eosdem
1182 5615 1479 5673 assumptos
1504 5621 1615 5659 esse
1641 5606 1931 5675 signiﬁcat.

333 5718 382 5749 “
419 5718 587 5771 Amos
626 5735 717 5771 vnl
741 5760 755 5775 .
788 5719 874 5773 ll.
953 5719 999 5749 “
1030 5717 1185 5773 Joan.
1221 5733 1292 5779 vt.
1323 5718 1410 5773 51.

1490 5720 1534 5751 ’⁸
1567 5718 1725 5771 Prov.
1764 5735 1816 5777 κ,
1851 5721 1903 5771 5.

260 5788 308 5820 υ
343 5783 503 5840 Juan.
538 5804 652 5855 vm,
680 5789 765 5844 39.
850 5790 893 5822 "
928 5788 1116 5843 Matth.
1154 5805 1207 5852 ι,
1242 5790 1295 5853 Ii,
1328 5792 1381 5844 6.
1428 5791 1466 5821 ³¹
1492 5792 1612 5844 Act.
1653 5807 1773 5857 sm,
1804 5791 1889 5845 ili.

1984 5721 2023 5751 τε
2052 5717 2198 5772 Paul.
2233 5728 2396 5774 cun,
2443 5710 2521 5764 li.
2603 5714 2645 5743 ⁸⁷
2686 5709 2934 5775 ltom.xt,
2968 5707 3016 5758 Ii.
3096 5703 3139 5733 ‘-"‘
3170 5700 3356 5754 Matth.
3394 5714 3445 5758 κ,
3478 5696 3529 5749 ε.
