4284 6440
259 376 404 441 2357

1393 394 1924 458 COMMENTARII
1960 399 2041 461 IN
2092 403 2375 463 ISAIAM.

3374 401 3515 463 2353

248 507 368 586 ειμι
393 493 641 586 σκῴληξ,
697 497 790 551 καὶ
837 499 936 552 οὐκ
968 500 1276 572 ἄνθρωπος.
1316 524 1334 555 ι
1397 506 1748 577 mamma.»
1780 512 1836 564 δὲ
1869 517 1908 572 Α

1816 512 1836 564 ὲ
1869 517 1908 572 Α
1940 522 2086 568 esset
2113 516 2485 585 apostolorum
2538 515 2875 586 praniieatio.
2906 515 2998 571 Sic
3027 514 3191 584 igitur
3223 525 3276 570 et
3306 519 3423 584 ipse
3456 521 3508 571 in

248 581 410 633 καλεῖ
448 584 557 637 τὸν
604 586 844 655 Ἰσραὴλ
885 588 975 643 διὰ
1002 590 1062 642 τὸ
1098 592 1207 644 τῶν
1248 593 1509 664 μαθητῶν
1533 597 1833 667 εὐαρίθμη-

246 691 361 727 τον.
398 676 647 731 «Δώδεκα
694 680 803 749 γὰρ
831 676 992 751 ἦσαν,
1027 683 1074 735 οἱ
1107 683 1162 735 δὲ
1199 686 1317 753 μετ“
1358 688 1581 750 αὐτοὺς,
1612 688 1835 759 ἐϐδομή-

246 781 436 818 κοντα.
470 785 489 816 ι
540 767 598 820 '0
649 768 705 821 δὲ
742 770 1038 841 Σύμμαχος
1086 774 1368 841 ἐξέδωκεν,
1418 779 1665 845 ἀριθμὸς
1719 779 1835 833 Ἰσ-

238 858 429 925 ραήλ.
472 860 528 913 '0
578 861 633 913 δὲ
668 862 920 927 Ἀκύλας,
971 866 1287 931 τεθνεῶτες
1342 869 1611 937 Ἰσραήλ.
1675 870 1732 922 'U
1779 870 1835 923 δέ

244 951 566 1017 Θεοιεοτίων,
597 957 800 1023 νεκροί
824 973 839 987 ·
866 957 945 1027 τῷ
972 959 1314 1030 ἀποστολικῷ
1338 961 1643 1031 συμφώνως
1669 977 1683 992 ·
1718 962 1836 1016 «Ζῶ

242 1040 303 1093 δὲ
333 1043 518 1095 οᾷκὲτι
546 1044 679 1111 ἐγὼ,
709 1045 775 1116 ζῇ
800 1046 858 1100 δὲ
891 1049 946 1098 ἐν
978 1050 1102 1117 ἐμοὶ
1140 1051 1393 1118 Χριστός.
1427 1071 1445 1103 ›
1479 1054 1622 1105 Καί⁹
1655 1072 1672 1104 ι
1700 1054 1836 1106 Καθ’

245 1133 464 1202 ἡμέραν
504 1135 863 1206 ἀποθνήσκω,
909 1138 972 1207 νὴ
1027 1140 1125 1209 τὴν
1176 1142 1449 1213 ὑμετέραν
1494 1144 1780 1215 καύχησιν.
1814 1163 1831 1195 ι

258 1220 422 1275 Ἀλλὰ
498 1225 703 1297 καίπερ
778 1225 1029 1292 σκώληξ
1132 1228 1252 1293 ῶν,
1321 1230 1535 1295 τέκίιός
1610 1248 1672 1284 τε
1738 1230 1838 1285 καὶ

250 1314 594 1382 ὀλιγοστὸς,
626 1318 713 1385 μὴ
743 1317 953 1387 φοϐοῦ,
989 1319 1077 1371 διὰ
1108 1320 1205 1390 τὴν
1238 1320 1295 1383 ἐξ
1322 1320 1455 1391 ἐμοῦ
1494 1323 1836 1391 συμμαχίαν,

245 1405 318 1456 δι’
357 1399 425 1476 ἧς
454 1405 744 1472 ἁλοήσεις
775 1407 882 1459 τῶν
900 1409 1160 1488 ρπἔστων
1203 1411 1371 1463 ἐθνῶν
1417 1410 1515 1481 τὴν
1561 1413 1835 1479 ἀσέὗειαν,

246 1495 359 1562 ὄρη
385 1496 485 1548 καὶ
526 1498 800 1564 ,ϐουνοὺς
827 1498 1001 1566 λέγων
1031 1501 1128 1564 τὰς
1155 1503 1532 1571 ἀντικειμένας
1558 1505 1837 1575 δυνάμεις,

1940 606 2149 673 psalmo
2179 607 2422 677 loquitur
2452 608 2731 663 Salvator:
2772 628 2789 659 ι
2846 609 2958 678 Ego
3008 622 3129 662 smn
3182 608 3403 671 vermis,
3456 617 3512 663 et

1937 712 2045 751 non
2101 698 2264 753 Immo
2309 700 2375 753 ³⁸.
2421 718 2439 749 ι
2475 700 2629 764 Quod
2702 710 2881 753 autem
2960 700 3303 769 perexiguum
3353 710 3512 755 vocat

1938 786 2218 851 Israelem,
2250 791 2316 844 ad
2365 806 2590 859 parvum
2652 790 3041 858 discipulorum
3102 806 3393 845 numerum
3426 806 3513 845 re-

1938 882 2135 948 spexit.
2177 900 2195 932 ι
2230 882 2396 935 Erant
2425 882 2569 937 enim
2616 882 3015 943 duodecimwt
3048 882 3114 934 ah
3162 883 3245 937 his
3292 891 3513 951 septua-

1937 971 2084 1041 ginta
2114 972 2268 1027 alteri
2305 973 2370 1027 ”.
2420 991 2439 1024 ›
2495 974 2561 1026 At
2613 973 2975 1043 Symmachus
3019 988 3265 1025 muneras
3312 970 3509 1036 Israel,

1938 1063 2164 1131 Aquilas
2194 1071 2381 1116 autem
2415 1070 2469 1116 et
2501 1061 2825 1126 Tlteodotio,
2872 1063 3066 1115 mortui
3099 1062 3296 1124 Israel,
3344 1062 3513 1116 inter—

1942 1162 2252 1222 pretantur;
2312 1154 2443 1206 nihil
2493 1160 2641 1207 certe
2692 1153 2759 1207 ab
2812 1154 3059 1222 Apostoli
3101 1153 3284 1206 verbis
3324 1153 3509 1217 alieni,

1940 1242 2033 1311 qui
2075 1241 2270 1296 dicat:
2308 1260 2326 1293 ι
2372 1240 2506 1297 Vivo
2556 1248 2738 1296 autem
2791 1256 2901 1295 non
2955 1242 3191 1310 amplius
3236 1255 3373 1310 ego;
3418 1240 3511 1293 sed

1942 1332 2075 1384 vivit
2117 1331 2172 1385 in
2228 1348 2315 1387 me
2349 1333 2603 1387 Christus
2626 1333 2693 1384 ⁸ο.
2756 1350 2774 1382 ι
2831 1331 2932 1384 Et:
2964 1352 2981 1381 ι
3005 1331 3259 1396 Quotidie
3311 1334 3514 1383 morior

1943 1427 2164 1489 propter
2196 1420 2424 1489 gloriam
2460 1430 2696 1475 vestram
2714 1420 2779 1476 δι.
2812 1440 2829 1472 ι
2854 1419 3152 1482 Caeterum,
3188 1420 3311 1473 licet
3329 1421 3513 1473 vermis

1940 1508 2107 1580 459
2131 1511 2226 1573 sis,
2278 1511 2474 1580 inquit,
2524 1522 2573 1565 et
2620 1522 2884 1574 mortuus,
2913 1520 2961 1563 et
2988 1525 3318 1579 perpaucas;
3359 1524 3514 1563 cessa

244 1587 323 1646 ὡς
357 1588 732 1656 ἐπαιρομένας
789 1588 931 1641 κατὰ
962 1591 1060 1659 τῆς
1112 1591 1368 1657 γνώσεως
1418 1593 1508 1645 τοῦ
1553 1594 1708 1660 Θεοῦ,
1732 1596 1841 1650 τῶν

246 1675 683 1747 ὑποϐεϐηκὸτων
718 1682 1047 1749 πνευμάτων
1098 1682 1404 1753 λεγομένων
1426 1685 1672 1747 βουνῶν
1701 1704 1713 1717 ·
1765 1680 1841 1740 ὧν

1820 1706 1841 1739 ν
1943 1691 2242 1745 intidelium
2302 1691 2549 1759 gentium
2600 1690 2934 1759 impietatem
2997 1690 3348 1742 trituraturus
3404 1688 3512 1754 sis;

242 1768 602 1835 ἀπολομένων
657 1772 1046 1840 εὑρρανθήσῃ
1106 1773 1187 1825 σὺ
1242 1774 1312 1826 ἐν
1366 1777 1579 1843 Κυρίῳ.
1633 1778 1840 1832 Δέδωκε

1818 1796 1840 1832 ε
1946 1792 2147 1836 montes
2186 1790 2237 1835 et
2275 1784 2434 1834 colles
2470 1780 2815 1835 adversarias
2848 1788 3150 1849 potestates
3189 1779 3510 1847 appellans:

249 1858 367 1927 γὰρ
398 1861 532 1928 ἡμῖν
568 1872 593 1899 ιι
635 1861 884 1925 ἐξουσίαν
918 1867 1108 1916 πατεῖν
1136 1866 1320 1919 ἐπάνω
1346 1868 1522 1935 ὀφέων
1550 1871 1646 1922 καὶ
1677 1888 1837 1943 σκορ-
1870 1855 1912 1909 Β

1822 1900 1837 1913 -
1870 1855 1912 1909 Β
1944 1882 2206 1942 tanquam
2252 1888 2374 1943 qua:
2424 1874 2687 1926 adversus
2735 1872 2825 1926 Dei
2886 1872 3168 1934 notitiam,
3223 1870 3514 1939 spirituum

242 1949 413 2013 πίων,
446 1954 541 2004 καὶ
563 1954 656 2006 ἐπὶ
683 1957 864 2007 πᾶσαν
891 1955 988 2025 τὴν
1009 1956 1241 2025 δύναμιν
1269 1958 1362 2011 τοῦ
1391 1959 1609 2030 ἐχθροῦ.

1943 1962 2256 2016 ministerio
2295 1962 2387 2031 qui
2437 1961 2594 2015 colles
2649 1963 3024 2023 nominantur,
3064 1960 3465 2013 insurrexerint
3500 1977 3512 2011 :

241 2041 453 2110 quibus
490 2045 843 2112 pereuntibus
879 2054 932 2098 tu
978 2047 1031 2100 in
1072 2046 1296 2103 Domino
1331 2050 1619 2105 lwtaberis.
1706 2052 1866 2107 Dedit
1940 2053 2086 2107 enim
2154 2054 2310 2108 vobis
2373 2052 2690 2108 facultatem
2751 2060 3034 2122 serpentes
3087 2061 3140 2104 ct
3195 2050 3516 2119 scorpiones

244 2140 639 2204 conculcaudi,
697 2152 752 2196 et
795 2142 1061 2198 adversus
1107 2159 1327 2199 omnem
1381 2147 1618 2202 hostium
1650 2157 1972 2216 potestatem
2004 2148 2072 2202 ι’.

322 2233 515 2295 Εῖποις
561 2232 605 2284 δ’
644 2232 709 2285 ἂν
751 2234 857 2299 ὄρη
885 2235 976 2286 καὶ
999 2235 1271 2302 ,ϐουνοὺς
1311 2238 1404 2291 καὶ
1443 2241 1570 2303 τοὺς
1599 2242 1655 2293 ἐν
1678 2240 1838 2295 δυνα-

1828 2269 1838 2281 -
2018 2239 2233 2294 Dixeris
2256 2255 2387 2296 vero
2409 2247 2610 2295 montes
2635 2248 2684 2292 et
2713 2239 2872 2294 colles
2891 2254 2985 2294 eos
3008 2242 3195 2304 etiam,
3238 2241 3330 2311 qui
3362 2255 3520 2293 mun-

242 2322 457 2384 στείαις
509 2325 800 2395 κοσμικαῖς
854 2326 967 2387 τοῖς
1032 2325 1353 2390 ἀποστόλοις
1404 2329 1836 2393 ἐπαναστάντας.

1822 2371 1836 2386 .
1946 2329 2107 2384 danis
2144 2330 2317 2384 evecti
2374 2331 2785 2398 magistratibus
2829 2330 3092 2400 apostolis
3136 2330 3514 2398 insurgebant.

254 2413 426 2466 Ἀλλά
458 2414 781 2468 καὶτούτων
834 2417 1258 2488 καθῃρημένων,
1310 2419 1391 2473 σὺ
1445 2423 1836 2491 εὐρρανθήσῃ

1823 2443 1836 2491 ι
1947 2421 2053 2475 Sed
2083 2434 2136 2477 et
2168 2422 2252 2477 his
2289 2424 2453 2477 etiam
2482 2422 2732 2488 sublatis,
2762 2421 3026 2476 lwtaberis
3080 2422 3134 2475 in
3194 2423 3394 2476 sanctis
3429 2420 3515 2475 ls~

239 2506 318 2558 ἐν
376 2504 502 2571 τοῖς
559 2505 751 2573 ἁγίοις
825 2506 1113 2574 Ἰσραὴλ,
1159 2508 1438 2579 ἐντρυφῶν
1490 2512 1564 2564 ὅτ’
1607 2512 1673 2566 ἂν
1724 2514 1838 2583 ἴδῃς

1824 2530 1838 2577 ;
1944 2515 2079 2577 rael,
2119 2530 2315 2584 magna
2340 2523 2454 2567 tum
2484 2516 2704 2568 demum
2747 2514 2958 2579 laatitia,
2988 2522 3042 2567 et
3064 2514 3341 2583 voluptate
3375 2515 3516 2581 poti—

243 2595 478 2658 πολλοὺς
516 2596 807 2664 γεγονότας
855 2598 1084 2664 ἁγίους,
1140 2601 1236 2652 καὶ
1298 2603 1356 2654 ἐν
1396 2601 1548 2667 υἱοῖς
1596 2604 1840 2671 Ἰσραὴλ

1822 2607 1840 2659 ι
1944 2616 2052 2671 tus,
2076 2620 2201 2658 cum
2235 2614 2459 2660 sanctos
2488 2606 2732 2660 evasisse
2764 2607 3085 2674 permultos,
3114 2613 3168 2658 et
3192 2606 3245 2658 in
3280 2605 3514 2657 tilinrmu

241 2688 646 2756 τεταγμένους.
684 2707 702 2739 ι
738 2690 813 2742 Οὐ
858 2690 968 2761 γὰρ
1003 2691 1207 2754 πάντες
1250 2696 1299 2745 οἱ
1332 2693 1391 2761 ἐξ
1434 2697 1668 2767 Ἰσραὴλ,
1694 2692 1840 2753 οὗτοι

1823 2718 1840 2753 ι
1942 2697 2163 2752 lsraelis
2226 2697 2478 2752 ordinem
2544 2696 2814 2750 transisse
2855 2695 3178 2756 intueberis.
3249 2715 3266 2745 ι
3328 2695 3514 2763 Neque

258 2780 502 2852 Ἰσραήλ.
545 2800 562 2832 ι
604 2784 857 2838 Τοιοῦτον
893 2790 1042 2856 παρὰ
1072 2786 1151 2855 τῷ
1178 2786 1485 2858 Ἀποστόλῳ
1523 2792 1605 2855 τὸ,
1641 2811 1658 2843 ι
1685 2793 1841 2861 Χαρὰ
1942 2806 1950 2839 t

1820 2795 1841 2846 it
1942 2789 2087 2842 enim
2113 2801 2328 2851 Omnes,
2358 2786 2451 2854 qui
2479 2802 2543 2841 ex
2582 2784 2781 2841 lsracle
2802 2794 2953 2847 sunt,
2985 2785 3019 2838 ii
3057 2796 3181 2839 sunt
3207 2783 3448 2839 Israel".
3492 2803 3512 2834 ι

245 2873 343 2924 καὶ
375 2874 639 2942 στέφανός
681 2893 807 2944 μου.
848 2896 866 2927 ι
906 2877 1093 2931 Ταῦτα
1140 2880 1269 2947 περὶ
1314 2879 1423 2932 τῶν
1464 2881 1779 2935 ἀποστόλων
1812 2886 1839 2937 ό

1822 2886 1839 2937 5
1947 2878 2079 2934 Tale
2104 2887 2189 2932 est
2243 2888 2298 2933 et
2350 2878 2500 2932 Pauli
2559 2877 2692 2932 illud
2736 2894 2750 2932 :
2818 2896 2836 2928 ι
2889 2875 3155 2930 Gaudium
3212 2886 3266 2932 et
3313 2891 3514 2931 corona

244 2967 593 3033 προφητικὸς
625 2966 782 3035 λόγος
815 2967 1002 3032 εἰπὼν,
1042 2969 1102 3033 ἐξ
1134 2970 1328 3039 ἐτέρας
1355 2973 1530 3041 ἀρχῆς
1568 2975 1693 3043 περὶ
1739 2976 1838 3043 τῆς

1825 2992 1838 3037 ;
1946 2985 2067 3025 mea
2084 2969 2149 3026 “.
2191 2989 2209 3022 ι
2236 2972 2413 3040 Atque
2444 2970 2557 3023 hac
2588 2970 2808 3039 quidem
2845 2969 2912 3024 de
2945 2969 3209 3039 apostolis
3238 2984 3359 3023 cum
3390 2984 3517 3038 pro-

244 3055 362 3107 τῶν
409 3056 579 3108 ὲΟνῶν
631 3060 969 3128 ἐπιστροψῆς
1022 3061 1188 3128 λέγει’
1245 3062 1730 3131 Ἄγυλλιάσονται
1783 3069 1838 3121 ol

1822 3069 1838 3121 ι
1947 3062 2107 3131 pheta
2138 3061 2404 3125 dixisset,
2448 3070 2708 3130 tanquam
2756 3060 2903 3114 facto
2952 3061 3174 3115 aliunde
3224 3062 3514 3130 principio,

244 3145 497 3213 πτωχοὶ,
535 3147 633 3199 καὶ
685 3151 740 3200 ol
767 3149 1012 3214 ἐνδεεῖς.
1058 3152 1356 3206 Ὠδέλισται
1383 3153 1439 3206 δέ
1467 3153 1525 3206 τὸ
1553 3156 1838 3223 ἀγαλλιά-

1825 3188 1838 3203 .
1943 3154 2010 3208 de
2049 3155 2296 3225 gentium
2330 3155 2693 3208 conversione
2723 3167 3031 3207 sermonem
3062 3153 3398 3222 aggreditur,
3432 3154 3517 3208 his

248 3251 487 3290 σονται·
529 3239 679 3308 παρὰ.
705 3240 814 3309 γὰρ
841 3244 954 3303 τοῖς
977 3243 1183 3305 λοιποῖς
1209 3244 1442 3312 εἴρηται·
1483 3249 1547 3298 Ol
1586 3248 1831 3316 πτωχοὶ,
1866 3290 1910 3316 η

1822 3289 1831 3311 ,
1866 3290 1910 3316 η
1942 3245 2537 3304 verbiszExsullabunt
2563 3260 2818 3315 pauperes
2841 3254 2889 3299 et
2909 3247 3109 3314 inopes.
3140 3244 3311 3300 Obelo
3336 3256 3514 3301 autem

248 3328 357 3380 καὶ
395 3331 449 3382 οι
501 3328 730 3396 ἐνδεεῖς
770 3328 1139 3396 ζητήσουσιν
1168 3332 1345 3399 ὓδωρ,
1381 3335 1477 3388 καὶ
1508 3336 1618 3389 οὐκ
1642 3335 1833 3391 ἔσται.
1866 3328 1911 3351 υ

1824 3328 1911 3391 ,υ
1942 3338 2259 3394 confoditur
2315 3339 2540 3393 verbum
2588 3337 2952 3391 exsultabant.
3010 3337 3051 3390 Α
3106 3338 3322 3392 caeteris
3370 3336 3516 3392 enim

262 3418 429 3471 Ἀ).λὰ
445 3419 619 3472 ταῦτα
649 3419 815 3474 πάλαι
845 3420 1170 3475 πεπόνθασι.
1195 3422 1308 3474 Νῦν
1336 3423 1413 3484 δὲ.
1446 3426 1568 3478 Οὐκ
1589 3424 1839 3493 ἐγκαταο
1944 3450 1954 3485 ι

1824 3453 1839 3468 ·
1944 3432 2173 3486 dicitur:
2207 3429 2473 3497 Pauperes
2498 3430 2636 3483 enim
2671 3439 2719 3481 et
2755 3429 2902 3497 egeni
2938 3436 3173 3492 quwrent
3205 3442 3418 3495 aquam,
3466 3438 3516 3479 et

244 3510 448 3578 λείψω
480 3510 725 3577 αὐτοὺς,
760 3512 896 3565 ἀλλ’
942 3512 1145 3578 ἀνάξω
1168 3522 1195 3550 ν
1227 3513 1326 3567 ἐπὶ
1362 3512 1478 3567 τῶν
1516 3514 1701 3582 ὀρέων
1732 3531 1840 3569 πο-

1825 3545 1840 3557 ·
1944 3539 2047 3577 non
2098 3523 2221 3577 erit.
2284 3521 2390 3576 Sed
2443 3521 2545 3574 ista
2608 3520 2812 3574 dudum
2857 3519 3098 3589 perpessi
3150 3527 3300 3573 sunt.
3362 3516 3517 3571 Nunc

248 3601 502 3669 ταμσὺς,
540 3602 727 3655 καὶτὰ
759 3603 904 3671 ἐξῆς.
946 3605 1013 3657 Al
1044 3604 1153 3673 γὰρ
1183 3604 1352 3658 πάλαι
1379 3604 1548 3675 ψυχαὶ
1598 3608 1694 3677 τῆς
1744 3608 1841 3662 τοῦ

1823 3608 1841 3662 3
1942 3619 2148 3675 autem,
2179 3626 2284 3663 non
2310 3608 2670 3678 derelinquam
2697 3622 2808 3669 eos,
2839 3605 2929 3660 sed
2962 3606 3199 3674 aperiam
3239 3606 3291 3657 in
3322 3606 3515 3658 monti-

249 3690 394 3742 Θεοῦ
428 3689 683 3758 γνώσεως
706 3693 925 3759 ἐνδεεῖς,
956 3694 1030 3754 ῶς
1074 3694 1173 3765 τὴν
1203 3694 1494 3765 γλῶσσαν
1522 3698 1721 3764 αὐτῶν,
1746 3703 1842 3753 καὶ

1825 3703 1842 3752 ι
1943 3700 2036 3753 bus
2066 3698 2313 3766 ﬂumina,
2347 3706 2400 3750 et
2434 3712 2557 3765 qua:
2611 3696 2893 3762 deinceps.
2926 3693 3135 3747 Anima:
3195 3693 3364 3751 enim.
3396 3708 3517 3761 qua:

249 3781 349 3834 τὸν
379 3782 537 3849 λόγον
586 3783 915 3852 ἐξηράνθαι
943 3784 1035 3838 τὸν
1082 3786 1149 3839 δι’
1196 3786 1365 3855 αὐτῆς
1410 3780 1871 3859 προφερόμενον,ί

1823 3780 1871 3859 ,ς
1944 3786 2019 3840 ita
2054 3785 2148 3840 Dei
2186 3786 2502 3857 cognitione
2532 3783 2810 3838 destituta:
2834 3790 3009 3845 erant,
3046 3789 3103 3833 ut
3160 3780 3342 3849 lingua
3373 3781 3512 3849 ipsa,

254 3875 452 3945 ρανίὸα
483 3876 729 3944 πόματος
754 3876 855 3929 οὐκ
888 3875 1078 3945 ἔχοντα
1111 3877 1364 3941 ζωτικοῦ,
1411 3872 1569 3931 aiam
1591 3879 1720 3951 παρ’
1756 3872 1868 3951 ἐλοί
1944 3923 1946 3931 ,

1822 3872 1868 3951 -ί
1944 3878 2183 3947 ipsoque
2215 3890 2495 3938 sermone,
2532 3875 2624 3942 qui
2662 3888 2761 3942 per
2794 3887 2912 3927 eam
2938 3872 3231 3942 profertur,
3259 3880 3514 3941 tauquam

256 3965 425 4025 στίξας
469 3968 714 4036 σωτήρια
773 3965 989 4020 πίνουσι
1042 3966 1129 4021 ’ὁιά
1178 3970 1278 4037 τῆς
1332 3968 1557 4038 χάριτος
1601 3963 1871 4039 vitam,“
1943 3984 1948 3993 ‘

1823 3963 1871 4039 ,1]
1943 3967 2133 4022 vitalis
2186 3964 2368 4036 poculi
2415 3963 2735 4033 irrigatione
2793 3974 3062 4026 carentes,
3121 3974 3513 4023 exarescerent,

252 4055 408 4107 κατὰ
435 4055 494 4106 τὸ
529 4055 863 4125 προρρηθὲν
904 4075 921 4107 ι
948 4056 1055 4108 Καὶ
1082 4055 1298 4108 πίονται
1334 4057 1478 4126 ὕδωρ
1512 4057 1574 4109 ἐκ
1597 4057 1705 4111 τῶν
1731 4053 1869 4130 πη·Ι
1943 4087 1944 4099 ι

1822 4053 1869 4102 -¹
1943 4056 2169 4121 eaedem,
2225 4056 2468 4125 inquam,
2519 4055 2856 4110 salutaribus
2903 4054 3013 4123 jam
3070 4053 3309 4124 Spiritus
3341 4058 3514 4109 sancti

249 4144 373 4211 γῶν
402 4142 497 4196 τοῦ
533 4145 824 4214 σωτηρίου.
860 4163 878 4197 ι
931 4145 1042 4197 Καὶ
1078 4145 1205 4216 μὴν,
1242 4147 1337 4199 καὶ
1378 4147 1486 4200 ἀπὸ
1514 4146 1706 4216 πηγῶν
1744 4149 1843 4201 Ἰσ-

1826 4176 1843 4189 -
1944 4149 2203 4203 laticibus
2254 4146 2537 4200 iruuutur.
2606 4144 2746 4199 lliuc
2809 4144 2943 4198 illud
3009 4144 3298 4213 superius:
3380 4163 3399 4193 ε
3458 4142 3518 4197 lit

254 4234 422 4303 ραὴλ,
472 4236 614 4287 κατά
652 4236 712 4287 τὸ
756 4237 813 4288 ἐν
861 4236 1112 4305 Ψαλμοῖς
1145 4253 1159 4267 ο
1216 4236 1346 4290 «Ἐν
1387 4238 1706 4308 ἐκκλησίαις
1753 4240 1843 4293 εὒ-
1944 4285 1946 4290 ,

1826 4267 1843 4280 -
1944 4238 2144 4292 bibunt
2175 4250 2372 4306 aquam
2435 4234 2503 4288 de
2538 4234 2785 4289 fontibus
2841 4234 3226 4289 Salvatoris".
3268 4253 3287 4285 ι
3325 4234 3439 4288 lmo
3465 4243 3518 4286 et

249 4326 470 4393 λογεῖτε
497 4326 587 4378 τὸν
618 4326 749 4378 Θεὸν
780 4327 984 4396 Κύριον
1021 4329 1085 4379 ἐκ
1112 4327 1305 4397 πηγῶν
1343 4328 1580 4399 Ἰσραήλ.
1620 4348 1639 4381 s
1672 4330 1844 4383 Τοῦτο

1823 4347 1844 4383 ο
1945 4329 2013 4383 de
2044 4328 2286 4383 fontibus
2333 4326 2707 4393 lsrael,juxta
2751 4324 2885 4379 illud
2942 4326 2994 4378 in
3032 4323 3269 4380 Psalmis
3319 4341 3332 4377 :
3401 4344 3419 4373 ι
3460 4324 3515 4377 lu

252 4414 316 4467 δέ
354 4417 470 4467 ἐστι
500 4413 562 4468 τὸ
607 4414 832 4485 Πνεῦμα
874 4416 933 4467 τὸ
962 4416 1138 4482 ἅγιον,
1186 4417 1248 4469 τὸ
1279 4418 1527 4486 πηγάζον
1557 4419 1615 4471 ἐν
1645 4420 1842 4491 ἐκκληο

1826 4448 1842 4461 -
1947 4419 2211 4475 Ecclesiis
2266 4418 2578 4473 benedieite
2651 4416 2885 4470 Domino
2954 4415 3066 4470 Deo
3138 4416 3205 4470 de
3275 4414 3518 4470 fontibus

254 4503 402 4565 σίαις
434 4503 604 4557 ὕδατα
636 4505 864 4570 ζωτικὰ,
897 4506 962 4558 ἐκ
990 4506 1087 4576 τῆς
1117 4507 1339 4575 Γραφῆς
1361 4507 1462 4576 τῆς
1484 4525 1542 4561 τε
1577 4509 1838 4576 Παλαιᾶς,
1945 4512 1946 4515 “

1824 4551 1838 4576 ,
1945 4509 2191 4565 Israel".
2237 4528 2256 4560 δ
2297 4507 2508 4574 Quibus
2533 4505 2754 4576 quidem
2780 4505 3020 4573 Spiritus
3060 4513 3287 4559 sanctus
3338 4506 3516 4557 innui-

251 4595 353 4649 καὶ
386 4594 629 4664 Καινῆς’
687 4594 817 4647 ἔνθα
871 4596 967 4648 καὶ
1024 4598 1279 4665 ποταμοὶ
1319 4597 1510 4667 ἄνδρες
1545 4598 1692 4667 ἆγιοι
1740 4600 1840 4672 τὴν
1872 4637 1916 4693 D

1827 4618 1840 4653 ρ
1872 4637 1916 4693 D
1945 4606 2057 4660 tur,
2089 4596 2185 4664 qui
2218 4595 2413 4650 vitales
2454 4609 2628 4663 aquas
2660 4594 2715 4647 in
2766 4593 3066 4648 Eeclesiam
3094 4609 3158 4647 ex
3214 4594 3416 4647 veteris
3464 4600 3519 4645 et

254 4686 392 4754 πρὶν
420 4684 630 4753 ἔρημον
658 4685 1087 4750 κατακλύζουσιν
1115 4688 1222 4740 ἀπὸ
1242 4688 1336 4741 τοῦ
1360 4690 1597 4759 μεγάλου
1629 4692 1840 4763 ῥέοντες
1872 4683 1910 4693 ”
1944 4735 1946 4741 ι

1823 4710 1840 4756 ;
1872 4683 1910 4693 ”
1944 4688 2182 4742 recentis
2201 4686 2496 4754 Scriptura:
2530 4684 2770 4739 fontibus
2829 4684 3082 4749 effundit,
3107 4685 3199 4738 ubi
3242 4683 3515 4737 desertam

253 4776 549 4845 ποταμοῦ,
597 4770 661 4829 οῦ
718 4777 787 4830 τὰ
835 4780 1135 4847 όρμήματα
1178 4780 1531 4850 εὐφραίνουσι
1561 4783 1661 4851 τὴν
1693 4785 1846 4837 πόλιν

1825 4802 1846 4836 ν
1948 4787 2109 4833 antea
2137 4777 2238 4830 viri
2264 4777 2440 4832 sancti
2463 4776 2746 4844 ﬂuviorum
2771 4775 2967 4839 instar,
2992 4791 3021 4828 a
3041 4790 3237 4843 magno
3271 4774 3362 4829 illo
3390 4789 3517 4842 pro-

251 4870 353 4922 τοῦ
406 4870 564 4935 Θεοῦ,
614 4870 680 4921 δι’
733 4870 792 4922 ὃν
839 4872 1088 4941 εἴρηταιο
1134 4889 1154 4924 c
1184 4872 1239 4925 '0
1284 4874 1525 4943 ποταμὸς
1570 4875 1663 4928 τοῦ
1708 4876 1867 4930 Θεοῦ

1826 4877 1867 4930 ;ν
1944 4874 2231 4920 manantes
2256 4866 2418 4920 etiam
2451 4864 2700 4935 irrigant,
2726 4863 2892 4934 460
2919 4864 3080 4931 cujus
3120 4863 3354 4932 impetus
3379 4864 3518 4917 laeti-

252 4962 400 5032 ἐτελη
409 4960 558 5032 ρὼθη
586 4962 815 5017 ὑδάτων.
854 4981 873 5014 ι

1945 4958 2110 5011 licant
2150 4957 2429 5011 civitatem
2482 4954 2576 5011 Dei
2595 4955 2673 5022 ‘1;
2706 4956 2773 5011 de
2824 4970 2935 5024 quo
2966 4955 3162 5008 etiam:
3232 4971 3252 5017 ι
3291 4951 3516 5010 Flavius

1950 5045 2042 5102 Dei
2076 5048 2417 5115 repletusest
2462 5045 2621 5115 aquis
2642 5044 2707 5109 “,
2744 5062 2761 5094 ι
2802 5043 3082 5099 scribitur.

2017 5138 2217 5192 Videas
2237 5139 2381 5192 enim
2417 5138 2717 5191 Ecclesiam
2744 5137 2896 5206 aquis
2924 5136 3078 5201 olim,
3099 5144 3152 5190 et
3171 5135 3302 5203 Deo,
3332 5136 3513 5191 omni-

1945 5246 2053 5301 quc
2083 5231 2228 5285 bono
2257 5230 2593 5293 destitutam,
2624 5228 2843 5282 abunde
2874 5244 3017 5282 nunc
3042 5229 3321 5298 irriguum,
3350 5244 3513 5297 vege—

1943 5330 2029 5377 tas
2060 5323 2295 5385 animas,
2320 5329 2375 5376 et
2401 5321 2660 5375 sublimes
2684 5328 2878 5375 eterra
2911 5320 3195 5374 attollere:
3224 5335 3329 5373 non
3357 5319 3513 5373 aliter

1945 1609 2125 1655 tamen
2159 1601 2364 1654 auxilio
2385 1612 2579 1657 nostro
2602 1602 2774 1657 fretus
2803 1612 3049 1665 metuere,
3073 1601 3165 1669 qui
3196 1616 3261 1655 eo
3294 1600 3515 1669 adjutus

335 5137 494 5190 Ἐστι
522 5136 633 5208 γὰρ
669 5138 798 5192 ἰδεῖν
844 5139 945 5210 τὴν
971 5139 1236 5207 ἄνυδρον
1277 5141 1448 5195 πάλαι
1480 5142 1578 5213 τὴν
1614 5141 1844 5211 Ἐκκλη-

256 5227 409 5293 σίαν,
436 5227 535 5296 τὴν
588 5227 796 5299 ἔρημον
842 5228 981 5282 Θεοῦ
1023 5233 1117 5284 καὶ
1149 5234 1347 5296 παντὸς
1395 5232 1623 5302 ἀγαθοῦ,
1656 5232 1750 5287 νῦν
1781 5234 1846 5286 ἐκ

253 5318 537 5373 τοσούτων
592 5319 830 5374 ὑδάτων
901 5322 1080 5392 ψυχὰς
1132 5325 1403 5391 ἔχουσαν
1447 5325 1694 5388 εὐθαλεῖς
1752 5326 1846 5378 καὶ

256 5411 723 5483 ὑπερυψουμένας
754 5414 850 5485 τῆς
884 5415 1003 5485 γῆς,
1037 5415 1176 5470 κατά
1202 5416 1271 5469 τὰ
1290 5417 1432 5485 φυτὰ
1464 5418 1531 5469 τά
1556 5419 1614 5469 ἐν
1638 5416 1846 5470 ὑδάτων
1944 5438 1948 5463 ι

1818 5434 1846 5468 ν
1944 5430 2109 5485 quam
2140 5422 2360 5485 propter
2388 5428 2653 5483 aquarum
2683 5412 2896 5482 copiam
2930 5411 3046 5467 ﬁeri
3077 5411 3218 5468 solet
3251 5412 3306 5467 in
3345 5412 3509 5467 arbo-

331 5517 381 5549 ³⁸
423 5530 566 5584 Psal.
596 5548 712 5593 ιιι,
746 5532 796 5587 7.
906 5533 951 5564 ”
988 5532 1117 5587 Luc.
1148 5550 1202 5594 ι,
1240 5535 1293 5588 l.
1388 5535 1432 5566 ⁸⁸³
1472 5532 1648 5589 Galat.
1682 5550 1739 5591 ιι.
1776 5533 1866 5588 ‘20.
1962 5533 2003 5565 “

1288 5573 1293 5587 .
1388 5535 1432 5566 ⁸ο
1472 5532 1648 5589 Galat.
1682 5550 1739 5591 ιι.
1776 5533 1866 5588 ‘20.
1962 5533 2003 5565 “
2047 5533 2065 5586 Ι
2102 5533 2229 5589 Cor.
2266 5533 2469 5598 xv,3l.
2564 5530 2608 5562 δ’
2650 5527 2781 5583 Luc.
2812 5528 2980 5593 31,49.

254 5600 303 5631 ⁸⁸
335 5598 539 5670 Philip.
574 5617 647 5667 iv,
676 5602 727 5657 Ι.
805 5602 851 5634 ⁸⁸
874 5600 979 5659 lsa.
1021 5619 1121 5668 ιιι,
1154 5604 1207 5660 3.
1284 5605 1328 5637 ⁸⁸
1354 5605 1498 5661 Psal.
1528 5621 1693 5659 van.
1725 5604 1818 5657 9.7.
1889 5604 1931 5637 ⁸⁷
1972 5603 2112 5658 Psal.
2142 5619 2269 5670 va,
2298 5605 2350 5659 5.
2425 5602 2471 5635 “
2510 5600 2653 5658 Psal.
2685 5615 2827 5667 utr,
2867 5599 2952 5655 10.

1533 5715 1766 5772 ΥΑῐὶιίΕ
1798 5715 2204 5774 LECTIONES.

3081 5528 3128 5562 ⁸³
3150 5528 3310 5586 llom.
3342 5542 3420 5595 is,
3456 5526 3513 5581 6.

329 5792 355 5822 '
392 5786 652 5856 γρ.ὐμῖν.
731 5794 755 5821 τ
796 5803 884 5854 π).
916 5784 1125 5850 dvo-15w.
