4284 6440
733 336 892 397 9.359

2062 348 2404 410 PROCOI’II
2448 350 2689 409 G.\Z.El

3834 350 3990 413 2350

735 461 910 514 ribus.
949 471 1180 526 quarum
1209 456 1313 511 hoc
1352 457 1470 510 loco
1505 457 1769 510 meminit.
1808 457 1878 512 De
1908 474 2045 526 aqua
2104 460 2208 511 ista
2243 465 2297 511 et
2328 460 2371 516 Α
2405 474 2427 525 p

2328 460 2371 516 Α
2405 457 2562 525 μόνον
2595 457 2788 528 πλήθει
2822 459 3210 529 συνεστηκότα.
3244 458 3463 512 Τούτων
3519 460 3628 530 γὰρ
3682 459 3990 531 μέμνηται.

734 548 987 603 tLhristus
1016 549 1130 617 ipse
1158 551 1302 602 hune
1349 549 1401 601 in
1466 547 1686 602 modum
1732 550 2087 618 loquebatur:
2145 568 2161 599 ι
2198 550 2303 614 Qui

737 642 935 694 biberit
958 656 1152 711 aquam
1177 656 1241 694 ex
1305 642 1468 705 me“,
1513 661 1530 692 ι
1578 650 1883 710 creteraque
1938 642 2215 710 deinceps.
2244 640 2307 695 Et

738 747 961 785 ruIsus:
997 751 1013 782 ι
1050 732 1151 797 Qui
1177 747 1371 801 aquam
1402 734 1619 796 biberit,
1648 749 1812 803 quam
1864 750 1963 803 ego
2011 732 2170 799 dabo,
2209 732 2307 785 llu-

739 822 882 874 mina
905 820 974 875 de
1005 831 1192 878 ventre
1231 823 1351 893 ejus
1384 823 1552 878 ﬂuent
1580 840 1735 893 aquze
1772 826 2003 879 viventis
2026 827 2091 879 ".
2127 842 2145 876 ι
2195 824 2307 878 Iloc

739 921 917 963 autem
950 911 1167 966 diccbat
1188 915 1253 967 de
1294 914 1510 982 spiritu,
1569 930 1730 982 quem
1792 916 2074 983 accepturi
2129 923 2306 976 erant,

740 1000 830 1066 qui
865 1000 919 1052 iu
958 1000 1136 1071 ipsum
1164 1003 1480 1067 credebant,
1525 1005 1685 1072 cujus
1711 1005 1975 1058 beneﬁcio
2027 1004 2229 1073 vigere,
2254 1011 2308 1057 et

739 1087 794 1138 ln
849 1088 1018 1141 altum
1077 1091 1233 1160 erigi,
1294 1107 1683 1161 nunquamque
1742 1103 2077 1163 putrescere,
2122 1093 2308 1147 odoris

741 1178 979 1250 denique
1004 1186 1330 1237 suavitatem
1378 1190 1627 1240 emittere
1676 1186 1964 1239 credentes
2009 1200 2310 1239 consueve-

744 1280 887 1324 runt.
923 1270 1053 1326 Olea
1103 1273 1296 1343 igitur,
1328 1282 1382 1329 et
1413 1276 1613 1344 palma,
1656 1285 1709 1329 et
1753 1276 1880 1331 vitis
1917 1277 1970 1329 in
2024 1276 2309 1347 Scriptura

744 1364 957 1419 fructus
1008 1364 1273 1421 Ecclesiae
1323 1368 1600 1421 denotant.
1640 1369 1740 1423 Hic
1788 1380 1970 1423 autem
2031 1384 2151 1438 qua:
2211 1384 2309 1422 no-

745 1457 1026 1510 minantur
1058 1458 1307 1521 arbores,
1368 1473 1581 1525 eorum,
1640 1461 1732 1530 qui
1789 1462 1841 1514 in
1899 1476 1961 1515 ca
2023 1463 2311 1531 proﬁciunt

747 1547 1071 1613 ubertatem,
1142 1550 1530 1615 altitudinem,
1582 1553 1878 1605 novitatem
1947 1563 2001 1606 et
2068 1553 2309 1622 vigorem

744 1638 1161 1708 demonstrant;
1200 1643 1343 1711 quod
1372 1644 1425 1697 in
1453 1643 1655 1696 deserto
1715 1644 1833 1697 ﬁeri
1864 1644 2080 1699 videtur
2134 1644 2311 1698 admi-

748 1732 939 1785 rabile.
975 1732 1151 1801 Atque
1185 1733 1308 1787 inde
1338 1749 1439 1796 ρει,
1475 1734 1619 1802 quod
1680 1751 1893 1787 ntanum
1942 1733 2159 1787 Domini
2209 1736 2311 1788 ista

2409 551 2542 616 Περὶ
2570 550 2760 603 τούτου
2797 553 2890 604 καὶ
2918 553 2947 604 ὁ
2993 552 3181 621 Σωτὴρ
3210 551 3304 604 τοῦ
3332 551 3550 616 ὕδατος
3578 552 3761 618 ἔλεγεν
3784 570 3796 583 ’
3830 571 3848 602 ι
3883 555 3994 614 Ὃς

2407 642 2451 695 δ’
2484 641 2547 694 ἂν
2578 643 2678 715 πίῃ
2731 645 2794 696 ὲκ
2842 642 2935 697 τοῦ
2987 643 3121 713 ὲμοῦ
3169 643 3383 706 ὓδατος,
3418 662 3437 696 s
3474 645 3569 696 καὶ
3592 646 3659 696 τὰ
3690 645 3835 710 ἑξῆς.
3869 645 3991 698 Καὶ

2410 732 2591 786 πάλινο
2635 754 2651 783 ι
2674 735 2732 786 Ὀ
2778 733 2946 787 πίνων
2975 736 3037 786 ἐκ
3071 734 3163 786 τοῦ
3196 734 3404 797 ὓδατος,
3451 730 3511 789 οὗ
3551 734 3660 802 ἐγὼ
3693 734 3846 787 δώσω
3880 736 3989 787 αὑ-

2408 822 2506 891 τῷ,
2544 824 2775 893 ποταμοὶ
2808 825 2871 875 ἐκ
2900 824 2997 893 τῆς
3026 824 3230 887 κοιλίας
3269 824 3432 877 αὐτοῦ
3472 826 3751 893 ῥεύσουσιν
3791 824 3991 888 ὕδατος

2411 913 2632 977 ζῶντος.
2692 934 2711 965 ι
2774 914 2944 967 Τοῦτο
2989 916 3045 969 δὲ
3096 916 3251 985 ἔλεγε
3310 918 3436 988 περὶ
3495 917 3587 970 τοῦ
3648 917 3991 987 ΙΙνεύματος,

2409 1006 2547 1075 ὅπερ
2588 1007 2821 1075 ἤμελλον
2870 1008 3171 1077 λαμϐάνειν
3208 1010 3258 1061 οἱ
3295 1008 3638 1072 πιστεύοντες
3674 1012 3751 1072 είς
3795 1010 3994 1071 αὑτὸν,

2410 1098 2471 1151 τὸ
2503 1097 2727 1161 εὐθαλές
2756 1116 2815 1152 τε
2850 1100 2943 1152 καὶ
2991 1101 3211 1169 ὑψηλὸν,
3258 1101 3497 1171 ἄσηπτόν
3549 1118 3609 1153 τε
3645 1102 3737 1153 καὶ
3785 1100 3995 1162 εὐῶδες

2412 1192 2523 1252 τοῖς
2549 1192 2936 1243 πεπιστευκόσι
2967 1192 3347 1261 χαριζομένου,
3387 1192 3572 1245 Ἐλαία
3618 1192 3716 1262 μὲν
3745 1188 3857 1254 οῦν,
3889 1190 3996 1243 καὶ

2414 1284 2607 1350 φοῖνιξ.
2647 1286 2741 1337 καὶ
2766 1286 3008 1353 ἄμπελος
3038 1288 3095 1337 ὲν
3123 1288 3188 1355 τῇ
3224 1286 3410 1354 Γραφῇ
3449 1286 3576 1347 τοὺς
3608 1285 3851 1357 καρποὺς
3885 1283 3997 1350 τῆς

2425 1376 2748 1445 Ἐκκλησίας
2779 1377 3125 1445 σημαίνουσι.
3159 1378 3238 1428 Τὰ
3268 1377 3322 1429 δὲ
3344 1377 3444 1429 νῦν
3478 1377 3760 1445 λεχθέντα,
3809 1376 3869 1428 τὸ
3897 1376 3993 1427 εὒο

2416 1467 2597 1530 θαλὲς,
2629 1470 2721 1520 καὶ
2747 1468 3075 1537 διῃρημένον
3104 1482 3152 1532 ι,
3177 1469 3372 1539 νεαρόν
3394 1487 3451 1522 τε
3497 1470 3591 1522 καὶ
3620 1470 3855 1539 ἀκμαῖον
3879 1467 3996 1520 τῶν

2415 1560 2474 1612 ἐν
2522 1561 2657 1629 αὐτῇ
2702 1562 3174 1630 προσκοπτὸντων,
3227 1562 3364 1629 ὅπερ
3406 1562 3464 1613 ὲν
3510 1560 3707 1629 ἐρήμῳ
3736 1560 3992 1627 γενέσθαι

2417 1652 2741 1722 παράδοξον.
2780 1652 2868 1704 Διὸ
2902 1668 3056 1720 φησι,
3089 1652 3221 1719 Χεὶρ
3252 1652 3473 1719 Κυρίου
3510 1652 3761 1717 ἐποίησε
3780 1652 3993 1711 ταῦτα.

2415 1743 2555 1795 ὥστε
2580 1743 2706 1805 τοὺς
2740 1743 2831 1794 ἐπὶ
2866 1743 2968 1811 γῆς
3010 1743 3428 1812 ἑρῤιζωμένους,
3461 1744 3517 1794 ὲν
3546 1742 3625 1811 τῷ
3668 1741 3845 1811 θνητῷ
3895 1745 3999 1794 καὶ

744 1823 978 1891 effecisse
1008 1823 1230 1890 subjicit
1259 1845 1271 1879 :
1312 1840 1504 1895 nempe
1536 1834 1593 1879 ut
1619 1826 1709 1896 qui
1747 1828 1800 1880 in
1821 1834 1965 1881 terra
1992 1828 2226 1889 radices,
2261 1828 2312 1881 id
2347 1809 2388 1863 Β
2416 1835 2436 1885 d

2304 1828 2312 1881 ι
2347 1809 2388 1863 Β
2416 1834 2744 1903 ἀνθρωπίνῳ
2772 1832 2869 1902 βίῳ
2899 1832 3033 1899 πρὸς
3065 1830 3198 1900 ὕψος
3231 1831 3548 1900 ἀνατρέχειν
3577 1831 3845 1902 οὐράνιον,
3889 1831 3996 1898 τῆς

747 1925 848 1977 cst,
885 1919 1145 1970 caducam
1173 1928 1224 1972 et
1248 1919 1541 1972 humanam
1570 1920 1733 1973 vitam
1768 1930 2012 1989 agerent,
2046 1919 2099 1972 in
2144 1920 2314 1974 etule-

748 2010 853 2063 stia
887 2009 1126 2078 fastigia,
1160 2024 1255 2078 spe
1283 2010 1433 2080 regni
1467 2010 1791 2065 immortalis
1832 2012 2027 2075 evecti,
2053 2011 2317 2066 ascende-

748 2108 890 2153 rent.
932 2100 1082 2155 Adeo
1138 2100 1240 2154 fuit
1302 2103 1412 2166 illa,
1478 2118 1640 2173 quam
1708 2103 1762 2157 in
1822 2103 2080 2172 gentibus
2146 2102 2317 2157 edidit

748 2192 1032 2253 Dominus,
1095 2192 1457 2248 admiratione
1524 2193 1685 2262 digna
1748 2194 2057 2248 conversio.
2112 2192 2318 2248 Deinde

751 2299 902 2352 aqua:
926 2284 1181 2337 durluum
1201 2286 1442 2349 nomine,
1468 2286 1726 2340 Ecclesia:
1747 2285 2002 2343 doctores
2034 2285 2314 2352 indicavit,

750 2375 840 2443 qui
884 2377 1138 2430 haustum
1171 2377 1353 2430 animo
1398 2376 1465 2430 de
1498 2375 1781 2443 Scriptura
1828 2377 2096 2432 divinitus
2147 2376 2319 2445 inspi-

750 2478 866 2523 rata
904 2468 996 2523 Dei
1062 2469 1286 2522 verbum
1329 2470 1382 2523 itt
1438 2469 1577 2522 alios
1625 2468 2046 2530 trausl'undunt,
2085 2476 2145 2521 ut
2197 2469 2321 2522 vitae

749 2559 969 2626 quidem
1005 2559 1255 2615 instituto
1301 2560 1489 2615 odoris
1546 2561 1879 2623 bonitatem;
1916 2560 2318 2615 tttundanarutu

751 2659 930 2707 autem
963 2651 1302 2721 voluptatum
1362 2652 1510 2723 fuga,
1549 2652 2017 2722 incorruptionem
2067 2652 2320 2721 adipisci,

757 2747 911 2800 firmo
936 2744 1173 2815 denique
1201 2754 1255 2799 et
1280 2744 1462 2799 stabili
1510 2745 1564 2798 in
1608 2746 1770 2800 rebus
1821 2745 2081 2800 omnibus
2131 2744 2321 2800 habitu

755 2844 1091 2905 comparato,
1138 2836 1355 2890 radices
1408 2852 1593 2907 agere,
1644 2844 1699 2892 et
1752 2846 2039 2892 ventorum
2086 2837 2323 2905 impetus

755 2929 993 2998 perferre
1045 2930 1279 2983 valeant.
1308 2929 1610 2984 Conﬁrmat
1638 2931 1782 2985 enim
1818 2929 1993 2997 justos
2024 2928 2321 2994 Dominus;

755 3039 988 3091 rumque
1022 3023 1177 3078 decet
1216 3026 1443 3077 istorum
1476 3032 1753 3077 auctorem
1785 3031 1838 3077 et
1866 3038 2090 3077 causam
2119 3038 2323 3094 cogno-

755 3131 927 3179 scere,
959 3132 1065 3170 non
1100 3128 1292 3186 sponte
1314 3126 1367 3169 et
1385 3114 1612 3170 fortuito
1642 3114 1891 3170 accidere
1920 3123 2136 3185 putare.

826 3204 960 3259 Sunt
996 3222 1126 3261 vero
1170 3207 1262 3274 qui
1306 3214 1417 3259 tota
1479 3205 1581 3260 ista
1617 3205 1908 3260 verborum
1964 3206 2108 3262 serie
2152 3203 2322 3261 Deum

761 3296 953 3352 Israeli
988 3297 1290 3352 secundum
1326 3297 1764 3367 progressionem
1798 3306 1990 3366 putent
2021 3299 2077 3352 in
2121 3311 2326 3351 mento-

759 3394 893 3446 tiatn
928 3405 1187 3445 revocare
1221 3404 1331 3460 quo
1395 3391 1512 3444 loco
1563 3405 1776 3458 semper
1812 3389 1956 3460 apud
1996 3405 2057 3444 se
2103 3389 2326 3445 habitus

760 3484 831 3535 sil.
858 3496 1058 3551 ,qnem
1093 3480 1213 3535 orbi
1248 3480 1528 3542 universo,
1571 3480 1737 3534 veluti
1800 3492 2088 3533 accensam
2133 3480 2327 3532 divina

758 3572 1074 3640 (agnitionis
1106 3569 1303 3649 facem,
1330 3571 1629 3639 praelucere
1664 3569 1919 3623 voluerit.
1964 3568 2326 3622 Abraltamum

759 3665 955 3719 deinde
999 3664 1066 3719 ab
1110 3662 1268 3736 561
1303 3664 1564 3717 extremis
1615 3670 1774 3715 terra:
1808 3660 2005 3717 finibus
2044 3662 2326 3728 evocavit;

758 3756 994 3826 ΛΞΜ-μισ
1033 3755 1292 3823 denique,
1333 3752 1508 3807 altero
1537 3759 1696 3806 terra:
1740 3760 1998 3816 extremo,
2039 3752 2326 3820 eripuerit,

755 3845 993 3913 filiorum
1023 3846 1144 3901 loco
1176 3842 1448 3898 habuerit.
1492 3841 1716 3897 Contide
1744 3842 1927 3912 igitur,
1982 3842 2180 3911 inquit,
2233 3842 2326 3911 qui

762 3949 840 3992 tot
870 3934 1210 3991 admirabilia
1234 3944 1493 4003 expertus
1510 3934 1622 3999 sis;
1647 3948 1824 4002 neque
1845 3948 2009 3998 erres,
2033 3942 2328 4002 quantum.

761 4030 843 4082 vis
876 4037 927 4081 te
948 4029 1157 4081 circum
1201 4035 1392 4095 gentes
1440 4024 1725 4094 permultae
1750 4025 2014 4079 ambiant.
2047 4024 2161 4095 Ego
2181 4027 2324 4080 enim

763 4131 1049 4193 postquam
1080 4122 1147 4175 de
1193 4120 1305 4176 tuis
1334 4118 1585 4173 hostibus
1632 4118 1959 4188 supplicium
2016 4132 2325 4187 sumpsero,

760 4213 1110 4285 quantumvis
1142 4211 1401 4281 prodeant
1437 4211 1552 4276 alii,
1587 4211 1639 4265 in
1682 4210 1923 4265 nihilum
1952 4218 2136 4265 tamen
2168 4226 2331 4280 repu-

759 4307 1043 4359 tabuntur.
1076 4302 1182 4357 Sed
1228 4300 1416 4357 forsan
1478 4300 1600 4355 ideo
1654 4300 1864 4365 metuis,
1919 4300 2063 4369 quod
2110 4310 2327 4355 tuorum

765 4399 1123 4467 paucitatem;
1166 4408 1351 4448 eorum
1384 4393 1709 4462 contra,qui
1749 4401 1797 4448 te
1824 4391 2093 4458 ambiunt,
2141 4394 2329 4464 ingen-

2420 1922 2691 1991 βασιλείας
2719 1924 2824 1975 τῶν
2855 1921 3101 1992 οὐρανῶν
3129 1922 3228 1983 τὰς
3269 1921 3475 1973 ἑαυτῶν
3510 1920 3857 1990 ἀναρτῶντας
3897 1917 3995 1971 ιλ-

2418 2016 2595 2078 πίδας.
2631 2014 2787 2066 Οὕτω
2816 2012 3133 2083 θαυμαστὴν
3156 2015 3183 2065 ὁ
3208 2012 3337 2072 Θεὸς
3364 2013 3421 2064 ἐν
3451 2011 3662 2064 ἔθνεσιν
3691 2012 3860 2062 ἐποίει
3895 2025 3999 2078 με·

2417 2109 2668 2177 ταϐολήν.
2716 2105 3123 2175 ’Υδραγωγοὺς
3170 2104 3227 2156 δὲ
3260 2106 3384 2166 τοὺς
3417 2104 3514 2173 τῆς
3560 2101 3881 2172 Ἐκκλησίσς
3908 2101 3996 2152 δι-

2418 2203 2721 2265 δασκάλους
2775 2202 3055 2264 ἐκάλεσεν,
3106 2198 3155 2252 οἳ
3200 2197 3449 2267 καθάπερ
3478 2198 3541 2249 ὲκ
3581 2194 3772 2265 πηγῶν
3801 2210 3856 2245 τε
3892 2193 3997 2245 καὶ

2420 2296 2702 2365 ποταμῶν,
2733 2293 2822 2347 τὸν
2847 2294 2942 2363 τῆς
2975 2289 3334 2345 θεοπνεύστου
3361 2290 3582 2361 Γραφῆς
3611 2288 3689 2349 εἰς
3723 2284 3849 2339 νοῦν
3877 2287 3996 2337 εἰσ-

2419 2388 2768 2456 οικησάμενοι
2824 2385 3015 2452 λόγον,
3066 2385 3160 2437 καὶ
3211 2384 3289 2445 είς
3342 2381 3559 2449 ἑτέρους
3603 2378 3764 2431 αὑτὸν
3813 2393 4000 2444 παρα-

2420 2477 2752 2546 πέμπουσιν,
2814 2473 2889 2536 ὠς
2945 2474 3013 2527 ἂν
3061 2473 3235 2543 ἔχοιεν
3278 2470 3365 2523 διά
3425 2470 3523 2537 μὲν
3575 2467 3867 2528 πολιτείας,
3926 2464 3999 2517 τὸ

2421 2568 2654 2638 εὔοσμον
2682 2583 2696 2597 ο
2724 2566 2813 2619 διὰ
2852 2566 2909 2619 δὲ
2938 2566 3038 2634 τῆς
3079 2564 3290 2633 ἀποχῆς
3316 2561 3426 2614 τῶν
3456 2558 3735 2630 κοσμικῶν
3769 2557 3997 2629 ἡδονῶν,

2420 2663 2481 2716 τὸ
2505 2662 2578 2731 μὴ
2605 2658 2923 2729 φθείρεσθαι
2948 2677 2960 2689 ·
2989 2657 3075 2710 διὰ
3105 2656 3161 2709 δὲ
3187 2657 3287 2725 τῆς
3318 2653 3617 2715 εὐσταθοῦς
3648 2653 3743 2705 καὶ
3773 2650 3999 2720 βεῦαίας

2423 2757 2482 2808 ὲν
2522 2753 2728 2806 ἅπασιν
2770 2749 2956 2815 ἕξεως,
2991 2750 3052 2802 τὸ
3104 2746 3456 2819 ὲρῤιζῶσθαι,
3507 2745 3603 2799 καὶ
3656 2744 3841 2813 φέρειν
3884 2742 4002 2794 τῶν

2425 2842 2753 2913 πνευμάτων
2787 2841 2882 2901 τὰς
2932 2837 3258 2908 προσϐολάς.
3304 2834 3692 2903 ’Υποστηρὶζει
3733 2833 3842 2900 γὰρ
3868 2833 4001 2894 τοὺς

2424 2933 2667 2996 δικαίους
2695 2932 2723 2984 ὁ
2751 2932 2971 2999 Κύριος.
3024 2929 3133 2982 Καὶ
3176 2928 3257 2980 δεῖ
3285 2925 3475 2979 τοῦτον
3519 2926 3690 2979 αἴτιον
3722 2921 3998 2995 ἡγεῖσθαι,

2426 3027 2522 3081 καὶ
2560 3025 2634 3096 μὴ
2661 3022 2833 3078 ταῦτα
2864 3021 3105 3092 νομίζειν
3134 3020 3434 3090 αὐτόματα.

2498 3208 2652 3270 Τινὲς
2686 3206 2743 3261 δὲ
2772 3205 2898 3275 περὶ
2927 3203 3026 3273 τῆς
3050 3202 3229 3270 πάσης
3262 3201 3473 3269 ἔφασαν
3505 3198 3735 3268 ρήσεως,
3764 3195 3837 3258 ὡς
3867 3195 4005 3247 ὑπο-

2431 3303 2727 3373 μιμνήσκει
2783 3298 2916 3361 Θεὸς
2963 3296 3055 3349 τὸν
3100 3294 3240 3347 κατά
3268 3289 3550 3363 προκοπὴν
3589 3288 3835 3355 Ἰσραὴλ
3881 3288 4005 3339 οἷαν

2429 3394 2517 3449 ἀεὶ
2541 3392 2676 3462 πρὸς
2700 3389 2863 3444 αὐτὸν
2887 3388 2984 3458 τὴν
3019 3387 3202 3456 σχέσιν
3229 3384 3525 3452 ἐκτήσατο,
3552 3380 3740 3434 τοῦτον
3788 3378 4007 3444 ἀναξίας

2427 3486 2507 3558 τῷ
2580 3483 2743 3538 παντὶ
2802 3482 2993 3551 κόσμῳ
3075 3479 3323 3545 καθάπερ
3395 3475 3528 3544 δᾷδα
3597 3472 3960 3541 θεοτνωσίας
3985 3487 4004 3502 ·

2443 3577 2702 3646 Ἀϐραὰμ
2754 3575 2851 3645 μὲν
2879 3572 3115 3633 καλέσας
3145 3570 3239 3624 ἀπ’
3271 3568 3441 3638 ἄκρου
3482 3568 3581 3635 τῆς
3623 3565 3725 3633 γῆς
3754 3605 3770 3630 ,
3819 3562 3878 3627 ἐξ
3908 3563 4006 3613 Αί-

2429 3669 2637 3739 γύπτοο
2665 3667 2722 3719 δὲ
2748 3664 2969 3726 τούτους
3011 3662 3198 3732 ἑτέρου
3252 3658 3566 3725 ἐξελόμενος
3605 3655 3791 3721 ἄκρου
3822 3653 3915 3703 καὶ
3945 3652 4007 3702 ὲν

2429 3758 2580 3815 πᾶσι
2610 3766 2639 3807 Υ
2667 3754 3041 3825 λογισάμενος.
3069 3751 3352 3805 Τοσούτων
3374 3745 3466 3802 οῦν
3491 3745 3731 3815 γεγονὼς
3753 3746 3814 3797 ὲν
3838 3743 4007 3812 πείρα

2430 3848 2747 3919 θαυμάτων,
2777 3845 2966 3915 θάρῤει
2988 3858 3002 3872 ·
3037 3842 3143 3895 κᾶν
3190 3840 3362 3893 πολλά
3386 3856 3446 3891 σε
3479 3837 3606 3906 ἔθνη
3657 3833 4000 3905 περικυκλοϊ,

2434 3942 2509 4013 μὴ
2538 3937 2764 3994 suam?»
2811 3935 2951 4004 Ἐγὼ
2998 3935 3107 4004 γὰρ
3154 3934 3184 3985 ὁ
3213 3932 3338 3994 τοὺς
3374 3932 3496 3991 σοὺς
3552 3928 3781 3999 ἐχθροὺς
3813 3925 3999 3992 μετελο

2432 4031 2559 4095 θὼν,
2604 4029 2708 4083 κᾶν
2753 4028 2930 4097 ἕτεροι
2976 4026 3214 4092 φανεῖεν,
3271 4022 3352 4083 εἰς
3377 4020 3529 4074 οὐδὲν
3568 4018 3996 4086 λογισθήσονται.

2444 4121 2583 4177 Ἀλλ’
2627 4120 2757 4181 (sui;
2801 4113 3052 4182 ὄειλιᾷς,
3082 4112 3181 4183 τὴν
3212 4113 3313 4180 σὴν
3342 4110 3632 4179 ὀλιγότητα
3666 4108 3877 4178 βλέπων
3907 4106 4006 4159 καὶ

2430 4213 2539 4270 τῶν
2564 4207 2909 4265 κυκλούντων
2934 4206 2996 4257 τὸ
3040 4202 3266 4271 πλῆθος.
3305 4199 3466 4253 Ἀλλὰ
3494 4200 3594 4268 τὴν
3636 4197 3773 4267 ἐμὴν
3809 4196 4003 4250 σκόπει

2427 4303 2743 4371 βοήθειαν,
2775 4298 2842 4353 δι’
2870 4292 2938 4367 ἧς
2962 4293 3299 4361 κατακόψετε
3327 4291 3451 4352 τοὺς
3499 4288 3621 4342 καθ’
3657 4287 3812 4354 ὑμῶν
3836 4288 4011 4356 ἐπαρ-

2433 4394 2643 4456 θέντας,
2670 4390 2745 4454 ῶς
2793 4388 2956 4455 ὄρεσι
2983 4384 3078 4438 καὶ
3098 4380 3353 4447 βουνοῖς
3384 4375 3799 4439 ἀπεικάζεσθαι.
3828 4376 4010 4442 Ὅπερ

762 4463 870 4544 tetu
918 4484 1321 4540 multitudinem
1364 4482 1617 4537 intueris.
1662 4480 1861 4537 Verum
1916 4482 1982 4535 ad
2022 4463 2217 4537 meum
2243 4500 2327 4539 re-
2361 4463 2454 4536 De

2319 4514 2327 4526 -
2361 4463 2405 4519 θ
2434 4479 2654 4536 ἐπὶτῶν
2701 4484 2818 4548 ρπε⁹
2853 4473 3100 4545 χιλιάδων
3143 4472 3250 4525 τῶν
3294 4467 3593 4537 ’Δσσυρίων
3636 4465 3872 4531 ἐγένετο,
3907 4480 4011 4532 μη-

763 4578 915 4648 spice
970 4576 1265 4639 auxilium;
1305 4588 1414 4643 quo
1466 4570 1710 4641 adjutus,
1765 4572 2110 4642 insurgentes
2168 4575 2221 4628 in
2276 4587 2328 4633 te

765 4674 952 4727 hostes
976 4667 1243 4721 montibus
1266 4664 1401 4732 ipsis
1446 4672 1501 4718 et
1537 4662 1760 4717 collibus
1802 4672 2150 4732 comparatos
2207 4682 2333 4722 con-

762 4759 987 4815 feceris.
1032 4755 1185 4810 Sicut
1235 4754 1288 4807 in
1344 4749 1627 4807 CLXXXV
1684 4751 2035 4821 Assyriorum
2087 4753 2332 4812 millibus

763 4852 957 4924 patuit,
982 4847 1076 4919 qui
1100 4854 1236 4901 tene
1257 4843 1541 4898 adoriente
1567 4841 1809 4911 quidem,
1837 4855 1957 4895 mea
1982 4843 2143 4898 unius
2164 4858 2330 4914 opera

2437 4573 2495 4625 δὲ
2546 4569 2953 4638 πολεμήσαντος
2992 4562 3225 4633 Ἰσραήλ.
3275 4559 3357 4613 Τὰ
3384 4558 3439 4611 δὲ
3478 4558 3605 4620 τοὺς
3651 4555 3877 4625 ἐχθροὺς
3912 4556 4010 4607 αὑ.

2437 4663 2545 4717 τῶν
2597 4656 3017 4727 καταληψόμενα
3072 4651 3245 4721 πάθη·
3280 4650 3431 4719 δηλοῖ
3493 4647 3554 4701 τό
3577 4663 3591 4678 ⁸
3620 4645 4012 4712 Ζητήσουσιν

2436 4755 2613 4823 ὕδωρ,
2664 4751 2757 4805 καὶ
2780 4752 2891 4816 οὐχ
2924 4744 3275 4813 εὑρήσουσι.
3309 4742 3390 4794 Τὰ
3434 4740 3491 4793 δὲ
3518 4740 3644 4808 περὶ
3682 4737 3801 4790 τῶν
3828 4750 4015 4823 ποταέ

2433 4822 2565 4917 μῶν
2594 4844 2687 4897 καὶ
2725 4842 2819 4895 ἐπὶ
2859 4838 2961 4907 τῆς
2987 4836 3229 4904 ἱστορίας
3257 4830 3541 4901 γεγονέναι
3566 4829 3753 4897 φασιν,
3799 4826 3875 4889 ὡς
3916 4822 4027 4917 καὶ,

766 4912 1167 5000 Lecidén'mu.
1201 4935 1452 4992 οειοιιιιῑι
1505 4948 1670 5004 porro
1702 4948 1824 5003 qua:
1886 4933 2084 4988 damna
2146 4912 2337 4994 hostes
2433 4912 2458 4990 Ῐι

2322 4954 2337 4994 i
2433 4912 2641 5006 πέτρας
2669 4931 3010 5003 άκροτόμους
3046 4926 3347 4996 ἐκραγῆναι
3377 4926 3513 4991 πρὸς
3552 4921 3717 4973 ὕδατα
3741 4935 3756 4951 ο
3786 4917 3884 4969 καὶ
3914 4912 4014 5006 uti:

766 5042 915 5107 ipsos
950 5031 1190 5087 invasuri
1220 5030 1368 5095 sint;
1393 5042 1517 5082 cum
1539 5026 1850 5095 quaesituros
1871 5026 2089 5095 quidem
2119 5044 2333 5095 aquam,

768 5128 859 5184 sed
889 5142 991 5179 non
1023 5132 1316 5190 reperturas
1357 5118 1627 5188 adjunxit.
1652 5116 1718 5169 At
1756 5118 1901 5185 qttod
1934 5115 2000 5172 de
2025 5117 2334 5183 ﬂuminibus

768 5218 925 5279 dixit,
959 5216 1030 5268 ita
1069 5212 1276 5266 factum
1306 5224 1447 5274 esse,
1478 5208 1652 5271 aiunt,
1691 5207 1936 5262 historiae
1986 5209 2093 5263 illae
2126 5220 2333 5267 testan-

769 5321 881 5369 tur,
909 5322 1030 5379 quae
1061 5305 1129 5359 de
1171 5300 1465 5373 praeruptis
1486 5300 1659 5369 petris
1689 5314 1860 5368 aquas
1887 5314 2179 5356 emanasse
2208 5317 2335 5357 nar-

772 5411 920 5457 rant:
953 5412 1012 5455 ut
1045 5407 1097 5454 et
1125 5396 1315 5464 ﬂuvios
1343 5390 1648 5455 defecisse;
1674 5404 1796 5445 cum
1833 5405 1863 5445 a
1897 5392 2100 5461 populo
2142 5390 2335 5448 Jorda-

2436 5028 2519 5090 θις
2546 5003 2861 5092 ⁷ποταμοὺς
2892 5019 3158 5076 ἐκλιπεῖν.
3195 5016 3270 5077 ὡς
3311 5013 3402 5067 τὸν
3442 5011 3715 5081 Ἰορδάνην
3744 5006 3838 5060 τοῦ
3876 5003 4012 5058 λαοῦ

2434 5116 2820 5174 διαϐαίνοντος.
2856 5112 2921 5163 ’0
2945 5108 3043 5162 καὶ
3068 5110 3101 5178 ἡ
3126 5106 3369 5161 θάλασσα
3397 5101 3670 5162 παθοῦσα,
3691 5097 3829 5167 πρὸς
3858 5096 4014 5148 ἀναί-

2438 5228 2586 5285 ρεσιν
2618 5204 2773 5269 αὖθις
2801 5206 2907 5258 τῶν
2933 5200 3247 5270 Αἰγυπτίων
3299 5197 3511 5268 ὲχέετο⁸
3544 5193 3594 5247 οἳ
3626 5192 3720 5244 καὶ
3747 5188 4015 5285 έξεὸοὰσε

2445 5282 2621 5367 σοντο,
2678 5302 2778 5355 οὐκ
2840 5300 2918 5360 εἰς
2981 5295 3149 5365 ἄμφω
3222 5293 3320 5361 τῆς
3375 5287 3648 5357 θαλάσσης
3706 5282 3773 5335 τὰ
3831 5282 4012 5349 μέρη.

2444 5399 2558 5451 ἀλλ’
2604 5395 2732 5450 ἔνθα
2786 5388 2854 5464 ἦν
2897 5387 3148 5461 Ἰσραήλ·
3177 5386 3253 5448 ὡς
3303 5382 3369 5438 ἂν
3413 5379 3649 5452 ὁρῶντες
3695 5373 4015 5443 θαρρήσωσι

843 5584 887 5615 ·⁹
918 5583 1075 5638 .lnan.
1096 5597 1168 5645 tv,
1212 5580 1296 5635 l3.
1372 5581 1416 5614 "
1444 5580 1602 5635 Joan.
1627 5596 1720 5642 vti,
1746 5580 1832 5636 58.
1911 5582 1953 5615 ’ί
1983 5581 2088 5637 lsa.
2121 5595 2325 5641 xxxv-tt,
2348 5578 2434 5633 56.

2073 5690 2299 5747 VABIE
2339 5683 2737 5743 LECTIONES.

844 5788 868 5818 ι
902 5790 988 5845 ﬂ,
1012 5769 1317 5843 διηρμένονι
1398 5776 1424 5815 Υ
1452 5784 1537 5833 περ.
1561 5766 1615 5817 ὲν
1643 5763 1818 5818 παισῖ.
