4284 6440
297 405 433 469 2361
1427 424 1954 487 COMMENTARII

1847 429 1954 487 [ΠΙ
1991 430 2067 489 ΙΝ
2100 432 2383 494 ΙδΛΙΑΜ.
3398 446 3539 509 2362

290 518 584 585 λέγοντες·
625 513 794 586 υῦτός
862 540 964 592 μου
1021 524 1152 590 Θεὸς
1211 529 1238 580 6
1302 529 1565 600 πρότερον
1615 532 1869 585 ἀπιστού-
1904 542 1982 596 ΑΙ

1857 561 1869 572 -
1904 542 1946 596 Α
1979 550 2074 589 nes
2104 536 2219 605 ipse
2277 541 2542 607 trajectus
2588 551 2692 597 est.
2757 544 2904 598 idem
2957 556 3214 613 praeietea
3276 555 3328 601 et
3390 565 3537 603 mare

296 624 479 707 μξνος.
1975 640 2196 695 passum
2225 644 2517 694 esse,cuut
2557 649 2774 687 rursum
2810 634 2875 687 ad
2933 634 3196 690 delendos
3250 635 3539 707 Algyptios

290 702 652 795 ellusumest,
678 709 772 777 qui
808 726 916 765 non
939 720 1171 781 utroque
1214 714 1382 768 maris
1425 714 1627 775 littore.
1661 716 1755 770 sed
1782 731 1845 771 ea
1886 727 2096 774 tantum
2132 731 2303 791 parte,
2358 725 2411 779 in
2462 742 2564 795 qua
2616 736 2728 781 tum
2808 730 3170 783 versabantur
3258 702 3538 791 Israelita,

291 793 693 889 ebullierunt"
725 817 739 864 ;
772 816 881 868 quo
923 817 1034 855 rem
1092 805 1443 873 contemplati
1510 806 1871 871 conﬁderent,
1912 825 2146 881 eumque
2172 813 2284 882 jam
2350 793 2516 869 Deum
2570 833 2728 872 suum
2800 832 2945 881 esse,
3024 819 3111 871 cui
3164 816 3324 871 tidem
3388 821 3542 889 prius

289 885 650 956 denegarant,
696 895 1101 959 proﬁterentur.

349 977 566 1032 manu.
612 980 851 1048 Ἔγγίζει
900 984 938 1049 ἠ
970 986 1164 1050 κρίσις
1183 985 1369 1052 ὑμῶν,
1392 986 1552 1056 λέγει
1580 988 1793 1055 Κύριος
1835 991 1869 1042 ό
2033 1024 2041 1050 ι

1844 991 1869 1042 6
2033 990 2193 1061 462
2216 990 2377 1046 Vsus.
2400 992 2590 1046 Sl-29.
2610 993 3271 1062 Appropinquatjudicium
3292 1005 3536 1058 vestrum,

293 1068 456 1131 θεός.
495 1070 793 1137 Ἤγγισαν
829 1076 887 1125 αἱ
920 1074 1143 1135 ,ϐουλαὶ
1198 1075 1382 1144 ὑμῶν,
1442 1078 1589 1147 λέγει
1630 1084 1662 1133 ὁ
1685 1082 1869 1144 βασι-
1965 1097 1985 1131 c

1848 1109 1869 1121 -
1965 1080 2091 1134 dicit
2126 1082 2381 1135 Dominus
2439 1083 2598 1136 Deus.
2632 1086 3125 1154 Appropinquartmt
3170 1084 3391 1137 consilia
3456 1101 3540 1138 ve-

289 1158 438 1223 λεὺς
488 1159 705 1214 Ἰακώϐ.
750 1164 1312 1231 Ἐγγισὰτωσανκαὶ
1342 1169 1871 1237 ἀναγγειλάτωσαν
1967 1188 1981 1224 ι

1845 1190 1871 1221 ν·
1967 1181 2099 1233 stra,
2124 1173 2252 1225 dicit
2295 1189 2384 1226 rex
2413 1172 2597 1226 Jacob.
2638 1174 3081 1241 Appropinquent,
3117 1183 3165 1227 et
3224 1175 3537 1226 annuntient

290 1249 438 1316 ὑμῖν
468 1249 506 1303 ἀ
540 1252 934 1319 συμϐήσεται,
982 1255 1020 1323 ἣ
1071 1258 1141 1309 τὰ
1186 1262 1475 1328 πρότερον
1519 1262 1651 1314 τίνα
1681 1259 1760 1332 ἦν
1787 1264 1868 1316 ετ-

293 1353 465 1403 πατε,
499 1340 597 1392 καὶ
641 1341 1053 1411 ἐπιστήσομεν
1090 1345 1198 1397 τόν
1217 1346 1387 1410 νοῦν,
1417 1347 1513 1400 καὶ
1557 1350 1869 1418 γνωσώμει

293 1434 386 1493 θα,
428 1434 486 1483 τί
512 1432 583 1485 τὰ
618 1434 870 1501 ἔσχατα,
898 1437 994 1489 καὶ
1026 1438 1097 1491 τὰ
1129 1440 1515 1507 ἐπερχόμενα,
1548 1459 1598 1495 κ.
1629 1459 1678 1494 τ.
1711 1444 1760 1496 λ.

367 1526 550 1579 Εἰπὼν
582 1527 682 1595 τῆς
738 1530 867 1598 πρὶν
896 1533 1104 1600 ἐρήμου
1132 1533 1229 1603 τὴν
1272 1536 1364 1586 ἐπὶ
1397 1535 1455 1587 τὸ
1496 1539 1739 1606 κρεῖττον
1772 1554 1867 1604 με·

290 1616 549 1688 ταϐολὴν,
602 1619 685 1683 ἐφ’
732 1620 915 1690 ἕτερον
970 1624 1284 1690 μεταϐαίνει
1330 1625 1535 1694 τάγμα,
1575 1626 1603 1678 ὃ
1650 1630 1716 1696 τῇ
1757 1626 1865 1679 τῶν

290 1706 529 1759 εἰδώλων
560 1709 914 1778 ἑγκατέμεινε
962 1712 1156 1781 πλάνῃ,
1198 1712 1271 1782 μὴ
1306 1716 1601 1783 ὲπιστῆσαν
1629 1716 1711 1767 ὅτι
1745 1715 1866 1785 χεὶρ

1969 1263 2111 1315 vobis
2128 1278 2244 1330 qua'
2268 1274 2479 1315 ventura
2508 1274 2650 1326 sunt,
2678 1274 2769 1316 aut
2794 1266 2973 1331 priora
3002 1282 3116 1331 qua:
3144 1274 3314 1327 erant,
3359 1266 3538 1329 dicite,

1975 1362 2022 1405 et
2057 1366 2278 1404 mentem
2311 1353 2655 1416 adrertemus,
2690 1367 2741 1407 et
2784 1369 3147 1424 cognoscemus
3173 1371 3287 1423 qua:
3330 1356 3539 1420 ultima,

1975 1456 2023 1497 et
2053 1460 2168 1513 qua:
2198 1455 2435 1504 ventum,
2463 1454 2566 1498 etc.

2044 1532 2172 1585 Post
2191 1533 2499 1585 absolutum
2525 1532 2591 1585 de
2615 1531 2833 1599 regione
2856 1544 3160 1583 sermonem
3187 1543 3307 1597 qua
3328 1530 3542 1582 deserta

1974 1622 2102 1674 olim
2132 1622 2242 1689 jam
2276 1622 2470 1674 melior
2514 1627 2802 1682 evaserat;
2837 1619 2902 1671 ad
2948 1619 3113 1671 alium
3150 1633 3337 1672 eorum
3397 1634 3542 1673 nunc

1973 1712 2170 1764 transit
2198 1710 2463 1772 ordinem,
2496 1709 2587 1777 qui
2618 1708 2885 1761 idolorum
2914 1723 3098 1762 errore
3126 1708 3360 1759 nondum
3394 1710 3540 1776 posi-

290 1798 499 1866 Κυρξου
533 1799 789 1870 ἐποίησεν
829 1800 1020 1855 ταῦτα.
1080 1804 1244 1854 Οὐδὲν
1280 1800 1374 1857 οὖν
1422 1806 1548 1873 ὑμῖν
1602 1806 1635 1876 ἢ
1694 1808 1862 1859 κατά·
1896 1790 1938 1845 Β
1970 1810 1982 1853 Ι

1848 1834 1862 1845 -
1896 1790 1938 1845 Β
1970 1810 2041 1859 to.
2088 1800 2190 1852 ista
2252 1814 2414 1851 manu
2457 1798 2666 1852 Domini
2725 1798 2865 1850 facta
2900 1812 3021 1851 esse
3075 1798 3382 1868 ignorabat.
3423 1797 3540 1852 Una

288 1904 473 1955 κρισις
522 1888 795 1951 λείπεται,
830 1890 931 1959 τῆς
979 1891 1248 1957 τοσαύτης
1295 1895 1722 1965 ἀναισθητήσασι
1769 1899 1864 1965 χά-

291 1994 458 2046 ριτος.
506 1980 597 2032 Διὸ
648 1981 924 2046 ἐπιλέγειο
962 1982 1254 2051 ’Πγγισαν
1297 1987 1356 2038 αὶ
1403 1986 1625 2048 βουλαὶ
1678 1987 1859 2055 ὑμῶν.

301 2068 446 2119 ἈνεΓ
493 2069 559 2123 οὗ
592 2070 903 2139 Σύμμαχος·
950 2073 1273 2142 Ἐἰογίσατε,
1308 2077 1461 2145 φησὶ,
1522 2078 1592 2130 τὰ
1645 2079 1864 2145 ισχυρὰ

286 2155 475 2223 ὑμῶν.
518 2158 575 2212 '0
608 2160 664 2212 δὲ
714 2162 1046 2216 Θεοδοτξων·
1102 2167 1177 2219 Τὰ
1223 2166 1647 2235 κραταιώματα.
1694 2168 1753 2221 ’0
1807 2170 1863 2222 δὲ

299 2248 537 2312 Ἀκύλας
575 2266 590 2283 ο
656 2251 1007 2319 Ὀστεὼσεις
1047 2265 1091 2291 ι·
1146 2256 1289 2309 τοῦτ’
1339 2257 1474 2321 ἐστι,
1520 2262 1646 2321 τοὺς
1702 2259 1860 2323 θεοὺς

285 2340 444 2409 ὑμῶν
502 2344 583 2404 εἰς
642 2342 704 2397 τὸ
790 2346 955 2414 μέσον
1022 2348 1279 2415 ἀγάγετε.
1352 2348 1537 2414 Οὕτως
1600 2351 1865 2422 ἑρμήνευ-

287 2446 508 2485 σανα...

873 2527 914 2578 Κ
929 2527 1094 2580 ΕΦΛΛ
1106 2567 1121 2581 .
1162 2530 1213 2582 Μ
1223 2530 1293 2583 ιιι.

349 2610 492 2666 (ι’-θ’.
542 2615 754 2668 Ἰακὼϐ
783 2618 815 2669 o'
856 2617 996 2683 παῖς
1020 2637 1162 2685 μου,
1215 2621 1617 2690 ἀναλήψομαι
1655 2622 1862 2678 αὑτοῦ.

300 2702 551 2769 Ἰσραὴλ
594 2705 931 2772 ὁέκλεκτός
957 2726 1098 2777 μου,
1159 2712 1562 2777 προσεδέξατο
1609 2717 1794 2767 αὐτὸν
1826 2715 1865 2781 ἡ

288 2796 462 2863 ψυχή
492 2814 634 2865 μου.
662 2799 897 2853 Ἔδωκα
959 2801 1023 2854 τὸ
1086 2802 1323 2871 πνεῦμά
1348 2821 1465 2871 μου
1518 2805 1610 2857 ἐπ’
1658 2805 1863 2870 αὑτὸν,

289 2886 495 2950 κρίσιν
523 2885 648 2951 τοῖς
684 2886 927 2941 ἔθνεσιν
976 2889 1228 2952 ἐξοίσει·
1262 2894 1334 2945 οὐ
1381 2892 1749 2959 κεκράξεται,
1796 2896 1867 2947 οὐ

289 2974 362 3028 δὲ
387 2974 628 3043 ἀνήσει,
659 2977 803 3032 οὐδὲ
830 2979 1275 3047 ἀκουσθήσεται
1318 2981 1436 3047 ἔξω
1487 2984 1525 3052 ἠ
1567 2985 1870 3053 φωνὴίαὺ-

289 3065 424 3129 τοῦ,
460 3083 516 3120 κ.
541 3083 594 3120 τ.
636 3067 685 3122 λ.
1574 3052 1577 3053 ν
1740 3052 1764 3077 ’

566 3197 581 3211 .
660 3159 1107 3227 προεπήγγελται
1187 3160 1393 3226 λέγων’
1471 3161 1668 3232 ’Λρχὴν
1728 3162 1865 3214 Σιὼν

289 3244 469 3298 δώσω.
507 3246 617 3299 Καὶ
643 3247 774 3300 ποία
800 3264 881 3308 τις
921 3246 1082 3317 αὕτη,
1117 3250 1302 3315 σαφῶς
1331 3252 1676 3317 ἐπενήνοχεν.
1705 3252 1865 3317 Λέγε-

290 3353 383 3389 ται
410 3336 519 3407 γὰρ
542 3338 634 3389 ἐπὶ
663 3337 758 3408 τὴν
800 3337 1125 3407 Ἐκκλησίαν
1146 3341 1226 3401 εις
1248 3340 1419 3407 ἀρχὴν
1447 3341 1714 3405 δεδόσθαι,
1734 3342 1867 3393 καθὸ

290 3428 519 3495 γέγονεν
548 3427 855 3496 ἄνθρωπος,
909 3430 968 3481 τὸ
1003 3430 1139 3482 κατὰ
1171 3430 1387 3482 πάντων
1434 3431 1632 3498 κράτος
1664 3431 1863 3500 λαχών.

290 3518 385 3571 Διὸ
438 3519 531 3571 καὶ
580 3518 779 3571 Ἰακὼὸ
832 3520 1013 3583 αὺτδν,
1054 3519 1129 3581 ὼς
1159 3520 1219 3583 ἐξ
1263 3520 1490 3588 αἵματος
1539 3521 1786 3588 Ἰσραὴλ
1808 3522 1866 3574 τὸ

290 3608 437 3662 κατὰ
467 3608 645 3677 σάρκα
692 3611 957 3676 γεγονότα
992 3610 1162 3662 καλεῖ.
1212 3612 1639 3678 Ἀντιλήψιομιιι
1665 3612 1742 3673 δὲ,
1765 3630 1866 3681 φη-

294 3701 401 3762 σίν,
433 3701 644 3754 αὑτοῦ.
706 3701 1097 3769 Συνειργὰζετο
1150 3702 1257 3771 γὰρ
1298 3704 1326 3754 6
1378 3702 1562 3771 Πατὴρ
1586 3702 1755 3771 αὐτῷ,
1791 3702 1864 3764 ὡς

292 3792 381 3844 διὰ
414 3791 694 3859 δυνάμεως
733 3791 869 3853 ἰδίας
895 3792 1303 3861 μεγαλονργῶν.
1327 3794 1480 3845 Ἐστι
1509 3792 1566 3845 δὲ
1594 3793 1687 3845 καὶ
1715 3794 1863 3848 ἀπό-

289 3881 527 3943 λεκτος,
555 3881 636 3932 ὄτι
661 3879 756 3932 καὶ
786 3881 984 3950 ὡραῖος
1032 3881 1216 3935 κάλλει
1248 3882 1395 3951 παρὰ
1427 3883 1549 3944 τοὺς
1588 3883 1734 3945 υἱοὺς
1759 3883 1866 3934 τῶν

290 3968 618 4036 ἀνθρώπων.
656 3971 766 4021 Καὶ
818 3970 1203 4037 παρὰδεκτος,
1233 3972 1307 4034 ὼς
1340 3972 1712 4041 ὴγαπημένος.
1761 3973 1867 4025 Εὑ-

290 4057 489 4125 δόκησε
514 4058 621 4127 γὰρ
642 4060 671 4109 6
704 4057 892 4127 Πατὴρ
950 4060 1007 4109 ὲν
1042 4058 1189 4127 αὑτῷ
1235 4060 1404 4126 λέγων
1425 4077 1438 4090 ·
1470 4079 1488 4109 ι
1529 4055 1695 4122 Οὗτός
1719 4062 1865 4115 ἐστιν

290 4152 321 4201 6
345 4148 469 4210 Υἱός
503 4166 605 4217 μου
632 4152 659 4202 6
693 4150 997 4217 ἀγαπητὸς,
1055 4152 1113 4203 ἐν
1142 4144 1185 4216 ᾧ
1227 4151 1513 4221 εὐδόκησα.
1548 4172 1567 4201 ι
1611 4152 1867 4221 Χρισθεὶς

292 4240 374 4302 δὲ,
419 4241 559 4291 κατὰ
613 4240 675 4292 τὸ
734 4240 1091 4309 ἀνθρώπινον,
1139 4242 1536 4309 μετεσχηκέναι
1566 4242 1661 4293 τοῦ
1710 4243 1865 4309 ἁγίου

295 4331 615 4399 Πνεύματυς
648 4332 889 4398 λέγεται,
925 4335 1102 4384 καίτοι
1131 4332 1193 4383 τὸ
1230 4332 1471 4399 Πνεῦμα
1508 4331 1734 4397 διδοὺς,
1772 4334 1868 4386 καὶ

1965 1891 2126 1959 igitur
2159 1889 2333 1953 vobis,
2370 1889 2563 1956 inquit,
2598 1898 2842 1956 superest
2895 1886 3294 1950 condemnatio,
3322 1888 3414 1957 qui
3474 1888 3539 1942 ad

1966 1986 2169 2034 tantam
2195 1976 2421 2044 gratiam
2462 1975 2880 2043 ubstupescatis.
2906 1974 3081 2042 Atque
3109 1977 3233 2028 hinc
3264 1986 3365 2040 est,
3396 1976 3543 2044 quod

1965 2067 2450 2134 appropinquarunt
2477 2066 2700 2119 consilia
2734 2077 2904 2119 t'estra
2931 2067 3246 2135 subjungit;
3284 2082 3380 2135 pro
3420 2067 3543 2135 qni-

1965 2160 2065 2213 bus
2096 2160 2508 2226 appropinquate
2541 2159 2704 2226 fortia
2726 2168 2896 2211 vestra
2930 2156 3320 2227 Symmachus;
3352 2158 3538 2225 ﬁrmu-

1970 2262 2142 2303 nteuta
2158 2251 2492 2315 Theodotio;
2517 2250 2821 2315 fulcimenta
2843 2251 3087 2319 Aquilus,
3109 2250 3533 2302 transtulerunt:

1968 2344 2125 2413 quasi
2157 2342 2291 2397 Deos
2324 2342 2377 2396 in
2405 2344 2639 2398 medium
2677 2343 2922 2412 proferre
2967 2342 3216 2411 jubeant.
3245 2339 3335 2395 Sic
3371 2341 3539 2395 inter-

1965 2433 2157 2503 pretati
2186 2440 2335 2491 sunt.
2379 2474 2393 2488 .
2439 2473 2453 2487 .
2498 2472 2514 2487 .
2556 2470 2571 2485 .
2615 2468 2631 2486 .

2562 2520 2714 2576 CAP.
2755 2520 2918 2575 XL".

2037 2612 2193 2684 463
2233 2611 2396 2667 Vens.
2433 2612 2549 2667 1-9.
2602 2611 2770 2666 Jacob
2827 2627 2957 2679 puer
3010 2627 3197 2675 meus,
3261 2610 3541 2677 suscipiant

1965 2721 2116 2768 eunt;
2147 2703 2318 2757 Israel
2344 2705 2535 2758 electus
2570 2721 2736 2764 meus,
2765 2704 2993 2771 suscepit
3030 2718 3148 2755 eum
3195 2702 3372 2753 anima
3406 2715 3540 2754 mea.

1970 2794 2102 2848 Dedi
2145 2796 2388 2862 spiritum
2417 2811 2585 2849 meum
2626 2809 2780 2861 super
2818 2792 3249 2847 cunt.Judicium
3302 2788 3540 2861 gentibus

1968 2884 2169 2939 educet.
2193 2884 2313 2939 Non
2336 2870 2606 2951 clamabit,
2644 2903 2804 2957 neque
2842 2887 3089 2951 dimittet,
3113 2901 3271 2955 neque
3300 2884 3545 2939 audietur

1970 2977 2101 3045 foris
2132 2991 2230 3030 vox
2262 2978 2396 3045 ejus,
2427 2986 2537 3032 etc.

2041 3156 2205 3227 464
2250 3194 2265 3209 .
2311 3195 2325 3210 .
2372 3198 2385 3211 .
2432 3196 2444 3210 .
2500 3156 2888 3211 Praenuntiavit
2936 3155 3124 3209 dicens
3176 3171 3189 3207 :
3254 3151 3542 3221 imperium

1971 3250 2121 3303 Sioni
2158 3251 2319 3302 dabo.
2365 3249 2565 3303 Deinde
2624 3248 2899 3315 quodnam
2964 3245 3095 3299 illttd
3143 3250 3310 3307 esset,
3359 3250 3544 3311 aperte

1969 3341 2169 3394 intulit.
2199 3340 2405 3394 Dicitur
2431 3340 2573 3393 enim
2614 3338 2679 3390 ad
2724 3337 2983 3391 Ecclesiae
3034 3336 3321 3403 imperium
3359 3334 3541 3395 datus,

1969 3442 2236 3500 quatenus
2265 3432 2428 3483 homo
2470 3430 2643 3484 factus
2678 3443 2944 3483 summam
2975 3428 3026 3481 itt
3067 3442 3257 3479 omnes
3303 3434 3543 3495 potesta—

1968 3531 2073 3575 tem
2096 3522 2347 3575 obtinuit.
2382 3521 2563 3589 Itaque
2596 3530 2647 3573 et
2688 3518 2853 3572 Jucob
2907 3520 3105 3586 ipsum,
3141 3527 3395 3586 tanquam
3450 3517 3541 3585 qui

1970 3614 2037 3667 de
2071 3614 2337 3680 sanguine
2363 3610 2538 3665 Israel
2567 3610 2868 3665 secundum
2909 3624 3129 3663 carnem
3162 3617 3320 3661 natus
3375 3617 3543 3671 esset,

1968 3703 2280 3771 appellavit.
2332 3700 2533 3753 Deinde
2586 3700 2868 3765 suscipiam
2924 3712 3042 3750 eum
3092 3696 3309 3763 adjecit.
3371 3692 3545 3747 Simul

1967 3796 2112 3849 enim
2144 3809 2267 3847 cum
2297 3809 2361 3847 eo
2390 3792 2550 3847 Pater
2595 3784 2956 3861 operabatur;
3015 3798 3271 3857 tanquam
3324 3787 3545 3855 propria

1968 3889 2171 3940 virtute
2197 3893 2250 3939 et
2279 3886 2518 3954 potentia
2574 3900 2661 3938 res
2698 3897 2924 3953 magnas
2975 3888 3214 3948 pararet.
3261 3879 3352 3932 Est
3416 3892 3545 3930 vero

1968 3978 2132 4032 etiam
2153 3978 2371 4039 electus,
2435 3984 2693 4042 tanquam
2752 3973 2842 4040 qui
2897 3971 3084 4023 forma:
3133 3964 3545 4037 pulchritudine

1969 4070 2227 4122 mortales
2259 4081 2453 4120 omnes
2477 4072 2868 4132 exsuperaret;
2904 4069 2958 4113 et
2993 4070 3254 4125 acceptus,
3286 4066 3544 4123 tauquam

1968 4161 2060 4229 qui
2101 4160 2433 4225 diligeretur.
2472 4156 2681 4208 Placuit
2715 4155 2860 4208 enim
2908 4151 3079 4213 Patri,
3122 4154 3211 4218 qui
3246 4150 3313 4202 tle
3364 4162 3429 4199 eo
3488 4147 3542 4198 in

1967 4250 2113 4304 hunc
2142 4248 2360 4301 modum
2386 4248 2600 4300 locutus
2636 4259 2759 4300 esse
2782 4244 3015 4312 legitur:
3062 4259 3078 4289 ι
3123 4239 3221 4293 llic
3246 4247 3330 4292 est
3372 4236 3543 4292 Filius

1970 4354 2124 4392 meus
2153 4338 2405 4400 dilectus,
2443 4337 2495 4387 in
2527 4351 2639 4403 quo
2682 4328 3385 4399 complacui"-”.iUnetus
3442 4341 3541 4378 au-

294 4422 539 4488 ἁγιὰξων
570 4423 667 4490 τὴν
690 4423 886 4475 κτίσιν.
951 4421 1310 4475 Βαπτισθέντι
1340 4425 1448 4492 γὰρ
1495 4424 1557 4475 τὸ
1599 4424 1860 4491 Πνεῦμα,
1896 4428 1940 4483 D
1971 4438 1986 4481 t

1848 4464 1860 4487 ο
1896 4428 1940 4483 D
1971 4438 2098 4492 tem,
2131 4427 2429 4482 secundum
2464 4422 2878 4482 humanitatem,
2913 4419 3150 4488 Spiritus
3173 4414 3345 4472 sancti
3377 4415 3540 4467 etiam

294 4515 483 4582 φησὶν,
520 4514 904 4580 ὲπεφοίτησεν.
946 4512 1201 4581 Ἐχρεσθη
1236 4512 1290 4564 δὲ
1305 4515 1507 4581 κρίσιν
1526 4512 1726 4577 ἑξοίσαι
1753 4516 1865 4575 τοῖς
1961 4535 1986 4588 ι]

1850 4531 1865 4575 ῖ
1961 4519 2234 4588 particeps
2259 4532 2381 4572 esse
2419 4515 2661 4579 dicitur;
2706 4525 3014 4581 quanquam
3056 4517 3110 4562 et
3159 4508 3398 4572 spiritum
3430 4502 3542 4555 lar-

291 4605 523 4661 ῑϐνεσιν,
556 4605 585 4657 ὃ
611 4606 727 4655 ἐστι
754 4604 1175 4673 δικαιοκρισίαν.
1201 4604 1529 4657 Δεδικαίωκε
1583 4605 1693 4674 γὰρ
1729 4606 1866 4658 αὐτὰ
1961 4626 1983 4679 g

1847 4606 1866 4658 ἱ
1961 4610 2082 4679 giri,
2116 4624 2238 4662 cum
2269 4617 2448 4662 creata
2480 4606 2804 4667 sanctiliCat,
2845 4603 3080 4655 dicatur.
3118 4598 3172 4652 In
3204 4612 3327 4649 eum
3373 4596 3539 4659 enim,

289 4694 630 4763 κατακρίνας
692 4695 773 4747 τὸν
829 4695 1298 4764 πλεονεκτήσαντα
1347 4696 1614 4757 Σατανᾶν,
1647 4696 1819 4762 λέγων
1849 4711 1863 4725 ’

297 4803 317 4834 ι
356 4785 473 4838 Νῦν
499 4786 678 4855 κρίσις
707 4786 825 4837 ἐστὶ
859 4784 951 4837 τοῦ
1000 4785 1205 4853 κόσμου
1249 4784 1460 4839 τούτου.
1494 4785 1609 4838 Νῦν
1632 4788 1659 4838 6
1688 4786 1870 4854 ἅρχων

289 4874 389 4928 τοῦ
445 4876 655 4943 κόσμον
700 4876 890 4928 τούτου
943 4876 1342 4946 ἐκϐληθήσεται
1390 4879 1514 4943 ἔξω.
1560 4877 1728 4944 Κάγὼ
1775 4879 1891 4930 ἐὰν.

292 4966 496 5033 ὑψωθῶ
519 4968 721 5035 ὲκγῆς,
751 4967 958 5029 πάντας
982 4967 1194 5019 ἑλκύσω
1218 4970 1350 5037 πρὸς
1374 4969 1634 5036 ἐμαυτόν.
1666 4988 1684 5018 ι
1710 4967 1867 5033 Εἶτα,

293 5056 598 5126 ἐπειδήπερ
645 5056 883 5126 ἡσύχως,
911 5059 1005 5109 καὶ
1036 5058 1225 5125 πράως
1253 5059 1345 5110 τὸν
1374 5059 1715 5130 ἀνθρώπινον
1745 5060 1867 5113 διώ-

289 5148 450 5200 δευσε
483 5147 618 5215 βίον.
653 5149 712 5200 ὲν
740 5149 927 5217 ὑφέσει
957 5149 1148 5218 πολλῇ,
1201 5150 1332 5219 μηδὲ
1377 5155 1489 5213 τοῖς
1524 5151 1868 5221 Θραπευομέ-

291 5256 406 5301 νοις
428 5239 701 5307 φανεροῦν
731 5242 1041 5310 ἐπιτρέπων
1075 5242 1259 5307 αὑτὸν,
1282 5245 1400 5295 Οὐκ
1419 5243 1652 5308 ἀνήσει,
1686 5244 1871 5312 φησὶν,

292 5329 438 5383 οὐδέ
463 5330 907 5394 ἀκουσθήσεται
940 5332 1056 5395 ἔξω
1092 5332 1130 5397 ή
1177 5334 1346 5400 φωνὴ
1380 5334 1583 5387 αὐτοῦ.
1621 5334 1872 5401 Οὐδαμοῦ

292 5421 405 5490 γὰρ
429 5420 535 5483 ἔξω
558 5423 657 5492 τῆς
693 5422 951 5486 Ἰουδαίας
976 5425 1069 5477 καὶ
1097 5424 1383 5490 Γαλιλαίας
1403 5423 1871 5497 διέτριψεν.⁷Ηλθε

309 5590 634 5649 "-"Mattlt.
668 5611 749 5659 ιιι,
782 5597 889 5666 Πς
928 5598 1060 5665 uti,
1086 5600 1138 5655 5.
1216 5600 1435 5657 "Joan.
1469 5618 1567 5665 ιιι,
1603 5602 1690 5663 51,
1717 5600 1805 5656 52.

1964 4716 2088 4754 cum
2128 4701 2451 4767 tingeretur,
2480 4700 2575 4758 ait,
2624 4696 2857 4763 Spiritus
2912 4695 3137 4761 illapSus
3179 4696 3285 4745 est.
3330 4685 3542 4741 Unclus

1976 4796 2059 4844 est
2084 4805 2208 4843 vero
2242 4797 2299 4841 ιιι
2328 4789 2481 4856 justo
2507 4787 2713 4854 judicio
2750 4794 2938 4854 gentes
2970 4783 3023 4835 in
3051 4783 3351 4834 libertatem
3386 4792 3539 4831 asse-

1976 4886 2156 4931 reret:
2191 4877 2333 4943 quod
2370 4876 2437 4927 ah
2463 4891 2528 4927 eo
2557 4875 2757 4927 factum
2783 4884 2886 4935 est,
2912 4886 3049 4925 cum
3085 4868 3539 4934 contumeliosum

1973 4979 2029 5023 et
2055 4967 2456 5021 fraudulentum
2488 4965 2744 5019 Satanam
2774 4962 3155 5017 condemnavit
3190 4962 3271 5013 his
3307 4958 3485 5010 verbis
3524 4972 3537 5007 :

1980 5082 1998 5114 ι
2027 5060 2183 5114 Nunc
2220 5058 2488 5129 judicium
2519 5067 2600 5112 est
2647 5058 2807 5125 hujus
2837 5054 3044 5108 mundi.
3083 5051 3238 5105 Nunc
3284 5052 3541 5125 princeps

1974 5152 2137 5220 hujus
2185 5152 2371 5204 mundi
2421 5150 2668 5217 ejicietur
2722 5148 2889 5201 foras.
2927 5146 2987 5198 Et
3016 5159 3135 5213 ego,
3162 5143 3208 5196 si
3269 5142 3540 5196 exaltatus

1976 5242 2130 5295 fuero
2164 5256 2193 5294 a
2227 5250 2390 5302 terra.
2422 5253 2613 5294 omnes
2652 5238 2861 5292 traham
2908 5236 2973 5289 ad
3023 5249 3106 5288 me
3135 5234 3201 5286 “.
3244 5251 3261 5283 ι
3312 5230 3536 5293 Deinde,

1975 5333 2231 5402 quoniam
2265 5331 2473 5400 placide
2524 5339 2577 5385 et
2628 5337 2909 5384 mansuete
2934 5328 3099 5380 vitam
3124 5327 3279 5379 istam
3336 5322 3537 5387 exegit,

1975 5438 2170 5493 magna
2221 5423 2485 5480 modestia
2517 5436 2583 5477 ne
2634 5421 2700 5477 iis
2761 5419 2978 5492 quidem
3018 5432 3156 5489 quos
3226 5422 3534 5477 sanaverat,

1568 5710 1801 5767 VARUE
1844 5709 2243 5766 LECTIONES.

370 5784 391 5815 '
418 5794 504 5847 rp.
539 5779 878 5852 στερεὼσεις.
