4284 6440
305 382 445 445 2369

1374 388 1900 448 COMMENTARII
1949 387 2021 446 IN
2068 388 2344 448 ISAIAM.

3405 389 3547 453 2370

308 493 473 546 λεύων
500 494 665 547 πᾶσιν
708 494 1016 565 άνορῶποις
1049 497 1237 566 ὕμνον
1263 498 1451 565 ᾅδειν,
1490 500 1520 569 ἢ
1567 498 1706 551 κατὰ
1755 498 1879 558 τοὺς
1911 500 1951 554 Α
1981 498 2000 549 ι³

1854 513 1879 558 ς
1911 500 1951 554 Α
1981 496 2101 561 dit;
2139 500 2230 565 qui
2270 497 2542 567 hymnum,
2581 500 2661 554 vel
2703 502 2967 555 canticum
3011 503 3103 571 (ut
3131 506 3311 557 ca‘teri
3360 516 3545 563 trans-

309 582 549 647 λοιποὺς,
577 580 759 653 ᾆσμα·
800 587 986 655 ἐπειδὴ
1015 588 1050 653 ἡ
1084 586 1232 656 ἀρχὴ
1261 589 1424 641 αὑτοῦ
1470 590 1561 640 καὶ
1618 586 1877 656 καθολικὴ

308 672 527 737 ἐξουσία
562 674 687 727 καθ’
718 676 844 746 ὅλης
904 677 1205 745 ἐδοξάσθη
1237 682 1333 748 τῆς
1364 682 1483 748 γῆς.
1520 679 1877 748 Πεπλήρωται

303 765 413 834 γὰρ
442 764 549 817 τῶν
584 766 693 817 άπὸ
743 768 842 837 τῆς
884 770 1122 838 Χριστοῦ
1165 772 1533 841 προσηγορίας
1572 770 1877 839 λεγομένων

303 858 666 926 Χριστιανῶν.
709 860 797 911 Ἐν
846 860 1064 931 καθαρᾷ
1099 862 1156 915 δὲ
1190 862 1392 932 θεωρία
1423 863 1530 915 τῶν
1578 863 1877 931 μελλόντων

301 949 330 1000 6
359 950 643 1017 προφήτης
676 950 947 1014 ἑστιαθεὶς
969 952 1069 1022 τὴν
1100 954 1299 1024 ψυχὴν,
1340 956 1712 1023 συνεορτάζειν
1732 953 1877 1023 αύτῷ

302 1040 395 1091 καὶ
424 1040 552 1099 τοὺς
578 1038 773 1101 ἄλλους
809 1042 1134 1108 παρακαλεῖ,
1174 1044 1281 1095 τῶν
1324 1044 1543 1109 ἀγαθῶν
1576 1043 1877 1109 ὑμνοῦντας

299 1130 359 1180 τὸ
389 1131 582 1183 αἴτιον.
617 1129 1069 1198 Παρηκολούθουν
1097 1134 1207 1203 γάρ
1257 1134 1306 1185 οἱ
1360 1137 1631 1203 προφῆται
1674 1137 1783 1194 τοῖς
1819 1134 1877 1198 ἐξ

300 1219 512 1271 ἑαυτῶν
553 1218 889 1287 λεγομένοις,
918 1221 992 1284 ὡς
1016 1222 1144 1274 ποτε
1187 1224 1283 1291 μὲν
1308 1224 1713 1292 παραιτεῖσθαι,
1744 1226 1875 1276 ποτὲ

296 1309 354 1362 δὲ
387 1310 602 1379 χαίρειν
650 1312 742 1362 ἐπὶ
773 1314 883 1374 τοῖς
919 1313 1070 1382 παρὰ
1120 1314 1254 1367 Θεοῦ
1294 1315 1626 1383 λεγομένοις.
1666 1318 1730 1367 ’⁸0
1781 1315 1875 1366 καὶ

297 1400 394 1453 νῦν
430 1403 631 1470 πάσχει
664 1402 757 1455 τοῦ
788 1404 1041 1471 Σωτῆρος
1072 1405 1171 1474 τὴν
1208 1408 1512 1476 παρουσίαν
1538 1407 1699 1477 ὁρῶν,
1732 1407 1875 1460 διδά-

301 1510 446 1546 σκων
478 1495 594 1563 ἅμα
619 1494 693 1557 ὡς
715 1496 743 1547 ό
775 1497 1150 1565 φανησόμενος
1183 1497 1385 1567 Κύριος
1414 1498 1474 1551 ού
1509 1499 1629 1552 τότε
1660 1499 1874 1569 πρῶτον

296 1584 485 1651 ἄρξει,
528 1584 746 1653 κρατῶν
792 1586 850 1638 δὲ
893 1587 1129 1651 πάντων,
1179 1587 1254 1651 ὼς
1298 1590 1452 1652 Θεὸς,
1494 1589 1587 1641 καὶ
1622 1591 1731 1651 τοῖς
1775 1589 1871 1641 ἐπὶ

297 1674 413 1744 τῆς
468 1675 731 1745 ὑπάρχων
774 1676 1013 1740 τοιοῦτος
1044 1679 1513 1748 φανερωθήσεται,
1560 1697 1874 1749 προκαταρ-

296 1766 502 1832 χόντων
532 1765 698 1817 αὐτοῦ
747 1765 844 1835 τῆς
883 1765 1138 1834 γνώσεως
1173 1769 1281 1821 τῶν
1328 1770 1709 1838 ἐργαζομένων
1742 1772 1873 1822 ἁπο-

300 1855 505 1907 στόλων
530 1856 631 1924 τὴν
655 1856 976 1921 θάλατταν,
1006 1860 1070 1928 ἦν
1095 1858 1285 1912 ἔπλεον
1314 1861 1637 1922 ἁλιεύοντες.
1660 1862 1873 1928 Ιιάινὸς

294 1946 352 1998 δὲ
394 1947 583 2015 ὕμνος
629 1949 696 2017 τῇ
748 1948 859 2000 τῶν
906 1951 1247 2019 πραγμάτων
1298 1953 1499 2024 πρέπει
1545 1956 1870 2021 καινότητι.

295 2039 367 2091 Εἴ
393 2056 477 2101 τις
506 2040 615 2111 γὰρ
647 2043 705 2093 ὲν
738 2041 977 2110 Χριστῷ,
1013 2041 1190 2109 καινὴ
1221 2043 1418 2106 κτίσις,
1456 2044 1550 2097 καὶ
1580 2046 1645 2097 τὰ
1672 2048 1875 2115 ἀρχαῖα

294 2128 605 2199 παρῆλθενο
632 2130 818 2196 γέγονε
847 2129 902 2182 δὲ
932 2131 1109 2184 πάντα
1131 2132 1324 2185 καινά.
1358 2134 1738 2205 ιινευματικῆς
1766 2137 1873 2206 γὰρ

292 2220 563 2283 δουλείας,
596 2222 656 2273 οὐ
694 2221 987 2290 σαρκικῆς,
1014 2224 1158 2276 κατά
1196 2223 1288 2276 τὸν
1334 2225 1567 2295 Ἰσραὴλ,
1603 2226 1869 2297 λελυτρὼ-

297 2310 441 2380 μεθα
463 2330 476 2342 ο
513 2312 611 2365 καὶ
642 2315 764 2366 ἀντὶ
802 2314 1101 2377 πλινθείας,
1135 2314 1243 2368 τῶν
1284 2318 1349 2369 ὲκ
1384 2318 1740 2388 φιλοσαρκίας
1770 2320 1873 2386 ἔξω

294 2402 605 2472 γεγόναμεν
665 2403 1001 2474 μολυσμῶν,
1052 2408 1313 2475 φυγόντες
1364 2409 1463 2461 οὐκ
1510 2411 1871 2478 ἐργοδιωκτὰς

294 2496 631 2560 Αἰγυπτίους
651 2535 665 2557 ,
699 2497 821 2549 οὐδὲ
870 2497 1134 2566 τύραννον
1167 2500 1473 2569 ἄνθρωπον,
1503 2504 1625 2566 τοὺς
1660 2504 1715 2557 δὲ
1747 2524 1873 2559 συν-

293 2584 571 2653 ωθοῦντας
633 2589 713 2649 είς
765 2590 1042 2658 ἁμαρτίαν
1097 2592 1246 2659 ἡμᾶς
1294 2591 1577 2660 δαίμονας,
1630 2597 1722 2648 καὶ⁹
1779 2597 1869 2650 τὸν

292 2674 505 2739 τούτοις
552 2680 892 2747 ἐφεστηκότα
930 2680 1195 2745 διάϐολον,
1247 2683 1321 2745 ὡς
1364 2684 1614 2754 διαϐῆναι
1657 2687 1755 2757 τὴν
1807 2690 1871 2741 ἐκ

292 2766 390 2819 τοῦ
452 2766 569 2836 βίου
624 2768 854 2839 τύρϐην,
886 2770 961 2831 ὡς
994 2771 1316 2838 θάλατταν,
1366 2777 1459 2827 καὶ
1504 2780 1696 2844 φαγεῖν
1750 2781 1871 2833 ἀντὶ

296 2861 493 2926 μάννα,
523 2859 612 2911 τὸν
643 2860 806 2930 ἄρτον
834 2864 923 2913 τὸν
945 2862 1004 2925 ἐξ
1031 2864 1262 2932 ούρανοῦ
1288 2866 1380 2917 καὶ
1409 2864 1556 2935 ζωὴν
1582 2867 1659 2937 τῷ
1682 2869 1871 2941 κόσμῳ

294 2950 609 3019 παρέχοντα
633 2968 647 2981 ·
680 2952 775 3003 καὶ
804 2954 916 3014 τοῖς
939 2955 1001 3005 ὲκ
1025 2954 1259 3023 Χριστοῦ
1289 2956 1388 3024 τῆς
1413 2958 1632 3024 πέτρας
1656 2960 1872 3029 ἐνετρύ-

295 3056 478 3109 φησαν
510 3049 534 3078 α
566 3040 666 3110 μὲν
697 3042 925 3111 νάμασι,
958 3044 1212 3112 τυχόντες
1256 3062 1315 3098 τε
1349 3046 1442 3099 τοῦ
1480 3048 1625 3100 θείου
1671 3050 1869 3119 βαπτί-

1980 587 2253 653 tulerunt)
2291 590 2550 641 mortales
2598 603 2786 643 omnes
2825 607 3011 644 canere
3063 592 3381 660 praeripiat;
3419 612 3543 651 cum

1977 678 2309 742 principatus
2342 678 2486 745 ejus,
2518 693 2846 746 summaque
2879 683 2929 734 in
2962 698 3155 736 omnes
3189 695 3429 752 potestas
3454 701 3547 755 per

1979 769 2167 820 orbem
2196 771 2510 823 universum
2543 770 2895 837 gloriﬁcetur.
2918 772 2986 824 Iis
3015 774 3160 826 enim
3200 785 3348 829 totus
3377 780 3547 829 reler-

1980 862 2066 908 lns
2096 862 2199 916 est,
2231 859 2319 923 qui
2353 856 2419 909 de
2446 856 2649 910 Christi
2684 859 2904 911 nomine
2933 859 3231 914 Christiani
3262 866 3545 931 appellati-

1978 954 2087 1000 tur.
2124 944 2411 1014 Postquam
2437 957 2617 1000 autem
2666 964 2798 1016 pura
2835 964 3017 1001 rerum
3069 950 3373 1005 futurarum
3415 971 3547 1006 cnn-

1979 1037 2325 1104 lemplalione
2381 1039 2622 1089 animum
2660 1054 2818 1091 suum
2878 1042 3097 1109 satiavit
3148 1046 3441 1111 propheta;
3476 1046 3543 1099 ad

1976 1127 2190 1180 easdem
2215 1127 2326 1193 jam
2359 1128 2549 1194 epulas
2572 1136 2621 1179 et
2648 1128 2788 1179 alios
2808 1129 2968 1181 etiam
3000 1130 3215 1195 inritat,
3241 1150 3545 1200 secumque

1976 1214 2244 1268 bonorum
2278 1226 2556 1269 auctorem
2594 1220 2877 1273 celebrare
2936 1223 3277 1277 adhortatur.
3334 1225 3544 1279 Intelli-

1976 1307 2175 1374 gebant
2204 1308 2347 1360 enim
2379 1309 2653 1375 prophetae
2686 1326 2806 1376 qua:
2831 1324 2858 1362 a
2901 1326 2961 1364 se
2993 1313 3350 1381 dicebautur;
3386 1317 3542 1370 inde-

1975 1412 2080 1463 que
2159 1411 2253 1449 eos
2309 1396 2591 1465 deprecari
2647 1400 2963 1467 aliquando,
3027 1402 3320 1470 aliquando
3379 1407 3542 1459 etiam

1975 1488 2271 1556 postulare,
2303 1489 2471 1541 lauari
2498 1490 2735 1557 denique
2768 1510 3164 1561 nonnunquam
3198 1494 3287 1549 Dei
3317 1512 3544 1565 rt-Spon-

1974 1594 2037 1633 so
2067 1579 2254 1633 videas
2293 1598 2306 1632 :
2345 1582 2488 1649 quod
2524 1594 2576 1636 et
2607 1599 2754 1635 nunc
2791 1587 2993 1652 patitur
3028 1586 3217 1648 Isaias,
3265 1588 3357 1654 qui
3388 1603 3541 1640 cout-

1975 1670 2158 1723 munis
2189 1670 2432 1722 omnium
2460 1673 2761 1726 Salvatoris
2793 1676 3085 1728 adventum
3118 1676 3359 1737 intuens,
3389 1692 3543 1730 rum-

1975 1759 2096 1812 dem
2166 1762 2350 1824 simul,
2417 1778 2541 1814 cum
2611 1766 2913 1832 apparebit,
2966 1781 3073 1818 non
3126 1775 3239 1819 tum
3309 1768 3542 1835 primum

1977 1852 2249 1918 imperium
2313 1868 2474 1905 suum
2533 1856 2988 1922 auspicaturnm,
3045 1858 3163 1918 sed,
3218 1857 3310 1925 qni
3379 1856 3539 1927 471

1976 1944 2220 1996 omnium
2254 1944 2492 2012 potiatur
2522 1954 2780 2012 tanquam
2822 1946 2985 2010 Deus,
3016 1947 3081 2000 iis
3129 1950 3315 2011 etiam,
3362 1954 3455 2016 qui
3486 1950 3542 2001 in

1976 2046 2118 2090 terra
2155 2046 2468 2100 versantur,
2502 2039 2662 2090 talem
2696 2056 2754 2093 se
2781 2041 3062 2107 prmlihata
3106 2042 3188 2095 sui
3222 2041 3539 2109 cognitione

1974 2144 2068 2197 per
2100 2131 2397 2197 apostolos,
2431 2131 2518 2198 qui
2558 2130 2906 2198 piscatoriam
2940 2131 3105 2184 vitam
3142 2140 3363 2200 agentes
3392 2146 3539 2184 mare

1976 2223 2275 2292 fatigabant
2305 2224 2371 2285 ⁷³,
2402 2236 2753 2277 ostensurum
2779 2223 2961 2277 docet.
2998 2223 3163 2277 Dei-et
3195 2239 3324 2277 vero
3354 2239 3537 2277 rerum

1975 2316 2255 2368 novitatem
2286 2325 2335 2367 et
2360 2314 2540 2381 hymni
2570 2330 2785 2383 quoque
2815 2318 3038 2368 novitas.
3074 2314 3129 2368 Si
3161 2316 3286 2383 quis
3309 2318 3450 2368 enim
3485 2316 3539 2370 in

1973 2405 2191 2460 Clu-isto
2223 2414 2327 2466 est.
2354 2416 2601 2459 creatura
2644 2423 2777 2459 nova
2812 2418 2927 2471 est;
2962 2408 3367 2475 antiquatisque
3392 2417 3540 2461 vete-

1975 2499 2147 2559 ribus,
2175 2514 2305 2550 nuva
2334 2494 2409 2551 illi
2446 2497 2629 2551 omnia
2662 2497 2918 2549 abierunt
2948 2498 3015 2551 ⁷³.
3051 2497 3335 2566 Spirituali
3368 2500 3542 2568 siqui-

1974 2590 2120 2653 dem,
2163 2606 2270 2643 non
2295 2590 2501 2643 carnali
2530 2590 2815 2649 servitute,
2855 2597 2911 2640 ut
2939 2589 3104 2643 Israel
3143 2592 3408 2657 redempti
3448 2606 3539 2644 su-

1973 2698 2095 2735 mus
2126 2699 2140 2745 ;
2177 2697 2354 2750 neque
2396 2682 2621 2734 lati-rum
2661 2681 3032 2745 confectione,
3077 2681 3170 2735 sed
3200 2683 3384 2736 carnis
3418 2682 3540 2734 ille-

1972 2774 2150 2827 cebris
2174 2774 2712 2841 inquiunmcntisque
2739 2775 2978 2840 liberati,
3004 2790 3107 2827 non
3135 2775 3293 2827 modo
3316 2788 3538 2842 operum

1972 2875 2255 2921 exactores
2277 2866 2581 2935 Egyptios,
2604 2875 3004 2937 tyrannumque
3031 2867 3229 2934 ipsum,
3251 2868 3341 2920 sed
3366 2870 3540 2921 malos

1972 2958 2267 3021 daemones,
2288 2974 2586 3026 eorumque
2606 2960 2928 3026 principem,
2955 2974 2983 3011 a
3006 2961 3208 3027 quibus
3233 2960 3298 3013 ad
3326 2962 3533 3013 scelera

1973 3049 2339 3117 rapiebamur,
2376 3048 2697 3115 ell'ugimus;
2732 3050 2961 3117 vitaque
3013 3050 3196 3115 istius,
3269 3061 3533 3119 tanquam

295 3147 502 3199 σματος
538 3131 629 3183 τὸν
671 3133 940 3204 Ἰορδάνην
968 3134 1244 3204 διέϐημεν,
1294 3138 1372 3199 εἰς
1403 3138 1505 3206 γῆν
1544 3141 1869 3206 εἰσελθόντες
1898 3156 1940 3215 C
1975 3158 1987 3193 ι

1847 3156 1940 3215 ςα
1975 3141 2138 3193 maris
2192 3146 2569 3207 tempestatem
2629 3139 2932 3192 incolumes
2976 3140 3287 3204 evasimus;
3339 3151 3391 3195 et
3443 3155 3539 3210 pro

292 3222 394 3292 τὴν
426 3225 537 3285 τοῖς
581 3224 751 3290 ἁγίοις
787 3225 1224 3297 ἐπηγγελμένην,
1254 3229 1322 3299 ἦν
1355 3231 1403 3282 οἱ
1442 3233 1871 3304 μακαριζόμενοι

294 3312 697 3383 κληρονομοῦσι
753 3320 979 3385 πραεῖς·
1039 3316 1123 3386 ἐφ’
1172 3314 1250 3382 οἷς
1308 3320 1415 3374 ἔδει
1471 3324 1724 3390 γενέσθαι
1780 3328 1871 3381 τὸν

294 3406 489 3473 ὕμνον
517 3406 635 3476 Θεῴ
668 3410 826 3477 παρὰ
857 3407 966 3475 τῆς
995 3410 1188 3478 ἀρχῆς
1207 3412 1414 3478 αὐτοῦ,
1438 3414 1546 3467 τῶν
1569 3416 1596 3468 ύ
1612 3419 1659 3468 π’
1682 3417 1867 3483 αὐτοῦ,

292 3496 440 3550 καθά
473 3498 607 3564 φασί
638 3514 803 3563 τινες,
832 3500 1147 3569 ἀρχομένων
1169 3504 1230 3555 οὐ
1276 3507 1415 3557 κατὰ
1444 3507 1541 3575 τὴν
1589 3507 1865 3575 Ἰουδαίαν,

293 3589 435 3640 κατὰ
463 3588 519 3640 δὲ
554 3591 738 3642 πᾶσαν
772 3590 888 3657 τὴν
924 3590 1059 3660 γῆν.
1108 3594 1183 3644 Οὐ
1225 3594 1333 3665 γάρ
1363 3596 1438 3659 ὠς
1482 3597 1650 3650 πάλαι
1712 3601 1770 3652 ὲν
1800 3602 1865 3670 τῇ

304 3676 536 3749 Ἰουδαία
558 3679 796 3746 γνωστὸς
821 3682 848 3733 ό
882 3682 1084 3751 Κύριος
1102 3722 1116 3746 ,
1156 3684 1250 3735 καὶ
1276 3686 1332 3736 ὲν
1367 3685 1511 3755 μόνῳ
1535 3687 1613 3755 τῷ
1656 3688 1871 3759 Ἰσραὴλ

290 3770 354 3823 τὸ
384 3770 555 3839 ὄνομα
582 3770 769 3826 αὐτοῦ.
805 3773 1023 3843 Πλήρης
1052 3774 1105 3826 δὲ
1137 3774 1231 3827 νῦν
1265 3777 1293 3828 ό
1331 3777 1558 3847 οὐρανὸς
1607 3781 1698 3831 καὶ
1731 3782 1763 3850 ὴ
1796 3782 1865 3852 γῆ

290 3860 392 3929 τῆς
420 3859 576 3928 δόξης
598 3860 787 3917 αὑτοῦ.
820 3863 927 3914 Καὶ
963 3863 1125 3916 Δαϐιδ
1157 3864 1213 3917 δέ
1246 3882 1406 3935 φησι·
1445 3867 1865 3940 Πληρωθήσεται

287 3952 391 4021 τῆς
421 3951 579 4021 δόξης
610 3953 773 4006 αὑτοῦ
801 3955 952 4007 πᾶσα
986 3957 1019 4025 ὴ
1054 3955 1149 4025 γῆ.

1977 3245 2198 3294 manna,
2229 3244 2418 3296 panem
2452 3229 2518 3281 de
2543 3228 2706 3292 caelo,
2735 3229 2824 3297 qui
2865 3228 3069 3282 mundo
3104 3230 3271 3282 vitam
3310 3233 3533 3299 praebet,

1976 3324 2189 3377 edimus
2216 3324 2281 3374 ⁷⁵.
2314 3322 2429 3375 lmo
2460 3330 2513 3374 et
2542 3321 2818 3383 Iaticibus,
2854 3322 2946 3389 qui
2996 3322 3063 3375 de
3118 3324 3426 3390 petra"‘,id
3452 3330 3538 3376 est

1975 3413 2215 3475 Christo,
2254 3420 2563 3475 manarunt,
2596 3412 2661 3464 at!
2687 3412 2913 3467 delicias
2944 3427 3116 3481 usipie
3157 3413 3286 3481 poti,
3316 3422 3538 3466 sancto-

1975 3522 2081 3576 que
2109 3506 2435 3575 baptismate
2466 3504 2664 3565 abluti,
2697 3504 2927 3571 trajecto
2961 3501 3199 3556 Jurilane
3224 3505 3276 3557 in
3304 3505 3539 3572 promis.

1975 3614 2091 3653 sam
2128 3608 2325 3652 terram
2357 3595 2782 3666 penetravimus,
2818 3610 2981 3659 quam
3013 3595 3106 3663 qui
3153 3595 3295 3650 beati
3339 3594 3539 3663 praedi-

1972 3700 2188 3752 cantur,
2220 3690 2378 3741 mites
2423 3694 2840 3755 consequuntur
2868 3688 2932 3741 ".
2994 3686 3236 3751 Quorum
3293 3688 3535 3750 nomine.

1970 3781 2221 3850 hymnum
2261 3778 2368 3830 Deo
2397 3777 2460 3830 ab
2486 3779 2599 3846 ejus
2632 3779 2955 3846 principatu,
2991 3778 3041 3830 ἰιΙ
3072 3786 3181 3839 est,
3202 3787 3260 3830 ut
3291 3778 3537 3831 nonnulli

1969 3880 2183 3942 putant.
2206 3869 2273 3923 ab
2296 3870 2416 3935 ejus
2439 3869 2694 3930 subditis,
2722 3882 2829 3920 non
2855 3867 2908 3919 in
2930 3865 3138 3931 Iudaea,
3166 3866 3256 3920 sed
3285 3866 3535 3920 universa

1969 3971 2133 4021 terra,
2169 3958 2379 4013 cantari
2411 3957 2611 4011 decuit.
2640 3954 2755 4009 Non
2795 3957 2963 4017 enim,
2991 3964 3049 4009 ut
3091 3958 3221 4009 olim
3265 3955 3318 4009 in
3351 3954 3535 4009 ludam

290 4056 460 4101 notus
494 4047 759 4103 Dominus
792 4049 871 4113 ⁷⁷,
898 4050 978 4103 sic
1005 4059 1057 4104 et
1097 4064 1246 4105 nunc
1292 4050 1345 4105 in
1398 4052 1600 4107 Israele
1658 4062 1866 4109 tantum
1908 4056 2223 4111 celebratur
2255 4067 2451 4105 nomen
2486 4051 2628 4117 ejus,
2663 4052 2756 4103 sed
2793 4050 3041 4117 ejusdem
3106 4051 3267 4105 laude
3335 4051 3538 4106 celum

286 4146 347 4191 et
383 4145 551 4202 terra,
592 4135 792 4193 Davide
814 4148 975 4201 teste,
1014 4140 1342 4206 redundant,
1384 4140 1475 4210 qui
1525 4141 1644 4210 ejus
1692 4143 1861 4211 gloria
1903 4154 2102 4199 terram
2135 4156 2349 4196 omnem
2383 4140 2641 4208 repletam
2678 4138 2743 4190 iri
2779 4139 3103 4192 vaticinatus
3123 4147 3200 4192 est
3236 4139 3303 4189 ⁷⁸.

362 4228 521 4292 Τίνες
551 4229 607 4282 δὲ
638 4230 685 4281 oi
721 4229 846 4292 τοὺς
881 4229 1104 4300 ᾅδοντας
1126 4231 1216 4283 τὸν
1243 4231 1452 4284 καινόν
1474 4232 1665 4299 ὕμνον
1694 4234 1874 4286 ἱστάν-

288 4336 405 4386 τες,
442 4321 536 4373 καὶ
570 4320 707 4390 πρὸς
742 4321 902 4390 χορὸν
939 4321 1339 4389 συγκαλοῦντες
1370 4324 1776 4393 πνευματικῶς
1808 4327 1871 4379 ΟΞ

287 4412 389 4479 τὴν
414 4411 720 4465 θάλατταν
758 4410 1045 4476 πλέοντες
1078 4411 1166 4463 διὰ
1194 4412 1291 4481 τὴν
1323 4413 1518 4483 τέχνην
1557 4414 1865 4468 ἀπόστολοι.

288 4504 405 4556 Καὶ
434 4504 515 4555 ὅτι
546 4504 643 4570 τὴν
664 4501 787 4555 καθ’
811 4504 957 4573 ἡμᾶς
981 4504 1362 4572 περιπλέοντες
1386 4503 1561 4558 arma:
1578 4522 1707 4567 ταν,
1737 4506 1867 4559 ποτὲ

291 4593 398 4662 μὲν
436 4594 506 4646 ἐν
530 4595 748 4660 νήσοις
786 4596 1104 4664 ἐκήρυττον,
1140 4594 1270 4646 ποτὲ
1298 4594 1351 4647 δὲ
1369 4594 1467 4664 τῆς
1509 4595 1735 4658 Ἰταλίας
1774 4598 1868 4649 καὶ

301 4683 582 4745 Ἱσπανίας
624 4684 902 4739 ἐπέκεινα.
933 4685 1201 4738 Ἕπλεον
1252 4684 1309 4737 δὲ
1339 4687 1433 4738 καὶ
1478 4686 1569 4739 τοῦ
1622 4687 1737 4757 βίου
1768 4689 1866 4757 τὴν

288 4775 618 4841 θάλατταν,
646 4775 717 4828 ἐν
750 4775 967 4841 νήσοις
1008 4779 1127 4839 ταῖς
1169 4776 1278 4828 τῶν
1324 4776 1493 4830 ἐθνῶν
1522 4779 1871 4847 Ἐκκλησὶαις

288 4866 659 4937 κηρύττοντες
706 4865 802 4919 τοῦ
867 4867 981 4936 βίου
1033 4869 1130 4931 τὰς
1177 4869 1500 4938 προσϐολὰς,
1542 4871 1616 4934 ὼς
1650 4871 1871 4941 κύματα

289 4958 595 5028 φερούσαις
623 4960 718 5010 καὶ
770 4958 1078 5027 πνεύματα,
1120 4960 1249 5030 περὶ
1293 4954 1359 5031 ἧς
1394 4976 1558 5029 φησιν
1604 4964 1630 5016 ὁ
1674 4962 1865 5014 Δαϐίδ·

295 5068 314 5102 ι
341 5048 491 5117 Αὕτη
542 5050 575 5119 ἡ
623 5047 869 5101 θάλασσα
904 5050 936 5117 ἡ
993 5050 1203 5119 μεγάλη
1241 5050 1333 5103 καὶ
1366 5051 1693 5122 εὐρύχωρος,
1725 5071 1743 5103 ι
1781 5053 1873 5106 καὶ

286 5139 361 5193 τὰ
380 5140 592 5203 τούτοις
626 5141 889 5209 ἑπόμενα.
924 5140 1079 5192 Ἐπεὶ
1099 5143 1193 5194 καὶ
1213 5140 1307 5193 τοῦ
1332 5140 1446 5210 βίου
1476 5144 1542 5196 τὰ
1572 5143 1873 5213 πράγματα

285 5231 355 5284 τὸ
382 5230 733 5301 ἀστάθμητον
766 5230 978 5300 ἔχοντα,
1011 5232 1123 5286 ἄνω
1160 5233 1309 5287 κάτω
1342 5232 1600 5303 συγχύσει
1638 5236 1867 5286 κινεῖται

288 5324 487 5394 πολλῇ,
520 5326 587 5394 ἢν
620 5322 973 5377 διαπλέουσιν
1021 5326 1068 5377 οἱ
1102 5324 1178 5393 μὴ
1218 5325 1353 5394 πρὸς
1394 5325 1563 5393 αὐτῆς
1613 5324 1869 5393 βαπτιζό-

292 5433 472 5487 μενοι,
497 5416 608 5470 τῶν
644 5418 701 5471 δὲ
729 5416 937 5487 ταύτης
976 5417 1238 5487 κυμάτων
1289 5418 1739 5491 ὕπερανέχοντες,
1779 5419 1873 5489 δη-

360 5529 407 5560 ⁷³
441 5528 631 5582 Matth.
668 5543 741 5591 Iv,
768 5528 852 5582 18.
930 5528 974 5561 ⁷⁸
1004 5528 1043 5582 II
1072 5528 1197 5583 Cor.
1230 5547 1293 5591 ν,
1319 5531 1406 5583 I7.

285 5616 451 5662 uxr,
482 5600 538 5653 ε.
615 5597 661 5630 ⁷⁸
692 5597 836 5654 Psal.
868 5613 1089 5665 exuuii,
1138 5601 1190 5668 4,
1213 5600 1260 5656 7.
1292 5600 1338 5633 "
1373 5598 1519 5657 Psal.
1554 5615 1670 5664 CIII,
1701 5600 1791 5654 25.

1516 5530 1562 5561 "
1591 5528 1746 5583 Joan.
1778 5544 1851 5594 vi,
1879 5528 2060 5591 3|,‘53.
2085 5526 2143 5557 ⁷⁸“
2165 5523 2321 5580 ιῦσιιι.
2359 5538 2412 5587 ι,
2438 5524 2491 5587 5,
2524 5522 2575 5576 4.

2052 4233 2274 4297 Verum,
2312 4232 2535 4300 quinam
2560 4238 2708 4291 sunt,
2741 4232 2832 4298 qui
2868 4229 3031 4281 allato
3076 4245 3201 4282 novo
3238 4227 3429 4299 hymno
3471 4227 3536 4282 ad

1978 4322 2262 4392 spirituale
2304 4320 2599 4386 tripudium
2644 4317 3038 4371 cohortantur?
3078 4317 3319 4385 Apostoli
3373 4318 3536 4371 nimi-

1976 4428 2119 4476 rum,
2160 4411 2251 4479 qui
2292 4410 2573 4478 navigandi
2615 4409 2805 4476 peritia
2847 4423 2993 4459 mare
3027 4415 3380 4477 superarunt.
3433 4406 3538 4470 Qui

1976 4519 2122 4557 mare
2151 4501 2351 4555 deinde
2383 4500 2543 4554 nobis
2573 4500 2966 4553 circumfusum
3002 4499 3342 4560 oberrantes.
3373 4496 3534 4553 Chri-

1972 4606 2115 4651 stum
2147 4592 2365 4662 quidem
2412 4592 2550 4645 alias
2596 4590 2650 4642 in
2718 4590 2930 4653 insulis,
2989 4591 3125 4643 alias
3178 4590 3341 4643 etiam
3396 4590 3538 4641 ultra

1967 4682 2197 4747 Italiam,
2236 4682 2483 4747 ultraque
2531 4676 2846 4746 Hispaniam
2881 4676 3320 4745 prcinulgarunt.
3370 4672 3539 4727 Navi-

1967 4783 2161 4846 garunt
2193 4787 2322 4827 vero
2356 4779 2409 4824 et
2450 4771 2573 4822 vita:
2606 4769 2765 4822 istius
2794 4769 3031 4835 pelagus,
3079 4768 3206 4822 dum
3260 4766 3538 4819 Ecclesias

1968 4868 2233 4939 gentium,
2259 4880 2379 4935 qua:
2402 4864 2527 4915 vita:
2558 4861 2721 4929 hujus
2747 4862 3057 4923 insultibus,
3086 4870 3343 4929 tanquam
3374 4857 3536 4911 undis

1969 4969 2024 5013 et
2049 4960 2245 5018 ventis,
2276 4955 2690 5025 quatiebantur,
2726 4954 2778 5005 in
2814 4953 3009 5005 insulis
3050 4952 3393 5005 docuerunt:
3427 4961 3538 5016 quo

1970 5051 2038 5105 de
2065 5058 2118 5105 et
2159 5048 2247 5102 illa
2279 5054 2411 5101 sunt
2442 5045 2664 5101 Davidis
2693 5064 2706 5099 :
2739 5063 2756 5096 ι
2825 5043 2939 5097 Hoc
2983 5057 3132 5097 mare
3182 5054 3439 5107 magnum
3482 5044 3536 5093 et

1972 5147 2273 5217 spatiosum
2310 5142 2374 5206 "’,
2422 5158 2440 5191 ι
2476 5148 2783 5207 caeteraque
2821 5150 2940 5206 qua!
2970 5141 3295 5204 sequuntur.
3325 5131 3535 5185 Incerta

1971 5238 2167 5293 deinde
2217 5243 2271 5289 et
2321 5231 2693 5288 inconstantia
2746 5240 2872 5284 sunt
2921 5229 3087 5297 hujus
3145 5227 3265 5280 vita:
3293 5223 3532 5294 negotia,

1972 5338 2280 5394 magnaque
2327 5337 2427 5377 nos
2478 5319 2803 5374 confusione
2849 5333 3066 5373 sursum
3108 5316 3365 5369 deorsum
3426 5311 3537 5376 agi-

1973 5424 2113 5482 tant,
2143 5416 2340 5487 quibus
2368 5428 2425 5467 se
2453 5412 2551 5467 soli
2580 5412 2877 5482 explicant,
2912 5409 3005 5478 qni
3042 5408 3150 5461 illis
3182 5406 3343 5478 £72
3393 5416 3535 5455 nun-

2725 5520 2768 5552 "
2804 5517 2993 5572 Matth.
3028 5532 3078 5581 ν,
3118 5517 3169 5571 4.
3317 5515 3358 5544 ⁷⁷
3386 5508 3531 5566 Psal-

1577 5710 1811 5767 "ARIIE
1850 5708 2009 5765 I.l".C'I
2029 5707 2249 5765 IONES.

366 5787 386 5811 '
412 5784 497 5837 Ῑσ.
540 5781 929 5853 Ξνςτρόῖημιν.
