4284 6440
299 407 445 471 23ΐᾶ

1386 528 1408 542 ι*

1429 416 1488 471 Ct
1503 414 1963 473 lfiiSlEN'l‘Allll
2007 413 2086 472 IN
2130 415 2327 473 lSAlA
2340 414 2413 471 Μ.

3389 407 3529 471 Ξ3Ηε

295 534 344 584 ut
375 532 509 585 θεῖοι
550 529 805 599 γεγόνασι
842 529 1136 598 μάρτυρες.
1178 527 1235 579 Ὀ
1267 528 1322 581 δὲ
1376 528 1555 593 ζῆλος
1599 531 1659 581 οὐ
1692 528 1862 590 πάθος
1895 533 1934 585 Λ
1969 543 1987 578 r

1837 544 1862 590 ;
1895 533 1934 585 Λ
1969 543 2197 581 rursus:
2227 546 2244 578 ι
2276 526 2402 579 Mihi
2430 527 2573 579 enim
2609 537 2660 581 et
2689 525 2869 580 vivere
2899 525 3154 582 Christus
3189 534 3293 594 est,
3321 538 3374 583 et
3394 533 3529 584 muri

296 621 454 681 Θεοῦ,
485 622 577 672 ἐπὶ
617 620 670 671 δὲ
722 621 848 680 τοὺς
889 619 1281 687 ἡμαρτηκότας
1313 619 1612 685 ἐκδίκησις.
1655 620 1741 679 Ὠς
1774 619 1866 669 ἐπὶ

300 710 597 780 πολεμικοῦ
622 710 678 763 δὲ
705 708 1039 777 ἀλαλαγμοῦ,
1069 709 1240 761 καὶτὸ
1269 708 1561 775 ,ϐοήσεται
1603 710 1695 761 ἐπὶ
1730 710 1865 774 τοὺς

297 799 550 867 ἐχθροὺς
579 800 901 867 ἐπενήνοχεν
924 814 935 826 ·
972 798 1000 850 ὃ
1022 798 1083 866 δὴ
1112 797 1409 866 ποιοῦσινῆ
1447 798 1863 865 συμϐάλλοντες,

295 889 328 957 ἦ
379 888 809 958 κατορχούμενοι
854 888 963 940 τῶν
996 890 1333 959 ἡττημένων.
1377 884 1511 942 Εἶτα
1544 890 1639 960 τὴν
1669 891 1866 959 πολλὴν

296 980 389 1030 ἐπὶ
412 984 522 1041 τοῖς
567 980 775 1032 ἔθνεσιν
798 979 1184 1049 εἰδωλολατροῦ
1198 998 1245 1033 τι
1281 982 1662 1051 μακροθυμίαν
1694 983 1866 1051 δηλῶν

299 1073 625 1141 ἐπενήνοχεν
646 1088 659 1101 ·
708 1073 1075 1138 Ἐσιώαησα,
1102 1074 1188 1141 μὴ
1215 1076 1307 1128 καὶ
1334 1077 1421 1129 ἀεὶ
1453 1078 1867 1146 σιωπήσεμηω

304 1160 500 1212 Ἤθελε
541 1161 640 1229 μὲν
686 1164 796 1233 γὰρ
847 1164 939 1215 καὶ
975 1164 1139 1217 πάλαι
1199 1166 1463 1235 ῥύσασθαι
1496 1168 1717 1230 τούτους
1771 1170 1865 1222 τοῦ

300 1249 533 1301 Σατανᾶ.
559 1250 664 1301 Τὸν
691 1249 747 1302 δὲ
777 1252 1119 1321 προσήκοντα
1148 1254 1333 1323 καιρὸν
1365 1258 1673 1324 περιέμενε,
1704 1260 1865 1327 μέχρι

296 1339 385 1392 διὰ
415 1340 649 1410 Χριστοῦ
672 1341 778 1393 τῶν
802 1344 947 1410 ἡμᾶς
972 1344 1328 1411 νενικηκότων
1346 1349 1864 1414 κατεστρατεύσατο.

301 1429 471 1480 Τοῦτο
495 1428 552 1480 δὲ
577 1429 638 1480 τὸ
662 1429 995 1495 ἐσιώπησα,
1024 1432 1115 1483 καὶ
1135 1432 1227 1483 ἐπὶ
1247 1432 1338 1484 τοῦ
1356 1435 1615 1501 λεγεώνος
1639 1438 1867 1506 ἁρμόσει

296 1518 393 1570 τοῦ
444 1519 594 1588 παρα
652 1520 777 1581 τοὺς
816 1520 1020 1586 τάφους
1076 1522 1393 1576 ἀποκτεῖναι
1449 1525 1538 1578 τὸν
1586 1526 1868 1597 ἄνθρωπον

300 1608 655 1678 ἐθελήσαντος
675 1624 687 1637 ·
722 1610 815 1662 καὶ
835 1611 926 1662 ἐπὶ
959 1612 1054 1678 τῆς
1078 1612 1303 1665 καθόλου
1325 1620 1576 1685 κρίσεως,
1604 1618 1866 1689 ἡνίκαπερ

297 1702 594 1753 ἀποδίδωσι
639 1703 708 1754 τε
746 1704 882 1772 πρός
925 1704 1080 1770 ἀξίαν
1128 1707 1362 1776 ἑκάστῳ.
1399 1709 1507 1777 Τὴν
1556 1712 1686 1781 περὶ
1724 1715 1868 1782 ἡμᾶς

295 1792 351 1845 δὲ
410 1793 577 1861 φειδὼ
628 1796 925 1865 παρίστησι
978 1797 1068 1849 τοῦ
1118 1798 1274 1861 Θεοῦ,
1333 1800 1392 1852 τὺ
1440 1803 1539 1871 τὴν
1588 1805 1861 1875 ἡμετέραν

295 1886 477 1939 οἱονεὶ
542 1888 818 1959 σωτηρίαν
873 1886 1108 1942 ὠδίνειν
1164 1890 1261 1953 τὰς
1314 1893 1421 1945 τῶν
1487 1896 1859 1965 ὑποκειμένων

295 1977 666 2046 οἰκειούμενον
711 1978 919 2045 φύσεις,
953 1980 1027 2042 ὡς
1082 1982 1150 2033 τὰ
1198 1982 1392 2049 ἔκγονα
1446 1985 1728 2049 ὠδίνουσα,
1766 1990 1858 2041 καὶ¹

295 2067 467 2119 ταῦτα
497 2068 725 2137 μηδενὸς
757 2070 1036 2131 ποιοῦντος
1083 2075 1424 2142 χρηστότητα
1453 2080 1591 2129 κατὰ
1620 2080 1708 2129 τὸν
1756 2083 1861 2131 Δα-

296 2160 413 2211 6ίδ’
448 2160 523 2211 Ui;
558 2162 1088 2229 κατοιήσωε-ῐτοίνυν
1116 2165 1182 2216 δι’
1213 2166 1857 2238 άγάπηνιμακροθυμῶν,

294 2247 368 2310 ὡς
423 2248 607 2317 ἐκείνη
667 2250 954 2318 πάσχουσα
994 2252 1200 2303 τέκνων
1249 2253 1444 2319 ἐλπίδι,
1480 2256 1706 2323 ἠρεμεῖν
1762 2258 1859 2325 μὲν

294 2339 691 2410 παραγγέλλων
708 2344 817 2404 τοῖς
847 2342 1093 2404 πάθεσιν,
1119 2346 1467 2413 πήγαξούσας
1490 2347 1543 2399 δὲ
1564 2346 1863 2414 ξηραίνων

296 2430 391 2492 τὰς
420 2432 635 2497 ἡδονὰς,
676 2434 933 2503 τοιαύτην
982 2436 1165 2497 αὐτοῖς
1214 2436 1535 2505 προσάγων
1578 2440 1663 2491 διὰ
1696 2458 1861 2509 μετα-

296 2523 445 2585 νόίας
472 2524 581 2576 ἀπὸ
612 2524 720 2577 τῶν
756 2526 973 2580 ἀτόπων
997 2527 1093 2595 τὴν
1122 2528 1394 2583 ἔκστασιν.
1413 2530 1533 2593 Πῶς
1559 2532 1663 2601 γὲερ
1692 2534 1758 2586 ἄν
1781 2550 1862 2595 τις

300 2616 657 2684 μετανοήσειε
712 2617 786 2685 μὴ
816 2619 1119 2683 καταγνοὺς
1145 2619 1361 2685 ἑαυτοῦ,
1394 2623 1486 2673 καὶ
1519 2622 1627 2675 τῶν
1668 2623 1863 2693 προτέ-

302 2719 408 2772 ρων
439 2706 821 2775 παυσάμενος;
867 2709 1005 2761 κατὰ
1031 2708 1118 2761 τό·
1166 2728 1183 2761 ι
1229 2711 1347 2765 ”()τ’
1382 2710 1447 2763 ἂν
1498 2714 1865 2785 ἀποστραφεὶς

300 2797 602 2863 στενάξεις,
667 2799 789 2851 τότε
840 2799 1079 2871 σωθήσῃ.
1115 2819 1133 2853 ι
1186 2802 1357 2855 Τοῦτο
1401 2804 1456 2856 δὲ
1502 2807 1697 2869 πᾶσιν,
1742 2808 1865 2860 ὅσον

298 2887 386 2952 ἐφ’
415 2886 614 2956 ἐαυτῷ,
648 2888 881 2957 Χριστὸς
936 2891 1281 2960 ἐπιδημήσας
1315 2893 1605 2963 εἰργάσατο
1628 2872 1717 2946 ’ἐξ
1771 2896 1866 2949 καὶ

299 2977 521 3042 τυφλοί
539 2994 703 3041 τινες,
733 2977 827 3030 τοῦ
848 2979 1024 3044 φωτὸς
1051 2980 1338 3049 παρόντος,
1370 2982 1643 3051 διαμένειν
1669 2984 1867 3036 ἐσπού-

296 3064 468 3117 δασαν
528 3066 664 3136 πρὸς
704 3069 829 3130 τοὺς
875 3069 1051 3131 θείους
1099 3070 1608 3140 ἐθελοκωφήσαντες
1655 3074 1863 3141 λόγους,

1971 621 2200 672 lucrum.
2251 634 2269 667 ι
2351 616 2477 669 Zeto
2510 633 2636 671 vero
2668 616 2966 686 ﬂagrarttut
2996 628 3051 672 et
3073 620 3210 672 |.cati
3244 629 3528 690 martyres.

1972 710 2193 769 Deinde,
2221 723 2343 763 cum
2375 709 2641 761 zelusDeo
2670 711 2947 773 tribuitur,
2971 726 3076 762 non
3100 712 3284 778 passio
3310 713 3489 779 aliqua
3515 750 3531 774 ,

1969 802 2059 854 sed
2093 802 2143 853 in
2179 815 2292 861 eos,
2324 802 2414 869 qui
2468 811 2713 868 peccant,
2752 802 3152 853 animadversio
3184 802 3530 857 demonstra-

1969 898 2077 943 tur.
2120 890 2408 951 Piwterea,
2439 900 2692 957 tanquam
2738 889 2804 941 de
2852 889 3041 942 belliea
3088 891 3479 946 vociferatione
3516 908 3531 945 τ

1972 979 2037 1032 Et
2072 982 2322 1033 clamabit
2348 996 2502 1047 super
2530 981 2702 1033 hostes
2733 997 2877 1045 suos,
2921 981 3100 1034 intulit
3133 996 3146 1043 ;
3177 984 3336 1049 quale
3365 994 3455 1036 aut
3480 984 3532 1037 in

1970 1066 2219 1119 conflictu
2253 1069 2390 1134 ipso,
2433 1076 2525 1120 aut
2559 1071 2683 1120 dum
2717 1069 2875 1120 victis
2908 1069 3223 1132 insuitatur,
3253 1085 3281 1122 a
3310 1074 3533 1125 victori-

1970 1155 2071 1209 bus
2111 1158 2246 1213 effici
2284 1160 2587 1212 coiisuevit.
2633 1157 2859 1219 Deinde,
2894 1168 2950 1211 ut
2978 1161 3204 1212 nmltam
3241 1162 3292 1213 in
3325 1171 3531 1229 gentes,

1970 1264 2088 1316 qua:
2131 1250 2271 1301 idola
2307 1251 2611 1312 colueraut,
2648 1251 2813 1301 animi
2852 1250 2936 1303 sui
2977 1252 3250 1305 lenitatem
3278 1254 3533 1307 ostende-

1970 1348 2072 1402 ret,
2100 1341 2239 1391 tacui
2260 1339 2458 1405 adjecit
2494 1358 2506 1393 :
2531 1337 2671 1391 Num
2689 1355 2893 1407 semper
2914 1343 3074 1393 etiam
3108 1344 3288 1397 tacebo
3306 1346 3331 1397 7
3354 1344 3534 1398 Voluit

1969 1430 2113 1484 enim
2140 1439 2195 1482 et
2226 1429 2444 1481 eosdem
2478 1428 2691 1482 Salaria:
2719 1430 2921 1483 dudum
2959 1435 3169 1499 eripere
3222 1434 3314 1487 sed
3349 1449 3414 1487 eo
3442 1450 3534 1487 us-

1970 1538 2075 1591 que
2098 1523 2358 1589 temporis
2375 1524 2830 1589 opportunitatem
2853 1523 3272 1591 eXSpectandam
3297 1526 3532 1586 censuit,

1971 1615 2143 1666 donec
2176 1614 2392 1665 Christo
2441 1613 2598 1674 duce,
2634 1614 2686 1665 in
2715 1628 2829 1674 eos,
2864 1628 2891 1664 a
2923 1615 3123 1681 quibus
3157 1616 3530 1678 vincebamur,

1974 1704 2111 1758 bella
2137 1713 2369 1772 gereret.
2395 1704 2463 1757 At
2486 1703 2629 1772 quod
2662 1704 2807 1754 tacui
2838 1704 2992 1765 dicit,
3018 1705 3180 1755 etiam
3215 1706 3412 1772 legioni
3446 1721 3531 1759 re-

1973 1804 2061 1848 ete
2091 1796 2378 1847 conveniat
2408 1794 2477 1856 “,
2511 1794 2603 1862 qui
2646 1794 2713 1847 ad
2746 1796 2993 1862 svpulcra
3025 1795 3295 1848 hominem
3326 1800 3531 1848 exstin-

1963 1902 2127 1955 guere
2159 1893 2395 1937 conatus
2422 1894 2525 1938 est.
2554 1886 2857 1939 Conveniat
2891 1889 3055 1939 etiam
3092 1896 3145 1939 et
3175 1888 3428 1940 universo
3458 1888 3530 1938 illi

1956 1977 2187 2046 judicio,
2222 1993 2331 2044 quo
2362 1986 2601 2043 tempore
2635 1992 2733 2046 pro
2782 1977 3097 2030 meritorum
3153 1979 3383 2039 ratione,
3434 1994 3529 2031 sua

1963 2068 2194 2135 singulis
2216 2075 2300 2120 est
2327 2068 2657 2121 redditurus.
2683 2068 2973 2129 (Sa-terum,
2992 2068 3071 2119 vel
3091 2082 3155 2121 eo
3179 2068 3335 2121 nobis
3360 2066 3529 2121 Deum

1963 2172 2192 2227 parcere
2232 2158 2576 2210 demonstrat
2604 2158 3023 2225 maxime,qued
3052 2160 3120 2209 ita
3157 2168 3356 2212 nostrae
3386 2162 3533 2213 salu-

1964 2251 2034 2304 tis
2072 2250 2289 2303 nomine
2331 2258 2582 2315 aubatur,
2618 2258 2677 2299 ut
2726 2249 3066 2301 subditorum
3099 2260 3377 2319 assumpta
3408 2268 3531 2321 per-

1965 2356 2098 2395 sona
2128 2341 2283 2393 veluti
2307 2348 2549 2391 nostram
2579 2339 2804 2393 salutem
2835 2342 3125 2406 parturiat,
3151 2344 3299 2394 nullo
3325 2353 3530 2405 tanien,

1964 2430 2165 2484 Davide
2197 2438 2352 2492 teste,
2385 2428 2528 2496 quod
2564 2439 2767 2481 rectmn
2792 2437 2877 2482 est
2900 2429 3131 2482 faciente
3164 2430 3246 2492 δ”,
3286 2433 3525 2485 dolorem

1972 2525 2128 2579 ferat.
2184 2519 2300 2573 Non
2330 2521 2653 2574 transieram
2702 2520 2891 2585 igitur,
2923 2521 3119 2588 inquit,
3148 2530 3369 2590 pmpter
3396 2522 3534 2574 dile-

1967 2615 2206 2668 ctionem
2259 2627 2416 2681 arquo
2472 2613 2651 2664 animo
2672 2611 2836 2682 474
2887 2613 3185 2680 perferens,
3222 2613 3535 2667 dolonibus-

1966 2720 2071 2774 que
2098 2706 2369 2773 imperans
2398 2719 2411 2767 ;
2450 2711 2507 2756 ut
2543 2704 2657 2765 ilia,
2690 2718 2810 2771 qua:
2845 2703 3139 2756 liberorum
3161 2719 3257 2772 spe
3279 2706 3484 2773 patitur
3518 2722 3531 2758 :

1967 2798 2060 2851 sed
2092 2797 2457 2850 scaturrientes
2476 2794 2754 2847 exsiccabo
2782 2796 3241 2861 voluptates,eam
3268 2797 3374 2849 illis
3392 2811 3539 2847 aver-

1966 2888 2165 2939 siouem
2200 2884 2466 2937 sceletum
2498 2899 2596 2952 per
2655 2885 3032 2953 pteniteutiam
3097 2885 3395 2939 adducens.
3435 2887 3535 2951 Qui

1969 2979 2139 3047 possit
2162 2976 2305 3032 enim
2332 2976 2677 3043 resipiscere,
2708 2976 2799 3043 qui
2826 2990 2924 3029 nee
2942 2977 3156 3044 cuipam
3189 2992 3343 3030 suam
3375 2992 3541 3041 agito-

1971 3072 2074 3125 scit
2118 3086 2131 3131 ;
2168 3086 2265 3123 nec
2291 3071 2417 3122 vitae
2473 3068 2674 3137 primis
2710 3068 2887 3121 smdia
2941 3069 3143 3121 oruittit
3172 3069 3194 3121 ?
3228 3069 3355 3123 lude
3404 3070 3535 3123 illud

298 3155 396 3207 καὶ
421 3158 531 3219 τοῖς
566 3157 809 3221 εἰδώλοις
848 3159 1149 3227 ἐνέμειναν,
1184 3161 1323 3214 κατὰ
1345 3162 1404 3215 τό
1427 3178 1441 3191 ο
1470 3180 1489 3213 ι
1511 3164 1725 3233 Ὅμοιοι
1770 3165 1867 3216 αύ-
1890 3182 1934 3243 C
1968 3176 1990 3216 ε

1840 3194 1867 3204 -
1890 3182 1934 3243 ρ
1968 3172 2085 3216 est:
2116 3180 2133 3212 ι
2158 3162 2290 3216 Cum
2321 3175 2573 3213 reversus
2602 3159 3100 3226 ingemueris,tunc
3120 3160 3416 3213 salvaberis
3434 3160 3532 3214 ⁸⁵.»

298 3247 413 3309 τοῖς
451 3247 692 3313 γένοιντο
719 3250 769 3301 οἱ
796 3248 1069 3312 ποιοῦντες
1099 3251 1256 3304 αὐτά.
1288 3270 1306 3302 ι

1978 3256 2213 3323 ldipsum
2268 3267 2394 3305 vero
2450 3250 2724 3309 omnibus,
2764 3260 3027 3317 quantum
3065 3249 3118 3303 in
3152 3265 3211 3302 se
3256 3250 3376 3310 fuit,
3409 3250 3538 3303 dum

300 3335 355 3387 in
384 3338 545 3389 terris
586 3346 789 3405 ageret.
822 3336 1075 3392 Christus
1127 3339 1397 3406 praestitit.
1432 3340 1549 3394 Etsi
1590 3342 1713 3395 (ξωεὶ
1751 3343 1971 3412 quidam
2003 3344 2143 3397 lucis
2175 3341 2338 3408 hujus
2376 3355 2481 3392 nou
2505 3339 2800 3403 defuerint,
2833 3340 2927 3407 qui
2962 3350 3154 3407 sponte
3182 3355 3277 3393 sua
3316 3340 3368 3393 in
3399 3341 3509 3393 divi
3536 3356 3541 3363 ν

298 3428 388 3481 nis
422 3427 543 3482 istis
581 3428 926 3483 sermonibus
956 3430 1211 3485 caecutiret
1246 3446 1480 3502 semper,
1500 3441 1552 3488 et
1575 3449 1673 3505 pro
1710 3434 1868 3493 idolis
1891 3437 2006 3493 suis
2037 3444 2185 3491 stare
2220 3432 2537 3496 maluerint,
2575 3430 2732 3499 juxta
2761 3431 2895 3486 illud
2930 3448 2944 3486 :
2986 3449 3003 3482 ι
3036 3429 3254 3487 Similes
3280 3432 3386 3487 illis
3415 3423 3541 3486 l'actl

296 3526 452 3583 sunt,
483 3519 576 3587 qui
610 3519 939 3574 feceruntea
969 3522 1034 3577 ".
1062 3539 1080 3571 ι

368 3613 444 3664 Τὸ
482 3612 558 3676 δὲ,
589 3612 889 3677 ἐκστήσω,
916 3614 1059 3675 τινὲς
1089 3614 1143 3683 ἢ,
1171 3614 1262 3667 ἐπὶ
1286 3614 1379 3668 τοῦ
1421 3616 1522 3686 τῆς
1572 3617 1663 3670 ὑπ’
1688 3618 1866 3673 αὐτῶν

296 3704 680 3773 κρατουμένης
712 3704 814 3771 γῆς
849 3703 953 3767 ἔξω
983 3708 1213 3772 ποιήσω,
1248 3707 1400 3773 φασὶ,
1431 3708 1523 3760 καὶ
1557 3708 1656 3777 τῆς
1710 3725 1866 3777 περι-

294 3794 611 3864 ωρισμένης
631 3794 814 3857 αὐτοῖς
837 3795 978 3848 κατᾶ
1003 3796 1220 3849 πάντων
1235 3798 1429 3867 ἀρχῆς,
1448 3798 1588 3852 κατὰ
1604 3799 1690 3851 τό’
1721 3800 1865 3853 (Νῦν

293 3886 323 3937 ὁ
380 3885 562 3953 ἄρχων
611 3885 705 3938 τοῦ
754 3886 960 3955 κόσμου
1005 3886 1195 3938 τούτου
1236 3888 1633 3959 ἐκϐληθήσεται
1684 3890 1808 3957 ἔξω,
1841 3909 1859 3943 ι

294 3977 467 4046 ἤγουν
522 3976 621 4029 ἐπὶ
668 3977 775 4031 τοῦ
821 3977 1170 4045 θαυμάσαιε
1209 3980 1418 4049 ποιήσω
1463 3982 1588 4045 τοὺς
1629 3982 1866 4051 ὁρῶντας

294 4070 365 4121 τὰ
411 4070 839 4139 κατωρθωμένα.
906 4069 1023 4137 Ἐφ’
1062 4065 1143 4132 οἷς
1196 4071 1287 4123 καὶ
1328 4071 1649 4142 Ἀμϐακοὺμ
1701 4090 1869 4127 κατα-

295 4159 696 4228 πληττόμενος,
726 4160 878 4226 ἔλεγε
899 4176 913 4189 ·
972 4179 990 4211 ι
1019 4159 1212 4229 Κύριε,
1248 4162 1545 4231 εἰσακήκοα
1574 4164 1671 4232 τὴν
1701 4166 1870 4234 ἀκοήν

297 4267 417 4311 σου,
452 4255 547 4301 καὶ
579 4250 875 4318 ἐφοϐήθην.
910 4250 1104 4320 Κύριε,
1140 4252 1445 4321 κατενόησα
1470 4254 1536 4307 τὰ
1576 4255 1713 4323 ἔργα
1756 4273 1870 4323 σου,

294 4340 390 4391 καὶ
419 4337 662 4407 ἐξέστην.
698 4356 716 4389 ι
746 4339 818 4390 Τὸ
841 4339 898 4391 δὲ
945 4340 1136 4406 ξηρὰν
1182 4343 1428 4411 σφηνὶζει
1457 4344 1628 4411 λέγων
1649 4360 1663 4375 ⁸
1699 4345 1873 4411 Θήσω

292 4430 407 4498 γὰρ
436 4428 743 4497 ποταμοὺς
770 4432 859 4495 εις
888 4430 1139 4497 νήσους,
1172 4433 1267 4485 καὶ
1297 4434 1405 4501 ἕλη
1437 4434 1692 4503 ξηρανῶ,
1729 4438 1870 4490 οὓτω

2040 3612 2144 3670 Sed
2172 3612 2437 3667 avertendi
2471 3609 2699 3665 verbum
2725 3609 2800 3663 ita
2836 3618 3106 3679 usurpant
3139 3610 3385 3664 nonnulli
3417 3630 3429 3676 ;
3461 3620 3539 3673 ut,

1966 3714 2060 3761 aut
2082 3704 2355 3759 daemonas
2377 3711 2542 3768 terra,
2569 3715 2729 3770 quam
2754 3702 3033 3769 possident
3092 3718 3197 3755 non
3240 3703 3539 3770 ejcclurum

1968 3813 2027 3853 se
2055 3796 2240 3858 modo,
2275 3796 2368 3850 sed
2401 3796 2670 3863 praefinito
2696 3797 2747 3848 in
2779 3808 2973 3847 omnes
3018 3795 3249 3862 imperio
3294 3798 3541 3862 privatu-

1972 3903 2127 3953 rum;
2157 3887 2313 3955 juxta
2369 3886 2502 3939 illud
2533 3906 2546 3939 :
2583 3904 2602 3938 ι
2638 3886 2796 3940 Nune
2855 3885 3109 3954 princeps
3144 3887 3331 3939 mundi
3381 3888 3541 3954 hujus

1972 3975 2224 4044 ejicietur
2268 3974 2415 4029 foras
2446 3976 2493 4007 ⁸⁸
2523 3994 2536 4029 :
2570 3994 2588 4027 ι
2627 3977 2938 4045 signiﬁcare
2994 3983 3205 4043 putent.
3232 3979 3338 4029 Aut
3373 3987 3539 4040 certe,

1968 4078 2022 4119 ut
2043 4066 2183 4136 apud
2204 4080 2417 4127 omnes,
2442 4067 2532 4134 qui
2564 4067 2684 4133 eius
2711 4068 2971 4135 prazclarc
2998 4065 3136 4118 laeta
3162 4067 3538 4131 intuebuntur,

1968 4159 2021 4211 in
2051 4159 2457 4210 admirationem
2486 4160 2677 4221 veniat,
2709 4159 3026 4212 effecturum
3063 4174 3076 4209 :
3107 4158 3304 4225 quibus
3335 4168 3386 4212 et
3438 4159 3544 4211 lla-

1973 4248 2171 4302 bacum
2234 4249 2347 4317 ipse
2397 4249 2686 4318 perculsus
2715 4248 2980 4301 dicebat:
3021 4264 3040 4298 ι
3080 4246 3328 4311 Domine,
3357 4251 3538 4303 audivi

1979 4340 2312 4393 auditionem
2347 4346 2493 4391 tuam
2525 4348 2580 4392 et
2612 4339 2807 4403 timui,
2836 4337 3327 4408 Domine,cogitavi
3377 4356 3540 4408 opera

1979 4438 2092 4495 tua,
2133 4442 2188 4484 et
2221 4430 2475 4497 obstupui
2504 4430 2570 4481 δ’.
2601 4448 2619 4479 ι
2657 4429 2881 4495 Deinde,
2931 4431 3059 4498 quid
3106 4432 3341 4483 sict-audi
3379 4433 3543 4485 verho

300 4519 483 4570 καλῶν
513 4520 641 4581 τοὺς
670 4519 800 4589 παρ’
826 4520 1052 4590 Ἕλλησι
1108 4524 1325 4589 σοροὺς,
1361 4526 1453 4577 καὶ
1503 4528 1600 4578 ὅσα
1644 4528 1706 4596 δὴ
1737 4530 1866 4598 περὶ
1898 4557 1943 4612 D
1977 4519 1989 4572 Ῐ

1846 4530 1866 4581 ὶ
1898 4557 1943 4612 D
1977 4519 2260 4587 intelligat,
2293 4522 2548 4587 explicat,
2574 4534 2697 4573 cum
2727 4521 2916 4587 adjicit
2957 4522 3250 4588 positurum
3274 4538 3326 4575 se
3355 4522 3538 4587 ﬂuvius

297 4610 439 4660 θεῶν
455 4609 852 4665 ἁνεπλάσαντο.
882 4611 960 4663 Δι’
989 4607 1063 4665 ὧν
1088 4614 1211 4676 τοὺς
1237 4615 1592 4686 πειθομένους
1617 4618 1865 4682 ἑπότιζον

292 4700 582 4768 ἀνατροπῇ
614 4697 835 4768 θολερᾷ,
870 4700 1012 4753 κατὰ
1042 4702 1142 4771 τὴν
1198 4704 1444 4775 Γραφην,
1488 4705 1579 4769 οὓς
1612 4709 1705 4759 καὶ
1756 4709 1867 4776 ἕλη

293 4787 473 4849 καλεῖ,
514 4787 575 4839 τὸ
604 4785 829 4850 εῦανθες
849 4789 983 4857 ὁμοῦ
1016 4793 1109 4843 καὶ
1138 4792 1198 4843 τὸ
1221 4791 1469 4862 ἄκαρπον
1491 4795 1730 4864 ἔχοντας,
1771 4797 1867 4860 οὓς

292 4882 486 4945 φανεὶς
512 4879 539 4929 ὁ
572 4878 806 4948 Χριστὸς
832 4878 1021 4949 ὥσπερ
1056 4880 1345 4949 ξηράνας,
1399 4888 1714 4956 ἀπράκτους
1761 4889 1866 4941 ἀπ-

292 4964 516 5029 έδειξεν,
551 4964 694 5018 καθά
742 4968 835 5020 καὶ
865 4967 1072 5031 Παῦλός
1123 4987 1274 5040 φησι’
1312 4990 1329 5023 ι
1363 4974 1473 5026 Ποῦ
1524 4978 1723 5044 σοφόςς
1761 4976 1864 5030 ποῦ

291 5055 706 5126 γραμματεύςς
749 5058 850 5110 ποῦ
888 5059 1194 5131 συνζητητὴς
1246 5062 1340 5116 τοῦ
1390 5067 1585 5129 αἰῶνος
1634 5068 1861 5134 τούτους

290 5151 417 5217 οὐχὶ
447 5149 734 5219 ἐμώρανεν
757 5149 786 5200 ὁ
834 5148 966 5213 Θεὸς
999 5154 1099 5220 τὴν
1132 5154 1322 5224 σοφίαν
1350 5157 1447 5209 τοῦ
1475 5160 1678 5227 κόσμου
1706 5177 1720 5223 ;
1755 5179 1773 5211 ι
1805 5160 1865 5226 ἐξ

287 5233 367 5292 ὧν
398 5239 494 5291 καὶ
527 5237 967 5309 χρηματίζουσαι
1011 5243 1163 5313 νῆσοι
1211 5247 1498 5314 γεγόνασιν
1552 5251 1865 5319 Ἐκκλησίαι

288 5332 418 5394 τοὺς
466 5332 526 5384 ἐν
580 5329 803 5401 Χριστῷ
854 5332 1303 5405 ναυτιλλομένους
1364 5339 1671 5410 δεχόμεναι,
1734 5360 1866 5396 κατ-

363 5506 411 5539 ⁸⁵
436 5505 571 5561 Luc.
593 5523 712 5569 vut.
754 5507 845 5563 30.

923 5506 968 5541 ⁸⁸
987 5505 1136 5565 Psal.
1162 5525 1283 5577 xm,
1306 5514 1361 5569 5.

289 5580 336 5610 ’⁸
368 5576 389 5631 ι
420 5578 547 5632 Cor.
575 5595 610 5643 I,
640 5579 730 5633 90.

1434 5515 1481 5547 ⁸⁸
1516 5515 1766 5581 lsa.xxx,
1812 5518 1899 5571 t5.

1968 4612 2026 4663 in
2053 4610 2277 4674 insutos,
2317 4619 2368 4663 et
2414 4610 2630 4677 paludes
2658 4611 2976 4663 siccaturum
3009 4626 3027 4674 ;
3057 4613 3129 4665 ita
3177 4614 3417 4681 gentium
3451 4628 3540 4667 sa-
3570 4672 3581 4684 _

1972 4704 2184 4771 pientes
2220 4716 2567 4769 nuneupaus,
2593 4712 2646 4755 et
2672 4718 3017 4770 quascunque
3040 4703 3107 4755 de
3137 4702 3242 4755 diis
3270 4704 3385 4756 suis
3409 4719 3541 4758 ccu-

1969 4795 2269 4858 linxerunt,
2293 4794 2436 4847 unde
2468 4793 2571 4846 sibi
2602 4792 2855 4847 credulos
2887 4793 3110 4847 turbido
3147 4801 3299 4862 potu.
3336 4810 3538 4848 secun-

1967 4886 2096 4940 dum
2124 4885 2462 4953 Scripturam
2495 4885 2811 4938 evertebant
2839 4903 2851 4937 :
2876 4901 3012 4952 quos
3053 4894 3106 4938 et
3160 4887 3396 4952 paludes,
3444 4886 3543 4940 llo-

1968 4974 2124 5028 ribus
2156 4976 2373 5042 quidem
2398 4975 2641 5035 vestitas,
2675 4974 2771 5028 sed
2807 4973 2986 5027 fructu
3018 4973 3311 5029 destitutas
3346 4987 3538 5040 vocat;

1974 5082 2095 5137 qua:
2127 5066 2434 5135 appellente
2480 5064 2723 5124 Christo,
2752 5067 2896 5121 velut
2933 5066 3211 5120 exsiccata:
3238 5076 3290 5122 et
3323 5068 3542 5122 inutiles

1974 5166 2382 5220 remanserunt,
2427 5166 2486 5210 ut
2516 5156 2592 5209 ait
2628 5155 2830 5210 Paulus
2870 5156 2954 5209 his
2978 5158 3159 5212 verbis
3203 5174 3217 5211 :
3257 5175 3277 5209 ι
3324 5159 3421 5212 Ubi
3453 5172 3541 5211 sa-

1973 5249 2173 5319 piens?
2202 5250 2293 5303 ubi
2337 5248 2516 5303 scriba
2558 5248 2704 5301 ?ubi
2760 5247 3044 5315 indagator
3097 5249 3282 5302 saeculi
3326 5248 3489 5315 hujus
3519 5248 3544 5299 τ

1973 5338 2165 5393 Nonne
2180 5339 2400 5393 stultam
2416 5336 2541 5391 fecit
2557 5336 2698 5392 Deus
2710 5337 3031 5406 sapientiam
3048 5336 3211 5407 hujus
3231 5337 3417 5390 mundi
3436 5337 3537 5389 ’νὴ

3087 5516 3131 5549 ⁸³
3158 5513 3356 5568 llabac.
3378 5527 3457 5579 tu,
3483 5512 3539 5570 2.

1976 5519 2019 5551 "
2044 5518 2189 5574 Psal.
2221 5518 2446 5586 cxm,8.
2523 5518 2569 5551 ”
2597 5515 2758 5571 Joan.
2796 5531 2890 5583 ιιι,
2922 5515 3009 5573 5t.

1589 5687 1820 5746 VARIIE
1861 5689 2262 5750 LECTlONES.

333 5782 521 5854 ’-':‘P-
548 5784 877 5853 κατοικήτω.
956 5784 982 5825 ⁸
1024 5801 1109 5855 γρ.
1156 5781 1552 5853 ἐπιθαυμάσαι.
