4284 6440
264 406 401 470 2381

1362 405 1893 468 COMMENTARII
1930 406 2007 466 IN
2051 405 2329 465 [SAlAbL

3369 408 3509 469 5238?.

340 514 495 575 Τινὲς
520 513 576 566 δὲ
605 514 697 566 καὶ
730 515 900 568 ταῦτα
928 515 1087 569 πάλιν
1140 516 1230 568 ἐπὶ
1280 517 1378 586 τῆς
1411 519 1496 569 ἐπ’
1541 518 1838 586 ’Δσσυρίων

1873 534 1915 586 Α
2015 515 2270 569 Nonnulli
2308 529 2433 567 vero
2479 523 2530 569 et
2582 516 2698 571 haec
2738 518 2901 571 etiam
2952 515 3017 570 ad
3050 532 3190 579 eam,
3235 534 3394 585 quam
3441 522 3509 571 ab

266 605 521 664 ἁλώσεως
568 604 778 668 ἔλαϐον,
814 605 864 657 οἳ
892 607 985 659 καὶ
1013 608 1071 659 τὶ
1105 608 1201 674 μὲν
1251 608 1491 664 ἀκούειν
1511 648 1523 670 ,
1580 610 1638 661 τὸ
1660 607 1841 676 λψιλῶς

269 696 574 766 ἀκροᾶσθαί
622 713 773 765 φασι.
812 698 885 749 Τὸ
910 699 965 751 δὲ
996 699 1416 764 ἐνωτίσασθαι,
1447 702 1508 753 τὸ
1537 704 1602 769 τῇ
1636 699 1844 768 διανείᾳ

269 787 743 855 παραπέμψασθαι
768 788 923 855 λόγον
954 789 1240 858 ἐμφρόνως
1271 790 1587 853 ἀκούοντας,
1628 790 1843 851 ὁποέους

269 878 364 930 νῦν
390 879 665 946 ἀκροατὰς
688 881 715 930 ὁ
733 880 1021 949 προφήτης
1044 880 1217 949 ζητεῖ,
1243 882 1379 932 κατὰ
1406 879 1618 932 Παῦλον
1641 879 1843 939 εἰδότας

267 968 349 1020 ὅτι
408 968 654 1027 τυπικῶς
707 970 938 1030 ἐκείνοις
990 971 1324 1033 συνέὕαινεν,
1382 970 1594 1038 ἐγράφη
1624 968 1678 1020 δὲ
1711 968 1845 1038 πρὸς

267 1061 551 1113 νουθεσίαν
605 1061 785 1127 ήμῶν,
812 1062 961 1125 ὅπως
1012 1063 1078 1115 ἂν
1109 1064 1167 1114 τὺ
1195 1066 1304 1124 τοῖς
1335 1064 1468 1126 ἴσοις
1511 1062 1714 1114 ἁλῶναι
1740 1080 1843 1129 φυ-

266 1151 568 1215 λάξωνται.
633 1153 719 1204 Ἐν
768 1155 1001 1221 ὲμςςάσει
1049 1153 1105 1205 δέ
1155 1171 1338 1223 φησιν,
1386 1154 1465 1206 ὃτι
1503 1151 1846 1220 παρέδωκεν

279 1244 583 1303 ’1ακὼό,ὃν
614 1244 671 1309 ἐξ
701 1244 973 1310 Αἰγύπτου
1017 1245 1273 1297 διέσωσεν
1320 1246 1459 1313 ὑπὲρ
1504 1240 1564 1300 οὗ
1610 1243 1845 1297 τοσαῦτα

266 1334 389 1384 κατ’
415 1333 627 1403 ἐχθρῶν
647 1334 860 1400 ἐγένετο
888 1334 1165 1402 θαύματα.
1197 1336 1297 1387 Τὸν
1322 1337 1417 1388 οὖν
1442 1336 1667 1388 εἰωθότα
1690 1336 1844 1403 νικᾷν

267 1422 361 1484 τίς
398 1422 698 1473 ὑποπεσεῖν
753 1423 979 1489 ἐποίησε
1014 1427 1125 1483 τοῖς
1186 1426 1418 1493 ἐχυροῖς,
1449 1427 1540 1476 καὶ
1568 1426 1653 1477 διά
1688 1426 1844 1476 ποίαν

268 1514 448 1566 αἰτίαν
474 1532 489 1577 ;
517 1515 549 1582 ἡ
574 1514 631 1566 δὲ
661 1513 756 1566 τοῦ
783 1517 874 1581 τίς
902 1517 1187 1586 ἐρώτησις,
1218 1517 1506 1585 ὁμολογίαν
1525 1517 1638 1586 ἔχει
1672 1517 1840 1584 σαφῆ,

268 1602 344 1665 ὡς
377 1604 507 1665 Θεὸς
536 1606 563 1656 ὁ
591 1605 815 1673 δράσας,
849 1608 963 1658 ἀνθ’
989 1600 1063 1659 ὧν
1096 1608 1258 1659 αὐτὸν
1290 1608 1663 1673 ἐγκατέλιπον.
1703 1608 1844 1675 Πλὴν

266 1692 388 1745 δέον
411 1693 609 1756 αὐτοὺς
648 1695 722 1764 μὴ
749 1697 1033 1765 ἁμαρτεῖν,
1094 1698 1219 1749 οὐδὲ
1252 1697 1515 1760 παθόντες
1562 1696 1846 1766 ἐνουθετή-

268 1783 461 1853 θησαν.
499 1785 577 1837 Δι’
605 1785 697 1848 οὓς
736 1787 1000 1856 Ἱερεμίας
1032 1788 1163 1856 φησί
1189 1802 1201 1816 ’
1230 1806 1248 1838 ι
1280 1788 1475 1858 Κύριε,
1497 1792 1545 1840 οἰ
1576 1789 1844 1857 ὀφθαλμοί

1946 604 2191 673 Assyriis
2241 606 2385 672 passi
2443 614 2603 667 sunt,
2653 609 3114 675 expugnationem
3162 608 3507 672 retulerunt;

1946 695 2108 747 iidem
2157 695 2342 746 audire
2392 696 2712 763 simpliciter
2767 714 2864 765 pro
2915 696 3227 750 auscultare
3271 698 3507 766 positum

1945 786 2319 848 arbitrantur;
2377 784 2595 837 nuribus
2654 795 2831 839 autem
2885 791 3183 857 percipere,
3240 802 3335 854 pro
3390 804 3511 857 qua!

1947 875 2186 929 audieris
2221 884 2401 929 mente
2433 876 2731 942 prudenter
2765 877 2972 945 agitare
3014 882 3205 948 quales
3238 894 3382 932 nunc.
3415 894 3511 931 au-

1943 964 2150 1017 ditores
2186 965 2447 1032 propheta
2479 966 2739 1031 postulat,
2794 967 2911 1033 qui,
2942 966 3097 1034 juxta
3154 967 3381 1021 Paulum
3444 969 3508 1029 “,

1946 1055 2121 1107 sciant
2176 1054 2357 1105 munia
2411 1056 2464 1105 in
2522 1053 2689 1121 ﬁgura
2747 1055 2853 1108 illis
2905 1057 3203 1125 contigisse
3248 1076 3263 1112 :
3309 1059 3509 1126 scripta

1947 1152 2124 1195 autem
2159 1157 2282 1196 esse
2319 1143 2373 1193 in
2408 1141 2834 1197 admonitionem
2866 1154 3135 1211 uestram,
3176 1152 3237 1198 ut
3285 1155 3513 1199 caveant

1948 1252 2013 1287 ne
2046 1253 2073 1285 ιι
2108 1235 2385 1287 similibus
2418 1235 2785 1303 decipiantur.
2844 1236 3165 1305 Einpliatice
3197 1246 3376 1291 autem
3405 1236 3510 1289 Ja-

1945 1323 2036 1375 cob
2071 1324 2252 1391 ipsum
2288 1325 2573 1375 tradidisse
2598 1325 2753 1385 dixit,
2785 1326 2875 1391 qui
2908 1327 3159 1379 eumdem
3187 1340 3252 1379 ex
3275 1323 3510 1395 Egypto

1945 1421 2190 1481 ereptum
2241 1416 2495 1474 5‹ι·ν;ιι·ἰι,
2548 1414 2777 1479 ejusque
2816 1414 3037 1466 nomine
3090 1421 3168 1465 tot
3224 1414 3276 1465 in
3328 1415 3513 1467 hostes

1946 1511 2195 1572 portenta
2247 1502 2502 1555 ediderit.
2552 1500 2681 1564 Quis
2738 1517 2858 1555 eum
2888 1504 3071 1569 igitur,
3112 1504 3204 1571 qui
3232 1511 3349 1556 erat
3394 1504 3514 1556 vin-

1947 1608 2067 1647 ccrc
2105 1593 2328 1654 solitus,
2382 1591 2628 1646 hostibus
2678 1592 2950 1660 subjecit;
2999 1608 3187 1662 quaive
3222 1594 3384 1661 hujus
3432 1594 3511 1646 rei

1946 1684 2203 1738 Occasio?
2229 1684 2295 1735 At
2321 1684 2465 1737 enim
2492 1685 2625 1738 satis
2659 1686 2817 1737 docet
2852 1685 3221 1753 interrogandi
3246 1686 3511 1753 particula

1949 1776 2051 1829 ista
2094 1775 2201 1826 illis
2228 1775 2410 1827 omnia
2438 1774 2546 1827 Deo
2578 1783 2805 1828 auctore
2836 1775 2906 1826 ob
2934 1775 2984 1827 id
3014 1777 3330 1843 contigisse,
3367 1776 3511 1843 quod

271 1891 365 1928 σου
403 1877 481 1936 είς
516 1875 716 1929 πίστιν.
764 1877 1179 1946 Ἑμαστίγωσας
1207 1878 1420 1941 αὐτοὺς,
1456 1879 1671 1930 καὶούκ
1720 1879 1838 1947 ὴθέ‹

1880 1891 1919 1944 Β
1949 1866 2199 1920 eumdem
2237 1866 2596 1933 reliquerunt.
2649 1863 2753 1918 Sed
2799 1880 2898 1918 eos
2931 1881 3036 1919 non
3075 1881 3328 1933 peccasse
3362 1868 3513 1935 prius

266 1966 439 2033 λησαν
498 1966 753 2029 δέξασθαι
784 1968 1052 2021 παιδείαν.
1091 1986 1109 2019 ι
1141 1970 1229 2021 Διὸ
1254 1970 1350 2021 καὶ
1381 1970 1630 2035 λέγοντος
1681 1968 1843 2021 αὑτοῦ

267 2057 378 2116 τοῖς
432 2056 836 2125 ὑπολειφθεῖσιν
863 2059 925 2110 ἐκ
966 2058 1068 2130 τῆς
1130 2058 1380 2121 ἁλώσεως
1436 2059 1510 2129 μὴ
1566 2060 1845 2112 κατελθεῖν

266 2143 348 2203 εἰς
399 2142 496 2212 τὴν
530 2142 827 2209 Αἴγυπτον,
855 2146 909 2197 αἱ
936 2145 1141 2198 τούτων
1202 2150 1456 2214 γυναῖκες
1501 2148 1844 2218 ἀναισθήτως

266 2231 488 2301 ἔχουσαι
518 2235 615 2302 τῆς
665 2236 860 2304 ὀργῆς,
924 2238 1100 2290 ἐϐόων
1129 2255 1144 2270 ο
1169 2240 1283 2290 Οὐκ
1314 2239 1601 2292 ἀπέστειλέ
1641 2257 1699 2292 σε
1730 2239 1841 2291 Κύ-

269 2338 406 2391 ριος.
436 2326 827 2394 Προσέφασκον
846 2326 921 2391 δὲ,
960 2328 1174 2397 Ἐπειδὴ
1198 2328 1507 2400 διελίπομεν
1540 2330 1840 2402 θύουσαιτῇ

267 2411 556 2484 βασιλίσσῃ
606 2414 703 2466 τοῦ
730 2417 984 2487 οὐρανοῦ,
1044 2420 1371 2489 κατείληφεν
1400 2423 1547 2491 ἡμᾶς
1578 2422 1645 2474 τὰ
1672 2423 1836 2475 κακά.

264 2501 454 2564 Οὕτως
492 2504 835 2575 ἀναισθήτως
887 2503 1059 2577 εἶχον,
1113 2513 1594 2579 κατισχύσαντος
1645 2511 1842 2564 αὐτῶν

265 2594 372 2647 τοῦ
401 2595 695 2663 πολέμου,
717 2598 812 2649 καὶ
835 2596 954 2650 τῶν
984 2600 1186 2662 κύκλῳ
1211 2600 1712 2670 καταφλεγόντων
1735 2603 1840 2653 αὺ-

266 2686 425 2749 τούς.
464 2684 550 2747 Ὠς
597 2688 693 2738 καὶ
748 2686 981 2756 ἀλλαχοῦ
1035 2707 1197 2756 φησιν
1232 2691 1259 2741 ὁ
1290 2689 1482 2759 παρὼν
1534 2691 1836 2758 προφήτης

269 2776 366 2826 «Δί
385 2775 567 2838 πόλεις
586 2777 739 2846 ὑμῶν
761 2778 1138 2847 πυρίκαυστοι.
1155 2782 1254 2831 »Ἃ
1282 2780 1344 2849 δή
1371 2798 1501 2849 φησι
1530 2780 1624 2832 νῦν
1647 2782 1841 2841 αὐτοὺς

266 2865 621 2926 πεπονθέναι,
672 2869 771 2920 οὐκ
807 2869 1201 2938 ἀσθενήσαντος
1244 2868 1436 2932 σώζειν
1481 2871 1679 2932 αὐτοὺς
1738 2869 1834 2921 τοῦ

263 2953 424 3008 Θεοῦ.
472 2956 634 3025 Δηλοῖ
662 2956 719 3010 δὲ
740 2957 811 3010 τὰ
840 2957 1121 3025 φθάσαντα
1161 2959 1432 3028 θαύματα.
1478 2959 1616 3011 Ἀλλ’
1672 2960 1791 3012 οὐδὲ
1812 2961 1839 3000 κ

265 3043 793 3115 δικαιοπραγοῦντες
839 3048 1192 3111 πεπόνθασιν,
1253 3049 1368 3102 ἀλλ’
1417 3050 1498 3102 ὅτι
1527 3049 1618 3102 τὸν
1657 3051 1838 3111 αὐτοῖς

264 3133 492 3187 δοθέντα
539 3137 706 3204 νόμον
751 3138 1090 3207 παρέϐησαν.
1126 3141 1189 3192 Ὀ
1222 3139 1297 3210 μὴ
1325 3139 1594 3204 νοοῦντες,
1630 3141 1840 3208 ἐμείνα-

261 3238 346 3289 te,
377 3227 532 3294 φησὶ,
560 3230 673 3289 τοῖς
703 3227 896 3291 δεινοῖς
916 3229 1283 3299 συνεχόμενοι.

1948 1959 2214 2026 oportuit,
2260 1972 2329 2009 ne
2385 1966 2732 2024 peccatormn
2768 1957 2973 2010 ultione
3001 1958 3066 2010 ad
3101 1957 3308 2026 frugem
3361 1972 3515 2009 revo-

1948 2048 2058 2099 cari
2114 2062 2172 2100 se
2203 2053 2255 2098 et
2288 2046 2488 2113 corripi
2538 2061 2645 2098 non
2692 2045 2983 2112 dolerent;
3017 2060 3248 2113 quorum
3297 2044 3516 2099 nomine

1947 2138 2026 2189 sie
2046 2136 2287 2205 loquitur
2313 2135 2582 2190 Jeremias
2608 2154 2619 2188 :
2658 2155 2676 2187 ι
2711 2136 2957 2197 Domine,
2980 2138 3122 2189 oeuli
3147 2138 3224 2189 tui
3249 2138 3303 2189 in
3330 2136 3510 2190 tidem.

1948 2227 2255 2295 Flagellasti
2306 2243 2422 2289 cos,
2483 2235 2537 2282 et
2606 2229 2898 2282 noluerunt
2956 2230 3207 2297 amplecti
3267 2227 3511 2296 discipli-

1946 2331 2068 2370 nam
2103 2319 2165 2369 ¹².
2198 2335 2214 2365 ι
2244 2317 2420 2384 Atque
2452 2316 2578 2370 hinc
2610 2327 2715 2380 est,
2744 2318 2887 2386 quod
2920 2333 3042 2370 cum
3076 2319 3163 2376 iis,
3195 2318 3310 2386 qui,
3345 2332 3508 2385 expu-

1944 2417 2108 2479 gnata
2140 2409 2363 2461 civitate
2393 2418 2791 2470 remanserant,
2843 2426 2909 2461 ne
2957 2410 3010 2462 in
3041 2408 3332 2479 Egyptum
3386 2408 3512 2463 des-

1944 2499 2263 2562 cenderent,
2286 2498 2425 2553 idem
2457 2500 2750 2563 suaderet;
2780 2500 3095 2553 earumdem
3117 2516 3315 2553 uxores
3341 2500 3514 2568 impo-

1947 2591 2079 2643 tenti
2118 2590 2300 2643 furore
2334 2591 2575 2660 percitae,
2611 2608 2639 2642 a
2692 2589 2921 2647 Domino
2947 2593 3175 2648 missum
3233 2606 3338 2644 non
3392 2606 3515 2644 esse

1945 2682 2335 2735 inclamabant.
2404 2682 2526 2735 Ideo
2578 2682 2723 2735 enim
2776 2696 2836 2735 se
2886 2682 3052 2737 tantis
3110 2682 3513 2735 calamitatibus

1944 2773 2134 2841 premi,
2194 2772 2342 2839 quod
2401 2774 2605 2841 regina:
2659 2774 2783 2827 cmli
2832 2774 3143 2828 sacriﬁcare
3187 2774 3510 2832 desiissent,

1943 2868 2278 2921 clamabant.
2313 2866 2460 2920 Adeo
2510 2867 2620 2922 illis
2665 2883 2863 2922 sensus
2930 2869 3351 2937 obstupuerant,
3387 2880 3509 2919 curn

1941 2958 2249 3025 pra'valcret
2296 2956 2547 3011 adrersus
2575 2973 2667 3011 eos
2691 2959 2907 3022 bellant,
2935 2970 2981 3012 et
3012 2962 3101 3027 qui
3142 2958 3509 3012 comburcbaut

1942 3066 2030 3101 eos
2065 3050 2119 3099 in
2173 3047 2425 3099 circuitu.
2457 3046 2614 3111 Quod
2642 3048 2841 3101 alicubi
2891 3054 3053 3103 etiam
3089 3060 3275 3102 noster
3328 3050 3533 3105 indicat

1942 3137 2232 3207 prOpheta,
2262 3136 2390 3188 dum
2424 3136 2590 3190 urbes
2617 3152 2804 3190 eorum
2836 3138 3013 3206 ignem
3047 3140 3362 3207 populattnn
3389 3155 3511 3192 esse

1870 3222 1912 3277 C
1953 3227 2263 3295 signiﬁcat;
2312 3226 2437 3278 talia
2466 3234 2614 3281 certe
2642 3233 2694 3281 et
2735 3227 2885 3295 ipsos
2919 3229 3080 3280 etiam
3124 3243 3267 3281 nunc
3323 3242 3512 3295 passos

261 3333 392 3373 esse
440 3320 609 3379 dicit;
667 3322 793 3374 licet
836 3338 864 3375 a
895 3322 1005 3377 Deo
1048 3338 1157 3375 non
1186 3322 1345 3390 eripi,
1378 3324 1694 3391 servarique
1723 3337 1831 3376 non
1870 3321 2199 3390 potuissent.
2243 3317 2449 3371 lndieat
2494 3329 2672 3372 autem
2737 3320 3104 3384 prmeedentes
3149 3319 3508 3379 calamitates,

261 3412 404 3470 quas
439 3413 543 3453 non
567 3398 793 3465 iustitiae
814 3403 1087 3471 operibus,
1111 3404 1204 3457 sed
1237 3405 1367 3472 legis
1398 3405 1605 3458 traditae
1655 3404 1949 3458 violatione
1975 3403 2217 3471 perpessi
2249 3410 2378 3459 sunt
2412 3421 2425 3458 :
2460 3406 2524 3460 ad
2550 3405 2696 3475 quod
2731 3406 2854 3475 quia
2887 3421 2991 3462 non
3050 3405 3374 3469 adtertistis.
3430 3406 3513 3461 in-

262 3491 408 3558 quit,
432 3488 649 3544 damnis
674 3502 728 3544 et
749 3489 1146 3546 calamitatibus
1175 3494 1469 3548 etiamnum
1501 3493 1729 3562 opprimi
1758 3509 1862 3545 non
1893 3492 2185 3547 desivistis.

865 3580 1115 3635 ΚΕΦΑΛ.
1148 3582 1279 3635 ΜΓ.

337 3680 495 3741 ιιι-ιγ’.
547 3673 657 3727 Καὶ
710 3671 828 3725 νῦν
872 3673 1061 3737 οὕτως
1111 3676 1273 3742 λέγει
1318 3673 1534 3740 Κύριος
1575 3674 1607 3726 ό
1647 3670 1846 3733 Θεὸςό

2546 3579 2700 3638 CAP.
2730 3580 2916 3638 XLIII.

2016 3668 2185 3740 480
2216 3668 2381 3723 Vsus.
2435 3668 2583 3723 1-15.
2635 3669 2701 3721 Et
2736 3686 2872 3723 nunc
2924 3680 3002 3723 ita
3053 3672 3181 3723 dicit
3230 3672 3511 3735 Dominus,

264 3761 529 3827 ποιήσας
546 3776 642 3823 σε.
669 3761 897 3827 Ἰακὼϐ,
926 3763 1026 3816 καὶ
1042 3765 1074 3815 d
1091 3762 1335 3829 πλάσας
1353 3780 1446 3827 σε,
1469 3763 1735 3830 Ἰσραήλο
1754 3761 1838 3827 Μὴ

1947 3761 2038 3829 qui
2078 3761 2202 3828 fecit
2249 3769 2317 3819 te,
2347 3759 2540 3822 Jacob,
2573 3768 2622 3813 et
2655 3763 2744 3830 qui
2780 3762 3027 3829 formarit
3068 3774 3137 3827 te,
3176 3762 3348 3816 Israel
3379 3781 3396 3817 :
3434 3763 3516 3817 Ne

261 3851 476 3919 φοϐοῦ,
502 3851 590 3904 ὅτι
615 3851 1054 3920 ἐλυτρωσάμην
1075 3866 1172 3916 σε,
1194 3852 1461 3906 ἐκάλεσα
1484 3868 1558 3906 σε
1577 3852 1642 3904 τὸ
1666 3852 1852 3921 ὄνομά

260 3958 406 3995 σου.
446 3942 616 4010 Ἑμὸς
665 3939 722 3995 εἷ
749 3943 851 3995 σύ.
881 3943 991 3996 Καὶ
1016 3942 1126 3997 ἐὰν
1172 3943 1481 4011 διαϐαἰνῃς
1510 3943 1585 3997 δι’
1614 3943 1849 4006 ὕδατος,

1951 3852 2168 3913 timeas,
2201 3852 2447 3919 quoniam
2502 3850 2696 3903 redemi
2735 3860 2805 3915 te,
2856 3853 3032 3904 rocaci
3080 3863 3127 3905 te
3162 3855 3369 3906 nomine
3403 3864 3511 3906 tuo.

1951 3938 2104 3993 Meus
2133 3957 2186 3992 es
2218 3951 2293 3993 tu.
2332 3938 2398 3992 bl
2425 3940 2471 3992 si
2495 3942 2769 3993 transieris
2801 3958 2893 4007 per
2928 3958 3141 4011 aquam,
3179 3953 3347 3996 tecum
3373 3960 3509 4005 sum,

252 4031 411 4100 μετὰ
421 4031 540 4085 σοῦ
557 4035 693 4100 εἰμι.
712 4033 808 4086 καί
825 4034 1074 4101 ποτα]ιοί
1088 4037 1159 4087 οὐ
1178 4035 1616 4101 συγκλείσουσί
1635 4049 1727 4088 σε.
1743 4037 1838 4087 Καρ

1945 4042 1996 4083 ct
2048 4030 2271 4097 ﬂumina
2322 4048 2425 4082 non
2475 4032 2770 4098 cooperient
2816 4042 2882 4086 te.
2919 4032 2986 4085 Et
3016 4036 3064 4087 si
3103 4037 3379 4089 transieris
3423 4050 3513 4101 per

256 4124 372 4178 ἐὰν
386 4123 632 4193 διέλθῃς
651 4124 747 4178 διὰ
777 4125 986 4192 πυρὸς,
1009 4128 1079 4180 οὐ
1095 4124 1181 4194 μὴ
1215 4124 1615 4192 κατακαυθῇς,
1640 4142 1693 4179 κ.
1716 4143 1767 4177 τ.
1796 4125 1843 4177 λ.

346 4211 624 4265 ’Δνοίκεια
672 4211 846 4265 ταῦτα
884 4210 993 4265 τῶν
1025 4213 1154 4282 περί
1209 4212 1305 4264 τοῦ
1333 4215 1398 4266 ἐκ
1426 4212 1726 4283 περιτομῆς
1745 4213 1843 4281 ἁρ-

252 4302 393 4363 τίως
446 4301 755 4371 εἰρημένων
792 4300 947 4365 λαοῦ,
994 4300 1087 4364 οὓς
1140 4302 1402 4355 ἀπεκάλει
1450 4303 1705 4371 τυφλοὺς,
1750 4303 1844 4354 καὶ

254 4393 504 4460 κωφοὺς,
532 4394 626 4446 καὶ
653 4392 1112 4463 διηρπασμένους.
1140 4393 1348 4447 Οὐκοῦν
1375 4394 1469 4446 νῦν
1489 4396 1516 4447 ὁ
1541 4394 1694 4462 λόγος
1714 4396 1840 4465 περὶ

1945 4121 2135 4187 ignem,
2162 4136 2262 4173 non
2294 4120 2637 4185 combureris,
2658 4122 2875 4189 ﬂamma
2902 4140 3005 4176 non
3040 4125 3303 4178 comburat
3323 4135 3507 4188 te,etC.

2011 4210 2169 4280 581
2210 4209 2430 4264 Diversa
2463 4220 2591 4266 sunt
2625 4213 2739 4266 haec
2767 4213 2835 4265 ab
2869 4213 2998 4275 illis,
3030 4228 3153 4282 quae
3179 4214 3246 4267 de
3272 4213 3509 4267 circum,

1918 4301 2063 4355 \ciso
2122 4303 2321 4371 populo
2359 4319 2529 4371 nuper
2576 4303 2921 4366 dicebantur,
2986 4318 3110 4357 cum
3166 4319 3340 4358 caecos
3391 4320 3506 4366 eos,

1936 4395 2134 4449 surdos
2169 4404 2223 4448 et
2252 4395 2493 4464 direptos
2524 4396 2852 4449 nominaret.
2883 4392 3001 4447 Jam
3030 4394 3197 4463 igitur
3221 4410 3404 4449 sermo
3424 4408 3509 4451 est

252 4482 355 4535 τοῦ
390 4483 702 4552 κρείττονος
741 4484 1022 4552 τάγματος
1060 4486 1170 4537 τῶν
1194 4489 1257 4538 ὲκ
1285 4486 1583 4556 περιτομῆς
1613 4502 1838 4537 πιστευ-

1871 4473 1913 4527 Ῑ)
1943 4487 2013 4539 de
2045 4487 2412 4552 pnestantiori
2446 4486 2537 4539 illo
2559 4487 3016 4540 circumcisontm
3037 4496 3205 4551 coetu,
3228 4488 3317 4554 qui
3353 4487 3507 4539 ﬁdem

252 4574 493 4628 σάντων.
527 4573 590 4626 Εἰ
613 4574 722 4644 γὰρ
778 4576 1048 4641 κάκεῖνοι,
1081 4578 1237 4647 φησὶ,
1276 4576 1505 4630 τοιοῦτοι
1533 4578 1836 4644 γεγονότες,

246 4663 487 4718 τοιαῦτα
540 4665 910 4730 πεπόνθασιν,
978 4666 1096 4719 ἀλλ’
1168 4668 1326 4739 ὑμεῖς
1376 4671 1425 4721 οἱ
1490 4668 1582 4719 τὸν
1631 4668 1839 4720 ἑαυτῶν

252 4756 499 4824 ποιητὴν
524 4756 619 4808 καὶ
668 4755 916 4825 πλάστην
948 4759 1282 4825 ἐπιγνόντες,
1312 4758 1604 4821 ἀκούσατε,
1633 4757 1841 4825 ποίημά

245 4861 313 4896 τε
342 4845 437 4897 καὶ
460 4845 688 4912 πλάσμα
714 4845 773 4897 τὸ
802 4848 860 4897 ὲν
889 4847 1017 4916 ὑμῖν
1043 4850 1407 4917 τετηρηκότες
1442 4849 1743 4915 ἀλώὸητον,
1766 4849 1841 4910 ὡς

244 4936 472 4997 οἰκείως
513 4936 733 4988 ἀκούειν
773 4936 972 4990 Ἰακώϐ
992 4955 1053 4991 τε
1103 4941 1199 4991 καὶ
1242 4940 1497 5006 Ἰσραήλ.
1534 4940 1673 5007 Ἐγὼ
1731 4941 1839 5008 γὰρ

222 5029 285 5079 ίό
313 5025 583 5092 ποιήσας
645 5027 744 5096 μέν
776 5042 850 5080 σε
900 5030 1040 5081 κατὰ
1100 5029 1277 5099 ψυχὴν
1329 5031 1427 5097 τὴν
1482 5031 1599 5083 κατ’
1657 5031 1838 5083 εἰκόνα

244 5116 660 5187 πεποιημένην,
718 5117 962 5183 πλάσας
992 5119 1049 5172 δέ
1085 5136 1179 5172 σου
1231 5124 1321 5173 καὶ
1347 5120 1406 5172 τὸ
1432 5122 1495 5173 ὲκ
1525 5122 1627 5189 γῆς
1678 5121 1836 5189 σῶμα

241 5202 481 5274 ληφθὲν,
513 5205 572 5269 ὃς
603 5209 696 5259 καὶ
735 5205 875 5277 αἷμα
927 5212 1226 5278 παρασχὼν
1280 5210 1421 5279 ὑπὲρ
1479 5211 1573 5262 σοῦ
1601 5212 1661 5263 τὸ
1682 5212 1834 5279 ἐμὶν,

241 5296 689 5365 ἑλυτρωσάμην
749 5316 807 5350 σε
852 5300 1039 5369 κτῆμα
1100 5301 1229 5353 ἱδιον
1290 5302 1676 5370 ποιησάμενος.
1736 5298 1831 5353 Ὧν

238 5386 560 5456 ἠξιωμένος
590 5388 772 5457 βάδιζε
797 5389 861 5459 ἢν
880 5390 1171 5459 ὲκελεύθης
1192 5391 1307 5443 ὁδὸν
1327 5392 1827 5461 εὐαγγελιζόμενος.

238 5479 371 5533 Κᾶν
396 5479 517 5532 ἁνθι
538 5480 706 5532 στῶσί
736 5498 902 5543 τινες,
924 5482 1123 5549 θάρῤει
1153 5484 1226 5553 μὴ
1256 5483 1480 5547 δεδιώς.
1522 5504 1540 5534 ι
1566 5484 1693 5536 Ἰδοὺ
1723 5485 1829 5553 γὰρ

317 5593 364 5626 ⁸⁸
406 5592 573 5647 lCor.
609 5611 661 5659 ι,
703 5596 790 5649 Η.
867 5598 910 5628 η
942 5594 1142 5651 Jerem.
1175 5612 1225 5660 v,
1259 5598 1343 5649 5..

1939 4574 2174 4642 amplexi
2202 4582 2350 4627 sunt.
2390 4572 2446 4627 Si
2473 4576 2616 4628 enim
2644 4584 2697 4629 et
2727 4575 2825 4637 illi,
2849 4574 2943 4637 ait,
2972 4576 3098 4643 quia
3134 4576 3270 4628 tales
3298 4586 3506 4632 essent.

1938 4664 2205 4733 ejusmodi
2242 4667 2386 4734 passi
2419 4675 2565 4729 sunt,
2590 4680 2688 4719 vos
2720 4667 2819 4733 ipsi
2854 4666 3069 4727 saltem,
3104 4665 3196 4733 qui
3224 4662 3509 4719 Factorem

1941 4763 2178 4809 vestrum
2213 4756 2534 4824 agnovistis,
2585 4756 2803 4819 audite,
2853 4756 3058 4820 audite,
3118 4757 3361 4823 inquam,
3416 4759 3508 4826 qui

1938 4861 2077 4916 opus
2110 4848 2286 4914 ipsum
2334 4854 2387 4898 et
2438 4847 2779 4915 ﬁgmentum,
2812 4848 2958 4916 quod
2992 4847 3045 4900 in
3080 4847 3233 4900 vobis
3281 4857 3384 4910 est,
3436 4850 3508 4900 ita

1943 4941 2061 4993 sine
2106 4940 2224 4993 labe
2254 4940 2643 5003 conservastis,
2690 4950 2747 4991 ut
2799 4939 3062 5007 peculiari
3096 4938 3313 4993 nomine
3339 4936 3506 4991 Iacob

1939 5044 1986 5084 et
2022 5030 2195 5085 Israel
2217 5031 2473 5085 audiatis.
2509 5030 2620 5100 Ego
2644 5032 2789 5084 enim
2816 5046 2936 5084 sum
2967 5032 3055 5100 qui
3094 5031 3193 5098 feci
3225 5039 3294 5095 te,
3325 5032 3507 5084 animo

1938 5124 2154 5192 quidem
2204 5123 2269 5175 ad
2320 5138 2497 5174 meum
2550 5123 2827 5192 exemplar
2861 5131 2914 5177 et
2958 5123 3022 5174 ad
3075 5124 3363 5191 imaginem
3408 5139 3505 5175 ex-

1940 5227 2164 5276 presso;
2204 5227 2434 5281 corpore
2476 5213 2896 5266 autcmdeterra
2930 5222 3107 5265 creato
3129 5224 3179 5267 et
3202 5220 3501 5280 assumpto.

1940 5301 2071 5370 Ego,
2130 5306 2369 5369 inquam,
2405 5305 2497 5370 qui
2529 5317 2579 5355 et
2608 5305 2928 5371 sanguinem
2965 5318 3143 5356 meum
3193 5311 3283 5354 tua
3332 5317 3501 5355 causa

1938 5393 2243 5453 cll'undcns,
2281 5394 2475 5447 redemi
2528 5403 2607 5457 te;
2644 5397 3025 5464 peculiumque
3050 5395 3315 5448 exsistere
3365 5394 3499 5447 Inibi

1940 5486 2105 5537 volui.
2141 5486 2235 5539 llis
2266 5502 2394 5555 ergo
2428 5502 2521 5557 per
2558 5504 2642 5542 me
2672 5489 2868 5558 dignus
2911 5490 3149 5552 habitus,
3198 5501 3358 5558 perge
3388 5500 3497 5555 quo

1558 5688 1789 5743 VARI/ii
1830 5688 2228 5743 l.ECTlt).\'ES.

320 5752 351 5794 ι
377 5770 466 5821 γρ.
505 5754 803 5825 παθήματα
841 5758 982 5830 ἅπερ
1024 5759 1198 5813 οῦδὲν.
