4284 6440
272 402 416 512 ξ389

1454 510 1479 531 τ

1395 406 1797 464 (ΣΟΜΜΕΝΤᾹ
1809 404 1922 463 illi
1989 405 2063 463 [Ν

2130 406 2323 465 [SAM
2340 408 2413 464 ll.
3375 397 3520 462 2390

270 525 287 548 ν
360 515 520 568 Ἀλλὰ
554 515 723 568 ταῦτα
756 516 1093 584 μὲνέκεῖνοι·
1130 517 1284 585 ὑμεῖς
1324 516 1402 577 δὲ,
1448 514 1492 568 ὦ
1539 518 1835 586 προφῆται,
1872 521 1915 575 Α

1827 555 1835 576 ,
1872 521 1915 575 Α
2016 517 2118 570 Sed
2160 518 2234 570 illi
2291 520 2508 587 quidem
2567 520 2664 569 ista
2702 537 2713 569 :
2747 532 2845 570 vos
2878 523 3082 576 autem,
3122 531 3153 567 ο
3215 514 3519 582 ρτιιριιριωι

270 606 524 675 γένεσθέ
553 623 653 673 μοι
703 604 994 674 μάρτυρες
1022 624 1033 637 ο
1069 606 1431 675 μαρτυρήσω
1459 607 1520 659 δὲ
1563 608 1685 659 σὺν
1746 605 1847 672 Υεῷ

274 695 456 763 κάγὼ,
495 696 682 765 φησὶν,
714 695 1199 764 ἐμαυτῷ.Ἔλεγεν
1226 697 1334 766 γὰρ
1365 699 1393 750 ὁ
1427 698 1614 767 Σωτήρ
1634 713 1644 724 ·
1668 716 1685 748 ι
1724 696 1848 750 Ἐὰν

272 788 388 854 ἐγὼ
419 787 681 856 μαρτυρῶ
716 786 844 855 περὶ
865 786 1124 853 ἐμαυτοῦ,
1154 788 1188 855 ἡ
1218 787 1491 855 μαρτυρία
1517 804 1616 855 μου
1646 787 1850 858 ἀληθής

274 878 448 937 ἐστιν,
503 878 584 930 ὅτι
628 872 746 929 οἶδα
776 875 938 928 πόθεν
967 878 1100 947 εἰμὶ,
1138 878 1232 929 καὶ
1284 877 1386 928 ποῦ
1430 877 1642 943 ὑπάγω.
1674 896 1691 928 ι
1744 879 1850 931 Καὶ

279 968 475 1019 πάλιν·
518 988 535 1017 ι
587 968 732 1035 Ἐγὼ
769 969 1031 1038 μαρτυρῶ
1061 970 1189 1039 περὶ
1216 968 1476 1037 ἐμαυτοῦ,
1503 969 1596 1021 καὶ
1641 985 1848 1038 μαρτυ-

278 1060 363 1126 ρεῖ
402 1060 530 1124 περὶ
561 1058 692 1126 ἐμοῦ
719 1059 747 1111 ὁ
779 1058 998 1127 πέμψας
1036 1076 1099 1126 με
1129 1060 1338 1127 Πατήρ.
1377 1058 1545 1111 Ταυτὶ
1578 1058 1655 1119 δὲ,
1685 1059 1845 1126 φησι,

274 1148 551 1216 λελάληκα
600 1149 750 1218 ὑμῖν,
798 1149 900 1201 ἵνα
945 1148 1152 1217 γνῶτε,
1184 1148 1283 1201 καὶ
1328 1149 1713 1212 πιστεύσητε,
1756 1148 1853 1201 καί

274 1237 510 1304 συνῆτε
550 1238 636 1290 ὅτι
667 1239 781 1308 ἐγώ
828 1241 964 1304 εἰμι.
997 1258 1015 1290 ι
1046 1240 1143 1293 Διὰ
1165 1239 1273 1309 γὰρ
1302 1239 1553 1307 γνώσεως
1576 1242 1609 1307 ὴ
1648 1241 1849 1302 πίστις.

280 1331 381 1382 Διὰ
408 1331 465 1384 δὲ
487 1332 588 1401 τῆς
612 1332 870 1393 πίστεως,
904 1332 936 1401 ἡ
973 1330 1208 1392 σύνεσις.
1268 1348 1285 1381 ι
1344 1330 1468 1383 Ἐὰν
1504 1330 1609 1399 γὰρ
1638 1331 1711 1399 μὴ
1759 1346 1852 1380 πιο

284 1422 575 1492 στεύσητε,
617 1424 727 1476 οὐδ’
764 1422 825 1475 οὐ
863 1423 936 1492 μὴ
965 1421 1182 1490 συνῆτε,
1215 1442 1232 1473 ι
1260 1423 1443 1490 φησίν.
1481 1422 1575 1474 Ὢν
1607 1421 1663 1474 δὲ
1687 1419 1854 1483 ἁῖδιός

276 1514 395 1582 εἰμι
424 1514 517 1567 καὶ
547 1514 758 1583 Σωτήρ.
816 1514 925 1568 Καὶ
971 1517 1231 1583 προεῖπον
1271 1513 1359 1566 ὅτι
1408 1511 1590 1575 σώζω,
1641 1513 1734 1565 καὶ
1767 1510 1854 1563 διὰ

275 1604 516 1673 Χριστοῦ
541 1604 677 1673 πρὸς
709 1605 868 1674 ἔργον
895 1605 1098 1674 ηγαγον
1155 1603 1449 1657 Ὠνείδισα
1464 1604 1540 1665 δὲ,
1559 1605 1713 1672 φησὶ,
1745 1605 1854 1665 τοῖς

275 1692 337 1755 ἐξ
382 1692 620 1762 Ἰσραὴλ,
647 1694 729 1745 ὃτι
760 1693 1030 1761 φιλήδονοι
1070 1692 1270 1760 μᾶλλον
1298 1691 1470 1755 ὄντες,
1505 1692 1537 1759 ἢ
1594 1689 1852 1759 φιλόθεοι,

273 1783 369 1832 τὸν
396 1783 528 1851 ὲμὺν
559 1783 890 1852 παρέϐαινον
936 1784 1120 1852 νόμον.
1163 1781 1305 1849 Ἐγὼ
1350 1784 1406 1836 δὲ
1463 1782 1548 1835 διὰ
1580 1783 1854 1853 πολεμίων

275 1869 466 1936 ἐφόδου
522 1870 745 1933 τούτους
786 1872 1090 1934 ἐπαίδευον,
1144 1872 1233 1923 ὅτε
1272 1874 1362 1923 καὶ
1415 1872 1514 1941 τὴν
1546 1873 1674 1941 παρ’
1716 1873 1851 1942 ἐμοῦ

275 1961 555 2030 σωτηρίαν
594 1963 843 2029 ἐζήτουν.
882 1965 1061 2033 Ὅπερ
1103 1963 1284 2024 αὐτοῖς
1312 1964 1592 2016 ὼνείδισιι
1634 1964 1722 2016 διὰ
1757 1965 1855 2033 τῆς

288 2051 555 2118 Ἰερεμίου
594 2054 780 2122 φωνῆς
808 2054 982 2121 λέγων
1001 2069 1013 2083 ο
1055 2073 1071 2104 ι
1114 2054 1201 2105 Ἐν
1222 2054 1300 2123 τῷ
1330 2053 1507 2123 καιρῷ
1535 2054 1642 2105 τῶν
1669 2054 1855 2107 κακῶν

270 2143 457 2195 αὐτῶν
496 2142 738 2212 ἐροῦσιν,
781 2145 1039 2209 Ἀνάστα,
1098 2146 1192 2197 καὶ
1239 2144 1412 2197 σῶσον
1470 2146 1636 2213 ἡμᾶς.
1676 2163 1693 2195 ι
1727 2146 1852 2209 Καὶ,

278 2254 297 2284 ι
332 2233 443 2285 Ποῦ
468 2237 611 2287 εἰσιν
656 2237 705 2287 οί
738 2235 849 2287 θ;οί
905 2252 1018 2300 σου,
1057 2236 1146 2298 οὓς
1204 2235 1464 2303 ἐποίησας
1514 2235 1758 2304 σεαυτῷς
1809 2238 1857 2287 εἰ

271 2328 675 2389 ἀναστήσονται
699 2328 793 2381 καὶ
816 2327 1049 2380 σώσουσί
1078 2344 1135 2379 σε
1160 2331 1216 2380 ἐν
1241 2327 1418 2397 καιρῷ
1439 2328 1539 2396 τῆς
1560 2326 1854 2389 κακώσεὼς

275 2432 409 2480 sou;
452 2435 469 2468 ι
504 2416 669 2477 Σώζω
696 2418 877 2471 τοίνυν
894 2420 1081 2487 μόνος
1104 2419 1235 2488 ἐγὼ,
1263 2419 1338 2481 ὡς
1358 2418 1616 2472 δύνασθαι
1654 2418 1856 2490 μηδένα

271 2507 386 2558 τῶν
450 2506 610 2575 ἐμῶν
656 2508 993 2575 ἐξαρπάσαι
1047 2506 1262 2576 χειρῶν
1317 2509 1424 2561 τὸν
1483 2507 1852 2576 σωζόμενον

271 2597 534 2666 ποιήσω,
561 2600 657 2652 καὶ
698 2600 784 2664 τίς
807 2599 1208 2667 ἀποστρέψεω
1243 2600 1407 2663 αὐτὸς
1444 2600 1634 2653 ἔδωκα
1662 2600 1770 2671 γὰρ
1791 2600 1856 2654 τὰ

274 2689 431 2760 ἔθνη,
464 2691 558 2744 καὶ
612 2692 697 2754 τίς
724 2690 884 2743 τοῦτο
941 2689 1240 2758 μεταϐαλεῖ
1303 2691 1438 2759 πρὸς
1472 2692 1532 2744 τὸ
1571 2693 1647 2761 μὴ
1685 2691 1858 2754 οὕτως

274 2781 459 2849 ἔχειν,
490 2782 572 2834 διδ
630 2800 695 2834 πε
709 2783 761 2849 pi
790 2783 900 2833 τῶν
929 2780 1124 2833 ἑαυτοῦ
1156 2781 1446 2851 προϐάτων
1473 2780 1657 2848 ἔλεγεν
1689 2785 1716 2835 δ
1746 2783 1856 2834 Σω-

274 2876 412 2940 τήρ·
450 2892 467 2923 ι
496 2870 673 2938 Κάγὼ
697 2872 888 2941 δίδωμι
917 2873 1101 2934 αὐτοῖς
1129 2871 1276 2942 ζωὴν
1305 2871 1543 2932 αἰώνιον,
1571 2874 1664 2924 καὶ
1696 2874 1755 2924 οὐ
1784 2872 1857 2941 μὴ

272 2964 591 3017 ἁπόὶῶνται
635 2964 716 3026 είς
771 2964 863 3016 τὸν
917 2964 1110 3016 αίῶνα.
1172 2962 1282 3014 Καὶ
1329 2960 1391 3013 οὐ
1426 2962 1499 3030 μὴ
1528 2963 1750 3035 ἁρπάσῃ
1774 2980 1858 3025 τις

275 3056 421 3109 αὐτὰ
451 3058 515 3109 ὲκ
547 3058 648 3125 τῆς
678 3057 860 3124 χειρός
894 3073 1018 3123 μου.
1066 3054 1124 3106 '0
1150 3054 1360 3123 Πατὴρ,
1404 3053 1460 3116 ὃς
1509 3053 1709 3106 δέδωκέ
1745 3072 1857 3123 μοι,

276 3147 501 3199 πάντων
535 3146 735 3216 μείζων
768 3146 906 3208 ἐστὶ,
938 3145 1034 3198 καὶ
1057 3143 1231 3206 οὐδεὶς
1252 3144 1474 3196 δύναται
1505 3144 1774 3211 ἁρπάζειν
1798 3148 1859 3197 ἐκ

275 3238 382 3307 τῆς
412 3239 592 3308 χειρὸς
622 3239 717 3291 τοῦ
742 3238 985 3307 ΙῙατέρος
1025 3254 1147 3306 μου.
1206 3256 1224 3288 ι
1263 3236 1419 3303 Φωνὴ
1468 3237 1578 3304 γὰρ
1620 3235 1758 3307 αὐτὴ
1797 3239 1860 3308 τῇ

277 3329 624 3400 προκειμένῃ
654 3329 976 3398 συνᾴδουσα.
1010 3326 1167 3387 Τινὲς
1200 3324 1255 3377 δὲ
1294 3324 1357 3376 τὸ
1380 3363 1395 3388 ,
1445 3323 1700 3390 ἐποίησα
1754 3325 1862 3378 ἆλ-

275 3420 485 3488 λαγμά
516 3434 634 3473 σου
661 3421 987 3488 Αιγυπτον,
1023 3419 1102 3481 είς
1135 3416 1444 3487 ὑπόμνησιν
1485 3415 1738 3485 εἰρῆσθαι
1767 3419 1863 3486 τῆς

278 3513 342 3576 ἐξ
373 3511 652 3579 Αἰγύπτου
677 3514 839 3580 φασὶν
870 3513 1206 3582 ἐλευθερίας.
1229 3515 1368 3569 Ὂλα
1400 3515 1508 3584 γὰρ
1535 3515 1661 3584 ἔθνη
1691 3533 1862 3583 τιμω-

283 3598 601 3667 ρησάμενος
635 3598 794 3669 ὑμῶν
824 3600 1392 3673 ἀντικατηλλαξάμην.
1440 3602 1740 3673 Τοιγαροῦν
1767 3605 1865 3656 ἐπ-

281 3690 429 3756 ἀγειο
448 3690 573 3759 Ἀφ’
594 3687 667 3747 οὗ
684 3691 926 3760 ἔντιμος
948 3692 1163 3763 ἐγένου
1191 3694 1449 3746 ἐνώπιον
1471 3694 1637 3763 ἐμοῦ,
1658 3693 1862 3758 ἐδοξά-

276 3786 459 3847 σθης.
489 3783 564 3835 Οὐ
593 3782 704 3853 γὰρ
723 3785 900 3855 οἰκείᾳ.
928 3784 1156 3855 δυνάμει
1176 3785 1245 3837 τὰ
1268 3785 1396 3855 ἔθνη
1421 3785 1729 3855 νενίκηκας,
1758 3788 1861 3856 ἐμῇ

276 3871 338 3924 δὲ
360 3871 523 3944 ῥώμῃ
552 3888 614 3925 τε
648 3877 741 3926 καὶ
774 3875 1082 3945 συμμαχία,
1105 3877 1199 3928 καὶ
1222 3876 1290 3928 τὰ
1313 3876 1445 3946 πρὸς
1471 3876 1659 3946 χρείαν
1674 3876 1757 3930 ἀεὶ
1772 3892 1862 3946 χο-

280 3962 651 4033 ρηγήσαντας,
681 3962 751 4027 ὥς
776 3968 843 4017 τὰ
873 3964 1033 4035 πέριξ
1067 3964 1193 4036 ἔθνη
1221 3965 1523 4036 θαυμάζειν
1552 3966 1864 4035 καταπλητ-

276 4052 504 4121 τόμενα.
532 4052 642 4107 Καὶ
677 4054 772 4107 νῦν
810 4054 866 4107 δὲ
903 4055 1088 4123 δράσω
1109 4056 1176 4108 τὰ
1209 4058 1586 4126 παραπλήσια.
1619 4057 1737 4111 Κᾶν
1758 4056 1865 4127 γὰρ

276 4138 357 4201 «3:;
392 4139 637 4193 ἁλουσῶν
664 4141 773 4195 τῶν
815 4142 846 4195 ι’
876 4144 1060 4210 φυλῶν
1093 4145 1452 4206 ὑπεκλύεσοε,
1503 4145 1610 4215 χρὴ
1645 4148 1865 4198 σκοπεῖν

276 4228 357 4291 ὡς
400 4231 451 4283 εί
502 4232 767 4302 γενοίμην
819 4234 947 4303 ὑμῖν
1004 4235 1261 4307 εὐμενὴς,
1292 4236 1628 4305 πανταχόθεν
1664 4236 1866 4301 πάντες

274 4318 642 4389 συνάγεσθε,
672 4324 765 4376 καὶ
797 4324 858 4377 τὺ
885 4324 984 4393 τὴν
1031 4327 1329 4396 ἀνάκλησιν
1373 4329 1659 4381 κωλύσον-
1688 4328 1863 4382 οὐδέν.

1948 614 2109 659 estote
2154 608 2281 659 milii
2326 616 2498 659 testes.
2536 606 2651 673 Ipse
2690 621 2811 659 vero
2874 605 3002 657 mihi
3051 619 3170 656 cum
3200 599 3330 654 Filio
3379 605 3522 656 testis

1951 692 2124 747 fuero.
2160 693 2377 749 Dicebat
2404 695 2547 747 enim
2574 693 2824 747 Salvator
2856 711 2867 745 :
2896 711 2912 744 ι
2944 694 3000 747 Si
3024 708 3127 761 ego
3153 691 3523 745 testimonium

1954 789 2208 855 perbibeo
2238 789 2305 841 de
2345 803 2430 840 me
2483 791 2625 857 ipso,
2657 790 3028 841 testimonium
3091 801 3270 840 meum
3338 801 3525 839 verum

1951 886 2035 931 est
2067 892 2079 929 :
2113 880 2238 945 quia
2275 894 2374 948 ego
2404 880 2524 931 novi
2554 877 2696 932 unde
2726 894 2870 938 sum.
2903 887 2954 931 et
2989 894 3097 946 qua
3124 878 3264 929 vado
3293 876 3359 929 ³⁵.
3399 895 3416 928 ι
3464 875 3527 929 Et

1955 985 2189 1025 rursus:
2230 989 2247 1021 ι
2277 969 2388 1039 Ego
2452 971 2823 1024 testimonium
2879 970 3137 1038 perbibeo
3166 970 3231 1021 de
3293 969 3526 1038 tucipsu,

1954 1067 2006 1112 ct
2062 1068 2288 1114 testatur
2326 1061 2393 1113 de
2444 1075 2549 1125 me,
2588 1061 2679 1128 qui
2741 1061 2888 1112 misit
2933 1075 3018 1114 me
3073 1059 3230 1112 Pater
3280 1060 3344 1114 ³⁸.
3406 1060 3529 1113 llmc

1956 1163 2135 1205 autem
2178 1154 2391 1205 loeutus
2420 1168 2539 1206 sum
2566 1154 2737 1215 vobis,
2769 1162 2824 1204 ut
2853 1153 3059 1216 sciatis,
3092 1164 3139 1205 et
3162 1154 3415 1212 credatis.
3477 1163 3525 1204 et

1956 1244 2284 1311 iuteltigatir,
2315 1244 2438 1311 quia
2466 1260 2555 1311 ego
2578 1260 2715 1297 sunt.
2762 1262 2779 1293 ι
2827 1242 2986 1295 Fides
3018 1244 3162 1296 enim
3196 1244 3528 1312 cognitione,

1958 1334 2061 1387 [ide
2104 1343 2285 1387 autem
2340 1334 2694 1402 intelligentia
2743 1344 3115 1402 camparatur.
3162 1350 3180 1383 ι
3214 1333 3328 1387 Nisi
3385 1336 3530 1388 enim

1957 1422 2318 1488 credideritis,
2347 1427 2539 1495 inquit,
2577 1440 2683 1479 non
2712 1425 3021 1494 intelligetis
3047 1426 3111 1478 ³⁵.
3143 1445 3161 1476 ι
3195 1426 3297 1492 Qui
3350 1437 3531 1480 autem

1957 1531 2078 1571 Sum
2108 1524 2363 1580 aeternus,
2388 1532 2507 1571 sum
2535 1518 2673 1570 idem
2698 1523 2751 1569 ct
2784 1516 3052 1570 Salvator.
3077 1516 3141 1570 Et
3169 1519 3261 1584 qui
3296 1516 3531 1585 prmmisi

1958 1608 2164 1661 σπίναι-ε
2192 1624 2296 1674 me,
2342 1609 2393 1661 id
2424 1610 2589 1662 etiam
2620 1623 2712 1676 per
2736 1608 3019 1661 Christum
3054 1623 3244 1675 reapse
3278 1607 3529 1675 praestiti.

1959 1698 2287 1766 Exprobrari
2317 1708 2521 1763 autem,
2563 1699 2758 1769 inquit,
2802 1699 3012 1761 lsraeli,
3040 1714 3165 1752 eum
3210 1697 3383 1764 ipsum
3434 1714 3533 1752 vo-

1960 1792 2250 1859 luptatum,
2279 1805 2441 1859 quam
2501 1790 2590 1845 Dei
2614 1805 2734 1844 esse
2774 1790 3176 1855 amantiorem;
3211 1789 3302 1857 qui
3363 1790 3532 1856 legem

1960 1898 2132 1936 meam
2166 1882 2513 1951 prmtergredi
2550 1899 2657 1937 non
2693 1880 2986 1936 dubitarit.
3014 1881 3119 1934 Sed
3186 1878 3405 1935 eosdem
3435 1893 3534 1948 ego

1960 1974 2241 2028 iuvasione
2298 1975 2536 2029 hosﬁum
2592 1974 2894 2042 castigavi,
2932 1988 3053 2026 cum
3083 1986 3111 2024 a
3176 1987 3258 2025 me
3305 1970 3532 2025 salutem

1959 2072 2281 2134 quaererent,
2335 2067 2477 2119 sicut
2510 2079 2604 2133 per
2637 2062 2925 2118 Jeremiam
2959 2062 3270 2131 exprobrari
3298 2061 3382 2114 his
3411 2074 3534 2113 ver-

1959 2157 2042 2212 bis
2078 2176 2133 2210 :c
2166 2159 2484 2225 lntempore
2524 2157 2786 2209 malorum
2830 2171 3052 2211 suorum
3080 2155 3287 2210 dicent.
3325 2153 3533 2205 Exsur-

1956 2264 2041 2317 8".
2069 2256 2123 2300 εἰ
2165 2249 2312 2301 Solva
2350 2263 2446 2299 nos
2475 2248 2538 2287 ³⁷η
2576 2265 2593 2297 ι
2637 2243 2738 2299 Et:
2782 2264 2799 2295 ι
2836 2244 2938 2299 Ubi
2969 2252 3099 2298 sunt
3156 2244 3231 2296 dii
3263 2244 3361 2306 tui,
3396 2257 3534 2310 quos

1959 2332 2159 2385 frustra
2194 2333 2366 2386 fecisti
2413 2334 2507 2386 tibi
2539 2332 2561 2383 ?
2594 2348 2721 2385 num
2759 2341 2982 2400 surgent
3029 2342 3081 2385 et
3121 2332 3430 2385 liberalmut
3483 2339 3536 2384 tc

1960 2424 2012 2477 in
2054 2434 2295 2493 tempore
2328 2424 2638 2478 amictionis
2668 2433 2772 2477 tua!
2802 2425 2883 2477 "‘t
2912 2443 2929 2475 ι
2966 2423 3192 2478 δηίιναὺο
3249 2424 3412 2489 igitur
3441 2437 3535 2491 ego

1959 2517 2143 2581 solus;
2179 2533 2275 2570 nec
2311 2518 2508 2584 poterit
2529 2519 2826 2585 quisquam
2869 2516 3117 2567 manibus
3149 2516 3276 2567 meis
3329 2529 3533 2573 eruere,

1959 2624 2118 2678 quem
2169 2609 2375 2661 srilvare
2428 2616 2691 2663 statuero.
2751 2605 2994 2668 Faciam,
3046 2615 3095 2658 et
3148 2607 3265 2674 quis
3303 2606 3538 2658 avertet?

1961 2701 2079 2770 ipse
2122 2700 2319 2752 salvari
2345 2707 2554 2768 gentes,
2587 2710 2639 2751 et
2675 2699 2799 2767 quis
2831 2709 2931 2761 est,
2970 2698 3062 2766 qui
3132 2713 3245 2750 rem
3299 2699 3371 2749 ita
3425 2712 3535 2750 non

1962 2792 2163 2845 habere
2189 2792 2368 2855 dicat;
2398 2799 2492 2842 aut
2527 2789 2783 2843 infectam
2822 2788 3062 2842 reddat?
3093 2788 3229 2842 lliuc
3256 2798 3342 2842 est
3370 2789 3537 2857 igitur

1963 2881 2116 2942 illud,
2142 2880 2280 2948 quod
2326 2879 2396 2935 de
2425 2881 2543 2933 suis
2591 2880 2787 2934 ovibus
2817 2879 3033 2933 dicebat
3073 2878 3364 2932 Salvator:
3409 2896 3429 2930 ι
3473 2877 3538 2933 Et

1962 2989 2063 3043 ego
2095 2973 2216 3027 dedi
2249 2972 2331 3026 eis
2360 2972 2526 3024 vitam
2560 2974 2972 3041 sempiternam,
3010 2984 3182 3037 neque
3205 2969 3458 3038 peribunt
3481 2968 3534 3021 in

1964 3063 2245 3125 smculum,
2290 3076 2465 3130 neque
2493 3075 2585 3113 eas
2638 3060 2873 3128 abripiet
2914 3059 3202 3127 quisquam
3253 3057 3321 3112 de
3373 3072 3536 3111 manu

1889 3172 1932 3229 ο
1968 3167 2106 3206 mea.
2143 3152 2323 3216 Pater,
2350 3152 2441 3220 qui
2481 3151 2631 3206 dedit
2661 3151 2814 3214 mihi,
2843 3149 3087 3203 omnium
3110 3156 3193 3203 est
3222 3148 3529 3219 potentissi-

1966 3260 2117 3308 nius;
2141 3260 2239 3299 nec
2278 3252 2453 3313 potest
2481 3243 2769 3311 quisquam
2819 3256 3013 3309 rapere
3052 3241 3119 3294 de
3149 3256 3313 3293 manu
3360 3238 3540 3293 Patris

1965 3338 2067 3391 mei
2096 3337 2157 3387 ”.
2195 3355 2213 3386 ι
2247 3334 2531 3388 Consentit
2580 3333 2724 3386 enim
2780 3346 2880 3385 vox
2945 3332 3069 3393 ism,
3125 3345 3246 3384 cum
3298 3331 3366 3384 iis
3418 3344 3541 3399 qua

1964 3427 2122 3481 nobis
2187 3439 2215 3477 a
2269 3424 2532 3493 propheta
2593 3428 2993 3492 proponuntur.
3050 3419 3307 3474 Nonnulli
3355 3430 3534 3475 autent

1962 3517 2108 3586 quod
2143 3516 2244 3585 feci
2264 3516 2728 3569 commutationem
2772 3523 2916 3565 tuam
2951 3510 3240 3581 ngyptum
3269 3511 3424 3575 dixit,
3455 3512 3541 3566 id-

1965 3610 2181 3677 ipsum;
2217 3615 2274 3659 ut
2304 3621 2364 3662 se
2409 3603 2730 3675 Egyptiaca
2785 3604 3047 3658 servitute
3109 3602 3365 3656 liberatos
3418 3617 3541 3658 esse

1968 3698 2332 3759 meminerint,
2366 3696 2677 3764 appositum
2706 3693 3048 3747 arbitrantur
3074 3709 3088 3757 ;
3120 3695 3276 3761 quasi
3322 3700 3539 3762 sumpta

1964 3789 2032 3845 de
2065 3790 2317 3857 gentibus
2340 3786 2608 3841 universis
2638 3785 2840 3838 ultione
2867 3784 2988 3837 illos
3030 3784 3081 3837 in
3109 3784 3333 3837 istorum
3362 3785 3539 3838 locum

1965 3894 2023 3933 se
2061 3877 2410 3932 substituisse
2438 3875 2602 3929 dicat.
2640 3872 2825 3941 itaque
2851 3872 3038 3941 adjicit
3075 3889 3088 3923 :
3120 3872 3197 3927 Ex
3245 3890 3346 3942 quo
3378 3875 3543 3927 hono-

1966 3969 2153 4022 rabilis
2184 3967 2356 4035 {actus
2382 3982 2435 4021 es
2463 3966 2516 4018 in
2540 3976 2816 4028 conspectu
2846 3982 2976 4029 meo,
3004 3963 3336 4033 gloriﬁcatur
3375 3965 3541 4037 487

1965 4075 2040 4111 es.
2078 4056 2261 4125 Neque
2291 4056 2435 4109 enim
2468 4062 2562 4107 tua
2586 4054 2807 4118 virtute,
2841 4055 2933 4106 sed
2965 4055 3100 4109 meis
3138 4056 3364 4117 viribus,
3390 4071 3542 4110 meo-

1965 4160 2070 4215 quc
2093 4144 2299 4199 auxilio
2328 4152 2519 4214 gentes
2554 4145 2848 4213 superasti.
2882 4144 2973 4213 qui
3005 4145 3136 4197 nulli
3170 4154 3220 4200 te
3244 4146 3404 4200 rebus
3420 4162 3542 4217 ege-

1968 4254 2025 4292 re
2055 4251 2247 4307 passus
2280 4236 2380 4289 sim
2410 4252 2424 4288 :
2460 4235 2599 4288 unde
2633 4243 2687 4287 et
2722 4236 2915 4289 vicinis
2955 4235 3195 4305 undique
3228 4237 3543 4305 regionibus

1967 4339 2173 4394 magnae
2202 4339 2308 4377 non
2345 4322 2693 4376 admirationi
2746 4333 2976 4386 tantum,
3004 4325 3097 4379 sed
3136 4327 3331 4380 terrori
3380 4328 3541 4381 etiam

276 4409 391 4462 Καὶ
426 4410 526 4480 τὴν
558 4411 732 4483 ἀρχὴν
761 4413 869 4485 γὰρ
892 4414 1043 4483 ἐμῆς
1066 4417 1228 4471 ἕνεκα
1262 4415 1446 4484 δόξης
1474 4419 1865 4490 περιεποιησά-
1966 4445 1968 4456 ι

1850 4448 1865 4460 -
1966 4415 2242 4472 exstitisti.
2297 4414 2457 4483 Atqui
2499 4413 2607 4468 illis
2636 4414 2936 4468 etiamnum
2991 4417 3150 4486 plane
3205 4416 3404 4471 similia
3447 4418 3542 4470 ad-

277 4515 390 4571 μην
419 4501 586 4572 ὑμᾶς.
616 4505 712 4556 καὶ
741 4504 809 4556 τὰ
836 4505 971 4576 πρὸς
1004 4507 1104 4576 ἐμὲ
1152 4508 1606 4578 τυρλώττοντῑις
1643 4510 1860 4562 ἐλευοεο
1896 4499 1936 4551 ι)
1967 4528 1969 4560 ι

1849 4539 1860 4551 -
1896 4499 1936 4551 ι)
1967 4508 2234 4562 missurus
2257 4506 2382 4561 sim.
2412 4504 2530 4559 Etsi
2557 4505 2703 4559 enim
2763 4513 3020 4575 tanquam
3056 4507 3231 4575 captis
3289 4508 3541 4563 tribubus

276 4592 404 4661 ρίας
457 4593 690 4661 ἠξίωσα.
730 4597 805 4649 Οὐ
866 4598 977 4668 γὰρ
1026 4597 1240 4652 οἴκοθεν
1279 4599 1524 4668 κινηθεὶς
1575 4597 1856 4669 ᾠκειώθης
1961 4625 1968 4649 ⁴

1850 4619 1856 4662 ;
1961 4602 2174 4665 decem,
2232 4614 2398 4668 prope
2449 4597 2704 4658 delicitis.
2775 4613 2881 4651 non
2950 4598 3201 4667 ignorare
3232 4614 3327 4653 vos
3386 4597 3542 4652 decet

272 4683 421 4753 δμοί.
447 4684 513 4737 Τί
534 4681 629 4739 οὖν
655 4687 794 4756 μετὰ
819 4687 1104 4760 τοσαύτην·
1117 4694 1333 4761 πεῖραν,
1355 4692 1431 4752 ὡς
1464 4692 1600 4762 μήτε.
1630 4692 1852 4757 ἰδόντες.
1962 4708 1964 4737 ῖ

1850 4737 1852 4749 ,
1962 4702 2165 4753 tamen,
2190 4704 2295 4753 me,
2329 4690 2373 4743 si
2406 4688 2648 4758 placidus
2672 4702 2795 4741 esse
2819 4702 3057 4757 τωρωι-ο,
3091 4703 3279 4744 omnes
3303 4689 3542 4758 undique

275 4774 422 4843 μήτε
464 4775 572 4845 μὴν
598 4778 898 4848 ἀκηκοότες
932 4782 1347 4849 τυφλώττετε;
1962 4812 1967 4835 <

1962 4792 2289 4845 coacturum,
2323 4796 2498 4849 neque
2533 4777 2823 4832 revocandi
2878 4779 3188 4832 institutum
3243 4778 3539 4849 quidquam

272 4879 401 4944 esse
443 4867 863 4933 prohibiturum.
904 4869 1038 4923 Nam
1086 4882 1139 4926 et
1203 4889 1296 4927 vos
1331 4874 1398 4928 ab
1456 4873 1616 4928 initio
1670 4874 1854 4944 gloria:
1892 4895 2017 4931 mea:
2048 4876 2292 4930 serviens
2353 4871 2484 4925 mihi
2539 4870 2826 4939 acquisivi,
2861 4876 2915 4923 et
2938 4870 3291 4937 quantmuvis
3345 4870 3400 4923 iu
3456 4886 3542 4927 me

269 4938 609 5013 cdrcutierrte:
668 4961 831 5015 etiam
897 4962 1147 5017 libertate
1197 4962 1419 5016 donavi.
1478 4938 1691 5035 Nequev
1716 4967 1860 5021 enim
1904 4977 2091 5037 tuopte
2124 4964 2361 5035 ingenio,
2420 4938 2631 5030 tuaque
2662 4969 2871 5040 tantum
2925 4958 3123 5015 ductus
3194 4961 3359 5014 animi
3418 4978 3541 5029 pru-

271 5052 545 5121 pensitate
578 5053 711 5109 mihi
746 5054 1047 5111 adhasisti.
1081 5054 1219 5122 Quid
1253 5056 1418 5127 igitur
1479 5065 1629 5110 tanta
1693 5060 1926 5128 experti,
1969 5070 2226 5128 tanquam
2290 5053 2426 5109 nihil
2482 5052 2788 5115 aud.critis,
2821 5051 3069 5119 nihilque
3108 5051 3372 5118 videritis,
3434 5052 3536 5124 ipsi

272 5144 541 5198 ca’cutitir
566 5144 590 5196 ?

359 5234 799 5307 ’Υπομιμνήσκει
828 5239 885 5294 δὲ
918 5242 1136 5307 αὐτοὺς,
1163 5240 1237 5306 ὡς
1268 5242 1363 5294 καὶ
1407 5243 1583 5295 πάντα
1631 5242 1698 5295 τὰ
1735 5242 1861 5313 ἔθνη

276 5327 379 5380 σὺν
438 5327 747 5396 Ἀσσυρίοις
803 5332 1247 5402 ἐπεστράτευσαν
1322 5333 1681 5403 Ἰερουσαλὴμ
1728 5334 1859 5404 θαρ-

278 5416 483 5487 ροῦντα
513 5421 627 5482 τοῖς
658 5421 809 5486 ἰδίοις
837 5423 999 5489 Θεοῖς,
1026 5426 1159 5495 παρ’
1186 5418 1261 5479 ῶν
1290 5426 1351 5478 οὐ
1396 5425 1647 5494 βοήθειαν
1679 5427 1856 5496 ἔσχον,

274 5510 338 5561 οὐ
372 5508 472 5571 τὰς
523 5511 824 5579 μελλούσας
872 5516 1226 5586 προέγνωσαν
1277 5518 1488 5579 ἑαυτοῖς
1546 5519 1849 5586 συμφοράς.

289 5602 658 5672 Ὀγδιιήκοντα
685 5607 844 5661 πέντε
868 5610 975 5679 γὰρ
1002 5610 1235 5679 χιλιάδες
1260 5609 1462 5666 τούτων
1487 5609 1856 5664 πεπτώκασιν.

938 5782 982 5814 ³⁵
1011 5782 1119 5837 ibid

348 5775 393 5807 ⁸⁷⁵
428 5776 565 5833 Joau
619 5794 737 5843 vui,
775 5779 855 5835 li.
938 5782 982 5814 ³⁵
1011 5782 1119 5837 ibid
1179 5782 1261 5837 18.
1341 5783 1383 5813 ³⁸
1426 5781 1526 5838 ΙειιΔ
1565 5796 1655 5839 vn.
1688 5783 1741 5835 υ.

1820 5780 1880 5850 ³⁷,
1906 5776 2084 5831 iurem
2138 5794 2175 5841 ι,
2204 5777 2291 5830 ‘37.

2040 5246 2224 5310 Neque
2257 5255 2386 5294 vero
2410 5254 2504 5293 eos
2535 5236 2742 5306 patitur
2764 5233 3045 5298 oblivisci,
3077 5233 3534 5302 quemadmodum

1964 5343 2017 5387 et
2050 5339 2240 5397 gentes
2268 5343 2480 5387 omnes,
2515 5326 2721 5393 junctis
2749 5340 2873 5379 cum
2905 5324 3136 5395 Assyrio
3166 5323 3396 5382 viribus,
3424 5322 3538 5375 ltel-

1970 5422 2017 5473 lo
2045 5418 2351 5473 Jerusalem
2382 5414 2627 5482 aggressi
2665 5420 2817 5473 sunt,
2850 5428 2973 5465 eum
3009 5411 3113 5463 iliis
3146 5410 3259 5464 suis
3288 5409 3531 5463 conlide-

1962 5518 2111 5573 reut;
2148 5526 2179 5563 α
2215 5508 2414 5578 quibus
2456 5521 2630 5573 neque
2682 5504 2945 5557 auxilium
2986 5504 3154 5555 ullum
3217 5508 3531 5580 senserunt.

1973 5616 2147 5670 neque
2181 5600 2284 5653 sibi
2323 5598 2658 5652 calamitates
2693 5594 3005 5665 imp-indere
3034 5592 3415 5663 prmvidcrunt.
3458 5589 3532 5645 Ex

2371 5776 2413 5807 ³³
2449 5775 2580 5829 ibid.
2614 5774 2705 5828 ‘23.
2790 5776 2831 5805 ³⁵³
2858 5771 3015 5827 Juau.
3057 5789 3106 5833 .\',
3139 5772 3228 5832 ‘28,
3262 5772 3348 5825 '29.
