4284 6440
238 445 383 511 2393

1342 462 1861 524 COMMENTAIHI
1927 468 2007 525 IN
2070 468 2351 529 lS.‘l.-\.\I.

3350 451 3486 539 2:th

234 559 499 631 πλησίους
522 564 868 633 ἐσϐεσμένῳ
894 568 1335 638 παραϐάλλεσθαι
1355 571 1504 637 λίνῳ
1526 572 1600 640 τῷ
1623 573 1820 642 ραδτως
1852 585 1891 635 Α

1931 576 2148 628 tentiam
2203 592 2399 641 meam,
2443 587 2498 631 et
2538 592 2701 647 quam
2732 579 2798 635 de
2835 580 2992 636 vobis
3035 594 3223 635 curam
3266 584 3489 638 habeam

229 654 599 722 ἀναπτομένῳ
633 658 726 708 καὶ
756 658 1138 726 σϐεννυμένου
1176 662 1336 729 τυχὶν
1364 661 1493 731 ψιλῇ
1544 665 1635 714 καὶ
1683 665 1819 735 μόνῃ

228 745 402 815 χειρί.
433 748 727 816 Διήγαγον
756 750 810 801 δὲ
841 751 1037 818 τρίϐον
1064 754 1256 815 αὐτοὺς
1287 754 1356 804 ἐν
1390 753 1554 805 ὕδατι
1590 756 1722 821 πρὸς
1754 758 1815 824 τῇ

230 836 523 904 θαλάσσῃ
548 841 641 890 καὶ
674 839 761 891 τὸν
795 843 1037 909 ποταμὸν
1075 842 1435 913 Ἰορδάνην.Ὂ
1471 848 1565 898 καὶ
1607 846 1819 916 θαυμά-

232 927 345 989 ζων
364 930 529 997 φησὶν
546 931 573 981 ὁ
590 929 781 981 Δαϐίδ·
818 950 844 979 ι
864 932 928 983 Τί
953 934 1033 984 σοί
1058 936 1193 998 ἐστι,
1213 934 1478 998 θάλασσα,
1496 938 1577 988 ὃτι
1596 935 1815 1004 ἔφυγες,

234 1021 336 1073 καὶ
371 1023 462 1083 σὺ,
498 1021 758 1091 Ἰορδάνη,
786 1024 867 1076 ὅτι
897 1027 1170 1096 ἐστράφης
1216 1030 1293 1089 εἰς
1316 1028 1382 1081 τά
1412 1029 1621 1093 ὀπίσως
1655 1048 1672 1079 ι
1713 1031 1821 1083 Καὶ

233 1111 435 1163 πάλιν·
475 1130 493 1161 ι
522 1111 581 1164 '0
618 1115 1010 1183 μεταστρέφων
1052 1115 1149 1184 τὴν
1192 1118 1464 1170 θάὶασσαν
1501 1120 1581 1179 είς
1630 1118 1818 1188 ξηρὰν,

230 1203 295 1252 ὲν
361 1202 591 1271 ποταμῷ
634 1203 996 1257 διελεύσονται
1042 1205 1180 1258 ποδί.
1209 1226 1226 1255 ι
1277 1206 1399 1269 Πῶς
1443 1206 1501 1259 δὲ
1528 1208 1689 1269 αὐτὸς
1728 1208 1822 1270 ἐξ·

231 1289 462 1358 ἢγαγεν
496 1291 727 1359 ἅρματα
764 1294 861 1345 καί
892 1294 1115 1359 ῖππον;
1143 1295 1309 1363 Δῆλον
1350 1296 1458 1364 γάρ
1491 1297 1565 1360 ὡς
1594 1296 1685 1349 τὸν
1722 1297 1820 1349 Ἰσ-

234 1380 382 1449 ραὴλ
411 1382 589 1451 οἰκεία
612 1385 927 1451 προαιρέσει
948 1385 1144 1454 Φαραὼ
1172 1386 1509 1451 κατεδίωξεν,
1527 1388 1822 1455 ἐπειδήπερ

234 1471 454 1541 εἴρηται
485 1472 637 1539 παρὰ
669 1474 803 1525 Θεοῦ
829 1474 963 1541 πρὸς
982 1476 1163 1527 αὐτόν·
1202 1495 1219 1525 ι
1258 1475 1350 1537 Εἰς
1380 1478 1535 1529 τοῦτο
1564 1477 1823 1545 ἐξήγειρά

237 1578 298 1612 σε
348 1564 494 1625 ὅπως
542 1564 864 1634 ἐνδείξωμαι
918 1567 974 1617 ἐν
1028 1568 1111 1618 σοι
1150 1566 1245 1636 τὴν
1278 1567 1506 1637 δύναμίν
1560 1586 1694 1637 μου,
1732 1569 1822 1621 καὶ

232 1653 388 1716 ὅπως
415 1654 674 1725 διαγγελῇ
699 1658 756 1709 τὸ
782 1657 951 1728 ὄνομά
984 1675 1088 1726 μου
1121 1660 1177 1710 ὲν
1212 1660 1358 1729 πάσῃ
1388 1663 1451 1729 τῇ
1484 1662 1577 1729 γῇ.
1613 1680 1629 1711 ι
1667 1661 1821 1713 Οὕτω

230 1742 293 1794 δὲ
330 1744 426 1794 καὶ
454 1746 580 1805 τοὺς
610 1746 912 1813 φεύγοντας
955 1748 1055 1817 τὴν
1102 1748 1232 1818 περὶ
1273 1750 1340 1802 τά
1373 1751 1530 1819 γήϊνα
1562 1750 1817 1820 σπουδὴν,

234 1836 347 1888 ὑπό
392 1853 447 1889 τε
489 1836 581 1889 τοῦ
627 1838 873 1891 διαϐόλου
925 1838 1285 1909 διωκομένους
1315 1840 1476 1904 σώζει
1508 1842 1821 1911 παραδόξως

1926 663 2151 716 ostendi.
2190 663 2327 716 Olim
2363 666 2635 735 siquidem
2672 675 2726 720 et
2764 682 2865 739 ego
2900 678 2952 724 te
2977 685 3042 723 ea:
3075 669 3308 740 zEgypto
3330 672 3495 726 eduxi

1927 770 2019 823 per
2044 769 2215 817 mare,
2239 757 2291 808 in
2315 757 2459 825 quod
2487 756 2794 812 Pharaonis
2810 764 3114 815 exercitum
3140 765 3212 816 ita
3235 763 3492 828 demersi,

1929 856 1987 899 ιιι
2021 847 2075 899 in
2100 846 2368 914 profundo
2394 850 2628 917 sepultus
2669 851 2797 906 inde
2826 860 3015 920 postea
3052 870 3153 907 non
3174 855 3491 911 surrexerit.

1925 936 2046 999 Quo
2074 932 2275 990 factmn
2309 948 2415 1000 est,
2450 948 2507 992 ut
2540 941 2767 995 llammte
2794 956 2901 995 non
2935 943 3214 1000 absimiles
3231 947 3494 999 exstincto

1928 1024 2037 1079 lino
2061 1040 2487 1095 comparentur;
2522 1033 2666 1098 quod
2690 1040 2746 1084 ιιι
2768 1033 2929 1087 facile
2964 1034 3278 1088 incendium
3310 1036 3498 1089 conci-

1930 1118 2032 1185 pit.
2060 1119 2130 1171 ita
2169 1120 2319 1172 nullo
2353 1120 2572 1185 negotio
2603 1120 2834 1178 fortasse
2858 1124 3004 1179 nuda
3038 1134 3248 1178 tantum
3272 1128 3497 1191 solaque

1929 1221 2087 1259 manu
2118 1210 2482 1276 restinguitur.
2502 1208 2763 1273 Atednxi,
2784 1212 2979 1281 inquit,
3001 1230 3108 1267 ιιοιι
3140 1216 3496 1278 marisolum;

1929 1300 2022 1351 sed
2055 1315 2149 1368 per
2195 1316 2347 1368 aqua:
2384 1303 2624 1354 semitam
2658 1305 2846 1366 etiam,
2890 1305 2943 1358 id
2977 1314 3082 1369 est,
3124 1322 3219 1375 per
3238 1306 3499 1362 Jordanis

1928 1391 2188 1454 ﬂuvium;
2228 1392 2370 1459 quod
2416 1392 2721 1447 admiratus
2760 1392 2931 1445 David
2972 1396 3117 1449 hunc
3166 1397 3218 1449 in
3278 1395 3496 1450 modum

1928 1486 2126 1538 cecinit
2162 1504 2175 1540 :
2207 1503 2224 1535 ι
2248 1484 2385 1550 Quid
2421 1495 2505 1541 est
2533 1490 2652 1551 tibi,
2684 1503 2853 1552 mare,
2889 1488 3034 1557 quod
3069 1486 3292 1559 fugisti;
3327 1499 3380 1544 et
3414 1500 3494 1554 tn,

1926 1572 2200 1636 Jurdanis,
2221 1575 2347 1642 quia
2377 1590 2679 1630 conversus
2707 1592 2766 1632 es
2793 1587 3092 1633 retrorsum
3130 1578 3211 1631 “?
3242 1598 3259 1630 ι
3293 1578 3357 1633 Et
3379 1596 3499 1633 rur-

1926 1673 2089 1712 sum:
2130 1678 2147 1709 ι
2190 1658 2292 1725 Qui
2335 1665 2609 1716 convertit
2650 1680 2798 1718 mare
2840 1665 2895 1718 in
2945 1667 3189 1732 siccum;
3224 1668 3280 1721 in
3331 1666 3497 1720 ﬂuvio

1929 1756 2341 1820 pertransibunt
2392 1756 2526 1825 pede
2556 1760 2620 1810 ".
2660 1776 2677 1808 ι
2719 1757 2838 1823 Quo
2880 1760 3043 1813 modo
3093 1772 3273 1815 autem
3316 1761 3499 1814 ednzit
3558 1820 3559 1823 η

1929 1862 2137 1909 currus,
2173 1857 2223 1901 et
2249 1850 2475 1916 equum?
2509 1850 2796 1905 Enimvero
2822 1859 3033 1905 certum
3058 1860 3143 1906 est
3163 1850 3499 1905 Pharaonem

233 1927 375 1991 Θεὸς
404 1928 677 1997 ,ϐάσιμον
714 1931 896 1993 αὐτοῖς
929 1932 1245 1998 ἀποφαίνων
1276 1932 1369 1984 τοῦ
1405 1934 1670 2002 παρόντος
1702 1934 1819 2003 βίου
1852 1935 1892 1989 Β

1931 1954 2019 1992 sua
2063 1948 2276 1992 tantum
2318 1940 2594 1997 voluntate
2640 1941 2893 1997 lsraelem
2950 1953 3295 2013 persecutum
3339 1959 3498 2004 esse.

234 2020 332 2071 τὸν
368 2020 635 2083 κλύδωνα,
656 2026 769 2084 τοῖς
790 2022 983 2075 τούτου
1016 2026 1419 2092 περισπασμοίς
1441 2026 1502 2076 οὺ
1528 2025 1825 2093 συγχωρῶν

1931 2042 2047 2081 cum
2084 2044 2114 2081 a
2156 2028 2265 2085 Deo
2302 2033 2421 2101 ipse
2456 2035 2509 2087 in
2555 2034 2699 2089 hunc
2741 2037 2961 2091 modum
2984 2038 3269 2092 audiverit

236 2112 707 2178 κατακλύζεσθαι,
736 2114 899 2165 οἱονεὶ
928 2114 1344 2185 καταξηραίνων
1367 2117 1491 2177 τοὺς
1512 2116 1828 2168 ἐπιπίπτον-

3314 2039 3501 2091 :tln

1925 2121 2027 2175 hoc
2050 2123 2283 2177 excitavi
2321 2132 2393 2187 te,
2426 2133 2485 2179 ιιι
2515 2126 2891 2182 demonstrem
2934 2128 3093 2199 491
3140 2130 3192 2183 in
3227 2136 3279 2181 te
3305 2138 3501 2197 poten-

234 2220 339 2265 τας
365 2206 727 2272 πειρασμοὺς,
748 2204 815 2257 ἶν’
833 2205 1111 2274 ἰσχύσειαν
1134 2208 1203 2259 ἐν
1221 2206 1297 2273 γῇ
1328 2208 1609 2273 γεγονότες
1633 2207 1828 2275 ἐρήμῳ

1931 2210 2054 2263 liam
2096 2227 2309 2276 meam;
2353 2224 2407 2269 et
2458 2225 2515 2269 ut
2569 2217 2927 2272 annuntietur
2970 2234 3169 2273 nomen
3212 2234 3391 2273 meum
3449 2221 3501 2269 in

237 2292 332 2343 νοῦ
366 2295 701 2347 καταστάσει
750 2294 975 2365 σχολαία
1020 2296 1114 2349 καὶ
1147 2295 1363 2365 καθαρᾷ
1391 2296 1479 2348 τὸν
1514 2296 1572 2359 ἐξ
1595 2298 1824 2367 οὐρανοῦ

239 2384 343 2450 μὲν
374 2383 537 2451 ἄρτον
564 2388 775 2452 φαγεῖν,
809 2386 869 2438 τὸ
892 2387 947 2439 δὲ
977 2388 1042 2437 ὲκ
1067 2386 1270 2455 πέτρας
1300 2387 1455 2454 ὕδωρ
1486 2389 1630 2440 πιεῖν
1652 2404 1663 2415 ·
1687 2389 1823 2458 ὅπερ

235 2476 391 2527 ἐστὶν
425 2475 483 2525 ὲν
521 2475 732 2544 μεθέξει
766 2476 1019 2543 γενέσθαι
1046 2476 1282 2548 Χριστοῦ
1305 2520 1319 2542 ,
1349 2477 1574 2530 διελθεῖν
1630 2496 1686 2530 τε
1733 2478 1823 2530 τὸν

251 2567 528 2637 Ἰορδάνην
556 2570 648 2619 καὶ
683 2568 786 2635 τῆς
814 2568 913 2635 τῆς
943 2569 1362 2638 ἐπηγγελμένης
1394 2572 1596 2638 τυχεῖν.

236 2660 363 2726 ejus
385 2659 780 2714 absorbeantur
800 2698 815 2723 ,
839 2660 1129 2715 desiccatis
1157 2675 1277 2729 qum
1303 2668 1599 2714 occurrunt
1621 2660 2033 2725 tentationibus,
2069 2664 2308 2730 pervium
2336 2664 2496 2718 faciet
2519 2705 2533 2729 ,
2574 2673 2633 2717 ut
2696 2666 2748 2718 in
2806 2676 2946 2720 terra
3004 2668 3231 2729 deserta.

1924 2301 2187 2357 universa
2219 2312 2363 2357 terra
2394 2306 2459 2357 ⁸³.
2499 2324 2516 2356 ι
2556 2305 2646 2360 Sic
2675 2321 2802 2361 vero
2835 2317 2887 2362 et
2924 2322 3019 2361 eos
3060 2309 3247 2371 etiam,
3275 2308 3365 2375 qui
3417 2322 3501 2357 rv-

1930 2405 2051 2444 rum
2083 2392 2445 2449 humanarum
2466 2411 2632 2451 curas
2656 2397 2893 2466 fugiunt,
2912 2399 3001 2451 vel
3031 2399 3150 2464 ipso
3180 2399 3505 2465 insequente

1932 2480 2193 2547 diabolo,
2248 2485 2647 2540 admirabiliter
2715 2488 2969 2543 liberabit
3018 2486 3194 2552 Deus;
3249 2489 3328 2543 sic
3378 2489 3503 2540 item

1935 2570 2097 2639 hujus
2118 2573 2240 2625 vita:
2269 2573 2386 2635 iter,
2410 2585 2667 2643 tanquam
2696 2579 2862 2630 maris
2876 2579 3122 2641 aestuosi,
3147 2592 3213 2630 ne
3242 2577 3504 2630 ﬂuetibus

3319 2669 3507 2733 quieto

234 2764 295 2809 et
325 2770 461 2822 puro
493 2756 688 2807 mentis
719 2763 863 2808 statu
890 2768 1084 2823 panem
1110 2754 1178 2807 de
1204 2753 1344 2807 coelo
1377 2753 1558 2817 edere.
1591 2769 1883 2823 aquamque
1912 2752 1981 2808 de
2040 2764 2189 2823 petra
2217 2758 2435 2824 bibere;
2464 2758 2515 2812 id
2580 2768 2685 2823 est,
2739 2758 2942 2814 Christi
3009 2760 3300 2830 participes
3364 2758 3502 2823 ﬁeri,

235 2847 300 2890 ει
332 2846 568 2900 Iordane
608 2844 839 2912 trajecto
877 2845 1148 2913 promissa
1186 2855 1330 2898 terra
1368 2845 1527 2913 potiri
1567 2845 1801 2898 valeant.

326 2936 467 2989 Ἀλλ’
502 2936 594 2988 ἐπὶ
641 2935 738 3006 τὴν
789 2934 1029 3004 ἱστορίαν
1062 2934 1611 3005 παλινδρομήσωμεν.
1645 2935 1687 2986 Τ
1694 2935 1829 2988 αῦτα

242 3025 347 3095 μὲν
368 3020 482 3087 οῦν,
503 3024 656 3091 φησι,
681 3024 847 3075 πάλαι
868 3025 1164 3094 πεποίηκα.
1184 3025 1318 3076 Νυνὶ
1338 3024 1393 3074 δὲ
1418 3026 1483 3076 τά
1502 3026 1557 3075 ὲν
1579 3023 1835 3092 Αἰγύπτῳ

240 3112 339 3165 καὶ
372 3109 681 3164 Βαϐυλῶνι
710 3114 775 3181 τῇ
802 3113 909 3163 τῶν
941 3113 1207 3165 ἐπιόντων
1238 3112 1509 3181 ὑπερϐολῇ
1545 3111 1838 3182 σιγηθήσε-

238 3220 359 3255 ται.
377 3203 522 3255 Ἀντὶ
540 3203 595 3255 δὲ
614 3202 705 3254 τοῦ
728 3203 1177 3270 συλλοχίζεσθε,
1202 3204 1491 3273 Σύμμαχος
1510 3204 1836 3267 ἐννοεῖσθε,

243 3290 401 3359 φησί.
434 3290 567 3342 Τίνα
599 3290 653 3342 δὲ
686 3290 754 3342 τὰ
779 3293 975 3352 καινὰ,
1007 3291 1043 3345 ἀ
1075 3294 1217 3344 κατά
1246 3292 1334 3344 τὸν
1371 3293 1557 3362 καιρὸν
1586 3293 1673 3343 τὸν
1703 3292 1831 3343 ἴδιον
1861 3326 1903 3387 C

241 3384 591 3452 770308006,“
638 3383 739 3434 Ἐν
768 3381 841 3449 τῇ
872 3382 1069 3449 ἐρήμῳ
1100 3382 1334 3448 ποιήσω
1369 3382 1611 3435 όδόν.⁹Ιι
1641 3382 1747 3450 γάρ
1774 3382 1829 3447 ἐξ

243 3471 420 3523 ἐθνῶν
464 3469 758 3538 Ἐκκλησία
786 3470 1050 3539 πρότερον
1089 3470 1311 3537 ἕρημος
1346 3466 1479 3523 οὖσα
1506 3470 1652 3523 Θεοῦ
1685 3468 1829 3536 γνώ-

242 3580 403 3627 σεως
454 3561 697 3632 (ταύτης
731 3562 839 3629 γάρ
888 3561 935 3612 οἱ
984 3560 1312 3623 διδάσκαλοι,
1349 3562 1646 3628 φάσκοντες
1692 3556 1828 3611 εἷναι

244 3655 425 3723 σοφοὶ,
455 3652 884 3722 ἐμωράνθησαν)
918 3652 1072 3721 ἔσχεν
1103 3652 1247 3705 ὀδόν
1275 3653 1365 3703 τὸν
1390 3652 1619 3719 Χριστὸν
1646 3650 1828 3701 εἰπόν·

241 3763 314 3799 τα
334 3763 347 3775 ·
386 3764 403 3795 ι
443 3744 582 3810 Ἑγὼ
612 3747 725 3814 εἰμι
755 3747 787 3813 ἡ
807 3745 943 3806 ὁδός·
967 3763 985 3795 ι
1022 3744 1052 3811 ἢ
1086 3743 1178 3795 καὶ
1207 3742 1269 3794 τὸ
1296 3743 1554 3811 κήρυγμα
1577 3742 1637 3793 τὸ
1667 3741 1829 3807 εὐαγ-

243 3835 468 3903 γελικδν
500 3838 592 3888 καὶ
620 3837 905 3905 σωτήριον.
945 3834 1055 3903 Τὴν
1086 3834 1145 3886 δὲ
1188 3834 1316 3903 πρὶν
1364 3833 1541 3885 αὐτῶν
1594 3830 1829 3900 ἐρημίαν

244 3927 519 3997 ἐδήλωσεν
548 3927 576 3977 ὀ
606 3925 768 3977 Δα6”ιδ
801 3924 998 3991 λέγων·
1042 3942 1060 3973 ι
1094 3924 1208 3975 Οὐκ
1247 3923 1361 3975 ἐστι
1403 3922 1569 3975 ποιῶν
1597 3922 1828 3992 χρηστό-

242 4035 412 4086 τητα,
432 4018 532 4069 οὐκ
561 4016 707 4068 ἔστιν
735 4014 837 4077 ἕως
866 4014 1003 4076 ἐτός.
1036 4016 1276 4082 »Ὥσπερ
1304 4013 1359 4064 δὲ
1382 4014 1493 4065 ἅνω
1515 4016 1578 4065 ὲκ
1600 4012 1829 4081 μερικῆς

242 4108 607 4174 λιτριὲκγεως
639 4107 730 4158 ἐπὶ
760 4106 859 4166 τὴν
892 4104 1117 4157 καθόλου
1152 4102 1403 4172 μετῆλθε,
1435 4103 1533 4168 τὴν
1563 4100 1829 4163 ἀνάδειξιν

243 4198 425 4250 εἰπὼν
476 4196 572 4249 τοῦ
625 4194 887 4261 βασιλέως
921 4191 1181 4262 Χριστοῦ,
1210 4191 1353 4242 οῦτω
1402 4190 1497 4241 καὶ
1543 4188 1637 4241 νῦν
1686 4189 1830 4241 ὀδοῦ

247 4285 517 4356 μνησθεὶς
544 4281 654 4349 τῆς
683 4284 754 4337 ἐν
785 4282 975 4346 ὕδατι,
1013 4284 1104 4334 ἐπὶ
1151 4281 1213 4333 τὸ
1241 4279 1478 4350 Χριστοῦ
1532 4282 1830 4349 μυστήριον

248 4374 542 4444 μετῆλθεν.
573 4373 663 4425 Διὸ
702 4371 842 4443 λήθῃ
874 4370 940 4423 τά
981 4370 1172 4442 πρῶτα
1203 4368 1537 4438 παραδοῦναί
1571 4386 1703 4438 φησι
1735 4368 1828 4421 τοῦ

248 4462 596 4534 βραχυτέρου
641 4461 1053 4531 καλυπτομένου
1097 4461 1175 4531 τῷ
1233 4458 1457 4529 μείζονι,
1488 4461 1669 4513 ὁποῖόν
1714 4462 1829 4512 ἐστι

244 4554 348 4609 καὶ
373 4554 463 4605 τό·
499 4571 517 4603 ι
543 4552 638 4604 Ἐκ
680 4552 878 4621 μέρους
917 4549 1401 4619 γινώσκομεν.Ὂτ’
1431 4550 1497 4603 ἂν
1526 4550 1579 4601 δὲ
1614 4549 1741 4620 ἔλθῃ
1768 4550 1829 4602 τὸ

2006 2929 2111 2983 Sed
2145 2930 2209 2982 ad
2253 2929 2535 2983 historiam
2580 2942 2935 2985 revertamur.
2971 2930 3093 2987 Haec
3142 2935 3361 3003 quidem
3406 2938 3503 3000 ait.

1935 3021 2063 3075 olim
2097 3035 2126 3072 a
2156 3035 2241 3074 me
2272 3019 2461 3074 elfecta
2498 3032 2646 3075 sunt.
2692 3021 2910 3086 Verum,
2948 3024 2992 3077 si
3026 3038 3146 3091 quae
3199 3025 3251 3076 in
3275 3024 3511 3095 Egypto

1935 3122 1988 3164 et
2028 3111 2302 3179 Babylone
2334 3114 2566 3179 patrari,
2599 3126 2723 3165 cum
2770 3113 2857 3176 iis,
2899 3128 3021 3181 qua:
3055 3123 3361 3181 sequuntur
3384 3131 3525 3186 con-p

1941 3204 2189 3258 ferantur
2209 3243 2222 3265 ,
2266 3204 2511 3270 priorum
2560 3203 2880 3255 memoriam
2912 3203 3246 3257 oblitterabit
3276 3206 3509 3259 istorum

1942 3291 2283 3361 magnitudo.
2326 3293 2395 3345 At
2434 3292 2580 3361 quod
2610 3292 2696 3345 hic
2739 3292 2972 3361 colligite
3014 3295 3299 3357 habemus,
3336 3295 3511 3347 consi-

1934 3384 2114 3437 derate
2139 3383 2279 3436 dixit
2323 3382 2709 3452 Symmachus.
2744 3382 2847 3436 Sed
2888 3398 3011 3451 quae
3056 3400 3189 3438 ποια
3223 3386 3311 3439 illa
3358 3395 3507 3447 sunt.

1933 3486 2051 3539 quite
2094 3486 2193 3524 suo
2229 3479 2469 3537 tempore
2521 3471 2787 3539 cognituri
2825 3472 2998 3523 estis?
3034 3470 3096 3524 In
3130 3472 3336 3527 deserto
3372 3476 3507 3528 riam

1932 3560 2149 3625 faciant.
2181 3550 2303 3625 Ipsa
2337 3556 2605 3625 siquidem
2638 3557 2877 3626 gentium
2915 3556 3155 3614 Ecclesia
3193 3559 3288 3614 Dei
3324 3564 3511 3630 cogni-

1933 3652 2074 3704 tione
2106 3660 2262 3702 antea
2297 3648 2577 3711 destituta,
2616 3656 2669 3701 et
2688 3648 2898 3702 deserta
2924 3650 3111 3720 (hujus
3135 3653 3281 3705 enim
3314 3654 3511 3707 docto-

1933 3758 2042 3805 res,
2089 3756 2215 3795 cum
2267 3756 2325 3795 se
2360 3741 2638 3809 sapientes
2688 3756 2812 3795 esse
2863 3743 3132 3806 dicerent,
3172 3745 3328 3798 stulti
3384 3743 3508 3799 facti

1932 3842 2062 3887 sum
2094 3833 2161 3902 ")
2198 3831 2477 3887 Christum
2520 3834 2721 3901 ipsum,
2770 3832 2966 3901 qui'se
3001 3835 3138 3887 viam
3176 3847 3301 3888 esse
3343 3841 3512 3888 testa-

1933 3932 2020 3977 tur
2049 3923 2112 3988 ⁸⁵,
2146 3922 2621 3991 evangelicamque
2649 3933 2701 3975 et
2729 3924 3027 3976 salutarem
3058 3922 3509 3990 praedicationem
3584 3910 3588 3917 ’

1933 4012 2151 4067 habuit:
2185 4028 2417 4081 quorum
2452 4012 2846 4079 praecedentem
2872 4013 3221 4065 solitudinem
3271 4012 3508 4080 explica-

1932 4101 2232 4161 viLDavid.
2276 4116 2400 4155 cum
2442 4102 2549 4154 ait:
2590 4120 2609 4151 ι
2648 4099 2766 4155 Non
2810 4109 2894 4157 est
2940 4103 3032 4169 qui
3078 4102 3241 4155 faciat
3275 4102 3503 4165 bonum,

1933 4209 2038 4246 non
2077 4202 2162 4246 est
2204 4208 2372 4260 usque
2407 4192 2475 4245 ad
2526 4207 2693 4243 unum
2728 4191 2793 4243 ⁸⁸.
2843 4210 2861 4242 ι
2896 4190 3162 4243 Caeterum
3199 4205 3309 4244 non
3343 4190 3502 4243 aliter

1932 4299 2092 4353 quam
2125 4284 2382 4351 superius
2405 4297 2433 4333 a
2462 4281 2726 4351 singulari
2760 4278 3137 4346 redemptione,
3178 4279 3242 4332 ad
3268 4294 3512 4332 commu-

1933 4390 2053 4429 nem
2096 4382 2149 4427 et
2190 4372 2500 4427 universam
2531 4370 2774 4433 transiit,
2825 4384 2952 4422 cum
3006 4369 3072 4422 de
3112 4368 3319 4423 Christi
3364 4367 3511 4436 regis

1932 4466 2164 4518 adventu
2201 4461 2497 4526 disseruit,
2530 4461 2600 4513 ita
2643 4469 2697 4514 et
2732 4475 2904 4522 nunc,
2931 4470 3218 4528 postquam
3249 4461 3365 4523 vite,
3390 4473 3512 4526 quae

1932 4557 1985 4608 in
2037 4572 2174 4623 aqua
2220 4562 2325 4613 est,
2382 4554 2755 4614 meminisset,
2818 4551 2885 4606 ad
2927 4550 3131 4606 Christi
3189 4552 3509 4621 mysteriqu

245 4645 479 4709 τέλειον,
500 4643 561 4696 τὸ
593 4644 658 4695 ὲκ
688 4642 887 4713 μέρους
912 4641 1413 4713 καταργηθήσεται.
1450 4660 1468 4691 ι
1504 4642 1700 4693 Λοιπὸν
1724 4643 1835 4702 τοῖς
1867 4649 1903 4703 ι]

1938 4644 2239 4697 orationem
2282 4642 2582 4695 transtulit.
2632 4642 2811 4711 Atque
2843 4643 2967 4695 hinc
3010 4651 3096 4695 est
3154 4641 3511 4709 quod-minu-

246 4736 424 4790 πάλαι
459 4735 720 4804 μεγάλοις
749 4734 1096 4802 ἀντεξετάζει
1124 4733 1192 4786 τά
1222 4732 1400 4802 πολλῷ
1429 4732 1537 4784 τῶν
1554 4732 1732 4800 μέσων
1762 4748 1838 4783 νι-

247 4825 458 4879 κῶντα.
475 4824 563 4887 Ὠς
580 4825 688 4894 γὰρ
705 4823 1238 4895 ἐποίησαιφησὶν,ὲπ’
1278 4821 1545 4893 Ἐρυθρᾶς
1572 4822 1842 4892 θαλάττης

248 4916 421 4978 ὁδὸν,
465 4914 641 4978 οὕτως
666 4917 738 4969 ἐν
761 4913 834 4983 τῇ
859 4916 1057 4984 ἐρήμῳ
1078 4916 1412 4983 ποιήσαιμι,
1438 4916 1531 4967 καὶ
1556 4916 1841 4985 ῥεύσουσιν

249 5011 311 5064 ἐν
343 5009 484 5078 αὐτῇ
517 5008 790 5076 ποταμοὶ,
828 5009 1080 5079 καθάπερ
1109 5010 1200 5061 ἐπὶ
1228 5008 1504 5071 Μωσέως,
1558 5008 1615 5059 ὲν
1661 5006 1842 5077 ἐκείνῃ

252 5101 320 5169 τῇ
374 5098 822 5167 πρότερον.’Δλλ⁹
858 5100 977 5151 ἐκεῖ
1031 5099 1128 5169 μὲν
1182 5096 1436 5160 ὑδάτων,
1473 5101 1529 5149 ὲν
1564 5098 1621 5150 δὲ
1668 5096 1840 5168 ταύτῃ

248 5188 607 5251 διδασκαλίας
657 5188 752 5241 τοῦ
801 5189 1139 5258 Πνεῦματος.
1184 5188 1245 5241 0i
1298 5188 1406 5258 γάρ
1459 5187 1663 5255 ταύτην
1714 5203 1842 5257 προ-

250 5280 476 5350 χέοντες
526 5280 917 5347 εὐαγγελισταὶ
972 5281 1066 5332 καὶ
1114 5279 1421 5343 ἀπόστολοι,
1474 5280 1589 5331 ὅσοι
1624 5296 1679 5331 τε
1712 5278 1843 5330 κατ’

266 5368 601 5437 Ἐκκλησίαν
629 5369 987 5436 μυσταγωγοὶ
1016 5369 1265 5437 ποταμοὶ
1288 5366 1712 5438 χρηματίζουσι.
1736 5366 1843 5418 Καὶ

253 5460 401 5514 κατά
430 5459 520 5512 τὸν
536 5459 701 5512 {labias
727 5460 1008 5530 εἰρηκότα,
1033 5478 1051 5511 ι
1082 5462 1320 5531 Ἑπῆραν
1334 5463 1382 5514 οἱ
1403 5460 1635 5530 ποταμοὶ
1663 5460 1844 5529 φωνάς

252 5552 459 5606 αὐτῶν.
475 5572 494 5605 ι
529 5553 682 5605 Ἐπεὶ
705 5554 847 5607 καθά
867 5555 1200 5622 φησιναύτδς
1220 5554 1403 5616 πάλιν,
1432 5555 1523 5617 Et;
1549 5555 1727 5606 πᾶσαν
1746 5552 1841 5621 τὴν

252 5645 363 5713 γῆν
395 5642 620 5713 ἐξῆλθεν
643 5645 670 5695 ὁ
692 5642 927 5711 φθόγγος
952 5644 1151 5697 αὗτῶν,

1941 4737 2089 4790 ribus
2121 4751 2214 4805 per
2240 4736 2443 4803 majora
2463 4735 2776 4797 occultatis,
2804 4733 2983 4801 priora
3017 4733 3281 4785 oblivioni
3311 4731 3511 4784 tradi-ta

1938 4844 2045 4884 esst
2090 4827 2446 4893 dixit.qua!e
2476 4834 2558 4879 est
2612 4834 2663 4877 et
2714 4825 2882 4877 illud:
2920 4844 2938 4874 ι
2982 4824 3055 4877 Ex
3092 4836 3242 4891 parte
3307 4838 3511 4894 cogno-

1940 4919 2163 4973 scimus.
2204 4918 2317 4971 Cua
2357 4952 2368 4967 .
2394 4926 2537 4970 utem
2592 4915 2802 4983 venerit
2835 4913 2979 4983 quod
3048 4912 3350 4982 perfectum
3407 4922 3491 4968 ρμι

1940 5011 2083 5078 quod
2137 5026 2200 5064 ex
2238 5019 2387 5078 parte
2436 5018 2520 5062 est
2550 5008 2907 5063 evacuabitur
2933 5007 2975 5038 ⁸⁷
3012 5026 3056 5061 ,ι
3114 5007 3185 5059 lis
3229 5005 3512 5073 deinCeps,

1939 5119 2060 5171 qua:
2091 5116 2283 5171 magna
2318 5100 2596 5169 quondam
2627 5100 2873 5163 fuerunt,
2911 5098 3017 5152 alia
3052 5096 3297 5165 opponit,
3333 5110 3361 5147 a
3395 5096 3515 5163 qui-

1940 5195 2043 5248 bus
2092 5193 2251 5261 longe
2300 5193 2414 5261 ipsa
2458 5202 2811 5261 superantur.
2847 5188 2917 5243 Ut
2945 5190 3088 5243 enim
3123 5189 3275 5249 mihi,
3330 5188 3427 5248 ait.
3462 5187 3515 5239 in

1944 5284 2075 5336 mari
2110 5282 2295 5335 Rubro
2328 5283 2463 5335 viam
2497 5283 2718 5350 aperui,
2753 5282 2833 5336 sic
2864 5288 2917 5334 ct
2948 5282 2998 5333 in
3024 5279 3231 5332 deserto
3266 5278 3513 5345 [acturus

1943 5391 2078 5431 sum.
2113 5382 2163 5428 et
2192 5374 2489 5426 manabunt
2528 5388 2591 5426 ex
2618 5387 2681 5427 ca
2728 5372 2900 5441 ﬂuvii,
2936 5387 3042 5425 non
3080 5370 3238 5423 aliter
3270 5382 3433 5436 quam
3463 5368 3517 5420 in

1945 5465 2127 5534 priore
2178 5463 2291 5526 illo,
2347 5462 2486 5516 duce
2515 5461 2683 5525 Mose,
2738 5461 2939 5515 factum
2973 5460 3224 5513 audistis.
3262 5456 3363 5509 Sed
3396 5472 3518 5524 qme

1952 5555 2023 5607 ibi
2074 5569 2333 5623 aquarum
2388 5552 2610 5606 ﬂumina
2644 5552 2879 5615 fuerant,
2910 5551 3012 5623 hic
3048 5556 3209 5604 erunt
3251 5547 3520 5601 doctrinas

1953 5621 2187 5713 Spiritus
2237 5642 2400 5713 492
2435 5642 2630 5697 sancti.
2671 5639 2813 5695 Sunt
2852 5621 3020 5705 enim,
3064 5654 3093 5693 a
3133 5637 3332 5707 quibus
3370 5650 3517 5689 ema-

319 5815 362 5847 ⁸¹
393 5815 541 5872 Psal.
570 5818 785 5880 exuuii.
827 5818 868 5849 δ’
890 5815 1234 5884 Psal.t.u,6.
1266 5818 1308 5851 ⁸³
1337 5818 1506 5873 Exod.
1532 5820 1699 5882 miti.
1726 5820 1766 5849 "
1793 5819 1947 5873 Ιιυιιι.
1974 5836 2009 5883 ι,
2034 5819 2124 5874 2'2.
2155 5816 2365 5874 "Joan.
2388 5832 2500 5885 xiv,
2525 5816 2577 5871 6.
2614 5817 2659 5849 “
2690 5816 2831 5873 Psal.
2852 5816 3025 5878 nn,3.
3062 5814 3105 5846 ⁸⁷
3142 5815 3155 5868 |
3188 5812 3309 5868 Cor.
3336 5806 3510 5871 τιιιβ.
