4284 6440
218 407 363 471 2401

1403 399 1808 461 COMMENTA
1820 396 1936 456 RII
1974 395 2054 455 IN
2088 393 2374 456 ISAIAM.

3338 390 3479 455 2402

218 522 284 574 τὸ
331 521 522 588 νεαρόν
565 533 622 568 τε
655 514 749 566 καὶ
775 513 1021 575 ἀειθαλὲς
1059 513 1153 566 τοῦ
1212 514 1401 581 φυτοῦ.
1428 517 1638 582 Πηγαῖς
1691 512 1800 580 γὰρ
1832 520 1873 572 Α
1906 539 1910 560 4

1785 528 1800 561 2
1832 520 1873 572 Α
1906 526 2167 577 aquarum
2198 548 2213 571 .
2247 518 2294 562 et
2325 509 2459 560 sicut
2495 507 2637 561 salix
2673 506 2833 575 juxta
2866 504 3273 574 praterﬂuenfes
3315 522 3477 575 aquas

217 612 311 663 ἀεὶ
338 610 433 662 καὶ
457 607 722 674 ποταμοῖς
754 605 1165 671 παραπέφυκεν.

1908 600 2135 665 intulit;
2186 610 2243 651 ut
2295 614 2389 669 per
2443 599 2684 659 salicem,
2722 596 2937 651 vitalem
2998 594 3333 653 inanitatem.
3371 612 3477 662 qua

216 716 398 772 genus
440 701 543 752 boc
581 696 777 765 planta:
808 702 1094 748 recreatur
1123 709 1337 764 semper
1368 702 1422 749 et
1455 695 1617 759 viret,
1666 693 1953 747 indicaret.
1989 692 2254 747 Fontibus
2323 692 2466 745 enim
2536 697 2799 758 perpetuo
2865 697 2919 744 et
2980 687 3266 742 ﬂuviorum
3347 686 3474 757 ripis

218 789 576 843 ainascitur.

294 880 454 942 Τινὲς
506 880 561 931 δὲ
588 878 722 947 πρὸς
776 879 901 937 τοὺς
924 878 1119 938 αὐτοὺς
1156 878 1251 929 καὶ
1277 878 1343 929 τὰ
1392 879 1510 931 νῦν
1543 878 1793 948 εἰρῆσθαί

214 985 377 1035 φασι.
448 968 559 1036 Τὴν
626 967 735 1035 γὰρ
764 968 941 1018 αἰτίαν
990 968 1089 1032 τῆς
1120 967 1397 1029 ἀπωλείας
1418 967 1605 1031 εἰπὼν,
1638 969 1799 1020 πάλιυ

213 1060 405 1121 αὐτοῖς
455 1058 515 1109 τὸ
570 1060 926 1127 μνησικακεῖν
1005 1058 1417 1125 ἐπαγγέλλεται.
1457 1060 1685 1128 Ἕτερον
1706 1060 1801 1111 αὖ·

212 1152 333 1211 τοῖς
388 1149 507 1204 ἀντὶ
553 1149 645 1199 τοῦ
710 1148 1070 1216 προλαϐόντος
1103 1149 1297 1217 ὁρίζων
1354 1152 1542 1220 καιρτ·ιν
1583 1150 1644 1202 τὸ
1685 1152 1802 1202 νῦν

212 1240 418 1303 λέγων,
442 1238 517 1299 ὡς
552 1239 646 1289 καὶ
676 1238 735 1288 τό
766 1254 778 1267 ·
820 1257 837 1287 ι
881 1239 1129 1306 Σήμερον
1160 1239 1254 1289 ἐὰν
1276 1240 1372 1307 τῆς
1424 1240 1607 1308 φωνῆς
1636 1241 1797 1294 αὐτοῦ

212 1328 519 1393 ἀκούσητε.
566 1348 582 1378 ι
617 1328 921 1395 Προτρέπει
956 1327 1063 1397 γὰρ
1088 1328 1248 1379 αὐτὸν
1306 1328 1653 1381 ἐπιλαθέσθαι
1703 1331 1801 1399 μὲν

211 1419 330 1468 τῶν
362 1419 549 1470 πάλαι.
580 1418 701 1468 Ὀτι
737 1418 793 1467 δὲ
858 1417 1044 1469 αὐτοῦ
1102 1417 1244 1482 παῖς
1284 1418 1579 1487 ὠνομάσθη
1602 1428 1651 1475 ιι.
1682 1436 1805 1471 σκο-

211 1513 346 1562 πεῖν
382 1510 475 1561 καὶ
503 1510 578 1570 ὡς
613 1511 675 1560 ἐκ
698 1508 913 1560 πάντων
938 1507 1167 1569 ἐξείλεκ
1179 1525 1272 1560 ται
1315 1508 1423 1559 τῶν
1451 1508 1639 1571 ὲθνῶν,
1665 1510 1804 1561 κατὰ

211 1602 280 1651 τό
312 1616 324 1627 ο
356 1618 371 1650 ι
410 1600 537 1649 Ὅτε
574 1596 929 1666 διεμέριζενὸ
957 1596 1218 1662 ”)’ψιστος
1258 1596 1406 1665 ἔθνη,
1436 1616 1454 1647 ι
1486 1598 1580 1649 καὶ
1608 1598 1675 1649 τά
1715 1598 1801 1665 ἐφ’

213 1692 369 1760 ἑξῆς.
426 1691 488 1743 Εἰ
516 1689 571 1741 δὲ
596 1690 769 1739 νοοῖτο
807 1687 1061 1757 περὶτῶν
1109 1687 1165 1752 ἐξ
1197 1688 1385 1749 ἐθνῶν,
1436 1689 1672 1759 τοσαύτη
1717 1706 1803 1753 τις

215 1782 377 1833 εσται
406 1781 551 1843 τότε,
573 1779 726 1847 φησι,
754 1778 1003 1846 προκοπὴ
1029 1778 1124 1829 καὶ
1151 1778 1455 1840 θεοσεϐείας
1471 1779 1805 1849 κατόρθωσις

1964 869 2081 925 Non
2129 870 2346 933 desunt,
2387 870 2479 939 qui
2521 874 2576 921 et
2621 866 2724 921 ista
2778 865 2942 919 etiam
2993 866 3058 918 ad
3098 866 3313 919 eosdem
3368 860 3477 922 dici

1896 962 2230 1031 existiment.
2282 959 2578 1028 Postquam
2604 958 2749 1012 enim
2801 956 3060 1011 interitus
3088 971 3308 1010 causam
3334 967 3477 1011 attu-

1898 1054 2077 1116 lisset,
2104 1053 2307 1107 eisdem
2345 1065 2541 1105 rursus
2578 1050 2903 1118 injuriarum
2941 1049 3164 1103 minime
3211 1063 3270 1102 se
3302 1063 3481 1103 recor-

1904 1143 2162 1197 daturum
2193 1144 2506 1213 pollicetur.
2532 1150 2583 1196 et
2615 1142 2665 1195 in
2698 1142 2957 1211 pra‘terili
3008 1141 3208 1204 locum,
3265 1148 3477 1207 tempus

1898 1234 2041 1287 aliud
2077 1234 2284 1296 deliait,
2343 1247 2469 1285 cum
2524 1248 2660 1285 nunc
2717 1235 2980 1297 assumit;
3037 1231 3341 1299 cujusmcdi
3394 1238 3479 1284 est

1898 1325 2064 1379 illud:
2113 1344 2131 1376 ι
2166 1324 2336 1378 llodie
2372 1326 2416 1378 si
2458 1340 2642 1379 vocem
2669 1325 2789 1393 ejus
2814 1323 3098 1378 audieritis
3128 1323 3192 1375 ".
3242 1339 3259 1371 ι
3297 1323 3475 1392 Ipsum

1900 1418 2070 1481 enim,
2120 1425 2179 1469 ut
2222 1431 2411 1471 eormn
2488 1431 2608 1484 quae
2676 1415 3053 1483 praeterierunt
3098 1412 3475 1474 obliviscatur,

1902 1508 2248 1561 adhortatur.
2322 1505 2419 1559 Est
2446 1520 2576 1559 vero
2605 1505 2840 1573 qualiter
2882 1505 2996 1572 ejus
3020 1519 3148 1570 puer
3185 1504 3473 1567 nominari,

1902 1613 1967 1652 ex
2005 1598 2370 1665 omnibusque
2410 1598 2666 1665 gentibus
2716 1596 2838 1664 eligi
2890 1595 3146 1657 dicatur,
3192 1595 3477 1649 adverten-

1912 1688 2063 1743 dum.
2096 1687 2227 1742 Tale
2255 1697 2304 1743 et
2341 1688 2473 1742 illud
2512 1698 2594 1741 est
2622 1707 2634 1741 :
2685 1705 2703 1737 ι
2737 1686 2966 1752 Quando
3000 1688 3274 1740 dividebat
3306 1688 3476 1741 Altis-

1903 1780 2077 1835 simus
2105 1780 2387 1845 gentes",
2425 1799 2442 1831 ι
2489 1788 2693 1849 etquae
2745 1787 3070 1846 sequuntur.
3115 1780 3271 1843 Quod
3322 1779 3367 1833 si
3408 1780 3476 1833 de

214 1873 330 1923 τῶν
370 1873 666 1922 οἰκοῄντων
698 1869 864 1921 πάλαι
898 1868 995 1937 τὴν
1027 1868 1254 1936 ἔρημόν
1292 1886 1351 1920 τε
1391 1870 1485 1922 καὶ
1513 1869 1801 1937 ἄνυδρον,
1832 1896 1875 1953 c

1787 1910 1801 1935 ,
1832 1896 1875 1953 ρ
1911 1871 2168 1939 gentibus
2218 1870 2562 1939 intelligitur.
2606 1879 2716 1924 tum
2770 1884 3003 1939 magnus
3046 1870 3181 1923 adeo
3226 1871 3350 1933 erit,
3391 1870 3474 1923 in-

210 1963 294 2025 ὠς
364 1960 698 2030 ἁμιλλᾶσθαι
746 1960 879 2029 πρὸς
946 1961 1204 2023 ἀλλήλους
1237 1960 1310 2022 ὡς
1366 1962 1424 2012 ἐν
1463 1960 1647 2030 δρόμῳ
1710 1962 1803 2015 τοῦ

209 2053 355 2105 Θεοῦ
389 2056 487 2123 τὴν
548 2052 708 2121 χάριν
769 2051 1039 2121 ἁρπάζειν
1102 2053 1527 2119 ἐπειγομένους,
1576 2053 1667 2103 καὶ
1715 2052 1805 2105 τὸν

213 2144 322 2212 μὲν
353 2146 463 2195 Τοῦ
506 2142 675 2206 θεοῦ,
701 2142 901 2209 λέγειν,
936 2141 1071 2209 εἰμί,
1137 2142 1227 2194 τὸν
1291 2141 1348 2194 δὲ
1399 2142 1659 2209 τοῦνομα
1700 2142 1805 2195 τοῦ

227 2233 447 2286 Ἰακὼό
510 2231 933 2299 ἐπιγράφεσθαι,
985 2230 1160 2283 καίτοι
1242 2230 1318 2300 μὴ
1393 2230 1522 2283 ὅντα
1589 2231 1653 2283 ἐκ
1710 2229 1804 2283 τοῦ

231 2322 466 2385 ’1ακὼὸ,
527 2325 590 2373 ὲκ
634 2322 692 2373 δὲ
738 2321 835 2389 τῆς
864 2322 1090 2389 ἐρήμου
1116 2322 1211 2389 τῆς
1240 2321 1523 2390 πρότερον.
1567 2320 1713 2373 ’Λντὶ
1750 2319 1805 2373 δὲ

207 2412 314 2465 τοῦ
370 2413 689 2477 βοήσεται,
734 2412 1103 2477 κληθήσεται
1176 2412 1468 2483 Σύμμαχος
1524 2412 1725 2482 ἔφησεν
1754 2421 1801 2450 ν’

207 2503 403 2565 τοῦτο,
448 2504 636 2571 φασὶν,
668 2505 725 2553 ἐν
754 2504 865 2562 τοῖς
894 2502 1002 2554 τῶν
1027 2503 1282 2571 διωγμῶν
1316 2505 1527 2573 καιροῖς
1582 2502 1806 2556 ἐθεασά-

216 2594 389 2662 μεθα,
425 2594 657 2655 πολλοὺς
678 2593 786 2645 τῶν
844 2592 1073 2645 ἐθνικῶν
1119 2593 1216 2654 τάς
1246 2593 1355 2646 τῶν
1402 2593 1573 2660 ἁγίων
1598 2593 1807 2664 ἀνδρῶν

210 2685 602 2752 προσηγορίας
658 2685 873 2744 ἑαυτοῖς
940 2684 1379 2750 ὑφαρπάζοντας.
1444 2683 1657 2737 Ἐκάλει
1697 2684 1804 2752 γὰρ

212 2774 418 2824 ἑαυτὸν
470 2773 500 2824 ὸ
555 2773 653 2841 μὲν
710 2770 928 2835 Ἰακὼϐ,
998 2773 1027 2823 ὁ
1096 2773 1153 2823 δὲ
1206 2771 1471 2838 Ἰσραὴλ,
1525 2772 1699 2841 ἕτεροι
1748 2773 1804 2824 δὲ

230 2861 514 2930 Ἰερεμίαν
576 2878 634 2913 τε
707 2861 803 2913 καὶ
839 2860 1088 2923 Ἡσαΐαν,
1145 2859 1241 2911 καὶ⁵
1267 2859 1485 2929 Δανιὴλ.
1543 2858 1678 2912 Μεθ’
1731 2852 1806 2911 ῶν

208 2952 505 3021 ὀνομάτων
533 2953 626 3004 ἐπὶ
661 2952 731 3004 τὰ
765 2950 1043 3021 μαρτύρια
1085 2949 1379 3020 προθύμως
1429 2952 1653 3011 ἑαυτοὺς
1703 2952 1804 3003 ἐπ·-

212 3043 492 3095 ιδίδοσαν.
522 3041 599 3095 Τὸ
643 3042 701 3094 δὶ
737 3041 809 3107 τῇ
834 3042 1007 3109 χειρὶ,
1047 3040 1134 3093 διὰ
1161 3039 1223 3092 τὸ
1252 3039 1452 3102 στίζειν
1499 3040 1627 3102 ἴσως
1680 3040 1807 3094 πολ-

210 3133 349 3194 λοὺς
380 3134 472 3184 ἐπὶ
505 3132 814 3203 καρπῶν,ἢ
868 3130 1229 3201 βραχιόνωνῆ
1301 3127 1396 3184 τοῦ
1450 3130 1685 3198 σταυροῦ
1747 3132 1805 3184 τὸ

1907 1962 2046 2029 quit,
2111 1976 2453 2029 progressus,
2500 1970 2790 2030 tantusque
2834 1962 2887 2014 in
2959 1963 3156 2031 pietate
3196 1962 3476 2030 profectus

1906 2066 2117 2115 eorum,
2147 2051 2241 2119 qui
2272 2050 2506 2104 desertas
2533 2051 2659 2103 olim
2709 2061 2763 2104 et
2811 2052 3096 2118 inaquosas
3150 2053 3475 2105 solitudines

1908 2140 2256 2201 habitabant,
2294 2149 2351 2193 ut
2379 2141 2522 2193 inter
2558 2154 2639 2204 se,
2674 2148 2930 2207 tanquam
2958 2155 3145 2203 cursu,
3193 2141 3260 2193 de.
3298 2142 3476 2210 adipi-

1911 2233 2109 2285 scenda
2148 2232 2238 2286 Dei
2266 2233 2442 2300 gratia
2471 2244 2665 2300 magna
2702 2233 3053 2285 contentione
3072 2233 3378 2299 decertent;
3423 2243 3477 2285 ct.

1907 2320 1992 2374 bic
2023 2320 2268 2390 quidem,
2304 2320 2400 2374 Dei
2435 2336 2574 2380 sum,
2604 2320 2780 2373 dicat:
2820 2319 2907 2372 ille
2944 2329 3122 2373 autem
3158 2321 3258 2373 sibi
3291 2321 3479 2375 Jacobi

1906 2428 2093 2466 nomen
2145 2412 2433 2475 ascribat,
2487 2409 2840 2480 quantumvis
2876 2424 2942 2463 ex
2986 2408 3188 2463 Jacobo
3221 2426 3326 2464 non
3375 2413 3474 2473 sit,

1907 2502 2002 2556 sed
2034 2518 2096 2555 ex
2123 2504 2327 2557 deserto
2354 2511 2482 2555 ante
2516 2500 2804 2570 prodierit.
2841 2498 3041 2554 Verum
3078 2516 3176 2570 pro
3203 2503 3474 2567 clamabit;

1907 2594 2176 2645 roeabitnr
2210 2591 2373 2645 habet
2404 2590 2785 2660 Symmachus.
2814 2592 2990 2660 Atque
3015 2591 3269 2660 idipsum,
3301 2593 3475 2656 aiunt,

1905 2683 2163 2736 steviente
2194 2680 2595 2751 persecutionis
2615 2689 2882 2750 tempore,
2904 2682 3152 2751 contigit,
3175 2697 3284 2751 quo
3299 2682 3479 2736 etbni-

1905 2785 2000 2825 cos
2036 2771 2234 2823 multos
2266 2779 2580 2824 sanctorum
2622 2769 2902 2824 bominmn
2952 2772 3343 2841 appellationes
3372 2772 3475 2828 sibi

1906 2863 2149 2931 arripere
2197 2860 2457 2915 vidimus.
2504 2860 2575 2915 Se
2624 2861 2770 2915 enim
2821 2860 3080 2915 Jacobum
3121 2862 3288 2927 alius.
3338 2863 3479 2917 alius

1906 2952 2033 3005 εις-ιιι
2063 2951 2318 3006 lsraelem
2343 2994 2357 3010 .
2389 2952 2479 3006 alii
2516 2952 2677 3006 etiam
2710 2950 3034 3019 Jeremiam,
3071 2961 3123 3008 et
3163 2954 3386 3017 Isaiam.
3423 2965 3477 3008 et

1905 3039 2178 3094 Danielem
2213 3041 2640 3109 nuncupabant:
2679 3042 2882 3112 quibus
2930 3044 3231 3113 assumptis
3292 3045 3479 3115 appel-

1907 3130 2200 3185 lationibus
2232 3131 2401 3185 alacri
2429 3140 2481 3185 et
2522 3129 2648 3185 forti
2704 3131 2888 3186 animo
2924 3131 2990 3185 ad
3024 3132 3281 3203 martyria
3318 3148 3476 3189 acce-

214 3224 476 3291 σημεῖον,
502 3223 535 3292 ἦ
566 3221 665 3291 τὴν
713 3222 950 3291 Χριστοῦ
1003 3221 1402 3292 προσηγορίαν.
1460 3222 1665 3289 Ἠγουν
1708 3223 1798 3274 ἐπὶ
1825 3222 1869 3280 C

1782 3222 1869 3280 EC
1909 3221 2133 3274 debant.
2198 3219 2352 3286 Quod
2422 3230 2603 3275 autem
2673 3238 2835 3275 manu
2893 3222 3059 3289 dixit,
3101 3223 3222 3279 ideo
3291 3225 3474 3281 forsan

210 3309 303 3375 τῷ
331 3312 600 3378 ὀνόματι,
637 3313 821 3379 φησιν,
878 3310 1064 3376 ἐπειδὴ
1117 3310 1302 3376 ὄνομα
1349 3311 1462 3371 τοῖς
1515 3310 1573 3371 ἐξ
1610 3308 1802 3362 Ἰακὼϐ

211 3398 515 3467 σχοίνισμα
578 3399 672 3449 καὶ
696 3397 893 3467 κλῆρος
922 3396 1079 3450 Θεοῦ.
1129 3397 1247 3450 Οὐκ
1294 3398 1360 3467 ἐᾷ
1390 3398 1467 3461 δὲ,
1500 3399 1654 3465 φασὶ,
1674 3398 1802 3461 τοὺς

208 3488 603 3557 ἀσεϐήσαντας
660 3490 859 3557 χωρεῖν
886 3490 964 3550 εἰς
993 3487 1324 3553 ἀπόγνωσιν,
1378 3487 1452 3549 ὡς
1492 3488 1566 3557 μὴ
1624 3489 1801 3542 δοκεῖν

209 3578 508 3650 ὁλόρριζον
555 3576 875 3631 ἀπολεῖσθαι
921 3576 1009 3628 τὸν
1075 3575 1310 3645 Ἰσραὴλ,
1360 3576 1800 3645 ἀποστραφέντος

210 3670 304 3729 εἰς
359 3670 505 3722 ᾶπαν
549 3668 747 3729 αὐτοὺς
802 3666 893 3719 τοῦ
950 3666 1104 3718 Θεοῦ.
1163 3666 1443 3718 Καταλέαν
1476 3668 1525 3719 εί
1553 3674 1578 3703 ι
1610 3669 1665 3721 δὲ
1688 3674 1800 3733 τοῖς

212 3761 304 3822 είς
327 3760 488 3812 αὑτὸν
506 3758 820 3811 πιστεύουσι
863 3757 964 3825 τὴν
987 3757 1086 3826 τῆς
1115 3760 1387 3828 σωτηρίας
1421 3759 1559 3814 ὁδόν.

1906 3311 2127 3380 adjecit,
2164 3311 2307 3379 quod
2367 3310 2569 3367 Christi
2627 3328 2825 3368 nomen
2892 3314 3167 3383 permulti,
3210 3316 3291 3369 vel
3346 3330 3475 3371 cru-

1906 3401 1985 3454 cis
2038 3400 2252 3467 signum
2315 3400 2368 3452 in
2426 3401 2643 3468 palmis,
2693 3412 2786 3456 ant
2852 3404 3096 3460 brachiis
3160 3405 3304 3459 inuri
3370 3406 3475 3461 sibi

1905 3495 2181 3543 curarent.
2245 3487 2343 3541 Vel
2393 3498 2544 3543 certe
2585 3489 2637 3543 in
2692 3494 2902 3546 nomine.
2935 3492 3057 3547 ideo
3111 3493 3272 3558 dixit,
3309 3494 3473 3567 497

1903 3580 2047 3648 quod
2094 3579 2162 3632 iis
2225 3579 2316 3647 qui
2368 3578 2435 3632 de
2466 3577 2669 3634 Jacobo
2707 3584 3047 3651 prodierunt.
3102 3583 3379 3641 funiculus
3419 3597 3475 3641 et

1906 3673 2197 3727 baereditas
2229 3669 2325 3724 Dei
2359 3686 2546 3725 nomen
2580 3675 2851 3728 exstiterit
2874 3674 2942 3729 ⁷³.
2975 3673 3161 3745 Neque
3206 3691 3333 3731 vero
3376 3691 3474 3731 eos

1911 3763 2139 3832 patitur,
2168 3759 2443 3828 inquiunt.
2477 3763 2568 3829 qui
2594 3762 2758 3832 impie
2780 3775 3030 3833 egerunt,
3063 3764 3126 3818 ad
3152 3766 3265 3836 spei
3301 3782 3475 3837 usque

211 3850 627 3921 projectionem
664 3848 942 3912 devenire,
979 3862 1046 3901 ne
1109 3846 1247 3901 velle
1290 3847 1539 3902 videatur
1587 3850 1838 3907 lsraelem
1904 3860 2075 3906 totum
2108 3852 2355 3919 stirpitus
2407 3850 2667 3916 interire;
2733 3862 2987 3922 tauquam
3044 3855 3263 3911 eosdem
3320 3857 3473 3928 plano

232 3948 393 4002 Dens
425 3957 758 4002 aversetur:
800 3948 893 3999 sed
927 3948 1017 4009 iis,
1058 3950 1151 4016 qui
1187 3949 1237 4000 in
1275 3963 1398 4001 cum
1441 3951 1814 4015 crediderunt,
1853 3954 2046 4009 salutis
2076 3953 2215 4005 viam
2245 3950 2636 4020 expeditiorem
2670 3958 2724 4003 et
2755 3948 3010 4001 leniorem
3047 3948 3194 4002 facit.

298 4041 528 4093 Ἑαυτὸν
551 4040 608 4093 δὲ
637 4039 809 4106 λέγων
840 4040 1076 4105 Κύριον,
1110 4040 1203 4093 καὶ
1244 4039 1409 4101 Θεὸν,
1436 4040 1692 4107 ποιητήν
1743 4058 1802 4096 τε

208 4133 319 4188 καὶ
345 4130 655 4197 πλάστην,
688 4130 974 4199 ἐμφαίνειν
998 4129 1171 4181 ἔοικεν
1200 4130 1281 4181 ὅτι
1324 4131 1415 4182 καὶ
1438 4130 1798 4200 πεπλάνηται,

205 4221 279 4274 τὸ
334 4220 436 4288 τῆς
466 4221 747 4285 θεότητος
800 4218 989 4285 ὄνομα
1028 4216 1241 4285 Ἰσραὴλ
1287 4218 1531 4287 περιθεὶς
1591 4220 1798 4288 ἑτέροις

207 4314 331 4372 τοῖς
357 4311 458 4362 οὐκ
488 4306 607 4361 οὖσι
639 4311 802 4371 θεοῖς,
834 4310 929 4360 καὶ
956 4307 1054 4375 τῆς
1092 4307 1150 4373 ἐξ
1188 4307 1364 4377 ἀρχῆς
1393 4308 1485 4360 τοῦ
1510 4309 1795 4379 ἀνθρώπου

206 4402 579 4471 δημιουργίας
599 4401 936 4469 ὑπέμνησεν,
966 4400 1287 4469 ἀχαριστίας
1315 4400 1680 4468 γραςὸμενος,
1704 4403 1791 4454 ei!

1977 4043 2134 4109 Quod
2165 4050 2349 4096 autem
2391 4040 2676 4095 Dominum
2707 4054 2767 4093 se
2797 4048 2847 4093 et
2872 4037 3059 4103 Deum,
3092 4040 3466 4110 lacteamque,

1902 4144 1957 4192 et
1992 4134 2366 4201 plasmatorem
2400 4133 2642 4185 nominat
2676 4147 2691 4195 ;
2723 4130 3007 4185 aberrasse
3023 4129 3267 4199 etipsum
3298 4130 3467 4186 Israe—

1901 4224 2029 4284 lem,
2070 4224 2164 4293 qui
2203 4221 2297 4275 Dei
2331 4237 2517 4274 nomen
2575 4219 2832 4287 aliis,qui
2872 4218 2944 4273 dii
2976 4235 3082 4273 non
3134 4230 3281 4282 sunt,
3313 4222 3467 4281 altri:

1902 4312 2102 4373 bnerit,
2128 4312 2340 4365 videtur
2364 4310 2629 4372 iudicare,
2653 4319 2705 4362 et
2732 4310 2904 4377 posita
2931 4316 3054 4363 ante
3078 4311 3269 4363 oculos
3292 4310 3461 4378 prima

1901 4404 2063 4472 bujus
2124 4403 2503 4463 iabricatione,
2554 4400 2963 4468 ingratitudinis
3019 4415 3264 4468 arguere,
3319 4406 3462 4469 quod

207 4494 417 4560 γονέας
472 4491 650 4560 τιμῶν
682 4491 906 4552 τοὺςεξς
949 4492 1047 4558 τὴν
1086 4492 1296 4557 γένεσιν
1327 4491 1800 4559 ὑπουργήσαντας,
1838 4501 1878 4555 D

1769 4509 1800 4557 ς,
1838 4501 1878 4555 D
1906 4494 2301 4563 procreationis
2336 4492 2620 4545 ministros
2658 4500 2909 4560 parentes
2935 4492 3143 4556 colens,
3184 4490 3461 4547 Factorem

207 4584 384 4637 αὐτὸν
430 4582 754 4652 ἀπεστράφη
800 4582 891 4633 τὸν
919 4580 1197 4647 ποιητὴν,
1232 4581 1260 4633 ὂ
1327 4582 1419 4635 καὶ
1450 4582 1516 4634 δι’
1548 4583 1664 4644 ἐνὸς
1686 4582 1789 4653 ἔφη

203 4672 326 4725 τῶν
353 4672 650 4742 προφητῶν
682 4687 698 4702 ·
736 4689 755 4720 ι
786 4670 913 4733 Υἱὸς
946 4669 1158 4734 δοξάζει
1184 4671 1416 4740 πατέρα,
1472 4671 1565 4723 καὶ
1606 4671 1790 4734 δοῦλος

204 4765 308 4816 τὸν
377 4763 568 4832 κύριον
620 4762 806 4816 αὐτοῦ.
837 4779 856 4810 ι
901 4762 1057 4814 Καί·
1095 4780 1111 4811 ι
1152 4762 1215 4813 Εἰ
1265 4762 1453 4831 Πατήρ
1505 4764 1619 4831 εἰμι
1659 4760 1789 4827 ἐγὼ,

208 4856 322 4908 ποῦ
351 4857 502 4907 ἐστιν
526 4856 559 4924 ή
593 4854 719 4917 δόξα
753 4870 891 4923 μου;
924 4872 941 4903 ν
975 4852 1080 4903 Καί
1102 4867 1117 4883 ο
1155 4870 1174 4903 ι
1212 4852 1271 4904 Εἰ
1298 4852 1498 4921 Κύριός
1528 4852 1789 4921 εἰμιέγῶ,

207 4945 323 4998 ποῦ
354 4946 503 4997 ἔστιν
530 4945 558 4995 ὁ
582 4945 744 5013 (ρόὸος
777 4961 878 5012 μου
904 4960 918 5007 ;
950 4942 1315 5011 λέγειΚύριος
1343 4944 1784 5013 παντοκράτωρ.»

216 5036 439 5103 Κύριος
500 5034 601 5102 μὲν
659 5035 767 5105 γάρ
790 5036 958 5096 ἐστιν,
1015 5032 1090 5095 ῶς
1123 5033 1227 5085 ὑπὸ
1250 5032 1418 5099 χεῖρα
1463 5032 1561 5101 τὴν
1618 5033 1793 5085 κτίσιν

211 5125 461 5194 κρατῶν,
488 5125 679 5194 Πατὴρ
704 5125 870 5187 δὲ,ὠς
896 5122 1167 5189 ποιητής.
1200 5123 1272 5175 Τὸ
1295 5122 1351 5174 δὲ
1382 5123 1463 5174 ἔτι
1484 5123 1790 5189 βοηθήσῃ,

214 5214 556 5284 παρίστησιν
600 5215 675 5276 ὡς
741 5216 951 5284 ἥμερος
1029 5213 1141 5281 ἐγὼ
1200 5214 1293 5266 καὶ
1355 5212 1492 5282 πρὸς
1539 5213 1794 5266 τοσοῦτον

216 5307 606 5376 ἡμαρτηκότα.
662 5306 900 5358 ’Δνωθεν
946 5305 1004 5358 δέ.
1050 5321 1193 5367 τινες
1244 5304 1498 5374 περὶτῆς
1532 5304 1659 5371 ὅλης
1695 5304 1793 5373 ῥή-

214 5411 362 5456 σεως
394 5396 628 5463 ἔφασαν,
660 5395 735 5457 ὡς
764 5396 974 5462 ἐνάγων
1004 5395 1203 5455 αὐτοὺς
1266 5395 1347 5455 εἰς
1412 5393 1634 5457 ἔνδειξιν
1696 5393 1794 5461 τῆς

1899 4584 2075 4651 ipsum
2109 4590 2394 4637 aversatus
2434 4583 2526 4646 sit,
2570 4580 2715 4651 quod
2747 4595 2842 4647 per
2903 4582 3187 4650 quemdam
3227 4584 3461 4653 prophe-

1895 4680 2006 4726 tam
2038 4672 2092 4726 in
2126 4673 2270 4725 hunc
2298 4672 2517 4726 modum
2539 4673 2615 4725 ait
2642 4687 2657 4725 :
2688 4690 2704 4722 ι
2740 4669 2913 4725 Filius
2931 4672 3195 4739 gloriﬁcat
3227 4672 3460 4737 Patrem,

1895 4773 1949 4818 et
1976 4778 2168 4818 servus
2201 4764 2481 4818 dominum
2520 4779 2679 4818 suum
2709 4765 2798 4818 "'.
2830 4783 2847 4816 ι
2894 4764 2960 4819 Et
2987 4782 3000 4819 :
3048 4784 3064 4816 ι
3103 4763 3157 4819 Si
3192 4773 3339 4833 pater
3359 4781 3461 4834 ego

1897 4870 2041 4918 sum,
2079 4855 2171 4908 ubi
2203 4862 2287 4909 est
2317 4856 2487 4924 gloria
2546 4870 2662 4909 mea
2709 4857 2799 4908 ⁷δῖ)
2837 4875 2855 4907 ι
2887 4857 2951 4909 Et
2986 4875 2998 4908 :
3030 4874 3048 4906 ι
3093 4854 3147 4907 Si
3199 4856 3459 4915 Dominus

1901 4958 2023 4996 sunt
2057 4959 2174 5013 ego.
2214 4945 2307 4997 ubi
2343 4945 2474 4998 mibi
2499 4945 2719 5001 debitus
2744 4947 2925 5009 timor,
2952 4945 3028 4998 ait
3058 4943 3316 4998 Dominus
3341 4961 3459 4998 οιιι-

1898 5034 2253 5102 nipotcns"?
2283 5034 2539 5091 Dominus
2605 5038 2747 5091 enim
2774 5050 2913 5089 unus
2939 5043 3054 5100 est;
3090 5036 3456 5105 tanquamqui

1898 5134 2101 5177 cuncta
2138 5135 2322 5179 creata
2384 5143 2547 5179 manu
2579 5127 2973 5195 complectatur
3006 5143 3020 5190 ;
3064 5124 3218 5178 Pater
3251 5133 3455 5192 autem,

1897 5222 2159 5283 tanquam
2195 5215 2286 5284 qui
2321 5216 2510 5271 eadem
2554 5218 2753 5285 fecerit.
2785 5216 2937 5282 Quod
2966 5230 3093 5271 vero
3136 5218 3313 5271 adhuc
3356 5235 3456 5271 au-

1897 5304 2087 5357 xilium
2115 5304 2419 5358 habiturum
2448 5307 2607 5369 dixit,
2644 5307 2695 5359 in
2726 5322 2848 5360 eum
2876 5321 2934 5360 se
2965 5306 3177 5359 facilem
3218 5317 3268 5361 et
3305 5322 3455 5360 man-

1899 5407 2133 5462 suetum,
2156 5398 2249 5466 qui
2283 5398 2417 5451 adeo
2442 5398 2706 5469 peccavit,
2734 5399 2989 5453 ostendit.
3021 5396 3271 5451 Nonnulli
3292 5412 3454 5469 porro

290 5508 338 5542 '“
373 5509 523 5562 Psai.
548 5521 691 5573 κων,
720 5507 772 5560 8.
850 5509 896 5539 τ’
920 5508 1074 5561 Dent.
1117 5522 1287 5568 xxx",
1319 5505 1369 5558 8.
1448 5506 1494 5537 "
1525 5505 1654 5559 ibid.
1688 5506 1739 5560 9.
1816 5506 1883 5536 ⁷³⁸
1920 5505 2148 5563 Malacit.
2185 5525 2223 5572 I,
2258 5508 2308 5563 6.
2386 5512 2430 5540 τ’
2460 5510 2587 5563 ibid.
2664 5511 2706 5539 "'
2746 5509 2875 5562 ibid.

1506 5620 1743 5677 VARI/ﬁ
1778 5621 2181 5677 LECTIONES.

295 5750 325 5778 ι
367 5738 455 5794 ισ.
482 5739 597 5794 ἔστι
632 5740 671 5810 ἢ
700 5743 966 5813 προσήκει
1004 5744 1042 5811 ἠ
1070 5746 1308 5799 τινιῐθτόν
1331 5762 1405 5798 τι.
1482 5754 1509 5783 τ
1537 5762 1624 5813 rp.
1658 5744 1781 5814 ἔφη.
1816 5744 1928 5797 καί.

2012 5758 2034 5785 ι
2074 5764 2160 5812 3p.
2187 5747 2550 5801 καταλεαίνει.
2628 5754 2656 5793 γ
2687 5761 2774 5810 γρ.
2801 5743 2873 5806 ὡς
2906 5744 2941 5808 ἣ
2966 5742 3068 5795 ὅτι.
