4284 6440
776 380 917 446 2i03

2068 366 2420 430 PROGOPII
2457 366 2701 428 GAZ/El

3887 368 4034 430 2404

777 499 944 555 supra
990 481 1222 553 positam
1261 481 1549 535 verborum
1593 476 1791 533 seriem
1825 491 1852 531 a
1883 474 2161 546 principio
2193 490 2347 544 repe-
2376 479 2422 535 Α
2451 476 2463 527 ξ

2344 479 2422 535 ›Α
2451 474 2583 536 ἰδίας
2653 473 3149 543 μεγαλοπρεπείας,
3202 474 3275 535 ὡς
3316 466 3427 536 οἷός
3478 490 3537 525 τε
3587 473 3739 528 ἔσται
3796 494 3898 532 ,και
3935 495 4036 539 :z;

776 585 974 639 tentes,
1018 576 1207 629 volunt
1230 587 1325 625 eos
1355 586 1383 623 a
1422 572 1528 624 lico
1560 570 1618 625 in
1655 585 1766 625 sua:
1802 568 2225 638 magniﬁcentia:
2250 570 2347 623 de-

776 667 1226 722 monstrationem
1261 661 1440 715 induci
1478 671 1538 714 ut
1570 671 1825 717 renovata
1877 670 2122 715 veterum
2178 660 2347 713 mira-

777 758 1023 813 culorum
1070 754 1352 818 memoria,
1390 768 1548 822 posse
1579 769 1607 806 a
1657 769 1714 807 se
1755 752 1941 805 decem
1991 751 2195 813 tribus,
2237 750 2345 804 nisi

777 848 908 917 ipsa:
957 846 1299 907 obstiterint,
1334 844 1387 897 in
1426 844 1654 912 patriam
1691 842 1877 896 reduci
1926 857 2034 896 non
2073 842 2343 895 dubitent.

776 939 931 1004 Quod
960 939 1030 999 si,
1073 938 1205 1007 quid
1244 936 1546 989 meminisse
1578 950 1716 1003 opus
1742 936 1833 994 sit,
1866 933 2158 1000 postulatis
2192 949 2207 984 :
2239 932 2348 984 ειη-

776 1044 877 1099 pso
929 1044 1148 1081 rursum
1181 1028 1404 1095 tempori
1448 1024 1606 1077 ﬁdem
1640 1024 2076 1082 detraltentibus.
2102 1023 2231 1085 ista,
2264 1022 2347 1073 in-

776 1122 917 1189 quit,
944 1120 1448 1188 praetertuittantur,
1473 1124 1528 1169 ct
1563 1132 1683 1183 quze
1716 1118 1943 1167 recentia
1978 1122 2126 1173 sunt,
2164 1111 2349 1165 consi-

775 1212 987 1265 derate.
1017 1208 1238 1267 Deinde,
1268 1215 1324 1259 ut
1350 1221 1435 1271 ea,
1471 1222 1591 1274 qua:
1614 1206 1678 1257 ad
1702 1204 1909 1258 Novum
1936 1204 2346 1258 Testamentum

776 1303 1030 1360 attinent,
1062 1300 1259 1367 attigit,
1292 1314 1398 1351 non
1436 1313 1495 1352 se
1532 1313 1675 1349 nunc
1713 1297 1951 1365 primqu
1979 1295 2098 1362 ejus
2149 1306 2341 1344 curam

777 1392 1093 1461 suscepisse
1135 1390 1449 1458 rcSpundct,
1487 1390 1577 1458 qui
1612 1405 1678 1442 ne
1701 1386 2012 1440 mercedem
2044 1384 2260 1453 quidem
2280 1382 2349 1436 ab

777 1482 937 1535 initio
969 1480 1262 1545 acceperit,
1294 1480 1388 1532 sed
1416 1488 1607 1531 contra
1637 1486 1692 1530 ut
1715 1480 1766 1529 in
1793 1477 1879 1545 pie
1908 1476 2118 1542 degenti
2150 1488 2345 1542 pecca-

775 1583 957 1625 torum
991 1572 1230 1629 veniam,
1266 1576 1558 1637 prorogato
1588 1567 1653 1620 ad
1689 1568 2021 1635 operandam
2072 1566 2345 1634 justitiam

776 1668 1041 1731 tempore,
1074 1660 1329 1729 largitinn
1385 1674 1527 1712 esse.
1592 1657 1737 1711 Mare
1787 1660 1953 1719 enim,
1989 1666 2044 1711 et
2091 1660 2347 1711 columna

778 1747 941 1816 ignis,
980 1756 1033 1799 et
1063 1748 1283 1809 nebula,
1323 1748 1669 1815 baptismatis
1712 1749 1910 1806 vit-esu,
1951 1747 2215 1814 Apostulo
2260 1756 2341 1799 te-

2453 565 2585 617 δέκα
2609 564 2779 631 φυλὰς
2814 565 3188 633 ἐπαναγαγεῖν
3226 566 3319 617 ἐὰν
3354 564 3678 633 βουληθῶσι,
3725 566 3833 621 τῶν
3862 571 4036 623 πάλαι

2453 658 2749 727 θαυμάτων
2778 658 3060 729 ὑπέμνησε
3084 676 3132 713 ν,
3186 659 3247 711 El
3276 658 3331 711 δέ
3362 658 3644 725 λέγετε·Ἰί
3683 661 3764 713 δεῖ
3802 660 4040 729 μεμνῆ-

2452 754 2627 812 σθαι;
2661 750 2821 801 πάλιν
2874 750 3095 802 ἐκείνων
3129 751 3542 828 ἀπιστουμένων
3568 750 3647 820 τῷ
3682 752 3875 821 χρόνῳ,
3932 770 4039 805 πα-

2455 841 2655 911 ρείσθω
2678 839 2868 903 ταῦτα,
2905 839 3059 907 φησὶ,
3094 840 3189 892 καὶ
3227 840 3293 892 τὰ
3329 841 3437 892 νέα
3489 841 3821 910 σκοπήτατε.
3848 843 4036 894 Εἰπὼν

2450 932 2505 983 δὲ
2539 931 2607 983 τὰ
2656 930 2787 997 περὶ
2816 930 2917 999 τῆς
2955 929 3161 998 Καινῆς
3188 928 3485 999 Διαθηκης,
3510 934 3696 997 φησὶν,
3732 932 3805 993 ὡς
3834 934 3909 984 Οὐ
3936 932 4035 984 νῦν

2453 1021 2627 1091 ἀρχὴν
2663 1022 2762 1090 τῆς
2796 1022 2926 1090 περὶ
2966 1021 3025 1073 σὲ
3057 1020 3384 1089 κηδεμονίας
3441 1023 3768 1090 πεποίημαι,
3796 1024 3912 1075 ἀλλ’
3968 1025 4033 1077 οὐ

2453 1111 2508 1164 δὲ
2539 1112 2731 1179 μισθὸν
2753 1112 2934 1165 λαϐὼν
2978 1111 3036 1175 ἐξ
3070 1112 3264 1181 ἀρχῆς,
3302 1112 3611 1165 τούναντίον
3645 1113 3702 1164 δὲ
3761 1116 3851 1165 καὶ
3905 1117 4037 1167 ἁσει

2455 1199 2634 1251 δοῦντι
2674 1200 2780 1251 τῶν
2840 1201 3253 1269 ἁμαρτημάτων
3296 1199 3491 1267 ἄφεσιν
3545 1202 3779 1264 δέδωκα,
3838 1204 4033 1272 καιρὸν

2456 1290 2725 1359 ὑμίνδοὺς
2762 1290 3110 1357 δικαιοσύνην
3141 1290 3499 1359 ἐργάζεσθαι.
3546 1293 3653 1344 Καὶ
3712 1295 3743 1362 ἠ
3780 1295 4038 1347 θάλασσα

2454 1379 2583 1448 γὰρ,
2614 1378 2709 1431 καὶ
2736 1380 2762 1429 ὁ
2808 1376 2998 1430 στύλος
3030 1376 3124 1429 τοῦ
3157 1377 3345 1443 πυρδς,
3368 1378 3461 1428 καὶ
3503 1380 3535 1446 ἡ
3569 1377 3787 1446 νεφέλη,
3848 1379 4040 1447 βαπτί-

2456 1484 2659 1536 σματος
2687 1466 2869 1535 χώραν
2900 1468 3118 1535 ἐπεῖχεν
3164 1468 3310 1534 ὑμῖν.
3364 1468 3473 1519 Καὶ
3501 1470 3528 1518 ὁ
3559 1468 3882 1528 Ἀπόστολος
3926 1471 4039 1537 γὰρ

2456 1558 2817 1626 βεϐαπτίτἾαι
2870 1558 3033 1626 φησὶν
3093 1558 3291 1620 αὐτοὺς
3354 1561 3411 1609 ἐν
3462 1561 3528 1626 τῇ
3585 1559 3779 1628 νεφέλη
3825 1561 3920 1611 καὶ
3966 1562 4035 1627 τῇ

2454 1649 2720 1718 θαλάσσῃ.
2765 1650 2824 1700 '0
2856 1649 3018 1710 αὐτὸς
3069 1647 3125 1699 δέ
3175 1650 3269 1701 καὶ
3332 1648 3427 1701 νῦν
3480 1651 3596 1717 είμι
3692 1650 4038 1718 βουλομένων

2456 1741 2610 1808 ὑμῶν
2653 1740 2837 1807 ἀφιεὶς
2864 1741 3159 1809 ἁμαρτίας,
3201 1742 3296 1792 ἐὰν
3324 1742 3531 1793 ἑαυτῶν
3588 1743 3882 1810 κατήγοροι
3944 1743 4035 1809 γέ-

775 1845 858 1886 sn:
890 1833 959 1896 ⁷⁸,
982 1835 1395 1901 suppleverunt,
1417 1835 1507 1900 qui
1543 1835 1593 1885 in
1626 1833 1768 1885 nube
1784 1842 1838 1886 et
1870 1834 2005 1885 mari
2040 1833 2344 1900 baptizatos
2382 1829 2422 1886 Il
2450 1850 2467 1883 ι

2382 1829 2422 1886 Β
2450 1831 2613 1902 νηοοε
2672 1833 2765 1883 ἐπὶ
2834 1833 3048 1899 ἀφέσει,
3105 1831 3166 1883 ού
3198 1833 3540 1901 κατακρίαει.
3612 1830 3673 1883 Εἰ
3724 1832 3779 1883 δὲ
3812 1834 3910 1901 μὴ,
3976 1835 4037 1883 ἐν

774 1922 939 1977 dicat.
965 1922 1277 1987 Idetnvero,
1318 1924 1413 1984 ait,
1449 1932 1500 1976 et
1536 1939 1680 1976 nunc
1708 1923 1821 1989 ipse
1868 1938 2011 1986 sum,
2039 1924 2131 1989 qui
2164 1924 2352 1975 volen-

774 2014 923 2067 tibus
964 2014 1117 2067 vobis
1146 2022 1365 2083 peccata
1406 2013 1642 2074 dimitto,
1684 2013 1729 2065 si
1764 2012 1866 2079 ipsi
1900 2029 2090 2065 eorum
2118 2027 2349 2065 accusa-

772 2110 921 2157 tores
945 2103 996 2154 in
1017 2103 1419 2166 remissionem,
1438 2117 1542 2153 non
1562 2102 1615 2154 in
1641 2100 2148 2155 condemnationem
2176 2099 2348 2170 5,93

771 2207 895 2248 esse
926 2194 1233 2247 volueritis.
1274 2192 1371 2246 Sin
1402 2192 1602 2255 minus,
1645 2192 1769 2261 ipsa
1805 2206 1906 2263 ego
1939 2192 2096 2245 vobis
2152 2191 2349 2260 judicii

773 2292 1019 2353 tempore
1051 2284 1103 2337 in
1134 2282 1450 2336 memoriam
1486 2281 1779 2345 revocabo,
1811 2288 1862 2335 et
1913 2282 2183 2350 majorum
2222 2295 2345 2335 see-

775 2381 885 2435 lera
923 2392 937 2439 ;
969 2375 1157 2428 eadem
1188 2386 1450 2441 superare
1481 2372 1748 2425 evincam.
1786 2370 1900 2426 Etsi
1923 2374 2070 2426 enim
2097 2373 2349 2441 impieta-

778 2471 850 2523 tis
901 2465 1132 2520 crimine
1165 2470 1214 2517 et
1256 2461 1333 2516 illi
1371 2474 1590 2530 quoque
1640 2474 1747 2513 non
1804 2460 2109 2522 caruerint,
2147 2460 2351 2513 idolum

775 2565 953 2611 tamen
1010 2556 1063 2608 in
1118 2553 1380 2621 templum
1423 2564 1626 2613 meum,
1659 2550 1805 2620 quod
1848 2551 1953 2621 ipsi
2002 2549 2182 2605 lacere
2232 2551 2350 2603 ausi

774 2650 936 2711 estis,
966 2662 1248 2715 nunquam
1281 2642 1635 2697 induxerunt.
1673 2642 1897 2702 Deinde,
1931 2649 1991 2695 ut
2030 2641 2097 2696 ad
2160 2642 2353 2709 resipi-

774 2741 1039 2797 seeutiam
1061 2738 1319 2799 adducat,
1341 2735 1575 2805 graviter
1597 2733 1815 2789 eosdem
1834 2737 2224 2803 perstringens,
2255 2733 2351 2785 Ja-

775 2834 961 2888 cobum
988 2838 1037 2884 et
1072 2826 1327 2882 lsraclcm
1361 2825 1428 2880 de
1457 2833 1673 2893 patrum
1704 2826 1924 2879 nomine
1957 2825 2192 2894 appellat
2224 2842 2238 2888 ;
2269 2824 2355 2892 fa-

780 2936 1076 2990 ctoremque
1108 2936 1166 2975 se
1200 2933 1320 2973 esse
1345 2917 1608 2981 ostendit,
1640 2924 1693 2972 et
1721 2916 1905 2970 omnia
1941 2930 2242 2985 permeare,
2272 2915 2352 2984 ip-

776 3028 893 3068 satn
917 3010 1172 3075 denique,
1206 3021 1327 3077 qua:
1385 3007 1439 3060 iu
1484 3014 1640 3060 utero
1680 3003 2001 3064 absolvitur,
2032 3002 2350 3069 plasmatio-

776 3118 893 3156 nent
944 3097 1235 3154 moderari.
1283 3094 1544 3163 Spiritum
1585 3093 1780 3148 deinde
1811 3093 1931 3162 ejus
1960 3092 2106 3157 lidei,
2137 3108 2257 3161 quzu
2298 3092 2352 3145 in

2454 1922 2631 1993 καιρῷ
2684 1923 2781 1991 τῆς
2842 1924 3075 1992 κρίσεως
3105 1922 3309 1975 τούτων
3360 1923 3505 1991 ὑμᾶς
3562 1924 3863 1993 ὑπομνήσω
3907 1925 4038 1987 τοὺς

2452 2013 2662 2066 ἑαυτῶν
2711 2014 2951 2083 πατέρας
2991 2017 3112 2076 ταῖς
3150 2016 3450 2084 ἁμαρτίαις
3488 2016 3841 2084 νικήσαντας.
3877 2016 4039 2067 Ἦσέο

2451 2103 2581 2155 6ουν
2632 2105 2731 2172 μὲν
2790 2104 2898 2173 γὰρ
2952 2105 3240 2167 κάκεῖνοι,
3288 2106 3405 2157 ἀλλ’
3458 2110 3557 2159 οὐκ
3633 2106 3849 2158 εἴδωλον
3909 2106 4034 2158 καθ’

2454 2189 2596 2259 ὑμᾶς
2647 2191 3045 2259 ἐπεισήνεγκαν
3100 2190 3178 2259 τῷ
3240 2192 3495 2260 ἡμετέρῳ
3536 2191 3670 2260 ναῷ.
3728 2193 3836 2243 Καὶ
3867 2193 4036 2245 πάλιν

2452 2281 2796 2346 ἐπιστρέφων
2852 2281 3069 2345 αὐτοὺς,
3151 2281 3543 2351 δυσωπητικῶς
3642 2283 3855 2336 Ἰακὼϐ
3932 2285 4034 2335 καὶ

2466 2370 2713 2438 Ἰσραὴλ
2745 2372 2810 2422 ἐκ
2862 2371 2968 2423 τῶν
3045 2371 3298 2440 πατέρων
3369 2372 3543 2435 καλεῖ,
3609 2373 3707 2427 καὶ
3771 2374 4038 2439 ποιητὴν

2453 2460 2549 2513 καὶ
2570 2461 2658 2513 διὰ
2717 2460 2933 2513 πάντων
2978 2462 3236 2530 διήκοντα
3282 2462 3497 2525 δεικνὺς
3542 2463 3762 2525 ἑαυτὸν,
3789 2463 3882 2515 καὶ
3934 2463 4036 2531 τῆς

2454 2554 2511 2605 ἐν
2550 2554 2616 2622 τῇ
2648 2553 2845 2621 γαστρὶ
2874 2553 3146 2623 μέμνηται
3207 2551 3507 2618 πλάσεως.
3551 2548 3683 2606 Εἶτα
3715 2554 3905 2622 μισθὸν
3934 2554 4037 2620 τῆς

2454 2641 2533 2705 εἰς
2575 2641 2666 2693 τὸν
2694 2642 2972 2709 Μονογενῆ
3005 2642 3237 2704 πίστεως
3269 2641 3335 2694 τὸ
3381 2641 3622 2709 Πνεῦμα
3645 2640 3836 2693 δώσειν
3860 2645 4033 2707 ἐπαγ-

2453 2731 2773 2801 γειλάμενος
2800 2734 2897 2801 τὴν
2958 2731 3017 2796 ἐξ
3044 2731 3211 2784 αὑτοῦ
3268 2732 3685 2802 χορηγουμένην
3742 2733 4035 2800 εὐλογίαι·

2453 2822 2624 2893 δηλοῖ.
2688 2824 2849 2877 Ἱδιον
2913 2823 3021 2893 γὰρ
3060 2824 3169 2877 τῶν
3200 2824 3566 2891 εὐλογούντων
3609 2823 3763 2885 Θεὸν,
3817 2824 3877 2876 τὸ
3941 2826 4039 2876 καὶ

2455 2917 2653 2978 αὐτοὺς
2676 2918 2955 2983 εὐλογίας
2989 2916 3354 2986 πληροῦσθαι.
3390 2918 3451 2968 Εἰ
3475 2918 3584 2987 γὰρ
3617 2919 3645 2970 ὁ
3673 2916 4039 2985 τδνἊϐραὰμ

2454 3006 2691 3074 εὐλογῶν
2718 3008 3001 3076 εὐλογίας
3027 3008 3359 3077 κληρονόμος
3383 3008 3555 3070 ἔσται,
3635 3011 3784 3079 πόσῳ
3815 3026 3878 3076 γε
3915 3010 4042 3061 τού-

2454 3115 2548 3150 του
2571 3098 2665 3150 τὸν
2695 3098 2829 3151 Θεὸν
2851 3101 2943 3151 καὶ
2957 3102 3263 3165 Δεσπότην;
3293 3100 3383 3152 Ἐν
3404 3101 3613 3163 τούτοις
3640 3100 3697 3153 δέ
3718 3102 4041 3170 γενήσονται

782 3193 1140 3261 Unigenituin
1183 3156 1415 3241 habetur
1444 3187 1518 3249 (id
1546 3196 1628 3240 est
1663 3156 2093 3244 benedictionem,
2118 3156 2240 3253 qua:
2285 3186 2355 3238 ab
2382 3156 2423 3208 δ
2462 3204 2474 3235 π

2347 3208 2355 3235 i
2382 3156 2423 3208 δ
2462 3189 2573 3249 τοῖς
2602 3187 2848 3253 ἀγαθοῖς,
2878 3174 2954 3250 ὧς
2985 3191 3095 3251 τοῖς
3121 3188 3430 3242 ἁειθαλέσιν
3466 3194 3705 3244 ἐοικέναι
3728 3195 3916 3257 φυτοῖς
3942 3192 4039 3245 καὶ

779 3284 975 3339 eodem
1002 3279 1403 3350 suppeditatur)
1438 3276 1706 3330 mercedis
1730 3276 1849 3331 loco
1876 3276 2132 3329 daturum
2168 3292 2225 3330 se
2259 3277 2355 3329 de-

2460 3279 2530 3331 τὰ
2555 3280 2648 3332 ἐπὶ
2678 3282 2909 3341 τούτοις.

776 3382 1068 3429 monstrat.
1097 3371 1191 3424 Est
1225 3371 1372 3424 enim
1411 3370 1478 3424 iis
1527 3370 1788 3421 usitatum
1830 3377 1881 3420 et
1928 3369 2236 3437 proprium,
2264 3369 2355 3435 qui
2396 3368 2509 3425 Deo
2543 3372 2894 3435 benedicunt,
2924 3380 2982 3425 ut
3013 3374 3117 3441 ipsi
3149 3389 3367 3443 quoque
3383 3375 3742 3438 benedictione
3780 3371 4039 3444 replean-

779 3472 889 3517 tur.
945 3463 1001 3516 Si
1032 3462 1178 3515 enim
1236 3460 1329 3529 qui
1358 3459 1671 3512 Abrabatno
1697 3458 1990 3521 benedicit,
2048 3459 2459 3515 benedictionem
2503 3471 2558 3518 et
2631 3464 2746 3531 ipse
2786 3466 3167 3532 consequitur,
3232 3478 3441 3536 quanto
3518 3467 3695 3535 magis
3770 3468 3865 3537 qui
3906 3465 4039 3523 Deo.

778 3562 834 3608 et
871 3553 1148 3606 Domino?
1180 3550 1307 3607 Istis
1336 3551 1502 3620 igitur
1526 3550 1685 3605 bonis
1715 3551 2043 3605 abundaturi
2083 3562 2254 3617 sunt;
2291 3562 2351 3606 ut
2389 3554 2694 3611 virentibus
2732 3571 2946 3627 semper
2971 3557 3263 3612 arboribus
3313 3571 3377 3611 ea
3415 3557 3605 3624 etiam,
3647 3572 3770 3627 qua:
3808 3562 3875 3613 ad
3918 3558 4043 3612 illos

780 3652 1049 3714 spectant,
1091 3650 1407 3711 appareant.

848 3733 1014 3806 5,99
1050 3734 1210 3785 Vsus.
1246 3731 1402 3787 6-25.
1433 3731 1522 3787 Sic
1558 3734 1632 3786 ait
1690 3732 1851 3793 Deus,
1897 3735 1988 3786 rex
2038 3732 2230 3795 Israel,
2268 3735 2357 3802 qui

782 3827 1021 3880 liberavit
1080 3826 1273 3890 ipsum,
1312 3824 1449 3877 Deus
1494 3826 1866 3879 exercituum:
1909 3823 2019 3894 Ego
2057 3827 2284 3895 primus,
2311 3835 2360 3879 et

780 3932 875 3985 ego
904 3915 1168 3981 postlia'c.
1203 3914 1404 3967 Praeter
1450 3931 1529 3967 me
1578 3931 1681 3968 non
1733 3929 1810 3969 est
1850 3917 2005 3971 Deus.
2044 3919 2174 3981 Quis
2223 3920 2357 3972 sicut

782 4024 875 4078 ego
903 4008 928 4058 2
960 4006 1093 4069 Stet,
1122 4016 1284 4070 vocet,
1312 4015 1362 4059 et
1403 4009 1700 4071 annuntiet,
1727 4018 1777 4061 et
1810 4019 1959 4073 paret
1996 4012 2150 4074 mihi,
2174 4025 2239 4062 ea:
2259 4025 2360 4079 quo

787 4100 886 4169 {cci
917 4099 1178 4153 hominem
1206 4100 1259 4152 in
1298 4109 1577 4163 a'ternunt,
1611 4110 1719 4155 etc.

858 4277 1018 4347 500
1044 4276 1204 4331 Aliud
1240 4287 1321 4331 est
1345 4280 1629 4335 sermonis
1652 4280 1868 4335 initium
1901 4280 1967 4333 ad
1997 4280 2239 4345 Judaeos,
2263 4281 2357 4350 qui

791 4373 1059 4427 idolorum
1106 4371 1312 4425 cultum
1352 4373 1588 4442 amplexi
1622 4384 1770 4428 sunt.
1807 4375 1913 4429 Sed
1972 4375 2259 4444 cujusnam
2290 4376 2362 4429 sit

793 4462 1013 4515 lsraelis
1042 4477 1132 4513 rex
1160 4478 1265 4515 non
1299 4462 1554 4529 ignorare
1583 4465 1809 4533 patitur,
1840 4480 1965 4520 cum
1995 4467 2084 4534 qui
2121 4466 2359 4518 liberat-it

789 4567 910 4604 eum
932 4550 1068 4604 Deus
1096 4553 1443 4616 exercituum,
1477 4552 1684 4622 adjicit.
1718 4555 1813 4608 Est
1840 4557 1984 4608 enim
2018 4555 2359 4608 liberatarum
2394 4535 2436 4589 θ

795 4630 887 4697 τεαὶ
914 4683 929 4708 ,
965 4656 1071 4695 non
1100 4657 1293 4696 eorum
1342 4644 1435 4711 qui
1498 4644 1796 4713 impietatis
1847 4657 2148 4713 arguuntur
2181 4663 2194 4698 :
2226 4658 2366 4713 quos

798 4745 975 4788 tamen
1005 4733 1326 4787 aberrantes
1374 4735 1540 4788 etiam
1580 4737 1645 4789 ad
1696 4753 1861 4789 unum
1911 4736 2077 4789 Deum
2132 4736 2365 4800 reducit,

796 4840 907 4897 quo
966 4840 1141 4893 neque
1212 4827 1360 4892 prior
1411 4842 1589 4896 neque
1639 4830 1899 4896 posterior
1939 4828 2083 4880 ullus
2134 4827 2364 4881 inveniri

796 4926 990 4987 queat.
1032 4917 1188 4982 Quod
1239 4918 1283 4972 si
1315 4920 1383 4973 de
1444 4921 1702 4975 universo
1733 4921 1897 4973 etiam
1954 4918 2153 4974 lsraele
2199 4922 2363 4973 verba

800 5006 923 5064 ista,
958 5006 1045 5073 qui
1072 5004 1313 5058 liberavit
1347 5008 1899 5078 eum,iutel|igantur,
1942 5023 2058 5071 eos,
2104 5016 2161 5061 ut
2192 5006 2361 5076 Egy-

800 5092 993 5159 ptlacie
1031 5093 1315 5147 servitutis
1375 5092 1529 5164 501
1572 5097 1943 5161 meminerint,
1976 5113 2003 5149 a
2039 5111 2143 5167 qua
2195 5097 2364 5161 erepti

802 5189 954 5245 sunt,
988 5180 1327 5248 adhortatur,
1358 5194 1739 5255 tantorumque
1764 5188 2147 5240 miraculorum
2175 5194 2364 5239 auito—

801 5288 916 5328 rem
948 5282 1145 5342 prteter
1176 5274 1358 5340 Deum,
1402 5278 1493 5346 qui
1518 5286 1710 5332 natura
1752 5279 1876 5332 talis
1900 5279 2157 5346 principio
2189 5287 2235 5329 et
2264 5276 2367 5343 ﬁne

802 5373 979 5426 caret,
1006 5364 1217 5417 nullum
1247 5380 1369 5419 esse
1392 5369 1553 5421 alium
1582 5369 1840 5423 ostendit.
1875 5368 2095 5431 Verum,
2132 5369 2177 5423 si
2200 5369 2365 5421 alium

802 5454 1072 5513 exsistere
1127 5455 1438 5519 arbitraris,
1466 5459 1611 5511 dicat
1640 5459 1772 5527 jam,
1833 5460 1993 5529 quale
2033 5474 2192 5514 suum
2224 5473 2361 5527 opus

809 5542 861 5595 in
911 5544 1014 5599 hoc
1074 5546 1317 5601 universi
1365 5548 1578 5602 theatro
1622 5551 1903 5606 ostendere
1979 5564 2165 5621 queat.
2208 5548 2359 5604 Unus

880 5721 922 5755 "
958 5721 1127 5777 lCor.
1162 5740 1210 5783 κ,
1241 5725 1294 5775 ‘3.

2534 3742 2704 3801 ςοκγθ.
2792 3734 2992 3799 Οὕτως
3066 3734 3228 3803 λέγει
3300 3739 3335 3787 ό
3422 3736 3587 3801 Θεὸς,
3649 3737 3681 3788 ό
3739 3736 4043 3802 βασιλεὺς

2474 3826 2733 3892 Ἰσραὴλ,
2762 3828 2795 3878 ό
2816 3823 3163 3897 ῥυσάμενος
3189 3825 3379 3877 αὑτὸν
3414 3827 3558 3890 Θεὸς
3590 3826 3852 3881 Σαϐαὼθ·
3891 3827 4041 3895 Ἐγὼ

2461 3917 2709 3985 πρῶτος,
2742 3917 2838 3968 καί
2886 3914 3001 3977 ἐγὼ
3030 3917 3181 3983 μετὰ
3230 3915 3438 3969 ταῦτα.
3502 3916 3677 3982 Πλὴν
3739 3916 3885 3984 ἐμοῦ
3929 3920 4041 3970 οὐκ

2461 4010 2591 4063 ἔστι
2621 4011 2653 4062 d
2692 4008 2852 4071 Θεός.
2906 4008 2993 4072 Τίς
3034 4006 3237 4074 ὥσπερ
3266 4007 3417 4075 ὲγώς
3472 4008 3698 4075 Στήτω,
3730 4010 3825 4061 καὶ
3860 4013 4041 4061 καλε-

2461 4100 2645 4164 σάτω,
2699 4099 2797 4151 καί
2844 4097 3271 4166 «iram-eumut,
3330 4098 3429 4150 καὶ
3488 4098 3861 4166 ἑτοιμασάτω
3915 4117 4040 4167 μοι,

2457 4192 2558 4257 ἀρ’
2603 4186 2675 4245 οὗ
2705 4192 2964 4256 ἐποίησα
2986 4190 3310 4257 ἄνθρωπον
3346 4193 3434 4255 είς
3470 4192 3578 4245 τὸν
3612 4191 3887 4255 οἰῶν-αα»
3918 4210 3968 4245 τ.
3988 4194 4038 4247 λ.

2530 4282 2623 4345 Ἐξ
2679 4282 2873 4349 ἐτέρας
2916 4281 3093 4351 ἀρχῆς
3126 4282 3263 4351 πρὸς
3301 4283 3425 4345 τοὺς
3480 4283 3880 4354 εἰδωλολάτρας
3932 4285 4043 4336 τῶν

2457 4372 2731 4425 Ἰουδαίων
2759 4373 2788 4424 ὁ
2809 4372 2985 4440 λόγος.
3019 4372 3181 4424 Ποίου
3207 4372 3264 4426 δὲ
3305 4372 3547 4441 Ἰσραήλ
3573 4374 3688 4425 ἐστι
3711 4375 4038 4439 βασιλεὺς,

2460 4464 2729 4531 ἐπήνεγκε
2786 4461 2981 4529 λέγων,
3022 4463 3057 4516 ὸ
3117 4460 3465 4529 ῥυσάμενος
3513 4462 3702 4515 αὐτὸν
3763 4464 3911 4527 Θεὸς
3931 4467 4043 4517 Σα-

2466 4556 2640 4607 ϐαὼθ.
2663 4554 2785 4606 Τῶν
2804 4553 2914 4622 γὰρ
2946 4552 3291 4620 ρυσθέντων
3318 4552 3433 4605 ἐστὶ
3463 4552 3783 4617 βασιλεὺς.
3815 4554 3876 4604 ού
3930 4553 4043 4605 τῶν

2467 4643 2954 4713 κατηγορουμένων
2977 4642 3063 4694 ἐπ’
3122 4641 3366 4711 ἀσεϐείᾳ.
3406 4640 3518 4703 Οὓς
3575 4642 3641 4711 δὴ
3693 4645 3787 4694 καὶ
3838 4643 4045 4711 πλανηο

2467 4733 2656 4793 θέντας
2684 4733 3001 4801 ἐπιστρέφει
3025 4732 3162 4800 πρὸς
3200 4731 3293 4783 τὸν
3336 4732 3432 4784 Eva
3475 4732 3643 4785 Θεόν.
3697 4733 3817 4799 Πρὸ
3844 4726 3905 4785 οὗ
3945 4736 4044 4787 καὶ

2462 4825 2591 4892 μεθ’
2622 4823 2696 4877 ὃν
2743 4826 2843 4877 οὐκ
2872 4824 3017 4876 ἐστιν
3040 4825 3198 4877 ἄλλον
3224 4824 3422 4893 εὑρεῖν.
3453 4824 3513 4875 Εἰ
3544 4824 3602 4876 δὲ
3626 4825 3721 4877 καὶ
3751 4827 3879 4892 περὶ
3904 4844 4043 4879 παν-

2466 4912 2555 4973 τὸς
2584 4914 2754 4965 νοοῖτο
2785 4912 2880 4965 τοῦ
2932 4912 3180 4978 Ἰσραὴλ
3250 4913 3310 4963 τὸ
3352 4916 3385 4965 ό
3423 4912 3771 4981 ῥυσάμενος
3826 4914 4039 4977 αὐτὸν,

2463 5004 2563 5071 τῆς
2610 5002 2921 5070 ἐλευθερίας
2991 5002 3169 5053 αὐτῶν
3225 5003 3323 5070 τῆς
3377 5003 3436 5065 ἐξ
3488 5004 3765 5071 Αἰγύπτου
3832 5005 4048 5074 μεμνῆ-

2468 5094 2589 5145 σθαι
2659 5091 2989 5160 παρακαλεῖ,
3062 5093 3155 5143 καὶ
3214 5092 3323 5144 τῶν
3382 5093 3652 5145 τοσούτων
3720 5094 4037 5164 θαυμάτων,

2468 5183 2617 5252 παρὰ
2640 5182 2731 5234 τὸν
2759 5181 2918 5249 φύσει
2945 5182 3095 5235 Θεὸν
3114 5182 3382 5250 ᾶναρχόν
3408 5199 3471 5236 τε
3518 5186 3614 5237 κα)
3637 5186 4048 5253 ἀτελεύτητον

2468 5273 2656 5342 ἕτερον
2707 5273 2899 5325 οὐδένα
2957 5272 3170 5333 δεικνύς
3198 5289 3211 5303 ·
3244 5276 3292 5325 εί
3323 5274 3379 5326 δέ
3424 5274 3669 5343 νομίζεις
3690 5276 3848 5329 ἄλλον
3877 5276 4043 5341 εἶναι,

2469 5364 2679 5432 λεγέτω
2708 5366 2860 5416 ποῖον
2890 5363 3051 5433 ἔργον
3085 5364 3250 5416 αὐτοῦ
3272 5364 3543 5417 δείκνυσιν
3611 5366 3669 5418 ἐν
3718 5366 3797 5435 τῷ
3852 5369 4043 5423 παντί.

2478 5454 2628 5516 Ἐνδς
2686 5454 2795 5525 γὰρ
2838 5453 2991 5517 δντος
3033 5453 3122 5507 τοῦ
3178 5454 3405 5524 κόσμου,
3456 5458 3547 5509 καὶ
3589 5457 3891 5526 συμςυοῦς,
3944 5464 4050 5513 καὶ

2468 5545 2647 5615 ἐαυτῷ
2675 5547 3048 5617 συνημμένου,
3074 5540 3153 5609 εἷς
3184 5548 3249 5600 ἂν
3280 5549 3363 5619 εἴη
3382 5550 3474 5601 καὶ
3495 5550 3523 5602 ὁ
3565 5548 3754 5604 τούτου
3778 5550 4051 5621 δημιουρ-
