4284 6440
312 393 453 457 2409

1444 404 1980 467 COMMENTARII
2020 409 2102 469 ΙΝ
2144 411 2428 472 ISAIAM.

3412 420 3553 486 2-i10

311 509 679 564 ἀνακαινώσει
713 512 804 564 τοῦ
840 512 955 575 νοὸς
992 513 1147 583 ὑμῶν
1179 526 1225 581 ε,
1277 516 1383 569 ἀπὸ
1407 517 1567 588 δόξης
1606 522 1685 581 εἰς
1710 521 1888 583 δόξαν,
1919 525 1959 580 Α

1919 525 1965 580 Α
1995 521 2049 575 in
2083 524 2327 578 eamdem
2360 523 2647 592 imaginem
2680 524 2842 597 504.
2872 526 3355 596 transformamur,
3402 549 3558 588 reno-

310 600 564 669 καοάπερ
598 602 704 655 ἀπὸ
734 604 939 674 Κυρίου
984 604 1325 676 Πνεύματος.
1364 628 1383 661 ι
1430 610 1567 663 Ἀλλ’
1604 614 1763 681 ἡμεῖς
1790 615 1890 681 μὲν

309 688 473 745 οὕτω.
510 692 635 755 Τοῖς
657 694 715 745 ὲν
754 695 903 763 νόμῳ
948 696 1004 747 δὲ
1041 698 1242 767 πρέπει
1272 700 1518 765 δουλείας
1552 702 1769 771 πνεῦμα
1797 706 1890 757 λα-

310 776 467 830 ϐοῦσι
496 780 557 830 τὺ
589 781 667 843 εἰς
696 783 917 853 οἰκέτην
951 786 1043 836 καὶ
1091 786 1273 840 παῖδα
1302 790 1664 845 πεπλάσθαι.
1702 793 1889 861 Παρα-

310 867 595 932 ϐαίνοντας
629 871 736 937 γὰρ
786 874 814 924 6
844 873 1029 942 νόμος,
1069 876 1161 938 ὡς’
1186 877 1400 941 οἰκέτας
1433 879 1704 943 ἐκόλαζεν.
1741 882 1803 934 'H
1830 883 1888 935 ὲν

308 960 534 1030 Χριστῷ
564 961 621 1014 δὲ
662 961 893 1026 πλύσις
928 965 1074 1029 υἱούς
1116 984 1176 1018 τε
1213 969 1308 1020 καὶ
1339 970 1694 1041 συμμόρφους
1722 972 1888 1042 ἐργά-

309 1049 488 1113 ζεται.
516 1052 607 1122 Τῷ
649 1053 715 1123 δὴ
752 1050 845 1107 οὖν
876 1056 1147 1124 Ἰσραὴλ,
1198 1059 1290 1129 Μὴ
1326 1060 1731 1116 ἐπιλανθάνου
1764 1079 1887 1133 μου,

308 1142 470 1211 φησι,
499 1143 838 1214 τρεπόμενος
884 1149 963 1209 είς
1019 1149 1296 1219 ἀσέϐειαν.
1354 1152 1496 1222 Πρὸς
1537 1152 1596 1205 ὃν
1651 1154 1887 1224 ἀλλαχοῦ

310 1246 478 1297 φησιν
498 1246 512 1260 ·
552 1251 570 1283 ι
593 1232 782 1303 Ὑμεῖς
814 1238 863 1289 ol
892 1238 1378 1309 ὲπιλανθανόμενοί
1404 1258 1527 1311 μου,
1556 1244 1650 1297 καὶ
1672 1245 1889 1315 ἑτοιμά-

310 1317 499 1383 ζοντες
528 1322 606 1391 τῷ
653 1324 916 1396 δαιμονίῳ
956 1328 1257 1398 τράπεζαν,
1308 1333 1401 1384 καὶ
1448 1333 1781 1403 πληροῦντες
1818 1340 1885 1409 τῇ

309 1409 449 1481 τύχῃ
485 1412 547 1466 κέ
556 1430 761 1484 ρασμα.
792 1436 810 1468 ι

381 1586 569 1651 Οὕτως
618 1590 727 1661 ἄρα
776 1593 936 1661 λήθη
992 1596 1151 1661 Θεοῦ,
1185 1598 1246 1650 τὸ
1287 1600 1652 1669 ἀποφοιτῆσαι
1694 1600 1885 1656 τούτου

306 1677 478 1745 δηλοῖ.
518 1682 849 1752 Προτρὲπων
889 1687 945 1739 δὲ
994 1689 1245 1741 σπεύδειν
1294 1691 1389 1742 ἐπὶ
1423 1692 1730 1760 μετάνοιαν,
1762 1694 1888 1745 ὲπι-

308 1771 638 1838 στρέφουσιν
669 1776 855 1838 αὐτοῖς
883 1779 1299 1848 ἁμαρτημάτων
1339 1782 1529 1850 ἄφεσιν
1557 1784 1885 1851 ἐπαγγέλλε-

305 1876 418 1921 ται,
452 1860 803 1931 Ἀπήλειψα,
834 1844 1027 1933 λέγων,
1063 1844 1181 1923 ἀντὶ
1218 1872 1311 1923 τοῦ
1340 1844 1687 1941 ἀπαλεῖψαι,
1710 1844 1881 1929 καθά·
1913 1844 1959 1905 Β

307 1964 416 2017 περ
439 1966 492 2001 τι
523 1952 683 2018 νέφος
706 1954 969 2019 διαλύσας
1008 1958 1041 2027 ἢ
1074 1960 1291 2027 γνόφον.
1320 1961 1392 2013 Τὸ
1429 1962 1533 2032 γὰρ
1559 1964 1751 2032 μέλλον
1786 1965 1880 2018 τοῦ

305 2038 525 2128 χρόνου,
577 2041 639 2092 τὸ
691 2045 1071 2115 λυτρὼσομαι
1117 2066 1191 2104 σε
1241 2052 1588 2121 παρίστησιν.
1622 2055 1745 2119 Πῶς
1774 2057 1881 2128 γὰρ

303 2127 650 2197 ἀπήλειψεν
676 2134 704 2185 6
732 2134 914 2189 καλῶν
940 2140 1019 2201 είς
1045 2139 1442 2210 ἐπιστροφὴν,
1473 2146 1549 2207 ὡς
1563 2127 1882 2217 ἀπεστραμ-

306 2219 490 2286 μένον,
523 2222 631 2275 τὸν
651 2224 942 2294 Ἰσραήλ;
971 2228 1058 2282 διὰ
1091 2231 1332 2300 Χριστοῦ
1361 2234 1466 2305 γὰρ
1489 2236 1690 2305 ἦμελλε
1714 2239 1881 2290 πᾶσιν

303 2308 490 2399 ἡτῶν
525 2312 939 2385 ἁμαρτημάτων
991 2320 1186 2387 ἄφεσις
1237 2322 1473 2377 δίδοσθαι
1514 2343 1879 2399 συναναστρα-

302 2397 496 2462 φέντος
531 2403 662 2471 ἡμῖν
705 2404 803 2456 τοῦ
837 2406 1058 2475 Ἀμνοῦ,
1089 2410 1146 2472 ὃς
1176 2412 1319 2481 αἴρει
1352 2414 1452 2483 τὴν
1480 2416 1753 2486 ἁμαρτίαν
1785 2397 1877 2472 τοῦ

300 2487 536 2557 κόσμου.
579 2495 643 2545 Ὀ
673 2495 735 2565 δὴ
766 2498 1001 2564 προϊδὼν
1034 2503 1061 2553 6
1104 2506 1406 2574 προφήτης,
1443 2508 1537 2559 καὶ
1579 2510 1653 2572 ὡς
1693 2510 1880 2563 πολλοὶ

300 2580 510 2659 τούτων
545 2586 929 2641 πιστεύσουσιν
976 2592 1054 2662 τῷ
1093 2597 1413 2666 προφητικῷ
1441 2599 1751 2669 πειθόμενοι
1793 2601 1881 2654 λό-

299 2688 406 2741 γῳ,
437 2676 651 2744 χαίρειν
674 2678 802 2741 τοὺς
843 2682 1138 2749 οὐρανοὺς
1167 2689 1529 2755 προσφωνεῖ,
1557 2692 1656 2753 τὰς
1701 2693 1880 2759 cupa-

297 2765 477 2828 νίους
506 2767 751 2836 δηλονότι
778 2772 1054 2842 δυνάμεις,
1103 2775 1177 2838 ὡς
1222 2778 1288 2829 ἂν
1329 2781 1505 2849 χαρᾶς
1544 2784 1603 2834 ὲν
1631 2783 1880 2853 οὐρανοῖς

299 2857 676 2925 γενησομένης
728 2862 820 2911 ἐπὶ
873 2867 982 2925 τοῖς
1028 2870 1307 2933 μετανοεῖν
1356 2870 1661 2938 μέλλουσιν.
1714 2874 1879 2929 Ὅθεν

298 2946 542 3015 Χριστοῦ
569 2950 921 3020 γεννηθέντος
960 2955 1278 3025 ἁνέκραζον·
1324 2978 1341 3009 ι
1366 2960 1501 3024 Δόξα
1534 2963 1590 3014 ἐν
1639 2965 1881 3033 ὑψίστοις

298 3035 444 3107 Θεῷ,
478 3039 571 3091 καὶ
601 3040 693 3091 ἐπὶ
727 3042 828 3109 γῆς
872 3046 1084 3115 εἰρήνη.
1114 3065 1132 3096 ι
1171 3050 1486 3109 Σαλπίζειν
1522 3052 1576 3105 δὲ
1610 3055 1879 3123 βούλεται,

297 3129 401 3180 καὶ
428 3130 481 3180 εἴ
507 3130 652 3191 τινές
681 3132 810 3194 εἰσι,
856 3134 949 3186 καὶ
981 3136 1096 3202 τὴν
1123 3137 1239 3204 γῆν
1289 3141 1456 3210 αὐτὴν
1486 3142 1879 3215 ὑποστηρίζου-

300 3235 397 3270 σαι
426 3218 569 3273 θεῖαι
592 3221 871 3292 δυνάμεις,
900 3226 1067 3295 ἤγουν
1095 3229 1414 3294 ἀλαλάξαι,
1447 3234 1587 3284 κατὰ
1608 3236 1734 3296 τοὺς
1771 3236 1881 3289 λοι-

296 3312 460 3376 ποὺς,
504 3313 672 3381 ὕμνον
709 3316 1136 3385 ἀναπεμπούσας
1186 3321 1322 3390 Θεῷ.
1359 3324 1518 3385 Εἰκὸς
1563 3325 1618 3378 δὲ
1643 3327 1884 3394 θεμέλια

299 3403 668 3470 χρηματίζειν
698 3405 828 3469 τοὺς
853 3407 1116 3476 θεοφιλεῖς
1151 3413 1355 3475 πάντας
1380 3416 1665 3482 προφήτας
1700 3433 1759 3468 τε
1790 3418 1883 3471 καὶ

296 3492 568 3558 δικαίους,
604 3498 744 3549 κατὰ
775 3499 868 3551 τὸν
907 3500 1229 3556 Ἀπόστολον
1252 3505 1499 3572 λέγοντα’
1527 3525 1545 3557 ι
1581 3508 1883 3561 Ἐποικοδο-

304 3584 575 3653 μηθέντες
605 3588 698 3639 ἐπὶ
738 3589 817 3658 τῷ
867 3589 1102 3661 θεμελίῳ
1138 3596 1249 3648 τῶν
1284 3598 1598 3650 ἀποστόλων
1632 3599 1723 3651 καὶ
1750 3616 1882 3670 προ-

304 3676 515 3745 φητῶν.
543 3696 561 3728 ι
585 3680 822 3750 Ἐπὶτὴν
854 3682 1089 3751 Χριστοῦ
1118 3688 1226 3756 γὰρ
1260 3687 1448 3758 κλῆσιν
1484 3691 1881 3760 μεγαλοφὼνως

303 3768 520 3832 πάντας
574 3772 862 3837 ἐκάλεσαν,
903 3778 1042 3829 κατὰ
1084 3778 1145 3829 τό
1176 3795 1189 3807 ·
1226 3780 1347 3842 «Εἰς
1392 3784 1572 3835 πᾶσαν
1618 3784 1715 3854 τὴν
1780 3785 1881 3854 γῆν

303 3860 529 3928 ἐξῆλθεν
552 3862 579 3912 6
606 3863 842 3930 φθόγγος
875 3866 1073 3921 αὐτῶν.
1105 3886 1124 3919 ι
1175 3867 1454 3923 Ἀπὰντων
1515 3876 1611 3941 μὲν
1659 3875 1766 3944 γὰρ
1793 3882 1883 3928 θε-

301 3950 515 4018 μέλιος
540 3953 569 4003 ὁ
592 3955 832 4024 Χριστὸς
859 3958 1065 4026 ἁνέχων
1105 3976 1160 4011 τε
1190 3960 1282 4012 καὶ
1310 3963 1617 4033 διακρατῶν
1646 3968 1714 4019 τὰ
1755 3971 1883 4040 ἐρη-

308 4043 595 4111 ρεισμένα.
643 4046 759 4097 Ἐπ’
809 4049 957 4117 αύτῷ
1004 4051 1113 4118 γὰρ
1158 4053 1356 4116 πάντες
1384 4056 1881 4128 ἐποικώομούμεθα

303 4128 455 4193 οἶκος
480 4136 867 4203 πνευματικός.
917 4141 1310 4212 Κατοικείγάρ
1359 4148 1416 4198 ἐν
1461 4151 1578 4210 ταῖς
1634 4151 1881 4219 καρδίαις

304 4222 463 4290 ἡμῷ)
491 4223 579 4276 διὰ
608 4226 865 4288 πίστεως.
902 4230 1047 4296 Θεμέ
1064 4234 1166 4283 λιοι
1214 4233 1270 4284 δὲ
1304 4237 1742 4309 προσεχέστεροι,
1789 4243 1882 4295 καὶ

302 4313 473 4379 ἐγγὺς
508 4315 728 4382 μᾶλλον,
766 4317 797 4384 ἢ
831 4318 950 4369 καθ’
999 4321 1164 4390 ἡμᾶς,
1218 4326 1267 4374 oi
1316 4327 1600 4392 αὐτόπται,
1641 4330 1733 4382 καὶ
1777 4332 1881 4383 ὐπ-

305 4404 513 4473 ηοέται
547 4405 642 4457 τοῦ
680 4406 860 4474 λόγου.
894 4410 1139 4463 Γίνονται
1168 4415 1277 4482 γὰρ
1303 4418 1432 4485 ἡμῖν
1458 4417 1543 4470 διὰ
1569 4420 1676 4473 τῷν
1704 4438 1880 4491 παρα-

1993 612 2205 668 vatione
2230 614 2427 668 mentis
2448 625 2666 680 nostrae,
2693 630 2721 669 a
2748 616 2919 687 gloria
2944 617 2997 671 in
3021 618 3269 686 gloriam,
3296 634 3554 691 tanquam

1991 714 2021 752 a
2051 698 2264 756 Domini
2293 701 2490 772 spiritu
2520 704 2585 757 ".
2622 723 2641 756 ι
2679 704 2857 774 Atque
2884 707 2956 760 ita
2982 723 3081 763 nos
3114 710 3355 780 quidem.
3393 713 3556 771 Decet

1990 804 2119 842 vero
2151 799 2203 843 et
2251 807 2366 856 eos,
2413 792 2507 860 qui
2538 793 2593 846 in
2635 792 2753 862 lege
2783 795 3065 852 servitutis
3098 799 3358 868 spiritum
3390 816 3552 858 acce-

1990 889 2205 948 perunt,
2243 881 2295 934 in
2328 896 2547 935 servum
2594 892 2647 937 et
2673 884 2845 950 ﬁlium
2872 883 3118 952 formari.
3154 888 3211 943 In
3242 900 3557 962 transgres-

1989 985 2145 1026 sores
2171 973 2315 1027 enim
2346 974 2457 1036 lex,
2508 983 2762 1043 tanquam
2794 977 2849 1030 in
2886 992 3080 1031 servos
3101 1021 3114 1042 ,
3148 981 3552 1041 animadverte-

1990 1062 2082 1117 bat
2140 1080 2155 1117 τ
2221 1079 2346 1119 eum
2406 1065 2521 1133 ipsa
2583 1066 2639 1120 in
2692 1067 2917 1121 Christo
2978 1069 3232 1135 formatio
3292 1073 3453 1140 lilios,
3501 1085 3556 1129 et

1988 1154 2301 1210 conformes
2324 1156 2370 1187 θ’
2414 1157 2627 1211 elliciat.
2676 1158 3015 1213 Adhortatur
3040 1176 3170 1230 ergo
3201 1161 3459 1218 Israelem
3491 1182 3557 1224 ne

1989 1248 2055 1301 ad
2079 1249 2334 1317 pietatem
2361 1264 2661 1304 conversus
2703 1251 2785 1303 sui
2835 1251 2923 1304 ille
2947 1253 3310 1309 obliviscatur.
3348 1255 3523 1325 Cujus
3543 1287 3556 1297 -

1987 1337 2134 1391 modi
2167 1346 2294 1391 sunt
2329 1340 2430 1393 ista
2461 1338 2526 1392 ad
2554 1338 2805 1393 eumdem
2835 1340 3033 1395 alicubi
3067 1360 3080 1395 :
3107 1362 3127 1395 ι
3170 1344 3275 1399 Vos
3296 1347 3389 1415 qui
3415 1347 3555 1401 obli-

1986 1428 2261 1481 viscimini
2319 1430 2421 1483 mei
2481 1438 2533 1484 et
2580 1432 2788 1500 paratis
2839 1431 3109 1488 daemonio
3159 1450 3448 1505 mensam,
3500 1446 3556 1496 et

1987 1517 2228 1585 impletis
2256 1518 2509 1573 Fortuna:
2538 1520 2775 1574 libamen
2794 1521 2862 1576 ⁸³.
2903 1540 2922 1573 ι

2055 1609 2133 1661 lta
2165 1610 2327 1680 igitur
2356 1610 2448 1663 Dei
2474 1610 2730 1672 oblivisci,
2764 1612 2831 1664 ab
2863 1611 3055 1666 eodem
3089 1614 3353 1670 recedere
3382 1616 3554 1687 signi-

1986 1696 2132 1752 ﬁcat.
2165 1700 2299 1751 Cum
2338 1707 2520 1752 autem
2546 1700 2611 1751 ad
2651 1700 3030 1768 paenitentiam
3069 1702 3328 1759 festinare
3357 1706 3553 1761 adhor-

1986 1797 2153 1853 tatur,
2185 1789 2413 1852 eisdem,
2472 1791 2517 1842 si
2562 1790 2915 1857 resipiscant,
2946 1800 3294 1861 peccatorum
3334 1795 3555 1848 veniam

1984 1880 2307 1945 denuntiat;
2374 1879 2469 1947 qui
2531 1879 2695 1933 delevi
2747 1880 2995 1944 verbum,
3038 1895 3138 1950 pro
3190 1881 3392 1948 delebo,
3442 1899 3555 1938 non

1984 1968 2147 2022 aliter
2183 1983 2346 2037 quam
2378 1970 2446 2023 de
2465 1968 2683 2031 nebula,
2717 1978 2809 2022 aut
2837 1970 3070 2039 caligine
3096 1971 3281 2040 aliqua
3312 1973 3551 2040 locutus,

1985 2069 2233 2130 usurpat.
2254 2061 2446 2116 Futuri
2476 2062 2748 2131 siquidem
2780 2065 3043 2133 temporis
3091 2065 3553 2133 signiﬁcationem

1981 2155 2272 2224 expressit,
2310 2170 2429 2207 eum
2458 2154 2716 2208 redimam
2760 2164 2809 2208 te
2835 2156 3105 2224 adjunxit.
3141 2156 3245 2222 Qui
3283 2159 3428 2212 enim
3460 2158 3553 2213 de-

1983 2240 2165 2293 levisse
2188 2248 2428 2308 putetur,
2461 2242 2557 2310 qui
2600 2249 2860 2310 tanquam
2906 2258 3161 2299 aversum
3189 2243 3449 2301 Israelem
3480 2250 3551 2302 ad

1980 2333 2363 2387 conversione»:
2390 2333 2689 2402 provocat?
2720 2333 2903 2388 Danda
2938 2336 3209 2404 siquidem
3236 2337 3417 2393 fuerat
3441 2354 3556 2394 om'

1981 2420 2143 2475 nibus
2177 2421 2492 2475 delictorum
2525 2422 2776 2477 remissio
2808 2437 2902 2492 per
2920 2423 3225 2487 Christum,
3248 2429 3340 2495 qni
3371 2443 3548 2499 agnus

1982 2511 2266 2565 nobiscum
2323 2521 2568 2567 versatus
2613 2523 2836 2582 peccata
2872 2515 3059 2568 mundi
3098 2518 3344 2572 sustulit.
3392 2520 3549 2584 Quod

1982 2613 2130 2657 certe
2179 2620 2301 2659 cum
2336 2605 2496 2675 longe
2540 2615 2666 2660 ante
2712 2606 2972 2675 propheta
3007 2608 3235 2673 videret,
3270 2626 3334 2664 ex
3370 2612 3550 2680 iisque

1982 2690 2097 2745 fore
2129 2708 2236 2745 non
2269 2709 2491 2761 pauens,
2518 2695 2609 2763 qui
2637 2695 2968 2763 prophetica
2989 2697 3228 2750 orationi
3283 2697 3550 2752 credituri

1982 2791 2186 2846 essent,
2218 2784 2375 2836 oculos
2417 2784 2585 2852 ipsos,
2615 2785 2670 2837 id
2708 2793 2792 2837 est
2836 2785 3084 2840 caelorum
3116 2787 3345 2843 virtutes
3374 2790 3554 2843 [talari

1982 2873 2337 2940 acelamavit,
2397 2884 2653 2947 tanquam
2722 2877 2979 2947 gaudium
3041 2878 3095 2932 in
3162 2880 3318 2933 cmlis
3385 2896 3553 2951 super

1982 2975 2269 3033 peccatore
2297 2968 2673 3035 pt‘enitentiam
2698 2976 2893 3021 acturo
2924 2968 3170 3023 futurum
3190 2970 3259 3024 sit
3282 2968 3349 3023 ⁸⁸.
3374 2972 3550 3040 Atque

1982 3056 2109 3110 inde
2140 3065 2244 3122 est,
2293 3058 2438 3126 quod
2474 3066 2603 3112 nato
2630 3057 2852 3113 Christo
2882 3077 2897 3113 :
2929 3077 2947 3111 ι
2983 3058 3169 3113 Gloria
3224 3061 3277 3114 in
3314 3063 3548 3117 excelsis

1909 3186 1954 3247 C
1985 3148 2115 3213 Deo,
2148 3158 2201 3202 et
2227 3149 2279 3201 in
2330 3158 2472 3204 terra
2504 3166 2608 3221 pax
2636 3152 2707 3214 ⁸⁸,
2748 3170 2767 3202 ι
2801 3153 2979 3223 angeli
3032 3155 3374 3209 cecinerunt.
3422 3156 3551 3211 Vult

1984 3248 2165 3293 autem
2215 3251 2269 3294 et
2317 3243 2548 3296 virtutes
2597 3243 2833 3308 divinas,
2884 3243 2931 3297 si
2961 3259 3081 3312 quae
3134 3255 3330 3299 terram
3372 3247 3547 3316 ipsam

1985 3328 2233 3396 l'ulciant,
2284 3332 2407 3383 tuba
2436 3348 2658 3396 canere;
2694 3333 2846 3398 sive,
2897 3342 2959 3386 ut
3005 3336 3097 3387 alii
3127 3339 3547 3401 transtulerunt,

1984 3418 2199 3489 hymnis
2255 3421 2306 3475 in
2356 3422 2526 3475 Deum
2573 3424 2862 3476 exsultare.
2910 3424 3004 3479 Est
3051 3428 3215 3480 etiam
3260 3443 3554 3484 conserua-

1982 3524 2144 3563 neum
2173 3511 2637 3578 fundamentorum
2667 3515 2887 3568 nomine
2924 3516 3045 3585 pios
3077 3530 3287 3580 omnes,
3321 3521 3552 3588 prophe-

1983 3610 2191 3669 tasqne,
2240 3611 2291 3657 et
2320 3604 2500 3673 justos
2524 3604 2788 3671 intelligi;
2824 3607 2939 3676 qui,
2988 3607 3218 3663 docente
3248 3608 3544 3677 Apostolo,

1983 3693 2353 3759 apostolorum
2393 3704 2447 3745 et
2492 3696 2878 3762 prophetarum
2939 3694 3314 3753 fundamentis
3355 3715 3551 3765 super-

1983 3782 2178 3834 Structi
2224 3781 2337 3834 sint
2380 3783 2447 3836 ⁸⁸.
2483 3782 2565 3835 Ad
2596 3782 2802 3838 Christi
2850 3785 2996 3838 enitn
3051 3800 3249 3839 nomen
3294 3796 3551 3841 contenta

1984 3886 2113 3924 voce
2141 3880 2409 3925 vocarunt
2452 3887 2680 3937 omnes;
2728 3874 2886 3941 juxta
2931 3873 3063 3927 illud
3112 3890 3127 3927 :
3179 3894 3199 3927 ι
3244 3873 3301 3928 In
3333 3890 3550 3931 omnem

1983 3973 2182 4016 terram
2213 3964 2381 4018 exivit
2410 3978 2578 4017 sonus
2606 3979 2795 4017 eorum
2820 3965 2892 4018 ⁸⁷.
2938 3983 2956 4015 ι
2988 3962 3244 4018 Omnium
3277 3967 3551 4035 siquidem

1981 4053 2385 4123 fundamentum
2414 4053 2672 4108 Christus
2696 4064 2814 4122 est;
2848 4054 2940 4123 qui
2972 4070 3095 4119 qua:
3126 4056 3345 4109 admota
3398 4069 3545 4119 sunt,

1983 4144 2086 4197 lixa
2136 4145 2397 4212 lirmaque
2450 4145 2720 4198 sustineat
2763 4156 2816 4198 et
2880 4146 3300 4214 complectatur.
3338 4147 3393 4200 ln
3430 4148 3550 4217 ipso

1983 4235 2251 4304 siquidem
2298 4250 2488 4289 omnes
2543 4235 2877 4289 mdilicamur
2920 4236 3116 4291 domus
3150 4238 3453 4305 spiritualis
3478 4237 3545 4291 ⁸⁸.

1982 4322 2141 4391 505
2171 4323 2387 4375 llabitat
2406 4322 2550 4374 enim
2576 4323 2629 4375 in
2651 4321 2911 4376 cordibus
2944 4325 3147 4377 nostris
3170 4340 3265 4393 per
3299 4324 3455 4377 ﬁdem
3478 4325 3547 4380 ”.

1982 4411 2354 4465 Fundamenta
2408 4414 2574 4466 etiam
2630 4413 2811 4467 vicina
2861 4416 3034 4483 magis
3092 4425 3145 4467 et
3209 4420 3544 4485 propinqua,

298 4494 505 4547 δόσεων
561 4498 641 4557 είς
685 4498 964 4567 ἑδραίωμα
1015 4502 1287 4567 πίστεως,
1341 4507 1479 4558 κατὰ
1524 4508 1622 4559 τό·
1681 4512 1795 4564 «Σὺ
1830 4507 1879 4563 εἴ
1910 4519 1952 4571 ι)

1910 4519 1952 4571 ι)
1982 4520 2143 4571 quam
2178 4516 2368 4559 nostro
2401 4506 2621 4566 stimulo,
2651 4506 2752 4575 ipsi
2788 4507 3009 4559 luerunt
3057 4508 3257 4560 oculati
3303 4517 3465 4561 testes
3497 4518 3551 4561 et

301 4584 535 4654 Πέτρος,
590 4586 683 4638 καὶ
734 4589 825 4640 ἐπὶ
866 4589 1040 4661 ταύτῃ
1084 4595 1149 4662 τῇ
1178 4594 1351 4664 πέτρᾳ
1392 4597 1732 4668 οἰκοδομήσω
1772 4620 1874 4669 μου

296 4673 403 4742 τὴν
444 4673 787 4743 Ἐκκλησίαν.
820 4694 838 4726 ι
879 4676 952 4729 Τὸ
989 4679 1095 4747 γὰρ
1130 4681 1228 4747 τῆς
1277 4681 1439 4733 αὐτοῦ
1479 4684 1711 4745 πίστεως
1743 4686 1876 4738 ἀσά-

298 4761 489 4814 λευτον
524 4763 886 4832 ὑπεδήλωσεν.
927 4767 1089 4834 Λέγει
1124 4767 1180 4819 δὲ
1214 4768 1307 4820 καὶ
1336 4770 1528 4822 Δαϐίδ³
1573 4789 1591 4820 ι
1624 4774 1685 4823 Οἱ
1716 4773 1875 4841 θεμέ-

298 4854 407 4906 λιοι
435 4854 602 4907 αὐτοῦ
639 4857 696 4907 ὲν
742 4859 856 4918 τοῖς
904 4856 1052 4926 ὄρεσι
1104 4861 1217 4921 τοῖς
1262 4861 1456 4926 ἁγίοις,
1510 4880 1528 4910 ι
1584 4864 1712 4933 περὶ
1767 4866 1874 4917 τῶν

298 4943 481 4997 αὐτῶν
536 4944 731 5012 λέγων.
780 4946 845 4999 Ὀ
890 4946 988 5015 μὲν
1026 4943 1117 5000 οὖν
1153 4950 1354 5019 Μωσῆς
1409 4952 1736 5020 ίσχνόςωνος
1784 4951 1871 5025 ἦν.

310 5034 372 5087 ’0
402 5034 511 5105 γὰρ
537 5035 701 5103 νόμος
729 5034 796 5103 ἢν
824 5040 934 5099 τοίς
958 5040 1016 5090 ἐν
1057 5038 1281 5110 Ἰουδαία
1317 5042 1497 5110 μόνοις
1530 5043 1872 5108 ἐξάκουστος.

1984 4596 2223 4649 ministri
2260 4597 2442 4660 verbi;
2476 4598 2568 4666 qui
2615 4598 2772 4651 nobis
2830 4610 3050 4666 propter
3100 4599 3441 4663 traditiones,
3493 4600 3547 4651 in

1986 4686 2107 4739 lidci
2139 4688 2570 4741 stabilimentum
2595 4689 2960 4753 exstiterunt,
2990 4690 3143 4759 juxta
3192 4689 3321 4741 illud
3360 4708 3371 4742 :
3410 4709 3425 4737 ι
3465 4686 3545 4741 Tn

1982 4792 2042 4830 es
2074 4776 2291 4838 Petrus.
2326 4788 2378 4831 et
2406 4792 2571 4847 super
2618 4780 2759 4832 hanc
2810 4788 3017 4848 petram
3051 4780 3328 4833 mdilicabo
3361 4779 3547 4833 Eccle~

1985 4870 2120 4923 siam
2156 4884 2327 4922 meam
2358 4869 2427 4920 ’°.
2463 4888 2481 4920 ι
2520 4869 2730 4923 Iudicat
2768 4872 2913 4924 enim
2948 4871 3191 4939 ejusdem
3225 4870 3344 4924 lidei
3382 4873 3547 4926 certi-

1983 4959 2227 5012 tutlinem
2274 4966 2328 5011 et
2377 4960 2763 5014 constantiam.
2806 4962 2947 5026 Quin
3000 4972 3052 5015 et
3098 4963 3237 5030 apud
3290 4962 3545 5018 Davidem

1991 5050 2221 5118 legimus
2261 5067 2275 5102 :
2342 5067 2359 5099 ι
2399 5049 2774 5105 Fundamenta
2826 5052 2945 5119 ejus
2992 5052 3045 5105 in
3095 5053 3372 5107 montibus
3425 5068 3554 5107 sau-

296 5128 640 5179 Σαλπισταὶ
693 5129 747 5181 δὲ
809 5128 905 5180 καὶ
965 5130 1340 5198 μεγαλόψιυνοι
1379 5134 1620 5202 κήρυκες
1680 5136 1730 5186 oi
1784 5136 1876 5189 τὸν
1949 5156 1959 5192 t

1949 5141 2055 5195 ctis
2080 5142 2147 5206 “,
2189 5159 2207 5191 ι
2246 5154 2369 5194 cum
2403 5142 2468 5193 tle
2497 5142 2703 5195 eisdem
2754 5143 3018 5211 loquitur.
3065 5142 3211 5197 Voce
3247 5155 3378 5210 ergo
3417 5143 3544 5197 exili

296 5218 537 5287 Χριστὸν
569 5218 850 5287 πανταχοῦ
877 5219 1301 5286 διαγγέλλοντες.

1979 5239 2033 5283 et
2050 5229 2340 5298 prmpedita
2372 5227 2473 5281 fuit
2494 5228 2670 5284 Moses
2690 5232 2758 5297 θ’,
2782 5233 2924 5301 quod
2953 5234 3122 5302 legem
3150 5234 3203 5286 in
3222 5231 3408 5285 Iudaea
3429 5244 3549 5284 tan.

296 5314 418 5362 tum
464 5308 715 5361 exaudiri
750 5324 981 5364 necesse
1011 5320 1189 5373 esset;
1226 5312 1329 5380 ipsi
1383 5321 1561 5368 autem
1596 5330 1878 5385 prmcones
1917 5318 2120 5377 Christi
2151 5322 2533 5386 buccinatores,
2580 5336 2885 5393 magnaque
2926 5332 2979 5378 et
3038 5324 3146 5378 alta
3217 5339 3352 5379 voce
3412 5338 3547 5393 pra:—

296 5400 423 5465 diti,
469 5409 529 5453 ut
558 5416 681 5453 eum
716 5403 918 5472 ubique
953 5408 1367 5463 annuntiarent.

370 5489 416 5520 "
460 5488 503 5545 ll
523 5488 652 5544 Cor.
691 5508 769 5551 ut,
804 5494 888 5548 l8.

298 5556 501 5633 H.330.
563 5559 606 5589 ⁸⁷
643 5558 788 5613 Psal.
818 5564 1057 5633 xivnt,5;
1120 5567 1275 5621 liom.
1328 5556 1383 5633 χ,
1423 5570 1508 5624 18.

292 5626 343 5659 ⁹¹
380 5625 526 5680 Psal.
581 5642 802 5697 Luxu,
833 5632 883 5687 1.
959 5625 1053 5665 ﬁ",
1077 5635 1247 5691 Exod.
1274 5656 1348 5704 tv,
1370 5625 1470 5692 ⁷10.

379 5800 404 5827 ·
430 5802 518 5855 γρ.
562 5784 738 5858 ὴμῶνο

624 5880 893 5941 Ρλτιιοι..
946 5882 1062 5943 Gn.
1088 5884 1462 5949 LXXXVII.

980 5494 1027 5569 'f
1067 5496 1225 5569 Rom.
1266 5500 1500 5563 vnt,29.
1576 5503 1622 5534 ⁸³
1661 5503 1765 5559 lsa.
1801 5518 1930 5569 Lvn,
1961 5502 2014 5557 6.
2090 5502 2138 5533 “
2177 5499 2309 5555 Luc.
2365 5514 2455 5569 xv,
2520 5499 2569 5556 7.

1616 5571 1662 5603 ⁸⁸
1724 5573 1744 5626 l
1794 5575 1942 5629 Petr.
2001 5590 2061 5639 tt,
2136 5572 2191 5626 5.

2667 5500 2713 5532 ⁸⁸
2755 5498 2887 5555 Luc.
2948 5517 3009 5562 tt.
3064 5501 3148 5554 Η.

3254 5502 3300 5534 ⁸⁸
3339 5505 3540 5574 Εριυις.

2311 5570 2355 5602 ⁸ο
2394 5568 2597 5640 Ephes.
2644 5586 2725 5627 nt.
2787 5571 2874 5629 17.

2982 5571 3028 5604 ⁸⁸
3068 5572 3258 5627 Matth.
3315 5571 3424 5641 xvi,
3457 5580 3536 5632 id.

1572 5731 1801 5789 VARle
1839 5732 2248 5789 LECTIONES.

3099 5897 3175 5959 '16
