4284 6440
3837 465 3981 532 241⁵2

2489 596 2554 645 Ἀ
2584 594 2641 645 δὲ
2699 591 2942 661 θεμέλια
3003 591 3105 659 γῆς
3154 590 3282 657 ἔφη.
3337 587 3443 654 ὅρη
3478 586 3642 639 πάλιν
3671 583 3979 651 ὠνόμασεν.

2421 687 2604 757 Ἐργῳ
2650 685 2759 754 γὰρ
2808 680 2949 754 ἦσαν
2981 685 3076 736 καὶ
3130 682 3271 751 λόγῳ
3323 682 3666 749 διαπρεπεῖς,
3712 676 3846 746 πρὸς
3889 674 3987 738 οὓς

2418 779 2671 845 ἔφασκενο
2713 797 2729 828 ι
2754 777 2869 829 Ἐπ’
2903 776 3025 845 ὅρος
3056 774 3255 843 ὑψηλὸν
3286 772 3541 840 ἀνάϐηθι,
3582 771 3609 821 ό
3640 766 3987 835 εὐαγγελιζόο

2421 885 2578 939 μενος
2618 868 2774 921 Σιών.
2808 885 2826 919 ι
2868 866 3044 935 Πολλὴ
3094 865 3149 916 δὲ
3193 862 3354 915 πάλιν
3391 862 3489 929 τῆς
3527 861 3747 929 χάριτος
3779 859 3812 922 ὴ
3848 854 3989 924 πρὸς

741 486 835 548 241
852 486 871 548 ι
2058 481 2405 542 ΡιιΟρΟΡΙΙ
2442 480 2681 539 6ΑΖ,ΕΙ

811 596 959 658 Quos
996 603 1254 661 prmtcrea
1308 602 1466 648 terra:
1520 593 1862 662 fundamenta
1898 591 2058 656 dixit,
2111 602 2311 647 montes
2340 611 2385 668 Α

745 699 937 738 rursus
972 685 1291 752 appellavit.
1329 683 1504 753 Opere
1544 682 1814 752 siquidem
1847 693 1899 735 ct
1930 683 2097 735 verbo
2125 683 2313 737 excel-

750 778 1008 838 luerunt,
1040 786 1092 827 et
1155 775 1220 826 ad
1255 791 1350 827 cos
1382 776 1473 827 illa
1525 784 1702 828 sunt:
1746 796 1763 824 ι
1817 774 1875 827 In
1934 783 2172 826 mentun
2221 789 2318 825 ex-

744 864 951 919 celsum
1004 861 1260 928 ascende,
1320 861 1413 931 qui
1461 862 1809 931 evangelizas
1857 859 1988 914 Sion
2037 861 2104 914 ”.
2162 879 2180 911 ι
2253 859 2317 913 lit

754 970 979 1009 rursum
1020 953 1154 1021 legis
1188 960 1241 1006 et
1274 952 1461 1022 gratia:
1486 966 1840 1022 permagnum
1873 950 2191 1006 discrimen.
2223 948 2316 1002 Illa

749 1044 1039 1113 siquidem,
1071 1057 1195 1097 cum
1246 1043 1506 1096 ultionem
1554 1042 2060 1111 transgressoribus
2093 1040 2318 1092 minita-

747 1146 923 1197 retur,
966 1134 1183 1187 nonnisi
1225 1134 1508 1187 tristitiam
1541 1148 1809 1188 summam
1864 1133 2231 1200 personabat;
2266 1140 2319 1186 at

746 1225 909 1291 hujus
957 1238 1234 1292 praecones
1265 1224 1385 1276 orbi
1434 1234 1701 1277 terrarum
1750 1222 1993 1276 Itetitiam
2027 1222 2321 1276 denuntia-

748 1322 918 1375 runt;
952 1328 1077 1366 cum
1126 1320 1473 1380 peccatorum
1512 1314 1757 1375 veniam,
1805 1328 1928 1366 cum
1967 1312 2322 1380 justiﬁcatio-

2417 960 2508 1011 τὸν
2547 959 2711 1028 νόμον
2747 958 2997 1027 διαφορά,
3054 956 3110 1008 '0
3159 955 3256 1025 μὲν
3306 953 3413 1022 γὰρ
3458 952 3709 1011 κολάσεις
3748 947 3993 1001 ἀπειλῶν

2417 1054 2530 1115 τοῖς
2580 1049 3008 1120 παραϐαίνουσιν
3056 1048 3184 1100 ἐϐόα
3225 1047 3547 1115 κατήψειαν.
3584 1045 3645 1094 οι
3692 1042 3747 1093 δὲ
3784 1041 3990 1108 ταύτης

2420 1142 2659 1210 κήρυκες
2704 1140 3098 1208 εὐφροσύνην
3120 1136 3196 1205 τῷ
3233 1137 3426 1204 κόσμῳ
3448 1131 3840 1201 κατήγγειλαν,
3890 1127 3995 1190 ἀφ-

2421 1248 2535 1283 εσιν
2572 1230 2803 1300 βοῶντες
2854 1228 3160 1299 ἁμαρτιῶν,
3201 1226 3295 1280 καὶ
3342 1224 3624 1278 δικαίωσιν
3681 1224 3737 1274 ἐν
3788 1221 3993 1281 πίστει,

2424 1318 2575 1386 ἁγίου
2605 1335 2664 1371 τε
2696 1317 3009 1387 [Ινεύματος
3048 1314 3289 1385 μέθεξιν,
3326 1313 3419 1367 καὶ
3446 1310 3716 1371 υἱοθεσίας
3745 1309 3993 1378 λαμπρόο

750 1417 871 1456 nem
904 1402 955 1454 in
989 1400 1112 1463 lide,
1152 1414 1275 1454 cum
1313 1399 1552 1470 Spiritus
1582 1401 1758 1454 Sancti
1816 1400 2320 1470 participationem,

750 1510 872 1548 cum
897 1494 1203 1562 adoptionis
1226 1493 1566 1563 dignitatem,
1602 1509 1726 1547 cum
1758 1509 1988 1564 regnum
2016 1496 2317 1556 cmlorum,

2423 1426 2579 1477 τητα,
2616 1407 2860 1478 οὐρανῶν
2909 1424 2969 1460 τε
3018 1406 3315 1476 βασιλείαν,
3369 1403 3463 1456 καὶ
3518 1402 3627 1454 τῶν
3682 1401 3823 1467 ὑπὲρ
3870 1398 3999 1450 νοῦν

2423 1503 2645 1571 ἀγαθῶν
2674 1502 2733 1555 οὐ
2765 1500 3211 1569 κατεψευσμένην
3269 1495 3477 1549 ἐλπίδα.
3534 1494 3805 1557 Βουνοὺς
3851 1492 3894 1544 δ’
3932 1492 4000 1543 ἂν

750 1590 874 1641 cum
917 1588 1065 1640 omni
1121 1586 1356 1655 denique
1401 1585 1738 1655 cogitatione
1791 1589 1999 1656 majora
2054 1586 2219 1650 bona,
2270 1585 2323 1639 id
2425 1612 2442 1647 ε

2306 1585 2323 1639 ί
2425 1594 2601 1658 εἴποις
2629 1596 2753 1656 τοὺς
2788 1594 2881 1646 καὶ
2918 1593 3114 1653 αὐτοὺς
3148 1588 3562 1658 ὑπερηρμένους
3591 1585 3701 1651 τῆς
3720 1583 3848 1653 γῆς,
3890 1583 3998 1633 τῶν

755 1686 859 1741 est,
905 1685 1109 1730 certam
1142 1684 1196 1727 et
1226 1676 1446 1728 minime
1478 1676 1725 1728 iallacem
1773 1676 1894 1729 ﬁdei
1948 1678 2143 1744 legem,
2204 1691 2322 1744 pro-
2424 1680 2447 1733 δ

2308 1704 2322 1715 ·
2424 1680 2480 1733 δὲ
2504 1680 2802 1749 λεχθέντων
2836 1677 2989 1747 ὀρῶν
3018 1680 3167 1748 ὅμως
3195 1678 3499 1738 ἐλάττονας.
3536 1674 3702 1727 Ξύλα
3736 1674 3813 1737 δὲ,
3844 1672 3912 1723 τὰ
3944 1674 4000 1724 ἐν

754 1768 1100 1837 tnulgat'uut.
1128 1764 1300 1818 Colles
1326 1776 1507 1819 autem
1542 1774 1597 1819 et
1619 1766 1837 1821 eosdem
1864 1767 2025 1820 etiam
2050 1766 2326 1834 appellare
2426 1788 2446 1824 ο

2307 1784 2326 1820 ‘3
2426 1772 2609 1834 αὐτοῖς
2637 1773 2732 1824 καὶ
2762 1771 2853 1822 ὑπ’
2879 1770 3058 1823 αὐτῶν
3089 1767 3466 1838 τεθραμμένα,
3493 1768 3540 1817 oi
3583 1766 3649 1817 δι’
3680 1766 3855 1817 αὐτῶν
3910 1780 3999 1814 πι-

753 1874 924 1927 queas
954 1876 969 1922 ;
1011 1858 1105 1927 qui
1138 1874 1169 1909 α
1205 1868 1344 1911 terra
1368 1858 1588 1911 exaltati
1622 1857 1953 1927 supradictis
1982 1868 2161 1912 tamen
2196 1863 2326 1911 sunt
2430 1879 2445 1915 ς

2312 1863 2326 1909 ι
2430 1861 2770 1926 στεύσαντες,
2801 1861 2895 1915 καὶ
2938 1860 3127 1928 ὥσπερ
3156 1856 3561 1923 ἀναϐεϐηκότες
3606 1856 3686 1916 είς
3720 1853 3887 1922 ἀνδρα
3913 1852 4004 1903 τέ-

759 1948 1030 2002 montibus
1063 1945 1386 2011 interiores;
1417 1947 1559 2015 ligna
1582 1961 1709 2001 vero
1746 1948 1797 2000 in
1836 1948 1991 2017 ipsis,
2009 1955 2064 2001 et
2093 1946 2163 2001 ab
2191 1946 2326 2014 ipsis
2360 1938 2401 1993 Β
2427 1952 2569 2006 λιιον
2594 1954 2691 2004 καὶ
2717 1953 2948 2022 καρποῖς
2975 1950 3253 2019 κομῶντες
3282 1947 3698 2016 πνευματικοῖς,
3723 1943 3818 1995 καὶ
3849 1942 4007 1995 αὐτοὶ

762 2039 1320 2107 enutrita.-eos.ipsos
1361 2054 1456 2106 per
1479 2054 1618 2107 quos
1647 2038 1805 2094 ﬁdem
1852 2040 2055 2109 adepti,
2104 2047 2158 2093 et
2200 2045 2323 2093 tan-
2427 2061 2454 2097 τ

2315 2068 2323 2080 ·
2427 2044 2527 2115 τῆς
2562 2043 2884 2113 Ἐκκλησίας
2928 2042 3079 2103 ὅντες
3110 2039 3442 2101 διδάσκαλοι,
3496 2036 3592 2089 καὶ
3637 2036 3758 2097 ταῖς
3786 2033 4007 2102 νοηταῖς

757 2145 920 2201 quam
954 2131 1008 2183 in
1042 2131 1189 2182 viros
1218 2128 1489 2197 perfectos
1519 2130 1716 2195 evecti,
1743 2130 2013 2185 fructibus
2040 2130 2325 2187 abundant
2430 2154 2449 2191 ι

2314 2136 2325 2182 ι
2430 2137 2756 2206 εὐκαρπίαις
2803 2137 2932 2199 τοὺς
2979 2134 3312 2203 προσιόντας
3363 2131 3544 2193 αὐτοῖς
3609 2124 4006 2195 ἀνακτώμενοι.

760 2216 1181 2287 spiritualibus;
1216 2215 1503 2286 quietiam
1550 2213 1809 2270 Ecclesiae
1847 2213 2101 2271 doctores
2146 2230 2329 2270 evase-
2430 2230 2452 2282 )

2318 2239 2329 2254 '
2430 2228 2694 2297 Χαίρουσι
2721 2228 2800 2289 δὲ,
2835 2227 2919 2280 ὅτι
2948 2225 3086 2295 πρὸς
3110 2222 3190 2293 τῷ
3204 2221 3585 2292 λυτρωθῆναι
3607 2219 3714 2273 τὸν
3758 2215 4010 2283 Ἰσραὴλ

758 2319 909 2373 runt,
931 2323 1137 2375 eosque
1155 2306 1433 2360 fructuum
1455 2307 1721 2371 ubertate,
1740 2306 1832 2377 qui
1857 2305 1923 2360 ad
1947 2322 2006 2361 se
2036 2308 2324 2374 accedunt,
2432 2339 2450 2375 ,

2320 2351 2324 2370 ι
2432 2322 2526 2375 καὶ
2555 2318 2911 2381 δεδόξασται
2953 2320 2996 2356 θ’
3022 2315 3169 2370 Θεοῦ
3197 2315 3546 2385 χρηματίσας
3607 2312 3760 2373 Υἱὸς,
3779 2308 4012 2374 ἀδελφός

760 2400 1035 2455 reﬁciunt.
1074 2396 1351 2452 laetantur
1374 2411 1529 2462 vero,
1569 2396 1723 2464 quia,
1778 2404 2142 2465 praeterquam
2178 2398 2326 2465 quod
2431 2427 2452 2465 ιι

2322 2402 2326 2453 l
2431 2427 2491 2465 τε
2522 2410 2615 2465 τοῦ
2664 2410 2821 2479 φύσει
2868 2409 2963 2463 καλ⁵
3011 2406 3225 2476 ἀληθῶς
3260 2406 3415 2459 Υὶοῦ.
3467 2405 3577 2458 Καὶ
3612 2403 3787 2464 ἄλλως
3832 2400 3888 2452 δὲ
3920 2399 4014 2451 τὸν

761 2492 1057 2557 redemptus
1097 2497 1180 2543 est
1202 2487 1393 2553 Jacob,
1428 2487 1544 2557 ipse
1576 2488 1739 2542 etiam
1770 2487 2101 2556 gloriﬁcatus
2134 2497 2205 2541 est
2241 2485 2329 2541 ls-
2434 2521 2453 2556 ,

2322 2515 2329 2526 '
2434 2504 2660 2573 κόσμον,
2695 2502 2790 2555 καὶ
2831 2502 2901 2554 τὰ
2934 2499 3126 2553 τούτου
3162 2499 3303 2569 μέρη
3336 2497 3471 2567 πρὸς
3501 2494 3805 2562 δοξολογίαν
3848 2492 4014 2552 κινεῖ,

760 2582 875 2637 rae!
907 2580 998 2634 Dei
1031 2577 1206 2633 Filius
1240 2576 1490 2641 cﬂ‘ectus,
1520 2577 1750 2647 ejusque
1782 2575 1971 2643 frater,
2010 2576 2103 2646 qui
2136 2586 2329 2631 natura
2432 2594 2452 2648 ε

2327 2621 2329 2628 ι
2432 2594 2515 2648 ὅτι
2547 2590 2925 2659 ἐλυτρώσατο
2959 2592 2991 2643 ό
3040 2588 3183 2654 Θεὸς
3219 2588 3325 2640 τὸν
3374 2586 3602 2646 Ἰακὼϐ,
3630 2584 3727 2637 καὶ
3766 2580 4019 2649 Ἰσρμὴλ

760 2685 816 2732 et
845 2688 975 2729 vere
1011 2670 1185 2725 Filius
1227 2679 1331 2725 est.
1390 2670 1540 2723 Alias
1592 2684 1723 2723 vero
1764 2678 1818 2723 et
1850 2668 2111 2722 mundum
2165 2670 2329 2723 etiam
2436 2681 2452 2733 ε

2328 2716 2329 2719 η
2436 2681 2900 2747 δοξασθήσεται.
2964 2678 2997 2747 ἢ
3047 2677 3187 2730 κατά
3231 2676 3359 2737 τοὺς
3414 2672 3783 2735 λοιποὺς,καἰ
3838 2668 4020 2732 ἐγτῷ

761 2767 966 2836 ipsum»
1006 2763 1232 2832 eiusque
1289 2766 1474 2829 Ρπιθε
1528 2757 1596 2811 ad
1650 2758 1837 2826 Βιοτίπ
1887 2759 2329 2827 Ρτῖθάίοθιίοηθητ
2450 2770 2699 2839 Ἰσραὴλ
2734 2768 3197 2834 δοξασθήσεται.
3233 2766 3414 2834 Ὅπερ
3462 2764 3672 2831 ἐγίνετο
3705 2764 3865 2830 ἡνίκα
3907 2760 4021 2812 τῶν

764 2858 888 2911 ideo
922 2854 1243 2923 compellit:
1301 2850 1442 2916 Quia
1473 2849 1690 2903 redemit
1731 2847 1867 2901 Deus
1919 2846 2110 2910 Iacob,
2150 2858 2200 2902 et
2248 2847 2333 2900 Is-
2438 2864 2456 2915 ε

2328 2876 2333 2886 ’
2438 2864 2502 2915 ἐκ
2552 2860 2647 2915 τοῦ
2727 2861 2995 2931 προτέρου
3043 2858 3172 2912 λαοῦ
3228 2857 3419 2910 πολλοὶ
3469 2858 3594 2917 τοὺς
3642 2853 4020 2923 προφητικοῦς

765 2947 879 3001 rael
908 2943 1333 3015 gloriﬁcabitur,
1379 2942 1515 3004 sive,
1549 2948 1606 2993 ttt
1650 2940 1775 2993 aliis
1810 2940 1987 3005 placet
2029 2938 2336 3009 interpreti-
2438 2954 2457 3005 )

2332 2966 2336 2976 '
2438 2954 2631 3022 λόγους
2659 2952 3005 3021 ὠφελημένοι
3048 2950 3187 3020 πρὸς
3235 2947 3525 3004 εὐσέϐειαν
3572 2945 3809 3015 ἐχώρουν
3848 2960 4024 2996 κατα-

765 3038 889 3101 bus,
914 3036 965 3087 in
995 3032 1165 3087 Israel
1188 3031 1593 3103 glori/icabilur.
1619 3030 1781 3103 506
1801 3029 1953 3095 Quod
1978 3036 2091 3084 tum
2116 3028 2333 3083 demum
2440 3045 2689 3106 λιπόντες
2721 3045 2790 3096 τὰ
2833 3042 3048 3095 εἴδωλα,
3082 3042 3237 3103 τινὲς
3269 3041 3324 3092 δὲ
3352 3040 3431 3102 τὸ,
3471 3039 3578 3092 Καὶ
3619 3040 3727 3091 οὐκ
3754 3032 3919 3103 ἦσαν
3970 3037 4024 3087 (ι

768 3124 1019 3179 effectum
1054 3130 1161 3184 est,
1214 3136 1339 3174 eum
1374 3136 1439 3174 ex
1476 3120 1659 3189 priore
1715 3120 1941 3190 populo,
2004 3118 2338 3187 praplteticae
2443 3154 2460 3189 ε

2334 3140 2338 3167 ί
2443 3135 2808 3199 πλάττοντες
2841 3133 2989 3188 Θεὸν
3018 3131 3114 3186 καὶ
3150 3132 3487 3201 γλύφοντες
3518 3126 3821 3196 ἀνωφελῆ,
3847 3126 4026 3187 οὕτως

770 3215 1036 3269 orationis
1080 3212 1372 3265 utilitatem
1403 3210 1634 3278 experti,
1664 3210 1887 3279 rejectis
1927 3209 2092 3263 idolis
2128 3208 2190 3261 ad
2218 3208 2336 3277 pie-
2374 3282 2410 3297 Α
2445 3228 2462 3279 έ

2374 3282 2410 3297 Α
2445 3227 2782 3297 ἐξηγήσαντο
2804 3244 2815 3257 ’
2848 3225 2923 3297 Ορ
2950 3224 3099 3295 παρὰ
3130 3225 3192 3276 τδ
3224 3224 3298 3293 μὴ
3334 3216 3473 3275 εἶναι
3494 3221 3621 3282 τοὺς
3654 3218 3826 3272 ταῦτα
3861 3220 4030 3288 ἐργα-

770 3316 937 3361 tatem
971 3318 1028 3357 se
1058 3302 1430 3355 contulerunt.
1482 3297 1738 3353 Nonnulli
1788 3314 1955 3369 porro
1985 3300 2151 3354 verba
2193 3299 2293 3352 ista
2327 3315 2340 3351 :
2370 3282 2413 3341 (ἶ
2448 3309 2462 3372 ζ

2336 3316 2340 3350 ε
2370 3282 2413 3341 C
2448 3282 2730 3379 ζομένους,
2762 3287 2914 3379 παρᾶ
2948 3309 3005 3361 δὲ
3032 3282 3121 3360 ’τὸ
3160 3282 3235 3377 μή
3274 3282 3535 3359 δύνασθαι
3590 3303 3857 3372 βοηθῆσαι
3895 3282 4028 3363 ⁷τας

774 3398 973 3451 ELnon
1007 3401 1157 3445 erant
1187 3390 1441 3459 ﬁngentes
1479 3386 1672 3453 Deum,
1706 3398 1755 3443 et
1792 3390 2083 3454 sculpentes
2106 3389 2345 3452 inutilia,
2446 3417 2466 3452 α

2337 3426 2345 3451 ι
2446 3399 2586 3452 αὑτά
2633 3398 3049 3469 θεραπεύουσιν,
3091 3399 3166 3461 ὡς
3220 3397 3355 3467 μηδὲ
3403 3397 3533 3449 ὄντα
3566 3396 3727 3464 ἡνίκα
3781 3394 3881 3463 τὴν
3922 3393 4029 3461 γῆν

775 3486 1141 3554 explicarunt,
1192 3494 1299 3535 non
1351 3478 1498 3547 quod
1548 3480 1753 3533 vellent
1806 3495 1914 3533 non
1965 3494 2105 3543 esse,
2141 3479 2232 3547 qui
2285 3492 2346 3531 ea
2448 3491 2467 3541 ε

2340 3496 2346 3531 |
2448 3489 2873 3559 ἐκληροδότησεν
2914 3489 3129 3559 Ἰσραὴλ
3160 3490 3285 3550 τοὺς
3315 3486 3521 3540 τούτων
3547 3486 3826 3547 ἀπελάσας
3860 3501 4032 3552 προσ-

776 3574 1145 3629 co::feeisscnt
1173 3610 1189 3634 ,
1243 3568 1338 3623 sed
1381 3568 1527 3637 quod
1579 3569 1667 3635 iis,
1709 3583 1739 3622 a
1780 3571 1980 3638 quibus
2020 3567 2346 3630 colerentur,

778 3680 937 3733 opem
972 3663 1112 3717 l'crre
1144 3676 1251 3715 non
1281 3666 1545 3729 possent;
1584 3671 1844 3729 tanquam
1875 3675 1941 3712 eo
1970 3667 2212 3728 tempore
2243 3673 2349 3711 non

783 3760 996 3816 essent,
1024 3766 1148 3805 cum
1186 3750 1417 3804 istorum
1472 3746 1673 3818 iugatis
1724 3747 2110 3802 adoratoribus
2158 3744 2351 3801 lsraeli

783 3862 983 3902 terram
1030 3844 1261 3913 largitus
1287 3852 1391 3898 est.
1425 3842 1529 3909 Qui
1566 3843 1734 3913 igitur
1776 3859 1885 3897 non
1929 3857 2103 3896 vanus
2130 3842 2222 3905 sit,
2257 3839 2351 3909 qui

784 3946 935 3991 tanta
973 3935 1235 3990 beneﬁcia
1280 3945 1563 4003 expertus,
1610 3934 1757 3989 idola
1790 3935 1983 3998 coluit,
2036 3944 2091 3988 et
2138 3933 2352 3987 arbitrii

786 4031 1041 4085 libertate
1064 4029 1203 4082 male
1224 4026 1433 4083 abusus
1448 4028 1568 4082 est?
1593 4044 1612 4078 ι
1642 4026 1757 4083 Etsi
1777 4028 1924 4081 enim
1949 4028 2130 4081 omnia
2158 4028 2346 4091 licent,

792 4136 903 4175 non
936 4119 1122 4174 omnia
1150 4128 1329 4174 tamen
1372 4117 1710 4188 expediunt;
1746 4133 1922 4187 neque
1950 4132 2049 4188 ego
2077 4120 2130 4171 in
2167 4117 2349 4179 ullius,

803 4211 1002 4277 inquit,
1041 4208 1249 4278 redigat
1295 4214 1620 4277 potestatem
1668 4208 1753 4271 “;
1792 4226 1811 4260 ι
1845 4208 1898 4261 id
1928 4216 2049 4263 est:
2091 4207 2193 4274 Qui
2222 4206 2354 4261 mihi

793 4299 1095 4369 imperandi
1127 4307 1455 4369 potestatem
1486 4298 1694 4368 accepi,
1731 4298 1776 4353 si
1807 4298 1944 4353 meis
1988 4300 2105 4369 ipse
2138 4298 2355 4367 cupidi-

796 4393 995 4444 tatibus
1032 4405 1273 4459 paream,
1319 4389 1430 4458 jam
1480 4390 1654 4458 ipsam
1691 4389 1993 4459 imperandi
2044 4390 2354 4444 facultatem

795 4483 993 4547 amisi;
1042 4480 1136 4551 qui
1189 4495 1254 4534 eo
1288 4480 1407 4550 ipso
1440 4494 1470 4533 α
1527 4480 1778 4534 libertate
1839 4481 2152 4544 defecerim,
2211 4478 2355 4549 quod

2453 3582 2711 3653 κυνητάς.
2762 3582 2885 3645 Πῶς
2931 3582 3025 3634 οῦν
3062 3582 3122 3632 οὐ
3166 3580 3394 3649 μάταιος
3441 3579 3579 3648 μετὰ
3618 3577 3889 3646 τοσαύτην
3919 3578 4033 3629 πεῖ-

2453 3689 2551 3742 ραν
2581 3671 3045 3740 εἰδωλολατρήσας
3092 3669 3276 3731 αὐτὸς,
3310 3670 3405 3720 καὶ
3444 3667 3522 3735 τῷ
3565 3666 3898 3735 αὑτεξουσίῳ
3933 3683 4034 3718 κα-

2452 3763 2563 3826 κῶς
2595 3762 2972 3832 χρησάμενος
3010 3780 3027 3812 ι
3050 3761 3111 3814 Εἰ
3157 3760 3267 3830 γὰρ
3290 3761 3384 3814 καί
3428 3759 3607 3811 πάντα
3647 3758 3878 3821 ἔξεστιν.
3914 3756 4031 3811 ἀλλ’

2451 3855 2512 3907 οὐ
2566 3855 2742 3907 πάντα
2789 3854 3075 3924 συμφέρει.
3108 3852 3240 3905 Οὐδὲ
3285 3851 3807 3920 ἐξουσιασθήσομαι,
3838 3852 4030 3921 φησιν,

2455 3946 2559 3997 ὑπό
2611 3962 2779 4009 τινος.
2818 3962 2836 3995 ι
2890 3944 3045 3996 Τοῦτ’
3080 3942 3248 4007 ἔστιν,
3278 3942 3501 4010 Ἀρχειν
3555 3940 3733 4010 λαχὼν
3789 3940 4032 4009 ἐμαυτοῦ

2454 4035 2548 4087 ἐὰν
2581 4034 2909 4102 ὑποταγείην
2938 4036 3047 4096 τοῖς
3080 4032 3300 4096 πάθεσι,
3326 4030 3503 4084 καὶτὸ
3529 4032 3719 4099 ἄρχειν
3748 4030 4031 4094 ἀπώλεσα,

2454 4128 2554 4196 τῆς
2588 4124 2901 4194 ἐλευθερίας
2944 4124 3204 4186 ἀποστὰς,
3249 4122 3313 4175 δι’
3362 4114 3435 4176 ὧν
3469 4122 3704 4190 ἐμαυτὸν
3762 4121 4035 4173 ὑπέϐαλον
4100 4110 4123 4133 ”

2456 4213 2692 4282 ἐξουσίᾳ.
2727 4214 2898 4266 Τοῦτο
2948 4213 3005 4267 δέ
3039 4213 3182 4268 κατά
3229 4213 3425 4283 μικρὸν
3474 4211 3657 4264 ὁδεῦον
3689 4214 3754 4280 τῇ
3786 4212 3895 4262 τῶν
3923 4212 4036 4277 ἠδο-

2455 4300 2561 4353 νῶν
2592 4301 2851 4371 συνηθείᾳ
2893 4302 3028 4371 πρὸς
3066 4300 3321 4353 ἀσέϐειαν
3364 4300 3602 4369 ἔρχεται.
3634 4298 3886 4368 Πονηρὰς
3927 4299 4035 4366 γὰρ

2458 4390 2712 4453 ὑπονοίας
2734 4390 2913 4443 τίκτει
2948 4391 3090 4442 κατὰ
3116 4390 3274 4452 Θεοῦ,
3310 4390 3385 4451 ῶς
3420 4390 3494 4459 μὴ
3546 4388 3747 4449 εἰδότος
3778 4387 3850 4439 τά
3899 4388 4039 4454 γινό⁹

2462 4496 2621 4549 μενα,
2655 4480 2689 4549 ἢ
2752 4478 2849 4532 καὶ
2897 4476 3313 4547 ἀδιαφοροῦντος
3358 4477 3449 4530 ἐπ’
3495 4478 3697 4537 αὐτοῖς.
3730 4477 3820 4526 Δεῖ
3857 4475 4039 4526 τοίνυν

794 4578 1022 4630 aliorum
1072 4574 1326 4645 potestati
1386 4587 1476 4627 me
1528 4573 1643 4641 ipse
1699 4572 2052 4641 subjecerim.
2090 4571 2143 4627 Id
2177 4573 2355 4642 ipsum
2389 4570 2485 4661 De

2347 4589 2355 4625 ι
2389 4606 2433 4661 D
2461 4570 2543 4661 ἐφ’
2572 4569 2805 4661 ἑκάστης
2841 4567 3131 4661 ἀμαρτίας
3152 4566 3221 4619 τά
3250 4582 3317 4661 τε.
3351 4566 3491 4661 μέρη
3524 4565 3767 4661 σκοπεῖν,
3800 4564 3897 4661 και
3943 4564 4039 4630 τὴν

795 4678 976 4723 autem
1011 4667 1057 4721 si
1096 4666 1357 4736 paulatim
1408 4663 1820 4735 progrediatur,
1856 4664 2192 4733 voluptatum
2232 4674 2355 4717 tan-

794 4762 915 4814 dem
959 4756 1356 4813 consuetudine
1388 4756 1455 4810 ad
1504 4755 1840 4823 impietatem
1876 4755 2140 4823 pervenit.
2193 4753 2357 4808 Nefa-

799 4852 909 4904 rias
946 4849 1090 4903 enim
1116 4849 1183 4900 de
1211 4845 1323 4900 Deo
1360 4844 1725 4915 cogitationes
1763 4842 1939 4913 parit;
1975 4850 2233 4911 tanquam
2274 4856 2357 4907 ea,

2462 4657 2691 4710 ἀτοπίαν
2706 4656 2797 4709 τοῦ
2818 4657 3029 4721 τέλους,
3052 4655 3143 4709 καὶ
3162 4654 3511 4723 συναίσθησιν
3540 4652 3806 4714 λαϐόντας
3824 4654 4041 4718 αισχύ-

2463 4750 2673 4800 νεσθαι
2733 4746 2837 4817 πρό
2881 4762 2945 4814 γε
2985 4746 3095 4798 τῶν
3150 4745 3326 4800 ἄλλων
3382 4744 3628 4806 ἑαυτούς.
3695 4742 3866 4804 Αὖτδς
3937 4742 4043 4811 γὰρ

2470 4837 2646 4907 ἐαυτῷ
2698 4854 2779 4901 τις
2837 4838 2905 4891 τά
2960 4837 3145 4890 εἰκότα
3193 4836 3571 4905 διαλεγόμενος
3636 4833 3931 4903 ὠφελεῖται
3980 4832 4046 4885 τὰ

798 4956 919 5010 quae
946 4940 1100 5001 ﬁunt,
1131 4937 1214 4990 vel
1247 4937 1481 5006 ignoret,
1520 4934 1603 4989 vel
1639 4949 1745 4989 non
1793 4942 1967 4988 curet.
2008 4932 2173 4987 Decet
2200 4932 2367 5003 igitur
2475 4931 2727 5001 μέγιστα.

800 5032 1006 5101 peccati
1038 5030 1306 5098 cujusque
1346 5036 1551 5099 partes.
1585 5028 1869 5097 ipsamque
1900 5026 2024 5083 ﬁnis
2092 5027 2493 5081 absurditatem
2587 5026 2827 5091 intueri;
2887 5026 3046 5081 decet
3098 5035 3154 5079 et
3226 5025 3346 5094 ejus
3398 5021 3765 5094 cognitionem
3819 5018 4044 5088 adeptos

803 5126 973 5181 nostri
1000 5126 1265 5194 imprimis
1306 5141 1406 5180 nos
1437 5122 1635 5192 pudore
1670 5122 1827 5192 ajﬁci.
1858 5120 2042 5193 Neque
2088 5124 2230 5178 enim
2272 5136 2460 5191 parum
2492 5122 2719 5191 juvatur
2783 5123 3034 5193 quisquis
3101 5136 3220 5191 qua:
3242 5120 3438 5175 rationi
3505 5125 3873 5173 consentanea
3944 5133 4042 5183 pu-

805 5230 903 5286 tat,
936 5234 1120 5274 seeum
1159 5220 1276 5286 ipse
1314 5219 1504 5284 agitat.

879 5310 1035 5380 507
1073 5308 1239 5363 Vens.
1270 5308 1461 5363 24⁸28.
1492 5305 1581 5363 Sic
1603 5308 1734 5361 dicit
1782 5308 2059 5370 Dominus.
2092 5309 2181 5377 qui
2220 5308 2363 5362 rede-

2542 5305 2754 5372 κδ’-κη’.
2791 5302 2953 5357 Οὕτω
2975 5302 3137 5368 λέγει
3173 5298 3388 5364 Κύριος
3430 5298 3460 5349 ό
3498 5292 3905 5361 λυτρούμενος
3953 5305 4043 5350 σε,

806 5401 901 5452 mit
939 5409 1007 5462 te,
1047 5412 1093 5452 et
1129 5398 1378 5466 [armarit
1411 5404 1463 5451 te
1489 5413 1554 5452 ea:
1583 5407 1733 5452 utero
1763 5412 1782 5451 :
1813 5398 1922 5467 Ego
1962 5397 2245 5459 Dominus,
2277 5400 2365 5465 qui
2472 5414 2498 5450 σε

2355 5400 2365 5450 i
2472 5399 2568 5450 καὶ
2610 5396 2907 5449 πλάσσων
2935 5408 3009 5445 σε
3037 5391 3105 5443 ἐκ
3133 5389 3392 5453 κοιλίας·
3440 5386 3586 5455 Ἐγὼ
3610 5384 3823 5451 Κύριος
3844 5386 3875 5436 ὁ
3905 5399 4047 5435 σιϊ-

806 5490 1038 5561 compleo
1079 5491 1276 5543 omnia.
1328 5488 1557 5544 Extendi
1604 5490 1792 5542 caelum
1847 5490 2017 5553 solus,
2054 5497 2102 5542 et
2157 5488 2366 5556 ﬁrmavi
2474 5504 2498 5539 τ

2354 5488 2366 5539 i
2474 5484 2664 5539 τελῶν
2698 5484 2922 5539 πάντα·
2961 5480 3227 5545 ἐξέτεινα
3265 5479 3365 5531 τὸν
3416 5472 3677 5542 οὐρανὸν
3712 5472 3923 5541 μόνος,
3957 5467 4046 5520 καί

871 5612 914 5641 ’³
960 5623 1061 5677 Isa.
1094 5636 1181 5681 se,
1215 5620 1269 5674 9.
1349 5620 1395 5653 ’δ
1425 5619 1442 5673 l
1470 5618 1597 5674 Cor.
1632 5636 1680 5675 rt
1703 5660 1717 5684 ,
1760 5620 1847 5675 1‘3.

2120 5734 2344 5789 VARL-E
2381 5732 2775 5789 [.ECTIONES.

901 5860 945 5899 θ’
977 5875 1066 5928 γρ.
1097 5856 1185 5909 τὸν
1211 5855 1426 5923 Ἰακὼϐ,
1454 5856 1544 5909 καί
1588 5856 1802 5926 Ἰσραὴλ
1832 5853 2161 5919 δεδόξασται.
