4284 6440
335 376 475 439 2113

1461 383 1991 445 COMMENTARII
2024 384 2107 443 ΙΝ
2150 385 2436 447 ΙΞΛΙΑΜ.

3424 383 3568 449 2414

334 486 674 554 ἐστερέωσα
730 489 843 558 τὴν
914 492 1049 560 γῆν.
1117 493 1208 556 Τίς
1262 492 1462 560 ἕτερος
1516 492 1903 547 διασκεδάσει
1933 495 2025 551 At

1875 510 1903 544 rt
1933 495 1978 551 Α
2009 500 2224 544 terram.
2272 492 2403 558 Quis
2458 492 2597 546 alius
2646 494 2925 563 dissipabit
2954 495 3101 564 signa
3158 495 3463 565 pythonum,
3517 504 3567 549 ct

334 579 553 646 σημεῖα
594 580 1099 649 ἐγγαστριμύθων,
1142 583 1237 637 καί
1286 582 1568 648 μαντείας
1615 583 1731 637 ἀπὸ
1770 598 1909 650 καρ-

334 666 510 733 δίας;
540 686 593 722 κ.
620 686 670 726 τ,
701 670 750 724 λ.

411 759 668 829 Ἔλεγχον
717 761 1164 832 εἰδωλολατρείας
1211 763 1613 835 προεκθέμενος
1665 765 1694 816 ὁ
1728 763 1905 832 λόγος.

335 852 432 905 καὶ
458 852 532 915 ὡς
566 848 863 905 παύσονται
908 854 1113 924 ταύτης
1151 855 1203 906 οἱ
1247 854 1344 921 τὴν
1379 853 1719 923 προφητικὴν
1761 854 1907 907 διδα-

337 943 563 997 σκαλίαν
592 944 933 1014 ὠφελημένοι
958 962 972 976 ⁸
1010 945 1103 997 νῦν
1126 946 1228 1016 τὴν
1273 947 1338 997 ἐκ
1373 945 1688 1009 Βαϐυλῶνος
1735 946 1910 1000 ἀπαλ-

334 1035 508 1106 λαγὴν
560 1037 993 1105 ἐπαγγέλλεται,
1036 1038 1116 1099 είς
1166 1038 1346 1107 ἥνπερ
1395 1038 1910 1106 εἰδωλολατροῦντες

336 1125 701 1195 ἀπήχθησαν,
749 1119 919 1197 οῦπερ
964 1128 1013 1179 εἰ
1063 1128 1366 1181 παύσαιντο
1420 1127 1549 1193 νῦν,
1597 1127 1911 1198 ἐλευθερίαν

336 1215 622 1285 ὑπέσχετο.
714 1218 939 1287 Ἐπειδὴ
988 1218 1043 1271 δὲ
1077 1218 1204 1289 περί
1242 1219 1583 1289 πραγμάτων
1639 1220 1911 1290 μεγίστων

334 1306 571 1357 ἐποιεῖτο
597 1308 725 1371 τοὺς
745 1306 960 1375 λόγους,
984 1308 1077 1361 καὶ
1105 1305 1173 1379 ἦν
1199 1310 1345 1372 εἰκὸς
1377 1310 1724 1363 ἀπιστεῖσθαι
1760 1310 1913 1380 παρά

332 1412 513 1457 τινων,
538 1396 765 1460 εἰκότως
796 1398 892 1467 τὴν
919 1397 1054 1451 ἰδίαν
1082 1398 1386 1471 ἀνεκήρυξε
1411 1398 1661 1470 δύναμιν.
1688 1400 1911 1453 Πάντων

333 1485 445 1555 γὰρ
471 1486 546 1538 ὼν
594 1488 847 1559 ποιητὴς,
878 1490 972 1543 καὶ
1018 1490 1284 1560 παράγων
1322 1491 1381 1557 ἐξ
1410 1491 1511 1544 οὐκ
1554 1491 1746 1558 ὄντων,
1792 1490 1912 1552 πῶς

333 1578 435 1631 οὐκ
481 1577 547 1632 ἂν
600 1578 715 1649 ἔχοι
764 1580 962 1651 ῥαδίως
998 1582 1136 1652 ὅπερ
1177 1582 1241 1636 ἂν
1275 1582 1446 1637 ἐθέλοι
1477 1585 1687 1649 ποιεῖν;
1728 1583 1822 1647 Ὦς
1852 1583 1912 1638 δὲ

332 1667 593 1723 τοιούτων
622 1669 920 1738 ἐσομένων,
946 1671 1039 1724 καὶ
1066 1670 1179 1725 ἀνω
1215 1673 1622 1743 παρεκελεύετο
1643 1674 1709 1744 τῇ
1735 1673 1912 1727 κτίσει

331 1759 637 1827 δοξολογεῖν
680 1761 772 1813 τὸν
812 1760 967 1826 Θεὸν,
1011 1757 1094 1825 οἷς
1131 1763 1443 1827 ἀκολούθως
1494 1765 1657 1835 φησίν
1681 1780 1696 1795 ο
1748 1763 1913 1817 Οὕτω

333 1853 496 1920 λέγει
526 1854 739 1918 Κύριος
786 1856 818 1905 ὀ
857 1854 1320 1922 λυτρωσάμενός
1370 1872 1444 1910 σε
1486 1855 1581 1909 καὶ
1614 1854 1913 1909 πλάσσων

334 1960 410 1997 σε
436 1945 505 1996 ἐκ
553 1945 805 2009 κοιλίαςο
864 1943 1045 2016 [ὅπερ]
1098 1945 1368 2015 Ἱερεμίας
1408 1946 1676 2016 ἐδήλωσεν
1717 1944 1910 2000 εἰπών.

344 2055 362 2088 ι
387 2037 497 2088 Καὶ
526 2036 744 2103 ἐγένετο
767 2037 925 2102 λόγος
953 2037 1159 2107 Κυρίου
1189 2038 1325 2107 πρός
1359 2055 1425 2106 με
1456 2036 1647 2105 λέγων·
1682 2035 1795 2106 Πρὸ
1816 2033 1910 2088 τοῦ

338 2141 406 2194 με
463 2124 667 2178 πλάσαι
716 2142 774 2176 σε
828 2127 893 2178 ἐκ
948 2125 1155 2187 κοιλίας
1200 2125 1498 2196 ἐπίσταμαί
1551 2141 1641 2178 σεο
1674 2145 1694 2179 ι
1755 2125 1913 2192 λόγον

334 2214 506 2266 εἰπὼν
534 2215 741 2285 Κυρίου
770 2215 860 2268 τὸν
883 2216 990 2270 τῶν
1020 2217 1162 2269 κατά
1191 2217 1422 2286 γαστρὸς
1455 2216 1909 2287 κυοφορουμένων

334 2307 700 2375 Δημιουργόν.
730 2301 843 2359 Εἶτ’
874 2308 1062 2376 ἐπειδὴ
1104 2309 1232 2378 περὶ
1263 2307 1571 2376 ἐλευθερίας
1627 2307 1911 2378 πρόκειται

334 2396 493 2463 λόγος
518 2414 532 2428 ο
596 2399 1009 2467 λυτρούμενον
1074 2399 1265 2451 ἑαυτὸν
1318 2400 1545 2463 εἰκότως
1596 2398 1906 2467 ὠνόμασεν,

338 2485 657 2556 σωματικὴν
710 2486 942 2540 πλάσιν
967 2486 1042 2550 ὡς
1074 2488 1137 2558 δὴ
1186 2491 1516 2557 σωματικοῖς
1562 2488 1740 2553 λέξας.
1768 2484 1909 2555 Ἐγώ

338 2578 473 2645 εἰμι,
508 2579 692 2646 φησὶν,
732 2578 761 2629 ὁ
790 2578 853 2629 ἐκ
891 2578 1089 2648 μικροῦ
1123 2596 1180 2630 σε
1224 2578 1468 2644 πλάσας
1525 2577 1906 2645 ὑποκειμένου,

339 2668 433 2718 καὶ
479 2668 554 2730 ὠς
610 2669 674 2719 ἐκ
738 2669 1003 2739 σπηλαίου
1071 2668 1214 2731 τινός
1276 2668 1558 2737 ἐξαγαγὼν
1610 2667 1906 2730 σκοτεινοῦ,

342 2758 509 2827 μηδὲν
546 2758 673 2828 περὶ
698 2760 890 2811 τούτου
929 2760 1036 2812 τῶν
1065 2760 1267 2828 γονέων
1306 2761 1545 2824 εἰδότων,
1584 2758 1719 2829 ἐμοῦ
1752 2759 1809 2811 δὲ
1850 2758 1910 2812 τὸ

338 2850 617 2901 πλασθὲν
673 2850 1094 2920 ὑποστήσαντος.
1142 2853 1205 2905 Εἰ
1250 2853 1307 2905 δὲ
1357 2852 1588 2922 σμικρόν
1640 2868 1721 2904 σοι
1753 2850 1910 2903 τοῦτο

339 2940 477 3008 πρὸς
510 2939 661 2992 θείαν
696 2942 945 3009 φαίνεται
983 2941 1230 3009 δύναμιν,
1264 2943 1455 2994 σκόπει
1483 2941 1579 2993 τοῦ
1609 2942 1813 3011 κόσμου
1841 2942 1910 2995 τὰ

343 3028 579 3096 μέγιστα
628 3030 792 3082 πόθεν
838 3029 964 3101 ἔσχε
1012 3032 1109 3101 τὴν
1142 3032 1398 3101 ὓπαρξιν,
1434 3031 1578 3085 καθά
1628 3049 1759 3100 φησι
1813 3033 1909 3087 καὶ

2008 579 2354 635 divinationes
2384 582 2447 635 de
2480 583 2635 636 corde
2655 584 2681 637 ἲ
2709 591 2819 638 etc.

2081 773 2244 844 508
2276 772 2535 843 Exposita
2568 775 2723 845 prius
2760 772 3073 830 idololatria:
3119 770 3567 844 reprehensione,

2011 879 2170 934 quam
2191 865 2433 919 relicturi
2460 875 2608 930 sunt,
2629 866 2719 936 qui
2753 866 3070 935 prophetica
3094 865 3381 935 disciplina
3418 865 3563 917 aucti

2011 962 2163 1019 sunt,
2207 953 2530 1026 Babylonica
2562 956 2673 1023 jam
2708 971 2805 1011 eos
2831 956 3112 1019 servitute,
3132 956 3183 1009 in
3214 970 3318 1024 qua
3347 962 3573 1024 propter

2012 1047 2282 1102 idolorum
2319 1048 2525 1103 cultum
2544 1047 2947 1111 detinebantur,
2964 1046 3009 1099 si
3031 1045 3218 1099 eodem
3237 1045 3572 1105 abstineant.

2013 1138 2300 1193 liberatum
2347 1138 2447 1204 iri,
2502 1137 2831 1206 domumque
2888 1150 3209 1193 reversuros
3266 1136 3570 1204 pollicetur.

2011 1226 2282 1293 Quoniam
2311 1237 2492 1281 autem
2527 1227 2781 1282 maximis
2830 1226 2897 1281 de
2929 1226 3093 1281 rebus
3125 1241 3431 1281 sermonem
3473 1225 3572 1278 ha-

2012 1318 2244 1380 buerat,
2288 1332 2387 1372 nec
2420 1332 2611 1371 omnes
2661 1317 2970 1371 credituros
3008 1332 3131 1372 esse
3165 1316 3270 1372 sibi
3310 1315 3569 1385 putabat,

2013 1420 2170 1461 suam
2200 1407 2315 1476 ipse
2342 1407 2534 1460 merito
2569 1406 2889 1475 potentiam,
2926 1421 3163 1475 suasque
3193 1407 3340 1459 vires
3364 1406 3574 1474 deprm-

2012 1494 2234 1549 dicavit.
2257 1494 2392 1550 Cum
2424 1499 2569 1551 enim
2601 1510 2784 1550 rerum
2827 1495 3070 1549 omnium
3100 1503 3292 1549 auctor
3325 1496 3417 1558 sit,
3451 1510 3574 1548 eas-

2012 1600 2120 1655 que
2162 1585 2231 1641 de
2277 1585 2450 1640 nihilo
2501 1583 2842 1655 produxerit,
2891 1584 2984 1655 qui
3020 1599 3128 1639 non
3186 1586 3380 1655 possit,
3425 1584 3574 1653 quod

2013 1674 2163 1738 velit,
2208 1674 2422 1730 eﬂicere
2456 1671 2655 1728 facile?
2684 1673 2966 1743 Tanquam
2991 1682 3172 1727 autem
3197 1684 3381 1729 essent
3407 1688 3572 1729 even-

2014 1776 2133 1823 tura
2167 1766 2316 1831 talia,
2348 1766 2512 1820 etiam
2544 1779 2709 1834 supra
2741 1764 2806 1817 ad
2840 1764 2932 1819 Dei
2976 1765 3166 1820 laudes
3194 1766 3572 1833 praedicandas

2016 1871 2318 1915 creaturam
2358 1857 2678 1912 adhortatus
2728 1865 2811 1912 est
2843 1876 2856 1909 :
2917 1857 3117 1926 quibus
3147 1857 3258 1925 jam
3310 1858 3453 1910 bono
3483 1872 3574 1910 or-

2015 1950 2141 2004 dine
2175 1948 2365 2017 adjicit
2394 1967 2407 2002 :
2455 1946 2543 2001 Sic
2570 1948 2698 2000 dicit
2735 1947 3018 2014 Dominus,
3051 1950 3139 2017 qui
3175 1948 3391 2000 redemit
3424 1956 3491 2012 te,
3522 1956 3574 2001 et

2013 2042 2102 2110 qui
2126 2040 2370 2111 formavit
2393 2047 2439 2093 te
2466 2054 2532 2093 ea:
2560 2051 2728 2093 utero.
2776 2038 2932 2104 Quod
2973 2037 3241 2093 Jeremias
3292 2038 3573 2094 indicavit.

2014 2148 2139 2185 cum
2175 2132 2287 2186 ait:
2336 2150 2353 2181 ι
2395 2130 2461 2184 Ει
2500 2130 2702 2184 factum
2728 2139 2812 2184 est
2841 2130 3066 2185 verbum
3113 2129 3326 2183 Domini
3376 2129 3440 2184 ad
3489 2144 3577 2183 me

2013 2222 2199 2277 dicens
2228 2239 2240 2274 :
2275 2222 2579 2289 Antequam
2610 2235 2712 2289 ego
2746 2220 3039 2275 formarem
3068 2229 3120 2274 te
3150 2237 3214 2273 ex
3238 2229 3413 2283 utero,
3448 2221 3575 2273 novi

2014 2318 2165 2380 te”;
2205 2334 2223 2366 ι
2266 2316 2484 2368 verbum
2525 2314 2736 2367 Domini
2784 2314 2928 2367 enim
2965 2313 3268 2382 appellans,
3321 2314 3412 2380 qui
3477 2327 3573 2365 eo-

2013 2422 2155 2469 rum,
2196 2405 2287 2473 qui
2320 2415 2551 2457 InalruIn
2605 2414 2761 2457 utero
2803 2403 3134 2457 clauduntur
3175 2404 3352 2456 adhuc
3388 2404 3577 2458 condi-

2014 2507 2097 2551 tor
2136 2496 2225 2548 sit.
2263 2495 2483 2557 Deinde,
2526 2495 2785 2563 quoniam
2834 2494 2899 2549 de
2934 2494 3185 2548 libertate
3238 2510 3419 2549 sermo
3465 2504 3573 2557 est,

2014 2585 2390 2651 redemptorem
2424 2597 2481 2635 se
2516 2583 2711 2635 merito
2755 2581 3044 2650 appellavit
3072 2598 3087 2647 ;
3123 2581 3300 2650 deque
3327 2585 3576 2649 corporis

2012 2676 2329 2743 formatione
2366 2674 2601 2735 loeutus,
2634 2673 2760 2741 quia
2790 2687 2914 2725 cum
2958 2672 3238 2741 corporeis
3266 2673 3377 2741 agit
3410 2691 3420 2724 :
3461 2672 3578 2740 Ipse

2013 2780 2157 2829 sum,
2193 2764 2389 2831 inquit,
2424 2763 2515 2831 qui
2546 2770 2599 2815 te
2629 2778 2694 2816 ex
2730 2777 2896 2831 parvo
2930 2763 3193 2831 principio
3237 2762 3482 2830 formavi,
3523 2774 3580 2816 et

2014 2864 2269 2924 tanquam
2316 2854 2382 2908 de
2413 2854 2704 2908 tenebroso
2737 2868 2903 2923 specu
2957 2854 3143 2923 aliquo
3179 2854 3380 2917 eduxi;
3428 2857 3577 2923 quod

2013 2948 2228 3018 penitus
2257 2947 2576 3015 ignorarunt
2615 2947 3000 3014 progenitores
3032 2947 3108 2999 tui
3137 2962 3150 3009 ;
3194 2960 3318 2999 cum
3358 2947 3574 3000 interim

2012 3038 2155 3107 quod
2180 3038 2466 3105 formatum
2497 3044 2617 3090 erat
2651 3036 3037 3105 producerem.
3075 3035 3229 3101 Quod
3262 3037 3308 3091 si
3342 3037 3436 3091 tibi
3462 3038 3576 3091 leve

338 3119 540 3171 Aa6i6'
587 3137 608 3170 ι
654 3119 712 3172 '0
744 3121 1001 3173 ἐκτείνων
1046 3122 1136 3174 τὸν
1182 3122 1413 3192 οὐρανὸν
1453 3123 1583 3175 ὡσεὶ
1634 3123 1837 3192 δέρριν.
1886 3141 1905 3174 ι
1936 3128 2027 3200 ci

1886 3141 1905 3174 ι
1936 3140 1980 3200 (ζ
2015 3128 2157 3182 istud
2189 3126 2254 3179 ad
2307 3125 2504 3179 divinae
2538 3125 2755 3179 virtutis
2804 3125 3259 3195 signiﬁcationem
3313 3134 3534 3194 putatur
3557 3163 3573 3187 ,

339 3210 448 3260 Καὶ
477 3209 659 3262 πάλινο
690 3228 708 3261 ι
734 3210 1089 3280 Ἐθεμελίωσε
1114 3213 1212 3281 τὴν
1238 3213 1338 3281 γῆν
1361 3213 1451 3264 ἐπὶ
1489 3214 1588 3281 τὴν
1610 3212 1909 3281 ἀσφάλειαν

338 3300 530 3368 αὐτῆς.
565 3320 585 3351 ι
637 3300 788 3353 Ἀντὶ
843 3302 902 3355 δὲ
960 3303 1055 3356 τοῦ
1104 3306 1137 3357 ό
1183 3303 1515 3370 συντελῶν,
1563 3307 1597 3358 ό
1650 3304 1909 3372 ποιήσας

337 3388 614 3453 ἐξέδωκαν
648 3392 697 3443 οἰ
730 3391 928 3446 λοιποί.
958 3410 977 3444 ι
1000 3393 1182 3446 Πάντα
1219 3395 1325 3464 γάρ
1368 3395 1435 3448 δι’
1463 3395 1628 3448 αὑτοῦ
1674 3396 1908 3463 ἐγένετο,

337 3482 433 3535 καὶ
456 3484 625 3551 χωρὶς
653 3483 818 3536 αὑτοῦ
840 3486 1056 3552 ἐγένετο
1087 3486 1260 3539 οὐδέν.
1292 3505 1309 3538 ι
1345 3487 1490 3552 Ὅτι,
1523 3506 1542 3539 ι
1565 3489 1736 3551 Αὐτὸς
1766 3485 1907 3555 εἶπε,

337 3574 433 3624 καὶ
466 3572 830 3642 ἐγενήθησαν.
863 3576 1034 3638 Αὐτὸς
1067 3577 1388 3641 ἐνετείλατο,
1411 3579 1504 3631 καὶ
1522 3578 1903 3650 ἐκτίσθησαν.)

348 3662 409 3714 'U
427 3663 482 3716 δέ
510 3663 765 3726 τοσοῦτος
792 3664 846 3716 τί
870 3666 1124 3736 ἐποίησεν
1141 3668 1280 3720 κατὰ
1306 3668 1532 3740 καιροὺς
1562 3671 1905 3740 ἐπενήνοχεν,

334 3752 412 3817 ὡς
455 3755 650 3808 ἀπολεῖ
692 3755 790 3818 τάς
825 3757 1101 3826 πανταχοῦ
1130 3761 1415 3826 μαντείας
1449 3760 1543 3813 καὶ
1568 3760 1635 3814 τὰ
1672 3763 1910 3831 χρηστή-

339 3860 431 3912 ρια
478 3844 545 3897 δι’
598 3840 673 3898 ὧν
723 3847 772 3898 οἰ
822 3847 1073 3915 δαίμονες
1122 3850 1441 3917 ἐφενάκιξον
1494 3852 1618 3913 τοὺς
1664 3852 1771 3921 πρὸ
1811 3853 1911 3923 τῆς

336 3934 577 4003 Χριστοῦ
614 3937 937 4001 παρουσίας,
965 3938 1163 3991 εἰδέναι
1184 3939 1243 3991 τὸ
1290 3939 1481 4008 μέλλον
1531 3941 1908 4010 πλαττόμενοι,

338 4023 432 4075 καὶ
460 4023 530 4075 τὰ
559 4026 679 4087 ταῖς
717 4026 968 4094 καρδίαις
996 4028 1339 4097 ἐπερχόμενα
1364 4028 1612 4096 λέγοντες
1636 4044 1649 4059 ⁸
1680 4032 1807 4098 περὶ
1835 4025 1911 4085 ὧν

336 4115 579 4182 ἔφασκεν
665 4116 928 4187 Ἰεζεκιήλ
977 4137 993 4154 ο
1047 4136 1066 4171 ι
1113 4121 1248 4174 Οὐαὶ
1301 4124 1411 4184 τοῖς
1471 4122 1906 4191 προφητεύουσιν

337 4205 445 4258 ἀπὸ
492 4206 722 4275 καρδίας
780 4207 1001 4274 αὐτῶν,
1070 4208 1166 4262 καὶ
1244 4211 1305 4262 τὸ
1360 4210 1587 4264 καθόλου
1651 4212 1724 4281 μὴ
1790 4213 1910 4281 βλέ-

336 4295 524 4349 πουσιί
560 4313 580 4347 ι

406 4561 771 4615 Διεσκέδασε
828 4562 887 4615 δὲ
931 4563 1103 4618 ταῦτα
1148 4566 1242 4617 καὶ
1289 4565 1369 4636 τῷ
1415 4566 1646 4631 παῦσαι,
1695 4568 1790 4621 καὶ
1828 4568 1906 4639 τῷ

334 4655 513 4706 ποιεῖν
541 4654 576 4707 ά
603 4655 751 4706 ἐστιν
777 4654 1009 4718 ἐκείνοις
1037 4656 1380 4727 ἀτέκμαρτα,
1406 4660 1500 4711 καὶ
1521 4659 1901 4728 ἀπρόγνωστα.

2014 3219 2248 3271 maxima
2283 3218 2396 3278 illa,
2426 3232 2546 3286 qua:
2576 3217 2631 3269 in
2665 3217 2868 3269 mundo
2904 3224 3053 3281 sunt,
3103 3217 3249 3269 unde
3283 3217 3573 3280 exsistant,

2014 3309 2249 3363 intuere.
2280 3308 2419 3361 Audi
2474 3308 2745 3361 dicentem
2795 3306 3087 3363 Davidem:
3128 3325 3148 3359 ι
3187 3308 3288 3372 Qui
3325 3308 3575 3364 extendis

2012 3399 2232 3461 caelum,
2280 3401 2423 3452 sicut
2474 3398 2667 3466 pellem
2711 3397 2778 3450 ⁸⁸.
2830 3416 2847 3447 ι
2878 3397 3009 3452 Item
3046 3416 3058 3451 :
3098 3417 3115 3449 ι
3169 3398 3273 3463 Qui
3328 3398 3575 3451 fundavit

2014 3497 2213 3543 terram
2246 3503 2411 3556 super
2441 3487 2794 3541 stabilitatem
2834 3502 2989 3543 suam
3045 3487 3112 3542 ".
3166 3508 3186 3540 ι
3226 3488 3347 3553 Quo
3377 3490 3577 3547 deinde

2013 3582 2152 3645 loco,
2184 3581 2272 3649 qui
2302 3578 2533 3646 compleo
2567 3578 2851 3641 habemus.
2893 3580 2983 3647 qui
3010 3578 3109 3647 feci
3146 3580 3576 3650 interpretantur

2013 3673 2127 3727 alii.
2167 3691 2186 3724 ι
2230 3670 2423 3725 Omnia
2456 3672 2599 3724 enim
2651 3684 2747 3738 per
2774 3670 2948 3739 ipsum
2977 3670 3117 3724 facta
3166 3683 3313 3738 sunt,
3364 3683 3416 3726 et
3455 3673 3576 3727 sine

2012 3764 2133 3833 ipso
2165 3762 2364 3816 factum
2395 3770 2477 3816 est
2505 3761 2638 3814 nihil
2669 3761 2735 3825 ",
2772 3779 2789 3810 ι
2825 3762 3087 3830 quoniam
3117 3780 3135 3813 ι
3180 3762 3301 3832 Ipse
3330 3762 3493 3826 dixit,
3524 3774 3578 3819 et

2015 3854 2153 3909 facta
2199 3863 2364 3917 sunt;
2408 3855 2523 3922 ipse
2556 3852 2854 3917 mandavit,
2910 3860 2964 3906 et
3026 3861 3210 3907 creata
3263 3866 3391 3909 sunt
3442 3856 3508 3908 ”.
3554 3876 3571 3904 ι

2012 3945 2220 3998 Tantus
2256 3952 2436 3998 autem
2477 3942 2606 4009 quid
2658 3940 2921 4010 deinceps
2972 3943 3314 4011 praestiterit,
3349 3945 3574 4000 intulit:

2012 4048 2135 4088 cum
2168 4049 2247 4099 se,
2292 4049 2414 4102 qua:
2443 4033 2646 4101 ubique
2678 4039 2888 4093 essent,
2918 4033 3292 4097 divinationes,
3328 4034 3490 4104 509
3520 4045 3577 4089 et

2011 4125 2233 4179 oracula
2266 4124 2568 4177 deieturum
2621 4122 2997 4190 signiﬁcavit:
3051 4124 3253 4191 quibus
3301 4124 3576 4179 daemones

2012 4222 2138 4269 ante
2166 4213 2369 4269 Christi
2410 4214 2700 4267 adventum
2744 4213 2924 4267 futura
2964 4230 3043 4278 se,
3080 4217 3390 4285 mentisque
3428 4218 3579 4285 cogi-

2013 4307 2249 4361 tationes
2300 4305 2599 4374 intelligere
2648 4305 2942 4375 ﬁngebant.
2982 4305 3056 4360 De
3120 4308 3321 4376 quibus
3372 4318 3426 4362 et
3483 4310 3575 4363 illa

2012 4402 2141 4450 sunt
2178 4392 2524 4472 Ezechielis:
2574 4411 2594 4443 ι
2636 4390 2727 4445 Vae
2787 4394 3241 4462 prOpIIetantibus
3292 4395 3360 4450 de
3411 4397 3577 4451 cordo

1936 4463 1981 4518 θ
2013 4498 2139 4545 suo,
2161 4490 2214 4536 et
2249 4469 2469 4534 omnino
2504 4496 2611 4533 non
2638 4481 2952 4535 videntibus
2984 4484 3025 4535 ’ἰ
3062 4502 3081 4533 ι

2079 4574 2187 4629 Ista
2217 4586 2343 4625 vero
2395 4570 2665 4637 dissipavit
2698 4585 2715 4623 :
2747 4573 2943 4640 partim
3003 4574 3127 4641 quia
3156 4589 3375 4630 cessare
3428 4577 3576 4636 fecit.

2008 4666 2205 4738 partim
2230 4662 2374 4734 quod
2404 4678 2467 4717 ea
2494 4670 2748 4731 operatus
2768 4669 2872 4726 est,
2899 4678 3019 4731 qua:
3064 4664 3163 4731 ipsi
3224 4667 3386 4719 nullis
3444 4682 3579 4719 cou-

352 4741 864 4810 Ἀπεστράςρησαν
889 4744 945 4798 δέ
973 4747 1069 4798 καὶ
1100 4749 1391 4816 φρόνιμοι.
1426 4749 1725 4818 Φρονίμους
1750 4750 1905 4803 καλεῖ
2002 4754 2044 4825 jt

1884 4752 1905 4803 ἰ
2002 4754 2234 4825 jeeturis
2269 4752 2481 4820 assequi
2511 4760 2567 4805 ct
2597 4753 2854 4820 praascire
2897 4762 3211 4820 potuerunt.
3236 4755 3418 4809 Λυσι·δί
3454 4770 3575 4811 sunt

330 4834 459 4895 τοὺς
490 4833 621 4904 παρ’
651 4833 880 4905 Ἕλλησι
902 4837 1120 4905 σοφοὺς,
1154 4830 1229 4890 ὧν
1256 4838 1554 4906 ἐμώρανεν
1580 4841 1679 4910 τὴν
1710 4841 1901 4910 σοφίαν

329 4922 408 4992 τῷ
448 4924 546 4993 τῆς
588 4924 849 4992 ἀληθείας
880 4926 1222 4997 διαμαρτεῖν,
1263 4930 1533 4999 ἀχρήστου
1572 4931 1674 5000 τῆς
1710 4934 1768 4984 ἐν
1798 4933 1898 4984 aii-

326 5016 442 5075 τοῖς
467 5014 887 5085 ἀποδειχθείσης
929 5017 1366 5091 σοφίαςέψυχικὴ
1396 5022 1505 5091 γάρ
1532 5018 1622 5091 ἦν,
1652 5024 1745 5075 καὶ
1776 5025 1899 5076 ἐπί-

330 5121 501 5173 γειος,
553 5105 934 5177 δαιμονιώδης,
968 5107 1033 5177 ἥν
1080 5110 1173 5162 καὶ
1215 5112 1243 5161 ὁ
1290 5111 1497 5174 Παῦλος
1543 5114 1903 5184 μεμωράνθαι

329 5196 516 5265 φησίν·
543 5197 714 5266 ἧγουν
776 5200 905 5261 τοὺς
935 5201 1164 5269 μάγους.
1196 5202 1402 5271 Σοφοὺς
1430 5207 1536 5273 γὰρ
1563 5207 1657 5259 καὶ
1680 5206 1904 5272 τούτους

326 5284 580 5343 ἐκάλουν.
627 5285 813 5339 Ταῦτα
856 5288 953 5357 μὲν
983 5287 1077 5342 οῦν
1105 5289 1462 5347 διασκεδάσω.
1505 5295 1610 5348 Τοῦ
1657 5295 1713 5349 δὲ
1756 5297 1902 5365 ἐμοῦ

337 5376 474 5429 Ποῦ
506 5377 599 5429 καὶ
625 5377 887 5448 Χριστοῦ,
921 5382 1047 5450 περὶ
1069 5373 1130 5434 οῦ
1162 5382 1330 5436 πολλά
1351 5387 1622 5451 προεῖπον,
1655 5388 1753 5441 καὶ
1784 5388 1903 5442 τῶν

324 5467 600 5536 ἀγγέλων
619 5470 808 5523 αὑτοῦ
835 5470 945 5524 τῶν
973 5473 1312 5540 ἀποστόλων,
1343 5477 1552 5543 στήσω
1574 5480 1644 5533 τὰ
1662 5480 1903 5549 ῥήματά

325 5574 389 5610 τε
418 5560 515 5611 καὶ
546 5560 664 5629 τὴν
687 5563 952 5632 βουλήν.
995 5565 1255 5634 Ῥήματα
1281 5568 1336 5621 δέ
1368 5571 1604 5641 Χριστοῦ
1641 5572 1703 5626 τὸ
1726 5576 1903 5645 σωτή-

398 5673 444 5703 ⁹³
483 5672 771 5749 Jel‘em._t,
934 5680 981 5712 ⁸⁸
1006 5680 1149 5736 Psal.
1186 5697 1316 5749 CIII,
1360 5685 1412 5739 2.
1526 5690 1570 5721 ’⁷
1624 5690 1754 5746 ibid.
1798 5694 1851 5747 5.

327 5741 493 5797 'Jac.
520 5759 602 5807 III,
639 5744 723 5800 15.
800 5748 819 5778 ³
860 5747 1015 5803 llom.
1049 5766 1087 5814 I,
1125 5751 1215 5806 9.8.

1949 5695 1998 5727 ’⁸
2023 5695 2181 5752 Joan.
2220 5713 2232 5749 I
2262 5736 2275 5761 ,
2315 5698 2366 5750 5.

2008 4860 2172 4914 porro
2200 4855 2248 4899 et
2275 4845 2550 4911 prudentes
2574 4861 2592 4907 ;
2621 4859 2730 4912 quo
2754 4844 2972 4898 nomine
3005 4843 3314 4901 Graecorum
3354 4852 3575 4919 sapienv

2006 4946 2088 4991 tes
2111 4935 2379 5005 intelligit,
2407 4949 2637 5004 quorum
2669 4933 2992 5002 sapientiam
3047 4951 3111 4989 co
3167 4936 3285 5005 ipso
3312 4942 3454 5007 quod
3485 4957 3576 4994 vc-

2006 5028 2166 5080 ritate
2192 5026 2531 5090 exciderunt,
2562 5026 2615 5078 in
2642 5026 2929 5078 stultitiam
2958 5031 3296 5081 commutavit
3328 5047 3346 5094 ;
3376 5032 3425 5086 id
3471 5044 3574 5097 est,

2008 5118 2250 5173 inutilem
2280 5131 2401 5172 esse
2428 5116 2981 5187 demonstravit(Erat
3010 5119 3153 5171 enim
3187 5121 3441 5178 animalis
3463 5125 3573 5194 illa,

2006 5222 2241 5274 terrena,
2270 5217 2323 5263 et
2377 5209 2642 5264 diabolica
2686 5210 2731 5272 ’,
2786 5224 2947 5277 quam
2998 5210 3198 5265 Paulus
3257 5212 3575 5272 inl‘atuatam

2005 5316 2127 5357 esse
2152 5300 2420 5369 signiﬁcat
2446 5299 2489 5369 ³)
2526 5319 2537 5353 :
2569 5300 2652 5353 vel
2677 5309 2825 5355 certe
2856 5315 3041 5370 magos
3082 5302 3228 5366 illos,
3259 5321 3396 5373 quos
3447 5310 3577 5366 item

2007 5397 2278 5463 sapientes
2302 5392 2794 5460 appellabaIIthta
2830 5393 3011 5462 igitur,
3040 5395 3237 5462 inquit.
3276 5398 3577 5469 dissipabo.

2010 5484 2241 5553 Filiique
2266 5486 2385 5546 mei,
2417 5484 2468 5538 id
2504 5493 2587 5537 est
2616 5484 2819 5538 Christi
2854 5483 2943 5552 (de
2971 5500 3079 5553 quo
3109 5490 3363 5555 superius
3406 5507 3435 5544 a
3492 5509 3580 5548 Ine

2010 5585 2139 5632 sunt
2176 5578 2322 5631 dicta
2346 5578 2634 5646 permulta)
2665 5586 2711 5630 et
2738 5577 3040 5645 angelorum
3073 5582 3223 5647 ejus;
3256 5581 3308 5635 id
3340 5590 3422 5637 est
3443 5598 3577 5655 apo-

2443 5697 2486 5727 99
2530 5697 2671 5751 l’sal.
2718 5710 2864 5749 mm
2890 5736 2903 5761 ,
2932 5695 2984 5749 9.
3065 5699 3079 5726 '
3118 5696 3315 5754 Ezccli.
3347 5716 3473 5769 xm,
3512 5702 3577 5757 17
