4284 6440
747 412 885 476 2419

745 539 853 580 rtut

743 622 964 677 modum
998 623 1361 694 signiﬁcatqu
1390 645 1403 680 :
1446 646 1464 679 ι
1502 627 1720 686 Zelatus
1743 647 1864 687 sum
1902 633 2230 701 Jerusalem,
2263 647 2319 692 et

744 705 876 763 Sion
919 711 1036 765 zelo
1070 726 1296 783 magno,
1324 723 1379 769 et
1402 716 1480 769 ira
1521 732 1714 788 magna
1747 721 1959 777 irascor
2006 724 2062 778 in
2110 736 2319 795 gentes,

736 812 859 865 qua:
890 811 985 854 eas
1011 798 1347 858 invaserunt.
1407 804 1544 870 Quia
1575 822 1677 877 ego
1725 812 1899 867 iratus
1938 829 2059 867 sum
2091 829 2316 884 parum;

737 889 870 961 ipsa:
904 900 1088 947 autem
1124 893 1191 948 ad
1220 895 1358 949 mala
1391 896 1710 967 adjecerunt
1735 902 1776 956 '.
1819 922 1838 955 ι
1869 904 2009 970 Quin
2037 915 2091 960 et
2142 905 2319 976 Baby-

735 980 917 1037 lonem
952 983 1003 1037 in
1036 984 1181 1040 hunc
1213 987 1433 1040 modum
1479 989 1773 1061 alloquitur
1810 1010 1823 1046 :
1859 1013 1878 1045 ‹
1923 993 2033 1065 Ego
2068 995 2193 1051 dedi
2226 1011 2321 1053 eos

735 1071 790 1125 in
850 1087 1045 1129 manus
1098 1084 1262 1142 tuas;
1317 1086 1374 1132 tu
1423 1088 1604 1134 autem
1635 1082 1714 1137 eis
1746 1084 2177 1140 misericordiam
2206 1102 2318 1142 non

735 1160 931 1217 dedisti
960 1164 1021 1217 '°.
1062 1183 1081 1216 ι
1113 1165 1245 1221 Inde
1285 1168 1452 1236 igitur
1488 1177 1541 1223 et
1570 1169 1817 1228 let-emite
1849 1191 1981 1230 voce
2008 1178 2081 1231 ita
2110 1176 2316 1248 Cyrum

650 1318 655 1323 η
736 1251 1036 1319 alloquitur
1068 1257 1371 1313 :«Asceude
1409 1260 1475 1312 ad
1527 1261 1723 1329 ipsam,
1786 1274 1839 1319 et
1891 1266 2204 1324 habitantes
2261 1268 2318 1323 in

734 1358 819 1397 ea.
858 1342 1134 1401 Ulciscere
1163 1349 1363 1415 gladio,
1388 1359 1441 1403 et
1492 1351 1677 1420 perde,
1725 1355 1859 1410 dicit
1918 1355 2223 1427 Dominus;
2267 1370 2322 1415 et

736 1431 822 1486 iac
864 1435 1166 1488 secundum
1221 1437 1427 1501 omnia,
1480 1457 1601 1509 quae
1653 1445 1911 1513 praecipio
1961 1448 2165 1513 tibi“;
2212 1468 2230 1501 ›
2265 1453 2321 1506 et

735 1541 956 1579 rursum
994 1544 1008 1580 :
1047 1545 1066 1578 ι
1098 1528 1324 1597 Aperuit
1364 1530 1626 1589 Dominus
1654 1534 1969 1590 thesaurum
2030 1553 2213 1606 suum,
2266 1546 2319 1595 et

734 1619 966 1686 protulit
998 1635 1126 1675 vasa
1169 1622 1264 1676 ira:
1300 1640 1413 1691 sua:
1441 1643 1453 1689 ;
1486 1628 1613 1693 quia
1642 1642 1781 1697 opus
1835 1638 1921 1685 est
1971 1630 2202 1687 Domino
2263 1634 2319 1690 in

734 1718 881 1764 terra
940 1712 1364 1780 Chaldaeorum;
1422 1719 1681 1786 quoniam
1745 1733 2008 1776 venerunt
2069 1731 2317 1793 tempora

733 1800 873 1869 ejus.
928 1803 1153 1869 Aperite
1211 1808 1506 1875 apothecas
1560 1810 1699 1878 ejus,
1753 1813 2118 1883 pervestigate
2168 1829 2311 1882 eam,

733 1900 996 1962 tanquam
1025 1895 1344 1963 speluncam
1375 1898 1547 1963 ¹²·¹³,»
1570 1910 1625 1955 et
1653 1916 1775 1971 quae
1802 1904 2081 1975 deinceps.
2103 1904 2239 1973 Quin
2259 1919 2312 1964 et

732 1984 877 2053 apud
907 1984 1052 2039 hunc
1082 1986 1400 2056 prophetam
1442 1991 1743 2046 scribitur:
1790 2012 1807 2042 ο
1841 1992 2109 2052 Excitabo
2153 1999 2310 2054 vobis

732 2072 919 2131 Medos
950 2074 1010 2140 ",
1060 2093 1080 2126 ι
1109 2084 1163 2131 et
1193 2092 1315 2146 quae
1346 2089 1555 2147 postea.
1615 2080 1905 2151 Caeterum,
1953 2096 2309 2157 posteaquam

735 2162 973 2218 futuram
1002 2167 1370 2222 reversionem
1408 2170 1659 2239 praedixit
1684 2175 1882 2239 oratio,
1939 2185 2197 2246 tauquam
2255 2178 2311 2233 in

734 2254 1063 2324 Evangeliis,
1092 2258 1323 2313 calcate:
1356 2261 1587 2316 virtutes
1618 2278 1815 2320 rursus
1842 2266 1909 2320 ad
1943 2270 2201 2336 gaudium
2256 2278 2313 2324 et

732 2343 976 2399 laetitiam
1032 2357 1335 2417 provocat,
1394 2351 1719 2422 nubibusque
1780 2356 1994 2411 ratione
2070 2361 2313 2428 praeditis

732 2439 891 2505 (quas
924 2437 977 2490 in
1017 2439 1229 2492 vineam
1283 2440 1437 2508 prius
1491 2443 1755 2512 depluere
1800 2448 1995 2517 vetuit)
2029 2448 2163 2519 ipsis
2194 2452 2310 2519 jam

734 2541 887 2583 terra:
922 2530 1115 2584 incolis
1148 2530 1418 2597 justitiam
1461 2534 1815 2604 suppeditare
1849 2542 2114 2611 prtecipit.
2150 2543 2315 2597 Terra

732 2628 935 2685 autem,
964 2621 1160 2690 inquit,
1190 2621 1242 2674 id
1273 2630 1380 2686 est,
1419 2623 1663 2693 ejusdem
1692 2625 1913 2682 deserta:
1946 2630 2117 2698 prius,
2158 2632 2314 2687 inco-

732 2714 816 2774 lae,
849 2712 1215 2766 misericordia
1242 2724 1289 2767 et
1331 2713 1568 2782 justitia,
1599 2717 1820 2785 pietatis
1871 2718 2143 2777 fructibus
2200 2723 2317 2777 edi-

733 2804 823 2870 tis,
850 2812 1165 2860 renovetur.
1204 2804 1313 2859 lsta
1344 2805 1615 2876 siquidem
1638 2808 1930 2865 conditore
1959 2819 2077 2873 tuo,
2113 2812 2314 2883 inquit,

732 2894 1037 2963 imperante
1060 2893 1243 2948 futura
1278 2904 1428 2962 sunt,
1487 2898 1582 2966 qui
1615 2895 1876 2956 facillime
1930 2903 2076 2971 quod
2122 2918 2185 2958 ex
2241 2904 2319 2958 ni-

735 2986 849 3041 hilo
879 2987 1107 3050 creavit,
1136 3002 1402 3043 renovare
1427 2996 1611 3059 queat.
1664 2990 1831 3046 Aiunt
1872 2993 2118 3048 nonnulli
2173 2993 2320 3049 Scri-

734 3090 950 3148 pturam
981 3093 1086 3137 suo
1121 3093 1269 3134 more
1299 3093 1329 3131 a
1386 3080 1621 3151 singulis
1667 3082 1733 3137 ad
1795 3083 2048 3139 universa
2109 3100 2317 3141 sermo-

736 3183 861 3223 nem
890 3155 1211 3223 transferrc.
1243 3167 1318 3223 De
1372 3167 1511 3239 Cyro
1548 3170 1717 3235 enim,
1747 3170 1815 3227 de
1871 3171 2167 3244 Babylone,
2222 3173 2315 3229 de-

734 3272 845 3328 quc
880 3257 1053 3313 reditu
1087 3258 1322 3319 locutus,
1349 3258 1414 3312 ad
1440 3258 1716 3314 Christum
1759 3260 1871 3330 jam
1924 3278 2144 3326 eorum,
2197 3279 2318 3333 qua:

736 3346 881 3403 dicta
943 3356 1092 3412 sunt,
1124 3347 1458 3404 intellectum
1515 3360 1753 3415 revocat,
1810 3352 1902 3422 qui
1945 3367 1974 3407 a
2000 3352 2161 3407 Patre
2198 3352 2319 3409 ideo

739 3441 944 3495 missus
979 3447 1085 3501 est,
1122 3447 1182 3493 ut
1211 3440 1445 3509 captivis
1480 3439 1814 3504 libertatem,
1848 3451 1908 3497 ut
1937 3445 2099 3499 caecis
2132 3446 2315 3501 lumen

741 3530 1024 3584 annuntiet
1057 3530 1122 3595 ⁸³,
1156 3538 1216 3583 ιιι
1245 3543 1341 3584 eos
1363 3529 1620 3600 denique,
1657 3532 1749 3601 qui
1777 3543 2127 3602 peccatorum
2164 3542 2317 3591 cate-

740 3623 825 3677 uis
851 3622 1328 3691 constringuntur,
1369 3622 1572 3677 diaboli
1624 3625 1918 3695 tyrannide
1972 3635 2191 3698 ereptos
2248 3628 2317 3684 ad

741 3728 801 3768 se
829 3722 1048 3769 revocet
1098 3713 1258 3784 513
1296 3714 1389 3783 qui
1418 3730 1577 3769 suum
1606 3715 1721 3785 ipse
1780 3719 2062 3788 templum,
2126 3718 2178 3773 id
2237 3731 2319 3778 est

743 3805 1043 3860 Ecclesiam
1101 3806 1387 3871 excitavit,
1448 3821 1611 3877 quam
1639 3808 1741 3864 sibi
1776 3809 2037 3878 virginem
2084 3820 2317 3876 castam,

743 3912 984 3967 rugaque
1045 3904 1099 3952 ct
1131 3896 1343 3952 macula
1373 3904 1670 3961 carentem,
1702 3907 1883 3954 astare
1907 3901 2078 3955 voluit
2115 3901 2178 3955 “.
2238 3899 2317 3956 Ex

740 3988 827 4044 his
855 4004 1005 4060 ergo,
1032 4004 1151 4058 qua:
1202 4004 1231 4042 a
1258 3988 1396 4058 Cyro
1430 3997 1578 4059 gesta
1615 3998 1763 4056 sunt,
1812 3998 2069 4061 tanquam
2144 3993 2316 4063 ﬁgura

742 4080 943 4149 aliqua,
982 4095 1101 4150 qua:
1126 4080 1178 4133 in
1208 4095 1397 4138 omnes
1431 4082 1626 4137 collata
1672 4093 1820 4149 sunt,
1851 4098 2076 4139 munera
2144 4086 2318 4155 signi-

743 4170 977 4225 ﬁcantur
1012 4188 1025 4225 :
1059 4186 1290 4242 quorum
1314 4173 1531 4229 nomine
1562 4174 1665 4245 ipsi
1701 4176 1928 4244 spiritus
1959 4178 2122 4231 etiam
2148 4178 2314 4234 cmic-

741 4271 853 4317 stcs
879 4262 1169 4317 (tutantur:
1201 4264 1294 4334 qui
1320 4266 1403 4320 vel
1427 4280 1536 4319 uno
1565 4272 1773 4321 tantum
1806 4277 2093 4337 peccatore
2138 4270 2313 4338 pumi-

742 4354 969 4407 teutiam
1016 4364 1207 4425 agente
1261 4356 1499 4425 gaudere
1558 4358 1872 4413 scribuntur
1928 4358 2019 4414 ’τε
2086 4360 2315 4431 ideoque

742 4445 908 4498 etiam
940 4446 1099 4499 nubes
1129 4446 1347 4501 eosdem
1389 4448 1647 4518 appellat,
1687 4450 1831 4520 quod
1867 4466 1961 4520 per
1990 4450 2139 4522 ipsos
2191 4452 2313 4521 Spi-

2074 428 2419 491 PROCOPII
2454 432 2697 493 GAZ/El

895 548 909 592 ς
974 531 1116 584 sicut
1162 541 1244 587 cst
1297 548 1326 587 a
1382 533 1490 590 Deo
1538 550 1636 607 per
1686 538 1999 596 Zachariam
2062 544 2115 598 in
2178 545 2396 607 huncA

2352 552 2396 607 Α
2426 565 2547 602 ναι·
2606 570 2623 601 ι
2674 550 2954 621 Ἐζήλωκα
2998 549 3096 621 τὴν
3152 549 3508 620 Ἰερουσαλὴμ
3566 550 3659 602 καὶ
3705 549 3804 619 τὴν
3855 552 3998 604 Σιὼν

3848 433 3996 499 2420

2425 640 2587 711 ζῆλον
2619 642 2815 711 μέγαν,
2866 643 2962 695 καὶ
3006 640 3163 711 θυμῷ
3206 642 3424 711 μεγάλῳ
3461 641 3751 710 ὀργίζομαι
3804 642 3895 693 ἐπὶ
3926 643 3998 695 τὰ

2421 733 2546 803 ἔθνη
2576 734 2647 787 τὰ
2681 734 3156 805 συνεπιτιθέμενα,
3184 734 3297 787 ἀνθ’
3329 727 3404 786 ὧν
3430 732 3542 801 ἐγὼ
3588 734 3686 803 μὲν
3716 733 3998 802 ὠργίσθην

2421 825 2597 893 ὀλίγα.
2628 826 2793 879 Αὐτοὶ
2837 825 2895 878 δὲ
2942 825 3296 879 συνεπέθεντο
3328 827 3409 887 εἰς
3453 825 3621 878 κακά.
3662 843 3681 876 ι
3720 824 3829 878 Kal.
3856 824 3997 893 πρὸς

2421 915 2589 985 αὐτὴν
2622 916 2678 969 δὲ
2724 914 3017 970 Βαϐυλῶνά
3054 931 3252 984 φησιν’
3293 934 3311 967 ι
3357 915 3499 982 Ἐγὼ
3542 915 3751 968 δέδωκα
3794 914 3996 978 αὐτοὺς

2422 1005 2502 1067 είς
2524 1004 2622 1067 τὰς
2648 1005 2835 1075 χεῖράς
2864 1022 2979 1059 σου.
3014 1004 3087 1059 Σὺ
3111 1005 3170 1059 δὲ
3192 1005 3294 1058 οὐκ
3324 1004 3527 1068 ἔδωκας
3551 1006 3733 1066 αὐτοῖς
3764 1005 3931 1067 ὲλεος.
3970 1024 3989 1055 ι

2421 1097 2498 1149 Δι’
2530 1096 2667 1167 ὅπερ
2695 1095 2798 1164 ἔφη
2821 1097 2909 1150 διὰ
2948 1097 3213 1166 Ἰερεμίου
3243 1089 3323 1164 τῷ
3342 1096 3507 1166 Κύρῳ
3526 1112 3540 1125 ·
3575 1115 3592 1146 t
3624 1096 3877 1165 Ἐπίϐηθι
3906 1096 3995 1148 ἐπ’

2421 1186 2610 1257 αὐτὴν,
2649 1187 2745 1239 καὶ
2789 1186 2885 1239 ἐπὶ
2912 1188 3039 1250 τοὺς
3082 1185 3475 1250 κατοικοῦντας
3505 1188 3563 1239 ἐν
3612 1188 3772 1256 αὐτῇ.
3816 1187 3995 1239 Ἐκδί-

2421 1293 2589 1344 κησον
2616 1277 2894 1347 μάχαιραν
2915 1279 3007 1329 καὶ
3044 1278 3352 1347 ἀφανισμὸν
3390 1279 3434 1341 i,
3455 1278 3604 1344 λέγει
3638 1278 3865 1346 Κύριος,
3900 1278 3995 1329 καὶ

2420 1367 2567 1418 ποίει
2606 1368 2745 1420 κατὰ
2783 1367 2961 1421 πάντα
2991 1368 3090 1420 ὅσα
3116 1366 3435 1436 ἐντέλλομαί
3470 1384 3575 1419 σοι.
3609 1385 3627 1418 ι
3667 1367 3775 1418 Καὶ
3806 1365 3990 1419 πάλιν·

2425 1476 2445 1509 ‹
2494 1457 2740 1521 Ἥνοιξεν
2788 1458 2993 1526 Κύριος
3028 1457 3120 1511 τὸν
3169 1458 3445 1527 θησαυρὸν
3494 1456 3685 1519 αὐτοῦ,
3756 1455 3849 1508 καλ⁵
3899 1455 3991 1517 ἐξ·

2421 1549 2619 1619 ήνεγκε
2665 1547 2735 1599 τὰ
2763 1546 2932 1617 σκεύη
2967 1548 3064 1617 τῆς
3086 1546 3258 1616 ὀργῆς
3290 1544 3477 1609 αὑτοῦ,
3501 1546 3582 1597 ὅτι
3616 1547 3777 1613 ἔργον
3804 1543 3994 1613 Κυρίῳ

2421 1640 2478 1691 ὲν
2514 1641 2583 1709 γῇ
2630 1637 2932 1703 Χαλδαίων,
2973 1638 3055 1690 ὅτι
3100 1636 3422 1705 ἐληλύθασιν
3470 1637 3520 1688 οί
3568 1635 3755 1705 καιροὶ
3798 1634 3989 1703 αὐτῆς.

2433 1730 2702 1794 Ἀνοίξατε
2741 1729 2839 1793 τὰς
2888 1728 3172 1798 ἀποθήκας
3210 1728 3401 1797 αὐτῆς,
3431 1728 3761 1797 ὲρευνήσατε
3796 1727 3989 1794 αὐτὴν,

2419 1824 2495 1886 ὡς
2519 1822 2803 1891 σπήλαιον,
2836 1840 2855 1872 ι
2894 1820 2992 1875 καὶ
3031 1821 3101 1873 τὰ
3133 1819 3279 1887 ἑξῆς.
3318 1818 3429 1871 Καὶ
3462 1818 3552 1871 διὰ
3584 1817 3676 1871 τοῦ
3721 1816 3991 1886 παρόντος

2413 1912 2471 1965 δὲ
2506 1914 2789 1983 προφήτου
2839 1912 3078 1983 ὲρῤέθηο
3121 1931 3140 1963 ι
3192 1909 3474 1979 Ἐπεγερῶ
3520 1910 3652 1979 ὑμῖν
3699 1910 3824 1971 τοὺς
3872 1909 3993 1978 Μή-

2410 2002 2555 2067 δους,
2591 2021 2610 2055 ι
2644 2002 2740 2055 καὶ
2771 2001 2839 2056 τὰ
2868 2003 2961 2055 ἐπὶ
2978 2000 3212 2065 τούτοις.
3241 2001 3351 2073 Τὴν
3383 2002 3440 2056 δὲ
3488 2000 3788 2072 μέλλουσαν
3826 2000 3991 2053 ἐπάν·

2410 2094 2525 2148 οδον
2554 2093 2924 2164 προθεσπίσας
2963 2095 2990 2146 ό
3018 2092 3173 2162 λόγος
3204 2092 3300 2157 ὡς,
3346 2094 3433 2147 ἐπ’
3487 2092 3835 2160 εὐαγγελίοις
3866 2092 3987 2160 χαί-

2414 2202 2528 2256 ρειν
2581 2181 2737 2248 αὖθις
2790 2175 3095 2238 ἐντέλλεται
3144 2184 3275 2251 ταῖς
3324 2184 3632 2253 οὐρανίαις
3672 2183 3987 2252 δυνάμεσιν,

2413 2277 2506 2329 καὶ
2532 2276 2663 2341 ταῖς
2691 2276 2976 2345 νεφέλαις
3000 2277 3121 2339 ταῖς
3149 2275 3419 2343 λογικαῖς,
3446 2274 3513 2340 ἃς
3534 2275 3840 2327 ἐνετείλατο
3862 2272 3993 2341 πρό-

2411 2385 2568 2439 τερον
2593 2370 2747 2422 ὑετὸν
2781 2371 2860 2433 είς
2883 2368 2973 2421 τὸν
3004 2366 3306 2439 ἀμπελῶνα
3339 2368 3413 2437 μὴ
3445 2367 3659 2438 βρέξαι,
3692 2365 3993 2420 δικαιοσύ-

2413 2478 2530 2529 νην
2564 2460 2871 2530 χορηγῆσαι
2899 2460 3010 2521 τοῖς
3033 2457 3243 2511 οἰκοῦσι
3271 2457 3385 2525 τὴν
3417 2456 3552 2527 γῆν.
3586 2457 3695 2509 Καὶ
3737 2456 3775 2521 ἡ
3813 2452 3885 2523 γῆ
3908 2452 3988 2516 δὲ,

2414 2552 2547 2622 φησι
2589 2552 2782 2623 (λέγων
2832 2550 2957 2611 τοὺς
3005 2548 3397 2609 κατοικοῦντας
3427 2548 3543 2614 τὴν
3582 2546 3746 2616 γῆν),
3790 2547 3824 2614 ἡ
3860 2545 3993 2613 πρὶν

2414 2642 2652 2711 ἕρημος,
2702 2638 3046 2694 ἀνανεούσθω
3097 2637 3340 2707 φέρουσα
3392 2635 3705 2697 θεοσεϐείας
3744 2633 3992 2701 καρποὺς

2415 2733 2587 2798 ἕλεος
2633 2730 2731 2785 καὶ
2783 2729 3203 2794 δικαιοσύνην.
3236 2728 3422 2780 Ταῦτα
3471 2726 3529 2778 δὲ
3580 2725 3737 2777 ἔσται
3764 2723 3857 2775 τοῦ
3894 2720 3991 2773 σοῦ

2417 2824 2636 2877 κτίστου
2684 2818 3111 2892 προστάξαντος.
3150 2817 3241 2886 Τῷ
3274 2817 3383 2887 γὰρ
3419 2816 3478 2881 ἐξ
3508 2816 3609 2867 οὐκ
3628 2815 3797 2867 ὄντων
3847 2828 3991 2881 παρ-

2416 2913 2677 2983 αγαγόντι
2718 2931 2775 2966 σε
2857 2911 3087 2981 δυνάμει
3144 2910 3397 2979 ποιητικῇ
3446 2909 3643 2976 ῥᾷστον
3689 2902 3994 2957 ἀνανεῶσαι

2416 3005 2479 3058 τὸ
2525 3005 2939 3075 δημιούργημα.
2967 3002 3123 3065 Τινὲς
3158 3001 3215 3054 δέ
3266 3018 3430 3070 φασιν
3479 2999 3554 3061 ὡς
3587 2997 3651 3069 δὴ
3683 2995 3927 3063 συνήθως
3960 2994 3995 3061 ἠ

2419 3094 2610 3165 Γραφὴ
2640 3095 2703 3146 ὲκ
2732 3093 2841 3147 τῶν
2870 3092 3013 3146 κατὰ
3045 3091 3212 3161 μέρος
3252 3091 3331 3153 είς
3355 3090 3415 3142 τὸ
3454 3087 3682 3141 καθόλου
3713 3087 3801 3139 τὸν
3840 3084 3997 3151 λόγον

2345 3222 2387 3279 C
2420 3186 2712 3253 ἀνήγαγεν.
2753 3182 2940 3237 Εἰπὼν
2988 3183 3096 3251 γὰρ
3131 3182 3200 3234 τὰ
3246 3180 3389 3234 κατὰ
3425 3177 3639 3279 Κῦρρν,
3675 3179 3767 3278 καῖ.
3821 3175 3999 3274 Βαϐυ-

2422 3276 2589 3338 λῶνα,
2620 3275 2713 3328 καὶ
2754 3274 2850 3345 τὴν
2877 3266 3179 3332 Ἑπάνοδον.
3218 3271 3312 3324 ἐπὶ
3358 3268 3594 3339 Χριστὸν
3634 3265 3858 3336 μετάγει
3888 3264 3998 3315 τῶν

2423 3363 2726 3434 εἰρημένων
2762 3364 2860 3432 τὴν
2891 3362 3123 3424 ἔννοιαν,
3149 3360 3207 3422 ὃς
3256 3359 3540 3426 ἀπεστάλη
3571 3356 3723 3447 παρὰ
3749 3354 3842 3406 τοῦ
3882 3354 3997 3447 ila..-

2420 3454 2577 3522 τέρος
2625 3451 2862 3523 κηρύξαι
2911 3449 3279 3519 αἰχμαλώτοις
3322 3447 3541 3514 ἄφεσιν,
3597 3444 3988 3527 καὶᾴνεκροῖςι

2421 3541 2736 3611 ἀνάϐλεψιν,
2788 3541 2883 3595 καὶ
2957 3540 3083 3600 τοὺς
3132 3536 3340 3607 σειραῖς
3395 3532 3809 3602 ἁμαρτημάτων
3870 3545 4003 3581 κατ-

2421 3629 2782 3699 εσφιγμένους
2825 3624 3103 3694 ἐξελέσθαι
3140 3625 3239 3695 τῆς
3284 3623 3379 3677 τοῦ
3421 3623 3634 3675 Σατανᾶ
3661 3620 4001 3689 τυραννίδοῆ

2420 3720 2802 3791 παλινδρομεῖν
2823 3736 2882 3772 τε
2915 3717 3334 3788 παρασκευάσαι
3358 3716 3490 3784 πρὸς
3522 3714 3711 3767 ἑαυτὸν
3732 3754 3746 3777 ,
3799 3712 3856 3773 ὃς
3906 3712 4002 3762 τὸν

2421 3810 2616 3867 ἑαυτοῦ
2649 3811 2795 3875 ναὸν,
2834 3809 2932 3880 τὴν
2975 3808 3306 3878 Ἐκκλησίαν
3354 3808 3670 3875 ἀνήγειρεν,
3711 3802 4003 3871 napus-ti-

2421 3919 2519 3965 σας
2562 3899 2742 3969 ἑαυτῷ
2791 3898 3060 3968 παρθένον
3110 3896 3303 3967 ἁγνὴν,
3342 3894 3417 3965 μὴ
3466 3894 3696 3963 ἔχουσαν
3746 3890 3934 3943 σπῖλον
3968 3890 4001 3957 ἦ

2421 3993 2627 4065 ῥυτίδα.
2659 3993 2736 4045 Δι’
2765 3985 2839 4047 ὧν
2868 3990 2961 4044 οὖν
2989 3989 3224 4061 ἔπραξεν
3270 3987 3485 4055 Κῦρος,
3513 3985 3588 4046 ὼς
3618 3984 3707 4036 διὰ
3744 4000 3887 4044 τινος
3925 3986 4002 4035 εἰ·

2418 4088 2574 4148 κόνος
2618 4084 2687 4137 τὰ
2716 4085 2851 4139 πᾶσι
2904 4080 3257 4152 δεδωρημένα
3301 4077 3651 4148 σημαίνεται,
3680 4076 3763 4142 ἐφ’
3789 4072 3870 4137 οἷς
3908 4076 4005 4126 εὖ·

2417 4174 2705 4244 φραίνεται
2734 4172 2827 4226 καλ¹
2858 4171 2927 4224 τὰ
2951 4171 3177 4244 οὐράνια
3213 4168 3527 4237 πνεύματα,
3557 4168 3609 4220 εἴ
3627 4184 3687 4233 γε
3719 4167 4005 4234 χαίροι-σι

2416 4266 2511 4317 καὶ
2547 4263 2727 4334 ἐφ’ὲνὶ
2752 4260 2899 4331 μόνῳ
2931 4260 3279 4330 μετανοοῦντι
3297 4255 3629 4327 ἁμαρτωλῷ,
3657 4256 3797 4309 ἂκαὶ
3831 4254 4006 4321 νεφέ-

2413 4358 2529 4419 λας
2578 4353 2752 4418 καλεῖ,
2789 4352 2856 4405 δι’
2887 4345 2962 4405 ὧν
2999 4351 3056 4404 al
3094 4348 3189 4403 τοῦ
3240 4350 3399 4417 ἁγίου
3451 4346 3769 4417 Πνεῦματος
3820 4362 4008 4413 παρα-

2415 4447 2633 4518 κλήσεις
2666 4444 2822 4497 ὑετοῦ
2850 4443 3128 4498 καθίενται
3172 4442 3330 4512 δίκην
3358 4441 3438 4504 είς
3466 4439 3563 4501 τὰς
3584 4438 3694 4491 τῶν
3716 4438 4006 4489 πιστευόν-

744 4537 882 4590 ritus
911 4537 1086 4591 sancti
1119 4538 1544 4602 consolationes.
1574 4541 1721 4593 velut
1764 4540 1956 4604 imher,
1998 4541 2049 4594 in
2088 4541 2316 4597 creden-
2344 4545 2393 4605 D

2345 4545 2393 4605 D
2419 4555 2527 4592 των
2556 4537 2753 4606 ψυχάς.
2802 4537 2871 4588 Ἢ
2910 4534 3005 4589 καὶ
3050 4533 3178 4596 τοὺς
3223 4531 3621 4603 μυσταγωγοὺς
3659 4531 3780 4592 τοὺς
3835 4530 4008 4589 ὄντας

744 4628 879 4681 tium
903 4629 1113 4682 animas
1143 4628 1517 4684 demittantur.
1556 4631 1736 4696 Queas
1757 4639 1810 4686 et
1843 4630 2061 4684 nubium
2082 4633 2319 4702 appella-

746 4722 891 4786 tione
979 4732 1261 4773 sacrorum
1332 4719 1655 4788 interpretes
1703 4722 1757 4774 in
1813 4730 1956 4774 terra
2035 4721 2315 4790 degentes,

747 4810 1041 4879 signilicari
1088 4809 1289 4876 dicere,
1328 4811 1422 4879 qui
1453 4820 1651 4865 terram
1684 4812 1984 4881 pervagati,
2012 4812 2212 4869 diﬂ‘uso
2265 4814 2315 4868 in

746 4909 935 4947 omnes
965 4895 1150 4957 verbo,
1181 4894 1484 4950 sitientium
1516 4896 1726 4951 animas
1787 4898 2104 4966 irrigarunt,
2140 4909 2192 4953 et
2249 4900 2317 4954 ad

747 4984 1085 5052 spiritualem
1121 4983 1395 5039 fructuum
1434 4986 1761 5051 ubertatem,
1788 4988 1984 5042 diaboli
2019 4988 2318 5046 seminibus

750 5074 963 5136 ablatis,
999 5074 1329 5137 excitarunt,
1362 5090 1593 5144 quarum
1631 5086 1793 5131 antea
1828 5076 2040 5132 fructus
2087 5080 2317 5135 exstite-

752 5175 831 5217 aat
860 5164 1058 5225 utilius,
1103 5179 1277 5234 neque
1320 5165 1412 5231 qui
1448 5165 1591 5233 quod
1624 5166 1822 5218 bonum
1878 5178 2041 5230 esset,
2097 5166 2317 5233 faceret,

750 5256 832 5308 vel
859 5270 1001 5308 unus
1034 5254 1273 5323 quidem.
1306 5256 1590 5310 Exsisutnt
1625 5264 1806 5310 autem
1841 5255 2078 5325 Spiritus
2108 5256 2319 5311 fructus

753 5345 1114 5401 misericordia
1155 5347 1295 5418 ipsa,
1328 5347 1379 5401 id
1406 5356 1489 5403 est
1544 5348 1786 5412 dilectio,
1821 5348 1874 5402 in
1929 5363 2033 5416 qua
2072 5357 2323 5403 versatur

755 5438 885 5505 legis
917 5437 1215 5508 plenitudo,
1251 5454 1370 5508 qua:
1398 5439 1763 5509 cvangelicam
1811 5438 2077 5507 justitiam
2141 5454 2321 5493 secum

825 5552 846 5581 ’
877 5550 1105 5605 Zachar.
1136 5567 1174 5611 ι,
1220 5551 1310 5614 ιι,
1335 5551 1418 5605 15.
1498 5554 1540 5583 ¹⁰
1564 5553 1666 5606 lsa.
1695 5568 1855 5613 xuii,
1885 5552 1937 5605 6.
2020 5554 2053 5582 "
2076 5551 2274 5607 .lcrem.
2310 5570 2360 5620 ι,
2390 5555 2479 5611 9-1.

984 5639 1057 5681 tv,
1101 5620 1187 5686 18,
1218 5621 1299 5674 l9.
1379 5622 1421 5653 ¹⁶
1448 5622 1646 5693 Epltcs.
1683 5638 1733 5685 v,
1770 5623 1858 5687 25,
1893 5623 1979 5675 9-7.
2061 5624 2102 5653 ¹⁷
2134 5622 2372 5688 Ιλιιυάιῖ,
2412 5628 2465 5681 7.

758 5622 887 5675 Luc.

2424 4628 2519 4680 ἐπὶ
2565 4625 2675 4694 τῆς
2715 4623 2824 4694 γῆς
2858 4627 2917 4678 αι
2951 4623 3199 4691 νεφέλαι
3247 4620 3623 4691 σημαίνουσιν,
3658 4619 3708 4671 οἳ
3744 4635 4007 4685 περιφοι-

2422 4719 2621 4777 τῶντες
2654 4717 2751 4787 τὴν
2773 4717 2898 4786 γῆν,
2930 4715 3020 4767 τὸν
3044 4714 3186 4783 ἱερὸν
3210 4713 3382 4767 ἅπασι
3413 4710 3819 4765 κατεσκέδασαν
3844 4708 4011 4773 λόγον

2424 4807 2782 4879 κατάρδοντες
2818 4807 2916 4869 τὰς
2958 4805 3069 4860 τῶν
3106 4802 3385 4873 διψώντων
3422 4801 3601 4871 ψυχὰς
3632 4799 3767 4868 πρὸς
3794 4798 4009 4866 εὐκαρ-

2423 4901 2554 4954 πίαν
2593 4896 2970 4968 πνευματικὴν
3013 4894 3439 4964 ἀπηλλαγμένας
3475 4892 3587 4945 τῶν
3618 4890 3713 4944 τοῦ
3752 4889 4014 4943 διαϐόλου

2425 4991 2777 5062 σπερμάτων,
2806 4982 2881 5041 ὧν
2928 4989 2955 5040 ὁ
2991 4986 3203 5056 καρπὸς
3248 4983 3427 5047 οὐδεὶς
3454 4978 3545 5054 ἦν,
3578 4984 3605 5035 ὁ
3652 4979 3821 5032 ποιῶν
3862 4997 4014 5050 χρη-

2427 5082 2661 5150 στότητα
2684 5080 2785 5133 οὐκ
2806 5074 2875 5149 ἦν
2895 5077 2997 5139 ἕως
3037 5075 3175 5138 ἑνός.
3205 5073 3423 5143 Καρποὶ
3452 5071 3511 5125 δὲ
3548 5068 3644 5123 τοῦ
3684 5066 4018 5135 Πνεῦματος

2426 5174 2618 5238 ἔλεος,
2667 5170 2811 5224 τοῦτ’
2853 5168 2999 5222 ἔστιν
3039 5167 3251 5235 ἀγάπη,
3280 5164 3556 5233 πλήρωμα
3584 5162 3749 5229 νόμου
3800 5159 4019 5227 τυγχα-

2429 5280 2612 5328 νουσα,
2644 5260 2740 5331 τὴν
2769 5257 3129 5328 εὐαγγελικὴν
3164 5256 3285 5327 ἔχον
3329 5252 3764 5321 συνεζευγμένην
3795 5249 4010 5302 δικαιοο

2433 5353 2618 5425 σύνην.
2647 5355 2708 5407 Et
2744 5353 2905 5423 μήτις
2934 5350 3081 5418 λέγοι
3107 5348 3500 5413 δικαιοσύνην
3531 5345 3597 5398 ἐκ
3628 5342 3740 5414 γῆς
3773 5341 4021 5395 ἀνατεί-

2430 5449 2635 5500 λασαν·
2662 5446 2824 5499 αὐτὸν
2858 5441 2995 5497 εἶναι
3023 5442 3249 5509 Κύριον,
3285 5441 3352 5495 δι’
3383 5431 3443 5493 οῦ
3474 5435 3783 5509 ἠλεήθημεν
3816 5450 3879 5486 τε
3916 5436 4021 5486 καὶ

2561 5560 2675 5590 is.”
2699 5558 2828 5615 ibid,
2852 5554 3033 5611 2529.
3067 5554 3107 5587 ιδ
3172 5550 3276 5606 .Icr.
3316 5565 3387 5615 LI,
3430 5546 3510 5599 ll.
3590 5549 3768 5607 "18a.
3793 5561 3913 5610 ut,
3948 5545 4017 5613 ις

2036 5717 2265 5771 VARle
2297 5718 2689 5780 LECTIONES.

832 5818 845 5844 ι
887 5821 970 5872 γρ.
1010 5803 1272 5873 μαχαῖρᾳ,
1307 5805 1705 5874 xa'tc'v;:'tv:10v.
1810 5819 1818 5855 1
1864 5809 1944 5863 70'.
1981 5810 2214 5879 τυροῖς-
