4284 6440
312 370 449 437 2121
1434 392 1965 453 COMMENTARII
2004 394 2085 455 IN
2126 397 2413 463 ISAIAM.
3409 418 3554 481 2522

313 481 741 554 δεδικαιιέψεθα.
776 490 909 560 Περὶ
931 486 992 545 οὗ
1025 511 1157 565 φησι
1181 496 1272 548 καὶ
1299 496 1463 549 Δαϐίδ
1488 515 1501 528 ·
1541 517 1559 547 ι
1594 500 1900 566 Εἰργάσατο
1927 507 1972 562 Α

1891 518 1900 551 ›
1927 507 1972 562 Α
2004 499 2167 555 habet
2192 506 2523 574 c0pulatam.
2556 508 2672 566 Nisi
2703 513 2749 569 si
2782 515 3154 587 quisjustitia:
3176 520 3241 576 de
3261 531 3406 579 terra
3463 544 3583 583 cxc-

311 568 662 643 δικαιοσύνην
690 578 747 628 ἐν
784 579 937 649 μέσῳ
965 584 1064 651 τῆς
1088 582 1211 653 γῆς.
1239 603 1256 636 ι
1289 584 1384 638 Ἐκ
1409 585 1521 655 τῆς
1541 586 1650 657 γὰρ
1669 582 1890 657 εἶχετὴν
2000 611 2003 642 1

2262 568 2276 574 _
2716 568 2719 569 ,
2798 568 3406 587 ,,--,--_--.-.._---....
3463 568 3582 583 ...ν-

2000 592 2185 647 rieutis
2252 600 2493 666 nomine,
2537 601 2828 661 Dominum
2885 604 3190 680 signiﬁcari
3250 618 3582 687 malit,.per

314 661 497 733 σάρκα
534 667 609 737 μὴ
644 670 1013 727 κατελθοῦσαν
1044 674 1113 740 ἐξ
1162 679 1451 747 οὐρανοῦ.
1997 701 2006 733 4

2479 661 2488 666 ,
3250 661 3573 687 ...-...,.,.ν.

1997 695 2158 749 quem
2240 688 2673 747 misericordiam
2746 701 3049 767 consecuti,
3107 704 3354 777 justique
3404 708 3583 764 εσσειί

312 771 509 813 sumus
544 776 558 812 :
590 760 659 814 de
686 777 796 833 quo
817 773 870 818 et
891 763 1112 823 Davidis
1132 767 1222 822 illa
1248 778 1375 825 sunt
1409 786 1422 823 :
1462 788 1481 823 ι
1510 770 1781 843 Operatus
1810 778 1895 827 est
1933 770 2168 828 salutem
2201 775 2256 830 in
2297 779 2479 835 medio
2508 785 2697 841 mundi
2727 785 2793 842 "9
2828 806 2847 839 ι
2880 791 3008 860 quia
3035 760 3280 852 carnem.
3320 801 3387 855 de
3444 809 3587 858 terra

314 852 583 921 nouqcaelo
607 854 903 913 demissam
945 861 1155 917 habuit.

382 943 428 993 θ’
447 943 555 1007 .ις’.
584 946 849 1018 Ἐγώειμι
863 953 1076 1020 Κύριος
1089 957 1121 1008 ό
1134 956 1347 1023 κτίσας
1359 972 1453 1021 σε,
1466 957 1902 1024 ποιῶν-βελτίω,

313 1039 740 1093 κατεσκεύασα
767 1042 848 1107 ὠς
870 1046 1070 1112 πηλόν
1097 1049 1413 1117 κεραμέως.
1441 1050 1536 1118 Μὴ
1562 1054 1593 1105 o'
1621 1050 1910 1120 ἀροτριῶν

313 1125 653 1197 ἀροτριάσει
679 1134 797 1203 τὴν
826 1136 943 1205 γῆν
970 1139 1125 1208 ὅλην
1152 1142 1267 1210 τὴν
1285 1144 1513 1213 ἡμέραν
1529 1159 1549 1207 ;
1584 1143 1679 1211 Μὴ
1727 1143 1854 1212 ἐρεῖ
1875 1146 1909 1198 ό

315 1221 515 1286 πηλὸς
562 1222 643 1287 τῷ
691 1228 954 1297 κεραμεῖ,
1003 1234 1064 1286 Τί
1112 1234 1326 1300 ποιεῖς,
1376 1235 1464 1289 ὅτι
1508 1239 1620 1290 οὐκ
1667 1234 1902 1305 ἐργάζῃ,

315 1311 462 1363 οὐδὲ
503 1314 661 1383 ἔχεις
694 1320 936 1388 χεῖρας;
974 1325 1118 1380 Οὐαὶ
1171 1330 1204 1381 ὁ
1244 1329 1438 1400 λέγων
1458 1331 1539 1397 τῷ
1586 1331 1785 1400 πατρὶ,
1841 1332 1905 1385 Τί

315 1404 673 1473 γεννήσεις;
706 1428 759 1465 κ.
791 1430 841 1469 τ.
878 1414 929 1469 λ.

401 1499 694 1592 ’βπιτιμᾷν
716 1508 745 1560 ὁ
773 1508 930 1576 λόγος
950 1511 1099 1568 δοκεῖ
1124 1518 1236 1581 τοῖς
1264 1518 1403 1588 μετὰ
1436 1519 1703 1592 τοσαύτην
1726 1522 1899 1591 ἐπαγ-

314 1589 504 1654 γελίαν
538 1594 639 1664 τὴν
683 1600 941 1672 περὶτῆς
983 1606 1338 1679 ἀνακλήσεως
1377 1611 1451 1682 μὴ
1503 1589 1900 1685 προστρέχουσι

313 1680 394 1749 τῷ
426 1682 567 1754 Θεῷ,
600 1689 697 1741 καὶ
723 1690 799 1755 ὼς
825 1693 1047 1749 πάντων
1071 1698 1186 1752 ὄντι
1223 1700 1341 1770 Θεῷ
1372 1702 1513 1755 κατά
1553 1705 1745 1775 καιρὸν
1770 1722 1898 1759 παι-

314 1769 524 1825 δεύοντι
543 1773 637 1828 τὸν
656 1776 808 1844 λαὸν,
830 1783 925 1835 καὶ
942 1784 1104 1839 πάλιν
1128 1769 1818 1858 ἀναλαμϐάνοντι,βελτίω
1832 1810 1898 1847 τε

2084 955 2248 1031 514
2288 959 2450 1017 Vens.
2481 963 2634 1019 9-l7.
2678 965 2789 1037 Ego
2820 986 2937 1024 sum
2969 970 3131 1038 Deus,
3171 976 3262 1043 qui
3304 978 3476 1032 creari
3515 988 3584 1042 te,

2010 1048 2214 1115 faciens
2245 1054 2537 1120 meliorem,
2576 1063 2872 1127 prceparavi
2910 1072 2967 1116 ut
3010 1066 3179 1117 lutum
3225 1067 3400 1136 ﬁguli.
3438 1067 3588 1123 Num

2006 1140 2098 1207 qui
2133 1150 2255 1194 arat
2293 1151 2512 1209 terram,
2546 1148 2727 1201 arabit
2763 1160 2872 1204 tota
2898 1152 3034 1206 die?
3067 1171 3190 1207 num
3229 1156 3366 1212 dicet
3416 1158 3586 1213 lutum

2006 1230 2174 1299 ﬁgulo
2196 1248 2215 1287 :
2233 1233 2377 1299 Quid
2393 1236 2551 1304 facis,
2579 1242 2831 1309 quoniam
2849 1260 2949 1297 non
2975 1250 3231 1315 operaris,
3248 1266 3410 1319 neque
3429 1250 3585 1306 habes

2006 1338 2197 1379 manus
2222 1326 2249 1381 ll
2290 1324 2379 1382 Vw
2406 1331 2496 1400 qui
2524 1330 2655 1386 dicit
2687 1336 2854 1404 patri,
2889 1335 3032 1401 Quid
3054 1341 3326 1408 generabis
3353 1344 3377 1398 7
3406 1355 3511 1399 cIc.

2078 1499 2193 1559 Illis
2222 1504 2402 1561 oratio
2449 1520 2784 1567 succensere
2819 1512 3058 1581 videtur,
3105 1514 3198 1586 qui
3250 1526 3373 1587 post
3404 1526 3585 1575 tantas

2007 1594 2405 1660 promissiones
2446 1598 2513 1653 ad
2550 1615 2675 1655 eum
2720 1618 2830 1657 non
2869 1603 3155 1671 festinant,
3187 1610 3280 1677 qui
3324 1616 3585 1680 tanquam

2006 1686 2252 1740 omnium
2305 1689 2471 1757 Deus,
2515 1706 2639 1747 cum
2695 1696 2957 1764 populum
3006 1699 3324 1768 aliquandiu
3373 1702 3583 1766 amixit,

2005 1775 2244 1832 admittit
2268 1795 2506 1849 rursum,
2539 1788 2852 1859 temploque
2879 1798 2933 1845 et
2966 1791 3100 1846 urbe
3129 1794 3182 1846 in
3228 1794 3417 1848 melius
3450 1810 3587 1863 pra:-

313 1861 406 1913 τὸν
442 1864 571 1917 ναὸν
598 1867 693 1920 καὶ
738 1869 837 1941 τὴν
872 1872 1031 1927 πόλιν
1070 1878 1576 1940 κατασκευάζοντι
1621 1882 1778 1951 δίκην
1808 1901 1899 1937 κε-
1928 1850 1972 1909 B
2000 1882 2005 1934 l

1889 1850 1972 1924 ,Β
2000 1869 2227 1935 paratis,
2285 1886 2407 1939 quae
2456 1876 2693 1932 contrita
2740 1850 2999 1946 fuerant,
3054 1897 3160 1935 non
3214 1885 3374 1938 aliter
3418 1901 3581 1954 quam

306 1954 547 2021 ραμέως
575 1958 645 2011 τὰ
669 1964 1027 2033 συντριϐέντα
1050 1968 1212 2022 πάλιν
1237 1972 1635 2043 ἀνανεουμένῳ,
1666 1976 1761 2028 καὶ
1790 1976 1898 2029 τῶν

314 2045 555 2115 πρώτων
596 2052 835 2120 κρείττω
880 2056 1150 2113 δεικνύντι
1184 2060 1253 2114 τὰ
1291 2061 1542 2133 δεύτερα.
1581 2065 1693 2135 Τὴν
1726 2066 1897 2137 αὐτὴν

312 2134 498 2191 λαϐὼν
528 2139 666 2205 Θεὸς
704 2144 801 2198 καὶ
831 2147 968 2216 πρὸς
1009 2149 1280 2220 Ἰερεμίαν
1318 2154 1501 2207 εἰκόνα
1528 2134 1894 2228 προσέθηκεν*

319 2246 338 2279 ι
364 2230 427 2281 Et
449 2231 677 2298 καθὼςὸ
707 2241 987 2308 κεραμεὺς
1019 2234 1173 2305 οὗτος
1201 2244 1262 2296 οὐ
1282 2246 1584 2317 δυνήσομαι
1607 2248 1703 2302 τοῦ
1730 2250 1897 2321 ποιῆο

314 2336 408 2373 σαι
442 2322 590 2392 ὑμᾶς
644 2324 795 2392 οἵκος
841 2331 1090 2403 Ἰσραήλ;
1134 2353 1151 2387 ι
1186 2337 1281 2389 καὶ
1320 2336 1416 2391 νῦν
1443 2338 1499 2391 δέ
1533 2357 1667 2409 φησι
1692 2341 1780 2395 διὰ
1802 2342 1897 2395 τοῦ

313 2412 588 2482 παρόντος
628 2422 934 2491 προφήτου,
979 2424 1061 2477 ὅτι
1103 2428 1355 2491 ,ϐέλτιον
1384 2432 1410 2471 ll
1444 2434 1895 2503 κατεσκεύασα,

312 2503 410 2556 νῦν
456 2506 533 2570 ὡς
582 2512 786 2577 πηλὸν
835 2517 1136 2586 κεραμέως
1182 2521 1274 2575 τὸν
1328 2523 1497 2577 πάλαι
1545 2528 1899 2595 συντριϐέντα

310 2594 465 2651 λαόν.
514 2600 662 2655 Ἀντὶ
704 2605 761 2658 δέ
802 2607 897 2660 τοῦ
949 2611 1138 2664 ποιῶν
1168 2613 1424 2676 ,βέλτιον
1455 2620 1897 2686 κατεσκεύασα,

315 2686 619 2760 Σύμμαχος
646 2692 849 2764 ἔφησεν
867 2709 879 2724 ·
913 2699 1056 2753 Οὐαὶ
1078 2702 1111 2753 ό
1133 2701 1464 2772 ἀντιλέγων
1488 2706 1568 2772 τῷ
1594 2709 1900 2764 πλάσαντι

312 2780 524 2834 αὐτόν.
572 2784 720 2836 Ἀντὶ
766 2786 823 2839 δὲ
862 2788 955 2840 τοῦ
978 2807 991 2820 ·
1037 2793 1134 2860 Μὴ
1166 2796 1197 2846 ό
1232 2795 1518 2864 ἀροτριῶν
1558 2799 1899 2869 ἀροτριάσει

310 2868 428 2937 τὴν
462 2873 578 2940 γῆν
600 2890 620 2937 ;
646 2877 674 2928 ὁ
726 2876 1045 2947 Θεοδοτίων,
1079 2884 1366 2954 ἀροτριῶν
1394 2889 1537 2956 τοὺς
1580 2868 1900 2961 ἀροτριῶν-

306 2976 418 3026 τας
442 2962 560 3031 τὴν
580 2964 718 3033 γῆν.
751 2968 892 3036 Ἐγὼ
914 2971 1044 3041 γὰρ,
1071 2977 1261 3043 φησὶν,
1292 2977 1320 3028 ὁ
1343 2979 1471 3041 τοὺς
1494 2981 1776 3048 οἰκοῦντας
1803 2985 1902 3053 τὴν

308 3052 416 3119 γῆν
444 3057 711 3123 γεωργῶν
737 3061 1053 3128 μετέπλασα
1080 3064 1172 3116 τὸν
1201 3064 1351 3120 λαόν.
1384 3070 1474 3139 Μὴ
1500 3070 1594 3124 οὖν
1624 3052 1904 3126 ἐναντιοῧ-

1999 1956 2219 2025 ﬁgulus,
2245 1960 2541 2027 instaurat,
2575 1973 2628 2020 et
2660 1970 2899 2022 secunda
2936 1971 3212 2039 prioribus
3247 1972 3473 2028 meliora
3502 1977 3584 2029 ef-

1998 2045 2133 2101 ﬁcit.
2160 2046 2259 2103 Est
2286 2066 2417 2106 vero
2454 2060 2511 2107 et
2549 2056 2694 2125 apud
2723 2056 3017 2112 Jeremiam
3049 2061 3238 2115 eadem
3284 2078 3419 2118 usus
3448 2063 3586 2117 ima-

1996 2139 2123 2208 gine
2152 2139 2317 2209 Deus,
2358 2160 2482 2199 cum
2505 2146 2581 2201 ait
2611 2164 2625 2200 :
2654 2166 2673 2199 ι
2705 2147 2990 2223 Nunquid,
3028 2154 3175 2209 sicut
3221 2155 3421 2225 ﬁgulus
3456 2157 3585 2221 iste,

1998 2248 2108 2287 non
2147 2242 2340 2304 potero
2381 2239 2538 2295 vobis
2574 2240 2776 2308 facere,
2804 2244 3002 2300 domus
3025 2245 3194 2302 Israel
3228 2248 3315 2302 "-‘3
3345 2267 3363 2300 ι
3399 2248 3492 2304 Sic
3529 2259 3585 2305 et

1999 2323 2165 2396 hujus
2196 2344 2257 2384 se
2281 2329 2396 2398 jam
2432 2334 2710 2402 pr0pheta2
2730 2349 2861 2391 voce
2889 2339 3190 2393 contritum
3211 2347 3451 2397 veterem
3488 2357 3585 2411 po-

1997 2417 2212 2485 pulum,
2256 2427 2508 2489 tanquam
2545 2424 2699 2493 figuli
2733 2425 2904 2479 lutum
2951 2426 3114 2500 515
3148 2447 3446 2497 reparasse,
3476 2450 3584 2488 me-

1999 2507 2289 2576 lioremque
2324 2510 2571 2568 eﬁ'ecisse
2617 2516 2913 2585 signiﬁcat.
2966 2518 3073 2574 Sed
3116 2523 3421 2577 notandum
3475 2533 3581 2589 est,

1999 2612 2112 2667 quo
2142 2600 2284 2666 loco,
2319 2603 2519 2672 faciens
2550 2608 2824 2663 meliorem
2856 2616 3157 2680 prmparavi
3184 2616 3475 2684 habemus,
3506 2638 3586 2693 me

2008 2690 2100 2758 qui
2156 2693 2480 2746 contradicit
2537 2697 2718 2765 ﬁctori
2767 2716 2863 2753 suo
2912 2699 3304 2773 Symmachum
3369 2690 3580 2780 legere,

1998 2780 2220 2850 deinde,
2248 2798 2349 2853 pro
2378 2788 2617 2856 nunquid
2655 2806 2817 2844 amns
2856 2793 3034 2845 arabit
3068 2804 3289 2862 terram,
3329 2796 3582 2855 Theodo-

2001 2870 2227 2937 tionem,
2264 2874 2355 2941 qui
2393 2884 2515 2927 arat
2546 2887 2764 2932 arantes
2798 2888 3020 2946 terram,
3058 2884 3436 2955 interpretari.
3460 2889 3597 2959 Ipse

2000 2960 2171 3025 enim,
2198 2961 2294 3025 ait,
2338 2965 2600 3033 po‘pulum
2642 2972 2696 3020 in
2753 2970 2983 3024 lormam
3018 2973 3183 3026 aliam
3219 2978 3450 3042 mutavi,
3488 2982 3581 3048 qui

2006 3061 2164 3108 terra:
2190 3054 2424 3120 incolas,
2457 3071 2714 3125 agrorum
2755 3059 2951 3125 instar,
2974 3078 3225 3132 exerceo,
3275 3075 3327 3121 ct
3360 3071 3580 3140 suhigo.

313 3142 413 3195 σθε
451 3147 572 3210 ταῖς
606 3149 770 3217 ἐμαῖς
821 3153 1179 3225 οἰκονομίαις,
1214 3159 1293 3223 ὡς
1325 3138 1469 3211 οὺδέ
1507 3165 1702 3228 πηλὸς
1734 3181 1907 3232 κερα-
1930 3182 1976 3241 C

1890 3195 1907 3206 _
1930 3182 1976 3241 Β
2007 3138 2199 3198 Videte
2221 3143 2389 3211 igitur
2418 3160 2486 3200 ne
2513 3147 2766 3204 instituto
2807 3166 2930 3206 meo
2956 3169 3199 3224 meaeque
3224 3138 3582 3227 providentize

305 3234 425 3303 μεῖ.
468 3238 678 3305 Πηλοῦ
712 3242 823 3313 γὰρ
849 3244 1005 3311 λόγον
1039 3247 1107 3300 ἐκ
1139 3247 1251 3317 γῆς
1278 3251 1653 3319 πλησθέντες
1700 3254 1896 3326 ἔχομεν

305 3325 384 3387 ὡς
413 3329 553 3397 πρὸς
586 3333 845 3401 κεραμέα
874 3337 965 3389 τὸν
1002 3338 1224 3392 πάντων
1250 3344 1609 3412 Δημιουργόν.
1654 3346 1767 3409 Πᾶς
1796 3325 1896 3416 μὲν

305 3416 402 3471 οὖν
430 3420 851 3493 ἐναντιούμενος
886 3427 1261 3493 ταλανίζεται,
1292 3432 1586 3502 ἐξαιρέτως
1631 3437 1687 3489 δέ
1722 3439 1750 3489 ὁ
1782 3440 1894 3493 Πα-

304 3508 445 3578 τέρα
495 3509 681 3579 λαχὼν
731 3513 826 3568 τὸν
867 3515 1001 3569 Θεὸν
1041 3518 1193 3588 αὐτῷ
1235 3537 1295 3572 τε
1341 3520 1469 3585 λαὸς
1513 3524 1890 3596 ἀνακείμενος.

308 3602 459 3656 Οὐαὶ
494 3603 605 3673 γὰρ
635 3606 668 3657 ὀ
714 3608 911 3676 λέγων
955 3609 1036 3674 τῷ
1063 3613 1267 3680 πατέρι
1317 3616 1530 3683 αὑτοῦ,
1570 3620 1631 3671 Τί
1674 3621 1890 3688 γεννή-

304 3706 482 3758 σεις;
510 3695 543 3765 ἦ
584 3697 728 3750 κατὰ
760 3699 1080 3771 Σύμμαχον,
1114 3705 1176 3757 Τί
1204 3705 1569 3775 ἐγέννησας
1594 3712 1666 3763 Οὐ
1695 3712 1895 3765 παύον-

303 3798 397 3835 ται
425 3784 535 3854 γάρ
568 3802 716 3851 τινες
753 3788 1116 3857 ἐγκαλοῦντες
1145 3792 1267 3863 Θεῷ
1290 3807 1306 3823 ·
1345 3794 1410 3846 Τί
1439 3796 1548 3864 γὰρ
1573 3796 1681 3849 ἔδει
1702 3798 1893 3853 τούτου

300 3873 399 3927 τοῦ
432 3874 582 3944 βίου;
612 3878 708 3943 Τίς
738 3881 770 3950 ή
806 3882 998 3934 τούτου
1030 3883 1334 3953 διοίκησιςς
1370 3887 1465 3942 καὶ
1491 3887 1573 3953 τίς
1605 3890 1829 3945 ἐκείνων
1859 3893 1892 3963 ἡ

303 3969 505 4039 χρεία;
542 3972 715 4043 ἐχρῆν
738 3972 795 4026 δέ
828 3973 973 4028 οὔτω
1002 3976 1355 4048 γεγενῆσθαι.

284 4260 287 4263 η
374 4226 513 4285 Εἴτὰ
544 4248 733 4302 φησιν·
767 4233 1140 4302 Ἐρωτήσατέ
1157 4253 1235 4306 με
1273 4238 1409 4305 περὶ
1441 4237 1559 4292 τῶν
1581 4240 1728 4294 υἱῶν
1746 4260 1890 4311 μου,

301 4322 405 4376 καὶ
437 4324 572 4390 περὶ
600 4323 722 4378 τῶν
751 4324 943 4394 ἔργων
972 4326 1093 4381 τῶν
1118 4329 1481 4400 χειρῶνμου.
1518 4332 1617 4385 Διὰ
1643 4335 1741 4402 μὲν
1771 4334 1892 4388 τῶν

299 4411 451 4467 υἱῶν
481 4413 768 4483 σημαίνων
798 4417 897 4485 τὴν
929 4419 1127 4489 ωερᾶν
1158 4420 1347 4472 οὐσίαν
1378 4422 1477 4474 καὶ
1506 4422 1757 4496 λογικήν.
1790 4428 1889 4481 Δια

2006 3233 2394 3303 adversemini,
2420 3253 2523 3291 non
2548 3240 2716 3309 magis
2740 3258 2898 3310 quam
2933 3244 3104 3300 lutum
3143 3249 3330 3317 ﬁgulo.
3373 3250 3581 3309 Sumus

1995 3325 2144 3378 enim
2186 3326 2298 3379 tuti;
2324 3327 2522 3393 instar,
2559 3330 2654 3399 qui
2703 3332 2768 3384 de
2799 3341 2943 3387 terra
2979 3337 3254 3406 ﬁngimur,
3284 3340 3327 3393 si
3357 3341 3424 3395 ad
3457 3357 3581 3395 om-

1996 3416 2148 3469 nium
2193 3419 2447 3487 opiﬁcem
2498 3421 2721 3490 ﬁgulum
2770 3425 3120 3494 respicimus.
3166 3427 3263 3484 Est
3309 3431 3581 3501 igiturin-

1996 3507 2124 3562 felix
2144 3509 2466 3579 quicunque
2491 3513 2670 3569 eidem
2702 3515 3048 3584 adversatur,
3076 3519 3172 3575 sed
3192 3522 3280 3575 ille
3306 3526 3582 3595 praecipue

1994 3599 2089 3668 qui
2129 3598 2299 3656 Deum
2342 3602 2397 3655 in
2453 3603 2670 3659 Patrem
2720 3606 2971 3674 sortitus,
3020 3610 3306 3681 eidemque
3346 3615 3581 3685 populus

1994 3690 2224 3748 eﬁ‘ectus
2287 3693 2393 3764 ipsi
2437 3710 2559 3750 sese
2603 3697 2768 3752 audet
2812 3715 3112 3769 opponere.
3156 3702 3248 3759 Va:
3289 3706 3433 3760 enim
3487 3708 3580 3777 qui

1993 3781 2123 3835 dicit
2148 3783 2291 3850 patri
2315 3800 2433 3847 suo,
2448 3783 2602 3851 'Quid
2618 3789 2897 3857 generabis
2920 3793 2946 3846 ?
2964 3799 3078 3857 aut,
3101 3794 3404 3849 secundum
3428 3796 3583 3869 Sym-

1993 3874 2271 3940 machum,
2292 3875 2433 3941 Quid
2456 3879 2685 3947 genuisti
2708 3880 2735 3933 ?
2765 3894 2873 3935 non
2899 3881 3160 3939 desinunt
3182 3885 3331 3941 enim
3360 3885 3473 3942 Deo
3498 3888 3581 3944 sic

2002 3967 2302 4021 conviciari
2349 3970 2628 4025 nonnulli:
2651 3970 2991 4042 Ecquidnam
3014 3976 3127 4031 vita
3160 3977 3262 4034 ista
3291 3994 3431 4049 Opus
3446 3980 3582 4035 fuit»?

1997 4057 2197 4127 ecquid
2234 4059 2429 4116 isthmc
2459 4061 2870 4121 administratio
2895 4066 3131 4138 ?Ecqua
3163 4070 3388 4127 illorum
3421 4074 3578 4128 utili-

1997 4149 2119 4205 tas?
2150 4152 2219 4206 At
2241 4152 2316 4207 ita
2350 4151 2465 4207 ﬁeri
2490 4158 2762 4224 oportuit.

2066 4241 2271 4296 Deinde
2312 4242 2538 4311 subiicit
2564 4262 2578 4298 ε
2603 4242 2937 4316 Interrogate
2971 4265 3052 4303 me
3079 4248 3144 4304 de
3180 4250 3310 4319 ﬁliis
3336 4253 3487 4318 meis,
3528 4266 3578 4309 et

1995 4334 2059 4388 de
2082 4332 2324 4401 operibus
2355 4349 2609 4386 manuum
2640 4351 2902 4392 mearum.
2934 4338 3036 4394 Ubi
3061 4340 3300 4407 ﬁliorum
3331 4344 3579 4412 nomine,

1995 4423 2361 4495 intelligendi,
2390 4424 2867 4497 ratiocinandique
2900 4444 3135 4497 capaces
3165 4440 3393 4488 naturas
3427 4450 3441 4498 ;
3483 4452 3579 4504 per

300 4502 359 4555 δέ
391 4501 509 4555 τῶν
570 4504 782 4571 ἔργων,
815 4505 882 4558 τὰ
922 4507 1063 4578 μέρη
1110 4508 1206 4561 τοῦ
1253 4510 1486 4581 κόσμου.
1512 4513 1575 4565 Et
1628 4514 1731 4584 μὲν
1777 4518 1884 4589 γὰρ
1917 4521 1962 4578 ι)

1881 4521 1962 4578 ιι)
1992 4530 2150 4584 opera
2209 4524 2426 4580 autem,
2472 4518 2663 4571 mundi
2734 4528 2921 4587 partes
2991 4521 3281 4581 intellexit.
3333 4525 3391 4579 Si
3441 4501 3573 4597 quid

300 4592 449 4663 ἔχεις
478 4610 554 4658 τι,
580 4594 774 4665 φησὶν,
827 4597 1023 4663 είπεῖν,
1056 4599 1135 4660 είς
1168 4601 1375 4655 τούτων
1408 4602 1715 4675 διόρθωσιν,
1742 4606 1888 4676 λέγε.

298 4685 365 4737 El
394 4683 453 4738 δὲ
489 4686 686 4755 μαθεῖν
715 4703 801 4750 τις
832 4687 1007 4741 ἐθέλει
1036 4690 1165 4758 περὶ
1198 4693 1397 4758 αὐτῶν,
1448 4694 1536 4749 διὰ
1582 4696 1692 4749 τῶν
1738 4699 1889 4767 ἐμῶν

294 4776 574 4845 ἐρωτάτω
598 4794 668 4848 με
718 4782 1039 4850 προφητῶν,
1073 4782 1169 4835 καὶ
1200 4784 1472 4851 γνώσεται
1518 4787 1641 4841 τίνα
1686 4789 1888 4858 τρόπον

290 4870 483 4924 ’πάντα
500 4870 676 4923 διέπω
699 4871 1021 4942 κηδόμενος.
1059 4874 1195 4929 Τίνα
1222 4876 1332 4945 γὰρ
1368 4877 1482 4948 ἔχει
1536 4879 1746 4950 μέμψιν
1777 4883 1888 4937 ἀν-

290 4962 541 5035 θρώπου
568 4961 938 5034 δημιουργία;
971 4966 1126 5017 ποῖον
1171 4966 1227 5019 δὲ
1252 4968 1497 5039 κάλλοςῆ
1527 4970 1757 5040 μέγεθος
1785 4976 1886 5027 οὺ-

284 5038 486 5125 ρανὸς
508 5055 573 5107 οὐ
599 5055 943 5129 παρέρχεται
965 5073 981 5122 ;
1011 5058 1065 5111 τί
1087 5058 1143 5111 δὲ
1164 5060 1239 5130 μὴ
1261 5061 1396 5131 πρὸς
1424 5038 1615 5132 χρείαν
1637 5065 1883 5134 ἐγένετο;

290 5142 390 5212 Γῆ
426 5144 527 5215 μὲν
552 5144 768 5216 οἴκησιν
816 5147 1126 5216 ἀνθρώπῳ,
1150 5152 1245 5204 καὶ
1272 5152 1438 5219 φυτὰ,
1483 5154 1575 5208 καὶ
1603 5155 1719 5219 ςῶα
1748 5157 1887 5226 πρὸς

288 5238 398 5307 τὴν
418 5237 589 5290 αὑτοῦ
621 5241 843 5309 χρῆσιν,
897 5242 1239 5313 παρέχουσα.
1296 5246 1566 5313 Οὐρανοῦ
1592 5247 1648 5301 δὲ
1692 5249 1885 5320 ἄστρα

289 5326 395 5382 νῦν
428 5327 531 5396 μὲν
559 5329 711 5398 αὐτῷ
731 5330 1112 5401 δᾳδουχοῦντα·
1150 5334 1245 5387 νῦν
1272 5334 1330 5388 δὲ
1358 5336 1519 5390 πάλιν
1546 5340 1605 5391 ἐν
1634 5341 1880 5412 ἁρμονίῳ

288 5422 513 5489 κινήσει
567 5426 774 5492 σημεῖα
815 5427 908 5477 καὶ
940 5426 1171 5495 χρόνους
1215 5429 1547 5484 ἀποτελέσαι
1583 5433 1877 5503 δυνάμενα.

288 5514 442 5584 Πρὸς
467 5514 525 5566 δὲ
554 5518 666 5578 τοῖς
693 5516 874 5582 ἄλλοις
908 5518 1116 5583 καλοῖς,
1154 5522 1391 5590 Ἤγειρα
1413 5525 1507 5576 καὶ
1524 5524 1611 5577 διὰ
1638 5525 1729 5579 τὸν
1749 5527 1882 5597 ἐμὸν

368 5630 415 5663 ⁸⁸
438 5630 586 5687 Psal.
624 5649 828 5705 Lxxm,
860 5638 946 5696 1‘2.
1028 5640 1069 5670 "
1105 5637 1303 5696 Jcrem.
1349 5658 1503 5705 xvtn,
1540 5644 1573 5697 6

1990 4610 2136 4664 enim
2162 4609 2310 4664 vales
2336 4608 2545 4675 dicere,
2572 4609 2769 4678 inquit,
2793 4620 2849 4665 tu
2876 4613 3013 4667 illud
3046 4616 3100 4669 in
3134 4617 3367 4671 istorum
3391 4633 3576 4674 emen-

1989 4700 2265 4757 dationem
2316 4701 2788 4773 directionemque
2840 4708 3152 4773 producito.
3225 4710 3321 4763 Sin
3382 4720 3567 4765 autem

1988 4794 2203 4849 discere
2250 4801 2305 4848 et
2356 4794 2549 4850 audire
2589 4795 2657 4850 de
2696 4796 2808 4851 illis
2854 4799 3151 4869 quisquam
3193 4802 3416 4871 cupiat,
3475 4820 3571 4872 per

1989 4902 2143 4943 meos
2190 4902 2277 4943 me
2311 4887 2608 4957 pr0phetas
2662 4890 2972 4960 interroget,
3008 4901 3067 4945 ut
3092 4894 3186 4962 qui
3228 4895 3411 4949 omnia
3453 4896 3573 4963 ipse

1994 4992 2191 5046 magna
2225 4994 2357 5032 cura
2402 4978 2620 5043 obeam,
2668 4979 2959 5050 intelligat.
2994 4980 3137 5047 Quid
3186 4984 3331 5036 enim
3380 4991 3462 5037 est
3512 4984 3570 5037 in

1994 5067 2221 5121 hominis
2249 5067 2479 5133 fabrica,
2510 5069 2656 5138 quod
2689 5070 2979 5138 quisquam
3005 5072 3568 5140 reprehendat?Quid

1992 5156 2280 5226 pulchrum
2326 5155 2483 5220 adeo,
2532 5156 2618 5210 vel
2651 5172 2933 5227 magnum,
2976 5159 3124 5228 quod
3179 5162 3471 5229 splendore
3514 5171 3571 5215 et

1990 5246 2350 5316 atuplitudine
2377 5247 2565 5300 ctutum
2608 5262 2716 5301 non
2751 5248 3012 5317 superet?
3041 5248 3184 5314 Quid
3232 5266 3341 5305 non
3382 5253 3436 5304 in
3476 5265 3570 5306 eo-

1990 5343 2112 5397 dem
2140 5342 2206 5395 ad
2234 5342 2526 5395 utilitatem
2565 5342 2982 5411 comparatum?
3015 5341 3181 5395 Terra
3204 5343 3564 5412 quidemipsa

1993 5433 2047 5487 in
2079 5432 2495 5496 habitationem,
2537 5440 2594 5485 ut
2628 5432 2849 5497 plantae,
2894 5442 2949 5486 ct
2984 5433 3243 5487 animalia
3280 5434 3333 5487 in
3378 5450 3565 5495 usmu,

1990 5525 2291 5580 hominibus
2312 5533 2602 5580 cesserunt
2630 5540 2644 5580 :
2669 5525 2983 5582 cwliautem
3021 5535 3195 5593 astra,
3225 5527 3422 5598 partim
3445 5529 3565 5599 qui-

1622 5765 1853 5822 VAllleE
1890 5765 2303 5822 LECTIONES.

382 5844 405 5882 ι
429 5860 518 5914 γρ.
541 5840 756 5912 βελτίω.
