4284 6440
719 336 864 405 ἳ423
2022 346 2377 407 PBOCOPII

2297 348 2377 407 ἸΙ
2416 350 2655 409 ΕΑΖᾹΞΙ
3842 355 3989 421 2424

719 455 843 509 dem
888 461 947 509 ut
987 452 1092 524 ipsi
1142 455 1535 526 praelucerent;
1586 458 1784 526 partim
1839 471 1993 523 vero,
2036 465 2097 512 ut
2147 470 2293 512 motu
2329 459 2411 523 Α]

2329 467 2370 523 Α
2401 459 2529 514 λαον
2556 463 2824 525 βασιλέα
2846 505 2859 529 ,
2892 466 2923 536 ἥ
2960 467 3178 535 Κῦρον,
3212 468 3406 537 λέγων,
3441 464 3535 536 οὗ,
3570 470 3758 541 φησὶν,
3778 473 3837 524 αι
3860 470 3986 524 ὁδοί

722 544 989 601 continuo
1032 545 1188 616 signa
1230 556 1283 601 et
1318 556 1565 617 tempora
1605 550 1877 605 conficere
1914 549 2184 606 valerent.
2215 551 2291 603 Ad
2401 570 2414 605 ι

2401 556 2643 613 εὐθεῖαι.
2691 560 2761 610 ’Ἡ
2790 560 2934 613 κατὰ
2965 561 3283 633 Σύμμαχον,
3321 565 3419 617 καὶ
3445 563 3651 630 πάσας
3674 565 3782 630 τὰς
3805 563 3987 627 ὀδοὺς

720 637 860 703 haec,
902 648 961 692 ut
1004 639 1262 705 praeclara
1316 639 1422 693 alia
1460 649 1689 705 taceam,
1735 644 1967 698 excitavi
1986 648 2045 698 et
2085 642 2205 712 ipse
2246 643 2299 695 in
2408 675 2412 695 ι

2298 666 2299 693 t
2408 648 2596 703 αὑτοῦ
2623 651 2874 707 εὐθυνῶ.
2911 654 3022 707 Καὶ
3048 651 3228 721 οὗτος
3255 656 3637 724 οἰκοδομήσει
3671 655 3785 722 τὴν
3807 657 3990 708 πόλιν

724 731 912 798 populi
966 732 1067 784 mei
1120 732 1474 787 commodum
1522 732 1685 804 516
1722 752 1914 805 regem,
1969 735 2056 789 vel
2103 733 2301 804 Cyrum
2403 763 2416 806 Α

2299 773 2301 780 ·
2403 754 2542 806 μου·
2575 742 2813 813 Δυνάμει
2848 746 2975 815 ’γὰρ
3010 747 3173 810 αὐτὸς
3232 748 3394 800 αὑτὸν
3433 746 3824 817 ᾠκοδόμησεν
3869 749 3991 799 ἑπι-

723 820 996 886 iunuens;
1030 838 1203 889 Cttﬂls,
1240 823 1439 893 inquit,
1474 826 1571 877 via:
1598 834 1754 878 rectm
1782 836 1926 889 sunt,
1968 836 2061 880 aut
2092 840 2290 881 secun-
2406 844 2415 860 ι

2406 829 2612 898 τρέψας
2636 835 2751 895 τοῖς
2785 833 3065 890 ἐθέλουσιν
3089 838 3319 903 ἀνιέναι,
3344 837 3615 891 καὶτοῦτο
3640 841 3815 891 ποιεῖν
3846 836 3992 901 μετὰ

722 912 852 961 (ιιιιιι
884 909 1275 980 Synunachum
1318 930 1331 965 :
1369 913 1433 966 Et
1460 931 1639 969 omnes
1671 917 1783 969 vias
1818 917 1932 985 ejus
1964 917 2195 986 dirigam
2220 934 2231 969 ε
2252 925 2301 969 et
2398 916 2414 970 ί

2297 926 2301 964 ῐ
2398 916 2599 986 δώρων
2658 923 2882 989 τούτους
2929 928 3110 995 ἀφείς.
3149 930 3217 981 Ἥ
3249 928 3560 1000 Ζοροϐάϐελ
3591 930 3655 982 ἐκ
3699 929 3864 982 Δαϐὶδ
3896 928 3989 978 ἕλ-

644 1070 651 1079 ’
722 1004 835 1068 ipse
869 1003 1155 1072 a'di/icabit
1186 1007 1454 1061 civitatem
1489 1024 1679 1061 meam.
1706 1007 1835 1061 Eam
1876 1010 2020 1063 enim
2052 1009 2166 1078 ipse
2206 1023 2297 1077 po-

2399 1028 2565 1065 κοντα
2585 1015 2685 1085 τὴν
2711 1017 2894 1087 γονὴν,
2918 1018 2975 1082 ὃς
2999 1020 3346 1089 ἡγησάμενος
3369 1021 3477 1074 τῶν
3498 1021 3829 1073 ἀνελούντων
3851 1022 3994 1085 ᾠκο-

725 1093 895 1146 tentia
926 1095 1243 1163 a'diﬁcavit,
1275 1097 1367 1165 qui
1399 1098 1715 1153 volentibus
1739 1099 1940 1165 redire,
1975 1109 2029 1155 et
2062 1099 2300 1169 idipsum
2400 1103 2417 1155 ὁ

2298 1126 2300 1150 ι
2400 1102 2629 1171 δόμησε
2654 1106 2746 1159 τὸν
2795 1110 2940 1164 ναόν.
2977 1111 3110 1181 Περὶ
3137 1104 3198 1163 οὗ
3231 1129 3397 1182 φησιν
3424 1126 3437 1141 '
3476 1131 3494 1162 ι
3519 1112 3583 1165 Ai
3611 1114 3792 1181 χεῖρες
3823 1113 3990 1181 Ζορο-

725 1194 1005 1251 praestare,
1040 1187 1226 1241 multis
1265 1188 1572 1242 muneribus
1614 1189 1857 1259 acceptis
1901 1190 2181 1247 concessit
2200 1190 2245 1220 ³ο
2285 1206 2297 1241 :
2407 1195 2417 1241 ι

2407 1192 2574 1246 ϐάϐελ
2603 1195 2975 1267 ὲθεμελίωσαν
3002 1202 3093 1255 τὸν
3153 1201 3303 1256 οἶκον
3342 1201 3554 1270 τοῦτον,
3599 1205 3694 1256 καὶ
3727 1204 3782 1255 αἱ
3815 1204 3994 1271 χεῖρες

726 1276 815 1329 vel
849 1275 1240 1333 Zorobaltelem
1276 1280 1343 1334 de
1369 1280 1540 1349 stirpe
1569 1280 1789 1336 Davidis
1831 1291 2184 1353 prognatum;
2212 1279 2305 1351 qui
2414 1303 2418 1328 ‹

1569 1280 1789 1336 Davidis
1831 1291 2184 1353 prognatum;
2212 1279 2305 1351 qui
2414 1281 2579 1336 αὑτοῦ
2603 1285 3009 1342 ὲπιτελὲσουσιν
3037 1290 3255 1344 αὐτόν.»

734 1382 856 1421 cum
891 1369 1253 1423 redeuntibus
1292 1370 1627 1438 pra-fuisset,
1657 1381 1711 1426 et
1746 1373 1862 1441 ipse
1898 1374 2160 1444 templum
2194 1373 2539 1427 instauravit.
2569 1374 2758 1445 Itaque
2795 1388 2850 1433 et
2873 1379 2940 1434 de
2976 1381 3071 1434 illo
3130 1384 3185 1436 in
3249 1382 3398 1438 hunc
3454 1383 3678 1438 modum
3737 1380 3992 1451 legimus:

737 1477 756 1507 ι
795 1457 1000 1514 Manus
1041 1458 1345 1513 Zorohabel
1403 1458 1715 1514 fundarunt
1755 1459 1978 1515 domum
2034 1461 2219 1525 istam,
2258 1465 2313 1512 et
2350 1473 2547 1516 manus
2574 1463 2819 1533 ejusdem
2850 1467 3131 1537 perficient
3161 1484 3279 1523 eam
3320 1471 3390 1524 ³¹.
3440 1492 3460 1521 ι

797 1549 1156 1605 Commodius
1200 1558 1382 1606 autem
1416 1551 1483 1607 de
1510 1551 1731 1607 Christo
1780 1552 2140 1624 intelligatur,
2180 1565 2306 1604 eum

729 1642 799 1695 de
831 1656 891 1696 se
922 1642 997 1696 ita
1037 1643 1298 1712 loquatur
1336 1663 1347 1697 :
1394 1663 1411 1695 ι
1456 1643 1572 1714 Ego
1598 1646 1938 1702 constitutus
1971 1660 2091 1701 sum
2122 1660 2211 1700 rex
2238 1644 2307 1698 ab

730 1750 796 1788 eo
841 1750 1009 1803 super
1067 1735 1196 1788 Sion
1250 1744 1494 1790 montem
1534 1746 1791 1792 sanctum
1836 1737 2060 1808 ejus";
2103 1736 2306 1805 reujus

729 1827 851 1880 sine
891 1826 1268 1882 controversia
1315 1837 1472 1882 recta:
1516 1837 1641 1883 sunt
1688 1830 1825 1893 eiw,
1869 1831 2073 1900 quique
2120 1843 2306 1884 veram

2486 1554 2833 1627 Οἰκειότερον
2863 1558 2909 1610 δ’
2933 1558 3000 1612 ἂν
3031 1560 3125 1613 ἐπὶ
3155 1561 3395 1631 Χριστοῦ
3422 1561 3782 1630 λαμϐάνοιτο,
3815 1562 3874 1625 ὃς
3902 1561 3996 1615 καί

2415 1662 2579 1715 φησιν
2605 1664 2618 1677 ·
2660 1667 2677 1698 ι
2715 1647 2859 1716 Ἐγὼ
2885 1649 2942 1702 δὲ
2968 1651 3312 1723 κατεστάθην
3367 1652 3625 1722 βασιλεὺς
3687 1654 3779 1705 ὑπ’
3831 1653 3996 1707 αὐτοῦ

2414 1736 2507 1788 ἐπὶ
2536 1738 2674 1790 Σιὼν
2722 1740 2849 1811 ὅρος
2870 1741 2932 1793 τὸ
2953 1742 3106 1810 ἅγιον
3159 1742 3345 1797 αὐτοῦ.
3383 1764 3402 1795 ι
3451 1740 3650 1811 Οὗπερ
3693 1743 3911 1814 ἀληθῶς
3939 1750 3998 1798 (ιι

2417 1829 2543 1883 ὁδοὶ
2571 1832 2811 1887 εὐθεῖαι.
2848 1836 2958 1888 Καὶ
2978 1835 3078 1905 τὴν
3128 1836 3387 1906 ἀληθινὴν
3433 1836 3594 1898 αὐτὸς
3645 1836 3997 1904 ᾠκοδόμησε

730 1917 993 1971 civitatem
1020 1924 1306 1985 exstruxit,
1343 1922 1533 1975 dicens
1574 1936 1588 1975 :
1622 1940 1641 1973 ι
1674 1920 1855 1992 Super
1900 1931 2111 1992 petram
2138 1921 2310 1975 aadili-
2341 1936 2387 1994 Β
2416 1946 2422 1974 ε

2303 1951 2310 1963 -
2341 1936 2387 1994 Β
2416 1922 2620 1987 πόλιν,
2646 1923 2819 1991 λέγων
2840 1942 2852 1955 ·
2889 1943 2907 1977 ι
2943 1926 3068 1979 Ἐπὶ
3112 1927 3213 1997 τὴν
3247 1928 3453 1997 πέτραν
3506 1927 3847 1997 οἰκοδομήσω
3894 1944 3995 1995 μου

732 2010 871 2063 caho
904 2010 1207 2067 Ecelesiam
1243 2028 1441 2075 meam,
1484 2022 1538 2069 et
1567 2023 1740 2083 portae
1768 2014 1929 2068 inferi
1960 2030 2068 2068 non
2104 2028 2313 2084 praeva-

731 2102 922 2156 lebunt
948 2103 1213 2159 adversus
1237 2120 1356 2159 eam
1387 2107 1466 2170 ’³;
1498 2126 1514 2156 ι
1554 2122 1677 2177 qua:
1704 2108 1849 2163 vivis
1877 2108 2154 2176 lapidibus
2175 2124 2312 2163 con-

731 2202 891 2250 stans
925 2198 1232 2266 expugnari
1285 2213 1393 2252 non
1437 2190 1617 2269 petest
1650 2219 1662 2255 :
1698 2216 1862 2269 quam
1913 2201 2043 2255 item
2089 2202 2157 2256 ab
2185 2209 2312 2256 ortu

733 2285 800 2339 ad
842 2302 1102 2343 occasum
1135 2300 1453 2358 protensam
1488 2293 1755 2347 servitute
1792 2292 2104 2347 dmmonum
2137 2294 2312 2365 gratis

731 2378 1029 2443 liberavit,
1066 2379 1223 2449 juxta
1257 2381 1391 2436 illud
1432 2402 1444 2436 :
1489 2402 1505 2434 ι
1537 2383 1724 2438 Gratia
1753 2386 1948 2438 salvali
1994 2386 2129 2441 estis
2174 2387 2239 2439 ⁸⁵.
2288 2405 2305 2437 ›

735 2469 866 2534 Qua:
895 2471 1041 2525 enim
1075 2471 1335 2527 historice
1367 2472 1433 2527 de
1464 2474 1622 2543 Cyro,
1652 2476 1734 2528 vel
1763 2475 2312 2532 Zorobaheledicun-

734 2570 849 2623 tur,
883 2578 1140 2618 verorum
1182 2573 1310 2619 sunt
1340 2566 1611 2634 symbols.
1640 2566 2310 2636 AdChristumsiquidcm

734 2653 935 2709 melius
969 2653 1247 2709 referatur
1287 2656 1417 2710 illud
1456 2674 1470 2710 :
1515 2657 1641 2711 lla'c
1682 2668 1857 2712 autem
1895 2658 2024 2712 dicit
2063 2659 2313 2714 Dominus

709 2787 713 2795 .
754 2745 952 2798 christo
978 2761 1089 2798 meo
1112 2745 1273 2815 Cyro.
1308 2745 1493 2817 Neque
1515 2748 1687 2813 enim,
1724 2758 1781 2801 ut
1802 2750 2168 2819 praesentibus
2195 2764 2316 2803 ver-

736 2836 825 2890 bis
872 2837 1254 2906 signiﬁcatur,
1296 2838 1467 2909 Cyrus
1508 2841 1659 2909 ipse,
1705 2842 1804 2895 fuit
1853 2853 2037 2897 unctus
2076 2843 2313 2910 Domini,

738 2942 863 2981 cum
905 2926 1075 2983 Persa
1108 2939 1289 2986 esset:
1317 2940 1411 2984 aut
1443 2932 1707 2985 civitatem
1737 2932 2054 3001 adiﬁcavit;
2086 2933 2178 2987 sed
2197 2934 2316 3003 ejus

736 3027 955 3072 tantum
992 3018 1349 3074 fundamenta
1379 3020 1559 3075 facere
1582 3024 1775 3093 coepit,
1802 3039 1922 3093 qua:
1949 3023 2165 3078 deserta
2192 3038 2317 3092 pos-

738 3120 827 3163 tea
874 3110 940 3164 ad
994 3110 1142 3165 Darii
1192 3129 1368 3182 usque
1420 3121 1670 3183 tempora
1718 3118 2043 3184 permansit.
2094 3116 2315 3181 Adhaec,

737 3211 861 3262 quze
907 3205 1211 3266 sequuntur
1259 3199 1554 3270 deinceps,
1616 3201 1843 3257 Christo
1890 3205 2110 3274 potius,
2151 3220 2316 3274 quam

744 3285 1096 3351 Zorobabeli,
1125 3299 1216 3343 aut
1244 3289 1385 3360 Cyro
1407 3294 1773 3359 conveniant;
1803 3294 1855 3348 in
1881 3296 2083 3365 quibus
2109 3296 2320 3367 [Egyp-

745 3389 856 3431 tum
895 3380 1168 3435 laborasse
1188 3382 1347 3447 dicit,
1382 3392 1440 3436 ut
1471 3400 1566 3439 eos
1591 3399 1784 3440 omnes
1823 3387 1916 3455 qui
1948 3396 2172 3457 propter
2202 3388 2322 3443 ido-

741 3471 923 3526 lorum
958 3472 1167 3527 cultum
1208 3474 1264 3527 in
1308 3475 1617 3529 dmunonum
1666 3484 1989 3545 potestatem
2033 3492 2320 3546 venerant,

742 3563 899 3617 innui
919 3563 1286 3619 demonstret.
1310 3566 1387 3619 Ad
1415 3575 1467 3620 te
1490 3575 1674 3621 autem
1700 3584 1891 3636 regem,
1919 3568 2071 3624 addit
2099 3571 2187 3635 (de
2214 3587 2325 3642 quo

744 3657 939 3710 isthmc
958 3657 1189 3712 habetur
1204 3659 1674 3729 prupltelia),gcns
1693 3661 1873 3715 omnis
1896 3661 2129 3716 barbara
2146 3673 2326 3721 trans-

745 3748 1016 3805 ibit.Saba
1029 3750 1173 3805 enim
1191 3749 1495 3819 Ait/tiopica
1509 3767 1640 3819 gens
1658 3761 1759 3814 est,
1775 3752 1935 3822 cujus
1949 3754 2074 3807 olim
2091 3754 2154 3807 ad
2174 3753 2327 3809 Salo-

744 3855 961 3896 mouem
984 3841 1169 3911 regina
1193 3857 1250 3896 se
1272 3843 1583 3896 contulit".
1606 3842 1729 3898 Istis
1748 3859 1874 3897 vero
1899 3844 2108 3899 felicem
2146 3860 2326 3898 rerum

743 3934 999 3994 exitum,
1035 3933 1236 3988 Christi
1286 3933 1542 3987 nimirum
1617 3934 1981 3988 adoratiouem
2039 3935 2323 4003 praedicit,

742 4014 835 4095 qui
871 4036 926 4081 et
953 4024 1323 4089 Deuserat,et
1370 4025 1538 4081 Deum
1600 4026 1653 4080 in
1700 4042 1758 4081 se
1805 4027 1973 4096 (quod
2018 4027 2121 4097 ipsi
2176 4026 2328 4098 prius

743 4118 1073 4187 ignorabant
1108 4117 1447 4187 adoratores)
1475 4117 1734 4173 habebat.
1756 4118 2075 4189 517ldem
2109 4134 2239 4174 vero
2276 4128 2330 4173 et

745 4205 968 4262 Israelis
998 4209 1234 4263 salvator
1276 4208 1397 4271 fuit,
1420 4208 1565 4275 quod
1597 4206 1754 4262 Iesus
1780 4209 2000 4263 nomine
2034 4209 2326 4264 indicatur.

820 4301 917 4356 llis
962 4317 1127 4370 porro
1177 4301 1529 4355 adorautibus
1561 4341 1575 4362 ,
1635 4302 1730 4370 qui
1789 4317 1819 4356 e
1864 4302 2326 4357 circumcisorum

749 4395 1105 4463 gentiumque
1141 4409 1374 4448 numero
1416 4393 1682 4448 Ecclesia:
1735 4393 2037 4460 adversati,
2077 4393 2326 4450 eamdem

753 4486 1026 4551 persecuti
1054 4492 1200 4546 sunt,
1239 4499 1360 4537 cum
1391 4483 1527 4537 nihil
1550 4499 1579 4536 ιι
1611 4498 1670 4537 se
1696 4483 2071 4550 imminutam,
2101 4488 2194 4542 sed
2227 4504 2327 4543 au-

2412 2014 2511 2084 τὴν
2554 2014 2903 2092 Ἐκκλησίαν,
2959 2019 3055 2071 καὶ
3110 2017 3277 2071 πύλαι
3329 2018 3459 2089 ᾅδου
3483 2019 3546 2073 οὐ
3576 2018 3995 2087 κατισχύσουσιν

2415 2108 2609 2177 αὐτῆς.
2636 2127 2654 2159 ι
2693 2109 2853 2171 "litt;
2879 2109 2943 2161 ἐκ
2973 2108 3136 2162 λίθων
3161 2110 3459 2177 συνέστηκε
3488 2110 3728 2175 ζώντων,
3762 2110 3995 2163 ἀκαθαὶυ

2416 2199 2568 2269 ρετός
2591 2216 2672 2263 τε,
2698 2200 2792 2253 καὶ
2815 2199 2921 2253 ἀπὸ
2943 2199 3218 2254 ἀνατολῶν
3245 2202 3326 2263 εἰς
3352 2199 3565 2269 δυσμὰς
3589 2201 3994 2270 παρατείνουσα

2415 2291 2792 2362 ἠλευθέρωσέν
2823 2310 2882 2345 τε
2910 2293 3009 2362 τῆς
3041 2294 3105 2346 ἐκ
3124 2292 3394 2357 δαιμόνων
3422 2291 3688 2354 δουλείας,
3716 2289 3993 2344 καὶταῦτα

2417 2388 2640 2455 προῖκα,
2671 2385 2811 2439 κατὰ
2834 2386 2916 2448 τὸ,
2942 2405 2960 2437 ι
2984 2386 3181 2455 Χάριτί
3198 2388 3323 2439 ἐστε
3354 2384 3713 2454 σεσωσμένοι.
3739 2401 3757 2434 ι
3784 2382 3865 2435 Τὰ
3888 2381 3994 2451 γὰρ

2415 2476 2559 2531 κατὰ
2592 2477 2863 2547 Κῦρον,ἢ
2898 2477 3202 2547 Ζοροϐάϐελ
3256 2477 3524 2547 ἱστορικὰ,
3586 2475 3836 2545 σύμϐολα
3889 2476 3994 2527 τῶν

2415 2568 2631 2640 ἀληθῶν
2664 2569 2927 2639 ὑπῆρχεν.
2977 2568 3101 2621 Ἐπὶ
3127 2567 3363 2639 Χριστοῦ
3399 2568 3509 2638 γὰρ
3540 2567 3740 2637 μᾶλλον
3765 2565 3993 2636 ἁρμόσει

2417 2660 2499 2722 τὸ,
2538 2661 2680 2715 Τάδε
2699 2660 2861 2730 λέγει
2884 2658 3205 2732 Κύριοςτῷ
3234 2658 3460 2728 χριστῷ
3468 2677 3587 2729 μου
3612 2660 3805 2728 Κύρῳ.
3842 2656 3996 2710 Κατὰ

2419 2750 2527 2821 γὰρ
2558 2751 2657 2821 τὴν
2706 2750 2999 2821 πρόχειρον
3049 2749 3217 2827 λέξιν,
3272 2749 3398 2803 οὔτε
3448 2751 3697 2819 χριστὸς
3752 2748 3993 2815 Κυρίου,

2420 2843 2634 2913 Πέρσης
2665 2842 2740 2896 ὢν
2775 2844 3022 2912 ὑπῆρχεν
3056 2846 3087 2896 ό
3110 2843 3327 2909 Κῦρος,
3360 2841 3482 2894 οὔτε
3519 2843 3619 2912 τὴν
3649 2844 3836 2896 πόλιν
3860 2840 3995 2906 ᾠκο-

2420 2936 2708 3005 δόμησεν,
2763 2936 2906 3006 πλὴν
2935 2936 3036 3005 τῆς
3090 2936 3197 2989 τῶν
3226 2935 3495 3004 Θεμελίων
3520 2934 3717 3004 ἀρχῆς.
3741 2929 3877 2985 Εἶτα
3922 2931 3997 2983 δι-

2422 3029 2637 3097 έμεινεν
2666 3028 2869 3100 ἕρημος
2904 3027 3066 3098 μέχρι
3096 3028 3196 3096 τῆς
3219 3027 3499 3096 βασιλείας
3523 3024 3776 3095 Δαρείου.
3802 3023 3913 3077 Καὶ
3938 3022 4000 3075 τὰ

2423 3119 2551 3188 ἑξῆς
2572 3119 2627 3171 δὲ
2666 3118 2867 3188 μᾶλλον
2891 3119 2969 3189 τῷ
3003 3119 3225 3189 Χριστῷ
3258 3118 3404 3188 ἥπερ
3437 3116 3747 3183 Ζοροϐάϐελ
3772 3114 4001 3183 ἁρμόσει

2423 3212 2516 3265 καί⁵
2539 3213 2730 3278 Κύρῳ,
2760 3212 2816 3264 ὲν
2842 3191 2925 3273 οῖς
2953 3210 3257 3278 Αἴγυπτόν
3282 3226 3415 3277 φησι
3456 3206 3908 3271 κεκοπιακέναι,
3928 3204 3997 3257 δι’

2425 3302 2599 3372 αὐτῆς
2629 3302 2805 3370 δηλῶν
2845 3302 2967 3364 τοὺς
2996 3303 3111 3354 ὅσοι
3138 3301 3305 3355 πάλαι
3332 3299 3422 3352 διὰ
3444 3299 3541 3367 τῆς
3562 3295 4005 3375 εἰδωλολατρείας

2423 3390 2565 3465 ἦσαν
2617 3392 3002 3463 δεδουλωμένοι
3062 3394 3174 3454 τοῖς
3225 3391 3501 3458 δαίμοσιν.
3571 3389 3698 3447 Ἐπὶ
3725 3388 3783 3440 δὲ
3821 3388 3882 3440 σὲ
3918 3386 4006 3439 τὸν

2426 3484 2910 3556 προφητευόμενον
2933 3483 3199 3549 ,ϐασιλέα
3228 3482 3323 3534 καὶ
3365 3484 3473 3534 πᾶν
3500 3479 3653 3542 ἔθνος
3682 3478 4006 3539 διαϐήσεται

2429 3575 2916 3648 βάρϐαρον.Σα6²ὰ
2974 3574 3085 3643 γὰρ
3142 3573 3295 3636 ἔθνος
3348 3569 3720 3633 Αἰθιοπικὸν,
3777 3562 4003 3636 οῦπερή

2429 3669 2715 3739 βασίλισσα
2758 3668 2891 3738 πρὸς
2918 3665 3171 3735 Σολομὼν
3214 3663 3569 3734 παρεγένετο.
3598 3660 3765 3721 Τέλος
3796 3659 3853 3710 δὲ
3882 3656 4005 3709 τούο

2427 3776 2539 3821 τοις
2572 3757 2774 3826 ἀγαθὸν
2798 3757 2894 3823 τὴν
2914 3754 3149 3824 Χριστοῦ
3172 3750 3537 3824 προαγορεύει
3563 3749 4005 3817 προσκύνησιν,

2428 3850 2485 3913 ὃς
2510 3852 2603 3902 καὶ
2655 3850 2798 3913 Θεὸς
2824 3844 2925 3916 ἦν,
2988 3846 3079 3897 καὶ
3108 3843 3241 3897 Θεὸν
3292 3837 3440 3912 εἶχεν
3465 3842 3525 3893 ὲν
3567 3838 3736 3909 αὐτῷ,
3797 3839 3934 3907 ὅπερ
3960 3837 4008 3887 οἱ

2432 3939 2860 4011 προσκυνοῦντες
2914 3937 3142 4007 ἠγνόουν
3186 3934 3249 3987 τὸ
3288 3934 3577 4005 πρότερον.
3632 3929 3806 3992 Αὐτὸς
3833 3929 3890 3983 δὲ
3915 3926 4009 3981 καὶ

2431 4033 2537 4088 τοῦ
2581 4033 2829 4100 Ἰσραὴλ
2854 4033 2886 4085 ὀ
2914 4028 3139 4097 Σωτήρ.
3175 4027 3248 4081 Τὸ
3277 4027 3386 4096 γὰρ
3401 4023 3645 4094 Ἰησοῦς
3677 4022 3855 4093 ὄνομα
3886 4019 4007 4074 τοῦ·

2430 4142 2492 4177 το
2513 4124 2681 4194 δηλοῖ.

2504 4302 2723 4356 Τούτων
2800 4300 2858 4353 δὲ
2922 4296 3431 4367 προσκυνούντων
3486 4295 3542 4346 οἱ
3610 4291 4009 4358 ἀντικείμενοι

2434 4394 2943 4462 καταισχύνονται
2970 4392 3036 4443 ὲκ
3059 4388 3364 4459 περιτομῆς
3388 4402 3448 4438 τε
3474 4386 3569 4437 καὶ
3625 4381 3833 4435 ἐθνικοὶ
3878 4376 4015 4431 κατὰ

2434 4484 2660 4553 καιροὺς
2686 4480 2784 4551 τὴν
2801 4478 3128 4547 Ἐκκλησίαν
3158 4475 3467 4540 διώξαντες.
3499 4471 3684 4541 Μηδὲν
3706 4471 3815 4541 γὰρ
3848 4468 4013 4538 μειὼ·

750 4585 896 4630 ctam
946 4577 1326 4638 intuebuntur,
1360 4574 1564 4643 pudore
1606 4573 2002 4641 stt/fundentur.
2033 4576 2106 4630 Ita
2140 4588 2323 4635 autem
2368 4598 2442 4670 ut

2368 4610 2410 4670 υ
2436 4592 2631 4639 σαντες
2686 4573 2953 4644 ηύξησαν.
2994 4571 3054 4625 Ὀ
3078 4571 3137 4624 δὲ
3181 4568 3488 4670 Θεοδοτίων,
3528 4566 3815 4670 ὲξὲδωιιενο
3845 4561 4016 4668 1.1.11)!-

750 4667 1036 4721 transtuiit
1076 4665 1385 4720 Theodotio
1424 4684 1436 4719 :
1490 4664 1683 4718 Verum
1726 4666 1780 4719 in
1824 4676 1871 4719 te
1913 4667 2106 4735 fortis:
2144 4680 2191 4723 et
2225 4688 2327 4725 non
2368 4652 2442 4719 ’ἰ

2320 4689 2327 4724 ι
2368 4652 2404 4670 “’
2433 4668 2503 4720 ὲν
2526 4666 2623 4719 σοι
2657 4663 2933 4732 ἰσχυρὸς,
2985 4660 3087 4714 καὶ
3111 4662 3226 4713 οὐκ
3260 4657 3435 4711 ἔστιν
3456 4656 3545 4710 ἔτι
3597 4652 3769 4719 πλὴν
3806 4652 4012 4705 αὑτοῦ.

752 4769 830 4814 est
858 4760 1029 4814 adhuc
1059 4768 1253 4826 pra'ter
1306 4775 1447 4813 eum.
1479 4756 1581 4813 Ubi
1611 4757 1807 4828 Aquila
1839 4759 2005 4813 etiam
2037 4760 2192 4830 fortis
2229 4779 2327 4818 v0-

751 4853 954 4906 eabulo
978 4869 1115 4908 usus
1137 4859 1242 4907 est.
1266 4851 1491 4916 Deinde,
1513 4865 1615 4921 pro
1638 4865 1747 4921 quo
1777 4850 2133 4906 nesciebamus
2165 4855 2330 4910 habe-

752 4960 899 5007 tnus,
928 4942 1176 4996 latentem
1201 4940 1503 4996 Theodotio
1534 4950 1588 4994 et
1630 4941 2017 5011 Symmachus,
2049 4943 2331 4999 abscondi-

760 5046 870 5088 tum
932 5045 1111 5089 autem
1153 5034 1350 5105 Aquila
1388 5032 1787 5089 reddiderunt:
1827 5039 1887 5087 ut
1918 5033 2229 5090 abstrusam
2277 5045 2331 5090 et

756 5125 1100 5181 reconditam
1131 5140 1253 5181 esse
1276 5122 1841 5180 Christidivinitatem
1858 5122 2325 5181 demonstrarent.

654 5218 659 5222 ’
754 5217 922 5273 ltecte
961 5225 1141 5273 autem
1192 5217 1258 5271 ad
1306 5232 1389 5277 ea,
1441 5231 1564 5287 qua:
1603 5214 1671 5269 de
1705 5213 1923 5269 Christo
1971 5217 2242 5285 praedixit,
2282 5227 2334 5273 et

754 5308 999 5377 ejusdem
1056 5307 1458 5377 discipulorum
1506 5304 1843 5359 mentionem
1887 5304 2108 5373 adjecit.
2160 5307 2331 5363 Erant

755 5401 897 5454 enim
931 5398 1127 5466 Israel,
1163 5401 1254 5472 qui
1283 5399 1547 5464 salvatur,
1590 5412 1686 5467 per
1729 5397 2083 5469 eosdemque,
2119 5401 2323 5458 insulas

2433 4758 2542 4812 Καὶ
2614 4755 2870 4819 Ἀκύλας,
2912 4754 3181 4821 ισχυρὸς,
3213 4750 3434 4821 ἔφησεν;
3472 4746 3622 4800 Ἀντὶ
3648 4744 3707 4798 δὲ
3744 4742 3841 4797 τοῦ
3863 4759 3878 4773 ο
3909 4742 4017 4795 οὐκ

2433 4850 2693 4921 ᾔδειμεν,
2747 4848 2777 4899 ὁ
2823 4847 2921 4915 μὲν
2971 4842 3263 4896 Θεοδοτίων
3319 4840 3415 4894 καὶ
3458 4836 3779 4906 Σύμμαχος,
3845 4848 4020 4897 κορυ-

2432 4943 2607 5012 φαῖος
2630 4939 2674 4993 ι.
2710 4942 2770 4993 '0
2796 4938 2853 4992 δὲ
2895 4936 3151 5000 Ἀκύλας,
3185 4930 3741 5001 ἀποκρυπτόμενος·
3773 4925 3838 4979 τὸ
3885 4923 4021 4978 ἁπόο

2438 5051 2645 5107 κρυφον
2707 5032 2804 5102 τῆς
2857 5028 2953 5083 τοῦ
3000 5025 3238 5099 Χριστοῦ
3297 5021 3590 5091 θεολογίας
3649 5018 4013 5107 ὲμφήναντεῇς.

2452 5104 2789 5187 ’Ᾱκολούθως
2821 5122 2877 5175 δὲ
2902 5122 2968 5192 τῇ
2997 5119 3127 5190 περὶ
3175 5114 3416 5188 Χριστοῦ
3446 5110 3757 5184 προφητείᾳ
3786 5107 3884 5160 καὶ
3914 5104 4020 5157 τῶν

2442 5217 2608 5275 αὐτοῦ
2639 5217 2912 5288 μέμνηται
2945 5210 3222 5283 μαθητῶν.
3260 5207 3425 5262 Αὐτοὶ⁸
3446 5205 3557 5275 γὰρ
3587 5198 3730 5272 ἦσαν
3772 5194 4021 5266 Ἰσραὴλ

2442 5317 2473 5367 ὀ
2504 5311 2856 5380 σωζόμενος,
2889 5307 2955 5360 δι’
2982 5299 3057 5360 ὧν
3081 5304 3179 5367 τὰς
3218 5301 3455 5370 νήσους
3482 5292 3877 5352 ἀνεκαίνισεν
3901 5289 4023 5342 Ἐκ-

2436 5404 2686 5475 κλησίας,
2733 5396 2813 5464 οἷς
2868 5398 3100 5470 ἁρμόσει
3146 5396 3243 5451 καὶ
3274 5395 3357 5457 τὸ,
3392 5390 3507 5444 Οὐκ
3554 5382 4017 5456 αἰσχυνθήσονται

826 5515 872 5547 ’⁸
900 5515 919 5567 1
948 5516 1104 5569 Esdr.
1151 5514 1262 5579 ",1
1300 5527 1450 5584 seqq.
1534 5513 1575 5544 ²¹
1606 5511 1837 5567 Zachar.
1874 5529 1945 5577 tv,
1980 5515 2032 5569 9.
2110 5518 2154 5547 ²²
2190 5519 2331 5574 Psal.
2370 5535 2427 5585 ιι,
2454 5518 2509 5574 6.

2320 5559 2331 5571 .
2370 5535 2427 5585 ιι,
2454 5518 2509 5574 6.
2586 5520 2631 5551 ⁸³
2668 5515 2858 5572 Matth.
2883 5529 2995 5581 χιιι,
3022 5510 3105 5566 18.
3182 5508 3228 5541 ’³
3252 5504 3454 5577 Ephes.
3488 5514 3550 5568 tl,
3576 5497 3633 5554 5.
3710 5492 3845 5549 "Ill
3877 5490 4009 5559 Reg.

756 5600 811 5649 ι,
842 5586 862 5639 1
898 5600 1047 5655 seqq.

2052 5672 2285 5730 νΑιιΙΑῑ
2322 5672 2727 5731 LECTIUNES.

855 5764 873 5808 ι
908 5768 1196 5835 κρυφαῖος.
