4284 6440
276 351 419 419 2425

1380 359 1913 425 COMMENTARII
1949 367 2031 427 IN
2065 370 2353 434 ISAIAM.

3396 370 3537 434 eteo
3574 327 3584 338 ’

276 462 533 517 τοσοῦτον
560 462 721 533 ἔργον
750 465 1028 537 πανταχοῦ
1058 468 1159 538 τῆς
1186 468 1514 539 οἰκουμένης
1551 472 1853 540 όνῦσασινς
1886 484 1932 539 Α
1963 478 1968 531 i

1847 491 1853 538 ;
1886 484 1932 539 Α
1963 477 2134 548 ipsas,
2168 479 2219 533 id
2259 486 2345 534 est
2375 476 2673 545 Ecclesias,
2696 478 2985 533 renovavit.
3008 476 3222 544 Quibus
3251 479 3539 541 conveniet

277 555 440 618 Τινὲς
473 555 529 607 δὲ
551 555 728 619 οὕτως
753 556 963 610 ἄνωθεν
1003 558 1343 630 ἐξηγήσαντο
1374 576 1387 591 ⁸
1422 562 1534 631 Τήν
1566 565 1747 618 αίτίαν
1781 565 1860 618 δί-

275 643 413 697 δωσι
442 643 512 698 δι’
555 646 621 717 ἢν
674 645 1050 717 ἐνηνορώπισε
1106 648 1311 715 λέγων·
1351 650 1491 718 Ἐγώ
1516 655 1632 722 εἰμι
1671 657 1703 707 ό
1735 656 1859 709 κτί-

278 750 399 801 σας
424 750 519 790 σε.
556 737 631 789 Τὸ
658 737 716 789 δὲ
740 739 880 806 εἰμί,
904 738 1006 808 τὴν
1031 739 1203 810 ἀληθῆ
1234 740 1575 812 παρέστησεν
1607 744 1858 814 ὓπαρξιν,

276 829 373 880 καί¹
415 827 515 897 τὴν
572 828 741 891 δντως
792 825 956 881 οὖσαν
984 828 1149 899 ζωήν.
1180 831 1433 885 Ἔκτισα
1462 832 1518 885 δέ
1543 848 1618 886 σε
1650 834 1735 887 ἐπ’
1760 836 1861 903 ἀφ-

279 918 502 990 θαρσίᾳ,
536 918 767 974 θάνατον
805 919 879 991 μὴ
910 923 1166 992 ποιήσας,
1204 921 1357 976 οὐδέν
1376 940 1435 975 τε
1466 923 1605 989 ζῶον
1634 925 1724 979 ἐπὶ
1756 927 1862 995 γῆς

274 1010 540 1074 ἀπέδειξα
572 1011 978 1082 παραπλήσιοψ
1010 1011 1086 1064 σὲ
1113 1011 1221 1081 γὰρ
1240 1014 1435 1080 μόνον
1461 1015 1541 1081 ὡς
1569 1016 1863 1084 κεραμεὺς

280 1103 475 1170 χερσὶν
508 1100 670 1165 ἰδίαις
695 1102 1000 1156 διέπλασα
1025 1106 1088 1171 τῇ
1127 1106 1232 1174 ἐμῇ
1268 1106 1509 1175 τιμήσας
1531 1108 1699 1160 εἰκόνι
1725 1108 1861 1176 πρὸς

272 1195 341 1263 τῇ
391 1193 589 1246 πλάσει
634 1194 729 1246 τοῦ
789 1193 1061 1264 σώματος.
1122 1197 1258 1265 Περὶ
1301 1193 1365 1251 οῦ
1415 1199 1509 1251 καὶ
1560 1198 1694 1268 πρὸς
1738 1196 1860 1251 Ἰὼϐ

274 1283 519 1351 ἔφασκεν
540 1302 553 1316 ⁸
590 1302 609 1335 ι
634 1281 714 1338 Ἦ
749 1287 813 1338 σὺ
873 1285 1051 1339 λαϐὼν
1080 1296 1118 1324 ιιι
1169 1287 1413 1350 ἔπλασας
1441 1287 1599 1353 ζῶον,
1637 1290 1731 1342 καὶ
1763 1290 1858 1344 λα-

274 1376 437 1447 λητὸν
465 1377 598 1430 αὐτὸ
624 1377 747 1429 εθου
787 1377 880 1430 ἐπὶ
908 1378 1004 1447 τῆς
1028 1379 1129 1448 γῆς
1156 1395 1169 1442 ;
1203 1398 1220 1429 ι
1250 1379 1359 1431 Καὶ
1387 1379 1551 1432 Δαὸὶδ
1575 1379 1630 1432 δέ
1659 1398 1823 1451 φησιν
1842 1397 1856 1411 ⁸

280 1486 301 1518 ε
339 1467 693 1531 Ἠλαττωσας
726 1468 889 1521 αὐτὸν
920 1468 1098 1539 βραχύ
1114 1488 1164 1522 τι
1192 1471 1322 1541 παρ’
1355 1470 1643 1539 ἀγγέλους.
1670 1491 1689 1523 ι
1727 1470 1858 1526 Εἶτα

277 1562 394 1623 τοῖς
429 1559 488 1623 ἐξ
523 1560 742 1631 Ἰσραὴλ
787 1559 1116 1629 ἐγκαλοῦσιν
1170 1561 1317 1632 αὐτῷ
1350 1563 1448 1632 τὴν
1480 1564 1671 1617 ἐκτῶν
1703 1582 1859 1633 νομι-

273 1650 391 1704 κῶν
442 1649 629 1704 τύπων
681 1652 1004 1722 ἀπαλλαγὴν
1052 1653 1187 1723 πρὸς
1228 1653 1487 1725 ἀληθείας
1544 1655 1856 1726 μετάθεσιν,

271 1742 549 1806 ὀνειδίζει.
580 1744 808 1810 Ἔλεγον
863 1744 994 1816 γὰρ,
1046 1764 1065 1796 ‹
1102 1746 1162 1797 Εἰ
1193 1741 1261 1816 ἦν
1299 1738 1454 1809 οὗτος
1488 1747 1641 1816 παρὰ
1670 1747 1807 1800 Θεοῦ
1832 1748 1859 1799 ὀ

270 1827 584 1899 ἄνθρωπος,
643 1830 743 1882 οὐκ
796 1829 916 1883 ἔλυε
939 1832 1000 1884 τὸ
1031 1832 1332 1887 Σάϐϐατον.
1375 1853 1394 1884 ι
1454 1834 1712 1903 Ἀροτριᾷ
1752 1838 1859 1907 γάρ
1893 1827 1932 1882 Β

271 1934 380 1984 τις,
410 1920 600 1988 φησὶν,
639 1920 736 1990 οὐχ
794 1921 883 1975 ἵνα
936 1922 1093 1991 μόνον
1147 1924 1472 1993 ἁροτριάσῃ
1511 1942 1524 1955 ⁸
1585 1927 1649 1979 ἐκ
1678 1927 1732 1979 δὲ
1752 1927 1859 1981 τῶν

272 2011 772 2082 καταϐαλλομένων
807 2014 1141 2084 σπερμάτων
1182 2016 1433 2086 καρποὺς
1484 2017 1860 2087 προσδεχόμε-

272 2117 384 2163 νος.
432 2102 607 2170 Κάγὼ
663 2108 842 2156 τοίνυν
905 2105 1073 2174 ὑμᾶς,
1109 2105 1186 2168 ὡς
1219 2107 1326 2176 γῆν
1370 2106 1745 2177 ὑλομανοῦσαν
1774 2110 1862 2163 διὰ

271 2189 375 2259 τὴν
405 2191 872 2263 είδωλολατρείαν,
895 2194 975 2265 τῷ
997 2196 1245 2259 Μωσέως
1299 2198 1629 2265 ἡροτρίασα
1685 2199 1860 2268 νόμῳ,

270 2281 354 2352 τῷ
380 2283 502 2352 ἐμῷ
528 2284 979 2355 προευτρεπεξων
1035 2287 1147 2351 Υἱῴ
1170 2286 1269 2357 τὴν
1300 2287 1407 2339 τῶν
1443 2288 1663 2355 ἀγαθῶν
1692 2306 1861 2360 σπερ-

276 2373 468 2443 μάτων
526 2375 855 2447 καταόολήν.
882 2377 948 2430 Τί
982 2371 1075 2431 οῦν
1126 2377 1217 2430 διὰ
1266 2378 1466 2442 παντὸς
1501 2381 1593 2432 τὸν
1639 2381 1863 2448 ἀρότην

275 2465 538 2536 στέργετε
572 2468 757 2538 νόμον,
802 2470 891 2523 ὅτε
915 2470 1110 2540 καιρδς
1137 2471 1235 2539 τῆς
1261 2471 1328 2524 δι’
1360 2471 1558 2536 ὕδατος
1580 2475 1674 2526 καὶ
1707 2472 1865 2527 πνεύ-

276 2574 449 2626 ματος
494 2559 889 2626 ἀναπλάσεως;
945 2561 1082 2631 πρὸς
1122 2564 1197 2632 ἢν
1234 2562 1559 2626 ὑπείκοντας
1588 2565 1735 2633 ὑμᾶς
1764 2565 1863 2618 οὐκ

276 2649 410 2719 ἔχω,
447 2650 582 2721 μηδὲ
616 2650 707 2704 τὸν
740 2651 946 2720 πηλὸν
1000 2653 1243 2723 ὁρῶντας
1288 2653 1383 2705 τοῦ
1436 2655 1754 2723 κεραμέως,
1789 2657 1862 2721 ὡς

272 2741 489 2794 ἐκείνου
538 2742 835 2796 πλάττεται
870 2759 928 2795 τε
958 2743 1053 2795 καὶ
1111 2743 1551 2813 μεταπλάττεται
1607 2747 1861 2816 νεύματι,

278 2832 453 2902 μηδὲν
473 2834 573 2903 τὴν
619 2834 1020 2904 δημιουργικὴν
1050 2835 1399 2904 μεμφόμενον
1447 2836 1636 2904 χεῖρα,
1669 2837 1745 2899 ὡς
1765 2837 1865 2907 τῆς

274 2922 635 2985 ἀναπλάσεως
690 2923 1004 2993 ἐπιστήμην
1058 2924 1159 2977 οὐκ
1207 2924 1618 2994 ἐχουσανςὰλλ’
1684 2927 1802 2979 οὐδὲ
1837 2930 1865 2980 ὁ

274 3013 642 3084 τεχθήσεσθαι
668 3015 878 3085 μέλλων
900 3016 1231 3069 πυνθάνεται
1260 3017 1367 3069 τοῦ
1399 3020 1656 3084 πατέρος
1684 3021 1736 3070 εἰ
1753 3018 1865 3085 ἄρα

276 3106 587 3174 γεννήσει.
605 3106 670 3159 Τί
696 3104 790 3161 οὖν
824 3108 984 3177 ὑμεῖς
1014 3108 1088 3177 μὴ
1120 3108 1197 3177 τῷ
1234 3108 1450 3161 πάντων
1482 3113 1857 3180 παραχωρεῖτε

1964 577 2017 624 et
2040 569 2173 623 illud
2210 586 2222 621 :
2263 567 2406 623 Num
2446 577 2671 639 propter
2704 585 2800 625 eos
2844 570 3053 640 pudore
3083 566 3407 630 adicientur,
3443 571 3535 639 qui

1966 667 2176 714 tantum
2210 676 2348 730 opus
2376 660 2579 730 ubique
2612 669 2883 715 terrarmn
2918 658 3322 716 absolverunt?
3351 657 3539 729 Neque

1964 765 2094 806 vero
2120 750 2341 813 desunt,
2378 750 2469 818 qui
2504 751 2584 804 sic
2605 764 2634 804 a
2667 749 2941 819 principio
2970 750 3266 819 explicent,
3320 757 3380 803 ut
3408 763 3540 803 cau-

1965 854 2102 904 sam,
2132 856 2239 909 qua
2264 840 2462 894 ductus
2493 839 2892 893 humanitatem
2923 841 3245 908 assumpsit,
3275 853 3399 893 cum
3429 836 3539 909 Ego

1965 947 2101 994 sum,
2134 932 2222 999 qui
2255 930 2427 983 creari
2458 938 2504 982 te
2531 928 2689 993 dicit,
2724 927 2908 982 alicrri
2936 928 3276 983 existiment.
3312 925 3538 991 Deinde,

1964 1030 2017 1079 et
2044 1022 2263 1077 verbum
2283 1037 2398 1075 sum
2428 1019 2718 1089 adjecisse,
2752 1029 2811 1073 ut
2838 1033 3021 1074 veram
3052 1032 3112 1074 se
3136 1018 3539 1084 exsistentiam,

1965 1128 2261 1183 veramque
2297 1112 2463 1165 vitam
2509 1126 2633 1166 esse
2663 1110 3096 1166 demonstraret.
3121 1109 3391 1177 Denique,
3422 1109 3536 1176 for-

1964 1207 2102 1259 mavi
2137 1217 2184 1259 te
2222 1204 2449 1269 dixisse,
2488 1211 2547 1257 ut
2579 1203 2643 1256 ad
2678 1202 3150 1271 incorruptionem
3174 1216 3250 1259 se.
3273 1201 3368 1270 qui
3390 1215 3543 1254 mor-

1964 1306 2072 1353 tem
2115 1310 2225 1350 non
2273 1295 2501 1359 fecerit,
2550 1294 2750 1363 cuique
2787 1293 2997 1346 nullum
3044 1292 3098 1345 iu
3151 1300 3298 1346 terra
3358 1291 3542 1347 simiie

1965 1388 2167 1442 animal
2193 1402 2315 1442 esse
2339 1387 2594 1448 voluerit,
2618 1382 3150 1452 creassejudicaret.
3170 1381 3239 1436 Te
3269 1383 3539 1451 siquidem

1965 1496 2127 1533 unum
2166 1479 2303 1534 meis
2350 1480 2469 1547 ipse
2506 1478 2783 1537 manibus,
2811 1475 3013 1544 inquit,
3057 1482 3312 1541 tanquam
3344 1472 3539 1540 ﬁgulus

1965 1568 2257 1636 e/I‘ormavi,
2291 1582 2522 1635 meaque
2554 1574 2605 1619 te
2632 1564 2890 1634 imagine,
2917 1573 3041 1630 post
3071 1562 3307 1616 cllictum
3340 1577 3540 1631 corpus

1966 1659 2196 1715 honoris
2232 1673 2365 1729 ergo
2401 1656 2623 1717 donavi,
2659 1663 2717 1707 ut
2750 1655 2815 1707 ad
2843 1652 3040 1707 Jobum
3072 1652 3346 1706 dicentem
3381 1668 3542 1722 repe-

1963 1751 2074 1805 rias
2094 1752 2178 1805 his
2193 1752 2402 1805 verbis:
2424 1768 2441 1799 ι
2470 1747 2608 1802 Num
2629 1754 2684 1800 tu
2714 1748 2829 1799 luto
2854 1754 3079 1813 accepto
3111 1744 3315 1797 tinxisti
3340 1744 3542 1797 animal

1962 1850 2015 1899 et
2046 1843 2237 1897 vocale
2261 1842 2393 1897 illud
2418 1840 2651 1912 posuisti
2689 1840 2740 1893 in
2777 1850 2918 1892 terra
2948 1838 3032 1889 '5?
3065 1856 3083 1888 ι
3124 1838 3186 1890 Εἰ.
3218 1837 3360 1906 apud
3386 1838 3542 1889 Davi-

1963 1934 2085 1988 dem
2113 1950 2127 1963 ·
2168 1950 2187 1984 ι
2227 1931 2473 1987 Minuisti
2510 1946 2633 1985 eum
2661 1930 2826 1999 paulo
2860 1928 3047 1981 minus
3075 1928 3143 1980 ab
3179 1927 3393 1995 angelis
3427 1926 3544 1993 glo-

1964 2026 2045 2080 ria
2066 2025 2131 2078 ".
2169 2043 2187 2077 ›
2219 2024 2485 2079 lsraelitis
2507 2021 2725 2087 deinde,
2757 2019 2850 2089 qui
2879 2019 3085 2088 liguras
3109 2033 3233 2072 cum
3262 2016 3461 2086 legales
3476 2022 3542 2068 ad

1963 2118 2249 2173 veritatem
2272 2114 2559 2168 traducere
2599 2113 3052 2172 criminarentur,
3095 2109 3412 2178 exprobrat.
3447 2107 3541 2161 Di-

1962 2209 2162 2263 cebant
2184 2206 2331 2261 enim
2363 2224 2376 2259 :
2409 2224 2427 2257 ι
2473 2204 2530 2259 Si
2555 2203 2822 2258 hichomo
2851 2210 2999 2257 esset
3023 2217 3050 2253 a
3078 2200 3206 2265 Deo,
3239 2198 3541 2253 Sabbatum

1963 2313 2074 2353 non
2109 2299 2348 2353 solveret
2383 2296 2451 2351 “.
2493 2316 2512 2349 ι
2546 2296 2680 2349 Arat
2710 2295 2855 2349 enim
2886 2292 3149 2364 quis,ait,
3184 2308 3293 2347 non
3329 2300 3540 2345 tantum

1964 2403 2021 2447 ut
2053 2402 2199 2457 aret,
2237 2392 2334 2447 sed
2360 2399 2418 2444 ut
2458 2406 2526 2444 ex
2560 2389 2831 2443 mandatis
2873 2387 3040 2440 humo
3064 2385 3389 2447 seminibus,
3428 2383 3543 2436 fru-

1964 2491 2086 2544 ctus
2102 2483 2266 2537 etiam
2285 2481 2576 2552 percipiat.
2608 2478 2793 2547 Itaque
2818 2485 2875 2532 et
2908 2492 3007 2530 vos
3030 2490 3131 2545 ego
3154 2484 3316 2530 terra:
3344 2474 3539 2534 instar.

1965 2574 2162 2642 inquit,
2200 2578 2427 2642 propter
2459 2568 2826 2624 idololatriam
2850 2566 3209 2625 luxuriantis,
3240 2563 3408 2617 Mosis
3429 2565 3546 2629 lege

1966 2665 2235 2728 subactos,
2262 2662 2403 2716 Filio
2431 2661 2594 2731 513
2616 2678 2727 2714 meo
2764 2660 2832 2714 ad
2867 2659 3027 2713 bona:
3054 2656 3318 2711 sementis
3348 2670 3547 2722 excep-

1965 2761 2169 2812 tionem
2223 2756 2545 2825 prmparavi.
2608 2752 2749 2820 Quid
2798 2752 2966 2823 igitur
3004 2750 3107 2819 ipsi
3164 2749 3350 2804 studio
3391 2755 3546 2798 tanto

1964 2850 2136 2918 legem
2172 2848 2224 2900 in
2257 2856 2523 2899 aratorem
2555 2859 2772 2913 semper
2803 2841 3054 2896 retinetis
3089 2857 3102 2904 ;
3155 2853 3268 2909 quo
3300 2846 3546 2905 tempore

1966 2937 2202 2989 maxime
2238 2951 2378 3004 aqua
2421 2944 2475 2990 ct
2520 2936 2713 3003 spiritu
2756 2935 2808 2987 in
2860 2932 3089 2986 [urinam
3136 2931 3298 2984 aliam
3346 2929 3545 2982 mutari

1966 3024 2160 3077 valetis
2188 3041 2200 3088 ;
2231 3040 2393 3093 quam
2421 3024 2525 3092 ipsi
2554 3022 2825 3091 :cl‘ugitis,
2849 3037 2987 3091 quos
3019 3022 3185 3074 latere
3214 3034 3318 3072 non
3346 3026 3546 3086 potest,

1970 3114 2138 3167 tutum
2177 3129 2272 3182 pro
2298 3114 2451 3182 ﬁguli
2474 3112 2703 3166 arbitrio
2731 3112 2895 3164 aliam
2928 3118 3091 3179 atque
3126 3108 3289 3160 aliam
3318 3106 3545 3175 tigtn‘am

274 3195 615 3266 Δημιουργῷ
646 3196 749 3275 ¹τὸν
795 3176 997 3267 τρόπον
1042 3176 1239 3249 εἰδέναι
1280 3197 1379 3265 τῆς
1432 3176 1856 3263 ἀναείλιίσεως,
1887 3176 1931 3234 c

1849 3240 1856 3262 ,
1887 3176 1931 3234 c
1974 3205 2120 3273 pati;
2156 3176 2662 3272 tteth-e'quiilquani
2693 3216 2838 3265 esse,
2869 3176 3018 3269 quod
3047 3196 3277 3251 artiﬁcis
3305 3212 3541 3256 manum,

277 3290 413 3359 περὶ
442 3283 511 3359 ἦς
536 3289 787 3374 λέγοντος
845 3290 940 3343 τοῦ
998 3288 1234 3358 Χριστοῦ
1281 3291 1591 3360 Νικόδημος
1647 3291 1860 3360 ἔλεγενο

283 3381 417 3448 allii]
454 3379 679 3434 δύναται
734 3380 1249 3454 ἄνθρωπος-γέρων
1266 3380 1339 3433 ὢν
1370 3382 1455 3444 εἰς
1511 3381 1612 3452 τὴν
1659 3382 1864 3436 κοιλίαν

274 3471 379 3541 τῆς
410 3471 645 3541 μητέρος
674 3471 839 3524 αὐτοῦ
879 3471 1136 3542 δεύτερον
1170 3470 1432 3525 εἰσελθεῖν
1465 3474 1560 3526 καὶ
1593 3474 1863 3543 γεννηθῆ-

278 3577 458 3626 ναις»

1974 3301 2234 3361 tanquam
2288 3290 2522 3359 fingendi
2573 3290 2858 3345 scientiam
2896 3304 3000 3341 non
3056 3288 3270 3348 habeat,
3319 3300 3548 3353 arguere

1973 3381 2202 3435 audeat?
2234 3382 2301 3434 At
2336 3381 2557 3434 minime
2586 3381 2679 3450 qui
2711 3381 3027 3433 nasciturus
3060 3387 3165 3439 est,
3201 3393 3229 3429 a
3268 3386 3419 3444 patre
3453 3393 3549 3429 suo

1975 3483 2391 3542 generalurusne
2437 3473 2528 3537 sit,
2578 3470 2900 3539 postulabit.
2940 3469 3083 3535 Quid
3117 3469 3280 3537 igitur
3309 3468 3549 3521 omnium

1978 3563 2159 3632 opiﬁci
2204 3564 2332 3627 Deo,
2382 3564 2603 3617 modum
2640 3562 2790 3616 illum
2838 3559 3110 3628 formandi
3158 3559 3395 3612 retinere
3441 3572 3551 3609 nun

278 3656 613 3723 conceditis,
650 3656 717 3711 de
743 3672 853 3728 quo
876 3658 1157 3713 Christum
1184 3660 1483 3730 alloquitur
1510 3660 1865 3724 Nicodemus,
1906 3659 2036 3715 dum
2071 3661 2186 3713 ait:
2231 3680 2247 3710 ι
2291 3659 2429 3714 Num
2460 3664 2643 3730 potest
2673 3658 2862 3720 lintno,
2910 3669 3037 3709 cum
3120 3653 3190 3708 sit
3260 3665 3448 3715 senex,
3496 3650 3548 3703 in

278 3756 531 3804 ventrem
561 3753 755 3805 matris
776 3767 888 3806 sum
918 3755 1115 3806 iterum
1149 3753 1379 3818 intrare,
1411 3765 1465 3809 et
1500 3754 1719 3809 renasci
1745 3755 1831 3807 ’9?
1871 3774 1888 3806 ι

356 3845 420 3897 Εἰ
444 3843 776 3914 ἐπετίμησεν
809 3844 924 3910 οῦν,
962 3848 1153 3914 φησὶν,
1189 3850 1222 3900 ὁ
1257 3848 1457 3917 πηλὸς
1488 3847 1567 3913 τῷ
1602 3848 1867 3916 κεραμεῖ,

278 3934 382 3989 καὶ
414 3933 595 4003 μήπω
644 3953 735 4001 τις
783 3937 1016 4004 τεχθεὶς
1060 3939 1314 3993 ἐπύθετο
1364 3939 1472 3992 τοῦ
1520 3940 1776 4006 πατέρος
1818 3941 1872 3993 τί

279 4026 516 4090 τέξεται
541 4043 556 4057 ⁸
584 4028 904 4098 ἐρωτήσατε
956 4029 1051 4081 καὶ
1070 4029 1227 4098 ὑμεῖς
1249 4030 1299 4081 οἱ
1328 4028 1577 4099 ἐσόμενοί
1606 4046 1707 4099 μου
1736 4028 1874 4082 κατὰ

278 4120 512 4189 καιροὺς
538 4118 643 4171 υἱοί
671 4136 731 4171 τε
764 4121 858 4173 καὶ
882 4120 1203 4191 θυγατέρες,
1233 4122 1357 4176 τίνα
1392 4121 1553 4175 τοῦτο
1581 4125 1874 4191 γενήσεται

277 4211 509 4282 τρόπον.
563 4211 944 4267 Ἐντείλασθέ
965 4230 1065 4281 μοι
1094 4213 1192 4266 καί
1224 4214 1357 4281 περί
1390 4214 1506 4266 τῶν
1540 4212 1728 4282 ἔργων
1754 4212 1872 4265 τῶν

278 4300 502 4371 χειρῶν
556 4319 698 4370 μου.
740 4302 887 4357 Ἀντὶ
933 4302 1051 4367 τοῦ,
1085 4303 1371 4369 διατάξατε
1425 4304 1542 4366 πῶς
1595 4304 1868 4373 ποιητέον,

274 4396 358 4458 ὡς
397 4394 702 4462 ἀγνοοῦντι.
731 4394 866 4464 Σιγῇ
910 4395 1017 4465 ἄρα
1066 4395 1205 4463 μετὰ
1238 4396 1450 4449 Παύλου
1484 4398 1708 4468 ῥητέον·
1755 4416 1773 4447 ι
1806 4398 1869 4448 Ὢ

281 4485 454 4555 βάθος
500 4486 736 4539 πλούτου
789 4487 883 4539 καὶ
914 4485 1103 4554 σοφίας
1124 4487 1219 4540 καὶ
1249 4486 1505 4555 γνώσεως
1531 4487 1696 4542 Θεοῦί
1729 4507 1747 4538 ι
1777 4489 1870 4541 καὶ

2041 3844 2097 3897 Si
2149 3842 2319 3897 lutum
2361 3852 2492 3907 ergo
2534 3835 2699 3905 ﬁgulo
2737 3830 3084 3894 succensuit,
3137 3828 3351 3899 inquit;
3396 3828 3552 3897 sique

1971 3936 2214 3992 nondum
2238 3933 2289 3987 in
2320 3933 2494 3985 lucem
2528 3928 2711 3983 editus
2746 3941 2876 3997 puer
2902 3942 2934 3978 a
2962 3934 3112 3992 patre
3140 3938 3256 3987 tuo,
3288 3921 3417 3991 quid
3459 3920 3552 3972 iile

1971 4032 2250 4101 geniturus
2282 4026 2374 4087 sit,
2397 4022 2651 4092 quaesivit
2686 4040 2699 4074 :
2730 4020 3068 4089 interrogate
3096 4025 3146 4071 et
3173 4016 3299 4085 ipsi,
3335 4014 3427 4083 qui
3455 4012 3551 4066 lilii

1974 4129 2026 4173 et
2066 4118 2190 4171 ﬁlia:
2212 4111 2513 4183 aliquando
2543 4109 2671 4163 mihi
2694 4108 2871 4173 eritis,
2891 4120 3130 4176 quanam
3155 4102 3303 4159 istud
3336 4102 3553 4157 ratione

1980 4206 2223 4259 futurum
2270 4202 2362 4257 sit.
2418 4200 2673 4254 Mandata
2730 4198 2859 4252 mihi
2896 4206 3157 4267 praaterea
3210 4200 3274 4250 de
3310 4195 3552 4263 operibus

1981 4312 2235 4349 manuum
2277 4309 2514 4346 mearum
2536 4290 2560 4345 ἐ
2606 4290 2660 4345 id
2690 4300 2796 4355 est,
2836 4290 2994 4352 mihi,
3034 4299 3294 4358 tanquam
3338 4286 3551 4357 ignaro.

1979 4388 2178 4458 agendi
2225 4384 2447 4439 modum
2493 4383 2740 4437 statuite.
2786 4383 2884 4437 Est
2928 4380 3171 4452 profecto
3215 4394 3338 4432 cum
3385 4376 3557 4429 l’aulo

1977 4482 2140 4535 tacite
2197 4476 2496 4532 dicendum
2534 4490 2547 4524 :
2588 4494 2605 4525 ι
2641 4472 2683 4527 0
2713 4472 2945 4526 altitudo
2985 4471 3299 4525 divitiarum
3325 4508 3339 4530 ,
3371 4477 3424 4522 et
3464 4482 3557 4521 sa-

278 4578 351 4632 τὰ
378 4578 465 4646 ἐφ’
498 4578 647 4648 ἑξῆς,
682 4578 875 4650 ἐτέρας
899 4578 1078 4647 λέγειν
1106 4580 1596 4649 παραγγελλοὺσης
1628 4580 1871 4652 Γραφῆς⁸
1908 4562 1952 4618 ί)

1862 4598 1871 4611 -
1908 4562 1952 4618 ί)
1983 4572 2318 4643 ρίειιιίωνει
2366 4566 2614 4621 scientiae
2639 4564 2730 4618 Dei
2763 4565 2840 4617 ³⁰ἰ
2894 4582 2911 4615 ι
2949 4570 3254 4630 εαξιοτιιιιιιθ
3280 4559 3389 4622 illa,
3433 4574 3554 4627 qu:e

290 4690 309 4721 ι
332 4670 460 4723 Ὅτι
490 4670 668 4724 πάντα
687 4669 935 4734 δύνασαι,
985 4671 1242 4724 ἀδυνατεῖ
1269 4670 1326 4725 δέ
1356 4689 1436 4724 σοι
1468 4672 1642 4726 οὐδέν.
1672 4692 1690 4724 ι
1720 4669 1875 4725 Οἶδεν

280 4760 399 4830 γὰρ
461 4762 800 4830 μεταποιεῖν,
853 4758 995 4812 καθᾶ
1054 4759 1141 4813 διὰ
1180 4759 1274 4813 τοῦ
1350 4759 1613 4829 Ἰεζεκιήλ
1675 4779 1871 4832 φησιν,

282 4853 371 4906 ὅτι
413 4872 432 4902 ι
462 4851 762 4906 Ἐκσπάσω
789 4854 887 4923 τὴν
938 4853 1164 4921 καρδίαν
1207 4854 1389 4907 αὐτῶν
1420 4855 1518 4925 τὴν
1566 4855 1773 4926 λιθίνην
1811 4856 1877 4909 ἐκ

282 4945 616 5016 τῆςνσαρκὸς
642 4944 842 5011 αὐτῶν,
868 4945 967 4999 καὶ
994 4944 1151 4999 δώσω
1195 4946 1380 5011 αὐτοῖς
1419 4947 1648 5016 καρδίαν
1693 4948 1881 5015 σαρκί-

282 5055 413 5109 νην,
444 5036 539 5091 τοῦ
577 5036 778 5090 εἰδέναι
831 5037 1029 5101 αὐτοὺς
1080 5038 1201 5108 ἐμὲ,
1235 5038 1316 5091 ὄτι
1342 5038 1454 5106 ἐγὼ
1484 5037 1704 5109 Κύριος.
1732 5057 1750 5089 ι
1786 5038 1876 5091 Διὸ

281 5130 387 5182 καὶ
405 5128 506 5199 τὴν
535 5129 672 5182 ἰδίαν
695 5129 1139 5199 ἐπιδεικνύμενος
1163 5128 1410 5201 δύναμιν,
1446 5129 1595 5200 Ἐγὼ
1618 5131 1878 5198 ἐποίησα

282 5220 432 5292 γῆν,
458 5219 559 5274 καί
591 5219 908 5289 ἄνθρωπον
945 5220 1038 5274 ἐπ’
1085 5219 1292 5288 αὐτῆς,
1332 5221 1392 5274 '0
1417 5222 1526 5293 γὰρ
1562 5221 1750 5285 κτίσας
1785 5222 1879 5277 καὶ

282 5312 583 5366 ἀνακτίσαι
642 5312 954 5379 δυνήσεται.
992 5310 1168 5380 Χεῖρα
1192 5312 1249 5366 δέ
1282 5313 1444 5367 πάλιν
1496 5313 1650 5381 φησὶ,
1694 5312 1783 5365 τὸν
1807 5310 1875 5364 δι’

283 5393 355 5455 οὗ
374 5402 447 5454 τὰ
474 5400 654 5454 πάντα
683 5398 982 5468 πεποίηκεν
1002 5398 1150 5451 Υἱόν.
1172 5417 1189 5449 t
1221 5398 1309 5469 Τῷ
1333 5399 1493 5468 Λόγῳ
1526 5398 1631 5468 γὰρ
1667 5395 1872 5466 Κυρίου

1978 4675 2305 4734 sequuntur.
2354 4658 2511 4726 Quod
2549 4667 2601 4713 et
2641 4657 2772 4711 alibi
2812 4654 3099 4723 Scriptura
3145 4653 3388 4717 indicat,
3429 4666 3553 4705 cum

1978 4758 2053 4810 ait
2082 4775 2095 4805 τ
2131 4775 2147 4806 ι
2181 4753 2374 4808 Omnia
2405 4758 2585 4821 potes.
2623 4763 2798 4817 neque
2840 4747 3136 4817 quidquam
3165 4755 3268 4808 est,
3303 4742 3447 4812 quod
3477 4742 3556 4798 ei.

1978 4848 2141 4901 licere
2173 4859 2278 4898 non
2302 4856 2475 4911 queas
2497 4842 2561 4893 ".
2590 4859 2607 4890 ι
2645 4837 2807 4891 Novit
2841 4836 2988 4891 enim
3021 4837 3074 4888 in
3102 4834 3295 4888 melius
3318 4847 3563 4887 commv-

1976 4948 2113 5001 tare,
2140 4946 2193 4993 et
2229 4938 2571 4998 instaurare;
2606 4932 2753 4987 sicut
2806 4928 2949 4998 apud
2980 4926 3317 4981 Ezechielem
3360 4925 3413 4978 in
3446 4924 3557 4978 hme

1986 5030 2153 5085 verba
2192 5026 2423 5097 legimus
2460 5041 2473 5077 :
2515 5042 2533 5074 ι
2564 5022 2806 5076 Evcllam
2831 5033 2927 5072 cor
2953 5030 3143 5071 eorum
3192 5013 3463 5083 lapideum
3491 5010 3557 5063 de

1987 5136 2153 5179 carne
2178 5133 2390 5181 eorum,
2420 5125 2475 5172 et
2509 5114 2653 5169 dabo
2678 5113 2786 5167 illis
2817 5125 2914 5165 cor
2941 5124 3228 5169 carneum,
3251 5114 3309 5159 ut
3343 5104 3443 5175 ipsi
3472 5103 3557 5157 vi-

1987 5212 2151 5267 deant
2186 5224 2290 5271 me,
2338 5207 2466 5277 quia
2498 5220 2599 5276 ego
2633 5217 2756 5257 sum
2797 5199 3066 5254 Dominus
3091 5198 3154 5257 ξ’.
3200 5215 3217 5247 ι
3268 5194 3457 5264 Itaque
3503 5201 3558 5246 et

1989 5318 2142 5359 suam
2186 5302 2301 5369 ipse
2346 5297 2608 5353 virtutem
2638 5294 3049 5355 demonstrans,
3076 5298 3269 5341 terram
3301 5301 3355 5338 se
3380 5294 3429 5337 et
3462 5282 3555 5333 Iw-

1986 5396 2176 5448 minent
2199 5394 2252 5445 in
2289 5408 2350 5444 ea
2395 5389 2575 5457 fecisse
2629 5385 2728 5439 ait.
2777 5381 2967 5438 Potest
3020 5378 3164 5435 enim
3209 5375 3350 5431 idem
3392 5375 3557 5428 etiam

364 5516 415 5548 ¹⁶
462 5513 565 5570 Job
624 5530 681 5576 ι,
708 5513 759 5569 9.
835 5515 880 5546 ’⁷
923 5513 1061 5567 Psal.
1094 5529 1211 5576 νιιι,
1247 5514 1313 5581 ϐ;
1357 5512 1522 5571 llebr.
1546 5529 1602 5577 ιι,
1648 5511 1697 5564 7.
1777 5510 1821 5542 ⁸⁸
1856 5508 2012 5563 Joan.
2053 5524 2056 5558 ι

1856 5508 2012 5563 Joan.
2053 5522 2123 5572 Ix,
2150 5506 2232 5558 lli.
2310 5504 2352 5534 ³⁵³
2376 5500 2532 5557 Joan.
2567 5515 2647 5564 Ill,
2673 5498 2722 5551 4.
2802 5497 2847 5528 ³ο
2877 5492 3032 5549 Rom.
3068 5505 3143 5553 ιι,
3177 5489 3266 5545 '55.
3342 5486 3382 5518 ³¹
3419 5484 3548 5555 Sap.

290 5608 376 5656 xi,
413 5587 500 5643 18.
578 5584 623 5617 "
650 5584 849 5639 Ezech.
887 5600 964 5650 st,
996 5583 1080 5649 l9,
1129 5585 1220 5640 20.

1581 5671 1812 5734 VARUS
1850 5667 2245 5729 LECTIONl‘ZS.

408 5765 441 5786 "'
477 5769 566 5826 ισ.
598 5770 757 5824 λείπ.
806 5767 999 5837 πηλόν.
