4262 6434
730 349 874 414 2427

2063 356 2411 417 PROCOPII
2451 356 2695 417 GAZ/EI

3846 354 3976 420 2123

735 462 1049 515 instaurare
1089 460 1180 530 qui
1212 461 1484 517 condidit.
1513 459 1715 517 Filium
1749 463 1968 528 deinde,
2010 480 2109 534 per
2143 479 2304 534 quem
2336 467 2381 523 Α
2408 480 2418 514 ι

2285 479 2304 516 t
2336 467 2381 523 Α
2408 463 2457 515 oi
2486 463 2705 533 οὐρανοὶ
2725 462 3159 534 ἐστερεώθησαν,
3195 484 3213 517 ι
3243 467 3301 528 ὃς
3326 464 3419 518 καὶ
3452 465 3576 531 τοῖς
3605 467 3852 534 ἄστροις
3880 472 3968 523 ἐν-

734 568 765 603 a
794 567 853 605 se
876 561 1061 607 creata
1096 562 1223 607 sunt
1262 555 1469 617 omnia,
1504 554 1623 625 ipso
1656 571 1841 609 manus
1887 557 2107 609 nomine
2149 556 2299 610 intel-

738 644 887 697 lexit.
907 642 1118 698 «Verbo
1141 644 1412 713 siquidem
1435 644 1649 699 Domini
1677 645 1804 700 coeli
1826 646 2025 700 ﬁrmati
2042 658 2174 701 sunt
2197 646 2264 700 ³³ε
2281 665 2300 698 ι

735 749 909 802 eoque
940 737 1100 788 astris
1134 734 1444 801 mandante,
1486 737 1537 789 in
1573 736 1681 789 diei
1721 736 1943 806 quidem
1981 745 2304 805 potestatem

736 826 847 889 Sol;
886 826 937 877 in
976 826 1154 879 noctis
1187 836 1394 890 autem,
1433 829 1559 881 luna
1594 829 1842 883 emicuit.
1875 828 2032 883 Unde
2072 829 2205 881 illud
2249 829 2304 881 in

734 914 1007 969 Psalmis:
1042 936 1060 968 ι
1114 916 1207 971 Sol
1252 920 1509 988 cognovit
1550 936 1812 975 occasum
1861 937 2019 975 suum
2067 921 2131 974 “.
2175 939 2193 971 ι
2241 921 2306 973 Et

733 1006 932 1058 iterum
969 1024 983 1060 :
1020 1025 1037 1057 ι
1080 1007 1161 1060 Tu
1191 1008 1498 1063 fabricatus
1518 1026 1578 1064 es
1602 1011 1773 1063 solem
1799 1019 1853 1063 et
1882 1012 2065 1063 lunam
2097 1010 2163 1061 ⁸⁸.
2194 1028 2213 1061 t
2238 1010 2306 1062 At

730 1109 945 1160 eorum,
978 1112 1099 1165 quze
1134 1108 1556 1167 praecesserunt,
1584 1102 1836 1153 notitiam
1859 1100 2160 1166 illustrant,
2183 1117 2304 1169 qure

732 1186 988 1256 deinceps
1029 1197 1373 1257 sequuntur;
1406 1191 1607 1258 quibus
1644 1190 1877 1257 justitite
1916 1206 2010 1243 rea:
2047 1190 2304 1246 Christus

731 1277 1079 1343 praedicatur,
1128 1278 1292 1348 519
1324 1283 1415 1348 qui
1447 1281 1665 1349 justitia
1721 1283 1839 1349 ipsa
1878 1292 1983 1336 est.
2032 1283 2121 1335 Ait
2159 1284 2303 1335 enim

728 1367 891 1419 etiam
918 1368 1124 1422 alicubi
1161 1387 1173 1423 :
1216 1388 1233 1420 ι
1275 1371 1419 1423 Ecce
1442 1379 1591 1423 certe
1622 1379 1815 1440 regnat
1847 1371 2074 1440 justitite
2108 1388 2224 1436 rex,
2253 1383 2307 1427 et

727 1446 1008 1526 principes
1040 1460 1399 1527 cumjudieio
1433 1462 1783 1531 imperabunt
1806 1466 1876 1519 ⁸⁸.
1921 1484 1939 1516 ι
1981 1463 2115 1517 Nam
2167 1480 2306 1533 prse-

726 1550 976 1612 terquam
1009 1548 1151 1613 quod
1179 1558 1374 1601 natura
1405 1564 1527 1603 cum
1557 1562 1709 1620 patre
1728 1568 1821 1606 rex
1842 1560 1927 1607 est
1947 1594 1962 1618 ,
1988 1567 2085 1607 eos
2113 1554 2301 1618 etiam,

730 1635 822 1701 qui
854 1635 1200 1701 defecerunt,
1230 1651 1511 1707 assumpta
1542 1655 1710 1695 carne
1750 1642 1947 1695 iterum
1987 1642 2089 1697 sibi
2118 1642 2305 1711 subje-

727 1725 805 1777 cit
840 1742 852 1776 :
885 1725 990 1789 Qui
1010 1729 1120 1779 vias
1154 1739 1344 1794 rectas,
1377 1729 1428 1783 id
1460 1737 1546 1784 est
1587 1729 2017 1799 Evangeliorum
2048 1734 2299 1799 oracula,

2409 556 2681 610 ετείλατο
2707 557 2963 623 διατάξας
2996 558 3087 609 τὸν
3116 559 3215 626 μὲν
3242 560 3392 627 ἣλιον
3416 562 3495 621 εἰς
3525 560 3698 628 ἀρχὰς
3726 564 3821 630 τῆς
3844 564 3973 631 ἠμέ-

2409 663 2530 716 ρας,
2582 647 2771 710 νυκτὸς
2797 648 2851 701 δὲ
2888 650 2987 718 τὴν
3043 649 3295 717 σελήνην.
3360 652 3451 701 Διό
3482 666 3646 718 φησιν
3669 653 3695 701 ὁ
3718 651 3926 721 ψαλμός
3959 670 3971 682 σ

2414 756 2433 787 ι
2467 738 2525 789 Ὀ
2552 737 2703 807 ἥλιος
2724 738 2866 807 ἔγνω
2907 741 3006 809 τὴν
3041 739 3195 791 δύσιν
3221 740 3404 792 αὑτοῦ.
3433 760 3451 791 ι
3486 741 3594 793 Kal.
3624 742 3785 793 πάλιν
3804 759 3818 773 -
3860 761 3877 791 ι
3906 744 3973 794 Σὺ

2407 828 2721 894 κατηρτίσω
2753 828 2904 898 ἥλιον
2933 830 3029 880 καὶ
3052 828 3302 898 σελήνην.
3330 847 3347 878 ι
3383 829 3495 898 Τὴν
3527 829 3583 881 δέ
3610 831 3719 882 τῶν
3746 831 3977 897 φθασάν-

2405 931 2512 965 των
2534 916 2743 968 ἕννοιαν
2766 918 2835 969 τὰ
2881 920 3020 986 μετά
3066 916 3237 969 ταῦτα
3294 917 3461 986 δηλοῖ,
3490 919 3555 969 δι’
3587 912 3663 970 ὧν
3684 922 3713 971 ό
3744 920 3971 988 Χριστὸς

2407 1006 2706 1072 Βασιλεὺς
2754 1007 3144 1073 δικαιοσύνης
3187 1009 3516 1077 κηρύττεται
3541 1009 3801 1078 ὑπάρχων
3826 1010 3974 1061 αὑτό-

2406 1112 2595 1164 χρημα
2627 1095 3007 1163 δικαιοσύνη.
3038 1098 3145 1150 Καὶ
3165 1096 3397 1166 ἀλλαχοῦ
3420 1098 3526 1167 γάρ
3550 1114 3746 1166 φησιν’
3787 1116 3806 1147 ι
3850 1098 3972 1149 ’1ὂοὺ

2404 1185 2468 1256 δὴ
2498 1185 2751 1254 βασιλεῦς
2800 1186 3149 1254 δικαιοσύνης
3206 1187 3517 1257 βασιλεύει,
3575 1190 3669 1240 καὶ
3720 1190 3973 1257 ἄρχοντες

2408 1277 2546 1344 μετά
2577 1277 2809 1345 κρίσεως
2854 1278 3134 1347 ἄρξουσιν.
3162 1297 3181 1330 t
3244 1280 3409 1331 Φύσει
3463 1279 3572 1346 γὰρ
3618 1277 3693 1330 ὢν
3751 1281 3848 1332 σὺν
3900 1278 3974 1347 τῷ

2406 1368 2609 1438 Πατέρι
2640 1368 2944 1434 βασιλεὺς
2992 1371 3121 1432 τοὺς
3166 1370 3510 1432 ἀποστάντας
3559 1370 3718 1432 αὖθις
3743 1370 3973 1432 ὑπέταξε

2407 1460 2731 1529 σαρκωθεὶς,
2752 1460 2932 1525 ὀδοὺς
2958 1460 3115 1528 ἔχων
3128 1463 3365 1526 εὐθείας
3393 1461 3461 1513 τὰ
3490 1461 3599 1514 τῶν
3632 1460 3974 1527 Εὑαγγελὶων

2405 1548 2768 1618 θεσπίσματα.
2798 1550 3016 1603 Σκολιὸν
3031 1551 3142 1621 γὰρ
3157 1550 3308 1604 οὐδὲν
3325 1553 3384 1604 ἐν
3410 1552 3615 1613 αὑτοῖς.
3640 1550 3713 1602 Τὸ
3728 1552 3783 1603 δὲ
3798 1550 3968 1617 τραχὺ

2402 1640 2511 1693 τῶν
2541 1640 2782 1710 νομικῶν
2806 1643 3145 1709 ἐκπέφευγεν
3178 1642 3558 1712 ἐνταλμάτων.
3592 1641 3966 1710 Τεθεμελίωκε

2404 1731 2463 1785 δὲ
2495 1731 2594 1801 τὴν
2630 1732 2959 1802 Ἐκκλησίαν
3018 1733 3182 1796 αὑτὸς
3238 1733 3315 1787 ὣν
3360 1733 3630 1803 θεμέλιος,
3678 1734 3798 1800 Ἐφ’
3822 1726 3864 1798 ᾧ
3889 1732 3976 1783 καὶ

727 1813 783 1865 in
816 1815 1016 1881 quibus
1059 1818 1193 1869 nihil
1232 1834 1482 1887 pravum,
1516 1821 1760 1892 nihilque
1799 1824 2089 1877 sinuosum
2140 1840 2300 1894 repe-
2332 1809 2376 1863 Β

2291 1854 2300 1867 ι
2332 1809 2376 1863 Β
2410 1826 2569 1893 ἡμεῖς
2598 1823 3101 1892 ἐποικώομούμεθα
3117 1823 3193 1888 ὼς
3217 1823 3357 1877 λίθοι
3390 1825 3725 1887 πολυτελεῖς,
3750 1826 3829 1883 εἰς
3855 1822 3974 1875 ναὸν

722 1901 859 1968 tias,
913 1905 1121 1972 edidit;
1166 1910 1259 1976 qui
1302 1908 1441 1963 dura
1490 1911 1624 1981 legis
1669 1913 1925 1967 mandata
1971 1914 2292 1969 declinavit.

721 1992 867 2049 liene
895 2009 1074 2051 autem
1124 2001 1379 2056 Eoi-lesia:
1423 2002 1562 2057 idem
1610 2002 1962 2059 fundamenta
2004 2004 2157 2072 jecit,
2209 2006 2302 2075 qui

720 2085 1142 2145 fundamentum
1171 2101 1277 2161 est,
1311 2111 1480 2164 super
1507 2098 1655 2164 quod
1687 2107 1741 2151 et
1767 2098 1892 2165 ipsi,
1922 2105 2180 2166 tanquam
2218 2099 2299 2151 la-

718 2179 874 2246 pides
914 2184 1138 2250 pretiosi
1176 2185 1243 2250 ",
1273 2187 1326 2239 in
1353 2186 1729 2240 habitaculum
1761 2186 1854 2242 Dei
1885 2189 1939 2242 in
1975 2190 2173 2258 spiritu
2202 2205 2297 2243 su-

720 2273 1089 2337 perstruinmr
1117 2295 1131 2329 :
1158 2278 1249 2344 qui
1268 2280 1437 2345 gratis
1460 2294 1559 2333 nos
1586 2280 1850 2334 servitute
1878 2280 2099 2349 eripuit.
2132 2298 2151 2331 ι
2187 2281 2300 2336 Ne-

2412 1916 2588 1981 ἇγιον,
2617 1914 2697 1976 είς
2726 1915 3147 1984 κατοικητήριον
3202 1915 3296 1967 τοῦ
3349 1914 3483 1967 Θεοῦ
3512 1917 3569 1968 ἐν
3599 1914 3897 1982 Πνεύματι,
3922 1914 3976 1975 ὃς

2411 2008 2483 2060 οὺ
2498 2005 2649 2073 μετᾶ
2665 2004 2869 2073 δώρων
2881 2005 2978 2076 τὴν
2998 2007 3272 2077 ἡμετέραν
3292 2007 3669 2075 αἰχμαλωσίαν
3690 2006 3973 2077 ἐρρύσατο.

2407 2115 2426 2149 ι
2451 2098 2525 2149 Οὑ
2562 2098 2671 2167 γὰρ
2688 2097 2969 2168 φθαρτοῖς,
2984 2099 3170 2169 φησὶν,
3190 2098 3489 2167 ἀργυρίῳῆ
3518 2099 3727 2167 χρυσίῳ
3748 2098 3976 2166 ἐλυτρὼο

2402 2188 2579 2259 θημεν
2596 2190 2770 2258 ἐκτῆς
2795 2190 3034 2259 ματαίας
3049 2190 3209 2258 ἡμῶν
3234 2189 3584 2260 ἀναστροφῆς
3617 2205 3972 2259 πατροπαρα-

2401 2278 2581 2342 δότου,
2641 2279 2779 2332 ἀλλά
2830 2278 2997 2347 τιμίῳ
3053 2279 3254 2348 αἵματι
3286 2279 3359 2340 ὡς
3381 2279 3557 2347 ἀμνοῦ
3604 2277 3839 2347 ἀμώμου
3886 2276 3974 2327 καὶ

717 2378 825 2430 quc
865 2365 1011 2419 enim
1044 2370 1521 2437 corruptibilihus,
1551 2379 1800 2441 argento,
1834 2372 2063 2426 velauro
2088 2371 2302 2427 redem-
2399 2403 2400 2418 ι

2287 2402 2302 2415 -
2399 2372 2633 2426 ἀσπίλου
2656 2371 2914 2442 Χριστοῦ.
2948 2390 2967 2423 t
3006 2372 3120 2424 Οὑκ
3145 2370 3311 2440 ἐσμὲν
3332 2366 3425 2424 οὖν
3456 2370 3685 2433 ἐαυτῶν,
3716 2369 3854 2422 ἀλλά
3882 2366 3970 2418 τοῦ

720 2455 796 2522 pti
825 2470 1041 2521 sumus,
1073 2458 1140 2513 de
1186 2475 1323 2513 vana
1356 2470 1545 2515 nostra
1586 2462 2014 2515 conversatione
2055 2473 2300 2529 paternae

2402 2465 2726 2534 πριαμένου.

721 2546 1056 2613 traditionis,
1085 2550 1175 2603 sed
1202 2553 1445 2619 pretioso
1476 2553 1746 2620 sanguine
1770 2552 1928 2621 quasi
1952 2556 2076 2621 agni
2099 2555 2434 2610 immaculati
2465 2555 2673 2611 Christi
2722 2561 2778 2610 et
2834 2554 3252 2609 incontaminati
3286 2555 3351 2606 ³⁸.
3399 2572 3419 2605 ›
3455 2552 3575 2609 Non
3614 2568 3809 2609 sumus
3876 2555 3974 2626 igi-

724 2645 813 2688 tur
842 2638 1014 2692 nostri
1045 2638 1222 2707 juris;
1260 2641 1354 2696 sed
1384 2642 1524 2710 ejus,
1550 2643 1644 2711 qui
1675 2655 1779 2696 nos
1810 2643 2059 2697 redemit.

792 2727 927 2779 Cum
961 2742 1141 2782 autem
1193 2730 1474 2783 Christqu
1528 2732 1759 2785 dixisset
1792 2740 1955 2785 antea
1989 2749 2147 2787 suum
2198 2749 2297 2803 po-

724 2818 912 2885 pulum
949 2835 1071 2873 esse
1101 2835 1538 2890 conversurum;
1570 2825 1794 2894 quinam
1849 2828 1884 2881 ii
1945 2837 2153 2893 essent,
2203 2830 2296 2899 qui

726 2910 910 2961 vocari
976 2909 1261 2973 deberent,
1321 2911 1615 2967 confestim
1667 2916 1899 2980 addidit,
1954 2928 2172 2986 sumpto
2231 2918 2298 2972 ab

727 2995 1046 3050 idoiolatriae
1091 2998 1453 3054 deditissimis
1505 3004 1777 3072 exemplo,
1825 3021 1934 3074 quo
1982 3007 2294 3061 liberatoris

725 3088 901 3143 virtus
958 3091 1132 3159 magis
1170 3092 1516 3148 enitesceret.
1552 3093 1632 3148 Ad
1674 3111 1802 3152 oves
1834 3098 2003 3163 enim,
2059 3114 2178 3167 qua:
2208 3114 2303 3167 pe-

2478 2730 2613 2799 Περὶ
2639 2728 2693 2782 δὲ
2716 2726 2812 2780 τοῦ
2874 2727 3111 2797 Χριστοῦ
3160 2728 3479 2797 προειπὼν,
3532 2730 3619 2783 ὅτι
3665 2732 3977 2803 ἐπιστρέψει

2402 2825 2495 2875 τὸν
2534 2821 2660 2873 λαδν
2690 2818 2881 2882 αὑτοῦ,
2934 2818 3138 2883 εὑόέως
3164 2821 3436 2889 ἐπήνεγκε
3459 2820 3608 2884 τίνες
3639 2824 3690 2875 οἱ
3716 2824 3981 2895 κληθησό-

2406 2926 2592 2979 μενοι,
2644 2908 2846 2976 δεῖγμα
2896 2907 3004 2959 τῶν
3055 2907 3457 2978 εἰδωλολατρῶν
3502 2912 3628 2972 τοὺς
3673 2912 3875 2979 ἄκρους
3926 2915 3981 2964 ἐν

2402 3000 2574 3069 ταύτῃ
2592 2998 2773 3050 λαϐὼν
2789 2999 2867 3059 είς
2882 2997 3106 3062 ἔνδειξιν
3124 2998 3219 3066 τῆς
3238 2997 3331 3051 τοῦ
3357 3001 3658 3064 σεσωκὸτος
3680 3003 3978 3071 δυνάμεως,

2420 3089 2725 3158 Ἀπεστάλη
2782 3088 2883 3157 μὲν
2930 3090 3038 3157 γὰρ
3091 3089 3227 3157 πρὸς
3262 3090 3330 3141 τὰ
3362 3090 3682 3144 ἀπολωλότα
3741 3094 3984 3160 πρόϐατα

729 3181 936 3232 rierant
970 3180 1038 3235 de
1085 3182 1261 3236 domo
1295 3182 1481 3249 Israel,
1545 3188 1750 3242 missus
1805 3197 1924 3242 erat
1951 3191 2168 3257 quidem
2224 3190 2302 3257 ³⁹;
2332 3149 2380 3211 c
2410 3206 2412 3220 '

2300 3238 2302 3248 ν
2332 3149 2380 3211 c
2410 3181 2563 3233 οἴκου
2610 3149 2847 3248 Ἰσραήλ.
2869 3174 2880 3186 ’
2901 3149 2987 3240 ἰλς
3008 3149 3019 3157 -
3046 3178 3103 3231 δὲ
3136 3149 3526 3233 ’ἀπελάκτισεν
3549 3184 3578 3234 ὁ
3630 3149 3983 3252 ἠγαπημένος

729 3272 821 3322 sed
850 3271 939 3322 ubi
970 3270 1162 3324 eodem
1195 3274 1474 3327 trucidato
1506 3277 1877 3331 recalcitravit
1908 3279 2162 3341 dilectus,
2194 3288 2307 3332 sta-

694 3362 703 3371 '
727 3363 823 3413 tim
852 3362 1104 3429 gentibus
1134 3364 1331 3418 illuxit.
1358 3365 1619 3435 lntelligit
1646 3379 1827 3422 autem
1858 3384 1954 3437 per
1987 3368 2305 3437 Aithiopum

728 3450 1149 3517 negotiationem,
1170 3450 1556 3507 Thebanorum
1579 3456 1760 3521 urbes,
1781 3459 1986 3525 quibus
2020 3468 2075 3512 et
2107 3460 2185 3513 illi
2214 3460 2307 3513 ad-

723 3541 929 3608 jacent,
959 3543 1047 3610 qui
1080 3541 1302 3596 Sabaim
1332 3546 1709 3600 nominantur.
1766 3547 1892 3602 Ideo
1939 3565 2103 3619 porro
2160 3552 2305 3605 labo-

727 3650 874 3687 rasse
900 3635 1052 3695 dicit,
1077 3635 1221 3703 quod
1245 3637 1622 3694 acerbissimis
1649 3642 1899 3709 tyrannis
1943 3641 2291 3709 inservirent,

727 3739 755 3776 a
783 3725 983 3791 quibus
1018 3740 1207 3777 eorum
1238 3726 1395 3781 liberi
1422 3728 1477 3781 in
1506 3729 1775 3783 idolorum
1813 3732 2147 3786 sacriﬁcium
2187 3734 2304 3787 exi-

724 3817 1030 3885 gebantur:
1072 3817 1176 3882 vel,
1213 3825 1273 3871 ut
1302 3818 1581 3900 ingentem
1609 3821 1780 3877 fuisse
1805 3837 1995 3877 eorum
2034 3824 2302 3892 supersti-

727 3911 931 3962 tionem
965 3909 1254 3973 indicaret,
1286 3925 1407 3979 qua:
1434 3919 1690 3980 superata
1721 3912 1775 3966 in
1809 3913 2065 3981 pietatem
2111 3914 2298 3968 a‘oivit.

728 4000 822 4054 Est
848 4000 991 4054 enim
1026 4000 1078 4052 id
1112 4015 1275 4054 omne
1300 4000 1604 4065 sublatum,
1640 4001 1786 4071 quod
1818 4002 1907 4056 isti
1938 4001 2299 4071 repugnabat.

723 4090 890 4146 Nam:
939 4108 958 4141 ι
997 4089 1099 4145 Ubi
1131 4092 1429 4146 abundavit
1477 4102 1790 4162 peccatum,
1833 4091 2301 4161 superabundavit

722 4193 777 4235 et
814 4184 987 4252 gratia
1019 4182 1097 4237 ‘°:
1134 4200 1153 4233 ι
1202 4197 1327 4237 cum
1381 4184 1584 4254 ubique
1637 4185 1782 4254 apud
1835 4200 1930 4240 eos
1970 4193 2301 4241 constructa:

723 4274 988 4341 ecclesiae,
1028 4283 1176 4328 tanta
1207 4277 1631 4341 monachorum,
1659 4285 1810 4329 tanta
1846 4275 2117 4345 virginum
2143 4291 2301 4332 exer-

720 4367 1042 4421 citationum
1079 4368 1358 4423 laboribus
1392 4368 1824 4423 incumbentium
1865 4366 2118 4421 examina
2174 4382 2298 4421 cer-

2414 3273 2741 3335 ἀποκτείνας
2767 3272 2954 3335 αὑτὸν,
3010 3271 3323 3340 ἐπέλαμψεν
3379 3273 3580 3325 αὐτίκα
3618 3278 3731 3335 τοῖς
3756 3274 3982 3327 ἔθνεσιν.

2409 3367 2705 3420 Αἰθιόπων
2729 3363 2785 3415 δέ
2836 3379 3003 3431 φησιν
3028 3363 3338 3431 ἐμπορίαν,
3370 3363 3467 3425 τὰς
3490 3364 3744 3440 Θηὸαίων
3786 3366 3983 3429 πόλεις,

2410 3451 2490 3517 οἷς
2505 3454 2694 3523 ὅμοροι
2725 3452 3003 3519 Σαϐαείμ.
3048 3451 3418 3504 Ἐκοπίασαν
3454 3453 3511 3505 δὲ
3542 3457 3760 3522 πικροῖς
3792 3455 3985 3523 τυρὰνο

2410 3562 2520 3608 νοις
2579 3542 2950 3608 δουλεύοντες,
2982 3543 3064 3605 εἰς
3108 3540 3299 3603 θυσίας
3358 3542 3602 3595 αἰτοῦσιν
3640 3544 3790 3605 υἱοὺς
3812 3544 3989 3596 αὐτῶν

2410 3638 2504 3689 καὶ
2533 3635 2864 3703 θυγατέρας·
2896 3634 3066 3703 ἤγουν
3085 3633 3147 3685 τὸ
3175 3631 3390 3686 εὑτονον
3417 3635 3594 3686 αὑτῶν
3613 3636 3712 3704 τῆς
3737 3636 3989 3698 ἀσεὸείας

2408 3726 2669 3781 ἐνέδωκεν
2717 3724 2952 3795 ἡττηθὲν
2991 3725 3073 3786 είς
3099 3723 3407 3777 εὐσέϐειαν.
3455 3725 3685 3794 Διελύθη
3717 3726 3828 3796 γὰρ
3868 3728 3990 3779 ὅσον

2406 3815 2554 3887 εἶχον
2584 3818 2719 3887 πρὸς
2752 3816 2954 3886 ταύτην
2987 3816 3325 3869 ὲνστατικόν.
3371 3835 3388 3867 ι
3420 3802 3495 3869 OB
3529 3817 3638 3885 γὰρ
3662 3818 3988 3887 ἐπερίσσευ-

2410 3926 2501 3961 σεν
2529 3910 2562 3978 ἡ
2594 3906 2862 3977 ἁμαρτία,
2888 3907 3431 3976 ὑπερεπερίσσευσεν
3462 3908 3495 3977 ὴ
3525 3908 3705 3977 χάρις,
3734 3927 3753 3958 t
3788 3926 3993 3962 παντα·

2407 3995 2506 4067 χοῦ
2562 3995 2970 4065 καθιδρυμένων
2997 3996 3054 4046 ἐν
3084 3994 3297 4057 τούτοις
3358 3995 3689 4065 ἐκκλησιῶν,
3718 3998 3991 4049 τοσούτων

2405 4104 2466 4140 τε
2501 4088 2633 4159 παρ’
2665 4088 2850 4148 αὑτοῖς
2914 4085 3210 4157 ὁρωμένων
3264 4086 3551 4155 μοναστῶν
3582 4089 3674 4138 καὶ
3702 4088 3993 4156 παρθένων

2406 4179 2591 4240 πόνοις
2622 4175 2990 4232 ἐναθλούντων
3021 4176 3327 4245 ἀσκήσεως.
3358 4175 3671 4243 ’Υψηλοὺς
3716 4177 3776 4229 δέ
3828 4194 3993 4246 φησιν

2405 4274 2623 4338 αὑτοὺς,
2673 4273 2750 4334 ὠς
2772 4271 3079 4339 ἐπισήμους
3111 4272 3172 4323 ἐν
3199 4269 3511 4341 δυσσεϐείᾳ.
3557 4270 3995 4339 Χειροπέὄαςδέ

2404 4365 2473 4419 τά
2490 4364 2665 4434 δεσμὰ
2713 4362 2813 4430 τῆς
2842 4361 3069 4429 ἀγάπης
3118 4362 3297 4426 καλεῖ,
3333 4362 3551 4423 καὶτὰς
3588 4361 3689 4429 τῆς
3718 4361 3993 4437 φιλοθεξας

721 4461 945 4511 nantttr.
977 4452 1227 4508 Excelsa:
1267 4465 1445 4509 autem
1470 4469 1567 4509 eos
1603 4455 1761 4515 dicit,
1815 4463 2078 4523 tanquam
2115 4454 2301 4523 impie—
2332 4492 2381 4554 υ

2332 4492 2381 4554 D
2408 4452 2615 4522 σειρὰς,
2640 4450 2715 4514 ὡς
2740 4450 2939 4517 λέγειν·
2983 4469 3001 4501 ι
3026 4448 3121 4512 Τίς
3141 4450 3286 4520 ἡμᾶς
3322 4449 3557 4520 χωρίσει
3584 4449 3693 4504 ἀπὸ
3733 4451 3832 4519 τῆς
3860 4451 3996 4516 ἀγά-

722 4549 833 4597 tate
870 4554 925 4598 et
960 4544 1350 4613 superstitione
1400 4544 1632 4600 nobiles.
1688 4543 1913 4607 Deinde,
1972 4545 2303 4598 manicarum

723 4635 961 4699 nomine,
1011 4637 1323 4691 dilectionis
1371 4637 1614 4701 vincula,
1646 4636 1928 4706 divinique
1963 4638 2165 4690 amoris
2205 4652 2299 4690 ca—

726 4736 881 4779 lenas
913 4727 1182 4797 intelligit.
1212 4727 1457 4798 Indeque
1486 4728 1617 4782 illud
1672 4736 1776 4792 est,
1808 4726 1953 4797 quod
2000 4727 2294 4781 scribitur:

729 4834 747 4866 ι
784 4816 918 4882 Quis
975 4833 1076 4873 nos
1123 4819 1399 4889 separabit
1428 4835 1455 4872 a
1492 4819 1786 4874 dilectione
1841 4819 2043 4872 Christi
2078 4818 2143 4881 δ’,
2186 4837 2203 4869 ι
2244 4819 2296 4872 in

2410 4558 2518 4612 πης
2532 4540 2628 4593 τοῦ
2658 4538 2918 4611 Χριστοῦ,
2947 4557 2965 4590 ι
2994 4542 3072 4601 εἰς
3096 4538 3154 4591 ὃν
3180 4539 3399 4609 ἔρχεται
3433 4540 3541 4591 πᾶν
3565 4539 3740 4607 πέρας
3766 4538 3991 4607 εὐχῆς;

2422 4632 2510 4685 Ἑν
2542 4629 2763 4700 Χριστῷ
2788 4629 2894 4699 γὰρ
2916 4630 3176 4699 αἰτοῦμεν
3200 4630 3349 4699 παρά
3374 4629 3468 4683 τοῦ
3530 4629 3775 4699 Πατέρος
3805 4630 3876 4681 τὰ
3910 4631 3995 4681 ai-

2407 4725 2651 4794 τήματα,
2688 4722 2749 4774 ὃν
2779 4722 2937 4789 ἔχων
2969 4722 3039 4775 ἐν
3087 4718 3303 4785 ἐαυτῷ,
3364 4720 3510 4786 Θεὸς
3561 4722 3769 4789 ὁμοίως
3820 4721 3994 4783 ἐστὶν,

2407 4814 2553 4868 καθά
2571 4831 2753 4884 φησιν·
2785 4832 2803 4864 ι
2838 4813 2895 4866 '0
2913 4812 3176 4883 ἑωρακὼς
3201 4813 3323 4882 ἐμὲ,
3347 4812 3561 4883 ἐώρακε
3591 4814 3684 4866 τὸν
3712 4814 3992 4884 Πατέρα.»

731 4920 893 4973 quem
922 4909 1102 4961 omnis
1133 4911 1368 4974 precatio
1403 4909 1646 4963 desinit?
1682 4910 1734 4963 in
1770 4908 1992 4964 Christo
2028 4908 2294 4973 siquidem
2383 4917 2402 4949 α

1605 4910 1646 4962 ηἳ
1682 4910 1734 4963 in
1770 4908 1992 4964 Christo
2028 4908 2294 4973 siquidem
2383 4905 2560 4974 «Ἐγὼ
2580 4905 2674 4958 καὶ
2696 4906 2724 4956 ὁ
2754 4906 2945 4973 Πατὴρ
2969 4905 3026 4957 ’έν
3049 4906 3239 4975 ἐσμεν.
3268 4923 3288 4957 ι

724 5014 843 5065 quea
871 5016 899 5051 a
932 4999 1094 5055 Patre
1118 5004 1372 5067 petimus,
1407 5004 1769 5072 postulamus,
1802 5018 1959 5072 quem
1984 5002 2147 5072 520
2174 5016 2296 5055 cum
2335 5017 2391 5053 tn
2420 5017 2475 5054 se
2503 5000 2713 5063 habeat,
2738 5011 2790 5054 et
2818 4999 2961 5053 Deus
3000 5000 3074 5053 sit
3100 5015 3322 5072 quoque
3351 5015 3580 5056 necesse
3641 5009 3760 5066 est,
3830 5001 3996 5070 juxta

724 5093 887 5146 illud:
929 5112 946 5144 ι
982 5093 1084 5159 Qui
1116 5096 1261 5149 videt
1293 5112 1399 5158 me,
1428 5097 1572 5151 videt
1600 5107 1652 5152 et
1691 5095 1905 5149 Patrem
1938 5096 2005 5149 ".
2043 5114 2061 5145 ι
2125 5113 2143 5146 ι
2184 5093 2295 5164 Ego
2336 5103 2392 5149 et
2411 5092 2571 5148 Pater
2613 5109 2781 5147 unum
2822 5108 3013 5147 sumus
3044 5093 3110 5147 ⁸³.
3151 5111 3170 5143 ι

803 5181 1027 5251 Deinde,
1061 5189 1202 5255 quod
1235 5190 1287 5241 in
1321 5197 1365 5242 te
1391 5189 1550 5249 Deus.
1571 5206 1615 5241 ct
1636 5198 1833 5243 nonest
1868 5188 2003 5241 Deus
2027 5198 2218 5255 pra'ter
2243 5197 2308 5259 te,

726 5276 882 5340 dixit,
910 5281 1119 5347 aequale
1149 5290 1233 5335 est
1266 5283 1410 5344 huic,
1439 5282 1783 5337 cEtVet'bum
1811 5290 1929 5335 erat
1950 5280 2093 5350 apud
2115 5280 2304 5345 Deum,

728 5378 782 5421 ct
814 5368 953 5423 Deus
977 5378 1095 5423 erat
1120 5372 1351 5426 Verbum
1380 5374 1476 5425 “.i
1504 5372 1770 5429 Prmterea
1797 5372 2176 5442 pmnitentium
2207 5383 2304 5422 vo-

731 5476 848 5515 cem
882 5464 1222 5532 exprimunt,
1269 5482 1389 5537 qua:
1418 5466 1503 5521 his
1555 5467 1771 5521 verbis:
1825 5461 1904 5547 Et.
1924 5461 2299 5524 nesciebamus,

2496 5186 2569 5239 Τὸ
2617 5186 2694 5252 δὲ,
2738 5188 2833 5238 ἐν
2861 5186 2959 5239 σοὶ
2988 5187 3154 5252 Θεὸς,
3177 5185 3276 5240 καὶ
3318 5187 3432 5240 οὐκ
3491 5185 3624 5240 ἔστι
3647 5186 3795 5252 Θεὸς
3823 5186 4001 5251 πλὴν

2417 5278 2557 5345 σοῦ,
2591 5278 3022 5349 ίσοδυναμεῖτῷο
3059 5296 3080 5329 ‹
3110 5278 3220 5331 Καὶ
3241 5278 3269 5329 ό
3295 5278 3464 5346 Λόγος
3488 5272 3556 5345 ἦν
3581 5278 3712 5347 πρὸς
3727 5277 3819 5331 τὸν
3840 5274 4000 5342 Θεὸν,

2412 5372 2506 5424 καὶ
2533 5369 2665 5433 Θεὸς
2683 5364 2752 5439 ἧν
2770 5369 2797 5420 ὁ
2819 5369 3010 5435 Λόγος.
3044 5386 3062 5419 ι
3085 5367 3507 5421 Μετανοοὺντων
3523 5367 3580 5420 δὲ
3602 5368 3753 5437 φωνὴ
3781 5367 3867 5431 τὸ,
3898 5366 4001 5419 καὶ

2409 5462 2521 5514 οὐκ
2544 5459 2800 5529 ᾔδειμεν.
2832 5459 2897 5511 Οἳ
2928 5459 3022 5510 καὶ
3042 5456 3395 5527 ὁμολογοῦσιν
3428 5458 3590 5513 αὑτὸν
3614 5455 3862 5525 Σωτῆρα
3891 5454 4003 5508 τοῦ

804 5596 849 5627 ³³
894 5595 1037 5650 Psal.
1089 5616 1258 5660 xxxii.
1290 5601 1342 5655 6.
1420 5604 1465 5635 ⁸³
1508 5603 1647 5656 l’sal.
1690 5619 1807 5665 cm,
1844 5602 1929 5656 19.
2008 5604 2052 5634 ³³
2088 5590 2487 5657 Ρεθιοιιικιιιβ(

2316 5590 2525 5657 xut,l6.
2560 5597 2605 5630 ³⁸
2640 5595 2844 5651 Jerem.
2884 5612 3039 5665 χχιιι,
3070 5593 3125 5651 5.
3202 5594 3290 5647 ³⁷1
3323 5593 3473 5650 Petr.
3505 5611 3565 5659 ll,
3596 5594 3649 5665 5.
3728 5595 3773 5628 ³⁸
3799 5593 3817 5648 l
3844 5593 3999 5665 Petr.

739 5683 778 5740 ι,
820 5666 914 5740 _l8,
948 5668 1033 5721 l9.
1112 5672 1154 5700 ‘9‘
1186 5668 1584 5735 illattn.xv,2-i.
1625 5674 1666 5705 ἰο
1696 5672 1853 5728 liom.
1886 5689 1939 5740 ν,
1987 5671 2077 5725 ‘20.

742 5736 785 5767 δ’
810 5735 971 5792 Joatu.
1012 5754 1048 5803 t,
1084 5740 1135 5792 5.

2190 5669 2231 5699 ’δ’
2268 5666 2430 5724 ltom.
2481 5682 2598 5735 vm,
2664 5666 2752 5722 55.

2874 5667 2919 5700 “
2968 5663 3124 5721 Joan.
3175 5682 3284 5729 xw,
3343 5664 3393 5719 9.
3499 5665 3548 5697 “
3598 5664 3756 5721 Joan.
3798 5682 3864 5734 ι,
3906 5664 4002 5719 50.
