4262 6434
234 405 381 469 2129

1378 415 1905 475 COMMENTARII
1948 416 2029 474 ΙΝ
2074 417 2355 477 ISAIAM.

3352 415 3495 479 2430

253 522 522 590 Ἰσραὴλ,
552 525 627 588 ὡς
661 526 823 580 πάντα
847 528 1159 581 σεο-ωκότα
1226 530 1331 581 τὸν
1363 529 1620 596 Ἰσραήλ·
1643 530 1810 601 ήγουν

1919 533 2249 603 adjiciuntur
2283 553 2296 586 :
2348 531 2550 601 quibus
2592 530 2907 585 salvatorem
2940 526 3160 581 Israelis
3204 543 3328 582 eum
3373 547 3502 586 esse

238 614 268 664 Ἰ
284 614 451 682 σραὴλ
468 614 698 684 ληπτέον
715 618 807 669 νῦν
831 618 919 669 τὸν
937 617 1145 685 ὁρῶντα
1162 622 1314 671 Θεόν.
1354 636 1371 668 ι
1395 621 1466 670 Ού
1486 619 1592 689 γὰρ
1617 620 1816 682 πάντες

235 704 288 755 οἱ
314 705 373 769 ἐξ
417 706 693 774 Ἰσραὴλ,
723 701 871 761 οὗτοι
914 709 1155 779 Ἰσραήλ.
1198 728 1218 760 ι
1253 713 1312 762 Ui
1345 710 1399 763 δὲ
1429 710 1817 780 ἀνθεστηκότες

238 796 414 867 αὐτῷ,
458 797 557 867 τὴν
585 797 751 851 αὐτοῦ
785 799 859 869 μὴ
885 800 1244 869 ἀδικήσαντες
1266 802 1447 865 δόξαν,
1481 803 1814 869 αἰσχύνον-

237 903 357 939 ται·
382 885 594 941 έσονται
623 888 731 961 γάρ
767 892 848 952 εἰς
873 890 1063 959 ὅρασιν
1083 892 1230 961 πάσῃ
1259 893 1443 962 σαρκί.
1479 893 1612 946 Ἀπὸ
1630 893 1685 945 δὲ
1705 892 1821 946 τῶν

240 978 583 1043 Αἰγυπτίων
644 982 739 1032 καὶ
777 980 886 1032 τῶν
932 982 1169 1051 ὁμόρων,
1218 984 1309 1035 ἐπὶ
1346 983 1409 1035 τὸ
1450 983 1682 1037 καθόλου
1713 984 1822 1037 τῶν

244 1069 416 1122 ἐθνῶν
436 1069 526 1123 τὸν
541 1069 699 1138 λόγον
716 1073 982 1142 ἀνήγαγε,
1007 1075 1242 1142 νήσους
1257 1075 1436 1128 καλῶν
1454 1077 1552 1139 τὰς
1573 1076 1633 1140 ἐξ
1650 1077 1823 1129 ἐθνῶν

258 1159 582 1230 Ἐκκλησίας
598 1161 707 1214 τῶν
731 1165 1231 1234 ἐγκεκαινισμένων
1254 1168 1332 1228 εἰς
1346 1167 1637 1235 καινότητα
1654 1165 1817 1235 ζωῆς,

244 1251 603 1321 ἀποθεμένων
633 1255 729 1324 τὴν
749 1256 1105 1327 παλαιότητα,
1128 1256 1340 1310 Παύλου
1371 1258 1818 1329 προστάττοντος’

255 1343 588 1396 Ἐκδύσασθε
652 1345 742 1397 τὸν
800 1347 1033 1401 παλαιὸν
1106 1348 1421 1418 ἄνθρωπον·
1494 1350 1586 1402 καὶ
1638 1349 1818 1403 πάλινο

254 1434 580 1488 Ἐνδύσασθε
630 1438 732 1489 τὸν
760 1439 883 1491 νέον
906 1440 995 1491 τὸν
1015 1439 1474 1511 ἀνακαινούμενον
1505 1441 1622 1494 κατ’
1641 1442 1825 1494 εἰκόνα

242 1524 339 1577 τοῦ
395 1526 683 1591 κτίσαντος
705 1530 888 1584 αὐτόν.
923 1531 1035 1584 Καὶ
1064 1532 1226 1585 πάλιν
1248 1549 1264 1563 °
1312 1532 1727 1586 ’Λνακαινοῦσθε
1757 1535 1823 1601 τῇ

138 1686 145 1692 ἱ
239 1613 614 1669 ἀνακαινώσει
664 1619 757 1672 τοῦ
798 1620 917 1683 νοὸς
968 1621 1143 1690 ὑμῶν.
1188 1623 1610 1691 Ἐτκαινισμὸς
1644 1618 1827 1675 οὖντά

243 1705 369 1757 καθ’
406 1708 567 1774 ἡμᾶς,
598 1725 617 1759 ι
649 1709 799 1772 εἴτις
825 1712 882 1764 ἐν
903 1712 1122 1783 Χριστῷ
1141 1713 1511 1784 καινὴκτίσις.
1548 1733 1567 1765 ι
1597 1714 1750 1775 Τινὲς
1770 1713 1827 1766 δέ

241 1795 354 1848 ἀπὸ
375 1796 493 1862 τοῦ,
512 1797 600 1867 μὴ
624 1802 656 1852 ό
679 1800 987 1868 ἀροτριῶν,
1000 1802 1171 1866 οὕτως
1186 1803 1523 1873 ἐξηγήσαντο
1546 1820 1559 1834 ·
1582 1802 1824 1874 Παραδο-

241 1885 415 1949 λικῶς
446 1891 819 1959 προτρέπεται
854 1893 1053 1956 αὐτοὺς
1076 1894 1424 1964 δικαιοσύνης
1455 1896 1643 1965 φέρειν
1687 1910 1822 1964 καρ-

242 1978 401 2039 πούς.
450 1977 645 2031 Θέλετε
702 1982 811 2050 γάρ
839 2000 928 2051 με,
967 1985 1121 2051 φησὶ,
1159 1985 1321 2053 μόνον
1355 1983 1639 2053 ἀροτριᾷν
1668 1982 1823 2053 ὑμῶν

239 2067 344 2129 τὰς
368 2068 570 2139 ψυχὰς,
592 2070 808 2141 καρπὸν
828 2072 1030 2143 μηδένα
1058 2075 1414 2145 παρέχοντες.
1438 2069 1823 2128 Εἷταπαιδεύει

241 2161 447 2224 αὐτοὺς
477 2164 591 2227 τοῖς
619 2164 714 2217 τοῦ
749 2164 884 2218 Θεοῦ
920 2166 1049 2237 περὶ
1072 2167 1181 2219 τῶν
1200 2165 1371 2221 ἐθνῶν
1399 2168 1568 2220 εἴκειν
1603 2167 1825 2237 βουλεύ-

245 2267 406 2320 μασι,
438 2252 592 2322 μήτε
625 2256 826 2323 πηλοῦ
852 2256 1247 2326 άνθισταμένου
1276 2258 1356 2324 τῷ
1381 2260 1642 2326 πλάστῃ,
1687 2261 1824 2329 μήτε

242 2342 444 2395 τέκνου
497 2344 728 2415 πατέρα
784 2346 1084 2413 κωλύοντος
1139 2349 1172 2420 ἢ
1214 2349 1437 2419 μητέρα
1500 2350 1824 2413 σπεύδοντας

244 2433 390 2505 πρδς
452 2434 629 2490 ἄλλων
686 2439 815 2491 υἱῶν
859 2440 1236 2505 παιδοποιίαν,
1296 2442 1428 2511 μηδὲ
1469 2441 1675 2511 μέμψιν
1733 2441 1828 2493 ἐπὶ

242 2528 425 2597 τούτῳ
450 2530 842 2599 προσάγοντος.
877 2532 934 2585 '0
958 2534 1188 2602 ποιήσας
1215 2533 1290 2598 δὲ,
1320 2534 1474 2601 φησὶ,
1497 2533 1568 2587 τὰ
1587 2535 1829 2603 ἐπερχό-

239 2635 402 2687 μενα
465 2621 555 2673 διὰ
593 2623 694 2691 τῆς
747 2623 1132 2691 προγνώσεως,
1176 2624 1443 2677 δυσωπῶν
1493 2626 1689 2690 αὐτοὺς
1750 2628 1828 2690 εἰς

244 2707 578 2777 κατανόησιν
631 2710 731 2778 τῆς
769 2710 903 2770 ἰδίας
950 2711 1257 2779 δυνάμεως.
1294 2713 1475 2765 Ἔστω
1505 2715 1634 2783 γὰρ,
1668 2717 1826 2783 φησὶ,

246 2797 526 2851 ποιοῦντι
574 2799 718 2869 ὑμᾶς
761 2801 857 2854 καὶ
903 2802 1232 2857 πλάττοντι
1272 2806 1332 2857 ού
1364 2806 1829 2876 παρηκολουθείτε

241 2890 315 2957 τῇ
341 2886 574 2954 γνώσει·
607 2890 680 2959 μὴ
702 2892 796 2943 καὶ
843 2894 1266 2963 προαγορεύοντι
1290 2896 1359 2947 τὰ.
1383 2897 1646 2966 μέλλοντα
1700 2897 1829 2950 άπι-

244 2979 479 3047 στήσετε
510 2996 524 3045 ;
567 2981 711 3033 κατὰ
734 2981 897 3053 μέρος
943 2983 1043 3052 μὲν
1087 2984 1195 3055 γὰρ
1216 2987 1507 3054 γίνεταιτὰ
1534 2989 1791 3058 γινόμενα
1812 3007 1826 3020 ·

243 3070 423 3139 ἀθρόα
445 3070 503 3123 δὲ
529 3071 681 3140 αύτῷ
704 3072 1028 3141 πνήγνῶσίς
1065 3076 1181 3128 ἐστι
1208 3079 1338 3147 παρ’
1381 3080 1525 3148 ἐμοί.
1579 3080 1723 3149 Πλὴν
1756 3080 1829 3148 μὴ

1921 635 2179 694 tanquam
2238 625 2333 695 qui
2389 625 2567 692 ipsum
2617 623 2747 677 olim
2822 621 3077 684 servarit,
3147 621 3489 689 proﬁtentur.

1918 712 2035 770 Nisi
2096 714 2255 770 malis
2309 728 2457 768 nunc
2511 713 2733 767 lsraelis
2778 713 3161 783 appellatione,
3222 726 3371 775 eum,
3401 715 3492 782 qui
3594 750 3602 767 .

1921 806 2090 861 Deum
2124 806 2329 871 videat,
2375 804 2669 873 signiﬁcari
2732 812 2946 874 putare,
2972 819 3094 856 cum
3144 818 3254 858 non
3304 818 3495 859 omnes
3592 834 3595 837 ν

1921 914 2044 955 esse
2086 898 2390 962 lsraelitas,
2426 898 2521 966 qui
2567 911 2630 949 ex
2672 895 2876 951 lsraele
2930 904 3080 959 sunt,
3116 896 3392 950 scribatur
3425 895 3492 948 “‘.

1922 987 2189 1041 Caeterum
2221 987 2313 1056 qui
2349 986 2399 1039 ei
2449 986 2719 1039 adversati
2774 993 2923 1047 sunt,
2978 999 3101 1038 cum
3150 985 3270 1052 ejus
3311 986 3498 1054 gloria:

1923 1076 2139 1133 ofﬁcere
2186 1076 2554 1147 nequiverint,
2605 1075 3014 1143 confundentur.
3050 1073 3224 1127 Erunt
3253 1074 3398 1128 enim
3440 1074 3497 1127 in

1923 1181 2278 1237 conspectum
2334 1169 2606 1223 universae
2656 1170 2842 1221 carni.
2898 1167 3221 1221 Orationem
3264 1180 3396 1220 vero
3428 1165 3500 1219 ab

1926 1258 2194 1327 Egyptiis
2214 1272 2512 1327 eorumque
2539 1257 2734 1312 vicinis
2777 1257 2843 1310 ad
2870 1259 3085 1325 generis
3132 1255 3373 1308 universi
3405 1268 3501 1307 na—

1924 1352 2101 1406 tiones
2131 1350 2428 1413 transtulit,
2466 1366 2589 1404 cum
2614 1348 2911 1403 insularum
2942 1348 3185 1408 nomine,
3231 1344 3498 1399 conflatos

1924 1458 1956 1497 e
1998 1442 2255 1511 gentibus
2303 1440 2599 1505 Eeelesias,
2630 1441 2725 1509 qui
2772 1439 2952 1508 posito
3011 1438 3180 1492 veteri
3215 1436 3411 1490 exuvio
3442 1436 3496 1489 in

1925 1533 2052 1587 vita:
2079 1532 2374 1588 novitatem
2405 1532 2647 1586 renovati
2696 1538 2847 1595 sunt,
2896 1545 3020 1585 cum
3064 1527 3229 1582 Paulo
3285 1525 3499 1593 signiﬁ-

1926 1625 2107 1689 cavit;
2149 1624 2230 1676 uti
2260 1631 2495 1676 veterem
2535 1621 2808 1674 hominem
2839 1634 3041 1688 ponere
3087 1617 3180 1686 qui
3209 1630 3408 1670 novum
3431 1613 3498 1667 ad

1926 1714 2204 1769 Creatoris
2253 1711 2543 1779 imaginem
2600 1710 2965 1763 instauratum
3005 1707 3230 1760 induere
3276 1705 3341 1767 “,
3403 1702 3499 1772 qui

1929 1806 2165 1873 denique
2213 1801 2468 1855 renovari
2524 1797 3130 1859 renovationementis,
3180 1795 3409 1864 imperat
3430 1792 3496 1846 ".

1929 1896 2038 1965 Ipsi
2067 1909 2196 1964 ergo
2226 1909 2407 1948 sumus
2443 1891 2701 1954 innovari,
2740 1892 2784 1943 si
2816 1903 2924 1958 qua
2979 1888 3031 1940 in
3084 1886 3305 1939 Christo
3359 1897 3501 1937 nova

1925 1994 2177 2041 creatura
2202 1983 2268 2038 ⁸⁸.
2302 1981 2558 2037 Nonnulli
2591 1997 2621 2034 a
2652 1980 2831 2035 verbis
2862 1980 3003 2040 istis,
3037 1992 3206 2030 nonne
3235 1976 3325 2044 qui
3353 1984 3506 2041 orat,

1924 2075 1999 2129 ita
2036 2074 2338 2143 explicant,
2387 2080 2448 2124 ut
2502 2069 2865 2124 similitudine
2894 2068 2961 2120 ad
2999 2066 3226 2135 iustitia:
3287 2063 3502 2119 fructus

1923 2166 2166 2220 edendos
2196 2160 2476 2215 adhortari
2521 2159 2709 2213 velint.
2744 2157 2925 2211 Vultis
2967 2156 3112 2211 enim
3154 2169 3258 2219 me,
3300 2154 3499 2222 inquit,

1926 2256 2138 2309 animas
2207 2263 2421 2306 vestras
2510 2263 2693 2303 arare.
2732 2255 2985 2311 tantum;
3045 2243 3257 2297 fructus
3317 2252 3500 2296 autem

1926 2348 2108 2403 nullos
2151 2345 2332 2401 edere.
2382 2340 2507 2397 Illas
2556 2353 2773 2395 rursum
2824 2335 2920 2394 Dei
2951 2334 3207 2397 consilio,
3258 2333 3399 2404 quod
3434 2333 3503 2388 de

1926 2440 2192 2496 Gentibus
2227 2438 2429 2501 innuit,
2470 2434 2666 2489 cedere
2704 2431 3025 2503 praecepit;
3057 2428 3275 2498 quando
3330 2442 3505 2496 neque

1930 2533 2098 2585 lutum
2128 2530 2291 2600 [igqu
2322 2540 2624 2597 repugnare
2664 2524 2869 2587 soleat;
2904 2535 3083 2590 neque
3129 2528 3355 2588 patrem,
3409 2528 3499 2572 aut

1928 2634 2150 2677 matrem
2207 2622 2275 2677 ad
2327 2636 2525 2676 novam
2577 2619 2814 2673 ﬁliorum
2869 2614 3304 2685 procreationem
3347 2610 3501 2664 festi-

1929 2722 2125 2770 nantes
2171 2711 2457 2782 impedire,
2503 2723 2738 2778 eamque
2784 2720 2898 2760 rem
2945 2704 3056 2757 illis
3113 2703 3248 2755 vitio
3294 2708 3507 2753 vertere

1930 2807 2097 2860 ﬁlius.
2154 2802 2309 2869 Quod
2359 2810 2541 2855 autem
2579 2809 2801 2853 ventura
2849 2795 3046 2850 fecisse
3083 2792 3241 2856 dixit,
3273 2790 3338 2845 ad
3372 2805 3509 2860 pm-

1929 2896 2219 2952 scientiam
2273 2893 2485 2954 retulit,
2530 2899 2589 2944 ut
2625 2890 2834 2960 pudore
2875 2887 3114 2941 excitato
3171 2882 3393 2938 eosdem
3439 2880 3506 2934 ad

1930 3005 2044 3043 suae
2072 2987 2295 3041 virtutis
2322 2984 2839 3052 contemplationem
2870 2983 3153 3049 provocet.
3176 2974 3307 3029 Esto
3337 2973 3505 3036 enim,

1932 3079 2149 3148 inquit,
2200 3077 2342 3146 ejus,
2379 3076 2472 3147 qui
2511 3090 2605 3128 vos
2642 3073 2791 3142 fecit,
2822 3078 2876 3125 et
2923 3068 3200 3137 formavit,
3234 3063 3507 3135 cognitio-

241 3162 536 3228 ἀπογνῶτε
588 3162 688 3233 τὴν
746 3166 1044 3235 σωτηρίαν,
1067 3167 1143 3231 ὡς
1170 3168 1235 3222 ἄν
1266 3186 1333 3233 με
1370 3168 1554 3224 λαθεῖν
1577 3171 1827 3241 ἁμαρτά-

1934 3184 2055 3223 ncm
2111 3183 2219 3223 non
2261 3167 2399 3221 estis
2432 3164 2695 3227 assecuti,
2748 3174 2929 3215 annon
2975 3165 3030 3212 et
3074 3157 3127 3210 ei
3189 3156 3379 3217 etiam,
3414 3151 3507 3221 qui

241 3268 430 3314 νοντες
464 3252 538 3322 μὴ
562 3252 870 3322 δυνάμενοι.

1924 3261 2107 3313 futura
2158 3255 2446 3326 prmdicit,
2505 3253 2665 3309 ﬁdem
2716 3247 3115 3318 denegabitis?
3172 3243 3508 3313 Singillatim

242 3342 396 3394 enim
424 3345 607 3397 omnia
632 3359 755 3412 qua:
784 3346 1048 3412 existunt,
1088 3346 1393 3404 eﬂiciantur
1434 3350 1693 3420 quidem;
1729 3352 1826 3408 sed
1864 3364 2055 3406 eorum
2083 3346 2372 3402 confertim
2403 3353 2517 3398 tota
2554 3343 2685 3397 mihi
2712 3342 2766 3395 in
2790 3344 3049 3409 promptu
3088 3342 3174 3390 est
3246 3330 3504 3402 cognitiO-

244 3433 489 3487 Tantum
512 3436 616 3504 ipsi
650 3435 846 3489 salutis
880 3450 1031 3503 spem
1059 3452 1167 3491 non
1205 3437 1360 3508 521
1398 3441 1670 3511 abjiciatis
1697 3442 1823 3512 ;qui
1864 3455 1932 3495 ne
1967 3452 2198 3508 peccare
2231 3434 2473 3506 quidem,
2503 3432 2651 3504 quod
2720 3447 2805 3486 me
2861 3431 3050 3489 lateat,
3080 3425 3291 3479 valetis.

322 3526 369 3576 Κ
378 3524 622 3592 ρείττους
643 3524 699 3577 δὲ
721 3524 1002 3591 γεγονότες
1028 3527 1153 3594 ἐμοὶ
1176 3527 1246 3580 τὰ
1310 3528 1431 3582 καθ’
1473 3531 1668 3594 αὐτοὺς
1703 3531 1827 3583 ὲπι-

244 3614 512 3684 τρέψατε.
570 3614 645 3666 Ού
693 3614 803 3684 γὰρ
834 3614 1027 3685 δέομαι
1052 3617 1151 3685 τῆς
1184 3618 1414 3689 ἐξύμῶν
1446 3621 1825 3691 ὑπομνήσεως,

244 3703 325 3761 ds;
350 3705 415 3757 ἂν
446 3703 607 3765 ὄντας
638 3704 750 3773 ἐμὰ
777 3705 1060 3774 ποιήματα
1088 3708 1176 3759 καὶ
1208 3711 1294 3774 εὶς
1315 3710 1485 3776 υἱοὺς
1515 3711 1610 3765 καὶ
1650 3714 1829 3780 θυγα-

247 3794 428 3863 τέρας
461 3793 878 3864 λελογισμένους
928 3795 1159 3861 ἀξιῶσαι
1215 3800 1489 3870 προνοίας.
1546 3802 1679 3855 Οὐδὲ
1723 3802 1831 3871 γὰρ

247 3884 483 3954 ἐμαυτῷ
510 3884 602 3938 τὸν
634 3886 894 3953 οὐρανὸν
912 3888 1147 3957 ἐποίησα
1185 3891 1279 3942 καὶ
1315 3891 1414 3961 τὴν
1447 3891 1583 3961 γῆν,
1640 3895 1719 3957 εἱς
1775 3894 1833 3947 δὲ

296 3976 451 4047 ρεῖαν
504 3975 799 4047 ὑμετέραν.
838 3977 951 4032 Καὶ
979 3981 1279 4047 γινομένων
1317 3982 1560 4052 ἀστέρων
1594 3983 1834 4055 ἐθαύμα-

292 4084 352 4118 ον
384 4065 630 4134 ἄγγελοι.
676 4065 899 4120 Πάντων
928 4063 1020 4121 οῦν
1043 4068 1135 4119 ὑπ’
1194 4069 1331 4138 ἐμοῦ
1380 4072 1832 4143 κυϐερνωμένων,

248 4158 379 4210 οὐδέ
430 4156 498 4209 τὰ
563 4157 657 4209 ἐπὶ
735 4157 841 4227 γῆς
903 4157 1001 4227 τὴν
1043 4158 1180 4228 ἐμὴν
1225 4161 1483 4229 ἐκφεύγει
1548 4162 1833 4232 διοίκησιν.

251 4248 571 4319 Τοιγαροῦν
592 4249 689 4301 καὶ
709 4248 905 4317 Κῦρος
933 4248 1026 4302 ὑπ’
1049 4248 1185 4321 ἐμοῦ
1235 4251 1501 4321 κινηθεὶς,
1541 4253 1641 4306 ούκ
1673 4254 1837 4318 αὐτὸς

251 4341 337 4397 ὣν
370 4341 624 4411 εὐσεϐὴς,
661 4341 730 4393 τά
750 4340 873 4395 καθ’
910 4341 1056 4411 ὑμᾶς
1088 4342 1465 4412 διορθώσεται.
1534 4344 1685 4398 Ἐπεὶ⁵
1741 4346 1838 4399 καὶ⁹

249 4433 531 4504 πρότερον
552 4432 697 4502 ὑμᾶς
717 4431 776 4496 ἐξ
794 4432 1122 4501 Αἰγύπτου,
1147 4434 1332 4504 φησὶν,
1360 4434 1730 4507 ἠλευθέρωσα,
1744 4437 1838 4490 καὶ

250 4527 381 4587 ταῖς
431 4525 595 4593 ἐμαῖς
637 4523 908 4595 ἀπείρηκε
965 4524 1237 4592 μάστιξιν.
1301 4524 1488 4596 Ὑμεῖς
1551 4527 1608 4580 δὲ
1675 4528 1838 4582 πάλιν

251 4616 678 4687 ἁμαρτάνοντες
703 4614 805 4669 οὐκ
853 4614 1123 4668 ἐπαύεσθε
1175 4616 1269 4669 καὶ
1347 4617 1838 4686 ματαιοπονοῦντες

251 4708 356 4763 ἐπὶ
382 4710 501 4770 ταῖς
527 4706 736 4760 ἑαυτῶν
763 4705 1097 4774 ἐμπορίαις.
1158 4707 1297 4761 Ἀλλ’
1340 4707 1492 4778 ὅμως
1560 4709 1587 4760 ἐ
1597 4708 1664 4778 μέ
1688 4718 1717 4746 ιι
1747 4726 1827 4761 πιι

2005 3525 2108 3582 Ubi
2142 3534 2327 3580 autem
2362 3524 2625 3580 meliores
2657 3518 2985 3584 evaseritis;
3024 3531 3148 3584 quas
3173 3521 3349 3569 vestra
3384 3519 3507 3566 sunt

1931 3618 2065 3673 mihi
2126 3616 2450 3689 permittite.
2505 3612 2625 3667 Non
2671 3611 2817 3667 enim
2863 3616 3041 3664 vestra
3092 3608 3209 3675 ipse
3254 3603 3511 3658 admoni-

1931 3710 2081 3766 tione
2136 3725 2276 3779 opus
2336 3709 2511 3763 habeo
2557 3717 2618 3762 ut
2661 3711 2928 3768 vestrum,
2964 3716 3106 3771 quos
3134 3700 3252 3767 ipse
3284 3696 3415 3760 feci,
3456 3696 3513 3749 in

1931 3802 2177 3869 ﬁliosque
2224 3808 2275 3853 et
2308 3799 2450 3866 ﬁlias
2486 3793 2764 3865 adoptavi,
2799 3792 3093 3855 recorder,
3131 3801 3361 3856 meaque
3400 3799 3528 3855 pre-

1931 3894 2173 3948 videntia
2197 3891 2394 3960 dignos
2424 3888 2654 3943 habeam
2679 3903 2694 3952 ;
2720 3884 2825 3954 qui
2862 3883 3047 3936 calum
3082 3890 3137 3935 et
3169 3878 3380 3941 stellas,
3408 3891 3475 3929 an
3495 3904 3513 3918 ο

1933 3984 2084 4056 gelos
2121 3982 2176 4035 in
2209 3980 2627 4035 admirationem
2652 3976 2949 4045 rapientes,
2985 3981 3282 4039 terramque
3314 3969 3513 4036 ipsam,

1934 4088 2042 4127 non
2082 4071 2136 4126 in
2187 4084 2387 4131 meam,
2440 4066 2534 4123 sed
2585 4067 2637 4118 in
2682 4072 2919 4118 vestram
2954 4060 3244 4114 utilitatem
3270 4056 3513 4111 condidi.

1934 4164 2066 4231 Quae
2085 4162 2268 4218 omnia
2286 4174 2410 4217 cum
2434 4159 2501 4213 ad
2521 4170 2700 4211 meum
2726 4156 2892 4210 unius
2910 4153 3198 4208 arbitrium
3226 4157 3514 4218 regantur,

1934 4267 2043 4308 non
2075 4259 2457 4323 possuntque
2494 4249 2545 4300 in
2578 4254 2727 4300 terra
2756 4252 2905 4309 sunt,
2935 4258 2964 4296 a
3014 4256 3100 4296 me
3124 4254 3234 4295 non
3285 4238 3520 4292 admini-

1935 4345 2121 4403 strari.
2152 4344 2342 4412 Itaque
2369 4348 2423 4397 et
2443 4340 2610 4410 Cyrus
2644 4340 2762 4409 ipse
2793 4352 2902 4393 non
2928 4336 2996 4391 ab
3027 4336 3154 4400 alio,
3177 4347 3342 4403 quam
3376 4346 3406 4385 a
3431 4344 3518 4385 me

1934 4434 2214 4496 incitatus,
2245 4447 2369 4487 cum
2424 4446 2614 4485 verum
2644 4428 2737 4484 Dei
2771 4428 2976 4483 cultum
3026 4441 3134 4481 non
3174 4429 3517 4492 agnosceret,

1936 4523 2165 4579 afﬂictas
2180 4537 2269 4577 res
2292 4528 2503 4577 vestras
2527 4528 2815 4575 erecturus
2834 4524 2942 4578 est,
2968 4515 3114 4571 sicut
3142 4522 3196 4568 et
3221 4527 3318 4567 vos
3361 4516 3521 4565 antea

1938 4612 2171 4684 Egypto
2204 4611 2455 4673 liberavi,
2494 4624 2618 4664 eum
2658 4608 2793 4662 meis
2825 4606 2915 4660 illa
2963 4604 3161 4659 cedere
3200 4600 3522 4656 verberibus

1940 4713 2134 4760 coacta
2184 4710 2265 4758 est
2295 4718 2309 4755 :
2366 4715 2464 4755 vos
2494 4709 2675 4754 autem
2710 4711 2932 4751 rursum
2982 4708 3210 4765 peccare
3238 4700 3293 4747 et
3321 4690 3522 4746 vestris

255 4797 593 4861 στεύσαντες
626 4796 779 4863 ἕξετε
816 4796 1023 4859 πάντας
1057 4796 1827 4861 ύποσπόνδουςτοὺςένδόξουςς

1919 4793 2391 4867 'negotiationibus
2437 4792 2674 4845 inaniter
2723 4788 2917 4860 agitari
2966 4803 3078 4842 non
3118 4782 3426 4840 destitistis.
3464 4781 3521 4835 In

252 4890 361 4944 καὶ
395 4889 747 4959 φρονήματος
781 4888 1071 4958 γέμοντας,
1140 4889 1234 4942 καὶ
1281 4889 1501 4959 ἀγάπης
1564 4888 1837 4960 δεδεμένοι

252 4978 516 5048 δεσμοῖς
563 4979 995 5048 καταντήσουσιν
1044 4980 1121 5041 εἰς
1182 4978 1561 5050 Ἰερουσαλὴμ,
1612 4979 1687 5043 ὡς
1759 4982 1839 5044 εἰς

255 5066 581 5130 θεοσεϐείας
614 5067 1018 5132 διδασκαλεῖον,
1045 5068 1141 5120 καὶ
1184 5068 1545 5139 μακαριοῦσιν
1577 5068 1740 5138 ὑμᾶς,
1768 5067 1843 5131 ώς

257 5158 395 5225 Θεῷ
421 5157 502 5224 τῷ
523 5161 691 5229 μόνῳ
734 5160 1158 5227 λατρεύοντας,
1217 5160 1290 5213 ὃν
1340 5160 1606 5229 ἠγνόουν
1652 5160 1843 5214 αὺτοῑ.

271 5251 470 5321 ’Υμῶν
530 5251 588 5303 δὲ
647 5251 785 5319 πρὸς
839 5254 1129 5322 μετάνοιαν
1183 5252 1598 5321 ἀμελούντων,ὀ
1626 5258 1848 5321 μονογεέ

267 5344 371 5415 θής
402 5359 504 5412 μου
554 5345 825 5414 παρέσται
880 5344 1005 5407 Υἱὸς
1055 5345 1492 5414 Ἰερουσαλὴμο
1558 5344 1849 5413 γενόμενος

260 5432 369 5488 καὶ
413 5433 634 5498 Ἰούδας,
658 5434 728 5488 ἐν
758 5428 809 5502 ᾧ
834 5434 1293 5503 προσεύξονται,
1356 5429 1419 5489 οὗ
1466 5435 1720 5507 σφραγῖδι
1752 5435 1847 5487 καὶ⁸

1943 4906 2028 4946 me
2060 4899 2238 4944 tamen
2266 4889 2375 4954 iam
2414 4884 2461 4939 si
2489 4883 2739 4945 creditis,
2770 4887 3061 4952 quotquot,
3104 4879 3267 4932 laude
3320 4875 3529 4944 aliqua,

1945 4980 2028 5036 vel
2060 4978 2365 5050 prudentia:
2391 4977 2617 5030 nomine
2649 4974 2785 5027 clari
2833 4978 2985 5034 sunt,
3017 4969 3314 5023 imderatos
3342 4974 3394 5021 et
3435 4979 3527 5018 so-

1948 5073 2064 5125 cios
2096 5068 2334 5123 habituri
2361 5067 2523 5131 estis,
2550 5064 2640 5133 qui
2670 5061 2985 5118 dilectionis
3014 5059 3219 5113 vinculo
3249 5054 3523 5119 obstricti,

1952 5163 2020 5217 ad
2050 5160 2378 5225 Jerusalem,
2420 5167 2682 5225 tanquam
2723 5152 2787 5207 ad
2824 5151 3043 5222 pietatis
3091 5148 3335 5203 scholam
3377 5144 3524 5197 ιοὶιῑε

1954 5253 2076 5307 ideo
2109 5257 2426 5311 occurrent,
2459 5249 2757 5313 beatosque
2790 5240 3187 5313 praedicabunt,
3218 5235 3387 5304 quod,
3415 5232 3524 5285 Deo

1953 5344 2055 5398 soli
2088 5340 2355 5404 servietis,
2381 5354 2531 5409 quem
2567 5337 2669 5406 ipsi
2703 5333 3023 5395 nesciebant,
3068 5328 3163 5380 Sin
3195 5334 3374 5379 autem
3411 5336 3526 5390 pm-

1955 5436 2130 5491 nitere
2167 5431 2468 5504 negligitis,
2496 5429 2631 5484 mihi
2654 5425 2828 5482 Filius
2856 5438 2961 5480 non
2992 5420 3169 5478 deerit
3212 5414 3526 5487 unigenitus

354 5575 403 5609 ⁸⁸
434 5574 595 5631 Rom.
618 5589 699 5639 ιι,
728 5572 780 5630 ϐ.
841 5574 888 5607 ⁸⁸
911 5572 1121 5630 Coloss.
1156 5589 1234 5637 ιιι,
1267 5570 1320 5633 9,
1352 5569 1439 5624 10.
1505 5566 1548 5599 ⁸⁷
1580 5566 1777 5635 Epltes.
1808 5582 1822 5621 ι

1919 5563 2001 5619 25.
2069 5562 2178 5615 "ll
2208 5562 2336 5617 Cor.
2367 5576 2422 5629 ν,
2464 5556 2550 5615 17.

1233 5683 1236 5687 ’
1614 5662 1844 5720 VARUS
1885 5658 2283 5718 LECTIONES.

346 5778 411 5806 η’
446 5793 535 5845 γρ.
566 5774 766 5828 αὐτῶν.
843 5785 868 5813 ιι
906 5774 989 5832 ἵσ,
1030 5768 1174 5839 inci.
1253 5776 1273 5799 "
1315 5785 1406 5837 γρ.
1448 5763 1685 5839 ἸἸραήλι
