4262 6434
264 445 408 507 2Ξ33

1397 442 1925 501 COMMENTARII
1971 442 2051 502 ΙΝ
2095 442 2383 503 ISAIAM.

3378 442 3517 505 2434

266 559 339 610 Τὸ
356 558 410 609 δὲ
437 558 698 628 κήρυγμα
728 554 786 607 τὸ
801 551 1036 624 Χριστοῦ
1071 552 1216 621 πάσῃ
1237 550 1452 623 γλώττῃ
1472 551 1732 613 λαλεῖται,
1752 552 1843 602 καὶ
1873 555 1914 611 Α
1945 577 1949 594 ι

1830 556 1843 601 ι
1873 555 1914 611 Α
1945 551 2038 619 qui
2074 551 2318 603 divinum
2353 550 2609 606 omnibus
2648 549 2996 621 Evangelium
3031 550 3309 618 explicuit.
3356 552 3513 607 llinc.

267 650 403 700 πᾶσι
420 648 711 717 γράμμασι
737 644 1029 712 γράφεται.
1044 641 1116 693 Τὸ
1132 641 1186 693 δὲ
1204 643 1313 694 οὐκ
1334 641 1402 693 ἐν
1422 641 1640 708 κρυφῇ,
1660 640 1845 692 τοῦτον

266 741 315 790 οἱ
343 738 559 800 πλείους
589 736 681 789 τὸν
721 736 921 805 τρόπον
952 736 1312 804 ἑρμήνευσαν,
1369 732 1444 793 ὡς
1507 733 1571 784 ἂν
1612 730 1789 799 μήτις
1821 743 1843 770 ι

268 828 413 881 εἴποι
450 844 462 857 ·
502 828 635 889 Θεὸς
668 827 767 893 μέν
790 827 906 877 ἐστι
939 826 1033 877 καὶ
1096 823 1256 893 μόνος
1307 821 1540 891 ἀληθῶς,
1573 822 1689 873 ἀλλ’
1718 819 1844 885 ἄδη-

267 918 358 969 λον
392 918 467 986 μὴ
524 917 620 968 καὶ
668 915 859 974 ἄλλους
883 913 1056 965 ἐθέλει
1085 909 1366 963 καλεῖσθαι
1407 908 1584 970 θεούς.
1658 908 1846 977 Νόμον

268 1008 406 1075 φησι
428 1007 559 1074 περὶ
583 1004 776 1057 τούτου
801 1002 1021 1067 διέταξα
1045 1000 1238 1066 λάθρα
1301 997 1584 1065 λαλήσας
1653 998 1844 1068 μηδέν.

271 1096 493 1163 Κατέῦη
544 1095 654 1163 γὰρ
701 1094 729 1144 ό
784 1092 987 1161 Κύριος
1042 1089 1135 1142 ἐπὶ
1197 1088 1257 1141 τὸ
1310 1088 1441 1157 ὅρος
1475 1089 1607 1140 Σινᾶ
1629 1090 1685 1140 ὲν
1714 1088 1847 1144 εῖδει

269 1187 464 1255 πυρὸς,
490 1187 585 1238 καὶ
618 1184 939 1251 σαλπίγγων
964 1180 1147 1251 ῆχὼγ,
1175 1181 1422 1251 βρονταῖς
1451 1197 1510 1233 τε
1535 1181 1626 1233 καὶ
1644 1182 1849 1252 ἀστρα-

270 1279 424 1339 παῖς,
454 1278 549 1328 καὶ
585 1272 710 1344 ἦνῆ
745 1274 1047 1344 οἰκουμένη
1086 1273 1235 1325 πᾶσα
1287 1272 1578 1340 μετέωρος,
1606 1273 1759 1342 ὑμῶν
1790 1290 1850 1325 τε

272 1368 586 1434 κληθέντων
614 1368 708 1418 καὶ
734 1367 832 1432 τῆς
864 1364 1178 1430 Αἰγυπτίων
1227 1362 1634 1432 καταδυομένης
1652 1363 1848 1432 ἀρχῆς,

271 1456 370 1524 οὐχ
432 1456 517 1507 ἵνα
570 1456 845 1525 ματαίοις
885 1453 1208 1521 δουλεύσητε
1243 1468 1257 1483 ’
1337 1453 1566 1520 μάταιον
1627 1451 1735 1521 γὰρ
1792 1452 1854 1504 τὸ

272 1545 489 1597 εἴδωλον
509 1545 718 1615 εἴρηκε·
742 1543 993 1613 φανερῶς
1022 1542 1134 1611 γὰρ
1165 1542 1293 1609 ὑμῖν
1317 1540 1570 1610 ἐκήρυξε,
1602 1557 1620 1589 ι
1652 1539 1854 1609 Κύριον

271 1639 367 1689 τὸν
400 1638 532 1690 Θεόν
562 1654 655 1689 σου
680 1635 1097 1704 προσκυνήσεις,
1136 1634 1230 1685 καὶ
1254 1631 1405 1701 αύτῷ
1458 1632 1602 1701 μόνῳ
1631 1630 1858 1700 λατρεύ-

278 1745 410 1791 σεις,
441 1730 533 1782 καὶ
559 1728 620 1780 οὐ
655 1728 902 1795 ποιήσεις
936 1724 1148 1794 σεαυτῷ
1176 1722 1419 1775 εἴδωλον.
1450 1740 1468 1773 ι
1501 1721 1767 1791 Πολλάκις
1802 1721 1859 1773 δὲ

273 1820 355 1883 τὸ,
384 1818 500 1887 ἐγώ
518 1822 657 1887 εἰμι,
684 1817 933 1870 λέλεκται
967 1813 1403 1885 προτρεπτικῶς,
1433 1814 1508 1875 εἰς
1535 1813 1858 1882 κατανόησιν

1950 642 2194 711 inquam,
2226 643 2371 711 quod
2406 644 2459 697 in
2501 658 2719 697 omnem
2772 655 2970 698 terram
3020 658 3209 697 eorum
3249 645 3339 711 qui
3388 659 3521 711 apo—

1949 735 2075 790 stoli
2106 738 2454 799 dicebantur,
2480 738 2631 792 vocis
2657 752 2827 792 sonus
2856 737 3039 807 erupit
3074 736 3141 789 '°.
3178 736 3343 790 llosis
3377 737 3522 789 enim

1948 828 2173 881 oracula
2202 843 2456 883 sermone
2486 828 2706 897 quidem
2734 836 2787 881 et
2818 827 3229 882 eharacteribus
3260 824 3522 889 Hebra-is,

1950 916 2089 971 locis
2140 918 2301 972 inviis
2357 926 2411 972 et
2454 932 2594 987 aqua
2646 917 2963 980 destitutis,
3017 916 3327 971 clanculum
3376 915 3525 970 edita

1949 1006 2195 1075 reperias
2227 1023 2240 1059 :
2271 1006 2479 1061 Christi
2520 1014 2702 1062 autem
2738 1005 3089 1076 Evangelium
3126 1006 3370 1059 omnium
3396 1020 3527 1071 gen-

1950 1096 2085 1150 tium
2137 1097 2340 1165 linguis
2391 1104 2446 1150 et
2484 1097 2679 1150 litteris
2726 1096 3084 1151 celebratum.
3123 1094 3192 1147 At
3234 1094 3377 1161 quod
3417 1107 3527 1147 non

1952 1184 2114 1257 525
2142 1187 2196 1238 iu
2230 1185 2540 1239 abscondito
2571 1186 2853 1251 scribitur,
2882 1186 2951 1240 ita
2976 1186 3256 1254 explicant
3282 1185 3528 1239 nonnulli

1952 1290 2017 1330 ac
2046 1278 2092 1331 si
2136 1277 2375 1342 dicatur,
2419 1277 2587 1332 Deum
2634 1278 2855 1347 quidem
2906 1278 3083 1333 solum
3130 1291 3191 1330 re
3224 1290 3352 1330 vera
3384 1290 3529 1339 esse,

1953 1369 2047 1422 sed
2097 1369 2398 1431 incertum.
2441 1385 2507 1423 an
2558 1378 2613 1423 et
2654 1370 2792 1423 alios
2842 1369 3007 1423 etiam
3066 1367 3199 1421 deos
3254 1366 3532 1436 appellare

1954 1458 2251 1525 permittat.
2296 1457 2515 1527 Legem,
2561 1458 2758 1527 inquit,
2796 1458 2898 1511 hac
2937 1458 3005 1511 de
3030 1472 3089 1510 re
3121 1456 3238 1520 tuli,
3261 1470 3437 1525 neque
3475 1456 3531 1508 in

1955 1546 2266 1599 abscondito
2304 1548 2600 1616 quidquam
2648 1548 2857 1600 locutus
2882 1563 3021 1600 sum.
3060 1546 3352 1601 Descendit
3382 1546 3530 1599 enim

1956 1638 2010 1691 in
2044 1636 2175 1690 Sina
2220 1648 2457 1691 montem
2493 1638 2778 1699 Dominus,
2823 1638 2875 1690 in
2914 1638 3150 1707 speciem
3192 1638 3354 1706 ignis,
3382 1636 3531 1689 tubis

1957 1728 2340 1795 elangentibus
2371 1731 2441 1791 ⁸¹,
2476 1729 2649 1781 multo
2695 1730 2924 1790 tonitru,
2958 1731 3239 1797 multaque
3275 1744 3533 1783 corusca-

1960 1815 2127 1881 tione,
2168 1817 2222 1870 in
2276 1817 2566 1871 sublimem
2622 1833 2848 1886 prorsus
2896 1825 2950 1872 et
2995 1820 3267 1873 excelsam
3306 1827 3530 1880 terram,

276 1911 369 1964 τοῦ
406 1913 568 1981 μόνου
601 1911 737 1963 Θεοῦ
781 1909 874 1961 καὶ
900 1907 971 1960 τὰ
995 1906 1161 1961 πάλαι
1227 1906 1551 1974 ποιήσαντος
1583 1904 1853 1973 θαύματα.
1890 1888 1930 1941 Β

1850 1945 1853 1957 .
1890 1888 1930 1941 Β
1960 1910 2339 1975 exstinctoquc
2370 1908 2753 1978 IEgyptiorum
2792 1924 2960 1979 regno
2992 1911 3171 1963 voeari
3210 1918 3388 1961 voset
3418 1922 3533 1963 ser-

279 2010 393 2061 vari
433 2008 632 2069 voluit;
680 2022 812 2068 non,
847 2012 903 2056 ut
952 2002 1056 2071 ipsi
1102 2002 1268 2055 rebus
1303 2001 1472 2061 ranis,
1513 2001 1694 2067 qualia
1727 2008 1854 2053 sunt
1896 2016 2015 2069 qua:
2062 2003 2204 2055 idola
2254 2003 2624 2065 nominantur,
2670 2018 2764 2057 vos
2852 2005 3259 2071 manciparetis.

3338 2005 3537 2072 Aperte

279 2100 550 2168 siquidem
586 2098 783 2160 vobis,
825 2095 1110 2150 Dominum
1162 2091 1327 2146 Deum
1381 2092 1717 2145 adorandum
1794 2107 1937 2154 esse,
1978 2098 2136 2161 eique
2195 2094 2285 2146 uni
2344 2095 2731 2158 serviendum,
2783 2111 2957 2163 neque
3017 2096 3157 2149 idola
3222 2096 3537 2149 fabricanda

276 2192 473 2245 edixit.
527 2189 625 2242 Est
686 2202 814 2241 vero
873 2183 1308 2247 advertendum,
1369 2197 1613 2251 persa'pe
1661 2181 1793 2235 illud
1843 2196 1857 2235 :
1904 2182 2012 2253 Ego
2045 2201 2162 2237 sum
2206 2185 2488 2249 Dominus,
2567 2186 2968 2241 exhortationis
3014 2188 3196 2248 modo,
3241 2188 3305 2240 ad
3381 2190 3538 2241 unius

281 2286 379 2339 Dei
416 2283 903 2349 signiﬁcationem,
941 2278 1033 2348 qui
1082 2278 1258 2347 prisca
1295 2275 1559 2328 miracula
1610 2276 1865 2343 patravit,
1901 2279 2178 2346 usurpari.

350 2374 568 2432 Λαλὼν
584 2373 985 2437 δικαιοσύνην
1014 2369 1109 2425 καὶ
1139 2367 1528 2436 ἀναγγέλλων
1553 2368 1855 2431 ἀλήθειαν.

292 2469 537 2521 ὶιὲταττε
592 2465 689 2533 μὲν
768 2464 873 2531 γὰρ
907 2464 935 2514 ὁ
1001 2462 1161 2529 νόμος
1198 2459 1266 2513 τὰ
1316 2459 1563 2526 πρακτέα
1592 2458 1812 2519 δικαίως
1845 2473 1858 2486 ’

280 2559 534 2630 ᾐνίττετο
563 2558 617 2609 δὲ
667 2558 762 2609 καὶ
796 2556 909 2616 ταῖς
942 2555 1120 2614 σκιαῖς
1176 2551 1291 2617 τὴν
1348 2550 1639 2614 ἀλήθειαν
1680 2551 1745 2601 τὰ
1804 2549 1863 2601 ἑν

281 2650 504 2718 Χριστῷ
537 2649 853 2718 προτυπῶν.
888 2646 1024 2715 Περὶ
1085 2643 1250 2697 αὐτοῦ
1294 2642 1400 2715 γὰρ
1460 2642 1689 2710 ἐλάλησε
1732 2642 1861 2693 Μω-

283 2740 406 2805 σῆς.
443 2736 741 2789 ﬁnita-311
772 2735 867 2801 μὲν
890 2728 1058 2785 οὗτοι.
1082 2733 1236 2783 Κατὰ
1258 2731 1314 2782 δὲ
1345 2731 1445 2799 τὴν
1480 2730 1707 2799 πρώτην
1776 2728 1864 2791 ἐξ·

280 2832 506 2898 ήγησιν,
542 2829 663 2879 Οὐκ
708 2822 881 2878 εἷπον
902 2824 981 2888 τῷ
1012 2822 1309 2889 σπέρματι
1338 2821 1564 2885 Ἰακὼϐ,
1602 2820 1865 2874 Μιὲταιον

281 2918 599 2986 ζητήσατε.
629 2916 789 2968 Κατὰ
813 2915 869 2967 δὲ
908 2913 1220 2982 Σύμμαχον,
1255 2911 1517 2979 ματαίως
1573 2908 1866 2975 ζητήσατέ

276 3025 375 3076 με.
408 3010 566 3061 Κατὰ
590 3008 646 3059 δὲ
676 3007 801 3067 τοὺς
822 3005 1043 3064 ἄλλους,
1082 3000 1271 3066 κενῶς
1329 2999 1632 3067 ζητήσατέ
1671 3017 1766 3067 με.
1795 2999 1867 3051 Τὸ

281 3099 394 3168 γὰρ
418 3098 752 3163 Εὐαγγέλιον
774 3094 1010 3164 πρώτοις
1041 3095 1171 3162 ὑμῖν
1237 3089 1569 3159 ἀνεκήρυξα.
1636 3092 1746 3143 Καὶ
1794 3090 1868 3152 ὡς

282 3191 351 3244 ἂν
379 3191 454 3261 μὴ
483 3191 671 3259 δόξητε
701 3190 879 3259 μάτην
938 3186 1234 3251 Οεοσεῦεἴν,
1292 3184 1481 3255 μισθὸν
1537 3185 1665 3253 ὑμῖν
1728 3182 1869 3252 ζωὴν

284 3282 704 3348 ἐπηγγειλάμην
734 3279 972 3338 αἰώνιον,
1004 3277 1097 3329 καὶ
1157 3275 1192 3327 ἃ
1236 3273 1518 3343 ὀφθαλμὸς
1576 3272 1675 3323 οὐκ
1709 3267 1867 3335 εἶδεν,

285 3372 383 3423 καὶ
410 3372 478 3422 τὰ
510 3371 656 3437 ἑξῆς.
686 3368 907 3435 Ἐπειδὴ
932 3365 1000 3417 δὲ
1027 3368 1171 3428 Θεὸς
1196 3363 1534 3432 εὶμιλαλών
1564 3362 1872 3414 δικαιοσύο

285 3478 407 3526 νην
464 3461 563 3513 καὶ
622 3458 1021 3527 ἀναγγέλλων
1067 3456 1379 3517 ἀλήθειαν,
1435 3453 1572 3506 κατὰ
1619 3452 1711 3503 τὸν
1774 3451 1873 3518 τῆς

290 3549 700 3615 δικαιοσύνης
732 3548 909 3614 λόγον,
944 3546 1081 3615 μετὰ
1106 3545 1230 3606 τοὺς
1254 3547 1317 3596 ὲκ
1348 3542 1670 3613 περιτομῆς,
1726 3540 1873 3592 καλῶ

2034 2372 2293 2440 Sequitur
2345 2378 2528 2425 autem
2566 2388 2579 2424 :
2616 2370 2718 2436 Qui
2752 2370 3025 2439 justitiam
3068 2369 3320 2438 loquitur,
3356 2381 3403 2423 et
3456 2388 3540 2423 re-

1964 2461 2175 2512 ritatem
2227 2460 2535 2513 annuntiat.
2573 2460 2883 2529 lmperabat
2926 2460 3069 2513 enim
3116 2460 3201 2514 lex
3238 2476 3359 2528 qme
3394 2461 3541 2529 justo.

1966 2550 2080 2602 ﬁeri
2123 2550 2324 2613 liceret,
2360 2550 2566 2602 umbris
2606 2557 2789 2602 autem
2832 2549 3101 2601 veritatem
3136 2548 3391 2611 iunueus,
3422 2566 3542 2618 qme

1967 2640 2019 2693 in
2057 2640 2279 2695 Christo
2326 2650 2486 2694 erant
2533 2649 2660 2694 ante
2710 2641 3062 2709 dcpiugehat,
3098 2640 3165 2693 de
3218 2656 3326 2709 quo
3368 2640 3543 2693 Moses

1969 2734 2180 2786 loeutus
2232 2734 2407 2785 fuerat
2438 2735 2503 2784 “.
2543 2734 2718 2802 Atque
2774 2732 2887 2786 lure
2942 2732 3160 2801 quidem
3216 2734 3318 2797 illi,
3355 2748 3540 2785 verum

1968 2824 2267 2876 secundum
2301 2823 2534 2891 priorem
2561 2824 2982 2890 explicationem
3014 2842 3026 2876 :
3063 2822 3188 2875 Non
3219 2824 3331 2874 dixi
3358 2824 3545 2875 semini

1965 2912 2157 2974 Iacob,
2236 2911 2435 2965 Vanum
2482 2916 2753 2982 qumite;
2792 2913 3091 2967 secundum
3156 2913 3543 2982 Symmachum

1970 3011 2148 3055 autem
2203 3010 2257 3055 et
2308 3003 2468 3064 alios,
2511 3001 2741 3055 lt'ruma
2768 3004 2988 3071 qua'rite
3034 3017 3134 3055 me.
3192 3000 3542 3071 Evangelium

1970 3092 2238 3159 siquidem
2288 3091 2447 3155 vobis,
2498 3091 2615 3160 ipse
2658 3098 2784 3144 ante
2832 3106 3025 3144 omnes
3071 3089 3439 3158 pronmlgavi;
3483 3102 3546 3141 ac

1973 3196 2039 3234 ne
2075 3183 2326 3249 piclatem
2376 3179 2582 3234 frustra
2628 3180 2811 3234 colere
2858 3178 3199 3240 vidcrcmini,
3237 3176 3544 3229 mercedem

1971 3273 2135 3326 etiam
2189 3274 2351 3324 vitam
2408 3280 2688 3333 aeternam,
2740 3278 3047 3337 czeteraque
3095 3268 3222 3331 alia,
3270 3282 3391 3335 qute
3447 3278 3548 3317 n-c

1974 3360 2123 3413 auris
2151 3360 2377 3420 audivit.
2417 3374 2515 3413 nec
2548 3359 2742 3413 oculus
2781 3359 2935 3423 vidit,
2967 3373 3066 3412 nec
3096 3360 3148 3410 in
3182 3372 3277 3410 eor
3308 3356 3547 3410 hominis

1976 3449 2343 3502 ascenderunt
2375 3447 2443 3511 ⁸³,
2483 3462 2585 3516 ego
2629 3447 2906 3516 pollicitus
2942 3462 3086 3501 sum.
3124 3445 3227 3499 Sed
3262 3447 3372 3514 jam
3407 3460 3546 3513 quo-

1977 3540 2121 3592 niam
2156 3541 2266 3607 lfgo
2289 3554 2405 3590 sum
2431 3536 2595 3602 Deus,
2621 3538 2997 3606 quijustitiam
3020 3538 3226 3605 loquor,
3258 3546 3305 3589 et
3339 3554 3548 3589 annuu-

290 3641 499 3703 πάντας
543 3641 681 3708 πρὸς
708 3640 963 3706 ἐμαυτὸν,
989 3635 1258 3706 κήρυγμά
1292 3652 1350 3686 τε
1379 3633 1641 3702 ποιοῦμαι
1673 3632 1867 3684 κοινόν.
1900 3618 1941 3675 C

1865 3673 1867 3681 ,
1900 3618 1941 3675 C
1978 3633 2049 3683 tio
2082 3633 2353 3684 ceritatem
2392 3632 2692 3686 secumlum
2725 3629 2957 3698 justitia:
2994 3630 3251 3694 verbum;
3284 3637 3407 3699 post
3454 3627 3548 3679 .lu-

292 3732 646 3800 Συνάχθητε
675 3730 771 3782 καὶ
806 3728 998 3793 ἣκετε,
1026 3728 1123 3779 καὶ
1168 3727 1597 3790 βουλεύσασθε
1650 3722 1769 3790 ἅμα
1822 3724 1874 3775 cl

292 3823 628 3890 σωζόμενοι
660 3822 780 3873 τῶν
807 3820 1020 3872 ἐθνῶν.
1040 3818 1187 3869 ’Δντὶ
1219 3818 1275 3868 δὲ
1306 3816 1399 3869 τοῦ
1446 3815 1875 3879 βουλεύσασθε

292 3913 434 3979 ἅμα,
496 3911 813 3980 Σύμμαχος,
862 3907 1298 3975 προσεγγίσατέ
1382 3922 1506 3971 μοι,
1573 3908 1760 3974 φησὶν,
1819 3907 1874 3958 vl

292 4004 764 4070 δίαπεφευγότες
817 3999 935 4052 τῶν
991 3998 1208 4051 ἐθνῶν.
1284 3998 1357 4051 Τὸ
1427 3998 1483 4051 δὲ
1532 3997 1876 4065 συνάχθητε

293 4093 589 4155 καλοῦντος
614 4096 763 4146 ἐστιν
784 4091 875 4153 οὓς
909 4092 937 4142 ό
989 4090 1238 4152 Σατανᾶς
1276 4088 1635 4143 διεσκέδασεν.
1674 4087 1876 4140 Ἐλθὼν

292 4184 452 4253 γὰρό
486 4183 678 4252 Σωτὴρ
713 4182 944 4235 Θάνατον
971 4180 1232 4250 ὑπέμεινε
1280 4181 1346 4232 δι’
1375 4180 1541 4249 ἡμᾶς,
1586 4179 1696 4243 ἵνα,
1736 4178 1879 4230 κατά

292 4276 386 4328 τὸν
417 4271 843 4342 εὐαγγελιστὴν,
889 4273 957 4325 τά
984 4272 1150 4324 τέκνα
1193 4270 1286 4322 τοῦ
1313 4270 1447 4321 Θεοῦ
1467 4269 1533 4321 τὰ
1563 4269 1877 4338 διεσκορπι-

296 4365 475 4433 σμένα
508 4364 789 4434 συναγάγῃ
830 4364 910 4421 εἰς
955 4361 1013 4413 ἓν
1053 4360 1400 4422 συνδεθέντας
1459 4360 1736 4431 όμοψυχία
1784 4363 1878 4413 καὶ

295 4455 503 4508 πίστει.
539 4455 648 4507 Καὶ
692 4454 767 4516 ὡς
821 4453 1037 4523 μακρὰν
1096 4447 1247 4504 οῦσιν
1297 4450 1471 4516 ἣκειν
1526 4451 1679 4519 φησί.
1739 4451 1875 4505 Θεοῦ

292 4545 406 4615 γὰρ
433 4544 694 4613 ἀφίστησι
748 4543 946 4611 πλάνη.
984 4543 1074 4595 Διὸ
1101 4543 1191 4594 καὶ
1240 4540 1451 4603 Παῦλός
1521 4557 1707 4609 φησιν,
1738 4560 1757 4593 ι
1814 4543 1881 4594 Οἵ

294 4652 429 4688 ποτε
459 4635 614 4696 ὄντες
648 4634 886 4705 μακράν,
907 4634 1206 4703 ἐγενήθητε
1231 4632 1416 4699 ἐγγύς.
1458 4651 1475 4681 ι
1525 4633 1632 4684 Καὶ
1692 4632 1874 4698 πάλιν,

300 4743 321 4777 σ
354 4725 761 4794 Εύηγγελίσατο
788 4727 1013 4795 εἰρήνην
1038 4725 1164 4793 ὑμῖν
1190 4725 1299 4786 τοῖς
1331 4725 1568 4793 μακρὰν,
1602 4726 1692 4777 καὶ
1725 4726 1875 4796 εἰρή-

294 4832 397 4885 νην
422 4819 534 4876 τοῖς
564 4816 753 4885 ἐγγύς.
793 4836 811 4868 ι
838 4818 947 4869 Καὶ
973 4816 1259 4885 προφήτης
1308 4816 1367 4868 δέ
1416 4833 1601 4886 φησιν·
1642 4834 1660 4867 ι
1700 4817 1879 4884 Ἐγγί-

296 4923 430 4959 σατε
467 4906 546 4975 τῷ
571 4907 691 4976 Θεῴ
712 4908 804 4959 καὶ
832 4908 1007 4973 ὲγγιεῖ
1032 4906 1161 4973 ὑμῖν
1191 4923 1205 4937 ·
1256 4924 1274 4957 ι
1332 4906 1394 4957 τδ
1423 4905 1479 4958 δὲ
1531 4908 1878 4969 ,βουλεύσα-

295 5001 410 5051 σθε
444 4996 581 5064 ἅμα,
608 4996 745 5064 πρὸς
775 4995 837 5047 τὸ
864 4997 959 5047 σὺν
986 4995 1242 5063 φρονήσει
1280 4995 1565 5064 προσιέναι
1625 5012 1875 5065 παρακαο

296 5084 401 5140 λεῖ.
435 5088 527 5137 Δεῖ
560 5086 667 5154 γὰρ
689 5086 868 5138 πᾶσαν
892 5084 1100 5153 πλάνην
1121 5085 1533 5153 ἀρνησαμένους
1562 5084 1705 5139 οὕτω
1722 5104 1878 5157 προσ-

301 5175 441 5228 ιέναι
472 5176 591 5247 Θεῷ
616 5176 741 5229 νοῦν
799 5173 999 5243 εὐσεϐῆ
1028 5174 1126 5244 τῆς
1154 5175 1283 5243 πρὶν
1308 5175 1619 5245 ἀφροσύνης
1645 5176 1876 5240 ἀλλαξα-

303 5266 523 5332 μένους.

1978 3722 2149 3786 denos,
2183 3722 2247 3774 ad
2280 3736 2365 3773 me
2397 3720 2671 3789 quoslibet
2707 3735 2808 3790 ego
2843 3720 2993 3773 nullo
3028 3720 3345 3773 discrimine
3391 3734 3548 3773 accc-

1977 3813 2125 3875 dere,
2160 3819 2211 3865 et
2258 3826 2549 3864 commune
2598 3811 2855 3865 omnibus
2899 3810 3176 3879 Evangelii
3220 3812 3546 3878 praeconium

1977 3918 2099 3957 esse
2146 3902 2337 3971 jubeo.
2398 3902 2803 3972 Congregamini
2855 3911 2906 3954 et
2969 3903 3135 3955 venite
3192 3911 3239 3953 et
3293 3902 3550 3954 consulite

1978 3997 2160 4060 simul,
2188 3997 2278 4064 qui
2306 3996 2589 4050 salvamini
2620 3997 2683 4049 de
2710 3995 2949 4066 gentibus
2974 4035 2988 4059 ,
3026 3996 3114 4048 ubi
3152 4010 3252 4063 pro
3296 4010 3455 4047 t‘onsu
3481 3995 3551 4047 ite

1977 4090 2158 4153 simul,
2212 4087 2457 4141 Accedite
2504 4088 2574 4140 ad
2626 4103 2705 4141 me
2753 4088 2843 4155 qui
2890 4087 2954 4140 de
3002 4088 3242 4154 gentibus
3293 4087 3548 4154 effugisis

1980 4176 2374 4242 interpretatur
2426 4174 2809 4243 Symmachus.
2850 4173 2979 4228 Ideo
3029 4182 3211 4228 autem
3258 4191 3549 4244 congrega-

1980 4268 2108 4319 mini
2140 4266 2299 4330 dixit,
2332 4274 2389 4320 ut
2427 4266 2672 4333 cogentis
2712 4266 2862 4336 ipsos
2893 4274 2945 4321 et
2975 4267 3333 4321 convocantis
3372 4282 3553 4333 perso-

1980 4370 2105 4409 nam
2133 4354 2292 4424 525
2324 4356 2676 4424 exprimeret,
2712 4356 2805 4424 qui
2840 4366 2995 4409 erant
3034 4371 3063 4409 a
3105 4357 3303 4409 Satana
3338 4355 3548 4423 disgre-

1980 4449 2111 4517 gati.
2139 4448 2276 4502 Cum
2310 4448 2551 4501 venisset
2578 4448 2722 4501 enim
2756 4463 2863 4501 non
2897 4448 3005 4513 sui,
3036 4448 3128 4502 sed
3156 4450 3327 4501 nostri
3357 4462 3549 4508 οιιυηιι,

1981 4546 2210 4592 mortem
2247 4538 2414 4592 subiit
2448 4539 2721 4603 Salvator,
2753 4547 2811 4592 ut
2847 4539 3147 4593 secundum
3193 4538 3551 4607 Evattgclisltc

1980 4628 2143 4681 Verba
2168 4628 2237 4689 “,
2267 4628 2356 4682 Dei
2390 4628 2550 4693 ﬁlios,
2581 4629 2671 4696 qui
2700 4635 2856 4683 erant
2883 4628 3138 4698 dispersi,
3167 4629 3352 4682 eodem
3382 4629 3549 4681 animi

1982 4719 2215 4788 ﬁdeique
2256 4719 2477 4773 vinculo
2528 4734 2806 4774 connexos
2856 4720 2908 4772 in
2962 4736 3128 4773 unum
3175 4731 3546 4788 cnugregarct.

1982 4809 2188 4864 Deinde
2233 4818 2489 4880 tanquam
2527 4810 2683 4881 longe
2716 4811 2918 4876 absint,
2951 4821 3223 4865 venturum
3256 4827 3313 4865 se
3349 4812 3547 4865 innuit.

1986 4902 2149 4955 Areet
2174 4902 2317 4957 enim
2340 4910 2393 4956 et
2420 4910 2637 4970 separat
2665 4916 2694 4955 a
2730 4901 2838 4956 Deo
2863 4918 3017 4957 error
3039 4905 3173 4971 ipse.
3200 4901 3434 4971 indeque
3468 4910 3547 4955 est

1989 4993 2140 5047 Pauli
2190 4994 2321 5047 illud
2370 5013 2383 5047 :
2435 5011 2453 5042 ι
2492 4992 2595 5057 Qui
2647 4993 2942 5061 aliquando
2992 4993 3158 5047 eratis
3208 4993 3383 5060 longe,
3421 4992 3546 5044 laeti

1982 5086 2117 5139 estis
2164 5101 2330 5155 prope
2362 5087 2426 5138 ⁵⁸.
2466 5104 2483 5136 ι
2542 5084 2606 5138 Ει
2655 5102 2871 5141 rursum
2911 5105 2923 5140 :
2971 5104 2988 5137 ι
3028 5085 3424 5153 Evangelizavit
3458 5100 3549 5153 pa—

1981 5193 2096 5232 cem
2146 5178 2321 5241 voliis,
2367 5177 2458 5246 qui
2510 5178 2672 5246 longe
2729 5176 2935 5241 fuistis,
2972 5187 3025 5230 ct
3082 5191 3266 5245 pacem
3319 5175 3402 5237 iis,
3456 5177 3548 5243 qui

1975 5285 2144 5339 prope
2174 5268 2240 5321 ³⁸.
2280 5288 2297 5320 ι
2348 5268 2415 5321 Et
2467 5269 2744 5338 propheta:
2794 5268 2956 5323 etiam
2991 5286 3003 5321 :
3047 5285 3062 5317 ι
3098 5266 3546 5335 Λῃμι“οιιὶιιιίιι.ιιο

304 5354 436 5421 Duo,
475 5364 531 5410 et
571 5355 1036 5425 appropinquabit
1064 5355 1222 5411 vobis
1254 5356 1312 5415 ".
1359 5374 1378 5408 ι
1410 5357 1473 5410 At
1507 5357 1651 5426 quod
1697 5360 1955 5412 consulite
2040 5360 2202 5413 simul
2255 5362 2409 5424 dicit,
2485 5363 2556 5413 ita
2613 5368 2773 5415 caute
2816 5368 2868 5415 et
2917 5358 3209 5429 prudenter
3293 5356 3551 5412 δρομάδι-ο

366 5498 375 5505 ι
410 5536 455 5566 ⁸ο
488 5533 633 5587 Psal.
672 5546 829 5595 xvm,
864 5531 926 5593 5;
961 5532 1121 5585 Rom.
1167 5548 1220 5593 χ,
1261 5532 1346 5585 l8.

300 5621 364 5668 ιι,
398 5606 451 5659 9.
531 5606 574 5635 ”
604 5600 850 5667 Joanxt,
892 5602 981 5655 5:2.
1056 5602 1101 5633 "
1141 5601 1337 5670 l‘lpltcs.
1376 5619 1435 5666 ιι,
1471 5604 1555 5657 15.

1460 5532 1504 5563 ³¹
1549 5534 1716 5587 Exod.
1756 5552 1867 5593 xu.
1905 5537 1924 5588 i
1968 5552 2120 5604 seqq.

1670 5606 1715 5634 ”
1749 5608 1878 5658 ibid.
1916 5608 2000 5659 17.

2218 5539 2262 5568 ⁸³
2324 5536 2479 5589 Juan.
2547 5554 2596 5606 ν,
2634 5536 2720 5589 Mi.

2082 5609 2123 5638 ⁵⁷
2154 5606 2268 5661 Jac.
2306 5625 2376 5671 Ir,
2411 5610 2463 5660 8.

2824 5536 2869 5567 ⁸³
2895 5534 2994 5589 lsa.
3030 5548 3175 5595 Lvlv,
3215 5530 3279 5596 4;
3339 5531 3355 5583 Ι
3412 5530 3545 5592 Cor.

1594 5716 1820 5771 VARIJZ
1864 5718 2263 5777 ldiil'i'lUNIl‘S.

376 5818 402 5846 ι
447 5824 536 5879 περ.
581 5809 631 5860 εἴ
660 5824 759 5870 τις.
839 5816 864 5855 .'
904 5806 990 5857 ἵσ.
1025 5806 1161 5875 ἤχῳ.
