4262 6434
724 380 864 445 2435

2015 368 2369 428 PROCOl‘ll
2406 364 2642 424 GAZEI

3838 345 3986 405 9436

725 495 1071 546 adhortatur.
1124 488 1290 544 Decet
1334 487 1478 542 cnim
1532 501 1639 539 non
1688 484 1791 539 nisi
1834 483 2022 538 relicta
2068 498 2297 552 prorsus
2334 479 2594 549 peccandi
2639 476 3059 540 consuetudine,
3096 477 3311 544 vitaque
3344 475 3395 525 in
3466 470 3659 526 melius
3730 478 3984 519 commu-

724 596 858 650 tata,
882 594 1033 641 caste
1060 594 1113 641 et
1144 584 1231 654 pie
1257 582 1322 636 ad
1358 582 1527 636 Deum
1559 581 1840 635 accedere.

796 682 875 735 Ad
913 697 1009 735 vos
1056 680 1221 748 igitur
1251 678 1458 733 reversi
1496 676 1859 737 considerate,
1886 686 2051 743 quam
2086 670 2301 739 penitus
2335 672 2372 728 Α

726 773 988 826 vecordes
1013 770 1089 823 illi
1113 770 1243 831 sint,
1267 769 1357 837 qui
1387 769 1585 837 lignum
1612 764 1900 831 sculptura
1927 777 2036 815 sua:
2062 760 2263 812 elevant
2281 800 2296 823 ,

730 863 781 915 id
824 872 929 925 est,
961 861 1053 930 qui
1103 861 1177 913 ita
1224 860 1513 921 extollunt,
1554 864 1612 910 ut
1650 856 1877 924 gloriam
1911 868 2030 922 qua:
2061 852 2155 905 uni
2193 849 2301 903 Deo

727 953 978 1015 debetur,
1021 952 1169 1021 ligno
1203 951 1523 1019 largiantur.
1566 947 1859 1011 Nimirum,
1892 945 2093 1015 quibus
2124 943 2302 1012 placet

729 1052 947 1109 portare
989 1058 1187 1097 sensus
1220 1043 1486 1109 expertia,
1514 1047 1568 1092 et
1595 1056 1717 1108 qua:
1747 1054 1814 1092 ne
1841 1037 2046 1091 moveri
2075 1034 2299 1103 quidem

726 1136 969 1199 valeant,
1001 1152 1109 1203 quo
1141 1142 1300 1202 pacto
1330 1133 1414 1185 vel
1457 1141 1622 1195 terra,
1656 1133 1736 1185 vel
1779 1131 1912 1184 mari
1955 1131 2057 1183 iter
2092 1127 2299 1181 facien-

726 1237 831 1289 tes,
860 1229 929 1281 ab
952 1227 1219 1293 ejusmodi
1252 1226 1515 1279 auxilium
1543 1225 1855 1291 postulant?
1881 1222 2034 1287 Quod
2063 1221 2108 1274 si
2142 1219 2301 1288 quid-

724 1331 886 1383 quam
926 1316 1153 1376 habent,
1181 1314 1326 1383 quod
1374 1330 1473 1382 pro
1509 1314 1616 1367 diis
1651 1315 1772 1366 istis
1803 1313 2010 1375 dicant,
2039 1309 2303 1365 accedant

723 1414 778 1457 et
796 1404 926 1472 ipsi.
956 1401 1092 1455 Tum
1124 1403 1341 1455 demum
1381 1403 1524 1455 enim
1555 1418 1744 1455 verum
1781 1399 1949 1455 Deum
1982 1407 2300 1470 agnosci-nt,

724 1510 849 1547 cum
917 1496 1140 1563 propius
1198 1494 1557 1547 accesserint.
1618 1497 1815 1547 Annon
1888 1508 2145 1565 magnum
2218 1500 2303 1546 est

724 1584 942 1638 deitatis
980 1590 1383 1650 argumentum,
1420 1584 1565 1651 quod
1612 1598 1641 1635 a
1686 1582 1969 1651 prophetis
2012 1583 2115 1634 ista
2148 1582 2306 1652 longe

723 1685 851 1729 ante
883 1674 1162 1743 praedicta,
1202 1688 1368 1741 quam
1406 1673 1552 1727 facta
1583 1682 1744 1736 sunt;
1781 1673 1965 1740 qualia
2001 1672 2301 1736 daemones,

723 1767 817 1833 qui
865 1764 1179 1818 futurorum
1238 1764 1488 1817 notitiam
1530 1764 1633 1818 sibi
1671 1774 1956 1831 arrogant,
2000 1777 2067 1817 ne
2113 1760 2301 1816 lucum

724 1856 945 1923 quidem
1015 1853 1267 1906 faciendo
1340 1862 1601 1921 prmstare
1659 1862 1893 1922 queant;
1962 1851 2058 1906 sed
2127 1865 2306 1918 neque

726 1944 931 1997 (lhristi
975 1943 1290 2006 adventum,
1321 1942 1404 1996 vel
1454 1943 1736 1995 interitum
1785 1958 1943 1996 suum
1990 1942 2306 2010 praenosse?

726 2035 797 2086 At
824 2049 887 2087 ea
921 2033 1060 2101 ipse,
1095 2034 1218 2101 quia
1250 2036 1432 2100 justus
1488 2043 1535 2085 et
1587 2031 1831 2086 Salvator
1870 2048 2006 2093 sum,
2042 2030 2302 2099 praedixi;

726 2123 820 2191 qui
850 2123 999 2189 justa
1046 2124 1300 2176 oratione
1334 2131 1524 2189 gentes
1557 2140 1747 2177 otnnes
1780 2124 1845 2175 ad
1880 2126 2114 2176 salutem
2147 2136 2302 2175 voco.

730 2214 784 2267 ld
836 2214 982 2267 enim
1037 2229 1101 2267 eo
1153 2214 1294 2281 ipso,
1339 2214 1481 2281 quod
1538 2215 1602 2266 ab
1650 2215 1898 2267 extraneis
1954 2224 2106 2267 terra:
2149 2213 2306 2277 dixit,

732 2301 1086 2370 signiﬁcavit.
1121 2301 1264 2367 Quin
1310 2312 1361 2357 et
1403 2305 1609 2371 justum
1657 2320 1716 2359 se
1762 2304 1899 2357 alias
1952 2305 2218 2366 nominat,
2252 2312 2311 2357 ut

730 2391 1062 2454 tlzemonum,
1094 2391 1187 2458 qui
1224 2391 1275 2442 in
1309 2400 1835 2444 naturammostram
1864 2391 1934 2442 ita
1962 2396 2306 2457 grassantur,

730 2488 793 2534 ut
826 2480 894 2534 ab
929 2480 1186 2533 humanis
1235 2481 1432 2534 hostiis
1484 2498 1591 2533 non
1642 2482 1974 2539 abstineant,
2002 2479 2310 2533 distinctio-

734 2587 856 2624 nem
916 2571 1195 2624 adhibeat.
1230 2570 1332 2635 Qui
1388 2571 1531 2623 enim
1576 2587 1682 2624 non
1728 2571 1910 2638 justus
1951 2570 2184 2631 dicatur,
2218 2569 2310 2637 qui

734 2671 842 2713 tam
880 2662 1111 2715 libenter
1147 2662 1347 2731 injuria
1390 2661 1603 2716 allectis
1653 2662 1989 2731 opitulatur?
2032 2662 2124 2731 qui
2176 2661 2311 2715 nihil

734 2751 961 2804 oiunino
1011 2749 1256 2804 futurqu
1310 2753 1650 2821 pronuntiat,
1678 2752 1826 2820 quod
1866 2762 2018 2805 certo
2058 2760 2112 2805 et
2148 2751 2310 2804 indu-

737 2840 908 2893 hitato
948 2851 1141 2893 eventu
1201 2856 1307 2893 non
1366 2841 1595 2909 probet?
1639 2842 1776 2895 Cum
1826 2841 1970 2895 enim
2018 2842 2311 2896 Abrahami

738 2936 961 2996 nepotes
1015 2944 1136 2983 esse
1191 2930 1534 2993 servituros,
1603 2928 1936 2997 tandemque
2000 2929 2313 2983 libertatem

739 3024 1138 3073 oousecutnros
1167 3020 1542 3087 praedixisset;
1567 3017 1732 3088 526
1752 3018 1872 3087 ipso
1899 3027 2061 3071 etiam
2083 3034 2191 3072 non
2228 3033 2313 3072 re-

741 3103 1001 3157 cordante
1033 3106 1346 3173 patriarcha
1372 3106 1577 3177 (neque
1608 3108 1752 3159 enim
1783 3107 2000 3161 vivebat
2027 3107 2205 3160 adhuc
2234 3107 2314 3160 vel

740 3196 860 3262 ejus
918 3206 1265 3263 posterorum
1314 3198 1629 3266 quisquam,
1683 3198 1777 3267 qui
1823 3198 2053 3266 justitia:
2095 3198 2317 3253 nomine

2477 661 2883 730 Συστρέψαντες
2924 659 3018 712 οὖν
3066 658 3292 719 ἑαυτοὺς
3343 658 3580 711 συνίδετε
3627 659 3702 722 ὡς
3755 661 3981 729 ἀνόητοι

2402 755 2680 817 παντελῶς
2731 757 2782 806 οὶ
2802 755 3074 819 αἴροντες
3115 753 3180 805 τὸ
3217 752 3408 815 ξύλον
3466 752 3706 819 γλύμμα
3756 749 3982 813 αὐτῶν,

2400 849 2599 900 ὅέστιν
2655 846 2913 914 ὑψοῦντες
2961 846 3035 907 ὡς
3060 844 3218 908 δόξαν
3265 844 3414 913 αύτῷ
3468 844 3770 911 προσάγειν
3816 842 3979 894 Θεοῦ.

2407 941 2612 1004 Ἥγουν
2639 939 2687 990 οί
2715 938 2784 991 τὰ
2813 937 2995 1005 ἄψυχα
3017 936 3298 1004 φέροντες,
3353 934 3429 995 ὡς
3466 933 3541 1002 μὴ
3572 933 3842 984 κινεῖσθαι
3887 932 3984 982 δυο

2402 1031 2633 1099 νάμενα,
2687 1029 2804 1089 πῶς
2856 1025 3280 1095 ὁδοιποροῦντες,
3308 1026 3341 1093 ἦ
3379 1024 3633 1084 πλέοντες
3659 1022 3758 1091 τὴν
3829 1023 3983 1090 παρὶ

2400 1120 2607 1173 τούτων
2658 1118 2937 1171 αἰτοῦνται
2990 1117 3272 1186 βοήθειανς
3311 1116 3374 1167 Εἰ
3422 1115 3477 1166 δὲ
3524 1113 3709 1180 ἔχουσί
3740 1130 3793 1164 τι
3857 1115 3985 1179 περὶ

2401 1213 2511 1265 τῶν
2538 1211 2680 1263 ἰδίων
2708 1211 2888 1276 λέγειν
2934 1207 3099 1272 θεῶν,
3131 1206 3496 1275 προσίτωσαν.
3547 1204 3821 1269 Σύιεγγυς
3876 1206 3985 1270 γὰρ

2401 1301 2685 1367 γεγονότες
2718 1299 2808 1351 τὸν
2838 1297 3013 1367 ἀληθῆ
3070 1298 3203 1350 Θεὸν
3236 1296 3656 1362 ὲπιγνώσονται.
3700 1295 3775 1345 Ού
3838 1294 3986 1363 μέγα

2401 1394 2599 1460 δεῖγμα
2628 1392 2728 1460 τῆς
2750 1390 3000 1458 θεότητος
3040 1390 3101 1441 τὸ
3133 1388 3497 1459 προαγγεῖλαι
3540 1385 3714 1438 ταῦτα
3748 1385 3837 1437 διὰ
3876 1386 3985 1435 τῶν

2403 1483 2718 1554 προφητῶν,
2739 1484 2872 1551 ὅπερ
2895 1482 2993 1533 ούκ
3028 1480 3208 1550 έχουσι
3237 1482 3414 1532 ποιεῖν
3438 1481 3485 1531 οἱ
3506 1478 3828 1546 φενακισμῷ
3853 1494 3986 1545 προ-

2404 1574 2583 1641 λέγειν
2607 1572 3073 1641 ἐπαγγελλόμενοι
3112 1573 3388 1641 δαίμονες,
3460 1576 3599 1641 μήτε
3620 1570 3721 1641 τὴν
3744 1568 3984 1638 Χριστοῦ

2406 1664 2716 1734 παρουσίαν
2744 1661 3092 1733 προγνόντες,
3121 1665 3258 1732 μήτε
3320 1662 3407 1733 τὴν
3458 1662 3597 1715 ίδίαν
3644 1661 3980 1723 κατάλυσινς

2420 1754 2562 1823 Ἐγὼ
2601 1755 2659 1807 δὲ
2706 1756 2986 1824 προεῖπον,
3012 1755 3134 1806 επεὶ
3174 1753 3407 1820 δίκαιός
3456 1754 3578 1820 ειμι
3635 1752 3733 1805 καί
3759 1752 3981 1818 Σωτήρ.

2404 1848 2616 1914 Δικαίῳ
2636 1848 2741 1916 γὰρ
2767 1847 2907 1916 λόγῳ
2930 1847 3066 1916 πρὸς
3096 1846 3371 1916 σωτηρίαν
3409 1846 3592 1899 πάντα
3626 1845 3695 1897 τὰ
3732 1845 3859 1911 ἔθνη
3883 1862 3981 1897 κτ-

2406 1939 2505 1992 λῶ.
2537 1939 2707 1993 Τοῦτο
2729 1941 2835 2009 γὰρ
2857 1940 3009 2008 δηλοῖ
3039 1940 3099 1991 τὸ
3131 1938 3231 1991 ἀπ’
3271 1938 3536 2007 ἐσχάτου
3568 1937 3678 2004 τῆς
3711 1937 3846 2003 τῆς.
3878 1939 3987 1989 Καὶ

2408 2030 2638 2084 δίκαιον
2692 2032 2883 2083 ἑαυτὸν
2940 2030 3112 2092 ἄλλως
3173 2030 3353 2092 καλεῖ,
3376 2030 3512 2098 πρὸς
3578 2028 3986 2095 ἀντιδιαπολὴν

2407 2122 2515 2176 τῶν
2548 2122 2884 2191 ἠδικηκότων
2910 2121 3007 2191 τὴν
3031 2123 3309 2192 ἡμετέραν
3368 2122 3533 2190 φύσιν
3578 2121 3877 2189 δαιμόνων,
3932 2118 3986 2170 οἳ

2412 2212 2546 2281 μηδὲ
2574 2212 2828 2281 θυμάτων
2861 2211 3212 2281 ἀνθρωπίνων
3239 2212 3560 2280 ἀπέσχοντο.
3596 2212 3703 2263 Καὶ
3744 2209 3862 2271 πῶς
3918 2209 3981 2260 ού

2409 2299 2640 2366 δίκαιος
2699 2302 2727 2354 ὁ
2782 2306 2895 2364 τοῖς
2938 2301 3189 2355 τοσοῦτον
3243 2303 3593 2371 ἠδικημένοις
3645 2301 3985 2371 ἐπικουρῶνς

2410 2394 2468 2456 ὃς
2519 2394 2612 2446 καὶ
2655 2393 2885 2445 καθόλου
2933 2393 3232 2460 προλέγων,
3285 2393 3623 2446 ἀδιάπτωτον
3676 2395 3835 2461 τηρεῖ
3879 2390 3989 2443 τῶν

2411 2483 2828 2553 προρρηθέντων
2848 2482 2945 2553 τὴν
2976 2483 3236 2543 έκόασιν;
3272 2484 3559 2553 Προειπὼν
3589 2486 3697 2552 γὰρ
3739 2481 3991 2549 Ἀϐραὰμ.

2413 2574 2518 2644 τὴν
2538 2574 2783 2628 δουλείαν
2808 2591 2866 2627 τε
2894 2574 2989 2626 καὶ
3018 2575 3116 2645 τὴν
3144 2574 3461 2644 ἐλευθερίαν
3485 2574 3576 2626 τοῦ
3618 2576 3835 2641 γένους,
3895 2570 3991 2622 καὶ

2417 2665 2552 2736 μήτε
2598 2665 2849 2736 Ἀϐραὰμ
2866 2666 3278 2735 ὑπομνήσαντος
3306 2665 3446 2735 (τότε
3469 2667 3577 2733 γὰρ
3602 2664 3723 2717 οὐδὲ
3757 2659 3823 2732 ἦν
3854 2666 3991 2731 μήτε

2413 2756 2521 2808 τῶν
2548 2756 2605 2821 ἐξ
2631 2756 2797 2808 αὑτοῦ
2843 2756 3426 2826 δικαιοπραγούντων),
3491 2754 3629 2824 πρὸς
3697 2755 3854 2825 ἔργον
3902 2754 3992 2819 ὲξο

2413 2847 2635 2915 ήνεγκε.
2663 2847 2773 2899 Καὶ
2798 2846 2959 2899 πάλιν
2978 2847 3209 2900 δίκαιόν
3232 2862 3396 2914 φησιν
3420 2846 3631 2904 ἑαυτὸν,
3660 2846 3789 2907 τοὺς
3812 2847 3994 2914 ἡμαρ-

2413 2938 2649 3007 τηκότας
2690 2938 2890 3004 φοὸὦν.
2928 2940 3172 2993 Δικαίου
3202 2939 3310 3009 γὰρ
3350 2939 3382 3008 ἠ
3426 2939 3802 3007 ἀπαραίτητος
3830 2937 3990 2988 κόλα-

2418 3043 2522 3089 σις.
2565 3028 2735 3080 Καλεῖ
2753 3029 2809 3080 δὲ
2837 3030 2930 3081 καὶ
2958 3028 3227 3095 Σωτῆρα,
3256 3029 3331 3091 ὡς
3366 3030 3432 3081 ἂν
3470 3029 3628 3080 αὑτὸν
3682 3027 3776 3079 ἐπὶ
3799 3042 3995 3091 σωτη-

2408 3115 2514 3183 ρίᾳ
2567 3115 2829 3184 μαθόντες
2857 3118 3035 3185 πάντα
3076 3120 3251 3171 ποιεῖν
3295 3116 3500 3183 αὐτῶν,
3529 3117 3843 3185 ὁμολογοῖεν
3898 3116 3997 3185 μὲν

2422 3203 2809 3273 μετανοοῦντες
2842 3206 2909 3275 ἢν
2933 3208 2997 3258 ὲκ
3038 3206 3148 3258 τῶν
3192 3206 3417 3260 δικαίων
3473 3206 3748 3273 ὀφείλουσι
3795 3205 3954 3273 δίκην
3982 3221 3995 3234 ³

741 3285 1237 3356 commendaretur)
1277 3286 1344 3339 ad
1389 3287 1595 3341 exitum
1652 3301 1741 3340 res
1786 3286 1902 3355 ipsa
1937 3286 2170 3340 deducta
2210 3293 2313 3339 est.
2345 3316 2388 3374 ο
2422 3321 2424 3334 .

2345 3316 2388 3374 C
2422 3295 2832 3365 φιλανθρωπίας
2871 3296 2930 3349 δὲ
2982 3298 3253 3365 τυχόντες,
3307 3298 3406 3366 τὴν
3442 3296 3535 3349 τοῦ
3588 3293 3996 3365 συγχωροῦντος

742 3371 959 3426 Iustum
996 3391 1191 3431 rursus
1219 3388 1272 3431 et
1308 3378 1425 3446 ipse
1456 3392 1514 3433 se
1544 3378 1802 3448 appellat,
1846 3389 1903 3433 ut
1936 3379 2026 3443 iis,
2059 3379 2157 3448 qui
2192 3394 2318 3448 pec-

744 3473 963 3531 earunt,
1002 3476 1204 3521 metum
1265 3468 1521 3522 incutiat.
1563 3469 1727 3523 Caret
1777 3470 1922 3523 enim
1972 3471 2324 3525 miseratione

747 3568 871 3620 qua:
907 3553 1178 3622 justorum
1230 3566 1313 3611 est
1370 3559 1424 3611 in
1461 3558 1669 3613 scelera
1705 3560 2123 3614 animadversio.
2160 3560 2326 3614 Vocat

736 3655 876 3694 ενοι-ο
903 3652 958 3696 ct
986 3642 1335 3711 Salvatorem,
1369 3654 1428 3699 ut
1457 3656 1740 3717 postquam
1770 3648 1945 3716 ipsum
1982 3649 2171 3702 saluti:
2200 3662 2327 3717 ergo

2422 3385 2789 3454 χρηστότητα.
2837 3388 3100 3448 «Δίκαιος
3169 3386 3279 3455 γὰρ
3346 3383 3539 3439 ἑαυτοῦ
3583 3387 3889 3454 κατήγορος
3944 3385 4000 3434 ὲν

2421 3474 2784 3544 πρωτολογίᾳ.
2814 3495 2831 3526 ι
2865 3476 2977 3545 Τὴν
3012 3476 3143 3545 περὶ
3171 3475 3281 3528 τῶν
3314 3475 3494 3528 ὲθνῶν
3525 3476 3581 3528 δὲ
3605 3475 4002 3539 δικαιοσύνην

2426 3564 2543 3635 μεθ’
2573 3565 2737 3634 ὅρκου
2777 3566 3121 3634 προϊσχεται,
3179 3584 3199 3617 t
3242 3567 3360 3618 Ἵνα
3376 3567 3465 3619 διὰ
3486 3566 3599 3630 δύο,
3631 3564 4003 3635 φησὶνόθεῖος

2437 3654 2778 3720 Ἀπόστολος,
2811 3657 3153 3725 πραγμάτων
3170 3658 3545 3725 ἀμεταθέτων,
3603 3659 3660 3710 ὲν
3704 3652 3785 3719 οἷς
3808 3655 4002 3709 ἀδύνα-

749 3732 928 3785 moliri
974 3736 1157 3788 omnia
1208 3739 1608 3805 perspexerint,
1649 3754 1742 3794 eas
1789 3741 1893 3795 sibi
1941 3755 2155 3809 ptenas,
2187 3755 2327 3810 quas
2426 3762 2432 3778 ε

2309 3757 2327 3795 s
2426 3761 2516 3796 τον
2550 3744 2853 3813 ψεύσασθαι
2882 3746 3033 3809 Θεὸν,
3071 3746 3296 3816 ἰσχυρὰν
3329 3746 3673 3817 παράκλησιν
3698 3748 3935 3815 ἔχωμεν.
3974 3763 3992 3796 ι

734 3826 1051 3894 perferunt,
1096 3827 1242 3899 jusle
1295 3828 1461 3898 inlligi
1517 3832 1787 3885 scelerum
1840 3831 2178 3885 conscientia
2230 3832 2543 3899 fateantur;
2615 3838 2661 3890 si
2701 3837 2835 3905 quid
2894 3846 3075 3891 autem
3119 3838 3473 3894 humanitatis
3542 3839 3801 3902 sentiant,
3871 3840 4002 3892 illud

748 3922 928 3987 ipsum
991 3921 1192 3976 divina:
1249 3924 1437 3992 gratim
1498 3924 1931 3995 bcuigttitalique
1964 3926 2289 3980 attribuant.
2340 3946 2358 3979 ι
2389 3926 2585 3983 Justus
2626 3930 2795 3995 enim,
2838 3931 3100 3984 scribitur
3131 3932 3197 3995 ⁵⁸,
3229 3932 3380 4000 prior
3404 3942 3486 3986 est
3517 3943 3808 3987 accusator
3837 3935 3944 3987 sui.
3976 3953 3993 3984 ι

744 4014 1002 4070 Praeteriit
1043 4029 1173 4068 vero
1207 4030 1317 4076 non
1340 4016 1463 4075 sine
1485 4014 1799 4081 iuramento
1843 4016 2083 4085 gentium
2144 4017 2436 4087 justitiam,
2476 4040 2494 4073 (
2528 4030 2589 4075 ut
2612 4037 2711 4091 per
2781 4023 2919 4077 duas
2962 4038 3071 4088 res,
3136 4024 3214 4078 ait
3278 4025 3571 4095 Apostolus
3603 4027 3675 4090 ",
3741 4027 3999 4081 immobi-

736 4104 847 4166 les,
878 4103 1078 4171 quibus
1114 4104 1453 4171 impossibile
1491 4114 1575 4158 est
1607 4105 1823 4157 mentiri
1865 4104 2053 4170 Deum,
2078 4104 2441 4163 fortissimum
2472 4111 2734 4165 solatium
2772 4112 3093 4167 habeamus.
3130 4131 3149 4163 ι

819 4198 886 4251 Et
926 4215 1187 4253 sermones
1231 4199 1347 4262 mei,
1380 4198 1549 4261 addit,
1606 4214 1710 4251 non
1768 4208 2085 4252 avertantur.
2119 4198 2323 4265 Quales

744 4303 876 4342 vero
908 4304 1171 4341 sermones
1192 4289 1217 4339 ?
1246 4286 1456 4353 Quibus
1498 4288 1759 4340 nimirum
1792 4288 2008 4341 dicebat
2042 4306 2055 4341 :
2091 4287 2324 4343 Conver-

750 4379 928 4431 timiui
957 4380 1026 4430 ad
1052 4394 1151 4441 me,
1190 4388 1239 4430 et
1277 4377 1408 4430 salvi
1435 4378 1585 4431 eritis
1616 4377 1680 4429 ab
1705 4387 1941 4431 extremo
1984 4389 2159 4432 terrm.
2190 4378 2325 4445 Qui-

747 4469 851 4523 bus
880 4477 1058 4521 autem
1104 4469 1172 4522 de
1218 4470 1405 4523 causis
1449 4468 1835 4537 jusjurandum
1888 4469 2178 4535 addiderit,
2222 4470 2328 4524 hoc

747 4562 866 4626 ipso
922 4558 1151 4621 indicat,
1208 4558 1373 4625 quod,
1406 4560 1532 4626 quia
1581 4559 1712 4611 mihi
1768 4559 2134 4612 iucurvabitur
2180 4576 2330 4613 autne

750 4666 907 4719 gcnu,
946 4665 1052 4702 non
1116 4648 1429 4703 Jud:corum
1488 4658 1723 4714 tantum,
1767 4650 2035 4719 adjunxit.
2079 4648 2137 4705 Si
2182 4651 2329 4706 enim

753 4739 927 4809 gratia
977 4738 1165 4792 lsraeli
1203 4750 1325 4808 post
1358 4749 1508 4793 tanta
1557 4751 1780 4809 peccata
1813 4756 1951 4808 opus
1985 4742 2120 4807 fuit;
2159 4743 2331 4796 multo

756 4830 932 4894 magis
963 4830 1107 4896 quod
1151 4830 1374 4893 dicitur,
1411 4846 1532 4884 cum
1568 4832 1641 4885 sit
1677 4832 1923 4884 omnium
1962 4833 2120 4901 longe
2158 4833 2331 4885 maxi-
2361 4822 2405 4879 Ῑ)

734 4936 921 4983 mum,
975 4920 1132 4973 [idem
1188 4936 1298 4973 non
1351 4921 1613 4975 inveniat.
1675 4920 1802 4975 Inde
1852 4932 1937 4976 est
1986 4937 2141 4993 ergo,
2187 4923 2332 4993 quod

2491 4204 2601 4260 Kal
2661 4207 2714 4259 οί
2778 4208 2947 4274 λόγιοι
2996 4206 3053 4259 δέ
3075 4224 3213 4275 μου,
3250 4209 3412 4277 φησὶν
3448 4210 3560 4263 οὐκ
3604 4211 4000 4280 ἀποστραφή-

2424 4314 2656 4351 vortat.
2726 4298 2872 4351 Ποῖοι
2932 4298 2988 4350 δὲ
3046 4299 3251 4367 λόγοις
3296 4300 3364 4351 δι’
3418 4292 3494 4354 ὧν
3573 4300 3781 4368 ἔλεγεν,
3829 4302 3991 4356 Ἐπι-

2425 4386 2731 4455 στρὰφητε
2787 4387 2882 4440 ἐπ’
2936 4386 3060 4455 ἐμὲ,
3090 4387 3191 4440 καί
3224 4389 3579 4456 σωθήσεσθε
3613 4394 3665 4443 οἱ
3695 4390 4000 4458 ἁπ⁹ἐσχὰο

2424 4494 2533 4531 του
2558 4476 2666 4544 τῆς
2690 4475 2821 4546 γῆς.
2866 4478 2990 4530 Ἐπὶ
3028 4479 3170 4531 τίσιν
3195 4479 3253 4531 δὲ
3307 4479 3399 4531 τὸν
3473 4481 3636 4549 ὅρκον
3696 4482 3996 4552 ἐπήγαγεν,

2449 4565 2598 4635 δηλοῖ
2626 4566 2794 4634 λέγων
2830 4581 2844 4596 ·
2882 4565 3003 4619 Ὅτι
3030 4566 3157 4634 ἐμοὶ
3197 4566 3417 4636 κάμψει
3464 4568 3587 4622 πᾶν
3638 4572 3807 4638 γόνυ,
3852 4573 3914 4622 οὐ
3944 4572 4003 4622 τὸ

2421 4656 2690 4711 Ἰουδαίων
2749 4658 2928 4727 μόνον.
2989 4658 3053 4711 Et
3112 4658 3223 4729 γὰρ
3278 4658 3494 4729 Ἰσραὴλ
3551 4661 3691 4729 μετὰ
3732 4662 4004 4723 τοσαύτας

2421 4751 2714 4820 ἁμαρτίας,
2753 4752 2977 4821 χάριτος
3005 4752 3201 4824 ἐδεήθη
3228 4770 3241 4783 °
3267 4754 3448 4823 πολλῷ
3484 4755 3683 4825 μᾶλλον
3744 4756 3840 4807 ἐπὶ
3869 4758 4005 4809 πᾶν·

2430 4859 2535 4895 των
2569 4842 2714 4913 μέγα
2745 4842 2804 4895 ὃν
2834 4845 2895 4896 τὸ
2916 4843 3210 4914 λεγόμενον
3258 4847 3565 4915 ὴπιστεῖτο.
3622 4847 3704 4898 Δι’
3741 4848 3883 4917 ὅπερ
3930 4847 4005 4908 ὡς

2428 4931 2733 5002 ἀνθρώποις
2760 4934 3155 5003 διαλεγόμενος,
3188 4938 3349 5005 ὅρκον
3399 4938 3705 5005 ἐπήγαγεν,
3736 4937 3814 4999 ὡς
3838 4953 4007 5006 προσ-

766 5018 1028 5077 tanquam
1061 5023 1181 5061 cum
1213 5009 1526 5065 hominibus
1561 5025 1744 5064 sermo
1783 5010 2072 5074 habeatur,
2115 5012 2336 5066 admoto
2431 5041 2449 5076 3

2319 5026 2336 5066 )
2431 5025 2758 5094 κυνήσουσιν
2840 5026 3010 5097 αὐτῷ,
3058 5026 3154 5079 καὶ
3218 5027 3381 5081 αὐτὸν
3437 5029 3601 5097 ὅρκον
3660 5030 4002 5097 ποιήσονται,

760 5100 1148 5170 jurejurando,
1179 5116 1271 5155 eos
1309 5103 1461 5156 illum
1511 5118 1634 5158 esse
1680 5104 2029 5168 adoraturos,
2061 5105 2338 5175 similique
2431 5113 2443 5165 ἑ

2320 5120 2338 5160 3
2431 5113 2569 5183 ὅπερ
2596 5115 2660 5167 ὲκ
2691 5115 2892 5184 μέρους
2922 5116 3281 5187 πεπλήρωται
3320 5118 3628 5188 κληθέντων
3677 5118 3788 5170 τῶν
3812 5118 4003 5170 ἐθνῶν.

754 5193 1078 5262 juratnento
1108 5207 1330 5257 usuros,
1363 5193 1737 5260 conﬁrmavit,
1768 5194 1915 5264 quod
1949 5211 2015 5249 ex
2047 5206 2199 5265 patre
2223 5197 2338 5266 jam

2323 5212 2338 5249 |
2437 5204 2861 5275 Πληρωθήσεται
2892 5206 2948 5259 δὲ
2970 5206 3191 5271 τελείως
3212 5209 3268 5259 ὲν
3298 5211 3365 5279 τῇ
3396 5208 3675 5278 συντελείᾳ⁵
3717 5208 3812 5261 τοῦ
3871 5208 4006 5263 αίῶ-

756 5282 973 5335 vocatis
1008 5282 1261 5351 gentibus
1302 5282 1573 5337 accidisse
1608 5284 1879 5339 videmus.
1926 5285 2204 5339 Ellieietur
2237 5301 2334 5339 au-

736 5383 844 5427 tem
864 5385 1108 5438 penitus,
1153 5385 1279 5424 cum
1329 5373 1382 5427 in
1434 5376 1620 5428 seculi
1652 5377 2124 5431 consummatione
2152 5379 2330 5433 omnis

750 5466 999 5518 humanm
1050 5467 1254 5520 mentis
1303 5468 1565 5537 cogitatio
1614 5470 1943 5538 vanitasque
1990 5471 2326 5527 destruetur.

754 5553 938 5609 Omnis
970 5565 1145 5609 autem
1188 5555 1370 5625 lingua
1400 5557 1556 5625 dicet,
1581 5559 1707 5630 quia
1727 5559 1949 5627 justitia
1980 5572 2028 5615 et
2055 5562 2225 5632 gloria
2256 5564 2324 5615 ad

847 5730 893 5762 ⁵⁸
925 5729 1083 5785 l'rov.
1123 5746 1277 5801 xvttt,
1313 5736 1394 5788 l7.
1472 5735 1514 5767 ὐ
1558 5734 1717 5791 Hebr,
1758 5753 1834 5804 vr,
1868 5739 1954 5793 l8.

2441 5312 2551 5357 νος.
2583 5296 2669 5347 ὅτε
2713 5298 2821 5349 πᾶν
2841 5297 3177 5367 ἀνθρώπινον
3200 5300 3490 5369 φάντασμα
3535 5300 3631 5351 καὶ
3649 5299 3845 5367 ψεῦδος
3875 5318 4011 5353 κατ-

2437 5384 2825 5455 αργηθήσεται.
2868 5385 3041 5440 Πᾶσα
3101 5388 3170 5440 δὲ
3202 5387 3454 5457 γλῶσσα
3484 5390 3624 5456 ἐρεῖ,
3661 5389 3751 5442 ὅτι
3785 5389 4010 5443 δικαιο-

2434 5476 2615 5541 σύνη,
2648 5476 2747 5528 καὶ
2776 5476 2926 5541 δόξα
2953 5479 3102 5546 πρὸς
3139 5481 3326 5533 αὐτὸν
3376 5481 3531 5547 ἣξει.
3592 5481 3666 5533 Τὸ
3730 5480 3787 5533 δὲ
3839 5479 4009 5542 δόξα.

2435 5565 2612 5633 ἰσχὺς
2650 5569 2676 5619 ὁ
2716 5566 3007 5637 Σύμμαχος
3031 5570 3272 5640 εἴρηκεν.
3306 5572 3483 5624 Πᾶσαι
3518 5573 3621 5643 γὰρ
3639 5571 3696 5624 al
3747 5572 3808 5624 ιν
3847 5570 4013 5640 οὐρα-
