4262 6434
233 447 372 512 2437

1341 444 1870 507 COMMENTARII
1906 445 1987 505 ΙΝ
2017 445 2306 506 ISAIAM.

3346 440 3488 505 2438

233 564 346 622 νοῖς
370 558 563 628 ἀρεταὶ
614 560 768 624 τέλος
822 559 983 614 αὐτὸν
1006 558 1210 623 ἕξουσι.
1244 558 1358 612 Καὶ
1423 561 1572 612 πᾶσα
1621 558 1850 627 ισχὺςλ

1867 603 1876 624 γ
1904 573 2021 609 eum
2050 558 2245 623 veniet,
2278 570 2388 627 quo
2414 554 2557 621 loco,
2585 570 2685 627 pro
2714 555 2915 627 gloria,
2938 555 3041 609 vim
3067 552 3206 612 dixit
3237 551 3482 629 Symma-

234 649 539 721 ἀνθρώπων
567 649 676 701 τῶν
707 650 845 720 ὑπὲρ
876 648 1183 711 θεοσεϐείας
1204 648 1634 717 ἀγωνισαμένων
1671 649 1807 718 πρὸς

235 739 401 793 αὑτὸν
421 739 721 802 ἐλεύσεται,
739 740 939 808 ἀρετῆς
958 738 1054 792 καὶ
1067 740 1311 807 καμάτου
1331 740 1464 807 γέρα
1487 740 1809 809 παρέχοντα.

238 833 306 884 Ol
364 831 423 884 δὲ
449 829 813 903 διορίζοντες
837 830 1110 893 ἑαυτοὺς,
1154 831 1690 898 αίσχυνθιξσονται.
1728 829 1816 882 Διὸ

233 920 511 972 λέλεκταν
550 919 1013 989 Αἰσχυνθήσονται
1048 918 1247 981 πάντες
1283 922 1331 971 οἱ
1382 917 1816 989 προσκυνοῦντες

231 1011 348 1071 τοῖς
377 1008 657 1075 γλυπτοῖς.
696 1009 805 1060 Καὶ
830 1010 943 1070 τοῖς
974 1008 1251 1071 Ἰουδαίοις
1310 1007 1529 1075 ἐλέγετο
1559 1024 1574 1039 ο
1618 1026 1636 1058 r
1690 1007 1815 1059 Ἐὰν

238 1097 317 1167 μὴ
350 1098 677 1166 πιστεύσητε
701 1098 782 1149 ὅτι
817 1095 928 1164 ἐγώ
954 1098 1090 1165 εἰμι,
1124 1100 1181 1150 ὲν
1202 1100 1321 1160 ταῖς
1351 1098 1645 1168 ἁμαρτίαις
1663 1097 1816 1166 ὑμῶν

235 1190 621 1243 ἀποθανεῖσθε.
654 1209 673 1243 ι
727 1192 863 1243 Πότε
919 1192 975 1243 δὲ
1033 1190 1587 1259 αἱσχυνθιξσονται;
1646 1191 1815 1243 Ὅταν

237 1284 364 1334 πᾶν
392 1281 538 1349 γόνυ
556 1280 789 1349 κάμψῃ,
820 1284 959 1351 μετὰ.
999 1282 1171 1337 ταῦτα
1232 1282 1470 1350 λέγεται,
1502 1279 1815 1345 δικαιωθή-

238 1386 491 1435 σονται,
548 1370 647 1423 καὶ
693 1372 763 1424 ὲν
796 1371 875 1436 τῷ
912 1372 1033 1437 Θεῷ
1079 1372 1643 1437 ἐνδοξασθήσονται
1695 1368 1817 1425 πᾶν

236 1462 310 1514 τὸ
334 1462 574 1529 σπέρμα
611 1462 729 1514 τῶν
756 1462 903 1515 υἱῶν
934 1464 1197 1530 Ἰσραήλ.
1231 1464 1271 1514 Τ
1279 1464 1306 1515 δ
1335 1463 1391 1515 δὲ
1417 1463 1653 1530 σπέρμα
1699 1460 1817 1513 τῶν

240 1553 390 1608 υίῶν
430 1553 702 1620 Ἰσραὴλ,
734 1553 842 1606 υἱοὶ
873 1562 894 1589 ⁸
921 1555 1029 1622 γὰρ
1076 1553 1310 1623 Ἰσραὴλ,
1356 1552 1406 1604 οἳ
1459 1552 1665 1620 πρῶτοι
1709 1550 1816 1602 τῶν

241 1644 593 1710 Εὐαγγελίων
624 1645 919 1713 ἐτύγχανον
950 1646 1209 1713 κήρυκες,
1242 1638 1316 1697 ὧν
1344 1643 1402 1696 τὸ
1435 1643 1669 1711 σπέρμα
1725 1642 1817 1694 καὶ

240 1736 345 1805 τὴν
371 1734 624 1805 διαδοχὴν
661 1734 763 1804 ἔφη
794 1734 1291 1799 ὃικαιωθήσεσΰαι
1317 1734 1415 1786 καὶ
1450 1733 1819 1797 δοξασθήσε-

242 1830 410 1892 σθαι,
452 1826 552 1893 τῆς
589 1826 863 1887 υἱοθεσίας
894 1826 1251 1896 ἠξιωμένους,
1290 1826 1420 1894 περ)⁸
1467 1818 1540 1877 ὧν
1577 1824 1660 1886 τὸ,
1697 1842 1714 1874 ι
1756 1823 1816 1874 Εἰ

1917 648 2075 703 chus.
2127 648 2327 705 Omnes
2383 647 2552 711 enim,
2593 662 2712 716 quae
2758 646 2813 701 in
2861 648 3021 702 cmlis
3057 657 3189 703 sunt
3231 650 3484 721 virtutes,

1917 757 2017 813 pro
2048 742 2151 796 ﬁne
2182 741 2358 811 ipsum
2392 741 2659 796 habitura:
2693 748 2842 795 sunt.
2879 742 3069 797 Omnis
3114 741 3351 813 denique
3388 746 3489 801 ho-

1917 834 2125 888 minum
2157 837 2343 897 virtus,
2373 834 2466 903 qui
2500 832 2719 905 pietatis
2750 834 2972 888 nomine
3012 834 3386 900 decertarunt,
3419 836 3488 890 ad

1916 940 2064 990 eum,
2094 927 2186 994 qui
2225 926 2426 980 laboris
2461 935 2514 980 et
2557 925 2865 981 honestatis
2907 927 3191 994 prmmium
3237 928 3488 998 largitur,

1916 1023 2146 1069 ventura
2165 1030 2239 1069 esu
2253 1057 2266 1070 .
2289 1016 2586 1082 Quiautem
2605 1033 2659 1070 se
2678 1017 2780 1084 ipsi
2799 1017 3487 1085 separant,confundentur.

1918 1107 2092 1173 Atque
2142 1106 2267 1160 inde
2297 1114 2401 1171 est,
2428 1104 2573 1175 quod
2599 1122 2788 1161 omnes
2814 1109 2904 1175 qui
2932 1107 3201 1175 sculptilia
3237 1110 3488 1175 adorant,

1919 1195 2075 1266 527
2104 1197 2388 1251 confusum
2423 1197 2489 1251 iri
2523 1196 2987 1255 scribitur“.llinc
3008 1199 3196 1263 etiam,
3222 1201 3367 1266 quod
3400 1195 3491 1253 Ju-

1918 1283 2046 1337 dmis
2069 1283 2351 1337 dicebatur
2397 1297 2411 1337 :
2487 1302 2503 1334 ι
2530 1281 2644 1337 Nisi
2669 1282 3017 1337 credideritis
3040 1284 3185 1353 quod
3219 1301 3317 1355 ego
3347 1302 3491 1351 sum,

1920 1374 1973 1427 in
2018 1373 2254 1442 peccatis
2295 1373 2492 1425 vestris
2544 1374 2850 1427 moriemini
2885 1374 2952 1427 ⁶¹.
2981 1394 2997 1425 ι
3037 1373 3267 1439 Quando
3308 1386 3493 1430 autem

1918 1463 2335 1523 confundantur?
2350 1462 2447 1516 Ubi
2467 1480 2617 1516 omne
2633 1480 2766 1532 genu
2784 1464 3127 1517 incursaverit
3148 1482 3165 1527 ;
3181 1477 3364 1535 postea
3386 1468 3490 1522 ait:

1916 1556 2387 1624 Justiﬁcabuntur,
2418 1568 2464 1609 et
2498 1557 2551 1608 in
2582 1556 2689 1610 Deo
2716 1557 3109 1625 glori/imbitur
3137 1574 3287 1610 omne
3323 1574 3499 1612 semen

1920 1646 2151 1716 ﬁliorum
2199 1644 2392 1699 Israel.
2446 1644 2586 1698 Sunt
2625 1662 2750 1699 vero
2804 1664 2977 1700 semen
3027 1648 3264 1715 ﬁliorum
3301 1648 3495 1713 lsrael,

1923 1738 1999 1791 illi
2029 1738 2129 1806 ipsi
2157 1736 2321 1791 Israel
2354 1736 2472 1801 ﬁlii,
2505 1736 2599 1805 qui
2655 1738 2818 1806 primi
2875 1754 3155 1807 praecones
3215 1738 3497 1809 Evangelii

1921 1828 2164 1892 fuerunt,
2204 1844 2436 1898 quorum
2467 1844 2642 1881 semen
2668 1837 2720 1882 et
2745 1841 3096 1883 successores
3117 1830 3498 1897 justiﬁcatum,

246 1919 325 1988 μὴ
374 1917 579 1987 Κύριος
632 1916 859 1970 Σαϐαὼθ
913 1894 1269 1985 ἐγκατέλιπεν
1319 1919 1451 1986 ἡμῖν
1520 1916 1759 1985 σπέρμα,
1792 1896 1850 1965 »Α

1867 1894 1891 1950 ³
1923 1894 2379 1989 gloriﬁcatur-mque
2419 1918 2483 1972 iri
2513 1918 2670 1983 dixit,
2694 1917 2785 1987 qui
2814 1926 2944 1972 sunt
2972 1919 3027 1973 in
3062 1894 3202 1975 ﬁlios
3232 1894 3499 1988 a'doptati,

245 2009 596 2079 προείρηται.
649 2008 772 2061 Ὅτι
825 2008 883 2061 δὲ
942 2008 1183 2076 σπέρμα
1234 2007 1344 2060 τῶν
1401 2004 1742 2059 διδασκάλων
1774 2004 1821 2056 οἱ

250 2100 517 2170 μαθηταὶ,
546 2099 697 2169 δηλοῖ
724 2099 819 2151 καὶ
854 2098 1063 2162 Παῦλος
1091 2098 1283 2166 λέγων·
1315 2116 1333 2149 ι
1358 2098 1447 2150 Ἐν
1464 2097 1572 2165 γὰρ
1605 2094 1824 2164 Χριστῷ

248 2189 430 2259 Ἰησοῦ
460 2190 549 2243 διὰ
568 2188 665 2243 τοῦ
688 2189 1024 2258 Εὐαγγελίου
1047 2188 1159 2257 ἐγὼ
1185 2189 1326 2259 ὑμᾶς
1342 2188 1629 2258 ἐγέννησα.
1660 2204 1682 2239 ι

822 2455 1073 2508 ΚΕΦΛΛ.
1116 2455 1269 2521 Mer.

321 2551 454 2600 α’-ε’.
515 2546 741 2598 Ἔπεσε
775 2546 926 2610 Βὴλ,
958 2545 1279 2611 συνετρίϐη
1315 2542 1517 2613 Δαγὼν
1538 2581 1552 2603 .
1592 2538 1829 2609 ἐγένετο

251 2638 328 2691 τὰ
353 2635 591 2704 γλυπτὰ
617 2633 817 2688 αὐτῶν
841 2637 928 2700 εις
959 2636 1152 2701 θηρία,
1174 2633 1271 2687 καί
1295 2634 1363 2687 τὰ
1396 2633 1607 2700 κτήνη.
1634 2631 1833 2698 Λῖρετε

254 2726 411 2779 αὐτὰ
471 2723 934 2791 καταδεδεμένα,
974 2725 1052 2789 ὡς
1089 2725 1335 2791 φορτίον
1385 2721 1690 2784 κοπιῶντι,
1738 2720 1834 2773 καὶ

253 2814 679 2881 ἐκλελυμένα),
726 2814 825 2867 καὶ
877 2813 1174 2867 πεινῶντι.
1222 2814 1344 2866 Οὐκ
1388 2813 1660 2879 ἰσχύοντι
1694 2810 1831 2878 ἅμα,

256 2908 317 2959 οἳ
344 2910 416 2959 οὐ
451 2906 821 2972 δυνήσονται
850 2904 1120 2971 σωθῆναι
1172 2904 1293 2957 ἀπὸ
1328 2904 1629 2971 πολέμου·
1666 2903 1834 2957 αὐτοί

255 2996 331 3049 δὲ
364 2997 728 3064 αἰχμάλωτοι
762 2994 1063 3061 ἤχθησαν,
1096 3011 1151 3046 κ.
1178 3012 1228 3047 τ.
1260 2994 1310 3047 λ.

332 3086 518 3138 Εἰπὼν
551 3085 681 3154 περὶ
730 3085 828 3153 τῆς
862 3086 1202 3154 ἐπιστροφῆς
1235 3084 1343 3135 τῶν
1383 3082 1576 3144 ἐθνῶν,
1609 3082 1704 3136 καὶ
1740 3082 1840 3151 τῆς

256 3178 495 3245 ἐκλογῆς
552 3176 648 3229 τοῦ
712 3176 1026 3246 σπέρματος
1081 3175 1191 3228 τῶν
1242 3174 1372 3227 υἱῶν
1424 3174 1661 3244 Ἰσραὴλ,
1704 3174 1841 3244 πρὸς

271 3271 565 3331 Ἰουδαίους
602 3269 978 3338 ἀποστραφεὶς
1016 3267 1114 3337 τὴν
1154 3267 1390 3336 παντελῆ
1437 3267 1696 3336 σημαίνει
1741 3268 1839 3336 τῆς

258 3364 711 3430 είδωλολατρείας
760 3362 1101 3432 καθαίρεσιν.
1160 3361 1287 3427 Βὴλ
1344 3360 1401 3412 δὲ
1454 3362 1548 3412 καὶ
1583 3360 1840 3429 ’Έλληνες

220 3463 223 3465 ’
258 3458 489 3512 καλοῦσι
518 3458 611 3509 τον
638 3455 866 3525 Κρόνον,
888 3448 934 3521 ᾧ
967 3454 1031 3524 δὴ
1068 3453 1347 3521 προσῆγον
1378 3452 1427 3504 oi
1469 3452 1711 3525 πλεῖστοι
1752 3450 1843 3502 θυ-

261 3551 386 3604 σίαν
406 3550 474 3602 τὰ
502 3548 754 3617 φίλτατα.
794 3547 852 3599 Ὀ
884 3547 939 3598 δὲ
963 3544 1187 3612 Δαγὼν,
1229 3544 1542 3611 ἀλλοφύλων
1573 3542 1758 3606 ξόανον
1787 3542 1845 3593 ὲν

272 3642 584 3695 ’Δσκαλῶνι
612 3641 703 3692 καὶ
750 3639 901 3711 Γάζῃ
948 3638 1281 3705 τιμώμενον.
1329 3636 1405 3705 Τῇ
1444 3635 1501 3687 δὲ
1551 3633 1694 3699 λέξει
1748 3632 1845 3701 τῆς

262 3731 510 3802 ἱστορίας
554 3733 583 3782 ὁ
622 3730 910 3798 προφήτης
944 3727 1238 3793 ἐνέμεινεν.
1293 3726 1376 3787 Ὠς
1409 3725 1577 3793 γὰρή
1617 3722 1846 3782 κιεωτὸς

261 3820 472 3875 ἁλοῦσα
509 3819 647 3888 πρὸς
677 3816 841 3869 αὐτὸν
882 3816 1280 3884 εἰσενήνεκται,
1316 3814 1637 3881 συνετρίϐη
1673 3829 1847 3879 ’παραυ

266 3912 460 3981 χρῆμα
484 3908 689 3961 πεσών.
730 3907 862 3960 ’Λπὸ
886 3906 942 3958 δὲ
976 3905 1068 3958 τοῦ
1102 3903 1332 3973 μερικοῦ
1364 3902 1498 3971 πρὸς
1524 3902 1583 3954 τὸ
1615 3901 1843 3955 καθόλου

267 4003 368 4070 τῆς
408 3997 854 4067 εἰδωλολατρείας
884 3995 986 4047 τὸν·
1017 3994 1175 4062 λόγον
1214 3992 1507 4059 ἀναγαγὼν
1527 4031 1542 4055 ,
1576 3991 1847 4059 Ἐγένετο

266 4090 541 4161 γλυπτὰ.
599 4089 800 4158 φησὶν,
859 4084 1059 4139 αὐτῶν
1108 4087 1195 4149 είς
1246 4082 1422 4149 θηρία
1481 4081 1582 4133 καὶ
1628 4081 1841 4148 κτήνη.

269 4179 511 4234 Τοιαῦτα
539 4174 597 4229 δέ
635 4175 759 4229 καθ’
799 4176 929 4244 ὅλης
966 4177 1066 4244 τῆς
1109 4174 1386 4240 Αἰγύπτου
1418 4172 1487 4224 τὰ
1530 4172 1739 4225 εἴδωλα.
1789 4172 1846 4223 '0

268 4272 326 4324 δὲ
356 4271 679 4339 Σύμμαχος,
719 4266 1012 4335 Ἐγένετο,
1063 4264 1217 4333 φησὶ,
1258 4264 1331 4316 τὰ
1380 4263 1598 4316 εἴδωλα
1649 4261 1848 4317 αὐτῶν

269 4360 438 4425 ζώοις
484 4359 724 4421 Eaedem,
762 4356 834 4419 ὠς
866 4358 1242 4427 ἀπορῤιφέντα
1290 4354 1554 4421 δηλονότι,
1597 4355 1692 4407 καὶ
1728 4354 1850 4408 λίαν

270 4450 620 4522 κρημωμάνα
642 4461 691 4503 ι.
711 4448 1158 4516 ’Υπομιμνήσκει
1182 4446 1260 4509 δὲ,
1279 4444 1413 4514 φασί
1432 4461 1596 4509 τινες,
1610 4445 1806 4507 αὐτοὺς
1822 4446 1850 4497 ὁ

1924 2010 1992 2065 de
2030 2010 2229 2079 quibus
2254 2010 2384 2064 illud
2412 2018 2571 2064 antea
2605 2026 2618 2060 :
2655 2028 2671 2060 r
2712 2010 2827 2065 Nisi
2868 2012 3127 2065 Dominus
3161 2014 3501 2068 exercituum

1923 2101 2235 2171 reliquisset
2254 2101 2412 2156 nobis
2437 2117 2624 2156 semen
2648 2103 2715 2163 “,
2741 2120 2759 2152 ι
2788 2110 3113 2171 usurpatum
3145 2102 3167 2155 l‘
3170 2103 3263 2156 uit.
3306 2102 3503 2157 Semen

1928 2207 2091 2261 porro
2145 2193 2529 2260 magistrorum
2588 2192 2753 2244 etiam
2806 2192 3107 2261 discipulos
3167 2208 3290 2248 esse
3333 2192 3502 2249 Paulo

1927 2293 2064 2339 teste
2098 2284 2354 2354 patuerit,
2395 2283 2486 2353 qui
2518 2299 2576 2337 se
2608 2284 2661 2337 in
2700 2283 2922 2339 Christo
2941 2283 3071 2339 Jesu
3107 2301 3203 2355 per
3252 2282 3502 2357 Evange-

1929 2374 2061 2429 lium
2085 2373 2401 2430 Corinthios
2431 2374 2688 2445 genuisse
2720 2374 3033 2428 afﬁrmavit.

2520 2463 2674 2517 CAP.
2721 2462 2903 2517 XLVI.

2006 2551 2168 2606 Vens.
2202 2554 2317 2607 1-5.
2355 2552 2551 2607 Cecidit
2587 2552 2702 2616 Bel,
2732 2555 2990 2607 contritus
3026 2564 3103 2609 est
3131 2553 3303 2625 Dago.
3330 2552 3507 2611 Facta

1933 2655 2053 2700 sunt
2086 2645 2354 2711 sculptilia
2390 2661 2568 2697 eorum
2601 2646 2650 2697 iu
2680 2646 2895 2707 bestias,
2931 2657 2976 2698 et
3003 2645 3273 2714 jumenta.
3310 2644 3506 2699 Porta—

1936 2740 2001 2791 tis
2041 2754 2100 2790 ea
2134 2737 2381 2804 alligata,
2411 2737 2565 2805 quasi
2592 2753 2723 2788 onus
2775 2736 3065 2801 laboranti,
3121 2745 3171 2789 et
3219 2736 3504 2805 deﬁcienti,

1934 2842 1981 2883 et
2009 2830 2250 2891 sitienti;
2287 2846 2378 2881 nec
2426 2829 2731 2895 pra'valenti
2764 2827 2945 2891 simul,
2984 2830 3073 2896 qui
3124 2845 3225 2881 non
3262 2838 3508 2897 poterunt

1937 2923 2144 2975 salvari
2171 2923 2225 2974 in
2283 2921 2438 2987 bello,
2468 2922 2570 2988 ipsi
2600 2930 2776 2973 autem
2808 2921 3001 2989 captivi
3029 2920 3175 2974 ducti
3218 2931 3364 2987 sunt,
3396 2929 3505 2977 etc.

2012 3110 2303 3180 Postquam
2339 3111 2405 3164 de
2439 3111 2683 3179 gentium
2716 3111 3098 3175 conversione,
3136 3111 3313 3181 deque
3362 3112 3511 3170 elec-

1867 3203 2091 3279 ctione
2132 3202 2359 3255 seminis
2410 3200 2574 3254 Israel
2610 3203 2946 3270 disputavit,
3000 3201 3067 3255 ad
3124 3201 3342 3257 .ludmos
3398 3204 3511 3271 jam

1945 3306 2267 3348 conversus.
2304 3305 2521 3343 omnem
2552 3305 2780 3358 prorsus
2806 3290 3078 3343 idolorum
3117 3292 3320 3345 cultum
3356 3306 3512 3346 ever-

1945 3398 2065 3437 smn
2138 3383 2203 3435 iri
2269 3381 2432 3450 528
2500 3381 2790 3450 signiﬁcat.
2858 3381 2952 3435 Est
3004 3398 3133 3435 vero
3195 3383 3293 3437 Bel
3348 3385 3510 3437 etiam

1945 3470 2152 3525 Graecis
2187 3469 2459 3523 Saturnus
2490 3479 2879 3537 nuncupatus;
2913 3472 3000 3525 cui
3034 3472 3237 3526 liberos
3284 3488 3415 3526 suos
3449 3474 3506 3527 in

1945 3560 2275 3613 sacriﬁcium
2308 3561 2563 3628 permulti
2596 3559 2919 3614 olTerebaul.
2976 3561 3125 3631 Dago
3179 3570 3363 3618 autem
3420 3578 3506 3618 ex.

1947 3657 2230 3702 ternorum
2264 3649 2587 3717 populorum
2620 3650 3010 3715 simulacrum,
3062 3650 3207 3720 quod
3261 3652 3494 3706 Asealon

1945 3750 1999 3794 ct
2048 3739 2207 3792 Gaza:
2266 3738 2566 3793 colebatur.
2628 3738 2836 3791 Alludit
2888 3754 3049 3808 porro
3105 3741 3172 3794 ad
3230 3741 3514 3795 hisroriam

1947 3829 2137 3894 Isaias,
2171 3844 2292 3897 quze
2325 3837 2673 3898 captararca,
2731 3837 2786 3884 ct
2844 3829 2908 3883 ad
2962 3829 3166 3883 idolum
3230 3832 3515 3886 introduc-

1947 3930 2000 3975 ta
2033 3922 2098 3984 ",
2132 3920 2403 3975 cecidisse
2438 3919 2638 3988 ipsum,
2674 3929 2728 3973 ct
2766 3921 3054 3973 contritum
3089 3920 3257 3976 fuisse
3290 3921 3507 3977 doceat.

1950 4005 2174 4071 Deinde,
2210 4018 2329 4063 uta
2377 4008 2665 4078 singulari,
2722 4007 2788 4061 ad
2849 4009 2900 4061 id
2955 4008 3099 4078 quod
3158 4011 3375 4079 generis
3433 4022 3518 4067 est

1949 4098 2215 4163 universi,
2242 4106 2557 4166 susceptum
2584 4100 2647 4151 dc
2680 4096 2995 4151 idololatria
3045 4113 3357 4153 sermonem
3400 4110 3516 4154 tra-

1950 4188 2133 4249 ducat,
2168 4186 2341 4240 Facta
2370 4194 2513 4251 sunt,
2546 4186 2745 4254 inquit,
2776 4187 3053 4251 sculptilia
3083 4204 3264 4241 eorum
3314 4190 3368 4242 in
3402 4191 3519 4245 bes-

1951 4274 2075 4331 tias.
2104 4282 2152 4325 et
2173 4274 2416 4339 jumema
2446 4286 2465 4325 :
2495 4272 2675 4342 qualia
2711 4270 2926 4326 fuerant
2966 4273 3080 4341 ipsa
3136 4271 3517 4344 Egyptiorum

1950 4361 2117 4416 idola.
2146 4360 2267 4426 Quo
2290 4362 2410 4414 loco
2429 4359 2815 4430 Symmachus,
2848 4358 3314 4430 Fuerunt,inquit,
3340 4378 3520 4415 eorum

1952 4452 2097 4507 idola
2132 4450 2454 4505 animalibm
2486 4462 2838 4514 consecrata;
2870 4460 3126 4519 tanquam
3178 4451 3392 4519 abjecta
3437 4455 3523 4505 ni-

270 4542 427 4604 Θεδς,
450 4540 524 4603 ὡς
540 4540 609 4593 τὰ
641 4539 741 4608 μὲν
770 4537 938 4591 αὑτοῦ
965 4537 1114 4606 μένει
1137 4536 1404 4605 διηνεκῶς
1433 4534 1729 4604 τελούμενα
1747 4551 1762 4566 ο
1782 4534 1850 4587 τὰ

1881 4540 1930 4600 D
1956 4543 2181 4610 mirum,
2218 4543 2483 4612 valdeque
2518 4544 2784 4612 neglecta.
2819 4541 3004 4598 Placet
3036 4544 3319 4598 nonnullis
3350 4543 3519 4597 Deum

266 4634 326 4686 δὲ
356 4633 468 4684 τῶν
487 4630 725 4684 εἰδώλων
755 4629 933 4682 πάντα
965 4627 1157 4697 ψευδῆ,
1179 4628 1270 4679 καὶ
1294 4625 1430 4695 πρὸς
1456 4625 1517 4677 τὸ
1550 4626 1716 4697 μηδὲν
1736 4625 1855 4678 δια-

268 4721 714 4781 πίπτοντα.Θεὺς
747 4720 857 4789 γὰρ
890 4722 919 4773 ὁ
949 4720 1113 4783 αὐτός
1145 4722 1261 4772 ἐστι
1286 4760 1301 4785 ,
1350 4718 1545 4789 γνώμῃ
1566 4720 1661 4771 καὶ
1694 4716 1855 4786 φύσει

272 4813 582 4885 μεταβολὴν
598 4813 658 4864 ού
682 4810 991 4879 δεχόμενος.
1009 4810 1120 4863 Καὶ
1141 4809 1177 4863 ἃ.
1198 4813 1457 4880 προεῖπεν
1471 4809 1679 4880 Ἀϐραὰ
1687 4826 1744 4879 μ,
1768 4808 1855 4873 ἐξ-

268 4904 426 4959 ετέλε
436 4920 547 4957 σεν.
568 4904 679 4955 Καὶ
696 4900 1013 4971 νῦνιάληθὴς
1029 4901 1058 4941 δ
1076 4900 1267 4967 εἰπὼν,
1291 4901 1372 4954 ὅτι
1389 4901 1550 4969 Ἔμοί
1568 4900 1692 4955 πᾶν
1709 4901 1855 4969 γόνυ

269 4998 527 5067 κάμψει,
556 4997 654 5049 καὶ
680 4994 834 5063 κοινὴ
861 4994 996 5046 πᾶσι
1017 4992 1304 5063 δοθήσεται
1330 4993 1529 5065 δωρεά.
1563 4993 1626 5046 Ἦ
1660 4993 1716 5045 δὲ
1742 4993 1852 5046 τῶν

250 5090 518 5145 ,εἰδώλων
552 5087 811 5141 ἀσθένεια
860 5084 1218 5154 διελέγχεται·
1259 5085 1355 5137 καὶ
1387 5096 1409 5124 ε
1445 5083 1857 5156 παραδοθέντων

272 5182 435 5253 ὑμῶν
458 5178 830 5250 αἰχμαλωσίᾳ,
865 5177 1183 5246 ἐλεφάντων
1210 5177 1428 5246 φορτία,
1462 5178 1556 5229 καὶ
1586 5177 1694 5229 τῶν
1724 5177 1857 5230 ὑπο-

271 5272 484 5341 ζυγίων
512 5271 839 5339 ἀπαγόμενα
866 5268 1115 5337 φορτίον
1157 5268 1472 5337 γενήσεται.
1508 5268 1618 5321 Καὶ
1663 5268 1859 5337 ἄνδρες

270 5366 333 5418 δὲ
366 5363 626 5433 φέροντες
659 5361 747 5415 ἐπ’
772 5360 942 5430 ὤμων
982 5358 1124 5413 αὐτὰ
1161 5356 1638 5424 κοπωθήσονται.
1670 5356 1769 5420 Τίς
1800 5357 1857 5410 δὲ

272 5453 464 5525 φέρων
489 5452 621 5507 Θεὸν
654 5451 905 5518 ἀσθενεῖς
938 5449 1053 5503 Οὐκ
1083 5448 1193 5520 ἄρα
1220 5448 1393 5503 ταῦτα
1426 5447 1563 5503 θεοί.
1605 5448 1728 5511 Πῶς
1747 5447 1855 5517 γὰρ

1953 4651 2076 4706 quae
2126 4650 2223 4690 sua
2270 4642 2402 4689 sunt
2466 4648 2690 4688 manere
2752 4648 2987 4702 semper,
3059 4632 3347 4687 indicare:
3401 4647 3524 4700 qua:

1954 4735 2134 4779 autem
2169 4724 2460 4786 idolorum,
2494 4723 2628 4776 falsa
2664 4723 2847 4775 omnia
2882 4723 3172 4781 exsistere,
3208 4729 3261 4773 et
3291 4720 3341 4772 in
3374 4720 3522 4772 nihi-

1953 4813 2064 4868 lum
2100 4814 2274 4869 abire.
2312 4813 2407 4867 Est
2437 4812 2746 4867 enimidem
2781 4819 3042 4880 perpetuo
3086 4809 3247 4873 Deus,
3285 4810 3515 4877 ejusque

1952 4921 2236 4976 nunquam
2290 4905 2372 4959 vel
2429 4904 2722 4967 sententia,
2786 4903 2867 4956 vel
2930 4909 3125 4957 natura
3178 4903 3524 4966 immutatur,

1953 5012 2171 5066 quaque
2201 4995 2303 5049 ﬁde
2332 4994 2462 5047 olim
2515 5009 2637 5064 qua:
2686 4993 2997 5047 Abrahamo
3052 4992 3332 5061 pollicitus
3381 5002 3522 5056 erat,

1954 5087 2232 5159 praestitit,
2282 5086 2472 5141 eadem
2510 5093 2563 5140 ct
2602 5100 2768 5149 nunc,
2819 5085 2965 5154 quod
3023 5102 3176 5139 omne
3219 5102 3353 5154 genu
3403 5095 3527 5139 ante

1955 5192 2009 5230 se
2058 5177 2254 5245 ﬂexum
2301 5175 2391 5239 iri,
2460 5189 2859 5244 communeque
2904 5174 3160 5229 omnibus
3213 5175 3397 5228 datum
3459 5174 3523 5226 iri

1957 5282 2158 5321 munus
2190 5265 2497 5328 aﬂirmavit.
2529 5265 2827 5321 eﬁ‘ecturus
2874 5275 2978 5321 est.
3035 5266 3302 5335 Arguitur
3362 5281 3527 5326 porro

1960 5355 2236 5411 idolorum
2268 5355 2639 5419 imbecillitas,
2676 5370 2820 5425 quae,
2853 5370 2976 5409 cum
3007 5355 3130 5410 duci
3167 5371 3284 5417 vos,
3323 5356 3524 5423 inquit,

1961 5447 2017 5502 in
2072 5447 2347 5512 exsilium,
2412 5447 2749 5516 contigerit,
2796 5446 3101 5518 elephantis
3159 5462 3265 5503 non
3327 5446 3529 5513 solum,

380 5610 428 5642 “
465 5609 612 5665 Psal.
640 5622 787 5673 xcvr,
818 5607 871 5662 7.
949 5607 991 5640 “
1024 5605 1180 5662 Joan.
1218 5618 1336 5671 vni,
1369 5607 1463 5665 24.
1537 5604 1580 5637 ⁶²
1610 5601 1716 5658 Isa-
1753 5618 1786 5667 I.
1821 5602 1850 5657 9

1867 5603 1946 5657 ,⁸³
1987 5601 2003 5655 I
2042 5604 2173 5673 lteg.
2263 5617 2321 5665 ν,
2358 5601 2379 5655 1
2415 5617 2568 5673 seqq.

1556 5723 1789 5779 νΑιιιΑε
1826 5722 2228 5779 LECTIONES.

377 5838 503 5900 ³τρ.
536 5828 692 5883 εἰσίν.
769 5839 786 5861 ⁸
824 5828 909 5883 ίσ.
939 5824 1285 5897 ἠτιμωμένα-
1362 5821 1389 5861 ι’
1418 5838 1511 5890 γρ·
1539 5819 1818 5889 ἀληθεύει·

1900 5830 1920 5858 ο
1962 5821 2046 5872 ίσ.
2082 5822 2135 5873 ἆ.
