4262 6434
731 400 872 464 2439

2029 390 2387 454 PBOCOPII
2441 391 2685 450 GAZ/EI

3843 393 3914 457 24
3922 395 3994 459 40

726 511 1104 584 jumentisque
1123 511 1363 575 ueteris,
1383 509 1581 579 quibus
1606 507 1934 572 avehentur,
1958 510 2104 561 oneri
2129 507 2310 562 futura
2343 537 2351 560 λ

2414 508 2480 559 ἂν
2511 508 2607 560 καὶ
2639 509 2805 578 ἧγετο
2841 506 2977 576 πρὶς
3022 507 3131 560 τῶν
3161 507 3438 576 πολεμίων
3474 508 3834 578 αἰχμάλωτα;
3871 514 3994 577 πῶς

729 614 893 671 sunt;
929 604 1023 658 sed
1062 603 1196 657 viris
1231 603 1419 667 etiam,
1454 616 1692 670 quorum
1726 600 1969 656 humeris
2000 603 2302 670 gestabun-

729 703 841 758 tur,
878 695 1110 748 laborem
1163 693 1432 760 paritura.
1487 691 1680 750 Verum
1713 691 1838 762 quis
1883 691 2052 746 Deum
2084 702 2305 762 gestans

729 787 998 841 intirmior
1045 785 1279 839 evadat?
1317 783 1434 837 Non
1465 799 1596 850 ergo
1626 783 1698 836 dii
1730 784 1821 837 illa
1855 794 2004 838 sunt.
2030 784 2132 849 Qui
2161 784 2303 837 enim

727 888 885 948 capta
916 877 984 930 ab
1024 875 1281 930 hostibus
1317 876 1369 927 in
1417 875 1673 928 exsilium
1731 873 2100 928 traducantur
2122 876 2144 926 ?
2199 873 2304 939 Qui

727 967 940 1022 damnis
971 981 1183 1031 eorum,
1212 981 1242 1020 a
1273 966 1473 1034 quibus
1503 965 1825 1029 adorantur,
1845 982 1952 1020 non
1971 965 2307 1031 tangantur?

731 1057 932 1110 Volunt
977 1056 1069 1109 alii
1111 1056 1426 1111 sacerdotes
1478 1071 1595 1119 eos,
1653 1057 1745 1125 qui
1794 1058 1848 1109 in
1906 1056 2303 1110 dzemoniorum

727 1149 944 1216 pompis
962 1150 1201 1216 ipsorum
1228 1145 1433 1201 fercula
1456 1146 1796 1215 bajulabant,
1822 1147 1949 1200 dum
1977 1162 2072 1215 per
2095 1148 2304 1216 plateas

725 1241 1063 1302 incederent,
1099 1239 1374 1292 idolorum
1405 1239 1618 1307 pondus
1650 1254 1758 1292 non
1793 1239 1912 1292 sine
1945 1238 2136 1292 labore
2171 1253 2300 1292 sus-

725 1329 983 1383 tinuisse.
1033 1329 1160 1384 Istis
1210 1345 1344 1384 vero
1394 1328 1651 1383 admonet
1701 1328 1976 1383 lsraelitas
2034 1329 2197 1384 etiam
2235 1329 2303 1383 de

722 1419 1001 1484 hostibus,
1037 1435 1064 1472 a
1097 1421 1295 1490 quibus
1325 1431 1546 1489 propter
1577 1419 1851 1473 idolorum
1883 1423 2095 1474 cultum
2129 1423 2302 1476 abdu-

721 1491 878 1564 cendi
909 1517 1039 1564 sunt
1065 1529 1077 1574 ;
1118 1512 1413 1578 animoque
1441 1510 1704 1578 relinquit
1737 1513 2094 1579 cogitandum
2134 1528 2300 1581 quam

720 1615 886 1668 grave
916 1602 986 1653 sit
1018 1609 1068 1654 et
1109 1601 1455 1654 intolerabile
1489 1601 1886 1654 dmmoniorum
1925 1620 2061 1655 onus
2096 1603 2302 1656 anima-

719 1689 825 1745 bus
868 1691 957 1756 iis,
991 1707 1112 1760 qua:
1148 1701 1437 1760 postquam
1469 1707 1527 1746 se
1565 1692 1831 1761 impietati
1892 1694 2297 1761 manciparunt,

719 1779 970 1834 conlecto
1011 1780 1155 1833 bello
1193 1781 1491 1834 nonaliter
1550 1796 1716 1849 quam
1770 1781 1971 1849 Captivi
2029 1782 2296 1836 scelerum

2406 599 2449 651 δ’
2483 599 2550 652 ἂν
2588 598 2761 652 ταῦτα
2808 598 3081 661 παθόντας
3126 601 3250 662 τοὺς
3293 599 3456 662 ἰδίους
3507 601 3767 670 παρεῖδον
3815 618 3995 671 προσ-

2407 691 2682 760 κυνητὰς;
2713 690 2892 742 "me:
2924 689 2981 742 δέ
3019 707 3183 758 φασιν
3212 691 3287 753 ὡς
3317 693 3375 743 ἐν
3407 693 3527 752 ταῖς
3554 691 3662 743 τῶν
3691 692 3992 760 δαιμονίων

2407 784 2656 852 πομπαῖς
2696 782 3084 852 ἐκκομίζοντες
3117 784 3282 852 ἱερεῖς
3321 784 3389 836 τὰ
3412 783 3706 852 ἀγάλματα
3731 783 3994 853 φέροντες

2406 877 2493 928 ἐπ’
2528 875 2716 945 ὤμων,
2750 875 2847 938 τὰς
2881 874 3144 938 πλατείας
3197 875 3633 947 ἀχθοφοροῦντες
3679 877 3988 947 διήρχοντο.

2407 968 2510 1019 Τὸν
2554 967 2768 1038 Ἰσραὴλ
2793 967 2850 1020 δὲ
2890 966 2980 1021 διὰ
3014 965 3224 1019 τούτων
3279 968 3690 1038 ὑπομιμνήσκει
3736 969 3829 1021 καὶ
3876 969 3991 1023 τῶν

2407 1058 2724 1125 ἁπαξόντων
2778 1059 2980 1120 αὐτοὺς
3011 1058 3311 1127 πολεμίων,
3335 1059 3411 1121 ὡς
3450 1059 3521 1111 τὰ
3579 1059 3776 1112 εἴδωλα
3811 1077 3988 1130 προσ-

2407 1154 2770 1218 κυνήσαντας,
2791 1151 2884 1203 καὶ
2909 1150 3048 1204 κατᾶ
3066 1151 3306 1204 διάνοιαν
3337 1150 3732 1219 αἰνιττόμενος,
3751 1151 3826 1212 ὡς
3845 1151 3988 1220 βαρὺ

2407 1243 2501 1295 καὶ
2531 1243 2940 1296 δυσϐάστακτον
2969 1243 3168 1312 ψυχαῖς
3199 1241 3257 1294 τὸ
3277 1240 3386 1292 τῶν
3415 1240 3690 1310 δαιμόνων
3713 1243 3985 1308 φορτίον,

2408 1336 2628 1388 ἐπειδὰν
2648 1336 2815 1398 αὑτὰς
2838 1334 3062 1403 ἀσεϐείᾳ
3086 1332 3622 1396 καταδουλώσωνται,
3643 1333 3799 1401 δίκην
3819 1336 3994 1400 αἰχμ-

2415 1427 2638 1479 αλώτων
2705 1431 2922 1497 caput;
2992 1426 3164 1486 αὑτὰς
3229 1421 3645 1494 ἁμαρτημάτων
3695 1422 3989 1490 δεδεμένας

2405 1520 2761 1588 ἀπάγοντες,
2789 1519 2884 1571 τοῦ
2944 1519 3075 1583 παρ’
3110 1518 3290 1570 αὐτῶν
3339 1516 3580 1584 πολέμου
3625 1515 3801 1584 πέρας
3829 1512 3989 1566 τοῦτο

2406 1610 2740 1678 ποιούμενοι.
2765 1605 2894 1661 Εἶτα
2921 1608 3078 1661 καλεῖ
3101 1607 3302 1676 αὐτοὺς
3335 1608 3435 1658 οὐκ
3463 1604 3682 1668 Ἰακὼϐ,
3713 1603 3830 1657 ἀλλ’
3855 1605 3989 1655 αὐτὸ

2408 1704 2567 1772 μόνον
2592 1700 2759 1756 οἷκον
2804 1701 3030 1765 Ἰακὼϐ,
3063 1701 3149 1753 διὰ
3202 1700 3299 1767 τὴν
3351 1699 3493 1750 κατᾶ
3547 1699 3726 1766 σάρκα
3780 1697 3985 1762 συγγέ-

2405 1811 2577 1857 νειαν,
2611 1795 2704 1846 καὶ
2744 1793 3078 1847 κατάλοιπον
3126 1790 3364 1861 Ἰσραὴλ,
3394 1791 3476 1853 ὡς
3508 1789 3689 1856 τρύγα
3719 1790 3851 1839 τινὰ
3885 1786 3985 1838 καὶ

718 1871 930 1925 catenis
963 1872 1217 1924 revincta!
1245 1871 1533 1924 ducuntur.
1592 1871 1701 1927 Eos
1731 1871 1930 1928 deinde
1964 1889 2072 1927 non
2108 1872 2298 1937 Jacob,
2335 1850 2351 1904 1

2408 1885 2762 1952 περίττευμα
2812 1883 3082 1951 Ἰσραήλ.
3116 1883 3271 1944 Τινὲς
3311 1881 3368 1933 δέ
3394 1898 3556 1946 φασιν
3587 1880 3660 1940 ῶς
3690 1879 3800 1930 τῶν
3832 1877 3984 1928 πλεί-

717 1963 810 2016 scd
842 1962 1057 2016 domum
1116 1962 1286 2016 Iacob
1349 1973 1563 2018 tantum
1600 1967 1874 2028 nominat,
1915 1975 2147 2036 propter
2181 1965 2298 2020 alli-

717 2055 942 2108 nitatem
998 2054 1162 2125 529
1192 2071 1314 2108 cuin
1342 2073 1532 2121 carne,
1567 2067 1616 2110 et
1649 2059 1907 2126 reliquias
1949 2058 2140 2124 Israel,
2173 2069 2299 2113 tan-

722 2163 881 2213 quant
924 2149 1054 2216 [rt-es
1117 2149 1230 2215 ejus
1281 2149 1512 2216 aliquas,
1567 2156 1621 2201 et
1673 2157 2044 2203 excrementa.
2103 2149 2301 2204 Putant

717 2240 967 2292 nonnulli
996 2238 1246 2291 abductis
1267 2241 1318 2291 in
1347 2242 1709 2308 captivitatem
1739 2244 2050 2310 permultis.
2083 2245 2298 2296 unicam

716 2330 954 2391 domum,
997 2339 1259 2396 tanquam
1296 2330 1552 2385 immanis
1587 2329 1636 2383 ei
1672 2331 1918 2386 barbarae
1950 2333 2296 2389 crudelitatis

718 2420 977 2488 reliquias
1011 2422 1274 2490 appellari
1313 2439 1326 2473 :
1360 2422 1510 2490 quod
1550 2431 1606 2477 et
1637 2423 1784 2492 ipsos
1813 2425 2004 2486 etiam,
2054 2426 2160 2479 nisi
2209 2441 2296 2480 re-

717 2511 1012 2578 sipuerint,
1050 2528 1410 2581 prrpessuros
1445 2529 1568 2567 esse
1600 2529 1708 2567 non
1738 2515 2070 2569 dissimulat.
2101 2516 2303 2570 Volunt

717 2603 806 2656 alii
837 2602 902 2654 ad
933 2618 1148 2668 eorum,
1176 2620 1296 2672 qum
1326 2603 1470 2657 dicta
1504 2614 1631 2660 sunt
1659 2647 1674 2669 ,
1705 2607 2117 2663 meditationem
2150 2610 2301 2679 ipsos

715 2694 986 2758 revocari,
1030 2710 1169 2762 quos
1210 2693 1400 2748 Jacobi
1428 2712 1628 2764 genere
1682 2699 1982 2767 gloriantes
2039 2717 2137 2770 par
2194 2702 2298 2755 luit

714 2785 962 2852 ejusdem
1003 2801 1185 2840 mores
1215 2787 1442 2840 imitari.
1469 2788 1578 2842 Etsi
1610 2790 1779 2852 enim,
1817 2792 2018 2860 inquit,
2052 2793 2298 2863 reliquia:

716 2874 840 2929 sitis
873 2874 1046 2929 Israel
1079 2877 1200 2932 duae
1237 2879 1416 2933 tribus
1439 2880 1563 2944 illae,
1597 2898 1720 2950 qua:
1746 2882 1813 2937 de
1837 2883 2130 2939 duodecim
2167 2888 2302 2956 (de-

716 2977 835 3016 cem
872 2964 1018 3019 enim
1063 2967 1204 3019 bello
1246 2980 1434 3037 captas
1461 2978 1515 3024 ct
1557 2971 1823 3028 abductas
1878 2991 2000 3029 esse
2045 2977 2301 3046 constat)

715 3053 896 3108 adhuc
924 3065 1148 3110 manent
1177 3059 1504 3124 incolumes,
1539 3077 1632 3116 eos
1665 3071 1868 3128 tamen,
1905 3068 2108 3134 quibus
2163 3070 2300 3122 resi-

2406 1991 2548 2026 στων
2602 1976 2690 2037 εἱς
2739 1973 3168 2040 αἰχμαλωσίαν
3215 1970 3514 2038 ἀχθέντων,
3561 1969 3751 2036 ῶσπερ
3809 1963 3984 2019 οἶκον

2403 2067 2510 2119 ἕνα
2531 2065 2688 2119 καλεῖ
2718 2067 2814 2118 καὶ
2844 2065 3188 2134 βαρϐαρικῆς
3212 2062 3492 2132 ὠμότητος
3517 2061 3793 2128 λείψανον.
3814 2057 3988 2110 Τοῦτο

2401 2159 2514 2226 γὰρ
2541 2159 2735 2221 αὐτοὺς
2764 2157 3049 2211 πείσεσθαι
3075 2157 3149 2226 μὴ
3174 2152 3569 2225 μετανοοῦντας
3594 2169 3781 2221 φησιν.
3801 2150 3985 2202 Ἀλλοι

2401 2251 2457 2304 δέ
2481 2269 2644 2319 φασιν
2663 2251 2740 2314 ὡς
2763 2251 2899 2322 πρὸς
2920 2252 3018 2321 τὴν
3036 2250 3143 2302 τῶν
3173 2248 3482 2318 εἰρημένων
3505 2246 3702 2308 αὐτοὺς
3724 2245 3845 2312 ἄγει
3868 2259 3989 2295 συν-

2403 2341 2678 2409 αἱσθησιν.
2744 2340 2939 2394 Ἰακὼϐ
2990 2342 3098 2410 γὰρ
3129 2339 3424 2409 αὐχοῦντες
3473 2335 3614 2390 εἶναι
3664 2337 3842 2401 γένος,
3892 2335 3986 2387 τὸν

2403 2433 2615 2484 ἐκείνου
2647 2432 2851 2501 τρόπον
2875 2430 3072 2499 ζηλοῦν
3096 2433 3234 2483 εἰσιν
3259 2428 3419 2496 ἄξιοι.
3437 2428 3497 2479 Εἰ
3523 2427 3632 2495 γὰρ
3653 2428 3748 2478 καὶ
3767 2425 3986 2493 λεῖμμα

2400 2523 2702 2590 τυγχάνετε
2750 2521 2846 2573 τοῦ
2890 2520 3138 2588 Ἰσραὴλ
3193 2518 3292 2572 δύο
3331 2515 3770 2588 περιλειφθεῖσαι
3820 2514 3987 2582 φυλαὶ

2405 2615 2611 2685 (αἱγὰρ
2643 2615 2774 2668 δέκα
2802 2614 2935 2684 πρὸς
2971 2611 3363 2682 αἰχμαλωσίαν
3398 2608 3777 2678 ἀπήχθησαν),
3816 2623 3986 2675 μετα-

2403 2706 2658 2768 νοοῦντας
2711 2707 2862 2774 ὃμως
2900 2706 2960 2758 οὐ
3016 2704 3369 2776 περιόψομαι.
3421 2701 3622 2754 Λοιπὸν
3678 2700 3863 2761 αὐτοῖς
3911 2697 3986 2760 ὡς

2403 2798 2636 2864 ἀνόνητα
2676 2795 2980 2864 μελετῶσι,
3026 2795 3118 2847 τὸν
3163 2795 3327 2862 νόμον
3388 2792 3447 2857 ἐξ
3497 2791 3724 2843 ἁπαλῶν
3772 2789 3984 2856 ὀνύχων

2403 2887 2698 2938 ὠνείδισεν.
2753 2885 3045 2956 Δεχὸμενοι
3099 2884 3207 2954 γὰρ
3258 2883 3562 2952 περιτομὴν
3613 2881 3980 2950 ὀκταήμερον,

2404 2982 2513 3039 τοῖς
2548 2978 2730 3042 ἄλλοις
2782 2979 3034 3047 νομίμοις
3062 2977 3435 3045 ὲντρέφονται,
3469 2975 3544 3037 ὡς
3585 2972 3839 3042 εἰρῆσθαι
3891 2972 3985 3025 διὰ

2404 3068 2593 3120 τοῦτο·
2654 3088 2670 3117 ι
2715 3068 2825 3120 Καὶ
2883 3067 3006 3118 λαοὶ
3040 3066 3377 3135 ἐμελέτησαν
3423 3065 3576 3117 κενά.
3617 3083 3634 3114 ν
3691 3063 3991 3116 Εἰδωλολα-

715 3146 933 3214 piscere
960 3149 1254 3215 placuerit,
1300 3169 1407 3205 non
1446 3168 1566 3206 sum
1598 3155 1970 3224 neglecturus.
2009 3157 2297 3228 Deinceps.
2329 3171 2351 3227 (

2408 3158 2662 3226 τροῦντες
2703 3159 2832 3227 γὰρ,
2862 3157 3218 3227 προφητικῶν
3256 3159 3338 3219 εἰς
3374 3155 3604 3224 ἔλεγχον
3648 3155 3862 3207 ἐδέοντο
3899 3154 3992 3206 λό-

715 3245 974 3305 tanquam
996 3237 1200 3291 frustra
1221 3239 1487 3306 laborent,
1518 3243 1688 3312 legem
1717 3247 1818 3308 eis,
1847 3248 1899 3300 iu
1923 3265 2028 3317 qua
2054 3265 2084 3302 a
2105 3253 2310 3304 teneris

713 3329 937 3394 ungulis
963 3329 1164 3381 eruditi
1194 3328 1428 3395 fuerant,
1461 3335 1779 3402 exprobrat.
1815 3337 2304 3396 Circumcisionem

713 3416 859 3470 enim
890 3428 1088 3472 octavo
1119 3421 1208 3474 die
1245 3423 1449 3491 adepti,
1486 3425 1538 3477 in
1577 3427 1701 3481 aliis
1757 3430 1921 3481 etiam
1978 3430 2114 3502 legis
2167 3448 2305 3501 prae-

714 3507 892 3573 eeptis
928 3509 1000 3560 ita
1057 3511 1388 3578 educantur;
1436 3524 1492 3567 ut
1541 3531 1654 3570 non
1711 3517 1991 3572 immerito
2046 3523 2302 3577 dicatur:

719 3614 737 3645 ι
781 3596 848 3649 Ει
878 3601 1060 3666 populi
1099 3602 1346 3656 meditati
1380 3613 1510 3657 sunt
1557 3607 1742 3661 inania
1773 3610 1836 3664 ⁸⁸.
1887 3630 1905 3661 ι
1961 3611 2097 3665 Cum
2151 3615 2298 3668 enim

713 3687 780 3740 ad
819 3688 1186 3744 idololatrian]
1225 3709 1284 3748 se
1315 3698 1748 3765 convertissem,
1803 3702 2124 3772 prophetico
2175 3721 2294 3759 ser-
2339 3710 2351 3727 “

2409 3269 2542 3319 γων.
2591 3251 2780 3315 Ὑμεῖς
2814 3250 2911 3318 μὲν
2937 3245 3031 3301 οὖν
3052 3250 3100 3300 οἱ
3136 3249 3293 3300 αὐτοὶ
3321 3246 3419 3316 τὴν
3439 3246 3649 3314 πλάνην
3675 3263 3688 3276 ο
3720 3245 3835 3311 ἐγὼ
3870 3246 3929 3298 δὲ
3962 3246 3991 3296 ό

2408 3342 2568 3404 αὐτὸς
2606 3343 2707 3409 τὴν
2739 3340 3174 3410 φιλανθρωπίαν,
3229 3339 3328 3408 τὴν
3359 3337 3635 3408 ὑμετέραν
3682 3339 3770 3390 ἀεὶ
3812 3354 4013 3406 σωτη-.

2408 3432 2531 3500 ρίαν
2559 3428 2760 3499 ζητῶν,
2779 3428 2878 3481 καὶ
2904 3429 3239 3492 παιδεύσας
3259 3429 3402 3496 ὑμᾶς
3426 3427 3796 3497 αίχμαλωσίᾳ,
3827 3427 3990 3478 πάλιν

2402 3521 2613 3586 ἀνήσω
2673 3519 2897 3589 δεσμοῦ.
2955 3520 3041 3581 Ὠς
3105 3518 3214 3588 γὰρ
3253 3519 3435 3588 ἰατρὸς
3488 3517 3693 3584 ἀγαθὸς
3743 3517 3838 3570 νῦν
3889 3516 3991 3584 μὲν

2408 3613 2662 3675 ἀπειλαῖς
2693 3612 2916 3676 αὐτοὺς,
2944 3611 3039 3665 νῦν
3078 3612 3135 3664 δὲ
3175 3612 3339 3664 πάλιν
3370 3610 3594 3679 ἀγαθῶν
3626 3610 3990 3679 ὑποσχέσεσιν

2404 3705 2654 3776 ἁρπάσαι
2683 3706 2946 3774 πειρᾶται
2974 3703 3070 3756 τοῦ
3095 3704 3345 3756 διαϐόλου
3370 3702 3590 3773 χειρῶν.

713 3793 874 3833 mone
919 3781 985 3834 ad
1015 3798 1258 3840 errorem
1321 3790 1712 3846 revincendum
1766 3811 1906 3864 opus
1959 3797 2294 3852 habuerunt.
2338 3798 2447 3853 Vos
2483 3814 2634 3868 ergo,
2669 3797 2868 3864 inquit,
2939 3805 3205 3866 quantum
3251 3797 3318 3850 ad
3397 3796 3658 3865 peccandi
3711 3796 3988 3849 licentiam

711 3876 930 3939 attinet,
969 3878 1126 3931 iidem
1167 3881 1327 3948 plane
1359 3888 1726 3942 remansistis.
1777 3892 1890 3961 Ego
1951 3907 2081 3947 vero
2109 3894 2299 3948 eodem
2342 3909 2558 3962 semper
2585 3895 2638 3946 in
2671 3908 2768 3946 vos
2803 3893 3011 3954 animo,
3053 3892 3357 3960 eademque
3423 3891 3811 3945 benevolentia
3890 3905 3987 3943 ex-

714 3969 942 4033 sistrns,
975 3971 1154 4041 deque
1184 3987 1366 4031 vestra
1393 3995 1616 4051 semper
1647 3985 1823 4041 salute
1887 3989 2181 4057 sollicitus,
2242 4006 2367 4044 cum
2407 4005 2506 4044 vos
2536 3989 2860 4058 captivitate
2896 3989 3246 4057 castigavere,
3305 3986 3543 4039 vinculis
3591 3986 3855 4039 liberatos
3895 3984 3987 4036 di-

711 4066 944 4116 mittam.
984 4065 1088 4120 Eos
1114 4071 1259 4123 enim
1326 4089 1435 4127 non
1503 4078 1662 4131 aliter
1724 4097 1890 4149 quam
1947 4086 2157 4152 peritus
2204 4085 2346 4138 medi

2408 4101 2474 4148 IS,
2537 4086 2734 4152 partim
2781 4083 2964 4147 minis,
3016 4081 3214 4152 partim
3279 4080 3440 4135 etiam
3496 4077 3984 4150 pollicitationibus

711 4155 779 4207 de
809 4153 1010 4209 diaboli
1054 4160 1305 4215 manibus
1345 4163 1558 4232 eripere
1589 4179 1843 4224 conatur.

784 4239 948 4310 530
988 4243 1150 4300 Vens.
1190 4247 1344 4304 5-H.
1403 4253 1502 4307 Cui
1536 4273 1614 4309 me
1663 4261 2051 4316 assimilastis?
2100 4264 2284 4328 videte,

717 4335 1013 4400 excogitate
1060 4339 1150 4404 qui
1193 4345 1410 4404 erratis,
1459 4356 1508 4398 et
1547 4350 1636 4415 qui
1684 4354 1932 4419 confertis
1978 4370 2168 4408 aurum
2225 4355 2290 4409 tle

712 4427 1012 4492 marsupio,
1047 4439 1095 4480 et
1126 4444 1398 4499 argentum
1426 4436 1477 4488 iu
1505 4449 1705 4492 statera
1737 4443 2058 4508 appeaditis,
2092 4455 2140 4498 et
2164 4463 2290 4499 con-

2465 4266 2633 4312 ε’-ια’.
2661 4261 2777 4311 Τίνι
2800 4273 2877 4326 με
2903 4256 3279 4325 ὡμοιώσατε;
3308 4255 3483 4321 ιδετε,
3501 4255 3982 4324 τεχνάσασθε,οί

2396 4349 2804 4418 πλανώμενοι,
2851 4349 2950 4402 καὶ
2980 4351 3035 4402 οι
3085 4349 3577 4416 συμϐαλλόμενοι
3607 4351 3871 4416 χρυσίον
3913 4350 3984 4402 ἐκ

2392 4442 2795 4510 μαρσιππίου,
2821 4439 2917 4493 καί
2953 4439 3238 4506 ἀργύριον
3264 4439 3334 4490 ἐν
3363 4436 3514 4506 ζυγῷ
3532 4438 3884 4502 στήσουσιν
3911 4439 3984 4491 ἐν

709 4517 904 4568 ducitis
938 4520 1233 4586 auri/irem.
1275 4523 1536 4580 Fecerunt
1568 4533 1902 4599 manufacta,
1932 4545 1982 4588 et
2017 4538 2281 4592 incurrati
2316 4564 2351 4619 ι]

2408 4532 2645 4600 σταθμῷ
2672 4549 2687 4563 ο
2717 4532 2816 4584 καὶ
2861 4529 3309 4600 μισθωσάμενοι
3341 4528 3632 4596 χρυσίον,
3677 4529 3984 4595 ἐποίησαν

711 4608 941 4658 adorant
974 4607 1090 4662 illa.
1132 4610 1346 4666 Talium
1382 4615 1636 4687 humeris,
1667 4631 1714 4674 et
1749 4625 2050 4693 ambulant,
2083 4636 2188 4682 etc.

781 4869 994 4932 Talem,
1057 4872 1257 4942 inquit,
1323 4878 1377 4930 in
1431 4895 1526 4934 ros
1585 4898 1672 4935 me
1733 4885 1852 4954 ipse
1887 4891 2290 4958 praestitizvos

711 4975 919 5030 autem,
954 4967 1007 5020 in
1035 4979 1296 5036 quantam
1335 4972 1631 5042 impietatis
1655 4977 2052 5037 absurditatem
2077 4986 2289 5055 delapsi

711 5056 869 5119 estis,
905 5059 1289 5125 considerate;
1319 5065 1412 5131 qui
1471 5080 1700 5134 corpore
1757 5082 2036 5129 carentem
2079 5086 2290 5131 morta-

710 5147 839 5199 lium
874 5147 1066 5204 formis
1100 5153 1456 5210 subdidcritis
1497 5174 1510 5210 :
1543 5161 1635 5226 qui
1682 5177 1873 5216 aurum
1918 5179 1967 5219 et
2015 5179 2290 5238 argentum

706 5241 1058 5308 contuleritis,
1097 5247 1189 5315 qui
1240 5246 1417 5300 forma
1451 5254 1691 5307 materia:
1724 5256 1944 5311 inducta
1979 5258 2088 5315 Deo
2119 5262 2292 5317 hono-

710 5346 828 5383 rem
888 5333 1056 5388 tribui
1110 5342 1460 5404 putaveritis.
1511 5343 1630 5408 Quo
1679 5346 2021 5406 defensionis
2055 5353 2291 5408 artiﬁcio

706 5437 920 5476 etamen
972 5423 1119 5478 istud
1169 5427 1537 5495 depuleritis?
1585 5433 1678 5488 Vel
1735 5439 1955 5494 laudent
2004 5442 2170 5512 igitur
2215 5446 2284 5499 ad

710 5528 843 5566 mea:
869 5514 1088 5570 deitatis
1118 5521 1504 5586 cogitationem
1542 5528 1868 5596 resipiscite,
1904 5547 2098 5602 meque
2138 5551 2282 5590 sem-

703 5605 986 5676 piternum
1010 5619 1062 5664 et
1099 5614 1274 5668 solum
1305 5614 1471 5672 Deum
1502 5636 1622 5675 esse
1651 5626 1958 5693 agnoSrite.
1990 5626 2163 5698 llujus
2194 5630 2276 5684 vel

806 5782 853 5813 “
886 5781 1030 5836 Psal.
1081 5802 1139 5847 ll,
1184 5787 1230 5839 l.

2389 4624 2815 4692 χειροποίητα,
2870 4618 2971 4673 καὶ
3019 4618 3329 4685 κύψαντες
3363 4615 3828 4682 προσκυνοῦσιν
3869 4619 3981 4669 air-

2389 4713 2533 4777 τοῖς.
2569 4712 2860 4779 Αἵρουσιν
2887 4707 3036 4762 αὐτὸ
3063 4707 3164 4759 ἐπὶ
3193 4706 3309 4760 τοῦ
3330 4706 3515 4774 ὤμου,
3551 4705 3652 4759 καὶ
3685 4709 3981 4774 πορεύον-

2389 4820 2511 4868 ται,
2544 4821 2598 4855 κ.
2628 4819 2680 4856 τ.
2710 4801 2756 4854 λ.

2473 4893 2614 4962 Ἐγὼ
2648 4895 2744 4964 μὲν
2781 4893 2913 4963 περὶ
2954 4893 3119 4961 ὑμᾶς,
3147 4891 3304 4960 φησὶ,
3335 4888 3576 4952 τοιοῦτός
3604 4890 3740 4958 είμι.
3780 4888 3977 4960 Ὑμεῖς

2391 4985 2446 5038 δὲ
2469 4984 2759 5053 λογίσασθε
2787 4983 2924 5052 πρὸς
2948 4983 3082 5049 ὅσην
3112 4980 3369 5042 ἀσεϐείας
3393 4979 3626 5033 ἀτοπίαν
3647 4979 3973 5042 ὲκπίπτετε,

2391 5075 2482 5127 τὸν
2505 5072 2795 5142 ἀσώματον
2824 5071 2996 5122 εἰκόσι
3023 5069 3234 5139 θνητῶν
3266 5068 3682 5132 ὑποϐάλλοντες·
3710 5069 3975 5137 χρυσίον

2391 5166 2491 5218 καὶ
2520 5165 2807 5233 ἀργύριον
2841 5161 3370 5230 συνεισφέροντες,
3403 5159 3505 5231 ῦλῃ
3541 5160 3636 5213 καὶ⁵
3665 5161 3862 5213 πλάσει
3891 5177 3946 5212 τι

2393 5259 2500 5328 μᾷν
2533 5257 2632 5328 τὴν
2675 5257 2826 5311 θείαν
2872 5255 3034 5324 φύσιν
3060 5253 3377 5325 ἡγούμενοι.
3429 5255 3574 5324 Πρὸς
3615 5253 3774 5306 τοῦτο
3809 5253 3974 5308 ποίαν

2391 5342 2692 5420 ἀπολογίαν
2742 5352 3182 5421 τετεχνασμένην
3219 5353 3518 5421 εὑρήσετες
3557 5351 3668 5419 Τῆς
3697 5350 3793 5404 οῦν
3827 5350 3974 5420 ἐμῆς

2394 5461 2524 5497 ποτε
2547 5444 2799 5510 θεότητος
2825 5443 2960 5514 πρὸς
2983 5443 3191 5496 ἔννοιαν
3214 5441 3548 5512 ἀνανήψατε,
3572 5442 3649 5504 ὡς
3667 5443 3840 5504 ἀΐδιος
3871 5445 3970 5495 καὶ

2400 5535 2557 5606 μόνος
2589 5534 2719 5601 ἐγώ.
2750 5535 2858 5587 Καὶ
2889 5533 3080 5586 τούτου
3111 5535 3413 5604 τεκμήριον
3445 5533 3506 5585 τὺ
3530 5533 3620 5586 διὰ
3667 5532 3776 5585 τῶν
3815 5535 3970 5602 ἐμῶν

2394 5625 2691 5696 προφητῶν
2735 5624 3129 5695 προαγορεύειν
3160 5626 3228 5677 τὰ
3275 5625 3538 5690 μέλλοντα
3565 5625 3777 5694 χρόνοις
3809 5622 3969 5679 ὕστε·
