4262 6434
243 403 380 471 ειιι

1396 410 1919 470 COMMENTARII
1945 412 2027 470 IN
2058 412 2340 471 ISAIAM.

3348 409 3487 471 2M2

244 535 340 589 ρον
365 517 731 571 ἐπιτελεῖσθαι
760 519 1008 587 μακροῖς,
1051 514 1124 571 ὧν
1154 520 1221 570 τὰ
1246 520 1346 588 μὲν
1378 520 1477 590 ήδη
1512 521 1808 588 πεποίηκα,
1842 523 1886 579 Α
1916 519 1927 573 i

1805 523 1886 579 ,Α
1916 519 1967 573 id
2010 519 2174 575 fuerit
2226 528 2630 589 argumenttnn,
2687 516 2830 587 quod
2889 526 3134 567 meorum
3193 518 3488 585 propheta-

243 608 312 660 τὰ
344 607 402 659 δὲ
432 608 528 660 καὶ
561 610 796 676 ποιήσω,
827 610 917 662 διὰ
970 610 1061 661 τοῦ
1093 610 1305 662 καλεῖν
1342 608 1630 663 πετεινῶν
1666 611 1822 679 δίκην

243 700 373 761 τοὺς
423 700 589 768 ἐμοὺς
630 700 910 769 ὑπηρέτας
940 700 1227 767 ἀγγέλους,
1258 701 1328 753 τά
1375 716 1434 752 τε
1475 700 1822 769 λειτουργικὰ

242 790 540 858 πνεύματα
560 789 631 842 τὰ
662 790 800 859 πρὸς
822 791 1098 844 διακονίαν
1119 790 1557 858 ἀποστελλόμενα
1586 789 1675 841 διὰ
1696 790 1824 852 τοὺς

246 881 548 950 μέλλοντας
583 880 944 951 κληρονομεῖν
996 881 1292 951 σωτηρίαν.
1320 880 1384 932 Ol
1419 879 1477 932 δὲ
1515 878 1695 931 λοιποὶ
1737 878 1825 942 ἐξ·

244 971 480 1033 έδωκαν,
503 970 719 1025 Καλών
740 971 861 1024 ἀπὸ
884 969 1195 1025 ἀνατολῶν
1215 971 1400 1038 ὄρνιν,
1420 968 1539 1023 ἀπὸ
1554 967 1667 1038 τῆς
1682 970 1826 1037 πόῤ-

239 1060 439 1126 ρωθεν
465 1058 657 1126 ἄνδρα
679 1058 924 1127 βουλῆς
940 1078 1081 1129 μου.
1107 1059 1267 1128 Δηλοῖ
1300 1058 1359 1112 δὲ
1387 1058 1480 1111 τὸν
1504 1058 1739 1129 Χριστὸν
1766 1057 1827 1111 δν

241 1148 656 1220 ἀνακεκλῆσθαί
680 1166 846 1219 φησιν
870 1151 933 1202 ἐκ
969 1151 1073 1219 γῆς
1099 1148 1405 1222 πόρρωθεν,
1433 1149 1540 1202 τῶν
1571 1148 1666 1201 τοῦ
1701 1148 1825 1218 ᾇδου

241 1241 490 1310 δηλονότι
524 1240 732 1309 μυχῶν,
770 1240 837 1293 δι’
866 1233 929 1293 οὑ
958 1239 1270 1309 πληρώσειν
1320 1240 1423 1303 τὰς
1492 1238 1826 1307 ἐπαγγελίας

242 1330 432 1398 φησίν.
469 1329 651 1382 ’Λλλοι
688 1330 745 1382 δὲ
793 1329 1071 1382 πετεινὸν
1100 1327 1309 1395 ἔφασαν
1343 1329 1435 1380 τὸν
1458 1325 1824 1389 Βαϐυλώνιον,

242 1424 377 1492 περὶ
405 1414 468 1475 οὗ
492 1436 657 1491 φησιν
672 1420 930 1491 Ἰεζεκιήλ
952 1436 965 1451 ·
993 1439 1013 1472 ι
1048 1422 1106 1473 Ὀ
1134 1421 1293 1483 ἀετὸς
1324 1422 1353 1473 ὁ
1385 1418 1575 1487 μέγας,
1603 1419 1631 1471 ὁ
1656 1434 1828 1487 μεγα⁸

244 1514 607 1583 λοπτέρυγος,
649 1531 667 1564 ι
705 1513 800 1565 καὶ
830 1512 901 1565 τὰ
929 1511 1075 1580 ἑξῆς.
1107 1513 1287 1579 Ἀπερ
1323 1508 1688 1579 ἐξηγούμενος
1721 1526 1827 1577 φη-

246 1622 372 1659 σιν’
414 1625 433 1657 ι
482 1606 597 1658 υὺκ
639 1603 935 1657 ἐπίστασθε
974 1602 1027 1655 τε
1079 1603 1195 1654 ἐστι
1225 1600 1434 1664 ταῦτα;
1476 1599 1552 1653 ὅτ’
1582 1599 1647 1653 ἂν
1694 1599 1824 1670 ἔλθῃ

247 1697 505 1767 βασιλεὺς
558 1694 877 1757 Βαϐυλῶνος
921 1695 1012 1746 ἐπὶ
1052 1690 1411 1762 Ἰερουσαλὴμ
1449 1690 1545 1742 καὶ
1592 1689 1824 1759 λήψεται

1928 626 2047 665 rum
2078 626 2214 666 voce
2242 626 2362 680 quae
2391 617 2576 665 essent
2604 616 2868 664 eventura
2903 608 3063 676 longe
3118 616 3243 662 ante
3292 611 3491 679 prredi-

1926 700 2123 760 xcrim,
2161 714 2393 768 quorum
2426 698 2529 751 alia
2552 697 2663 767 jatn
2699 714 2794 767 per
2846 712 2930 751 me
2983 696 3127 752 facta
3179 706 3329 759 sunt,
3384 701 3489 753 alia

1926 790 2315 860 proculdubio
2354 798 2410 844 et
2465 789 2582 858 ipse
2620 787 2885 855 eﬁiciam;
2935 789 3027 858 qni
3084 789 3137 843 in
3168 790 3486 845 subsidium

1928 894 2110 934 meum
2158 880 2402 951 angelos,
2438 886 2697 949 tanquam
2740 895 2881 942 ares,
2943 880 3278 950 spiritusque
3324 882 3491 936 minio

1929 976 2075 1025 siros
2106 970 2161 1024 in
2190 986 2404 1031 eorum,
2439 969 2531 1039 qui
2565 968 2764 1024 salutis
2792 967 3036 1023 ltaeredes
3069 969 3237 1023 futuri
3271 978 3398 1025 sunt
3419 972 3465 1003 "

1928 1061 2189 1115 auxilium
2216 1078 2399 1116 vocare
2430 1061 2659 1131 possim.
2694 1060 2799 1115 Alii
2828 1069 3012 1114 autem
3043 1062 3444 1116 transtulerunt
3472 1081 3489 1117 :

1936 1150 2143 1204 Vocans
2178 1151 2241 1202 ab
2275 1152 2471 1203 oriente
2525 1164 2691 1212 avem,
2723 1166 2757 1203 a
2805 1160 2947 1203 terra
2988 1150 3275 1218 longinqua
3321 1152 3492 1203 virum

1928 1241 2212 1294 voluntatis
2282 1255 2427 1293 meae.
2491 1238 2701 1303 Quibus
2753 1248 2902 1295 certe
2960 1240 3242 1296 Christum
3311 1240 3490 1309 ipsum

1929 1330 2342 1398 signiﬁcarunt;
2381 1344 2543 1398 quem
2575 1329 2641 1383 de
2672 1336 2816 1382 terra
2852 1329 3175 1399 longinqua,
3221 1329 3274 1384 id
3304 1338 3389 1383 est
3422 1332 3491 1383 ab

1930 1420 2067 1489 ipsis
2101 1419 2400 1474 inferorum
2435 1421 2834 1490 penetralibus,
2866 1430 3154 1475 evocatum
3186 1439 3308 1477 esse
3333 1422 3490 1486 dicit,

1928 1515 1983 1562 et
2014 1524 2108 1577 per
2137 1509 2385 1563 eumdem
2420 1526 2479 1564 se
2528 1510 2919 1578 promissiones
2966 1510 3342 1580 impleturum.
3383 1512 3491 1565 Alii

1930 1613 2096 1668 porro
2124 1601 2232 1652 avis
2265 1600 2483 1653 nomine
2507 1599 2861 1667 Babylonium
2883 1600 3176 1668 signiﬁcari
3212 1600 3492 1660 dixerunt.

1931 1690 1996 1741 de
2033 1703 2141 1757 quo
2175 1688 2483 1757 loquentem
2523 1686 2679 1756 531
2724 1686 3063 1743 Ezechielem
3091 1690 3360 1758 reperias,
3396 1692 3488 1746 ubi

243 1789 338 1842 τὸν
377 1787 600 1857 βασιλέα
632 1786 825 1854 αὑτῆς,
858 1784 953 1837 καὶ
999 1785 1128 1845 τοὺς
1170 1783 1440 1853 ἄρχοντας
1470 1780 1695 1848 ain-73;,»
1725 1788 1829 1837 xm,

1813 1802 1829 1837 ι,
1931 1780 2006 1832 ait
2040 1798 2052 1832 :
2090 1799 2109 1830 ι
2145 1780 2337 1849 Aquila
2369 1794 2584 1846 magna,
2631 1778 2842 1848 magnis
2885 1781 3079 1847 pennis
3110 1782 3177 1847 “,
3217 1801 3235 1832 ι
3271 1790 3496 1835 «ctera-

242 1879 315 1931 τὰ
365 1878 505 1946 μετὰ
548 1876 751 1931 ταῦτα·
795 1875 1017 1938 τούτους
1063 1875 1172 1945 γὰρ
1207 1873 1441 1926 ἐκλεκτὰ
1485 1872 1584 1941 τῆς
1624 1871 1818 1939 κέδρου
1847 1857 1925 1917 Β‹

1811 1889 1818 1921 i
1847 1857 1893 1915 B
1921 1885 2048 1939 que,
2088 1885 2209 1938 quae
2242 1877 2573 1937 sequuntur,
2605 1883 2837 1937 quorum
2882 1869 2961 1925 sic
2984 1871 3494 1941 interpretationem

244 1966 595 2036 προκέκληκε
624 1965 712 2018 διὰ
740 1965 837 2034 τῆς
869 1965 1217 2034 παραϐολῆς.
1246 1965 1475 2031 Ἔλεγεν
1512 1961 1566 2015 δὲ
1600 1961 1825 2031 βασιλέα

1813 1979 1825 2014 ι
1929 1959 2177 2028 adjungit
2208 1976 2221 2012 :
2258 1978 2277 2011 ι
2315 1958 2551 2015 Nescitis
2592 1960 2720 2027 quid
2770 1960 2875 2015 ista
2932 1961 3291 2030 signiﬁcent?
3352 1964 3496 2017 Ecce

242 2058 337 2110 τὸν
393 2056 685 2121 Σεδεκίαν,
744 2055 803 2108 ὃν
851 2055 1202 2125 αἰχμάλωτον
1251 2054 1493 2125 εἴληφεν.
1532 2053 1715 2105 Ἀλλοι
1767 2051 1823 2104 δὲ

1815 2069 1823 2104 :
1930 2049 2105 2104 veniet
2138 2064 2233 2103 rex
2284 2048 2614 2120 Babylonius
2656 2048 2713 2102 in
2767 2047 3109 2115 Jerusalem;
3149 2060 3202 2105 et
3250 2062 3498 2107 assumet

244 2163 529 2201 πετεινον
559 2145 812 2218 εἰρῆσθαι
843 2146 934 2199 τὸν
963 2145 1146 2215 Κῦρόν
1185 2161 1372 2213 φασιν.
1407 2144 1481 2197 Τδ
1500 2143 1559 2197 δὲ
1587 2142 1823 2205 ἕκτισα,

1815 2180 1823 2205 ,
1930 2154 2109 2209 regem
2142 2138 2338 2202 ipsius,
2377 2144 2432 2192 et
2461 2137 2740 2208 principes
2766 2138 2886 2207 ejus
2912 2139 3014 2204 ",r
3035 2149 3090 2195 et
3112 2156 3234 2209 qua:
3257 2156 3498 2211 sequun-

241 2241 391 2294 τοῦτ’
423 2240 540 2292 έστι
587 2236 991 2300 κατεσκεύασα,
1035 2236 1182 2290 κακὰ
1229 2235 1469 2305 δηλονότι
1520 2233 1824 2288 κακωτικά.
1884 2222 2034 2283 ἰιιικ
2106 2228 2216 2283 Hos
2262 2228 2408 2283 enim
2455 2236 2614 2282 antea
2686 2228 2972 2283 cedrorum
3039 2230 3346 2285 electarttm
3402 2248 3500 2301 ap-

245 2334 309 2385 Ei
340 2332 398 2385 δὲ
424 2330 519 2383 καὶ
552 2329 739 2399 μηδεὶς
772 2327 967 2399 εὑρεθῇ
998 2327 1197 2397 τοὺμδν
1232 2326 1444 2395 θέλημα
1484 2322 1705 2395 μετιὼν,
1732 2322 1824 2376 τὸν

1816 2341 1824 2372 ι
1931 2320 2224 2391 peltatione
2244 2319 2305 2373 in
2334 2318 2593 2388 parabola
2616 2319 3055 2387 signiﬁcaverat;
3092 2322 3499 2391 Sedeciamque

245 2425 379 2476 Υίδν
421 2421 709 2477 ἀποστελῶ
735 2420 829 2475 τὸν
866 2420 1000 2491 ἐμὸν
1039 2418 1140 2489 τὴν
1176 2416 1449 2487 πατρικὴν
1510 2414 1823 2486 πληροῦντα

1817 2432 1823 2467 ι
1930 2427 2133 2481 regem,
2162 2427 2324 2481 quem
2351 2412 2626 2481 captivum
2671 2411 2880 2475 habuit,
2907 2413 3339 2470 demonstrabat.
3393 2417 3500 2470 Alii

246 2514 464 2585 βουλήν,
1926 2516 2057 2558 vero
2080 2518 2175 2572 per
2196 2517 2363 2565 avem,
2382 2502 2579 2572 Cyrum
2600 2500 2870 2570 designari
2892 2503 3248 2559 arbitrantur.
3277 2505 3499 2565 Deinde.

244 2608 395 2677 quod
432 2622 637 2661 creasse
677 2620 735 2661 se
774 2604 983 2674 adjicit,
1014 2616 1353 2673 praeparasse
1409 2600 1621 2665 innuit;
1659 2598 1800 2653 mala
1841 2595 2102 2650 nimirum
2163 2601 2219 2649 et
2278 2594 2635 2659 calamitates,
2700 2596 2899 2663 quibus
2943 2594 3264 2651 adicientur.
3342 2598 3501 2664 Quod

246 2704 294 2755 si
350 2700 514 2753 etiam
608 2697 795 2751 nullus
856 2695 1183 2765 reperiatur,
1230 2693 1323 2762 qui
1375 2691 1676 2753 voluntatis
1741 2702 1875 2742 mete
1954 2685 2153 2756 placita
2184 2700 2290 2740 non
2315 2694 2618 2751 aversetur,
2651 2685 2848 2741 Filium
2892 2701 2992 2758 ego
3018 2703 3220 2754 meum,
3268 2690 3361 2759 qui
3391 2690 3502 2745 Pa-

247 2792 358 2847 tris
407 2790 703 2846 consitium
752 2790 1059 2858 amplexus,
1115 2788 1359 2856 ejusdem
1417 2786 1674 2842 mandata
1729 2785 1968 2856 impleat,
2000 2782 2272 2838 missurus
2305 2797 2447 2839 sum.

819 2884 1067 2937 ΚΕΦΑΛ.
1108 2882 1239 2938 MZ'.

319 2977 478 3033 αοιε⁰.
514 2975 827 3042 Κατάὸηθι,
878 2975 1135 3028 κάθισον
1169 2974 1263 3027 ἐπὶ
1296 2973 1412 3041 τὴν
1454 2971 1587 3043 γῆν,
1611 2972 1823 3039 παρθέο

2506 2875 2659 2933 CAP.
2686 2874 2896 2931 XLVII.

1993 2966 2151 3036 532
2166 2962 2333 3021 Vens.
2349 2964 2494 3020 l-l5.
2514 2965 2792 3030 Descende,
2816 2964 2936 3020 sede
2960 2982 3113 3035 super
3131 2976 3347 3033 terram,
3361 2970 3502 3041 virgo

244 3089 356 3137 νος
384 3071 637 3138 θύγατερ
667 3064 1046 3133 Βαϐυλῶνος.
1082 3066 1342 3120 Εῖσελθε
1372 3067 1460 3131 είς
1480 3065 1548 3118 τὸ
1580 3066 1819 3128 σκότος,
1851 3086 1895 3145 c

1818 3107 1819 3117 η
1851 3086 1895 3145 c
1926 3057 2048 3126 ﬁlia
2066 3056 2371 3126 Babylonis.
2397 3055 2529 3110 Sede
2551 3057 2604 3109 in
2622 3066 2838 3111 terram.
2857 3059 3133 3127 Ingredere
3154 3061 3209 3113 in
3238 3061 3501 3125 tenebras,

243 3162 506 3227 θύγατερ
544 3156 877 3221 Χαλδαίων,
918 3156 1005 3210 ὅτι
1044 3158 1157 3211 οὐκ
1192 3156 1280 3210 ἔτι
1317 3156 1639 3224 προσθήσῃ
1677 3159 1826 3222 κλη-

1929 3163 2034 3200 non
2098 3156 2175 3199 est
2233 3146 2446 3207 solium,
2484 3145 2595 3212 [ilia
2638 3144 3007 3199 CImldworum
3039 3162 3057 3201 :
3086 3151 3333 3217 quoniam
3399 3168 3503 3204 non

244 3250 428 3317 θῆναι
486 3248 692 3315 ἁπαλὴ
731 3248 833 3301 και
876 3247 1157 3317 τρυφερά.
1187 3248 1341 3302 Λάϐε
1356 3248 1575 3316 μύλον,
1601 3247 1830 3301 ἇλεσον

1820 3263 1830 3278 -
1930 3240 2073 3290 ultra
2104 3237 2419 3306 adjicies,ut
2448 3234 2649 3290 voceris
2674 3236 2848 3291 mollis
2899 3246 2950 3291 et
2982 3247 3177 3294 tenera.
3215 3240 3363 3296 Tolle
3393 3259 3503 3295 mo-

242 3341 530 3407 ἄλευρον.
549 3338 939 3405 ἁποκὰλυψαι
954 3337 1021 3391 τὸ
1041 3337 1395 3406 ataui/tumuti
1410 3352 1547 3401 σου,
1564 3338 1831 3406 ἀνάσυρε

238 3431 357 3497 τὰς
388 3429 624 3496 πολιὰς,
663 3428 1054 3497 ἀποκάλυψαι
1094 3428 1202 3496 τὰς
1222 3428 1479 3498 κνήμας,
1508 3445 1562 3484 κ.
1593 3445 1644 3483 τ.
1672 3428 1723 3484 λ.

318 3604 434 3657 Καὶ
460 3604 635 3656 ταῦτα
670 3603 805 3673 πρὸς
832 3603 959 3666 τοὺς
984 3604 1043 3669 ἐξ
1077 3604 1312 3674 Ἰσραὴλ,
1349 3597 1429 3667 οἷς
1462 3604 1635 3673 ἔλεγε,
1668 3621 1688 3655 ι
1714 3604 1832 3658 Τίνι

248 3713 319 3764 με
372 3694 695 3764 ὡμοιώσατε
723 3711 737 3758 ;
781 3713 799 3745 ι
850 3694 997 3747 Ἐκεῖ
1026 3695 1121 3763 μὲν
1152 3691 1245 3749 οὖν
1271 3696 1655 3766 πλανωμένους
1682 3692 1835 3749 εἶπεν

247 3783 475 3844 αὑτοὺς,
527 3782 761 3834 ἐνταῦθα
789 3782 847 3835 δὲ
879 3782 1343 3850 ἀπολωλεκότας
1397 3784 1511 3850 τὴν
1560 3785 1829 3852 καρδίαν.

263 3871 410 3924 ἈνΘ’
464 3865 525 3925 οὗ
580 3872 877 3941 Σύμμαχος
929 3872 1213 3937 ἐξέδωκεν,
1241 3877 1295 3927 ol
1346 3874 1832 3942 σκληροκόρδιοι.

246 3962 393 4017 Καθ’
432 3962 696 4032 ἑκάτερον
724 3964 781 4015 δὲ
814 3964 1146 4033 παρίσταται
1175 3964 1238 4016 τὸ
1281 3965 1378 4034 τῆς
1411 3964 1636 4034 γνώμης
1679 3965 1836 4019 ἀναί-

246 4053 472 4124 σθητον.
529 4054 622 4106 Διὸ
660 4054 800 4123 πρὸς
840 4054 1280 4125 είδωλολατρείαν
1323 4055 1643 4125 ἐτράποντο.
1686 4054 1829 4107 Ἀλλ’

244 4144 403 4211 ὅμως
431 4143 600 4195 ἐλεῶν
635 4144 833 4206 αὐτοὺς
866 4145 896 4196 ό
925 4143 1056 4207 Θεὸς
1106 4144 1433 4213 ὑποσχέσεσι
1466 4144 1660 4209 καλαῖς
1695 4146 1832 4198 ἀνα-

245 4234 503 4289 καλεῖται
523 4234 660 4305 πρὸς
685 4234 900 4288 σύνεσιν
927 4238 1384 4303 μακρυνθέντας
1411 4236 1767 4303 δικαιοσύνη
1782 4256 1837 4302 ς,

1933 3328 2060 3387 lam,
2090 3336 2139 3379 et
2168 3328 2304 3380 mole
2356 3328 2585 3396 farinam
2613 3343 2630 3390 ;
2660 3328 2829 3381 revela
2884 3331 3274 3396 operimentum
3329 3345 3500 3393 tuum.

1934 3417 2113 3489 detege
2152 3435 2330 3484 canos,
2362 3418 2570 3473 denuda
2628 3418 2811 3485 tibias,
2835 3429 2944 3476 etc.

2008 3598 2167 3668 533
2199 3598 2264 3652 Et
2291 3599 2392 3653 ista
2427 3599 2494 3653 ad
2545 3599 2820 3655 lsraelitas
2862 3602 3050 3665 etiam,
3090 3604 3315 3673 inquos
3343 3620 3505 3674 supe—

1938 3689 2056 3744 rius
2096 3690 2231 3744 illud
2274 3708 2286 3743 :
2324 3709 2342 3741 ι
2380 3689 2481 3744 Cui
2520 3706 2606 3745 me
2641 3692 3082 3760 assitnilastis",
3123 3715 3141 3746 ι
3183 3706 3507 3765 usurpatum

1935 3788 2039 3843 est,
2074 3779 2405 3833 referuntur.
2432 3779 2508 3834 lbi
2539 3796 2669 3850 ergo
2699 3796 2795 3836 eos
2820 3797 3029 3845 errare,
3064 3785 3154 3839 hic
3194 3793 3376 3840 autem
3418 3804 3510 3839 cor

1939 3869 2251 3938 perdidisse,
2303 3871 2440 3937 sive,
2500 3880 2558 3924 ut
2604 3874 2875 3942 expressit
2939 3871 3327 3945 Symmachus,
3373 3878 3509 3931 duro

1939 3964 2097 4016 corde
2114 3963 2377 4017 exsistere
2401 3962 2691 4031 signiﬁcat,
2717 3971 2776 4016 ut
2792 3972 3021 4034 utroque
3038 3969 3199 4019 modo
3223 3968 3507 4029 vecordes.

1941 4054 2216 4121 animique
2270 4068 2434 4108 sensu
2490 4052 2782 4108 destitutos
2838 4054 2906 4107 ad
2969 4055 3333 4111 idololatriam
3390 4074 3511 4114 sese

1942 4144 2243 4198 contulisse
2277 4142 2639 4199 demonstret.
2674 4142 2780 4199 Sed
2819 4159 3009 4201 eorum
3047 4146 3162 4216 jam
3190 4148 3508 4203 miseratio-

1942 4252 2013 4290 ne
2046 4244 2380 4292 commotum
2415 4235 2582 4289 Deum
2614 4251 2712 4306 spe
2739 4237 2905 4303 bona,
2929 4238 3343 4309 magniﬁcisque
3382 4241 3510 4310 pol-

241 4323 400 4378 τοῦτ’
457 4323 575 4376 ἔστι
634 4322 792 4376 Θεοῦ.
857 4324 1258 4394 Ἀπειρήκεσαν
1307 4325 1414 4395 γὰρ
1470 4328 1588 4388 ταῖς
1628 4326 1839 4395 ψυχαῖς

1827 4342 1839 4388 ;
1945 4325 2364 4387 licitationibus,
2395 4326 2486 4394 qui
2519 4342 2551 4378 ιι
2558 4326 2860 4395 justitia,id
2886 4338 2969 4382 est
2994 4343 3025 4382 a
3047 4327 3180 4394 Deo,
3195 4330 3347 4400 longe
3374 4332 3510 4401 fuis-

243 4414 491 4476 ἁλούσας
533 4414 771 4484 ὁρῶντες
822 4417 922 4477 τὰς
959 4414 1089 4467 δέκα
1146 4414 1354 4484 φυλὰς,
1402 4416 1584 4479 αὑτοῖς
1630 4433 1692 4469 τε
1737 4416 1830 4469 τὸν
1864 4405 1916 4467 ι)

1822 4434 1830 4463 ν
1864 4405 2075 4483 Dsent,
2098 4417 2163 4468 ad
2214 4416 2648 4485 resipiscentiam
2701 4432 3021 4487 provocare.
3063 4419 3291 4475 Animos
3335 4423 3505 4485 enim,

259 4504 556 4573 Ἀσσύριον
615 4504 850 4575 ὁρῶντες
892 4505 1244 4574 ἐγκείμενον,
1295 4505 1532 4575 ματαίας
1564 4506 1658 4559 τοῦ
1694 4505 1830 4560 Θεοῦ
1931 4525 1942 4560 ι

1823 4506 1830 4555 i
1931 4509 2024 4577 qui
2081 4506 2269 4560 decem
2304 4506 2482 4560 tribus
2516 4517 2703 4575 captas
2758 4522 2882 4563 esse
2914 4510 3234 4576 cernebant,
3288 4512 3506 4580 abiece-

241 4598 348 4659 τὰς
382 4595 722 4663 ἐπαγγελίας
754 4596 1024 4665 ἐνόμιζον.
1060 4597 1153 4649 Διὸ
1189 4595 1289 4665 τὴν
1323 4596 1462 4649 κατὰ
1509 4596 1830 4658 Βαϐυλῶνος

1821 4615 1830 4657 ῖ
1930 4609 2059 4653 rant
2088 4616 2103 4664 ;
2140 4609 2193 4653 et
2226 4598 2318 4666 qui
2342 4598 2443 4652 sibi
2472 4599 2756 4670 Assyrium
2789 4600 3075 4656 imminere
3103 4602 3382 4665 videbant,
3407 4618 3504 4658 va-

244 4684 453 4745 αὑτοὺς
478 4682 889 4751 εὐαγγελίζεται
928 4684 1107 4752 δίκην.
1169 4685 1427 4738 Ἐκόλασε
1464 4688 1572 4757 γὰρ
1608 4686 1736 4749 τοὺς
1770 4686 1830 4752 ἐξ

1823 4689 1830 4751 ἱ
1934 4705 2034 4743 nas
2080 4704 2201 4744 esse
2241 4689 2663 4758 pollicitationes
2697 4690 3132 4745 arbitrabantur.
3166 4692 3347 4760 Atque
3377 4694 3506 4746 hinc

256 4773 487 4844 Ἰσραὴλ
514 4776 543 4827 ὁ
572 4774 703 4837 Θεὸς
733 4775 791 4827 οὑ
842 4775 1037 4844 μισῶν,
1072 4775 1350 4846 σωτηρίαν
1375 4776 1433 4829 δὲ
1472 4778 1657 4839 αὑτοῖς
1697 4795 1832 4848 μνη-

243 4863 599 4932 στευόμενος,
626 4863 702 4926 ὡς
728 4864 823 4917 καὶ
852 4864 961 4917 τῶν
993 4866 1072 4916 ίατ
1084 4866 1189 4932 ρῶν
1224 4868 1272 4918 cl
1300 4867 1587 4935 τέμνοντές
1636 4884 1694 4919 τε
1744 4868 1838 4921 καὶ

1822 4868 1838 4919 ί
1942 4871 2085 4926 Deus
2106 4872 2307 4937 voluit;
2345 4873 2436 4939 qui
2462 4888 2569 4927 non
2601 4874 2747 4935 odio,
2783 4874 2879 4928 sed
2918 4876 3113 4931 salutis
3147 4891 3331 4930 amore
3378 4893 3505 4947 pro-

243 4954 537 5015 καίοντες·
582 4954 708 5006 ἐπεὶ
752 4955 846 5008 καὶ
892 4958 1039 5007 πᾶσα
1070 4956 1295 5019 κόλασις
1330 4958 1465 5027 πρὸς
1498 4958 1687 5025 ὂνησιν
1718 4961 1838 5012 ἐπι-

1823 4988 1838 4999 ·
1938 4974 2162 5016 vocatus
2188 4962 2252 5015 ad
2278 4962 2642 5016 lsraelitarum
2700 4978 2891 5032 pinnas
2924 4965 3179 5029 accessit,
3214 4981 3320 5019 non
3348 4967 3506 5021 aliter

244 5045 503 5116 φέρεταιι
542 5044 945 5099 Συναναπ).έκει
977 5046 1032 5098 δὲ
1058 5048 1122 5116 τῇ
1151 5050 1249 5117 τῆς
1285 5049 1518 5117 μερικῆς
1539 5050 1837 5117 σωτηρίας

1823 5070 1837 5113 τ
1938 5069 2100 5122 quam
2149 5052 2214 5106 ad
2268 5054 2683 5122 amputandum,
2711 5055 2793 5110 vel
2845 5055 3116 5111 urendum
3158 5058 3354 5111 medici
3394 5074 3506 5113 :ne

245 5135 549 5203 ὑποσχέσει
580 5137 673 5189 καὶ
694 5137 793 5205 τῆς
822 5138 1201 5207 γενικωτάτης
1228 5138 1325 5209 τὴν
1348 5139 1603 5209 δήλωσιν.
1639 5142 1701 5193 Ἦ
1736 5141 1835 5209 μὲν

1821 5160 1835 5193 ι
1935 5145 2113 5198 dicam
2180 5143 2398 5198 nonnisi
2453 5144 2707 5199 utilitatis
2758 5146 2933 5214 gratia
2985 5162 3206 5217 semper
3266 5148 3504 5203 ultiones

244 5225 364 5296 γὰρ
395 5226 485 5278 διὰ
514 5226 755 5297 Κυρίουι1
778 5228 1067 5299 λύτρωσις,
1087 5231 1308 5301 μερικὴ,
1330 5234 1363 5300 ἡ
1385 5232 1441 5284 δὲ
1458 5231 1548 5283 διὰ
1567 5233 1824 5302 Χριστοῦ,

1819 5273 1824 5291 .
1937 5231 2141 5288 induci.
2169 5233 2396 5303 Copulat
2430 5243 2611 5288 autem
2642 5251 2766 5289 cum
2794 5238 3111 5306 particulari
3149 5239 3338 5293 salutis
3370 5254 3502 5309 pro-

245 5318 476 5370 πάντων
498 5317 821 5387 ἀνθρώπων.
838 5320 910 5371 Τὸ
926 5321 1006 5383 δὲ,
1033 5322 1104 5374 οὐ
1130 5323 1216 5390 μὴ
1244 5322 1545 5388 βραδύνω,
1570 5322 1828 5394 παρέοικε

1822 5343 1828 5373 ι
1939 5324 2219 5386 missione,
2260 5333 2313 5377 et
2334 5325 2455 5392 ejus
2477 5326 2640 5380 etiam
2672 5328 3152 5397 signiﬁcationem.
3188 5344 3311 5398 qua:
3345 5345 3505 5399 gene-

243 5408 330 5479 τῷ
352 5427 363 5438 ·
406 5428 424 5460 ι
450 5410 566 5461 Ἔτι
593 5411 787 5481 μικρὸν
807 5413 835 5465 δ
862 5412 1161 5481 ἐρχόμενος
1201 5413 1340 5483 ἥξει,
1360 5414 1451 5466 καὶ
1471 5414 1529 5466 οὑ
1558 5416 1817 5484 χρονιεί,›

1933 5418 2013 5472 ris
2052 5426 2137 5472 est
2161 5418 2423 5472 universi.
2458 5416 2555 5470 Est
2584 5418 2733 5472 enim
2764 5433 2887 5488 quae
2944 5419 3001 5473 ﬁt
3042 5434 3144 5489 per
3176 5417 3376 5490 Cyrum
3414 5433 3501 5473 re-

327 5547 376 5579 ‘5
438 5545 580 5601 llebr
638 5565 678 5611 ι,
712 5547 796 5603 Η.
874 5548 920 5578 ⁸⁸
958 5547 1317 5613 Ezech.xv:t,
1358 5549 1412 5604 5.
1491 5551 1533 5581 ⁸⁷
1570 5550 1705 5605 ibid.
1750 5550 1837 5605 52.
1916 5550 1962 5581 ⁸⁸

748 5547 796 5603 ι.
874 5548 920 5578 ⁸⁸
958 5547 1317 5613 Ezecb.xv:t,
1358 5549 1412 5604 5.
1491 5551 1533 5581 "
1570 5550 1705 5605 ibid.
1750 5550 1837 5605 i2.
1916 5550 1962 5581 ⁸⁸
2021 5553 2127 5605 lsa.
2183 5567 2327 5617 ιιιί,
2371 5551 2423 5605 5.

1553 5690 1785 5747 VARIAE
1820 5689 2218 5748 LECTIONES.

327 5776 353 5815 ἀ
386 5777 470 5829 is.
502 5775 714 5844 Κύρου.

592 5870 859 5926 Panos.
908 5866 1024 5926 Gn.
1073 5866 1450 5931 LXXXVII.
3101 5874 3177 5935 ΤΞ

1931 4779 2200 4849 est,quod
2252 4780 2332 4834 eis
2368 4779 2621 4847 praedicta
2661 4778 2954 4847 Babylonis
3001 4783 3208 4837 ultione
3268 4786 3507 4839 recreari
3592 4778 3605 4787 ’
