  <div class='ocr_page' id='page_1' title='image "/cluster/home/n/w/nwhite01/storage/ocr_20150623/87 pt.2/nnc1.0046980296/476.png"; bbox 0 0 4262 6434; ppageno 0'>
   <div class='ocr_carea' id='block_1_1' title="bbox 248 380 393 445">
    <p class='ocr_par' dir='ltr' id='par_1_1' title="bbox 248 380 393 445">
     <span class='ocr_line' id='line_1_1' title="bbox 248 380 393 445; baseline 0.014 -2"><span class='ocrx_word' id='word_1_1' title='bbox 248 380 393 445; x_wconf 60' lang='grc'><strong>2445</strong></span> 
     </span>
    </p>
   </div>
   <div class='ocr_carea' id='block_1_2' title="bbox 1344 365 2313 436">
    <p class='ocr_par' dir='ltr' id='par_1_2' title="bbox 1344 365 2313 436">
     <span class='ocr_line' id='line_1_2' title="bbox 1344 365 2313 436; baseline -0.011 0"><span class='ocrx_word' id='word_1_2' title='bbox 1344 368 1872 436; x_wconf 74' lang='lat' dir='ltr'><strong>COMMENTARII</strong></span> <span class='ocrx_word' id='word_1_3' title='bbox 1904 365 1986 427; x_wconf 82' lang='lat' dir='ltr'><strong>IN</strong></span> <span class='ocrx_word' id='word_1_4' title='bbox 2025 367 2313 427; x_wconf 84' lang='lat' dir='ltr'><strong>ISAIAM.</strong></span> 
     </span>
    </p>
   </div>
   <div class='ocr_carea' id='block_1_3' title="bbox 3365 363 3507 428">
    <p class='ocr_par' dir='ltr' id='par_1_3' title="bbox 3365 363 3507 428">
     <span class='ocr_line' id='line_1_3' title="bbox 3365 363 3507 428; baseline 0 -1"><span class='ocrx_word' id='word_1_5' title='bbox 3365 363 3507 428; x_wconf 64' lang='grc'><strong>2446</strong></span> 
     </span>
    </p>
   </div>
   <div class='ocr_carea' id='block_1_4' title="bbox 251 476 1934 557">
    <p class='ocr_par' dir='ltr' id='par_1_4' title="bbox 251 483 1934 557">
     <span class='ocr_line' id='line_1_4' title="bbox 251 483 1934 557; baseline -0.007 -12"><span class='ocrx_word' id='word_1_6' title='bbox 251 499 416 555; x_wconf 83' lang='grc' dir='ltr'><strong>Ἴσως</strong></span> <span class='ocrx_word' id='word_1_7' title='bbox 445 491 503 545; x_wconf 76' lang='grc' dir='ltr'>δὲ</span> <span class='ocrx_word' id='word_1_8' title='bbox 525 489 618 543; x_wconf 77' lang='grc' dir='ltr'>καὶ</span> <span class='ocrx_word' id='word_1_9' title='bbox 647 488 826 550; x_wconf 79' lang='grc' dir='ltr'>αὐτοῖς</span> <span class='ocrx_word' id='word_1_10' title='bbox 855 488 1003 557; x_wconf 69' lang='grc' dir='ltr'>λέγει</span> <span class='ocrx_word' id='word_1_11' title='bbox 1030 488 1142 552; x_wconf 77' lang='grc' dir='ltr'>τοῖς</span> <span class='ocrx_word' id='word_1_12' title='bbox 1163 486 1329 541; x_wconf 69' lang='grc' dir='ltr'>πάλαι</span> <span class='ocrx_word' id='word_1_13' title='bbox 1356 488 1645 557; x_wconf 80' lang='grc' dir='ltr'>νικήσασι·</span> <span class='ocrx_word' id='word_1_14' title='bbox 1672 483 1831 537; x_wconf 78' lang='grc' dir='ltr'>τοῦτο</span> <span class='ocrx_word' id='word_1_15' title='bbox 1859 485 1903 540; x_wconf 80' lang='grc' dir='ltr'><strong>Α</strong></span> <span class='ocrx_word' id='word_1_16' title='bbox 1932 498 1934 533; x_wconf 61' lang='lat'><em>2</em></span> 
     </span>
    </p>
   </div>
   <div class='ocr_carea' id='block_1_5' title="bbox 1817 476 3500 557">
    <p class='ocr_par' dir='ltr' id='par_1_5' title="bbox 1817 476 3500 550">
     <span class='ocr_line' id='line_1_5' title="bbox 1817 476 3500 550; baseline -0.002 -16"><span class='ocrx_word' id='word_1_17' title='bbox 1817 500 1831 534; x_wconf 80' lang='grc'>›</span> <span class='ocrx_word' id='word_1_18' title='bbox 1859 485 1903 540; x_wconf 81' lang='grc' dir='ltr'><strong>Α</strong></span> <span class='ocrx_word' id='word_1_19' title='bbox 1932 490 2168 534; x_wconf 89' lang='lat' dir='ltr'><strong>mentem</strong></span> <span class='ocrx_word' id='word_1_20' title='bbox 2200 481 2561 550; x_wconf 75' lang='lat' dir='ltr'><strong>interpretum</strong></span> <span class='ocrx_word' id='word_1_21' title='bbox 2591 477 2946 549; x_wconf 82' lang='lat' dir='ltr'><strong>Septuaginta</strong></span> <span class='ocrx_word' id='word_1_22' title='bbox 2972 477 3200 537; x_wconf 79' lang='lat' dir='ltr'><strong>referas.</strong></span> <span class='ocrx_word' id='word_1_23' title='bbox 3230 476 3297 531; x_wconf 86' lang='lat' dir='ltr'><strong>de</strong></span> <span class='ocrx_word' id='word_1_24' title='bbox 3318 477 3500 530; x_wconf 89' lang='lat' dir='ltr'><strong>immi-</strong></span> 
     </span>
    </p>
   </div>
   <div class='ocr_carea' id='block_1_6' title="bbox 246 569 1833 651">
    <p class='ocr_par' dir='ltr' id='par_1_6' title="bbox 246 569 1833 651">
     <span class='ocr_line' id='line_1_6' title="bbox 246 569 1833 651; baseline -0.005 -17"><span class='ocrx_word' id='word_1_25' title='bbox 246 580 303 634; x_wconf 73' lang='grc' dir='ltr'>δὲ.</span> <span class='ocrx_word' id='word_1_26' title='bbox 340 579 479 651; x_wconf 76' lang='grc' dir='ltr'>πρὸς</span> <span class='ocrx_word' id='word_1_27' title='bbox 529 579 621 632; x_wconf 76' lang='grc' dir='ltr'>τὸν</span> <span class='ocrx_word' id='word_1_28' title='bbox 681 579 899 648; x_wconf 74' lang='grc' dir='ltr'>Ἰσραὴλ</span> <span class='ocrx_word' id='word_1_29' title='bbox 952 577 1117 647; x_wconf 71' lang='grc' dir='ltr'>ῥηθὲν</span> <span class='ocrx_word' id='word_1_30' title='bbox 1172 575 1646 647; x_wconf 77' lang='grc' dir='ltr'>παρεμϐἐϐληται.</span> <span class='ocrx_word' id='word_1_31' title='bbox 1699 569 1833 626; x_wconf 84' lang='grc' dir='ltr'>Εἶτα</span> 
     </span>
    </p>
   </div>
   <div class='ocr_carea' id='block_1_7' title="bbox 244 663 1838 740">
    <p class='ocr_par' dir='ltr' id='par_1_7' title="bbox 244 663 1838 740">
     <span class='ocr_line' id='line_1_7' title="bbox 244 663 1838 740; baseline -0.006 -18"><span class='ocrx_word' id='word_1_32' title='bbox 244 671 411 723; x_wconf 76' lang='grc' dir='ltr'>πάλιν</span> <span class='ocrx_word' id='word_1_33' title='bbox 452 668 589 740; x_wconf 80' lang='grc' dir='ltr'>πρὸς</span> <span class='ocrx_word' id='word_1_34' title='bbox 630 665 746 737; x_wconf 70' lang='grc' dir='ltr'>τὴν</span> <span class='ocrx_word' id='word_1_35' title='bbox 770 666 1079 719; x_wconf 76' lang='grc' dir='ltr'>Χαλδαίαν</span> <span class='ocrx_word' id='word_1_36' title='bbox 1137 666 1295 737; x_wconf 77' lang='grc' dir='ltr'>φησὶ,</span> <span class='ocrx_word' id='word_1_37' title='bbox 1345 663 1614 719; x_wconf 80' lang='grc' dir='ltr'><strong>Κάθισον</strong></span> <span class='ocrx_word' id='word_1_38' title='bbox 1661 678 1838 715; x_wconf 79' lang='grc' dir='ltr'>κατα-</span> 
     </span>
    </p>
   </div>
   <div class='ocr_carea' id='block_1_8' title="bbox 241 752 1839 830">
    <p class='ocr_par' dir='ltr' id='par_1_8' title="bbox 241 752 1839 830">
     <span class='ocr_line' id='line_1_8' title="bbox 241 752 1839 830; baseline -0.006 -15"><span class='ocrx_word' id='word_1_39' title='bbox 241 758 667 830; x_wconf 75' lang='grc' dir='ltr'>νενυγμένη,ἧ</span> <span class='ocrx_word' id='word_1_40' title='bbox 708 758 850 812; x_wconf 74' lang='grc' dir='ltr'>κατὰ</span> <span class='ocrx_word' id='word_1_41' title='bbox 889 757 1205 828; x_wconf 84' lang='grc' dir='ltr'>Σύμμαχον,</span> <span class='ocrx_word' id='word_1_42' title='bbox 1279 752 1605 809; x_wconf 80' lang='grc' dir='ltr'>σιωπῶσα·</span> <span class='ocrx_word' id='word_1_43' title='bbox 1645 753 1680 823; x_wconf 79' lang='grc' dir='ltr'><strong>ἡ</strong></span> <span class='ocrx_word' id='word_1_44' title='bbox 1731 753 1839 823; x_wconf 85' lang='grc' dir='ltr'>γὰρ</span> 
     </span>
    </p>
   </div>
   <div class='ocr_carea' id='block_1_9' title="bbox 244 845 1821 921">
    <p class='ocr_par' dir='ltr' id='par_1_9' title="bbox 244 845 1821 921">
     <span class='ocr_line' id='line_1_9' title="bbox 244 845 1821 921; baseline -0.005 -16"><span class='ocrx_word' id='word_1_45' title='bbox 244 853 390 905; x_wconf 75' lang='grc' dir='ltr'>οὕτω</span> <span class='ocrx_word' id='word_1_46' title='bbox 443 851 811 921; x_wconf 80' lang='grc' dir='ltr'><strong>μεγάλαυχος,</strong></span> <span class='ocrx_word' id='word_1_47' title='bbox 852 848 949 901; x_wconf 80' lang='grc' dir='ltr'>καὶ</span> <span class='ocrx_word' id='word_1_48' title='bbox 996 848 1072 911; x_wconf 85' lang='grc' dir='ltr'>ὼς</span> <span class='ocrx_word' id='word_1_49' title='bbox 1129 847 1387 912; x_wconf 77' lang='grc' dir='ltr'><strong>οἰκέταις</strong></span> <span class='ocrx_word' id='word_1_50' title='bbox 1414 845 1672 917; x_wconf 77' lang='grc' dir='ltr'><strong>χρωμένη</strong></span> <span class='ocrx_word' id='word_1_51' title='bbox 1708 846 1821 907; x_wconf 84' lang='grc' dir='ltr'>τοῖς</span> 
     </span>
    </p>
   </div>
   <div class='ocr_carea' id='block_1_10' title="bbox 246 935 1823 1013">
    <p class='ocr_par' dir='ltr' id='par_1_10' title="bbox 246 935 1823 1013">
     <span class='ocr_line' id='line_1_10' title="bbox 246 935 1823 1013; baseline -0.005 -16"><span class='ocrx_word' id='word_1_52' title='bbox 246 946 481 1009; x_wconf 77' lang='grc' dir='ltr'><strong>ἔθνεσιν,</strong></span> <span class='ocrx_word' id='word_1_53' title='bbox 519 942 828 1013; x_wconf 82' lang='grc' dir='ltr'><strong>μετάγνωθι</strong></span> <span class='ocrx_word' id='word_1_54' title='bbox 854 941 1040 995; x_wconf 85' lang='grc' dir='ltr'>λοιπὸν</span> <span class='ocrx_word' id='word_1_55' title='bbox 1067 940 1153 1009; x_wconf 77' lang='grc' dir='ltr'><strong>ἐφ’</strong></span> <span class='ocrx_word' id='word_1_56' title='bbox 1180 935 1261 1004; x_wconf 76' lang='grc' dir='ltr'><strong>οἷς</strong></span> <span class='ocrx_word' id='word_1_57' title='bbox 1290 939 1555 1010; x_wconf 78' lang='grc' dir='ltr'>ἔπραξας,</span> <span class='ocrx_word' id='word_1_58' title='bbox 1586 936 1823 1007; x_wconf 83' lang='grc' dir='ltr'>τοσούτῳ</span> 
     </span>
    </p>
   </div>
   <div class='ocr_carea' id='block_1_11' title="bbox 243 1030 1106 1100">
    <p class='ocr_par' dir='ltr' id='par_1_11' title="bbox 243 1030 1106 1100">
     <span class='ocr_line' id='line_1_11' title="bbox 243 1030 1106 1100; baseline -0.003 -15"><span class='ocrx_word' id='word_1_59' title='bbox 243 1035 448 1099; x_wconf 83' lang='grc' dir='ltr'><strong>σκότῳ</strong></span> <span class='ocrx_word' id='word_1_60' title='bbox 482 1032 733 1095; x_wconf 83' lang='grc' dir='ltr'><strong>παιδείας</strong></span> <span class='ocrx_word' id='word_1_61' title='bbox 762 1030 1106 1100; x_wconf 84' lang='grc' dir='ltr'>ὲκδιδομένη.</span> 
     </span>
    </p>
   </div>
   <div class='ocr_carea' id='block_1_12' title="bbox 1934 566 3505 637">
    <p class='ocr_par' dir='ltr' id='par_1_12' title="bbox 1934 566 3505 637">
     <span class='ocr_line' id='line_1_12' title="bbox 1934 566 3505 637; baseline -0.002 -15"><span class='ocrx_word' id='word_1_62' title='bbox 1934 570 2084 623; x_wconf 86' lang='lat' dir='ltr'><strong>tibus</strong></span> <span class='ocrx_word' id='word_1_63' title='bbox 2105 569 2373 637; x_wconf 78' lang='lat' dir='ltr'><strong>eiusmodi</strong></span> <span class='ocrx_word' id='word_1_64' title='bbox 2415 574 2469 622; x_wconf 89' lang='lat' dir='ltr'><strong>et</strong></span> <span class='ocrx_word' id='word_1_65' title='bbox 2502 567 2819 623; x_wconf 82' lang='lat' dir='ltr'><strong>inhumanis</strong></span> <span class='ocrx_word' id='word_1_66' title='bbox 2853 567 3170 621; x_wconf 75' lang='lat' dir='ltr'><strong>hominibus</strong></span> <span class='ocrx_word' id='word_1_67' title='bbox 3199 609 3215 631; x_wconf 86' lang='lat'><strong>,</strong></span> <span class='ocrx_word' id='word_1_68' title='bbox 3249 566 3505 621; x_wconf 73' lang='lat' dir='ltr'><strong>[Ortassis</strong></span> 
     </span>
    </p>
   </div>
   <div class='ocr_carea' id='block_1_13' title="bbox 1937 656 3507 729">
    <p class='ocr_par' dir='ltr' id='par_1_13' title="bbox 1937 656 3507 729">
     <span class='ocr_line' id='line_1_13' title="bbox 1937 656 3507 729; baseline -0.004 -13"><span class='ocrx_word' id='word_1_69' title='bbox 1937 669 1991 716; x_wconf 91' lang='lat' dir='ltr'><strong>ct</strong></span> <span class='ocrx_word' id='word_1_70' title='bbox 2027 661 2094 716; x_wconf 91' lang='lat' dir='ltr'><strong>de</strong></span> <span class='ocrx_word' id='word_1_71' title='bbox 2132 662 2240 715; x_wconf 91' lang='lat' dir='ltr'><strong>illis</strong></span> <span class='ocrx_word' id='word_1_72' title='bbox 2284 660 2448 713; x_wconf 82' lang='lat' dir='ltr'><strong>etiam</strong></span> <span class='ocrx_word' id='word_1_73' title='bbox 2481 674 2509 712; x_wconf 87' lang='lat' dir='ltr'><strong>a</strong></span> <span class='ocrx_word' id='word_1_74' title='bbox 2550 658 2751 729; x_wconf 85' lang='lat' dir='ltr'><strong>quibus</strong></span> <span class='ocrx_word' id='word_1_75' title='bbox 2774 660 2897 714; x_wconf 90' lang='lat' dir='ltr'><strong>victi</strong></span> <span class='ocrx_word' id='word_1_76' title='bbox 2940 656 3213 728; x_wconf 86' lang='lat' dir='ltr'><strong>quondam</strong></span> <span class='ocrx_word' id='word_1_77' title='bbox 3261 658 3507 717; x_wconf 81' lang='lat' dir='ltr'><strong>fuerunt.</strong></span> 
     </span>
    </p>
   </div>
   <div class='ocr_carea' id='block_1_14' title="bbox 1938 747 3509 807">
    <p class='ocr_par' dir='ltr' id='par_1_14' title="bbox 1938 747 3509 807">
     <span class='ocr_line' id='line_1_14' title="bbox 1938 747 3509 807; baseline -0.004 -1"><span class='ocrx_word' id='word_1_78' title='bbox 1938 751 2230 807; x_wconf 76' lang='lat' dir='ltr'><strong>intellexit.</strong></span> <span class='ocrx_word' id='word_1_79' title='bbox 2266 749 2374 805; x_wconf 86' lang='lat' dir='ltr'><strong>Sed</strong></span> <span class='ocrx_word' id='word_1_80' title='bbox 2415 760 2499 805; x_wconf 89' lang='lat' dir='ltr'><strong>est</strong></span> <span class='ocrx_word' id='word_1_81' title='bbox 2530 750 2595 803; x_wconf 87' lang='lat' dir='ltr'><strong>ad</strong></span> <span class='ocrx_word' id='word_1_82' title='bbox 2629 749 2886 804; x_wconf 85' lang='lat' dir='ltr'><strong>lsraelem</strong></span> <span class='ocrx_word' id='word_1_83' title='bbox 2927 750 3132 804; x_wconf 88' lang='lat' dir='ltr'><strong>dictutn</strong></span> <span class='ocrx_word' id='word_1_84' title='bbox 3163 748 3308 803; x_wconf 84' lang='lat' dir='ltr'><strong>istud</strong></span> <span class='ocrx_word' id='word_1_85' title='bbox 3340 747 3509 800; x_wconf 82' lang='lat' dir='ltr'><strong>inter-</strong></span> 
     </span>
    </p>
   </div>
   <div class='ocr_carea' id='block_1_15' title="bbox 1928 838 3505 909">
    <p class='ocr_par' dir='ltr' id='par_1_15' title="bbox 1928 838 3505 909">
     <span class='ocr_line' id='line_1_15' title="bbox 1928 838 3505 909; baseline -0.004 -13"><span class='ocrx_word' id='word_1_86' title='bbox 1928 842 2183 896; x_wconf 83' lang='lat' dir='ltr'><strong>calatum.</strong></span> <span class='ocrx_word' id='word_1_87' title='bbox 2205 841 2510 897; x_wconf 79' lang='lat' dir='ltr'><strong>Cltaldteam</strong></span> <span class='ocrx_word' id='word_1_88' title='bbox 2535 841 2730 895; x_wconf 90' lang='lat' dir='ltr'><strong>deinde</strong></span> <span class='ocrx_word' id='word_1_89' title='bbox 2753 842 3108 909; x_wconf 88' lang='lat' dir='ltr'><strong>compellens,</strong></span> <span class='ocrx_word' id='word_1_90' title='bbox 3134 838 3285 906; x_wconf 82' lang='lat' dir='ltr'><strong>Sede,</strong></span> <span class='ocrx_word' id='word_1_91' title='bbox 3307 839 3505 909; x_wconf 84' lang='lat' dir='ltr'><strong>inquit,</strong></span> 
     </span>
    </p>
   </div>
   <div class='ocr_carea' id='block_1_16' title="bbox 1932 932 3502 1004">
    <p class='ocr_par' dir='ltr' id='par_1_16' title="bbox 1932 932 3502 1004">
     <span class='ocr_line' id='line_1_16' title="bbox 1932 932 3502 1004; baseline -0.003 -17"><span class='ocrx_word' id='word_1_92' title='bbox 1932 944 2239 1000; x_wconf 84' lang='lat' dir='ltr'><strong>compuncta</strong></span> <span class='ocrx_word' id='word_1_93' title='bbox 2271 951 2287 997; x_wconf 89' lang='lat'><em>;</em></span> <span class='ocrx_word' id='word_1_94' title='bbox 2322 934 2405 989; x_wconf 85' lang='lat' dir='ltr'><strong>vel</strong></span> <span class='ocrx_word' id='word_1_95' title='bbox 2463 944 2661 996; x_wconf 79' lang='lat' dir='ltr'><strong>tacens,</strong></span> <span class='ocrx_word' id='word_1_96' title='bbox 2709 932 3014 989; x_wconf 84' lang='lat' dir='ltr'><strong>secundum</strong></span> <span class='ocrx_word' id='word_1_97' title='bbox 3090 933 3502 1004; x_wconf 82' lang='lat' dir='ltr'><strong>Symmachum.</strong></span> 
     </span>
    </p>
   </div>
   <div class='ocr_carea' id='block_1_17' title="bbox 1934 1024 3512 1096">
    <p class='ocr_par' dir='ltr' id='par_1_17' title="bbox 1934 1024 3512 1096">
     <span class='ocr_line' id='line_1_17' title="bbox 1934 1024 3512 1096; baseline 0.001 -19"><span class='ocrx_word' id='word_1_98' title='bbox 1934 1024 2064 1091; x_wconf 73' lang='lat' dir='ltr'><strong>Qua:</strong></span> <span class='ocrx_word' id='word_1_99' title='bbox 2090 1026 2235 1080; x_wconf 89' lang='lat' dir='ltr'><strong>enim</strong></span> <span class='ocrx_word' id='word_1_100' title='bbox 2278 1041 2345 1079; x_wconf 91' lang='lat' dir='ltr'><strong>eo</strong></span> <span class='ocrx_word' id='word_1_101' title='bbox 2390 1025 2655 1094; x_wconf 77' lang='lat' dir='ltr'><strong>superbia:</strong></span> <span class='ocrx_word' id='word_1_102' title='bbox 2686 1034 2739 1079; x_wconf 90' lang='lat' dir='ltr'><strong>ct</strong></span> <span class='ocrx_word' id='word_1_103' title='bbox 2770 1026 3098 1096; x_wconf 67' lang='lat' dir='ltr'><strong>arrogantiae</strong></span> <span class='ocrx_word' id='word_1_104' title='bbox 3139 1040 3395 1080; x_wconf 84' lang='lat' dir='ltr'><strong>evaseras</strong></span> <span class='ocrx_word' id='word_1_105' title='bbox 3451 1034 3512 1079; x_wconf 86' lang='lat' dir='ltr'><strong>ut</strong></span> 
     </span>
    </p>
   </div>
   <div class='ocr_carea' id='block_1_18' title="bbox 247 1117 3512 1197">
    <p class='ocr_par' dir='ltr' id='par_1_18' title="bbox 247 1117 3512 1197">
     <span class='ocr_line' id='line_1_18' title="bbox 247 1117 3512 1197; baseline -0.003 -17"><span class='ocrx_word' id='word_1_106' title='bbox 247 1138 514 1197; x_wconf 85' lang='lat' dir='ltr'><strong>tanquam</strong></span> <span class='ocrx_word' id='word_1_107' title='bbox 566 1128 757 1190; x_wconf 79' lang='lat' dir='ltr'><strong>serris,</strong></span> <span class='ocrx_word' id='word_1_108' title='bbox 793 1125 1108 1180; x_wconf 82' lang='lat' dir='ltr'><strong>nationibus</strong></span> <span class='ocrx_word' id='word_1_109' title='bbox 1156 1125 1385 1180; x_wconf 86' lang='lat' dir='ltr'><strong>utereris</strong></span> <span class='ocrx_word' id='word_1_110' title='bbox 1424 1141 1441 1191; x_wconf 90' lang='lat'><strong>;</strong></span> <span class='ocrx_word' id='word_1_111' title='bbox 1485 1130 1539 1178; x_wconf 92' lang='lat' dir='ltr'><strong>te</strong></span> <span class='ocrx_word' id='word_1_112' title='bbox 1575 1122 1834 1192; x_wconf 86' lang='lat' dir='ltr'><strong>deinceps</strong></span> <span class='ocrx_word' id='word_1_113' title='bbox 1870 1133 2081 1185; x_wconf 89' lang='lat' dir='ltr'><strong>eorum,</strong></span> <span class='ocrx_word' id='word_1_114' title='bbox 2113 1135 2236 1189; x_wconf 74' lang='lat' dir='ltr'><strong>qua:</strong></span> <span class='ocrx_word' id='word_1_115' title='bbox 2253 1118 2495 1189; x_wconf 81' lang='lat' dir='ltr'><strong>gessisti,</strong></span> <span class='ocrx_word' id='word_1_116' title='bbox 2537 1132 2660 1173; x_wconf 90' lang='lat' dir='ltr'><strong>cum</strong></span> <span class='ocrx_word' id='word_1_117' title='bbox 2726 1117 2780 1172; x_wconf 91' lang='lat' dir='ltr'><strong>in</strong></span> <span class='ocrx_word' id='word_1_118' title='bbox 2823 1120 2991 1175; x_wconf 88' lang='lat' dir='ltr'><strong>tantis</strong></span> <span class='ocrx_word' id='word_1_119' title='bbox 3053 1119 3321 1173; x_wconf 69' lang='lat' dir='ltr'><strong>doctrinm</strong></span> <span class='ocrx_word' id='word_1_120' title='bbox 3368 1128 3512 1170; x_wconf 80' lang='lat' dir='ltr'><strong>tene-</strong></span> 
     </span>
    </p>
   </div>
   <div class='ocr_carea' id='block_1_19' title="bbox 245 1217 1396 1287">
    <p class='ocr_par' dir='ltr' id='par_1_19' title="bbox 245 1217 1396 1287">
     <span class='ocr_line' id='line_1_19' title="bbox 245 1217 1396 1287; baseline -0.002 -13"><span class='ocrx_word' id='word_1_121' title='bbox 245 1222 357 1274; x_wconf 85' lang='lat' dir='ltr'><strong>bris</strong></span> <span class='ocrx_word' id='word_1_122' title='bbox 393 1218 717 1283; x_wconf 78' lang='lat' dir='ltr'><strong>versat-eris,</strong></span> <span class='ocrx_word' id='word_1_123' title='bbox 750 1217 1019 1287; x_wconf 74' lang='lat' dir='ltr'><strong>pmnitere</strong></span> <span class='ocrx_word' id='word_1_124' title='bbox 1045 1231 1262 1286; x_wconf 61' lang='lat' dir='ltr'><strong>atquum</strong></span> <span class='ocrx_word' id='word_1_125' title='bbox 1291 1221 1396 1272; x_wconf 81' lang='lat' dir='ltr'><strong>est.</strong></span> 
     </span>
    </p>
   </div>
   <div class='ocr_carea' id='block_1_20' title="bbox 317 1305 1835 1380">
    <p class='ocr_par' dir='ltr' id='par_1_20' title="bbox 317 1305 1835 1380">
     <span class='ocr_line' id='line_1_20' title="bbox 317 1305 1835 1380; baseline -0.005 -13"><span class='ocrx_word' id='word_1_126' title='bbox 317 1315 392 1367; x_wconf 85' lang='grc' dir='ltr'>Τὸ</span> <span class='ocrx_word' id='word_1_127' title='bbox 425 1314 481 1366; x_wconf 86' lang='grc' dir='ltr'>δὲ</span> <span class='ocrx_word' id='word_1_128' title='bbox 543 1312 723 1380; x_wconf 72' lang='grc' dir='ltr'>ἰσχὺς</span> <span class='ocrx_word' id='word_1_129' title='bbox 762 1311 1124 1375; x_wconf 70' lang='grc' dir='ltr'>βασιλείας,</span> <span class='ocrx_word' id='word_1_130' title='bbox 1171 1310 1464 1363; x_wconf 78' lang='grc' dir='ltr'>δέσποινα</span> <span class='ocrx_word' id='word_1_131' title='bbox 1499 1305 1835 1374; x_wconf 72' lang='grc' dir='ltr'>βασιλειῶν</span> 
     </span>
    </p>
   </div>
   <div class='ocr_carea' id='block_1_21' title="bbox 243 1396 1833 1471">
    <p class='ocr_par' dir='ltr' id='par_1_21' title="bbox 243 1396 1833 1471">
     <span class='ocr_line' id='line_1_21' title="bbox 243 1396 1833 1471; baseline -0.005 -14"><span class='ocrx_word' id='word_1_132' title='bbox 243 1405 480 1469; x_wconf 78' lang='grc' dir='ltr'><strong>ἐξέδωκε</strong></span> <span class='ocrx_word' id='word_1_133' title='bbox 516 1403 836 1471; x_wconf 80' lang='grc' dir='ltr'><strong>Σύμμαχος,</strong></span> <span class='ocrx_word' id='word_1_134' title='bbox 870 1400 967 1455; x_wconf 78' lang='grc' dir='ltr'>καὶ</span> <span class='ocrx_word' id='word_1_135' title='bbox 994 1401 1095 1470; x_wconf 83' lang='grc' dir='ltr'>τὴν</span> <span class='ocrx_word' id='word_1_136' title='bbox 1125 1399 1304 1453; x_wconf 85' lang='grc' dir='ltr'>αίτίαν</span> <span class='ocrx_word' id='word_1_137' title='bbox 1346 1401 1650 1471; x_wconf 78' lang='grc' dir='ltr'>ἐπήγαγεν,</span> <span class='ocrx_word' id='word_1_138' title='bbox 1682 1396 1833 1451; x_wconf 74' lang='grc' dir='ltr'>διδάο</span> 
     </span>
    </p>
   </div>
   <div class='ocr_carea' id='block_1_22' title="bbox 245 1488 1836 1559">
    <p class='ocr_par' dir='ltr' id='par_1_22' title="bbox 245 1488 1836 1559">
     <span class='ocr_line' id='line_1_22' title="bbox 245 1488 1836 1559; baseline -0.005 -13"><span class='ocrx_word' id='word_1_139' title='bbox 245 1512 394 1546; x_wconf 85' lang='grc' dir='ltr'>σκων</span> <span class='ocrx_word' id='word_1_140' title='bbox 416 1494 490 1556; x_wconf 84' lang='grc' dir='ltr'>ὡς</span> <span class='ocrx_word' id='word_1_141' title='bbox 513 1494 573 1545; x_wconf 81' lang='grc' dir='ltr'>οὐ</span> <span class='ocrx_word' id='word_1_142' title='bbox 597 1494 678 1545; x_wconf 86' lang='grc' dir='ltr'>δεῖ</span> <span class='ocrx_word' id='word_1_143' title='bbox 706 1494 819 1554; x_wconf 87' lang='grc' dir='ltr'>τοῖς</span> <span class='ocrx_word' id='word_1_144' title='bbox 853 1491 958 1544; x_wconf 82' lang='grc' dir='ltr'><strong>ὑπὸ</strong></span> <span class='ocrx_word' id='word_1_145' title='bbox 992 1490 1129 1543; x_wconf 82' lang='grc' dir='ltr'>Θεοῦ</span> <span class='ocrx_word' id='word_1_146' title='bbox 1162 1488 1615 1559; x_wconf 82' lang='grc' dir='ltr'>ταπεινουμένοις</span> <span class='ocrx_word' id='word_1_147' title='bbox 1663 1490 1836 1555; x_wconf 79' lang='grc' dir='ltr'>ἐπεμ-</span> 
     </span>
    </p>
   </div>
   <div class='ocr_carea' id='block_1_23' title="bbox 244 1576 1834 1650">
    <p class='ocr_par' dir='ltr' id='par_1_23' title="bbox 244 1576 1834 1650">
     <span class='ocr_line' id='line_1_23' title="bbox 244 1576 1834 1650; baseline -0.003 -15"><span class='ocrx_word' id='word_1_148' title='bbox 244 1584 477 1644; x_wconf 76' lang='grc' dir='ltr'>ϐαίνειν,</span> <span class='ocrx_word' id='word_1_149' title='bbox 503 1580 596 1645; x_wconf 76' lang='grc' dir='ltr'><strong>οὓς</strong></span> <span class='ocrx_word' id='word_1_150' title='bbox 624 1582 861 1650; x_wconf 73' lang='grc' dir='ltr'>ἐγχωρεῖ</span> <span class='ocrx_word' id='word_1_151' title='bbox 882 1579 1277 1642; x_wconf 80' lang='grc' dir='ltr'><strong>παιδευθέντας</strong></span> <span class='ocrx_word' id='word_1_152' title='bbox 1313 1578 1659 1645; x_wconf 76' lang='grc' dir='ltr'>ἐλεηθῆναι.</span> <span class='ocrx_word' id='word_1_153' title='bbox 1697 1576 1834 1629; x_wconf 85' lang='grc' dir='ltr'>Συν-</span> 
     </span>
    </p>
   </div>
   <div class='ocr_carea' id='block_1_24' title="bbox 245 1668 1834 1742">
    <p class='ocr_par' dir='ltr' id='par_1_24' title="bbox 245 1668 1834 1742">
     <span class='ocr_line' id='line_1_24' title="bbox 245 1668 1834 1742; baseline -0.004 -17"><span class='ocrx_word' id='word_1_154' title='bbox 245 1675 359 1741; x_wconf 75' lang='grc' dir='ltr'><strong>ῳδᾶ</strong></span> <span class='ocrx_word' id='word_1_155' title='bbox 381 1674 437 1725; x_wconf 81' lang='grc' dir='ltr'>δὲ</span> <span class='ocrx_word' id='word_1_156' title='bbox 466 1672 678 1735; x_wconf 75' lang='grc' dir='ltr'><strong>τούτοις</strong></span> <span class='ocrx_word' id='word_1_157' title='bbox 709 1672 803 1725; x_wconf 68' lang='grc' dir='ltr'>καὶ</span> <span class='ocrx_word' id='word_1_158' title='bbox 826 1671 1104 1742; x_wconf 80' lang='grc' dir='ltr'>Ζαχαρίας</span> <span class='ocrx_word' id='word_1_159' title='bbox 1135 1671 1300 1740; x_wconf 76' lang='grc' dir='ltr'>φησίν</span> <span class='ocrx_word' id='word_1_160' title='bbox 1318 1684 1330 1699; x_wconf 89' lang='grc'><strong>·</strong></span> <span class='ocrx_word' id='word_1_161' title='bbox 1370 1691 1387 1721; x_wconf 90' lang='grc' dir='ltr'><strong>ι</strong></span> <span class='ocrx_word' id='word_1_162' title='bbox 1431 1670 1715 1739; x_wconf 86' lang='grc' dir='ltr'>Ἐζήλωκα</span> <span class='ocrx_word' id='word_1_163' title='bbox 1733 1668 1834 1740; x_wconf 79' lang='grc' dir='ltr'>τὴν</span> 
     </span>
    </p>
   </div>
   <div class='ocr_carea' id='block_1_25' title="bbox 261 1758 1836 1833">
    <p class='ocr_par' dir='ltr' id='par_1_25' title="bbox 261 1758 1836 1833">
     <span class='ocr_line' id='line_1_25' title="bbox 261 1758 1836 1833; baseline -0.005 -17"><span class='ocrx_word' id='word_1_164' title='bbox 261 1762 624 1833; x_wconf 81' lang='grc' dir='ltr'>Ἰερουσαλὴμ</span> <span class='ocrx_word' id='word_1_165' title='bbox 648 1762 809 1830; x_wconf 76' lang='grc' dir='ltr'>ζῆλον</span> <span class='ocrx_word' id='word_1_166' title='bbox 847 1762 1042 1832; x_wconf 88' lang='grc' dir='ltr'>μέγαν,</span> <span class='ocrx_word' id='word_1_167' title='bbox 1068 1762 1163 1814; x_wconf 77' lang='grc' dir='ltr'>καὶ</span> <span class='ocrx_word' id='word_1_168' title='bbox 1184 1761 1343 1831; x_wconf 88' lang='grc' dir='ltr'>θυμῷ</span> <span class='ocrx_word' id='word_1_169' title='bbox 1376 1760 1596 1830; x_wconf 84' lang='grc' dir='ltr'>μεγάλῳ</span> <span class='ocrx_word' id='word_1_170' title='bbox 1622 1758 1836 1829; x_wconf 79' lang='grc' dir='ltr'>ὀργίζο-</span> 
     </span>
    </p>
   </div>
   <div class='ocr_carea' id='block_1_26' title="bbox 248 1838 1834 1922">
    <p class='ocr_par' dir='ltr' id='par_1_26' title="bbox 248 1838 1834 1922">
     <span class='ocr_line' id='line_1_26' title="bbox 248 1838 1834 1922; baseline -0.004 -17"><span class='ocrx_word' id='word_1_171' title='bbox 248 1870 350 1922; x_wconf 85' lang='grc' dir='ltr'><strong>μαι</strong></span> <span class='ocrx_word' id='word_1_172' title='bbox 397 1851 510 1920; x_wconf 79' lang='grc' dir='ltr'><strong>ἐγὼ</strong></span> <span class='ocrx_word' id='word_1_173' title='bbox 547 1853 640 1905; x_wconf 74' lang='grc' dir='ltr'><strong>ἐπὶ</strong></span> <span class='ocrx_word' id='word_1_174' title='bbox 669 1852 738 1903; x_wconf 79' lang='grc' dir='ltr'><strong>τα</strong></span> <span class='ocrx_word' id='word_1_175' title='bbox 788 1851 915 1921; x_wconf 81' lang='grc' dir='ltr'>ἔθνη</span> <span class='ocrx_word' id='word_1_176' title='bbox 954 1851 1023 1903; x_wconf 81' lang='grc' dir='ltr'>τὰ</span> <span class='ocrx_word' id='word_1_177' title='bbox 1054 1850 1543 1919; x_wconf 73' lang='grc' dir='ltr'>συνεπιτιθέμεναο</span> <span class='ocrx_word' id='word_1_178' title='bbox 1604 1846 1722 1900; x_wconf 82' lang='grc' dir='ltr'>ἀνθ’</span> <span class='ocrx_word' id='word_1_179' title='bbox 1759 1838 1834 1900; x_wconf 82' lang='grc' dir='ltr'>ὧν</span> 
     </span>
    </p>
   </div>
   <div class='ocr_carea' id='block_1_27' title="bbox 2003 1302 3515 1373">
    <p class='ocr_par' dir='ltr' id='par_1_27' title="bbox 2003 1302 3515 1373">
     <span class='ocr_line' id='line_1_27' title="bbox 2003 1302 3515 1373; baseline 0 -16"><span class='ocrx_word' id='word_1_180' title='bbox 2003 1303 2271 1357; x_wconf 71' lang='lat' dir='ltr'><strong>Caeterum</strong></span> <span class='ocrx_word' id='word_1_181' title='bbox 2307 1316 2416 1371; x_wconf 91' lang='lat' dir='ltr'><strong>quo</strong></span> <span class='ocrx_word' id='word_1_182' title='bbox 2448 1302 2565 1357; x_wconf 92' lang='lat' dir='ltr'><strong>loco</strong></span> <span class='ocrx_word' id='word_1_183' title='bbox 2604 1302 2863 1370; x_wconf 77' lang='lat' dir='ltr'><strong>fortitudo</strong></span> <span class='ocrx_word' id='word_1_184' title='bbox 2923 1305 3065 1373; x_wconf 81' lang='lat' dir='ltr'><strong>regni</strong></span> <span class='ocrx_word' id='word_1_185' title='bbox 3098 1305 3380 1366; x_wconf 88' lang='lat' dir='ltr'><strong>hahenms,</strong></span> <span class='ocrx_word' id='word_1_186' title='bbox 3413 1306 3515 1357; x_wconf 80' lang='lat' dir='ltr'><strong>do-</strong></span> 
     </span>
    </p>
   </div>
   <div class='ocr_carea' id='block_1_28' title="bbox 1934 1393 3516 1464">
    <p class='ocr_par' dir='ltr' id='par_1_28' title="bbox 1934 1393 3516 1464">
     <span class='ocr_line' id='line_1_28' title="bbox 1934 1393 3516 1464; baseline 0.002 -17"><span class='ocrx_word' id='word_1_187' title='bbox 1934 1396 2079 1447; x_wconf 88' lang='lat' dir='ltr'><strong>mina</strong></span> <span class='ocrx_word' id='word_1_188' title='bbox 2114 1408 2393 1463; x_wconf 84' lang='lat' dir='ltr'><strong>regnorum</strong></span> <span class='ocrx_word' id='word_1_189' title='bbox 2427 1394 2590 1446; x_wconf 84' lang='lat' dir='ltr'><strong>vertit</strong></span> <span class='ocrx_word' id='word_1_190' title='bbox 2622 1393 3027 1464; x_wconf 82' lang='lat' dir='ltr'><strong>Symmachus;</strong></span> <span class='ocrx_word' id='word_1_191' title='bbox 3058 1402 3111 1447; x_wconf 91' lang='lat' dir='ltr'><strong>et</strong></span> <span class='ocrx_word' id='word_1_192' title='bbox 3156 1410 3378 1450; x_wconf 85' lang='lat' dir='ltr'><strong>causam</strong></span> <span class='ocrx_word' id='word_1_193' title='bbox 3420 1395 3516 1450; x_wconf 87' lang='lat' dir='ltr'><strong>ad-</strong></span> 
     </span>
    </p>
   </div>
   <div class='ocr_carea' id='block_1_29' title="bbox 1933 1484 3513 1557">
    <p class='ocr_par' dir='ltr' id='par_1_29' title="bbox 1933 1484 3513 1557">
     <span class='ocr_line' id='line_1_29' title="bbox 1933 1484 3513 1557; baseline 0.003 -20"><span class='ocrx_word' id='word_1_194' title='bbox 1933 1484 2033 1549; x_wconf 89' lang='lat' dir='ltr'><strong>dit,</strong></span> <span class='ocrx_word' id='word_1_195' title='bbox 2064 1491 2122 1537; x_wconf 93' lang='lat' dir='ltr'><strong>ut</strong></span> <span class='ocrx_word' id='word_1_196' title='bbox 2164 1484 2357 1537; x_wconf 81' lang='lat' dir='ltr'><strong>doceat</strong></span> <span class='ocrx_word' id='word_1_197' title='bbox 2396 1500 2502 1537; x_wconf 93' lang='lat' dir='ltr'><strong>non</strong></span> <span class='ocrx_word' id='word_1_198' title='bbox 2538 1484 2603 1539; x_wconf 86' lang='lat' dir='ltr'><strong>iis</strong></span> <span class='ocrx_word' id='word_1_199' title='bbox 2638 1500 2782 1549; x_wconf 83' lang='lat' dir='ltr'><strong>esse,</strong></span> <span class='ocrx_word' id='word_1_200' title='bbox 2813 1485 2905 1555; x_wconf 91' lang='lat' dir='ltr'><strong>qui</strong></span> <span class='ocrx_word' id='word_1_201' title='bbox 2960 1501 2987 1538; x_wconf 89' lang='lat' dir='ltr'><strong>a</strong></span> <span class='ocrx_word' id='word_1_202' title='bbox 3021 1485 3132 1540; x_wconf 88' lang='lat' dir='ltr'><strong>Deo</strong></span> <span class='ocrx_word' id='word_1_203' title='bbox 3173 1485 3513 1557; x_wconf 79' lang='lat' dir='ltr'><strong>afﬂiguntur,</strong></span> 
     </span>
    </p>
   </div>
   <div class='ocr_carea' id='block_1_30' title="bbox 1934 1575 3517 1647">
    <p class='ocr_par' dir='ltr' id='par_1_30' title="bbox 1934 1575 3517 1647">
     <span class='ocr_line' id='line_1_30' title="bbox 1934 1575 3517 1647; baseline 0.002 -16"><span class='ocrx_word' id='word_1_204' title='bbox 1934 1575 2352 1646; x_wconf 74' lang='lat' dir='ltr'><strong>insurgentium,</strong></span> <span class='ocrx_word' id='word_1_205' title='bbox 2412 1589 2646 1643; x_wconf 91' lang='lat' dir='ltr'><strong>quorum</strong></span> <span class='ocrx_word' id='word_1_206' title='bbox 2709 1577 3054 1647; x_wconf 80' lang='lat' dir='ltr'><strong>correptione</strong></span> <span class='ocrx_word' id='word_1_207' title='bbox 3086 1578 3156 1633; x_wconf 76' lang='lat' dir='ltr'><strong>ad</strong></span> <span class='ocrx_word' id='word_1_208' title='bbox 3216 1580 3517 1635; x_wconf 82' lang='lat' dir='ltr'><strong>misericor-</strong></span> 
     </span>
    </p>
   </div>
   <div class='ocr_carea' id='block_1_31' title="bbox 1942 1666 3518 1736">
    <p class='ocr_par' dir='ltr' id='par_1_31' title="bbox 1942 1666 3518 1736">
     <span class='ocr_line' id='line_1_31' title="bbox 1942 1666 3518 1736; baseline 0.004 -17"><span class='ocrx_word' id='word_1_209' title='bbox 1942 1666 2085 1719; x_wconf 89' lang='lat' dir='ltr'><strong>diam</strong></span> <span class='ocrx_word' id='word_1_210' title='bbox 2113 1669 2295 1736; x_wconf 81' lang='lat' dir='ltr'><strong>potius</strong></span> <span class='ocrx_word' id='word_1_211' title='bbox 2329 1667 2512 1720; x_wconf 87' lang='lat' dir='ltr'><strong>decuit</strong></span> <span class='ocrx_word' id='word_1_212' title='bbox 2551 1667 2904 1722; x_wconf 89' lang='lat' dir='ltr'><strong>commoveri.</strong></span> <span class='ocrx_word' id='word_1_213' title='bbox 2939 1668 3066 1722; x_wconf 88' lang='lat' dir='ltr'><strong>lstis</strong></span> <span class='ocrx_word' id='word_1_214' title='bbox 3110 1678 3288 1724; x_wconf 90' lang='lat' dir='ltr'><strong>autem</strong></span> <span class='ocrx_word' id='word_1_215' title='bbox 3333 1679 3386 1726; x_wconf 88' lang='lat' dir='ltr'><strong>et</strong></span> <span class='ocrx_word' id='word_1_216' title='bbox 3425 1672 3518 1725; x_wconf 79' lang='lat' dir='ltr'><strong>ilia</strong></span> 
     </span>
    </p>
   </div>
   <div class='ocr_carea' id='block_1_32' title="bbox 1941 1754 3519 1825">
    <p class='ocr_par' dir='ltr' id='par_1_32' title="bbox 1941 1754 3519 1825">
     <span class='ocr_line' id='line_1_32' title="bbox 1941 1754 3519 1825; baseline 0.003 -15"><span class='ocrx_word' id='word_1_217' title='bbox 1941 1766 2273 1825; x_wconf 87' lang='lat' dir='ltr'><strong>congruunt,</strong></span> <span class='ocrx_word' id='word_1_218' title='bbox 2298 1770 2419 1823; x_wconf 73' lang='lat' dir='ltr'><strong>qua:</strong></span> <span class='ocrx_word' id='word_1_219' title='bbox 2451 1770 2545 1823; x_wconf 88' lang='lat' dir='ltr'><strong>per</strong></span> <span class='ocrx_word' id='word_1_220' title='bbox 2577 1754 2895 1810; x_wconf 82' lang='lat' dir='ltr'><strong>Zachariam</strong></span> <span class='ocrx_word' id='word_1_221' title='bbox 2929 1757 2984 1812; x_wconf 91' lang='lat' dir='ltr'><strong>in</strong></span> <span class='ocrx_word' id='word_1_222' title='bbox 3014 1758 3161 1813; x_wconf 88' lang='lat' dir='ltr'><strong>hunc</strong></span> <span class='ocrx_word' id='word_1_223' title='bbox 3184 1761 3402 1815; x_wconf 89' lang='lat' dir='ltr'><strong>modum</strong></span> <span class='ocrx_word' id='word_1_224' title='bbox 3432 1761 3519 1815; x_wconf 91' lang='lat' dir='ltr'><strong>di-</strong></span> 
     </span>
    </p>
   </div>
   <div class='ocr_carea' id='block_1_33' title="bbox 1942 1844 3514 1923">
    <p class='ocr_par' dir='ltr' id='par_1_33' title="bbox 1942 1844 3514 1923">
     <span class='ocr_line' id='line_1_33' title="bbox 1942 1844 3514 1923; baseline 0.003 -22"><span class='ocrx_word' id='word_1_225' title='bbox 1942 1856 2175 1901; x_wconf 89' lang='lat' dir='ltr'><strong>cuntur:</strong></span> <span class='ocrx_word' id='word_1_226' title='bbox 2222 1865 2241 1897; x_wconf 84' lang='grc' dir='ltr'><strong>ι</strong></span> <span class='ocrx_word' id='word_1_227' title='bbox 2289 1844 2595 1901; x_wconf 73' lang='grc' dir='ltr'>ΑΞιιιυΙιιιυε</span> <span class='ocrx_word' id='word_1_228' title='bbox 2646 1862 2766 1900; x_wconf 93' lang='lat' dir='ltr'><strong>sum</strong></span> <span class='ocrx_word' id='word_1_229' title='bbox 2798 1848 3099 1905; x_wconf 82' lang='lat' dir='ltr'><strong>Jerusalem</strong></span> <span class='ocrx_word' id='word_1_230' title='bbox 3140 1852 3258 1906; x_wconf 86' lang='lat' dir='ltr'><strong>zelo</strong></span> <span class='ocrx_word' id='word_1_231' title='bbox 3283 1864 3514 1923; x_wconf 87' lang='lat' dir='ltr'><strong>magno:</strong></span> 
     </span>
    </p>
   </div>
   <div class='ocr_carea' id='block_1_34' title="bbox 245 1916 1928 2014">
    <p class='ocr_par' dir='ltr' id='par_1_34' title="bbox 245 1916 1911 2012">
     <span class='ocr_line' id='line_1_34' title="bbox 245 1916 1911 2012; baseline -0.005 -16"><span class='ocrx_word' id='word_1_232' title='bbox 245 1916 361 2011; x_wconf 72' lang='grc' dir='ltr'><strong>ἐγὼ</strong></span> <span class='ocrx_word' id='word_1_233' title='bbox 386 1916 486 2012; x_wconf 68' lang='grc' dir='ltr'><strong>μὲν</strong></span> <span class='ocrx_word' id='word_1_234' title='bbox 520 1942 803 2012; x_wconf 78' lang='grc' dir='ltr'>ὠργίσθην</span> <span class='ocrx_word' id='word_1_235' title='bbox 831 1916 1019 2009; x_wconf 84' lang='grc' dir='ltr'>ὀλίγα,</span> <span class='ocrx_word' id='word_1_236' title='bbox 1072 1940 1226 1994; x_wconf 75' lang='grc' dir='ltr'>αὐτοὶ</span> <span class='ocrx_word' id='word_1_237' title='bbox 1260 1938 1317 1992; x_wconf 82' lang='grc' dir='ltr'>δὲ</span> <span class='ocrx_word' id='word_1_238' title='bbox 1359 1916 1720 1993; x_wconf 82' lang='grc' dir='ltr'>συνεπέθεντο</span> <span class='ocrx_word' id='word_1_239' title='bbox 1757 1936 1837 1999; x_wconf 89' lang='grc' dir='ltr'><strong>εἱς</strong></span> <span class='ocrx_word' id='word_1_240' title='bbox 1868 1916 1911 1972; x_wconf 84' lang='grc' dir='ltr'><strong>Β</strong></span> 
     </span>
    </p>
   </div>
   <div class='ocr_carea' id='block_1_35' title="bbox 1830 1916 3513 2014">
    <p class='ocr_par' dir='ltr' id='par_1_35' title="bbox 1830 1916 3513 2014">
     <span class='ocr_line' id='line_1_35' title="bbox 1830 1916 3513 2014; baseline 0.002 -18"><span class='ocrx_word' id='word_1_241' title='bbox 1830 1953 1837 1996; x_wconf 82' lang='lat'><strong><em>:</em></strong></span> <span class='ocrx_word' id='word_1_242' title='bbox 1868 1916 1911 1972; x_wconf 77' lang='grc' dir='ltr'><strong>Β</strong></span> <span class='ocrx_word' id='word_1_243' title='bbox 1941 1946 1995 1995; x_wconf 92' lang='lat' dir='ltr'><strong>et</strong></span> <span class='ocrx_word' id='word_1_244' title='bbox 2023 1940 2105 1994; x_wconf 89' lang='lat' dir='ltr'><strong>ira</strong></span> <span class='ocrx_word' id='word_1_245' title='bbox 2149 1953 2343 2008; x_wconf 88' lang='lat' dir='ltr'><strong>magna</strong></span> <span class='ocrx_word' id='word_1_246' title='bbox 2373 1953 2472 2010; x_wconf 91' lang='lat' dir='ltr'><strong>ego</strong></span> <span class='ocrx_word' id='word_1_247' title='bbox 2518 1938 2727 1995; x_wconf 82' lang='lat' dir='ltr'><strong>irascor</strong></span> <span class='ocrx_word' id='word_1_248' title='bbox 2763 1956 2929 2011; x_wconf 89' lang='lat' dir='ltr'><strong>super</strong></span> <span class='ocrx_word' id='word_1_249' title='bbox 2977 1952 3170 2013; x_wconf 86' lang='lat' dir='ltr'><strong>gentes</strong></span> <span class='ocrx_word' id='word_1_250' title='bbox 3205 1945 3513 2014; x_wconf 85' lang='lat' dir='ltr'><strong>opulentas.</strong></span> 
     </span>
    </p>
   </div>
   <div class='ocr_carea' id='block_1_36' title="bbox 244 2028 1839 2101">
    <p class='ocr_par' dir='ltr' id='par_1_36' title="bbox 244 2028 1839 2101">
     <span class='ocr_line' id='line_1_36' title="bbox 244 2028 1839 2101; baseline -0.005 -13"><span class='ocrx_word' id='word_1_251' title='bbox 244 2033 417 2088; x_wconf 73' lang='lat' dir='ltr'><strong>xaxi.</strong></span> <span class='ocrx_word' id='word_1_252' title='bbox 460 2051 477 2083; x_wconf 75' lang='grc' dir='ltr'><strong>ι</strong></span> <span class='ocrx_word' id='word_1_253' title='bbox 515 2032 587 2085; x_wconf 75' lang='grc' dir='ltr'><strong>Σὺ</strong></span> <span class='ocrx_word' id='word_1_254' title='bbox 612 2032 690 2095; x_wconf 83' lang='grc' dir='ltr'>δὲ,</span> <span class='ocrx_word' id='word_1_255' title='bbox 723 2031 879 2101; x_wconf 78' lang='grc' dir='ltr'>φησὶ,</span> <span class='ocrx_word' id='word_1_256' title='bbox 904 2032 1000 2084; x_wconf 76' lang='grc' dir='ltr'>καὶ</span> <span class='ocrx_word' id='word_1_257' title='bbox 1022 2028 1287 2101; x_wconf 81' lang='grc' dir='ltr'>διηνεκῶς</span> <span class='ocrx_word' id='word_1_258' title='bbox 1308 2030 1665 2093; x_wconf 76' lang='grc' dir='ltr'>βασιλεύειν</span> <span class='ocrx_word' id='word_1_259' title='bbox 1680 2028 1839 2083; x_wconf 84' lang='grc' dir='ltr'>ὑπεί-</span> 
     </span>
    </p>
   </div>
   <div class='ocr_carea' id='block_1_37' title="bbox 244 2119 1839 2192">
    <p class='ocr_par' dir='ltr' id='par_1_37' title="bbox 244 2119 1839 2192">
     <span class='ocr_line' id='line_1_37' title="bbox 244 2119 1839 2192; baseline -0.001 -17"><span class='ocrx_word' id='word_1_260' title='bbox 244 2123 446 2192; x_wconf 70' lang='grc' dir='ltr'>ληφας,</span> <span class='ocrx_word' id='word_1_261' title='bbox 489 2122 761 2176; x_wconf 78' lang='grc' dir='ltr'>παιδεύων</span> <span class='ocrx_word' id='word_1_262' title='bbox 790 2124 911 2183; x_wconf 81' lang='grc' dir='ltr'>ταῖς</span> <span class='ocrx_word' id='word_1_263' title='bbox 942 2120 1251 2190; x_wconf 78' lang='grc' dir='ltr'>παρούσαις</span> <span class='ocrx_word' id='word_1_264' title='bbox 1280 2120 1614 2191; x_wconf 79' lang='grc' dir='ltr'>εὐπραγίαις</span> <span class='ocrx_word' id='word_1_265' title='bbox 1639 2119 1714 2190; x_wconf 84' lang='grc' dir='ltr'><strong>μὴ</strong></span> <span class='ocrx_word' id='word_1_266' title='bbox 1740 2136 1839 2174; x_wconf 81' lang='grc' dir='ltr'>πε-</span> 
     </span>
    </p>
   </div>
   <div class='ocr_carea' id='block_1_38' title="bbox 248 2212 1837 2284">
    <p class='ocr_par' dir='ltr' id='par_1_38' title="bbox 248 2212 1837 2284">
     <span class='ocr_line' id='line_1_38' title="bbox 248 2212 1837 2284; baseline -0.002 -16"><span class='ocrx_word' id='word_1_267' title='bbox 248 2215 525 2276; x_wconf 81' lang='grc' dir='ltr'>ποιθέναι,</span> <span class='ocrx_word' id='word_1_268' title='bbox 561 2215 805 2283; x_wconf 80' lang='grc' dir='ltr'>προορᾷν</span> <span class='ocrx_word' id='word_1_269' title='bbox 832 2213 889 2266; x_wconf 79' lang='grc' dir='ltr'>δὲ</span> <span class='ocrx_word' id='word_1_270' title='bbox 924 2214 991 2267; x_wconf 72' lang='grc' dir='ltr'><strong>τα</strong></span> <span class='ocrx_word' id='word_1_271' title='bbox 1021 2212 1287 2281; x_wconf 80' lang='grc' dir='ltr'>ἔσχατα,</span> <span class='ocrx_word' id='word_1_272' title='bbox 1327 2213 1423 2266; x_wconf 73' lang='grc' dir='ltr'>καὶ</span> <span class='ocrx_word' id='word_1_273' title='bbox 1460 2213 1559 2276; x_wconf 83' lang='grc' dir='ltr'><strong>τὰς</strong></span> <span class='ocrx_word' id='word_1_274' title='bbox 1607 2212 1837 2284; x_wconf 81' lang='grc' dir='ltr'>ὕστερον</span> 
     </span>
    </p>
   </div>
   <div class='ocr_carea' id='block_1_39' title="bbox 247 2302 1836 2375">
    <p class='ocr_par' dir='ltr' id='par_1_39' title="bbox 247 2302 1836 2375">
     <span class='ocr_line' id='line_1_39' title="bbox 247 2302 1836 2375; baseline -0.002 -18"><span class='ocrx_word' id='word_1_275' title='bbox 247 2306 517 2375; x_wconf 76' lang='grc' dir='ltr'>ἐσομένας</span> <span class='ocrx_word' id='word_1_276' title='bbox 550 2303 877 2373; x_wconf 78' lang='grc' dir='ltr'>μεταϐολάς.</span> <span class='ocrx_word' id='word_1_277' title='bbox 909 2303 1095 2355; x_wconf 78' lang='grc' dir='ltr'>Ταῦτα</span> <span class='ocrx_word' id='word_1_278' title='bbox 1121 2302 1179 2355; x_wconf 80' lang='grc' dir='ltr'>δὲ</span> <span class='ocrx_word' id='word_1_279' title='bbox 1208 2303 1305 2373; x_wconf 81' lang='grc' dir='ltr'>τῆς</span> <span class='ocrx_word' id='word_1_280' title='bbox 1329 2303 1709 2373; x_wconf 82' lang='grc' dir='ltr'>ὑπερηφανίας</span> <span class='ocrx_word' id='word_1_281' title='bbox 1727 2302 1836 2357; x_wconf 83' lang='grc' dir='ltr'>τῶν</span> 
     </span>
    </p>
   </div>
   <div class='ocr_carea' id='block_1_40' title="bbox 247 2394 1834 2466">
    <p class='ocr_par' dir='ltr' id='par_1_40' title="bbox 247 2394 1834 2466">
     <span class='ocr_line' id='line_1_40' title="bbox 247 2394 1834 2466; baseline -0.002 -17"><span class='ocrx_word' id='word_1_282' title='bbox 247 2400 307 2449; x_wconf 79' lang='grc' dir='ltr'>ἐν</span> <span class='ocrx_word' id='word_1_283' title='bbox 344 2398 482 2465; x_wconf 68' lang='grc' dir='ltr'>αὐτῇ</span> <span class='ocrx_word' id='word_1_284' title='bbox 517 2395 958 2466; x_wconf 80' lang='grc' dir='ltr'>βασιλευσάντων</span> <span class='ocrx_word' id='word_1_285' title='bbox 1006 2394 1273 2464; x_wconf 80' lang='grc' dir='ltr'>ὑπῆρχεν.</span> <span class='ocrx_word' id='word_1_286' title='bbox 1317 2394 1438 2462; x_wconf 82' lang='grc' dir='ltr'><strong>Ὑφ’</strong></span> <span class='ocrx_word' id='word_1_287' title='bbox 1473 2394 1573 2447; x_wconf 73' lang='grc' dir='ltr'>ἕνα</span> <span class='ocrx_word' id='word_1_288' title='bbox 1609 2394 1667 2448; x_wconf 83' lang='grc' dir='ltr'>δὲ</span> <span class='ocrx_word' id='word_1_289' title='bbox 1698 2394 1834 2465; x_wconf 81' lang='grc' dir='ltr'><strong>αὐτῇ</strong></span> 
     </span>
    </p>
   </div>
   <div class='ocr_carea' id='block_1_41' title="bbox 248 2482 1837 2558">
    <p class='ocr_par' dir='ltr' id='par_1_41' title="bbox 248 2482 1837 2558">
     <span class='ocr_line' id='line_1_41' title="bbox 248 2482 1837 2558; baseline -0.001 -17"><span class='ocrx_word' id='word_1_290' title='bbox 248 2489 446 2558; x_wconf 66' lang='grc' dir='ltr'>καιρὸν</span> <span class='ocrx_word' id='word_1_291' title='bbox 468 2487 685 2542; x_wconf 85' lang='grc' dir='ltr'>ἀπειλεῖ</span> <span class='ocrx_word' id='word_1_292' title='bbox 705 2484 894 2556; x_wconf 69' lang='grc' dir='ltr'>ἀνδρὸς</span> <span class='ocrx_word' id='word_1_293' title='bbox 920 2484 1176 2554; x_wconf 78' lang='grc' dir='ltr'>στέρησιν</span> <span class='ocrx_word' id='word_1_294' title='bbox 1201 2482 1296 2537; x_wconf 77' lang='grc' dir='ltr'>τοῦ</span> <span class='ocrx_word' id='word_1_295' title='bbox 1332 2484 1453 2538; x_wconf 79' lang='grc' dir='ltr'>καθ’</span> <span class='ocrx_word' id='word_1_296' title='bbox 1492 2484 1551 2537; x_wconf 88' lang='grc' dir='ltr'>ὃν</span> <span class='ocrx_word' id='word_1_297' title='bbox 1587 2484 1703 2554; x_wconf 81' lang='grc' dir='ltr'>ἥλω</span> <span class='ocrx_word' id='word_1_298' title='bbox 1739 2484 1837 2553; x_wconf 87' lang='grc' dir='ltr'><strong>βα-</strong></span> 
     </span>
    </p>
   </div>
   <div class='ocr_carea' id='block_1_42' title="bbox 249 2575 1838 2650">
    <p class='ocr_par' dir='ltr' id='par_1_42' title="bbox 249 2575 1838 2650">
     <span class='ocr_line' id='line_1_42' title="bbox 249 2575 1838 2650; baseline -0.002 -18"><span class='ocrx_word' id='word_1_299' title='bbox 249 2580 562 2641; x_wconf 78' lang='grc' dir='ltr'>σιλεύοντος</span> <span class='ocrx_word' id='word_1_300' title='bbox 586 2579 799 2650; x_wconf 73' lang='grc' dir='ltr'>χρόνον,</span> <span class='ocrx_word' id='word_1_301' title='bbox 841 2578 936 2630; x_wconf 77' lang='grc' dir='ltr'>καὶ</span> <span class='ocrx_word' id='word_1_302' title='bbox 975 2579 1182 2629; x_wconf 77' lang='grc' dir='ltr'>τέκνων</span> <span class='ocrx_word' id='word_1_303' title='bbox 1210 2575 1319 2629; x_wconf 82' lang='grc' dir='ltr'><strong>τῶν</strong></span> <span class='ocrx_word' id='word_1_304' title='bbox 1356 2575 1446 2627; x_wconf 80' lang='grc' dir='ltr'><strong>ὑπ’</strong></span> <span class='ocrx_word' id='word_1_305' title='bbox 1476 2576 1646 2645; x_wconf 80' lang='grc' dir='ltr'>αὐτῆς</span> <span class='ocrx_word' id='word_1_306' title='bbox 1682 2576 1838 2647; x_wconf 82' lang='grc' dir='ltr'>βασι·</span> 
     </span>
    </p>
   </div>
   <div class='ocr_carea' id='block_1_43' title="bbox 246 2668 1836 2743">
    <p class='ocr_par' dir='ltr' id='par_1_43' title="bbox 246 2668 1836 2743">
     <span class='ocr_line' id='line_1_43' title="bbox 246 2668 1836 2743; baseline -0.002 -17"><span class='ocrx_word' id='word_1_307' title='bbox 246 2673 587 2742; x_wconf 81' lang='grc' dir='ltr'>λευομὲνων,</span> <span class='ocrx_word' id='word_1_308' title='bbox 620 2673 651 2743; x_wconf 81' lang='grc' dir='ltr'>ἤ</span> <span class='ocrx_word' id='word_1_309' title='bbox 680 2671 907 2725; x_wconf 74' lang='grc' dir='ltr'>καὶτῶν</span> <span class='ocrx_word' id='word_1_310' title='bbox 948 2670 1115 2739; x_wconf 78' lang='grc' dir='ltr'>αὐτῆς</span> <span class='ocrx_word' id='word_1_311' title='bbox 1152 2668 1456 2739; x_wconf 80' lang='grc' dir='ltr'>οἰκητόρων</span> <span class='ocrx_word' id='word_1_312' title='bbox 1498 2669 1557 2721; x_wconf 83' lang='grc' dir='ltr'>ἐν</span> <span class='ocrx_word' id='word_1_313' title='bbox 1589 2671 1656 2738; x_wconf 81' lang='grc' dir='ltr'><strong>τῇ</strong></span> <span class='ocrx_word' id='word_1_314' title='bbox 1690 2668 1836 2739; x_wconf 81' lang='grc' dir='ltr'><strong>μάχῃ</strong></span> 
     </span>
    </p>
   </div>
   <div class='ocr_carea' id='block_1_44' title="bbox 249 2757 1840 2830">
    <p class='ocr_par' dir='ltr' id='par_1_44' title="bbox 249 2757 1840 2830">
     <span class='ocr_line' id='line_1_44' title="bbox 249 2757 1840 2830; baseline -0.006 -12"><span class='ocrx_word' id='word_1_315' title='bbox 249 2766 554 2818; x_wconf 79' lang='grc' dir='ltr'>πεσόντων.</span> <span class='ocrx_word' id='word_1_316' title='bbox 587 2765 661 2818; x_wconf 82' lang='grc' dir='ltr'><strong>Οὐ</strong></span> <span class='ocrx_word' id='word_1_317' title='bbox 694 2764 780 2816; x_wconf 72' lang='grc' dir='ltr'>διὰ</span> <span class='ocrx_word' id='word_1_318' title='bbox 808 2762 876 2814; x_wconf 75' lang='grc' dir='ltr'>τὰ</span> <span class='ocrx_word' id='word_1_319' title='bbox 900 2760 1270 2830; x_wconf 81' lang='grc' dir='ltr'>προλεχθέντα</span> <span class='ocrx_word' id='word_1_320' title='bbox 1301 2760 1357 2811; x_wconf 75' lang='grc' dir='ltr'>δέ</span> <span class='ocrx_word' id='word_1_321' title='bbox 1381 2776 1464 2810; x_wconf 87' lang='grc' dir='ltr'><strong>σοι</strong></span> <span class='ocrx_word' id='word_1_322' title='bbox 1492 2757 1666 2811; x_wconf 78' lang='grc' dir='ltr'>ταῦτα</span> <span class='ocrx_word' id='word_1_323' title='bbox 1703 2775 1840 2826; x_wconf 76' lang='grc' dir='ltr'>συμο</span> 
     </span>
    </p>
   </div>
   <div class='ocr_carea' id='block_1_45' title="bbox 249 2849 1840 2926">
    <p class='ocr_par' dir='ltr' id='par_1_45' title="bbox 249 2849 1840 2926">
     <span class='ocr_line' id='line_1_45' title="bbox 249 2849 1840 2926; baseline -0.005 -17"><span class='ocrx_word' id='word_1_324' title='bbox 249 2857 484 2926; x_wconf 71' lang='grc' dir='ltr'>ϐήσεται</span> <span class='ocrx_word' id='word_1_325' title='bbox 515 2856 675 2925; x_wconf 86' lang='grc' dir='ltr'>μόνον</span> <span class='ocrx_word' id='word_1_326' title='bbox 699 2872 711 2884; x_wconf 82' lang='grc'><strong>”</strong></span> <span class='ocrx_word' id='word_1_327' title='bbox 739 2854 855 2907; x_wconf 78' lang='grc' dir='ltr'>ἀλλ’</span> <span class='ocrx_word' id='word_1_328' title='bbox 887 2854 968 2906; x_wconf 85' lang='grc' dir='ltr'>ὅτι</span> <span class='ocrx_word' id='word_1_329' title='bbox 999 2852 1094 2904; x_wconf 68' lang='grc' dir='ltr'>καὶ</span> <span class='ocrx_word' id='word_1_330' title='bbox 1122 2852 1221 2915; x_wconf 77' lang='grc' dir='ltr'><strong>τας</strong></span> <span class='ocrx_word' id='word_1_331' title='bbox 1255 2850 1476 2913; x_wconf 75' lang='grc' dir='ltr'>ἐλπίδας</span> <span class='ocrx_word' id='word_1_332' title='bbox 1503 2851 1561 2902; x_wconf 77' lang='grc' dir='ltr'>ἐν</span> <span class='ocrx_word' id='word_1_333' title='bbox 1603 2849 1840 2919; x_wconf 73' lang='grc' dir='ltr'>ἐπῳδαῖς</span> 
     </span>
    </p>
   </div>
   <div class='ocr_carea' id='block_1_46' title="bbox 248 2941 1839 3017">
    <p class='ocr_par' dir='ltr' id='par_1_46' title="bbox 248 2941 1839 3017">
     <span class='ocr_line' id='line_1_46' title="bbox 248 2941 1839 3017; baseline -0.006 -17"><span class='ocrx_word' id='word_1_334' title='bbox 248 2948 377 3001; x_wconf 79' lang='grc' dir='ltr'>ἔθου</span> <span class='ocrx_word' id='word_1_335' title='bbox 404 2951 496 3000; x_wconf 76' lang='grc' dir='ltr'>καὶ</span> <span class='ocrx_word' id='word_1_336' title='bbox 543 2946 933 3017; x_wconf 77' lang='grc' dir='ltr'>φαρμακεῖαις.</span> <span class='ocrx_word' id='word_1_337' title='bbox 993 2943 1378 3014; x_wconf 85' lang='grc' dir='ltr'>Προλεγόντων</span> <span class='ocrx_word' id='word_1_338' title='bbox 1413 2941 1521 3009; x_wconf 86' lang='grc' dir='ltr'>γάρ</span> <span class='ocrx_word' id='word_1_339' title='bbox 1568 2958 1649 2994; x_wconf 94' lang='grc' dir='ltr'><strong>σοι</strong></span> <span class='ocrx_word' id='word_1_340' title='bbox 1682 2941 1839 3010; x_wconf 87' lang='grc' dir='ltr'>νίκην</span> 
     </span>
    </p>
   </div>
   <div class='ocr_carea' id='block_1_47' title="bbox 248 3035 1841 3107">
    <p class='ocr_par' dir='ltr' id='par_1_47' title="bbox 248 3035 1841 3107">
     <span class='ocr_line' id='line_1_47' title="bbox 248 3035 1841 3107; baseline -0.003 -17"><span class='ocrx_word' id='word_1_341' title='bbox 248 3040 363 3091; x_wconf 79' lang='grc' dir='ltr'>τῶν</span> <span class='ocrx_word' id='word_1_342' title='bbox 397 3039 537 3092; x_wconf 78' lang='grc' dir='ltr'>αὐτὰ</span> <span class='ocrx_word' id='word_1_343' title='bbox 577 3039 893 3107; x_wconf 82' lang='grc' dir='ltr'>μετιόντων,</span> <span class='ocrx_word' id='word_1_344' title='bbox 924 3038 1060 3107; x_wconf 72' lang='grc' dir='ltr'>πρὸς</span> <span class='ocrx_word' id='word_1_345' title='bbox 1096 3036 1259 3103; x_wconf 81' lang='grc' dir='ltr'>ὄγκον</span> <span class='ocrx_word' id='word_1_346' title='bbox 1294 3035 1522 3104; x_wconf 75' lang='grc' dir='ltr'>ἀρθεῖσα</span> <span class='ocrx_word' id='word_1_347' title='bbox 1558 3036 1841 3106; x_wconf 74' lang='grc' dir='ltr'>φρονήμα-</span> 
     </span>
    </p>
   </div>
   <div class='ocr_carea' id='block_1_48' title="bbox 248 3126 1841 3201">
    <p class='ocr_par' dir='ltr' id='par_1_48' title="bbox 248 3126 1841 3201">
     <span class='ocr_line' id='line_1_48' title="bbox 248 3126 1841 3201; baseline -0.006 -16"><span class='ocrx_word' id='word_1_348' title='bbox 248 3149 366 3195; x_wconf 85' lang='grc' dir='ltr'>τος,</span> <span class='ocrx_word' id='word_1_349' title='bbox 389 3131 525 3200; x_wconf 81' lang='grc' dir='ltr'>ὁμοῦ</span> <span class='ocrx_word' id='word_1_350' title='bbox 558 3132 653 3184; x_wconf 77' lang='grc' dir='ltr'>καὶ</span> <span class='ocrx_word' id='word_1_351' title='bbox 685 3134 750 3201; x_wconf 83' lang='grc' dir='ltr'>τῇ</span> <span class='ocrx_word' id='word_1_352' title='bbox 787 3130 1017 3198; x_wconf 87' lang='grc' dir='ltr'>δυνάμει</span> <span class='ocrx_word' id='word_1_353' title='bbox 1057 3126 1336 3199; x_wconf 69' lang='grc' dir='ltr'>θαρροῦσα</span> <span class='ocrx_word' id='word_1_354' title='bbox 1362 3168 1376 3189; x_wconf 88' lang='grc'><strong>,</strong></span> <span class='ocrx_word' id='word_1_355' title='bbox 1417 3127 1513 3179; x_wconf 72' lang='grc' dir='ltr'>καὶ</span> <span class='ocrx_word' id='word_1_356' title='bbox 1540 3126 1640 3196; x_wconf 82' lang='grc' dir='ltr'>τὴν</span> <span class='ocrx_word' id='word_1_357' title='bbox 1666 3126 1841 3196; x_wconf 83' lang='grc' dir='ltr'>ἀρχὴν</span> 
     </span>
    </p>
   </div>
   <div class='ocr_carea' id='block_1_49' title="bbox 1941 2032 3517 2103">
    <p class='ocr_par' dir='ltr' id='par_1_49' title="bbox 1941 2032 3517 2103">
     <span class='ocr_line' id='line_1_49' title="bbox 1941 2032 3517 2103; baseline 0.004 -18"><span class='ocrx_word' id='word_1_358' title='bbox 1941 2032 2077 2099; x_wconf 85' lang='lat' dir='ltr'><strong>Quia</strong></span> <span class='ocrx_word' id='word_1_359' title='bbox 2111 2048 2211 2102; x_wconf 88' lang='lat' dir='ltr'><strong>ego</strong></span> <span class='ocrx_word' id='word_1_360' title='bbox 2267 2032 2438 2087; x_wconf 87' lang='lat' dir='ltr'><strong>iratus</strong></span> <span class='ocrx_word' id='word_1_361' title='bbox 2481 2047 2600 2088; x_wconf 92' lang='lat' dir='ltr'><strong>sum</strong></span> <span class='ocrx_word' id='word_1_362' title='bbox 2632 2048 2847 2103; x_wconf 87' lang='lat' dir='ltr'><strong>parum,</strong></span> <span class='ocrx_word' id='word_1_363' title='bbox 2909 2034 3012 2103; x_wconf 90' lang='lat' dir='ltr'><strong>ipsi</strong></span> <span class='ocrx_word' id='word_1_364' title='bbox 3067 2035 3395 2092; x_wconf 87' lang='lat' dir='ltr'><strong>addiderunt</strong></span> <span class='ocrx_word' id='word_1_365' title='bbox 3451 2040 3517 2092; x_wconf 90' lang='lat' dir='ltr'><strong>ad</strong></span> 
     </span>
    </p>
   </div>
   <div class='ocr_carea' id='block_1_50' title="bbox 1940 2124 3517 2197">
    <p class='ocr_par' dir='ltr' id='par_1_50' title="bbox 1940 2124 3517 2197">
     <span class='ocr_line' id='line_1_50' title="bbox 1940 2124 3517 2197; baseline 0.003 -20"><span class='ocrx_word' id='word_1_366' title='bbox 1940 2124 2080 2178; x_wconf 88' lang='lat' dir='ltr'><strong>mala</strong></span> <span class='ocrx_word' id='word_1_367' title='bbox 2114 2124 2215 2177; x_wconf 79' lang='grc'><strong>⁷³.»</strong></span> <span class='ocrx_word' id='word_1_368' title='bbox 2253 2124 2319 2177; x_wconf 85' lang='lat' dir='ltr'><strong>At</strong></span> <span class='ocrx_word' id='word_1_369' title='bbox 2351 2134 2403 2179; x_wconf 91' lang='lat' dir='ltr'><strong>te</strong></span> <span class='ocrx_word' id='word_1_370' title='bbox 2424 2124 2633 2178; x_wconf 87' lang='lat' dir='ltr'><strong>diutius</strong></span> <span class='ocrx_word' id='word_1_371' title='bbox 2674 2128 3295 2197; x_wconf 78' lang='lat' dir='ltr'><strong>regnaturamarbitrata</strong></span> <span class='ocrx_word' id='word_1_372' title='bbox 3323 2146 3402 2193; x_wconf 88' lang='lat' dir='ltr'><strong>es,</strong></span> <span class='ocrx_word' id='word_1_373' title='bbox 3432 2131 3517 2183; x_wconf 91' lang='lat' dir='ltr'><strong>in-</strong></span> 
     </span>
    </p>
   </div>
   <div class='ocr_carea' id='block_1_51' title="bbox 1940 2215 3518 2285">
    <p class='ocr_par' dir='ltr' id='par_1_51' title="bbox 1940 2215 3518 2285">
     <span class='ocr_line' id='line_1_51' title="bbox 1940 2215 3518 2285; baseline 0.006 -18"><span class='ocrx_word' id='word_1_374' title='bbox 1940 2215 2075 2285; x_wconf 90' lang='lat' dir='ltr'><strong>quit,</strong></span> <span class='ocrx_word' id='word_1_375' title='bbox 2116 2225 2171 2268; x_wconf 91' lang='lat' dir='ltr'><strong>ut</strong></span> <span class='ocrx_word' id='word_1_376' title='bbox 2216 2217 2467 2283; x_wconf 75' lang='lat' dir='ltr'><strong>prmsenti</strong></span> <span class='ocrx_word' id='word_1_377' title='bbox 2500 2233 2679 2271; x_wconf 90' lang='lat' dir='ltr'><strong>rerum</strong></span> <span class='ocrx_word' id='word_1_378' title='bbox 2714 2221 2996 2274; x_wconf 83' lang='lat' dir='ltr'><strong>successui</strong></span> <span class='ocrx_word' id='word_1_379' title='bbox 3046 2236 3157 2275; x_wconf 92' lang='lat' dir='ltr'><strong>non</strong></span> <span class='ocrx_word' id='word_1_380' title='bbox 3193 2237 3315 2277; x_wconf 87' lang='lat' dir='ltr'><strong>esse</strong></span> <span class='ocrx_word' id='word_1_381' title='bbox 3351 2222 3518 2278; x_wconf 86' lang='lat' dir='ltr'><strong>conli-</strong></span> 
     </span>
    </p>
   </div>
   <div class='ocr_carea' id='block_1_52' title="bbox 1938 2306 3516 2383">
    <p class='ocr_par' dir='ltr' id='par_1_52' title="bbox 1938 2306 3516 2383">
     <span class='ocr_line' id='line_1_52' title="bbox 1938 2306 3516 2383; baseline 0.005 -25"><span class='ocrx_word' id='word_1_382' title='bbox 1938 2306 2196 2369; x_wconf 87' lang='lat' dir='ltr'><strong>dcndum,</strong></span> <span class='ocrx_word' id='word_1_383' title='bbox 2235 2307 2329 2361; x_wconf 91' lang='lat' dir='ltr'><strong>sed</strong></span> <span class='ocrx_word' id='word_1_384' title='bbox 2360 2307 2571 2373; x_wconf 84' lang='lat' dir='ltr'><strong>ultima,</strong></span> <span class='ocrx_word' id='word_1_385' title='bbox 2610 2317 2662 2363; x_wconf 91' lang='lat' dir='ltr'><strong>ct</strong></span> <span class='ocrx_word' id='word_1_386' title='bbox 2686 2325 2808 2380; x_wconf 79' lang='lat' dir='ltr'><strong>quae</strong></span> <span class='ocrx_word' id='word_1_387' title='bbox 2832 2311 3091 2383; x_wconf 89' lang='lat' dir='ltr'><strong>deinceps</strong></span> <span class='ocrx_word' id='word_1_388' title='bbox 3127 2312 3324 2368; x_wconf 70' lang='lat' dir='ltr'><strong>futura:</strong></span> <span class='ocrx_word' id='word_1_389' title='bbox 3366 2328 3516 2379; x_wconf 87' lang='lat' dir='ltr'><strong>sunt,</strong></span> 
     </span>
    </p>
   </div>
   <div class='ocr_carea' id='block_1_53' title="bbox 1939 2398 3521 2471">
    <p class='ocr_par' dir='ltr' id='par_1_53' title="bbox 1939 2398 3521 2471">
     <span class='ocr_line' id='line_1_53' title="bbox 1939 2398 3521 2471; baseline 0.005 -19"><span class='ocrx_word' id='word_1_390' title='bbox 1939 2398 2273 2452; x_wconf 81' lang='lat' dir='ltr'><strong>mutationes</strong></span> <span class='ocrx_word' id='word_1_391' title='bbox 2317 2406 2575 2469; x_wconf 87' lang='lat' dir='ltr'><strong>oportere</strong></span> <span class='ocrx_word' id='word_1_392' title='bbox 2620 2401 2901 2471; x_wconf 63' lang='lat' dir='ltr'><strong>praevideri</strong></span> <span class='ocrx_word' id='word_1_393' title='bbox 2938 2402 3362 2460; x_wconf 87' lang='lat' dir='ltr'><strong>demonstraret.</strong></span> <span class='ocrx_word' id='word_1_394' title='bbox 3416 2406 3521 2460; x_wconf 81' lang='lat' dir='ltr'><strong>De-</strong></span> 
     </span>
    </p>
   </div>
   <div class='ocr_carea' id='block_1_54' title="bbox 1940 2489 3517 2566">
    <p class='ocr_par' dir='ltr' id='par_1_54' title="bbox 1940 2489 3517 2566">
     <span class='ocr_line' id='line_1_54' title="bbox 1940 2489 3517 2566; baseline 0.008 -25"><span class='ocrx_word' id='word_1_395' title='bbox 1940 2491 2321 2543; x_wconf 87' lang='lat' dir='ltr'><strong>monstrabant</strong></span> <span class='ocrx_word' id='word_1_396' title='bbox 2354 2505 2484 2544; x_wconf 89' lang='lat' dir='ltr'><strong>vero</strong></span> <span class='ocrx_word' id='word_1_397' title='bbox 2519 2489 2629 2546; x_wconf 68' lang='lat' dir='ltr'><strong>haec</strong></span> <span class='ocrx_word' id='word_1_398' title='bbox 2664 2507 2850 2545; x_wconf 92' lang='lat' dir='ltr'><strong>eorum</strong></span> <span class='ocrx_word' id='word_1_399' title='bbox 2884 2494 2977 2560; x_wconf 89' lang='lat' dir='ltr'><strong>qni</strong></span> <span class='ocrx_word' id='word_1_400' title='bbox 3014 2494 3067 2548; x_wconf 91' lang='lat' dir='ltr'><strong>in</strong></span> <span class='ocrx_word' id='word_1_401' title='bbox 3101 2510 3163 2551; x_wconf 89' lang='lat' dir='ltr'><strong>ea</strong></span> <span class='ocrx_word' id='word_1_402' title='bbox 3197 2508 3517 2566; x_wconf 83' lang='lat' dir='ltr'><strong>regnarunt.</strong></span> 
     </span>
    </p>
   </div>
   <div class='ocr_carea' id='block_1_55' title="bbox 1942 2581 3523 2660">
    <p class='ocr_par' dir='ltr' id='par_1_55' title="bbox 1942 2581 3523 2660">
     <span class='ocr_line' id='line_1_55' title="bbox 1942 2581 3523 2660; baseline 0.005 -23"><span class='ocrx_word' id='word_1_403' title='bbox 1942 2582 2331 2653; x_wconf 82' lang='lat' dir='ltr'><strong>arrogantiam.</strong></span> <span class='ocrx_word' id='word_1_404' title='bbox 2366 2581 2426 2637; x_wconf 87' lang='lat' dir='ltr'><strong>Ei</strong></span> <span class='ocrx_word' id='word_1_405' title='bbox 2468 2599 2632 2653; x_wconf 85' lang='lat' dir='ltr'><strong>porro</strong></span> <span class='ocrx_word' id='word_1_406' title='bbox 2672 2600 2782 2639; x_wconf 92' lang='lat' dir='ltr'><strong>uno</strong></span> <span class='ocrx_word' id='word_1_407' title='bbox 2819 2586 3122 2657; x_wconf 86' lang='lat' dir='ltr'><strong>eodemque</strong></span> <span class='ocrx_word' id='word_1_408' title='bbox 3167 2597 3430 2660; x_wconf 88' lang='lat' dir='ltr'><strong>tempore,</strong></span> <span class='ocrx_word' id='word_1_409' title='bbox 3467 2602 3523 2644; x_wconf 79' lang='lat' dir='ltr'><strong>et</strong></span> 
     </span>
    </p>
   </div>
   <div class='ocr_carea' id='block_1_56' title="bbox 1940 2674 3523 2745">
    <p class='ocr_par' dir='ltr' id='par_1_56' title="bbox 1940 2674 3523 2745">
     <span class='ocr_line' id='line_1_56' title="bbox 1940 2674 3523 2745; baseline 0.005 -19"><span class='ocrx_word' id='word_1_410' title='bbox 1940 2674 2187 2743; x_wconf 87' lang='lat' dir='ltr'><strong>viri,.qui</strong></span> <span class='ocrx_word' id='word_1_411' title='bbox 2220 2674 2350 2727; x_wconf 90' lang='lat' dir='ltr'><strong>dum</strong></span> <span class='ocrx_word' id='word_1_412' title='bbox 2375 2683 2530 2742; x_wconf 88' lang='lat' dir='ltr'><strong>capta</strong></span> <span class='ocrx_word' id='word_1_413' title='bbox 2566 2685 2650 2730; x_wconf 87' lang='lat' dir='ltr'><strong>est</strong></span> <span class='ocrx_word' id='word_1_414' title='bbox 2672 2675 2954 2745; x_wconf 82' lang='lat' dir='ltr'><strong>regnabat,</strong></span> <span class='ocrx_word' id='word_1_415' title='bbox 2986 2686 3039 2731; x_wconf 89' lang='lat' dir='ltr'><strong>et</strong></span> <span class='ocrx_word' id='word_1_416' title='bbox 3070 2677 3394 2743; x_wconf 88' lang='lat' dir='ltr'><strong>liberorum,</strong></span> <span class='ocrx_word' id='word_1_417' title='bbox 3427 2691 3523 2734; x_wconf 84' lang='lat' dir='ltr'><strong>aut</strong></span> 
     </span>
    </p>
   </div>
   <div class='ocr_carea' id='block_1_57' title="bbox 1941 2763 3520 2834">
    <p class='ocr_par' dir='ltr' id='par_1_57' title="bbox 1941 2763 3520 2834">
     <span class='ocr_line' id='line_1_57' title="bbox 1941 2763 3520 2834; baseline 0.002 -13"><span class='ocrx_word' id='word_1_418' title='bbox 1941 2767 2102 2821; x_wconf 84' lang='lat' dir='ltr'><strong>etiam</strong></span> <span class='ocrx_word' id='word_1_419' title='bbox 2133 2763 2360 2827; x_wconf 86' lang='lat' dir='ltr'><strong>civium,</strong></span> <span class='ocrx_word' id='word_1_420' title='bbox 2395 2764 2488 2834; x_wconf 91' lang='lat' dir='ltr'><strong>qui</strong></span> <span class='ocrx_word' id='word_1_421' title='bbox 2524 2765 2577 2819; x_wconf 94' lang='lat' dir='ltr'><strong>in</strong></span> <span class='ocrx_word' id='word_1_422' title='bbox 2622 2764 2738 2818; x_wconf 83' lang='lat' dir='ltr'><strong>acie</strong></span> <span class='ocrx_word' id='word_1_423' title='bbox 2782 2766 2965 2821; x_wconf 79' lang='lat' dir='ltr'><strong>casuri</strong></span> <span class='ocrx_word' id='word_1_424' title='bbox 2996 2775 3202 2831; x_wconf 83' lang='lat' dir='ltr'><strong>essent,</strong></span> <span class='ocrx_word' id='word_1_425' title='bbox 3240 2768 3520 2824; x_wconf 88' lang='lat' dir='ltr'><strong>interitum</strong></span> 
     </span>
    </p>
   </div>
   <div class='ocr_carea' id='block_1_58' title="bbox 1945 2854 3519 2931">
    <p class='ocr_par' dir='ltr' id='par_1_58' title="bbox 1945 2854 3519 2931">
     <span class='ocr_line' id='line_1_58' title="bbox 1945 2854 3519 2931; baseline 0.006 -25"><span class='ocrx_word' id='word_1_426' title='bbox 1945 2857 2245 2909; x_wconf 84' lang='lat' dir='ltr'><strong>minitatur.</strong></span> <span class='ocrx_word' id='word_1_427' title='bbox 2282 2854 2470 2926; x_wconf 81' lang='lat' dir='ltr'><strong>Neque</strong></span> <span class='ocrx_word' id='word_1_428' title='bbox 2501 2866 2681 2911; x_wconf 89' lang='lat' dir='ltr'><strong>tamen</strong></span> <span class='ocrx_word' id='word_1_429' title='bbox 2733 2858 2833 2913; x_wconf 87' lang='lat' dir='ltr'><strong>ista</strong></span> <span class='ocrx_word' id='word_1_430' title='bbox 2871 2858 2925 2912; x_wconf 93' lang='lat' dir='ltr'><strong>in</strong></span> <span class='ocrx_word' id='word_1_431' title='bbox 2972 2867 3024 2913; x_wconf 89' lang='lat' dir='ltr'><strong>te</strong></span> <span class='ocrx_word' id='word_1_432' title='bbox 3072 2860 3275 2925; x_wconf 87' lang='lat' dir='ltr'><strong>solum,</strong></span> <span class='ocrx_word' id='word_1_433' title='bbox 3320 2862 3519 2931; x_wconf 90' lang='lat' dir='ltr'><strong>inquit,</strong></span> 
     </span>
    </p>
   </div>
   <div class='ocr_carea' id='block_1_59' title="bbox 1944 2949 3523 3019">
    <p class='ocr_par' dir='ltr' id='par_1_59' title="bbox 1944 2949 3523 3019">
     <span class='ocr_line' id='line_1_59' title="bbox 1944 2949 3523 3019; baseline 0.006 -21"><span class='ocrx_word' id='word_1_434' title='bbox 1944 2956 2163 3017; x_wconf 79' lang='lat' dir='ltr'><strong>propter</strong></span> <span class='ocrx_word' id='word_1_435' title='bbox 2182 2962 2266 3010; x_wconf 88' lang='lat' dir='ltr'><strong>ea,</strong></span> <span class='ocrx_word' id='word_1_436' title='bbox 2300 2962 2421 3017; x_wconf 69' lang='lat' dir='ltr'><strong>quae</strong></span> <span class='ocrx_word' id='word_1_437' title='bbox 2458 2959 2583 3003; x_wconf 89' lang='lat' dir='ltr'><strong>ante</strong></span> <span class='ocrx_word' id='word_1_438' title='bbox 2603 2949 2749 3003; x_wconf 87' lang='lat' dir='ltr'><strong>dicta</strong></span> <span class='ocrx_word' id='word_1_439' title='bbox 2778 2960 2927 3017; x_wconf 87' lang='lat' dir='ltr'><strong>sunt,</strong></span> <span class='ocrx_word' id='word_1_440' title='bbox 2960 2960 3189 3005; x_wconf 87' lang='lat' dir='ltr'><strong>ventura</strong></span> <span class='ocrx_word' id='word_1_441' title='bbox 3227 2961 3392 3019; x_wconf 89' lang='lat' dir='ltr'><strong>sunt;</strong></span> <span class='ocrx_word' id='word_1_442' title='bbox 3425 2954 3523 3009; x_wconf 86' lang='lat' dir='ltr'><strong>sed</strong></span> 
     </span>
    </p>
   </div>
   <div class='ocr_carea' id='block_1_60' title="bbox 1944 3041 3525 3110">
    <p class='ocr_par' dir='ltr' id='par_1_60' title="bbox 1944 3041 3525 3110">
     <span class='ocr_line' id='line_1_60' title="bbox 1944 3041 3525 3110; baseline 0.005 -16"><span class='ocrx_word' id='word_1_443' title='bbox 1944 3041 2067 3095; x_wconf 85' lang='lat' dir='ltr'><strong>ideo</strong></span> <span class='ocrx_word' id='word_1_444' title='bbox 2093 3041 2257 3095; x_wconf 89' lang='lat' dir='ltr'><strong>etiam</strong></span> <span class='ocrx_word' id='word_1_445' title='bbox 2295 3041 2440 3110; x_wconf 91' lang='lat' dir='ltr'><strong>quod</strong></span> <span class='ocrx_word' id='word_1_446' title='bbox 2469 3057 2593 3109; x_wconf 86' lang='lat' dir='ltr'><strong>spes</strong></span> <span class='ocrx_word' id='word_1_447' title='bbox 2620 3051 2744 3098; x_wconf 89' lang='lat' dir='ltr'><strong>tuas</strong></span> <span class='ocrx_word' id='word_1_448' title='bbox 2769 3043 2822 3099; x_wconf 91' lang='lat' dir='ltr'><strong>in</strong></span> <span class='ocrx_word' id='word_1_449' title='bbox 2851 3044 3320 3101; x_wconf 86' lang='lat' dir='ltr'><strong>incantationibus</strong></span> <span class='ocrx_word' id='word_1_450' title='bbox 3349 3053 3404 3101; x_wconf 90' lang='lat' dir='ltr'><strong>et</strong></span> <span class='ocrx_word' id='word_1_451' title='bbox 3433 3061 3525 3102; x_wconf 87' lang='lat' dir='ltr'><strong>vc-</strong></span> 
     </span>
    </p>
   </div>
   <div class='ocr_carea' id='block_1_61' title="bbox 1947 3131 3525 3208">
    <p class='ocr_par' dir='ltr' id='par_1_61' title="bbox 1947 3131 3525 3208">
     <span class='ocr_line' id='line_1_61' title="bbox 1947 3131 3525 3208; baseline 0.005 -22"><span class='ocrx_word' id='word_1_452' title='bbox 1947 3131 2158 3187; x_wconf 82' lang='lat' dir='ltr'><strong>ncliciis</strong></span> <span class='ocrx_word' id='word_1_453' title='bbox 2200 3134 2335 3189; x_wconf 88' lang='lat' dir='ltr'><strong>sitas</strong></span> <span class='ocrx_word' id='word_1_454' title='bbox 2375 3132 2540 3205; x_wconf 80' lang='lat'><strong>536</strong></span> <span class='ocrx_word' id='word_1_455' title='bbox 2595 3134 2872 3191; x_wconf 87' lang='lat' dir='ltr'><strong>habueris.</strong></span> <span class='ocrx_word' id='word_1_456' title='bbox 2910 3136 3043 3190; x_wconf 87' lang='lat' dir='ltr'><strong>Cum</strong></span> <span class='ocrx_word' id='word_1_457' title='bbox 3074 3137 3219 3191; x_wconf 91' lang='lat' dir='ltr'><strong>enim</strong></span> <span class='ocrx_word' id='word_1_458' title='bbox 3266 3153 3433 3208; x_wconf 89' lang='lat' dir='ltr'><strong>penes</strong></span> <span class='ocrx_word' id='word_1_459' title='bbox 3474 3147 3525 3194; x_wconf 87' lang='lat' dir='ltr'><strong>te</strong></span> 
     </span>
    </p>
   </div>
   <div class='ocr_carea' id='block_1_62' title="bbox 248 3218 1931 3315">
    <p class='ocr_par' dir='ltr' id='par_1_62' title="bbox 248 3218 1913 3315">
     <span class='ocr_line' id='line_1_62' title="bbox 248 3218 1913 3315; baseline -0.005 -38"><span class='ocrx_word' id='word_1_460' title='bbox 248 3226 358 3279; x_wconf 76' lang='grc' dir='ltr'>οὐκ</span> <span class='ocrx_word' id='word_1_461' title='bbox 389 3225 612 3294; x_wconf 76' lang='grc' dir='ltr'>οἰομένη</span> <span class='ocrx_word' id='word_1_462' title='bbox 645 3223 880 3293; x_wconf 86' lang='grc' dir='ltr'>κρείττω</span> <span class='ocrx_word' id='word_1_463' title='bbox 906 3221 1195 3291; x_wconf 71' lang='grc' dir='ltr'>φανεῖσθαι</span> <span class='ocrx_word' id='word_1_464' title='bbox 1239 3221 1339 3289; x_wconf 84' lang='grc' dir='ltr'>τὴν</span> <span class='ocrx_word' id='word_1_465' title='bbox 1370 3219 1665 3289; x_wconf 83' lang='grc' dir='ltr'>Περσικὴν,</span> <span class='ocrx_word' id='word_1_466' title='bbox 1704 3218 1836 3285; x_wconf 72' lang='grc' dir='ltr'>ἔφαο</span> <span class='ocrx_word' id='word_1_467' title='bbox 1871 3258 1913 3315; x_wconf 78' lang='lat' dir='ltr'>c</span> 
     </span>
    </p>
   </div>
   <div class='ocr_carea' id='block_1_63' title="bbox 1841 3218 3524 3315">
    <p class='ocr_par' dir='ltr' id='par_1_63' title="bbox 1871 3218 3524 3315">
     <span class='ocr_line' id='line_1_63' title="bbox 1871 3218 3524 3315; baseline 0.007 -44"><span class='ocrx_word' id='word_1_468' title='bbox 1871 3258 1913 3315; x_wconf 67' lang='grc' dir='ltr'>ο</span> <span class='ocrx_word' id='word_1_469' title='bbox 1952 3218 2066 3275; x_wconf 80' lang='lat' dir='ltr'><strong>fore</strong></span> <span class='ocrx_word' id='word_1_470' title='bbox 2092 3223 2375 3276; x_wconf 87' lang='lat' dir='ltr'><strong>victoriam</strong></span> <span class='ocrx_word' id='word_1_471' title='bbox 2399 3224 2781 3292; x_wconf 69' lang='lat' dir='ltr'><strong>praedicerent,</strong></span> <span class='ocrx_word' id='word_1_472' title='bbox 2805 3226 2894 3294; x_wconf 88' lang='lat' dir='ltr'><strong>qui</strong></span> <span class='ocrx_word' id='word_1_473' title='bbox 2928 3240 2990 3280; x_wconf 89' lang='lat' dir='ltr'><strong>ea</strong></span> <span class='ocrx_word' id='word_1_474' title='bbox 3020 3225 3282 3290; x_wconf 85' lang='lat' dir='ltr'><strong>adibant;</strong></span> <span class='ocrx_word' id='word_1_475' title='bbox 3311 3236 3524 3283; x_wconf 90' lang='lat' dir='ltr'><strong>tantum</strong></span> 
     </span>
    </p>
   </div>
   <div class='ocr_carea' id='block_1_64' title="bbox 252 3311 1841 3383">
    <p class='ocr_par' dir='ltr' id='par_1_64' title="bbox 252 3311 1841 3383">
     <span class='ocr_line' id='line_1_64' title="bbox 252 3311 1841 3383; baseline -0.004 -15"><span class='ocrx_word' id='word_1_476' title='bbox 252 3333 387 3379; x_wconf 88' lang='grc' dir='ltr'>σκες</span> <span class='ocrx_word' id='word_1_477' title='bbox 406 3332 418 3345; x_wconf 88' lang='grc'>·</span> <span class='ocrx_word' id='word_1_478' title='bbox 466 3314 613 3383; x_wconf 81' lang='grc' dir='ltr'><strong>Ἐγώ</strong></span> <span class='ocrx_word' id='word_1_479' title='bbox 632 3317 769 3382; x_wconf 76' lang='grc' dir='ltr'>εἰμι,</span> <span class='ocrx_word' id='word_1_480' title='bbox 801 3314 898 3366; x_wconf 77' lang='grc' dir='ltr'>καὶ</span> <span class='ocrx_word' id='word_1_481' title='bbox 927 3315 1036 3366; x_wconf 72' lang='grc' dir='ltr'>οὐκ</span> <span class='ocrx_word' id='word_1_482' title='bbox 1068 3313 1239 3365; x_wconf 78' lang='grc' dir='ltr'>ἔστιν</span> <span class='ocrx_word' id='word_1_483' title='bbox 1261 3311 1453 3378; x_wconf 83' lang='grc' dir='ltr'>ἑτέρα,</span> <span class='ocrx_word' id='word_1_484' title='bbox 1489 3314 1608 3373; x_wconf 85' lang='grc' dir='ltr'>ταῖς</span> <span class='ocrx_word' id='word_1_485' title='bbox 1639 3315 1701 3364; x_wconf 82' lang='grc' dir='ltr'>ὲκ</span> <span class='ocrx_word' id='word_1_486' title='bbox 1721 3311 1841 3363; x_wconf 84' lang='grc' dir='ltr'>δαι-</span> 
     </span>
    </p>
   </div>
   <div class='ocr_carea' id='block_1_65' title="bbox 255 3401 1838 3476">
    <p class='ocr_par' dir='ltr' id='par_1_65' title="bbox 255 3401 1838 3476">
     <span class='ocr_line' id='line_1_65' title="bbox 255 3401 1838 3476; baseline -0.003 -17"><span class='ocrx_word' id='word_1_487' title='bbox 255 3408 438 3476; x_wconf 73' lang='grc' dir='ltr'>μόνων</span> <span class='ocrx_word' id='word_1_488' title='bbox 495 3406 802 3476; x_wconf 65' lang='grc' dir='ltr'>μαντείαις,</span> <span class='ocrx_word' id='word_1_489' title='bbox 835 3405 928 3457; x_wconf 70' lang='grc' dir='ltr'>καὶ</span> <span class='ocrx_word' id='word_1_490' title='bbox 977 3407 1098 3466; x_wconf 85' lang='grc' dir='ltr'>ταῖς</span> <span class='ocrx_word' id='word_1_491' title='bbox 1132 3404 1190 3470; x_wconf 77' lang='grc' dir='ltr'><strong>ἐξ</strong></span> <span class='ocrx_word' id='word_1_492' title='bbox 1224 3404 1440 3473; x_wconf 77' lang='grc' dir='ltr'>ἄστρων</span> <span class='ocrx_word' id='word_1_493' title='bbox 1493 3401 1838 3473; x_wconf 79' lang='grc' dir='ltr'>θαῤῥήσασα.</span> 
     </span>
    </p>
   </div>
   <div class='ocr_carea' id='block_1_66' title="bbox 253 3464 1842 3567">
    <p class='ocr_par' dir='ltr' id='par_1_66' title="bbox 253 3464 1842 3567">
     <span class='ocr_line' id='line_1_66' title="bbox 253 3464 1842 3567; baseline -0.003 -17"><span class='ocrx_word' id='word_1_494' title='bbox 253 3464 368 3551; x_wconf 62' lang='lat' dir='ltr'><strong>kat</strong></span> <span class='ocrx_word' id='word_1_495' title='bbox 396 3464 507 3567; x_wconf 45' lang='lat' dir='ltr'><strong>silv.</strong></span> <span class='ocrx_word' id='word_1_496' title='bbox 525 3464 619 3549; x_wconf 63' lang='grc' dir='ltr'>ιτὶι</span> <span class='ocrx_word' id='word_1_497' title='bbox 648 3464 898 3565; x_wconf 74' lang='grc' dir='ltr'>δαίμοσιν</span> <span class='ocrx_word' id='word_1_498' title='bbox 933 3464 1125 3548; x_wconf 78' lang='grc' dir='ltr'>ἐλπίδα</span> <span class='ocrx_word' id='word_1_499' title='bbox 1149 3464 1434 3561; x_wconf 51' lang='grc' dir='ltr'>,πομπείαν</span> <span class='ocrx_word' id='word_1_500' title='bbox 1460 3464 1636 3548; x_wconf 64' lang='grc' dir='ltr'>καλεί.</span> <span class='ocrx_word' id='word_1_501' title='bbox 1659 3464 1842 3547; x_wconf 46' lang='grc' dir='ltr'>’Ἄπο-</span> 
     </span>
    </p>
   </div>
   <div class='ocr_carea' id='block_1_67' title="bbox 254 3584 1841 3659">
    <p class='ocr_par' dir='ltr' id='par_1_67' title="bbox 254 3584 1841 3659">
     <span class='ocr_line' id='line_1_67' title="bbox 254 3584 1841 3659; baseline -0.003 -18"><span class='ocrx_word' id='word_1_502' title='bbox 254 3589 490 3659; x_wconf 85' lang='grc' dir='ltr'>στατικὴ</span> <span class='ocrx_word' id='word_1_503' title='bbox 517 3589 627 3658; x_wconf 84' lang='grc' dir='ltr'>γάρ</span> <span class='ocrx_word' id='word_1_504' title='bbox 657 3589 773 3640; x_wconf 72' lang='grc' dir='ltr'>ἐστι</span> <span class='ocrx_word' id='word_1_505' title='bbox 799 3586 957 3639; x_wconf 73' lang='grc' dir='ltr'>Θεοῦ.</span> <span class='ocrx_word' id='word_1_506' title='bbox 993 3588 1134 3640; x_wconf 80' lang='grc' dir='ltr'>Πᾰσι</span> <span class='ocrx_word' id='word_1_507' title='bbox 1160 3586 1269 3656; x_wconf 77' lang='grc' dir='ltr'>γὰρ</span> <span class='ocrx_word' id='word_1_508' title='bbox 1298 3584 1607 3655; x_wconf 82' lang='grc' dir='ltr'>ἀνθρώποις</span> <span class='ocrx_word' id='word_1_509' title='bbox 1638 3586 1671 3656; x_wconf 80' lang='grc' dir='ltr'>ἡ</span> <span class='ocrx_word' id='word_1_510' title='bbox 1707 3585 1841 3653; x_wconf 79' lang='grc' dir='ltr'>πρὸς</span> 
     </span>
    </p>
   </div>
   <div class='ocr_carea' id='block_1_68' title="bbox 250 3676 1842 3747">
    <p class='ocr_par' dir='ltr' id='par_1_68' title="bbox 250 3676 1842 3747">
     <span class='ocr_line' id='line_1_68' title="bbox 250 3676 1842 3747; baseline -0.003 -15"><span class='ocrx_word' id='word_1_511' title='bbox 250 3680 390 3732; x_wconf 68' lang='grc' dir='ltr'>Θεὸν</span> <span class='ocrx_word' id='word_1_512' title='bbox 413 3680 690 3742; x_wconf 80' lang='grc' dir='ltr'>οἰκείωσις</span> <span class='ocrx_word' id='word_1_513' title='bbox 721 3679 863 3732; x_wconf 81' lang='grc' dir='ltr'>κατὰ</span> <span class='ocrx_word' id='word_1_514' title='bbox 895 3676 1081 3747; x_wconf 72' lang='grc' dir='ltr'>φύσιν,</span> <span class='ocrx_word' id='word_1_515' title='bbox 1115 3679 1147 3747; x_wconf 81' lang='grc' dir='ltr'><strong>ή</strong></span> <span class='ocrx_word' id='word_1_516' title='bbox 1176 3678 1233 3730; x_wconf 77' lang='grc' dir='ltr'>δὲ</span> <span class='ocrx_word' id='word_1_517' title='bbox 1262 3677 1401 3747; x_wconf 64' lang='grc' dir='ltr'>πρὶς</span> <span class='ocrx_word' id='word_1_518' title='bbox 1445 3676 1705 3747; x_wconf 83' lang='grc' dir='ltr'>δαίμονας</span> <span class='ocrx_word' id='word_1_519' title='bbox 1749 3676 1842 3730; x_wconf 85' lang='grc' dir='ltr'><strong>ἀλ-</strong></span> 
     </span>
    </p>
   </div>
   <div class='ocr_carea' id='block_1_69' title="bbox 253 3768 1848 3843">
    <p class='ocr_par' dir='ltr' id='par_1_69' title="bbox 253 3768 1848 3843">
     <span class='ocr_line' id='line_1_69' title="bbox 253 3768 1848 3843; baseline -0.003 -16"><span class='ocrx_word' id='word_1_520' title='bbox 253 3773 471 3843; x_wconf 84' lang='grc' dir='ltr'>λοτρία,</span> <span class='ocrx_word' id='word_1_521' title='bbox 522 3773 622 3841; x_wconf 79' lang='grc' dir='ltr'>τὴν</span> <span class='ocrx_word' id='word_1_522' title='bbox 674 3770 879 3825; x_wconf 80' lang='grc' dir='ltr'>τούτων</span> <span class='ocrx_word' id='word_1_523' title='bbox 920 3771 1054 3839; x_wconf 64' lang='grc' dir='ltr'>πρὸς</span> <span class='ocrx_word' id='word_1_524' title='bbox 1081 3769 1403 3839; x_wconf 76' lang='grc' dir='ltr'>ἀνθρώπους</span> <span class='ocrx_word' id='word_1_525' title='bbox 1444 3769 1732 3822; x_wconf 85' lang='grc' dir='ltr'>συνουσίαν</span> <span class='ocrx_word' id='word_1_526' title='bbox 1760 3768 1848 3822; x_wconf 88' lang='grc' dir='ltr'>διὰ</span> 
     </span>
    </p>
   </div>
   <div class='ocr_carea' id='block_1_70' title="bbox 253 3862 1848 3935">
    <p class='ocr_par' dir='ltr' id='par_1_70' title="bbox 253 3862 1848 3935">
     <span class='ocr_line' id='line_1_70' title="bbox 253 3862 1848 3935; baseline -0.003 -18"><span class='ocrx_word' id='word_1_527' title='bbox 253 3864 514 3935; x_wconf 76' lang='grc' dir='ltr'>γοητείας</span> <span class='ocrx_word' id='word_1_528' title='bbox 544 3864 880 3935; x_wconf 74' lang='grc' dir='ltr'>ἐπαγομένη.</span> <span class='ocrx_word' id='word_1_529' title='bbox 920 3862 1011 3916; x_wconf 68' lang='grc' dir='ltr'>Διὸ</span> <span class='ocrx_word' id='word_1_530' title='bbox 1038 3863 1131 3915; x_wconf 70' lang='grc' dir='ltr'>καὶ</span> <span class='ocrx_word' id='word_1_531' title='bbox 1168 3862 1382 3923; x_wconf 78' lang='grc' dir='ltr'>Παῦλος</span> <span class='ocrx_word' id='word_1_532' title='bbox 1428 3865 1494 3931; x_wconf 77' lang='grc' dir='ltr'><strong>τῇ</strong></span> <span class='ocrx_word' id='word_1_533' title='bbox 1528 3862 1848 3931; x_wconf 74' lang='grc' dir='ltr'>φαρμακεία</span> 
     </span>
    </p>
   </div>
   <div class='ocr_carea' id='block_1_71' title="bbox 258 3950 1853 4021">
    <p class='ocr_par' dir='ltr' id='par_1_71' title="bbox 258 3950 1853 4021">
     <span class='ocr_line' id='line_1_71' title="bbox 258 3950 1853 4021; baseline 0.001 -19"><span class='ocrx_word' id='word_1_534' title='bbox 258 3950 527 4004; x_wconf 75' lang='grc' dir='ltr'>συνάπτει</span> <span class='ocrx_word' id='word_1_535' title='bbox 566 3951 664 4021; x_wconf 85' lang='grc' dir='ltr'>τὴν</span> <span class='ocrx_word' id='word_1_536' title='bbox 703 3950 1147 4021; x_wconf 84' lang='grc' dir='ltr'>εἰδωλολατρείαν</span> <span class='ocrx_word' id='word_1_537' title='bbox 1206 3950 1419 4021; x_wconf 84' lang='grc' dir='ltr'>λέγων·</span> <span class='ocrx_word' id='word_1_538' title='bbox 1475 3970 1493 4002; x_wconf 82' lang='grc' dir='ltr'><strong>ι</strong></span> <span class='ocrx_word' id='word_1_539' title='bbox 1554 3951 1853 4005; x_wconf 85' lang='grc' dir='ltr'>Εἰδωλολα-</span> 
     </span>
    </p>
   </div>
   <div class='ocr_carea' id='block_1_72' title="bbox 258 4038 878 4109">
    <p class='ocr_par' dir='ltr' id='par_1_72' title="bbox 258 4038 878 4109">
     <span class='ocr_line' id='line_1_72' title="bbox 258 4038 878 4109; baseline -0.005 -18"><span class='ocrx_word' id='word_1_540' title='bbox 258 4039 443 4108; x_wconf 58' lang='lat' dir='ltr'><strong>epeia,</strong></span> <span class='ocrx_word' id='word_1_541' title='bbox 479 4038 820 4109; x_wconf 83' lang='grc' dir='ltr'>φαρμακεία.</span> <span class='ocrx_word' id='word_1_542' title='bbox 862 4058 878 4088; x_wconf 74' lang='grc' dir='ltr'><strong>ι</strong></span> 
     </span>
    </p>
   </div>
   <div class='ocr_carea' id='block_1_73' title="bbox 1946 3316 3522 3389">
    <p class='ocr_par' dir='ltr' id='par_1_73' title="bbox 1946 3316 3522 3389">
     <span class='ocr_line' id='line_1_73' title="bbox 1946 3316 3522 3389; baseline 0.004 -21"><span class='ocrx_word' id='word_1_543' title='bbox 1946 3316 2090 3370; x_wconf 80' lang='lat' dir='ltr'><strong>fastu</strong></span> <span class='ocrx_word' id='word_1_544' title='bbox 2118 3324 2171 3369; x_wconf 87' lang='lat' dir='ltr'><strong>et</strong></span> <span class='ocrx_word' id='word_1_545' title='bbox 2206 3322 2517 3385; x_wconf 76' lang='lat' dir='ltr'><strong>arrogantia</strong></span> <span class='ocrx_word' id='word_1_546' title='bbox 2570 3318 2896 3382; x_wconf 84' lang='lat' dir='ltr'><strong>intumuisti,</strong></span> <span class='ocrx_word' id='word_1_547' title='bbox 2919 3327 2978 3373; x_wconf 93' lang='lat' dir='ltr'><strong>ut</strong></span> <span class='ocrx_word' id='word_1_548' title='bbox 3006 3320 3203 3389; x_wconf 89' lang='lat' dir='ltr'><strong>opibus</strong></span> <span class='ocrx_word' id='word_1_549' title='bbox 3225 3321 3333 3375; x_wconf 91' lang='lat' dir='ltr'><strong>tuis</strong></span> <span class='ocrx_word' id='word_1_550' title='bbox 3360 3321 3522 3385; x_wconf 77' lang='lat' dir='ltr'><strong>freta,</strong></span> 
     </span>
    </p>
   </div>
   <div class='ocr_carea' id='block_1_74' title="bbox 1944 3405 3527 3478">
    <p class='ocr_par' dir='ltr' id='par_1_74' title="bbox 1944 3405 3527 3478">
     <span class='ocr_line' id='line_1_74' title="bbox 1944 3405 3527 3478; baseline 0.006 -21"><span class='ocrx_word' id='word_1_551' title='bbox 1944 3405 2239 3474; x_wconf 77' lang='lat' dir='ltr'><strong>Persisque</strong></span> <span class='ocrx_word' id='word_1_552' title='bbox 2281 3416 2332 3461; x_wconf 89' lang='lat' dir='ltr'><strong>te</strong></span> <span class='ocrx_word' id='word_1_553' title='bbox 2374 3408 2488 3462; x_wconf 78' lang='lat' dir='ltr'><strong>fore</strong></span> <span class='ocrx_word' id='word_1_554' title='bbox 2536 3410 2871 3477; x_wconf 82' lang='lat' dir='ltr'><strong>superiorem</strong></span> <span class='ocrx_word' id='word_1_555' title='bbox 2908 3410 3195 3476; x_wconf 89' lang='lat' dir='ltr'><strong>arbitrata,</strong></span> <span class='ocrx_word' id='word_1_556' title='bbox 3228 3428 3341 3466; x_wconf 76' lang='lat' dir='ltr'><strong>esse</strong></span> <span class='ocrx_word' id='word_1_557' title='bbox 3375 3422 3445 3478; x_wconf 90' lang='lat' dir='ltr'><strong>te,</strong></span> <span class='ocrx_word' id='word_1_558' title='bbox 3475 3422 3527 3465; x_wconf 84' lang='lat' dir='ltr'><strong>et</strong></span> 
     </span>
    </p>
   </div>
   <div class='ocr_carea' id='block_1_75' title="bbox 1944 3498 3528 3573">
    <p class='ocr_par' dir='ltr' id='par_1_75' title="bbox 1944 3498 3528 3573">
     <span class='ocr_line' id='line_1_75' title="bbox 1944 3498 3528 3573; baseline 0.006 -24"><span class='ocrx_word' id='word_1_559' title='bbox 1944 3512 2045 3549; x_wconf 86' lang='lat' dir='ltr'><strong>non</strong></span> <span class='ocrx_word' id='word_1_560' title='bbox 2063 3498 2314 3551; x_wconf 73' lang='lat' dir='ltr'><strong>exsistere</strong></span> <span class='ocrx_word' id='word_1_561' title='bbox 2340 3498 2526 3565; x_wconf 84' lang='lat' dir='ltr'><strong>aliam,</strong></span> <span class='ocrx_word' id='word_1_562' title='bbox 2553 3500 2716 3567; x_wconf 88' lang='lat' dir='ltr'><strong>inque</strong></span> <span class='ocrx_word' id='word_1_563' title='bbox 2736 3501 3028 3567; x_wconf 72' lang='lat' dir='ltr'><strong>vaticiniis,</strong></span> <span class='ocrx_word' id='word_1_564' title='bbox 3058 3517 3180 3573; x_wconf 69' lang='lat' dir='ltr'><strong>quae</strong></span> <span class='ocrx_word' id='word_1_565' title='bbox 3218 3518 3315 3571; x_wconf 91' lang='lat' dir='ltr'><strong>per</strong></span> <span class='ocrx_word' id='word_1_566' title='bbox 3331 3504 3528 3559; x_wconf 67' lang='lat' dir='ltr'><strong>daemo-</strong></span> 
     </span>
    </p>
   </div>
   <div class='ocr_carea' id='block_1_76' title="bbox 1946 3590 3527 3662">
    <p class='ocr_par' dir='ltr' id='par_1_76' title="bbox 1946 3590 3527 3662">
     <span class='ocr_line' id='line_1_76' title="bbox 1946 3590 3527 3662; baseline 0.004 -21"><span class='ocrx_word' id='word_1_567' title='bbox 1946 3602 2044 3642; x_wconf 89' lang='lat' dir='ltr'><strong>nas</strong></span> <span class='ocrx_word' id='word_1_568' title='bbox 2072 3597 2130 3642; x_wconf 89' lang='lat' dir='ltr'><strong>ct</strong></span> <span class='ocrx_word' id='word_1_569' title='bbox 2160 3598 2309 3644; x_wconf 88' lang='lat' dir='ltr'><strong>astra</strong></span> <span class='ocrx_word' id='word_1_570' title='bbox 2335 3590 2493 3656; x_wconf 81' lang='lat' dir='ltr'><strong>ﬁunt,</strong></span> <span class='ocrx_word' id='word_1_571' title='bbox 2527 3591 2822 3653; x_wconf 80' lang='lat' dir='ltr'><strong>conlidere,</strong></span> <span class='ocrx_word' id='word_1_572' title='bbox 2848 3605 2982 3645; x_wconf 87' lang='lat' dir='ltr'><strong>ausa</strong></span> <span class='ocrx_word' id='word_1_573' title='bbox 3014 3592 3094 3647; x_wconf 81' lang='lat' dir='ltr'><strong>sis</strong></span> <span class='ocrx_word' id='word_1_574' title='bbox 3125 3592 3330 3647; x_wconf 88' lang='lat' dir='ltr'><strong>dicere.</strong></span> <span class='ocrx_word' id='word_1_575' title='bbox 3362 3592 3527 3662; x_wconf 88' lang='lat' dir='ltr'><strong>Spem</strong></span> 
     </span>
    </p>
   </div>
   <div class='ocr_carea' id='block_1_77' title="bbox 1944 3677 3529 3753">
    <p class='ocr_par' dir='ltr' id='par_1_77' title="bbox 1944 3677 3529 3753">
     <span class='ocr_line' id='line_1_77' title="bbox 1944 3677 3529 3753; baseline 0.005 -22"><span class='ocrx_word' id='word_1_576' title='bbox 1944 3677 2165 3745; x_wconf 87' lang='lat' dir='ltr'><strong>deinde,</strong></span> <span class='ocrx_word' id='word_1_577' title='bbox 2192 3696 2313 3750; x_wconf 72' lang='lat' dir='ltr'><strong>qua:</strong></span> <span class='ocrx_word' id='word_1_578' title='bbox 2338 3684 2392 3737; x_wconf 92' lang='lat' dir='ltr'><strong>in</strong></span> <span class='ocrx_word' id='word_1_579' title='bbox 2414 3684 2753 3739; x_wconf 71' lang='lat' dir='ltr'><strong>daemonibus</strong></span> <span class='ocrx_word' id='word_1_580' title='bbox 2770 3685 3090 3746; x_wconf 88' lang='lat' dir='ltr'><strong>collocatur,</strong></span> <span class='ocrx_word' id='word_1_581' title='bbox 3118 3685 3529 3753; x_wconf 79' lang='lat' dir='ltr'><strong>fornicationem</strong></span> 
     </span>
    </p>
   </div>
   <div class='ocr_carea' id='block_1_78' title="bbox 1948 3770 3528 3846">
    <p class='ocr_par' dir='ltr' id='par_1_78' title="bbox 1948 3770 3528 3846">
     <span class='ocr_line' id='line_1_78' title="bbox 1948 3770 3528 3846; baseline 0.006 -23"><span class='ocrx_word' id='word_1_582' title='bbox 1948 3770 2071 3825; x_wconf 90' lang='lat' dir='ltr'><strong>ideo</strong></span> <span class='ocrx_word' id='word_1_583' title='bbox 2102 3774 2369 3839; x_wconf 88' lang='lat' dir='ltr'><strong>nominat,</strong></span> <span class='ocrx_word' id='word_1_584' title='bbox 2398 3777 2540 3844; x_wconf 89' lang='lat' dir='ltr'><strong>quod</strong></span> <span class='ocrx_word' id='word_1_585' title='bbox 2575 3791 2603 3829; x_wconf 89' lang='lat' dir='ltr'><strong>a</strong></span> <span class='ocrx_word' id='word_1_586' title='bbox 2640 3775 2749 3830; x_wconf 92' lang='lat' dir='ltr'><strong>Dco</strong></span> <span class='ocrx_word' id='word_1_587' title='bbox 2779 3784 3018 3846; x_wconf 83' lang='lat' dir='ltr'><strong>separet.</strong></span> <span class='ocrx_word' id='word_1_588' title='bbox 3049 3776 3144 3832; x_wconf 82' lang='lat' dir='ltr'><strong>Est</strong></span> <span class='ocrx_word' id='word_1_589' title='bbox 3175 3778 3320 3833; x_wconf 89' lang='lat' dir='ltr'><strong>enim</strong></span> <span class='ocrx_word' id='word_1_590' title='bbox 3348 3777 3440 3833; x_wconf 85' lang='lat' dir='ltr'><strong>Dei</strong></span> <span class='ocrx_word' id='word_1_591' title='bbox 3472 3788 3528 3835; x_wconf 84' lang='lat' dir='ltr'><strong>et</strong></span> 
     </span>
    </p>
   </div>
   <div class='ocr_carea' id='block_1_79' title="bbox 1953 3862 3524 3936">
    <p class='ocr_par' dir='ltr' id='par_1_79' title="bbox 1953 3862 3524 3936">
     <span class='ocr_line' id='line_1_79' title="bbox 1953 3862 3524 3936; baseline 0.007 -22"><span class='ocrx_word' id='word_1_592' title='bbox 1953 3862 2235 3917; x_wconf 83' lang='lat' dir='ltr'><strong>hominum</strong></span> <span class='ocrx_word' id='word_1_593' title='bbox 2265 3863 2500 3921; x_wconf 80' lang='lat' dir='ltr'><strong>maxime</strong></span> <span class='ocrx_word' id='word_1_594' title='bbox 2535 3868 2835 3922; x_wconf 87' lang='lat' dir='ltr'><strong>secundum</strong></span> <span class='ocrx_word' id='word_1_595' title='bbox 2869 3876 3120 3923; x_wconf 86' lang='lat' dir='ltr'><strong>naturam</strong></span> <span class='ocrx_word' id='word_1_596' title='bbox 3161 3870 3524 3936; x_wconf 81' lang='lat' dir='ltr'><strong>familiaritas,</strong></span> 
     </span>
    </p>
   </div>
   <div class='ocr_carea' id='block_1_80' title="bbox 1955 3954 3524 4028">
    <p class='ocr_par' dir='ltr' id='par_1_80' title="bbox 1955 3954 3524 4028">
     <span class='ocr_line' id='line_1_80' title="bbox 1955 3954 3524 4028; baseline 0.005 -22"><span class='ocrx_word' id='word_1_597' title='bbox 1955 3954 2129 4007; x_wconf 84' lang='lat' dir='ltr'><strong>aliena</strong></span> <span class='ocrx_word' id='word_1_598' title='bbox 2179 3969 2358 4012; x_wconf 84' lang='lat' dir='ltr'><strong>autem</strong></span> <span class='ocrx_word' id='word_1_599' title='bbox 2407 3959 2583 4027; x_wconf 89' lang='lat' dir='ltr'><strong>plane,</strong></span> <span class='ocrx_word' id='word_1_600' title='bbox 2636 3975 2756 4028; x_wconf 68' lang='lat' dir='ltr'><strong>qua:</strong></span> <span class='ocrx_word' id='word_1_601' title='bbox 2811 3974 2935 4013; x_wconf 90' lang='lat' dir='ltr'><strong>cum</strong></span> <span class='ocrx_word' id='word_1_602' title='bbox 2981 3961 3315 4014; x_wconf 75' lang='lat' dir='ltr'><strong>daemonibus</strong></span> <span class='ocrx_word' id='word_1_603' title='bbox 3367 3960 3524 4025; x_wconf 87' lang='lat' dir='ltr'><strong>inita,</strong></span> 
     </span>
    </p>
   </div>
   <div class='ocr_carea' id='block_1_81' title="bbox 1957 4044 3525 4121">
    <p class='ocr_par' dir='ltr' id='par_1_81' title="bbox 1957 4044 3525 4121">
     <span class='ocr_line' id='line_1_81' title="bbox 1957 4044 3525 4121; baseline 0.006 -25"><span class='ocrx_word' id='word_1_604' title='bbox 1957 4044 2064 4097; x_wconf 87' lang='lat' dir='ltr'><strong>illis</strong></span> <span class='ocrx_word' id='word_1_605' title='bbox 2098 4060 2220 4099; x_wconf 89' lang='lat' dir='ltr'><strong>cum</strong></span> <span class='ocrx_word' id='word_1_606' title='bbox 2259 4048 2577 4103; x_wconf 81' lang='lat' dir='ltr'><strong>Itoatinibns</strong></span> <span class='ocrx_word' id='word_1_607' title='bbox 2632 4066 2985 4117; x_wconf 82' lang='lat' dir='ltr'><strong>congressum</strong></span> <span class='ocrx_word' id='word_1_608' title='bbox 3028 4051 3255 4121; x_wconf 85' lang='lat' dir='ltr'><strong>magicis</strong></span> <span class='ocrx_word' id='word_1_609' title='bbox 3310 4052 3525 4106; x_wconf 84' lang='lat' dir='ltr'><strong>artibus</strong></span> 
     </span>
    </p>
   </div>
   <div class='ocr_carea' id='block_1_82' title="bbox 258 4130 3529 4211">
    <p class='ocr_par' dir='ltr' id='par_1_82' title="bbox 258 4130 3529 4211">
     <span class='ocr_line' id='line_1_82' title="bbox 258 4130 3529 4211; baseline 0.005 -28"><span class='ocrx_word' id='word_1_610' title='bbox 258 4131 556 4185; x_wconf 83' lang='lat' dir='ltr'><strong>conciliat:</strong></span> <span class='ocrx_word' id='word_1_611' title='bbox 602 4131 837 4199; x_wconf 90' lang='lat' dir='ltr'><strong>indeque</strong></span> <span class='ocrx_word' id='word_1_612' title='bbox 890 4139 972 4184; x_wconf 77' lang='lat' dir='ltr'><strong>est</strong></span> <span class='ocrx_word' id='word_1_613' title='bbox 1014 4131 1155 4198; x_wconf 89' lang='lat' dir='ltr'><strong>quod</strong></span> <span class='ocrx_word' id='word_1_614' title='bbox 1186 4130 1387 4184; x_wconf 82' lang='lat' dir='ltr'><strong>Paulus</strong></span> <span class='ocrx_word' id='word_1_615' title='bbox 1431 4131 1701 4186; x_wconf 88' lang='lat' dir='ltr'><strong>idolorum</strong></span> <span class='ocrx_word' id='word_1_616' title='bbox 1735 4132 1943 4187; x_wconf 92' lang='lat' dir='ltr'><strong>cultum</strong></span> <span class='ocrx_word' id='word_1_617' title='bbox 1969 4151 2092 4189; x_wconf 89' lang='lat' dir='ltr'><strong>cum</strong></span> <span class='ocrx_word' id='word_1_618' title='bbox 2126 4137 2194 4192; x_wconf 89' lang='lat' dir='ltr'><strong>iis</strong></span> <span class='ocrx_word' id='word_1_619' title='bbox 2223 4139 2527 4211; x_wconf 72' lang='lat' dir='ltr'><strong>coniungit,</strong></span> <span class='ocrx_word' id='word_1_620' title='bbox 2593 4157 2716 4194; x_wconf 88' lang='lat' dir='ltr'><strong>cmn</strong></span> <span class='ocrx_word' id='word_1_621' title='bbox 2769 4142 3039 4196; x_wconf 81' lang='lat' dir='ltr'><strong>idolorum</strong></span> <span class='ocrx_word' id='word_1_622' title='bbox 3110 4144 3367 4207; x_wconf 88' lang='lat' dir='ltr'><strong>servitus,</strong></span> <span class='ocrx_word' id='word_1_623' title='bbox 3430 4157 3529 4197; x_wconf 83' lang='lat' dir='ltr'><strong>ve-</strong></span> 
     </span>
    </p>
   </div>
   <div class='ocr_carea' id='block_1_83' title="bbox 256 4221 734 4287">
    <p class='ocr_par' dir='ltr' id='par_1_83' title="bbox 256 4221 734 4287">
     <span class='ocr_line' id='line_1_83' title="bbox 256 4221 734 4287; baseline -0.006 -9"><span class='ocrx_word' id='word_1_624' title='bbox 256 4224 479 4287; x_wconf 64' lang='lat' dir='ltr'><strong>neﬁcia,</strong></span> <span class='ocrx_word' id='word_1_625' title='bbox 508 4222 641 4276; x_wconf 88' lang='lat' dir='ltr'><strong>dicit</strong></span> <span class='ocrx_word' id='word_1_626' title='bbox 665 4221 734 4275; x_wconf 77' lang='lat'><strong>&quot;.</strong></span> 
     </span>
    </p>
   </div>
   <div class='ocr_carea' id='block_1_84' title="bbox 334 4313 1845 4385">
    <p class='ocr_par' dir='ltr' id='par_1_84' title="bbox 334 4313 1845 4385">
     <span class='ocr_line' id='line_1_84' title="bbox 334 4313 1845 4385; baseline 0 -15"><span class='ocrx_word' id='word_1_627' title='bbox 334 4317 413 4370; x_wconf 84' lang='grc' dir='ltr'>Οὐ</span> <span class='ocrx_word' id='word_1_628' title='bbox 437 4316 618 4369; x_wconf 86' lang='grc' dir='ltr'>τοίνυν</span> <span class='ocrx_word' id='word_1_629' title='bbox 638 4313 763 4368; x_wconf 78' lang='grc' dir='ltr'>οὔτε</span> <span class='ocrx_word' id='word_1_630' title='bbox 795 4316 1116 4381; x_wconf 79' lang='grc' dir='ltr'>Χαλδαίοις</span> <span class='ocrx_word' id='word_1_631' title='bbox 1145 4314 1256 4367; x_wconf 71' lang='grc' dir='ltr'>οὗθ’</span> <span class='ocrx_word' id='word_1_632' title='bbox 1293 4316 1501 4385; x_wconf 78' lang='grc' dir='ltr'>ἑτέροις</span> <span class='ocrx_word' id='word_1_633' title='bbox 1537 4316 1599 4368; x_wconf 82' lang='grc' dir='ltr'>τὸ</span> <span class='ocrx_word' id='word_1_634' title='bbox 1630 4317 1845 4371; x_wconf 76' lang='grc' dir='ltr'>εἰδωλο-</span> 
     </span>
    </p>
   </div>
   <div class='ocr_carea' id='block_1_85' title="bbox 256 4406 1841 4481">
    <p class='ocr_par' dir='ltr' id='par_1_85' title="bbox 256 4406 1841 4481">
     <span class='ocr_line' id='line_1_85' title="bbox 256 4406 1841 4481; baseline -0.001 -16"><span class='ocrx_word' id='word_1_635' title='bbox 256 4412 484 4481; x_wconf 85' lang='grc' dir='ltr'>λατρεῖν</span> <span class='ocrx_word' id='word_1_636' title='bbox 539 4408 924 4476; x_wconf 77' lang='grc' dir='ltr'>συγγνωστὸν,</span> <span class='ocrx_word' id='word_1_637' title='bbox 963 4408 1078 4461; x_wconf 87' lang='grc' dir='ltr'>ἁλλ’</span> <span class='ocrx_word' id='word_1_638' title='bbox 1136 4408 1400 4478; x_wconf 77' lang='grc' dir='ltr'>ὀλέθριον.</span> <span class='ocrx_word' id='word_1_639' title='bbox 1434 4410 1653 4463; x_wconf 81' lang='grc' dir='ltr'>Ἔσται</span> <span class='ocrx_word' id='word_1_640' title='bbox 1706 4406 1841 4475; x_wconf 81' lang='grc' dir='ltr'>οὖν,</span> 
     </span>
    </p>
   </div>
   <div class='ocr_carea' id='block_1_86' title="bbox 2024 4319 3529 4389">
    <p class='ocr_par' dir='ltr' id='par_1_86' title="bbox 2024 4319 3529 4389">
     <span class='ocr_line' id='line_1_86' title="bbox 2024 4319 3529 4389; baseline 0.003 -17"><span class='ocrx_word' id='word_1_641' title='bbox 2024 4319 2141 4374; x_wconf 83' lang='grc' dir='ltr'>Νοη</span> <span class='ocrx_word' id='word_1_642' title='bbox 2175 4327 2260 4374; x_wconf 88' lang='lat' dir='ltr'><strong>cst</strong></span> <span class='ocrx_word' id='word_1_643' title='bbox 2301 4320 2466 4389; x_wconf 82' lang='lat' dir='ltr'><strong>igitur</strong></span> <span class='ocrx_word' id='word_1_644' title='bbox 2500 4321 2643 4372; x_wconf 63' lang='lat' dir='ltr'><strong>idola</strong></span> <span class='ocrx_word' id='word_1_645' title='bbox 2685 4320 2861 4373; x_wconf 83' lang='lat' dir='ltr'><strong>colere</strong></span> <span class='ocrx_word' id='word_1_646' title='bbox 2897 4336 3073 4389; x_wconf 86' lang='lat' dir='ltr'><strong>neque</strong></span> <span class='ocrx_word' id='word_1_647' title='bbox 3107 4320 3399 4385; x_wconf 76' lang='lat' dir='ltr'><strong>Chalda&#39;is,</strong></span> <span class='ocrx_word' id='word_1_648' title='bbox 3432 4336 3529 4377; x_wconf 87' lang='lat' dir='ltr'><strong>ne-</strong></span> 
     </span>
    </p>
   </div>
   <div class='ocr_carea' id='block_1_87' title="bbox 1952 4410 3531 4482">
    <p class='ocr_par' dir='ltr' id='par_1_87' title="bbox 1952 4410 3531 4482">
     <span class='ocr_line' id='line_1_87' title="bbox 1952 4410 3531 4482; baseline 0.001 -18"><span class='ocrx_word' id='word_1_649' title='bbox 1952 4428 2057 4482; x_wconf 87' lang='lat' dir='ltr'><strong>que</strong></span> <span class='ocrx_word' id='word_1_650' title='bbox 2098 4412 2220 4466; x_wconf 87' lang='lat' dir='ltr'><strong>aliis</strong></span> <span class='ocrx_word' id='word_1_651' title='bbox 2257 4413 2413 4465; x_wconf 86' lang='lat' dir='ltr'><strong>venia</strong></span> <span class='ocrx_word' id='word_1_652' title='bbox 2455 4410 2706 4479; x_wconf 77' lang='lat' dir='ltr'><strong>dignum,</strong></span> <span class='ocrx_word' id='word_1_653' title='bbox 2749 4410 2847 4464; x_wconf 83' lang='lat' dir='ltr'><strong>sed</strong></span> <span class='ocrx_word' id='word_1_654' title='bbox 2881 4412 3079 4480; x_wconf 88' lang='lat' dir='ltr'><strong>capite.</strong></span> <span class='ocrx_word' id='word_1_655' title='bbox 3117 4410 3230 4463; x_wconf 83' lang='lat' dir='ltr'><strong>Erit</strong></span> <span class='ocrx_word' id='word_1_656' title='bbox 3278 4427 3399 4482; x_wconf 89' lang='lat' dir='ltr'><strong>ergo</strong></span> <span class='ocrx_word' id='word_1_657' title='bbox 3423 4412 3531 4482; x_wconf 82' lang='lat' dir='ltr'><strong>[or-</strong></span> 
     </span>
    </p>
   </div>
   <div class='ocr_carea' id='block_1_88' title="bbox 260 4489 1943 4575">
    <p class='ocr_par' dir='ltr' id='par_1_88' title="bbox 260 4489 1925 4573">
     <span class='ocr_line' id='line_1_88' title="bbox 260 4489 1925 4573; baseline -0.001 -20"><span class='ocrx_word' id='word_1_658' title='bbox 260 4502 455 4573; x_wconf 73' lang='grc' dir='ltr'>φησὶν,</span> <span class='ocrx_word' id='word_1_659' title='bbox 498 4502 531 4568; x_wconf 77' lang='grc' dir='ltr'><em>ὴ</em></span> <span class='ocrx_word' id='word_1_660' title='bbox 564 4500 811 4565; x_wconf 75' lang='grc' dir='ltr'>πορνειά</span> <span class='ocrx_word' id='word_1_661' title='bbox 835 4516 951 4552; x_wconf 89' lang='grc' dir='ltr'><strong>σου</strong></span> <span class='ocrx_word' id='word_1_662' title='bbox 986 4501 1073 4564; x_wconf 78' lang='grc' dir='ltr'>εἰς</span> <span class='ocrx_word' id='word_1_663' title='bbox 1106 4501 1432 4567; x_wconf 79' lang='grc' dir='ltr'>αἰσχύνην,</span> <span class='ocrx_word' id='word_1_664' title='bbox 1481 4501 1558 4553; x_wconf 82' lang='grc' dir='ltr'><strong>ὅτ’</strong></span> <span class='ocrx_word' id='word_1_665' title='bbox 1605 4500 1671 4553; x_wconf 81' lang='grc' dir='ltr'>ἂν</span> <span class='ocrx_word' id='word_1_666' title='bbox 1699 4502 1731 4571; x_wconf 78' lang='grc' dir='ltr'><strong>ἡ</strong></span> <span class='ocrx_word' id='word_1_667' title='bbox 1755 4501 1848 4554; x_wconf 69' lang='grc' dir='ltr'><strong>ἐπὶ</strong></span> <span class='ocrx_word' id='word_1_668' title='bbox 1884 4489 1925 4543; x_wconf 82' lang='lat' dir='ltr'><strong>D</strong></span> 
     </span>
    </p>
   </div>
   <div class='ocr_carea' id='block_1_89' title="bbox 1846 4489 3529 4575">
    <p class='ocr_par' dir='ltr' id='par_1_89' title="bbox 1846 4489 3529 4575">
     <span class='ocr_line' id='line_1_89' title="bbox 1846 4489 3529 4575; baseline 0.002 -17"><span class='ocrx_word' id='word_1_669' title='bbox 1846 4539 1848 4550; x_wconf 64' lang='grc' dir='ltr'><strong>ι</strong></span> <span class='ocrx_word' id='word_1_670' title='bbox 1884 4489 1925 4543; x_wconf 81' lang='grc' dir='ltr'>Ῑ)</span> <span class='ocrx_word' id='word_1_671' title='bbox 1954 4507 2151 4560; x_wconf 83' lang='lat' dir='ltr'><strong>nicatio</strong></span> <span class='ocrx_word' id='word_1_672' title='bbox 2183 4517 2297 4570; x_wconf 87' lang='lat' dir='ltr'><strong>tua,</strong></span> <span class='ocrx_word' id='word_1_673' title='bbox 2330 4505 2524 4575; x_wconf 86' lang='lat' dir='ltr'><strong>inquit,</strong></span> <span class='ocrx_word' id='word_1_674' title='bbox 2556 4506 2605 4557; x_wconf 86' lang='lat' dir='ltr'><strong>in</strong></span> <span class='ocrx_word' id='word_1_675' title='bbox 2638 4505 2899 4568; x_wconf 70' lang='lat' dir='ltr'><strong>dedecus;</strong></span> <span class='ocrx_word' id='word_1_676' title='bbox 2930 4519 3050 4558; x_wconf 90' lang='lat' dir='ltr'><strong>cum</strong></span> <span class='ocrx_word' id='word_1_677' title='bbox 3077 4505 3337 4575; x_wconf 68' lang='lat' dir='ltr'><strong>tibi,quat</strong></span> <span class='ocrx_word' id='word_1_678' title='bbox 3366 4513 3451 4562; x_wconf 87' lang='lat' dir='ltr'><strong>est</strong></span> <span class='ocrx_word' id='word_1_679' title='bbox 3472 4507 3529 4561; x_wconf 91' lang='lat' dir='ltr'><strong>in</strong></span> 
     </span>
    </p>
   </div>
   <div class='ocr_carea' id='block_1_90' title="bbox 261 4586 1844 4663">
    <p class='ocr_par' dir='ltr' id='par_1_90' title="bbox 261 4586 1844 4663">
     <span class='ocr_line' id='line_1_90' title="bbox 261 4586 1844 4663; baseline -0.001 -16"><span class='ocrx_word' id='word_1_680' title='bbox 261 4594 515 4663; x_wconf 83' lang='grc' dir='ltr'>δαίμοσιν</span> <span class='ocrx_word' id='word_1_681' title='bbox 566 4591 744 4657; x_wconf 72' lang='grc' dir='ltr'>ἐλπὶς</span> <span class='ocrx_word' id='word_1_682' title='bbox 798 4590 1079 4661; x_wconf 77' lang='grc' dir='ltr'>διαπέσῃ,</span> <span class='ocrx_word' id='word_1_683' title='bbox 1127 4586 1214 4644; x_wconf 73' lang='grc' dir='ltr'>ὧν</span> <span class='ocrx_word' id='word_1_684' title='bbox 1250 4593 1286 4659; x_wconf 78' lang='grc' dir='ltr'><em>ἠ</em></span> <span class='ocrx_word' id='word_1_685' title='bbox 1343 4590 1541 4660; x_wconf 73' lang='grc' dir='ltr'>ἰσχὺς,</span> <span class='ocrx_word' id='word_1_686' title='bbox 1569 4593 1844 4658; x_wconf 83' lang='grc' dir='ltr'>ἀσθένεια,</span> 
     </span>
    </p>
   </div>
   <div class='ocr_carea' id='block_1_91' title="bbox 262 4682 1847 4758">
    <p class='ocr_par' dir='ltr' id='par_1_91' title="bbox 262 4682 1847 4758">
     <span class='ocr_line' id='line_1_91' title="bbox 262 4682 1847 4758; baseline 0.004 -23"><span class='ocrx_word' id='word_1_687' title='bbox 262 4686 407 4755; x_wconf 83' lang='grc' dir='ltr'>μήτε</span> <span class='ocrx_word' id='word_1_688' title='bbox 458 4682 750 4751; x_wconf 73' lang='grc' dir='ltr'>προλέγειν</span> <span class='ocrx_word' id='word_1_689' title='bbox 794 4684 1048 4751; x_wconf 81' lang='grc' dir='ltr'>ἐχόντων,</span> <span class='ocrx_word' id='word_1_690' title='bbox 1109 4684 1184 4746; x_wconf 80' lang='grc' dir='ltr'>ὡς</span> <span class='ocrx_word' id='word_1_691' title='bbox 1220 4682 1331 4751; x_wconf 82' lang='grc' dir='ltr'><strong>ἐγώ</strong></span> <span class='ocrx_word' id='word_1_692' title='bbox 1360 4702 1443 4737; x_wconf 92' lang='grc' dir='ltr'><strong>σοι</strong></span> <span class='ocrx_word' id='word_1_693' title='bbox 1480 4685 1677 4750; x_wconf 83' lang='grc' dir='ltr'>ταῦτα,</span> <span class='ocrx_word' id='word_1_694' title='bbox 1710 4688 1847 4758; x_wconf 86' lang='grc' dir='ltr'>μήτε</span> 
     </span>
    </p>
   </div>
   <div class='ocr_carea' id='block_1_92' title="bbox 259 4771 1846 4846">
    <p class='ocr_par' dir='ltr' id='par_1_92' title="bbox 259 4771 1846 4846">
     <span class='ocr_line' id='line_1_92' title="bbox 259 4771 1846 4846; baseline 0.003 -21"><span class='ocrx_word' id='word_1_695' title='bbox 259 4774 481 4846; x_wconf 81' lang='grc' dir='ltr'>βοηθεῖν</span> <span class='ocrx_word' id='word_1_696' title='bbox 504 4771 840 4841; x_wconf 81' lang='grc' dir='ltr'>δυναμένων.</span> <span class='ocrx_word' id='word_1_697' title='bbox 884 4772 1031 4824; x_wconf 73' lang='grc' dir='ltr'>Ἀντὶ</span> <span class='ocrx_word' id='word_1_698' title='bbox 1052 4773 1107 4824; x_wconf 81' lang='grc' dir='ltr'>δὲ</span> <span class='ocrx_word' id='word_1_699' title='bbox 1143 4772 1255 4835; x_wconf 78' lang='grc' dir='ltr'>τοῦ,</span> <span class='ocrx_word' id='word_1_700' title='bbox 1287 4772 1479 4828; x_wconf 75' lang='grc' dir='ltr'>Γνῶθι</span> <span class='ocrx_word' id='word_1_701' title='bbox 1505 4773 1592 4827; x_wconf 82' lang='grc' dir='ltr'>ὅτι</span> <span class='ocrx_word' id='word_1_702' title='bbox 1618 4776 1655 4841; x_wconf 75' lang='grc' dir='ltr'>ἡ</span> <span class='ocrx_word' id='word_1_703' title='bbox 1694 4776 1846 4829; x_wconf 83' lang='grc' dir='ltr'>σύν-</span> 
     </span>
    </p>
   </div>
   <div class='ocr_carea' id='block_1_93' title="bbox 257 4862 1847 4936">
    <p class='ocr_par' dir='ltr' id='par_1_93' title="bbox 257 4862 1847 4936">
     <span class='ocr_line' id='line_1_93' title="bbox 257 4862 1847 4936; baseline 0.001 -15"><span class='ocrx_word' id='word_1_704' title='bbox 257 4883 395 4931; x_wconf 89' lang='grc' dir='ltr'>εσις</span> <span class='ocrx_word' id='word_1_705' title='bbox 424 4864 653 4918; x_wconf 77' lang='grc' dir='ltr'>τούτων</span> <span class='ocrx_word' id='word_1_706' title='bbox 684 4862 875 4927; x_wconf 77' lang='grc' dir='ltr'>ἔσται,</span> <span class='ocrx_word' id='word_1_707' title='bbox 907 4866 1003 4916; x_wconf 79' lang='grc' dir='ltr'>καὶ</span> <span class='ocrx_word' id='word_1_708' title='bbox 1058 4864 1095 4930; x_wconf 74' lang='grc' dir='ltr'><em>ἠ</em></span> <span class='ocrx_word' id='word_1_709' title='bbox 1132 4866 1379 4932; x_wconf 79' lang='grc' dir='ltr'>πορνειά</span> <span class='ocrx_word' id='word_1_710' title='bbox 1420 4882 1517 4920; x_wconf 87' lang='grc' dir='ltr'><strong>σοι</strong></span> <span class='ocrx_word' id='word_1_711' title='bbox 1561 4869 1847 4936; x_wconf 77' lang='grc' dir='ltr'>αἰσχύνη,</span> 
     </span>
    </p>
   </div>
   <div class='ocr_carea' id='block_1_94' title="bbox 259 4954 1853 5027">
    <p class='ocr_par' dir='ltr' id='par_1_94' title="bbox 259 4954 1853 5027">
     <span class='ocr_line' id='line_1_94' title="bbox 259 4954 1853 5027; baseline 0 -15"><span class='ocrx_word' id='word_1_712' title='bbox 259 4955 564 5027; x_wconf 75' lang='grc' dir='ltr'>Σύμμαχος</span> <span class='ocrx_word' id='word_1_713' title='bbox 594 4968 756 5023; x_wconf 76' lang='grc' dir='ltr'>φησι*</span> <span class='ocrx_word' id='word_1_714' title='bbox 792 4955 901 5009; x_wconf 75' lang='grc' dir='ltr'><strong>Καὶ</strong></span> <span class='ocrx_word' id='word_1_715' title='bbox 929 4956 966 5021; x_wconf 73' lang='grc' dir='ltr'><strong><em>ἡ</em></strong></span> <span class='ocrx_word' id='word_1_716' title='bbox 1006 4954 1223 5024; x_wconf 71' lang='grc' dir='ltr'>γνῶσίς</span> <span class='ocrx_word' id='word_1_717' title='bbox 1288 4972 1407 5011; x_wconf 88' lang='grc' dir='ltr'>σου</span> <span class='ocrx_word' id='word_1_718' title='bbox 1434 4959 1587 5026; x_wconf 74' lang='grc' dir='ltr'>αὕτη</span> <span class='ocrx_word' id='word_1_719' title='bbox 1629 4959 1853 5026; x_wconf 78' lang='grc' dir='ltr'><strong>ἐξηπά-</strong></span> 
     </span>
    </p>
   </div>
   <div class='ocr_carea' id='block_1_95' title="bbox 258 5048 1851 5121">
    <p class='ocr_par' dir='ltr' id='par_1_95' title="bbox 258 5048 1851 5121">
     <span class='ocr_line' id='line_1_95' title="bbox 258 5048 1851 5121; baseline 0 -16"><span class='ocrx_word' id='word_1_720' title='bbox 258 5050 459 5118; x_wconf 70' lang='grc' dir='ltr'>τησέν</span> <span class='ocrx_word' id='word_1_721' title='bbox 480 5061 576 5103; x_wconf 85' lang='grc' dir='ltr'><strong>σε.</strong></span> <span class='ocrx_word' id='word_1_722' title='bbox 615 5048 877 5101; x_wconf 84' lang='grc' dir='ltr'>Σύνεσιν</span> <span class='ocrx_word' id='word_1_723' title='bbox 916 5048 970 5101; x_wconf 81' lang='grc' dir='ltr'>δὲ</span> <span class='ocrx_word' id='word_1_724' title='bbox 1021 5048 1175 5100; x_wconf 77' lang='grc' dir='ltr'><strong>καλεί</strong></span> <span class='ocrx_word' id='word_1_725' title='bbox 1196 5050 1295 5118; x_wconf 78' lang='grc' dir='ltr'>τὴν</span> <span class='ocrx_word' id='word_1_726' title='bbox 1344 5050 1538 5118; x_wconf 61' lang='grc' dir='ltr'>σοφίαν</span> <span class='ocrx_word' id='word_1_727' title='bbox 1566 5051 1676 5104; x_wconf 84' lang='grc' dir='ltr'><strong>τῶν</strong></span> <span class='ocrx_word' id='word_1_728' title='bbox 1713 5052 1851 5121; x_wconf 80' lang='grc' dir='ltr'>μάν-</span> 
     </span>
    </p>
   </div>
   <div class='ocr_carea' id='block_1_96' title="bbox 258 5138 1855 5211">
    <p class='ocr_par' dir='ltr' id='par_1_96' title="bbox 258 5138 1855 5211">
     <span class='ocr_line' id='line_1_96' title="bbox 258 5138 1855 5211; baseline -0.001 -13"><span class='ocrx_word' id='word_1_729' title='bbox 258 5161 426 5199; x_wconf 83' lang='grc' dir='ltr'>τεων.</span> <span class='ocrx_word' id='word_1_730' title='bbox 457 5141 549 5194; x_wconf 87' lang='grc' dir='ltr'><strong>Διό</strong></span> <span class='ocrx_word' id='word_1_731' title='bbox 594 5157 750 5211; x_wconf 72' lang='grc' dir='ltr'>φησι,</span> <span class='ocrx_word' id='word_1_732' title='bbox 781 5139 885 5193; x_wconf 82' lang='grc' dir='ltr'><strong>Καὶ</strong></span> <span class='ocrx_word' id='word_1_733' title='bbox 911 5141 983 5193; x_wconf 83' lang='grc' dir='ltr'><strong>οὐ</strong></span> <span class='ocrx_word' id='word_1_734' title='bbox 1030 5139 1116 5208; x_wconf 75' lang='grc' dir='ltr'><strong>μὴ</strong></span> <span class='ocrx_word' id='word_1_735' title='bbox 1149 5138 1304 5208; x_wconf 76' lang='grc' dir='ltr'>γνῷς</span> <span class='ocrx_word' id='word_1_736' title='bbox 1328 5140 1396 5194; x_wconf 80' lang='grc' dir='ltr'>ἐκ</span> <span class='ocrx_word' id='word_1_737' title='bbox 1424 5142 1710 5210; x_wconf 84' lang='grc' dir='ltr'>μαντείας</span> <span class='ocrx_word' id='word_1_738' title='bbox 1748 5143 1855 5196; x_wconf 71' lang='grc' dir='ltr'>τὸν</span> 
     </span>
    </p>
   </div>
   <div class='ocr_carea' id='block_1_97' title="bbox 256 5232 1855 5304">
    <p class='ocr_par' dir='ltr' id='par_1_97' title="bbox 256 5232 1855 5304">
     <span class='ocr_line' id='line_1_97' title="bbox 256 5232 1855 5304; baseline -0.001 -15"><span class='ocrx_word' id='word_1_739' title='bbox 256 5235 674 5304; x_wconf 67' lang='grc' dir='ltr'>ἐπερχόμενον</span> <span class='ocrx_word' id='word_1_740' title='bbox 727 5232 997 5299; x_wconf 78' lang='grc' dir='ltr'>ὄλεθρον,</span> <span class='ocrx_word' id='word_1_741' title='bbox 1048 5232 1106 5284; x_wconf 84' lang='grc' dir='ltr'>ὂν</span> <span class='ocrx_word' id='word_1_742' title='bbox 1159 5234 1249 5286; x_wconf 82' lang='grc' dir='ltr'>καὶ</span> <span class='ocrx_word' id='word_1_743' title='bbox 1279 5234 1551 5296; x_wconf 79' lang='grc' dir='ltr'>βόθυνον</span> <span class='ocrx_word' id='word_1_744' title='bbox 1591 5234 1766 5297; x_wconf 76' lang='grc' dir='ltr'>καλεῖ,</span> <span class='ocrx_word' id='word_1_745' title='bbox 1793 5235 1855 5287; x_wconf 83' lang='grc' dir='ltr'>τὸ</span> 
     </span>
    </p>
   </div>
   <div class='ocr_carea' id='block_1_98' title="bbox 259 5321 1851 5396">
    <p class='ocr_par' dir='ltr' id='par_1_98' title="bbox 259 5321 1851 5396">
     <span class='ocr_line' id='line_1_98' title="bbox 259 5321 1851 5396; baseline -0.003 -15"><span class='ocrx_word' id='word_1_746' title='bbox 259 5328 511 5396; x_wconf 75' lang='grc' dir='ltr'>ἄφυκτον</span> <span class='ocrx_word' id='word_1_747' title='bbox 542 5321 651 5375; x_wconf 81' lang='grc' dir='ltr'><strong>τῶν</strong></span> <span class='ocrx_word' id='word_1_748' title='bbox 684 5322 1130 5390; x_wconf 82' lang='grc' dir='ltr'>ἐμπεπτωκότων</span> <span class='ocrx_word' id='word_1_749' title='bbox 1171 5322 1366 5392; x_wconf 81' lang='grc' dir='ltr'>δηλῶν.</span> <span class='ocrx_word' id='word_1_750' title='bbox 1431 5323 1739 5393; x_wconf 52' lang='lat' dir='ltr'><strong>[lapis-capt</strong></span> <span class='ocrx_word' id='word_1_751' title='bbox 1795 5323 1851 5377; x_wconf 86' lang='grc' dir='ltr'>δὲ</span> 
     </span>
    </p>
   </div>
   <div class='ocr_carea' id='block_1_99' title="bbox 261 5412 1850 5483">
    <p class='ocr_par' dir='ltr' id='par_1_99' title="bbox 261 5412 1850 5483">
     <span class='ocr_line' id='line_1_99' title="bbox 261 5412 1850 5483; baseline -0.004 -12"><span class='ocrx_word' id='word_1_752' title='bbox 261 5417 469 5483; x_wconf 64' lang='grc' dir='ltr'>Δανιὴλ</span> <span class='ocrx_word' id='word_1_753' title='bbox 501 5416 647 5475; x_wconf 83' lang='grc' dir='ltr'>ὅπως</span> <span class='ocrx_word' id='word_1_754' title='bbox 674 5412 826 5483; x_wconf 72' lang='grc' dir='ltr'>παρὰ</span> <span class='ocrx_word' id='word_1_755' title='bbox 855 5412 1141 5475; x_wconf 79' lang='grc' dir='ltr'>Χαλδαίοις</span> <span class='ocrx_word' id='word_1_756' title='bbox 1172 5414 1467 5482; x_wconf 81' lang='grc' dir='ltr'>διέπρεπον</span> <span class='ocrx_word' id='word_1_757' title='bbox 1496 5415 1660 5483; x_wconf 82' lang='grc' dir='ltr'>μάγοι</span> <span class='ocrx_word' id='word_1_758' title='bbox 1684 5413 1850 5477; x_wconf 83' lang='grc' dir='ltr'>τινὲς,</span> 
     </span>
    </p>
   </div>
   <div class='ocr_carea' id='block_1_100' title="bbox 262 5505 1852 5578">
    <p class='ocr_par' dir='ltr' id='par_1_100' title="bbox 262 5505 1852 5578">
     <span class='ocr_line' id='line_1_100' title="bbox 262 5505 1852 5578; baseline -0.004 -12"><span class='ocrx_word' id='word_1_759' title='bbox 262 5514 367 5567; x_wconf 70' lang='grc' dir='ltr'>καὶ</span> <span class='ocrx_word' id='word_1_760' title='bbox 400 5508 733 5578; x_wconf 72' lang='grc' dir='ltr'>Γαζαρηνοὶ,</span> <span class='ocrx_word' id='word_1_761' title='bbox 789 5509 881 5559; x_wconf 73' lang='grc' dir='ltr'>καὶ</span> <span class='ocrx_word' id='word_1_762' title='bbox 934 5508 1237 5577; x_wconf 61' lang='grc' dir='ltr'>φῖρμακοῖ,</span> <span class='ocrx_word' id='word_1_763' title='bbox 1289 5509 1381 5561; x_wconf 75' lang='grc' dir='ltr'>καὶ</span> <span class='ocrx_word' id='word_1_764' title='bbox 1425 5510 1473 5560; x_wconf 78' lang='lat' dir='ltr'><strong>oi</strong></span> <span class='ocrx_word' id='word_1_765' title='bbox 1511 5507 1579 5561; x_wconf 77' lang='grc' dir='ltr'><strong>τὰ</strong></span> <span class='ocrx_word' id='word_1_766' title='bbox 1625 5505 1852 5560; x_wconf 76' lang='grc' dir='ltr'>τοιαῦτα</span> 
     </span>
    </p>
   </div>
   <div class='ocr_carea' id='block_1_101' title="bbox 265 5597 1852 5672">
    <p class='ocr_par' dir='ltr' id='par_1_101' title="bbox 265 5597 1852 5672">
     <span class='ocr_line' id='line_1_101' title="bbox 265 5597 1852 5672; baseline -0.004 -18"><span class='ocrx_word' id='word_1_767' title='bbox 265 5603 425 5672; x_wconf 72' lang='grc' dir='ltr'>σοφοὶ</span> <span class='ocrx_word' id='word_1_768' title='bbox 454 5600 619 5668; x_wconf 72' lang='grc' dir='ltr'>(οὕτω</span> <span class='ocrx_word' id='word_1_769' title='bbox 648 5597 757 5665; x_wconf 73' lang='grc' dir='ltr'>γὰρ</span> <span class='ocrx_word' id='word_1_770' title='bbox 787 5597 978 5659; x_wconf 68' lang='grc' dir='ltr'>αὐτοὺς</span> <span class='ocrx_word' id='word_1_771' title='bbox 1011 5599 1285 5668; x_wconf 81' lang='grc' dir='ltr'>ἐκάλουν),</span> <span class='ocrx_word' id='word_1_772' title='bbox 1311 5599 1358 5651; x_wconf 83' lang='grc' dir='ltr'><strong>οἳ</strong></span> <span class='ocrx_word' id='word_1_773' title='bbox 1393 5602 1486 5652; x_wconf 73' lang='grc' dir='ltr'>καὶ</span> <span class='ocrx_word' id='word_1_774' title='bbox 1534 5597 1852 5667; x_wconf 78' lang='grc' dir='ltr'>εὐδοκίμουν</span> 
     </span>
    </p>
   </div>
   <div class='ocr_carea' id='block_1_102' title="bbox 348 5779 1818 5847">
    <p class='ocr_par' dir='ltr' id='par_1_102' title="bbox 348 5779 1818 5847">
     <span class='ocr_line' id='line_1_102' title="bbox 348 5779 1818 5847; baseline -0.001 -13"><span class='ocrx_word' id='word_1_775' title='bbox 348 5783 392 5813; x_wconf 84' lang='grc'><strong>⁷³</strong></span> <span class='ocrx_word' id='word_1_776' title='bbox 419 5780 649 5834; x_wconf 80' lang='lat' dir='ltr'><strong>Zacliar.</strong></span> <span class='ocrx_word' id='word_1_777' title='bbox 681 5798 714 5834; x_wconf 84' lang='grc' dir='ltr'><strong>ι.</strong></span> <span class='ocrx_word' id='word_1_778' title='bbox 760 5782 814 5834; x_wconf 75' lang='grc' dir='ltr'>Η</span> <span class='ocrx_word' id='word_1_779' title='bbox 836 5780 941 5840; x_wconf 74' lang='lat' dir='ltr'><strong>,lii.</strong></span> <span class='ocrx_word' id='word_1_780' title='bbox 971 5781 1014 5813; x_wconf 55' lang='grc' dir='ltr'><strong>τι</strong></span> <span class='ocrx_word' id='word_1_781' title='bbox 1083 5779 1271 5847; x_wconf 52' lang='lat' dir='ltr'><strong>(ialm,</strong></span> <span class='ocrx_word' id='word_1_782' title='bbox 1303 5782 1395 5838; x_wconf 69' lang='lat'><strong>20.</strong></span> <span class='ocrx_word' id='word_1_783' title='bbox 1430 5782 1476 5813; x_wconf 83' lang='lat'><strong>&quot;&#39;</strong></span> <span class='ocrx_word' id='word_1_784' title='bbox 1511 5780 1642 5833; x_wconf 87' lang='lat' dir='ltr'><strong>Dan.</strong></span> <span class='ocrx_word' id='word_1_785' title='bbox 1674 5793 1734 5839; x_wconf 85' lang='lat' dir='ltr'><strong>It,</strong></span> <span class='ocrx_word' id='word_1_786' title='bbox 1769 5783 1818 5835; x_wconf 76' lang='grc' dir='ltr'>Ξ.</span> 
     </span>
    </p>
   </div>
   <div class='ocr_carea' id='block_1_103' title="bbox 1955 4597 3532 4669">
    <p class='ocr_par' dir='ltr' id='par_1_103' title="bbox 1955 4597 3532 4669">
     <span class='ocr_line' id='line_1_103' title="bbox 1955 4597 3532 4669; baseline -0.001 -16"><span class='ocrx_word' id='word_1_787' title='bbox 1955 4599 2315 4664; x_wconf 60' lang='lat' dir='ltr'><strong>daemonibus,</strong></span> <span class='ocrx_word' id='word_1_788' title='bbox 2348 4614 2464 4666; x_wconf 84' lang='lat' dir='ltr'><strong>spes</strong></span> <span class='ocrx_word' id='word_1_789' title='bbox 2498 4597 2774 4661; x_wconf 71' lang='lat' dir='ltr'><strong>exciderit,</strong></span> <span class='ocrx_word' id='word_1_790' title='bbox 2806 4614 3029 4666; x_wconf 82' lang='lat' dir='ltr'><strong>quorum</strong></span> <span class='ocrx_word' id='word_1_791' title='bbox 3065 4598 3229 4652; x_wconf 76' lang='lat' dir='ltr'><strong>virtus</strong></span> <span class='ocrx_word' id='word_1_792' title='bbox 3256 4598 3325 4654; x_wconf 84' lang='lat' dir='ltr'><strong>ab</strong></span> <span class='ocrx_word' id='word_1_793' title='bbox 3357 4599 3532 4669; x_wconf 83' lang='lat' dir='ltr'><strong>impo-</strong></span> 
     </span>
    </p>
   </div>
   <div class='ocr_carea' id='block_1_104' title="bbox 1956 4689 3531 4759">
    <p class='ocr_par' dir='ltr' id='par_1_104' title="bbox 1956 4689 3531 4759">
     <span class='ocr_line' id='line_1_104' title="bbox 1956 4689 3531 4759; baseline 0 -15"><span class='ocrx_word' id='word_1_794' title='bbox 1956 4693 2124 4745; x_wconf 89' lang='lat' dir='ltr'><strong>tentia</strong></span> <span class='ocrx_word' id='word_1_795' title='bbox 2154 4707 2259 4743; x_wconf 92' lang='lat' dir='ltr'><strong>non</strong></span> <span class='ocrx_word' id='word_1_796' title='bbox 2289 4689 2494 4751; x_wconf 79' lang='lat' dir='ltr'><strong>diﬂ&#39;ert,</strong></span> <span class='ocrx_word' id='word_1_797' title='bbox 2528 4690 2621 4759; x_wconf 93' lang='lat' dir='ltr'><strong>qui</strong></span> <span class='ocrx_word' id='word_1_798' title='bbox 2663 4690 2758 4742; x_wconf 83' lang='lat' dir='ltr'><strong>tibi</strong></span> <span class='ocrx_word' id='word_1_799' title='bbox 2793 4689 3242 4757; x_wconf 74' lang='lat' dir='ltr'><strong>nihilquidquam</strong></span> <span class='ocrx_word' id='word_1_800' title='bbox 3275 4690 3358 4742; x_wconf 79' lang='lat' dir='ltr'><strong>vel</strong></span> <span class='ocrx_word' id='word_1_801' title='bbox 3386 4704 3531 4759; x_wconf 72' lang='lat' dir='ltr'><strong>pra:-</strong></span> 
     </span>
    </p>
   </div>
   <div class='ocr_carea' id='block_1_105' title="bbox 1955 4772 3529 4843">
    <p class='ocr_par' dir='ltr' id='par_1_105' title="bbox 1955 4772 3529 4843">
     <span class='ocr_line' id='line_1_105' title="bbox 1955 4772 3529 4843; baseline -0.003 -12"><span class='ocrx_word' id='word_1_802' title='bbox 1955 4776 2155 4840; x_wconf 88' lang='lat' dir='ltr'><strong>dicere,</strong></span> <span class='ocrx_word' id='word_1_803' title='bbox 2184 4787 2238 4829; x_wconf 90' lang='lat' dir='ltr'><strong>ut</strong></span> <span class='ocrx_word' id='word_1_804' title='bbox 2256 4790 2355 4843; x_wconf 81' lang='lat' dir='ltr'><strong>ego</strong></span> <span class='ocrx_word' id='word_1_805' title='bbox 2378 4776 2501 4836; x_wconf 87' lang='lat' dir='ltr'><strong>ista,</strong></span> <span class='ocrx_word' id='word_1_806' title='bbox 2527 4774 2611 4827; x_wconf 87' lang='lat' dir='ltr'><strong>vel</strong></span> <span class='ocrx_word' id='word_1_807' title='bbox 2630 4773 2880 4826; x_wconf 76' lang='lat' dir='ltr'><strong>auxiliari</strong></span> <span class='ocrx_word' id='word_1_808' title='bbox 2905 4781 3132 4841; x_wconf 83' lang='lat' dir='ltr'><strong>queunt.</strong></span> <span class='ocrx_word' id='word_1_809' title='bbox 3157 4772 3221 4826; x_wconf 80' lang='lat' dir='ltr'><strong>At</strong></span> <span class='ocrx_word' id='word_1_810' title='bbox 3240 4786 3357 4842; x_wconf 92' lang='lat' dir='ltr'><strong>pro,</strong></span> <span class='ocrx_word' id='word_1_811' title='bbox 3382 4773 3529 4827; x_wconf 80' lang='lat' dir='ltr'><strong>Scito</strong></span> 
     </span>
    </p>
   </div>
   <div class='ocr_carea' id='block_1_106' title="bbox 1954 4861 3530 4932">
    <p class='ocr_par' dir='ltr' id='par_1_106' title="bbox 1954 4861 3530 4932">
     <span class='ocr_line' id='line_1_106' title="bbox 1954 4861 3530 4932; baseline 0.001 -17"><span class='ocrx_word' id='word_1_812' title='bbox 1954 4864 2096 4932; x_wconf 76' lang='lat' dir='ltr'><strong>quod</strong></span> <span class='ocrx_word' id='word_1_813' title='bbox 2139 4862 2419 4930; x_wconf 78' lang='lat' dir='ltr'><strong>prudentia</strong></span> <span class='ocrx_word' id='word_1_814' title='bbox 2450 4864 2638 4916; x_wconf 79' lang='lat' dir='ltr'><strong>Iterum</strong></span> <span class='ocrx_word' id='word_1_815' title='bbox 2668 4864 2788 4927; x_wconf 80' lang='lat' dir='ltr'><strong>erit,</strong></span> <span class='ocrx_word' id='word_1_816' title='bbox 2817 4879 2865 4915; x_wconf 89' lang='lat' dir='ltr'><strong>et</strong></span> <span class='ocrx_word' id='word_1_817' title='bbox 2897 4862 3182 4929; x_wconf 75' lang='lat' dir='ltr'><strong>fornicatt&#39;o</strong></span> <span class='ocrx_word' id='word_1_818' title='bbox 3211 4871 3301 4915; x_wconf 84' lang='lat' dir='ltr'><strong>tua</strong></span> <span class='ocrx_word' id='word_1_819' title='bbox 3320 4861 3415 4915; x_wconf 76' lang='lat' dir='ltr'><strong>tibi</strong></span> <span class='ocrx_word' id='word_1_820' title='bbox 3436 4862 3530 4916; x_wconf 81' lang='lat' dir='ltr'><strong>de-</strong></span> 
     </span>
    </p>
   </div>
   <div class='ocr_carea' id='block_1_107' title="bbox 1956 4951 3532 5024">
    <p class='ocr_par' dir='ltr' id='par_1_107' title="bbox 1956 4951 3532 5024">
     <span class='ocr_line' id='line_1_107' title="bbox 1956 4951 3532 5024; baseline -0.001 -16"><span class='ocrx_word' id='word_1_821' title='bbox 1956 4958 2153 5019; x_wconf 83' lang='lat' dir='ltr'><strong>decori,</strong></span> <span class='ocrx_word' id='word_1_822' title='bbox 2196 4956 2267 5008; x_wconf 86' lang='lat' dir='ltr'><strong>ita</strong></span> <span class='ocrx_word' id='word_1_823' title='bbox 2316 4955 2720 5024; x_wconf 87' lang='lat' dir='ltr'><strong>Symmachus:</strong></span> <span class='ocrx_word' id='word_1_824' title='bbox 2757 4951 2821 5006; x_wconf 85' lang='lat' dir='ltr'><strong>Et</strong></span> <span class='ocrx_word' id='word_1_825' title='bbox 2871 4954 3218 5023; x_wconf 85' lang='lat' dir='ltr'><strong>intelligentia</strong></span> <span class='ocrx_word' id='word_1_826' title='bbox 3265 4964 3378 5015; x_wconf 85' lang='lat' dir='ltr'><strong>tua,</strong></span> <span class='ocrx_word' id='word_1_827' title='bbox 3420 4953 3532 5007; x_wconf 71' lang='lat' dir='ltr'><strong>hac</strong></span> 
     </span>
    </p>
   </div>
   <div class='ocr_carea' id='block_1_108' title="bbox 1956 5042 3533 5114">
    <p class='ocr_par' dir='ltr' id='par_1_108' title="bbox 1956 5042 3533 5114">
     <span class='ocr_line' id='line_1_108' title="bbox 1956 5042 3533 5114; baseline -0.003 -15"><span class='ocrx_word' id='word_1_828' title='bbox 1956 5048 2151 5114; x_wconf 82' lang='lat' dir='ltr'><strong>decepit</strong></span> <span class='ocrx_word' id='word_1_829' title='bbox 2187 5057 2253 5100; x_wconf 88' lang='lat' dir='ltr'><strong>te.</strong></span> <span class='ocrx_word' id='word_1_830' title='bbox 2287 5043 2385 5098; x_wconf 82' lang='lat' dir='ltr'><strong>Ubi</strong></span> <span class='ocrx_word' id='word_1_831' title='bbox 2426 5045 2787 5113; x_wconf 63' lang='lat' dir='ltr'><strong>intelligentia</strong></span> <span class='ocrx_word' id='word_1_832' title='bbox 2818 5046 3039 5099; x_wconf 85' lang='lat' dir='ltr'><strong>nomine</strong></span> <span class='ocrx_word' id='word_1_833' title='bbox 3086 5042 3418 5097; x_wconf 86' lang='lat' dir='ltr'><strong>vaticinandi</strong></span> <span class='ocrx_word' id='word_1_834' title='bbox 3440 5056 3533 5095; x_wconf 78' lang='lat' dir='ltr'><strong>ar—</strong></span> 
     </span>
    </p>
   </div>
   <div class='ocr_carea' id='block_1_109' title="bbox 1960 5127 3530 5202">
    <p class='ocr_par' dir='ltr' id='par_1_109' title="bbox 1960 5127 3530 5202">
     <span class='ocr_line' id='line_1_109' title="bbox 1960 5127 3530 5202; baseline -0.004 -14"><span class='ocrx_word' id='word_1_835' title='bbox 1960 5145 2067 5188; x_wconf 82' lang='lat' dir='ltr'><strong>tein</strong></span> <span class='ocrx_word' id='word_1_836' title='bbox 2102 5132 2445 5202; x_wconf 77' lang='lat' dir='ltr'><strong>signiticovit.</strong></span> <span class='ocrx_word' id='word_1_837' title='bbox 2479 5132 2546 5185; x_wconf 88' lang='lat' dir='ltr'><strong>Et</strong></span> <span class='ocrx_word' id='word_1_838' title='bbox 2580 5131 2705 5185; x_wconf 85' lang='lat' dir='ltr'><strong>inde</strong></span> <span class='ocrx_word' id='word_1_839' title='bbox 2736 5141 2840 5198; x_wconf 84' lang='lat' dir='ltr'><strong>est,</strong></span> <span class='ocrx_word' id='word_1_840' title='bbox 2870 5130 3016 5199; x_wconf 76' lang='lat' dir='ltr'><strong>quod</strong></span> <span class='ocrx_word' id='word_1_841' title='bbox 3060 5131 3165 5184; x_wconf 85' lang='lat' dir='ltr'><strong>ait;</strong></span> <span class='ocrx_word' id='word_1_842' title='bbox 3196 5127 3267 5183; x_wconf 83' lang='lat' dir='ltr'><strong>Et</strong></span> <span class='ocrx_word' id='word_1_843' title='bbox 3308 5146 3411 5182; x_wconf 88' lang='lat' dir='ltr'><strong>non</strong></span> <span class='ocrx_word' id='word_1_844' title='bbox 3441 5145 3530 5182; x_wconf 62' lang='lat' dir='ltr'><strong>eoo</strong></span> 
     </span>
    </p>
   </div>
   <div class='ocr_carea' id='block_1_110' title="bbox 1956 5222 3530 5295">
    <p class='ocr_par' dir='ltr' id='par_1_110' title="bbox 1956 5222 3530 5295">
     <span class='ocr_line' id='line_1_110' title="bbox 1956 5222 3530 5295; baseline -0.003 -17"><span class='ocrx_word' id='word_1_845' title='bbox 1956 5241 2168 5295; x_wconf 84' lang='lat' dir='ltr'><strong>gnosces</strong></span> <span class='ocrx_word' id='word_1_846' title='bbox 2202 5239 2267 5277; x_wconf 76' lang='lat' dir='ltr'><strong>ea:</strong></span> <span class='ocrx_word' id='word_1_847' title='bbox 2315 5224 2576 5277; x_wconf 79' lang='lat' dir='ltr'><strong>vaticiniis</strong></span> <span class='ocrx_word' id='word_1_848' title='bbox 2604 5222 2963 5275; x_wconf 84' lang='lat' dir='ltr'><strong>advenientem</strong></span> <span class='ocrx_word' id='word_1_849' title='bbox 3010 5222 3322 5284; x_wconf 86' lang='lat' dir='ltr'><strong>interitum;</strong></span> <span class='ocrx_word' id='word_1_850' title='bbox 3370 5235 3530 5289; x_wconf 83' lang='lat' dir='ltr'><strong>quem</strong></span> 
     </span>
    </p>
   </div>
   <div class='ocr_carea' id='block_1_111' title="bbox 1957 5309 3532 5385">
    <p class='ocr_par' dir='ltr' id='par_1_111' title="bbox 1957 5309 3532 5385">
     <span class='ocr_line' id='line_1_111' title="bbox 1957 5309 3532 5385; baseline -0.004 -14"><span class='ocrx_word' id='word_1_851' title='bbox 1957 5320 2160 5385; x_wconf 79' lang='lat' dir='ltr'><strong>[aream</strong></span> <span class='ocrx_word' id='word_1_852' title='bbox 2187 5316 2347 5371; x_wconf 87' lang='lat' dir='ltr'><strong>etiam</strong></span> <span class='ocrx_word' id='word_1_853' title='bbox 2380 5314 2690 5384; x_wconf 79' lang='lat' dir='ltr'><strong>appellavit,</strong></span> <span class='ocrx_word' id='word_1_854' title='bbox 2727 5320 2784 5366; x_wconf 92' lang='lat' dir='ltr'><strong>ut</strong></span> <span class='ocrx_word' id='word_1_855' title='bbox 2821 5327 2937 5377; x_wconf 89' lang='lat' dir='ltr'><strong>eos,</strong></span> <span class='ocrx_word' id='word_1_856' title='bbox 2959 5312 3051 5381; x_wconf 91' lang='lat' dir='ltr'><strong>qui</strong></span> <span class='ocrx_word' id='word_1_857' title='bbox 3086 5312 3138 5365; x_wconf 91' lang='lat' dir='ltr'><strong>in</strong></span> <span class='ocrx_word' id='word_1_858' title='bbox 3162 5327 3281 5365; x_wconf 88' lang='lat' dir='ltr'><strong>eam</strong></span> <span class='ocrx_word' id='word_1_859' title='bbox 3316 5309 3532 5365; x_wconf 83' lang='lat' dir='ltr'><strong>cecide-</strong></span> 
     </span>
    </p>
   </div>
   <div class='ocr_carea' id='block_1_112' title="bbox 1944 5402 3535 5472">
    <p class='ocr_par' dir='ltr' id='par_1_112' title="bbox 1944 5402 3535 5472">
     <span class='ocr_line' id='line_1_112' title="bbox 1944 5402 3535 5472; baseline -0.008 -8"><span class='ocrx_word' id='word_1_860' title='bbox 1944 5413 2072 5471; x_wconf 87' lang='lat' dir='ltr'><strong>rint,</strong></span> <span class='ocrx_word' id='word_1_861' title='bbox 2116 5424 2223 5463; x_wconf 89' lang='lat' dir='ltr'><strong>non</strong></span> <span class='ocrx_word' id='word_1_862' title='bbox 2251 5423 2373 5462; x_wconf 89' lang='lat' dir='ltr'><strong>csse</strong></span> <span class='ocrx_word' id='word_1_863' title='bbox 2403 5422 2667 5463; x_wconf 87' lang='lat' dir='ltr'><strong>evasuros</strong></span> <span class='ocrx_word' id='word_1_864' title='bbox 2700 5407 3126 5461; x_wconf 81' lang='lat' dir='ltr'><strong>demonstraret.</strong></span> <span class='ocrx_word' id='word_1_865' title='bbox 3184 5402 3358 5472; x_wconf 70' lang='lat' dir='ltr'><strong>Legas</strong></span> <span class='ocrx_word' id='word_1_866' title='bbox 3405 5417 3535 5457; x_wconf 77' lang='lat' dir='ltr'><strong>vero</strong></span> 
     </span>
    </p>
   </div>
   <div class='ocr_carea' id='block_1_113' title="bbox 1958 5496 3537 5572">
    <p class='ocr_par' dir='ltr' id='par_1_113' title="bbox 1958 5496 3537 5572">
     <span class='ocr_line' id='line_1_113' title="bbox 1958 5496 3537 5572; baseline -0.006 -16"><span class='ocrx_word' id='word_1_867' title='bbox 1958 5503 2177 5572; x_wconf 85' lang='lat' dir='ltr'><strong>etapud</strong></span> <span class='ocrx_word' id='word_1_868' title='bbox 2228 5500 2502 5554; x_wconf 74' lang='lat' dir='ltr'><strong>Danielem</strong></span> <span class='ocrx_word' id='word_1_869' title='bbox 2536 5514 2721 5567; x_wconf 86' lang='lat' dir='ltr'><strong>magos</strong></span> <span class='ocrx_word' id='word_1_870' title='bbox 2764 5498 2817 5551; x_wconf 89' lang='lat' dir='ltr'><strong>in</strong></span> <span class='ocrx_word' id='word_1_871' title='bbox 2858 5496 3106 5550; x_wconf 68' lang='lat' dir='ltr'><strong>Chaldtea</strong></span> <span class='ocrx_word' id='word_1_872' title='bbox 3150 5499 3439 5563; x_wconf 61' lang='lat' dir='ltr'><strong>quosdam,</strong></span> <span class='ocrx_word' id='word_1_873' title='bbox 3481 5499 3537 5546; x_wconf 77' lang='lat' dir='ltr'><strong>et</strong></span> 
     </span>
    </p>
   </div>
   <div class='ocr_carea' id='block_1_114' title="bbox 1962 5584 3537 5659">
    <p class='ocr_par' dir='ltr' id='par_1_114' title="bbox 1962 5584 3537 5659">
     <span class='ocr_line' id='line_1_114' title="bbox 1962 5584 3537 5659; baseline -0.008 -10"><span class='ocrx_word' id='word_1_874' title='bbox 1962 5594 2291 5659; x_wconf 78' lang='lat' dir='ltr'><strong>Gazarcnos,</strong></span> <span class='ocrx_word' id='word_1_875' title='bbox 2344 5602 2396 5647; x_wconf 88' lang='lat' dir='ltr'><strong>et</strong></span> <span class='ocrx_word' id='word_1_876' title='bbox 2446 5591 2810 5653; x_wconf 79' lang='lat' dir='ltr'><strong>vcnclicos&quot;,</strong></span> <span class='ocrx_word' id='word_1_877' title='bbox 2853 5589 3097 5657; x_wconf 56' lang='lat' dir='ltr'><strong>aliosque</strong></span> <span class='ocrx_word' id='word_1_878' title='bbox 3146 5588 3344 5639; x_wconf 88' lang='lat' dir='ltr'><strong>artium</strong></span> <span class='ocrx_word' id='word_1_879' title='bbox 3395 5584 3537 5652; x_wconf 79' lang='lat' dir='ltr'><strong>ejus-</strong></span> 
     </span>
    </p>
   </div>
  </div>
