4262 6434
765 378 902 443 illi?

2098 386 2449 449 PROCOI‘II
2480 388 2725 449 GAZ/EI

3904 386 4038 449 2443

764 493 910 544 moui
948 489 1315 560 professores,
1356 505 1491 562 quos
1529 493 1605 547 illi
1661 495 1939 565 sapientes
1978 506 2195 561 vocant,
2236 498 2335 552 cla-

2458 498 2609 569 παρὰ
2633 498 2712 569 τῷ
2738 498 2985 569 βασιλεῖ,
3026 496 3099 561 ὡς
3130 494 3199 550 δι’
3236 494 3417 550 αὐτῶν
3462 497 3901 569 κατορθουμένης
3935 501 4032 567 τῆς

764 582 964 647 luisse,
1000 591 1320 651 tantumque
1346 585 1455 653 regi
1486 585 1745 653 probatos
1785 586 1978 652 fuisse,
2009 596 2067 641 ut
2101 604 2211 642 non
2241 588 2349 642 nisi

762 690 950 725 eorum
977 673 1237 742 auspiciis
1259 688 1484 743 regnum
1516 676 1750 731 feliciter
1786 678 2162 734 administrari
2185 695 2349 750 posse

762 765 1041 816 crederet:
1069 778 1208 833 quos
1232 764 1319 816 hic
1354 779 1450 833 per
1489 765 1659 833 ignem
1689 782 1953 835 passuros
1982 783 2109 823 esse
2166 768 2349 823 vindi-

762 866 905 907 ctam
964 863 1149 909 mouet
1187 856 1468 925 propheta,
1511 870 1635 910 cum
1675 864 1731 912 et
1760 857 1956 928 ipsam,
2004 859 2169 913 nullis
2193 861 2351 914 auxi--

762 949 892 999 lium
957 946 1099 1001 ferre
1131 948 1461 1010 valentibus,
1507 947 1630 1016 igne
1689 951 2029 1021 conﬂagrare
2068 950 2347 1004 civitatem

760 1040 1073 1109 contigerit.
1100 1040 1239 1094 Sunt
1273 1047 1454 1093 tamen
1488 1041 1579 1109 qui
1610 1056 1917 1096 sermonem
1943 1043 2009 1096 ad
2033 1042 2347 1097 Chaldwam

760 1134 967 1187 ironice
1021 1134 1179 1202 dirigi
1246 1133 1606 1199 arbitrentur,
1659 1148 1784 1187 cum
1850 1134 2042 1190 habere
2092 1137 2346 1192 carbones

759 1228 917 1296 ignis,
970 1235 1267 1280 aestuantes
1310 1226 1566 1278 nimirum
1610 1235 1664 1279 et
1698 1226 2052 1297 praefervidos
2092 1229 2345 1284 homines

758 1318 883 1373 illos
914 1319 1072 1383 dixit,
1114 1318 1182 1372 de
1205 1318 1406 1388 quibus
1430 1319 1716 1382 intellexit,
1739 1334 1888 1383 cum,
1930 1320 1976 1374 si
2009 1322 2233 1390 quando
2256 1338 2345 1374 su-

756 1429 847 1478 per
879 1412 1037 1482 537
1068 1429 1154 1465 eos
1184 1411 1405 1474 sederis,
1440 1411 1492 1463 id
1523 1420 1628 1474 est,
1666 1410 2026 1480 requieveris,
2075 1414 2342 1483 adjunxit.

756 1504 1004 1556 Aderunt
1030 1504 1173 1557 enim
1208 1504 1304 1556 tibi
1333 1504 1384 1555 in
1412 1503 1700 1559 auxilium.
1733 1504 1828 1559 Vel
1854 1516 2022 1571 terte,
2054 1508 2343 1561 carbonum

756 1595 1001 1655 nomine,
1056 1593 1236 1657 utiles,
1288 1601 1341 1647 et
1373 1595 1440 1648 ad
1480 1596 1921 1666 resipiscentiam
1973 1610 2341 1668 provocantes

754 1698 943 1751 pmttas
974 1684 1266 1750 signiﬁcat.
1306 1683 1427 1737 Tibi
1463 1687 1629 1749 enim,
1680 1687 1879 1756 inquit,
1924 1704 2047 1742 cum
2094 1692 2340 1760 resipuc-

754 1776 855 1837 ris,
889 1776 989 1829 ista
1036 1776 1087 1827 in
1130 1776 1479 1830 commodum
1525 1792 1609 1831 me
1648 1779 1949 1833 auxiliante
1994 1783 2225 1836 cesserit
2255 1783 2339 1837 ul-

2455 591 2757 660 βασιλείας,
2789 590 2882 654 οὓς
2910 607 3044 660 φησι
3092 589 3505 660 καταλήψεσθαι
3558 594 3658 662 τὴν
3710 591 3810 644 διὰ
3845 592 4032 660 πυρὸς

2451 683 2748 752 τιμωρίαν,
2770 682 2931 753 ἡνίκα
2960 680 3330 753 πυρίκαυστος
3361 682 3457 734 καὶ
3486 683 3519 751 ἡ
3548 682 3703 744 πόλις
3727 684 4030 751 γενήσεται,

2454 772 2589 840 μηδὲ
2610 771 2795 834 αὐτοῖς
2843 771 3056 841 βοηθεῖν
3086 772 3440 841 δυναμένους.
3471 772 3629 835 Τινὲς
3650 772 3705 824 δὲ
3728 774 3846 825 κατ’
3877 774 4035 841 εἰρω-

2450 864 2597 917 νείαν
2623 865 2713 917 τὸν
2740 863 2897 933 λόγον
2921 865 3055 935 πρὸς
3073 864 3187 931 τὴν
3210 865 3519 918 Χαλδαίαν
3541 865 3809 928 ἐδέξαντο.
3832 866 4035 932 Ἔχεις

2449 955 2756 1022 ἄνθρακας
2782 954 2995 1022 πυρὸς,
3034 956 3061 1008 ὅ
3100 956 3216 1006 ἐστι
3260 953 3499 1023 θερμοὺς
3530 954 3731 1022 ἄνδρας
3756 954 3850 1007 καὶ
3885 954 4033 1017 ζέον·

2448 1062 2569 1108 τας,
2596 1047 2725 1109 τοὺς
2748 1046 2877 1115 περὶ
2893 1039 2967 1098 ὧν
2987 1048 3013 1098 ὁ
3036 1044 3213 1112 λόγος,
3233 1044 3309 1097 ὅτ’
3326 1046 3393 1097 ἂν
3415 1043 3506 1095 ἐπ’
3529 1044 3730 1108 αὐτοῖς
3753 1045 4025 1109 καθίσῃς,

2448 1138 2476 1191 ὃ
2501 1138 2653 1190 ἐστιν
2684 1136 3074 1207 ὲπαναπαύσῃ.
3106 1137 3269 1189 Αὐτοὶ
3293 1136 3401 1207 γὰρ
3432 1137 3646 1191 ἔσονταί
3682 1153 3765 1188 σοι
3790 1135 4029 1204 βοήθεια.

2452 1230 2658 1296 ’ΊΙγουν
2681 1229 3002 1297 ἄνθρακας,
3025 1227 3123 1291 τάς
3152 1229 3585 1298 ἐπιστρεπτικὰς
3616 1229 3709 1280 καὶ
3726 1227 4032 1295 ὠφελίμους

2445 1319 2714 1390 τιμωρίας
2744 1319 2920 1372 καλεῖ.
2960 1319 3389 1389 Ἐπιστραφείσῃ
3412 1318 3521 1390 γάρ
3549 1335 3652 1382 σοι,
3673 1319 3857 1387 φησιν,
3884 1317 4033 1368 ἔσται

2443 1411 2513 1463 τὰ
2552 1414 2652 1481 τῆς
2686 1411 2961 1480 τιμωρίας
2983 1409 3120 1480 πρὸς
3148 1409 3359 1476 ἀγαθοῦ
3388 1410 3485 1478 τῆς
3513 1410 3642 1478 παρ’
3672 1406 3809 1477 ἐμοῦ
3834 1424 4036 1475 τυγχα-

2445 1502 2644 1571 νούσης
2669 1504 2980 1571 βοηθείας,
3013 1506 3062 1556 εἰ
3091 1504 3185 1557 καὶ
3213 1504 3306 1558 τὸν
3334 1504 3441 1574 πρὸ
3478 1503 3571 1555 τοῦ
3601 1502 3792 1572 χρόνον
3822 1503 3901 1561 είς
3919 1518 4033 1569 μα-

2442 1597 2795 1649 ταιοπονίαν
2830 1596 3177 1663 ἀναλωσας.
3206 1598 3248 1649 Τ
3253 1598 3391 1649 αὖτα
3424 1597 3480 1650 δὲ
3515 1596 3703 1665 φησιν,
3736 1594 3891 1647 ἔσται
3939 1591 4031 1645 καὶ

2442 1686 2564 1738 καθ’
2592 1686 2821 1739 ἕκαστον
2842 1686 2950 1740 τῶν
2976 1686 3303 1757 ἀνθρώπων.
3345 1686 3422 1739 Δι’
3468 1687 3695 1747 ἑαυτοὺς
3725 1684 3833 1752 γὰρ
3878 1687 4031 1735 πλα-

2439 1779 2723 1845 νηθέντες
2751 1778 3248 1849 ἕξουσιτιμωρίαν,
3274 1780 3339 1848 ἣν
3368 1780 3427 1831 οὐ
3465 1778 3638 1848 φεύξῃ
3668 1777 3741 1845 μὴ
3768 1776 4029 1845 μετανοή-

753 1869 854 1932 tio,
897 1869 1253 1937 quantumvis
1288 1878 1447 1923 antea
1492 1871 1545 1923 in
1590 1887 1782 1924 vanum
1823 1873 2174 1927 laboraveris.
2210 1875 2335 1929 Hac

2440 1886 2597 1923 σασα.
2638 1869 2713 1920 Τὸ
2743 1868 2797 1920 δὲ
2829 1869 3185 1933 ἐκοπίασας,
3215 1870 3337 1922 ἀντὶ
3379 1866 3475 1920 τοῦ
3509 1866 3878 1933 ἡσθένησας.
3916 1868 4031 1916 Με-

754 1969 957 2023 autem,
989 1960 1185 2030 inquit,
1221 1961 1383 2014 etiam
1440 1961 1671 2029 singulis
1720 1964 2029 2021 hominibus
2072 1973 2335 2021 eventura

753 2059 902 2103 sunt.
941 2050 1042 2103 l‘er
1072 2067 1129 2104 se
1164 2051 1309 2104 cnim
1342 2052 1432 2119 qui
1467 2063 1738 2117 errarunt,
1778 2053 2002 2107 multam
2028 2055 2332 2125 patientur;

751 2158 912 2208 quam
957 2156 1055 2194 nec
1086 2142 1194 2204 illa,
1226 2157 1387 2211 quam
1422 2145 1898 2214 nonpmnituerit,
1933 2148 2141 2202 evitare
2182 2159 2338 2217 pote-

754 2238 839 2287 rit.
860 2232 1143 2302 Signiﬁcat
1166 2226 1453 2289 veroidcm
1482 2236 1765 2301 laborasti,
1812 2254 1874 2293 ac
1898 2238 1942 2293 si
1958 2240 2338 2309 inlirmafuisti

732 2328 1003 2379 ~iiiXiSSCl.
1038 2324 1303 2381 Perfacile
1330 2327 1474 2381 enim
1498 2329 1799 2398 expugnari
1828 2329 2065 2399 capique
2094 2342 2335 2401 poteras,

752 2435 871 2487 qruc
905 2418 993 2471 Dei
1033 2420 1239 2471 cultum
1297 2434 1422 2474 cum
1462 2418 1804 2477 daemonibus
1843 2433 2224 2479 commutaras.
2268 2428 2338 2480 At

750 2511 919 2574 enim,
958 2527 1067 2578 quo
1127 2511 1245 2565 loco
1276 2508 1562 2566 Laborasti
1600 2513 1655 2566 in
1687 2516 2095 2570 commutatione
2138 2526 2251 2580 tua,
2284 2526 2340 2572 et

752 2616 872 2668 qua:
896 2613 1221 2669 sequuntur.
1256 2601 1515 2671 legimus;
1544 2602 1742 2656 ibidem
1766 2607 1980 2659 caeteri:
2018 2604 2335 2675 Negotiato-

752 2710 833 2744 res
869 2694 947 2745 tui
983 2693 1048 2744 ab
1087 2692 1439 2746 adolescentia
1487 2702 1598 2757 tua,
1637 2695 1992 2765 unusquisque
2018 2697 2073 2749 in
2100 2698 2205 2765 ﬁne
2234 2715 2330 2751 suo

750 2794 1081 2846 erraverunt,
1115 2799 1178 2836 ea:
1209 2781 1396 2851 quibus
1439 2784 1613 2837 nullus
1638 2786 1875 2839 inventus
1911 2794 1989 2841 est
2014 2788 2113 2840 tibi
2154 2789 2333 2842 salua-

753 2884 854 2939 tor,
888 2874 1356 2943 interpretantur;
1389 2873 1752 2944 Symmachus
1774 2886 1978 2943 autem,
2018 2879 2207 2949 Itaque
2228 2899 2332 2935 non

750 2975 847 3027 est,
901 2966 989 3033 qui
1023 2966 1184 3017 solvet
1218 2975 1285 3018 te.
1322 2965 1582 3020 Nonnulli
1639 2981 1802 3037 porro
1836 2969 2007 3023 illud:
2061 2970 2235 3027 Ilomo
2274 2974 2329 3027 in

751 3054 1033 3122 semetipso
1071 3056 1291 3118 erravit,
1326 3054 1422 3107 tibi
1441 3068 1618 3108 autent
1657 3074 1760 3112 non
1786 3061 1887 3112 erit
1924 3060 2095 3125 salus,
2130 3062 2204 3115 ita
2234 3076 2334 3116 ex-

2437 1959 2785 2013 ταόαλοῦσα
2817 1960 2925 2030 γὰρ
2948 1961 3027 2023 είς
3049 1960 3314 2029 δαίμονας
3337 1960 3445 2013 ἀπὸ
3478 1959 3613 2011 Θεοῦ
3640 1959 3739 2029 τὴν
3774 1956 4031 2026 λατρείαν

2437 2050 2707 2113 εὐάλωτος
2734 2052 2987 2118 γέγονας.
3034 2052 3181 2105 Ἀντὶ
3210 2052 3265 2105 δὲ
3298 2051 3394 2105 τοῦ
3417 2068 3430 2082 ·
3478 2050 3848 2116 Ἐκοπίασας
3869 2050 3938 2102 ὲν
3957 2048 4030 2116 τῇ

2431 2142 2735 2212 μεταϐολῇ
2762 2159 2901 2205 σου,
2948 2143 3045 2196 καὶ
3075 2142 3143 2196 τά
3183 2143 3313 2211 ἑξῆς
3336 2161 3349 2174 ο
3389 2144 3438 2197 οί
3492 2143 3670 2195 λοιποί
3722 2159 3887 2211 φασιν
3914 2182 3928 2204 ,
3963 2145 4028 2195 Ol

2438 2234 2685 2303 ἔμποροί
2710 2250 2827 2289 σου
2859 2234 2979 2288 ἀπὸ
3002 2237 3284 2303 νεότητός
3308 2249 3447 2289 σου.
3499 2236 3796 2299 Ἕκαστος
3835 2236 3922 2299 εἱς
3964 2234 4028 2285 τι)

2438 2324 2627 2393 πέραν
2650 2326 2675 2365 h
2712 2325 2930 2378 ἑαυτοῦ
2969 2325 3431 2393 ἐπλανήθησαν,
3462 2324 3530 2389 ἐξ
3560 2318 3648 2377 ὧν
3686 2322 3889 2388 οὐδεὶς
3930 2323 4028 2376 εῦ-

2428 2420 2611 2488 ρηταί
2630 2435 2729 2474 σοι
2748 2419 3146 2487 σωτήρ.--Διὸ
3171 2421 3283 2472 οὐκ
3306 2419 3479 2472 ἐστιν
3504 2421 3536 2471 ό
3558 2416 3757 2476 σώζων
3780 2432 3875 2480 σε,
3892 2417 4031 2469 κατὰ

2438 2512 2754 2581 Σύμμαχον.
2809 2510 2967 2571 Τινὲς
3000 2511 3057 2563 δὲ
3115 2510 3193 2573 τὸ,
3249 2511 3587 2578 Ἀνθρωπος
3630 2508 3758 2561 καθ’
3810 2507 4029 2559 ἑαυτὸν

2436 2602 2775 2670 ἐπλανήθη,
2808 2602 2906 2656 σοί
2942 2600 3010 2653 δὲ
3032 2603 3141 2654 οὐκ
3171 2600 3345 2654 ἔσται
3379 2600 3646 2667 σωτηρία
3677 2640 3692 2663 ,
3722 2596 3896 2659 οὕτως
3937 2598 4028 2667 ἐρ-

2442 2696 2737 2764 μήνευσαν,
2766 2694 2898 2746 ὡσεὶ
2936 2692 3121 2761 ἔλεγεν
3148 2707 3161 2722 ·
3199 2693 3391 2745 Πολλοὶ
3438 2691 3545 2744 τῶν
3592 2689 3898 2760 ἀνθρώπων
3939 2689 4029 2740 άν-

2438 2786 2724 2857 θριυπίνως
2748 2774 3155 2857 ἐπλανήθησαν,
3183 2784 3513 2854 συμμέτρως
3534 2784 3867 2844 ἀποστάντες
3892 2780 4025 2833 Θεοῦ

2440 2878 2670 2931 πάθεσιν
2695 2876 3083 2946 ὑπενεχθέντες
3120 2876 3355 2945 σαρκὸς”
3393 2876 3456 2927 σὺ
3480 2874 3536 2927 δὲ
3568 2874 3646 2936 είς
3679 2872 3839 2925 τοῦτο
3896 2889 4030 2940 προ-

2440 2968 2572 3039 έὸης
2625 2969 2970 3038 ἀνοσιότητος
3003 3008 3018 3033 ,
3046 2968 3121 3031 ὡς
3162 2966 3367 3039 μηδένα
3394 2982 3476 3019 σοι
3535 2965 3810 3034 σωτηρίας
3861 2966 4027 3016 τόπον

2437 3060 2877 3131 περιλειφθῆναι.

751 3146 974 3212 plicant,
1016 3161 1076 3199 ac
1108 3147 1151 3199 si
1202 3147 1503 3215 permultos
1539 3148 1790 3202 homines
1820 3150 2001 3205 carnis
2049 3150 2334 3207 aﬂ'cctihus
2375 3151 2654 3221 abreptos,
2682 3165 2805 3205 cum
2839 3149 3016 3204 a.Deo
3035 3150 3247 3204 modice
3309 3150 3693 3213 recessissent,
3736 3148 4027 3201 aberrasse

749 3236 991 3305 quidem,
1044 3247 1093 3293 te
1134 3247 1346 3302 autem,
1389 3255 1453 3293 eo
1498 3238 1856 3308 impunitatis,
1917 3241 2256 3309 processisse
2294 3242 2525 3308 diceret,
2560 3252 2618 3297 ut
2672 3242 2857 3297 nullus
2890 3240 2986 3296 tibi
3014 3242 3177 3295 saluti
3208 3244 3359 3294 locus
3402 3241 3736 3309 relinquatur
3766 3239 4022 3308 amplius.

1324 3373 1480 3428 CAP.
1524 3373 1754 3430 XLVIII.

821 3465 1155 3536 538Vms.
1178 3466 1333 3520 I—II.
1359 3466 1546 3520 Audite
1562 3466 1695 3529 lucc,
1713 3467 1903 3522 domus
1919 3467 2215 3539 Jacob,qui
2244 3487 2332 3524 vo-

749 3559 852 3612 cati
878 3558 1003 3610 estis
1037 3557 1245 3607 nomine
1276 3554 1467 3619 Israel,
1495 3566 1541 3608 ct
1567 3556 1750 3610 existis
1773 3556 1836 3609 tle
1870 3574 2007 3625 aqua
2038 3557 2206 3625 Iuda,
2240 3560 2330 3626 qui

744 3650 947 3717 ,urutis
989 3648 1200 3700 nomine
1238 3648 1453 3701 Domini
1489 3647 1583 3700 Dei
1619 3647 1815 3705 Israel.
1845 3652 1932 3718 qui
1975 3652 2330 3705 recordamini

750 3759 853 3796 non
880 3758 999 3794 eum
1033 3743 1272 3806 reritatc,
1310 3757 1472 3811 neque
1505 3757 1620 3793 cum
1646 3742 1888 3810 justitia,
1930 3744 2021 3811 qui
2044 3743 2329 3798 adlucretis

751 3852 853 3886 non
878 3835 953 3885 i-.i
987 3834 1216 3886 civitatis
1247 3842 1535 3898 sancta-,et
1554 3850 1706 3901 super
1733 3833 1897 3887 Deum
1921 3832 2094 3887 Israel
2116 3845 2329 3890 consta-

752 3924 887 3975 tu’.’.ti
914 3927 1059 3986 estis,
1090 3935 1191 3977 etc.

822 4120 1117 4190 Postquam
1152 4120 1218 4175 de
1246 4122 1561 4194 Babyloniis
1604 4124 1820 4179 locutus
1853 4132 1979 4190 est,
2011 4125 2077 4179 ad
2109 4123 2328 4181 Iudaeo-

751 4234 871 4271 rum
910 4218 1390 4287 reprehensionem
1427 4218 1633 4272 accedit
1661 4237 1675 4283 ;
1707 4218 1882 4287 deque
1906 4218 2014 4273 illis
2053 4234 2132 4284 sc,
2162 4234 2326 4289 prop-

752 4320 837 4362 ter
864 4308 1131 4378 iustitiam
1154 4323 1334 4374 suam,
1361 4323 1464 4362 non
1489 4310 1632 4379 quod
1657 4310 1862 4363 auxilio
1889 4309 1994 4364 isto
2015 4309 2163 4378 digni
2194 4310 2325 4374 sint,

748 4412 941 4466 pinnas
968 4412 1182 4450 sumerc
1204 4397 1564 4452 demonstrat.
1616 4397 1786 4453 Vocat
1804 4400 1948 4453 enim
1974 4398 2190 4451 domum
2220 4399 2323 4452 Ja-

749 4487 867 4552 cob,
902 4494 1163 4555 tanquam
1199 4488 1285 4540 avi
1317 4490 1533 4543 nomine
1577 4489 1871 4559 indignos;
1906 4490 2174 4559 nudaeque
2200 4497 2325 4543 tan-

752 4591 865 4633 tum
955 4580 1179 4632 Israelis
1259 4580 1684 4649 appellationis,
1734 4581 2095 4650 corporeique
2171 4582 2327 4637 Iuda:

751 4670 978 4724 seminis
1058 4670 1375 4738 participes.
1440 4670 1553 4725 Hoc
1629 4672 1775 4726 enim
1851 4687 1916 4725 ea:
1993 4689 2136 4743 aqua
2227 4672 2319 4727 di-

751 4774 885 4813 cens
951 4758 1305 4826 signiticavit.
1360 4757 1561 4811 ludam
1631 4759 1829 4814 deinde
1866 4769 2129 4830 tanquam
2175 4762 2326 4831 regio

748 4847 933 4914 generi
957 4846 1236 4916 ascripsit.
1275 4846 1378 4901 Sed
1412 4846 1577 4917 539
1597 4848 2059 4919 quemadmodum
2087 4849 2225 4906 falso
2250 4852 2324 4905 ita

745 4944 1108 5004 venabantur,
1146 4942 1240 5010 qui
1289 4944 1604 4998 nominibus
1637 4944 1703 4999 iis
1743 4953 1898 4999 erant
1945 4944 2189 5017 indigni:
2242 4948 2322 5002 sic

748 5047 872 5085 eum
921 5031 1198 5099 jurareut,
1234 5031 1427 5101 Deique
1462 5032 1637 5086 Israel
1667 5038 2111 5099 recordarentur,
2165 5037 2323 5092 labiis

750 5128 928 5192 ipsum
966 5125 1331 5187 honorabant,
1381 5127 1470 5194 qui
1506 5126 1671 5181 corde
1714 5129 1784 5181 ab
1806 5131 1995 5183 eodem
2044 5130 2201 5199 longe
2236 5144 2324 5185 re-

752 5215 906 5277 moti,
931 5214 1247 5283 frustraque
1274 5215 1507 5269 Domino
1527 5218 1684 5271 inniti
1707 5219 2052 5284 videbantur,
2083 5222 2174 5289 qui
2198 5222 2326 5273 civi-

751 5307 847 5358 luti
879 5307 1053 5361 eidem
1088 5316 1421 5361 consecrata:
1467 5309 1831 5363 adlucrebant.
1866 5311 2003 5364 Sunt
2035 5312 2324 5380 enimpost

750 5398 1003 5451 Ezechia:
1058 5408 1325 5468 tempora,
1366 5402 1416 5451 in
1450 5400 1599 5453 omni
1645 5401 1937 5469 impietatis
1964 5411 2018 5456 et
2053 5400 2323 5471 supersti-

750 5489 915 5545 tionis
946 5507 1143 5561 genere.
1168 5508 1265 5562 per
1296 5491 1603 5549 Mauassem
1652 5494 1896 5562 educati,
1932 5511 2094 5566 quem
2129 5497 2184 5549 in
2218 5510 2317 5548 au-

2355 3385 2403 3447 C

3014 3379 3264 3431 ΚΕΦΑΛ.
3300 3378 3439 3430 Μιιν.
3702 3446 3713 3454 η

2505 3472 2659 3527 α-ια’.
2715 3472 3031 3525 Ἀκούσατε
3082 3470 3288 3535 ταῦτα,
3348 3464 3511 3534 (hoc
3554 3467 3772 3529 Ἰακὼϐ,
3832 3470 3887 3521 οἱ
3926 3484 4025 3521 κε-

2434 3562 2719 3631 κλημένοι
2743 3564 2837 3615 ἐπὶ
2866 3561 2947 3627 τῷ
2976 3562 3218 3629 ὀνόματι
3265 3559 3538 3628 Ἰσραὴλ,
3573 3559 3669 3613 καὶ
3712 3560 3782 3624 ἐξ
3827 3560 4027 3614 Ἰούδα

2431 3654 2805 3717 ἐξελθόντες.
2856 3657 2921 3706 Ol
2977 3654 3304 3721 ὀμνύοντες
3362 3651 3442 3715 τῷ
3495 3653 3739 3721 ὀνόματι
3795 3654 4025 3718 Κυρίου

2435 3744 2584 3798 Θεοῦ
2613 3744 2884 3811 Ἰσραήλ.
2918 3747 3403 3813 Μιμνησκόμενοι
3436 3746 3508 3797 οὐ
3532 3746 3683 3811 μετὰ
3708 3745 4020 3809 ἀληθείας,

2431 3836 2573 3890 οὐδὲ
2620 3835 2770 3904 μετὰ
2800 3836 3214 3901 δικαιοσύνης,
3249 3835 3346 3887 καί
3375 3835 3761 3902 ἀντεχόμενοι
3787 3833 3865 3899 τῷ
3884 3836 4019 3887 ὀνό-

2424 3944 2566 3996 ματι
2600 3926 2708 3994 τῆς
2741 3928 2966 3991 πόλεως
3006 3926 3117 3992 τῆς
3153 3928 3345 3995 ἁγίας,
3373 3926 3469 3978 καὶ
3502 3926 3597 3978 ἐπὶ
3631 3926 3707 3991 τῷ
3738 3924 3863 3990 Θεῷ
3906 3927 4019 3980 Ἰσ-

2426 4017 2591 4084 ραὴλ
2618 4015 3183 4084 ἁντιστηριζόμενοι,
3221 4032 3275 4067 κ.
3305 4032 3355 4068 τ.
3387 4016 3436 4067 λ.

2502 4129 2581 4180 Τὰ
2618 4129 2760 4180 κατὰ
2812 4124 3173 4179 Βαϐυλωνίων
3229 4125 3435 4189 εἰπὼν,
3491 4112 3849 4193 ἐλεγκτικῶς
3882 4126 4021 4197 πρὸς

2441 4219 2725 4281 Ἰουδαίους
2766 4218 2954 4288 φησὶν,
2975 4217 3050 4279 ὡς
3076 4218 3174 4270 Διά
3200 4216 3261 4271 τὸ
3287 4218 3413 4287 παρ’
3453 4217 3578 4286 ἐμοὶ
3618 4217 3831 4270 δίκαιον
3873 4220 4020 4270 ὲκεί-

2427 4328 2551 4373 νους
2581 4310 2920 4379 μετέρχομαι
2955 4349 2969 4373 ,
3004 4308 3101 4377 οὐχ
3124 4309 3205 4360 ὅτι
3235 4306 3487 4377 βοηθείας
3518 4308 3673 4377 ὑμεῖς
3698 4308 3840 4371 ἄξιοι
3886 4310 4019 4361 καθ-

2428 4403 2718 4472 εστήκατε.
2758 4397 2939 4453 Οἷιιον
2968 4399 3077 4469 γὰρ
3113 4398 3268 4452 καλεῖ
3308 4398 3524 4463 Ἰακὼϐ,
3558 4400 3634 4461 ὠς
3665 4400 3761 4452 καὶ
3789 4401 3891 4469 τῆς
3920 4399 4017 4453 τοῦ

2428 4494 2776 4564 προπάτορος
2803 4491 3057 4555 ἀναξίους
3087 4490 3426 4561 ἐπωνυμίας,
3448 4492 3543 4543 καὶ
3569 4491 3730 4561 ψιλῆς
3759 4492 3855 4544 τοῦ
3896 4493 4018 4545 Ἶσ-

2422 4584 2585 4653 ραὴλ
2612 4584 2984 4655 προσηγορίας
3010 4582 3360 4651 μετέχοντας,
3393 4581 3490 4635 καὶ
3521 4582 3839 4651 σπέρματος
3869 4584 4019 4637 Ἰού-

2428 4677 2504 4730 δα
2537 4675 2873 4745 σωματικοῦ.
2910 4674 3081 4727 Τοῦτο
3106 4674 3215 4743 γάρ
3241 4674 3301 4727 τὸ
3332 4673 3400 4738 ἐξ
3440 4673 3679 4739 ὓδατος.
3723 4674 3812 4736 Ὠς
3854 4674 4016 4744 βασι-

2432 4767 2567 4837 λικῷ
2597 4767 2652 4819 δὲ
2688 4768 2835 4833 γένει
2889 4765 2980 4817 τὸν
3024 4764 3259 4818 Ἰούδαν
3308 4764 3639 4834 ἐπέγραψεν.
3692 4764 3909 4834 Ὠσπερ
3954 4765 4016 4819 δὲ

2430 4858 2641 4928 ψευδῶς
2676 4858 2924 4924 ἐλέγοντο
2947 4855 3126 4909 ταῦτα
3155 4855 3264 4907 τῶν
3285 4855 3568 4925 ὀνομάτων
3590 4854 3745 4916 ὄντες
3774 4856 4015 4922 ἀνάξιοι,

2427 4950 2601 5013 οὕτως
2625 4950 2917 5019 ὀμνύντες
2937 4948 3036 5001 καὶ
3066 4947 3430 5017 μεμνημένοι
3448 4948 3553 5002 τοῦ
3573 4948 3722 5002 Θεοῦ
3743 4949 4015 5018 Ἰσραὴλ,

2428 5044 2539 5103 τοῖς
2576 5041 2811 5111 χείλεσιν
2845 5039 3006 5092 αὑτὸν
3050 5040 3274 5109 ἐτίμων,
3324 5039 3697 5109 ἀφεστηκότες
3736 5040 3905 5093 αὑτοῦ
3944 5045 4018 5112 τῇ

2430 5133 2648 5203 καρδίᾳ,
2674 5133 2768 5184 καὶ
2797 5131 2974 5201 μάτην
3014 5131 3231 5184 ἐδόκουν
3265 5132 3357 5183 ἑπί
3403 5131 3594 5201 Κυρίῳ
3628 5132 4015 5202 στηρίζεσθαι,

2430 5222 2781 5291 ἀντεχόμενοι
2806 5222 3034 5285 πόλεως
3057 5220 3455 5287 ἀνακειμένης
3484 5219 3652 5289 αὐτῷ.
3700 5220 3853 5272 Μετὰ
3904 5223 4018 5291 γὰρ

2428 5315 2521 5367 τὸν
2563 5313 2833 5377 Ἐζεκίαν,
2867 5312 3166 5383 Μανασσῆς
3201 5313 3398 5374 αὐτοὺς
3427 5313 3506 5374 εἰς
3540 5313 3720 5363 πᾶσαν
3750 5311 4019 5364 ἀσέϐειαν

2430 5403 2675 5473 ἔτρεψεν,
2720 5403 2813 5454 καὶ
2868 5404 2925 5454 ὲν
2954 5401 3104 5472 αὐτῴ
3158 5400 3485 5473 καθίδρυσεν
3522 5400 3744 5470 ἄγαλμα
3774 5400 3851 5470 τῷ
3882 5400 4019 5471 θείῳ

2432 5494 2565 5565 ναῷ.
2595 5496 2687 5549 Διό
2713 5512 2843 5565 φησι
2878 5495 3017 5565 πρὸς
3051 5494 3291 5564 αὐτούςδο
3334 5512 3351 5546 ι
3392 5494 3458 5547 Ti
3504 5494 3539 5564 ἡ
3586 5494 3923 5567 ἠγαπημένη
3956 5494 4023 5546 ὲν

2051 5666 2137 5723 VA
2147 5668 2283 5722 ιιιλῑ
2311 5666 2714 5723 LECTIONES.

817 5799 845 5841 δ
881 5818 966 5869 η).
1008 5799 1202 5871 τιέρας.
