  <div class='ocr_page' id='page_1' title='image "/cluster/home/n/w/nwhite01/storage/ocr_20150623/87 pt.2/nnc1.0046980296/478.png"; bbox 0 0 4262 6434; ppageno 0'>
   <div class='ocr_carea' id='block_1_1' title="bbox 244 409 387 470">
    <p class='ocr_par' dir='ltr' id='par_1_1' title="bbox 244 409 387 470">
     <span class='ocr_line' id='line_1_1' title="bbox 244 409 387 470; baseline 0.007 -1"><span class='ocrx_word' id='word_1_1' title='bbox 244 409 311 469; x_wconf 68' lang='lat' dir='ltr'><strong>2i</strong></span> <span class='ocrx_word' id='word_1_2' title='bbox 326 410 387 470; x_wconf 72' lang='grc' dir='ltr'><strong>ιε)</strong></span> 
     </span>
    </p>
   </div>
   <div class='ocr_carea' id='block_1_2' title="bbox 1344 413 2304 472">
    <p class='ocr_par' dir='ltr' id='par_1_2' title="bbox 1344 413 2304 472">
     <span class='ocr_line' id='line_1_2' title="bbox 1344 413 2304 472; baseline -0.004 -2"><span class='ocrx_word' id='word_1_3' title='bbox 1344 414 1871 472; x_wconf 68' lang='grc' dir='ltr'><strong>αι›λιΜΕ&gt;ς”ι“Αιιιι</strong></span> <span class='ocrx_word' id='word_1_4' title='bbox 1910 413 1986 471; x_wconf 68' lang='lat' dir='ltr'><strong>1N</strong></span> <span class='ocrx_word' id='word_1_5' title='bbox 2020 413 2304 472; x_wconf 75' lang='lat' dir='ltr'><strong>lSAIAZlI.</strong></span> 
     </span>
    </p>
   </div>
   <div class='ocr_carea' id='block_1_3' title="bbox 3375 407 3516 473">
    <p class='ocr_par' dir='ltr' id='par_1_3' title="bbox 3375 407 3516 473">
     <span class='ocr_line' id='line_1_3' title="bbox 3375 407 3516 473; baseline 0.028 -3"><span class='ocrx_word' id='word_1_6' title='bbox 3375 407 3440 470; x_wconf 66' lang='lat'><strong>‘24</strong></span> <span class='ocrx_word' id='word_1_7' title='bbox 3450 410 3516 473; x_wconf 82' lang='lat'><strong>50</strong></span> 
     </span>
    </p>
   </div>
   <div class='ocr_carea' id='block_1_4' title="bbox 242 519 1925 597">
    <p class='ocr_par' dir='ltr' id='par_1_4' title="bbox 242 520 1905 596">
     <span class='ocr_line' id='line_1_4' title="bbox 242 520 1905 596; baseline 0.001 -20"><span class='ocrx_word' id='word_1_8' title='bbox 242 526 323 594; x_wconf 76' lang='grc' dir='ltr'>τῷ</span> <span class='ocrx_word' id='word_1_9' title='bbox 355 523 490 591; x_wconf 64' lang='grc' dir='ltr'>οἴκῳ</span> <span class='ocrx_word' id='word_1_10' title='bbox 524 538 621 591; x_wconf 73' lang='grc' dir='ltr'><strong>μου</strong></span> <span class='ocrx_word' id='word_1_11' title='bbox 658 520 879 590; x_wconf 66' lang='grc' dir='ltr'>ἐποίησε</span> <span class='ocrx_word' id='word_1_12' title='bbox 912 521 1183 593; x_wconf 72' lang='grc' dir='ltr'>βδέλυγμα</span> <span class='ocrx_word' id='word_1_13' title='bbox 1217 568 1228 589; x_wconf 85' lang='lat'><strong>,</strong></span> <span class='ocrx_word' id='word_1_14' title='bbox 1270 543 1286 573; x_wconf 74' lang='grc' dir='ltr'><strong>ι</strong></span> <span class='ocrx_word' id='word_1_15' title='bbox 1348 525 1569 588; x_wconf 85' lang='grc' dir='ltr'>πολλαῖς</span> <span class='ocrx_word' id='word_1_16' title='bbox 1599 543 1659 578; x_wconf 78' lang='grc' dir='ltr'><strong>τε</strong></span> <span class='ocrx_word' id='word_1_17' title='bbox 1701 543 1827 596; x_wconf 83' lang='grc' dir='ltr'>προ·</span> <span class='ocrx_word' id='word_1_18' title='bbox 1866 534 1905 587; x_wconf 76' lang='grc' dir='ltr'><strong>Α</strong></span> 
     </span>
    </p>
   </div>
   <div class='ocr_carea' id='block_1_5' title="bbox 1831 519 3514 597">
    <p class='ocr_par' dir='ltr' id='par_1_5' title="bbox 1866 519 3514 597">
     <span class='ocr_line' id='line_1_5' title="bbox 1866 519 3514 597; baseline -0.001 -21"><span class='ocrx_word' id='word_1_19' title='bbox 1866 534 1905 587; x_wconf 75' lang='grc' dir='ltr'><strong>Α</strong></span> <span class='ocrx_word' id='word_1_20' title='bbox 1936 535 2095 595; x_wconf 84' lang='lat' dir='ltr'><strong>gusto</strong></span> <span class='ocrx_word' id='word_1_21' title='bbox 2128 525 2216 580; x_wconf 91' lang='lat' dir='ltr'><strong>Dei</strong></span> <span class='ocrx_word' id='word_1_22' title='bbox 2246 519 2453 595; x_wconf 77' lang='lat' dir='ltr'><strong>tempio</strong></span> <span class='ocrx_word' id='word_1_23' title='bbox 2507 525 2861 580; x_wconf 89' lang='lat' dir='ltr'><strong>simulacrum</strong></span> <span class='ocrx_word' id='word_1_24' title='bbox 2909 526 3121 597; x_wconf 81' lang='lat' dir='ltr'><strong>erigere</strong></span> <span class='ocrx_word' id='word_1_25' title='bbox 3151 540 3258 580; x_wconf 89' lang='lat' dir='ltr'><strong>non</strong></span> <span class='ocrx_word' id='word_1_26' title='bbox 3302 527 3514 594; x_wconf 83' lang='lat' dir='ltr'><strong>puduit.</strong></span> 
     </span>
    </p>
   </div>
   <div class='ocr_carea' id='block_1_6' title="bbox 248 614 1833 685">
    <p class='ocr_par' dir='ltr' id='par_1_6' title="bbox 248 614 1833 685">
     <span class='ocr_line' id='line_1_6' title="bbox 248 614 1833 685; baseline 0.001 -16"><span class='ocrx_word' id='word_1_27' title='bbox 248 616 503 685; x_wconf 74' lang='grc' dir='ltr'>φητείαις</span> <span class='ocrx_word' id='word_1_28' title='bbox 556 614 837 667; x_wconf 77' lang='grc' dir='ltr'>ὠνείδισεν</span> <span class='ocrx_word' id='word_1_29' title='bbox 874 616 1057 679; x_wconf 76' lang='grc' dir='ltr'>αὐτοῖς</span> <span class='ocrx_word' id='word_1_30' title='bbox 1081 617 1177 685; x_wconf 72' lang='grc' dir='ltr'><strong>τὴν</strong></span> <span class='ocrx_word' id='word_1_31' title='bbox 1215 615 1495 671; x_wconf 84' lang='grc' dir='ltr'>ἀσέϐειαν.</span> <span class='ocrx_word' id='word_1_32' title='bbox 1546 619 1634 670; x_wconf 60' lang='lat' dir='ltr'><strong>At?)</strong></span> <span class='ocrx_word' id='word_1_33' title='bbox 1682 618 1833 670; x_wconf 81' lang='grc' dir='ltr'>πλείο</span> 
     </span>
    </p>
   </div>
   <div class='ocr_carea' id='block_1_7' title="bbox 250 708 1835 781">
    <p class='ocr_par' dir='ltr' id='par_1_7' title="bbox 250 708 1835 781">
     <span class='ocr_line' id='line_1_7' title="bbox 250 708 1835 781; baseline 0.001 -19"><span class='ocrx_word' id='word_1_34' title='bbox 250 728 402 771; x_wconf 86' lang='grc' dir='ltr'>σταις</span> <span class='ocrx_word' id='word_1_35' title='bbox 436 709 635 768; x_wconf 68' lang='grc' dir='ltr'>αὐτοὺς</span> <span class='ocrx_word' id='word_1_36' title='bbox 679 709 817 777; x_wconf 86' lang='grc' dir='ltr'>πρὸς</span> <span class='ocrx_word' id='word_1_37' title='bbox 857 708 1140 763; x_wconf 78' lang='grc' dir='ltr'>εὐσέϐειαν</span> <span class='ocrx_word' id='word_1_38' title='bbox 1173 709 1440 763; x_wconf 86' lang='grc' dir='ltr'>ἀνακαλεί</span> <span class='ocrx_word' id='word_1_39' title='bbox 1484 710 1835 781; x_wconf 83' lang='grc' dir='ltr'>παρακλήσε-</span> 
     </span>
    </p>
   </div>
   <div class='ocr_carea' id='block_1_8' title="bbox 250 800 1837 873">
    <p class='ocr_par' dir='ltr' id='par_1_8' title="bbox 250 800 1837 873">
     <span class='ocr_line' id='line_1_8' title="bbox 250 800 1837 873; baseline 0 -20"><span class='ocrx_word' id='word_1_40' title='bbox 250 818 356 853; x_wconf 87' lang='grc' dir='ltr'>σιν.</span> <span class='ocrx_word' id='word_1_41' title='bbox 391 801 498 851; x_wconf 75' lang='grc' dir='ltr'>Καὶ</span> <span class='ocrx_word' id='word_1_42' title='bbox 524 803 550 852; x_wconf 77' lang='grc' dir='ltr'>ὁ</span> <span class='ocrx_word' id='word_1_43' title='bbox 579 801 769 869; x_wconf 69' lang='grc' dir='ltr'>Σωιηρ</span> <span class='ocrx_word' id='word_1_44' title='bbox 796 800 850 853; x_wconf 79' lang='grc' dir='ltr'>δὲ</span> <span class='ocrx_word' id='word_1_45' title='bbox 880 800 1073 863; x_wconf 67' lang='grc' dir='ltr'>αὐτοὺς</span> <span class='ocrx_word' id='word_1_46' title='bbox 1108 802 1198 853; x_wconf 73' lang='grc' dir='ltr'><strong>ἐπὶ</strong></span> <span class='ocrx_word' id='word_1_47' title='bbox 1232 805 1519 873; x_wconf 81' lang='grc' dir='ltr'>σωματικῇ</span> <span class='ocrx_word' id='word_1_48' title='bbox 1549 803 1837 872; x_wconf 71' lang='grc' dir='ltr'>συγγενείᾳ</span> 
     </span>
    </p>
   </div>
   <div class='ocr_carea' id='block_1_9' title="bbox 250 890 1839 963">
    <p class='ocr_par' dir='ltr' id='par_1_9' title="bbox 250 890 1839 963">
     <span class='ocr_line' id='line_1_9' title="bbox 250 890 1839 963; baseline 0 -19"><span class='ocrx_word' id='word_1_49' title='bbox 250 890 588 959; x_wconf 74' lang='grc' dir='ltr'>φρονοῦντας</span> <span class='ocrx_word' id='word_1_50' title='bbox 621 891 901 961; x_wconf 78' lang='grc' dir='ltr'>ἐξήλεγχε,</span> <span class='ocrx_word' id='word_1_51' title='bbox 935 892 1126 959; x_wconf 82' lang='grc' dir='ltr'>λέγων’</span> <span class='ocrx_word' id='word_1_52' title='bbox 1159 912 1176 943; x_wconf 84' lang='grc' dir='ltr'><strong>ι</strong></span> <span class='ocrx_word' id='word_1_53' title='bbox 1200 894 1258 945; x_wconf 84' lang='grc' dir='ltr'>Εἰ</span> <span class='ocrx_word' id='word_1_54' title='bbox 1281 896 1445 947; x_wconf 83' lang='grc' dir='ltr'>τέκνα</span> <span class='ocrx_word' id='word_1_55' title='bbox 1470 893 1563 946; x_wconf 78' lang='grc' dir='ltr'><strong>τοῦ</strong></span> <span class='ocrx_word' id='word_1_56' title='bbox 1587 892 1839 963; x_wconf 74' lang='grc' dir='ltr'>Ἀϐραὰμ</span> 
     </span>
    </p>
   </div>
   <div class='ocr_carea' id='block_1_10' title="bbox 218 981 1838 1057">
    <p class='ocr_par' dir='ltr' id='par_1_10' title="bbox 218 981 1838 1057">
     <span class='ocr_line' id='line_1_10' title="bbox 218 981 1838 1057; baseline 0 -22"><span class='ocrx_word' id='word_1_57' title='bbox 218 1051 225 1057; x_wconf 17' lang='grc' dir='ltr'>ξ</span> <span class='ocrx_word' id='word_1_58' title='bbox 249 981 373 1054; x_wconf 76' lang='grc' dir='ltr'>ἦτε,</span> <span class='ocrx_word' id='word_1_59' title='bbox 403 984 472 1035; x_wconf 76' lang='grc' dir='ltr'><strong>τα</strong></span> <span class='ocrx_word' id='word_1_60' title='bbox 501 985 638 1054; x_wconf 79' lang='grc' dir='ltr'>ἔργα</span> <span class='ocrx_word' id='word_1_61' title='bbox 666 984 761 1037; x_wconf 83' lang='grc' dir='ltr'>τοῦ</span> <span class='ocrx_word' id='word_1_62' title='bbox 802 984 1056 1055; x_wconf 73' lang='grc' dir='ltr'>Ἀϐρααμ</span> <span class='ocrx_word' id='word_1_63' title='bbox 1081 987 1313 1038; x_wconf 83' lang='grc' dir='ltr'>ἐποιεῖτε</span> <span class='ocrx_word' id='word_1_64' title='bbox 1344 986 1429 1039; x_wconf 77' lang='grc' dir='ltr'>ἄν.</span> <span class='ocrx_word' id='word_1_65' title='bbox 1462 1004 1480 1036; x_wconf 74' lang='grc' dir='ltr'><strong>ι</strong></span> <span class='ocrx_word' id='word_1_66' title='bbox 1523 986 1630 1036; x_wconf 77' lang='grc' dir='ltr'>Καὶ</span> <span class='ocrx_word' id='word_1_67' title='bbox 1656 983 1751 1036; x_wconf 80' lang='grc' dir='ltr'>νῦν</span> <span class='ocrx_word' id='word_1_68' title='bbox 1780 983 1838 1036; x_wconf 81' lang='grc' dir='ltr'>δὲ</span> 
     </span>
    </p>
   </div>
   <div class='ocr_carea' id='block_1_11' title="bbox 252 1075 1839 1148">
    <p class='ocr_par' dir='ltr' id='par_1_11' title="bbox 252 1075 1839 1148">
     <span class='ocr_line' id='line_1_11' title="bbox 252 1075 1839 1148; baseline 0 -21"><span class='ocrx_word' id='word_1_69' title='bbox 252 1075 492 1144; x_wconf 67' lang='grc' dir='ltr'>συνεχῶς</span> <span class='ocrx_word' id='word_1_70' title='bbox 526 1076 720 1139; x_wconf 76' lang='grc' dir='ltr'>αὐτοὺς</span> <span class='ocrx_word' id='word_1_71' title='bbox 749 1078 812 1129; x_wconf 85' lang='grc' dir='ltr'><strong>ἐκ</strong></span> <span class='ocrx_word' id='word_1_72' title='bbox 840 1076 948 1129; x_wconf 86' lang='grc' dir='ltr'><strong>τῶν</strong></span> <span class='ocrx_word' id='word_1_73' title='bbox 980 1078 1229 1148; x_wconf 88' lang='grc' dir='ltr'>πατέρων</span> <span class='ocrx_word' id='word_1_74' title='bbox 1260 1076 1448 1141; x_wconf 83' lang='grc' dir='ltr'>καλεῖ,</span> <span class='ocrx_word' id='word_1_75' title='bbox 1481 1076 1580 1144; x_wconf 82' lang='grc' dir='ltr'><strong>τῆς</strong></span> <span class='ocrx_word' id='word_1_76' title='bbox 1614 1075 1839 1128; x_wconf 87' lang='grc' dir='ltr'>ἐκείνων</span> 
     </span>
    </p>
   </div>
   <div class='ocr_carea' id='block_1_12' title="bbox 252 1164 1839 1237">
    <p class='ocr_par' dir='ltr' id='par_1_12' title="bbox 252 1164 1839 1237">
     <span class='ocr_line' id='line_1_12' title="bbox 252 1164 1839 1237; baseline 0 -18"><span class='ocrx_word' id='word_1_77' title='bbox 252 1164 405 1235; x_wconf 84' lang='grc' dir='ltr'>ἇγων</span> <span class='ocrx_word' id='word_1_78' title='bbox 445 1166 729 1229; x_wconf 78' lang='grc' dir='ltr'>εὐσεϐείας</span> <span class='ocrx_word' id='word_1_79' title='bbox 777 1168 858 1229; x_wconf 85' lang='grc' dir='ltr'><strong>εἰς</strong></span> <span class='ocrx_word' id='word_1_80' title='bbox 914 1167 1161 1237; x_wconf 80' lang='grc' dir='ltr'>μνήμην,</span> <span class='ocrx_word' id='word_1_81' title='bbox 1210 1167 1287 1231; x_wconf 88' lang='grc' dir='ltr'><strong>ώς</strong></span> <span class='ocrx_word' id='word_1_82' title='bbox 1346 1169 1411 1221; x_wconf 86' lang='grc' dir='ltr'><strong>ἂν</strong></span> <span class='ocrx_word' id='word_1_83' title='bbox 1459 1166 1733 1228; x_wconf 76' lang='grc' dir='ltr'><strong>ἀπωλείας</strong></span> <span class='ocrx_word' id='word_1_84' title='bbox 1765 1165 1839 1234; x_wconf 83' lang='grc' dir='ltr'>μὴ</span> 
     </span>
    </p>
   </div>
   <div class='ocr_carea' id='block_1_13' title="bbox 259 1255 1839 1329">
    <p class='ocr_par' dir='ltr' id='par_1_13' title="bbox 259 1255 1839 1329">
     <span class='ocr_line' id='line_1_13' title="bbox 259 1255 1839 1329; baseline -0.001 -20"><span class='ocrx_word' id='word_1_85' title='bbox 259 1259 474 1321; x_wconf 76' lang='grc' dir='ltr'>ἑαυτοῖς</span> <span class='ocrx_word' id='word_1_86' title='bbox 501 1274 557 1310; x_wconf 87' lang='grc' dir='ltr'><strong>τε</strong></span> <span class='ocrx_word' id='word_1_87' title='bbox 582 1258 676 1310; x_wconf 77' lang='grc' dir='ltr'><strong>καὶ</strong></span> <span class='ocrx_word' id='word_1_88' title='bbox 702 1260 769 1329; x_wconf 77' lang='grc' dir='ltr'>τῇ</span> <span class='ocrx_word' id='word_1_89' title='bbox 805 1258 959 1311; x_wconf 79' lang='grc' dir='ltr'>πόλει</span> <span class='ocrx_word' id='word_1_90' title='bbox 988 1258 1269 1327; x_wconf 83' lang='grc' dir='ltr'>παραίτιοι</span> <span class='ocrx_word' id='word_1_91' title='bbox 1309 1258 1595 1326; x_wconf 80' lang='grc' dir='ltr'>γένωνται.</span> <span class='ocrx_word' id='word_1_92' title='bbox 1628 1255 1764 1309; x_wconf 82' lang='grc' dir='ltr'>Θεὸν</span> <span class='ocrx_word' id='word_1_93' title='bbox 1783 1255 1839 1307; x_wconf 78' lang='grc' dir='ltr'>δὲ</span> 
     </span>
    </p>
   </div>
   <div class='ocr_carea' id='block_1_14' title="bbox 256 1344 1839 1418">
    <p class='ocr_par' dir='ltr' id='par_1_14' title="bbox 256 1344 1839 1418">
     <span class='ocr_line' id='line_1_14' title="bbox 256 1344 1839 1418; baseline -0.002 -18"><span class='ocrx_word' id='word_1_94' title='bbox 256 1347 530 1401; x_wconf 86' lang='grc' dir='ltr'>δείκνυσιν</span> <span class='ocrx_word' id='word_1_95' title='bbox 559 1348 726 1401; x_wconf 76' lang='grc' dir='ltr'>αὐτὸν</span> <span class='ocrx_word' id='word_1_96' title='bbox 785 1346 1254 1418; x_wconf 75' lang='grc' dir='ltr'>προθεσπίζοντα,</span> <span class='ocrx_word' id='word_1_97' title='bbox 1299 1348 1400 1401; x_wconf 78' lang='grc' dir='ltr'><strong>οὐκ</strong></span> <span class='ocrx_word' id='word_1_98' title='bbox 1438 1344 1839 1408; x_wconf 85' lang='grc' dir='ltr'>ἐπιδεικτικῶς,</span> 
     </span>
    </p>
   </div>
   <div class='ocr_carea' id='block_1_15' title="bbox 255 1436 1843 1510">
    <p class='ocr_par' dir='ltr' id='par_1_15' title="bbox 255 1436 1843 1510">
     <span class='ocr_line' id='line_1_15' title="bbox 255 1436 1843 1510; baseline -0.003 -18"><span class='ocrx_word' id='word_1_99' title='bbox 255 1439 373 1492; x_wconf 84' lang='grc' dir='ltr'>ἀλλ’</span> <span class='ocrx_word' id='word_1_100' title='bbox 401 1439 629 1507; x_wconf 73' lang='grc' dir='ltr'>ὠφελῶν</span> <span class='ocrx_word' id='word_1_101' title='bbox 662 1442 708 1506; x_wconf 74' lang='grc' dir='ltr'><strong>ί,</strong></span> <span class='ocrx_word' id='word_1_102' title='bbox 743 1440 831 1493; x_wconf 81' lang='grc' dir='ltr'>ἵνα</span> <span class='ocrx_word' id='word_1_103' title='bbox 859 1441 935 1510; x_wconf 83' lang='grc' dir='ltr'>μὴ</span> <span class='ocrx_word' id='word_1_104' title='bbox 972 1442 1089 1500; x_wconf 79' lang='grc' dir='ltr'>τοῖς</span> <span class='ocrx_word' id='word_1_105' title='bbox 1122 1438 1361 1502; x_wconf 79' lang='grc' dir='ltr'><strong>εἰδώλοις</strong></span> <span class='ocrx_word' id='word_1_106' title='bbox 1396 1438 1742 1507; x_wconf 77' lang='grc' dir='ltr'>ἐπιγράφωσι</span> <span class='ocrx_word' id='word_1_107' title='bbox 1774 1436 1843 1489; x_wconf 71' lang='grc' dir='ltr'>τὰ</span> 
     </span>
    </p>
   </div>
   <div class='ocr_carea' id='block_1_16' title="bbox 260 1529 1839 1602">
    <p class='ocr_par' dir='ltr' id='par_1_16' title="bbox 260 1529 1839 1602">
     <span class='ocr_line' id='line_1_16' title="bbox 260 1529 1839 1602; baseline -0.004 -18"><span class='ocrx_word' id='word_1_108' title='bbox 260 1531 651 1601; x_wconf 87' lang='grc' dir='ltr'>συμϐαίνοντα,</span> <span class='ocrx_word' id='word_1_109' title='bbox 687 1533 781 1586; x_wconf 75' lang='grc' dir='ltr'>καὶ</span> <span class='ocrx_word' id='word_1_110' title='bbox 817 1532 892 1595; x_wconf 85' lang='grc' dir='ltr'><strong>ὡς</strong></span> <span class='ocrx_word' id='word_1_111' title='bbox 926 1532 992 1585; x_wconf 78' lang='grc' dir='ltr'><strong>ἂν</strong></span> <span class='ocrx_word' id='word_1_112' title='bbox 1022 1532 1347 1602; x_wconf 68' lang='grc' dir='ltr'>προγν-ῖντες</span> <span class='ocrx_word' id='word_1_113' title='bbox 1408 1529 1839 1600; x_wconf 78' lang='grc' dir='ltr'>μετανοήσωσιν·</span> 
     </span>
    </p>
   </div>
   <div class='ocr_carea' id='block_1_17' title="bbox 260 1620 1841 1695">
    <p class='ocr_par' dir='ltr' id='par_1_17' title="bbox 260 1620 1841 1695">
     <span class='ocr_line' id='line_1_17' title="bbox 260 1620 1841 1695; baseline -0.003 -20"><span class='ocrx_word' id='word_1_114' title='bbox 260 1624 495 1692; x_wconf 73' lang='grc' dir='ltr'>ἠδύνατο</span> <span class='ocrx_word' id='word_1_115' title='bbox 516 1624 622 1695; x_wconf 75' lang='grc' dir='ltr'>γὰρ</span> <span class='ocrx_word' id='word_1_116' title='bbox 645 1623 738 1677; x_wconf 86' lang='grc' dir='ltr'><strong>καί</strong></span> <span class='ocrx_word' id='word_1_117' title='bbox 764 1623 984 1676; x_wconf 84' lang='grc' dir='ltr'>σιωπῶν</span> <span class='ocrx_word' id='word_1_118' title='bbox 1007 1622 1424 1694; x_wconf 77' lang='grc' dir='ltr'>τιμωρήσασθαι</span> <span class='ocrx_word' id='word_1_119' title='bbox 1446 1620 1841 1681; x_wconf 84' lang='grc' dir='ltr'>Βαϐυλωνίους.</span> 
     </span>
    </p>
   </div>
   <div class='ocr_carea' id='block_1_18' title="bbox 259 1710 1846 1789">
    <p class='ocr_par' dir='ltr' id='par_1_18' title="bbox 259 1710 1846 1789">
     <span class='ocr_line' id='line_1_18' title="bbox 259 1710 1846 1789; baseline -0.003 -20"><span class='ocrx_word' id='word_1_120' title='bbox 259 1718 373 1770; x_wconf 66' lang='grc' dir='ltr'>Καὶ</span> <span class='ocrx_word' id='word_1_121' title='bbox 390 1717 468 1789; x_wconf 80' lang='grc' dir='ltr'>τῷ</span> <span class='ocrx_word' id='word_1_122' title='bbox 487 1717 688 1788; x_wconf 78' lang='grc' dir='ltr'>Φαραὼ</span> <span class='ocrx_word' id='word_1_123' title='bbox 716 1716 825 1787; x_wconf 79' lang='grc' dir='ltr'>γὰρ</span> <span class='ocrx_word' id='word_1_124' title='bbox 846 1717 1124 1786; x_wconf 78' lang='grc' dir='ltr'>προλέγων</span> <span class='ocrx_word' id='word_1_125' title='bbox 1150 1717 1437 1786; x_wconf 72' lang='grc' dir='ltr'>ἐπέφερεν·</span> <span class='ocrx_word' id='word_1_126' title='bbox 1452 1735 1470 1765; x_wconf 77' lang='grc' dir='ltr'><strong>ι</strong></span> <span class='ocrx_word' id='word_1_127' title='bbox 1486 1716 1598 1768; x_wconf 83' lang='grc' dir='ltr'>Ἵνα</span> <span class='ocrx_word' id='word_1_128' title='bbox 1620 1712 1733 1782; x_wconf 89' lang='grc' dir='ltr'>γνῷ</span> <span class='ocrx_word' id='word_1_129' title='bbox 1755 1710 1846 1764; x_wconf 77' lang='grc' dir='ltr'>τὸν</span> 
     </span>
    </p>
   </div>
   <div class='ocr_carea' id='block_1_19' title="bbox 261 1800 1843 1878">
    <p class='ocr_par' dir='ltr' id='par_1_19' title="bbox 261 1800 1843 1878">
     <span class='ocr_line' id='line_1_19' title="bbox 261 1800 1843 1878; baseline -0.002 -19"><span class='ocrx_word' id='word_1_130' title='bbox 261 1807 560 1873; x_wconf 69' lang='grc' dir='ltr'>ἐπάγοντα.</span> <span class='ocrx_word' id='word_1_131' title='bbox 590 1826 607 1857; x_wconf 74' lang='grc' dir='ltr'><strong>ι</strong></span> <span class='ocrx_word' id='word_1_132' title='bbox 634 1806 814 1858; x_wconf 86' lang='grc' dir='ltr'>Γνῶτε</span> <span class='ocrx_word' id='word_1_133' title='bbox 847 1802 964 1870; x_wconf 79' lang='grc' dir='ltr'>οὖν,</span> <span class='ocrx_word' id='word_1_134' title='bbox 992 1800 1293 1869; x_wconf 73' lang='grc' dir='ltr'>ὧᾶπιστοι,</span> <span class='ocrx_word' id='word_1_135' title='bbox 1324 1806 1511 1878; x_wconf 72' lang='grc' dir='ltr'>φησὶν,</span> <span class='ocrx_word' id='word_1_136' title='bbox 1533 1805 1607 1871; x_wconf 86' lang='grc' dir='ltr'><strong>ώς</strong></span> <span class='ocrx_word' id='word_1_137' title='bbox 1633 1807 1732 1859; x_wconf 81' lang='grc' dir='ltr'>ὅσα</span> <span class='ocrx_word' id='word_1_138' title='bbox 1756 1802 1843 1857; x_wconf 69' lang='grc' dir='ltr'><strong>διὰ</strong></span> 
     </span>
    </p>
   </div>
   <div class='ocr_carea' id='block_1_20' title="bbox 1935 618 3519 687">
    <p class='ocr_par' dir='ltr' id='par_1_20' title="bbox 1935 618 3519 687">
     <span class='ocr_line' id='line_1_20' title="bbox 1935 618 3519 687; baseline -0.001 -18"><span class='ocrx_word' id='word_1_139' title='bbox 1935 620 2111 687; x_wconf 82' lang='lat' dir='ltr'><strong>Atque</strong></span> <span class='ocrx_word' id='word_1_140' title='bbox 2155 621 2280 673; x_wconf 88' lang='lat' dir='ltr'><strong>hinc</strong></span> <span class='ocrx_word' id='word_1_141' title='bbox 2316 626 2423 682; x_wconf 89' lang='lat' dir='ltr'><strong>est,</strong></span> <span class='ocrx_word' id='word_1_142' title='bbox 2458 619 2604 687; x_wconf 87' lang='lat' dir='ltr'><strong>quod</strong></span> <span class='ocrx_word' id='word_1_143' title='bbox 2642 636 2738 672; x_wconf 85' lang='lat' dir='ltr'><strong>eos</strong></span> <span class='ocrx_word' id='word_1_144' title='bbox 2767 620 2821 673; x_wconf 93' lang='lat' dir='ltr'><strong>in</strong></span> <span class='ocrx_word' id='word_1_145' title='bbox 2855 619 3001 674; x_wconf 91' lang='lat' dir='ltr'><strong>hunc</strong></span> <span class='ocrx_word' id='word_1_146' title='bbox 3033 620 3255 673; x_wconf 83' lang='lat' dir='ltr'><strong>modum</strong></span> <span class='ocrx_word' id='word_1_147' title='bbox 3306 633 3402 686; x_wconf 82' lang='lat' dir='ltr'><strong>per</strong></span> <span class='ocrx_word' id='word_1_148' title='bbox 3432 618 3519 669; x_wconf 68' lang='grc' dir='ltr'>,ιιι-</span> 
     </span>
    </p>
   </div>
   <div class='ocr_carea' id='block_1_21' title="bbox 1937 709 3520 778">
    <p class='ocr_par' dir='ltr' id='par_1_21' title="bbox 1937 709 3520 778">
     <span class='ocr_line' id='line_1_21' title="bbox 1937 709 3520 778; baseline -0.002 -15"><span class='ocrx_word' id='word_1_149' title='bbox 1937 712 2163 763; x_wconf 87' lang='lat' dir='ltr'><strong>remiam</strong></span> <span class='ocrx_word' id='word_1_150' title='bbox 2190 710 2452 766; x_wconf 82' lang='lat' dir='ltr'><strong>Dominus</strong></span> <span class='ocrx_word' id='word_1_151' title='bbox 2486 709 2813 778; x_wconf 77' lang='lat' dir='ltr'><strong>alloquitur:</strong></span> <span class='ocrx_word' id='word_1_152' title='bbox 2851 728 2869 761; x_wconf 81' lang='grc' dir='ltr'><strong>ι</strong></span> <span class='ocrx_word' id='word_1_153' title='bbox 2905 710 3080 776; x_wconf 85' lang='lat' dir='ltr'><strong>Quam</strong></span> <span class='ocrx_word' id='word_1_154' title='bbox 3112 710 3310 771; x_wconf 88' lang='lat' dir='ltr'><strong>dilecta</strong></span> <span class='ocrx_word' id='word_1_155' title='bbox 3338 710 3391 761; x_wconf 89' lang='lat' dir='ltr'><strong>in</strong></span> <span class='ocrx_word' id='word_1_156' title='bbox 3423 710 3520 761; x_wconf 74' lang='lat' dir='ltr'><strong>do-</strong></span> 
     </span>
    </p>
   </div>
   <div class='ocr_carea' id='block_1_22' title="bbox 1939 798 3522 857">
    <p class='ocr_par' dir='ltr' id='par_1_22' title="bbox 1939 798 3522 857">
     <span class='ocr_line' id='line_1_22' title="bbox 1939 798 3522 857; baseline -0.003 -2"><span class='ocrx_word' id='word_1_157' title='bbox 1939 816 2027 855; x_wconf 89' lang='lat' dir='ltr'><strong>mo</strong></span> <span class='ocrx_word' id='word_1_158' title='bbox 2058 816 2176 855; x_wconf 89' lang='lat' dir='ltr'><strong>mea</strong></span> <span class='ocrx_word' id='word_1_159' title='bbox 2199 801 2327 855; x_wconf 76' lang='lat' dir='ltr'><strong>fecit</strong></span> <span class='ocrx_word' id='word_1_160' title='bbox 2361 802 2825 856; x_wconf 83' lang='lat' dir='ltr'><strong>abontinationem</strong></span> <span class='ocrx_word' id='word_1_161' title='bbox 2853 802 2944 853; x_wconf 69' lang='lat'><strong>7&#39;?</strong></span> <span class='ocrx_word' id='word_1_162' title='bbox 2984 820 3002 852; x_wconf 74' lang='grc' dir='ltr'><strong>ι</strong></span> <span class='ocrx_word' id='word_1_163' title='bbox 3042 800 3279 857; x_wconf 80' lang='lat' dir='ltr'><strong>Assidua</strong></span> <span class='ocrx_word' id='word_1_164' title='bbox 3318 798 3522 857; x_wconf 80' lang='lat' dir='ltr'><strong>deinde</strong></span> 
     </span>
    </p>
   </div>
   <div class='ocr_carea' id='block_1_23' title="bbox 1940 891 3521 961">
    <p class='ocr_par' dir='ltr' id='par_1_23' title="bbox 1940 891 3521 961">
     <span class='ocr_line' id='line_1_23' title="bbox 1940 891 3521 961; baseline -0.001 -17"><span class='ocrx_word' id='word_1_165' title='bbox 1940 891 2329 961; x_wconf 88' lang='lat' dir='ltr'><strong>prophetarum</strong></span> <span class='ocrx_word' id='word_1_166' title='bbox 2364 905 2499 946; x_wconf 89' lang='lat' dir='ltr'><strong>voce</strong></span> <span class='ocrx_word' id='word_1_167' title='bbox 2540 892 2836 959; x_wconf 70' lang='lat' dir='ltr'><strong>impietatis</strong></span> <span class='ocrx_word' id='word_1_168' title='bbox 2877 900 3170 945; x_wconf 79' lang='lat' dir='ltr'><strong>accusatos</strong></span> <span class='ocrx_word' id='word_1_169' title='bbox 3210 891 3422 945; x_wconf 85' lang='lat' dir='ltr'><strong>crebris</strong></span> <span class='ocrx_word' id='word_1_170' title='bbox 3453 891 3521 943; x_wconf 81' lang='lat' dir='ltr'><strong>ad</strong></span> 
     </span>
    </p>
   </div>
   <div class='ocr_carea' id='block_1_24' title="bbox 1943 975 3522 1052">
    <p class='ocr_par' dir='ltr' id='par_1_24' title="bbox 1943 975 3522 1052">
     <span class='ocr_line' id='line_1_24' title="bbox 1943 975 3522 1052; baseline -0.001 -18"><span class='ocrx_word' id='word_1_171' title='bbox 1943 982 2203 1052; x_wconf 88' lang='lat' dir='ltr'><strong>pietatem</strong></span> <span class='ocrx_word' id='word_1_172' title='bbox 2230 980 2709 1035; x_wconf 82' lang='lat' dir='ltr'><strong>exhortationibus</strong></span> <span class='ocrx_word' id='word_1_173' title='bbox 2742 975 3024 1051; x_wconf 79' lang='lat' dir='ltr'><strong>provocat.</strong></span> <span class='ocrx_word' id='word_1_174' title='bbox 3054 978 3167 1035; x_wconf 90' lang='lat' dir='ltr'><strong>lmo</strong></span> <span class='ocrx_word' id='word_1_175' title='bbox 3199 994 3328 1033; x_wconf 89' lang='lat' dir='ltr'><strong>vero</strong></span> <span class='ocrx_word' id='word_1_176' title='bbox 3350 989 3402 1033; x_wconf 87' lang='lat' dir='ltr'><strong>et</strong></span> <span class='ocrx_word' id='word_1_177' title='bbox 3426 995 3522 1033; x_wconf 83' lang='lat' dir='ltr'><strong>eos</strong></span> 
     </span>
    </p>
   </div>
   <div class='ocr_carea' id='block_1_25' title="bbox 1942 1071 3523 1143">
    <p class='ocr_par' dir='ltr' id='par_1_25' title="bbox 1942 1071 3523 1143">
     <span class='ocr_line' id='line_1_25' title="bbox 1942 1071 3523 1143; baseline -0.002 -15"><span class='ocrx_word' id='word_1_178' title='bbox 1942 1073 2192 1129; x_wconf 81' lang='lat' dir='ltr'><strong>Salvator</strong></span> <span class='ocrx_word' id='word_1_179' title='bbox 2215 1073 2352 1142; x_wconf 89' lang='lat' dir='ltr'><strong>ipse,</strong></span> <span class='ocrx_word' id='word_1_180' title='bbox 2370 1072 2631 1143; x_wconf 82' lang='lat' dir='ltr'><strong>quoniam</strong></span> <span class='ocrx_word' id='word_1_181' title='bbox 2654 1073 2937 1142; x_wconf 73' lang='lat' dir='ltr'><strong>sanguinis</strong></span> <span class='ocrx_word' id='word_1_182' title='bbox 2967 1072 3228 1126; x_wconf 70' lang='lat' dir='ltr'><strong>afﬁnitate</strong></span> <span class='ocrx_word' id='word_1_183' title='bbox 3244 1071 3523 1139; x_wconf 85' lang='lat' dir='ltr'><strong>superbie-</strong></span> 
     </span>
    </p>
   </div>
   <div class='ocr_carea' id='block_1_26' title="bbox 1943 1161 3522 1235">
    <p class='ocr_par' dir='ltr' id='par_1_26' title="bbox 1943 1161 3522 1235">
     <span class='ocr_line' id='line_1_26' title="bbox 1943 1161 3522 1235; baseline -0.005 -15"><span class='ocrx_word' id='word_1_184' title='bbox 1943 1167 2091 1228; x_wconf 86' lang='lat' dir='ltr'><strong>hant,</strong></span> <span class='ocrx_word' id='word_1_185' title='bbox 2128 1172 2241 1219; x_wconf 87' lang='lat' dir='ltr'><strong>tum</strong></span> <span class='ocrx_word' id='word_1_186' title='bbox 2272 1165 2552 1235; x_wconf 80' lang='lat' dir='ltr'><strong>repressit,</strong></span> <span class='ocrx_word' id='word_1_187' title='bbox 2586 1179 2710 1219; x_wconf 89' lang='lat' dir='ltr'><strong>cum</strong></span> <span class='ocrx_word' id='word_1_188' title='bbox 2743 1165 2912 1219; x_wconf 78' lang='lat' dir='ltr'><strong>dixit:</strong></span> <span class='ocrx_word' id='word_1_189' title='bbox 2960 1184 2977 1217; x_wconf 87' lang='grc' dir='ltr'><strong>ι</strong></span> <span class='ocrx_word' id='word_1_190' title='bbox 3025 1163 3082 1219; x_wconf 91' lang='lat' dir='ltr'><strong>Si</strong></span> <span class='ocrx_word' id='word_1_191' title='bbox 3119 1164 3213 1217; x_wconf 86' lang='lat' dir='ltr'><strong>lilii</strong></span> <span class='ocrx_word' id='word_1_192' title='bbox 3246 1161 3522 1217; x_wconf 81' lang='lat' dir='ltr'><strong>Abraham</strong></span> 
     </span>
    </p>
   </div>
   <div class='ocr_carea' id='block_1_27' title="bbox 1942 1254 3525 1325">
    <p class='ocr_par' dir='ltr' id='par_1_27' title="bbox 1942 1254 3525 1325">
     <span class='ocr_line' id='line_1_27' title="bbox 1942 1254 3525 1325; baseline -0.004 -14"><span class='ocrx_word' id='word_1_193' title='bbox 1942 1256 2159 1318; x_wconf 86' lang='lat' dir='ltr'><strong>essetis,</strong></span> <span class='ocrx_word' id='word_1_194' title='bbox 2196 1272 2359 1325; x_wconf 80' lang='lat' dir='ltr'><strong>opera</strong></span> <span class='ocrx_word' id='word_1_195' title='bbox 2389 1256 2624 1311; x_wconf 72' lang='lat' dir='ltr'><strong>Abrahtn</strong></span> <span class='ocrx_word' id='word_1_196' title='bbox 2672 1255 2927 1309; x_wconf 76' lang='lat' dir='ltr'><strong>faceretis</strong></span> <span class='ocrx_word' id='word_1_197' title='bbox 2958 1256 3057 1309; x_wconf 74' lang='lat' dir='ltr'><strong>&quot;.i</strong></span> <span class='ocrx_word' id='word_1_198' title='bbox 3100 1254 3164 1307; x_wconf 84' lang='lat' dir='ltr'><strong>Et</strong></span> <span class='ocrx_word' id='word_1_199' title='bbox 3204 1270 3351 1307; x_wconf 89' lang='lat' dir='ltr'><strong>nunc</strong></span> <span class='ocrx_word' id='word_1_200' title='bbox 3403 1267 3525 1305; x_wconf 83' lang='lat' dir='ltr'><strong>eos-</strong></span> 
     </span>
    </p>
   </div>
   <div class='ocr_carea' id='block_1_28' title="bbox 1943 1344 3525 1415">
    <p class='ocr_par' dir='ltr' id='par_1_28' title="bbox 1943 1344 3525 1415">
     <span class='ocr_line' id='line_1_28' title="bbox 1943 1344 3525 1415; baseline -0.003 -16"><span class='ocrx_word' id='word_1_201' title='bbox 1943 1344 2065 1399; x_wconf 89' lang='lat' dir='ltr'><strong>dem</strong></span> <span class='ocrx_word' id='word_1_202' title='bbox 2092 1346 2291 1415; x_wconf 62' lang='lat' dir='ltr'><strong>sapius</strong></span> <span class='ocrx_word' id='word_1_203' title='bbox 2349 1346 2415 1400; x_wconf 88' lang='lat' dir='ltr'><strong>de</strong></span> <span class='ocrx_word' id='word_1_204' title='bbox 2468 1356 2684 1415; x_wconf 89' lang='lat' dir='ltr'><strong>patrum</strong></span> <span class='ocrx_word' id='word_1_205' title='bbox 2738 1348 2957 1401; x_wconf 84' lang='lat' dir='ltr'><strong>nomine</strong></span> <span class='ocrx_word' id='word_1_206' title='bbox 3009 1348 3265 1415; x_wconf 78' lang='lat' dir='ltr'><strong>appellat,</strong></span> <span class='ocrx_word' id='word_1_207' title='bbox 3318 1354 3375 1398; x_wconf 87' lang='grc' dir='ltr'><strong>ιιι</strong></span> <span class='ocrx_word' id='word_1_208' title='bbox 3418 1344 3525 1398; x_wconf 70' lang='lat' dir='ltr'><strong>illis</strong></span> 
     </span>
    </p>
   </div>
   <div class='ocr_carea' id='block_1_29' title="bbox 1946 1436 3525 1507">
    <p class='ocr_par' dir='ltr' id='par_1_29' title="bbox 1946 1436 3525 1507">
     <span class='ocr_line' id='line_1_29' title="bbox 1946 1436 3525 1507; baseline -0.002 -18"><span class='ocrx_word' id='word_1_209' title='bbox 1946 1436 2199 1506; x_wconf 90' lang='lat' dir='ltr'><strong>pietatem</strong></span> <span class='ocrx_word' id='word_1_210' title='bbox 2234 1440 2472 1507; x_wconf 89' lang='lat' dir='ltr'><strong>ipsorum</strong></span> <span class='ocrx_word' id='word_1_211' title='bbox 2501 1438 2556 1490; x_wconf 93' lang='lat' dir='ltr'><strong>in</strong></span> <span class='ocrx_word' id='word_1_212' title='bbox 2591 1439 2910 1492; x_wconf 84' lang='lat' dir='ltr'><strong>memoriam</strong></span> <span class='ocrx_word' id='word_1_213' title='bbox 2946 1444 3187 1499; x_wconf 83' lang='lat' dir='ltr'><strong>revocet,</strong></span> <span class='ocrx_word' id='word_1_214' title='bbox 3215 1451 3281 1489; x_wconf 87' lang='lat' dir='ltr'><strong>ne</strong></span> <span class='ocrx_word' id='word_1_215' title='bbox 3310 1436 3412 1488; x_wconf 90' lang='lat' dir='ltr'><strong>sihi</strong></span> <span class='ocrx_word' id='word_1_216' title='bbox 3470 1445 3525 1487; x_wconf 91' lang='lat' dir='ltr'><strong>ct</strong></span> 
     </span>
    </p>
   </div>
   <div class='ocr_carea' id='block_1_30' title="bbox 1945 1526 3527 1598">
    <p class='ocr_par' dir='ltr' id='par_1_30' title="bbox 1945 1526 3527 1598">
     <span class='ocr_line' id='line_1_30' title="bbox 1945 1526 3527 1598; baseline -0.004 -15"><span class='ocrx_word' id='word_1_217' title='bbox 1945 1528 2151 1583; x_wconf 85' lang='lat' dir='ltr'><strong>civitati</strong></span> <span class='ocrx_word' id='word_1_218' title='bbox 2180 1528 2437 1583; x_wconf 88' lang='lat' dir='ltr'><strong>interitus</strong></span> <span class='ocrx_word' id='word_1_219' title='bbox 2470 1536 2726 1584; x_wconf 77' lang='lat' dir='ltr'><strong>auctores</strong></span> <span class='ocrx_word' id='word_1_220' title='bbox 2753 1544 2875 1584; x_wconf 88' lang='lat' dir='ltr'><strong>esse</strong></span> <span class='ocrx_word' id='word_1_221' title='bbox 2922 1534 3172 1598; x_wconf 88' lang='lat' dir='ltr'><strong>pergant,</strong></span> <span class='ocrx_word' id='word_1_222' title='bbox 3202 1526 3372 1580; x_wconf 87' lang='lat' dir='ltr'><strong>Deum</strong></span> <span class='ocrx_word' id='word_1_223' title='bbox 3400 1542 3527 1579; x_wconf 79' lang='lat' dir='ltr'><strong>vero</strong></span> 
     </span>
    </p>
   </div>
   <div class='ocr_carea' id='block_1_31' title="bbox 1947 1618 3527 1683">
    <p class='ocr_par' dir='ltr' id='par_1_31' title="bbox 1947 1618 3527 1683">
     <span class='ocr_line' id='line_1_31' title="bbox 1947 1618 3527 1683; baseline -0.003 -9"><span class='ocrx_word' id='word_1_224' title='bbox 1947 1619 2191 1674; x_wconf 83' lang='lat' dir='ltr'><strong>ostendit</strong></span> <span class='ocrx_word' id='word_1_225' title='bbox 2220 1619 2287 1674; x_wconf 90' lang='lat' dir='ltr'><strong>de</strong></span> <span class='ocrx_word' id='word_1_226' title='bbox 2318 1635 2375 1673; x_wconf 87' lang='lat' dir='ltr'><strong>se</strong></span> <span class='ocrx_word' id='word_1_227' title='bbox 2409 1629 2558 1683; x_wconf 87' lang='lat' dir='ltr'><strong>ante,</strong></span> <span class='ocrx_word' id='word_1_228' title='bbox 2597 1636 2703 1674; x_wconf 88' lang='lat' dir='ltr'><strong>non</strong></span> <span class='ocrx_word' id='word_1_229' title='bbox 2747 1621 2814 1674; x_wconf 90' lang='lat' dir='ltr'><strong>ad</strong></span> <span class='ocrx_word' id='word_1_230' title='bbox 2848 1619 3295 1682; x_wconf 64' lang='lat' dir='ltr'><strong>ostentationem,</strong></span> <span class='ocrx_word' id='word_1_231' title='bbox 3335 1618 3426 1673; x_wconf 90' lang='lat' dir='ltr'><strong>sed</strong></span> <span class='ocrx_word' id='word_1_232' title='bbox 3459 1618 3527 1671; x_wconf 79' lang='lat' dir='ltr'><strong>ad</strong></span> 
     </span>
    </p>
   </div>
   <div class='ocr_carea' id='block_1_32' title="bbox 1949 1708 3520 1779">
    <p class='ocr_par' dir='ltr' id='par_1_32' title="bbox 1949 1708 3520 1779">
     <span class='ocr_line' id='line_1_32' title="bbox 1949 1708 3520 1779; baseline 0.001 -18"><span class='ocrx_word' id='word_1_233' title='bbox 1949 1709 2236 1762; x_wconf 84' lang='lat' dir='ltr'><strong>utilitatem</strong></span> <span class='ocrx_word' id='word_1_234' title='bbox 2272 1708 2453 1763; x_wconf 83' lang='lat' dir='ltr'><strong>futura</strong></span> <span class='ocrx_word' id='word_1_235' title='bbox 2490 1709 2823 1777; x_wconf 68' lang='lat' dir='ltr'><strong>praedicere:</strong></span> <span class='ocrx_word' id='word_1_236' title='bbox 2857 1709 3052 1779; x_wconf 89' lang='lat' dir='ltr'><strong>partim</strong></span> <span class='ocrx_word' id='word_1_237' title='bbox 3085 1709 3326 1779; x_wconf 88' lang='lat' dir='ltr'><strong>quidem,</strong></span> <span class='ocrx_word' id='word_1_238' title='bbox 3366 1718 3423 1761; x_wconf 88' lang='lat' dir='ltr'><strong>ut</strong></span> <span class='ocrx_word' id='word_1_239' title='bbox 3446 1726 3520 1762; x_wconf 89' lang='lat' dir='ltr'><strong>re-</strong></span> 
     </span>
    </p>
   </div>
   <div class='ocr_carea' id='block_1_33' title="bbox 1949 1800 3530 1869">
    <p class='ocr_par' dir='ltr' id='par_1_33' title="bbox 1949 1800 3530 1869">
     <span class='ocr_line' id='line_1_33' title="bbox 1949 1800 3530 1869; baseline -0.001 -15"><span class='ocrx_word' id='word_1_240' title='bbox 1949 1817 2069 1854; x_wconf 87' lang='lat' dir='ltr'><strong>rutn</strong></span> <span class='ocrx_word' id='word_1_241' title='bbox 2108 1810 2359 1855; x_wconf 86' lang='lat' dir='ltr'><strong>eventum</strong></span> <span class='ocrx_word' id='word_1_242' title='bbox 2416 1802 2579 1856; x_wconf 84' lang='lat' dir='ltr'><strong>idolis</strong></span> <span class='ocrx_word' id='word_1_243' title='bbox 2626 1817 2735 1855; x_wconf 88' lang='lat' dir='ltr'><strong>non</strong></span> <span class='ocrx_word' id='word_1_244' title='bbox 2786 1801 3101 1863; x_wconf 86' lang='lat' dir='ltr'><strong>ascribant;</strong></span> <span class='ocrx_word' id='word_1_245' title='bbox 3161 1800 3357 1869; x_wconf 87' lang='lat' dir='ltr'><strong>partim</strong></span> <span class='ocrx_word' id='word_1_246' title='bbox 3403 1816 3530 1853; x_wconf 84' lang='lat' dir='ltr'><strong>vero</strong></span> 
     </span>
    </p>
   </div>
   <div class='ocr_carea' id='block_1_34' title="bbox 260 1873 1943 1969">
    <p class='ocr_par' dir='ltr' id='par_1_34' title="bbox 260 1873 1917 1969">
     <span class='ocr_line' id='line_1_34' title="bbox 260 1873 1917 1969; baseline -0.002 -18"><span class='ocrx_word' id='word_1_247' title='bbox 260 1900 373 1952; x_wconf 83' lang='grc' dir='ltr'><strong>τῶν</strong></span> <span class='ocrx_word' id='word_1_248' title='bbox 396 1898 633 1968; x_wconf 80' lang='grc' dir='ltr'>πρόσθεν</span> <span class='ocrx_word' id='word_1_249' title='bbox 657 1897 921 1951; x_wconf 78' lang='grc' dir='ltr'>ἐθέσπισα</span> <span class='ocrx_word' id='word_1_250' title='bbox 944 1898 1259 1969; x_wconf 83' lang='grc' dir='ltr'>προφητῶν,</span> <span class='ocrx_word' id='word_1_251' title='bbox 1293 1873 1367 1961; x_wconf 82' lang='grc' dir='ltr'><strong>ὡς</strong></span> <span class='ocrx_word' id='word_1_252' title='bbox 1387 1873 1475 1960; x_wconf 74' lang='grc' dir='ltr'>εἰς</span> <span class='ocrx_word' id='word_1_253' title='bbox 1505 1898 1671 1960; x_wconf 80' lang='grc' dir='ltr'>ἀκοὰς</span> <span class='ocrx_word' id='word_1_254' title='bbox 1703 1896 1835 1949; x_wconf 89' lang='grc' dir='ltr'>πολ-</span> <span class='ocrx_word' id='word_1_255' title='bbox 1873 1873 1917 1929; x_wconf 71' lang='grc' dir='ltr'><strong>Β</strong></span> 
     </span>
    </p>
   </div>
   <div class='ocr_carea' id='block_1_35' title="bbox 1845 1873 3528 1969">
    <p class='ocr_par' dir='ltr' id='par_1_35' title="bbox 1873 1873 3528 1961">
     <span class='ocr_line' id='line_1_35' title="bbox 1873 1873 3528 1961; baseline -0.001 -17"><span class='ocrx_word' id='word_1_256' title='bbox 1873 1873 2024 1958; x_wconf 78' lang='lat' dir='ltr'><strong>Bttt,</strong></span> <span class='ocrx_word' id='word_1_257' title='bbox 2082 1890 2151 1943; x_wconf 89' lang='lat' dir='ltr'><strong>de</strong></span> <span class='ocrx_word' id='word_1_258' title='bbox 2185 1890 2383 1945; x_wconf 83' lang='lat' dir='ltr'><strong>futuris</strong></span> <span class='ocrx_word' id='word_1_259' title='bbox 2432 1891 2641 1956; x_wconf 82' lang='lat' dir='ltr'><strong>cdocti,</strong></span> <span class='ocrx_word' id='word_1_260' title='bbox 2704 1891 3050 1961; x_wconf 80' lang='lat' dir='ltr'><strong>resipiscam.</strong></span> <span class='ocrx_word' id='word_1_261' title='bbox 3106 1889 3325 1945; x_wconf 85' lang='lat' dir='ltr'><strong>Poterat</strong></span> <span class='ocrx_word' id='word_1_262' title='bbox 3383 1892 3528 1944; x_wconf 86' lang='lat' dir='ltr'><strong>enim</strong></span> 
     </span>
    </p>
   </div>
   <div class='ocr_carea' id='block_1_36' title="bbox 260 1990 1843 2115">
    <p class='ocr_par' dir='ltr' id='par_1_36' title="bbox 260 1990 1843 2115">
     <span class='ocr_line' id='line_1_36' title="bbox 260 1990 1799 2060; baseline 0 -17"><span class='ocrx_word' id='word_1_263' title='bbox 260 1991 360 2054; x_wconf 75' lang='grc' dir='ltr'><strong>λας</strong></span> <span class='ocrx_word' id='word_1_264' title='bbox 391 1993 521 2052; x_wconf 76' lang='grc' dir='ltr'>τοὺς</span> <span class='ocrx_word' id='word_1_265' title='bbox 550 1991 745 2056; x_wconf 77' lang='grc' dir='ltr'>λόγους</span> <span class='ocrx_word' id='word_1_266' title='bbox 777 1990 975 2054; x_wconf 78' lang='grc' dir='ltr'>ἐλθεῖν,</span> <span class='ocrx_word' id='word_1_267' title='bbox 1016 1992 1095 2053; x_wconf 83' lang='grc' dir='ltr'><strong>εἰς</strong></span> <span class='ocrx_word' id='word_1_268' title='bbox 1136 1990 1298 2060; x_wconf 77' lang='grc' dir='ltr'>ἔργον</span> <span class='ocrx_word' id='word_1_269' title='bbox 1336 1990 1518 2059; x_wconf 79' lang='grc' dir='ltr'>ἐξέϐη.</span> <span class='ocrx_word' id='word_1_270' title='bbox 1562 1990 1698 2043; x_wconf 80' lang='grc' dir='ltr'>Θεοῦ</span> <span class='ocrx_word' id='word_1_271' title='bbox 1730 1992 1799 2060; x_wconf 69' lang='grc' dir='ltr'><strong>γα</strong></span> 
     </span>
     <span class='ocr_line' id='line_1_37' title="bbox 264 2009 1843 2115; baseline 0 0"><span class='ocrx_word' id='word_1_272' title='bbox 264 2063 431 2115; x_wconf 78' lang='grc' dir='ltr'>μόνου</span> <span class='ocrx_word' id='word_1_273' title='bbox 461 2061 522 2113; x_wconf 82' lang='grc' dir='ltr'><strong>τὸ</strong></span> <span class='ocrx_word' id='word_1_274' title='bbox 565 2061 885 2115; x_wconf 77' lang='grc' dir='ltr'>προλέγειν·</span> <span class='ocrx_word' id='word_1_275' title='bbox 935 2062 1030 2114; x_wconf 82' lang='grc' dir='ltr'><strong>καί</strong></span> <span class='ocrx_word' id='word_1_276' title='bbox 1087 2061 1264 2115; x_wconf 75' lang='grc' dir='ltr'>μάτην</span> <span class='ocrx_word' id='word_1_277' title='bbox 1324 2062 1352 2113; x_wconf 82' lang='grc' dir='ltr'>ὁ</span> <span class='ocrx_word' id='word_1_278' title='bbox 1404 2061 1706 2115; x_wconf 75' lang='grc' dir='ltr'>Μανασσῆς</span> <span class='ocrx_word' id='word_1_279' title='bbox 1754 2009 1843 2115; x_wconf 57' lang='grc' dir='ltr'>διςι</span> 
     </span>
    </p>
   </div>
   <div class='ocr_carea' id='block_1_37' title="bbox 264 2061 1803 2131">
    <p class='ocr_par' dir='ltr' id='par_1_37' title="bbox 264 2061 1803 2131">
     <span class='ocr_line' id='line_1_38' title="bbox 264 2061 1803 2131; baseline 0.001 -17"><span class='ocrx_word' id='word_1_280' title='bbox 264 2063 431 2131; x_wconf 78' lang='grc' dir='ltr'>μόνου</span> <span class='ocrx_word' id='word_1_281' title='bbox 461 2061 522 2113; x_wconf 82' lang='grc' dir='ltr'><strong>τὸ</strong></span> <span class='ocrx_word' id='word_1_282' title='bbox 565 2061 885 2131; x_wconf 75' lang='grc' dir='ltr'>προλέγειν·</span> <span class='ocrx_word' id='word_1_283' title='bbox 935 2062 1030 2114; x_wconf 81' lang='grc' dir='ltr'><strong>καί</strong></span> <span class='ocrx_word' id='word_1_284' title='bbox 1087 2061 1264 2130; x_wconf 78' lang='grc' dir='ltr'>μάτην</span> <span class='ocrx_word' id='word_1_285' title='bbox 1324 2062 1352 2113; x_wconf 82' lang='grc' dir='ltr'>ὁ</span> <span class='ocrx_word' id='word_1_286' title='bbox 1404 2061 1706 2131; x_wconf 84' lang='grc' dir='ltr'>Μανασσῆς</span> <span class='ocrx_word' id='word_1_287' title='bbox 1754 2063 1803 2115; x_wconf 86' lang='grc' dir='ltr'><strong>δι</strong></span> 
     </span>
    </p>
   </div>
   <div class='ocr_carea' id='block_1_38' title="bbox 265 2151 1844 2224">
    <p class='ocr_par' dir='ltr' id='par_1_38' title="bbox 265 2151 1844 2224">
     <span class='ocr_line' id='line_1_39' title="bbox 265 2151 1844 2224; baseline 0.001 -19"><span class='ocrx_word' id='word_1_288' title='bbox 265 2152 528 2222; x_wconf 86' lang='grc' dir='ltr'>μαντείας</span> <span class='ocrx_word' id='word_1_289' title='bbox 558 2152 757 2205; x_wconf 76' lang='grc' dir='ltr'>εἰδέναι</span> <span class='ocrx_word' id='word_1_290' title='bbox 790 2151 1081 2215; x_wconf 75' lang='grc' dir='ltr'>σπουδάζει</span> <span class='ocrx_word' id='word_1_291' title='bbox 1104 2151 1173 2204; x_wconf 76' lang='grc' dir='ltr'><strong>τὰ</strong></span> <span class='ocrx_word' id='word_1_292' title='bbox 1203 2151 1465 2221; x_wconf 83' lang='grc' dir='ltr'>μέλλοντα</span> <span class='ocrx_word' id='word_1_293' title='bbox 1490 2168 1503 2181; x_wconf 91' lang='grc'><strong>·</strong></span> <span class='ocrx_word' id='word_1_294' title='bbox 1536 2152 1571 2206; x_wconf 81' lang='grc' dir='ltr'><strong>ἃ</strong></span> <span class='ocrx_word' id='word_1_295' title='bbox 1619 2154 1675 2206; x_wconf 70' lang='grc' dir='ltr'>δὲ</span> <span class='ocrx_word' id='word_1_296' title='bbox 1706 2171 1844 2224; x_wconf 86' lang='grc' dir='ltr'>προ-</span> 
     </span>
    </p>
   </div>
   <div class='ocr_carea' id='block_1_39' title="bbox 1944 1980 3529 2054">
    <p class='ocr_par' dir='ltr' id='par_1_39' title="bbox 1944 1980 3529 2054">
     <span class='ocr_line' id='line_1_40' title="bbox 1944 1980 3529 2054; baseline 0.001 -19"><span class='ocrx_word' id='word_1_297' title='bbox 1944 1983 2109 2036; x_wconf 88' lang='lat' dir='ltr'><strong>eliam</strong></span> <span class='ocrx_word' id='word_1_298' title='bbox 2150 1989 2339 2036; x_wconf 89' lang='lat' dir='ltr'><strong>tacens</strong></span> <span class='ocrx_word' id='word_1_299' title='bbox 2393 1982 2461 2036; x_wconf 86' lang='lat' dir='ltr'><strong>de</strong></span> <span class='ocrx_word' id='word_1_300' title='bbox 2519 1980 2843 2054; x_wconf 84' lang='lat' dir='ltr'><strong>Babyloniis</strong></span> <span class='ocrx_word' id='word_1_301' title='bbox 2901 1982 3234 2051; x_wconf 84' lang='lat' dir='ltr'><strong>supplicium</strong></span> <span class='ocrx_word' id='word_1_302' title='bbox 3291 1996 3529 2036; x_wconf 85' lang='lat' dir='ltr'><strong>sumere.</strong></span> 
     </span>
    </p>
   </div>
   <div class='ocr_carea' id='block_1_40' title="bbox 1941 2071 3528 2141">
    <p class='ocr_par' dir='ltr' id='par_1_40' title="bbox 1941 2071 3528 2141">
     <span class='ocr_line' id='line_1_41' title="bbox 1941 2071 3528 2141; baseline 0.001 -15"><span class='ocrx_word' id='word_1_303' title='bbox 1941 2071 2075 2127; x_wconf 85' lang='lat' dir='ltr'><strong>Nam</strong></span> <span class='ocrx_word' id='word_1_304' title='bbox 2122 2084 2175 2127; x_wconf 94' lang='lat' dir='ltr'><strong>ct</strong></span> <span class='ocrx_word' id='word_1_305' title='bbox 2209 2072 2576 2141; x_wconf 83' lang='lat' dir='ltr'><strong>Pharaonem,</strong></span> <span class='ocrx_word' id='word_1_306' title='bbox 2623 2090 2747 2130; x_wconf 91' lang='lat' dir='ltr'><strong>cum</strong></span> <span class='ocrx_word' id='word_1_307' title='bbox 2794 2075 2858 2130; x_wconf 86' lang='lat' dir='ltr'><strong>de</strong></span> <span class='ocrx_word' id='word_1_308' title='bbox 2910 2075 3114 2129; x_wconf 81' lang='lat' dir='ltr'><strong>futuris</strong></span> <span class='ocrx_word' id='word_1_309' title='bbox 3168 2082 3437 2136; x_wconf 88' lang='lat' dir='ltr'><strong>moneret,</strong></span> <span class='ocrx_word' id='word_1_310' title='bbox 3471 2087 3528 2129; x_wconf 90' lang='lat' dir='ltr'><strong>ut</strong></span> 
     </span>
    </p>
   </div>
   <div class='ocr_carea' id='block_1_41' title="bbox 1944 2164 3528 2236">
    <p class='ocr_par' dir='ltr' id='par_1_41' title="bbox 1944 2164 3528 2236">
     <span class='ocr_line' id='line_1_42' title="bbox 1944 2164 3528 2236; baseline 0 -20"><span class='ocrx_word' id='word_1_311' title='bbox 1944 2178 2089 2229; x_wconf 85' lang='lat' dir='ltr'><strong>eum,</strong></span> <span class='ocrx_word' id='word_1_312' title='bbox 2125 2165 2217 2233; x_wconf 91' lang='lat' dir='ltr'><strong>qui</strong></span> <span class='ocrx_word' id='word_1_313' title='bbox 2273 2164 2482 2220; x_wconf 87' lang='lat' dir='ltr'><strong>inducit</strong></span> <span class='ocrx_word' id='word_1_314' title='bbox 2528 2176 2873 2236; x_wconf 82' lang='lat' dir='ltr'><strong>agnosceret,</strong></span> <span class='ocrx_word' id='word_1_315' title='bbox 2924 2166 3145 2236; x_wconf 80' lang='lat' dir='ltr'><strong>adjecit.</strong></span> <span class='ocrx_word' id='word_1_316' title='bbox 3190 2166 3297 2221; x_wconf 84' lang='lat' dir='ltr'><strong>Vos</strong></span> <span class='ocrx_word' id='word_1_317' title='bbox 3335 2165 3528 2234; x_wconf 83' lang='lat' dir='ltr'><strong>igitur,</strong></span> 
     </span>
    </p>
   </div>
   <div class='ocr_carea' id='block_1_42' title="bbox 263 2239 1946 2328">
    <p class='ocr_par' dir='ltr' id='par_1_42' title="bbox 263 2239 1851 2315">
     <span class='ocr_line' id='line_1_43' title="bbox 263 2239 1851 2315; baseline 0.001 -19"><span class='ocrx_word' id='word_1_318' title='bbox 263 2244 426 2314; x_wconf 55' lang='grc' dir='ltr'>έρην,</span> <span class='ocrx_word' id='word_1_319' title='bbox 446 2244 633 2313; x_wconf 72' lang='grc' dir='ltr'>φησὶν,</span> <span class='ocrx_word' id='word_1_320' title='bbox 655 2245 703 2295; x_wconf 81' lang='grc' dir='ltr'><strong>εἰ</strong></span> <span class='ocrx_word' id='word_1_321' title='bbox 727 2243 912 2315; x_wconf 75' lang='grc' dir='ltr'>καὶμὴ</span> <span class='ocrx_word' id='word_1_322' title='bbox 935 2242 1285 2314; x_wconf 67' lang='grc' dir='ltr'>προσέδοκα,ἱ</span> <span class='ocrx_word' id='word_1_323' title='bbox 1304 2282 1318 2307; x_wconf 91' lang='grc'><strong>,</strong></span> <span class='ocrx_word' id='word_1_324' title='bbox 1345 2244 1459 2297; x_wconf 81' lang='grc' dir='ltr'>ἀλλ’</span> <span class='ocrx_word' id='word_1_325' title='bbox 1478 2239 1573 2299; x_wconf 75' lang='grc' dir='ltr'><strong>οὖν</strong></span> <span class='ocrx_word' id='word_1_326' title='bbox 1595 2244 1851 2311; x_wconf 75' lang='grc' dir='ltr'>ἐξάπινα</span> 
     </span>
    </p>
   </div>
   <div class='ocr_carea' id='block_1_43' title="bbox 1846 2239 3529 2328">
    <p class='ocr_par' dir='ltr' id='par_1_43' title="bbox 1846 2252 3529 2328">
     <span class='ocr_line' id='line_1_44' title="bbox 1846 2252 3529 2328; baseline 0.002 -22"><span class='ocrx_word' id='word_1_327' title='bbox 1846 2264 1851 2293; x_wconf 68' lang='grc' dir='ltr'><strong>ί</strong></span> <span class='ocrx_word' id='word_1_328' title='bbox 1950 2252 2145 2324; x_wconf 80' lang='lat' dir='ltr'><strong>inquit,</strong></span> <span class='ocrx_word' id='word_1_329' title='bbox 2174 2257 2267 2327; x_wconf 90' lang='lat' dir='ltr'><strong>qui</strong></span> <span class='ocrx_word' id='word_1_330' title='bbox 2301 2256 2404 2313; x_wconf 84' lang='lat' dir='ltr'><strong>ﬁde</strong></span> <span class='ocrx_word' id='word_1_331' title='bbox 2446 2259 2670 2323; x_wconf 72' lang='lat' dir='ltr'><strong>caretis,</strong></span> <span class='ocrx_word' id='word_1_332' title='bbox 2703 2276 2808 2319; x_wconf 88' lang='lat' dir='ltr'><strong>me,</strong></span> <span class='ocrx_word' id='word_1_333' title='bbox 2841 2274 3187 2328; x_wconf 80' lang='lat' dir='ltr'><strong>qinecunque</strong></span> <span class='ocrx_word' id='word_1_334' title='bbox 3229 2272 3387 2312; x_wconf 85' lang='lat' dir='ltr'><strong>antea</strong></span> <span class='ocrx_word' id='word_1_335' title='bbox 3439 2270 3529 2326; x_wconf 81' lang='lat' dir='ltr'><strong>per</strong></span> 
     </span>
    </p>
   </div>
   <div class='ocr_carea' id='block_1_44' title="bbox 262 2338 3534 2419">
    <p class='ocr_par' dir='ltr' id='par_1_44' title="bbox 262 2338 3534 2419">
     <span class='ocr_line' id='line_1_45' title="bbox 262 2338 3534 2419; baseline 0.004 -32"><span class='ocrx_word' id='word_1_336' title='bbox 262 2338 513 2404; x_wconf 84' lang='grc' dir='ltr'>γέγονεν.</span> <span class='ocrx_word' id='word_1_337' title='bbox 1950 2348 2244 2417; x_wconf 85' lang='lat' dir='ltr'><strong>prophetas</strong></span> <span class='ocrx_word' id='word_1_338' title='bbox 2275 2364 2303 2402; x_wconf 92' lang='lat' dir='ltr'><strong>a</strong></span> <span class='ocrx_word' id='word_1_339' title='bbox 2343 2364 2429 2404; x_wconf 90' lang='lat' dir='ltr'><strong>me</strong></span> <span class='ocrx_word' id='word_1_340' title='bbox 2474 2350 2733 2419; x_wconf 69' lang='lat' dir='ltr'><strong>praedicta</strong></span> <span class='ocrx_word' id='word_1_341' title='bbox 2773 2350 2840 2404; x_wconf 88' lang='lat' dir='ltr'><strong>ad</strong></span> <span class='ocrx_word' id='word_1_342' title='bbox 2879 2350 3173 2404; x_wconf 87' lang='lat' dir='ltr'><strong>multm-um</strong></span> <span class='ocrx_word' id='word_1_343' title='bbox 3215 2363 3377 2402; x_wconf 87' lang='lat' dir='ltr'><strong>aures</strong></span> <span class='ocrx_word' id='word_1_344' title='bbox 3414 2362 3534 2417; x_wconf 89' lang='lat' dir='ltr'><strong>pcr-</strong></span> 
     </span>
    </p>
   </div>
   <div class='ocr_carea' id='block_1_45' title="bbox 265 2432 3532 2516">
    <p class='ocr_par' dir='ltr' id='par_1_45' title="bbox 265 2432 3532 2516">
     <span class='ocr_line' id='line_1_46' title="bbox 265 2432 3532 2516; baseline 0.003 -31"><span class='ocrx_word' id='word_1_345' title='bbox 265 2442 554 2496; x_wconf 82' lang='lat' dir='ltr'><strong>venerunt,</strong></span> <span class='ocrx_word' id='word_1_346' title='bbox 589 2447 645 2485; x_wconf 90' lang='lat' dir='ltr'><strong>re</strong></span> <span class='ocrx_word' id='word_1_347' title='bbox 704 2432 818 2491; x_wconf 74' lang='lat' dir='ltr'><strong>ipsa</strong></span> <span class='ocrx_word' id='word_1_348' title='bbox 847 2432 958 2501; x_wconf 84' lang='lat' dir='ltr'><strong>jam</strong></span> <span class='ocrx_word' id='word_1_349' title='bbox 996 2434 1314 2503; x_wconf 80' lang='lat' dir='ltr'><strong>pr.estitisse</strong></span> <span class='ocrx_word' id='word_1_350' title='bbox 1355 2436 1686 2505; x_wconf 89' lang='lat' dir='ltr'><strong>cognoscite.</strong></span> <span class='ocrx_word' id='word_1_351' title='bbox 1745 2436 1839 2494; x_wconf 86' lang='lat' dir='ltr'><strong>Est</strong></span> <span class='ocrx_word' id='word_1_352' title='bbox 1868 2440 2015 2494; x_wconf 89' lang='lat' dir='ltr'><strong>enim</strong></span> <span class='ocrx_word' id='word_1_353' title='bbox 2042 2441 2135 2496; x_wconf 89' lang='lat' dir='ltr'><strong>Dei</strong></span> <span class='ocrx_word' id='word_1_354' title='bbox 2171 2451 2381 2499; x_wconf 89' lang='lat' dir='ltr'><strong>tantum</strong></span> <span class='ocrx_word' id='word_1_355' title='bbox 2416 2445 2599 2500; x_wconf 83' lang='lat' dir='ltr'><strong>futura</strong></span> <span class='ocrx_word' id='word_1_356' title='bbox 2635 2447 3220 2516; x_wconf 68' lang='lat' dir='ltr'><strong>prmdicerenpiorum</strong></span> <span class='ocrx_word' id='word_1_357' title='bbox 3255 2443 3532 2497; x_wconf 87' lang='lat' dir='ltr'><strong>notionem</strong></span> 
     </span>
    </p>
   </div>
   <div class='ocr_carea' id='block_1_46' title="bbox 269 2524 3536 2609">
    <p class='ocr_par' dir='ltr' id='par_1_46' title="bbox 269 2524 3536 2609">
     <span class='ocr_line' id='line_1_47' title="bbox 269 2524 3536 2609; baseline 0.005 -33"><span class='ocrx_word' id='word_1_358' title='bbox 269 2541 369 2593; x_wconf 87' lang='lat' dir='ltr'><strong>per</strong></span> <span class='ocrx_word' id='word_1_359' title='bbox 400 2524 677 2593; x_wconf 88' lang='lat' dir='ltr'><strong>sortilegia</strong></span> <span class='ocrx_word' id='word_1_360' title='bbox 702 2525 934 2591; x_wconf 83' lang='lat' dir='ltr'><strong>adipisci</strong></span> <span class='ocrx_word' id='word_1_361' title='bbox 1008 2524 1213 2579; x_wconf 80' lang='lat' dir='ltr'><strong>frustra</strong></span> <span class='ocrx_word' id='word_1_362' title='bbox 1283 2525 1564 2583; x_wconf 80' lang='lat' dir='ltr'><strong>Manasses</strong></span> <span class='ocrx_word' id='word_1_363' title='bbox 1635 2537 1884 2585; x_wconf 88' lang='lat' dir='ltr'><strong>conatur.</strong></span> <span class='ocrx_word' id='word_1_364' title='bbox 1944 2530 2019 2587; x_wconf 86' lang='lat' dir='ltr'><strong>Ea</strong></span> <span class='ocrx_word' id='word_1_365' title='bbox 2042 2550 2171 2604; x_wconf 90' lang='lat' dir='ltr'><strong>ergo</strong></span> <span class='ocrx_word' id='word_1_366' title='bbox 2217 2553 2337 2607; x_wconf 66' lang='lat' dir='ltr'><strong>quae</strong></span> <span class='ocrx_word' id='word_1_367' title='bbox 2383 2537 2633 2609; x_wconf 74' lang='lat' dir='ltr'><strong>praedixi,</strong></span> <span class='ocrx_word' id='word_1_368' title='bbox 2676 2538 2875 2609; x_wconf 88' lang='lat' dir='ltr'><strong>inquit,</strong></span> <span class='ocrx_word' id='word_1_369' title='bbox 2916 2537 3265 2607; x_wconf 80' lang='lat' dir='ltr'><strong>quantumvis</strong></span> <span class='ocrx_word' id='word_1_370' title='bbox 3312 2535 3536 2591; x_wconf 81' lang='lat' dir='ltr'><strong>minime</strong></span> 
     </span>
    </p>
   </div>
   <div class='ocr_carea' id='block_1_47' title="bbox 268 2623 1561 2695">
    <p class='ocr_par' dir='ltr' id='par_1_47' title="bbox 268 2623 1561 2695">
     <span class='ocr_line' id='line_1_48' title="bbox 268 2623 1561 2695; baseline 0.005 -22"><span class='ocrx_word' id='word_1_371' title='bbox 268 2627 643 2686; x_wconf 77' lang='lat' dir='ltr'><strong>exspectares,</strong></span> <span class='ocrx_word' id='word_1_372' title='bbox 676 2636 882 2687; x_wconf 79' lang='lat' dir='ltr'><strong>repente</strong></span> <span class='ocrx_word' id='word_1_373' title='bbox 923 2628 1103 2675; x_wconf 85' lang='lat' dir='ltr'><strong>tamen</strong></span> <span class='ocrx_word' id='word_1_374' title='bbox 1144 2623 1257 2675; x_wconf 82' lang='lat' dir='ltr'><strong>lieri</strong></span> <span class='ocrx_word' id='word_1_375' title='bbox 1310 2625 1561 2695; x_wconf 77' lang='lat' dir='ltr'><strong>contigit.</strong></span> 
     </span>
    </p>
   </div>
   <div class='ocr_carea' id='block_1_48' title="bbox 344 2711 1856 2789">
    <p class='ocr_par' dir='ltr' id='par_1_48' title="bbox 344 2711 1856 2789">
     <span class='ocr_line' id='line_1_49' title="bbox 344 2711 1856 2789; baseline 0.005 -24"><span class='ocrx_word' id='word_1_376' title='bbox 344 2712 607 2778; x_wconf 72' lang='grc' dir='ltr'>Πρότερα</span> <span class='ocrx_word' id='word_1_377' title='bbox 636 2711 691 2763; x_wconf 87' lang='grc' dir='ltr'><strong>δέ</strong></span> <span class='ocrx_word' id='word_1_378' title='bbox 724 2730 866 2775; x_wconf 82' lang='grc' dir='ltr'>τινες</span> <span class='ocrx_word' id='word_1_379' title='bbox 892 2713 989 2782; x_wconf 84' lang='grc' dir='ltr'><strong>τὴν</strong></span> <span class='ocrx_word' id='word_1_380' title='bbox 1015 2716 1388 2783; x_wconf 67' lang='grc' dir='ltr'>αἰχμαλωσίαν</span> <span class='ocrx_word' id='word_1_381' title='bbox 1416 2719 1697 2788; x_wconf 85' lang='grc' dir='ltr'>εἰρήκασι,</span> <span class='ocrx_word' id='word_1_382' title='bbox 1738 2719 1856 2789; x_wconf 88' lang='grc' dir='ltr'>μεθ’</span> 
     </span>
    </p>
   </div>
   <div class='ocr_carea' id='block_1_49' title="bbox 268 2803 1859 2876">
    <p class='ocr_par' dir='ltr' id='par_1_49' title="bbox 268 2803 1859 2876">
     <span class='ocr_line' id='line_1_50' title="bbox 268 2803 1859 2876; baseline 0.005 -20"><span class='ocrx_word' id='word_1_383' title='bbox 268 2807 338 2875; x_wconf 70' lang='grc' dir='ltr'>ἦν</span> <span class='ocrx_word' id='word_1_384' title='bbox 395 2806 513 2857; x_wconf 84' lang='grc' dir='ltr'>ἐστι</span> <span class='ocrx_word' id='word_1_385' title='bbox 570 2803 639 2855; x_wconf 68' lang='grc' dir='ltr'><strong>τὰ</strong></span> <span class='ocrx_word' id='word_1_386' title='bbox 702 2804 769 2873; x_wconf 78' lang='grc' dir='ltr'>τῇ</span> <span class='ocrx_word' id='word_1_387' title='bbox 825 2804 1145 2876; x_wconf 76' lang='grc' dir='ltr'>Βαϐυλωνίᾳ</span> <span class='ocrx_word' id='word_1_388' title='bbox 1182 2807 1467 2876; x_wconf 80' lang='grc' dir='ltr'>συμϐάντα</span> <span class='ocrx_word' id='word_1_389' title='bbox 1525 2809 1695 2863; x_wconf 77' lang='grc' dir='ltr'>δεινά.</span> <span class='ocrx_word' id='word_1_390' title='bbox 1770 2810 1859 2873; x_wconf 81' lang='grc' dir='ltr'>Ὠς</span> 
     </span>
    </p>
   </div>
   <div class='ocr_carea' id='block_1_50' title="bbox 270 2902 1859 2974">
    <p class='ocr_par' dir='ltr' id='par_1_50' title="bbox 270 2902 1859 2974">
     <span class='ocr_line' id='line_1_51' title="bbox 270 2902 1859 2974; baseline 0.001 -20"><span class='ocrx_word' id='word_1_391' title='bbox 270 2902 522 2973; x_wconf 87' lang='grc' dir='ltr'>ἀκαμπεῖ</span> <span class='ocrx_word' id='word_1_392' title='bbox 547 2902 626 2968; x_wconf 78' lang='grc' dir='ltr'>δὲ,</span> <span class='ocrx_word' id='word_1_393' title='bbox 654 2903 809 2973; x_wconf 82' lang='grc' dir='ltr'>φησί,</span> <span class='ocrx_word' id='word_1_394' title='bbox 842 2903 934 2955; x_wconf 82' lang='grc' dir='ltr'><strong>καί</strong></span> <span class='ocrx_word' id='word_1_395' title='bbox 956 2904 1294 2974; x_wconf 80' lang='grc' dir='ltr'>ἀναισχύντῳ</span> <span class='ocrx_word' id='word_1_396' title='bbox 1320 2905 1627 2971; x_wconf 79' lang='grc' dir='ltr'>προεῖπον,</span> <span class='ocrx_word' id='word_1_397' title='bbox 1657 2904 1859 2974; x_wconf 87' lang='grc' dir='ltr'>καίπερ</span> 
     </span>
    </p>
   </div>
   <div class='ocr_carea' id='block_1_51' title="bbox 270 2991 1855 3067">
    <p class='ocr_par' dir='ltr' id='par_1_51' title="bbox 270 2991 1855 3067">
     <span class='ocr_line' id='line_1_52' title="bbox 270 2991 1855 3067; baseline 0.003 -22"><span class='ocrx_word' id='word_1_398' title='bbox 270 2991 451 3057; x_wconf 85' lang='grc' dir='ltr'>εἰδὼς,</span> <span class='ocrx_word' id='word_1_399' title='bbox 488 2993 563 3054; x_wconf 87' lang='grc' dir='ltr'><strong>ώς</strong></span> <span class='ocrx_word' id='word_1_400' title='bbox 600 2993 692 3045; x_wconf 81' lang='grc' dir='ltr'><strong>καί</strong></span> <span class='ocrx_word' id='word_1_401' title='bbox 729 2991 903 3057; x_wconf 72' lang='grc' dir='ltr'>οὕτως</span> <span class='ocrx_word' id='word_1_402' title='bbox 938 2993 1183 3057; x_wconf 79' lang='grc' dir='ltr'>εἰδώλοις</span> <span class='ocrx_word' id='word_1_403' title='bbox 1216 2995 1316 3065; x_wconf 82' lang='grc' dir='ltr'>τὴν</span> <span class='ocrx_word' id='word_1_404' title='bbox 1354 2996 1461 3048; x_wconf 84' lang='grc' dir='ltr'><strong>τῶν</strong></span> <span class='ocrx_word' id='word_1_405' title='bbox 1499 2996 1855 3067; x_wconf 81' lang='grc' dir='ltr'>συμϐησομέ-</span> 
     </span>
    </p>
   </div>
   <div class='ocr_carea' id='block_1_52' title="bbox 269 3082 1859 3157">
    <p class='ocr_par' dir='ltr' id='par_1_52' title="bbox 269 3082 1859 3157">
     <span class='ocr_line' id='line_1_53' title="bbox 269 3082 1859 3157; baseline 0.003 -23"><span class='ocrx_word' id='word_1_406' title='bbox 269 3101 379 3135; x_wconf 90' lang='grc' dir='ltr'><strong>νων</strong></span> <span class='ocrx_word' id='word_1_407' title='bbox 413 3082 775 3145; x_wconf 73' lang='grc' dir='ltr'>Βαϐυλωνίοις</span> <span class='ocrx_word' id='word_1_408' title='bbox 799 3084 1128 3154; x_wconf 69' lang='grc' dir='ltr'>ἐπιγράψεις</span> <span class='ocrx_word' id='word_1_409' title='bbox 1161 3086 1363 3139; x_wconf 84' lang='grc' dir='ltr'>αἰτίαν.</span> <span class='ocrx_word' id='word_1_410' title='bbox 1414 3087 1588 3151; x_wconf 83' lang='grc' dir='ltr'>Ἐπεὶ,</span> <span class='ocrx_word' id='word_1_411' title='bbox 1618 3087 1710 3140; x_wconf 70' lang='grc' dir='ltr'><strong>καὶ</strong></span> <span class='ocrx_word' id='word_1_412' title='bbox 1758 3088 1859 3157; x_wconf 85' lang='grc' dir='ltr'><strong>τῆς</strong></span> 
     </span>
    </p>
   </div>
   <div class='ocr_carea' id='block_1_53' title="bbox 283 3174 1853 3246">
    <p class='ocr_par' dir='ltr' id='par_1_53' title="bbox 283 3174 1853 3246">
     <span class='ocr_line' id='line_1_54' title="bbox 283 3174 1853 3246; baseline 0.002 -19"><span class='ocrx_word' id='word_1_413' title='bbox 283 3175 644 3245; x_wconf 80' lang='grc' dir='ltr'>Ἰερουσαλὴμ</span> <span class='ocrx_word' id='word_1_414' title='bbox 700 3174 958 3245; x_wconf 79' lang='grc' dir='ltr'>ἀλούσης,</span> <span class='ocrx_word' id='word_1_415' title='bbox 1005 3180 1060 3229; x_wconf 92' lang='grc' dir='ltr'><strong>αἰ</strong></span> <span class='ocrx_word' id='word_1_416' title='bbox 1103 3177 1536 3245; x_wconf 71' lang='grc' dir='ltr'>περιλειφθείσαι</span> <span class='ocrx_word' id='word_1_417' title='bbox 1578 3180 1853 3246; x_wconf 79' lang='grc' dir='ltr'>γυναῖκες.</span> 
     </span>
    </p>
   </div>
   <div class='ocr_carea' id='block_1_54' title="bbox 270 3266 1855 3339">
    <p class='ocr_par' dir='ltr' id='par_1_54' title="bbox 270 3266 1855 3339">
     <span class='ocr_line' id='line_1_55' title="bbox 270 3266 1855 3339; baseline 0.001 -19"><span class='ocrx_word' id='word_1_418' title='bbox 270 3268 577 3329; x_wconf 82' lang='grc' dir='ltr'>κωλύοντος</span> <span class='ocrx_word' id='word_1_419' title='bbox 639 3266 901 3338; x_wconf 86' lang='grc' dir='ltr'>Ἰερεμίου</span> <span class='ocrx_word' id='word_1_420' title='bbox 952 3267 1231 3323; x_wconf 81' lang='grc' dir='ltr'>κατελθεῖν</span> <span class='ocrx_word' id='word_1_421' title='bbox 1281 3271 1361 3329; x_wconf 88' lang='grc' dir='ltr'><strong>εἰς</strong></span> <span class='ocrx_word' id='word_1_422' title='bbox 1403 3268 1500 3339; x_wconf 81' lang='grc' dir='ltr'><strong>τὴν</strong></span> <span class='ocrx_word' id='word_1_423' title='bbox 1557 3269 1855 3336; x_wconf 74' lang='grc' dir='ltr'>Αἴγυπτον,</span> 
     </span>
    </p>
   </div>
   <div class='ocr_carea' id='block_1_55' title="bbox 268 3358 1859 3431">
    <p class='ocr_par' dir='ltr' id='par_1_55' title="bbox 268 3358 1859 3431">
     <span class='ocr_line' id='line_1_56' title="bbox 268 3358 1859 3431; baseline 0.001 -21"><span class='ocrx_word' id='word_1_424' title='bbox 268 3359 651 3427; x_wconf 78' lang='grc' dir='ltr'>ἀνθυπὲφερον</span> <span class='ocrx_word' id='word_1_425' title='bbox 673 3376 686 3390; x_wconf 90' lang='grc'>·</span> <span class='ocrx_word' id='word_1_426' title='bbox 734 3359 953 3428; x_wconf 74' lang='grc' dir='ltr'>Ἐπειδὴ</span> <span class='ocrx_word' id='word_1_427' title='bbox 984 3360 1298 3428; x_wconf 86' lang='grc' dir='ltr'>διελίπομεν</span> <span class='ocrx_word' id='word_1_428' title='bbox 1330 3358 1560 3412; x_wconf 81' lang='grc' dir='ltr'>θύουσαι</span> <span class='ocrx_word' id='word_1_429' title='bbox 1589 3362 1655 3431; x_wconf 77' lang='grc' dir='ltr'>τῇ</span> <span class='ocrx_word' id='word_1_430' title='bbox 1707 3359 1859 3429; x_wconf 85' lang='grc' dir='ltr'>βασι-</span> 
     </span>
    </p>
   </div>
   <div class='ocr_carea' id='block_1_56' title="bbox 269 3449 1862 3521">
    <p class='ocr_par' dir='ltr' id='par_1_56' title="bbox 269 3449 1862 3521">
     <span class='ocr_line' id='line_1_57' title="bbox 269 3449 1862 3521; baseline 0.003 -21"><span class='ocrx_word' id='word_1_431' title='bbox 269 3449 436 3521; x_wconf 86' lang='grc' dir='ltr'>λίσσῃ</span> <span class='ocrx_word' id='word_1_432' title='bbox 465 3450 557 3502; x_wconf 80' lang='grc' dir='ltr'>τοῦ</span> <span class='ocrx_word' id='word_1_433' title='bbox 585 3450 845 3521; x_wconf 73' lang='grc' dir='ltr'>οὐρανοῦ,</span> <span class='ocrx_word' id='word_1_434' title='bbox 878 3450 1112 3519; x_wconf 82' lang='grc' dir='ltr'>ἐπῆλθεν</span> <span class='ocrx_word' id='word_1_435' title='bbox 1142 3450 1226 3519; x_wconf 85' lang='grc' dir='ltr'><strong>ἐφ’</strong></span> <span class='ocrx_word' id='word_1_436' title='bbox 1248 3453 1397 3521; x_wconf 74' lang='grc' dir='ltr'>ἡμᾶς</span> <span class='ocrx_word' id='word_1_437' title='bbox 1421 3450 1601 3503; x_wconf 84' lang='grc' dir='ltr'>πάντα</span> <span class='ocrx_word' id='word_1_438' title='bbox 1628 3451 1695 3504; x_wconf 72' lang='grc' dir='ltr'>τὰ</span> <span class='ocrx_word' id='word_1_439' title='bbox 1719 3451 1862 3504; x_wconf 84' lang='grc' dir='ltr'><strong>κακά</strong></span> 
     </span>
    </p>
   </div>
   <div class='ocr_carea' id='block_1_57' title="bbox 271 3540 1863 3612">
    <p class='ocr_par' dir='ltr' id='par_1_57' title="bbox 271 3540 1863 3612">
     <span class='ocr_line' id='line_1_58' title="bbox 271 3540 1863 3612; baseline 0.001 -19"><span class='ocrx_word' id='word_1_440' title='bbox 271 3542 468 3594; x_wconf 71' lang='grc' dir='ltr'>ταῦτα.</span> <span class='ocrx_word' id='word_1_441' title='bbox 501 3545 591 3594; x_wconf 76' lang='grc' dir='ltr'>Διὸ</span> <span class='ocrx_word' id='word_1_442' title='bbox 622 3542 717 3594; x_wconf 82' lang='grc' dir='ltr'><strong>καί</strong></span> <span class='ocrx_word' id='word_1_443' title='bbox 763 3542 1134 3612; x_wconf 84' lang='grc' dir='ltr'>δυσχεραίνων</span> <span class='ocrx_word' id='word_1_444' title='bbox 1173 3540 1445 3612; x_wconf 83' lang='grc' dir='ltr'>Ἱερεμίας</span> <span class='ocrx_word' id='word_1_445' title='bbox 1480 3542 1650 3611; x_wconf 69' lang='grc' dir='ltr'><strong>φησι·</strong></span> <span class='ocrx_word' id='word_1_446' title='bbox 1688 3561 1705 3594; x_wconf 83' lang='grc' dir='ltr'><strong>ι</strong></span> <span class='ocrx_word' id='word_1_447' title='bbox 1753 3543 1863 3595; x_wconf 79' lang='grc' dir='ltr'><strong>Κύ-</strong></span> 
     </span>
    </p>
   </div>
   <div class='ocr_carea' id='block_1_58' title="bbox 275 3633 1864 3703">
    <p class='ocr_par' dir='ltr' id='par_1_58' title="bbox 275 3633 1864 3703">
     <span class='ocr_line' id='line_1_59' title="bbox 275 3633 1864 3703; baseline 0.002 -21"><span class='ocrx_word' id='word_1_448' title='bbox 275 3649 384 3701; x_wconf 83' lang='grc' dir='ltr'>ριε,</span> <span class='ocrx_word' id='word_1_449' title='bbox 415 3633 463 3684; x_wconf 90' lang='grc' dir='ltr'><strong>οἰ</strong></span> <span class='ocrx_word' id='word_1_450' title='bbox 492 3633 762 3702; x_wconf 71' lang='grc' dir='ltr'>ὀφθαλμοί</span> <span class='ocrx_word' id='word_1_451' title='bbox 790 3649 884 3685; x_wconf 93' lang='grc' dir='ltr'><strong>σου</strong></span> <span class='ocrx_word' id='word_1_452' title='bbox 918 3635 998 3697; x_wconf 90' lang='grc' dir='ltr'><strong>εἰς</strong></span> <span class='ocrx_word' id='word_1_453' title='bbox 1036 3633 1240 3688; x_wconf 86' lang='grc' dir='ltr'>πίστιν.</span> <span class='ocrx_word' id='word_1_454' title='bbox 1302 3633 1718 3703; x_wconf 85' lang='grc' dir='ltr'>Ἐμαστίγωσας</span> <span class='ocrx_word' id='word_1_455' title='bbox 1767 3633 1864 3685; x_wconf 86' lang='grc' dir='ltr'><strong>αὺ-</strong></span> 
     </span>
    </p>
   </div>
   <div class='ocr_carea' id='block_1_59' title="bbox 271 3722 1864 3795">
    <p class='ocr_par' dir='ltr' id='par_1_59' title="bbox 271 3722 1864 3795">
     <span class='ocr_line' id='line_1_60' title="bbox 271 3722 1864 3795; baseline 0.004 -23"><span class='ocrx_word' id='word_1_456' title='bbox 271 3722 423 3785; x_wconf 69' lang='grc' dir='ltr'>τοίις,</span> <span class='ocrx_word' id='word_1_457' title='bbox 456 3723 550 3774; x_wconf 79' lang='grc' dir='ltr'><strong>καί</strong></span> <span class='ocrx_word' id='word_1_458' title='bbox 575 3724 675 3775; x_wconf 72' lang='grc' dir='ltr'>οὐκ</span> <span class='ocrx_word' id='word_1_459' title='bbox 698 3724 988 3795; x_wconf 74' lang='grc' dir='ltr'>ἐπόνησαν.</span> <span class='ocrx_word' id='word_1_460' title='bbox 1017 3725 1379 3787; x_wconf 83' lang='grc' dir='ltr'>Συνετέλεσας</span> <span class='ocrx_word' id='word_1_461' title='bbox 1405 3726 1623 3791; x_wconf 81' lang='grc' dir='ltr'>αὐτοὺς,</span> <span class='ocrx_word' id='word_1_462' title='bbox 1648 3725 1742 3778; x_wconf 77' lang='grc' dir='ltr'><strong>καί</strong></span> <span class='ocrx_word' id='word_1_463' title='bbox 1761 3725 1864 3779; x_wconf 80' lang='grc' dir='ltr'>οὐκ</span> 
     </span>
    </p>
   </div>
   <div class='ocr_carea' id='block_1_60' title="bbox 275 3813 1862 3888">
    <p class='ocr_par' dir='ltr' id='par_1_60' title="bbox 275 3813 1862 3888">
     <span class='ocr_line' id='line_1_61' title="bbox 275 3813 1862 3888; baseline 0.003 -22"><span class='ocrx_word' id='word_1_464' title='bbox 275 3814 552 3883; x_wconf 73' lang='grc' dir='ltr'>ἠθέλησαν</span> <span class='ocrx_word' id='word_1_465' title='bbox 580 3813 839 3879; x_wconf 80' lang='grc' dir='ltr'>δέξασθαι</span> <span class='ocrx_word' id='word_1_466' title='bbox 869 3815 1137 3870; x_wconf 81' lang='grc' dir='ltr'>παιδείαν.</span> <span class='ocrx_word' id='word_1_467' title='bbox 1180 3834 1198 3867; x_wconf 78' lang='grc' dir='ltr'><strong>ι</strong></span> <span class='ocrx_word' id='word_1_468' title='bbox 1239 3816 1369 3869; x_wconf 73' lang='grc' dir='ltr'>Ἰδοὺ</span> <span class='ocrx_word' id='word_1_469' title='bbox 1412 3816 1592 3869; x_wconf 81' lang='grc' dir='ltr'>τοίνυν</span> <span class='ocrx_word' id='word_1_470' title='bbox 1614 3857 1627 3883; x_wconf 95' lang='grc'><strong>,</strong></span> <span class='ocrx_word' id='word_1_471' title='bbox 1662 3818 1862 3888; x_wconf 86' lang='grc' dir='ltr'>καίπερ</span> 
     </span>
    </p>
   </div>
   <div class='ocr_carea' id='block_1_61' title="bbox 275 3905 1863 3978">
    <p class='ocr_par' dir='ltr' id='par_1_61' title="bbox 275 3905 1863 3978">
     <span class='ocr_line' id='line_1_62' title="bbox 275 3905 1863 3978; baseline 0.002 -21"><span class='ocrx_word' id='word_1_472' title='bbox 275 3906 393 3957; x_wconf 67' lang='lat' dir='ltr'><strong>om</strong></span> <span class='ocrx_word' id='word_1_473' title='bbox 429 3905 678 3974; x_wconf 79' lang='grc' dir='ltr'>τοιούτῳ,</span> <span class='ocrx_word' id='word_1_474' title='bbox 713 3905 1093 3976; x_wconf 80' lang='grc' dir='ltr'>φιλάνθρωπος</span> <span class='ocrx_word' id='word_1_475' title='bbox 1123 3905 1220 3971; x_wconf 82' lang='grc' dir='ltr'><strong>ὢν,</strong></span> <span class='ocrx_word' id='word_1_476' title='bbox 1259 3907 1509 3977; x_wconf 74' lang='grc' dir='ltr'>προλέγω</span> <span class='ocrx_word' id='word_1_477' title='bbox 1540 3908 1607 3961; x_wconf 74' lang='grc' dir='ltr'>τὰ</span> <span class='ocrx_word' id='word_1_478' title='bbox 1653 3908 1863 3978; x_wconf 83' lang='grc' dir='ltr'>συμϐη-</span> 
     </span>
    </p>
   </div>
   <div class='ocr_carea' id='block_1_62' title="bbox 280 3996 1860 4069">
    <p class='ocr_par' dir='ltr' id='par_1_62' title="bbox 280 3996 1860 4069">
     <span class='ocr_line' id='line_1_63' title="bbox 280 3996 1860 4069; baseline 0.003 -22"><span class='ocrx_word' id='word_1_479' title='bbox 280 3997 484 4064; x_wconf 68' lang='grc' dir='ltr'>σῦμενα</span> <span class='ocrx_word' id='word_1_480' title='bbox 519 3999 631 4059; x_wconf 85' lang='grc' dir='ltr'>τοῖς</span> <span class='ocrx_word' id='word_1_481' title='bbox 662 3996 921 4065; x_wconf 86' lang='grc' dir='ltr'>μέλλουσί</span> <span class='ocrx_word' id='word_1_482' title='bbox 959 4015 1018 4051; x_wconf 88' lang='grc' dir='ltr'><strong>σε</strong></span> <span class='ocrx_word' id='word_1_483' title='bbox 1056 3999 1510 4069; x_wconf 76' lang='grc' dir='ltr'>καταπολεμῆσαι</span> <span class='ocrx_word' id='word_1_484' title='bbox 1551 3998 1860 4063; x_wconf 77' lang='grc' dir='ltr'>Χαλδαίοις,</span> 
     </span>
    </p>
   </div>
   <div class='ocr_carea' id='block_1_63' title="bbox 277 4087 1859 4161">
    <p class='ocr_par' dir='ltr' id='par_1_63' title="bbox 277 4087 1859 4161">
     <span class='ocr_line' id='line_1_64' title="bbox 277 4087 1859 4161; baseline 0.003 -22"><span class='ocrx_word' id='word_1_485' title='bbox 277 4088 355 4148; x_wconf 88' lang='grc' dir='ltr'>ὡς</span> <span class='ocrx_word' id='word_1_486' title='bbox 404 4088 469 4139; x_wconf 84' lang='grc' dir='ltr'><strong>ἂν</strong></span> <span class='ocrx_word' id='word_1_487' title='bbox 518 4087 638 4140; x_wconf 76' lang='grc' dir='ltr'>τότε</span> <span class='ocrx_word' id='word_1_488' title='bbox 690 4087 887 4157; x_wconf 78' lang='grc' dir='ltr'>βοηθὸν</span> <span class='ocrx_word' id='word_1_489' title='bbox 924 4088 1017 4142; x_wconf 78' lang='grc' dir='ltr'><strong>τὸν</strong></span> <span class='ocrx_word' id='word_1_490' title='bbox 1051 4090 1385 4159; x_wconf 80' lang='grc' dir='ltr'>προειπόντα</span> <span class='ocrx_word' id='word_1_491' title='bbox 1430 4089 1734 4153; x_wconf 82' lang='grc' dir='ltr'>καλέσειας.</span> <span class='ocrx_word' id='word_1_492' title='bbox 1769 4092 1859 4161; x_wconf 83' lang='grc' dir='ltr'><strong>Μὴ</strong></span> 
     </span>
    </p>
   </div>
   <div class='ocr_carea' id='block_1_64' title="bbox 278 4171 1861 4251">
    <p class='ocr_par' dir='ltr' id='par_1_64' title="bbox 278 4171 1861 4251">
     <span class='ocr_line' id='line_1_65' title="bbox 278 4171 1861 4251; baseline 0.004 -23"><span class='ocrx_word' id='word_1_493' title='bbox 278 4171 372 4228; x_wconf 75' lang='grc' dir='ltr'><strong>οὖν</strong></span> <span class='ocrx_word' id='word_1_494' title='bbox 404 4177 624 4238; x_wconf 78' lang='grc' dir='ltr'>ἀπάτας</span> <span class='ocrx_word' id='word_1_495' title='bbox 675 4179 841 4231; x_wconf 77' lang='grc' dir='ltr'>αὑτὸν</span> <span class='ocrx_word' id='word_1_496' title='bbox 890 4178 916 4217; x_wconf 77' lang='grc' dir='ltr'><strong>¹ι</strong></span> <span class='ocrx_word' id='word_1_497' title='bbox 966 4179 1158 4245; x_wconf 85' lang='grc' dir='ltr'>λέγων,</span> <span class='ocrx_word' id='word_1_498' title='bbox 1187 4180 1263 4242; x_wconf 92' lang='grc' dir='ltr'><strong>ώς</strong></span> <span class='ocrx_word' id='word_1_499' title='bbox 1317 4179 1411 4232; x_wconf 77' lang='grc' dir='ltr'><strong>καὶ</strong></span> <span class='ocrx_word' id='word_1_500' title='bbox 1454 4179 1558 4250; x_wconf 81' lang='grc' dir='ltr'>πρὸ</span> <span class='ocrx_word' id='word_1_501' title='bbox 1602 4181 1697 4249; x_wconf 87' lang='grc' dir='ltr'><strong>τῆς</strong></span> <span class='ocrx_word' id='word_1_502' title='bbox 1723 4183 1861 4251; x_wconf 80' lang='grc' dir='ltr'>ἐμῆς</span> 
     </span>
    </p>
   </div>
   <div class='ocr_carea' id='block_1_65' title="bbox 281 4257 1868 4343">
    <p class='ocr_par' dir='ltr' id='par_1_65' title="bbox 281 4257 1868 4343">
     <span class='ocr_line' id='line_1_66' title="bbox 281 4257 1868 4343; baseline 0.003 -22"><span class='ocrx_word' id='word_1_503' title='bbox 281 4257 624 4340; x_wconf 65' lang='grc' dir='ltr'>προφητείας</span> <span class='ocrx_word' id='word_1_504' title='bbox 650 4269 871 4323; x_wconf 81' lang='grc' dir='ltr'>εἴδω.ῑά</span> <span class='ocrx_word' id='word_1_505' title='bbox 888 4287 971 4323; x_wconf 92' lang='grc' dir='ltr'><strong>σοι</strong></span> <span class='ocrx_word' id='word_1_506' title='bbox 992 4270 1352 4333; x_wconf 75' lang='grc' dir='ltr'>ἐνετείλατο.</span> <span class='ocrx_word' id='word_1_507' title='bbox 1372 4271 1517 4324; x_wconf 80' lang='grc' dir='ltr'>τοῦτ’</span> <span class='ocrx_word' id='word_1_508' title='bbox 1543 4271 1692 4326; x_wconf 75' lang='grc' dir='ltr'>ἐστιν</span> <span class='ocrx_word' id='word_1_509' title='bbox 1715 4274 1821 4343; x_wconf 73' lang='grc' dir='ltr'>ὴπε</span> <span class='ocrx_word' id='word_1_510' title='bbox 1832 4274 1868 4326; x_wconf 91' lang='grc' dir='ltr'>ί-</span> 
     </span>
    </p>
   </div>
   <div class='ocr_carea' id='block_1_66' title="bbox 278 4361 1868 4432">
    <p class='ocr_par' dir='ltr' id='par_1_66' title="bbox 278 4361 1868 4432">
     <span class='ocr_line' id='line_1_67' title="bbox 278 4361 1868 4432; baseline 0.004 -19"><span class='ocrx_word' id='word_1_511' title='bbox 278 4361 479 4430; x_wconf 78' lang='grc' dir='ltr'>λησαν,</span> <span class='ocrx_word' id='word_1_512' title='bbox 506 4363 539 4432; x_wconf 76' lang='grc' dir='ltr'><strong>ἢ</strong></span> <span class='ocrx_word' id='word_1_513' title='bbox 568 4362 1038 4432; x_wconf 82' lang='grc' dir='ltr'>προαπήγγειλαν,</span> <span class='ocrx_word' id='word_1_514' title='bbox 1067 4363 1142 4426; x_wconf 85' lang='grc' dir='ltr'>ὡς</span> <span class='ocrx_word' id='word_1_515' title='bbox 1174 4364 1314 4418; x_wconf 79' lang='grc' dir='ltr'><strong>αὐτά</strong></span> <span class='ocrx_word' id='word_1_516' title='bbox 1366 4380 1424 4416; x_wconf 87' lang='grc' dir='ltr'><strong>σε</strong></span> <span class='ocrx_word' id='word_1_517' title='bbox 1459 4364 1723 4418; x_wconf 85' lang='grc' dir='ltr'>κακώσει.</span> <span class='ocrx_word' id='word_1_518' title='bbox 1772 4367 1868 4419; x_wconf 84' lang='grc' dir='ltr'>Διά</span> 
     </span>
    </p>
   </div>
   <div class='ocr_carea' id='block_1_67' title="bbox 279 4453 1866 4527">
    <p class='ocr_par' dir='ltr' id='par_1_67' title="bbox 279 4453 1866 4527">
     <span class='ocr_line' id='line_1_68' title="bbox 279 4453 1866 4527; baseline 0.003 -21"><span class='ocrx_word' id='word_1_519' title='bbox 279 4453 456 4508; x_wconf 84' lang='grc' dir='ltr'>ταῦτα</span> <span class='ocrx_word' id='word_1_520' title='bbox 501 4454 611 4525; x_wconf 71' lang='grc' dir='ltr'>γὰρ</span> <span class='ocrx_word' id='word_1_521' title='bbox 670 4454 850 4506; x_wconf 88' lang='grc' dir='ltr'>πείσει</span> <span class='ocrx_word' id='word_1_522' title='bbox 888 4453 905 4491; x_wconf 80' lang='grc' dir='ltr'>ι</span> <span class='ocrx_word' id='word_1_523' title='bbox 954 4454 1161 4517; x_wconf 87' lang='grc' dir='ltr'>κακῶς,</span> <span class='ocrx_word' id='word_1_524' title='bbox 1192 4456 1381 4524; x_wconf 84' lang='grc' dir='ltr'>ὅτιπερ</span> <span class='ocrx_word' id='word_1_525' title='bbox 1440 4457 1684 4521; x_wconf 75' lang='grc' dir='ltr'>ἀποστὰς</span> <span class='ocrx_word' id='word_1_526' title='bbox 1732 4458 1866 4527; x_wconf 83' lang='grc' dir='ltr'>ἐμοῦ</span> 
     </span>
    </p>
   </div>
   <div class='ocr_carea' id='block_1_68' title="bbox 280 4546 1868 4620">
    <p class='ocr_par' dir='ltr' id='par_1_68' title="bbox 280 4546 1868 4620">
     <span class='ocr_line' id='line_1_69' title="bbox 280 4546 1868 4620; baseline 0.004 -24"><span class='ocrx_word' id='word_1_527' title='bbox 280 4546 626 4615; x_wconf 85' lang='grc' dir='ltr'>προσετέθης</span> <span class='ocrx_word' id='word_1_528' title='bbox 667 4546 870 4608; x_wconf 75' lang='grc' dir='ltr'>αὐτοῖς.</span> <span class='ocrx_word' id='word_1_529' title='bbox 910 4546 1058 4615; x_wconf 80' lang='grc' dir='ltr'>Πλὴν</span> <span class='ocrx_word' id='word_1_530' title='bbox 1081 4546 1234 4599; x_wconf 67' lang='grc' dir='ltr'>οὐδέν</span> <span class='ocrx_word' id='word_1_531' title='bbox 1266 4564 1323 4600; x_wconf 89' lang='grc' dir='ltr'><strong>σε</strong></span> <span class='ocrx_word' id='word_1_532' title='bbox 1351 4548 1409 4600; x_wconf 82' lang='grc' dir='ltr'>τὸ</span> <span class='ocrx_word' id='word_1_533' title='bbox 1440 4548 1726 4618; x_wconf 78' lang='grc' dir='ltr'>προλέγειν</span> <span class='ocrx_word' id='word_1_534' title='bbox 1752 4550 1868 4620; x_wconf 85' lang='grc' dir='ltr'><strong>ὀνή-</strong></span> 
     </span>
    </p>
   </div>
   <div class='ocr_carea' id='block_1_69' title="bbox 2032 2718 3535 2794">
    <p class='ocr_par' dir='ltr' id='par_1_69' title="bbox 2032 2718 3535 2794">
     <span class='ocr_line' id='line_1_70' title="bbox 2032 2718 3535 2794; baseline 0.002 -20"><span class='ocrx_word' id='word_1_535' title='bbox 2032 2718 2171 2775; x_wconf 89' lang='lat' dir='ltr'><strong>Sunt</strong></span> <span class='ocrx_word' id='word_1_536' title='bbox 2197 2738 2325 2777; x_wconf 89' lang='lat' dir='ltr'><strong>vero</strong></span> <span class='ocrx_word' id='word_1_537' title='bbox 2357 2725 2448 2793; x_wconf 92' lang='lat' dir='ltr'><strong>qui</strong></span> <span class='ocrx_word' id='word_1_538' title='bbox 2482 2725 2720 2793; x_wconf 79' lang='lat' dir='ltr'><strong>priorum</strong></span> <span class='ocrx_word' id='word_1_539' title='bbox 2782 2724 3003 2778; x_wconf 91' lang='lat' dir='ltr'><strong>nomine</strong></span> <span class='ocrx_word' id='word_1_540' title='bbox 3037 2724 3407 2794; x_wconf 80' lang='lat' dir='ltr'><strong>captivitatem</strong></span> <span class='ocrx_word' id='word_1_541' title='bbox 3451 2726 3535 2777; x_wconf 87' lang='lat' dir='ltr'><strong>in-</strong></span> 
     </span>
    </p>
   </div>
   <div class='ocr_carea' id='block_1_70' title="bbox 1961 2812 3534 2886">
    <p class='ocr_par' dir='ltr' id='par_1_70' title="bbox 1961 2812 3534 2886">
     <span class='ocr_line' id='line_1_71' title="bbox 1961 2812 3534 2886; baseline 0.003 -20"><span class='ocrx_word' id='word_1_542' title='bbox 1961 2812 2054 2867; x_wconf 90' lang='lat' dir='ltr'><strong>nni</strong></span> <span class='ocrx_word' id='word_1_543' title='bbox 2088 2814 2278 2879; x_wconf 86' lang='lat' dir='ltr'><strong>velint,</strong></span> <span class='ocrx_word' id='word_1_544' title='bbox 2327 2824 2616 2885; x_wconf 85' lang='lat' dir='ltr'><strong>postquam</strong></span> <span class='ocrx_word' id='word_1_545' title='bbox 2660 2816 2764 2870; x_wconf 70' lang='lat' dir='ltr'><strong>illa:</strong></span> <span class='ocrx_word' id='word_1_546' title='bbox 2796 2816 2927 2886; x_wconf 66' lang='lat' dir='ltr'><strong>ipsa:</strong></span> <span class='ocrx_word' id='word_1_547' title='bbox 2971 2817 3311 2872; x_wconf 84' lang='lat' dir='ltr'><strong>calamitates</strong></span> <span class='ocrx_word' id='word_1_548' title='bbox 3358 2818 3534 2871; x_wconf 88' lang='lat' dir='ltr'><strong>conti-</strong></span> 
     </span>
    </p>
   </div>
   <div class='ocr_carea' id='block_1_71' title="bbox 1960 2907 3536 2979">
    <p class='ocr_par' dir='ltr' id='par_1_71' title="bbox 1960 2907 3536 2979">
     <span class='ocr_line' id='line_1_72' title="bbox 1960 2907 3536 2979; baseline 0.003 -21"><span class='ocrx_word' id='word_1_549' title='bbox 1960 2915 2176 2975; x_wconf 83' lang='lat' dir='ltr'><strong>gerunt,</strong></span> <span class='ocrx_word' id='word_1_550' title='bbox 2227 2922 2349 2977; x_wconf 77' lang='lat' dir='ltr'><strong>qua:</strong></span> <span class='ocrx_word' id='word_1_551' title='bbox 2392 2907 2721 2979; x_wconf 85' lang='lat' dir='ltr'><strong>Babylonios</strong></span> <span class='ocrx_word' id='word_1_552' title='bbox 2757 2915 3098 2964; x_wconf 82' lang='lat' dir='ltr'><strong>invaserunt.</strong></span> <span class='ocrx_word' id='word_1_553' title='bbox 3141 2907 3367 2974; x_wconf 87' lang='lat' dir='ltr'><strong>Deinde,</strong></span> <span class='ocrx_word' id='word_1_554' title='bbox 3425 2918 3536 2963; x_wconf 86' lang='lat' dir='ltr'><strong>tan-</strong></span> 
     </span>
    </p>
   </div>
   <div class='ocr_carea' id='block_1_72' title="bbox 1962 2999 3535 3069">
    <p class='ocr_par' dir='ltr' id='par_1_72' title="bbox 1962 2999 3535 3069">
     <span class='ocr_line' id='line_1_73' title="bbox 1962 2999 3535 3069; baseline 0.003 -20"><span class='ocrx_word' id='word_1_555' title='bbox 1962 3010 2124 3064; x_wconf 86' lang='lat' dir='ltr'><strong>quam</strong></span> <span class='ocrx_word' id='word_1_556' title='bbox 2168 2999 2235 3053; x_wconf 89' lang='lat' dir='ltr'><strong>de</strong></span> <span class='ocrx_word' id='word_1_557' title='bbox 2271 3000 2605 3063; x_wconf 89' lang='lat' dir='ltr'><strong>contumaci,</strong></span> <span class='ocrx_word' id='word_1_558' title='bbox 2652 3000 2877 3067; x_wconf 73' lang='lat' dir='ltr'><strong>prwdixi</strong></span> <span class='ocrx_word' id='word_1_559' title='bbox 2930 2999 3153 3054; x_wconf 86' lang='lat' dir='ltr'><strong>verbum</strong></span> <span class='ocrx_word' id='word_1_560' title='bbox 3212 3000 3535 3069; x_wconf 85' lang='lat' dir='ltr'><strong>usurpavit;</strong></span> 
     </span>
    </p>
   </div>
   <div class='ocr_carea' id='block_1_73' title="bbox 1962 3090 3536 3160">
    <p class='ocr_par' dir='ltr' id='par_1_73' title="bbox 1962 3090 3536 3160">
     <span class='ocr_line' id='line_1_74' title="bbox 1962 3090 3536 3160; baseline 0.002 -20"><span class='ocrx_word' id='word_1_561' title='bbox 1962 3090 2347 3157; x_wconf 88' lang='lat' dir='ltr'><strong>quantumvis,</strong></span> <span class='ocrx_word' id='word_1_562' title='bbox 2390 3091 2597 3160; x_wconf 88' lang='lat' dir='ltr'><strong>inquit,</strong></span> <span class='ocrx_word' id='word_1_563' title='bbox 2646 3099 2701 3145; x_wconf 90' lang='lat' dir='ltr'><strong>et</strong></span> <span class='ocrx_word' id='word_1_564' title='bbox 2738 3106 2931 3145; x_wconf 91' lang='lat' dir='ltr'><strong>eorum</strong></span> <span class='ocrx_word' id='word_1_565' title='bbox 2968 3098 3021 3145; x_wconf 87' lang='lat' dir='ltr'><strong>te</strong></span> <span class='ocrx_word' id='word_1_566' title='bbox 3070 3105 3293 3144; x_wconf 85' lang='lat' dir='ltr'><strong>causam</strong></span> <span class='ocrx_word' id='word_1_567' title='bbox 3334 3093 3536 3155; x_wconf 85' lang='lat' dir='ltr'><strong>etiam,</strong></span> 
     </span>
    </p>
   </div>
   <div class='ocr_carea' id='block_1_74' title="bbox 1963 3176 3537 3249">
    <p class='ocr_par' dir='ltr' id='par_1_74' title="bbox 1963 3176 3537 3249">
     <span class='ocr_line' id='line_1_75' title="bbox 1963 3176 3537 3249; baseline 0.001 -20"><span class='ocrx_word' id='word_1_568' title='bbox 1963 3190 2085 3244; x_wconf 67' lang='lat' dir='ltr'><strong>qua:</strong></span> <span class='ocrx_word' id='word_1_569' title='bbox 2117 3176 2431 3249; x_wconf 78' lang='lat' dir='ltr'><strong>Babyloniis</strong></span> <span class='ocrx_word' id='word_1_570' title='bbox 2455 3188 2721 3234; x_wconf 85' lang='lat' dir='ltr'><strong>eventura</strong></span> <span class='ocrx_word' id='word_1_571' title='bbox 2751 3187 2953 3242; x_wconf 86' lang='lat' dir='ltr'><strong>essent,</strong></span> <span class='ocrx_word' id='word_1_572' title='bbox 2982 3178 3144 3233; x_wconf 89' lang='lat' dir='ltr'><strong>idolis</strong></span> <span class='ocrx_word' id='word_1_573' title='bbox 3170 3178 3537 3245; x_wconf 85' lang='lat' dir='ltr'><strong>ascripturam</strong></span> 
     </span>
    </p>
   </div>
   <div class='ocr_carea' id='block_1_75' title="bbox 1963 3265 3541 3339">
    <p class='ocr_par' dir='ltr' id='par_1_75' title="bbox 1963 3265 3541 3339">
     <span class='ocr_line' id='line_1_76' title="bbox 1963 3265 3541 3339; baseline -0.001 -19"><span class='ocrx_word' id='word_1_574' title='bbox 1963 3282 2085 3321; x_wconf 88' lang='lat' dir='ltr'><strong>esse</strong></span> <span class='ocrx_word' id='word_1_575' title='bbox 2120 3284 2226 3320; x_wconf 82' lang='lat' dir='ltr'><strong>non</strong></span> <span class='ocrx_word' id='word_1_576' title='bbox 2270 3268 2625 3339; x_wconf 84' lang='lat' dir='ltr'><strong>ambigerem.</strong></span> <span class='ocrx_word' id='word_1_577' title='bbox 2672 3268 3010 3339; x_wconf 81' lang='lat' dir='ltr'><strong>Expugnatis</strong></span> <span class='ocrx_word' id='word_1_578' title='bbox 3060 3268 3123 3322; x_wconf 89' lang='lat' dir='ltr'><strong>ad</strong></span> <span class='ocrx_word' id='word_1_579' title='bbox 3187 3267 3301 3321; x_wconf 69' lang='lat' dir='ltr'><strong>haec</strong></span> <span class='ocrx_word' id='word_1_580' title='bbox 3349 3265 3541 3319; x_wconf 76' lang='lat' dir='ltr'><strong>Hiero-</strong></span> 
     </span>
    </p>
   </div>
   <div class='ocr_carea' id='block_1_76' title="bbox 1962 3356 3537 3426">
    <p class='ocr_par' dir='ltr' id='par_1_76' title="bbox 1962 3356 3537 3426">
     <span class='ocr_line' id='line_1_77' title="bbox 1962 3356 3537 3426; baseline 0 -17"><span class='ocrx_word' id='word_1_581' title='bbox 1962 3356 2209 3425; x_wconf 86' lang='lat' dir='ltr'><strong>solymis,</strong></span> <span class='ocrx_word' id='word_1_582' title='bbox 2233 3373 2359 3411; x_wconf 89' lang='lat' dir='ltr'><strong>cum</strong></span> <span class='ocrx_word' id='word_1_583' title='bbox 2390 3359 2717 3426; x_wconf 81' lang='lat' dir='ltr'><strong>superstites</strong></span> <span class='ocrx_word' id='word_1_584' title='bbox 2746 3357 2979 3412; x_wconf 81' lang='lat' dir='ltr'><strong>fetninas</strong></span> <span class='ocrx_word' id='word_1_585' title='bbox 3015 3358 3069 3411; x_wconf 90' lang='lat' dir='ltr'><strong>in</strong></span> <span class='ocrx_word' id='word_1_586' title='bbox 3098 3356 3394 3425; x_wconf 57' lang='lat' dir='ltr'><strong>IEgyptum</strong></span> <span class='ocrx_word' id='word_1_587' title='bbox 3436 3357 3537 3409; x_wconf 86' lang='lat' dir='ltr'><strong>mi-</strong></span> 
     </span>
    </p>
   </div>
   <div class='ocr_carea' id='block_1_77' title="bbox 1962 3446 3539 3519">
    <p class='ocr_par' dir='ltr' id='par_1_77' title="bbox 1962 3446 3539 3519">
     <span class='ocr_line' id='line_1_78' title="bbox 1962 3446 3539 3519; baseline 0.004 -22"><span class='ocrx_word' id='word_1_588' title='bbox 1962 3462 2118 3516; x_wconf 87' lang='lat' dir='ltr'><strong>grare</strong></span> <span class='ocrx_word' id='word_1_589' title='bbox 2145 3454 2349 3501; x_wconf 82' lang='lat' dir='ltr'><strong>vetaret</strong></span> <span class='ocrx_word' id='word_1_590' title='bbox 2386 3446 2655 3502; x_wconf 89' lang='lat' dir='ltr'><strong>.leremias</strong></span> <span class='ocrx_word' id='word_1_591' title='bbox 2684 3466 2699 3514; x_wconf 88' lang='lat'><strong>;</strong></span> <span class='ocrx_word' id='word_1_592' title='bbox 2734 3449 2838 3502; x_wconf 69' lang='lat' dir='ltr'><strong>illm</strong></span> <span class='ocrx_word' id='word_1_593' title='bbox 2878 3447 3040 3519; x_wconf 63' lang='lat'><strong>540</strong></span> <span class='ocrx_word' id='word_1_594' title='bbox 3070 3457 3282 3512; x_wconf 86' lang='lat' dir='ltr'><strong>contra,</strong></span> <span class='ocrx_word' id='word_1_595' title='bbox 3333 3464 3395 3502; x_wconf 74' lang='lat' dir='ltr'><strong>et</strong></span> <span class='ocrx_word' id='word_1_596' title='bbox 3429 3465 3539 3517; x_wconf 86' lang='lat' dir='ltr'><strong>quo</strong></span> 
     </span>
    </p>
   </div>
   <div class='ocr_carea' id='block_1_78' title="bbox 1962 3538 3538 3609">
    <p class='ocr_par' dir='ltr' id='par_1_78' title="bbox 1962 3538 3538 3609">
     <span class='ocr_line' id='line_1_79' title="bbox 1962 3538 3538 3609; baseline 0.001 -17"><span class='ocrx_word' id='word_1_597' title='bbox 1962 3538 2163 3609; x_wconf 76' lang='lat' dir='ltr'><strong>regina:</strong></span> <span class='ocrx_word' id='word_1_598' title='bbox 2197 3541 2319 3595; x_wconf 76' lang='grc' dir='ltr'><strong>οωΙί</strong></span> <span class='ocrx_word' id='word_1_599' title='bbox 2362 3541 2675 3596; x_wconf 81' lang='lat' dir='ltr'><strong>sacriﬁcare</strong></span> <span class='ocrx_word' id='word_1_600' title='bbox 2710 3541 3010 3605; x_wconf 87' lang='lat' dir='ltr'><strong>desierant,</strong></span> <span class='ocrx_word' id='word_1_601' title='bbox 3055 3543 3108 3595; x_wconf 92' lang='lat' dir='ltr'><strong>in</strong></span> <span class='ocrx_word' id='word_1_602' title='bbox 3156 3558 3214 3596; x_wconf 89' lang='lat' dir='ltr'><strong>se</strong></span> <span class='ocrx_word' id='word_1_603' title='bbox 3258 3542 3399 3595; x_wconf 85' lang='lat' dir='ltr'><strong>mala</strong></span> <span class='ocrx_word' id='word_1_604' title='bbox 3436 3542 3538 3595; x_wconf 86' lang='lat' dir='ltr'><strong>ista</strong></span> 
     </span>
    </p>
   </div>
   <div class='ocr_carea' id='block_1_79' title="bbox 1962 3630 3543 3702">
    <p class='ocr_par' dir='ltr' id='par_1_79' title="bbox 1962 3630 3543 3702">
     <span class='ocr_line' id='line_1_80' title="bbox 1962 3630 3543 3702; baseline 0.003 -21"><span class='ocrx_word' id='word_1_605' title='bbox 1962 3630 2147 3682; x_wconf 89' lang='lat' dir='ltr'><strong>omnia</strong></span> <span class='ocrx_word' id='word_1_606' title='bbox 2193 3630 2481 3685; x_wconf 83' lang='lat' dir='ltr'><strong>devenisse</strong></span> <span class='ocrx_word' id='word_1_607' title='bbox 2527 3630 2931 3700; x_wconf 86' lang='lat' dir='ltr'><strong>responderunt</strong></span> <span class='ocrx_word' id='word_1_608' title='bbox 2963 3649 2975 3685; x_wconf 91' lang='lat'><strong>:</strong></span> <span class='ocrx_word' id='word_1_609' title='bbox 3009 3631 3153 3686; x_wconf 89' lang='lat' dir='ltr'><strong>unde</strong></span> <span class='ocrx_word' id='word_1_610' title='bbox 3183 3638 3236 3685; x_wconf 91' lang='lat' dir='ltr'><strong>et</strong></span> <span class='ocrx_word' id='word_1_611' title='bbox 3271 3632 3360 3685; x_wconf 80' lang='lat' dir='ltr'><strong>illa</strong></span> <span class='ocrx_word' id='word_1_612' title='bbox 3397 3647 3543 3702; x_wconf 65' lang='lat' dir='ltr'><strong>aegre</strong></span> 
     </span>
    </p>
   </div>
   <div class='ocr_carea' id='block_1_80' title="bbox 1965 3717 3541 3791">
    <p class='ocr_par' dir='ltr' id='par_1_80' title="bbox 1965 3717 3541 3791">
     <span class='ocr_line' id='line_1_81' title="bbox 1965 3717 3541 3791; baseline 0.003 -19"><span class='ocrx_word' id='word_1_613' title='bbox 1965 3717 2189 3774; x_wconf 77' lang='lat' dir='ltr'><strong>icrentis</strong></span> <span class='ocrx_word' id='word_1_614' title='bbox 2227 3721 2508 3789; x_wconf 67' lang='lat' dir='ltr'><strong>propheta:</strong></span> <span class='ocrx_word' id='word_1_615' title='bbox 2540 3721 2728 3784; x_wconf 88' lang='lat' dir='ltr'><strong>verba,</strong></span> <span class='ocrx_word' id='word_1_616' title='bbox 2757 3737 2878 3791; x_wconf 82' lang='lat' dir='ltr'><strong>quae</strong></span> <span class='ocrx_word' id='word_1_617' title='bbox 2915 3723 2967 3776; x_wconf 90' lang='lat' dir='ltr'><strong>in</strong></span> <span class='ocrx_word' id='word_1_618' title='bbox 3013 3722 3159 3776; x_wconf 82' lang='lat' dir='ltr'><strong>hunc</strong></span> <span class='ocrx_word' id='word_1_619' title='bbox 3206 3723 3426 3775; x_wconf 89' lang='lat' dir='ltr'><strong>modum</strong></span> <span class='ocrx_word' id='word_1_620' title='bbox 3463 3723 3541 3777; x_wconf 81' lang='lat' dir='ltr'><strong>lc-</strong></span> 
     </span>
    </p>
   </div>
   <div class='ocr_carea' id='block_1_81' title="bbox 1964 3811 3541 3885">
    <p class='ocr_par' dir='ltr' id='par_1_81' title="bbox 1964 3811 3541 3885">
     <span class='ocr_line' id='line_1_82' title="bbox 1964 3811 3541 3885; baseline 0.002 -21"><span class='ocrx_word' id='word_1_621' title='bbox 1964 3812 2142 3881; x_wconf 76' lang='lat' dir='ltr'><strong>gimus</strong></span> <span class='ocrx_word' id='word_1_622' title='bbox 2193 3830 2206 3865; x_wconf 88' lang='lat'>:</span> <span class='ocrx_word' id='word_1_623' title='bbox 2254 3830 2271 3863; x_wconf 85' lang='grc' dir='ltr'><strong>ι</strong></span> <span class='ocrx_word' id='word_1_624' title='bbox 2313 3811 2560 3877; x_wconf 83' lang='lat' dir='ltr'><strong>Domine,</strong></span> <span class='ocrx_word' id='word_1_625' title='bbox 2600 3814 2744 3869; x_wconf 89' lang='lat' dir='ltr'><strong>oculi</strong></span> <span class='ocrx_word' id='word_1_626' title='bbox 2787 3814 2865 3868; x_wconf 90' lang='lat' dir='ltr'><strong>tui</strong></span> <span class='ocrx_word' id='word_1_627' title='bbox 2916 3816 2971 3868; x_wconf 94' lang='lat' dir='ltr'><strong>in</strong></span> <span class='ocrx_word' id='word_1_628' title='bbox 3024 3815 3182 3868; x_wconf 82' lang='lat' dir='ltr'><strong>[idem</strong></span> <span class='ocrx_word' id='word_1_629' title='bbox 3234 3814 3541 3885; x_wconf 78' lang='lat' dir='ltr'><strong>Flagellasti</strong></span> 
     </span>
    </p>
   </div>
   <div class='ocr_carea' id='block_1_82' title="bbox 1964 3904 3541 3972">
    <p class='ocr_par' dir='ltr' id='par_1_82' title="bbox 1964 3904 3541 3972">
     <span class='ocr_line' id='line_1_83' title="bbox 1964 3904 3541 3972; baseline 0.005 -17"><span class='ocrx_word' id='word_1_630' title='bbox 1964 3917 2079 3965; x_wconf 87' lang='lat' dir='ltr'><strong>eos,</strong></span> <span class='ocrx_word' id='word_1_631' title='bbox 2127 3919 2303 3971; x_wconf 88' lang='lat' dir='ltr'><strong>neque</strong></span> <span class='ocrx_word' id='word_1_632' title='bbox 2348 3904 2753 3959; x_wconf 88' lang='lat' dir='ltr'><strong>laboraverunt.</strong></span> <span class='ocrx_word' id='word_1_633' title='bbox 2804 3905 3210 3963; x_wconf 81' lang='lat' dir='ltr'><strong>Consumtnasti</strong></span> <span class='ocrx_word' id='word_1_634' title='bbox 3263 3925 3381 3972; x_wconf 91' lang='lat' dir='ltr'><strong>eos,</strong></span> <span class='ocrx_word' id='word_1_635' title='bbox 3441 3926 3541 3965; x_wconf 84' lang='lat' dir='ltr'><strong>nec</strong></span> 
     </span>
    </p>
   </div>
   <div class='ocr_carea' id='block_1_83' title="bbox 1963 3995 3539 4070">
    <p class='ocr_par' dir='ltr' id='par_1_83' title="bbox 1963 3995 3539 4070">
     <span class='ocr_line' id='line_1_84' title="bbox 1963 3995 3539 4070; baseline 0.004 -23"><span class='ocrx_word' id='word_1_636' title='bbox 1963 3995 2255 4049; x_wconf 85' lang='lat' dir='ltr'><strong>voluerunt</strong></span> <span class='ocrx_word' id='word_1_637' title='bbox 2286 3995 2574 4051; x_wconf 79' lang='lat' dir='ltr'><strong>admittere</strong></span> <span class='ocrx_word' id='word_1_638' title='bbox 2614 3996 2960 4067; x_wconf 86' lang='lat' dir='ltr'><strong>disciplinam</strong></span> <span class='ocrx_word' id='word_1_639' title='bbox 2991 3998 3058 4053; x_wconf 86' lang='grc'><strong>⁷⁸.</strong></span> <span class='ocrx_word' id='word_1_640' title='bbox 3102 4019 3120 4050; x_wconf 76' lang='grc' dir='ltr'><strong>ι</strong></span> <span class='ocrx_word' id='word_1_641' title='bbox 3172 4000 3311 4054; x_wconf 88' lang='lat' dir='ltr'><strong>Ecce</strong></span> <span class='ocrx_word' id='word_1_642' title='bbox 3353 4001 3539 4070; x_wconf 84' lang='lat' dir='ltr'><strong>igitur,</strong></span> 
     </span>
    </p>
   </div>
   <div class='ocr_carea' id='block_1_84' title="bbox 1966 4088 3541 4158">
    <p class='ocr_par' dir='ltr' id='par_1_84' title="bbox 1966 4088 3541 4158">
     <span class='ocr_line' id='line_1_85' title="bbox 1966 4088 3541 4158; baseline 0.005 -21"><span class='ocrx_word' id='word_1_643' title='bbox 1966 4088 2315 4153; x_wconf 87' lang='lat' dir='ltr'><strong>quantumvis</strong></span> <span class='ocrx_word' id='word_1_644' title='bbox 2345 4095 2397 4140; x_wconf 93' lang='lat' dir='ltr'><strong>te</strong></span> <span class='ocrx_word' id='word_1_645' title='bbox 2429 4088 2590 4142; x_wconf 86' lang='lat' dir='ltr'><strong>talem</strong></span> <span class='ocrx_word' id='word_1_646' title='bbox 2634 4089 2956 4157; x_wconf 64' lang='lat' dir='ltr'><strong>praebueris,</strong></span> <span class='ocrx_word' id='word_1_647' title='bbox 2991 4104 3091 4158; x_wconf 92' lang='lat' dir='ltr'><strong>pro</strong></span> <span class='ocrx_word' id='word_1_648' title='bbox 3131 4106 3246 4143; x_wconf 83' lang='lat' dir='ltr'><strong>mea</strong></span> <span class='ocrx_word' id='word_1_649' title='bbox 3281 4092 3332 4144; x_wconf 91' lang='lat' dir='ltr'><strong>in</strong></span> <span class='ocrx_word' id='word_1_650' title='bbox 3366 4092 3541 4145; x_wconf 53' lang='lat' dir='ltr'><strong>homic</strong></span> 
     </span>
    </p>
   </div>
   <div class='ocr_carea' id='block_1_85' title="bbox 1965 4174 3542 4248">
    <p class='ocr_par' dir='ltr' id='par_1_85' title="bbox 1965 4174 3542 4248">
     <span class='ocr_line' id='line_1_86' title="bbox 1965 4174 3542 4248; baseline 0.003 -21"><span class='ocrx_word' id='word_1_651' title='bbox 1965 4188 2065 4228; x_wconf 85' lang='lat' dir='ltr'><strong>nes</strong></span> <span class='ocrx_word' id='word_1_652' title='bbox 2118 4175 2517 4239; x_wconf 81' lang='lat' dir='ltr'><strong>benevolentia,</strong></span> <span class='ocrx_word' id='word_1_653' title='bbox 2558 4174 2848 4241; x_wconf 66' lang='lat' dir='ltr'><strong>Chaldaeis,</strong></span> <span class='ocrx_word' id='word_1_654' title='bbox 2888 4176 2981 4246; x_wconf 89' lang='lat' dir='ltr'><strong>qui</strong></span> <span class='ocrx_word' id='word_1_655' title='bbox 3024 4184 3077 4230; x_wconf 91' lang='lat' dir='ltr'><strong>te</strong></span> <span class='ocrx_word' id='word_1_656' title='bbox 3127 4177 3269 4231; x_wconf 91' lang='lat' dir='ltr'><strong>bello</strong></span> <span class='ocrx_word' id='word_1_657' title='bbox 3322 4194 3542 4248; x_wconf 82' lang='lat' dir='ltr'><strong>supera-</strong></span> 
     </span>
    </p>
   </div>
   <div class='ocr_carea' id='block_1_86' title="bbox 1968 4265 3538 4336">
    <p class='ocr_par' dir='ltr' id='par_1_86' title="bbox 1968 4265 3538 4336">
     <span class='ocr_line' id='line_1_87' title="bbox 1968 4265 3538 4336; baseline 0.004 -19"><span class='ocrx_word' id='word_1_658' title='bbox 1968 4266 2073 4319; x_wconf 91' lang='lat' dir='ltr'><strong>turi</strong></span> <span class='ocrx_word' id='word_1_659' title='bbox 2116 4274 2265 4330; x_wconf 89' lang='lat' dir='ltr'><strong>suut,</strong></span> <span class='ocrx_word' id='word_1_660' title='bbox 2308 4267 2466 4336; x_wconf 80' lang='lat' dir='ltr'><strong>longe</strong></span> <span class='ocrx_word' id='word_1_661' title='bbox 2491 4274 2618 4322; x_wconf 89' lang='lat' dir='ltr'><strong>ante</strong></span> <span class='ocrx_word' id='word_1_662' title='bbox 2644 4265 2829 4321; x_wconf 80' lang='lat' dir='ltr'><strong>futura</strong></span> <span class='ocrx_word' id='word_1_663' title='bbox 2858 4267 3123 4323; x_wconf 84' lang='lat' dir='ltr'><strong>denuntio</strong></span> <span class='ocrx_word' id='word_1_664' title='bbox 3154 4277 3213 4321; x_wconf 91' lang='lat' dir='ltr'><strong>ut</strong></span> <span class='ocrx_word' id='word_1_665' title='bbox 3234 4284 3357 4323; x_wconf 90' lang='lat' dir='ltr'><strong>eum</strong></span> <span class='ocrx_word' id='word_1_666' title='bbox 3389 4279 3538 4333; x_wconf 85' lang='lat' dir='ltr'><strong>tunc,</strong></span> 
     </span>
    </p>
   </div>
   <div class='ocr_carea' id='block_1_87' title="bbox 1968 4358 3543 4428">
    <p class='ocr_par' dir='ltr' id='par_1_87' title="bbox 1968 4358 3543 4428">
     <span class='ocr_line' id='line_1_88' title="bbox 1968 4358 3543 4428; baseline 0.004 -18"><span class='ocrx_word' id='word_1_667' title='bbox 1968 4372 1998 4410; x_wconf 71' lang='grc' dir='ltr'><strong>α</strong></span> <span class='ocrx_word' id='word_1_668' title='bbox 2029 4372 2138 4427; x_wconf 90' lang='lat' dir='ltr'><strong>quo</strong></span> <span class='ocrx_word' id='word_1_669' title='bbox 2174 4358 2275 4413; x_wconf 83' lang='lat' dir='ltr'><strong>ista</strong></span> <span class='ocrx_word' id='word_1_670' title='bbox 2310 4359 2405 4411; x_wconf 91' lang='lat' dir='ltr'><strong>tibi</strong></span> <span class='ocrx_word' id='word_1_671' title='bbox 2439 4359 2700 4428; x_wconf 75' lang='lat' dir='ltr'><strong>prtedicta</strong></span> <span class='ocrx_word' id='word_1_672' title='bbox 2743 4366 2890 4425; x_wconf 89' lang='lat' dir='ltr'><strong>sunt,</strong></span> <span class='ocrx_word' id='word_1_673' title='bbox 2937 4361 2992 4415; x_wconf 90' lang='lat' dir='ltr'><strong>in</strong></span> <span class='ocrx_word' id='word_1_674' title='bbox 3041 4362 3303 4415; x_wconf 83' lang='lat' dir='ltr'><strong>auxilium</strong></span> <span class='ocrx_word' id='word_1_675' title='bbox 3346 4377 3543 4416; x_wconf 86' lang='lat' dir='ltr'><strong>vocare</strong></span> 
     </span>
    </p>
   </div>
   <div class='ocr_carea' id='block_1_88' title="bbox 1968 4449 3542 4526">
    <p class='ocr_par' dir='ltr' id='par_1_88' title="bbox 1968 4449 3542 4526">
     <span class='ocr_line' id='line_1_89' title="bbox 1968 4449 3542 4526; baseline 0.004 -22"><span class='ocrx_word' id='word_1_676' title='bbox 1968 4450 2301 4505; x_wconf 88' lang='lat' dir='ltr'><strong>memineris.</strong></span> <span class='ocrx_word' id='word_1_677' title='bbox 2328 4449 2462 4506; x_wconf 84' lang='lat' dir='ltr'><strong>Vide</strong></span> <span class='ocrx_word' id='word_1_678' title='bbox 2490 4451 2675 4520; x_wconf 87' lang='lat' dir='ltr'><strong>itaque</strong></span> <span class='ocrx_word' id='word_1_679' title='bbox 2695 4466 2762 4506; x_wconf 85' lang='lat' dir='ltr'><strong>ne</strong></span> <span class='ocrx_word' id='word_1_680' title='bbox 2791 4451 3104 4521; x_wconf 88' lang='lat' dir='ltr'><strong>decipiaris.</strong></span> <span class='ocrx_word' id='word_1_681' title='bbox 3129 4453 3225 4509; x_wconf 91' lang='lat' dir='ltr'><strong>tibi</strong></span> <span class='ocrx_word' id='word_1_682' title='bbox 3259 4454 3361 4508; x_wconf 88' lang='lat' dir='ltr'><strong>ista</strong></span> <span class='ocrx_word' id='word_1_683' title='bbox 3391 4456 3542 4526; x_wconf 87' lang='lat' dir='ltr'><strong>prius</strong></span> 
     </span>
    </p>
   </div>
   <div class='ocr_carea' id='block_1_89' title="bbox 1968 4544 3540 4615">
    <p class='ocr_par' dir='ltr' id='par_1_89' title="bbox 1968 4544 3540 4615">
     <span class='ocr_line' id='line_1_90' title="bbox 1968 4544 3540 4615; baseline 0.004 -19"><span class='ocrx_word' id='word_1_684' title='bbox 1968 4544 2134 4608; x_wconf 85' lang='lat' dir='ltr'><strong>idola,</strong></span> <span class='ocrx_word' id='word_1_685' title='bbox 2152 4559 2315 4615; x_wconf 91' lang='lat' dir='ltr'><strong>quam</strong></span> <span class='ocrx_word' id='word_1_686' title='bbox 2349 4559 2435 4599; x_wconf 90' lang='lat' dir='ltr'><strong>me</strong></span> <span class='ocrx_word' id='word_1_687' title='bbox 2466 4547 2794 4610; x_wconf 80' lang='lat' dir='ltr'><strong>mandasse;</strong></span> <span class='ocrx_word' id='word_1_688' title='bbox 2822 4544 2877 4599; x_wconf 91' lang='lat' dir='ltr'><strong>id</strong></span> <span class='ocrx_word' id='word_1_689' title='bbox 2909 4554 2994 4601; x_wconf 90' lang='lat' dir='ltr'><strong>est</strong></span> <span class='ocrx_word' id='word_1_690' title='bbox 3016 4548 3096 4601; x_wconf 88' lang='lat' dir='ltr'><strong>vel</strong></span> <span class='ocrx_word' id='word_1_691' title='bbox 3123 4548 3371 4601; x_wconf 86' lang='lat' dir='ltr'><strong>minitata</strong></span> <span class='ocrx_word' id='word_1_692' title='bbox 3397 4564 3540 4611; x_wconf 83' lang='lat' dir='ltr'><strong>esse,</strong></span> 
     </span>
    </p>
   </div>
   <div class='ocr_carea' id='block_1_90' title="bbox 286 4635 1969 4710">
    <p class='ocr_par' dir='ltr' id='par_1_90' title="bbox 286 4635 1949 4710">
     <span class='ocr_line' id='line_1_91' title="bbox 286 4635 1949 4710; baseline 0.004 -22"><span class='ocrx_word' id='word_1_693' title='bbox 286 4653 453 4689; x_wconf 82' lang='grc' dir='ltr'>σειεν.</span> <span class='ocrx_word' id='word_1_694' title='bbox 493 4638 577 4690; x_wconf 81' lang='grc' dir='ltr'><em>Οὐ</em></span> <span class='ocrx_word' id='word_1_695' title='bbox 605 4635 807 4703; x_wconf 70' lang='grc' dir='ltr'>γνώσῃ</span> <span class='ocrx_word' id='word_1_696' title='bbox 838 4635 1131 4705; x_wconf 74' lang='grc' dir='ltr'>γὰρ,τοῦτ’</span> <span class='ocrx_word' id='word_1_697' title='bbox 1163 4636 1329 4702; x_wconf 82' lang='grc' dir='ltr'>ἔστιν,</span> <span class='ocrx_word' id='word_1_698' title='bbox 1366 4638 1425 4690; x_wconf 84' lang='grc' dir='ltr'>οὺ</span> <span class='ocrx_word' id='word_1_699' title='bbox 1465 4641 1669 4710; x_wconf 80' lang='grc' dir='ltr'>γενήσῃ</span> <span class='ocrx_word' id='word_1_700' title='bbox 1711 4640 1872 4709; x_wconf 81' lang='grc' dir='ltr'>σοφὸς</span> <span class='ocrx_word' id='word_1_701' title='bbox 1907 4650 1949 4704; x_wconf 80' lang='grc' dir='ltr'>ι)</span> 
     </span>
    </p>
   </div>
   <div class='ocr_carea' id='block_1_91' title="bbox 1857 4635 3540 4710">
    <p class='ocr_par' dir='ltr' id='par_1_91' title="bbox 1857 4636 3540 4705">
     <span class='ocr_line' id='line_1_92' title="bbox 1857 4636 3540 4705; baseline 0.002 -17"><span class='ocrx_word' id='word_1_702' title='bbox 1857 4658 1872 4705; x_wconf 87' lang='lat'><strong>;</strong></span> <span class='ocrx_word' id='word_1_703' title='bbox 1907 4650 1949 4704; x_wconf 79' lang='grc' dir='ltr'>ι)</span> <span class='ocrx_word' id='word_1_704' title='bbox 1976 4636 2057 4689; x_wconf 90' lang='lat' dir='ltr'><strong>vel</strong></span> <span class='ocrx_word' id='word_1_705' title='bbox 2095 4636 2434 4705; x_wconf 74' lang='lat' dir='ltr'><strong>prtedixisse,</strong></span> <span class='ocrx_word' id='word_1_706' title='bbox 2467 4648 2518 4689; x_wconf 86' lang='lat' dir='ltr'><strong>ut</strong></span> <span class='ocrx_word' id='word_1_707' title='bbox 2560 4646 2612 4692; x_wconf 91' lang='lat' dir='ltr'><strong>te</strong></span> <span class='ocrx_word' id='word_1_708' title='bbox 2639 4648 2925 4702; x_wconf 80' lang='lat' dir='ltr'><strong>vexarent,</strong></span> <span class='ocrx_word' id='word_1_709' title='bbox 2956 4638 3210 4694; x_wconf 79' lang='lat' dir='ltr'><strong>all&#39;erens.</strong></span> <span class='ocrx_word' id='word_1_710' title='bbox 3238 4638 3365 4694; x_wconf 88' lang='lat' dir='ltr'><strong>Ideo</strong></span> <span class='ocrx_word' id='word_1_711' title='bbox 3395 4642 3540 4694; x_wconf 86' lang='lat' dir='ltr'><strong>enim</strong></span> 
     </span>
    </p>
   </div>
   <div class='ocr_carea' id='block_1_92' title="bbox 278 4730 1867 4806">
    <p class='ocr_par' dir='ltr' id='par_1_92' title="bbox 278 4730 1867 4806">
     <span class='ocr_line' id='line_1_93' title="bbox 278 4730 1867 4806; baseline 0.002 -23"><span class='ocrx_word' id='word_1_712' title='bbox 278 4732 351 4801; x_wconf 82' lang='grc' dir='ltr'>τῇ</span> <span class='ocrx_word' id='word_1_713' title='bbox 394 4731 530 4800; x_wconf 71' lang='grc' dir='ltr'>πρὸς</span> <span class='ocrx_word' id='word_1_714' title='bbox 559 4730 621 4782; x_wconf 81' lang='grc' dir='ltr'><strong>τὸ</strong></span> <span class='ocrx_word' id='word_1_715' title='bbox 646 4734 892 4801; x_wconf 78' lang='grc' dir='ltr'>κρεῖττον</span> <span class='ocrx_word' id='word_1_716' title='bbox 926 4731 1197 4801; x_wconf 77' lang='grc' dir='ltr'>μεταϐολῇ</span> <span class='ocrx_word' id='word_1_717' title='bbox 1229 4773 1243 4796; x_wconf 93' lang='grc'><strong>,</strong></span> <span class='ocrx_word' id='word_1_718' title='bbox 1291 4733 1367 4804; x_wconf 80' lang='grc' dir='ltr'>μὴ</span> <span class='ocrx_word' id='word_1_719' title='bbox 1406 4736 1713 4806; x_wconf 79' lang='grc' dir='ltr'>περιμένων</span> <span class='ocrx_word' id='word_1_720' title='bbox 1757 4734 1867 4788; x_wconf 85' lang='grc' dir='ltr'><strong>τών</strong></span> 
     </span>
    </p>
   </div>
   <div class='ocr_carea' id='block_1_93' title="bbox 283 4820 1868 4889">
    <p class='ocr_par' dir='ltr' id='par_1_93' title="bbox 283 4820 1868 4889">
     <span class='ocr_line' id='line_1_94' title="bbox 283 4820 1868 4889; baseline 0.003 -18"><span class='ocrx_word' id='word_1_721' title='bbox 283 4836 370 4872; x_wconf 88' lang='grc' dir='ltr'><strong>σοι</strong></span> <span class='ocrx_word' id='word_1_722' title='bbox 401 4820 920 4889; x_wconf 79' lang='grc' dir='ltr'>προαπειλουμένων</span> <span class='ocrx_word' id='word_1_723' title='bbox 960 4821 1022 4873; x_wconf 76' lang='grc' dir='ltr'>τὸ</span> <span class='ocrx_word' id='word_1_724' title='bbox 1068 4822 1241 4881; x_wconf 76' lang='grc' dir='ltr'>τέλος.</span> <span class='ocrx_word' id='word_1_725' title='bbox 1280 4822 1570 4878; x_wconf 74' lang='grc' dir='ltr'>Ἀκουστά</span> <span class='ocrx_word' id='word_1_726' title='bbox 1627 4840 1708 4876; x_wconf 91' lang='grc' dir='ltr'><strong>σοι</strong></span> <span class='ocrx_word' id='word_1_727' title='bbox 1756 4840 1868 4876; x_wconf 82' lang='grc' dir='ltr'>τοι·</span> 
     </span>
    </p>
   </div>
   <div class='ocr_carea' id='block_1_94' title="bbox 280 4909 1865 4985">
    <p class='ocr_par' dir='ltr' id='par_1_94' title="bbox 280 4909 1865 4985">
     <span class='ocr_line' id='line_1_95' title="bbox 280 4909 1865 4985; baseline 0.004 -23"><span class='ocrx_word' id='word_1_728' title='bbox 280 4909 491 4978; x_wconf 85' lang='grc' dir='ltr'>γαροῦν</span> <span class='ocrx_word' id='word_1_729' title='bbox 535 4911 795 4977; x_wconf 79' lang='grc' dir='ltr'>ἐποίησα</span> <span class='ocrx_word' id='word_1_730' title='bbox 811 4912 883 4965; x_wconf 83' lang='grc' dir='ltr'><em>τὰ</em></span> <span class='ocrx_word' id='word_1_731' title='bbox 908 4911 1103 4966; x_wconf 75' lang='grc' dir='ltr'>καινά.</span> <span class='ocrx_word' id='word_1_732' title='bbox 1136 4913 1322 4965; x_wconf 78' lang='grc' dir='ltr'>Καινὰ</span> <span class='ocrx_word' id='word_1_733' title='bbox 1357 4914 1468 4983; x_wconf 73' lang='grc' dir='ltr'><strong>γὰρ</strong></span> <span class='ocrx_word' id='word_1_734' title='bbox 1506 4909 1592 4983; x_wconf 82' lang='grc' dir='ltr'>ἦν,</span> <span class='ocrx_word' id='word_1_735' title='bbox 1628 4916 1734 4985; x_wconf 76' lang='grc' dir='ltr'>πρὸ</span> <span class='ocrx_word' id='word_1_736' title='bbox 1770 4914 1865 4968; x_wconf 83' lang='grc' dir='ltr'>τοῦ</span> 
     </span>
    </p>
   </div>
   <div class='ocr_carea' id='block_1_95' title="bbox 282 5001 1867 5080">
    <p class='ocr_par' dir='ltr' id='par_1_95' title="bbox 282 5001 1867 5080">
     <span class='ocr_line' id='line_1_96' title="bbox 282 5001 1867 5080; baseline 0.005 -27"><span class='ocrx_word' id='word_1_737' title='bbox 282 5001 546 5068; x_wconf 82' lang='grc' dir='ltr'>γενέσθαι</span> <span class='ocrx_word' id='word_1_738' title='bbox 595 5002 883 5072; x_wconf 81' lang='grc' dir='ltr'>λεγόμενα.</span> <span class='ocrx_word' id='word_1_739' title='bbox 949 5006 1178 5074; x_wconf 79' lang='grc' dir='ltr'>Πάσχων</span> <span class='ocrx_word' id='word_1_740' title='bbox 1239 5005 1419 5059; x_wconf 87' lang='grc' dir='ltr'>τοίνυν</span> <span class='ocrx_word' id='word_1_741' title='bbox 1464 5006 1541 5076; x_wconf 84' lang='grc' dir='ltr'>μὴ</span> <span class='ocrx_word' id='word_1_742' title='bbox 1571 5007 1755 5080; x_wconf 70' lang='grc' dir='ltr'>λέξῃς,</span> <span class='ocrx_word' id='word_1_743' title='bbox 1790 5008 1867 5072; x_wconf 90' lang='grc' dir='ltr'><strong>ώς</strong></span> 
     </span>
    </p>
   </div>
   <div class='ocr_carea' id='block_1_96' title="bbox 286 5094 1868 5169">
    <p class='ocr_par' dir='ltr' id='par_1_96' title="bbox 286 5094 1868 5169">
     <span class='ocr_line' id='line_1_97' title="bbox 286 5094 1868 5169; baseline 0.004 -22"><span class='ocrx_word' id='word_1_744' title='bbox 286 5094 429 5163; x_wconf 73' lang='grc' dir='ltr'>Πρὶν</span> <span class='ocrx_word' id='word_1_745' title='bbox 486 5094 678 5148; x_wconf 84' lang='grc' dir='ltr'>παθεῖν</span> <span class='ocrx_word' id='word_1_746' title='bbox 733 5096 832 5147; x_wconf 81' lang='grc' dir='ltr'><strong>οὐκ</strong></span> <span class='ocrx_word' id='word_1_747' title='bbox 888 5096 1143 5164; x_wconf 78' lang='grc' dir='ltr'>ἀκήκοα,</span> <span class='ocrx_word' id='word_1_748' title='bbox 1174 5098 1373 5168; x_wconf 76' lang='grc' dir='ltr'>ἤγουν,</span> <span class='ocrx_word' id='word_1_749' title='bbox 1432 5099 1515 5152; x_wconf 85' lang='grc' dir='ltr'><strong>ὄτι</strong></span> <span class='ocrx_word' id='word_1_750' title='bbox 1557 5100 1868 5169; x_wconf 76' lang='grc' dir='ltr'><strong>Προέγνων</strong></span> 
     </span>
    </p>
   </div>
   <div class='ocr_carea' id='block_1_97' title="bbox 290 5186 1868 5261">
    <p class='ocr_par' dir='ltr' id='par_1_97' title="bbox 290 5186 1868 5261">
     <span class='ocr_line' id='line_1_98' title="bbox 290 5186 1868 5261; baseline 0.005 -23"><span class='ocrx_word' id='word_1_751' title='bbox 290 5188 414 5255; x_wconf 72' lang='grc' dir='ltr'>μὲν,</span> <span class='ocrx_word' id='word_1_752' title='bbox 446 5186 561 5239; x_wconf 82' lang='grc' dir='ltr'>ἀλλ’</span> <span class='ocrx_word' id='word_1_753' title='bbox 593 5187 651 5253; x_wconf 79' lang='grc' dir='ltr'><strong>ἐξ</strong></span> <span class='ocrx_word' id='word_1_754' title='bbox 681 5186 942 5240; x_wconf 71' lang='grc' dir='ltr'>εἰδώλων</span> <span class='ocrx_word' id='word_1_755' title='bbox 978 5188 1184 5257; x_wconf 89' lang='grc' dir='ltr'>μαθών.</span> <span class='ocrx_word' id='word_1_756' title='bbox 1219 5190 1293 5242; x_wconf 75' lang='grc' dir='ltr'><strong>Οὐ</strong></span> <span class='ocrx_word' id='word_1_757' title='bbox 1336 5191 1443 5261; x_wconf 81' lang='grc' dir='ltr'>γὰρ</span> <span class='ocrx_word' id='word_1_758' title='bbox 1487 5191 1675 5261; x_wconf 79' lang='grc' dir='ltr'><strong>ἔγνως</strong></span> <span class='ocrx_word' id='word_1_759' title='bbox 1716 5192 1868 5245; x_wconf 72' lang='grc' dir='ltr'>οὐδὲν</span> 
     </span>
    </p>
   </div>
   <div class='ocr_carea' id='block_1_98' title="bbox 287 5277 1869 5353">
    <p class='ocr_par' dir='ltr' id='par_1_98' title="bbox 287 5277 1869 5353">
     <span class='ocr_line' id='line_1_99' title="bbox 287 5277 1869 5353; baseline 0.006 -25"><span class='ocrx_word' id='word_1_760' title='bbox 287 5278 426 5346; x_wconf 82' lang='grc' dir='ltr'>πρὶν</span> <span class='ocrx_word' id='word_1_761' title='bbox 460 5278 560 5345; x_wconf 79' lang='grc' dir='ltr'>ἐμὲ</span> <span class='ocrx_word' id='word_1_762' title='bbox 596 5277 779 5346; x_wconf 82' lang='grc' dir='ltr'>λέγειν</span> <span class='ocrx_word' id='word_1_763' title='bbox 813 5280 985 5332; x_wconf 73' lang='grc' dir='ltr'>αὐτα·</span> <span class='ocrx_word' id='word_1_764' title='bbox 1022 5281 1083 5333; x_wconf 76' lang='grc' dir='ltr'>οὐ</span> <span class='ocrx_word' id='word_1_765' title='bbox 1119 5281 1227 5349; x_wconf 74' lang='grc' dir='ltr'>γὰρ</span> <span class='ocrx_word' id='word_1_766' title='bbox 1261 5282 1537 5353; x_wconf 83' lang='grc' dir='ltr'>πεποίηκά</span> <span class='ocrx_word' id='word_1_767' title='bbox 1583 5301 1664 5336; x_wconf 90' lang='grc' dir='ltr'><strong>σοι</strong></span> <span class='ocrx_word' id='word_1_768' title='bbox 1711 5283 1869 5337; x_wconf 75' lang='grc' dir='ltr'>τοῦτο</span> 
     </span>
    </p>
   </div>
   <div class='ocr_carea' id='block_1_99' title="bbox 288 5369 1868 5445">
    <p class='ocr_par' dir='ltr' id='par_1_99' title="bbox 288 5369 1868 5445">
     <span class='ocr_line' id='line_1_100' title="bbox 288 5369 1868 5445; baseline 0.004 -24"><span class='ocrx_word' id='word_1_769' title='bbox 288 5369 427 5439; x_wconf 78' lang='grc' dir='ltr'>παρ’</span> <span class='ocrx_word' id='word_1_770' title='bbox 462 5369 651 5439; x_wconf 84' lang='grc' dir='ltr'>ἐτέρου</span> <span class='ocrx_word' id='word_1_771' title='bbox 698 5371 992 5438; x_wconf 80' lang='grc' dir='ltr'><strong>γνωστόν.</strong></span> <span class='ocrx_word' id='word_1_772' title='bbox 1044 5371 1175 5424; x_wconf 77' lang='grc' dir='ltr'>’ἰδοὺ</span> <span class='ocrx_word' id='word_1_773' title='bbox 1214 5372 1269 5426; x_wconf 83' lang='grc' dir='ltr'><strong>δέ</strong></span> <span class='ocrx_word' id='word_1_774' title='bbox 1306 5390 1365 5425; x_wconf 92' lang='grc' dir='ltr'><strong>σε</strong></span> <span class='ocrx_word' id='word_1_775' title='bbox 1417 5372 1567 5426; x_wconf 86' lang='grc' dir='ltr'>καλῶ</span> <span class='ocrx_word' id='word_1_776' title='bbox 1615 5374 1709 5427; x_wconf 78' lang='grc' dir='ltr'>καὶ</span> <span class='ocrx_word' id='word_1_777' title='bbox 1741 5376 1868 5445; x_wconf 73' lang='grc' dir='ltr'>πρὶν</span> 
     </span>
    </p>
   </div>
   <div class='ocr_carea' id='block_1_100' title="bbox 288 5458 1867 5535">
    <p class='ocr_par' dir='ltr' id='par_1_100' title="bbox 288 5458 1867 5535">
     <span class='ocr_line' id='line_1_101' title="bbox 288 5458 1867 5535; baseline 0.004 -24"><span class='ocrx_word' id='word_1_778' title='bbox 288 5458 593 5528; x_wconf 74' lang='grc' dir='ltr'>ἀπειθῆσαι</span> <span class='ocrx_word' id='word_1_779' title='bbox 614 5459 983 5531; x_wconf 74' lang='grc' dir='ltr'>παράνομον.</span> <span class='ocrx_word' id='word_1_780' title='bbox 1011 5461 1085 5514; x_wconf 84' lang='grc' dir='ltr'><strong>Δι’</strong></span> <span class='ocrx_word' id='word_1_781' title='bbox 1113 5461 1248 5515; x_wconf 78' lang='grc' dir='ltr'>αὐτὸ</span> <span class='ocrx_word' id='word_1_782' title='bbox 1277 5464 1386 5535; x_wconf 80' lang='grc' dir='ltr'><strong>γάρ</strong></span> <span class='ocrx_word' id='word_1_783' title='bbox 1420 5481 1478 5517; x_wconf 92' lang='grc' dir='ltr'><strong>σε</strong></span> <span class='ocrx_word' id='word_1_784' title='bbox 1526 5465 1620 5518; x_wconf 83' lang='grc' dir='ltr'><strong>καὶ</strong></span> <span class='ocrx_word' id='word_1_785' title='bbox 1671 5464 1867 5533; x_wconf 78' lang='grc' dir='ltr'>φθάσει</span> 
     </span>
    </p>
   </div>
   <div class='ocr_carea' id='block_1_101' title="bbox 370 5596 1443 5668">
    <p class='ocr_par' dir='ltr' id='par_1_101' title="bbox 370 5596 1443 5668">
     <span class='ocr_line' id='line_1_102' title="bbox 370 5596 1443 5668; baseline 0.004 -17"><span class='ocrx_word' id='word_1_786' title='bbox 370 5598 418 5629; x_wconf 83' lang='grc'><strong>⁷⁸</strong></span> <span class='ocrx_word' id='word_1_787' title='bbox 446 5596 649 5654; x_wconf 84' lang='lat' dir='ltr'><strong>Jerem.</strong></span> <span class='ocrx_word' id='word_1_788' title='bbox 678 5614 755 5665; x_wconf 73' lang='lat' dir='ltr'><strong>XI,</strong></span> <span class='ocrx_word' id='word_1_789' title='bbox 786 5599 876 5655; x_wconf 70' lang='lat'><strong>15.</strong></span> <span class='ocrx_word' id='word_1_790' title='bbox 952 5599 997 5632; x_wconf 73' lang='grc' dir='ltr'><strong>’τ</strong></span> <span class='ocrx_word' id='word_1_791' title='bbox 1022 5597 1183 5655; x_wconf 85' lang='lat' dir='ltr'><strong>Joan.</strong></span> <span class='ocrx_word' id='word_1_792' title='bbox 1208 5616 1326 5668; x_wconf 83' lang='lat' dir='ltr'><strong>vm,</strong></span> <span class='ocrx_word' id='word_1_793' title='bbox 1354 5600 1443 5657; x_wconf 84' lang='lat'><strong>59.</strong></span> 
     </span>
    </p>
   </div>
   <div class='ocr_carea' id='block_1_102' title="bbox 1973 4728 3540 4798">
    <p class='ocr_par' dir='ltr' id='par_1_102' title="bbox 1973 4728 3540 4798">
     <span class='ocr_line' id='line_1_103' title="bbox 1973 4728 3540 4798; baseline 0.003 -17"><span class='ocrx_word' id='word_1_794' title='bbox 1973 4728 2113 4783; x_wconf 88' lang='lat' dir='ltr'><strong>male</strong></span> <span class='ocrx_word' id='word_1_795' title='bbox 2150 4730 2462 4798; x_wconf 80' lang='lat' dir='ltr'><strong>excipicris,</strong></span> <span class='ocrx_word' id='word_1_796' title='bbox 2508 4730 2652 4798; x_wconf 85' lang='lat' dir='ltr'><strong>quod</strong></span> <span class='ocrx_word' id='word_1_797' title='bbox 2695 4745 2781 4783; x_wconf 88' lang='lat' dir='ltr'><strong>me</strong></span> <span class='ocrx_word' id='word_1_798' title='bbox 2807 4730 3068 4785; x_wconf 86' lang='lat' dir='ltr'><strong>derelicto</strong></span> <span class='ocrx_word' id='word_1_799' title='bbox 3105 4732 3172 4785; x_wconf 87' lang='lat' dir='ltr'><strong>ad</strong></span> <span class='ocrx_word' id='word_1_800' title='bbox 3202 4748 3264 4786; x_wconf 91' lang='lat' dir='ltr'><strong>ea</strong></span> <span class='ocrx_word' id='word_1_801' title='bbox 3304 4737 3540 4785; x_wconf 77' lang='lat' dir='ltr'><strong>transle-</strong></span> 
     </span>
    </p>
   </div>
   <div class='ocr_carea' id='block_1_103' title="bbox 1971 4817 3546 4890">
    <p class='ocr_par' dir='ltr' id='par_1_103' title="bbox 1971 4817 3546 4890">
     <span class='ocr_line' id='line_1_104' title="bbox 1971 4817 3546 4890; baseline 0 -18"><span class='ocrx_word' id='word_1_802' title='bbox 1971 4819 2069 4873; x_wconf 88' lang='lat' dir='ltr'><strong>ris.</strong></span> <span class='ocrx_word' id='word_1_803' title='bbox 2122 4817 2307 4888; x_wconf 86' lang='lat' dir='ltr'><strong>Neque</strong></span> <span class='ocrx_word' id='word_1_804' title='bbox 2349 4828 2531 4872; x_wconf 88' lang='lat' dir='ltr'><strong>tamen</strong></span> <span class='ocrx_word' id='word_1_805' title='bbox 2564 4820 2664 4873; x_wconf 92' lang='lat' dir='ltr'><strong>tibi</strong></span> <span class='ocrx_word' id='word_1_806' title='bbox 2699 4820 2995 4889; x_wconf 87' lang='lat' dir='ltr'><strong>quidquam</strong></span> <span class='ocrx_word' id='word_1_807' title='bbox 3029 4820 3310 4890; x_wconf 80' lang='lat' dir='ltr'><strong>profutura</strong></span> <span class='ocrx_word' id='word_1_808' title='bbox 3340 4817 3424 4875; x_wconf 71' lang='lat' dir='ltr'><strong>est</strong></span> <span class='ocrx_word' id='word_1_809' title='bbox 3470 4822 3546 4873; x_wconf 83' lang='lat' dir='ltr'><strong>fu-</strong></span> 
     </span>
    </p>
   </div>
   <div class='ocr_carea' id='block_1_104' title="bbox 1972 4910 3544 4981">
    <p class='ocr_par' dir='ltr' id='par_1_104' title="bbox 1972 4910 3544 4981">
     <span class='ocr_line' id='line_1_105' title="bbox 1972 4910 3544 4981; baseline 0.002 -18"><span class='ocrx_word' id='word_1_810' title='bbox 1972 4918 2219 4965; x_wconf 85' lang='lat' dir='ltr'><strong>turorqu</strong></span> <span class='ocrx_word' id='word_1_811' title='bbox 2252 4911 2550 4979; x_wconf 66' lang='lat' dir='ltr'><strong>prtetlietio.</strong></span> <span class='ocrx_word' id='word_1_812' title='bbox 2590 4910 2715 4966; x_wconf 80' lang='lat' dir='ltr'><strong>Non</strong></span> <span class='ocrx_word' id='word_1_813' title='bbox 2744 4914 2888 4966; x_wconf 89' lang='lat' dir='ltr'><strong>enim</strong></span> <span class='ocrx_word' id='word_1_814' title='bbox 2921 4926 3346 4981; x_wconf 81' lang='lat' dir='ltr'><strong>cognosces;,ac</strong></span> <span class='ocrx_word' id='word_1_815' title='bbox 3382 4914 3427 4967; x_wconf 90' lang='lat' dir='ltr'><strong>si</strong></span> <span class='ocrx_word' id='word_1_816' title='bbox 3460 4914 3544 4966; x_wconf 73' lang='grc' dir='ltr'>ιιι-</span> 
     </span>
    </p>
   </div>
   <div class='ocr_carea' id='block_1_105' title="bbox 1972 5000 3543 5071">
    <p class='ocr_par' dir='ltr' id='par_1_105' title="bbox 1972 5000 3543 5071">
     <span class='ocr_line' id='line_1_106' title="bbox 1972 5000 3543 5071; baseline 0.001 -18"><span class='ocrx_word' id='word_1_817' title='bbox 1972 5008 2120 5054; x_wconf 89' lang='lat' dir='ltr'><strong>ceret</strong></span> <span class='ocrx_word' id='word_1_818' title='bbox 2150 5017 2161 5053; x_wconf 91' lang='lat'>:</span> <span class='ocrx_word' id='word_1_819' title='bbox 2194 5000 2312 5054; x_wconf 78' lang='lat' dir='ltr'><strong>Non</strong></span> <span class='ocrx_word' id='word_1_820' title='bbox 2355 5001 2575 5069; x_wconf 84' lang='lat' dir='ltr'><strong>sapiens</strong></span> <span class='ocrx_word' id='word_1_821' title='bbox 2616 5001 2712 5056; x_wconf 84' lang='lat' dir='ltr'><strong>lies</strong></span> <span class='ocrx_word' id='word_1_822' title='bbox 2742 5004 2859 5071; x_wconf 91' lang='lat' dir='ltr'><strong>ipsa</strong></span> <span class='ocrx_word' id='word_1_823' title='bbox 2909 5003 3208 5056; x_wconf 87' lang='lat' dir='ltr'><strong>mutatione</strong></span> <span class='ocrx_word' id='word_1_824' title='bbox 3238 5002 3292 5055; x_wconf 93' lang='lat' dir='ltr'><strong>in</strong></span> <span class='ocrx_word' id='word_1_825' title='bbox 3325 5003 3543 5061; x_wconf 76' lang='lat' dir='ltr'><strong>melius.</strong></span> 
     </span>
    </p>
   </div>
   <div class='ocr_carea' id='block_1_106' title="bbox 1974 5092 3545 5162">
    <p class='ocr_par' dir='ltr' id='par_1_106' title="bbox 1974 5092 3545 5162">
     <span class='ocr_line' id='line_1_107' title="bbox 1974 5092 3545 5162; baseline 0.001 -17"><span class='ocrx_word' id='word_1_826' title='bbox 1974 5094 2068 5162; x_wconf 89' lang='lat' dir='ltr'><strong>qui</strong></span> <span class='ocrx_word' id='word_1_827' title='bbox 2103 5092 2312 5146; x_wconf 90' lang='lat' dir='ltr'><strong>tristem</strong></span> <span class='ocrx_word' id='word_1_828' title='bbox 2350 5108 2533 5146; x_wconf 90' lang='lat' dir='ltr'><strong>rerum</strong></span> <span class='ocrx_word' id='word_1_829' title='bbox 2578 5094 2811 5155; x_wconf 78' lang='lat' dir='ltr'><strong>exitum,</strong></span> <span class='ocrx_word' id='word_1_830' title='bbox 2859 5108 2979 5162; x_wconf 64' lang='lat' dir='ltr'><strong>quae</strong></span> <span class='ocrx_word' id='word_1_831' title='bbox 3025 5093 3119 5147; x_wconf 91' lang='lat' dir='ltr'><strong>tibi</strong></span> <span class='ocrx_word' id='word_1_832' title='bbox 3177 5092 3545 5162; x_wconf 64' lang='lat' dir='ltr'><strong>praedicuntur</strong></span> 
     </span>
    </p>
   </div>
   <div class='ocr_carea' id='block_1_107' title="bbox 1974 5182 3545 5253">
    <p class='ocr_par' dir='ltr' id='par_1_107' title="bbox 1974 5182 3545 5253">
     <span class='ocr_line' id='line_1_108' title="bbox 1974 5182 3545 5253; baseline 0 -16"><span class='ocrx_word' id='word_1_833' title='bbox 1974 5198 2082 5237; x_wconf 90' lang='lat' dir='ltr'><strong>non</strong></span> <span class='ocrx_word' id='word_1_834' title='bbox 2112 5192 2415 5253; x_wconf 75' lang='lat' dir='ltr'><strong>exspectes.</strong></span> <span class='ocrx_word' id='word_1_835' title='bbox 2454 5182 2653 5236; x_wconf 78' lang='lat' dir='ltr'><strong>Audita</strong></span> <span class='ocrx_word' id='word_1_836' title='bbox 2684 5184 2868 5253; x_wconf 83' lang='lat' dir='ltr'><strong>itaque</strong></span> <span class='ocrx_word' id='word_1_837' title='bbox 2915 5184 3017 5250; x_wconf 80' lang='lat' dir='ltr'><strong>feci</strong></span> <span class='ocrx_word' id='word_1_838' title='bbox 3058 5184 3155 5237; x_wconf 84' lang='lat' dir='ltr'><strong>tibi</strong></span> <span class='ocrx_word' id='word_1_839' title='bbox 3196 5201 3350 5237; x_wconf 81' lang='lat' dir='ltr'><strong>nova.</strong></span> <span class='ocrx_word' id='word_1_840' title='bbox 3392 5182 3545 5237; x_wconf 77' lang='lat' dir='ltr'><strong>Nova</strong></span> 
     </span>
    </p>
   </div>
   <div class='ocr_carea' id='block_1_108' title="bbox 1973 5276 3545 5345">
    <p class='ocr_par' dir='ltr' id='par_1_108' title="bbox 1973 5276 3545 5345">
     <span class='ocr_line' id='line_1_109' title="bbox 1973 5276 3545 5345; baseline 0 -15"><span class='ocrx_word' id='word_1_841' title='bbox 1973 5276 2118 5330; x_wconf 90' lang='lat' dir='ltr'><strong>enim</strong></span> <span class='ocrx_word' id='word_1_842' title='bbox 2166 5282 2344 5339; x_wconf 89' lang='lat' dir='ltr'><strong>erant,</strong></span> <span class='ocrx_word' id='word_1_843' title='bbox 2391 5290 2513 5345; x_wconf 70' lang='lat' dir='ltr'><strong>qua:</strong></span> <span class='ocrx_word' id='word_1_844' title='bbox 2554 5282 2682 5330; x_wconf 87' lang='lat' dir='ltr'><strong>ante</strong></span> <span class='ocrx_word' id='word_1_845' title='bbox 2722 5276 3069 5338; x_wconf 84' lang='lat' dir='ltr'><strong>dicebantur,</strong></span> <span class='ocrx_word' id='word_1_846' title='bbox 3120 5292 3283 5345; x_wconf 86' lang='lat' dir='ltr'><strong>quant</strong></span> <span class='ocrx_word' id='word_1_847' title='bbox 3334 5276 3545 5331; x_wconf 80' lang='lat' dir='ltr'><strong>tierent.</strong></span> 
     </span>
    </p>
   </div>
   <div class='ocr_carea' id='block_1_109' title="bbox 1973 5367 3543 5439">
    <p class='ocr_par' dir='ltr' id='par_1_109' title="bbox 1973 5367 3543 5439">
     <span class='ocr_line' id='line_1_110' title="bbox 1973 5367 3543 5439; baseline 0 -16"><span class='ocrx_word' id='word_1_848' title='bbox 1973 5369 2111 5423; x_wconf 88' lang='lat' dir='ltr'><strong>Cum</strong></span> <span class='ocrx_word' id='word_1_849' title='bbox 2139 5384 2267 5438; x_wconf 84' lang='lat' dir='ltr'><strong>ergo</strong></span> <span class='ocrx_word' id='word_1_850' title='bbox 2292 5369 2537 5436; x_wconf 86' lang='lat' dir='ltr'><strong>patieris,</strong></span> <span class='ocrx_word' id='word_1_851' title='bbox 2563 5384 2629 5423; x_wconf 89' lang='lat' dir='ltr'><strong>ne</strong></span> <span class='ocrx_word' id='word_1_852' title='bbox 2646 5378 2698 5423; x_wconf 93' lang='lat' dir='ltr'><strong>te</strong></span> <span class='ocrx_word' id='word_1_853' title='bbox 2720 5369 2872 5439; x_wconf 90' lang='lat' dir='ltr'><strong>prius</strong></span> <span class='ocrx_word' id='word_1_854' title='bbox 2893 5384 3000 5422; x_wconf 93' lang='lat' dir='ltr'><strong>non</strong></span> <span class='ocrx_word' id='word_1_855' title='bbox 3021 5368 3288 5422; x_wconf 78' lang='lat' dir='ltr'><strong>audivisse</strong></span> <span class='ocrx_word' id='word_1_856' title='bbox 3305 5367 3543 5429; x_wconf 79' lang='lat' dir='ltr'><strong>dixeris;</strong></span> 
     </span>
    </p>
   </div>
   <div class='ocr_carea' id='block_1_110' title="bbox 1976 5459 3545 5529">
    <p class='ocr_par' dir='ltr' id='par_1_110' title="bbox 1976 5459 3545 5529">
     <span class='ocr_line' id='line_1_111' title="bbox 1976 5459 3545 5529; baseline -0.003 -11"><span class='ocrx_word' id='word_1_857' title='bbox 1976 5462 2059 5519; x_wconf 82' lang='lat' dir='ltr'><strong>vel</strong></span> <span class='ocrx_word' id='word_1_858' title='bbox 2109 5461 2153 5517; x_wconf 91' lang='lat' dir='ltr'><strong>si</strong></span> <span class='ocrx_word' id='word_1_859' title='bbox 2204 5462 2481 5529; x_wconf 78' lang='lat' dir='ltr'><strong>pra&#39;scisse</strong></span> <span class='ocrx_word' id='word_1_860' title='bbox 2522 5462 2702 5524; x_wconf 87' lang='lat' dir='ltr'><strong>dicas,</strong></span> <span class='ocrx_word' id='word_1_861' title='bbox 2756 5461 2825 5516; x_wconf 87' lang='lat' dir='ltr'><strong>ab</strong></span> <span class='ocrx_word' id='word_1_862' title='bbox 2872 5460 3029 5515; x_wconf 81' lang='lat' dir='ltr'><strong>idolis</strong></span> <span class='ocrx_word' id='word_1_863' title='bbox 3078 5460 3356 5516; x_wconf 84' lang='lat' dir='ltr'><strong>didicisse.</strong></span> <span class='ocrx_word' id='word_1_864' title='bbox 3400 5459 3545 5515; x_wconf 79' lang='lat' dir='ltr'><strong>Nltil</strong></span> 
     </span>
    </p>
   </div>
   <div class='ocr_carea' id='block_1_111' title="bbox 1535 5601 1968 5671">
    <p class='ocr_par' dir='ltr' id='par_1_111' title="bbox 1535 5601 1968 5671">
     <span class='ocr_line' id='line_1_112' title="bbox 1535 5601 1968 5671; baseline 0.002 -15"><span class='ocrx_word' id='word_1_865' title='bbox 1535 5603 1579 5634; x_wconf 84' lang='lat'>&quot;</span> <span class='ocrx_word' id='word_1_866' title='bbox 1597 5601 1798 5657; x_wconf 86' lang='lat' dir='ltr'><strong>Jercm.</strong></span> <span class='ocrx_word' id='word_1_867' title='bbox 1826 5619 1878 5671; x_wconf 88' lang='lat' dir='ltr'><strong>v,</strong></span> <span class='ocrx_word' id='word_1_868' title='bbox 1914 5608 1968 5663; x_wconf 74' lang='grc'>5.</span> 
     </span>
    </p>
   </div>
   <div class='ocr_carea' id='block_1_112' title="bbox 1585 5717 2259 5774">
    <p class='ocr_par' dir='ltr' id='par_1_112' title="bbox 1585 5717 2259 5774">
     <span class='ocr_line' id='line_1_113' title="bbox 1585 5717 2259 5774; baseline 0.003 -2"><span class='ocrx_word' id='word_1_869' title='bbox 1585 5717 1819 5773; x_wconf 70' lang='grc' dir='ltr'><strong>ΥΛΒΙΑΞ</strong></span> <span class='ocrx_word' id='word_1_870' title='bbox 1850 5717 2259 5774; x_wconf 71' lang='lat' dir='ltr'><strong>LECTIONI&#39;JS.</strong></span> 
     </span>
    </p>
   </div>
   <div class='ocr_carea' id='block_1_113' title="bbox 398 5834 1503 5912">
    <p class='ocr_par' dir='ltr' id='par_1_113' title="bbox 398 5834 1503 5912">
     <span class='ocr_line' id='line_1_114' title="bbox 398 5834 1503 5912; baseline 0.005 -24"><span class='ocrx_word' id='word_1_871' title='bbox 398 5834 411 5873; x_wconf 68' lang='grc' dir='ltr'><strong>ί</strong></span> <span class='ocrx_word' id='word_1_872' title='bbox 451 5853 541 5905; x_wconf 71' lang='grc' dir='ltr'><strong>γρ.</strong></span> <span class='ocrx_word' id='word_1_873' title='bbox 570 5834 884 5907; x_wconf 61' lang='grc' dir='ltr'>ὠφελίμως.</span> <span class='ocrx_word' id='word_1_874' title='bbox 965 5848 976 5883; x_wconf 78' lang='lat' dir='ltr'><strong>l</strong></span> <span class='ocrx_word' id='word_1_875' title='bbox 1020 5853 1112 5905; x_wconf 53' lang='grc' dir='ltr'>για.</span> <span class='ocrx_word' id='word_1_876' title='bbox 1148 5836 1503 5912; x_wconf 70' lang='grc' dir='ltr'>προσεδόκας.</span> 
     </span>
    </p>
   </div>
   <div class='ocr_carea' id='block_1_114' title="bbox 1586 5836 2185 5907">
    <p class='ocr_par' dir='ltr' id='par_1_114' title="bbox 1586 5836 2185 5907">
     <span class='ocr_line' id='line_1_115' title="bbox 1586 5836 2185 5907; baseline 0.003 -18"><span class='ocrx_word' id='word_1_877' title='bbox 1586 5837 1609 5875; x_wconf 76' lang='grc' dir='ltr'>ιι</span> <span class='ocrx_word' id='word_1_878' title='bbox 1648 5854 1731 5907; x_wconf 63' lang='grc' dir='ltr'><strong>ηπ.</strong></span> <span class='ocrx_word' id='word_1_879' title='bbox 1761 5836 1941 5893; x_wconf 78' lang='grc' dir='ltr'>ἀπάτα</span> <span class='ocrx_word' id='word_1_880' title='bbox 1971 5836 2185 5891; x_wconf 76' lang='grc' dir='ltr'>σαυτόν.</span> 
     </span>
    </p>
   </div>
   <div class='ocr_carea' id='block_1_115' title="bbox 2273 5834 2618 5907">
    <p class='ocr_par' dir='ltr' id='par_1_115' title="bbox 2273 5834 2618 5907">
     <span class='ocr_line' id='line_1_116' title="bbox 2273 5834 2618 5907; baseline -0.003 -20"><span class='ocrx_word' id='word_1_881' title='bbox 2273 5840 2283 5880; x_wconf 77' lang='grc' dir='ltr'><strong>ι</strong></span> <span class='ocrx_word' id='word_1_882' title='bbox 2322 5852 2408 5905; x_wconf 64' lang='lat' dir='ltr'><strong>yp.</strong></span> <span class='ocrx_word' id='word_1_883' title='bbox 2436 5834 2618 5907; x_wconf 76' lang='grc' dir='ltr'>πείσῃ.</span> 
     </span>
    </p>
   </div>
  </div>
