4262 6434
771 367 903 435 4651
2071 384 2426 444 PROCOPII

2349 386 2426 443 ἸΙ
2468 387 2709 455 GAZ/El
3890 397 4032 459 2452

768 481 914 532 enim
949 482 1174 538 omnino
1215 487 1534 557 priusquam
1567 491 1960 558 renuntiarent,
1994 511 2351 562 cognoveras;
2381 508 2424 561 Α

2349 514 2351 521 ι
2381 508 2424 561 Α
2454 496 2563 549 τῶν
2590 497 3012 569 προρρηθέντων
3042 499 3103 552 τὸ
3127 500 3299 567 τέλος,
3327 501 3401 566 ὡς
3430 501 3494 557 ὲκ
3524 504 3788 574 γενέσεως
3820 510 3878 560 ὲν
3906 510 4032 562 ἀσε-

772 588 949 639 neque
993 578 1085 631 tibi
1120 578 1266 633 istud
1300 595 1399 649 ego
1440 581 1671 637 aliorum
1701 600 1865 654 opera
1912 589 2182 656 cognitum
2220 602 2345 641 esse
2452 603 2455 627 ι

1216 580 1266 633 Id
1300 595 1399 649 ego
1440 581 1671 637 aliorum
1701 600 1865 654 opera
1912 589 2182 656 cognitum
2220 602 2345 641 esse
2452 589 2576 658 ὕείᾳ
2604 590 2899 658 τραφέντα.

770 665 942 718 volui.
981 666 1092 721 lmo
1127 684 1250 723 esse
1286 680 1337 724 te
1359 672 1545 738 etiam,
1581 675 1902 744 priusquam
1967 692 1997 730 a
2066 679 2171 732 fide
2234 678 2518 748 conlingat
2592 682 2870 743 recedere,
2915 682 3151 750 iniquum
3192 687 3519 750 przenuntio.
3563 687 3645 741 0b
3691 687 3744 742 id
3791 689 3937 744 enim
3974 700 4031 743 te

768 771 1122 829 rerum,qua2
1147 762 1423 830 praedictae
1466 774 1615 832 sunt,
1646 770 1828 824 exitus
1851 769 2016 822 etiam
2079 777 2401 836 antevertet,
2480 772 2624 840 quod
2691 787 2719 824 a
2791 775 3065 828 natalibus
3125 776 3262 844 ipsis
3308 777 3363 830 in
3435 778 3709 847 impietate
3766 781 4031 838 educatus

766 847 864 902 sis.

836 961 933 1017 Est
976 964 1142 1033 igitur
1185 969 1255 1023 ab
1304 968 1647 1025 humanitate
1699 974 1942 1042 protecta
1988 991 2343 1045 rerum,qn:e

766 1054 862 1112 tibi
900 1068 1180 1114 eventura!
1207 1068 1357 1124 sunt,
1408 1063 1711 1131 prmdictio.
1765 1064 1898 1116 Nam
1939 1071 1994 1119 et
2032 1072 2084 1119 te
2112 1080 2236 1119 eum
2284 1066 2339 1120 in

762 1152 1007 1204 hostium
1060 1159 1384 1219 potestatem
1437 1154 1661 1218 tradidi,
1715 1154 1766 1206 id
1820 1170 2040 1224 quoque
2086 1157 2140 1208 in
2190 1164 2339 1211 tuam

762 1260 877 1296 rem
917 1244 1019 1297 feci
1064 1260 1076 1296 :
1113 1260 1222 1298 non
1254 1260 1364 1314 quo
1398 1261 1551 1301 more
1574 1247 1770 1312 solent,
1794 1248 1885 1316 qui
1923 1256 1990 1301 ad
2028 1264 2183 1303 suam
2221 1257 2340 1302 tan-

762 1342 878 1388 tum
911 1335 1198 1389 utilitatem
1242 1336 1563 1405 respiciunt.
1599 1336 1734 1390 Eum
1755 1339 1899 1393 enim
1934 1354 2177 1408 persaepe
2200 1341 2339 1395 solet

762 1426 986 1482 erudire
1011 1428 1261 1492 afﬂictio,
1307 1430 1394 1482 cui
1432 1430 1567 1483 nihil
1598 1430 1663 1484 ad
1690 1431 2129 1499 resipiscentiam
2162 1434 2341 1487 oratio

758 1521 988 1589 profuit.
1029 1523 1204 1590 Atque
1242 1522 1366 1575 hinc
1414 1530 1517 1587 est,
1551 1523 1646 1587 ait,
1676 1524 1821 1591 quod
1856 1525 2095 1579 hostium
2121 1525 2218 1578 tibi
2247 1540 2342 1579 ca-

759 1612 1032 1666 lamitates
1083 1612 1345 1681 prmdixi;
1382 1621 1440 1665 ut
1474 1612 1720 1683 undique
1748 1615 1813 1667 ad
1844 1614 2055 1684 frugem
2107 1626 2159 1670 te
2191 1630 2344 1670 revo-

760 1718 965 1769 carem,
1020 1704 1343 1768 minitando,
1401 1716 1711 1771 metumque
1776 1714 1829 1758 ct
1879 1705 2123 1760 dolorem
2184 1707 2340 1760 incu-

758 1793 968 1854 tiendo,
996 1793 1178 1845 futura
1212 1793 1376 1846 etiam
1405 1792 1779 1863 praedicendo;
1818 1794 1871 1847 in
1910 1795 2215 1849 libertatem
2246 1795 2340 1851 de-

758 1884 961 1951 nique,
1001 1883 1094 1950 qui
1138 1898 1291 1936 meus
1328 1894 1412 1937 est
1467 1883 1521 1937 in
1579 1892 1631 1938 te
1676 1899 1830 1937 amor
1863 1884 2185 1949 asserendo,
2242 1885 2344 1939 ho-

2523 973 2733 1028 Οὐκοῦν
2761 976 2847 1028 διὰ
2886 976 3293 1047 φιλανθρωπίαν
3335 980 3443 1033 τῶν
3480 980 3564 1034 σοὶ
3599 984 4032 1056 συμϐησομένων

2452 1070 2485 1137 ἡ
2518 1068 2841 1138 πρόρρησις.
2887 1069 2997 1122 Καὶ
3027 1070 3353 1139 παραδιδούς
3380 1091 3439 1126 σε
3479 1075 3608 1144 γάρ,
3660 1078 3747 1128 ἐπ’
3792 1079 4031 1150 ὠφελείᾳ

2451 1161 2764 1230 παρέδωκα,
2816 1161 2914 1230 οὐχ
2969 1162 3043 1224 ὡς
3074 1164 3139 1215 ἄν
3186 1180 3271 1227 τις
3300 1166 3439 1236 ἀνὴρ
3467 1169 3603 1237 πρὸς
3657 1169 3790 1221 ἴδιον
3840 1172 4030 1241 κέρδος

2449 1252 2612 1323 δρῶν.
2648 1252 2898 1305 Παιδεύει
2929 1253 3035 1323 γὰρ
3060 1254 3170 1307 ἔσθ’
3191 1256 3280 1307 ὅτε
3305 1257 3497 1322 πάθος,
3531 1259 3590 1310 ὃν
3614 1262 3713 1312 οὐκ
3740 1262 4029 1314 ἐπαίδευσε

2449 1344 2626 1411 λόγος.
2659 1345 2737 1397 Δι’
2771 1345 2883 1397 ὅσοι
2914 1356 2953 1383 ιι
2983 1348 3075 1397 καὶ
3123 1346 3231 1398 τῶν
3276 1349 3547 1417 πολεμίων
3599 1352 3697 1415 τὰς
3743 1353 4029 1422 συμφοράς

2449 1434 2867 1503 προηγόρευσα,
2917 1436 3253 1504 πανταχόθεν
3292 1440 3638 1508 ἐπιστρέφων
3667 1482 3680 1505 ,
3710 1442 3942 1512 ἀπειλῆς
3974 1453 4027 1509 n,

2450 1525 2543 1577 καὶ
2565 1525 2746 1595 φόϐῳ,
2794 1526 2888 1578 καὶ
2930 1526 3138 1590 πάθους
3183 1530 3371 1600 πείρᾳ,
3403 1533 3495 1583 καὶ
3519 1531 3748 1599 δυνάμει
3787 1551 4024 1602 προαγο-

2450 1616 2710 1687 ρεύσεως,
2737 1620 2802 1688 τῇ
2831 1619 2957 1688 περὶ
2983 1621 3041 1671 σὲ
3076 1621 3461 1693 φιλανθρωπίᾳ
3488 1623 3546 1675 σέ
3571 1641 3627 1675 τε
3679 1625 3839 1678 πάλιν
3872 1625 4027 1677 ἐλευ-

2448 1709 2643 1778 θερῶν,
2698 1712 2793 1763 καὶ
2842 1713 2966 1774 τοὺς
3002 1712 3231 1781 ἐχθροὺς
3262 1714 3694 1783 τιμωρούμενος,
3732 1718 3826 1768 καὶ
3874 1728 3915 1781 ⁸,
3948 1719 4029 1769 ὅτι

2441 1801 2540 1871 τὴν
2576 1802 2716 1870 ἐμὴν
2742 1802 3130 1873 ἐϐλασφήμουν
3159 1804 3413 1875 θεότητα,
3457 1806 3556 1875 τὴν
3599 1807 3720 1859 καθ’
3757 1808 3913 1877 ὑμῶν
3947 1810 4029 1861 νί“

2443 1907 2547 1959 κην
2578 1893 2693 1953 τοῖς
2721 1890 2873 1954 ἰδίοις
2904 1892 3046 1954 θεοῖς
3077 1894 3496 1962 ἐπιγράφοντες,
3541 1907 3568 1945 P
3599 1897 3699 1965 τὴν
3731 1897 3826 1949 τοῦ
3874 1898 4029 1961 ὄντος

759 1986 983 2045 stesque
1015 1976 1363 2041 ulciscendo;
1392 1977 1483 2046 qui
1517 1977 1569 2029 in
1605 1992 1777 2030 meam
1815 1976 2160 2033 divinitatem
2194 1978 2346 2032 blas-

2374 2052 2407 2057 _
2444 1983 2570 2049 τοῖς
2603 1984 2704 2036 οὐκ
2726 1980 2845 2037 οὖσι
2877 1984 3227 2055 χαριζόμενοι
3251 1987 3463 2050 δόξαν.
3498 1987 3766 2057 Ιιίίμινον
3794 1988 3850 2041 δὲ
3878 2006 4031 2042 πτωρ

757 2068 1141 2137 pltemi,quam
1170 2069 1239 2122 de
1262 2069 1414 2122 vobis
1439 2069 1618 2138 adepti
1640 2076 1769 2124 sunt
1789 2068 2074 2123 victoriam
2092 2069 2198 2124 diis
2224 2069 2340 2124 suis
2373 2052 2420 2112 Β

2373 2052 2420 2112 Β
2448 2077 2639 2145 χείας,
2663 2076 2757 2130 τὸν
2797 2077 2962 2130 τόπον
3004 2078 3103 2146 τῆς
3145 2078 3389 2140 δουλείας
3419 2079 3676 2132 ἐκάλεσεν
3697 2122 3711 2145 ,
3749 2082 3807 2131 ὲν
3852 2074 3896 2147 ᾧ
3920 2082 4032 2143 τοῖς

758 2160 1070 2223 ascribunt;
1118 2168 1171 2213 et
1201 2160 1320 2229 ejus
1369 2159 1526 2231 54],
1560 2161 1653 2231 qui
1689 2171 1793 2226 est,
1835 2162 2083 2229 gloriam,
2123 2163 2187 2217 iis
2243 2166 2337 2234 qui

754 2268 866 2308 non
906 2262 1033 2308 sunt
1097 2254 1397 2323 indulgent.
1446 2253 1740 2308 Fornacem
1775 2264 1954 2309 autem
1984 2259 2337 2327 paupertatis,

755 2348 1046 2402 servitutis
1088 2348 1267 2401 locum
1301 2349 1558 2417 appellat,
1598 2349 1654 2401 in
1690 2364 1801 2418 quo
1838 2364 1954 2416 eos,
1986 2351 2079 2420 qui
2121 2351 2187 2405 ad
2218 2365 2337 2405 cam

756 2441 936 2494 adacti
1010 2449 1161 2506 sunt,
1215 2440 1380 2496 etiam
1434 2441 1731 2495 mendicare
1795 2457 2022 2497 necesse
2080 2442 2172 2498 sit.
2241 2443 2340 2496 His

755 2532 954 2589 deinde
981 2534 1161 2588 verbis
1186 2535 1428 2603 seipsum
1451 2533 1703 2591 lsraelem
1734 2535 2030 2589 vendidisse
2055 2535 2210 2601 dicit,
2242 2535 2336 2605 qui

751 2627 813 2681 in
845 2626 1051 2695 argenti
1089 2627 1267 2680 locum
1310 2641 1408 2680 sua
1442 2628 1558 2695 ipse
1589 2636 1811 2696 peccata
1848 2629 2204 2684 concesserit.
2231 2625 2339 2682 Ne-

756 2733 865 2787 que
896 2720 1065 2781 enim,
1092 2719 1291 2785 inquit,
1313 2731 1537 2788 propter
1582 2720 1776 2774 virium
1807 2737 2049 2776 mearum
2087 2721 2334 2776 imbecil-

752 2808 965 2862 litatem
1014 2809 1301 2878 premeris,
1340 2810 1434 2878 qui
1468 2823 1588 2879 qua:
1624 2812 1677 2864 in
1716 2810 1953 2882 Egypto
1983 2823 2136 2882 gesta
2185 2824 2334 2877 sunt,

751 2901 810 2957 in
843 2908 993 2955 tuam
1025 2902 1327 2956 libertatem
1363 2904 1714 2972 patraverim.
1756 2904 1861 2957 Sed
1896 2912 2153 2972 qumrunt
2194 2921 2339 2959 non-

752 2994 916 3061 nulli,
949 2996 1041 3064 qui
1078 3010 1136 3049 se
1168 3012 1301 3048 nova
1323 2996 1511 3064 fecisse
1534 3006 1763 3059 asserat,
1786 3014 1930 3060 cum,
1972 2997 2202 3051 docente
2234 2998 2339 3051 Ec-

753 3085 1031 3151 clesiaste,
1052 3085 1187 3139 nihil
1225 3101 1425 3143 novum
1457 3087 1559 3145 sub
1590 3087 1730 3140 cmlo
1760 3088 1831 3140 sit
1852 3089 1921 3140 τ’.
1940 3086 2148 3140 Christi
2172 3088 2339 3158 igitur

752 3178 1104 3248 mysterium,
1168 3178 1324 3247 longe
1366 3194 1453 3239 ea,
1481 3195 1603 3249 qua:
1638 3182 1906 3242 cernitur,
1938 3189 2192 3233 creatura
2223 3195 2337 3233 ma-

751 3270 863 3339 jus,
891 3270 1036 3340 quod
1070 3286 1096 3322 a
1122 3270 1288 3324 Paulo
1317 3272 1479 3324 etiam
1507 3271 1889 3326 absconditum
1925 3272 2241 3326 nmninatur
2264 3272 2334 3333 ⁸⁸,

755 3362 1045 3417 intellexit.
1073 3362 1309 3431 Indeque
1347 3364 1512 3417 verba
1555 3364 1680 3425 ista,
1713 3381 1873 3431 neque
1909 3366 1973 3415 ab
2005 3364 2158 3417 initio
2180 3380 2336 3417 aures

758 3463 879 3507 tuas
920 3454 1127 3522 aperui,
1161 3452 1431 3526 adiunxit,
1465 3453 1746 3522 Apostolis
1782 3453 1951 3515 enim,
1995 3462 2055 3507 ut
2085 3453 2339 3522 Scriptu-

752 3562 846 3600 ras
877 3544 1264 3614 intelligerent,
1294 3560 1447 3596 aures
1481 3542 1733 3598 Christus
1785 3545 1990 3612 aperuit
2025 3560 2043 3597 :
2076 3560 2197 3612 qua:
2224 3552 2337 3597 tum

755 3636 975 3691 demum
1032 3635 1191 3691 nobis
1232 3636 1588 3704 aperiuntur,
1641 3650 1763 3689 cum
1806 3643 1859 3689 et
1898 3650 2053 3690 mens
2096 3636 2237 3705 ipsa,
2282 3642 2342 3688 ut

755 3730 962 3783 frustra
987 3744 1095 3781 non
1130 3727 1375 3791 audiant,
1413 3736 1708 3783 reseratur.
1751 3726 1982 3791 Deinde,
2016 3729 2137 3781 novi
2169 3728 2334 3792 enim,

754 3820 955 3889 inquit,
992 3819 1132 3889 quod
1160 3820 1618 3889 prarvaricaberis,
1665 3820 1897 3889 ideoque
1944 3818 2214 3875 Occultavi
2239 3859 2255 3884 ,
2289 3826 2342 3871 et

2447 2168 2789 2221 δουλεύουσιν
2810 2170 2905 2222 καὶ
2936 2171 3269 2238 πτωχεύειν
3296 2170 3531 2239 ἀνάγκη.
3564 2172 3640 2224 Δι’
3668 2165 3741 2225 ὧν
3765 2170 3820 2224 δὲ
3857 2172 4027 2237 λέγει,

2449 2260 2722 2314 δείκνυσι
2775 2259 2867 2312 τὸν
2910 2259 3122 2329 Ἰσραὴλ
3172 2261 3362 2313 ἑαυτὸν
3401 2261 3746 2331 πεπρακότα,
3775 2261 3891 2313 ἀντ’
3926 2261 4029 2327 ἀρ-

2449 2352 2656 2421 γιιρίου
2683 2351 2783 2414 τὰς
2808 2350 3004 2404 ἑαυτοῦ
3038 2351 3340 2421 προέμενον
3371 2353 3666 2424 ἁμαρτίας.
3699 2353 3773 2405 Οὐ
3804 2353 3869 2405 δι’
3894 2353 4029 2422 ἐμὴν

2448 2443 2557 2512 γὰρ
2585 2442 2877 2511 ὑπομένεις
2923 2441 3209 2495 ἀσθένειαν
3246 2442 3339 2496 τοῦ
3374 2443 3444 2496 τά
3485 2444 3544 2496 ὲν
3588 2443 3849 2511 Αἰγύπτῳ
3895 2443 4029 2513 πρὸς

2445 2534 2544 2605 τὴν
2572 2534 2670 2603 σὴν
2689 2534 3003 2603 ἐλευθερίαν
3020 2534 3411 2606 δραματουργή
3422 2554 3632 2600 σαντος.
3650 2538 3772 2601 Πῶς
3801 2537 3857 2591 δὲ
3877 2535 4030 2605 λέγει

2447 2625 2861 2693 πεποιηκέναι,
2889 2626 3030 2680 καθά
3088 2629 3220 2696 φασί
3247 2646 3414 2693 τινες,
3448 2630 3643 2693 καινὰ,
3670 2632 3764 2683 τοῦ
3810 2632 4032 2703 Ἐκκλη-

2448 2716 2783 2790 σιασ[τικ]οὖ”
2804 2717 3074 2785 λέγοντος,
3103 2720 3214 2773 Καὶ
3251 2720 3400 2771 οὐδὲν
3445 2722 3630 2773 καινόν
3651 2739 3665 2787 ;
3688 2722 3763 2773 Τὸ
3793 2723 4030 2793 Χριστοῦ

2445 2812 2623 2864 τοίνυν
2649 2812 2798 2877 λέγει
2836 2812 3138 2881 μυστήριον
3172 2812 3357 2881 μεῖζον
3394 2813 3493 2882 ei};
3523 2814 3808 2884 ὁρωμένης
3854 2816 4031 2887 ὑπάρ-

2445 2918 2540 2971 χον
2567 2901 2815 2965 κτίσεως,
2852 2901 2880 2953 ὃ
2907 2902 3003 2954 καὶ
3034 2903 3533 2973 ἀποκεκρυμμένον
3560 2906 3587 2957 ὁ
3615 2903 3827 2967 Παῦλος
3852 2906 4030 2959 καλεῖ.

2447 2996 2541 3048 Διό
2565 3010 2748 3064 φησιν,
2778 2995 2927 3048 Οὔτε
2951 2994 3019 3058 ἐξ
3045 2995 3235 3063 ἀρχῆς
3269 2996 3483 3063 ἥνοιξά
3508 3012 3625 3051 σου
3651 2997 3719 3050 τὰ
3747 2994 3888 3053 ὦτα.
3913 2998 4034 3052 Τῶν

2445 3088 2553 3157 γὰρ
2601 3086 2916 3140 ἀποστόλων
2979 3089 3214 3158 Χριστὸς
3264 3088 3470 3155 ἤνοιξε
3504 3089 3577 3142 τὰ
3633 3085 3753 3144 ὦτα
3786 3091 3925 3161 πρὸς
3973 3090 4034 3144 τδ

2447 3180 2688 3231 συνιέναι
2718 3178 2816 3240 τὰς
2838 3177 3082 3249 Γραφάς.
3125 3178 3427 3247 Ἀνοίγεται
3459 3180 3516 3232 δὲ
3547 3181 3616 3234 τὰ
3644 3175 3780 3246 ὦτα,
3815 3182 3904 3234 ὅτε
3940 3184 4035 3235 καὶ

2446 3270 2589 3332 νοῦς.
2620 3270 2696 3322 Οὐ
2719 3270 2830 3339 γάρ
2864 3270 3043 3339 μάτην
3074 3270 3283 3324 ἀκούει.
3312 3272 3541 3344 ξἘγνων
3560 3272 3690 3343 γὰρ,
3725 3276 3913 3343 φησὶν,
3944 3274 4034 3326 ὅτι

2445 3362 2779 3428 ἀθετήσεις,
2811 3361 2892 3413 διὸ
2918 3362 3013 3413 καὶ
3033 3362 3266 3430 ἔκρυψα,
3294 3364 3394 3416 καὶ
3436 3363 3662 3433 ἄνομος
3702 3366 3770 3418 ἐκ
3801 3367 4037 3431 κοιλίας

2446 3452 2766 3522 κληθήσῃ·
2816 3450 3039 3523 δηλαδὴ,
3076 3457 3142 3524 τῇ
3192 3456 3524 3525 προγνώσει.
3566 3457 3753 3522 Οὕτως
3798 3460 4033 3530 ἀπηλλο-

2444 3544 2759 3615 τριώθησαν
2786 3545 2836 3596 οἱ
2867 3545 3183 3615 ἁμαρτωλοὶ
3210 3546 3319 3599 ἀπὸ
3348 3549 3586 3618 μήτρας.
3615 3550 3858 3615 Ἐπαθες
3891 3552 3937 3603 δ’
3968 3553 4035 3605 ἂν

2446 3634 2542 3687 καὶ⁹
2575 3632 2975 3705 πανωλεθρίαν,
3006 3634 3123 3687 ἀνθ’
3150 3628 3225 3688 ὧν
3246 3653 3367 3704 μου
3392 3637 3510 3703 τὴν
3533 3637 3724 3701 δόξαν
3761 3639 4029 3710 ἀνέθηκας

2444 3724 2718 3795 δαίμοσιν,
2744 3726 2793 3776 εί
2815 3724 2892 3794 μὴ
2921 3725 2990 3778 δι’
3016 3726 3188 3795 αὐτήν
3210 3744 3330 3795 μου
3357 3726 3475 3794 τὴν
3493 3727 3685 3794 δόξαν
3718 3732 4031 3800 φανησομέ-

2446 3834 2546 3885 νην
2574 3817 2668 3869 ἐπὶ
2707 3816 2953 3887 σωτηρίᾳ
2984 3816 3078 3869 τοῦ
3106 3817 3335 3888 κόσμου.

756 3918 969 3988 iniquus
1008 3932 1074 3971 ex
1110 3925 1261 3971 utero
1313 3917 1624 3980 vocaberis;
1670 3916 2011 3985 praenotione
2056 3915 2340 3969 nimirum.
2380 3912 2500 3978 Quo
2580 3911 2745 3966 modo
2796 3912 3016 3966 alienati
3063 3922 3215 3979 sunt,
3264 3914 3356 3983 qui
3404 3929 3435 3967 a
3486 3915 3643 3970 vulva
3713 3928 4032 3987 peccatores

757 4014 1116 4071 exsistunt".
1153 4014 1280 4068 ldeo
1314 4022 1493 4067 autem
1526 4013 1746 4084 penitus
1780 4013 1945 4067 etiam
1996 4011 2331 4073 interiisses,
2371 4008 2515 4079 quod
2551 4007 2784 4077 gloriam
2814 4023 2988 4061 meam
3034 4007 3375 4064 daemonibus
3402 4010 3728 4076 attribuisti,
3799 4012 3907 4065 nisi
3977 4021 4031 4066 et

756 4112 876 4181 ipsa
917 4120 988 4175 te,
1034 4124 1154 4180 quae
1187 4109 1243 4163 in
1276 4108 1464 4163 mundi
1498 4109 1730 4163 salutem
1757 4115 2051 4177 operatura
2081 4114 2187 4173 est,
2218 4106 2395 4176 gloria
2424 4119 2543 4158 mea
2566 4102 2873 4157 liberasset.

829 4218 990 4292 542
1008 4216 1174 4273 Vens.
1192 4216 1375 4272 12-22.
1395 4217 1537 4272 Audi
1557 4233 1656 4283 me,
1681 4216 1870 4281 Iacob,
1894 4226 1944 4272 et
1964 4215 2157 4283 Israel,
2180 4232 2333 4283 quem

757 4330 850 4383 ego
880 4328 1023 4366 voco.
1068 4310 1177 4382 Ego
1210 4326 1327 4365 sum
1358 4312 1583 4379 primus,
1612 4320 1660 4363 et
1690 4326 1782 4380 ego
1807 4326 1925 4363 sum
1964 4312 2017 4362 in
2056 4308 2331 4376 sempiter-

757 4421 906 4470 num,
952 4412 1003 4458 el
1052 4418 1243 4457 manus
1284 4418 1401 4455 mea
1450 4400 1693 4469 [undavit
1748 4409 1966 4464 terram,
2026 4408 2077 4452 et
2112 4398 2335 4452 dextera

756 4513 876 4553 mea
909 4496 1168 4551 stabilivit
1198 4495 1405 4549 cazlum.
1440 4493 1579 4547 Vaco
1608 4510 1717 4558 eos,
1755 4501 1805 4547 et
1838 4499 2055 4547 stabunt
2084 4490 2265 4558 simul,
2287 4498 2339 4543 et

760 4588 1217 4661 congregabantur
1242 4603 1443 4649 omnes,
1466 4594 1515 4639 et
1541 4585 1779 4649 audient,
1815 4596 1921 4639 etc.

2514 4213 2701 4285 ιβ-κβ’.
2730 4212 2950 4267 Ἀκουέ
2978 4231 3096 4282 μου
3133 4255 3147 4279 ,
3198 4214 3434 4281 Ἰακὼβ,
3496 4214 3597 4269 καὶ
3642 4214 3908 4283 Ἰσραὴλ,
3964 4215 4034 4268 ὃν

2436 4307 2553 4378 ἐγὼ
2591 4306 2774 4362 καλῶ.
2816 4305 2961 4375 Ἐγώ
3002 4308 3120 4373 ειμι
3153 4306 3422 4374 πρῶτος,
3479 4308 3581 4359 καὶ
3623 4305 3739 4375 ἐγώ
3776 4310 3895 4375 ειμι
3949 4309 4031 4372 εις

2439 4395 2547 4447 τὸν
2572 4392 2778 4447 αἰῶνα.
2819 4393 2929 4445 Kal
2961 4393 2998 4459 ἠ
3043 4392 3172 4460 χείρ
3206 4410 3327 4461 μου
3354 4392 3714 4462 ἐθεμελίωσε
3758 4389 3898 4456 γῆν,
3938 4396 4031 4445 καὶ

2441 4485 2479 4551 ἡ
2527 4483 2698 4547 δεξιὰ
2742 4501 2863 4553 μου
2911 4483 3242 4551 ἐστερέωσε
3281 4483 3388 4537 τὸν
3442 4486 3725 4552 οὐρανόν.
3786 4485 4036 4538 Καλέσω

2443 4578 2687 4641 αὐτοὺς,
2717 4575 2818 4629 καὶ
2860 4575 3196 4640 στήσονται
3228 4574 3372 4643 ἅμα,
3410 4574 3509 4628 καὶ
3537 4574 4033 4643 συναχθήσονται

2453 4669 2696 4736 πάντες,
2722 4669 2820 4722 καὶ
2846 4670 3232 4733 ἀκούσονται,
3260 4686 3313 4723 κ.
3349 4686 3401 4723 τ.
3432 4669 3483 4721 λ.

836 4792 1226 4862 Superioribus
1248 4791 1303 4844 in
1334 4790 1565 4844 infames
1598 4788 1873 4843 lsraelitas
1905 4785 2212 4855 usurpatis,
2250 4785 2339 4838 hic
2376 4808 2421 4861 ι)

2376 4808 2421 4861 ι)
2522 4786 2602 4838 Τὰ
2648 4785 2842 4855 πρῶτα
2884 4786 2995 4846 τοῖς
3049 4784 3493 4853 διαϐεϐλημένοις
3555 4782 3747 4845 εἰπὼν,
3804 4781 4038 4836 ἐνταῦθα

758 4885 872 4954 jam
902 4898 1026 4939 cum
1060 4881 1247 4952 probis
1276 4887 1331 4936 et
1364 4879 1612 4935 honestis
1642 4878 1888 4947 disputat
1922 4896 1936 4930 :
1980 4876 2215 4944 indeque
2231 4884 2339 4940 est,

762 4974 910 5047 quod
942 4990 1094 5045 quem
1117 4990 1210 5043 ego
1234 4972 1411 5026 vocavi
1437 4971 1665 5033 addidit,
1695 4985 1792 5039 pro
1808 4985 1919 5039 quo
1950 4977 2167 5023 vocatus
2198 4983 2343 5021 meus

761 5066 1160 5139 Symmachus;
1203 5064 1432 5134 Aquilas
1466 5071 1648 5118 autem
1696 5072 1875 5116 vocate
1922 5063 2017 5125 mi,
2077 5061 2343 5129 interpre-

762 5165 972 5212 tantur.
1003 5157 1174 5210 Erant
1206 5152 1351 5208 enim
1381 5168 1447 5207 ex
1484 5167 1673 5207 eorum
1716 5168 1947 5208 numero
1994 5152 2165 5205 vocati
2215 5150 2341 5217 qui-

762 5264 883 5306 cem
915 5247 1195 5321 permulti,
1219 5247 1375 5301 electi
1399 5256 1581 5301 autem
1622 5246 1777 5299 valde
1808 5245 1993 5314 pauci.
2021 5243 2127 5298 Sed
2161 5242 2249 5296 hic
2272 5245 2339 5298 de

762 5342 988 5407 vocatis,
1016 5354 1126 5395 non
1154 5339 1222 5394 de
1244 5339 1432 5394 electis
1465 5338 1696 5392 habetur
1723 5336 2047 5407 disputatio.
2076 5334 2182 5390 Eos
2214 5350 2347 5391 vero

768 5434 836 5490 ad
866 5448 980 5491 sua:
1003 5435 1169 5489 etiam
1206 5431 1511 5488 divinitatis
1550 5430 1962 5485 meditationem
1998 5428 2161 5500 5&3
2201 5429 2345 5482 invi-

839 5568 886 5602 "
918 5567 1098 5624 Eecle.
1132 5584 1168 5631 ι,
1199 5566 1283 5621 10.
1362 5566 1407 5597 ⁸ο
1442 5564 1657 5622 Coloss.
1695 5582 1732 5629 ι,
1773 5566 1863 5619 96.

1943 5566 1985 5597 “
2011 5564 2154 5619 Psal.
2189 5578 2318 5629 Lvu,
2345 5565 2399 5619 4.

2447 4879 2561 4939 τοῖς
2604 4875 2962 4945 κατορθοῦσιν
3011 4875 3069 4940 ἐξ
3112 4874 3327 4946 Ἰσραὴλ
3373 4874 3705 4942 διαλέγεται.
3741 4876 3835 4926 Διὸ
3863 4875 4037 4945 πρόσ-

2446 4986 2622 5021 κειται
2671 4968 2752 5031 τ’),
2794 4966 3177 5021 ὃνὲκά.1εσα.
3220 4967 3362 5020 Ἀνθ“
3408 4962 3471 5020 οὗ
3521 4968 3822 5037 Σύμμαχος
3853 4968 3973 5037 μὲν,
4006 4971 4041 5020 ό

2444 5060 2665 5124 κλητίὲς
2679 5075 2819 5127 μου,
2865 5058 3093 5120 Ἀκύλας
3136 5058 3212 5125 δὲ,
3253 5057 3439 5125 κλητέ
3462 5075 3605 5127 μου,
3646 5056 3830 5126 φασίν.
3859 5053 4041 5110 Ἦσαν

2442 5151 2551 5218 γάρ
2576 5149 2636 5213 ἐξ
2690 5150 2902 5202 ἐκείνου
2936 5147 3123 5200 πολλοὶ
3151 5150 3361 5213 κλητοί
3389 5188 3405 5215 ,
3440 5147 3621 5216 ὀλίγοι
3668 5147 3725 5199 δὲ
3765 5146 4038 5199 ἐκλεκτοί.

2441 5244 2586 5313 Πλὴν
2612 5245 2709 5297 οὐκ
2739 5243 3008 5306 ἐκλεκτοὶ,
3042 5243 3177 5313 πρὸς
3213 5241 3310 5306 οὓς
3353 5244 3382 5296 ό
3426 5241 3606 5311 λόγος,
3633 5240 3773 5295 ἀλλὰ
3801 5242 4040 5308 κλητοί.

2472 5332 2906 5402 ’Υπομιμνήσκει
2926 5332 2983 5383 δὲ
3015 5330 3213 5393 αὐτοὺς
3237 5331 3330 5382 καὶ
3362 5328 3465 5399 τῆς
3503 5326 3699 5381 ἑαυτοῦ
3730 5325 4041 5395 θεολογίας.

2454 5426 2689 5494 ἄναρχον
2714 5423 2903 5476 ἑαυτὸν
2932 5422 3127 5491 λέγων.
3163 5421 3238 5475 Τὸ
3265 5420 3373 5491 γὰρ
3406 5419 3500 5475 τοῦ
3528 5419 3763 5488 πρώτου
3794 5408 4041 5489 πρεσϐύ-

2032 5706 2264 5761 νΑιιιΑε
2309 5704 2715 5761 LECTIONES.

836 5831 867 5851 "‘
911 5842 995 5894 ῃ),
1027 5821 1108 5876 διό
1131 5839 1229 5891 σοι,
1258 5822 1409 5894 φησί.
1490 5833 1515 5863 η
1558 5842 1647 5893 γρ.
1691 5824 1961 5893 ἀπειλαῖς.
1992 5827 2024 5898 ἢ
2054 5825 2272 5896 ἀπειλῇ,

2355 5835 2379 5864 υ
2408 5826 2511 5897 ἀφ’.
2539 5824 2652 5879 καί.

2727 5820 2890 5878 λεία.
2921 5820 3009 5877 τον.
3036 5819 3153 5875 καί.
