4262 6434
265 413 408 478 2453
1368 415 1913 478 COMMENTARII
1943 415 2025 476 IN
2063 415 2354 476 ISAIAM.
3390 408 3427 470 2
3441 408 3536 471 iiii

269 541 447 593 τερον⁹
481 522 576 575 καὶ
606 523 964 594 ἀτελεύτητον
994 523 1329 590 ἀκολούθως.
1361 520 1438 582 Οῧ
1466 527 1687 598 γὰρούκ
1717 527 1863 581 ἔστιν
1893 532 1936 587 Α

1854 545 1863 577 ι
1893 532 1936 587 Α
1967 533 2068 592 tat,
2099 541 2223 581 cum
2265 541 2322 580 se
2359 523 2690 595 principium
2716 537 2822 577 non
2855 523 3056 578 habere
3075 521 3364 591 signiﬁcat.
3404 521 3537 574 Nam

271 613 440 683 ἁρχὴ,
473 612 595 666 οὐδὲ
632 614 805 678 τέλος.

1959 616 2104 686 quod
2135 617 2305 683 primo
2331 617 2614 686 antiquius
2648 622 2753 676 est,
2783 622 2838 667 et
2869 613 3002 668 illud
3026 615 3188 667 etiam
3225 613 3330 664 ﬁne
3354 624 3539 663 carere

1961 708 2359 778 consequitur:
2392 721 2519 762 eum
2571 705 2717 776 quod
2773 705 2986 760 initium
3048 717 3160 760 non
3204 701 3415 764 habuit,
3453 715 3544 754 ex-

1965 810 2138 853 tremo
2169 797 2370 868 privari
2401 798 2563 852 etiam
2597 811 2889 851 necessum
2921 796 3013 849 sit.

347 879 488 931 Ὄπε
496 894 528 948 ρ
547 880 596 930 οἱ
622 878 802 932 λοιποὶ
817 879 1106 951 δηλοῦντες
1129 879 1418 946 ἐξέδωκαν,
1437 881 1584 952 Ἐγὼ
1608 881 1858 951 πρῶτος,

283 969 377 1021 καὶ
399 970 516 1039 ἐγὼ
541 970 823 1037 ἔσχατος.
860 973 1087 1044 Εἴρηται
1111 973 1166 1026 δέ
1196 990 1298 1025 που
1329 974 1459 1044 περὶ
1489 972 1584 1027 τοῦ
1618 975 1862 1043 Μονογε-

274 1059 423 1126 νοῦς,
475 1062 558 1114 ὅτι
596 1081 614 1113 ι
642 1063 814 1126 Αὐτός
859 1065 1006 1118 ἐστιν
1037 1067 1064 1118 6
1129 1065 1348 1134 πρῶτος
1376 1064 1467 1118 καὶ
1499 1065 1528 1117 6
1558 1065 1803 1137 ἔσχατος.
1842 1085 1861 1116 ο

281 1153 348 1206 Ὅ
390 1154 721 1226 διεσάφησεν
769 1155 1157 1220 είπὼν,Ἐζων
1203 1159 1296 1210 καὶ
1337 1159 1605 1228 ἐγενόμην
1654 1158 1866 1231 νεκρός.

289 1241 461 1312 ’Λρχὴ
511 1243 624 1312 γάρ
677 1245 794 1296 ἐστι
834 1244 982 1314 ζωῆς
1030 1246 1058 1296 6
1102 1246 1285 1308 αὐτὸς,
1335 1247 1428 1299 καὶ
1465 1246 1714 1317 ἔσχατος,
1748 1249 1872 1300 ἐπεὶ

276 1330 545 1385 ἐκένωσεν
597 1333 793 1386 ἑαυτὸν
854 1336 1071 1404 μορφὴν
1122 1335 1312 1388 δούλιυ
1365 1336 1568 1391 λαϐὼν.
1617 1338 1766 1407 Ἀμα
1813 1337 1870 1390 δὲ

276 1423 373 1476 aut
407 1427 487 1488 είς
519 1426 828 1494 ἀνάμνησιν
852 1427 1054 1489 αὐτοὺς
1079 1427 1340 1498 ἀναφέρει
1373 1428 1468 1496 τῆς
1503 1427 1749 1498 δοθείσης
1773 1430 1872 1482 αὑ-

272 1515 392 1575 τοῖς
419 1514 591 1584 τιμῆς
625 1533 685 1568 τε
737 1517 832 1570 καὶ
880 1517 1058 1587 δόξης.
1095 1519 1239 1588 Πρὸς
1281 1519 1588 1589 οἰκειότητα
1639 1521 1746 1590 γὰρ
1775 1521 1874 1589 τὴν

277 1604 449 1658 αὑτοῦ
474 1607 748 1674 κέκληκεν
789 1607 986 1668 αὐτοὺς
1022 1610 1086 1661 ἐκ
1116 1609 1335 1663 πάντων
1365 1610 1472 1662 τῶν
1518 1612 1707 1674 ὲϋνῶν,
1737 1612 1877 1664 κατὰ

274 1697 358 1760 τὸ,
395 1717 413 1748 ι
439 1699 569 1750 Ὅτε
600 1699 909 1768 διεμέριζεν
940 1703 967 1751 6
1003 1701 1263 1768 ’Ύψιστος
1298 1701 1481 1768 ἔθνη.»
1509 1703 1686 1755 καὶτὰ
1726 1702 1873 1771 ἑξῆς.

277 1790 390 1841 Καὶ
441 1791 604 1842 πάλιν
635 1807 648 1821 ο
686 1809 703 1840 ι
738 1791 846 1843 Καί
895 1808 951 1843 σε
997 1791 1278 1855 ἐξελέξατο
1319 1793 1522 1862 Κύριος
1559 1794 1621 1845 ἐκ
1660 1794 1878 1845 πάντων

2033 890 2190 956 Quod
2223 899 2282 944 ut
2307 890 2490 944 cretcri
2518 890 2918 958 significarent,
2963 886 3072 958 Ego
3104 888 3332 958 primus,
3362 892 3413 940 et
3449 900 3541 954 ego

1967 982 2190 1035 ultimus
2245 981 2598 1050 interpretari
2650 981 2989 1034 maluerunt.
3045 977 3270 1047 Legitur
3305 991 3436 1030 vero
3479 978 3544 1028 de

1970 1074 2263 1144 Unigcnito
2287 1073 2490 1127 alicubi
2519 1091 2564 1127 ει
2590 1073 2704 1142 Ego
2729 1089 2847 1128 sum
2869 1073 3082 1142 primus
3103 1080 3156 1125 et
3173 1070 3398 1122 ultimus
3419 1068 3466 1099 ⁸³
3486 1083 3499 1120 :
3521 1087 3537 1115 ι

1970 1163 2112 1232 quod
2146 1178 2253 1216 non
2309 1163 2544 1218 obscure
2599 1164 2930 1232 significavit
2985 1177 3134 1224 cum.
3191 1160 3403 1216 vixisse
3447 1173 3541 1216 se.

1970 1262 2022 1307 et
2075 1253 2250 1306 fuisse
2281 1263 2584 1317 mortuum,
2636 1253 2858 1321 adjecit.
2904 1252 2996 1307 Est
3042 1251 3190 1307 enim
3241 1251 3384 1305 idem
3422 1248 3547 1300 vita:

1972 1341 2186 1396 initium
2245 1349 2299 1396 et
2331 1342 2484 1406 finis;
2515 1345 2642 1412 quia
2679 1344 2921 1412 seipsum
2953 1342 3281 1403 exinanivit,
3312 1349 3372 1393 ut
3397 1339 3541 1394 servi

1975 1438 2203 1491 formam
2248 1437 2611 1505 acciperet“.
2653 1437 2826 1491 Simul
2862 1445 3045 1490 antetn
3086 1442 3142 1489 et
3181 1449 3275 1487 eos
3317 1433 3372 1486 in
3407 1448 3546 1486 con-

1975 1530 2116 1585 cessi
2178 1529 2406 1584 honoris
2449 1538 2505 1584 et
2531 1529 2715 1600 glorim
2759 1530 3080 1584 memoriam
3132 1537 3374 1587 revocat,
3407 1542 3546 1593 quas

1978 1619 2031 1672 in
2067 1633 2220 1672 suam
2261 1618 2688 1673 familiaritatem
2721 1634 2785 1672 ex
2839 1618 2988 1671 omni
3022 1617 3268 1686 gentium
3317 1631 3547 1669 numera

1979 1709 2212 1770 vocavit,
2261 1707 2417 1776 juxta
2452 1707 2584 1762 illud
2623 1726 2635 1763 :
2683 1727 2701 1762 ι
2737 1708 2874 1761 Cum
2909 1707 3179 1761 divideret
3228 1706 3548 1760 Altissimus

1981 1809 2170 1864 gentes
2201 1798 2270 1859 ⁸⁵,
2316 1816 2334 1848 ι
2374 1797 2595 1865 illaque,
2642 1813 2762 1864 qua:
2807 1806 3134 1867 sequuntur.
3190 1794 3253 1848 Et
3307 1810 3546 1848 rursus:

277 1879 391 1932 τῶν
419 1880 591 1932 ἐθνῶν
623 1877 764 1933 εἶναι
801 1882 966 1934 αὑτοῦ
997 1883 1144 1935 λαόν.
1189 1902 1204 1933 ι
1259 1882 1453 1953 Ἐχρῆν
1479 1881 1571 1938 οὖν
1598 1884 1762 1938 αὐτὸν
1795 1884 1868 1954 μὴ
1902 1884 1941 1937 Β

1865 1908 1868 1954 ι
1902 1884 1941 1937 Β
1978 1907 1996 1939 ι
2029 1887 2092 1940 ΕΙ.
2122 1897 2173 1942 te
2207 1887 2369 1957 elegit
2409 1886 2671 1942 Dominus
2702 1889 2958 1960 gentibus
2993 1889 3272 1954 omnibus,
3312 1897 3370 1940 ut
3395 1903 3548 1943 esses

279 1967 584 2037 ἀποστῆναι
641 1969 775 2021 Θεοῦ
828 1971 920 2022 καὶ
975 1971 1343 2042 προστεῦῆναι
1379 1972 1600 2043 δαίμοσι
1650 1975 1745 2027 καὶ
1786 1975 1877 2028 λα-

277 2056 498 2126 τρεύειν
531 2063 599 2130 τῇ
630 2062 805 2115 κτίσει
838 2066 992 2134 παρὰ
1039 2066 1130 2118 τὸν
1157 2065 1456 2122 Κτίσαντα.
1493 2068 1638 2137 Πλὴν
1669 2070 1763 2122 καὶ
1787 2069 1877 2122 οὖ-

275 2161 386 2209 τως
440 2147 727 2220 οἰκτείρων
783 2153 981 2216 αὐτοὺς
1035 2155 1214 2209 καλεῖ
1261 2157 1398 2227 πρὸς
1452 2158 1746 2213 εὐπάθειαν
1788 2159 1872 2225 τὸ,

282 2237 508 2294 Ἀκουὲ
528 2259 669 2310 μου,
712 2244 852 2312 βοῶν
886 2261 900 2276 ·
938 2245 1034 2300 νῦν
1078 2247 1396 2314 γοῦνάξιῶν
1438 2251 1747 2321 πεισθῆναι,
1782 2253 1876 2306 καὶ

275 2329 391 2381 τῶν
421 2330 481 2393 ἐξ
509 2333 674 2385 αὐτοῦ
708 2333 942 2401 βεϐαίως
967 2339 1153 2406 τυχεῖν
1182 2337 1420 2408 δωρεῶν.
1466 2341 1622 2393 Κατὰ
1645 2342 1752 2410 γὰρ
1784 2341 1876 2393 τὸν

278 2423 521 2487 Παῦλον,
573 2427 882 2494 ὀφείλοντες
933 2426 1076 2483 εἶναι
1139 2431 1452 2485 διδάσκαλοι
1491 2432 1582 2486 διὰ
1626 2433 1718 2485 τὸν
1751 2434 1874 2503 χρό-

279 2535 390 2581 νον,
428 2519 594 2572 πάλιν
625 2522 894 2590 ἐσχήκασι
936 2524 1126 2592 χρείαν
1159 2523 1254 2577 τοῦ
1301 2525 1646 2589 διδάσκοντος
1677 2527 1875 2589 αὐτοῦς

277 2610 402 2662 τίνα
432 2611 497 2662 τὰ
541 2616 782 2682 στοιχεῖα
828 2615 928 2684 τῆς
979 2616 1152 2686 ἀρχῆς
1185 2617 1293 2670 τῶν
1325 2617 1522 2685 λογίων
1566 2617 1657 2671 τοῦ
1712 2618 1870 2673 Θεοῦ.

280 2699 358 2752 Τὸ
380 2701 436 2752 δὲ
464 2701 654 2763 ἀΐδιον,
684 2705 778 2756 καὶ
806 2703 976 2767 ὅντως
1022 2705 1104 2768 ὃν,
1139 2705 1441 2777 παρίστησι
1469 2708 1548 2773 τὸ,
1573 2709 1715 2778 Ἐγώ
1735 2712 1873 2778 εἶμι,

282 2790 594 2859 συμφώνως
643 2792 755 2862 τῷ·
807 2793 990 2862 «Ἐγώ
1025 2796 1140 2866 είμι
1186 2797 1214 2848 6
1271 2794 1366 2860 ὢν,
1391 2815 1408 2848 ι
1453 2796 1528 2859 ὡς
1567 2799 1664 2865 τὴν
1691 2798 1873 2867 φύσιν,

280 2881 428 2935 οὕτω
476 2885 572 2936 καὶ
605 2884 667 2936 τὸ
716 2881 848 2955 ἦθος
898 2887 1156 2956 ἀκίνητον
1191 2882 1330 2942 εἶναι
1370 2887 1566 2958 δηλῶν.
1622 2889 1679 2942 Ὀ
1712 2890 1874 2955 αὐτὸς

279 2976 396 3044 γὰρ
425 2975 522 3039 ὢν,
559 2975 616 3040 ἐξ
641 2977 984 3047 ἀγαθὸτητος
1027 2979 1135 3049 ἔχω
1162 2979 1221 3031 τὸ
1249 2977 1558 3050 γνώρισμα.
1587 2981 1657 3034 δι’
1686 2985 1752 3052 ἣν
1782 2984 1874 3037 καὶ

281 3069 465 3122 πάντα
519 3071 654 3139 trp“);
707 3071 769 3123 τὸ
819 3067 962 3124 εἶναι
1015 3074 1376 3143 παρήγαγον,
1427 3075 1875 3130 ἀντιδιαστέλλων

281 3161 423 3231 πρὸς
449 3162 576 3224 τοὺς
605 3163 704 3216 οὐκ
735 3162 897 3227 ὄντας
925 3163 1116 3226 Θεοὺς,
1149 3165 1279 3236 περὶ
1311 3159 1385 3218 ὧν
1418 3165 1664 3234 λέγεται·
1707 3186 1725 3220 ι
1752 3169 1876 3222 Θεοὶ

282 3251 334 3302 οἳ
376 3252 468 3304 τὸν
507 3252 738 3322 οὐρανὸν
785 3255 880 3306 καὶ
923 3253 1022 3324 τὴν
1070 3256 1174 3325 γῆν
1221 3256 1321 3308 οὑκ
1361 3257 1644 3325 ἐποίησαν,
1679 3260 1877 3312 ἀπολέ-

284 3342 526 3395 σθωσαν.
569 3363 587 3394 ι
637 3343 856 3414 Ἐπειδὴ
904 3344 962 3397 δὲ
997 3346 1216 3414 ἐπάγει,
1267 3347 1336 3401 'II
1369 3349 1498 3416 χείρ
1538 3367 1657 3416 μου
1677 3350 1877 3418 ἐθεμε-

283 3433 474 3486 λίωσε
506 3433 622 3500 τὴν
677 3437 814 3504 γῆν,
869 3436 963 3489 τοῦ
1022 3438 1264 3510 Πατέρος
1304 3439 1447 3502 τινὲς
1493 3439 1554 3492 τὸ
1587 3440 1877 3510 πρόσωπον

282 3523 518 3591 ἔφασαν,
538 3520 598 3578 οὗ
629 3527 761 3593 χείρ
791 3528 818 3578 6
842 3527 1152 3596 Μονογενὴς
1178 3531 1234 3580 ἐν
1254 3530 1372 3589 ταῖς
1399 3528 1638 3598 Γραφαῖς
1672 3530 1873 3598 ὀνομά-

284 3611 462 3675 ζεται’
495 3612 702 3681 Μωσῆς
733 3613 843 3683 γάρ
879 3632 1043 3684 φησιν
1069 3630 1082 3644 ⁸
1123 3634 1140 3666 ι
1164 3615 1226 3668 Ἦ
1264 3616 1413 3680 δεξιά
1452 3634 1544 3669 σου
1588 3620 1729 3687 χεὶρ,
1763 3619 1874 3671 Κύ-

288 3715 397 3770 ριε,
424 3699 738 3764 δεδόξασται
762 3703 820 3756 ὲν
855 3704 1019 3772 ἰσχύϊ,
1051 3724 1068 3756 ι
1099 3705 1192 3757 καὶ
1221 3706 1288 3758 τὰ
1314 3707 1458 3776 ἑξῆς.
1496 3707 1601 3760 Καὶ
1628 3710 1656 3760 6
1687 3707 1867 3762 Δαϐίδ-

292 3809 312 3842 σ
347 3791 763 3863 Κραταιωοήτω
793 3795 974 3864 ἠχείρ
1016 3796 1449 3867 σου.Ὑψωοήτω
1479 3799 1512 3868 ἡ
1541 3797 1692 3862 δεξιὰ
1717 3817 1864 3865 dou,»

286 3880 435 3933 οὕτω
463 3881 755 3952 λεγόμενος
788 3885 864 3947 ὼς
907 3889 1200 3958 πληρωτὴς
1228 3887 1338 3939 τῶν
1381 3888 1474 3940 τοῦ
1519 3890 1758 3961 Ιιατέρος
1790 3893 1874 3944 ἐν·

287 3971 472 4035 νοιῶν,
500 3973 576 4036 ὡς
603 3967 743 4027 εἶναι
783 3977 992 4045 κυρίως
1030 3978 1224 4044 σοφίαν
1265 3978 1427 4031 αὑτὸν
1455 3977 1546 4030 τοῦ
1579 3979 1737 4046 Θεοῦ,
1772 3998 1868 4034 σα-

291 4063 630 4132 φηνίζουσαν
679 4065 778 4129 τὰς
825 4067 1100 4136 πατρικὰς
1141 4067 1352 4131 ἐννοίας
1404 4070 1462 4121 ἐν
1496 4072 1610 4132 τοῖς
1657 4072 1748 4124 ὑπ’
1779 4073 1874 4124 αὑ-

288 4154 389 4207 τοῦ
469 4156 778 4224 γινομένοις
835 4157 1038 4228 ἔργοις.
1099 4159 1190 4211 Διὸ
1261 4159 1479 4228 λέγεται
1541 4165 1599 4216 ἐν
1668 4164 1871 4233 Παροι-

294 4241 499 4309 μίαις·
566 4243 808 4308 ’θ’Θεὸς
866 4249 932 4317 τῇ
992 4247 1154 4318 σοφίᾳ
1207 4248 1538 4319 ὲθεμελίωσε
1592 4253 1692 4324 τὴν
1736 4254 1860 4323 γῆν.

1979 1979 2054 2032 illi
2105 1980 2338 2047 populus
2368 1979 2434 2032 ⁸⁸.
2481 1998 2498 2030 ι
2532 1978 2668 2033 Eum
2722 1995 2854 2050 ergo
2908 1979 3151 2051 oportuit
3201 1995 3230 2033 a
3282 1977 3393 2033 Deo
3441 1995 3548 2032 non

1977 2069 2259 2131 recedere,
2315 2085 2491 2138 neque
2537 2072 2905 2130 connnittere.
2965 2079 3025 2124 ut
3071 2068 3412 2124 daemonibus
3471 2068 3554 2137 ip-

1977 2161 2135 2232 sique
2165 2170 2437 2214 crcaturm
2469 2160 2652 2230 potius
2680 2176 2846 2232 quam
2877 2159 3131 2218 Creatori
3164 2160 3455 2215 inserviret
3482 2160 3550 2214 ⁸⁷.

1975 2254 2163 2322 Neque
2216 2261 2396 2308 tamen
2445 2265 2627 2310 cessat
2686 2256 3036 2311 miseratione
3099 2263 3432 2318 commotus,
3494 2262 3556 2308 ut.

1977 2340 2144 2395 animi
2183 2341 2265 2394 sui
2297 2343 2731 2410 propensitalem
2763 2341 2989 2410 indicet,
3026 2357 3120 2398 eos
3151 2343 3302 2412 ipsos
3345 2359 3548 2400 rorare.

1975 2437 2051 2497 et,
2084 2432 2225 2484 Audi
2259 2446 2358 2496 me,
2393 2431 2691 2487 inclamare
2721 2455 2732 2486 :
2765 2433 2964 2504 partim
3015 2433 3232 2503 quidem
3258 2433 3359 2488 sibi
3397 2431 3552 2485 fidem

1978 2521 2232 2575 adhiberi
2265 2521 2591 2590 postulans;
2637 2524 2836 2592 partim
2878 2531 3058 2578 autem
3094 2523 3211 2578 suis
3242 2523 3402 2578 donis
3433 2538 3555 2577 esse

1977 2610 2251 2680 potituros
2305 2610 2666 2666 confirmans.
2733 2611 2903 2666 Paulo
2948 2613 3093 2668 enim
3149 2621 3288 2668 teste
3318 2614 3384 2678 ⁸⁸,
3428 2629 3556 2666 cum

1977 2701 2244 2757 deberent
2306 2717 2430 2757 esse
2491 2702 2742 2771 magistri
2799 2710 3024 2774 propter
3065 2712 3300 2774 tempus,
3349 2720 3552 2774 praece-

1977 2799 2136 2861 ptore
2194 2806 2392 2847 rursus
2453 2801 2746 2861 eguerunt,
2782 2809 2812 2846 a
2849 2808 2959 2864 quo
2991 2809 3112 2864 qua:
3144 2795 3255 2850 sint
3285 2797 3554 2849 elementa

1975 2885 2189 2940 exordii
2220 2900 2534 2940 sermonum
2567 2885 2682 2952 Dei,
2724 2886 3076 2943 docerentur.
3109 2887 3378 2942 Caeterum
3413 2903 3556 2943 sem-

1975 2975 2248 3044 piternmn
2277 2991 2335 3030 se
2363 2990 2506 3040 esse,
2535 2985 2588 3030 et
2614 2992 2740 3032 vere
2768 2979 3054 3045 exsistere,
3094 2995 3158 3036 eo
3190 2981 3308 3050 ipso
3332 2980 3556 3034 demou-

1976 3073 2180 3130 strans,
2210 3066 2354 3135 quod
2398 3066 2508 3138 Ego
2538 3085 2675 3132 sum,
2707 3069 2943 3138 adjecit;
2981 3072 3140 3140 quale
3181 3072 3281 3126 fuit
3313 3085 3365 3127 et
3397 3074 3552 3138 illud,

1977 3173 2104 3211 eum
2149 3176 2168 3209 ι
2202 3159 2316 3230 Ego
2371 3176 2513 3226 smn,
2554 3161 2645 3230 qui
2673 3177 2794 3214 sum
2811 3162 2891 3226 ⁸³,
2933 3180 2950 3212 ι
3002 3161 3162 3228 dixit,
3193 3170 3251 3216 ιιι
3289 3177 3443 3216 suam
3480 3163 3554 3216 ita

1978 3257 2234 3305 naturam
2291 3267 2532 3322 suosque
2558 3269 2737 3308 mores
2769 3255 3042 3309 immutari
3077 3271 3356 3324 nunquam
3393 3272 3557 3327 posse

1976 3341 2421 3409 demonstraret;
2475 3353 2734 3415 tanquam
2787 3345 3041 3400 eumdem
3103 3360 3164 3402 se
3223 3362 3347 3402 esse
3392 3363 3456 3401 ex
3493 3362 3556 3402 ea

1976 3430 2222 3484 bonitate
2276 3433 2632 3496 signiﬁcaret,
2694 3449 2788 3504 per
2839 3449 3003 3504 quam
3061 3437 3246 3490 omnia
3304 3451 3427 3491 esse
3479 3436 3558 3490 fe-

1985 3511 2176 3572 cisset,
2203 3519 2261 3565 ut
2284 3513 2350 3565 ab
2375 3514 2461 3578 iis,
2490 3529 2608 3582 qua!
2631 3529 2735 3568 non
2758 3525 2932 3581 erant,
2951 3527 3254 3585 separaret,
3279 3518 3342 3571 de
3361 3517 3558 3585 quibus

1985 3602 2131 3657 hunc
2157 3603 2208 3657 in
2245 3606 2462 3660 modum
2497 3606 2732 3675 legitur:
2765 3626 2782 3659 ι
2824 3609 3012 3677 Diiqui
3038 3609 3234 3664 emlum
3267 3622 3320 3664 et
3356 3620 3552 3663 terram

1984 3712 2090 3749 non
2127 3695 2394 3764 fecerunt,
2450 3701 2721 3754 intereant
2759 3702 2828 3754 ’°.
2874 3721 2892 3752 ι
2931 3701 3152 3766 Deinde,
3183 3703 3307 3770 quia
3363 3701 3556 3756 Munus

1983 3805 2096 3842 mea
2119 3789 2360 3857 fundavit
2386 3802 2581 3845 terram
2606 3793 2875 3861 adjunxit,
2905 3794 3081 3849 Patris
3102 3809 3390 3862 personam
3418 3795 3552 3846 imii-

1981 3883 2094 3934 c:iri
2126 3883 2411 3937 voluerunt
2447 3886 2685 3939 nonnulii
2716 3902 2729 3951 ς
2767 3886 2925 3955 cujus
2958 3902 3146 3940 ntanus
3169 3887 3222 3940 in
3258 3886 3558 3955 Seripturis

1984 3970 2308 4041 Uuigeuitus
2330 3985 2691 4045 nuncnpetur.
2715 3978 2798 4030 Ait
2817 3978 2960 4031 enim
2981 3979 3244 4032 Moses":
3277 3998 3293 4029 ι
3319 3979 3545 4032 Dextera

1972 4074 2166 4119 tnanus
2186 4071 2300 4130 tua,
2321 4065 2568 4130 Domine,
2593 4064 2894 4136 gioriﬁcata
2921 4073 3005 4121 est
3043 4067 3096 4120 in
3135 4064 3413 4119 fortudiue
3443 4083 3488 4128 ι,
3507 4071 3562 4116 et

1980 4168 2103 4226 qum
2123 4157 2401 4226 deinceps.
2415 4157 2478 4212 Et
2496 4157 2662 4212 David
2685 4176 2698 4212 :
2719 4176 2736 4209 ι
2764 4156 3036 4212 Firmetur
3053 4173 3250 4213 manus
3267 4165 3384 4222 tua,
3401 4157 3555 4210 exal-

1975 4263 2120 4308 tetnr
2135 4250 2362 4306 dextera
2381 4251 2558 4314 tua”;
2594 4269 2613 4300 ι
2641 4260 2898 4318 tanquam
2922 4248 3099 4305 Patris
3124 4249 3362 4318 cogitata
3395 4247 3560 4317 perli-

289 4333 425 4398 cial,
466 4335 611 4389 unde
648 4335 870 4406 proprie
893 4336 986 4392 Dei
1011 4341 1391 4408 sapientiailla
1409 4343 1501 4408 sit,
1525 4343 1687 4418 5“
1706 4362 1827 4415 quat
1855 4356 2094 4419 paternae
2115 4343 2311 4399 mentis
2327 4341 2733 4396 voluntatemin
2759 4340 2845 4404 iis,
2882 4356 3004 4409 qua:
3054 4355 3084 4393 a
3128 4354 3188 4395 se
3224 4338 3559 4402 conduntur,

291 4428 560 4496 operibus
597 4429 868 4498 explicet;
900 4447 1009 4501 quo
1039 4431 1269 4497 factum,
1299 4445 1356 4490 ut
1388 4437 1442 4489 in
1469 4437 1782 4497 Proverbiis
1801 4443 1972 4500 Deum
2007 4440 2277 4511 sapientia
2312 4444 2514 4491 terram
2542 4434 2805 4490 fundasse
2827 4434 3074 4504 legamus
3103 4434 3172 4487 ’³.

367 4520 481 4589 Οὐχ
516 4521 591 4584 ὡς
633 4522 798 4591 μέρος
826 4522 919 4576 οὖν
961 4526 999 4592 ἡ
1047 4526 1194 4594 χείρ,
1226 4527 1342 4580 ἀλλ’
1383 4528 1460 4593 ὡς
1491 4531 1692 4599 τελεία,
1716 4537 1784 4588 δι’
1815 4531 1883 4608 ἧς
1915 4539 1959 4594 ι)

294 4609 465 4674 αὐτὸς
510 4609 831 4680 ἐργάζεται,
881 4614 914 4683 ἡ
959 4613 1018 4679 ἐξ
1060 4616 1226 4669 αὑτοῦ
1272 4617 1501 4689 δύναμις
1529 4661 1542 4686 ,
1603 4623 1878 4696 ὲγγυτάτη

295 4697 437 4756 οὖσα
501 4702 671 4775 αὐτῷ.
723 4703 848 4768 Πῶς
904 4701 1020 4768 οὖν,
1073 4710 1229 4776 φησὶ,
1276 4709 1561 4782 λατρεύεις
1607 4717 1673 4786 τῇ
1707 4716 1883 4770 κτίσει

299 4793 457 4862 παρά
482 4793 574 4846 τὸν
609 4794 928 4861 Κτίσαντα;
955 4797 1031 4849 Τὸ
1066 4799 1176 4868 γὰρ
1209 4799 1433 4868 ποιηθὲν
1467 4803 1565 4874 τὴν
1592 4805 1687 4858 τοῦ
1728 4807 1885 4876 ποιή-

301 4899 500 4945 σαντος
553 4883 807 4954 ἀμέτρως
848 4886 1193 4958 ὑποκάοηται
1228 4890 1405 4955 δόξαν,
1432 4892 1517 4959 ζὼς
1548 4895 1765 4949 ἀσεϐεῖν
1793 4896 1886 4948 τὸν

297 4976 369 5044 τῇ
402 4976 772 5046 προσκυνήσει
795 4977 932 5048 πρὸς
960 4980 1080 5051 ίσην
1125 4981 1326 5049 ἄγοντα
1360 4983 1517 5037 τοῦτο
1549 4985 1627 5054 τῷ
1655 5004 1887 5055 πεποιη-

300 5066 426 5120 κότι
451 5068 640 5138 τιμήν.
676 5067 748 5122 Ἠ
776 5068 946 5132 δεξιὰ
977 5073 1156 5126 τοίνυν
1178 5091 1320 5142 μου,
1355 5077 1541 5146 φησιν,
1577 5078 1683 5131 τὸν
1712 5080 1890 5146 οὐρα-

300 5156 420 5210 νὸν
441 5157 832 5225 ἐστερέωσεν,
853 5160 911 5229 ἢ,
946 5163 1088 5229 τοὺς
1125 5166 1442 5233 οὐρανοὺς,
1478 5169 1619 5222 κατὰ
1647 5170 1772 5234 τοὺς
1797 5170 1891 5224 ἆλ-

305 5247 434 5334 λους
464 5250 759 5320 ἑρμηνέας,
784 5252 984 5324 δηλαδὴ
1010 5254 1108 5318 τὰς
1142 5258 1427 5328 οὐρανίους
1451 5259 1729 5332 δυνάμεις,
1762 5264 1892 5334 περὶ

304 5332 386 5393 ὧν
445 5340 737 5412 ἐπιφέρει·
795 5345 1047 5400 Καλέσω
1097 5351 1339 5416 αὐτοὺς.
1399 5353 1496 5405 καί
1558 5332 1892 5422 στήσονται

309 5429 452 5498 ἅμα.
509 5431 871 5503 Πειθαρχοῦσι
928 5435 1036 5506 γὰρ
1083 5437 1159 5501 ὡς
1201 5439 1266 5493 ἂν
1309 5442 1558 5516 Δεσπότῃ
1609 5445 1800 5498 ἑστᾶσί
1832 5463 1889 5498 τε

383 5546 650 5624 οξΑΑροιὶ
677 5551 836 5624 12-17,
947 5552 993 5583 εν
1028 5552 1262 5624 Philipp.
1298 5573 1356 5619 ιι,
1402 5560 1456 5623 6,
1486 5560 1538 5616 7.

311 5633 369 5681 ν.
408 5616 528 5671 12(
608 5619 654 5650 ⁸³
692 5618 858 5675 Ενυά.
905 5639 980 5686 ιιι,
1019 5623 1104 5678 Η.
1176 5616 1253 5658 ’π
1292 5616 1494 5686 Jerem.
1531 5648 1584 5699 ι,
1625 5631 1711 5685 Η.

1651 5560 1699 5592 ⁸⁸
1741 5561 1898 5616 Dent.
1943 5578 2115 5626 XXXII,
2153 5563 2206 5616 8.

1664 5631 1711 5685 ι.
1827 5633 1870 5664 ⁸⁸
1919 5631 2092 5687 Exod.
2121 5649 2210 5687 xv.
2239 5631 2272 5686 6

1941 5647 2092 5687 axou.
2121 5649 2210 5697 xv,
2239 5647 2290 5686 υ.

2057 4532 2176 4588 Non
2207 4546 2396 4584 manus
2445 4543 2597 4599 ergo,
2636 4537 2696 4580 ut
2727 4541 2892 4596 pars,
2936 4526 3032 4581 sed
3089 4531 3149 4578 ut
3197 4521 3459 4593 perfecta,
3496 4519 3565 4574 ab

1988 4641 2161 4697 eoque
2189 4623 2457 4687 derivata,
2488 4629 2542 4675 et
2567 4618 2745 4674 eidem
2775 4619 3014 4672 maxime
3045 4615 3224 4670 vicina
3242 4616 3441 4676 virtus,
3467 4627 3564 4682 per

1989 4732 2153 4789 quam
2187 4717 2306 4786 ipse
2342 4722 2622 4784 operatur,
2661 4712 3026 4782 signiﬁcatur.
3062 4707 3207 4774 Quid
3245 4707 3437 4777 igitur,
3477 4705 3565 4758 in-

1991 4808 2128 4878 quit,
2156 4813 2424 4859 creaturte
2473 4802 2680 4872 potius,
2729 4815 2892 4870 quam
2924 4797 3171 4853 Creatori
3204 4795 3412 4851 servire
3447 4811 3564 4847 Stis-

1992 4896 2170 4953 tines?
2203 4894 2358 4960 Quod
2382 4893 2528 4947 enim
2553 4891 2802 4946 effectum
2835 4900 2940 4957 est,
2967 4889 3111 4944 idem
3145 4891 3266 4956 ejus
3297 4886 3564 4953 dignitate

1997 4998 2051 5043 ct
2100 4985 2272 5056 gloria
2321 4998 2350 5036 ιι
2399 4997 2509 5052 quo
2561 4981 2813 5036 effectum
2864 4989 2967 5043 est,
3024 4979 3186 5048 longe
3240 4984 3563 5046 superatur;

2000 5075 2276 5147 impieque
2305 5071 2456 5136 facit,
2485 5071 2741 5142 quisquis
2773 5070 3102 5125 adoraturus
3128 5071 3376 5123 cunulem
3397 5065 3566 5117 lieno-

2000 5183 2112 5222 rem
2164 5171 2429 5220 creatura:
2475 5172 2528 5216 et
2581 5161 2828 5217 Creatori
2886 5160 3101 5215 tribuit.
3136 5158 3363 5212 Dextera
3401 5157 3567 5225 igitur

1999 5281 2135 5326 mea,
2189 5260 2387 5330 inquit,
2417 5257 2627 5322 caelum,
2666 5257 2748 5310 vel
2809 5255 2987 5320 συείοις,
3019 5263 3078 5310 ιιι
3112 5254 3234 5308 aiiis
3273 5253 3444 5322 placet
3481 5250 3567 5302 in-

2001 5354 2352 5425 terpretibus,
2387 5351 2580 5414 idest,
2636 5351 2894 5404 caelestes
2937 5349 3168 5402 virtutes
3195 5345 3465 5414 ﬁrmarit;
3503 5342 3571 5394 de

1997 5448 2198 5518 quibus
2256 5459 2490 5516 pergens
2537 5459 2550 5493 :
2611 5441 2820 5496 Vocabo
2871 5457 2980 5505 eos,
3011 5452 3061 5494 et
3116 5438 3331 5491 stabunt
3381 5435 3566 5498 simul,

2285 5560 2332 5593 ⁸⁸
2373 5561 2528 5612 Deut.
2554 5574 2653 5622 vn,
2689 5557 2743 5610 6.
2820 5558 2864 5588 ⁸⁷
2896 5555 3052 5608 “sint.
3079 5570 3116 5619 ι,
3147 5554 3241 5607 ‘25.
3316 5553 3361 5584 ⁸³
3403 5549 3566 5603 ΠιιΙιΓ.

2371 5632 2414 5662 θ’
2450 5631 2595 5685 Psal.
2633 5643 2894 5690 Μίνω-ιιι,
2939 5625 3024 5682 Η.
3099 5626 3144 5659 ³³
3183 5625 3322 5680 Prov
3367 5636 3452 5689 tu,
3479 5621 3566 5676 )9.

1581 5751 1814 5808 VARUE
1878 5749 2280 5808 LECTlfiNES.

342 5826 367 5866 ι’
390 5830 482 5880 rp.
516 5811 743 5866 ἐστᾶσαί
771 5829 827 5866 τε
854 5815 968 5870 καί.
