4262 6434
743 410 886 478 Ξίῦὂ
2044 429 2400 493 PROCOPII

2336 433 2400 493 ‘II
2432 434 2677 497 GAZJZI
3872 435 4019 499 2456

747 522 997 594 subiicit.
1057 525 1260 583 Parent
1294 531 1460 598 enim,
1522 542 1782 603 tanquam
1830 534 2065 591 Domino
2112 548 2323 606 astent;
2357 561 2401 617 Α

2357 561 2401 617 Α
2434 544 2827 615 συνερχόμεναι
2900 544 3010 597 τῶν
3070 544 3246 615 λόγων
3311 542 3477 599 αὐτοῦ
3539 544 3680 617 πρὸς
3736 545 4030 615 ἀκρόασιν.

742 621 801 669 et
854 618 921 672 ad
959 621 1249 675 verborum
1282 623 1404 691 ejus
1441 628 1902 685 auseultationcm
1947 630 2334 702 colliguntur:

2444 635 2742 706 Σύμφωνον
2792 636 2872 705 τῷ
2924 638 3044 690 κατ’
3092 637 3309 708 ἀρχάς·
3368 637 3886 707 ι’Δκοδε,ούρανέ,
3937 636 4038 689 καὶ

746 711 913 780 quale
937 712 1042 768 fuit
1064 715 1193 771 illud
1228 718 1426 772 Initio:
1465 737 1483 771 ι
1521 722 1686 787 Audi,
1717 725 1944 793 ctelum,
1975 736 2028 781 et
2061 729 2331 799 ausculta,

2442 726 2717 792 ἐνωτίζου,
2744 728 2840 798 γῆ,
2874 730 2956 782 ὅτι
2982 727 3189 799 Κύριος
3220 727 3505 799 ἐλάλησεν.
3538 746 3557 779 ι
3598 728 3663 781 Εἰ
3690 728 3745 781 δὲ
3767 728 4035 797 δυνάμεις

749 813 917 873 terra,
972 807 1239 879 quoniam
1300 812 1564 870 Dominus
1621 816 1845 873 locutus
1879 828 1967 876 est
2007 820 2075 876 “.
2125 840 2143 874 ι
2177 821 2335 888 Quod

2438 820 2495 874 αἱ
2525 820 2808 891 κρείττους
2838 820 2981 874 οὕτω
3022 820 3119 873 σὺν
3152 818 3411 890 εὐλαϐείᾳ⁵
3441 819 3520 882 τῷ
3546 818 3875 887 πεποιηκότι
3906 834 4034 869 πει-

748 895 794 949 si
852 895 1049 954 [actori
1094 914 1199 955 suo
1240 900 1467 958 virtutes
1510 904 1617 960 illa:
1659 911 2074 976 praestantiores
2130 926 2331 981 magna

2437 910 2629 981 θήνιοι,
2662 913 2825 983 ἡμεῖς
2856 923 2878 950 τ
2923 913 3076 976 ὄντες
3116 911 3395 983 ἄνθρωποι
3445 911 3563 975 πῶς
3612 911 3672 964 οὐ
3707 910 3910 978 μᾶλλον
3937 910 4031 962 τὸν

742 988 880 1042 adeo
920 992 1273 1049 observantia
1298 1000 1356 1051 et
1390 996 1655 1066 religione
1686 1013 1807 1055 sese
1836 1002 2082 1070 praebent
2107 1002 2322 1057 obtem-

2435 1001 2578 1055 θεῖον
2626 1002 2966 1074 ἀναλήψεσθε
3017 1002 3220 1071 φόϐον;
3265 1002 3412 1055 Ἀντὶ
3445 1001 3503 1055 δέ
3546 1001 3665 1067 τοῦ,
3692 1002 3787 1067 Τίς
3821 1000 4032 1066 αὐτοῖς

740 1089 1034 1149 perantes;
1090 1086 1184 1154 qui
1242 1101 1364 1154 vos,
1420 1088 1513 1158 qui
1564 1089 1814 1146 homines
1870 1092 2026 1158 estis,
2079 1094 2325 1149 divinum

2432 1094 2793 1164 ἀνήγγειλεν
2816 1095 3023 1159 ταῦτα,
3057 1097 3086 1147 ὁ
3118 1094 3415 1165 Σύμμαχος
3444 1094 3667 1163 ἔφησεν,
3706 1094 3800 1159 Τίς
3819 1092 4029 1157 αὐτοῖς

740 1169 997 1225 timorem
1041 1174 1227 1242 potius
1277 1191 1387 1231 non
1441 1180 1758 1235 resumitis?
1803 1178 2005 1237 Verum
2036 1199 2149 1253 quo
2179 1184 2319 1251 loco,

2430 1183 2798 1252 ἀπήγγειλεν
2818 1184 3002 1238 ταῦτα
3018 1198 3038 1239 ;
3056 1186 3165 1237 Ὃν
3191 1184 3406 1251 Κύριος
3421 1183 3745 1250 ἀγαπήσει,
3777 1182 4022 1247 ποιήσει

742 1260 873 1322 Quis
896 1263 971 1315 eis
993 1267 1312 1320 renuntiavit
1328 1269 1478 1324 lucc?
1504 1268 1789 1337 habemus,
1815 1273 1889 1327 ibi
1919 1274 2279 1344 Symmachus
2306 1293 2320 1329 :

2429 1276 2496 1328 τὸ
2514 1274 2746 1345 θέλημα
2769 1276 2974 1331 αὐτοῦ.
2994 1277 3054 1328 Ὀ
3080 1276 3135 1329 δὲ
3173 1275 3425 1339 Ἀκύλας,
3459 1276 3556 1340 Τίς
3585 1275 3656 1327 ἐν
3683 1275 4026 1342 ἀνθρώποις

740 1351 876 1413 Quis
909 1354 987 1405 eis
1032 1359 1365 1411 annuntiavit
1410 1360 1560 1413 Ittec.’
1609 1361 1777 1427 Quem
1818 1362 2079 1418 Dominus
2122 1365 2319 1436 diligit,

2425 1365 2793 1437 ἀπήγγειλεν
2863 1368 3089 1430 ταῦτα;
3151 1368 3365 1434 Κύριος
3425 1366 3746 1435 ἠγάπησεν
3806 1366 4020 1418 αὐτόν.

737 1446 899 1527 faciet
946 1450 1265 1505 voluntatem
1305 1452 1443 1520 ejus,
1477 1454 1708 1523 Aquilas
1743 1463 1926 1511 autem
1975 1457 2149 1524 :Quis
2184 1460 2322 1514 inter

2426 1457 2551 1511 Ὀτι
2574 1457 2703 1530 γὰρ,
2741 1458 2927 1530 φησὶν,
2959 1460 3014 1512 αἱ
3044 1458 3150 1511 τῶν
3178 1458 3426 1529 οὐρανῶν
3457 1457 3719 1526 δυνάμεις
3745 1456 4022 1525 καλούμε-

735 1537 970 1592 homines
1008 1540 1120 1594 haec
1148 1544 1419 1609 protulit?
1456 1544 1716 1601 Dominus
1743 1548 1937 1602 dilexit
1965 1566 2105 1603 eum.
2137 1548 2321 1606 Caelo-

2424 1566 2511 1605 ναι
2536 1550 2672 1620 πρὸς
2702 1550 2801 1622 τὴν
2838 1550 2947 1603 τῶν
2989 1548 3153 1604 αὐτοῦ
3178 1550 3351 1617 λόγων
3382 1549 3651 1619 ἀκρόασιν
3684 1548 4021 1601 ὑπακούουσι

732 1641 857 1680 rum
882 1630 1027 1683 cnitn
1056 1632 1314 1699 virtutes,
1352 1635 1553 1704 inquit,
1588 1652 1710 1705 quae
1735 1646 2025 1704 vocantur,
2075 1638 2144 1693 ad
2195 1655 2319 1696 ver-

2422 1640 2847 1711 παριστάμεναι,
2880 1642 3041 1706 αὐτὸς
3066 1641 3397 1711 ἀπήγγειλε
3426 1640 3653 1711 Κύριος,
3689 1641 3784 1693 καὶ
3812 1640 3903 1692 διὰ
3922 1640 4021 1709 τὴν

731 1720 931 1776 borum
968 1723 1146 1794 ipsius
1189 1728 1651 1783 auscultationem
1707 1737 1950 1786 attentas
1996 1738 2051 1785 et
2095 1740 2315 1801 paratas

2419 1732 2642 1802 ἀγάπην
2700 1732 2800 1802 τὴν
2869 1734 3003 1801 πρὸς
3066 1734 3162 1799 σὲ,
3228 1732 3464 1801 φανερόν
3544 1748 3627 1784 σοι
3690 1733 4015 1800 πεποίηκεν.

731 1828 890 1879 esse;
925 1815 1091 1885 idque
1118 1816 1214 1871 tibi
1250 1826 1474 1889 prepter
1499 1834 1777 1875 summum
1812 1822 1933 1891 ejus
1964 1822 2020 1876 in
2066 1829 2121 1877 te
2155 1838 2312 1878 amo-

2423 1823 2629 1891 Ἥγουν
2667 1824 2809 1877 κατά
2835 1825 2925 1877 τὸν
2972 1824 3202 1878 ’Δκύλαν
3229 1824 3319 1877 καὶ
3344 1824 3663 1895 Σύμμαχον,
3701 1822 3762 1878 Ὀ
3788 1824 4021 1892 ἀξιαπη-

730 1922 845 1961 rem
874 1909 1051 1977 palam
1082 1910 1195 1965 lieri
1228 1913 1472 1969 voluisse
1501 1912 1644 1969 idem
1679 1916 2002 1969 renuntiavit
2023 1914 2309 1974 Dominus.
2341 1918 2385 1975 Β

2341 1918 2385 1975 Β
2417 1914 2518 1980 τὸς
2542 1914 2635 1967 τοῦ
2675 1914 2921 1982 Πατέρος
2955 1916 3047 1968 καὶ
3090 1916 3427 1987 Μονογενὴς,
3458 1916 3622 1979 αὐτὸς
3645 1914 4019 1985 ἀπήγγειλεν

729 1995 851 2064 Vel,
886 2011 945 2054 ut
970 2000 1185 2071 Aquilae
1223 2003 1402 2072 placet
1425 2012 1479 2059 et
1500 2004 1855 2076 Symmacho,
1878 2006 2115 2060 Dilectus
2138 2005 2320 2063 Patris

2426 2006 2755 2078 ἀνθρώποις.
2786 2004 2845 2069 ὂς
2876 2006 2970 2060 καὶ
3004 2006 3065 2059 τὸ
3096 2006 3327 2075 θέλημα
3354 2007 3460 2060 τοῦ
3478 2008 3740 2075 Πατέρος
3769 2008 4012 2075 ἐνεργή-

729 2100 785 2145 et
806 2089 1137 2163 Unigenitus
1169 2096 1284 2165 ipse
1315 2099 1634 2152 renuntiavit
1658 2098 2000 2166 hominibus,
2028 2103 2119 2173 qui
2148 2103 2315 2159 etiam

2422 2114 2538 2162 aet,
2566 2097 2635 2152 τὰ
2666 2098 3032 2169 προλεχθὲντα
3064 2100 3214 2153 κατὰ
3246 2098 3620 2166 Βαϐυλῶνος
3648 2099 3891 2164 ἐπάξων,
3926 2100 4017 2152 ὅτε

729 2184 1054 2239 voluntatem
1105 2184 1285 2244 Patris
1338 2189 1666 2258 operabitur,
1715 2190 1846 2247 dum
1883 2207 2004 2261 quae
2054 2194 2313 2263 pradicta

2421 2193 2515 2245 καὶ
2536 2191 2633 2263 τὴν
2662 2192 2980 2263 ἐλευθερίαν
3030 2192 3125 2245 καὶ
3170 2193 3269 2263 τὴν
3313 2191 3571 2245 ἐπάνοδον
3602 2193 3899 2262 ἐργάσεται
3922 2191 4016 2244 τοῦ

731 2286 883 2345 sunt,
939 2283 993 2333 in
1036 2280 1361 2352 Babylonem
1414 2284 1671 2349 inducet;
1718 2299 1829 2356 quo
1879 2287 2136 2342 nimirum
2174 2296 2310 2344 tem-

722 2364 864 2443 pore
890 2376 1150 2445 populum
1185 2378 1239 2430 in
1275 2377 1580 2432 libertatem
1610 2387 1884 2434 assertum
1916 2387 2075 2436 terra:
2120 2381 2309 2450 patriae

726 2467 1091 2523 rcstituturus
1121 2476 1225 2523 est.
1257 2466 1375 2522 Non
1407 2469 1609 2524 desunt
1637 2476 1818 2525 tamen
1841 2470 1935 2540 qui
1968 2470 2135 2525 verba
2163 2472 2304 2526 ista:

738 2557 948 2613 Vocabo
1013 2576 1143 2625 eos,
1206 2569 1255 2614 et
1294 2560 1513 2615 stabunt
1564 2561 1768 2625 simul,
1823 2561 1891 2616 de
1941 2560 2143 2617 lsraele
2201 2562 2308 2618 dici

727 2650 1110 2717 arbitrentur;
1168 2661 1428 2721 tanquam
1472 2667 1533 2708 se
1585 2652 1921 2720 perlibenter
1970 2654 2305 2724 congregatis

726 2742 842 2797 illis
878 2744 1194 2798 auditurmn
1225 2745 1587 2802 demonstret.
1621 2745 1782 2817 555
1824 2746 1955 2812 Quis
1990 2747 2133 2801 Deus
2167 2747 2309 2801 alius

725 2834 966 2889 futuram
999 2836 1128 2891 belli
1158 2838 1554 2901 calamitatem,
1584 2846 1748 2907 atque
1780 2839 1897 2908 ipse
1947 2853 2045 2908 per
2079 2838 2311 2909 pr0plie-

724 2934 812 2979 tas
846 2927 1062 2996 singula
1109 2928 1264 2997 prius
1307 2927 1567 2982 indicarit
1611 2945 1625 2981 :
1673 2928 1834 2997 cujus
1857 2935 1914 2983 et
1947 2926 2054 2999 ipsi
2101 2929 2311 2983 monita

728 3017 1036 3086 aspernati,
1080 3017 1317 3086 experiri
1352 3032 1519 3088 quam
1550 3017 1727 3073 vitare
1759 3017 1960 3073 damna
1989 3018 2308 3073 maluerint.

2418 2284 2571 2338 λαοῦ.
2601 2283 2757 2348 Τινὲς
2785 2284 2842 2337 δὲ
2871 2284 2950 2348 τὸ,
2986 2284 3235 2339 Καλέσω
3265 2284 3511 2350 αὐτοὺς,
3540 2285 3639 2338 καὶ
3680 2284 4017 2350 στήσονται

2415 2371 2555 2439 ἅμα,
2590 2372 2715 2440 περὶ
2738 2371 2847 2425 τῶν
2872 2370 2932 2435 ἐξ
2968 2372 3186 2443 Ἰσραὴλ
3208 2373 3459 2443 εἰρῆσθαί
3493 2391 3681 2441 φασιν.
3721 2374 3813 2437 Ὠς
3842 2374 4017 2443 ἡδέως

2417 2463 2485 2517 ἂν
2518 2464 2801 2535 ἐπυθόμην
2831 2465 3232 2534 συνηγμένων
3261 2464 3480 2531 αὐτῶν,
3516 2468 3606 2531 τίς
3645 2466 4016 2529 ἇλλοςαύτοῖς

2416 2555 2549 2619 Θεὸς
2574 2557 2674 2625 τὴν
2724 2558 2789 2609 ἐκ
2815 2556 2908 2610 τοῦ
2959 2555 3198 2627 πολέμου
3257 2558 3655 2628 προμεμήνυκε
3698 2560 4011 2627 συμφορὰν,

2414 2647 2490 2710 ὡς
2522 2646 2632 2714 ἐγὼ
2662 2646 2751 2701 διὰ
2780 2649 2888 2700 τῶν
2929 2647 3227 2719 προφητῶν
3270 2666 3370 2718 μου
3412 2649 3479 2702 τὰ
3510 2648 3651 2701 κατά
3700 2649 3865 2720 μέρος
3892 2650 4015 2718 ἐδή-

2412 2737 2591 2791 λωσα·
2643 2738 2739 2791 καὶ
2788 2737 2896 2791 τῶν
2944 2739 3093 2808 ἐμῶν
3134 2740 3651 2808 καταφρονήσαντες
3680 2740 3879 2807 λόγων,
3913 2729 4015 2809 την

2412 2831 2522 2882 τῶν
2548 2829 2733 2882 κακῶν
2756 2830 3076 2897 ἀνεμείνατε
3102 2832 3322 2902 πεῖραν.
3350 2830 3448 2894 Τίς
3475 2825 3569 2884 οὗν
3597 2831 3728 2900 ὑμῖν
3757 2834 3791 2902 ή
3826 2831 4012 2899 ὄνησις

2414 2922 2513 2991 τῆς
2546 2922 2612 2975 ἐκ
2653 2922 2925 2989 δαιμόνων
2960 2922 3223 2991 μαντείας
3253 2922 3409 2977 οὐδὲν
3453 2923 3875 2993 προεγνωκυίας
3903 2924 4012 2975 τῶν

2419 3013 2646 3084 ὕστερον
2671 3030 2685 3079 ;

724 3107 1001 3173 Quidnam
1057 3108 1225 3180 igitur
1270 3109 1380 3167 illis
1431 3110 1552 3180 ipsa
1610 3109 1920 3167 daemonum
1985 3110 2301 3165 vaticinatio
2339 3104 2721 3179 proluit,qua‘.
2768 3106 2908 3162 nihil
2931 3121 3147 3171 eorum,
3193 3123 3316 3179 quae
3385 3118 3577 3180 postea
3654 3108 4003 3173 acciderunt,

728 3203 1031 3272 praevidere
1059 3204 1275 3275 potuit?

798 3300 1002 3356 Volunt
1047 3302 1327 3369 nonnulli,
1361 3317 1479 3369 eos,
1521 3304 1615 3374 qui
1658 3303 1727 3359 de
1772 3302 2017 3373 gentium
2049 3314 2302 3366 numero,
2332 3302 2376 3362 C

2332 3302 2376 3362 α
2484 3293 2638 3357 Τινές
2662 3292 2719 3347 δέ
2750 3311 2902 3363 φασι,
2928 3296 3055 3358 τοὺς
3085 3295 3229 3366 μέγα
3270 3294 3607 3365 φρονοῦντας
3632 3295 3742 3347 τῶν
3772 3294 4008 3348 ἐθνικῶν

723 3406 985 3463 magnum
1016 3393 1147 3464 quid
1173 3401 1453 3464 saperent,
1509 3396 1730 3449 invitari
1776 3404 1837 3449 ut
1887 3394 2056 3449 velint
2088 3392 2305 3456 adesse,

724 3482 782 3537 in
813 3482 1169 3554 animumque
1218 3484 1504 3560 inducere,
1539 3485 1751 3540 nullum
1786 3481 1890 3540 sibi
1936 3499 2059 3555 qua:
2121 3484 2175 3537 in
2208 3497 2307 3552 po-

722 3579 936 3629 sterum
986 3581 1173 3629 essent
1222 3582 1509 3641 eventura,
1537 3575 1888 3645 praedixisse;
1943 3573 2040 3630 sed
2109 3589 2140 3627 a
2193 3572 2307 3628 Deo

724 3664 865 3720 dura
909 3673 966 3721 et
1011 3680 1205 3736 aspera
1250 3681 1376 3723 esse
1420 3667 1891 3737 prazsignilicata;
1927 3673 1986 3721 ut
2035 3666 2305 3722 sententia

724 3762 935 3811 mutata
961 3766 1356 3815 revocarentur
1393 3776 1408 3814 :
1442 3758 1679 3831 indeque
1704 3759 1841 3825 lleri,
1875 3759 2021 3829 quod
2065 3766 2211 3813 metu
2236 3757 2305 3812 ad

722 3849 1162 3919 rcsipiscentiam
1188 3866 1519 3921 provocans,
1546 3867 1671 3923 quae
1696 3862 1928 3907 ventura
1956 3859 2134 3906 essent
2164 3863 2305 3918 prae-

725 3939 948 3993 dixerit.
1004 3938 1209 3994 Deinde
1264 3941 1513 3996 ostendit
1564 3957 1756 3996 eorum
1811 3956 1871 3996 se
1917 3956 2026 3994 non
2088 3938 2306 4009 injuriee

723 4029 1131 4095 recordatione,
1162 4031 1259 4086 sed
1296 4032 1677 4088 benevolentia
1722 4033 1932 4103 potius,
1983 4032 2132 4103 quod
2170 4032 2304 4100 ipsis

724 4120 941 4175 libitum
998 4120 1214 4189 luisset,
1267 4124 1588 4193 perfecisse.
1638 4125 1774 4179 Cum
1825 4125 1971 4179 enim
2021 4122 2304 4178 Chaldaeos

722 4207 830 4263 sibi
890 4211 1167 4279 perpetuis
1228 4211 1643 4267 incursionibus
1701 4213 2049 4268 imminentes
2110 4228 2141 4265 a
2193 4212 2305 4267 Deo

721 4300 895 4355 deleri
951 4313 1248 4371 cuperent;
1311 4303 1364 4357 id
1405 4305 1584 4374 ipsum
1615 4313 1763 4360 certe
1803 4314 1857 4359 et
1889 4305 1978 4361 ille
2027 4306 2302 4376 praestitit,

725 4407 837 4447 non
882 4401 1146 4463 tanquam
1202 4394 1371 4464 justis
1432 4396 1663 4465 gratiam
1705 4395 2018 4459 relaturus,
2070 4394 2165 4449 scd
2206 4410 2304 4465 pro

723 4500 821 4537 sua
858 4485 1217 4556 benignitate,
1244 4502 1456 4556 suoque
1484 4502 1693 4549 amore,
1724 4487 2055 4542 beneﬁcium
2110 4488 2163 4541 in
2218 4488 2302 4541 in-

724 4583 911 4638 gratos
965 4576 1132 4630 etiam
1183 4584 1236 4630 et
1295 4586 1614 4646 peccatores
1671 4576 2066 4632 collocaturus.
2116 4577 2295 4646 Atque

2411 3390 2671 3460 παρεῖναι
2725 3390 3121 3459 προτρέπεται,
3168 3391 3263 3444 καὶ
3295 3391 3434 3462 πρὸς
3464 3390 3590 3443 νοῦν
3617 3390 3892 3456 ἐκλαϐεῖν,
3933 3392 4009 3453 ὡς

2409 3479 2585 3542 οὐδεὶς
2615 3479 2800 3541 αὐτοῖς
2848 3478 2916 3531 τὰ
2961 3480 3101 3549 μετὰ
3142 3482 3369 3551 χρόνους
3406 3482 3645 3551 ἐσόμενα
3675 3479 4008 3550 προύλεγεν.

2409 3571 2583 3634 Λύτὸς
2606 3570 2663 3624 δὲ
2690 3566 2759 3640 ἦν
2787 3572 2815 3624 ὀ
2842 3570 2973 3635 Θεὸς
3006 3572 3034 3623 ό
3068 3573 3161 3625 καὶ
3190 3573 3473 3643 προλέγων
3509 3572 3578 3626 τὰ
3619 3573 3879 3643 δυσχερῆ.
3917 3574 4011 3625 καὶ

2414 3659 2855 3731 μετατιθεμένων
2906 3660 3364 3731 ἀνακαλούμενος.
3412 3663 3505 3716 Διὸ
3559 3665 3654 3716 καὶ
3699 3663 4009 3735 προῦλεγεν

2411 3750 2759 3822 ἐπιστρέφων
2789 3750 2866 3822 τῷ
2896 3752 3067 3822 φόϐῳ.
3094 3748 3229 3805 Εἶτα
3257 3752 3555 3819 δείκνυσιν,
3604 3754 3680 3817 ὡς
3708 3755 3770 3808 οὐ
3808 3773 3997 3824 μνησιε

2410 3841 2599 3895 κακῶν
2631 3841 2837 3905 αὐτοῖς,
2882 3842 3114 3910 ἀγαπῶν
3159 3842 3217 3895 δέ
3264 3842 3582 3897 τούναντίον
3612 3844 3757 3917 ἆπερ
3790 3845 4005 3915 ήθελον,

2410 3932 2635 4003 ἔπραξε.
2667 3933 2807 3995 Τοὺς
2838 3932 2946 4003 γὰρ
2974 3933 3315 4000 Χαλδαίους
3360 3934 3641 3998 θλίϐοντάς
3667 3952 3728 3988 τε
3762 3938 3857 3988 καὶ
3888 3938 4010 3988 ἐπιο

2408 4025 2725 4093 τιθεμένους
2756 4024 2960 4087 αὐτοῖς,
3017 4025 3107 4076 τὸν
3147 4025 3280 4077 Θεὸν
3322 4025 3614 4094 ἠϐούλοντο
3667 4027 4006 4097 διαφθεῖραι,

2408 4117 2437 4169 ὃ
2463 4117 2528 4188 δὴ
2564 4118 2657 4171 καὶ
2693 4116 3019 4187 πεποίηκεν,
3069 4118 3172 4170 ούκ
3219 4118 3606 4183 ἀνταποδιδοὺς
3645 4119 3722 4183 ὡς
3751 4120 4005 4183 δικαίοις,

2407 4209 2475 4261 δι’
2501 4208 2814 4277 ἀγαθότητα
2842 4207 2899 4261 δὲ
2926 4208 3316 4278 χαρισάμενος,
3349 4209 3554 4279 καίπερ
3612 4209 4011 4280 ἡμαρτηκότας

2409 4300 2661 4369 ἀγαπῶν.
2696 4299 2787 4352 Διὸ
2833 4299 2932 4353 καὶ
2963 4298 3094 4370 πρὶν
3141 4299 3336 4353 παθεῖν
3366 4300 3532 4368 ὑμᾶς,
3562 4302 3825 4369 προεῖπον
3860 4300 4010 4351 ἐκεί-

2410 4408 2515 4445 νων
2540 4390 2636 4462 τὴν
2664 4390 2869 4461 ἔφοδον,
2898 4392 2985 4444 ἴνα
3021 4392 3454 4461 μετανοήσαντες
3484 4390 3769 4459 ἄπρακτον
3797 4390 4009 4458 ταύτην

2410 4484 2699 4552 ποιήσητε.
2762 4481 2870 4544 Οὓς
2921 4490 2941 4517 ³
3003 4481 3076 4552 μὴ
3134 4481 3496 4551 πειθομένων,
3552 4480 3815 4534 εύώδωσα
3882 4481 4008 4533 καθ’

2410 4574 2585 4644 ὑμῶν,
2614 4572 2883 4626 παιδεύων
2909 4574 3052 4641 ὑμᾶς
3077 4572 3427 4642 ἀμετανόητα
3470 4571 4004 4642 πλημμελήσαντας.

724 4665 855 4719 Ιιὶηο
888 4675 992 4731 est,
1028 4665 1226 4736 inquit,
1255 4667 1402 4736 quod
1454 4669 1778 4737 priusquam
1813 4682 1909 4722 vos
1940 4668 2047 4738 pati
2077 4669 2295 4722 contin-
2330 4666 2372 4720 D
2401 4667 2407 4683 '

2330 4666 2372 4720 Ι)
2401 4666 2557 4728 Τινὲς
2590 4665 2645 4717 δὲ
2680 4664 2771 4717 τὸν
2800 4664 2979 4735 Κῦρον
3013 4664 3323 4717 εύωδῶσθαι
3350 4664 3493 4716 κατά
3514 4663 3831 4717 Χαλδαίων
3854 4665 4008 4734 εἰρή-

725 4764 895 4823 geret,
930 4770 1121 4808 eorum
1147 4760 1199 4809 in
1226 4771 1323 4809 vos
1354 4757 1760 4826 expeditionem
1795 4757 2052 4827 prmdixi;
2090 4770 2149 4811 ut
2172 4773 2296 4812 eum

723 4845 1095 4915 pmnituisset,
1134 4847 1268 4900 nilnil
1331 4847 1385 4901 in
1444 4862 1543 4901 vos
1586 4849 1675 4901 illa
1720 4849 2020 4919 quidquam
2071 4849 2295 4905 valeret.

726 4938 858 5004 Quae
891 4953 1015 4993 cum
1042 4939 1338 5008 impetrare
1364 4956 1471 4993 non
1505 4940 1828 5009 potuissem,
1863 4941 2154 4996 adversum
2199 4957 2298 4997 vos

720 5032 849 5085 ideo
875 5030 1336 5102 progrediendum
1373 5032 1587 5093 censui,
1621 5042 1679 5087 ut
1706 5032 1758 5086 in
1811 5047 1907 5087 eos
1957 5032 2301 5088 animadver-

721 5131 916 5186 terem,
937 5123 1027 5191 qui
1056 5123 1203 5176 nulla
1229 5131 1587 5193 peccatorum
1614 5124 1954 5193 pmnitndine
1976 5132 2295 5194 tanguntur.

724 5213 866 5266 Sunt
898 5229 1027 5268 vero
1053 5216 1145 5283 qui
1176 5214 1379 5285 Cyrum
1413 5216 1682 5269 adversus
1712 5214 1994 5270 Cltaldwos
2040 5214 2299 5272 llelmeo-

721 5319 844 5358 rum
875 5305 1118 5369 nomine,
1163 5308 1219 5360 in
1241 5322 1377 5375 quos
1408 5306 1483 5359 illi
1517 5305 1774 5360 saeviores
1806 5307 2156 5371 exsisterent,
2182 5306 2303 5361 feli-

723 5395 861 5451 citer
896 5411 1047 5450 arma
1076 5398 1314 5453 movisse
1342 5397 1701 5453 arbitrentur.
1739 5399 1845 5454 Ista
1874 5401 2065 5470 igitur,
2095 5401 2296 5470 inquit,

724 5501 825 5542 suo
879 5496 1127 5559 tempore
1183 5506 1303 5545 sum
1357 5490 1616 5561 deinceps
1673 5493 2039 5562 prmstiturus.
2089 5494 2197 5548 Vos
2236 5510 2299 5549 ea

793 5664 843 5698 *δ
880 5662 963 5720 [sa
1010 5679 1057 5732 I,
1086 5666 1140 5719 2.

2402 4775 2529 4810 κατι
2557 4757 2730 4825 φειδοῖ
2773 4756 2880 4810 τῶν
2927 4757 3217 4827 Ἐϐραίων,
3264 4755 3387 4808 καθ’
3418 4750 3492 4809 ὧν
3530 4755 3881 4821 ἐπεδείξαντο
3910 4756 4007 4826 τὴν

2401 4847 2681 4917 ὡμότητα.
2720 4845 2905 4899 Ταῦτα
2957 4846 3056 4915 μὲν
3101 4840 3197 4898 οὖν
3247 4844 3392 4898 κατά
3432 4844 3626 4915 καιρὸν
3667 4845 3885 4913 ποιήσω
3916 4845 4009 4897 τὸν

2406 4941 2690 5011 μέλλοντα.
2738 4940 2929 5007 Ὑμεῖς
2982 4940 3038 4991 δὲ
3086 4938 3259 4991 ταῦτα
3317 4938 3703 5008 μεμαθηκότες
3754 4940 3869 4990 οὐκ
3932 4939 4003 4991 ὲν

2402 5032 2601 5101 κρυφῇ
2653 5031 2981 5099 λαλούμενα,
3052 5034 3150 5085 σὺν
3203 5032 3371 5101 πολλῇ
3424 5032 3481 5084 δὲ
3541 5033 3607 5100 τῇ
3676 5031 3999 5100 παρρησίᾳ,

2401 5126 2566 5195 ἥκετε
2599 5126 2749 5193 πρός
2793 5142 2869 5194 με
2910 5124 3235 5188 σπεύδοντες
3262 5140 3276 5154 ⁸
3305 5124 3399 5177 καὶ
3460 5124 3569 5194 γὰρ
3616 5124 3704 5176 ὅτε
3753 5123 3933 5176 ταῦτα
3976 5124 4004 5176 ὁ

2403 5217 2590 5287 Πατὴρ
2620 5216 2938 5270 ἐϐουλεύετο
2967 5217 3099 5281 παρ’
3133 5216 3283 5287 αύτῷ
3315 5218 3447 5286 ημῖν
3483 5217 3524 5269 ί.
3551 5216 3661 5268 Καὶ
3694 5215 3790 5267 νῦν
3817 5216 3876 5268 δὲ
3908 5214 4005 5267 αύ-

2403 5309 2493 5373 τὸς
2523 5310 2550 5360 ό
2582 5308 2792 5379 Πατὴρ,
2816 5309 2907 5362 καὶ
2944 5310 3007 5362 τὸ
3041 5308 3284 5378 Πνεῦμα
3316 5308 3416 5377 τῆς
3467 5307 3782 5378 ἁγιωσύνης
3813 5306 4003 5362 αὐτοῦ

2408 5401 2939 5472 πρὸς-κατόρθωσίν
2986 5418 3052 5471 με
3101 5401 3211 5453 τῶν
3266 5400 3359 5453 ὑπ’
3410 5398 3577 5453 αὑτοῦ
3622 5399 4003 5469 διωρισμένων

2411 5495 2787 5552 ἀπέστειλεν.
2826 5496 2946 5560 Πῶς
2977 5495 3033 5548 δέ
3072 5497 3182 5550 οὐκ
3227 5495 3294 5548 ἐν
3329 5492 3529 5563 κρυφῇ
3560 5494 3997 5565 προαπήγγειλε,

2006 5761 2240 5821 VARle
2300 5766 2709 5825 LECTIONES.

802 5864 944 5927 'w-
985 5859 1156 5928 ὑμεῖς.
1241 5846 1504 5925 επνοῶν·
1590 5853 1843 5929 ’γροῆνο
