4262 6434
1445 438 1980 499 COMMENTARII
2014 440 2096 498 IN
2159 440 2444 499 ISAlAM.

1897 439 1980 497 {II
2014 440 2096 498 IN
2159 440 2444 499 lSAlAM.
3437 443 3580 508 2458

302 556 394 611 διὰ
447 557 557 609 τῶν
605 554 899 627 προφητῶν
947 554 1116 607 εἰπὼν
1164 554 1448 625 ἐναργῶς*
1482 573 1501 604 ι
1555 554 1713 607 Οῦτω
1745 555 1896 623 λέγει
1929 562 1967 616 Α

1929 562 1967 616 Α
2000 556 2201 619 θύοι-εἰ,
2248 573 2347 609 non
2379 556 2538 620 rlam,
2589 558 2681 611 sed
2716 557 2892 628 palam
2935 565 2988 611 et
3021 558 3356 615 conﬁdenter
3398 562 3467 615 ad
3504 579 3583 617 me

302 648 507 716 Κύριος
555 646 634 717 τῷ
659 646 867 717 χριστῷ
909 662 1012 715 μου
1040 645 1230 715 Κύρῳ,
1272 639 1333 697 οὗ
1366 644 1646 713 ἐκράτησα
1675 645 1773 713 τῆς
1802 644 1891 695 δε-

1992 642 2273 700 festinate.
2314 646 2424 716 Ego
2452 647 2600 700 enim
2635 663 2757 702 eum
2798 650 2958 703 Patre
2993 658 3123 704 tunc
3159 651 3408 714 aderam,
3457 669 3581 708 cum

306 739 446 803 ειᾶς.
480 757 498 789 s
534 739 629 792 καὶ
677 738 747 791 τὰ
797 736 923 808 ἑξῆς
953 753 965 765 ·
999 737 1109 792 Καὶ
1153 737 1252 789 οὐκ
1299 734 1464 788 αὐτοῦ
1498 730 1565 804 ἦν
1597 733 1755 805 ἔργον
1793 734 1893 803 τῆς

1997 734 2064 787 de
2097 735 2255 789 rebus
2287 736 2408 789 istis
2440 737 2735 789 consilium
2787 741 3037 809 agitaret.
3066 738 3185 793 Jam
3238 756 3370 796 vero
3415 750 3467 796 et
3496 758 3580 798 me

302 831 627 894 Βαὸυλῶνος
666 832 699 901 ή
744 830 990 901 αἵρεσις,
1035 828 1170 883 ἀλλὰ
1207 830 1306 897 τῆς
1358 828 1498 896 ἐμῆς
1533 825 1894 895 ἀντιλήψεως.

2000 822 2163 879 Pater
2213 825 2353 893 ipse.
2400 832 2454 878 et
2500 826 2811 881 sanctitatis
2846 828 3081 897 ejusdem
3114 828 3367 897 Spiritus,
3402 832 3467 885 ad
3498 847 3583 899 ea,

302 922 527 985 Μεταξὺ
566 921 645 985 δέ,
681 921 866 990 φασὶν,
893 922 1016 974 ἐστὶ
1074 919 1169 973 τοῦ
1208 918 1394 988 Κύρου
1440 917 1614 987 φωνὴ,
1656 914 1742 982 τὸ,
1776 915 1897 969 Κύ-

2006 928 2127 984 τιιιιε
2157 914 2225 968 ab
2256 916 2377 983 ipso
2423 914 2640 970 decreta
2670 924 2820 980 sunt.
2878 922 3225 988 exsequenda
3265 923 3581 978 mittendum

296 1029 432 1081 ριος
455 1013 805 1067 ἀπέσταλκε
839 1029 916 1081 με
955 1010 1052 1065 καὶ
1087 1010 1155 1065 τὸ
1177 1009 1419 1079 Πνεῦμα
1445 1006 1655 1062 αὐτοῦ.

2004 1005 2242 1060 censuit.
2270 1005 2371 1069 Qui
2404 1006 2601 1059 deinde
2626 1022 2727 1060 non
2755 1007 2895 1061 clam
2924 1008 3081 1078 longe
3111 1023 3235 1067 ante
3262 1013 3582 1082 praedixisse

304 1120 420 1157 non
474 1104 807 1174 reperiatur,
851 1103 945 1175 qui
988 1118 1087 1175 per
1132 1102 1429 1173 prophetas
1481 1102 1556 1153 ita
1609 1108 1796 1168 aperte
1840 1097 2101 1164 loquatur
2155 1113 2216 1149 τι
2264 1095 2356 1151 Sic
2405 1096 2543 1152 dicit
2599 1096 2868 1154 Dominus
2951 1102 3162 1155 christo
3214 1118 3337 1159 meo
3412 1105 3580 1176 Cyro,

304 1194 469 1263 cujus
522 1195 860 1264 apprehendi
914 1210 1137 1248 manum
1183 1194 1460 1247 dexteram
1505 1190 1575 1255 ",
1620 1208 1638 1241 ι
1672 1195 1728 1244 et
1770 1201 1895 1258 quae
1934 1188 2166 1259 postea?
2216 1186 2437 1254 Adbzec,
2487 1204 2597 1244 non
2662 1189 2784 1261 ejus
2845 1208 3032 1262 opera,
3066 1193 3160 1248 sed
3200 1210 3321 1250 meo
3371 1197 3579 1252 auxilio

302 1292 464 1352 capta
492 1293 918 1352 expugnataque
948 1291 1031 1337 est
1062 1281 1327 1352 Babylon.
1390 1280 1659 1349 Deinceps
1739 1284 1947 1343 autem,
2005 1277 2179 1344 aiunt,
2214 1276 2343 1348 Cyri
2377 1293 2478 1332 vox
2508 1287 2593 1335 est
2618 1279 2745 1343 ista,
2774 1295 2896 1349 quae
2925 1280 3088 1354 546
3122 1285 3370 1355 sequitur
3412 1302 3424 1337 :
3470 1286 3577 1340 Do-

303 1379 483 1431 minus
518 1381 663 1433 misit
690 1396 791 1442 me,
823 1390 872 1433 et
911 1378 1145 1445 Spiritus
1172 1376 1305 1446 ejus.
2290 1398 2309 1401 “
2959 1448 2961 1451 τ

376 1476 451 1527 To
481 1474 560 1535 δὲ,
594 1471 693 1525 καὶ
722 1472 858 1537 νῦν,
893 1470 1043 1541 δηλοῖ
1067 1470 1142 1532 ὡς
1175 1471 1223 1521 εἰ
1251 1469 1344 1522 καὶ
1376 1469 1450 1538 μή
1474 1485 1526 1521 τι
1548 1467 1658 1521 τῶν
1685 1466 1891 1539 συμϐε-

2069 1464 2276 1520 Deinde
2324 1465 2470 1536 quod
2530 1475 2578 1519 ct
2627 1482 2768 1519 nunc
2825 1465 3107 1533 habetur,
3161 1466 3379 1523 etiamsi
3442 1468 3578 1523 nihil

303 1565 555 1635 δηκότων
595 1562 1024 1634 προαπηγγέλθη
1075 1563 1227 1631 παρὰ
1266 1561 1425 1622 Θεοῦ,
1475 1560 1589 1613 ἀλλ’
1637 1561 1746 1613 ἰδοῦ
1797 1558 1892 1611 νῦν

1890 1576 1892 1595 ι
1995 1571 2210 1623 eorum,
2268 1572 2389 1625 qua:
2443 1558 2786 1623 acciderunt,
2847 1573 2875 1610 a
2928 1558 3038 1613 Deo
3093 1567 3220 1612 ante
3257 1558 3573 1628 praedictum

302 1658 401 1709 καὶ
429 1655 611 1726 Κῦρος
636 1654 799 1717 αὐτὸς
821 1655 1191 1725 ὡμολόγηκεν,
1210 1652 1316 1704 ὑπὸ
1345 1651 1481 1704 Θεοῦ
1511 1648 1889 1722 συνηργῆσθαι

1994 1654 2161 1709 esset,
2202 1660 2331 1701 ecce
2363 1656 2544 1702 tamen
2590 1648 2757 1703 etiam
2802 1664 2947 1703 nunc
2989 1650 3190 1719 Cyrum
3225 1649 3577 1719 praepotentis

302 441 443 505 2457

302 1751 417 1802 τῶν
450 1749 609 1803 ὅλων.
661 1748 849 1802 Ταῦτα
892 1747 1001 1816 γὰρ
1045 1746 1299 1816 εἰρῆσθαι
1345 1743 1471 1815 περὶ
1526 1743 1692 1797 αὑτοῦ
1732 1742 1889 1813 παρὰ

1993 1736 2090 1792 Dei
2134 1738 2343 1793 auxilio
2388 1737 2640 1794 confecta
2703 1752 2827 1794 esse
2880 1740 3122 1809 proliteri
3154 1747 3409 1795 testatur.
3441 1740 3576 1794 Cum

300 1842 413 1896 τῶν
444 1841 809 1911 αἰχμαλώτων
866 1838 1077 1910 μαθὼν,
1131 1835 1400 1906 ἀναγνούς
1440 1853 1498 1889 τε
1535 1836 1636 1907 τὴν
1674 1852 1888 1907 προφη-

1990 1828 2137 1882 enim
2170 1827 2273 1882 ista
2302 1826 2370 1883 de
2401 1844 2461 1884 se
2490 1843 2518 1883 a
2550 1829 2784 1900 captivis
2814 1830 3103 1885 didiciscet
3128 1831 3406 1901 usurpari,
3448 1847 3580 1900 pro-

300 1934 476 1998 τείαν,
515 1933 806 2004 γράμματι
852 1930 1050 2001 χρῆται
1088 1928 1353 2000 βασιλικῷ
1374 1930 1431 1981 ἐν
1463 1928 1670 1999 Ἐσδρᾳ
1708 1928 1895 1997 κειμέ-
1926 1934 1970 1990 Β

1894 1934 1970 1990 Β
1999 1918 2355 1989 phetiamque
2396 1920 2637 1989 legisset,
2699 1922 2960 1977 mandato
3025 1924 3197 1992 regio,
3247 1921 3392 1993 quod
3433 1921 3577 1991 apud

300 2043 397 2095 νῳ,
451 2026 545 2078 καὶ
579 2024 813 2090 λέγοντι·
855 2022 1036 2074 «Τάδε
1094 2020 1243 2087 λέγει
1285 2020 1313 2071 ό
1363 2018 1617 2089 βασιλεὺς
1668 2016 1894 2088 Περσῶν

300 2118 526 2187 Κῦροςο
574 2116 705 2185 Ἐμὲ
761 2114 1003 2180 ἀνέδειξε
1045 2111 1269 2182 βασιλέα
1334 2112 1432 2180 τῆς
1495 2111 1815 2179 οἰκουμένης
1865 2111 1894 2162 ό

297 2210 508 2280 Κύριος
570 2205 666 2260 τοῦ
722 2205 942 2276 Ἰσραὴλ
968 2203 1214 2272 ὕψιστος,
1248 2221 1266 2254 ι
1317 2201 1412 2255 καὶ
1450 2201 1517 2254 τὰ
1557 2200 1704 2268 ἐξῆς.
1734 2198 1891 2261 Τινὲς

294 2300 353 2353 δὲ
384 2300 464 2365 τὸ,
508 2300 727 2367 Κύριος
766 2293 1118 2351 ἀπέσταλκε
1139 2310 1235 2363 με,
1280 2291 1468 2345 καὶτὸ
1506 2290 1747 2358 Πνεῦμα
1780 2290 1890 2342 αὐ-

293 2392 427 2456 τοῦ,
456 2390 565 2443 ἀπὸ
601 2389 895 2460 προσώπου
936 2385 1030 2440 τοῦ
1055 2386 1335 2455 προφήτου
1392 2382 1644 2452 λελέχθαι
1699 2382 1886 2450 φασὶν,

293 2482 534 2537 Ὀτικαὶ
582 2480 774 2551 πρώην
817 2480 945 2549 ὑμῖν
978 2478 1078 2531 οὐκ
1119 2477 1179 2528 ἐν
1241 2474 1415 2545 γωνίᾳ
1457 2474 1764 2541 λελάληκα,
1796 2471 1890 2525 καὶ

290 2574 391 2627 νῦν
419 2573 574 2626 οὐδὲν
606 2567 773 2644 ἦττον
810 2572 875 2622 ἐκ
907 2567 1043 2621 Θεοῦ
1077 2566 1352 2637 πεμφθεὶς
1378 2566 1499 2635 ήκω
1524 2563 1660 2633 πρὸς
1692 2563 1890 2633 ὑμετέ-

292 2678 397 2737 ραν
426 2665 718 2733 ὠφέλειαν,
746 2680 811 2715 πε
824 2663 874 2731 pi.
909 2661 1017 2713 τῶν
1041 2659 1222 2713 αὐτῶν
1246 2656 1506 2719 πολλάκις
1530 2655 1726 2721 λαλῶν,
1750 2653 1887 2708 Θεοῦ

293 2760 395 2827 μὲν
426 2756 791 2825 πέμποντος,
825 2751 1162 2821 ὑπηχοῦντος
1208 2749 1264 2800 δὲ
1295 2747 1391 2800 τοῦ
1421 2748 1765 2813 Πνεύματος
1793 2744 1888 2798 τοῦ

289 2852 472 2920 ἁγίου.
510 2851 729 2902 Ἀκουε
772 2839 1039 2907 τοίνυν,ὦ
1090 2841 1361 2909 Ἰσραὴλ,
1401 2840 1436 2893 ἃ
1491 2856 1550 2890 σε
1592 2837 1829 2891 διδάσκει
1856 2839 1890 2891 ό

291 2941 637 3011 ρυσὰμενός
678 2955 755 2993 σε
807 2938 1043 3005 Κύριος.
1083 2934 1347 3004 Μέμνησο
1393 2932 1499 2985 τοῦ
1553 2930 1701 2984 Θεοῦ
1748 2944 1886 2983 σου.

291 3035 483 3088 Ταῦτα
530 3034 640 3103 γάρ
670 3029 753 3084 σοί
801 3046 946 3099 φημι
1001 3026 1145 3096 ὑπὲρ
1174 3025 1269 3078 τοῦ
1315 3023 1514 3093 εὑρεῖν
1540 3022 1684 3076 ὀδόν
1711 3039 1884 3092 σωτη-

295 3126 440 3198 ρίας,
468 3125 525 3187 ὃς
554 3124 602 3176 si
639 3122 736 3175 καὶ
765 3121 863 3191 τὴν
906 3116 1080 3189 ἀρχὴν
1115 3114 1400 3185 ἐπείσθης,
1424 3114 1716 3183 ἀπείρατος
1742 3107 1888 3182 ἦσθα

293 3215 503 3268 κακῶν.
549 3211 851 3282 Ἐπλήθυες
875 3210 919 3262 δ’
950 3209 1016 3261 ἂν
1041 3208 1112 3261 ἐν
1131 3205 1340 3274 εἰρήνῃ
1385 3204 1484 3258 καὶ
1530 3202 1886 3269 δικαιοσύνῃ

2002 2009 2233 2065 Esdram
2268 2011 2485 2081 legitur,
2512 2014 2774 2068 utendum
2803 2019 3041 2080 censuit,
3072 2016 3125 2069 in
3154 2016 3297 2069 hunc
3320 2016 3574 2070 modum:

2006 2121 2025 2155 σ
2062 2101 2189 2157 Ηαξο
2223 2103 2358 2159 dicit
2383 2103 2676 2161 Persarum
2710 2122 2802 2162 rex
2834 2106 3043 2176 Cyrus:
3080 2106 3162 2161 Me
3208 2122 3389 2177 regem
3425 2107 3579 2162 orbis

2001 2194 2239 2248 universi
2268 2196 2600 2250 renuntiavit
2626 2196 2768 2252 Deus
2798 2197 3340 2265 lsraelexcelsus“,i
3371 2209 3426 2253 et
3453 2214 3578 2269 qua:

1998 2285 2279 2354 deinceps.
2313 2286 2573 2341 Nonnulli
2605 2287 2768 2342 verba
2796 2288 2900 2342 ista
2941 2307 2952 2341 :
2996 2289 3255 2341 Dominus
3296 2290 3437 2342 misit
3473 2306 3571 2353 me,

1996 2388 2044 2433 et
2068 2378 2303 2447 Spiritus
2335 2379 2471 2447 ejus,
2512 2381 2564 2433 in
2594 2383 2870 2450 prophetae
2899 2394 3130 2451 persona
3162 2380 3269 2435 tlici
3300 2381 3576 2435 arbitran-

1997 2479 2126 2536 tur;
2165 2478 2424 2540 tanquam
2465 2487 2523 2527 se
2558 2472 2715 2541 prius
2746 2472 2883 2527 nihil
2912 2472 3024 2527 illis
3051 2472 3105 2526 in
3140 2472 3341 2542 angulo
3364 2471 3575 2527 dixisse

1997 2560 2301 2629 significet:
2335 2578 2482 2616 nunc
2514 2571 2695 2618 autem
2721 2579 2779 2617 se
2805 2578 2834 2617 a
2858 2562 2968 2619 Deo
3000 2564 3230 2619 missum
3256 2563 3321 2617 ad
3354 2580 3575 2619 eorum-

1996 2653 2121 2709 dem
2159 2655 2449 2710 utilitatem
2499 2656 2784 2720 accedere,
2838 2659 3013 2726 deque
3075 2657 3270 2711 iisdem
3328 2671 3573 2726 persaepe

1996 2743 2109 2799 Deo
2156 2746 2374 2815 quidem
2410 2747 2533 2816 ipso
2564 2747 2820 2812 mittente,
2856 2748 2949 2801 sed
2989 2747 3194 2815 Spiritu
3220 2756 3413 2803 sancto
3442 2762 3570 2801 suc-

1996 2836 2213 2892 cinente
2258 2847 2313 2892 et
2370 2837 2992 2908 sull'ragante,locutum
3048 2857 3192 2896 esse.
3245 2842 3386 2894 Audi
3418 2858 3571 2911 ergo,

1994 2925 2195 2995 inquit,
2232 2926 2426 2994 Israel,
2477 2945 2598 2999 qua:
2648 2938 2700 2986 te
2738 2932 2828 2986 ille
2877 2934 3037 2987 docet
3066 2933 3348 2999 Dominus,
3400 2934 3489 3003 qui
3524 2944 3573 2987 lc

1995 3017 2257 3072 liberavit.
2307 3019 2622 3078 Memineris
2662 3022 2753 3078 Dei
2808 3026 2907 3076 tui.
2970 3024 3093 3079 "(eo
3147 3027 3291 3079 enim
3354 3027 3452 3079 tibi
3506 3028 3574 3081 de

1995 3110 2304 3165 invenienda
2349 3113 2545 3169 salutis
2592 3115 2676 3168 via
2732 3124 2942 3185 repeto,
3003 3117 3205 3186 quibus
3250 3117 3294 3172 si
3331 3119 3571 3183 primum

1996 3204 2299 3269 paruisses,
2328 3205 2595 3259 malorum
2625 3221 2823 3276 expers
2849 3249 2862 3273 ,
2896 3209 3050 3277 inque
3081 3225 3210 3277 pace
3258 3219 3305 3262 et
3329 3208 3569 3278 justitia,

290 3303 400 3357 τῶν
446 3301 700 3355 ἐντεῦθεν
753 3297 938 3352 καλῶν
988 3294 1337 3363 ποταμηδόν
1383 3310 1468 3345 σοι
1507 3291 1743 3362 ῥεόντων
1793 3285 1956 3344 καὶϐ

1913 3285 1956 3343 C
1991 3297 2150 3353 bonis
2199 3298 2295 3352 tibi
2332 3300 2459 3353 aliis
2506 3307 2673 3369 atque
2704 3301 2824 3354 aliis
2855 3301 3139 3368 ﬂuviorum
3192 3304 3395 3368 instar,
3448 3313 3573 3355 tan-

291 3391 470 3445 ἇλλων
509 3389 597 3442 ἐπ’
627 3388 828 3451 ἄλλοις,
870 3386 951 3450 ὠς
989 3383 1270 3453 κυμάτων
1293 3384 1613 3448 θαλάττης.
1662 3381 1887 3448 Ἤγουν,

289 3482 773 3549 ἀνανταγώνιστον
824 3474 971 3548 εἶχες
1002 3475 1254 3545 δύναμιν,
1287 3472 1361 3536 ὼς
1392 3473 1648 3541 ποταμοί
1698 3488 1757 3525 τε
1795 3473 1889 3525 καὶ

290 3575 605 3631 θάλατται.
622 3568 732 3624 Ἧν
758 3571 801 3624 δ’
824 3570 889 3624 ἄν
925 3585 1015 3620 σου
1040 3567 1134 3621 καὶ
1160 3565 1226 3619 τὸ
1252 3567 1509 3633 σπέρμα,
1543 3564 1731 3634 φησὶν,
1760 3565 1891 3617 ἁνα-

294 3666 587 3739 ρίθμητον,
622 3662 903 3733 πολεμίων
937 3660 1149 3729 ἐφόδοις
1175 3658 1236 3711 οὗ
1264 3657 1676 3728 δαπανώμενον.
1712 3658 1785 3711 Τὸ
1831 3658 1887 3711 δὲ

290 3758 443 3825 χοῦς
478 3754 587 3822 τῆς
642 3752 777 3824 γῆς,
836 3751 1078 3821 κέγχροι
1129 3748 1243 3818 τῆς
1291 3747 1564 3814 ἐξέδωκαν
1595 3748 1645 3800 οἱ
1684 3748 1883 3801 λοιποί.

288 3846 595 3918 Σωματικὰ
626 3846 683 3899 δὲ
723 3844 944 3913 λέγεται
992 3841 1128 3910 πρὸς
1178 3839 1544 3909 σωματικούς.
1594 3838 1784 3903 Ἀξίως
1828 3839 1887 3893 δὲ

292 3942 445 3997 Θεοῦ
494 3943 669 3993 νοοῖτο
718 3937 957 4005 σπέρμα
996 3933 1250 4004 Ἱσραὴλ¹,
1299 3934 1427 4002 περὶ
1456 3925 1517 3983 οὗ
1564 3932 1626 3984 τι)
1668 3931 1831 4002 ῥηθέν
1869 3948 1884 3963 ο

297 4053 317 4083 ι
344 4032 409 4086 Εἰ
446 4033 520 4102 μὴ
555 4029 762 4098 Κύριος
810 4024 1038 4079 Σαῦαὼθ
1073 4023 1431 4092 ἐγκατέλιπεν
1472 4023 1603 4092 ἡμῖν
1642 4022 1884 4092 σπέρμα,

287 4126 367 4188 ὡς
440 4123 652 4192 Σόδομα
702 4120 768 4173 ἂν
816 4118 1198 4187 ἐγενήθημεν,
1241 4134 1257 4167 ι
1310 4115 1597 4184 δηλοῦντος
1651 4116 1780 4177 τοὺς
1828 4113 1887 4179 ἐξ

301 4214 578 4269 Ἰουδαίων
637 4210 1061 4270 πιστεύσαντας.
1110 4206 1355 4277 Πατέρες
1408 4205 1518 4274 γὰρ
1562 4204 1668 4257 τῶν
1709 4205 1886 4258 ἄλλων

287 4309 542 4377 ἐγένοντο
585 4305 713 4367 τοὺς
765 4301 1092 4373 προσιόντας
1142 4296 1611 4365 ἀναγεννήσαντες
1641 4336 1656 4359 ,
1699 4296 1748 4349 οἳ
1783 4298 1885 4349 οὐκ

289 4399 351 4465 ἐξ
390 4395 683 4467 αἱμάτων,
738 4391 854 4446 ἀλλ’
900 4393 963 4444 ἐκ
1016 4387 1153 4441 Θεοῦ
1205 4386 1593 4456 ἐγεννήθησαν.
1645 4384 1885 4454 Εῦλογον

288 4484 386 4545 οὖν
458 4487 807 4558 ἀλληγορεῖν.
874 4477 1213 4551 Σωματικῶς
1273 4477 1383 4547 γὰρ
1462 4476 1708 4530 Ἰουδαῖοι
1788 4479 1883 4531 καὶ

287 4580 726 4652 παραϐαίνοντες
779 4575 879 4637 τὰς
938 4572 1155 4634 ἐντολὰς
1194 4568 1644 4640 ἐπληθύνθησαν,
1694 4569 1769 4632 ὠς
1823 4571 1884 4623 τὸ

289 4630 723 4742 ’μᾶλλοᾷ
766 4630 1007 4736 ἁρμόσαι
1061 4630 1150 4733 τῷ⁷
1195 4630 1374 4731 νοητῷ
1419 4630 1537 4730 μεθ’
1585 4630 1883 4731 ὑποστολῆς
1915 4630 1960 4685 D

287 4763 468 4829 λέγων
493 4801 509 4826 ,
565 4762 616 4813 εὶ
658 4758 767 4824 τὰς
807 4755 1061 4819 ἐντολὰς
1108 4752 1419 4819 ἐτήρησαν
1470 4751 1637 4805 τῶνδε
1675 4755 1879 4821 τυχεῖν.

1991 3405 2150 3457 quam
2200 3390 2361 3443 maris
2399 3391 2556 3444 undis
2592 3391 2961 3458 alliuentibus,
3005 3406 3201 3449 auctus
3235 3402 3288 3448 et
3318 3395 3573 3448 cumula-

1992 3487 2081 3535 tus
2116 3480 2369 3537 vixisses.
2415 3481 2473 3536 Id
2529 3492 2653 3551 est,
2712 3496 3154 3555 propugnatores
3207 3502 3325 3549 eos,
3371 3485 3571 3555 quibus

1990 3587 2096 3626 non
2129 3578 2303 3643 magis
2335 3587 2495 3643 quam
2524 3574 2839 3642 [luminibus
2866 3617 2881 3641 ,
2932 3584 3025 3629 aut
3063 3577 3200 3629 mari
3240 3576 3373 3631 nihil
3406 3584 3573 3646 queat

1989 3665 2269 3730 resistere,
2304 3665 2617 3722 habuisses.
2662 3666 2883 3723 Fuisset
2913 3684 3041 3721 vero
3091 3677 3145 3723 et
3200 3685 3373 3723 semen
3422 3680 3571 3722 tuum

1988 3756 2416 3823 innumerabile,
2452 3757 2621 3814 nullis
2655 3759 2915 3813 videlicet
2948 3760 3188 3814 hostium
3232 3759 3569 3815 incursioni-

1988 3846 2090 3902 bus
2129 3849 2495 3904 imminutnm.
2525 3851 2595 3903 At
2626 3864 2723 3920 pro
2758 3866 2867 3919 quo
2890 3851 3060 3917 pulvis
3089 3860 3240 3905 terra:
3263 3851 3528 3905 habemus
3552 3892 3567 3915 ,

1988 3940 2138 3993 milia
2199 3950 2352 3995 terra:
2407 3942 2604 4011 reliqui
2663 3943 3092 4012 interpretantur
3136 3962 3149 3997 :
3194 3943 3473 4005 nimirum,
3510 3951 3570 3997 ut

1987 4031 2296 4099 corporalia
2317 4047 2440 4086 cum
2469 4034 2675 4088 crassis
2704 4035 3023 4089 hominibus
3051 4050 3217 4103 agens
3245 4044 3565 4104 usurparet.

1986 4119 2105 4175 Non
2154 4123 2427 4177 immerito
2486 4133 2664 4179 autem
2720 4123 2817 4178 Dei
2872 4142 3046 4178 semen
3097 4125 3185 4179 ille
3225 4124 3568 4192 intelligatur

1987 4211 2155 4265 lsrael
2178 4255 2191 4278 ,
2243 4212 2309 4266 de
2352 4213 2550 4282 quibus
2583 4214 2684 4268 luit
2714 4224 2769 4267 et
2799 4215 2933 4267 illud
2968 4224 3126 4268 antea
3187 4223 3515 4289 usurpatum
3548 4230 3562 4267 :

1992 4323 2009 4353 «ι
2053 4301 2167 4357 Nisi
2205 4305 2365 4359 nobis
2416 4304 2680 4360 Dominus
2728 4305 2970 4361 Sabaoth
3004 4307 3318 4377 reliquisset
3353 4324 3564 4373 semen,

1987 4401 2245 4464 tanquam
2280 4394 2514 4450 Sodoma
2557 4397 2681 4451 lacti
2726 4396 3027 4453 fuissemus
3056 4400 3134 4463 1’⁷;
3174 4417 3193 4448 ι
3243 4406 3301 4451 ut
3330 4413 3447 4463 eos,
3476 4400 3571 4467 qui

1987 4485 2143 4540 ﬁdem
2174 4488 2405 4556 amplexi
2438 4496 2624 4545 essent
2656 4489 2947 4544 indicaret.
2995 4489 3182 4545 Patres
3223 4491 3368 4543 enim
3414 4499 3572 4545 cmtev

1987 4578 2065 4631 ris
2097 4579 2448 4644 exstiterunt,
2482 4595 2605 4634 cum
2627 4596 2721 4635 eos
2751 4581 2815 4634 ad
2855 4597 2914 4635 se
2947 4584 3226 4636 venientes
3247 4582 3440 4636 iterum
3474 4600 3565 4653 ge-

1987 4678 2226 4724 nuerunt
2261 4672 2353 4739 qui
2389 4686 2495 4725 non
2538 4687 2601 4726 ex
2637 4672 3016 4742 sanguinibus,
3050 4673 3145 4726 sed
3193 4689 3259 4726 ex
3301 4675 3407 4727 Deo
3451 4677 3563 4727 nati

1981 4771 2109 4817 sunt
2154 4763 2221 4815 ⁸⁸.
2258 4761 2351 4817 Est
2384 4764 2551 4833 igitur
2585 4764 2880 4834 allegorice
2918 4764 3065 4834 loqui
3103 4775 3557 4818 consentaneum.

288 4855 463 4907 Οὐδὲν
504 4852 615 4923 γὰρ
669 4852 813 4922 μέγα
858 4848 920 4902 τὸ
977 4844 1312 4917 σωματικῶς
1364 4844 1668 4915 σκωλήκων
1722 4846 1880 4915 δίκην

1879 4867 1880 4878 η
1980 4852 2355 4924 Corporaliter
2380 4854 2525 4909 enim
2556 4851 2798 4921 Judmos,
2851 4856 3069 4910 etiamsi
3114 4857 3402 4925 prazceptis
3452 4873 3562 4911 non

286 4943 581 5015 πληθύειν.

1990 4947 2288 5015 paruerint,
2305 4947 2599 5017 propagari
2628 4947 3095 5017 mnltiplicarique
3118 4946 3276 5017 547
3300 4948 3558 5016 contigit;

287 5040 527 5107 ideoque
556 5032 886 5104 intelligibili
931 5030 1106 5100 magis
1127 5029 1335 5083 dictum
1366 5027 1499 5082 illud
1532 5033 1863 5102 conveniat,
1943 5040 2090 5107 quod
2129 5038 2373 5093 adhibita
2431 5039 2712 5103 cautione,
2775 5038 2823 5093 si
2905 5047 3164 5107 prwcepta
3216 5041 3570 5093 servaverintr

285 5133 417 5190 istis
450 5132 755 5202 potiturum
787 5135 1020 5184 asserat.
1051 5125 1240 5196 Neque
1277 5126 1422 5181 enim
1450 5141 1708 5197 magnum
1731 5132 1862 5202 quid
1900 5146 2336 5207 consequentur,
2368 5136 2413 5192 si
2483 5152 2587 5207 qua
2632 5136 2847 5191 ratione
2917 5136 3166 5191 videmus
3198 5136 3251 5189 in
3284 5135 3565 5190 vermibus

286 5224 452 5288 eﬂici,
483 5238 721 5294 corpore
757 5221 1217 5291 multiplicentur.

361 5319 519 5381 Τινὲς
538 5318 695 5380 δὲτὸ,
728 5314 971 5384 Δέδειχά
999 5329 1098 5369 σοι
1118 5314 1223 5369 τοῦ
1255 5314 1454 5383 εὑρεῖν
1477 5332 1551 5371 σε
1584 5319 1700 5387 τὴν
1716 5320 1880 5393 ὁδὸν,

286 5408 546 5481 εἰρῆσθαί
574 5423 760 5477 φασιν,
800 5406 875 5470 ὡς
911 5405 1018 5458 τῶν
1073 5405 1132 5469 ἐξ
1170 5406 1386 5476 Ἰσραὴλ
1419 5406 1689 5477 λεγόντων
1710 5426 1724 5441 ·
1757 5412 1881 5477 Πῶς

293 5500 399 5552 ὑπὸ
425 5498 484 5551 σὲ
506 5498 789 5560 τελοῦντες
834 5495 1060 5549 τοιαῦτα
1102 5496 1451 5567 πεπόνθαμεν
1492 5500 1541 5551 οἱ
1585 5501 1753 5555 πάλαι
1785 5507 1880 5573 ῥυ-

290 5590 514 5653 σθέντες
561 5591 628 5644 ἐκ
678 5588 882 5661 Φαραὼ
952 5587 1041 5641 διὰ
1108 5588 1208 5657 τῆς
1238 5587 1339 5658 σῆς
1384 5590 1599 5660 ἀμάχου
1663 5596 1875 5666 ῥοπῆς;

291 5681 541 5747 Ἕδειξά
568 5698 667 5737 σοι
690 5683 819 5752 γὰρ,
845 5680 1032 5752 φησὶν,
1057 5679 1202 5733 ὁδὸν
1233 5682 1653 5751 σωτηρίας-,τὸν
1679 5687 1840 5757 νόμον
1864 5707 1877 5720 ·

361 5865 407 5896 ⁸⁸
452 5861 554 5920 ιω.
585 5877 703 5930 .\I.\',
729 5864 774 5918 i.

855 5866 899 5893 "“
938 5867 957 5919 Ι
991 5866 1148 5927 iisiir.
1208 5884 1243 5933 t,
1287 5871 1339 5924 ε.
1454 5872 1495 5900 τ¹⁷
1542 5872 1645 5926 lsa.
1682 5887 1717 5938 ι,
1754 5873 1805 5925 ε).

2054 5322 2193 5378 Sunt
2236 5337 2400 5392 porro
2429 5321 2703 5387 nonnulli,
2740 5321 2830 5390 qui
2892 5323 3054 5375 verba
3104 5322 3204 5374 ista
3240 5338 3251 5372 :
3288 5320 3457 5375 Docui
3492 5332 3563 5386 te,

1984 5423 2039 5467 ut
2062 5414 2315 5467 invenires
2343 5413 2501 5477 viam,
2537 5421 2799 5482 tanquam
2850 5413 3222 5467 lsraelitarum
3255 5428 3377 5467 esse
3414 5430 3567 5468 aSse-

1981 5517 2125 5569 raut,
2158 5506 2248 5575 qui
2287 5507 2583 5576 loquantur
2612 5507 2664 5559 in
2736 5506 2880 5560 hunc
2926 5506 3148 5559 ιιιοιὶιιιη
3197 5524 3209 5559 :
3245 5505 3347 5569 Qui
3380 5508 3482 5559 sub
3512 5514 3567 5559 te

1983 5602 2239 5669 degentes
2283 5600 2412 5653 talia
2469 5598 2613 5667 passi
2649 5614 2863 5663 sumus,
2895 5598 2987 5667 qui
3030 5606 3125 5651 tuo
3162 5598 3291 5651 olim
3332 5599 3560 5663 incum--

1982 5692 2180 5763 guabili
2223 5692 2427 5747 auxilio
2488 5691 2788 5747 Pharaonis
2848 5708 3068 5747 sianum
3121 5691 3435 5746 evasimus?
3486 5689 3560 5743 'l'e

1886 5870 1928 5896 "“
1966 5868 2126 5925 Joan.
2162 5885 2201 5935 ι,
2243 5871 2325 5924 15.
