4262 6434
668 374 809 437 Ξᾶίιθ

2000 371 2345 432 PROCOPII
2382 370 2625 431 GALEI

3775 372 3921 436 me

666 483 811 535 enim
848 480 963 550 ipse
982 481 1119 535 viam
1150 480 1363 546 salutis,
1391 469 1445 536 id
1469 487 1554 536 est
1601 481 1793 552 legem,
1835 481 2028 544 docui;
2052 496 2237 550 quam,
2270 481 2349 542 Αἰ

2270 488 2315 542 Α
2341 480 2400 533 ὃν
2448 480 2606 549 εἴπερ
2675 477 2864 547 ἤθελες
2915 470 2975 529 εὖ
3036 475 3331 546 πράττειν,
3370 476 3686 545 ἐφύλαττες.
3725 478 3837 529 Νῦν
3871 480 3928 529 δὲ

666 575 709 625 si
744 570 974 625 feliciter
1003 571 1200 642 degere
1249 571 1518 628 voluisses
1540 614 1555 637 ,
1611 572 1906 627 observare
1945 572 2237 627 debueras.

668 659 870 714 Venno
903 661 1032 730 quia
1061 676 1180 716 eam
1210 668 1591 732 transgressus
1624 662 1688 715 ad
1727 662 1998 716 idolorum
2034 662 2240 715 cultum

671 762 723 807 te
750 753 1058 814 contulisti,
1089 752 1143 805 in
1173 754 1414 808 hostium
1447 761 1774 824 potestatem
1809 754 2023 806 venisti.
2056 754 2243 823 Neque

670 852 853 895 tamen
888 844 961 895 ita
994 850 1047 897 te
1076 858 1172 912 pro
1198 858 1317 898 mea
1349 843 1729 898 benevolentia
1778 843 2026 898 fuiiditus
2050 847 2244 898 exstir-

671 932 787 998 pari
827 931 1273 1000 exterminarique
1296 947 1493 1001 passus
1523 948 1676 999 sum;
1717 932 1812 1001 qui
1848 932 2051 1002 ubique
2075 933 2245 987 lsrae-

672 1023 736 1073 tis
771 1021 1031 1089 reliquias
1058 1024 1329 1077 asservari
1361 1024 1641 1079 voluerim.
1698 1025 1906 1093 Itaque,
1942 1032 1996 1078 et
2051 1032 2101 1077 te
2129 1024 2241 1092 jam

670 1110 959 1179 Babylone,
990 1128 1098 1165 non
1124 1125 1269 1166 metu
1296 1124 1734 1176 consternatum,
1760 1114 1853 1169 sed
1886 1115 2071 1169 studio
2104 1117 2243 1167 ΙίιΙιι-

669 1204 1046 1273 t-iaquequam
1101 1205 1337 1259 maxima
1383 1206 1581 1259 lmtitire
1612 1223 1783 1260 vocem
1831 1208 2241 1274 inclamanteni,

670 1287 850 1355 egredi
929 1294 1073 1347 volo.
1160 1293 1233 1348 Ut
1313 1296 1458 1349 enim
1522 1296 1610 1347 illa
1668 1297 1919 1365 gentibus
1989 1298 2244 1351 omnibus

672 1382 967 1452 (zEeyptiis
999 1393 1053 1439 et
1088 1385 1378 1439 Pharaone
1401 1386 1620 1450 deletis,
1648 1402 1810 1454 quem
1839 1402 1897 1440 se
1928 1388 1980 1440 in
2017 1389 2118 1440 hoe
2148 1402 2242 1440 ex-

670 1481 896 1538 ritasse,
964 1483 1022 1527 nt
1069 1475 1122 1526 in
1183 1475 1375 1529 eodem
1410 1477 1640 1545 glorianti
1698 1491 1853 1530 suam
1908 1480 2241 1543 ostenderet,

672 1566 956 1618 :itlirmavit
1009 1564 1271 1620 Dominus
1306 1567 1375 1636 9‘)
1407 1582 1473 1620 ex
1505 1565 1742 1638 Egypto
1780 1570 2017 1623 innotuit
2061 1578 2243 1625 trans-

672 1653 929 1717 migratio
960 1670 973 1705 :
1018 1655 1099 1707 sie
1130 1663 1183 1709 et
1206 1655 1365 1709 istam
1400 1656 1468 1711 de
1498 1657 1772 1727 Babylone
1814 1660 2239 1728 redemptionem

671 1744 900 1798 minime
952 1746 1110 1799 decet
1177 1747 1467 1811 occultari,
1533 1750 1625 1801 st
1664 1764 1731 1803 ex
1770 1763 1834 1801 ea
1882 1751 2242 1818 redemptoris

2344 571 2615 641 παραϐὰς,
2672 570 2941 639 καὶπρὸς
2992 569 3437 640 εἰδωλολατρείαν
3479 569 3733 639 τραπεὶς.
3788 587 3930 635 παρ-

2344 664 2529 733 εδόθης
2579 663 2820 732 ἐχθροῖς·
2879 661 2973 713 καὶ
3021 662 3142 714 οὐδὲ
3206 660 3349 713 οὕτω
3400 661 3664 726 παγγενεὶ
3696 658 3926 729 δι’ὲμὴι

2344 755 2754 824 φιλανθρωπίαν
2776 753 3270 821 ἑξωλοθρεύθητε.
3317 753 3625 822 Τετήρηται
3650 751 3758 820 γὰρ
3789 768 3926 803 παν-

2343 846 2506 917 ταχοῦ
2531 848 2592 899 τὸ
2624 845 2974 913 κατάλειμμα
3033 845 3113 915 τῷ
3150 843 3385 913 Ἰσραήλ,
3449 844 3539 895 Διό
3578 860 3661 895 σοι
3708 845 3803 897 καὶ
3833 841 3928 895 νῦν

2344 938 2407 989 ἐκ
2468 934 2827 999 Βαϐυλῶνος
2876 933 3077 998 ἐξιέναι
3129 932 3311 1002 φημὶ,
3369 932 3445 1002 μὴ
3498 932 3595 984 σὺν
3633 930 3782 1001 φόϐῳ
3834 933 3928 983 καὶ

2346 1026 2573 1089 ὑπτίως,
2608 1026 2816 1095 σπουδῇ
2849 1025 2906 1078 δὲ
2946 1024 3275 1093 κεχρημένῳ
3318 1021 3510 1092 πολλῇ,
3563 1022 3658 1075 καλ⁵
3715 1021 3929 1089 φωνὴν

2343 1117 2724 1185 εὐφροσύνης
2747 1114 2958 1185 βοῶντι.
2998 1115 3085 1178 Ὠς
3121 1115 3228 1183 γὰρ
3259 1111 3371 1183 ήὲξ
3400 1111 3678 1179 Αἰγύπτου
3707 1112 3930 1179 γέγονεν

2346 1208 2518 1273 ἔξοδος
2550 1210 2683 1260 πᾶσι
2714 1210 2829 1269 τοῖς
2857 1207 3065 1259 ἔθνεσιν
3111 1204 3358 1274 ἐμφανὴς
3386 1204 3604 1275 (Φαραώ
3639 1205 3741 1273 μὲν
3799 1204 3931 1257 ἀνθ-

2350 1297 2665 1367 ισταμένου,
2696 1297 3078 1367 πληττομένων
3103 1297 3159 1349 δὲ
3196 1296 3306 1350 τῶν
3334 1296 3669 1363 Αἰγυπτίων,
3711 1295 3847 1363 πρὸς
3872 1294 3930 1346 ὃν

2347 1405 2538 1459 φησιν’
2596 1390 2687 1451 Εἰς
2724 1388 2882 1441 τοῦτο
2927 1387 3187 1457 ἐξήγειρά
3215 1403 3295 1451 σε,
3341 1387 3489 1448 ὃπως
3521 1385 3843 1453 ἐνδείξωμαι
3872 1387 3931 1435 ἐν

2348 1480 2429 1529 σοὶ
2473 1476 2569 1545 τὴν
2593 1476 2820 1543 δύναμίν
2852 1476 3001 1544 μου),
3030 1475 3202 1536 οὕτως
3228 1474 3398 1544 ἐχρῆν
3448 1474 3584 1543 μηδὲ
3612 1475 3707 1542 τὴν
3735 1476 3800 1526 ἐκ
3825 1474 3903 1525 Ba
3922 1502 3933 1511 -

2346 1570 2578 1631 6υλῶνος
2610 1567 2876 1638 λύτρωσιν
2903 1567 3154 1635 γενέσθαι
3206 1570 3357 1637 σιγῇ,
3419 1566 3720 1632 δοξολογεῖν
3749 1566 3805 1616 δὲ
3840 1567 3932 1617 τὸν

2346 1661 2646 1731 λυτρωτὴν.
2685 1678 2701 1711 ι
2734 1660 2890 1729 Φωνὴ
2934 1659 3044 1730 γὰρ
3076 1660 3449 1726 ἀγαλλιάσεως
3505 1657 3596 1709 καὶ
3653 1658 3931 1726 σωτηρίας

2349 1753 2406 1804 ἐν
2470 1754 2695 1822 σκηναῖς
2743 1751 2988 1804 δικαίων.
3027 1769 3045 1802 ι
3096 1750 3293 1821 Ἐχρῆν
3333 1748 3441 1817 γὰρ
3509 1749 3567 1799 ἐν
3626 1747 3931 1815 διηγήσεως

672 1833 900 1900 gloriam
925 1834 1264 1889 innotescere
1297 1843 1353 1891 et
1383 1835 1689 1906 praedicari.
1716 1855 1734 1888 ι
1776 1836 1889 1891 Vox
1918 1841 2085 1902 enim,
2122 1841 2250 1892 scri-
2287 1828 2327 1882 Β
2354 1870 2355 1879 ι

2239 1868 2250 1877 -
2287 1828 2327 1882 Β
2354 1846 2540 1914 τρόπῳ
2561 1843 2858 1911 δοξολογεῖν
2884 1842 3024 1895 κατά
3053 1842 3145 1894 τὸν
3192 1842 3367 1909 μέγαν
3398 1840 3559 1892 Δαϐίδ
3583 1856 3596 1868 ·
3627 1858 3645 1891 ι
3692 1840 3922 1906 15564111-

670 1924 818 1976 bitur
892 1925 1277 1981 exsultationis
1356 1937 1412 1981 et
1499 1928 1695 1984 salutis
1751 1929 1807 1982 in
1890 1930 2253 1982 tabernaculis

671 2014 946 2083 jnstorutn
976 2018 1016 2070 ¹.
1046 2035 1065 2068 ι
1090 2016 1329 2085 [Equum
1351 2019 1497 2072 enim
1521 2017 1697 2073 fuerat
1728 2020 2059 2072 narrationis
2092 2018 2253 2073 modo

674 2105 868 2159 laudes
895 2106 1031 2161 istas
1087 2106 1394 2172 dccantari,
1435 2110 1578 2163 sicut
1609 2126 1638 2164 a
1678 2110 1879 2165 Davide
1919 2112 2117 2164 factum
2147 2119 2251 2177 est,

675 2196 767 2249 ubi
803 2199 919 2252 ait:
954 2217 973 2249 ι
1008 2197 1332 2268 Suscepisti,
1386 2199 1633 2267 Domine,
1673 2210 1874 2255 terram
1913 2211 2082 2266 tuam,
2116 2217 2252 2256 con-

672 2288 887 2341 vertisti
930 2290 1303 2358 captivitatem
1356 2290 1547 2347 Jacob.
1597 2293 1877 2348 liemisisti
1935 2295 2253 2363 iniquitates

675 2380 878 2448 populo
914 2388 1046 2443 tuo;
1112 2382 1377 2449 operuisti
1433 2385 1618 2437 omnia
1655 2393 1878 2453 peccata
1922 2400 2110 2439 eorum
2145 2386 2185 2440 ’.
2231 2405 2249 2436 ι

677 2468 879 2523 Verum
947 2480 1006 2524 nt
1037 2471 1287 2527 eumdem
1341 2488 1401 2529 se
1454 2490 1579 2529 esse
1608 2474 1971 2538 demonstret,
1999 2476 2090 2546 qui
2124 2478 2254 2530 olim

678 2558 933 2613 lsraelem
970 2576 1064 2631 per
1112 2564 1377 2616 desertum
1429 2564 1673 2619 traduxit
1715 2564 1831 2620 fore
1874 2568 2183 2637 pollicetur,
2210 2566 2256 2621 si

679 2651 762 2703 vel
782 2658 985 2716 petram
1043 2652 1237 2707 iterum
1270 2656 1507 2709 scindere
1547 2658 1603 2710 in
1640 2674 1901 2726 aquarum
1960 2658 2256 2712 subsidium

679 2758 817 2810 opus
857 2745 948 2808 sit,
988 2752 1042 2797 et
1074 2744 1221 2799 istud
1269 2748 1348 2801 illi
1394 2750 1559 2802 etiam
1612 2753 1667 2803 in
1748 2748 1988 2803 Jndzeam
2037 2750 2256 2819 proﬁcio

682 2832 854 2886 secuti
890 2848 995 2886 non
1032 2833 1370 2890 defuturum.
1419 2837 1574 2903 Quod
1619 2841 1745 2908 quia
1792 2840 1967 2911 reipsa
2003 2841 2115 2910 geri
2149 2857 2257 2894 non

683 2923 931 2993 contigit,
987 2925 1053 2978 ad
1112 2926 1430 2995 allegoriam
1492 2931 1570 2984 sic
1627 2931 1874 2984 nonnulli
1931 2930 2255 2987 retulerunt.

684 3013 777 3075 lis,
815 3015 907 3081 qni
961 3016 1279 3084 captivitate
1318 3019 1649 3090 inlclligibili
1697 3023 1912 3077 liberati
1966 3032 2143 3087 erant,
2194 3025 2260 3078 de

682 3104 884 3168 quibus
942 3104 1198 3162 Christus
1249 3110 1364 3177 ipse
1403 3112 1749 3181 loquebatur,
1782 3129 1906 3167 cum
1949 3130 2007 3169 se
2030 3126 2089 3168 ιιι
2126 3130 2260 3184 pau-

684 3196 912 3264 peribus
935 3200 1363 3267 evangelizaret,
1385 3210 1439 3257 et
1464 3205 1696 3273 captivis
1716 3206 2095 3261 remissionem
2127 3223 2260 3276 pra:-

684 3289 913 3353 dicaret,
946 3290 1175 3345 missum
1199 3308 1322 3347 esse
1346 3289 1767 3366 diceret',548
1795 3298 2078 3352 rationalis
2108 3314 2263 3369 aqaze

685 3378 834 3431 rivus
864 3377 929 3432 de
955 3389 1102 3446 petra
1142 3382 1389 3437 veritatis
1440 3385 1733 3437 emanavit.
1845 3387 2006 3440 Petra
2054 3397 2258 3453 autem,

685 3470 861 3537 inquit
928 3472 1245 3538 Apostolus,
1297 3483 1418 3537 erat
1470 3474 1725 3532 Christus
1757 3477 1816 3540 δς
1854 3479 2014 3547 cujus
2061 3489 2113 3533 et
2160 3480 2260 3533 ista

686 3570 851 3614 Mtttl:
889 3580 908 3613 ι
940 3560 1043 3626 Qui
1077 3563 1276 3618 biberit
1337 3580 1559 3634 aquam,
1612 3583 1775 3636 quam
1815 3584 1916 3636 ego
1961 3570 2123 3631 dabo,
2155 3568 2257 3622 Πιι-

2356 1952 2474 1997 σας,
2508 1935 2701 2005 Κύριε,
2729 1934 2828 2003 τὴν
2859 1937 2962 2003 γῆν
2995 1950 3110 1998 σου,
3159 1931 3504 2001 ὲπέστρεψας
3533 1931 3631 2001 τὴν
3651 1929 3933 1999 αἰχμαλωτ

2356 2028 2474 2080 σίαν
2519 2026 2738 2080 Ἰακώϐ.
2796 2026 3038 2095 ’Λφῆκας
3094 2025 3192 2088 τὰς
3240 2023 3473 2093 ἀνομίας
3529 2022 3606 2093 τῷ
3656 2023 3771 2093 λαῷ
3813 2040 3930 2083 σου,

2354 2116 2632 2185 ὲκάλυψας
2658 2116 2833 2177 πάσας
2866 2114 2963 2176 τὰς
3012 2114 3288 2183 ἁμαρτίας
3311 2113 3516 2166 αὐτῶν.
3552 2130 3569 2163 ι
3610 2112 3833 2166 Ἑαυτὸν
3878 2112 3932 2164 δὲ

2351 2206 2564 2268 δεικνὺς
2619 2207 2823 2257 ἐκεῖνον
2882 2205 3012 2256 ὄντα
3068 2204 3159 2258 τὸν
3186 2204 3251 2256 δι’
3292 2202 3517 2271 ἐρήμου
3551 2202 3934 2270 πάλαιδιαγαο

2353 2295 2519 2363 γόντα
2547 2296 2637 2347 τὸν
2680 2294 2916 2365 Ἰσραὴλ,
2946 2293 3133 2363 φησὶν,
3164 2292 3239 2356 ὡς
3269 2294 3334 2346 Εἰ
3362 2292 3523 2346 πάλιν
3554 2291 3779 2362 ὲδεήθης
3797 2306 3933 2360 σχιο

2357 2384 2606 2453 ζομένης
2645 2382 2867 2451 πέτρας
2891 2382 3041 2450 πρὸς
3077 2382 3294 2448 ὕδατος
3319 2382 3631 2451 χορηγίαν,
3657 2377 3725 2450 ἦν
3755 2382 3819 2434 ἄν
3853 2397 3933 2432 σοι

2357 2478 2450 2531 καὶ
2486 2475 2642 2528 τοῦτο
2662 2478 2740 2538 εἰς
2782 2476 2881 2545 τὴν
2924 2475 3185 2528 Ἰουδαίαν
3216 2473 3504 2542 βαδίζοντι.
3528 2473 3618 2542 Μὴ
3647 2473 3934 2543 γενόμενον

2354 2568 2410 2620 δὲ
2462 2567 2580 2620 καθ’
2647 2566 2909 2636 ἱστορίαν,
2956 2565 3099 2618 οῦτω
3152 2565 3296 2627 τινὲς
3344 2564 3748 2633 ἡλληγόρησαν.
3810 2565 3933 2624 τοῖς

2357 2655 2736 2725 αίχμαλωσῖας
2794 2653 3265 2725 ἡλευθερωμένοις
3319 2652 3418 2721 τῆς
3463 2652 3660 2721 νοητῆς
3702 2652 3826 2719 περὶ
3863 2644 3933 2701 ὧν

2356 2748 2542 2815 ἔλεγεν
2558 2749 2583 2798 ὁ
2602 2748 2644 2798 Χ
2658 2746 2856 2816 ριστὸς,
2883 2744 3353 2812 [εὐαγγελίσασθαι
3381 2745 3617 2813 πτωχοῖς
3632 2742 3937 2795 ἀπέσται).κέ

2361 2856 2449 2909 με,
2486 2836 2719 2907 κηρύξαι
2748 2836 3113 2906 αἰχμαλώτοις
3185 2837 3400 2903 ἄφεσιν,
3427 2833 3487 2886 τὸ
3535 2832 3750 2897 λογικὸν
3796 2833 3940 2900 νᾶμα

2356 2930 2455 2998 τῆς
2484 2927 2745 3001 ἀληθινῆς
2795 2928 3058 2980 ἐκδίδοται
3120 2927 3360 2994 πέτρας.
3402 2926 3465 2977 ’ίί
3512 2924 3568 2977 δὲ
3609 2925 3777 2991 πέτρα
3814 2919 3880 2991 ἦν
3914 2925 3941 2974 ό

2358 3021 2612 3091 Χριστδς,
2647 3020 2787 3073 κατά
2820 3020 2911 3071 τὸν
2946 3019 3288 3081 Ἀπόστειλον,
3338 3017 3394 3078 ὃς
3420 3018 3512 3069 καί
3558 3032 3745 3086 φησιν’
3785 3034 3802 3065 ι
3847 3016 3942 3075 "U;

2364 3113 2427 3166 ἂν
2452 3112 2548 3182 πίῃ
2577 3113 2637 3163 Ex
2658 3111 2751 3164 τοῦ
2786 3111 2973 3173 ὓδατος
3030 3105 3093 3162 οῦ
3133 3109 3244 3176 ἐγὼ
3270 3109 3451 3171 δώσω,
3490 3108 3727 3175 ποταμοὶ
3760 3108 3821 3157 ὲκ
3845 3106 3942 3171 τῆς

2365 3203 2571 3267 κοιλίας
2600 3202 2765 3255 αὑτοῦ
2802 3202 3086 3271 ῥεύσουσιν
3129 3201 3318 3262 ὓδατος
3358 3199 3583 3263 ζῶντος.
3623 3216 3642 3247 ι
3686 3198 3772 3258 Ὠς
3802 3195 3942 3248 ἂνδὲ

2369 3294 2442 3363 μὴ
2476 3294 2769 3362 νομίσωσιν
2831 3294 2879 3344 οί
2934 3294 2990 3343 ὲν
3046 3293 3230 3353 αὐτοῖς
3276 3289 3495 3350 ἀσεϐεῖς
3539 3289 3630 3341 καὶ
3652 3288 3720 3339 δι’
3750 3286 3945 3345 αὐτοὺς

2364 3385 2646 3453 γεγονέναι
2699 3386 2798 3452 τῆς
2852 3384 3102 3449 ἀφέσεως
3150 3382 3249 3452 τὴν
3276 3382 3588 3450 ὑπόσχεσιν,
3617 3379 3712 3448 καὶ
3760 3377 3856 3447 τὴν
3887 3376 3943 3441 ἐξ

2365 3478 2532 3546 αὐτῆς
2563 3476 2970 3545 εὐέρωσύνην,
2989 3474 3196 3527 τούτων
3226 3474 3424 3535 αὐτοὺς
3465 3471 3779 3539 ἀλλοτρίους
3836 3470 3946 3521 ἀπ-

2366 3569 2585 3638 ἐφηνεν.

686 3656 831 3708 mina
861 3655 929 3709 de
961 3667 1153 3712 ventre
1214 3659 1334 3727 ejus
1374 3659 1544 3714 liuent
1580 3677 1737 3730 aqu:e
1772 3664 1905 3716 viva:
1934 3664 1995 3717 δ’.
2030 3683 2047 3714 ι
2080 3665 2371 3727 Caeterum,
2408 3680 2475 3716 ne
2502 3663 2596 3730 qui
2651 3663 2794 3715 inter
2860 3675 2955 3714 eos
2993 3668 3287 3714 versantur
3351 3655 3527 3725 impii,
3597 3660 3821 3724 propter
3888 3667 3947 3707 se

685 3749 845 3804 etiam
879 3751 1050 3805 veniat
1074 3753 1493 3821 promissionem
1527 3755 1641 3810 lieri
1670 3757 2095 3823 arbitrarentur,
2138 3758 2339 3811 lwtitia:
2372 3773 2562 3812 eorum
2598 3764 2853 3824 expertes
2890 3753 3006 3807 fore
3057 3752 3208 3821 ipsos
3248 3749 3645 3819 pronuntiavit.

754 3839 1015 3897 Nonnulli
1054 3844 1476 3917 Babyloniorum
1547 3851 1769 3903 nomine
1822 3850 2019 3918 impios
2055 3851 2248 3919 signiti-

684 3930 800 3984 cari
829 3932 1176 3989 arbitrantur
1210 3936 1302 4003 qui
1343 3937 1536 3991 ultioni
1587 3939 1798 4003 traditi,
1838 3941 1906 3994 iis
1935 3942 2261 3993 exsultanti-

685 4023 926 4092 bus,qni
962 4024 1227 4092 redempti
1276 4034 1486 4089 essent,
1536 4028 1775 4096 gaudere
1834 4044 1943 4082 non
1983 4038 2257 4097 poterant.

685 4110 886 4166 Putant
910 4113 1024 4177 alii,
1058 4129 1127 4168 ne
1155 4128 1371 4180 eorum,
1412 4132 1535 4185 qua:
1587 4117 1733 4171 dicta
1780 4126 1933 4180 sunt,
1983 4119 2261 4186 voluptate

685 4205 826 4273 rapti
860 4206 1056 4274 supine
1108 4220 1169 4261 se
1198 4214 1254 4260 et
1301 4207 1639 4276 negligenter
1669 4218 1962 4279 gererent;
1997 4220 2256 4279 tanquam

685 4311 747 4347 ca
778 4296 1023 4360 omnino,
1056 4298 1408 4365 quantumvis
1459 4298 1624 4367 impie
1656 4301 1921 4360 viverent.
1960 4300 2260 4370 adepturus

685 4385 914 4439 dixisset
942 4385 1122 4453 Deus;
1157 4394 1360 4443 metum
1416 4389 1551 4459 ipsis
1595 4406 1694 4460 pro
1731 4392 2032 4445 securitate
2077 4392 2262 4445 inimi—

686 4496 816 4533 nere
850 4478 1243 4535 demonstrari.
1273 4482 1373 4547 Qui
1426 4485 1571 4537 enim
1630 4484 1808 4538 laetari
1846 4486 2136 4556 quisquam
2170 4502 2264 4540 va-

2435 3848 2592 3910 Τινὲς
2625 3848 2683 3900 δὲ
2711 3846 2928 3909 ἀσεϐεῖς
2950 3846 3073 3907 τοὺς
3102 3842 3473 3904 Βαϐυλωνίους
3494 3838 3945 3909 είρῆσθαίφασινς

2361 3943 2411 3993 οἳ
2474 3939 2866 4011 παραδοθέντες
2926 3938 3146 3992 κολάσει
3230 3935 3443 4005 χαίρειν
3502 3934 3601 3985 οὐκ
3640 3926 3948 3999 allowed»;

2362 4032 2783 4102 λελυτρωμένων
2814 4030 3135 4100 χαιρόντων.
3172 4027 3329 4088 Τινὲς
3347 4026 3404 4078 δέ
3436 4042 3620 4093 φασιν,
3649 4023 3735 4074 ἵνα
3761 4024 3834 4091 μὴ

2360 4126 2460 4192 τὴν
2492 4122 2600 4175 τῶν
2632 4121 2905 4191 ῥηθέντων
2953 4120 3149 4189 ἡδονὴν
3196 4116 3565 4177 ῦπτιάσαντες
3619 4111 3951 4182 ῥαθυμὴσω-

2373 4233 2477 4279 σιν,
2512 4215 2587 4276 ώς
2616 4212 2833 4275 πάντως
2865 4211 3044 4264 αὐτῶν
3071 4208 3408 4279 τευξόμενοι,
3427 4206 3529 4259 κᾶν
3548 4204 3761 4263 ἀσεϐεῖς
3792 4204 3947 4262 ώσιν,

2364 4304 2810 4373 ἀπαξεὶρηκότος
2860 4300 3016 4363 θεοῦ,
3054 4300 3220 4368 φόϐον
3258 4298 3445 4355 αὐτοῖς
3474 4293 3618 4361 ὑπὲρ
3646 4291 3950 4360 ἀσφαλείας

2364 4396 2693 4465 ἑπήρτησεν.
2721 4392 2831 4445 Καὶ
2898 4391 3013 4454 πῶς
3045 4394 3154 4460 γὰρ
3190 4389 3254 4444 ἄν
3303 4405 3387 4451 τις
3439 4384 3819 4455 εὐφραίνοιτο
3854 4380 3949 4432 τοῦ

2364 4486 2462 4555 τῆς
2483 4488 2655 4555 χαρᾶς
2700 4484 2983 4555 στερηθεὶς
3036 4480 3310 4553 χορηγοῦς
3374 4480 3441 4531 Al
3473 4477 3583 4547 γὰρ
3618 4474 3947 4542 ἐπαγγελίαι

687 4573 814 4631 leat.
851 4573 944 4641 qui
979 4588 1067 4635 e0,
1094 4588 1123 4626 a
1157 4589 1266 4643 quo
1301 4577 1489 4629 laetitia
1520 4577 1923 4646 suppeditatur,
1953 4579 2262 4634 exciderit?
2294 4587 2370 4641 υ·

2294 4587 2336 4641 D
2363 4580 2475 4641 τοῖς
2507 4578 2832 4644 φυλάττουσι
2861 4576 3087 4645 βέϐαιοι.
3114 4572 3220 4625 Τοῦ
3247 4570 3381 4624 Θεοῦ
3414 4570 3525 4639 γὰρ
3570 4570 3603 4637 ἡ
3642 4567 3950 4637 πρόγνωσ-«ς

689 4664 825 4713 Sunt
856 4662 998 4713 enim
1025 4661 1113 4726 iis,
1143 4677 1174 4715 a
1210 4664 1411 4732 quibus
1458 4666 1846 4732 observantur,
1886 4676 2051 4722 certa:
2085 4678 2138 4722 et
2181 4668 2264 4723 in.

686 4753 948 4806 dubitatze
1000 4754 1396 4823 promissiones
1456 4775 1469 4810 :
1531 4772 1708 4828 neque
1768 4760 1859 4814 Dei
1911 4761 2263 4830 pracognitio

686 4844 946 4897 virtutem
979 4845 1235 4915 cuiquam
1281 4862 1348 4903 ex
1390 4850 1720 4904 necessitate
1780 4860 2063 4921 operatur.
2120 4854 2261 4908 Ecce

687 4936 856 4995 enim,
916 4952 1041 4990 cum
1094 4938 1362 4994 Jacobum
1406 4941 1523 4997 fore
1563 4943 1835 5012 integrum
1895 4946 2257 5015 pravidissct,

689 5027 813 5080 talis
828 5035 883 5082 et
929 5029 1045 5097 ipse
1093 5045 1186 5099 per
1218 5048 1299 5095 se,
1333 5035 1599 5105 nonquia
1640 5036 1911 5105 prmvisns
1936 5046 2104 5103 esset,
2131 5054 2260 5092 eva-

689 5119 781 5182 sit,
836 5119 1069 5188 vitzeque
1101 5123 1429 5191 probitatem
1467 5126 1585 5195 ipsa
1620 5127 1719 5179 viri
1755 5135 1945 5181 secuta
1974 5137 2058 5183 est
2092 5130 2260 5184 bene-

689 5211 873 5265 dictio.
907 5213 1067 5267 Decet
1097 5215 1263 5284 igitur
1304 5216 1482 5271 lntura
1506 5219 1574 5271 de
1605 5218 1764 5273 nobis
1789 5220 2123 5288 praedicente
2153 5219 2261 5274 Deo

691 5303 827 5354 nihil
865 5305 1077 5370 supine,
1113 5307 1246 5358 nihil
1280 5309 1613 5377 negligenter
1632 5325 1811 5379 agerc.
1854 5309 2079 5372 Deinde,
2116 5312 2262 5380 quod

689 5394 864 5458 egredi
896 5396 957 5447 de
985 5394 1255 5463 Babylone
1289 5398 1479 5465 jubet;
1544 5409 1596 5454 et
1640 5402 1838 5466 locum,
1864 5410 1917 5454 et
1952 5416 2135 5456 mores
2164 5402 2265 5455 iiii-

770 5521 813 5551 θ’
843 5520 1011 5574 Exod.
1049 5536 1163 5583 χιιι,
1197 5540 1301 5577 szv.
1383 5525 1397 5551 ‘
1436 5520 1575 5580 l‘sal.
1612 5540 1774 5589 (τκιιι,
1808 5523 1891 5581 15.

697 5607 791 5654 \‘ll,
819 5593 906 5646 58.

1972 5527 1992 5557 ’
2029 5526 2174 5584 Psal.
2214 5539 2429 5587 Lxxxiv,
2459 5526 2515 5585 ‘2,
2542 5526 2592 5575 3.

2364 4669 2425 4734 ἐξ
2448 4670 2692 4738 ἀνάγκης
2722 4668 2922 4738 ἀρετὴν
2943 4666 3004 4720 οῦ
3050 4666 3213 4718 ποιεῖ.
3252 4662 3382 4715 Ἰδοὺ
3434 4660 3546 4729 γὰρ
3579 4657 3830 4729 προέγνω
3862 4657 3952 4709 τὸν

2376 4758 2564 4812 Ἰακὼϐ
2587 4758 2791 4825 ἀγαθὸν
2824 4755 3214 4825 γενησόμενον.
3264 4751 3375 4805 Καὶ
3418 4750 3612 4817 γέγονε
3663 4746 3730 4799 δι’
3758 4745 3953 4799 ἑαυτὸν

2363 4849 2587 4918 ἀγαθὸς,
2635 4849 2733 4917 οὐχ
2787 4848 2867 4900 ὅτι
2922 4845 3291 4916 προέγνωστο.
3324 4840 3415 4894 Διὸ
3444 4845 3537 4893 καὶ
3577 4837 3866 4906 εὑλογῆται
3899 4844 3949 4889 ι.

2362 4945 2453 4996 Δεῖ
2497 4942 2588 4995 οῦν
2650 4941 2724 5011 μὴ
2754 4938 3040 5010 ῥᾳθυμεῖν,
3075 4935 3211 4989 Θεοῦ
3246 4934 3306 4987 τὸ
3329 4932 3527 5002 μέλλον
3568 4928 3950 4999 προλέγοντος.

2362 5035 2433 5087 Τὸ
2457 5034 2794 5097 δὲ,”Εξελθε
2822 5032 2890 5084 ἐκ
2912 5026 3293 5092 Βαϐυλῶνος,
3323 5024 3419 5081 καὶ
3446 5022 3610 5075 τόπον
3633 5019 3727 5073 καὶ
3749 5020 3952 5088 τρόπον

2358 5125 2616 5196 ἀμείϐειν
2677 5121 3116 5194 παρακελεύεται
3169 5118 3335 5190 μηδὲν
3387 5112 3763 5184 ἐπαγομένους
3818 5107 3953 5181 ἦθος

2358 5217 2721 5278 Χαλδαϊκὸν,
2773 5210 3071 5282 οἰωνισμοῦ
3102 5228 3160 5264 τε
3193 5210 3288 5263 καὶ
3321 5206 3599 5279 μαντείας,
3626 5204 3723 5258 καὶ
3770 5204 3953 5268 πάσης

2359 5307 2594 5361 εἰδώλων
2651 5302 3059 5375 καθαρεύοντας
3113 5300 3345 5368 πλάνης.
3399 5295 3573 5349 Τοῦτο
3626 5292 3685 5345 δὲ
3724 5290 3819 5345 καὶ
3860 5289 3953 5341 ἐπὶ

2362 5399 2580 5453 πάντων
2608 5396 2869 5469 ἁρμόσειε
2899 5394 3004 5448 τῶν
3035 5391 3227 5446 ἐθνῶν.
3253 5388 3411 5453 Τινὲς
3439 5387 3496 5440 δὲ
3525 5384 3608 5452 τὸ,
3644 5379 3953 5453 Προσαγὼ

2470 5521 2515 5584 Ξ,
2542 5523 2592 5575 3.
2654 5521 2672 5549 ⁵
2700 5519 2832 5575 Luc.
2867 5534 2938 5584 iv,
2972 5520 3053 5583 l3,
3091 5517 3169 5572 li).
3236 5514 3251 5543 ’⁵
3290 5514 3305 5569 l
3338 5514 3459 5569 Cor.
3503 5530 3556 5579 χ,
3586 5513 3639 5568 4.
3725 5508 3768 5541 δ’
3793 5508 3951 5564 ιοωιι.

1986 5690 2207 5745 λ)ίὶὲΛ’ῗ
2259 5687 2418 5744 ίηίμεί
2443 5687 2657 5740 ιςςιι-λιι.

772 5774 794 5797 ι·
835 5778 915 5826 rp.
956 5758 1279 5825 ιί-λιγεῖτσι.
