4262 6434
309 395 452 465 2461

1393 419 1919 481 COMMENTARI]
1968 421 2051 483 IN
2082 424 2375 485 ISAIAM.

3433 420 3575 486 2i62

312 531 444 581 γετε
461 520 613 589 πρός
635 542 714 593 με
738 530 837 582 καὶ
867 531 1171 585 ἀκούσατε
1202 534 1405 599 ταῦτα,
1457 536 1694 604 Χριστοῦ
1730 537 1898 607 πρόσ-

2006 549 2245 607 mutare,
2266 542 2536 609 nihilque,
2572 540 2718 610 quod
2744 538 3119 597 Chaldaeorum
3152 536 3399 592 instituta
3439 544 3575 591 resi-

310 625 460 701 ωπον
488 613 549 665 τὸ
574 614 727 685 λέγον
763 619 901 676 εἶναί
933 643 1117 693 φασιν,
1150 627 1223 688 ὡς
1246 627 1311 681 ἂν
1344 631 1526 692 αὐτοῖς
1554 630 1653 701 τὴν
1677 632 1742 684 δι’
1768 634 1893 685 ἑαυ-

309 699 406 791 τοῦ
436 709 707 777 σωτηρίαν
750 712 1060 781 δηλώσειεν.
1124 719 1229 771 Καὶ
1275 720 1351 781 τὸ,
1401 722 1522 774 Οὐκ
1556 699 1657 774 ἀπ’
1697 721 1893 791 ἀρχῆς

312 790 372 844 ὲν
416 803 599 869 κρυφῇ
648 805 999 873 λελά.ιηκα;
1054 811 1146 879 Μὴ
1175 812 1274 863 οὐκ
1333 812 1397 864 ἐκ
1445 810 1701 877 παλαιοῦ,
1735 790 1890 883 φηάι,

312 889 576 976 προεῖπον
636 895 1164 969 ὲπικεκαλυμμένως
1240 903 1414 956 ταῦτα
1464 904 1553 958 διὰ
1596 908 1893 976 προφητῶν

311 971 437 1070 ἀπὸ.
463 985 606 1070 "too
639 986 836 1055 καιροῦ
867 991 1120 1055 γενέσθαι
1147 1009 1163 1059 ;
1204 994 1354 1058 αὐτὸ,
1399 996 1530 1050 ἐκεῖ
1560 971 1696 1066 εὶίιι,
1719 971 1893 1070 ⁷’πρινὴ

313 1062 568 1155 γενέσθαι
594 1070 694 1140 τὴν
754 1076 947 1129 ἑαυτοῦ
983 1082 1285 1149 παρουσίαν
1325 1085 1558 1155 ὁρατῶς,
1610 1089 1893 1155 γεγονέναι

313 1143 493 1247 λέγει-
524 1155 728 1226 ταύτην
751 1164 899 1232 παρᾶ
926 1165 1043 1235 Θεῷ
1067 1170 1204 1221 κατὰ
1262 1172 1352 1223 τὸν
1418 1177 1751 1245 προορισμδν
1790 1178 1894 1247 πρὸ

313 1240 623 1312 καταϐολῆς
667 1251 897 1321 κόσμου.
958 1260 1069 1310 Καὶ
1115 1260 1246 1314 νῦν·
1293 1265 1505 1330 Κύριοι,-
1546 1267 1895 1321 ἀπέσταλιιιέ

305 1343 407 1427 μεζ
444 1334 541 1385 καὶ
572 1338 652 1429 τὸ
692 1344 934 1413 Πνεῦμα
962 1350 1167 1406 αὑτοῦ.
1222 1353 1294 1405 Τὸ
1315 1356 1423 1421 γὰρ
1452 1356 1539 1408 ἀεὶ
1569 1360 1718 1427 παρὰ
1746 1358 1886 1429 Θεῷ,

310 1432 473 1511 ’ξοιξτο
538 1426 633 1480 νῦν
677 1433 889 1500 ὁρατῶς
939 1440 996 1490 ἐν
1035 1441 1226 1511 κόσμῳ
1269 1445 1499 1511 γίνεται.
1539 1448 1694 1499 Κατᾶ
1728 1449 1784 1501 δὲ
1830 1450 1889 1501 τὸ

308 1508 654 1610 ἁῖορώπινον
704 1522 742 1587 ἡ
793 1508 1293 1597 ἀποστολήξείεὸς
1350 1536 1461 1605 γὰρ
1518 1537 1605 1610 αεὶ
1660 1538 1889 1607 πάρεστι

308 1605 498 1698 πᾶσιν.
542 1609 906 1669 Ἀπεστάλοαι
960 1620 1016 1672 δὲ
1065 1624 1158 1675 καὶ
1204 1626 1356 1695 παρὰ
1406 1628 1500 1680 τοῦ
1547 1630 1894 1698 Πνεύμιιτος

306 1695 545 1789 λέγεται,
589 1707 724 1760 καθὸ
754 1711 816 1763 ἐκ
844 1716 1191 1783 Πνεύματος
1233 1721 1390 1787 ἁγίου
1425 1725 1703 1789 γεννᾶται.
1734 1725 1893 1788 Τινὲς

304 1788 365 1883 δὲ
421 1791 517 1845 τοῦ
570 1797 737 1851 αὐτοῦ
796 1804 1091 1872 προσώπου
1144 1812 1273 1877 φασὶ
1322 1812 1419 1865 τό⁶
1485 1813 1545 1870 Ἡ
1597 1816 1726 1883 χεᾷ)
1776 1833 1891 1882 μου

2002 632 2135 701 piat,
2167 633 2438 695 retinere;
2465 645 2737 701 omneque
2789 630 3146 701 auguriorum
3184 636 3237 681 et
3289 628 3573 680 vaticiniu-

2001 738 2123 776 rum
2160 738 2331 793 genus
2351 763 2364 788 ,
2394 739 2610 778 omnem
2642 722 2875 791 denique
2930 720 3259 776 idololatriae
3282 728 3337 773 et
3366 717 3573 773 erroris

2000 828 2187 869 curam
2214 815 2485 884 deponere
2510 814 2831 868 adhortatur
2859 830 2873 866 :
2898 813 3043 884 quod
3064 811 3417 883 potestetiam
3446 824 3576 877 gen-

2001 906 2150 960 tibus
2177 907 2432 961 omnibus
2445 906 2760 963 convenire.
2778 904 3032 961 Nonnulli
3060 920 3223 974 porro
3241 904 3403 957 verba
3425 902 3527 954 ista
3556 916 3569 952 :

2001 996 2257 1050 Addat-ite
2272 997 2339 1049 ad
2368 1015 2465 1060 me,
2493 1008 2539 1051 et
2568 998 2744 1052 audite
2772 997 2905 1061 lure,
2928 996 3129 1052 Christi
3158 1010 3280 1050 esse
3299 993 3575 1047 arbitran-

2001 1097 2113 1150 tur,
2139 1097 2394 1155 tauquam
2455 1104 2513 1144 se
2539 1090 2644 1143 illis
2680 1097 2900 1159 propter
2930 1090 3171 1157 seipsum
3199 1087 3428 1140 salutem
3460 1083 3575 1135 lar-

2002 1178 2101 1248 giti
2133 1179 2492 1233 demonstret.
2522 1179 2615 1233 Illa
2645 1181 2843 1235 deinde
2881 1196 2894 1233 :
2929 1179 3052 1233 Non
3091 1179 3155 1231 ab
3185 1178 3336 1231 initio
3365 1175 3572 1229 locutus

2002 1272 2156 1323 sum?
2192 1277 2452 1336 tanquam
2478 1286 2537 1324 se
2569 1271 2639 1323 ab
2678 1272 2902 1340 antiquo
2947 1272 3050 1326 ista
3077 1272 3293 1323 occulte
3326 1281 3419 1337 per
3449 1280 3572 1331 ι)το-

2004 1363 2195 1431 phetas
2251 1363 2571 1431 priusquam
2618 1364 2842 1427 tierent,
2900 1362 3218 1433 pra-dixisse
3279 1358 3569 1425 signiticet.

2002 1454 2291 1515 Praeterea,
2335 1455 2480 1522 quod
2546 1456 2619 1507 ibi
2670 1472 2787 1508 sum
2842 1456 3112 1519 habetur;
3168 1461 3458 1520 antequam
3514 1462 3574 1502 se

2000 1546 2298 1598 videndum
2354 1548 2608 1599 omnibus
2668 1548 2956 1616 prmbcret,
3022 1546 3261 1613 idipsum
3291 1542 3402 1610 jam
3432 1539 3573 1608 apud

2004 1637 2171 1689 Deum
2223 1647 2349 1689 ante
2399 1637 2586 1690 mundi
2652 1638 3097 1691 etnistilutiuncm
3147 1636 3472 1704 pra‘liuitum
3521 1639 3574 1682 rt

2001 1727 2281 1782 decretum
2332 1728 2524 1794 fuisse,
2567 1729 2804 1797 indeque
2855 1730 2921 1782 Et
2965 1745 3101 1781 nunc
3134 1727 3392 1779 Dominus
3429 1723 3573 1774 misit

2000 1836 2101 1883 me,
2130 1831 2178 1873 et
2201 1819 2431 1887 Spiritus
2455 1822 2567 1889 ejus
2591 1822 2851 1890 adjicere.
2888 1820 2988 1886 Qui
3018 1821 3161 1875 enim
3190 1831 3403 1885 semper
3429 1814 3572 1883 apud

302 1883 665 1948 ἐθεμελίωσε
686 1890 800 1957 τὴν
836 1892 971 1962 γῆν,
1004 1898 1102 1951 καὶ
1135 1919 1171 1965 η
1207 1901 1375 1965 δεξιά
1411 1920 1530 1971 μου
1568 1906 1676 1956 τὸν
1713 1908 1891 1972 οὐρα-

2001 1911 2168 1965 Deum
2199 1913 2483 1973 remansit,
2520 1912 2660 1967 idem
2689 1928 2833 1967 llllllc
2864 1914 2915 1965 in
2948 1911 3156 1965 mundo
3198 1908 3372 1962 oculis
3398 1905 3573 1972 subji-

302 1974 418 2026 νὸν
443 1976 833 2049 ἐστερέωσεν.
868 1991 979 2043 Καὶ
1030 1993 1111 2056 τὸ,
1138 1996 1269 2047 Νῦν
1293 2000 1507 2065 Κύριος
1546 1997 1891 2054 ἀπέσταλκε

295 2084 377 2159 με
439 2072 532 2123 καὶ
581 2075 643 2126 τὸ
708 2080 951 2149 Πνεῦμα
1007 2086 1216 2152 αὐτοῦ,
1260 2090 1396 2159 ὅπερ
1439 2089 1769 2159 δημιουργὸν
1796 2092 1886 2143 τὸν

301 2158 397 2211 ἐπὶ
427 2161 531 2231 γῆς
564 2165 787 2222 ἐλθόντα
817 2174 1169 2245 παρίστησιν.

1999 2003 2160 2056 citur.
2188 2003 2279 2055 Es!
2317 2018 2442 2057 vero
2473 2002 2537 2057 dc
2564 2003 2726 2074 549
2742 2005 3081 2057 humanitate
3122 2003 3238 2070 ipsa
3306 1997 3572 2051 missionis

1998 2095 2137 2148 ratio
2169 2095 2513 2163 accipienda.
2546 2096 2714 2150 Adest
2736 2098 2881 2151 enim
2910 2095 3051 2150 Deus
3071 2096 3270 2162 ubique
3294 2091 3571 2153 omnibus;

1999 2186 2091 2239 scd
2115 2202 2141 2238 τι
2184 2186 2388 2255 Spiritu
2421 2192 2583 2243 etiam
2621 2190 2819 2243 missus
2849 2204 2970 2242 esse
3006 2187 3206 2241 dicitur
3229 2186 3273 2243 '.
3305 2193 3575 2253 quatenus

301 2266 335 2306 a
378 2253 585 2350 Spiritu
615 2273 806 2319 sancto
837 2280 1152 2337 generatur.
1207 2272 1323 2326 Non
1356 2273 1548 2329 desunt
1596 2288 1800 2346 tamen,
1844 2279 1935 2349 qui
1977 2279 2108 2335 illud
2142 2298 2154 2334 :
2192 2281 2384 2336 Manus
2411 2300 2526 2336 mea
2546 2284 2787 2350 [mulavit
2812 2292 3003 2335 terram
3029 2321 3043 2343 ,
3075 2292 3122 2334 et
3175 2282 3392 2335 dextera
3461 2290 3576 2327 mea

302 2348 491 2444 ctutum
516 2354 795 2424 stabilivit,
826 2368 881 2415 et
910 2360 1042 2416 illud
1074 2365 1259 2429 etiam,
1333 2365 1489 2420 Nunc
1536 2369 1791 2424 Dominus
1852 2348 1997 2423 misit
2073 2390 2190 2436 me;
2268 2376 2506 2444 itemque
2538 2348 2713 2429 illud:
2750 2374 2982 2441 Spiritus
3022 2373 3158 2441 ejus,
3222 2388 3333 2441 quo
3392 2369 3571 2439 opilex

303 2439 417 2510 ille,
449 2444 545 2514 qui
575 2445 630 2501 in
661 2454 865 2506 terram
902 2454 1076 2522 venit,
1098 2454 1462 2525 signiﬁcatur,
1483 2459 1733 2528 ejusdem
1764 2477 1886 2517 esse
1927 2479 2176 2534 persona:
2210 2439 2572 2521 arbitrentur.

902 2588 1156 2643 ΚΕΦΑΛ.
1191 2591 1323 2647 ΜΘ’.

375 2696 531 2765 α-ιγ’.
576 2698 903 2756 Ἀκούσατέ
952 2721 1093 2771 μου,
1147 2704 1349 2773 νῆσοι,
1378 2707 1475 2760 καὶ
1526 2709 1886 2778 προσέχετε,

302 2789 473 2858 ἔθνη.
490 2791 595 2845 Διὰ
609 2794 835 2861 χρόνου
863 2796 1099 2850 πολλοῦ
1120 2798 1436 2865 στήσεται,
1468 2799 1628 2868 λέγει
1654 2802 1890 2868 Κύριος.

315 2878 419 2933 Ἐκ
440 2882 678 2948 κοιλίας
698 2885 926 2951 μητρός
976 2903 1096 2954 μου
1149 2887 1404 2941 ἐκάλεσε
1445 2892 1507 2940 τὸ
1534 2888 1721 2957 ὄνομά
1746 2907 1888 2958 μου,

301 2975 405 3029 καὶ
456 2977 640 3043 ἔθηκε
699 2979 767 3032 τὸ
823 2981 1017 3049 στόμα
1039 3000 1181 3050 μου,
1217 2984 1297 3048 ὡς
1318 2983 1625 3051 μάχαιραν
1666 2984 1892 3047 ὀξεῖαν,

301 3067 545 3121 stutum)
570 3067 684 3136 τὴν
708 3072 951 3137 σκέπην
989 3072 1099 3138 τῆς
1152 3075 1350 3141 χειρὸς
1399 3075 1587 3129 αὐτοῦ
1664 3075 1898 3144 ἔκρυψέ

298 3176 400 3229 με.
434 3160 649 3227 Ἕθηκέ
674 3177 752 3229 με
808 3161 951 3214 ὡσεὶ
991 3163 1199 3226 βέλος»
1232 3164 1542 3228 ἐκλεκτὸν,
1584 3165 1679 3219 καὶ
1720 3165 1788 3217 ἐν
1824 3165 1898 3232 τῇ

298 3252 568 3319 φαρέτρῃ
597 3251 785 3305 αὐτοῦ
835 3252 1069 3321 ἔκρυψέ
1097 3271 1195 3323 με,
1228 3255 1325 3308 καὶ
1352 3252 1482 3308 εἴπέ
1497 3274 1629 3325 μοι’
1664 3258 1896 3326 Δοῦλός

295 3359 419 3411 μου
472 3337 533 3395 εἴ
571 3341 675 3399 σὺ,
710 3344 981 3411 Ἰσραὴλ,
1043 3346 1141 3398 καὶ
1200 3346 1269 3399 ἐν
1308 3348 1407 3400 σοὶ
1447 3346 1900 3416 ἑνδοξασθήσο-

296 3450 432 3503 μαι,
468 3450 523 3487 κ.
552 3451 603 3486 τ.
637 3433 686 3488 λ.

374 3548 458 3601 Τὰ
480 3547 795 3619 κατάλληλα
852 3551 967 3612 τοῖς
1016 3551 1289 3615 Ἰουδαίοις
1318 3552 1509 3618 εἰπὼν,
1537 3555 1628 3606 ἐπὶ
1651 3554 1747 3624 τὴν
1786 3551 1893 3605 τῶν

302 3640 476 3693 ἐθνῶν
500 3635 659 3702 αὖθις
707 3640 1036 3711 μετέρχεται
1101 3641 1348 3708 κλῆσιν,
1385 3642 1598 3696 καὶτοῦ
1640 3644 1894 3713 Σωτῆρος

300 3731 402 3800 τὴν
467 3731 814 3798 ἐπιφάνειαν.
859 3730 950 3783 Διὸ
1004 3726 1101 3794 τὰς
1157 3722 1507 3801 ἙκκλησίαςΔ
1541 3732 1894 3785 ἀνακαλεῖται

301 3823 543 3891 νήσους
573 3822 764 3887 εἰπὼν,
799 3823 875 3886 ὡς
920 3823 1187 3893 ἁλμυροῖς
1211 3824 1304 3876 τοῦ
1332 3823 1449 3892 βίου
1485 3826 1599 3893 ,καὶ
1626 3825 1736 3877 τῶν
1768 3841 1894 3878 πει-

305 3914 537 3984 ρασμῶν
598 3913 1070 3984 περικλυζομένας
1128 3917 1243 3978 τοῖς
1303 3915 1536 3984 κύμασι.
1585 3918 1760 3971 Τῗνων
1837 3918 1894 3970 δὲ

301 4006 361 4059 αἱ
408 4004 590 4073 νῆσοι
646 4005 824 4075 δηλῶν
881 4005 1132 4075 ἐπιφέρει
1160 4006 1272 4071 καὶ,
1337 4007 1693 4075 Προσέχετε,
1724 4008 1889 4075 ἔθνη,

306 4099 525 4169 μήποτε
554 4095 788 4166 νομισθῇ
820 4096 957 4164 πρὸς
1001 4096 1289 4159 Ἰουδαίους
1339 4098 1367 4150 ὁ
1402 4097 1577 4164 λόγος.
1618 4099 1727 4151 Καὶ
1751 4100 1778 4151 ὀ
1801 4098 1893 4168 μὲ-

302 4202 407 4253 γας
433 4185 490 4239 δὲ
515 4185 665 4253 λέγει
697 4184 864 4239 Δαὸίδ
885 4201 897 4214 ·
930 4203 949 4237 ι
992 4186 1051 4239 '0
1081 4187 1285 4255 Κύριος
1327 4187 1697 4254 ἐϐασίλευσεν,
1726 4189 1895 4257 ἀγαλ-

300 4279 567 4347 λιάσθωή
606 4277 1219 4348 γῆ.Εὑφραινέσοωσαν
1243 4280 1397 4348 νῆσοι
1436 4280 1649 4334 πολλαί.
1686 4301 1704 4333 ι
1746 4282 1811 4333 Τί
1834 4279 1892 4335 δὲ

301 4369 453 4437 λέγει
480 4371 594 4432 τοῖς
623 4371 847 4434 ἔθνεσι,
884 4367 958 4439 μὴ
987 4368 1127 4421 κατὰ
1157 4369 1249 4422 τὸν
1273 4369 1371 4440 τῆς
1401 4370 1738 4441 προᾳητείας
1773 4388 1892 4424 και-

303 4462 400 4531 pm
429 4459 540 4513 τῶν
571 4460 916 4529 πραγμάτων
943 4459 1312 4530 προσδοκῆσαι
1340 4460 1438 4530 τὴν
1475 4460 1719 4526 ἔκϐασιν,
1745 4462 1895 4531 μετὰ

302 4554 531 4620 χρόνον
558 4551 625 4604 δὲ
640 4551 965 4615 maiorer;
988 4550 1279 4616 Στήσεται
1296 4552 1372 4616 δὲ,
1400 4552 1621 4623 λέγει,ἢ
1650 4553 1710 4606 τὸ
1727 4554 1895 4621 ἑπαγ-

299 4642 513 4711 γελθὲν,
540 4642 656 4713 ἢτδ
678 4643 1178 4713 προφητευὸμενον.
1215 4643 1289 4696 Τὸ
1312 4643 1370 4697 δὲ
1407 4644 1505 4699 διὰ
1532 4645 1757 4713 χρόνου
1779 4662 1892 4715 μα-

298 4734 472 4802 κροῦ.
493 4735 796 4802 μακρόθεν
826 4734 1095 4797 ἐξέδωκαν
1123 4736 1172 4788 οἱ
1212 4735 1391 4788 λοιποὶ
1440 4738 1551 4799 τοῖς
1588 4736 1695 4804 πρὸ
1719 4738 1889 4807 αὐτῆς

2492 2600 2655 2670 550
2686 2599 2834 2655 CAP.
2884 2598 3074 2654 XLIX.

2070 2709 2226 2764 Vens.
2264 2711 2411 2764 1-15.
2438 2710 2631 2764 Audite
2657 2728 2755 2775 me,
2771 2712 2979 2775 insulae,
3005 2721 3053 2765 et
3073 2712 3347 2777 attendite,
3378 2720 3571 2781 gentes.

1997 2801 2127 2855 Post
2164 2803 2387 2854 multum
2412 2814 2610 2871 tempus
2645 2804 2826 2867 stabit,
2864 2803 2992 2856 dicit
3031 2803 3306 2857 Dominus.
3346 2803 3418 2857 De
3451 2821 3575 2857 ven-

1996 2904 2075 2946 tre
2111 2895 2297 2946 matris
2328 2911 2453 2946 mea!
2509 2894 2706 2947 vocarit
2737 2912 2922 2949 nomen
2971 2912 3176 2960 meum;
3221 2906 3271 2949 et
3302 2897 3480 2965 posuit
3517 2913 3575 2949 os

1996 2999 2190 3047 meum,
2222 2986 2394 3053 'quasi
2448 2985 2685 3053 gladium
2734 2998 2970 3050 acutum,
3033 2998 3080 3039 et
3130 2990 3225 3039 sub
3251 2989 3575 3053 protectione

1997 3091 2185 3128 manus
2215 3088 2324 3127 sua:
2351 3071 2618 3125 abscondit
2651 3089 2749 3123 me.
2784 3071 2968 3123 Paruit
3005 3089 3085 3124 me
3128 3084 3376 3141 tauquam
3414 3078 3572 3143 sagit-

1997 3180 2102 3221 tam
2128 3168 2363 3230 elecmm,
2387 3176 2431 3217 et
2462 3167 2510 3215 in
2537 3166 2785 3227 pharetra
2816 3179 2912 3213 sua
2938 3163 3207 3215 abscondit
3240 3181 3337 3223 me,
3362 3178 3408 3219 et
3436 3167 3571 3218 dixit

1997 3254 2164 3306 mihi:
2203 3253 2394 3307 Servus
2445 3270 2587 3306 meus
2646 3270 2698 3307 es
2748 3262 2825 3320 tu,
2855 3251 3051 3317 Israel,
3093 3260 3141 3306 et
3175 3253 3229 3305 in
3280 3261 3327 3306 te
3367 3251 3575 3321 glori/i-

1995 3345 2175 3407 cabor,
2211 3351 2317 3399 etc.

2070 3535 2226 3605 551
2254 3534 2549 3605 Postquam
2575 3550 2695 3604 quze
2729 3534 2930 3591 Judaeis
2949 3546 3339 3607 congruerent,
3366 3538 3571 3599 attulit,

2000 3627 2065 3681 ad
2109 3628 2350 3697 gentium
2386 3642 2531 3681 nunc
2556 3628 2897 3689 rocationem,
2931 3628 3224 3699 ipsumque
3272 3628 3575 3684 Salvatoris

1999 3718 2293 3772 adventum
2356 3719 2552 3773 iterum
2617 3734 2677 3773 se
2728 3719 2977 3785 confert;
3016 3720 3248 3789 ideoque
3303 3720 3575 3775 Ecclesiae

2000 3811 2149 3879 ipsas
2181 3808 2485 3861 insularum
2512 3810 2735 3863 nomine
2764 3808 3125 3877 signiﬁcatus,
3169 3816 3427 3876 tanquam
3465 3807 3577 3862 sal—

1999 3905 2077 3959 sis
2107 3914 2159 3957 ct
2189 3904 2393 3959 amaris
2426 3904 2591 3973 hujus
2625 3905 2768 3967 vitas,
2798 3904 3272 3972 teutatiouumque
3319 3900 3577 3956 ﬂuctibus

1998 3995 2240 4064 undique
2293 3998 2624 4060 obruantur,
2657 3997 2901 4053 excitare
2929 4004 3182 4051 conatur.
3217 3994 3401 4063 Neque
3440 4008 3576 4047 vero

1996 4101 2231 4157 quorum
2267 4086 2475 4141 insulas
2528 4088 2818 4157 intelligat,
2876 4088 3135 4158 ignorare
3185 4087 3409 4156 patitur.
3446 4099 3574 4138 cum

1998 4177 2267 4232 attendere
2295 4188 2471 4247 gentes
2508 4177 2776 4246 imperat;
2816 4193 2881 4232 ne
2920 4178 2987 4232 de
3011 4177 3216 4231 Judaeis
3260 4188 3574 4230 sermonem

1996 4286 2119 4328 esse
2157 4271 2281 4342 quis
2320 4271 2635 4325 arbitretur.
2670 4269 2814 4335 Quin
2838 4277 2892 4324 et
2922 4270 3064 4340 apud
3116 4283 3371 4338 magnum
3413 4265 3574 4321 Davi-

1997 4366 2118 4420 dem
2177 4365 2283 4419 ista
2317 4364 2549 4432 legimus
2580 4380 2592 4393 ·
2630 4382 2647 4414 ι
2678 4362 2946 4417 Dominus
3020 4361 3292 4429 regnarit,
3334 4357 3575 4413 exsultet

1997 4466 2161 4519 terra,
2212 4456 2467 4510 laetentur
2500 4455 2696 4510 insula;
2732 4455 2916 4507 multae
2946 4454 2989 4507 °.
3014 4472 3032 4505 ι
3065 4452 3207 4517 Quid
3245 4457 3327 4506 est
3365 4457 3570 4511 autem,

1996 4545 2141 4616 quod
2174 4556 2345 4616 gentes
2392 4546 2550 4616 jubet
2583 4561 2694 4601 non
2732 4547 2851 4615 ipso
2892 4545 3173 4614 propheta:
3221 4553 3465 4611 tempore
3490 4556 3574 4594 re-

1996 4654 2119 4695 rum
2152 4647 2434 4702 eventum,
2455 4639 2549 4694 sed
2580 4648 2697 4707 post
2730 4639 2943 4709 longum
2976 4648 3179 4706 tempus
3211 4644 3529 4703 exspectare
3550 4632 3575 4684 ?

1999 4732 2176 4787 Stabit
2202 4746 2349 4796 vero,
2372 4732 2549 4801 inquit
2576 4748 2588 4785 :
2612 4740 2705 4784 aut
2739 4732 2884 4800 quod
2925 4729 3310 4783 annuntialum
3338 4733 3457 4788 est,
3480 4733 3573 4777 aut

301 4825 595 4887 ἀποδόντες
644 4824 743 4894 τὴν
775 4824 940 4890 λέξιν.
970 4824 1127 4877 Οὕτω
1183 4826 1232 4891 γ’
1259 4820 1352 4877 οὖν
1408 4825 1733 4895 Σύμμαχος.
1768 4826 1876 4880 Kal

1995 4822 2132 4893 quod
2186 4823 2588 4892 prophetatum.
2620 4822 2725 4876 Pro
2771 4839 2881 4892 quo
2941 4822 3136 4875 deinde
3187 4828 3304 4888 post
3357 4816 3570 4885 longum

297 4915 629 4983 ἀκροᾶσθε,
656 4917 829 4983 ἔθνη,
854 4916 1175 4984 μακρόθεν,
1195 4918 1551 4986 ὲρμήνευσεν.
1604 4918 1801 4969 Σκόπει
1833 4918 1888 4971 δὲ

300 5008 466 5073 ὡςτὰ
494 5007 592 5062 νῦν
622 5008 650 5060 ὁ
690 5007 894 5078 Κύριος
942 5007 1111 5074 λέγει,
1146 5008 1241 5060 καὶ
1288 5009 1414 5079 περὶ
1446 5008 1636 5079 ἐτέρου
1679 5010 1886 5081 Κυρίου

299 5100 392 5154 διὰ
422 5100 530 5153 τῶν
567 5098 693 5169 ἑξῆς
712 5098 1040 5166 διαλέγεται,
1068 5098 1323 5168 γέννησίν
1340 5116 1397 5151 τε
1420 5099 1593 5167 λέγων
1615 5109 1642 5137 ι
1669 5101 1885 5165 ἑαυτοῦ,

300 5192 401 5246 καὶ
423 5189 686 5253 δουλείαν,
722 5190 816 5242 καὶ
839 5190 910 5241 τὰ
942 5190 1166 5242 τοιαῦτα
1206 5188 1401 5257 λέγων.
1441 5195 1657 5257 Κύριος
1684 5192 1751 5245 ἐκ
1780 5209 1885 5261 τα-

300 5284 491 5352 στρὸς
518 5280 779 5337 ἐκάλεσέ
836 5298 929 5351 με,
992 5282 1062 5334 ἐκ
1096 5285 1329 5350 κοιλίας
1352 5287 1581 5353 μητρός
1605 5301 1722 5353 μου
1777 5285 1885 5337 dr-

302 5371 534 5439 ἐμνησε
560 5372 628 5424 τὸ
652 5370 839 5439 ὄνομά
863 5388 1003 5439 μου.
1026 5371 1105 5425 Τὰ
1128 5373 1347 5445 μὲνγὰρ
1368 5374 1475 5444 πρὸ
1496 5374 1593 5444 τῆς
1622 5374 1890 5444 ὲνανθρω-

301 5467 528 5534 πήσεως
556 5462 795 5533 ὀνόματα
826 5462 1112 5532 πρόσφορα
1165 5468 1232 5536 τῇ
1265 5464 1385 5536 θείᾳ
1421 5466 1603 5535 φύσει,
1634 5464 1765 5529 Θεὸς
1793 5468 1887 5519 καὶ

375 5626 397 5658 ⁸
419 5623 612 5678 Matth.
645 5640 681 5689 ι,
714 5624 824 5691 20;
858 5624 986 5680 Luc.
1037 5644 1075 5690 ι,
1110 5627 1200 5683 53.
1281 5630 1300 5659 ⁸
1333 5626 1477 5684 Psal.
1510 5642 1652 5697 xcvn,
1687 5626 1740 5679 Ι.

1998 4924 2200 4981 tempus
2229 4913 2515 4977 habemus,
2551 4915 2617 4967 de
2648 4915 2795 4983 longe
2824 4914 3034 4975 caeteri,
3072 4921 3132 4965 ut
3159 4910 3224 4963 ad
3257 4907 3571 4979 praeceden-

1995 5009 2071 5060 tia
2108 5020 2291 5059 vucem
2320 5005 2613 5070 referrent,
2648 5006 3036 5070 reddiderunt;
3075 5002 3440 5074 Symmachus
3473 5016 3572 5054 au-

1996 5106 2125 5159 tem,
2154 5096 2219 5150 In.
2257 5098 2534 5162 attendite,
2563 5109 2759 5166 gentes,
2784 5098 2847 5151 de
2880 5097 3052 5167 longe.
3087 5098 3308 5148 Intuere
3343 5107 3470 5146 vero
3494 5094 3571 5145 uti

1995 5190 2063 5244 de
2094 5190 2455 5257 praisentibus
2483 5191 2741 5260 loquatur
2771 5189 3073 5253 Dominus;
3110 5186 3289 5254 deque
3319 5184 3428 5237 alio
3462 5182 3569 5235 Do-
3655 5252 3661 5259 _

1998 5282 2166 5346 mino,
2200 5296 2294 5350 per
2324 5296 2384 5336 ea
2426 5298 2548 5352 quae
2597 5290 2928 5353 sequuntur,
2958 5294 3115 5334 suam
3162 5279 3277 5347 ipse
3309 5275 3569 5328 nativita-

1999 5381 2106 5427 tem
2133 5381 2187 5426 ct
2218 5374 2558 5440 servitutem,
2619 5381 2925 5442 ceteraque
2969 5368 3238 5441 ejusmodi
3263 5367 3566 5435 explicans,

1994 5465 2259 5533 disputet,
2290 5480 2414 5519 cum
2464 5465 2581 5521 ait:
2626 5465 2884 5521 Dominus
2926 5463 2988 5518 de
3033 5472 3206 5516 ventre
3232 5458 3432 5514 t'ocavit
3471 5478 3578 5513 mc.

1615 5760 1848 5817 VARle
1886 5759 2291 5822 LECTIONES.

371 5838 489 5901 ’ΤΡ
536 5832 660 5904 πρό.
741 5846 766 5874 κ
798 5834 903 5907 ὀρ.
934 5833 998 5890 τὸ
1026 5833 1217 5905 λέγων.
