4262 6434
681 404 824 466 2563
1967 404 2319 464 PROCOPII
2362 404 2608 464 GAZAZI
3816 396 3966 458 9-161

684 513 757 566 De
781 523 927 568 utero
955 518 1141 571 matris
1192 535 1317 572 mea:
1367 516 1675 572 recordatus
1737 528 1812 570 est
1865 519 2092 571 nominis
2134 519 2254 570 mei.
2287 526 2367 582 At

2287 526 2332 582 Α
2362 515 2499 585 ζωὴ,
2524 516 2618 568 καὶ
2651 517 2788 584 φῶς,
2827 516 3010 585 σοφία,
3051 517 3145 569 καὶ
3200 515 3452 583 δύναμις,
3485 517 3572 568 καὶ
3617 514 3682 566 τὰ
3709 514 3960 568 retain.

683 603 882 657 llabuit
922 607 1068 660 enim
1131 616 1258 661 ante
1315 607 1712 661 incarnationis
1771 617 1988 676 tempus
2040 606 2263 660 nomina
2365 615 2366 621 ‘

2365 607 2441 660 Τὸ
2485 607 2541 659 δὲ
2569 608 2825 676 Χριστὸς,
2857 609 2952 660 καὶ
2995 606 3223 677 Ἰησοῦς,
3250 608 3365 666 καλ,
3391 605 3524 658 Μεθ’
3562 605 3720 675 ἡμῶν
3753 608 3779 657 6
3808 604 3965 665 856;.

678 693 877 750 divina:
903 707 1109 752 natura:
1141 714 1406 768 congrua,
1451 697 1612 760 Deus,
1644 699 1778 763 vita,
1813 697 2020 759 lumen,
2043 697 2264 766 sapieno

679 787 779 848 tia,
822 789 1016 850 virtus,
1075 799 1129 844 ct
1177 791 1380 844 similia
1420 809 1432 844 :
1467 791 1558 844 scd
1610 789 1889 853 Christus,
1927 797 1980 842 et
2002 788 2184 853 Jcsus,
2211 797 2264 842 et

675 876 970 934 Nobiscum
1033 880 1197 945 Deus,
1245 882 1310 935 ad
1368 897 1452 946 ea,
1487 896 1608 950 quae
1653 881 2020 936 oeconomiam
2073 890 2263 934 secuta

682 976 834 1032 sunt,
897 978 1158 1039 tempora’
1203 972 1536 1026 referuntur.
1571 971 1724 1026 Unde
1765 981 1894 1025 sunt
1935 981 1990 1024 et
2027 972 2117 1024 illa
2156 970 2264 1025 Ga-

685 1061 876 1114 brielis
906 1063 970 1115 ad
1005 1063 1283 1132 Virginem
1321 1081 1334 1116 :
1377 1083 1394 1113 1
1434 1063 1497 1116 Et
1524 1065 1703 1132 paries
1736 1063 1926 1127 filium,
1960 1073 2012 1116 et
2039 1062 2262 1115 vocabis

685 1165 882 1203 nomen
909 1153 1031 1220 ejus
1065 1151 1316 1217 Jesum';
1363 1173 1380 1204 ι
1422 1154 1585 1222 cujus
1636 1161 1697 1206 ut
1749 1152 2263 1221 interpretationem

685 1241 926 1306 doceret,
969 1243 1144 1311 1lpse
1193 1246 1339 1298 enim
1387 1245 1649 1313 populum
1710 1259 1869 1298 suum
1931 1258 1961 1295 a
2022 1243 2263 1312 peccatis

684 1348 876 1386 eorum
926 1333 1246 1400 liberabit',
1289 1353 1306 1384 ι
1346 1334 1620 1403 adjunxit.
1659 1336 1727 1387 At
1758 1331 2058 1389 Nobiscum
2102 1331 2262 1397 Deus,

683 1439 749 1476 ex
788 1431 997 1478 naturae
1025 1433 1079 1478 et
1135 1426 1456 1480 mconomia:
1501 1425 1712 1480 ratione
1766 1426 2000 1479 inditum
2051 1435 2170 1491 est;
2207 1433 2266 1480 ut

680 1513 840 1568 Jesus
899 1531 928 1568 a
982 1516 1244 1571 facultate
1292 1525 1346 1571 et
1375 1518 1602 1573 viribus.
1638 1517 1794 1572 Unde
1815 1531 1868 1572 et
1895 1517 2262 1580 Salvatorem,

683 1607 738 1658 id
786 1616 871 1661 est
916 1607 1225 1673 Christum,
1275 1611 1328 1662 in
1365 1609 1590 1665 Davidis
1627 1610 1853 1664 civitate
1902 1619 2090 1663 natum
2120 1624 2263 1674 esse,

682 1698 1002 1765 pastoribus
1030 1701 1341 1753 nuntiatum
1367 1707 1468 1755 est.
1503 1699 1614 1754 Nec
1646 1716 1776 1755 vero
1800 1700 1946 1755 aliud
1979 1700 2264 1768 Christus,

681 1801 845 1854 qnam
877 1797 1102 1842 unctum
1143 1789 1440 1858 signiﬁcat,
1475 1789 1623 1858 quod
1658 1797 1810 1844 certe
1871 1799 2000 1846 ante
2037 1807 2267 1848 (nconc-

2369 698 2507 767 μετὰ
2537 699 2634 768 τὴν
2663 699 2977 764 οἰκονομίαν
3000 698 3253 767 ἁρμόδια.
3279 699 3504 764 Ἔλεγεν
3529 698 3637 767 γὰρ
3662 698 3689 748 6
3724 696 3968 765 Γαϐριὴλ

2369 794 2436 861 τῇ
2473 791 2756 862 Παρθένῳ,
2784 811 2801 843 ι
2843 792 2952 845 Καὶ
2989 791 3117 864 τέξῃ
3144 793 3279 855 υίὸν,
3323 792 3416 843 καὶ
3446 791 3697 852 καλέσεις
3716 791 3776 842 τὸ
3791 791 3966 858 ὄνομα

2367 879 2530 933 αὑτοῦ
2567 880 2802 947 Ἰησοῦν
2825 897 2837 909 ·
2890 899 2907 931 ι
2946 881 3042 934 καὶ
3082 881 3180 950 τὴν
3222 879 3504 949 σημασίαν
3537 879 3714 948 δηλῶν
3749 879 3968 947 ἐπήγα-

2368 988 2484 1038 γεν,
2515 989 2533 1021 1
2567 971 2740 1034 Αὐτὸς
2799 971 2909 1041 γὰρ
2968 971 3133 1024 σώσει
3187 972 3278 1022 τὸν
3330 970 3456 1024 λαὸν
3510 970 3675 1023 αὑτοῦ
3716 969 3823 1021 ἀπὸ
3853 969 3967 1020 τών

2368 1062 2654 1132 ἁμαρτιῶν
2702 1061 2902 1116 αὐτῶν.
2948 1082 2965 1114 ι
2999 1063 3072 1116 Τὸ
3129 1062 3205 1126 δὲ,
3232 1062 3369 1115 Μεθ’
3415 1062 3573 1131 ἡμῶν
3616 1065 3643 1114 6
3670 1062 3822 1125 θεὸς,
3855 1061 3965 1112 ἀπὸ

2367 1154 2464 1223 τῆς
2493 1154 2711 1221 φύσεως
2767 1155 2861 1207 καὶ
2888 1155 2988 1224 τῆς
3016 1155 3331 1224 οἰκονομίας
3365 1155 3587 1225 ὲρῤἐθη,
3618 1154 3693 1215 ώς
3723 1155 3830 1206 ἀπὸ
3864 1153 3965 1221 τῆς

2368 1243 2650 1312 ἐνεργείας
2679 1243 2738 1296 τὸ
2783 1243 3043 1310 Ἰησοῦς.
3075 1244 3167 1296 Διὸ
3186 1245 3280 1296 καὶ
3310 1247 3421 1306 τοῖς
3455 1246 3710 1311 ποιμέσιν
3742 1244 3962 1312 ἐλέχθη.

2367 1336 2448 1390 ὅτι
2487 1335 2712 1405 Ἐτέχθη
2748 1337 2986 1406 σήμερον
3016 1335 3229 1403 Σωτὴρ.
3258 1337 3286 1388 6
3317 1339 3430 1388 ἐστι
3455 1336 3690 1403 Χριστὸς
3732 1336 3960 1405 Κύριος,

2368 1427 2428 1479 ὲν
2483 1428 2635 1480 πόλει
2685 1427 2883 1481 Δαὸίδ·
2934 1428 3169 1499 Χριστὸς
3196 1429 3276 1492 δὲ,
3311 1429 3386 1491 ώς
3423 1430 3805 1497 κεχρισμένος,
3841 1429 3868 1479 ὃ
3895 1429 3962 1497 δὴ

2369 1518 2476 1587 πρὸ
2501 1519 2599 1589 τῆς
2631 1519 2939 1587 οἰκονομίας
2967 1521 3066 1590 οὐχ
3103 1522 3398 1590 ἥρμοττεν.
3440 1519 3677 1588 Τεθῆναι
3728 1521 3784 1572 δέ
3823 1537 3961 1587 φησι

2369 1610 2428 1663 τὸ
2464 1611 2660 1680 στόμα
2693 1611 2879 1666 αὑτοῦ
2920 1613 3002 1677 ὡς
3034 1612 3340 1681 μάχαιραν
3384 1612 3610 1675 ὀξεῖαν.
3650 1614 3758 1664 Καὶ
3794 1611 3963 1664 ἀλλα-

2369 1702 2467 1774 χοῦ
2499 1704 2607 1774 γάρ
2639 1721 2772 1774 φησι
2795 1721 2812 1738 ο
2847 1724 2865 1755 1
2897 1705 3005 1757 Ka‘t
3031 1707 3087 1757 ὲν
3113 1704 3387 1774 πνεύματι
3419 1705 3506 1756 διὰ
3534 1704 3759 1774 χειλέων
3780 1705 3963 1756 ἀνελεῖ

2371 1793 2566 1863 ἀσεϐῆ.
2600 1813 2618 1845 ι
2671 1795 2764 1860 Ὠς
2780 1795 3086 1864 μάχαιραν
3113 1791 3227 1850 οὖν
3256 1813 3422 1865 φησιν
3457 1796 3661 1860 ὀξεῖαν
3681 1798 3961 1865 τμητικήν

681 1879 846 1931 miam
878 1881 1175 1934 convenire
1227 1895 1336 1934 non
1388 1881 1592 1949 potuit.
1649 1881 1831 1948 Pergit
1859 1889 2071 1946 autem,
2114 1892 2169 1936 et
2207 1900 2265 1937 os
2296 1885 2340 1941 Β

2296 1885 2340 1941 Β
2367 1901 2426 1937 τε
2449 1886 2544 1938 καὶ
2575 1885 2945 1954 ἀφορίζουσαν
3003 1888 3131 1950 τοὺς
3181 1885 3365 1950 ἀξίους
3409 1886 3546 1940 Θεοῦ
3584 1887 3692 1939 ἀπὸ
3737 1889 3844 1938 τῶν
3880 1887 3957 1954 μὴ

680 1987 835 2022 suum
866 1981 1116 2039 tanquam
1145 1971 1381 2040 gladium
1410 1981 1622 2025 acutum
1657 1973 1886 2037 positum
1923 1987 2049 2027 esse
2087 1974 2261 2044 signi-

682 2063 826 2116 ficat.
857 2063 948 2116 Ait
972 2065 1118 2116 enim
1146 2065 1313 2118 etiam
1349 2065 1551 2117 alicubi
1586 2081 1598 2116 :
1627 2063 1784 2133 552
1815 2083 1833 2114 1
1869 2064 1932 2117 Et
1962 2065 2156 2134 spiritu
2183 2066 2262 2118 la-

679 2153 896 2206 biornm
916 2155 1210 2209 interliciet
1233 2156 1456 2223 impium
1477 2156 1519 2209 '.
1555 2175 1571 2206 ι
1592 2157 1732 2224 Ergo
1752 2167 2007 2222 tanquam
2025 2157 2264 2227 gladium

681 2257 896 2298 acutum
922 2265 1032 2301 esse
1067 2249 1264 2314 inquit,
1326 2248 1416 2316 qui
1454 2248 1670 2317 dignos.
1725 2249 1792 2301 ab
1838 2250 1924 2314 iis,
1981 2251 2073 2320 qui
2128 2252 2267 2307 tales

681 2353 790 2391 non
820 2345 969 2400 sunt,
1002 2337 1211 2391 dividat
1247 2352 1312 2390 ac
1369 2345 1608 2406 separet.
1681 2340 1770 2391 Ait
1805 2341 1949 2393 enim
2023 2343 2074 2394 in
2129 2342 2446 2412 Evangeliis
2485 2360 2497 2394 :

2369 1978 2650 2032 τοιούτων.
2680 1979 2823 2046 Φησὶ
2855 1978 2964 2048 γὰρ
3004 1979 3063 2030 ὲν
3088 1979 3475 2045 Εὐαγγεριξοιςο
3515 1999 3531 2030 1
3573 1979 3663 2048 Μὴ
3695 1975 3958 2050 νομίσῆτε

2371 2070 2451 2123 ὃτι
2482 2065 2647 2138 ἦλθον
2671 2070 2894 2140 είρὴνην
2937 2069 3118 2138 βαλεῖν
3169 2069 3263 2121 ἐπὶ
3323 2070 3424 2140 τὴν
3477 2071 3598 2140 γῆν.
3639 2073 3752 2124 Οὐκ
3792 2067 3965 2141 ἦλθον

2377 2160 2561 2230 βαλεῖν
2583 2162 2832 2232 εἰρήνην,
2877 2161 3013 2215 ἀλλὰ
3067 2162 3364 2233 μάχαιραν,
3404 2181 3422 2214 ›
3471 2164 3566 2215 καὶ
3590 2163 3656 2216 τὰ
3713 2164 3960 2218 61:11:06-

2378 2270 2513 2315 τοις.

2571 2365 2588 2395 1
2629 2343 2708 2400 Ne
2777 2346 2983 2415 putetis
3075 2348 3220 2416 quod
3286 2349 3528 2402 venerint
3584 2356 3642 2403 ut
3684 2364 3870 2418 pacem
3903 2352 3954 2406 in

680 2441 882 2483 terram
920 2430 1212 2484 mitterem.
1265 2429 1383 2482 Non
1445 2433 1566 2484 veni
1630 2443 1686 2485 ιιι
1725 2449 1911 2501 pacem
1954 2436 2254 2497 mitterem,
2301 2438 2395 2490 sed
2439 2445 2496 2491 ut
2531 2439 2770 2508 gladium
2810 2439 2888 2505 ’°;
2916 2460 2938 2490 ›
2978 2449 3032 2494 et
3053 2457 3174 2510 qua:
3211 2441 3492 2511 deinceps.

751 2519 892 2585 Quin
925 2531 982 2574 et
1019 2521 1134 2588 ipsa
1175 2520 1453 2591 Evangelii
1491 2525 1891 2594 promulgatio,
1927 2527 2137 2596 gladius
2171 2529 2262 2582 ad-

679 2630 876 2667 versus
908 2613 1114 2668 diaboli
1147 2615 1497 2683 tyrannidem
1529 2615 1762 2668 exstitit.
1807 2616 1965 2671 Dedit
2002 2634 2129 2673 vero
2161 2635 2262 2674 no-

682 2707 764 2760 bis
792 2716 842 2759 et
876 2706 1053 2774 ipsum
1087 2705 1315 2773 spiritus
1339 2707 1602 2774 gladium,
1628 2707 1678 2760 id
1709 2717 1792 2761 est
1818 2707 1906 2761 Dei
1935 2712 2161 2764 verbum
2196 2713 2264 2779 “,

681 2798 840 2866 cujus
876 2811 978 2865 ope
1008 2798 1317 2850 da‘monum
1381 2796 1598 2851 fraudes
1637 2801 2016 2867 propellimus.
2067 2804 2131 2856 Et
2157 2804 2260 2856 ali-

683 2889 810 2942 cnbi
847 2889 1010 2942 etiam
1037 2889 1178 2957 apud
1211 2888 1534 2957 prophetam
1577 2892 1823 2959 reperias
1858 2910 1870 2944 :
1913 2912 1929 2944 1
1965 2895 2018 2947 In
2045 2894 2132 2950 die
2171 2897 2263 2949 illa

682 2981 902 3034 inducet
933 2979 1072 3034 Dens
1105 2994 1324 3034 sacrum
1361 2979 1625 3048 gladium,
1662 2996 1944 3050 magnum,
1978 2985 2029 3038 in
2065 2987 2264 3040 draco-

683 3088 805 3128 nem
834 3073 1142 3135 sinuosum,
1193 3087 1426 3142 eumque
1483 3073 1776 3128 interiiciet
1804 3076 1867 3128 ".
1913 3095 1931 3126 ι
1964 3076 2268 3133 Conveniet

682 3178 813 3217 vero
845 3172 897 3214 et
927 3163 1133 3215 sanctis
1167 3161 1302 3230 ipsis
1337 3161 1557 3226 oratio;
1595 3162 1832 3232 indeque
1853 3172 1960 3227 est,
1985 3169 2131 3235 quod
2153 3169 2268 3237 spi-

685 3255 792 3308 ritu
813 3256 918 3308 oris
961 3254 1043 3308 sui
1077 3254 1342 3306 Ananiam
1377 3261 1431 3307 et
1474 3252 1804 3323 Sapphiram
1844 3256 2065 3312 Petrum
2100 3261 2268 3314 inter—

2443 2531 2555 2584 Kal.
2610 2530 2671 2583 τὸ
2726 2533 3084 2599 εὖαγγελικὸν
3111 2533 3167 2586 δὲ
3197 2535 3476 2604 κήρυγμα,
3525 2535 3793 2604 μάχαιρα
3817 2537 3965 2590 κατὰ

2369 2622 2471 2690 τῆς
2499 2623 2594 2675 τοῦ
2617 2623 2866 2676 διαϐόλου
2891 2625 3207 2694 τυραννίδος
3238 2626 3477 2691 ἐγένετο.
3512 2626 3722 2678 Δέδωκε
3753 2628 3806 2679 δὲ
3828 2631 3967 2696 ἡμῖν

2371 2711 2464 2762 καὶ
2493 2711 2590 2779 τὴν
2621 2710 2715 2763 τοῦ
2748 2713 3062 2780 πνεύματος
3085 2712 3406 2780 μάχαιραν,
3439 2714 3465 2764 6
3484 2714 3598 2764 ἐστι
3625 2715 3774 2781 ῥῆμα
3801 2713 3963 2775 Θεοῦ,

2370 2803 2436 2855 δι’
2457 2799 2518 2856 οὗ
2553 2807 2666 2866 τοῖς
2704 2805 3011 2868 ἐπιϐούλοις
3072 2803 3510 2873 ἀντανιστάμεθα
3561 2805 3799 2874 δαίμοσι.
3856 2807 3966 2857 Καὶ

2369 2892 2604 2960 ἀλλαχοῦ
2659 2893 2714 2945 δέ
2763 2909 2929 2962 φησιν
2996 2894 3025 2944 6
3066 2894 3384 2962 προφήτης·
3443 2913 3462 2944 1
3507 2895 3598 2946 ’Ev
3654 2897 3720 2964 τῇ
3779 2894 3967 2964 ἡμέρα

2370 2983 2554 3052 ἐκείνῃ
2588 2982 2778 3046 ἐπάξει
2809 2986 2835 3035 6
2863 2983 2996 3045 Θεὸς
3053 2983 3152 3052 τὴν
3201 2984 3480 3054 μάχαιραν
3509 2985 3609 3053 τὴν
3641 2985 3827 3050 ἁγίαν,
3862 2987 3964 3053 τὴν

2375 3071 2638 3140 μεγάλην,
2678 3071 2770 3122 ἐπὶ
2801 3071 2891 3122 τὸν
2915 3070 3185 3137 δράκοντα
3209 3073 3332 3139 ὅφιν
3363 3071 3598 3138 σκολιὸν,
3631 3074 3722 3126 καὶ
3746 3074 3963 3143 ἀναιρεῖ

2371 3164 2462 3214 τὸν
2492 3162 2780 3231 δράκοντα.
2818 3181 2836 3212 ι
2877 3163 3142 3233 ’Δρμὸσει
3169 3162 3225 3215 δὲ
3259 3163 3487 3226 καὶτοῖς
3527 3163 3704 3231 ἁγίοις
3726 3166 3753 3216 6
3779 3164 3960 3230 λόγος.

2374 3253 2464 3323 Τῷ
2496 3253 2656 3320 γὀὖν
2683 3254 2824 3323 λόγῳ
2851 3254 2958 3307 τοῦ
2990 3255 3288 3322 στόματος
3315 3253 3480 3306 αὐτοῦ
3511 3255 3717 3324 Πέτρος
3751 3255 3962 3308 ἀνεῖλεν

687 3350 884 3403 fecisse
909 3349 1139 3416 legimus
1171 3348 1212 3378 “
1242 3366 1256 3404 :
1297 3348 1442 3416 quod
1488 3346 1780 3402 Ezechiam
1835 3351 1964 3404 item
2001 3351 2264 3421 Rapsacm
2292 3350 2333 3406 C

2292 3350 2333 3406 C
2384 3345 2635 3397 Ἀνανίαν
2663 3363 2720 3397 τε
2769 3347 2864 3397 καὶ
2918 3347 3266 3414 Σαπφειραν.
3297 3345 3406 3397 Καὶ
3440 3344 3574 3414 εὐχὴ
3619 3345 3677 3398 δὲ
3716 3346 3961 3410 Ἐζεκίου

684 3442 984 3496 exercitum
1014 3441 1270 3510 precibus
1301 3439 1515 3496 fudisse
1548 3441 1631 3505 ἰς
1665 3443 1809 3509 quod
1848 3439 2079 3496 Paulum
2113 3446 2267 3498 deni-

685 3549 791 3599 que
820 3533 986 3584 verbo
1015 3531 1130 3585 oris
1187 3532 1271 3584 sui
1323 3530 1566 3600 Elymam
1630 3533 1943 3588 obcaacasse
1979 3535 2043 3587 ".
2073 3533 2267 3590 Postea

686 3622 912 3690 adjicit:
959 3620 1066 3674 Sub
1117 3621 1441 3687 protection:
1475 3638 1664 3675 manus
1700 3639 1812 3675 sua!
1857 3625 2134 3679 abscondit
2167 3643 2266 3690 me,

688 3722 747 3766 nt
777 3714 960 3766 multis
991 3713 1229 3782 ignotam
1282 3713 1632 3768 assumenda:
1670 3715 1854 3768 carnis
1904 3720 2266 3770 meonomiam

687 3805 1085 3859 subindicaret.
1122 3803 1216 3857 Est
1254 3818 1384 3857 vero
1411 3818 1439 3856 a
1468 3802 1632 3858 Patre
1670 3805 1836 3858 etiam
1873 3807 2073 3876 sagitta
2103 3808 2268 3862 electa

685 3900 910 3964 positus,
933 3905 988 3949 ut
1013 3912 1108 3951 eos
1138 3896 1318 3958 feriat,
1349 3895 1444 3964 qui
1468 3896 1701 3963 spiculis
1724 3897 1899 3967 ipsius
1924 3899 2072 3969 digni
2107 3913 2265 3967 sunt;

687 4004 798 4057 quo
832 4003 984 4040 more
1008 4003 1064 4040 se
1090 3985 1387 4040 dilectione
1413 4000 1732 4054 percussam
1767 3990 1949 4041 anima
1981 3991 2180 4044 cecinit
2203 3993 2265 4048 “.

688 4083 834 4134 ldem
873 4079 1129 4133 nimirqu
1163 4078 1217 4131 in
1241 4093 1428 4143 carne,
1484 4093 1650 4147 quam
1714 4087 1773 4132 ut
1828 4079 2010 4148 dignis
2059 4091 2269 4138 tantum

689 4183 1030 4233 cerneretur,
1087 4169 1412 4239 assumpsit,
1466 4177 1729 4240 tanquam
1783 4172 1834 4224 in
1880 4173 2148 4239 pharetra,
2185 4190 2271 4227 re-

689 4264 964 4319 conditus.
999 4261 1255 4314 Nonnulli
1283 4261 1464 4316 verbis
1489 4261 1633 4323 istis,
1665 4261 1774 4316 Sub
1805 4265 2126 4331 protectione
2158 4283 2272 4319 ma-

690 4374 788 4409 nus
821 4371 931 4410 sua:
959 4355 1130 4422 posuit
1164 4369 1264 4409 me.
1298 4349 1493 4405 Filium
1543 4353 1744 4421 ipsum,
1773 4357 1937 4408 etiam
1998 4364 2270 4424 quatenus

695 4449 854 4498 homo
881 4447 1055 4499 fartus
1083 4452 1188 4503 est,
1222 4457 1250 4495 a
1286 4441 1445 4496 Patre
1485 4458 1594 4496 non
1630 4452 1946 4512 separatum
1986 4461 2130 4507 esse,
2177 4461 2270 4498 na-

693 4548 978 4604 turamque
1029 4532 1636 4601 incomprehensibilem
1715 4540 1769 4586 et
1834 4533 2280 4602 insuperabilem'

691 4632 893 4683 habere
945 4627 1108 4696 (quod
1167 4627 1212 4680 ei
1251 4627 1412 4678 etiam
1471 4640 1566 4694 per
1614 4626 2000 4688 meonomiam,
2051 4625 2270 4680 Davidis

692 4721 1029 4782 testimonio,
1068 4717 1446 4781 servabantur,
1473 4731 1596 4769 cum
1645 4715 1762 4767 ait:
1807 4732 1823 4764 1
1873 4713 1990 4768 Non
2027 4717 2273 4784 proficiet

691 4809 948 4861 inimicus
987 4807 1153 4869 ineo,
1211 4816 1263 4859 et
1320 4807 1463 4860 filius
1526 4805 1839 4874 iniquitatis
1894 4820 2000 4859 non
2036 4817 2273 4875 apponet

692 4899 961 4956 noceret-.i
990 4900 1052 4960 ",
1099 4916 1116 4948 ›
1155 4905 1462 4965 επιιοιιιίιιιθ
1507 4911 1630 4964 qua:
1675 4897 2027 4965 sequuntur),
2060 4898 2270 4965 signiﬁ-

693 4991 805 5044 cari
839 4990 1149 5043 voluerunt.
1195 4987 1447 5040 Plurima:
1470 4996 1648 5040 autem
1680 5001 1802 5039 cum
1831 4987 1924 5041 Dei
1966 4988 2267 5042 secundum

693 5095 938 5150 tempora
987 5081 1198 5149 sagitta:
1232 5079 1455 5141 fuerint,
1507 5094 1612 5130 una
1655 5086 1781 5132 ante
1842 5095 2033 5133 omnes
2075 5080 2265 5144 electa,

693 5186 745 5228 et
775 5175 998 5235 eximia,
1024 5173 1276 5227 Christus
1304 5173 1419 5239 ipse
1449 5171 1501 5224 in
1548 5168 1723 5225 Patris
1752 5171 2108 5239 pricnotione,
2147 5183 2267 5227 tau-

693 5283 852 5332 quam
902 5267 954 5317 iu
986 5264 1238 5332 pharetra
1283 5261 1622 5327 reconditus,
1674 5265 1844 5318 malas
1883 5264 1936 5316 in
1982 5272 2127 5318 terra
2168 5280 2266 5333 po-

692 5368 918 5414 testates
954 5359 1188 5420 feriens,
1234 5357 1461 5410 vulnere
1507 5357 1749 5410 sustulit.
1813 5355 1874 5409 Et
1919 5358 2058 5409 dixit
2116 5359 2264 5421 mihi,

691 5451 900 5518 adjicit,
924 5447 1114 5503 Serrus
1152 5464 1296 5502 meus
1323 5464 1376 5502 es
1418 5458 1494 5512 tu,
1537 5446 1730 5500 Israel.
1753 5448 1994 5518 Corpore
2022 5448 2266 5517 quidem,

785 5563 804 5592 ⁷
838 5560 969 5613 an.
1007 5578 1044 5620 I,
1070 5562 1156 5614 3|.
1255 5560 1276 5590 ⁸
1309 5557 1498 5611 Matth.
1525 5575 1561 5622 ι,
1591 5559 1680 5612 ‘ll.

694 5633 738 5664 ³³
770 5636 892 5686 Aet.
925 5648 975 5692 v,
1010 5633 1034 5684 1
1069 5646 1220 5699 seqq.
1301 5631 1340 5659 "'
1367 5630 1468 5685 lsa.
1494 5647 1693 5692 sum,
1733 5636 1912 5689 33-36-

1758 5562 1777 5592 °
1811 5562 1910 5615 lsa.
1945 5576 2016 5614 ιιι.
2047 5561 2097 5614 ιι.
2182 5562 2223 5592 ¹⁰
2257 5559 2444 5614 Matth.
2483 5578 2535 5623 κ,

2017 5632 2056 5660 ⁸³
2083 5635 2202 5685 Art.
2233 5648 2352 5692 xm,
2395 5633 2472 5683 ll.

2374 3439 2466 3490 τὸν
2510 3437 2792 3507 Ῥαψάκην
2811 3437 3100 3508 ἐτρέψατο.
3136 3437 3346 3505 Τυφλδν
3369 3437 3425 3489 δὲ
3456 3437 3600 3506 λόγῳ
3626 3438 3721 3490 καὶ
3753 3438 3963 3501 Παῦλος

2375 3524 2467 3576 τὸν
2493 3523 2729 3592 Ἐλύμαν
2760 3525 3040 3592 εποίησεν.
3079 3525 3204 3577 Ἐπὶ
3225 3525 3438 3587 τούτοις
3471 3528 3659 3594 φησιν,
3677 3526 3690 3542 ⁹
3708 3527 3824 3580 Tm)
3848 3529 3965 3592 τὴν

2376 3613 2616 3682 σκέπην
2650 3613 2760 3681 τῆς
2789 3615 2982 3682 χειρὸς
3010 3615 3198 3669 αὑτοῦ
3219 3615 3449 3682 ἔκρυψέ
3474 3633 3573 3684 με,
3601 3615 3698 3686 τὴν
3732 3618 3965 3680 πολλοὺς

2376 3707 2750 3759 λανθάνουσαν
2806 3707 2905 3775 τῆς
2967 3711 3026 3760 ἑν
3073 3709 3240 3778 σαρκὶ
3301 3709 3602 3776 παρουσίας
3652 3711 3968 3778 οἰκονομίαν

2379 3797 2822 3868 ὑπαινιξάμενος.
2864 3799 3118 3853 Τέθειται
3145 3800 3214 3852 δὲ
3247 3801 3340 3851 καὶ
3363 3799 3555 3864 βέλος
3579 3801 3683 3852 ὑπὸ
3709 3801 3805 3853 τοῦ
3849 3803 3965 3854 Πα-

2377 3891 2536 3960 τέρος
2568 3891 2877 3956 ἐκλεκτὸν,
2913 3892 2998 3944 ἵνα
3019 3892 3299 3961 τιτρώσκῃ
3323 3892 3448 3952 τοὺς
3479 3891 3666 3954 ἀξίους
3689 3892 3798 3944 τῶν
3829 3893 3964 3943 ἑαυ-

2377 3982 2472 4035 τοῦ
2492 3982 2732 4053 κέντρων
2759 3983 2922 4051 (κατὰ
2949 3983 3049 4050 τὴν
3081 3984 3347 4050 λέγουσαν
3368 3983 3570 4052 ψυχὴν,
3592 4001 3608 4032 ι
3635 3985 3965 4053 Τετρωμένη

2377 4075 2598 4142 ἀγάπης
2627 4074 2736 4141 ἐγὼ
2762 4083 2831 4141 ι),
2861 4074 2890 4127 6
2917 4075 3010 4126 καὶ
3039 4075 3193 4135 αὐτὸ,
3218 4076 3296 4136 ώς
3323 4078 3379 4127 ὲν
3409 4075 3676 4142 φαρέτρῃ
3703 4076 3966 4129 λανθάνει

2377 4171 2441 4238 τῇ
2475 4169 2658 4238 σαρκὶ,
2689 4169 2751 4235 ἣν
2773 4166 3087 4236 ἀνείληφεν,
3106 4167 3220 4226 τοῖς
3242 4166 3419 4231 ἀξίοις
3453 4167 3638 4236 μόνοις
3655 4167 3958 4237 ὁρώμενον.

2379 4258 2534 4320 τινὲς
2571 4258 2628 4309 δὲ
2661 4257 2906 4321 τὺ,⁹Υπὸ
2936 4255 3050 4322 τὴν
3071 4255 3311 4322 σκέπην
3354 4256 3466 4321 τῆς
3531 4257 3734 4324 χειρὸς
3776 4259 3966 4311 αὑτοῦ

2379 4350 2648 4417 ἕκρυψέν
2697 4367 2793 4417 με.
2836 4349 3032 4418 δηλοῦν
3079 4349 3290 4416 εφασαν
3339 4348 3646 4418 ἀχώριστον
3689 4345 3830 4402 εἶναι
3866 4350 3964 4403 τοῦ

2380 4442 2620 4512 Πατέρος
2650 4441 2709 4493 τὸ
2736 4440 2881 4502 Υἱδν,
2941 4442 3037 4494 καὶ
3073 4441 3133 4493 τὸ
3162 4451 3188 4489 1
3213 4440 3437 4507 γέγονεν
3487 4440 3798 4510 ἄνθρωπος.
3827 4441 3963 4511 ἄλη-

2379 4535 2514 4588 πτόν
2545 4552 2603 4587 τε
2635 4535 2728 4587 καὶ
2760 4533 3203 4601 ἀκαταγώνιστον
3252 4531 3397 4601 ἔχειν
3454 4531 3554 4600 τὴν
3607 4533 3789 4599 φύσιν,
3822 4533 3964 4603 ὅπερ

2380 4626 2531 4694 αὐτῷ
2563 4625 2826 4677 καὶκατὰ
2876 4625 2974 4693 τὴν
3037 4624 3351 4690 οἰκονομίαν
3389 4623 3648 4687 ἐσώζετο,
3706 4624 3964 4689 λέγοντος

2375 4718 2471 4770 τοῦ
2503 4717 2696 4771 Δαείδ·
2726 4737 2744 4769 1
2779 4719 2894 4770 Οὐκ
2917 4717 3189 4786 ὠφελήσει
3211 4715 3407 4786 ἐχθρὸς
3436 4719 3493 4768 ὲν
3523 4716 3694 4786 αὐτῷ,
3720 4717 3814 4768 καὶ
3844 4718 3962 4781 υίὸς

2370 4811 2596 4878 ἀνομίας
2623 4811 2684 4863 οὑ
2737 4810 3036 4879 προσθήσει
3083 4809 3178 4862 τοῦ
3213 4810 3462 4861 κακῶσαι
3496 4808 3680 4870 αὐτὸν,
3722 4826 3741 4858 ι
3765 4810 3860 4861 καὶ
3889 4808 3957 4864 τὰ

2370 4903 2588 4970 ἑφεξῆς.
2625 4901 2859 4956 Πλεῖστα
2923 4902 2980 4954 δὲ
3012 4901 3081 4952 τὰ
3123 4898 3217 4951 τοῦ
3253 4897 3390 4951 Θεοῦ
3422 4898 3562 4952 κατὰ
3579 4897 3807 4966 καιροὺς
3839 4899 3959 4963 ὲγέ·

2369 5008 2488 5044 νετο
2515 4991 2666 5060 βέλη.
2720 4990 3047 5046 Ἐκλεκτὸν
3095 4990 3154 5043 δὲ
3203 4989 3394 5053 βέλος
3449 4989 3544 5040 καὶ
3597 4988 3736 5057 ἓπὲρ
3777 4988 3961 5041 πάντα

2369 5084 2625 5153 Χριστὸς,
2653 5084 2714 5134 ὲν
2748 5081 3058 5152 προγνώσει
3090 5080 3185 5133 τοῦ
3215 5081 3480 5150 Πατέρος,
3508 5080 3582 5142 ώς
3612 5079 3960 5147 ἐνφαρέτρῃ

2375 5173 2774 5243 κρυπτόμενος,
2809 5172 2900 5224 ἐπὶ
2929 5173 3031 5240 γῆς
3059 5171 3158 5232 τὰς
3194 5170 3442 5238 πονηρὰς
3473 5168 3736 5236 δυνάμεις
3786 5185 3958 5220 κατα-

2373 5263 2594 5334 τρώσας
2620 5266 2896 5336 ίράνισεν.
2926 5259 3113 5317 Εἶπεν
3149 5262 3218 5315 δέ
3246 5279 3369 5330 μοι,
3403 5260 3560 5329 φησὶ,
3590 5259 3812 5323 δοῦλός
3841 5278 3956 5325 μου

2376 5355 2434 5412 εἴ
2461 5358 2566 5421 σὺ,
2585 5357 2832 5424 Ἰσραήλ
2849 5372 2862 5386 ⁸
2895 5355 3038 5410 κατὰ
3063 5354 3126 5407 τὸ
3150 5353 3328 5422 σῶμα,
3355 5353 3417 5403 τὸ
3443 5353 3508 5404 ὲκ
3537 5351 3796 5415 δούλων,
3815 5351 3958 5405 δοῦ-

2375 5453 2504 5513 λος,
2538 5448 2796 5501 καὶκατὰ
2833 5447 2895 5500 τὸ
2924 5445 3101 5515 γένος,
3135 5446 3198 5499 τὸ
3241 5445 3301 5507 ἐξ
3338 5443 3608 5510 Ἰσραὴλ,
3659 5442 3900 5511 Ἰσραὴλ
3927 5445 3955 5494 6

2778 5559 2817 5589 “
2854 5558 3049 5627 l'thes.
3102 5556 3287 5627 v1.17.
3403 5557 3445 5586 ¹¹
3486 5556 3686 5627 Ezoch.
3713 5572 3866 5619 uls,
3899 5554 3950 5608 8.

2557 5632 2776 5685 “cant.
2812 5646 2870 5692 ιι,
2901 5625 2941 5682 Ii
3041 5629 3080 5659 ¹⁷
3108 5626 3251 5682 Psal.
3281 5641 3538 5691 ιιιιιιιιιι,
3575 5625 3666 5680 ‘23.

1957 5724 2187 5781 ΥΛΙΗᾸΞ
2219 5725 2619 5780 ιιςιῖτιοδκδ.

758 5829 786 5870 γ
821 5837 902 5889 γρ.
939 5819 1026 5872 τὸν
1059 5821 1082 5872 ι’
1100 5819 1178 5872 ἱὸν
1202 5821 1292 5871 καὶ
1326 5818 1446 5871 καθ’
1471 5823 1518 5870 ο.
