4262 6434
263 446 328 506 24
336 442 409 505 65

1405 428 1935 493 COMMENTARII
1985 426 2065 485 ΙΝ
2112 427 2396 486 ISAIAM.

3406 424 3552 487 2466

266 554 527 624 Χριστός.
566 552 654 614 Ὠς
675 552 731 605 δὲ
766 552 903 605 Θεοῦ
927 550 1157 620 δύναμις
1185 549 1252 602 δι’
1300 540 1376 602 ὧν
1436 549 1732 619 ἐργάζεται
1762 548 1860 601 δο-

1966 544 2160 613 quoda
2197 546 2361 596 servis
2417 543 2679 603 duxerat,
2742 557 2893 595 servit
2980 539 3197 593 dicatur
3258 542 3553 605 Christus:

265 645 428 710 ξάζει
454 646 545 698 τὸν
579 636 643 697 οῦ
666 645 781 697 ἐστι
804 643 1035 712 δύναμις
1057 682 1070 704 ,
1117 641 1187 693 ἐν
1219 638 1657 708 μορφῇδούλου
1693 642 1858 708 ’χενό-

262 755 469 806 μενος,
497 735 680 789 καίτοι
715 735 859 788 κατά
881 734 1045 801 φύσιν
1069 731 1332 801 ὑπάρχων
1358 729 1507 793 Υἱὸς,
1562 722 1607 797 ᾧ
1651 729 1859 799 κάμψει

267 830 381 882 πᾶν
437 827 569 895 γόνυ
634 824 897 892 ἐπιγείων
960 823 1055 875 καὶ
1110 822 1506 891 καταχθονίων,
1567 820 1664 873 καὶ
1706 823 1858 875 πᾶσα

267 920 495 988 γλῶσσα
552 916 1036 987 ἐξομολογήσεται,
1088 915 1171 968 ὅτι
1213 914 1418 985 Κύριος
1457 912 1705 978 Ἰησοῦς
1730 914 1863 980 Χρι-

266 1013 419 1079 στὸς
450 1014 529 1077 εἰς
552 1011 713 1076 δόξαν
751 1009 888 1063 Θεοῦ
920 1008 1184 1079 Πατέρος.

343 1284 502 1345 Τινὲς
540 1282 597 1337 δὲ
628 1282 766 1353 πρὸς
814 1281 908 1336 τὸν
952 1280 1369 1348 λαὸν,’1σραὴλ
1418 1280 1671 1350 εἰρῆσθαι
1716 1280 1867 1350 νομί-

292 1388 469 1437 ἀντες
504 1375 638 1442 φασί
657 1392 671 1406 υ
704 1374 987 1427 Δεὶκνυσιν
1019 1375 1100 1427 ὅτι
1129 1373 1194 1425 δι’
1224 1373 1535 1441 ἀγαθότητα
1569 1372 1737 1443 μόνην
1766 1373 1869 1443 ηὑ-

274 1465 468 1532 δόκησε
519 1466 801 1535 Δεσπότης
858 1464 1148 1517 καλεῖσθαι
1201 1463 1295 1515 τοῦ
1333 1462 1616 1530 Ἰσραὴλ,
1670 1463 1763 1515 καὶ⁵
1812 1464 1869 1514 ἐν

271 1558 423 1625 αὑτῷ
462 1556 871 1624 ὄοξασθῆναι,
903 1556 992 1609 διά
1017 1572 1075 1608 τε
1106 1554 1217 1607 τῶν
1250 1552 1372 1607 κατ’
1392 1556 1666 1622 Αἴγυπτον
1713 1553 1874 1624 τερά-

270 1666 401 1712 των,
438 1648 534 1699 καὶ
562 1648 670 1701 τῶν
707 1648 906 1718 ἑφεξῆς
932 1647 1257 1714 γεγονότων.
1291 1647 1353 1697 Οἱ
1383 1645 1438 1697 δὲ
1474 1644 1631 1697 αὑτοὶ
1660 1644 1756 1697 καὶ
1786 1647 1869 1727 τὸ,

272 1736 477 1799 Ιιένῶς
507 1738 826 1799 ἐκοπίασα,
863 1738 928 1788 ἑκ
957 1734 1053 1787 τοῦ
1084 1735 1365 1804 προφήτου
1396 1732 1649 1803 λελέχθαι
1686 1734 1869 1801 φασὶν,

270 1828 348 1891 ὠς
379 1828 552 1881 πολλά
588 1828 687 1898 μὲν
722 1830 778 1881 ἐν
806 1828 883 1899 τῷ
916 1828 1207 1898 κηρύττειν
1237 1825 1523 1888 παθόντος,
1554 1826 1628 1897 μὴ
1657 1825 1873 1896 ὠφελή-

275 1936 470 1982 σαντος
504 1919 561 1972 δὲ
592 1919 701 1972 τῶν
719 1920 1074 1973 ἀκουσάντων
1110 1919 1337 1988 μηδένα.
1357 1918 1501 1971 Ἀλλ’
1530 1922 1557 1972 ὁ
1589 1918 1721 1981 Θεός
1760 1934 1872 1988 μοι,

275 2012 431 2080 φησὶ,
453 2011 552 2080 τὴν
580 2013 703 2064 κατ’
724 2011 883 2076 ἀξίαν
908 2013 1018 2064 τῶν
1046 2013 1225 2063 πόνων
1257 2012 1586 2066 ἀποδίδωσιν
1616 2011 1872 2080 ἀμοιόήν.

273 2105 510 2171 Λέγεται
539 2103 595 2155 δὲ
624 2105 805 2168 τοῦτο,
834 2105 986 2173 φασὶ,
1022 2104 1116 2157 καὶ
1152 2106 1279 2173 περὶ
1306 2103 1538 2156 ἑκάστου
1571 2102 1877 2172 λαμϐάνον-

272 2210 366 2255 τος
393 2194 667 2265 αἴσθησιν,
698 2197 771 2257 ὡς
808 2197 987 2266 μάτην
1030 2196 1123 2248 τὸν
1168 2195 1358 2265 καιρὸν
1392 2196 1450 2248 ὲν
1476 2196 1597 2259 ταῖς
1631 2195 1727 2249 τοῦ
1760 2195 1875 2264 βίου

274 2286 606 2354 φαντασίαις
638 2288 939 2342 ἀνάλωσεν.
976 2287 1318 2357 Οἰκειὸτερον
1345 2288 1389 2341 δ’
1417 2289 1483 2341 ἂν
1512 2288 1605 2341 ἐπὶ
1635 2287 1729 2340 τοῦ
1763 2289 1878 2340 Σιω-

274 2378 445 2447 τῆρος
489 2379 845 2449 λαμϐάνοιτο,
882 2380 942 2444 ὃς
975 2379 1219 2443 ἀκούσας
1268 2381 1377 2433 τῶν
1422 2380 1731 2451 εἰρημένων
1766 2380 1874 2433 άπ-

276 2467 555 2535 εκρίνατο.
582 2468 693 2522 Καὶ
722 2470 860 2535 πῶς,
885 2464 930 2522 ὦ
961 2469 1166 2540 Πάτερ,
1196 2473 1254 2523 ὲν
1284 2470 1408 2539 ἐμοὶ
1428 2470 1811 2540 δοξασθήσῃ,
1850 2472 1879 2524 ό

279 2559 415 2611 ποτὲ
458 2560 631 2612 πολλά
662 2562 858 2630 καμὼν
890 2562 1030 2633 ὑπὲρ
1070 2563 1169 2630 τῆς
1214 2561 1325 2615 τῶν
1367 2562 1671 2632 ἀνθρώπων
1701 2579 1878 2631 σωτησ⁸

284 2649 431 2719 ρίας,
463 2650 618 2704 οὐδὲν
645 2652 819 2720 ἤνυσα
845 2653 1029 2717 πλέον,
1057 2652 1530 2721 ἐναπομεινάντων
1555 2655 1621 2723 τῇ
1650 2654 1879 2723 ἀπιστίᾳ

280 2741 496 2792 πολλῶν
542 2759 600 2794 τε
647 2742 846 2808 ἀλλων,
878 2743 975 2795 καὶ
1020 2744 1128 2796 τῶν
1176 2746 1241 2795 ὲκ
1266 2746 1571 2813 περιτομῆς
1598 2761 1612 2809 ;
1643 2744 1772 2814 περὶ
1804 2737 1878 2797 ὧν

279 2831 492 2899 ἔλεγεν·
522 2851 541 2883 ι
567 2833 681 2886 Οὑκ
698 2834 1013 2904 ἀπεστάλην
1044 2837 1091 2887 εὶ
1118 2834 1285 2905 μὴεὶς
1302 2835 1368 2888 τά
1396 2836 1716 2888 ἀπολωλότα
1739 2836 1876 2906 πρό-

280 2919 423 2973 ϐατα
468 2921 623 2975 οἴκου
658 2924 875 2994 Ἰσραὴλ
902 2965 915 2985 ,
958 2944 977 2976 ι
1009 2926 1123 2993 οἵγε
1156 2925 1297 2996 πρὸς
1347 2924 1426 2995 τῷ
1473 2926 1724 2980 ἀπειθεῖν
1744 2967 1758 2991 ,
1787 2930 1879 2981 καὶ

281 3012 668 3083 ἐσταύρωσαν,
698 3014 774 3083 ᾡς
820 3017 1074 3086 εἰρῆσθαι
1122 3018 1217 3069 καὶ
1250 3019 1401 3086 παρὶ
1433 3018 1511 3087 τῷ
1542 3018 1834 3089 Ψαλμῳδῷ
1859 3036 1873 3050 ·

286 3120 306 3154 ι
337 3103 437 3166 Τίς
466 3105 709 3173 ὠφέλεια
740 3108 797 3182 ἐν
826 3107 906 3176 τῷ
934 3107 1127 3177 αἵματί
1158 3124 1260 3176 μου
1283 3150 1296 3173 ,
1328 3110 1385 3160 ἐν
1418 3108 1495 3177 τῷ
1524 3110 1876 3161 καταὸαίνειν

282 3213 353 3266 με
388 3197 467 3259 εἰς
508 3196 845 3267 διαφθοράν;
883 3219 901 3249 ι
942 3200 1077 3250 Ἀλλ’
1115 3202 1312 3252 ἐκεῖνοι
1368 3200 1466 3268 μὲν
1512 3199 1787 3252 ταῦτα.Ἠ
1817 3202 1873 3253 δὲ
1904 3216 1946 3271 c

279 3288 485 3355 κρίσις
536 3306 656 3355 μου
695 3289 855 3355 παρὰ
905 3287 985 3353 τῷ
1028 3290 1239 3357 Κυρίῳ.
1262 3289 1403 3357 Ἐγὼ
1456 3291 1565 3360 γὰρ
1614 3292 1681 3343 τά
1732 3292 1873 3358 παρ’

279 3378 524 3448 ἐμαυτοῦ
555 3380 768 3448 πράξας
806 3381 1085 3433 ἐναντίον
1109 3380 1213 3433 τοῦ
1242 3381 1389 3433 Θεοῦ
1412 3399 1553 3448 μου,
1585 3381 1643 3433 τὸ
1674 3398 1870 3452 πάτριε

279 3472 378 3523 κὸν
410 3472 706 3526 ὲτελείωσα
743 3474 1013 3545 βούλημα.
1053 3476 1152 3528 Διά
1188 3475 1349 3527 τοῦτο
1394 3474 1449 3527 δὲ
1481 3476 1575 3527 καὶ
1609 3476 1647 3542 ἡ
1673 3477 1871 3542 κρίσις

276 3562 635 3632 ιξενήνεκται
663 3565 793 3635 παρ’
820 3566 1007 3618 αὑτοῦ.
1029 3565 1427 3634 Ἐξεϐλήθησαν
1458 3566 1566 3635 γάρ
1599 3566 1701 3635 τῆς
1735 3567 1872 3635 πρὸς

278 3656 450 3715 ιὺτδν
476 3657 835 3726 οἰκειότητος.
866 3657 947 3710 Τά
987 3657 1044 3709 δὲ
1075 3656 1201 3727 ἔθνη
1232 3660 1424 3723 γέγονε
1472 3656 1675 3725 κλῆρος
1709 3654 1867 3709 Θεοῦ.

287 3746 410 3810 Γὶιν
444 3748 651 3814 κρίσιν
675 3748 732 3800 δὲ
762 3748 965 3818 ταύτην
995 3748 1089 3801 καὶ
1116 3749 1203 3801 διὰ
1232 3749 1329 3818 τῆς
1362 3748 1680 3817 παραϐολῆς
1704 3748 1732 3799 ὁ
1761 3747 1872 3801 Κύ-

283 3855 401 3908 ριος
434 3838 624 3905 ἔδειξε,
644 3840 901 3910 περὶτῶν
928 3840 1191 3909 γεωργῶν
1220 3839 1391 3907 λέγων
1419 3840 1527 3892 τῶν
1555 3839 1643 3891 τὸν
1670 3839 1873 3909 κληρο-

278 3929 449 3999 νόμον
479 3931 877 3993 ἀπεκτονότων,
906 3929 1000 3992 οὓς
1047 3930 1143 3984 καὶ
1190 3931 1483 3995 ἀπολέσας,
1521 3930 1730 3997 ἑτέροις
1776 3931 1869 3983 τὸν

280 4020 591 4088 ἀμπελῶνα
620 4023 889 4091 γεωργοῖς
939 4020 1223 4085 ἐξέδωκεν,
1255 4021 1450 4083 οἵτινες
1499 4019 1870 4073 ἀποδώσουσιν

280 4112 439 4183 αὑτῷ
464 4113 590 4175 τοὺς
620 4114 865 4184 καρποὺς
895 4114 953 4165 ὲν
995 4114 1106 4175 τοῖς
1136 4115 1348 4183 καιροῖς
1376 4110 1579 4166 αὑτῶν.
1619 4104 1780 4164 υῦτοι
1810 4110 1867 4164 δὲ

277 4199 427 4275 ἦσαν
455 4204 562 4257 τῶν
594 4204 944 4273 Εὑαγγελίων
977 4206 1026 4257 οἱ
1059 4205 1317 4275 κήρυκες,
1354 4205 1440 4271 ἐφ’
1473 4196 1548 4258 ὧν
1570 4213 1592 4240 ³
1626 4204 1689 4275 αἱ¹
1714 4202 1870 4272 νεφέ-

280 4295 373 4349 λαι
412 4294 664 4364 καθῆκαν
695 4295 883 4359 ὑετοὺς
917 4298 971 4349 αἱ
1003 4295 1377 4348 κελευσθεῖσαι
1413 4295 1487 4363 μὴ
1517 4293 1735 4363 βρέχειν
1775 4295 1868 4346 ἐπὶ

285 4387 379 4441 τὸν
414 4387 704 4441 Ἰουδαῖκδν
734 4387 1053 4458 ἀμπελῶνα,
1086 4387 1172 4456 ἐφ’
1200 4380 1274 4441 ὧν
1308 4388 1409 4439 οὑκ
1439 4386 1700 4450 ἀκάνθας,
1731 4384 1868 4440 ἀλλά

285 4476 566 4545 σταφυλὰς
594 4477 897 4547 ἐτρύγησεν
925 4480 953 4530 ὁ
980 4479 1238 4548 Χριστὸς,
1270 4478 1534 4545 λεγόντων
1581 4477 1756 4546 ἡμῶν,
1786 4477 1867 4530 ὅτι

1965 651 2163 706 genere
2227 645 2434 698 autem,
2484 634 2627 702 quod
2656 633 2724 687 ab
2765 630 2918 686 lsrae
2942 649 2990 698 e,
3028 632 3188 702 553
3223 631 3413 687 Israel.
3450 634 3560 690 Sed

1969 739 2228 797 tanquam
2279 728 2373 783 Dei
2429 729 2639 790 virtus,
2702 728 2863 781 rebus
2900 728 3056 794 ipsis,
3107 741 3244 794 quas
3293 737 3558 796 operatur

1964 836 2112 886 eum,
2155 820 2313 889 cujus
2352 821 2529 874 virtus
2555 826 2659 883 cst,
2697 819 2868 888 gloria
2886 819 3066 886 aﬁicil,
3111 818 3167 870 in
3196 817 3376 884 forma
3414 822 3555 873 servi

1965 894 2161 976 Iactus,
2190 912 2596 980 quantumlibet
2650 923 2850 964 natura
2879 909 3059 974 ﬁlius;
3104 911 3191 963 cui
3251 909 3562 966 illnllt'lt'lhl'

1966 1018 2129 1058 omne
2149 1018 2290 1073 genu
2312 1002 2657 1056 terrestrium
2702 1013 2754 1055 et
2780 1001 3161 1067 inferuerunt;
3195 1019 3355 1072 quem
3379 1004 3563 1058 omnis

1966 1094 2136 1147 etiam
2163 1095 2348 1163 lingua
2388 1092 2676 1147 Dominum
2705 1092 2889 1148 Iesum
2924 1092 3198 1147 Christum
3234 1096 3287 1149 in
3325 1096 3560 1167 gloriam
3604 1133 3606 1135 ›

1970 1183 2068 1240 Dei
2097 1184 2275 1240 Patris
2298 1200 2421 1240 esse
2457 1184 2813 1239 confitebitur
2848 1186 2911 1238 ".

2038 1274 2295 1328 Nonnulli
2324 1275 2390 1329 ad
2427 1290 2619 1329 vocem
2683 1272 2865 1329 Israel
2908 1275 3102 1331 referri
3140 1278 3415 1341 arbitrati,
3454 1275 3558 1332 Do-

1972 1366 2147 1430 mino,
2185 1374 2408 1435 propter
2467 1366 2776 1420 bonitatem
2809 1367 3009 1427 solam,
3059 1365 3232 1421 Israel
3273 1367 3560 1435 appellari,

1972 1466 2028 1514 et
2059 1460 2111 1512 in
2133 1472 2218 1521 eo,
2236 1467 2459 1528 propter
2485 1457 2752 1511 miracula
2809 1474 2931 1527 qua:
2964 1458 3016 1511 in
3052 1458 3291 1529 [Egypto
3314 1468 3370 1512 et
3400 1458 3562 1512 duino

1975 1566 2106 1619 ceps
2132 1558 2346 1618 patrata
2409 1561 2557 1611 sunt,
2603 1550 2828 1619 gloriari
2861 1551 3135 1619 placuisse
3193 1552 3559 1604 arbitrantur.

1975 1640 2178 1695 Putant
2222 1641 2385 1695 iidem
2415 1643 2581 1696 verba
2616 1642 2741 1707 ista,
2780 1641 3006 1695 Frustra
3047 1643 3302 1709 laboravi,
3341 1658 3405 1696 ex
3436 1658 3563 1712 pro-

1980 1734 2151 1803 pheta:
2180 1748 2412 1803 persona
2456 1733 2589 1795 dici,
2641 1741 2903 1801 tanquam
2939 1748 2997 1787 se
3033 1735 3415 1788 coneienando
3453 1750 3561 1788 non

1978 1841 2168 1895 parum
2196 1826 2518 1887 desudasse,
2555 1825 2649 1880 sed
2694 1826 2829 1879 nihil
2853 1825 2977 1879 inde
3003 1826 3290 1895 probiores
3318 1826 3565 1881 evasisse

1981 1916 2283 1981 auditores,
2319 1926 2691 1984 conqueratur
2748 1934 2761 1970 :
2811 1932 3047 1984 eumque
3097 1916 3202 1970 sibi
3248 1924 3305 1970 ut
3339 1917 3561 1987 dignam

1981 2007 2229 2061 laborum
2272 2005 2583 2061 mercedem
2642 2017 2872 2075 reponat
2915 2007 3202 2071 Dominus,
3257 2003 3560 2078 postulare:

1982 2100 2243 2153 Sumatur
2280 2109 2334 2154 et
2362 2099 2518 2162 illud,
2576 2099 2749 2164 aiunt,
2784 2099 2852 2155 de
2880 2098 3103 2155 homine
3142 2103 3408 2170 quolibet,
3468 2104 3561 2169 qui

1980 2190 2113 2244 sein
2145 2189 2381 2245 diversis
2451 2190 2614 2258 hujus
2682 2192 2807 2245 vita:
2866 2193 3213 2260 voluptatum
3264 2195 3560 2257 generibus

1980 2280 2185 2336 frustra
2208 2288 2421 2349 tempus
2440 2283 2804 2352 insumpsisse
2825 2286 3173 2339 recordetur.
3206 2284 3312 2339 Sed
3341 2291 3563 2354 proprie

1980 2374 2153 2443 magis
2181 2377 2251 2425 ad
2281 2371 2625 2427 Salvatorem
2684 2371 2980 2437 referatur,
3027 2375 3120 2443 qui
3157 2375 3364 2430 auditis
3402 2391 3561 2445 snpe-

1980 2463 2221 2516 rioribus
2252 2463 2354 2517 ista
2406 2470 2647 2531 reponat
2676 2478 2691 2516 :
2724 2462 3039 2527 Enimvero,
3073 2462 3258 2531 Pater,
3286 2469 3375 2534 qui
3416 2476 3471 2520 tu
3507 2467 3560 2522 in

1981 2569 2070 2607 me
2100 2553 2492 2624 gloriﬁcabert‘s
2514 2595 2528 2617 ,
2568 2544 2692 2608 eum
2727 2556 2914 2610 multis
2941 2572 3041 2625 pro
3075 2557 3252 2612 salute
3279 2559 3562 2613 hominum

1981 2646 2263 2702 laboribus
2289 2647 2602 2712 exantlatis,
2627 2648 2764 2702 nihil
2786 2649 3134 2718 profecerim,
3162 2652 3352 2706 multis
3377 2651 3557 2705 adhuc

1980 2738 2104 2793 aliis
2165 2741 2218 2792 in
2268 2738 2659 2794 incredulitate
2716 2741 3191 2808 permanentibus,
3255 2750 3309 2795 et
3352 2742 3561 2797 Iudaeis

1980 2828 2153 2898 ipsis?
2180 2827 2250 2882 At
2281 2828 2343 2882 de
2378 2828 2500 2884 istis
2559 2829 2892 2899 intelligens,
2920 2845 2979 2885 se
3004 2846 3109 2885 non
3167 2833 3272 2885 nisi
3330 2834 3395 2886 ad
3432 2850 3564 2888 oves

1980 2919 2178 2973 domus
2211 2918 2395 2983 Israel,
2436 2935 2557 2989 quae
2589 2921 2889 2989 perierant,
2919 2921 3149 2976 missum
3180 2920 3317 2975 dixit
3340 2924 3415 2987 ης
3443 2939 3565 2991 qua:

1981 3019 2164 3066 tamen
2190 3020 2243 3065 et
2276 3013 2405 3082 ipsze
2432 3023 2795 3081 praeterquam
2820 3013 2967 3082 quod
3002 3012 3162 3066 fidem
3190 3014 3556 3081 abnegat-unt,

1980 3116 2104 3155 eum
2155 3102 2318 3154 etiam
2358 3101 2509 3154 cruci
2545 3100 2853 3163 atlixernnt,
2878 3102 2944 3154 de
2973 3117 3083 3170 quo
3120 3103 3201 3155 sic
3240 3102 3381 3171 apud
3410 3102 3566 3155 Davi-

1981 3192 2102 3244 dem
2131 3191 2396 3260 legimus:
2426 3209 2444 3240 ι
2471 3191 2602 3255 Qua:
2632 3178 2841 3244 utilitas
2866 3192 2921 3244 in
2940 3191 3212 3259 sanguine
3239 3207 3377 3257 meo,
3413 3193 3560 3262 quod

1979 3281 2260 3336 descendo
2320 3284 2374 3334 in
2406 3282 2823 3348 corruptionem
2844 3282 2977 3333 "iis
3014 3283 3118 3337 Sed
3186 3283 3290 3337 ista
3341 3284 3562 3353 quidem

1981 3371 2374 3440 illi..Seqnitur
2398 3387 2546 3436 vero,
2570 3372 2835 3439 judicium
2873 3388 3046 3426 meum
3076 3374 3217 3441 apud
3250 3374 3560 3429 Dominum.

1980 3463 2093 3531 Ego
2126 3465 2294 3527 enim,
2326 3464 2526 3532 inquit,
2562 3480 2682 3532 quae
2706 3479 2735 3517 a
2770 3480 2854 3519 me
2886 3467 3007 3534 ipso
3029 3477 3208 3531 erant,
3242 3484 3419 3520 coram
3449 3467 3559 3522 Deo

1979 3572 2093 3608 meo
2154 3566 2481 3618 exsecutus,
2524 3566 2766 3624 paterna:
2793 3557 3094 3611 voluntatis
3144 3559 3304 3614 linem
3331 3559 3564 3630 adeptus

1979 3660 2142 3699 sum:
2182 3648 2254 3700 ob
2303 3646 2469 3714 idque
2499 3658 2549 3701 et
2572 3647 2842 3716 judicium
2883 3649 2953 3703 ab
2979 3664 3044 3704 eo
3067 3649 3235 3703 latum
3280 3659 3385 3705 est.
3424 3651 3565 3706 Sunt

1977 3738 2122 3794 enim
2148 3738 2218 3792 ab
2243 3753 2328 3803 ea,
2381 3753 2547 3807 quam
2604 3754 2726 3793 cum
2785 3739 3015 3795 Domino
3078 3741 3375 3805 habebant,
3426 3758 3562 3798 con-

1974 3827 2266 3899 junctione
2322 3829 2561 3895 divulsi;
2597 3838 2790 3901 gentes
2860 3841 3042 3886 autem
3097 3834 3148 3886 in
3200 3833 3295 3888 Dei
3349 3847 3559 3891 sortem

1978 3920 2183 3974 ascitte.
2215 3917 2491 3974 Iudicium
2543 3936 2709 3991 porro
2764 3922 2911 3977 istud
2966 3924 3049 3977 vel
3078 3924 3269 3994 ipsein
3298 3928 3561 3995 parabqu

1976 4008 2241 4063 Dominus
2274 4011 2343 4065 de
2370 4012 2651 4079 agricolis,
2709 4014 2803 4081 qui
2834 4014 3107 4068 heredem
3143 4016 3559 4082 interemerant,

1977 4102 2200 4158 locutus
2231 4101 2518 4167 indicavit,
2570 4117 2695 4158 cum
2724 4104 2958 4160 sublatis
2984 4106 3129 4167 istis.
3169 4109 3311 4173 aliis,
3338 4110 3429 4178 qui
3456 4113 3560 4165 sibi

1977 4204 2123 4249 stato
2153 4202 2210 4250 et
2232 4193 2431 4250 idoneo
2462 4204 2706 4265 tempore
2737 4195 2952 4252 fructus
2976 4199 3310 4264 redderent,
3345 4202 3559 4256 vincam

1975 4301 2133 4342 suam
2182 4286 2497 4341 elocavit".
2533 4285 2574 4341 li
2609 4301 2741 4341 vero
2772 4290 3106 4343 exstiterunt
3140 4293 3557 4360 evangeliorum

1974 4393 2259 4449 praecones
2326 4379 2454 4448 ipsi,
2480 4379 2532 4433 in
2566 4395 2708 4449 quos
2748 4382 2922 4436 nubes
2958 4381 3121 4453 554
3182 4384 3558 4459 illa-“,quazin

1973 4468 2253 4524 Iudaicam
2282 4470 2445 4523 vitem
2476 4468 2736 4539 depluere
2762 4471 3110 4535 vetabantur,
3141 4473 3378 4541 pluviam
3403 4491 3559 4529 suam

296 4570 361 4623 '0
395 4570 601 4641 Κύριος
625 4570 785 4622 δώσει
818 4570 1187 4641 χρηστότητα,
1224 4570 1319 4622 καὶ
1348 4570 1380 4639 ἡ
1409 4569 1479 4638 γῆ
1529 4568 1688 4639 ἡμῶν
1710 4566 1869 4621 δώσει

1971 4561 2347 4617 demiserunt:
2375 4574 2484 4630 quo
2544 4560 2752 4615 factum
2807 4570 3003 4625 est,ut
3032 4578 3140 4616 non
3196 4563 3410 4633 spinus,
3450 4565 3548 4617 sed

278 4662 414 4725 τοὺς
462 4662 712 4731 καρποὺς
760 4661 961 4715 αὑτῶν.
996 4662 1105 4714 Καὶ
1155 4661 1329 4724 ἄλλως
1375 4661 1432 4713 δὲ
1484 4662 1591 4714 τὸν
1634 4661 1876 4715 πόνονό

282 4752 500 4815 Παῦλος
528 4752 692 4805 αὑτοῦ
727 4752 827 4806 καὶ
865 4758 979 4821 τὴν
1010 4753 1212 4821 κρίσιν
1241 4752 1392 4821 δηλοί
1416 4751 1589 4820 λέγων
1608 4767 1621 4781 ⁸
1658 4772 1675 4804 ι
1693 4755 1790 4815 Ὃς
1819 4753 1876 4804 ὲν

287 4848 475 4917 μορφῇ
530 4845 667 4898 Θεοῦ
702 4846 994 4915 ὑπάρχων,
1029 4846 1125 4914 οὑχ
1175 4845 1467 4916 ἁρπαγμὸν
1520 4846 1786 4915 ἡγήσατο,
1816 4844 1878 4897 τὸ

287 4933 430 4989 εἶναι
479 4936 569 4989 ἶσα
601 4936 742 5005 Θεῷ,
790 4938 902 4990 ἀλλ’
925 4938 1117 4990 ἑαυτὸν
1146 4937 1412 4989 ἐκένωσεν
1448 4936 1664 5006 μορφὴν
1690 4935 1875 4988 δούλου

287 5028 496 5093 λαϐὼν,
535 5029 775 5099 ὑπήκοος
805 5030 1043 5097 γεγονὼς
1064 5029 1139 5095 τῷ
1168 5028 1391 5099 Πατέρι,
1424 5027 1584 5097 μέχρι
1615 5027 1869 5090 θανάτου,

285 5119 524 5172 θανάτου
542 5119 598 5171 δὲ
619 5120 875 5190 σταυροῦ.
900 5120 990 5172 Διὸ
1011 5119 1105 5172 καὶ
1128 5118 1485 5188 ὑπερύψωσεν
1510 5118 1693 5184 αὑτὸν,
1718 5117 1872 5188 φησὶ,

282 5211 349 5264 τὸ
375 5210 547 5280 ὄνομα
566 5211 691 5274 δοὺς
715 5213 775 5264 τὸ
804 5212 946 5282 ὑπὲρ
976 5214 1086 5264 πάν
1119 5213 1307 5280 ὄνομα,
1339 5211 1423 5264 ἵνα
1456 5211 1515 5263 ὲν
1542 5209 1622 5280 τῷ
1650 5211 1874 5281 ὀνόματι

284 5297 458 5352 αὑτοῦ
486 5301 596 5353 πᾶν
626 5300 756 5368 γόνυ
786 5301 1000 5370 κάμψῃ.
1040 5318 1057 5350 ι

1974 4669 2110 4709 uvas
2169 4652 2426 4707 Christus
2458 4652 2744 4721 collegerit
2829 4654 3019 4717 ,sicut
3051 4655 3153 4723 ipsi
3205 4653 3550 4723 proﬁtemur,

1975 4760 2100 4800 cum
2136 4745 2420 4798 Dominum
2449 4744 2843 4813 benignitatem
2868 4760 3051 4809 suam,
3083 4754 3400 4814 terramque
3451 4748 3561 4800 fru-

1975 4845 2123 4890 ctum
2167 4851 2326 4889 suum
2356 4836 2613 4889 daturum
2644 4850 2769 4890 esse
2813 4838 3154 4893 canimus".
3196 4839 3346 4892 Alias
3375 4846 3555 4893 autem

1976 4938 2030 4982 et
2058 4927 2261 4982 Paulus
2286 4928 2405 4995 ipse
2435 4926 2681 4995 ejusdem
2716 4927 2949 4981 laborem
2976 4929 3307 4997 etjudieium
3350 4930 3560 4983 indicu-

1978 5020 2080 5081 vit,
2131 5018 2222 5071 ubi
2260 5017 2335 5069 ait
2369 5030 2382 5069 :
2410 5035 2429 5067 ι
2453 5016 2558 5082 Qui
2589 5032 2715 5071 cum
2748 5018 2803 5071 in
2833 5016 3005 5072 forma
3074 5017 3165 5071 Dei
3215 5027 3384 5082 esset,
3446 5034 3555 5072 nou

1978 5112 2225 5182 rapinam
2258 5110 2560 5165 arbitratus
2595 5117 2682 5164 est
2712 5125 2834 5166 esse
2866 5126 2926 5166 se
2974 5112 3236 5180 :equalem
3290 5111 3420 5184 Deo,
3460 5110 3555 5165 sed

1981 5207 2219 5275 seipsum
2249 5204 2553 5257 exinamvit
2581 5203 2813 5258 formam
2881 5205 3027 5259 servi
3072 5204 3368 5273 accipiens,
3409 5203 3554 5256 Patri

1982 5295 2162 5351 factus
2191 5292 2455 5349 obcdiens
2496 5310 2672 5364 usque
2703 5294 2770 5349 ad
2813 5305 3067 5359 mortem,
3104 5306 3331 5349 mortem
3370 5304 3552 5348 autem

285 5387 763 5459 crueis.Pr0pter
816 5390 964 5459 quod
1016 5389 1180 5443 etiam
1236 5389 1504 5444 exaltavit
1572 5389 1748 5449 illum,
1825 5386 2027 5455 inquit,
2084 5393 2134 5439 et
2179 5383 2331 5439 dedit
2400 5384 2481 5438 illi
2542 5401 2765 5451 nomen,
2822 5386 2966 5456 quod
3024 5394 3110 5441 est
3170 5401 3329 5458 ~.uper
3391 5402 3561 5444 mune

288 5497 515 5547 nomen,
538 5493 594 5536 ut
625 5486 675 5538 in
717 5486 938 5540 nomine
1005 5485 1179 5553 ipsius
1254 5500 1415 5539 omne
1468 5500 1608 5554 genu
1647 5482 1981 5537 ﬂectatur”.
2022 5501 2041 5531 ι

366 5595 413 5666 ¹ξ
453 5595 688 5666 Philipp.
728 5615 787 5661 ιι,
816 5599 869 5661 9,
910 5599 997 5653 10.

289 5664 341 5698 ⁸⁸
380 5663 751 5747 Ρείιιλαχτιν,
783 5675 868 5731 15,
904 5671 949 5701 ⁸⁸
988 5670 1223 5740 Philipp.
1274 5686 1334 5735 η,
1366 5669 1521 5723 7-10.

1112 5600 1155 5630 ¹⁹
1184 5598 1373 5653 Matth.
1413 5615 1494 5663 xv,
1527 5599 1617 5651 2i.
1696 5598 1740 5628 ¹⁰
1775 5596 1918 5652 Psal.
1969 5609 2123 5648 uix.
2182 5592 2270 5648 10.
2346 5595 2386 5624 ¹¹
2453 5593 2640 5648 Matth.
2693 5610 2805 5660 ut,
2840 5594 2905 5649 55
2944 5609 3094 5666 seqq.

3176 5594 3219 5624 ¹¹
3260 5593 3360 5650 lsa.
3391 5600 3545 5670 L‘£,8.

1618 5761 1843 5816 γΑιιιΑε
1886 5756 2289 5815 LECTIONES.

366 5858 393 5888 ι
424 5868 517 5919 γρ.
556 5850 673 5917 οὓς.
