4262 6434
703 407 838 471 Silii

2010 406 2357 467 PROCOPII
2401 406 2643 467 GAZrEl

3837 400 3983 461 2472

697 526 791 589 qui
828 538 910 589 per
960 518 1159 573 i-‘iliutn
1185 519 1360 573 vocati
1384 526 1535 573 sunt.
1582 535 1599 568 ι
1638 517 1788 584 Quos
1813 518 1960 573 enim
1989 517 2274 589 przcseivit.

2396 514 2790 583 κεκλημένους.
2827 529 2844 563 ι
2874 511 2982 575 Οὓς
3013 510 3120 578 γὰρ
3153 509 3314 578 ἔγνω,
3349 508 3504 580 φησι,
3551 509 3645 562 καὶ
3677 508 3990 583 προώρισεν

696 613 1096 683 ἱιιιιιιὶῑ.οιίιιιιι
1148 613 1563 683 ιιηιξιίρειίιιιινὶι
1616 613 1933 667 conformcs
2000 612 2116 665 ﬁeri
2152 610 2290 663 ima-

695 706 839 775 ginis
875 705 998 759 Filii
1028 705 1113 761 sui
1142 705 1207 769 ³⁸,
1244 723 1261 755 ι
1307 704 1401 775 qui
1435 720 1561 759 cum
1589 704 2024 772 sanctiﬁcarunt,
2050 702 2139 766 qui
2168 701 2289 753 ani—

695 814 839 850 mam
875 813 1027 851 suam
1058 795 1317 864 despexit,
1360 810 1537 865 neque
1583 796 1637 848 in
1696 794 2058 847 humanitatis
2092 793 2288 848 modos

696 890 1060 958 impr-gerunt.
1088 889 1195 943 Sed
1223 904 1321 959 pro
1352 888 1503 957 Elegi
1536 897 1605 952 te,
1637 886 1740 952 Qui
1762 887 1918 957 elegit
1939 896 1987 939 te
2014 888 2287 956 interpre-

695 992 847 1036 tatur
874 983 1270 1054 Symmachus.
1311 982 1536 1051 Proprie
1575 983 1767 1051 igitur,
1817 982 1973 1036 aiunt
2007 981 2283 1047 nonnulli,

698 1077 801 1129 ista
834 1077 898 1128 ad
946 1077 1231 1130 Christum
1285 1074 1637 1128 referuntur:
1681 1090 1998 1144 quanquam
2053 1082 2107 1127 et
2155 1089 2285 1143 pro-

694 1168 871 1234 pheta:
900 1167 1061 1219 etiam
1109 1166 1326 1217 valeant
1366 1166 1684 1218 convenire.
1723 1164 1978 1232 Seipsum
2011 1163 2155 1217 enim
2186 1162 2286 1216 de-

696 1258 914 1325 pressit,
948 1256 1075 1308 dum
1104 1257 1295 1324 populi
1329 1256 1674 1308 calamitates
1713 1255 1873 1319 luxit,
1913 1255 1964 1306 in
1999 1268 2138 1322 quas
2192 1252 2285 1307 ille

694 1360 917 1417 propter
992 1348 1205 1400 scelera
1262 1347 1551 1399 inciderat.
1618 1344 1817 1398 Jussns
1884 1345 2102 1406 deinde,
2156 1359 2279 1398 eum

691 1455 876 1499 sacco,
910 1449 959 1491 et
1020 1437 1203 1490 nudus
1265 1437 1579 1501 incedebat,
1616 1436 1929 1489 ridentibus
1980 1434 2277 1503 despectus,

688 1528 983 1595 animoque
1034 1527 1196 1578 simul
1256 1526 1561 1586 demissus,
1626 1533 1679 1578 et
1734 1541 1947 1590 earum,
1988 1541 2108 1594 quae
2169 1527 2278 1580 illis

687 1628 875 1673 essent
927 1628 1224 1682 eventura},
1262 1618 1620 1669 alllictionum
1656 1618 1987 1686 exemplum.
2025 1617 2157 1668 Ειιιιι
2192 1626 2277 1669 ta-

690 1726 810 1763 men
842 1718 894 1762 et
919 1712 1012 1776 qui
1046 1708 1375 1777 principibus
1430 1708 1745 1771 inserviunt,
1796 1708 2035 1760 ludibrio
2068 1706 2275 1761 habue-

687 1813 849 1863 runt;
915 1815 1077 1870 quem
1134 1809 1389 1852 sanctum
1446 1800 1805 1851 exsistentent
1867 1799 2077 1852 honore
2121 1798 2274 1866 jubet

2393 607 2756 676 συμμόρφους
2782 605 2879 674 τῆς
2909 604 3116 665 εἰκόνος
3146 601 3240 656 τοῦ
3268 601 3399 654 Υίοῦ
3435 598 3625 667 αὑτοῦ,
3661 620 3679 653 ι
3717 603 3775 655 οἱ
3806 603 3989 670 ἡγία-

2388 714 2512 751 σαν
2550 699 2658 751 τὸν
2706 696 3075 766 φαυλίζοντα
3104 696 3219 760 τὴν
3240 693 3455 762 ψυχὴν
3492 693 3677 748 αὐτοῦ
3727 697 3840 758 τοῖς
3882 697 3988 764 τῆς

2385 789 2809 862 ἀνθρωπότητος
2864 788 2939 859 μὴ
2990 787 3404 857 προσκύψαντες
3453 786 3698 856 μέτροις.
3735 787 3881 841 Ἀντὶ
3925 788 3988 839 δὲ

2385 882 2482 935 τοῦ
2507 922 2522 947 ,
2552 882 2928 950 ἐξελεξάμην
2976 896 3051 934 σε
3081 919 3095 945 ,
3128 879 3196 945 ὃς
3228 877 3552 944 causam
3580 893 3653 931 σε
3684 879 3986 949 Σύμμαχος

2386 974 2673 1041 ἐξέδωκεν.
2702 974 2922 1043 κυρίως
2944 976 3042 1043 μὲν
3071 966 3187 1036 οὖν,
3215 971 3347 1040 φασί
3376 988 3543 1034 τινες,
3574 970 3749 1023 ταῦτα
3781 972 3862 1033 είς
3890 972 3989 1023 τὸν

2386 1068 2625 1138 Χριστὸν
2654 1064 3014 1135 ἀναφέρεται.
3047 1064 3240 1116 Νοοίτο
3277 1062 3323 1116 δ’
3354 1063 3421 1116 ἂν
3452 1063 3546 1114 καὶ
3578 1062 3671 1113 ἐπὶ
3700 1060 3798 1114 τοῦ
3841 1079 3985 1132 προ-

2386 1161 2580 1228 φήτου.
2627 1157 3012 1224 Ἐξουδένωσεν
3040 1156 3148 1225 γὰρ
3177 1154 3391 1221 ἑαυτὸν,
3416 1155 3743 1224 ὀδυρόμενος
3762 1154 3860 1216 τὰς
3885 1154 3985 1207 τοῦ

2384 1249 2515 1303 λαοῦ
2559 1249 2649 1303 διὰ
2698 1250 2765 1302 τὰ
2799 1247 3254 1318 πλημμελήματα
3306 1248 3619 1315 συμφοράς.
3653 1247 3763 1297 Καὶ
3812 1262 3986 1315 προσ-

2382 1343 2569 1414 αχθεὶς
2616 1345 2674 1394 ὲν
2722 1344 2913 1409 σάκκῳ
2961 1357 3019 1392 τε
3072 1342 3165 1393 καὶ
3200 1339 3408 1407 γυμνὸς
3441 1339 3795 1408 περιήρχετο,
3831 1338 3987 1403 παρὰ

2380 1436 2491 1488 τῶν
2533 1433 2786 1505 ὁρώντων
2829 1431 3357 1500 ἐξουδενούμενος,
3393 1431 3628 1485 ταπεινὰ
3676 1432 3892 1498 φρονῶν
3922 1448 3983 1483 τε

2382 1526 2518 1596 ἅμα,
2551 1526 2644 1577 καὶ
2695 1525 2804 1577 τῶν
2858 1524 3164 1593 μελλόντων
3196 1521 3363 1574 εἰκὼν
3401 1524 3587 1585 αὐτοῖς
3635 1522 3984 1590 παθημάτων

2378 1618 2683 1687 γινόμενος.
2703 1615 2844 1669 Ἀλλ’
2865 1618 3016 1685 ὅμως
3067 1615 3160 1667 καὶ
3198 1616 3248 1667 οἱ
3296 1616 3410 1676 τοῖς
3456 1615 3757 1681 ἄρχοι-σιν
3789 1614 3982 1677 ἐξυπιο

2376 1710 2780 1778 ηρετούμενοι,
2807 1707 2997 1759 τοῦτον
3027 1704 3451 1776 ἐχλεύαζον,“ον
3469 1705 3624 1772 ἅγιον
3643 1705 3770 1756 ὅντα
3786 1704 3980 1774 τιμῆς,

2378 1802 2568 1869 φησὶν,
2597 1801 2890 1865 ἀξιώσατε.
2921 1799 3079 1868 [lupa
3126 1815 3236 1851 τισι
3283 1797 3339 1849 δὲ
3387 1796 3450 1848 τὸ
3498 1796 3664 1866 ῥητὸν
3691 1798 3869 1849 κεῖται
3897 1796 3983 1864 τῷ

687 1891 918 1944 allicere.
956 1890 1214 1942 Nonnulli
1254 1888 1307 1941 in
1334 1903 1449 1951 eos,
1488 1888 1582 1957 qui
1623 1889 1767 1942 inter
1804 1899 1994 1959 gentes
2016 1896 2071 1943 ct
2100 1888 2273 1944 Israe-

2381 1894 2656 1965 βδελυκτῷ
2708 1894 2918 1958 ἔθνους,
2960 1892 3077 1955 καὶ,
3115 1891 3283 1960 φασὶ,
3319 1888 3414 1942 τοῦ
3452 1890 3704 1960 Ἰσραήλο
3753 1888 3835 1942 διὸ
3882 1890 3982 1941 καὶ

684 1982 791 2035 lem
835 1978 1190 2033 abominandi
1241 1987 1395 2043 sunt,
1462 1995 1775 2033 sermonem
1830 1980 2017 2034 Izaberi
2083 1981 2274 2034 existi-

2381 1987 2513 2056 πρὸς
2541 1988 2609 2038 τὰ
2637 1985 2763 2054 ἔθνη
2798 1984 3024 2055 μετέϐη.
3053 1984 3162 2038 Καὶ
3195 1981 3356 2036 πάλιν
3381 1981 3442 2034 τὸ
3473 1980 3639 2051 ρητδν
3668 1978 3748 2045 τῷ
3777 1981 3983 2044 δούλῳ

684 2080 872 2134 mant;
905 2087 1079 2140 eaque
1099 2071 1313 2125 ratione
1333 2072 1397 2122 ad
1419 2080 1609 2139 gentes
1642 2071 2029 2126 transitionem
2050 2070 2269 2128 fecisse.

2381 2077 2793 2142 ὲξουσιαζόντων
2849 2078 2944 2131 καί
2979 2077 3007 2117 δ
3031 2093 3195 2145 φασιν
3224 2091 3238 2105 ⁸
3274 2074 3526 2142 ὑπετάγη
3571 2074 3711 2142 γάρ’
3762 2076 3858 2127 καὶ
3886 2074 3983 2137 ἐξ-

684 2163 894 2218 Volunt
931 2178 1150 2218 rursum
1187 2171 1240 2215 et
1271 2177 1464 2217 eorum
1496 2162 1661 2215 verba
1684 2178 1827 2226 esse,
1854 2165 1946 2231 qui
1978 2164 2031 2216 in
2060 2181 2271 2219 servum

2381 2166 2676 2235 ελεξάμην
2710 2181 2808 2230 σε,
2858 2164 3022 2235 ἔχων,
3059 2165 3213 2231 φασι,
3263 2161 3363 2231 τὴν
3412 2160 3651 2229 ἀόρατον
3698 2159 3983 2229 ὑπεροχὴν

683 2264 1015 2328 potestatem
1050 2256 1310 2309 habeant.
1340 2254 1612 2310 Subtlitus
1629 2254 1775 2308 enim
1802 2254 1928 2308 fuit.
1961 2256 2032 2310 Te
2052 2256 2269 2324 deinde,

2381 2259 2511 2313 κατὰ
2548 2258 2711 2329 φύσιν
2746 2261 2811 2313 ὲκ
2838 2258 2948 2311 τῶν
2977 2256 3212 2327 ὁρατῶν.
3246 2254 3358 2308 Καὶ
3386 2253 3446 2320 ἐξ
3477 2251 3781 2323 ἀνθρώπων
3805 2251 3986 2305 ἐκλε-

684 2348 965 2418 inquiunt,
995 2345 1147 2415 elegi,
1177 2346 1267 2416 qui
1293 2344 1623 2398 invisibiletn
1656 2344 2037 2399 excellentiam
2075 2358 2275 2401 secun-

684 2441 814 2494 dmn
848 2447 1104 2492 naturam
1147 2452 1211 2490 ex
1264 2435 1583 2490 visibilibus
1631 2435 1831 2491 habeo.
1871 2434 1967 2491 Est
2008 2445 2279 2507 prmterea

684 2551 753 2589 ex
783 2530 1103 2588 hominibus
1137 2530 1379 2591 electus;
1422 2535 1652 2598 propter
1703 2541 1847 2593 eam,
1877 2542 2044 2598 quam
2090 2527 2279 2584 nobis-

683 2640 809 2678 cum
840 2621 1258 2677 similitudinem
1295 2618 1510 2673 habuit.
1548 2618 1628 2672 Ad
1662 2616 2003 2672 Salvatorem
2034 2632 2281 2684 rursum,

688 2717 943 2786 Tempore
988 2724 1282 2783 opportuno
1307 2713 1489 2766 audiri
1523 2723 1589 2775 te,
1620 2711 1832 2767 Patrem
1887 2711 2093 2768 dixisse
2149 2711 2285 2782 legi-

686 2826 828 2863 mus.
872 2807 1009 2862 Cum
1046 2806 1195 2859 enitn
1230 2811 1459 2858 mortem
1526 2802 1726 2865 obiret,
1762 2819 1779 2852 ι
1816 2800 2045 2867 Eli,Eli,
2079 2803 2280 2858 lamma

684 2900 1008 2955 sabactltani
1045 2898 1112 2957 ³⁷,
1146 2915 1165 2947 ι
1240 2894 1593 2948 inclamabat.
1628 2891 1920 2954 Praeterea,
1965 2901 2024 2945 ut
2058 2891 2277 2947 Patrem

688 3008 919 3048 renuere
951 2988 1374 3045 animadvertit:
1412 3005 1429 3038 ι
1452 2984 1635 3048 Pater,
1657 2984 1702 3039 si
1735 3000 1844 3038 non
1876 2992 2059 3053 potest
2086 2994 2273 3041 trans-

682 3088 763 3142 ire
794 3086 922 3147 hoc,
950 3085 1040 3138 iiat
1069 3082 1323 3135 voluntas
1365 3087 1459 3134 tua
1483 3078 1548 3143 ⁸⁸,
1582 3095 1599 3129 ι
1642 3078 1849 3131 intulit.
1882 3077 2031 3142 Quas
2084 3094 2275 3146 preces

2380 2351 2526 2418 κτὸς
2554 2351 2785 2419 γίνεται,
2808 2349 2877 2404 δι’
2896 2349 2965 2420 ἢν
2994 2345 3143 2418 εἶχεν
3164 2346 3459 2417 ὁμοιότητα
3490 2344 3627 2415 πρὸς
3652 2344 3823 2415 ἡμᾶς.
3842 2337 3985 2396 Εἶτα

2382 2443 2521 2513 πρὸς
2549 2443 2641 2497 τὸν
2675 2442 2906 2513 Σωτῆρά
2952 2458 3119 2511 φησιν
3145 2442 3175 2492 ὁ
3206 2438 3417 2509 Πατὴρ,
3448 2436 3642 2505 Καιρῷ
3662 2434 3853 2499 δεκτῷ
3873 2436 3985 2488 ἐκ·

2384 2534 2624 2602 ήκουσά
2654 2548 2794 2591 σου.
2826 2534 3062 2605 Ilaqu
3094 2532 3195 2603 μὲν
3228 2532 3337 2602 γὰρ
3366 2529 3499 2584 ἐϐόα
3519 2546 3532 2558 ·
3571 2547 3590 2581 ι
3614 2526 3983 2593 Ἦλεὶ,Ἧλεὶ,

2386 2624 2867 2695 λαμασαόαχθανί.
2922 2642 2942 2676 ι
3000 2618 3214 2686 Εἴθ’ὡς
3261 2622 3594 2676 ἀνανεύοντα
3619 2620 3711 2673 τὸν
3757 2619 3985 2690 Πατέρα

2389 2717 2558 2786 ἐώρα,
2612 2718 2819 2785 ἐπῆγεν
2842 2732 2857 2747 ο
2913 2734 2933 2767 ι
2964 2716 3174 2784 Πάτερ,
3203 2715 3252 2766 εί
3306 2714 3382 2784 μὴ
3409 2713 3637 2766 δυνατὸν
3682 2711 3983 2781 παρελθεῖν

2387 2808 2543 2875 αὐτὸ,
2570 2807 2860 2878 γενηθήτω
2888 2806 2950 2859 τὸ
2984 2805 3199 2875 θέλημά
3230 2820 3348 2857 σου.
3379 2802 3597 2873 Ταύτην
3626 2797 3721 2855 οὖν
3747 2802 3850 2873 τὴν
3886 2800 3985 2853 εὐ-

2385 2901 2487 2973 χὴν
2520 2903 2658 2973 μετὰ
2685 2904 2777 2956 τὸν
2805 2902 3036 2956 θάνατον
3064 2901 3354 2971 δεκόμενος
3383 2901 3413 2952 ὁ
3435 2897 3645 2969 Πατὴρ,
3672 2898 3763 2951 τὸν
3786 2895 3985 2966 utar.pr

2379 2994 2593 3057 δεικνὺς
2638 2995 2739 3063 τῆς
2788 2992 3145 3055 ἀναστάσεως
3189 2990 3391 3063 φησίν·
3437 2990 3541 3046 Ἑν
3574 2988 3757 3059 καιρῷ
3788 2987 3987 3055 δεκτῷ

2382 3083 2701 3151 ἐπήκουσά
2726 3100 2865 3140 σου.

684 3194 809 3233 enm
848 3185 973 3248 post
1031 3184 1263 3229 tnortcm
1292 3172 1603 3227 admisisset
1633 3168 1826 3236 Pater,
1868 3182 1927 3223 ιιι
1976 3174 2402 3232 resurrectionis
2430 3186 2647 3247 tempus
2680 3178 2967 3242 indicaret,
3030 3193 3147 3231 eum
3174 3175 3338 3246 558
3373 3192 3427 3229 se
3499 3185 3791 3244 opportuno
3844 3186 3989 3229 tm-

681 3290 805 3341 pore
839 3273 1170 3327 exaudiaisse
1226 3269 1580 3340 signiﬁcavit.

754 3368 1011 3424 Nonnulli
1039 3366 1442 3437 expositionem
1477 3364 1664 3428 istam,
1698 3372 1755 3417 ut
1809 3364 2033 3419 minime
2067 3366 2270 3436 proba-

2446 3366 2602 3428 Τινὲς
2641 3365 2697 3417 δὲ
2738 3363 3089 3434 μεμψάμενοι
3120 3362 3218 3433 τὴν
3252 3363 3538 3434 παροῦσαν
3570 3364 3835 3437 ἐξήγησιν
3855 3405 3871 3429 ,
3903 3367 3985 3433 ὡς

684 3463 849 3519 bilem
907 3456 1395 3527 reprehendentes,
1430 3453 1629 3507 Filium
1685 3454 1949 3523 precibus
1999 3456 2274 3511 excidisse

684 3570 782 3625 per
811 3550 1176 3607 oeconomiam
1210 3547 1336 3617 lingu
1363 3548 1547 3601 dicere
1573 3546 1925 3605 maluerunt;
1967 3548 2083 3615 qui,
2115 3556 2273 3602 antc-

684 3658 847 3714 quam
893 3643 1041 3711 ipsas
1097 3638 1377 3702 funderet,
1431 3650 1541 3690 non
1591 3636 1727 3690 alias
1767 3650 1825 3689 se
1874 3646 2132 3701 mortem,
2166 3638 2275 3693 nisi

683 3734 905 3790 crucem
955 3740 1010 3786 et
1066 3740 1299 3785 mortem
1350 3727 1694 3791 subivisset,
1757 3726 2102 3782 sublaturum
2152 3742 2275 3783 esse

685 3825 917 3880 sciebat.
946 3822 1142 3891 Arguit
1197 3834 1329 3892 ergo
1379 3817 1693 3873 Iudaeorum
1768 3818 2149 3873 crudelitatem
2221 3826 2278 3874 et

682 3918 884 3973 eaedem
924 3915 1292 3986 deprecatio;
1344 3928 1466 3983 qua:
1497 3914 1832 3985 passionem,
1868 3922 2094 3982 propter
2153 3911 2275 3981 ejus

687 4008 1199 4081 ignominiam,non
1235 4005 1500 4059 ultionem
1561 4003 1734 4059 fuisse
1781 4004 2043 4059 ostendit.
2087 4005 2276 4071 Quatt-

683 4116 850 4171 quam
886 4115 987 4155 nec
1019 4106 1323 4170 spontanea
1356 4096 1477 4150 ideo
1510 4111 1634 4151 esse
1658 4096 1886 4161 desinit,
1919 4100 2120 4167 quippe
2153 4113 2277 4168 quae

685 4190 853 4245 morti
878 4190 1022 4244 vires
1050 4187 1337 4252 ademerit,
1363 4195 1420 4241 ut
1444 4202 1508 4242 eo
1540 4188 1814 4258 probavit,
1846 4188 1937 4257 qui
1966 4203 2025 4243 sc
2045 4188 2112 4243 de
2134 4189 2277 4244 caelo

685 4283 1065 4345 descendisse,
1094 4298 1200 4336 non
1230 4289 1288 4335 ut
1336 4295 1492 4336 suam
1523 4281 1639 4353 ipse
1671 4276 2005 4337 voluntatem
2051 4280 2275 4347 faceret,

685 4378 779 4433 sed
806 4378 959 4442 ejus,
982 4389 1012 4428 a
1056 4389 1165 4444 quo
1200 4375 1403 4428 missus
1455 4382 1620 4439 esset,
1646 4381 1955 4443 ca’teraqtte
2013 4389 2135 4442 quae
2187 4389 2277 4429 se-

684 4475 952 4536 quuntur,
972 4464 1261 4517 allirmavit
1280 4463 1346 4515 ”.
1372 4461 1765 4517 Pereommode
1780 4464 1967 4533 igitur,
1987 4472 2048 4517 ut
2070 4465 2275 4530 decuit,

683 4570 875 4610 eorum
897 4554 1104 4607 saevitia
1139 4561 1193 4605 et
1215 4551 1543 4606 crudelitate
1568 4552 1632 4605 ad
1664 4552 1851 4605 mundi
1877 4554 2109 4607 salutem
2143 4570 2277 4611 usus

683 4654 809 4710 est;
854 4660 1064 4713 suoque
1118 4643 1277 4697 nobis
1324 4643 1576 4713 exemplo
1610 4642 1664 4695 in
1712 4644 2112 4699 tentationibus
2166 4662 2276 4700 non

2389 3457 2675 3520 ἀπίθανον,
2699 3456 2792 3509 τὸν
2824 3456 2951 3509 Υἰὸν
3000 3457 3297 3525 ἀποτυχεῖν
3329 3457 3427 3525 τῆς
3456 3456 3626 3526 εὐχῆς
3658 3458 3989 3511 πεπλᾶσθαι

2382 3548 2484 3617 τὴν
2517 3546 2681 3617 εὐχὴν
2706 3557 2727 3585 ε
2756 3548 2875 3599 κατ’
2897 3546 3210 3613 οἰκονομίαν
3238 3546 3425 3612 φασιν,
3449 3546 3574 3599 ἐπεὶ
3595 3548 3691 3600 καὶ
3718 3548 3823 3617 πρὸ
3849 3549 3992 3602 ταῦ-

2382 3656 2483 3706 της
2513 3638 2630 3709 ᾔδει
2667 3637 2742 3708 μὴ
2785 3637 2961 3700 ἄλλως
2991 3638 3083 3690 τὸν
3130 3638 3361 3691 θάνατον
3392 3638 3987 3710 καταργηθησὸμενον,

2386 3732 2436 3783 εί
2470 3730 2547 3801 μὴ
2573 3729 2640 3783 δι’
2670 3730 2729 3783 ὃν
2758 3729 2971 3800 ὑπέστη
3004 3730 3239 3799 σταυρόν
3280 3746 3339 3782 τε
3376 3730 3471 3782 καὶ
3517 3729 3850 3783 θάνατον.Ἦ
3882 3727 3989 3783 οῦν

2384 3822 2761 3894 παραίτησις,
2815 3822 2920 3890 τῆς
2976 3821 3245 3875 Ἰουδαίων
3304 3821 3623 3890 μιαιφονίας
3655 3825 3985 3893 κατηγορεῖ,

2383 3913 2683 3984 ἀϐούλητον
2732 3910 2883 3981 αὖτῷ
2929 3911 3186 3965 δεικνῦσα
3215 3911 3274 3964 τὸ
3322 3912 3493 3975 πάθος
3526 3911 3736 3965 διάτοιά
3764 3911 3827 3965 τὸ
3852 3914 3987 3967 δυσ-

2384 4004 2561 4069 κλεές.
2614 4004 2777 4057 Ἀλλά
2812 4004 2907 4055 καὶ
2928 4002 3073 4055 οὕτω
3097 4003 3289 4071 γέγονε
3312 4002 3537 4072 θελητδν
3565 4004 3660 4055 ἐπὶ
3681 4004 3759 4075 τῷ
3780 4021 3989 4075 καταρ-

2384 4100 2551 4167 γῆσαι
2580 4096 2671 4149 τὸν
2698 4096 2949 4152 θάνατον,
2980 4117 2997 4148 ι
3023 4097 3133 4150 Καὶ
3154 4096 3313 4149 τοῦτο
3329 4097 3482 4166 δηλοῖ
3505 4095 3585 4159 τὸ,
3606 4097 3988 4166 Καταῆέόηκι

2384 4189 2447 4241 ἐκ
2496 4187 2591 4241 τοῦ
2634 4186 2902 4259 οὐρανοῦ,
2937 4188 3034 4258 οὐχ
3074 4189 3160 4241 ἵνα
3194 4185 3336 4240 ποιῶ
3375 4187 3439 4239 τδ
3484 4186 3700 4255 θέλημα
3728 4186 3792 4238 τὸ
3822 4187 3983 4257 ἐμὸν,

2384 4279 2519 4333 ἀλλὰ
2548 4278 2609 4331 τὸ
2636 4278 2851 4349 θέλημα
2868 4278 2963 4332 τοῦ
2990 4278 3311 4348 πέμψαντός
3335 4295 3425 4347 με,
3449 4294 3468 4327 ι
3496 4278 3591 4329 καὶ
3619 4276 3688 4328 τὰ
3705 4276 3853 4346 ἑξῆς.
3880 4275 3986 4341 Εἰς

2383 4372 2503 4425 δέον
2551 4367 2646 4425 οὖν
2691 4373 2758 4439 τῇ
2814 4370 3098 4442 μιαιφονίᾳ
3142 4373 3210 4442 τῇ
3260 4369 3484 4423 ἐκείνων
3531 4369 3805 4439 ἐχρήσατο
3840 4371 3985 4438 πρὸς

2386 4463 2660 4533 σωτηρίαν
2689 4462 2783 4516 τοῦ
2812 4463 3039 4533 κόσμου.
3071 4462 3178 4515 Kal.
3201 4460 3375 4525 τύπος
3402 4462 3479 4524 δὲ,
3509 4461 3698 4530 φασὶν,
3725 4462 3860 4531 ἡμῖν
3886 4462 3984 4528 γέ-

2383 4570 2540 4623 γονεν
2589 4555 2666 4624 μὴ
2716 4554 3043 4606 ἀναπίπτειν
3089 4552 3147 4606 ὲν
3196 4553 3557 4622 πειρασμοῖς,
3585 4550 3721 4603 ἀλλὰ
3765 4552 3981 4603 δεῖσθαι

2385 4646 2543 4700 Θεοῦ.
2575 4648 2699 4711 Τοῖς
2748 4645 2841 4699 οῦν
2886 4643 3218 4714 προλαϐοῦσι
3254 4644 3623 4706 συνάπτοντες
3668 4642 3729 4695 τὸ
3786 4642 3979 4712 ῥητὸν,

685 4737 929 4789 animum
971 4734 1368 4803 abjicieudum,
1405 4733 1500 4788 sed
1540 4732 1797 4802 precibus
1829 4732 1996 4788 Deum
2031 4733 2269 4807 fatigan-

2382 4739 2519 4809 πρὸς
2560 4739 2689 4802 τοὺς
2734 4737 3148 4806 ἐξειλεγμένους
3184 4736 3436 4807 εἰρῆσθαί
3466 4752 3601 4804 φασι
3645 4734 3706 4787 τό
3732 4748 3749 4764 °
3774 4733 3982 4802 Καιρῷ

684 4831 813 4883 ιΙιιιιι
849 4842 971 4881 esse
1020 4827 1229 4880 docuit.
1290 4825 1686 4895 Superioribus
1742 4825 1923 4894 itaque
1958 4827 2137 4879 locum
2177 4827 2277 4881 ad-

686 4928 993 4979 nectentcs,
1032 4917 1097 4969 ad
1133 4931 1248 4978 eos.
1277 4917 1370 4985 qui
1422 4916 1613 4970 selecti
1658 4926 1809 4979 sunt,
1865 4918 1989 4980 ista,
2021 4932 2143 4988 qua:
2187 4933 2275 4973 Se-

682 5021 949 5078 quuntur,
991 5008 1055 5062 In
1086 5020 1314 5075 tempore
1345 5021 1555 5077 accepto
1583 5009 1830 5061 exaudiri
1860 5018 1924 5075 te,
1944 5011 2272 5065 retulerunt.

676 5100 884 5157 Fuerat
917 5102 1060 5154 enim
1095 5110 1224 5154 ante
1261 5099 1450 5153 m'undi
1482 5100 1952 5153 constructionem
1980 5102 2274 5171 praecogni-

2376 4829 2567 4895 δεκτῷ
2611 4829 2929 4897 ἐπήκουσά
2973 4844 3112 4884 σου.
3145 4830 3503 4899 Προέγνωστο
3555 4827 3655 4897 μὲν
3705 4826 3814 4895 γὰρ
3867 4827 3981 4896 πρὸ

2377 4924 2684 4993 καταδολῆς
2717 4924 2923 4993 κόσμου
2954 4922 3015 4975 τὸ
3048 4922 3288 4993 Χριστοῦ
3325 4922 3652 4991 μυστήριον,
3684 4919 3977 4988 ἐπέλαμψε

2376 5015 2433 5068 δὲ
2483 5015 2606 5068 καθ’
2634 5014 2728 5078 οὓς
2761 5013 3030 5085 ηὑδόκησε
3068 5015 3295 5083 καιροὺς
3336 5015 3364 5066 ὁ
3392 5012 3687 5081 δυνάστης.
3726 5010 3829 5062 Τὸν
3874 5006 3976 5062 οὖν

2374 5109 2476 5179 τῆς
2508 5108 2975 5179 ὲνανθρωπήσεως
3010 5106 3203 5176 καιρὸν
3232 5105 3461 5173 ἡμέραν
3493 5103 3670 5167 καλεῖ,
3701 5102 3846 5156 καθὰ
3874 5102 3976 5155 καὶ

682 5206 796 5251 ιιιιιι
826 5193 1028 5248 CbriSti
1064 5194 1408 5262 mysterium,
1440 5191 1536 5246 sed
1568 5192 1636 5245 iis
1654 5193 1880 5245 emicuit
1906 5194 2266 5262 temporibus,

2381 5203 2395 5254 5
2420 5202 2561 5264 θεῖος
2585 5199 2909 5261 Ἀπόστολος
2933 5213 2946 5227 ·
2994 5216 3012 5249 ι
3036 5197 3170 5251 Ἰδοὺ
3201 5197 3297 5249 νῦν
3326 5196 3519 5267 καιρὸς
3546 5194 3972 5265 εὐπρόσδεκτος.

667 5284 885 5354 quibus
944 5283 1262 5352 pra-potenti
1340 5281 1566 5350 placuit.
1618 5280 1806 5349 Itaque
1874 5281 2269 5338 incarnationis

672 5384 899 5445 tetupus
940 5377 1044 5428 diei
1088 5376 1308 5427 nomine
1343 5374 1648 5443 signiﬁcat;
1691 5382 1751 5426 ut
1806 5374 1967 5429 dirus
2024 5373 2264 5429 Paulus:

688 5486 709 5519 ε
757 5467 1063 5522 Ειέινιξιιιιιιο
1125 5476 1341 5536 tempus
1394 5467 1772 5535 acceptabile:
1831 5482 1957 5522 ecce
2014 5469 2131 5521 dies
2178 5485 2269 5523 $.1-

674 5557 813 5613 lutis
848 5562 913 5611 δ’.
958 5578 975 5610 ι
1024 5561 1086 5614 l-I'.
1122 5558 1327 5612 David:
1388 5577 1405 5609 ι
1444 5559 1570 5611 Ηωο
1622 5560 1739 5628 ipsa
1774 5568 1855 5612 est
1908 5559 2045 5621 dies,
2102 5577 2267 5629 quam

755 5669 988 5725 “llom.
1030 5688 1148 5733 ιἰιι.
1201 5670 1291 5727 29.
1370 5672 1409 5701 ³⁷
1442 5669 1634 5725 Matth.
1682 5674 1969 5737 nutrit}.
2047 5675 2091 5704 ³³
2120 5674 2314 5729 Matth.
2358 5680 2627 5745 xxvr,'39.

2381 5294 2511 5346 Ἰδοὺ
2547 5294 2729 5362 ἡμέρα
2766 5291 3063 5359 σωτηρίας.
3094 5309 3111 5340 ι
3167 5290 3303 5359 Περὶ
3340 5284 3406 5360 ἧς
3446 5304 3582 5357 φησι
3620 5286 3717 5339 καὶ
3760 5284 3932 5337 Δαδίδ
3955 5300 3970 5315 ·

2376 5401 2393 5433 ι
2425 5382 2573 5452 Αὕτη
2608 5384 2640 5451 ἡ
2674 5382 2875 5451 ἡμέρα,
2909 5382 2972 5449 ἢν
3023 5379 3281 5449 ἐποίησεν
3312 5382 3340 5431 ὁ
3370 5377 3592 5449 Κύριος.
3629 5396 3647 5427 ι
3692 5376 3815 5427 Ἐπὶ
3847 5376 3975 5427 τοῦ·

2369 5490 2481 5535 τοις
2516 5473 2650 5543 φησί
2675 5489 2689 5502 ⁶
2736 5473 2845 5527 Καὶ
2877 5470 3069 5525 ἔδωκά
3103 5488 3176 5525 σε
3202 5475 3289 5538 εἰς
3318 5471 3618 5538 διαθήκην
3642 5468 3834 5522 ἐθνῶν
3860 5468 3972 5522 τοῦ

2370 5566 2745 5634 καταστήσειε
2775 5564 2887 5632 τὴν
2922 5562 3056 5634 γῆν,
3079 5562 3534 5632 κληρονομῆσαι
3560 5562 3973 5632 κληρονομίας

2744 5679 2787 5711 ³⁸
2818 5677 2980 5735 Joan.
3017 5694 3091 5747 vr,
3124 5677 3214 5735 58.
3294 5678 3340 5709 ’⁸ο
3373 5678 3414 5732 ιι
3441 5677 3568 5734 Cor.
3590 5692 3666 5747 vt,
3688 5676 3743 5731 2.

1939 5762 2174 5816 \'.\lll.l§
2220 5763 2631 5825 Ll'lC'I'lUMSS.

752 5860 780 5898 ὂ
812 5874 901 5927 ςιλο.
943 5850 1102 5908 εἶναι.
1186 5870 1200 5895 ι
1238 5854 1339 5923 ἀρ.
1372 5854 1674 5927 τὴνεῦχήν.
1751 5856 1775 5896 δ
1804 5876 1890 5927 γρ.
1926 5857 1991 5910 ὀί
2028 5853 2215 5911 αὐτοῦ.
