4262 6434
189 421 349 486 ‘2473
1307 423 1833 484 COMMENTARU
1881 425 1958 482 ΙΝ
1997 425 2280 484 ΙΞΛΙᾹΜ.
3312 419 3453 482 2474

189 539 486 610 ᾲιήμους·
523 539 555 608 ἦ
587 539 726 592 κατὰ
755 539 1047 609 Σύμμαχον
1133 536 1450 605 ’Λνεγεῒραι
1485 537 1598 604 τὴν
1636 538 1772 606 γῆν,
1807 546 1849 600 Α

1771 581 1772 591 χ
1807 546 1849 600 Α
1885 538 2012 592 fecit
2049 537 2311 591 Dominus
2343 538 2406 588 η.
2449 555 2466 587 ι
2514 535 2674 590 Addit
2701 542 2921 606 postea:
2969 532 3031 586 Et
3057 532 3176 586 dedi
3207 541 3253 585 te
3301 533 3454 614 intc-

191 633 297 686 καὶ
363 629 811 699 κληροδοτῆσαι
877 631 1284 697 κληροδοσίας
1345 629 1780 697 ἠφανισμένος.

1771 671 1780 681 .
1895 639 2211 682 stamentum
2239 631 2493 698 gentium,
2518 639 2572 680 ut
2607 629 2946 681 constitueres
2966 635 3185 683 terram,
3206 633 3252 677 et
3281 624 3453 691 possi-

191 723 461 777 Τοιαῦται
489 723 544 776 δὲ
570 719 710 792 ἦσαν
737 723 792 776 αἱ
820 721 928 775 τῶν
956 721 1132 775 ἀθέων
1162 721 1331 789 ψυχαὶ
1351 761 1364 782 ,
1403 719 1599 790 ἔρημοι
1625 719 1783 783 Θεοῦ,

1774 762 1783 782 ,
1889 721 2037 774 deres
2064 722 2397 774 Ita'i'editates
2437 720 2712 784 desertas;
2744 728 2836 774 aut
2863 718 3168 773 secundum
3213 715 3457 786 Synuua-

192 817 293 867 καὶ
345 814 561 883 άληθῶς
613 813 1040 880 ἠφανισμέναι.
1079 809 1258 864 ἾΙσαν
1303 813 1359 864 δὲ
1416 813 1511 864 καὶ⁵
1559 811 1786 878 σειραῖς

1775 831 1786 873 τ
1891 813 2051 865 chum
2087 853 2101 875 ,
2138 812 2204 865 Ut
2228 813 2516 866 suscitares
2547 812 3105 872 terram,etdividcres
3125 809 3458 863 hwreditatcs

195 906 624 977 ἁμαρτημάτων
671 902 1022 974 δεσμώτιδες.
1052 904 1161 955 Καί
1190 920 1318 955 ποτε
1368 903 1576 966 σκότος,
1614 902 1707 954 νῦν
1731 903 1787 954 δὲ

1777 919 1787 954 ε
1891 914 2087 957 vastas.
2138 905 2339 970 Quales
2379 915 2535 958 erant
2575 907 2706 973 ipsa:
2748 905 3031 958 atheorum
3076 903 3291 968 animm,
3351 900 3460 956 Deo

194 998 318 1066 φῶς
367 999 426 1048 ὲν
461 997 672 1066 Κυρίῳ.
705 996 815 1064 Τὴν
866 994 958 1047 οὖν
1001 995 1256 1062 τοιαύτην
1301 996 1638 1059 κατέστησε
1670 991 1787 1060 γῆν

1778 1009 1787 1022 ·
1891 996 2112 1063 privatze
2145 997 2376 1058 scilicet,
2409 1004 2460 1050 et
2483 1007 2704 1050 vastata:
2733 1013 2939 1051 revera.
2970 997 3215 1050 Erantet
3268 1010 3461 1065 pecca-

191 1089 647 1159 τεθορυϐημένην
677 1089 1131 1154 κακοῖς.Ἠγουν,
1165 1087 1372 1149 πάντας
1397 1088 1522 1148 τοὺς
1551 1085 1649 1138 ἐπὶ
1677 1084 1788 1152 γῆς

1776 1104 1788 1146 τ
1893 1094 2070 1138 torum
2091 1086 2309 1139 vinculis
2328 1089 2656 1141 constricta).
2677 1087 2844 1140 Erant
2879 1104 3073 1143 rursus
3101 1096 3155 1143 et
3182 1089 3421 1143 tenebrze
3446 1106 3459 1151 ;

193 1182 296 1234 καὶ
349 1181 449 1249 τῆς
504 1165 863 1246 ἐπικειμένης
905 1175 1182 1247 ἀπήλλαξε
1212 1177 1399 1245 ζάλης,
1434 1176 1528 1229 καὶ
1561 1175 1790 1242 κλῆρον

1779 1193 1790 1206 ·
1892 1191 2038 1228 nunc
2070 1188 2248 1229 autem
2289 1177 2377 1229 lux
2416 1178 2467 1229 in
2503 1177 2748 1232 Domino.
2785 1177 2970 1232 Talem
3009 1179 3174 1247 igitur
3211 1194 3322 1232 esse
3357 1188 3462 1230 ter-

196 1273 334 1324 τδιον
364 1272 680 1337 ἐποιήσατο,
718 1268 881 1337 μόνον
908 1267 1046 1336 ἔχων
1074 1268 1243 1321 πάλαι
1279 1269 1368 1320 τὸν
1402 1267 1788 1336 ’1σραήλ.Τοὺς

1779 1284 1788 1328 ς
1894 1283 2033 1326 ram,
2086 1282 2210 1318 cum
2258 1267 2414 1320 malis
2461 1269 2610 1337 prius
2660 1270 2983 1336 agitaretur,
3012 1269 3216 1323 voluit:
3272 1268 3326 1322 id
3359 1277 3462 1330 est,

193 1363 258 1416 δὲ
286 1359 527 1429 δεσμῶν
567 1359 666 1412 καὶ
703 1359 965 1422 σκότους
992 1358 1472 1427 ήλευθερωμὲνους
1502 1357 1790 1425 εὐαγγελί-

1781 1388 1790 1396 -
1894 1370 2087 1408 omnes
2119 1357 2171 1408 in
2205 1364 2344 1408 terra
2375 1356 2637 1427 degentes
2691 1359 3006 1412 imminente
3042 1365 3363 1426 tempestate
3396 1358 3464 1411 li-

199 1450 384 1513 ζεται,
418 1451 592 1516 λέγων
614 1465 627 1478 ·
649 1449 744 1499 Ἐγ
767 1447 991 1511 πάσαις
1020 1446 1148 1512 ταῖς
1183 1447 1340 1512 ὁδοῖς
1365 1447 1792 1512 ,ϐοσκηθήσον-

199 1558 324 1594 ται.
345 1539 503 1591 Ὀδοὶ
543 1538 599 1590 δὲ
633 1537 728 1590 καὶ
761 1537 965 1603 τρίϐοι,
995 1535 1061 1598 ἃς
1083 1536 1378 1589 διώδευσαν
1410 1538 1458 1588 οἱ
1488 1536 1652 1591 πάλαι
1674 1538 1792 1590 θεο⁴

203 1632 408 1694 σεϐεἰς,
443 1630 500 1681 αἱ
531 1629 669 1681 θεῖαι
705 1627 917 1697 Γραφαί
947 1645 960 1659 ο
991 1627 1179 1696 ἡγουν,
1203 1627 1258 1680 αἱ
1287 1626 1396 1678 τῶν
1425 1627 1635 1697 ἀρετῶν
1671 1633 1794 1680 επι-

198 1723 490 1793 τηδεύσεις
514 1721 704 1773 ἆὸατοι
732 1721 844 1780 τοῖς
866 1719 924 1782 ἐξ
939 1718 1117 1771 ἐθνῶν
1133 1718 1480 1788 ὑπάρχουσαι
1506 1718 1791 1788 πρότερον,

202 1818 266 1867 ὲν
301 1810 387 1873 αἷς
425 1814 744 1883 βοσκόμενοι
769 1811 964 1873 πάντες
998 1811 1226 1878 λογικῆς
1251 1812 1458 1880 τροφῆς
1486 1811 1792 1864 ἀπολαύουε

1897 1446 2127 1507 beravit,
2161 1447 2374 1515 sibique
2405 1448 2537 1517 ipsis
2568 1449 2621 1501 in
2652 1449 3080 1515 peculium,cum
3115 1449 3243 1501 olim
3284 1447 3462 1502 Israe-

1896 1537 2001 1591 lem
2040 1546 2247 1590 tantum
2274 1538 2515 1602 haberet,
2545 1538 2745 1594 effecit.
2775 1539 2866 1593 Eis
2883 1539 3212 1609 deinde,qui
3242 1540 3463 1593 vinculis

1896 1638 1944 1683 et
1974 1629 2195 1683 tenebris
2230 1630 2440 1684 liberati
2469 1639 2619 1694 sunt,
2660 1630 2836 1686 fausta
2861 1633 3184 1694 annuntiat;
3223 1641 3346 1686 cum
3373 1647 3465 1686 eos

1898 1721 1951 1773 in
1978 1721 2219 1774 omnibus
2251 1723 2349 1775 viis
2383 1721 2546 1790 559
2571 1733 2814 1788 pasturos
2848 1739 2959 1776 esse
2987 1724 3279 1789 signiﬁcat.
3325 1721 3467 1777 Sunt

1900 1818 2080 1865 autem
2107 1813 2203 1864 via
2227 1821 2275 1864 et
2305 1814 2526 1876 semitte,
2556 1827 2693 1881 quas
2723 1813 2798 1881 pii
2828 1820 3011 1883 patres
3032 1814 3159 1866 olim
3183 1821 3464 1882 pertrans-

206 1923 328 1969 σιν,
366 1906 433 1974 ἢν
467 1905 560 1956 καὶ
588 1903 876 1972 νεμόμενοι
912 1918 1076 1970 φασιο
1122 1900 1326 1971 Κύριος
1373 1902 1649 1970 ποιμαίνει
1701 1918 1787 1970 με,
1823 1892 1865 1949 Β

1782 1944 1787 1964 ,
1823 1892 1865 1949 Β
1898 1903 2096 1965 ierunt,
2148 1903 2276 1969 ipsae
2308 1916 2478 1956 sacrte
2510 1901 2805 1972 Scriptura:
2849 1921 2863 1956 :
2903 1903 2954 1958 id
2985 1913 3088 1966 est,
3145 1904 3260 1972 ipsa
3291 1904 3465 1956 virtu-

204 1997 308 2049 καὶ
356 1996 508 2048 οὐδέν
556 2012 622 2063 με
672 1994 986 2063 ὐστερήσει,
1019 1993 1111 2045 καὶ
1153 1994 1221 2045 τὰ
1270 1994 1482 2055 τούτοις
1524 1992 1785 2061 ἑπόμενα.

208 2086 338 2148 Πῶς
381 2082 475 2138 οὖν
527 2083 674 2155 [οὐκ]
724 2084 1089 2152 ὑπομένουσιν
1133 2082 1212 2136 ἔτι
1261 2083 1442 2153 ψυχῆς
1471 2083 1703 2147 πεῖναν,
1749 2082 1787 2150 ’ἦ

203 2176 420 2246 δίψαν,
445 2175 509 2237 ἃς
528 2172 671 2245 εῐχον
702 2176 869 2228 πάλαι
890 2174 965 2243 μὴ
994 2174 1166 2244 νόμῳ,
1195 2174 1268 2245 μὴ
1298 2178 1606 2244 προφήταις
1635 2175 1791 2227 παιδ-

208 2270 622 2336 αγωγούμενοις
655 2264 996 2319 Μεταϐαλὼν
1029 2266 1086 2317 δέ
1133 2283 1218 2328 τις
1266 2268 1409 2318 κατὰ
1453 2267 1707 2336 Χριστὸν,
1734 2268 1790 2317 ἐν

207 2359 474 2427 εύτροφία
509 2358 719 2424 γίνεται
761 2359 948 2426 νοητῇ,
994 2356 1244 2424 λέγοντος
1281 2357 1535 2410 Ἡσαΐου·
1575 2374 1592 2406 ι
1622 2356 1791 2419 Αὐτὸς

207 2453 426 2518 οἰκήσει
457 2451 512 2500 ὲν
542 2447 732 2518 ὑψηλῴ
760 2447 1008 2516 σπηλαίῳ
1032 2447 1248 2516 πέτρας
1296 2449 1540 2518 ἰσχυρᾶς.
1595 2448 1793 2517 ’Λρτος

211 2541 366 2611 αὐτῷ
389 2541 695 2609 δοθήσεται,
713 2539 808 2592 καὶ
823 2539 883 2590 τὸ
907 2536 1053 2608 ὕδωρ
1070 2537 1233 2590 αὐτοῦ
1259 2539 1447 2592 πιστόν
1469 2578 1480 2590 ,
1499 2553 1516 2584 I
1533 2537 1673 2590 Ἀλλ’
1699 2538 1792 2590 οὐ·

212 2632 270 2684 δὲ
321 2635 350 2684 6
396 2631 636 2700 φλογμὸς
669 2629 764 2681 τοῦ
798 2628 914 2697 βίου
958 2628 1208 2691 πατάξει
1246 2629 1464 2691 αὐτοὺς,
1498 2628 1793 2699 λεγόμενος

214 2725 462 2776 καύσων
487 2723 583 2774 καὶ
613 2721 806 2787 ἣλιος.
844 2720 1039 2786 Γέγονε
1072 2720 1180 2791 γὰρ
1215 2721 1400 2784 αὐτοῖς
1429 2720 1738 2790 σκεπαστὴς
1764 2723 1792 2773 6

213 2813 453 2883 Χριστὸς
494 2815 522 2865 6
553 2813 643 2864 καὶ
672 2811 839 2864 πάλαι
870 2812 1067 2881 νεφέλῃ
1111 2811 1392 2874 σκεπάσας
1425 2813 1516 2865 τὸν
1553 2813 1790 2882 Ἰσραήλ.

214 2904 288 2957 Σύ
298 2920 516 2974 μφωνον
541 2901 714 2971 τούτῳ
730 2901 790 2954 τὸ
816 2901 910 2954 τοῦ
940 2900 1264 2955 ’Δποστόλου
1296 2902 1457 2972 ῥητόν
1475 2917 1489 2932 °
1521 2920 1540 2953 ι
1559 2903 1791 2966 Δυνατὸς

214 2995 272 3048 δὲ
309 2997 338 3048 6
372 2993 523 3055 Θεὸς,
557 2993 616 3054 ὃς
657 2993 756 3044 οὐκ
804 2991 958 3044 ἐάσει
1002 2993 1148 3061 ὑμᾶς
1185 2992 1547 3064 πειρασθῆναι
1592 2993 1732 3063 ὑπὲρ
1767 2993 1795 3045 ὃ

213 3085 468 3140 δύνασθε.
503 3102 520 3134 ι
558 3084 666 3136 Καὶ
694 3082 830 3154 αὕτη
861 3083 966 3138 τοῦ
997 3083 1315 3150 ἐλεοῦντος
1343 3085 1488 3153 ἡμᾶς
1530 3084 1568 3151 ἠ
1603 3082 1793 3151 παρά-

217 3181 462 3246 ιιησις.

1900 2003 2012 2045 tum
2033 1992 2211 2046 studia
2235 1993 2488 2061 gentibus
2509 1994 2638 2047 olim
2667 1995 3027 2060 inaccessa,in
3045 1997 3245 2064 quibus
3276 2010 3466 2047 omnes

1898 2083 2115 2135 educati
2145 2083 2292 2137 verbi
2317 2084 2442 2137 cibo
2471 2083 2869 2153 perfruuntur;
2900 2101 3010 2154 quo
3030 2086 3122 2155 qui
3145 2095 3467 2150 vescuntur,

1899 2188 1929 2227 a
1964 2172 2191 2227 Domino
2219 2189 2278 2229 se
2317 2176 2488 2244 pasci,
2533 2191 2632 2230 nec
2665 2176 2770 2232 sibi
2798 2177 3096 2247 quidquam
3127 2176 3462 2240 defuturum,

1901 2273 2205 2334 ceteraque
2235 2280 2356 2334 qua:
2395 2275 2724 2336 sequuntur,
2759 2269 3104 2338 proﬁtentur.
3143 2269 3244 2336 Qui
3301 2269 3468 2338 igitur

1899 2370 2017 2409 eam
2044 2357 2236 2410 animae
2258 2358 2503 2423 esuriem,
2534 2369 2625 2412 aut
2651 2361 2818 2426 sitim,
2843 2361 3020 2415 adhuc
3040 2377 3146 2414 non
3168 2361 3465 2430 patiantur,

1900 2463 2005 2517 qua
2027 2448 2060 2501 ii
2075 2449 2349 2516 quondam
2370 2450 2538 2518 qui'se
2555 2466 2654 2505 nec
2676 2452 2777 2520 legi
2795 2468 2892 2508 nec
2911 2454 3190 2522 prophetis
3211 2454 3469 2522 permise-

1900 2540 2474 2608 runt,torquebantur‘t
2491 2542 2560 2595 At
2580 2542 2830 2612 quisquis
2856 2545 2920 2598 ad
2947 2545 3224 2598 Christum
3251 2543 3464 2601 transit.

1903 2630 2075 2684 multo
2108 2639 2278 2694 certe,
2311 2646 2486 2701 eoque
2512 2632 2862 2703 intelligibili,
2895 2635 3016 2689 cibo
3039 2635 3296 2697 abundat,
3330 2634 3468 2688 lsaia

1900 2726 2060 2782 teste,
2113 2734 2238 2774 cum
2289 2722 2397 2775 ait:
2458 2742 2477 2774 ι
2512 2722 2634 2792 lpse
2683 2724 2947 2778 habitabit
2984 2726 3035 2778 in
3077 2726 3290 2780 excelsa
3338 2741 3466 2794 spe—

1902 2810 2062 2864 lunca
2095 2810 2328 2880 praeduri
2366 2813 2585 2883 lapidis.
2619 2813 2783 2869 Panis
2820 2815 2920 2883 ipsi
2974 2816 3211 2878 dabitur,
3238 2825 3292 2871 et
3322 2831 3465 2886 aqua

1900 2901 2019 2972 ejus
2066 2903 2242 2960 ﬁdelis
2294 2904 2358 2958 “.
2403 2925 2422 2958 ι
2479 2906 2590 2960 lmo
2636 2923 2704 2962 ne
2746 2909 2869 2962 vita:
2914 2908 3129 2977 quidem
3167 2907 3420 2964 incendio
3449 2945 3466 2971 ,

1900 2995 2043 3064 quod
2065 3005 2223 3050 (estus
2245 3004 2294 3050 et
2319 2997 2448 3050 solis
2467 2998 2685 3051 nomine
2702 2998 3058 3067 signiﬁcatur,
3081 3000 3464 3064 percutientur;

1901 3088 1991 3154 qui
2023 3087 2324 3152 Christum,
2357 3104 2469 3158 quo
2503 3090 2698 3143 nebula
2725 3091 2886 3145 etiam
2919 3092 3047 3146 olim
3079 3100 3358 3160 protectus
3385 3099 3466 3144 est

1903 3175 2089 3238 Israel,
2125 3177 2469 3233 defensorem
2499 3179 2758 3234 habeant.
2796 3178 2934 3235 lluic
2964 3190 3143 3235 autem
3192 3184 3468 3236 consentit

216 3281 272 3322 et
319 3270 562 3336 Apostoli
608 3271 781 3328 locus.
814 3270 904 3324 ubi
932 3270 1034 3323 ait:
1093 3288 1110 3320 ι
1144 3267 1342 3325 Potens
1372 3277 1456 3324 est
1501 3269 1668 3334 Deus,
1700 3270 1793 3338 qui
1840 3284 1948 3324 non
1979 3272 2123 3326 sinet
2147 3287 2240 3327 vos
2305 3272 2498 3326 tentari
2545 3288 2708 3342 supra
2757 3273 2812 3328 id
2888 3274 3032 3344 quod
3082 3276 3307 3344 potestis
3338 3276 3402 3328 “.
3441 3292 3461 3326 ι

220 3363 284 3416 Ει
315 3364 437 3414 haec
471 3362 587 3430 ipsa
615 3371 699 3414 est
736 3363 904 3414 nostri
941 3362 1316 3415 miserescentis
1340 3363 1649 3415 consolatio.

293 3455 402 3510 Καὶ
450 3454 547 3507 διὰ
603 3454 828 3522 πηγῶν,
862 3455 1044 3523 φησὶν,
1097 3455 1332 3509 ὑδάτων
1374 3457 1503 3518 ἄξει
1554 3458 1794 3522 αὐτούς.
1825 3475 1866 3531 C
1972 3464 1976 3511 1

1782 3499 1794 3512 .
1825 3475 1866 3531 c
1972 3459 2232 3527 Sequitur
2259 3457 2454 3512 deinde
2479 3467 2528 3511 et
2553 3472 2645 3523 per
2675 3457 2844 3526 fontes
2879 3473 3137 3526 aquarum
3178 3459 3328 3512 ducet
3353 3476 3461 3512 eos.

219 3550 422 3602 Πολλαὶ
450 3549 505 3599 δὲ
530 3548 709 3612 πηγαὶ
739 3546 954 3616 Ἰσραὴλ
975 3589 987 3610 ,
1026 3548 1120 3600 καὶ
1178 3548 1360 3615 πηγαὶ
1420 3551 1710 3619 σωτηρίου.
1741 3551 1795 3602 αἱ

223 3641 323 3709 μὲν
345 3640 441 3706 τῆς
477 3638 713 3698 Παλαιᾶς
743 3637 1035 3706 Διαθήκης,
1065 3638 1122 3689 αἱ
1156 3638 1212 3690 δὲ
1252 3638 1350 3706 τῆς
1375 3639 1603 3708 Καινῆς.
1631 3641 1798 3693 Οὐδὲν

217 3734 276 3785 δὲ
337 3731 598 3785 δύσϐατον
656 3732 837 3793 αὐτοῖς
894 3731 1037 3800 τὴνο
1110 3734 1375 3802 σωτήριον
1425 3733 1796 3807 ὁδοιποροῦσιν

218 3823 391 3876 ὀδόν.
426 3824 570 3890 Ἔφη
621 3821 727 3891 γὰρ
753 3823 780 3873 6
812 3823 1098 3892 προφήτης
1139 3824 1234 3875 καὶ
1293 3825 1560 3896 πρότερον
1584 3843 1598 3858 ο
1644 3846 1662 3877 ι
1688 3829 1798 3880 Καὶ

217 3916 370 3967 πᾶσα
401 3913 615 3982 φάραγξ
646 3912 1081 3981 πληρωθήσεται,
1101 3933 1118 3965 ι
1148 3915 1242 3967 καὶ
1261 3914 1330 3968 τὰ
1351 3917 1442 3969 ἐπὶ
1465 3918 1660 3986 τούτῳ.
1692 3921 1799 3971 Καὶ

219 4003 412 4060 πάλιν,
460 4018 479 4051 ι
519 4002 666 4062 Ὁδὸς
714 4000 927 4053 ἀσεϐῶν
980 4001 1171 4056 εὐθεῖα
1231 4005 1470 4070 ἐγένετο.
1511 4025 1528 4058 ι
1593 4009 1797 4074 Ἥγουν

215 4089 578 4162 ὁμαλίζεσθαι
603 4089 669 4143 τὰ
701 4089 888 4142 σκολιὰ
921 4094 1014 4142 καὶ
1045 4091 1310 4160 άνώμαλά
1335 4112 1471 4163 φησι
1499 4096 1606 4150 τῶν
1627 4096 1794 4166 ήθῶν.

219 4181 357 4235 Εἶτα
386 4183 510 4243 τοὺς
545 4181 915 4250 κεκλημένους
940 4183 1275 4251 πανταχόθεν
1301 4185 1473 4250 ἥξειν
1503 4187 1601 4254 τῆς
1621 4188 1798 4239 οἰκου-

220 4272 399 4341 μένης
424 4269 577 4336 φησὶ,
637 4268 745 4319 τῶν
779 4269 1061 4338 τεσσάρων
1089 4269 1368 4337 κλιμάτων
1410 4271 1689 4340 μνησθείς.
1727 4271 1798 4323 Τὸ

218 4361 332 4426 γὰρ
364 4358 688 4424 πόρῤωθεν,
713 4357 773 4408 τὸ
798 4357 1005 4408 νότειον
1063 4357 1215 4424 δηλοῖ
1246 4359 1354 4411 τῶν
1410 4359 1799 4430 μεσημῆρινῶν

217 4450 406 4502 τόπων
439 4451 568 4516 ἡμῖν
589 4447 994 4517 ἀκατάληπτον.
1025 4449 1159 4501 Ἡδὲ
1198 4449 1482 4503 θάλασσα
1507 4451 1606 4518 τὴν
1637 4453 1798 4503 ἐσπέ-

1902 3551 2041 3605 Sunt
2089 3564 2216 3602 vero
2254 3549 2490 3611 lsraelis,
2541 3558 2703 3618 atque
2734 3550 2869 3602 adeo
2925 3550 3116 3604 salutis
3148 3550 3314 3618 fontes
3344 3566 3467 3617 per-

1901 3644 2088 3696 multi:
2120 3643 2208 3696 alii
2240 3640 2461 3711 quidem
2502 3639 2738 3705 Veteris,
2779 3641 2868 3693 alii
2909 3649 3089 3693 autem
3123 3641 3465 3694 Reeenlioris

1900 3733 2060 3787 Testa
2071 3734 2256 3788 menti.
2273 3732 2380 3786 Sed
2395 3732 2528 3786 nihil
2549 3732 2616 3786 iis
2633 3739 2841 3801 poterat
2858 3732 3097 3801 prmbere
3110 3731 3464 3792 ditlicultatis,

1898 3826 1992 3894 qui
2030 3825 2163 3877 viam
2204 3824 2396 3878 salutis
2441 3823 2832 3877 ambulassem.
2889 3822 3107 3876 Dixerat
3155 3824 3300 3875 enim
3342 3837 3466 3889 pro-

1903 3918 2060 3986 pheta
2119 3917 2279 3970 etiam
2342 3925 2501 3969 antea
2555 3932 2568 3968 :
2619 3932 2637 3965 ι
2672 3915 2733 3968 Et
2785 3916 2966 3968 omnis
2999 3913 3159 3968 vallis
3214 3912 3465 3980 implebi-

1903 4024 1988 4061 IUI‘
2020 4009 2083 4070 ⁸⁸,
2121 4025 2138 4058 ι
2178 4009 2390 4077 aliaque
2442 4023 2562 4077 qua:
2593 4016 2918 4076 sequuntur.
2971 4005 3214 4074 itemque
3256 4023 3268 4058 :
3316 4022 3335 4055 ι
3365 4002 3468 4055 Via

1903 4099 2190 4162 impiorum
2243 4107 2387 4151 recta
2423 4097 2566 4151 facta
2614 4104 2699 4152 est
2728 4096 2795 4151 ".
2836 4114 2854 4147 ι
2913 4095 3202 4158 Nimirum,
3234 4099 3314 4147 'ut
3347 4109 3469 4163 quae

1901 4189 2119 4257 obliqua
2151 4195 2204 4241 et
2245 4188 2525 4242 salebrosa
2583 4186 2802 4241 fuerant
2829 4188 2882 4239 in
2924 4185 3192 4248 moribus,
3235 4192 3383 4237 recta
3416 4195 3470 4237 et

1905 4282 2059 4348 plana
2150 4279 2264 4333 fore
2353 4279 2710 4348 signiﬁcaret.
2799 4276 3029 4331 Vocatos
3114 4275 3311 4330 deinde
3400 4275 3470 4330 ab

1901 4369 2046 4420 (ιιιιιιί
2118 4375 2276 4420 terra:
2344 4367 2655 4421 habitabilis
2707 4373 2878 4436 parte,
2957 4364 3117 4432 cujus
3182 4367 3467 4432 plagarum

1901 4469 2136 4526 quatuor
2179 4458 2441 4522 meminit,
2493 4466 2738 4511 venturos
2777 4472 2888 4509 esse
2919 4455 3280 4509 demonstrat.
3311 4451 3468 4516 Quod

223 4559 326 4611 ραν
384 4539 553 4609 δηλοῖ,
602 4539 936 4607 δυτικωτέρα
987 4540 1084 4608 τῆς
1141 4541 1396 4604 Ἰουδαίας
1459 4542 1796 4616 ὑπάρχουσα.

225 4631 547 4701 ’Ὡσπεροῦν
575 4630 674 4699 τήν
701 4629 964 4698 ἀνατολὴν
996 4629 1035 4696 ἡ
1073 4629 1323 4697 Περσῶν
1371 4633 1670 4702 παρίστησι
1701 4632 1796 4702 γῆ.
1903 4654 1908 4690 l

1784 4674 1796 4687 .
1903 4638 2063 4691 nobis
2096 4639 2402 4706 incognitas
2422 4636 2785 4706 signiﬁcavit:
2818 4646 2876 4690 ut
2904 4650 2999 4704 per
3024 4650 3166 4688 mare
3186 4633 3465 4698 occiduas;

232 4716 399 4783 Δηλοῖ
432 4715 487 4768 δὲ
519 4716 681 4784 τάχα,
714 4715 868 4784 φασὶ,
904 4719 1027 4780 τοὺς
1074 4721 1561 4791 προσκυνήσαντας
1586 4726 1812 4791 Μάγους
1902 4745 1915 4781 t

1787 4742 1812 4786 ς
1902 4729 2044 4796 quod
2089 4726 2271 4781 Judtca
2311 4730 2478 4798 magis
2503 4729 2569 4781 ad
2597 4743 2854 4783 occasum
2889 4730 3094 4798 vergit:
3135 4745 3229 4797 per
3274 4737 3468 4781 terram

232 4806 407 4872 αὐτῷ.
438 4805 608 4858 Τοῦτο
639 4807 747 4875 γὰρ
779 4807 994 4875 δηλοῦν.
1030 4812 1122 4861 καὶ
1143 4810 1222 4874 τὸ,
1267 4829 1284 4862 ι
1322 4812 1615 4883 Δοθήσεται
1661 4815 1813 4884 αὐτῷ
1833 4819 1875 4872 ῐ)
1904 4833 1915 4870 t

1783 4815 1875 4884 ᾢῐ)
1904 4827 2083 4870 autem
2108 4817 2392 4871 Persarum
2425 4816 2704 4874 Orientem
2763 4821 2963 4888 ipsum.
2997 4820 3251 4873 Forsitan
3306 4821 3466 4872 etiam

231 4901 298 4950 ὲκ
328 4897 423 4949 τοῦ
454 4900 680 4966 χρυσίου
726 4898 826 4966 τῆς
883 4899 1163 4968 ’Λραὸίας.
1209 4921 1226 4952 ι
1265 4901 1374 4953 Νῦν
1411 4904 1519 4972 γὰρ
1555 4905 1813 4974 ’Λραὸίαν
1905 4924 1914 4957 t

1785 4924 1813 4958 ν
1905 4915 1958 4959 et
1979 4909 2185 4972 Magos,
2219 4908 2389 4971 aiunt,
2423 4923 2450 4959 ιι
2480 4911 2677 4977 quibus
2713 4919 2797 4962 est
2843 4911 2957 4978 ipse
2989 4911 3269 4963 adoratus.
3316 4909 3468 4962 Istud

227 4988 331 5057 τὴν
361 4987 608 5054 Περσῶν
629 4988 813 5058 χώραν
842 4989 1223 5057 σημαίνεσθαι.
1269 4989 1400 5045 Εἶτα
1435 4995 1571 5063 πρὸς
1619 4995 1815 5066 ἑορτὴν
1905 5020 1910 5048 ι

1786 5013 1815 5048 ν
1905 5001 2050 5052 enim
2100 5002 2176 5052 vel
2228 5001 2444 5054 Davidis
2498 5001 2660 5055 verba
2710 5019 2725 5054 :
2774 5021 2791 5051 ι
2830 5001 3054 5052 Dabitur
3099 5000 3145 5053 ei
3208 5000 3274 5051 de
3335 5013 3469 5050 auro

227 5078 334 5146 τὴν
366 5078 544 5129 κτίσιν
570 5080 663 5130 ἐπὶ
691 5081 802 5140 τοῖς
830 5080 1195 5147 σεσωσμένοις
1242 5082 1431 5136 καλεῖ·
1473 5085 1542 5136 δι’
1577 5085 1810 5156 ούρανοῦ
1904 5132 1910 5142 .

1788 5085 1810 5140 3
1904 5090 2115 5143 Arabiie
2145 5091 2208 5152 ³³,
2249 5109 2266 5139 ι
2313 5090 2725 5156 conﬁrmarint;
2761 5102 2881 5143 t-‘um
2907 5105 3000 5159 per
3025 5089 3277 5142 Arabiam
3313 5088 3471 5140 hodie

231 5171 355 5240 μὲν,
396 5171 496 5232 τὰς
541 5169 658 5222 ἐκεῖ
694 5170 972 5239 δυνάμεις,
1022 5172 1076 5224 αἶ
1126 5175 1218 5225 καὶ
1274 5175 1359 5242 ἐφ’
1389 5176 1472 5231 ἑνὶ
1524 5177 1811 5248 χαίρουσιν
1908 5213 1914 5233 ι

1788 5196 1811 5229 ν
1908 5179 2190 5233 Persarum
2241 5184 2513 5249 regionem
2585 5182 2884 5250 signiﬁcari
2937 5180 3123 5232 velint.
3176 5179 3471 5230 Creaturas

228 5260 544 5332 ἁμαρτωλῷ
596 5262 963 5330 μετανοοῦντι.
1014 5265 1114 5317 Διά
1151 5264 1263 5334 γῆς
1294 5267 1368 5330 δὲ,
1405 5269 1529 5332 τοὺς
1589 5271 1814 5342 ὅσοιπερ
1909 5288 1911 5292 ‘

1787 5288 1814 5342 ρ
1909 5287 2105 5326 rursus
2154 5273 2218 5326 ad
2272 5274 2413 5326 diem
2482 5272 2700 5335 festum,
2750 5284 2967 5342 plot-ter
3024 5270 3184 5340 560
3233 5271 3470 5322 salvatus

229 5357 292 5406 ὲν
320 5354 458 5421 αὐτῇ
492 5356 585 5408 καὶ
618 5354 981 5417 προσεδόκων,
1017 5357 1235 5423 καὶτῆς
1265 5358 1588 5425 θεοφανείας
1615 5362 1812 5431 ἡξίων-
1909 5363 1912 5413 ‘2

1789 5391 1812 5402 -
1909 5361 2130 5416 invitat:
2174 5361 2325 5416 Caelo
2349 5364 2589 5430 quidem,
2624 5363 2882 5432 degentes
2915 5363 2965 5413 in
3008 5379 3072 5414 eo
3106 5369 3331 5412 Vll'lllll‘s
3363 5376 3471 5411 uno

225 5450 339 5488 ται.
369 5433 525 5487 υῦτω
552 5435 643 5486 καὶ
674 5436 895 5504 Συμεὼν
922 5440 1390 5511 εὐφραινόμενος
1416 5445 1622 5514 ἔλεγεν*
1655 5449 1799 5501 ιΝὖν
1907 5470 1908 5473 η

1787 5467 1799 5500 t
1907 5453 2260 5522 resipisccntc
2313 5467 2600 5524 peccatore
2647 5456 2814 5509 lmtari
2873 5455 3064 5507 solitas
3105 5454 3351 5506 indicans
3386 5450 3470 5513 ⁵⁷,

229 5610 276 5643 “
301 5544 513 5643 ‘LPs-Ial.
553 5560 693 5598 cxvu
718 5547 864 5643 κει.
905 5550 1015 5643 "‘l’
1042 5551 1143 5606 lsa.
1169 5570 1357 5615 xxxui.
1402 5557 1487 5611 16.
1593 5561 1636 5594 ⁴³
1669 5563 1684 5615 Ι
1722 5562 1849 5616 Cor.
1892 5583 1912 5616 ι

1784 5579 1849 5616 )t‘.
1892 5583 1939 5622 \'.
1991 5569 2068 5620 l5.
2176 5571 2220 5600 “
2249 5571 2352 5625 lsa.
2390 5586 2478 5633 ιιι..
2541 5557 2594 5624 ι’.
2696 5573 2739 5603 ⁸⁵
2778 5569 2878 5624 lsa.
2911 5584 3072 5634 xxxv,
3105 5567 3136 5620 8
3163 5582 3272 5622 sec.
3305 5561 3467 5618 LXX.

330 5611 475 5669 Psal.
532 5629 678 5681 usi,
742 5617 828 5669 15.
905 5620 949 5650 ⁸⁷
991 5620 1124 5676 Luc.
1181 5641 1267 5686 xv,
1328 5610 1381 5680 9,
1447 5610 1484 5611 7’
1669 5610 1684 5615 “
1729 5610 1849 5616 ""'
1906 5610 1939 5622 "
1993 5610 2002 5620 '

1447 5610 1484 5611 κέ
1669 5610 1684 5615 -
1729 5610 1849 5616 ν-----
1906 5610 1939 5622 -ο
1993 5610 2068 5620 ιν·
2253 5610 2352 5625 I-‘II-
2392 5610 2478 5633 nu,
2541 5610 2594 5624 τι
2778 5610 2878 5624 ενι-ο
2913 5610 3071 5634 κη’-1,

1901 4549 2046 4600 enim
2100 4553 2163 4601 de
2200 4551 2349 4616 longe
2399 4547 2554 4610 dixit,
2611 4547 2880 4603 australes
2919 4545 3165 4599 meridiei
3215 4545 3468 4612 regiones

2176 5571 2220 5600 “
2249 5571 2352 5625 lsa.
2390 5586 2478 5633 XL,
2541 5557 2594 5624 ι’.

1515 5724 1744 5781 VARI/13
1786 5728 2182 5782 LEtL'l'lOMCS.

300 5809 324 5837 ⁶
401 5815 489 5865 γρ.
521 5794 607 5868 ἦν.

595 5893 860 5952 Ριιῐιιοι..
900 5894 1010 5954 GR.
1060 5897 1304 5954 LXX.“
1334 5899 1414 5959 ll.

3041 5915 3112 5975 78
