4262 6434
186 411 322 475 ειη

1262 412 1799 477 COMMENTARII
1835 411 1918 472 IN
1960 410 2249 472 ISAIAM.

3295 399 3449 467 2178

189 544 292 596 τρα
316 523 386 597 ἦν
415 526 576 580 πάλιν
606 527 787 592 αὐτὸς,
812 529 895 598 ἐφ’
924 530 991 601 ἣν
1023 528 1073 582 οι
1101 529 1307 600 πρῶτοι
1333 526 1576 599 θεμέλιοι
1630 543 1765 580 κατ-

1873 525 2057 577 vitatis
2091 538 2204 579 suae
2231 529 2586 577 constructor
2618 519 2709 577 Dei
2748 517 2924 574 Filius
2951 518 3175 574 edocuit
3206 532 3331 573 cum
3360 537 3449 574 su-

190 618 517 687 εῦληθησαν,
568 620 696 689 περὶ
718 612 793 673 ῶν
844 621 1099 691 εἴρηταιο
1162 638 1181 672 ι
1219 616 1773 687 Ἑποικοδομηθέντες

188 709 278 761 ἐπὶ
299 708 378 780 τῷ
412 708 646 780 θεμελίῳ
670 710 779 763 τῶν
810 710 1125 764 ἀποστόλων
1150 711 1243 764 καὶ
1275 707 1595 780 προᾳητῶν.
1622 708 1776 768 ὄντος

188 801 585 869 ἀκρογωνιαίου
617 801 858 871 Χριστοῦ
895 802 1097 872 Ἰησοῦ.
1127 820 1145 853 ι
1184 803 1305 856 Ὅτι
1335 802 1392 855 δὲ
1422 801 1479 853 αἱ
1512 798 1605 852 τοῦ
1638 797 1776 851 Θεοῦ

191 895 457 965 ἐνέργειαι
486 896 682 963 χεῖρες
737 895 989 967 εἴρηνται
1020 899 1085 968 τῇ
1112 896 1328 968 Γραφῇ,
1379 895 1531 965 δηλοῖ
1561 894 1642 957 τὸ,
1676 910 1694 945 t
1713 893 1779 946 Ai

190 986 369 1056 χεῖρές
408 1002 502 1039 σου
531 987 796 1056 ἐποίησάν
829 1005 920 1057 με,
954 989 1047 1041 καὶ
1096 987 1342 1041 ἔπλασάν
1380 1004 1469 1059 με.
1504 1005 1523 1037 s
1564 1004 1583 1038 ι
1614 984 1778 1037 ιὍτι

191 1076 354 1130 αὐτοῦ
386 1082 533 1131 ἐστιν
556 1080 589 1148 ὴ
619 1078 889 1141 θάλασσα,
935 1080 1029 1134 καὶ
1057 1080 1157 1149 τὴν
1182 1081 1356 1151 ξηρὰν
1378 1081 1437 1133 αἱ
1468 1082 1650 1149 χεῖρες
1681 1078 1781 1131 αὐ-

190 1166 283 1220 τοῦ
334 1168 602 1223 ἔπλασαν.
633 1188 651 1221 ι
682 1171 794 1224 Καὶ
843 1170 1008 1225 πάλιν
1029 1186 1044 1202 ⁸
1075 1191 1092 1223 ι
1120 1173 1232 1225 Καὶ
1268 1172 1406 1242 ἔργα
1443 1170 1554 1224 τῶν
1580 1167 1780 1241 χειρῶν

197 1258 285 1311 που
316 1261 456 1311 εἰσιν
486 1261 536 1313 οι
565 1260 809 1331 οὐρανοί.
838 1279 856 1313 s
886 1260 1046 1323 Τινὲς
1065 1261 1122 1315 δὲ
1149 1261 1238 1315 διά
1266 1261 1366 1331 τὴν
1383 1260 1476 1313 ἐπὶ
1499 1259 1595 1313 τοῦ
1622 1274 1781 1311 σταυ-

192 1350 287 1419 ροῦ
315 1350 601 1419 διάτρησιν
623 1351 734 1403 τῶν
750 1350 951 1421 χειρῶν
979 1352 1251 1420 λέγουσιν.
1285 1351 1457 1421 Ὑπὲρ
1488 1347 1647 1421 ἡμῶν
1673 1349 1783 1419 γὰρ

192 1437 405 1500 παθὼν,
440 1440 557 1503 πῶς
576 1438 644 1493 ἂν
667 1440 826 1510 ἡμῶν
849 1442 1195 1509 ὲπιλάθοιτο;
1235 1441 1308 1495 Τὸ
1329 1442 1439 1511 γὰρ
1468 1441 1588 1493 ὅλον
1613 1440 1783 1502 πάθος

188 1532 254 1583 ὲκ
289 1531 486 1602 μέρους
514 1531 847 1596 ἐδήλωσεν.
873 1534 1062 1598 Εἶποις
1081 1534 1126 1588 δ’
1159 1534 1226 1609 ἂν
1256 1536 1349 1588 καὶ
1387 1534 1585 1594 άλλως.
1618 1533 1784 1584 Φασὶν

188 1624 267 1686 ὡς
296 1625 354 1675 ὲν
380 1625 503 1687 ταῖς
549 1623 643 1677 τοῦ
674 1625 920 1695 Πατέρος
960 1627 1177 1693 χερσὶν
1207 1626 1412 1688 πάντες
1451 1624 1591 1677 εἰσὶν
1621 1624 1671 1676 οἱ
1694 1640 1785 1676 πι-

192 1715 540 1779 στεύσαντες.
581 1715 779 1783 Ἔλεγε
832 1717 943 1787 γὰρ
977 1720 1005 1771 ὁ
1031 1718 1267 1789 Χριστος
1317 1716 1449 1788 περὶ
1499 1715 1609 1770 τῶν
1642 1715 1787 1767 [δίων

190 1807 504 1877 προϐάτων,
528 1807 605 1869 ὼς
629 1826 648 1858 ι
670 1807 863 1872 Οὐδεὶς
894 1809 1138 1879 ἁρπάσει
1163 1809 1304 1862 αὐτὰ
1333 1811 1398 1863 ὲκ
1425 1806 1543 1861 τῶν
1574 1804 1788 1875 χειρῶν

188 1898 284 1950 τοῦ
323 1898 564 1968 Πατέρος
597 1915 700 1967 μου
723 1938 737 1960 ,
769 1917 787 1951 ι
826 1899 926 1970 τὴν
957 1900 1167 1954 ἐκεῖθεν
1196 1900 1406 1971 σκέπην
1424 1898 1620 1969 δηλῶν.

1882 631 1977 686 per
2004 624 2208 684 petram
2251 628 2407 667 suum
2453 628 2511 667 se
2539 612 2935 667 :ediiicaturum
2969 610 3271 666 Ecclesiam
3304 610 3445 664 afﬁr-

1880 707 2048 761 mavit
2075 706 2168 758 δ”.
2201 704 2334 758 Erat
2354 720 2569 758 rursum
2592 712 2646 758 et
2679 702 2839 773 563
2860 704 2975 772 ipse
2998 710 3172 773 petra,
3201 703 3255 757 in
3284 717 3448 774 quam

1881 798 2053 869 prima
2086 798 2176 851 illa
2217 797 2365 866 jacta
2394 805 2521 851 sunt
2553 794 2929 859 fundamenta,
2971 797 3037 849 de
3079 797 3281 866 quibus
3312 796 3454 851 dici—

1882 897 2012 945 tur:
2052 908 2071 942 ι
2108 888 2386 944 ᾸΞιΙὶιίειιιί
2429 903 2591 957 super
2630 886 3047 941 fundamentum
3079 888 3452 956 apostolorum

1881 992 1935 1037 et
1967 983 2378 1051 prOphetarum,
2412 979 2531 1046 ipso
2566 996 2786 1035 summo
2818 980 2999 1049 lapide
3029 978 3281 1049 singulari
3320 977 3451 1032 Jesn

1881 1070 2105 1125 Christo
2156 1070 2224 1123 ⁸⁸.
2272 1088 2291 1120 ι
2335 1069 2495 1135 Quod
2546 1077 2729 1124 autem
2780 1085 3038 1122 uiantium
3099 1070 3322 1123 stamine
3364 1067 3456 1122 Dei

1882 1162 2138 1215 virtutem
2188 1160 2460 1230 signiticet
2491 1159 2797 1230 Scriptura,
2830 1161 2916 1213 vel
2950 1160 3075 1214 inde
3119 1161 3457 1218 constiterit,

1883 1249 2029 1317 quod
2059 1266 2077 1297 t
2119 1246 2312 1302 Manus
2378 1256 2486 1302 tua:
2532 1248 2781 1302 lecerunt
2827 1264 2914 1303 me
2950 1256 3007 1302 et
3051 1248 3462 1317 plasinaverunt

1884 1355 1991 1399 me,
2032 1358 2050 1389 s
2091 1339 2169 1391 ait
2221 1338 2288 1392 “.
2340 1338 2404 1392 lit
2448 1355 2461 1391 :
2501 1359 2519 1390 ι
2566 1338 2836 1405 Quoniam
2879 1340 3052 1407 ipsius
3081 1348 3165 1394 est
3190 1354 3360 1403 mare,
3406 1347 3463 1393 et

1886 1432 2094 1485 aridam
2129 1428 2499 1485 fundaveruut
2523 1446 2718 1485 manus
2741 1432 2861 1501 ejns
2892 1434 2960 1486 “.
2992 1450 3009 1482 ι
3044 1433 3283 1485 ltursntn
3310 1449 3323 1484 :
3352 1449 3371 1482 ι
3398 1430 3467 1484 Et

1886 1538 2048 1590 Opera
2093 1538 2354 1578 manuum
2388 1524 2507 1593 ejus
2540 1531 2670 1578 sunt
2694 1524 2817 1577 caeli
2850 1524 2919 1577 ".
2963 1541 2982 1574 ι
3026 1521 3168 1576 Sunt
3207 1536 3338 1575 vero
3367 1520 3464 1590 qui

1888 1616 2076 1670 istlitec
2101 1616 2165 1669 ad
2195 1616 2456 1669 manuum
2491 1614 2701 1669 Christi
2729 1615 3177 1684 perforationem,
3209 1629 3371 1683 quam
3406 1613 3463 1666 in

1887 1724 2052 1763 cruce
2084 1723 2281 1779 passus
2309 1716 2416 1773 est,
2445 1707 2637 1763 referri
2663 1709 3005 1762 existiment.
3036 1707 3136 1773 Qui
3162 1708 3310 1761 enim
3366 1719 3467 1759 no-

1890 1802 2259 1870 stri,quorum
2285 1799 2508 1854 nomine
2532 1808 2845 1869 passnsest,
2870 1801 3212 1855 obliviscatur
3230 1802 3254 1854 .’
3273 1796 3463 1852 Totam

1821 1880 1862 1934 Β
1893 1892 2165 1961 siquidem
2203 1891 2512 1960 passionem
2549 1892 2618 1946 ab
2650 1907 2759 1944 una
2787 1891 3033 1958 ejusdem
3076 1899 3230 1960 parte
3259 1875 3471 1957 signiti-

190 1990 341 2050 εει-ὴ
400 1988 560 2042 D.eas
586 2005 714 2043 vero
740 1999 795 2043 et
826 1992 1005 2045 aliter.
1034 1992 1201 2045 Aiunt
1226 1996 1373 2046 enim
1400 2008 1495 2047 eos
1530 1993 1584 2045 in
1612 1989 1781 2045 unius
1821 1984 2003 2040 Patris
2032 1984 2277 2036 itionibus
2309 1998 2434 2037 esse
2461 1998 2654 2037 omnes
2679 1983 2772 2053 qui
2797 1984 2956 2037 [idem
3016 1982 3254 2052 amplexi
3294 1987 3423 2035 sunt
3448 1995 3461 2029 :

189 2078 498 2145 quandode
517 2079 634 2134 suis
658 2079 853 2135 ovibus
876 2081 1105 2151 loquens
1134 2081 1410 2147 Christus,
1437 2082 1649 2137 nullum
1689 2093 1782 2134 eas
1827 2074 1895 2132 de
1960 2072 2142 2130 Patris
2178 2074 2262 2129 sui
2306 2072 2554 2128 mortibus
2588 2082 2907 2144 erepturum
2946 2114 2961 2141 ,
3026 2082 3087 2127 ut
3155 2080 3468 2144 protectore

192 2171 422 2225 minime
454 2186 645 2226 carere
668 2173 914 2241 doceret,
947 2176 1237 2232 aliirmavit
1258 2177 1324 2232 “.

269 2265 443 2331 Τείχη
480 2265 535 2317 δὲ
563 2265 663 2334 τῆς
683 2266 1014 2338 Ἐκκλησεας
1046 2272 1095 2323 οἱ
1124 2270 1219 2325 τοῦ
1252 2271 1491 2343 Χριστοῦ
1542 2270 1783 2343 μαθηταὶ

191 2354 288 2407 καὶ
336 2356 649 2420 ἀπόστολοι,
682 2350 757 2410 ὦν
789 2358 850 2411 οὐ
886 2359 1154 2430 λαμϐάνει
1180 2361 1400 2431 λήθην.
1442 2364 1785 2434 Ἐγέγραπτο

191 2448 302 2517 γὰρ
330 2447 510 2499 αὐτῶν
553 2451 611 2500 ἐν
637 2452 891 2520 οὐρανοῖς
908 2452 976 2504 τά
1010 2453 1253 2524 ὀνόματα
1278 2459 1345 2526 τῇ
1372 2456 1541 2526 βίϐλῳ
1569 2454 1783 2520 ζώντων

192 2538 515 2606 ὲγκείμενα.
554 2539 993 2611 Προηγουμὲνως
1051 2545 1149 2614 μὲν
1188 2547 1297 2618 γάρ
1326 2548 1426 2616 τῆς
1456 2546 1784 2618 Ἐκκλησίας

190 2630 392 2697 τεῖχός
419 2634 568 2685 ἐστιν
594 2634 623 2685 ὁ
650 2634 909 2703 Χριστὸς,
945 2635 1137 2706 ὥσπερ
1168 2639 1264 2691 καὶ
1302 2638 1418 2708 φῶς
1438 2655 1451 2670 ’
1484 2640 1543 2691 ὲν
1567 2637 1785 2709 μεθέξει

188 2722 248 2775 δὲ
280 2724 449 2778 αὐτοῦ
480 2726 763 2793 γεγονότες
792 2730 841 2781 οἱ
881 2729 1122 2799 μαθηταὶ
1151 2730 1359 2785 τούτων
1406 2733 1667 2802 ἑκάτερον
1697 2732 1790 2785 λέ-

189 2831 402 2882 γονται.
429 2818 585 2879 Τινὲς
603 2818 660 2871 δὲ
684 2821 751 2871 τὰ
768 2820 1015 2889 παρόντα
1038 2822 1336 2891 νοήσαντες
1355 2822 1627 2893 αἰσθητῶς
1649 2862 1665 2887 ,
1705 2822 1794 2885 Ὠς

194 2906 462 2975 παρόντα,
499 2910 654 2975 φασὶ,
688 2910 838 2978 λέγει
869 2911 938 2965 τά
969 2912 1256 2981 μέλλοντα.
1295 2914 1483 2967 Πάντα
1508 2913 1616 2985 γάρ
1641 2911 1795 2983 αὺτῷ

191 2998 453 3066 πάρεστι,
518 3001 612 3052 καὶ
664 3002 1071 3073 προδιαγράφει
1120 3004 1220 3075 τὴν
1277 3005 1609 3075 μέλλουσαν,
1648 3004 1786 3074 μετά

188 3090 290 3159 τὴν
313 3091 379 3142 ἐκ
412 3089 733 3155 Βαϐυλῶνος
764 3091 987 3158 ἅλωσιν,
1020 3093 1141 3147 τῶν
1169 3093 1388 3163 τειχῶν
1414 3094 1787 3164 οἰκοδόμησιν,

203 3182 286 3242 εἰς
339 3180 408 3250 ἢν
449 3181 724 3251 anno“,
762 3183 916 3253 φησὶ,
949 3184 1369 3253 παιδευόμενος,
1405 3184 1466 3238 οὐ
1504 3185 1603 3253 τῆς
1648 3184 1787 3253 iit-73:;
1822 3227 1865 3285 Ο

191 3273 452 3343 προνοίας
498 3272 897 3337 ἐκπεπωκὼς.
945 3273 1250 3345 Τοιγαροῦν
1291 3278 1346 3331 οι
1380 3276 1787 3341 καθελοῦντες

188 3364 699 3433 οικοδομήσουσι,
748 3366 856 3419 τῶν
893 3366 1003 3420 σῶν
1048 3366 1461 3439 ἐξανιστάμενοι
1491 3370 1673 3423 τόπων
1694 3385 1707 3398 ο
1739 3370 1787 3421 ει

187 3455 249 3509 δὲ
277 3456 375 3509 καὶ
409 3456 594 3509 πίστιν
622 3456 788 3527 ἔχεις,
824 3456 933 3525 ὅρα
956 3458 1052 3512 καὶ
1078 3461 1206 3521 τοὺς
1239 3459 1320 3521 si;
1350 3460 1409 3514 σὲ
1461 3459 1782 3529 συναχθή-

188 3545 418 3599 σεσθαι
449 3546 765 3616 μέλλοντας.
806 3549 967 3618 Ὅψις
1000 3551 1132 3621 γὰρ,
1158 3550 1232 3613 ῶς
1260 3553 1458 3615 εἰπεῖν,
1491 3554 1523 3622 ἡ
1558 3552 1667 3605 τῶν
1692 3569 1783 3604 πι-

192 3635 342 3689 στῶν
368 3636 526 3703 άκοὴ,
555 3637 699 3691 καθά
728 3641 877 3710 καὶὴ
907 3640 1015 3694 τῶν
1048 3641 1368 3711 προφητῶν.
1405 3644 1512 3696 Καὶ
1542 3644 1786 3713 Μιχαίας

189 3729 307 3796 γάρ
334 3745 498 3799 φησιν
524 3744 539 3757 ’
569 3730 735 3783 «Ἰδοὺ
764 3729 957 3798 θεωρῶ
980 3732 1072 3783 τὶν
1124 3732 1253 3787 λαδν
1296 3733 1784 3805 διεσκορπισμένον

189 3819 253 3871 ὲν
272 3822 387 3883 τοῖς
434 3819 649 3889 ὄρεσιν,
698 3821 774 3883 ὡς
815 3822 1068 3892 πρόϐατα
1125 3826 1361 3895 ποιμένα
1409 3826 1485 3897 μὴ
1514 3826 1728 3897 ἔχοντα.
1760 3844 1779 3877 s

185 3910 365 3979 ⁴Ξῖηειὶν
390 3907 483 3964 οῦν
511 3911 587 3975 ὡς
616 3912 759 3977 ἔξεις
786 3914 912 3977 τοὺς
946 3915 1258 3985 οἰκήτορας,
1290 3916 1366 3978 ὡς
1387 3916 1623 3985 κόσμον
1664 3917 1786 3971 τινὰ

186 3997 521 4062 νυμφικόν.
548 3999 663 4051 Οὐκ
726 3999 855 4069 ἄρα,
897 4002 1052 4070 φασὶ,
1078 4002 1138 4055 τὸ
1173 4003 1523 4073 κοσμεῖσθαι
1548 4006 1787 4074 νύμφας

185 4085 504 4153 ἀπόϐλητον
564 4088 699 4157 πρὸς
749 4092 964 4157 κίνησιν
999 4091 1165 4145 πόθου
1198 4093 1519 4163 συνέχοντος
1550 4095 1648 4163 τὴν
1677 4097 1778 4166 τῆς

189 4178 462 4245 συζυγίας
490 4179 739 4249 ἑνότητα,
774 4180 843 4251 ἢν
865 4180 1130 4238 ἀδύνατον
1185 4183 1409 4253 ἀγάπης
1466 4188 1785 4241 συνεστάναι

186 4270 385 4340 χωρίς.

262 4361 431 4415 Ἀλλὰ
446 4362 545 4433 τὴν
571 4364 814 4434 ἱστορίαν
830 4365 1081 4433 ἀφέντες,
1101 4368 1191 4420 ἐπὶ
1211 4368 1311 4437 τὴν
1333 4367 1559 4440 πρώτην
1586 4370 1783 4441 iam-

185 4469 279 4504 σιν
334 4453 764 4523 ἀναδρὰμωμεν.
802 4456 954 4509 Ἐπεὶ
988 4458 1094 4527 γάρ
1122 4458 1179 4508 ὲν
1215 4458 1409 4529 βραχεί
1456 4461 1688 4531 χρόνῳὴ
1724 4461 1781 4527 ἐξ

1964 2262 2104 2317 Sunt
2130 2271 2301 2329 porro
2331 2254 2592 2312 Ecclesia:
2622 2256 2783 2321 muri,
2816 2253 3079 2323 discipuli
3110 2264 3167 2309 et
3197 2253 3429 2323 apostoii
3449 2292 3468 2319 ,

1890 2367 2127 2426 quorum
2162 2351 2302 2421 ipse,
2339 2349 2485 2419 quod
2508 2349 2730 2403 nomina
2772 2348 2827 2403 in
2857 2348 3035 2411 cadis,
3066 2348 3119 2401 in
3166 2347 3466 2401 viventium

1893 2448 2038 2503 libro
2084 2442 2360 2512 descripta
2409 2441 2647 2496 habeant
2686 2441 2731 2475 ³⁸
2758 2480 2776 2507 ,
2820 2440 3056 2496 oblivisci
3107 2455 3216 2494 non
3265 2450 3469 2509 potest.

1890 2537 2170 2605 Praecipue
2206 2542 2392 2590 autem
2440 2531 2699 2589 Ecclesiae
2754 2549 2964 2596 murus,
3010 2531 3469 2602 quemadmodum

1890 2634 1942 2681 et
1973 2627 2179 2689 lumen,
2209 2623 2414 2677 dicitur
2441 2619 2739 2685 Christus;
2783 2620 2880 2675 sed
2922 2620 3209 2689 utriusque
3247 2620 3474 2689 partiei.

1891 2717 2108 2788 patione
2132 2714 2225 2784 qui
2275 2714 2396 2781 ejus
2437 2710 2590 2767 luere
2618 2710 2901 2781 discipuli.
2952 2707 3213 2764 Nonnulli
3258 2711 3363 2766 ista
3404 2710 3469 2763 ad

1891 2821 2157 2864 sensuum
2183 2804 2397 2874 objecta
2431 2803 2756 2867 referentes,
2793 2802 3001 2865 futura.
3032 2812 3289 2873 tanquam
3334 2818 3474 2872 prte-

1893 2896 2091 2960 sentia,
2115 2892 2484 2948 demonstrari
2512 2893 2879 2947 arbitrantur.
2903 2889 3099 2947 Omnia
3122 2894 3269 2948 enim
3299 2892 3470 2949 Deum

1894 2989 1948 3041 in
1981 2992 2236 3055 promptu
2273 2985 2497 3045 habere,
2544 2984 2899 3057 futuramque
2951 3003 3224 3041 murorum
3255 2988 3471 3042 instan-

1897 3080 2164 3132 rationem
2190 3086 2313 3147 post
2339 3077 2687 3148 Babylonica:
2718 3080 2959 3133 civitatis
2985 3082 3468 3149 expugnationem,

1900 3166 1952 3220 in
1981 3180 2167 3235 quam,
2192 3166 2573 3233 castigationis
2605 3180 2759 3234 ergo,
2794 3180 2993 3237 magna
3025 3167 3145 3234 ejus
3179 3169 3471 3237 providen-

1898 3257 1970 3311 tia
2011 3256 2280 3311 dcductus
2316 3271 2398 3319 es,
2438 3256 2639 3327 inquit,
2676 3256 2837 3328 longe
2884 3265 3014 3312 ante
3046 3257 3384 3319 describere.
3427 3261 3470 3313 Α

1888 3346 2081 3417 quibus
2116 3346 2301 3417 itaque
2326 3345 2602 3401 destructa
2628 3362 2704 3411 es,
2735 3347 2933 3415 inquit,
2985 3349 3057 3403 ab
3086 3348 3283 3403 iisdem
3305 3351 3471 3404 etiam

1887 3439 1956 3494 de
1985 3438 2097 3492 tuis
2127 3436 2326 3494 ﬁnibus
2350 3437 2589 3507 egressis
2613 3438 3022 3493 instauraberis.
3046 3437 3202 3505 Quod
3234 3441 3280 3496 si
3312 3440 3469 3495 tidem

1888 3529 2082 3595 habes,
2119 3529 2238 3584 vide
2273 3529 2437 3585 etiam
2481 3530 2607 3585 illos
2630 3529 2723 3601 qui
2761 3532 2827 3584 ad
2850 3539 2903 3584 te
2931 3532 3126 3585 coituri
3146 3541 3289 3585 sunt.
3316 3532 3470 3588 Visiu

1887 3619 2059 3685 enim,
2096 3626 2158 3674 ut
2187 3620 2257 3673 ita
2284 3619 2508 3684 dicam,
2534 3622 2651 3690 ipsa
2683 3628 2768 3676 est
2807 3620 3047 3677 ﬁdelium
3074 3623 3285 3678 auditio
3327 3624 3470 3678 sicut

1887 3719 1942 3767 et
1978 3712 2389 3782 prophetarum.
2420 3711 2555 3766 Nam
2586 3723 2640 3767 et
2668 3711 2934 3769 Michaeas
2971 3715 3047 3768 ait
3077 3733 3092 3770 :
3128 3732 3149 3768 ι
3188 3714 3327 3770 Ecce
3372 3729 3468 3784 po-

1888 3804 2076 3873 pulum
2110 3804 2164 3858 in
2192 3804 2475 3859 montibus
2503 3804 2837 3874 dissipatum
2870 3806 3056 3871 video,
3087 3815 3345 3878 tanquam
3374 3809 3468 3878 qui

1892 3902 2121 3965 pastore
2149 3894 2474 3949 destituitur
2511 3895 2580 3948 “.
2614 3913 2632 3946 ι
2660 3893 2875 3951 lncolas
2914 3896 3174 3967 deinceps
3209 3905 3467 3966 tanquam

1890 3987 2124 4041 monilia
2149 4003 2424 4057 sponsam,
2454 3987 2768 4042 habituram
2802 3988 3231 4055 signiticat.Non
3263 3999 3346 4045 est
3373 3992 3471 4061 igi-

1890 4088 2000 4141 tur,
2030 4079 2207 4145 aiunt,
2238 4093 2462 4147 sponsas
2486 4080 2674 4134 ornari
2701 4080 2767 4133 ad
2798 4080 3004 4134 amoris
3032 4080 3181 4133 illius
3199 4095 3433 4149 provoca
3458 4114 3469 4123 -

1890 4166 2115 4231 tionem,
2157 4169 2251 4240 qni
2294 4170 2537 4240 conjugii
2568 4171 2829 4225 unitatem
2866 4182 3178 4236 conservat,
3205 4186 3326 4239 quas
3346 4174 3467 4227 sine

1888 4262 2183 4316 dilectione
2230 4270 2378 4315 stare
2425 4276 2532 4315 non
2586 4270 2780 4330 potest,
2810 4260 2975 4332 565
3020 4262 3463 4331 impruliandnm.

1960 4350 2158 4403 Verum
2179 4391 2194 4412 ,
2213 4352 2417 4405 omissa
2440 4352 2691 4415 historia,
2715 4353 2778 4404 ad
2799 4354 3027 4419 primam
3046 4355 3465 4422 explicationem

1889 4451 2248 4496 revertamur.
2297 4440 2568 4505 Quoniam
2616 4441 2763 4495 enim
2809 4441 2958 4493 brevi
3010 4451 3274 4511 tempore,
3318 4457 3468 4511 pust-

181 4544 366 4596 ἐθνῶν
438 4545 740 4615 Ἐκκλησία
783 4548 1037 4617 συνέστη,
1096 4551 1443 4613 πεπτωκότος
1511 4551 1605 4604 τοῦ
1652 4553 1780 4621 παρ’

1855 4549 2049 4602 ,ηιιιιιιι
2088 4534 2174 4601 pia
2205 4530 2518 4585 Iudaeorum
2573 4532 2818 4586 instituta
2843 4533 3123 4586 observari
3161 4536 3465 4598 desierunt,

198 4632 481 4694 Ἰουδαίοις
526 4633 811 4695 θεοσεϐοῦς
861 4636 1303 4706 πολιτεύματος,

180 4722 667 4793 οἱκοδομηθιὶσῃ,
700 4728 801 4794 ὑφ’
842 4723 922 4781 ὦν
967 4730 1329 4797 καθῄρεθης.
1376 4732 1463 4793 Ὠς
1508 4730 1615 4803 γάρ
1648 4732 1782 4785 Ἰου-

178 4816 355 4869 δαίων
410 4817 671 4887 ἄρχοντες
730 4820 829 4889 τῆς
873 4822 1251 4892 καθαιρέσεως
1301 4824 1469 4894 αὐτῆς
1495 4826 1782 4894 γεγόνασιν

178 4910 379 4975 αἴτιοι,
402 4908 673 4977 λέγοντες·
708 4931 727 4963 t
763 4912 955 4982 Ἡμεῖς
985 4916 1207 4985 οἴδαμεν
1231 4917 1313 4969 ὃτι
1343 4918 1534 4969 Μωσεῖ
1552 4917 1782 4987 λελάλη-

176 5018 284 5055 κεν
310 5002 339 5053 ὁ
368 5001 522 5064 Θεὸς,
547 5003 735 5056 τοῦτον
763 5003 821 5057 δὲ
846 5006 947 5058 οὐκ
974 5007 1197 5076 οἴδαμεν
1230 5007 1393 5061 πόθεν
1422 5009 1557 5062 ἐστε·
1589 5029 1607 5061 ι
1639 5008 1783 5061 οὕτω

178 5091 359 5145 πάλιν
392 5092 451 5157 ἐξ
480 5094 652 5163 αὐτῆς
707 5090 848 5164 ἦσαν
882 5099 929 5149 οἱ
957 5099 1267 5162 ἀπόστολοι,
1314 5100 1415 5170 τῆς
1460 5100 1783 5169 οἰκοδομῆς

173 5186 288 5255 τῆς
322 5186 451 5248 νέας
485 5185 637 5249 ὄντες
692 5190 922 5257 ἐργάται
946 5204 957 5216 ·
1007 5191 1159 5243 αὐτοὶ
1188 5192 1243 5245 δὲ
1276 5193 1325 5245 οἱ
1348 5194 1447 5262 τὴν
1486 5194 1781 5264 ’ἰουδαῖκὴν

176 5276 647 5346 ἀθελοθρησκείαν
700 5280 1099 5351 καθῃρηκότες,
1142 5279 1251 5346 οἷος
1280 5284 1308 5337 ὁ
1334 5284 1541 5346 Παῦλος
1566 5284 1740 5352 λέγων
1765 5298 1777 5312 ’

181 5385 205 5419 s
234 5368 304 5420 Et
331 5368 441 5436 γὰρ
467 5367 502 5421 ἃ
524 5368 817 5434 κατέλυσα,
879 5372 1053 5425 ταῦτα
1098 5374 1261 5427 πάλιν
1317 5374 1604 5444 οἰκοδομῶ,
1630 5393 1647 5425 ι
1676 5376 1775 5446 τὴν

172 5455 318 5510 νέαν
344 5456 499 5510 Σιὼν
524 5458 666 5512 κατά
707 5460 805 5530 τὴν
840 5462 1206 5534 εὐαγγελικὴν
1242 5467 1641 5534 συνεστήσαντο
1672 5483 1773 5519 πο-

256 5564 541 5639 ”‘biatth.
568 5584 677 5633 xvr,
702 5570 787 5623 l8.
865 5572 911 5602 ⁸⁸
952 5570 1149 5639 Ephes.
1183 5590 1244 5637 ιι,
1274 5574 1368 5629 ‘20.
1444 5574 1485 5607 ’ί
1509 5574 1789 5629 Psal.csv1

1855 5576 1971 5635 .75.
2049 5576 2095 5606 "
2127 5574 2271 5629 Psal.
2295 5588 2419 5638 ιιιν,
2451 5573 2504 5628 6.

1362 4640 1587 4707 ἐπάγει·
1622 4640 1800 4709 Ταχὺ,

1887 4624 2125 4678 excitata
2172 4631 2259 4677 est
2303 4621 2543 4676 Ecclesia
2577 4639 2590 4675 :
2625 4620 2744 4676 Cito
2788 4624 3174 4692 wdi/icaberis,
3213 4643 3243 4677 (ι
3280 4628 3466 4695 quibus

1887 4717 2155 4770 destructa
2197 4716 2404 4783 fueras,
2453 4715 2657 4769 intulit.
2699 4712 2770 4767 Ut
2814 4716 2962 4769 enim
3013 4717 3111 4784 ipsi
3149 4714 3463 4771 .Iudavorum

1890 4809 2185 4877 principes,
2238 4808 2321 4861 sui
2369 4807 2472 4860 sibi
2510 4806 2662 4861 fuere
2713 4808 2908 4862 excidii
2951 4821 3225 4873 auctores,
3265 4812 3356 4879 qni
3406 4828 3465 4865 se
3501 4848 3510 4856 .

1889 4899 2057 4952 Deum
2106 4914 2230 4952 cum
2284 4897 2432 4953 Mose
2472 4898 2806 4952 collocutum
2849 4914 2973 4954 esse
3021 4900 3164 4954 scire
3201 4901 3464 4969 quidem,

1887 4990 2167 5045 Christum
2200 4999 2381 5043 autem
2412 4990 2556 5043 unde
2583 4998 2731 5044 esset
2767 4990 3024 5060 ignorare
3054 4991 3353 5054 dixerunt;
3382 4992 3463 5044 sic

1881 5098 1947 5136 ex
1996 5083 2129 5150 ipsis
2190 5096 2411 5133 rursum
2470 5082 2750 5151 apostoli,
2808 5083 3045 5136 recentis
3087 5083 3462 5151 wdiﬁcationis

1881 5170 2110 5242 Opiﬁces
2140 5170 2495 5224 eXSIiternnt.
2544 5173 2659 5224 lino
2683 5182 2736 5224 et
2766 5171 2892 5241 ipsi,
2932 5172 3109 5225 deleta
3144 5170 3461 5225 Judzeornm

1881 5262 2267 5333 superstitione
2314 5264 2396 5329 (ut
2447 5261 2515 5315 de
2555 5277 2615 5317 se
2669 5263 2756 5316 liis
2789 5264 2972 5317 verbis
3009 5283 3019 5315 :
3060 5282 3078 5312 ι
3130 5266 3183 5315 Si
3215 5279 3333 5330 quin
3360 5276 3463 5327 (τεο

1881 5355 2150 5418 destituti,
2180 5354 2377 5407 iterum
2405 5353 2617 5408 .edilico
2646 5355 2712 5418 ",
2762 5373 2780 5405 ι
2826 5366 2955 5417 ctc.,
2981 5352 3214 5410 testatur
3237 5353 3460 5422 Paulus)

1885 5444 2101 5499 Sionem
2134 5452 2407 5498 recentem
2434 5459 2497 5498 ex
2520 5444 2798 5516 Evangelii
2824 5446 3098 5509 instituto,
3128 5443 3333 5498 Davide
3383 5453 3465 5497 te-

2612 5576 2659 5647 f’
2693 5576 2833 5633 Psal.
2868 5576 3051 5644 0,26.
3125 5577 3173 5613 “
3202 5575 3363 5634 Joan.
3406 5595 3463 5647 ς,

168 5634 273 5690 29.
352 5636 402 5669 ⁸⁸
430 5636 569 5692 Luc.
612 5656 666 5704 κ,
690 5640 782 5696 20.
860 5642 905 5675 ⁵⁸
937 5634 1007 5697 Ill
1038 5642 1170 5715 Reg.
1220 5634 1351 5714 sxn,
1386 5645 1489 5711 l7;
1536 5645 1574 5698 ll
1610 5646 1786 5699 ναι-ιιι.

1855 5662 1985 5707 LVIII,
2033 5646 2121 5699 16.
2197 5644 2239 5675 ³⁷
2272 5634 2447 5699 Gaiat.
2483 5660 2541 5707 Il,
2578 5644 2665 5701 l8.

1484 5734 1714 5792 VARMI
1736 5735 2138 5793 LECTIONES.

285 5816 308 5859 ί
336 5818 421 5874 ἵσ.
449 5822 510 5873 λ.
542 5820 655 5876 καί.
