4262 6434
706 374 844 441 2H9

2029 370 2378 429 ΡίὶΟίΣΟΡΙΙ
2418 372 2658 430 GAZASI

3807 368 3967 431 2i80

702 491 805 545 ste,
840 488 1286 542 construxerunt,
1314 479 1404 550 qui
1432 479 1706 549 principes
1729 493 1823 534 eos
1854 493 2019 547 super
2054 494 2271 532 omnem
2308 488 2347 539 Α
2378 480 2385 530 1

2308 488 2347 539 Α
2378 479 2602 534 λιτείαν.
2627 477 2760 549 Περὶ
2786 472 2860 532 ὧν
2890 494 3021 547 φησι
3060 478 3153 531 καὶ
3178 477 3367 531 Δαϐίδ·
3406 495 3424 528 ι
3451 477 3828 546 Καταστῆσεις
3848 477 3964 530 αὖ·

702 584 905 626 terram
948 572 1114 625 Deum
1138 587 1258 625 esse
1292 571 1723 625 coustituturum
1751 570 2079 623 vaticinatus
2106 578 2188 623 est
2211 569 2272 622 ".

711 663 905 717 Verum
936 674 1132 731 praeter
1183 662 1339 727 istos,
1376 669 1430 714 e'.
1465 662 1557 715 alii
1594 663 1761 716 etiam
1793 663 2152 732 sequentibus
2188 664 2273 716 in-

707 755 979 816 dicantur,
1017 754 1109 820 qui
1149 751 1359 808 Sionem
1409 754 1629 825 quidem
1671 761 1977 817 vastarunt,
2023 756 2115 808 sed
2168 770 2276 808 non

710 848 1086 900 instaurarunt
1118 863 1130 897 :
1175 844 1242 899 de
1277 846 1495 914 quibus,
1527 854 1575 899 et
1601 847 1690 914 qui
1718 856 1763 900 te
1792 846 2159 899 desolaverunt
2189 861 2276 898 ve-

708 942 845 989 nient
881 952 945 989 ex
981 944 1049 996 te,
1107 937 1330 1005 adjecit.
1385 937 1539 1002 Quod
1570 938 1734 992 etiam
1776 936 2078 992 secundum
2110 937 2278 991 bisto—

710 1029 867 1090 riam,
915 1037 1038 1096 post
1086 1027 1375 1082 conﬂatam
1403 1044 1432 1081 e
1466 1030 1720 1098 gentibus
1758 1028 2055 1082 Ecclesiam
2090 1030 2281 1083 obser-

710 1127 893 1170 vatum
924 1126 1035 1180 est;
1069 1132 1191 1169 cum
1226 1118 1473 1172 sensibili
1495 1117 1798 1172 Jerusalem
1837 1116 2040 1171 Judteis
2089 1117 2278 1170 adem-

713 1222 823 1277 pta,
854 1210 940 1277 pia
971 1212 1192 1276 quoque
1225 1208 1378 1262 urbis
1406 1207 1695 1277 disciplina
1718 1208 1931 1263 sublata
1952 1217 2055 1262 est.
2082 1206 2282 1263 Deinde

711 1310 966 1367 tanquam
992 1313 1197 1366 sponsae
1217 1296 1451 1366 alicujus
1478 1298 1583 1351 sibi
1616 1297 1911 1349 liberorum
1932 1295 2283 1348 multitudine

712 1390 979 1459 placentis
1010 1404 1301 1459 personam
1342 1388 1573 1450 inducit,
1615 1386 1683 1440 ad
1722 1401 1953 1455 eamque
1991 1387 2065 1440 ait
2099 1405 2113 1439 :
2151 1384 2283 1439 Leva

713 1486 766 1540 in
798 1482 1024 1535 circuitu
1066 1481 1245 1534 oculos
1274 1488 1390 1533 tuos
1425 1487 1472 1533 et
1509 1478 1623 1533 vide
1656 1494 1857 1532 omnes.
1901 1477 1988 1540 Et,
2022 1478 2147 1546 quia
2174 1494 2285 1529 om-

715 1575 867 1625 nibus
906 1572 1039 1635 i'lis,
1084 1581 1337 1639 tauquam
1384 1579 1693 1625 ornamento
1746 1568 2007 1623 vestieris.
2050 1567 2283 1633 Quinam

716 1672 893 1713 autem
924 1659 1014 1712 isti
1045 1675 1220 1712 omnes
1258 1666 1465 1722 essent.
1510 1666 1564 1714 et
1600 1660 1763 1720 unde,
1799 1656 2286 1726 superiusindica-

717 1749 829 1815 vit;
867 1765 992 1803 cum
1030 1749 1274 1819 undique
1301 1765 1330 1803 a
1355 1758 1593 1818 quatuor
1625 1748 1807 1802 mundi
1830 1747 2006 1818 plagis
2035 1747 2102 1802 de
2131 1746 2288 1816 longe

2381 569 2501 631 τοὺς
2521 569 2790 639 ἄρχοντας
2822 570 2914 621 ἐπὶ
2943 569 3123 621 πᾶσαν
3156 569 3252 635 τὴν
3277 568 3399 635 γῆν.
3422 585 3441 616 ι
3468 567 3685 636 Ἕτεροι
3713 567 3770 619 δὲ
3800 566 3969 634 παρὰ

2381 659 2600 723 τούτους
2622 660 2905 728 δηλοῦνται
2933 658 3020 711 διά
3045 658 3153 709 τῶν
3187 657 3334 727 ἑξῆς,
3366 657 3415 709 οἰ
3441 656 3826 726 ἐρημώσαντες
3852 657 3969 725 μὲν

2380 751 2475 821 τὴν
2534 751 2703 816 Σιὼν,
2735 750 2794 803 οὐ
2853 751 2958 820 μὴν
3022 751 3115 801 καὶ
3164 748 3637 816 οἰκοδομήσαντες.
3688 751 3820 818 Περὶ
3878 742 3969 801 ὧν

2381 862 2531 913 φησι,
2567 844 2660 898 καὶ
2692 846 2746 896 οἱ
2767 841 3182 911 ἐρημώσαντες
3209 841 3277 894 ἐκ
3307 840 3423 895 σοῦ
3484 840 3925 904 ἐξελεύσονται
3952 855 3965 865 ·

2378 937 2407 989 ὂ
2440 937 2532 989 καὶ
2565 936 2687 990 καθ’
2739 936 2978 1005 ἱστορίαν
3030 932 3284 994 ἐσώζετο,
3341 930 3480 999 μετὰ
3539 929 3637 1000 τὴν
3687 929 3745 991 ἐξ
3787 928 3969 979 ἐθνῶν

2396 1027 2718 1097 Ἐκκλησίαν
2739 1025 2833 1079 τοῦ
2862 1026 2971 1076 τῶν
3004 1024 3273 1077 Ἰουδαίων
3298 1022 3485 1082 ἐθνους
3533 1020 3969 1080 ἐκπεπτωκότας

2381 1119 2475 1184 τῆς
2501 1116 2764 1187 αἰσθητῆς
2801 1115 3177 1186 Ἰερουσαλὴμ,
3214 1113 3350 1182 πρὸς
3388 1111 3467 1181 τῷ
3511 1102 3608 1163 καί
3637 1110 3730 1162 τοῦ
3775 1110 3971 1160 θεοσε-

2384 1206 2509 1269 ϐοῦς
2532 1208 2919 1277 πολιτεύματος
2947 1208 3224 1260 ἐκπεσεῖν.
3257 1203 3411 1257 Μετὰ
3439 1201 3613 1255 ταῦτα
3667 1218 3971 1271 προσωπο-

2387 1300 2531 1350 ποιεῖ
2585 1297 2835 1369 καθάπερ
2878 1297 3001 1350 τινὰ
3053 1298 3299 1364 νύμφην
3349 1295 3441 1346 ἐπὶ
3501 1292 3697 1360 πλήθει
3754 1292 3972 1343 τέκ·.ων

2385 1388 2642 1456 κομῶσαν
2688 1388 2824 1457 πρὸς
2864 1390 2931 1458 ῆν
2972 1404 3169 1457 φησιν’
3208 1382 3393 1452 ’Λρον
3412 1385 3616 1444 κύκλῳ
3676 1382 3819 1447 τοὺς
3849 1384 3970 1449 ὀρ-

2385 1480 2650 1546 θαλμούς
2680 1494 2815 1539 σου,
2858 1480 2955 1531 καὶ
2989 1478 3079 1531 ἴδε
3113 1478 3363 1541 πάντας.
3405 1475 3538 1537 Καὶ,
3575 1474 3699 1526 Ὅτι
3728 1472 3974 1539 πάντας

2385 1568 2626 1634 αὐτοὺς,
2667 1569 2747 1632 ὼς
2797 1569 3028 1635 κόσμον
3057 1609 3070 1634 ,
3128 1568 3179 1620 ἓν
3199 1566 3378 1633 δύσῃ.
3416 1566 3578 1627 Τίνας
3619 1564 3675 1621 δὲ
3730 1564 3974 1628 πάντας

2387 1660 2480 1712 καὶ
2512 1658 2676 1711 πόθεν
2716 1657 2918 1722 ἐδίδαξε
2949 1658 3247 1729 προειπώνο
3274 1676 3291 1709 ι
3321 1656 3455 1709 Ἰδοὺ
3495 1650 3642 1709 οὗτοι
3680 1655 3975 1726 πόρρωθεν

2387 1752 2576 1822 ἥξουσι
2601 1751 2730 1818 περὶ
2767 1750 2874 1803 τῶν
2911 1751 3192 1819 τεσσάρων
3244 1749 3524 1817 κλιμάτων
3548 1788 3563 1812 ,
3622 1746 3788 1800 εἰπὼν
3813 1750 3838 1787 ε
3871 1748 3973 1810 οὓς

721 1852 978 1896 venturos
1019 1842 1175 1907 dixit,
1209 1856 1347 1911 quos
1385 1855 1478 1909 per
1510 1840 1730 1907 Sporum
1777 1839 1981 1895 Christi
2015 1855 2290 1893 ornamen-
2322 1831 2363 1890 Β
2393 1860 2404 1895 :

2287 1870 2290 1878 -
2322 1831 2363 1890 Β
2393 1842 2487 1896 καὶ
2520 1844 2753 1911 κόσμον
2782 1843 2879 1913 τῆς
2924 1842 3017 1895 τοῦ
3068 1839 3304 1913 Χριστοῦ
3349 1841 3594 1909 νύμφης
3635 1840 3970 1909 Ἐκκλησίας

725 1943 831 1984 tum
870 1931 1217 2000 significavit.
1256 1931 1577 1983 Animorum
1620 1930 1763 1981 enim
1806 1928 1921 1999 ipsa
1963 1929 2289 1983 ornamentis

724 2021 1163 2081 commendatur,
1192 2021 1508 2073 earumdem
1540 2019 1856 2083 virtutibus,
1884 2018 2154 2088 donisque
2178 2020 2289 2088 spi-

725 2112 1041 2174 ritualibus,
1098 2121 1356 2179 tanquam
1416 2110 1674 2179 pretiosis
1728 2109 2024 2180 lapidibus,
2050 2110 2291 2165 circum-

726 2197 1113 2258 amictaflliuc
1140 2212 1223 2256 est
1252 2203 1416 2272 igitur
1442 2201 1591 2270 quod
1625 2218 1743 2256 eam
1772 2202 1973 2257 vestitu
2006 2203 2292 2265 deaurato,

726 2305 781 2349 et
812 2294 964 2348 vario
998 2295 1078 2350 sic
1128 2293 1313 2347 ornari
1349 2291 1632 2363 Scriptura
1678 2300 1911 2347 testatur
1940 2294 2006 2359 ",
2055 2302 2114 2348 ut
2164 2293 2294 2347 illud

724 2401 789 2439 ex
855 2397 917 2435 ea
960 2383 1190 2453 quilibet
1250 2381 1454 2452 gratias
1516 2388 1740 2435 acturus
1785 2380 1945 2435 facile
1990 2389 2263 2450 usurpet:

732 2494 754 2528 ι
794 2474 1035 2529 ιιιιιιοιυι·
1077 2473 1261 2526 anima
1280 2487 1397 2527 mea
1436 2475 1488 2526 in
1537 2470 1786 2525 Domino.
1822 2470 2002 2525 Induit
2031 2471 2177 2525 enim
2214 2486 2299 2525 me

725 2567 1057 2621 vestimento
1095 2562 1314 2626 salutis,
1366 2569 1419 2617 et
1458 2561 1645 2616 tunica
1682 2560 1905 2616 laetitiae.
1934 2560 2146 2615 Ornatu
2188 2576 2297 2624 me,

729 2666 988 2726 tauquam
1018 2669 1305 2725 sponsum,
1328 2662 1384 2709 et
1415 2668 1573 2720 zona,
1596 2661 1853 2721 tanquam
1882 2667 2164 2720 sponsam,
2192 2652 2302 2706 cir-

729 2747 1009 2803 cumdedit
1034 2747 1103 2801 “.
1145 2764 1163 2797 ι
1193 2744 1450 2799 Nonnulli
1485 2745 1649 2800 verba
1674 2745 1779 2800 ista
1806 2744 1871 2799 ad
1899 2744 2150 2809 salutem,
2184 2758 2303 2815 qua:

735 2842 925 2895 ultimo
944 2838 1156 2893 tandem
1177 2836 1454 2892 Israelitas
1488 2835 1648 2907 565
1669 2843 1879 2899 manet,
1903 2850 2027 2890 cum
2060 2837 2301 2906 gentium

735 2930 1016 3001 plenitudo
1053 2930 1298 2999 ingressa
1332 2926 1499 2982 fuerit
1536 2927 1605 2990 σί,
1638 2925 1986 2982 referendum
2025 2928 2301 2981 arbitran-

735 3032 845 3077 ιιιν.

809 3115 1033 3178 Deinde,
1066 3114 1132 3168 Et
1156 3116 1363 3169 deserta
1397 3124 1489 3169 tua
1535 3116 1844 3184 augustiora
1884 3115 2061 3184 faciet,
2100 3115 2300 3185 inquit.

739 3201 834 3259 Est
861 3203 1003 3258 enim
1047 3205 1102 3257 in
1142 3205 1597 3259 circumcisorum
1642 3205 1819 3259 locum
1882 3204 2002 3274 ipsa
2054 3204 2299 3274 gentium
2329 3186 2371 3243 ο

738 3296 886 3350 intro
919 3295 1160 3350 admissa
1206 3295 1540 3349 multitudo:
1575 3310 1674 3364 pro
1723 3295 1945 3365 quibus,
1997 3294 2084 3363 qui
2126 3303 2176 3347 te
2209 3293 2305 3346 ab-

740 3387 1037 3449 sorbebant,
1067 3387 1217 3456 longe
1251 3386 1610 3457 fugabuutur;
1640 3387 1761 3440 falsi
1789 3387 2045 3440 nimirum
2073 3385 2307 3455 prophe-

742 3488 828 3540 tre,
890 3487 940 3528 rt
1007 3477 1176 3531 duces
1240 3477 1446 3547 populi,
1494 3494 1635 3547 quos
1692 3476 1852 3547 pleno
1898 3490 1996 3531 ore
2047 3477 2305 3546 populum

742 3584 904 3623 suum
953 3567 1253 3623 absorbere
1289 3569 1732 3636 conquerebatur
1781 3566 2066 3622 Dominus.
2111 3566 2308 3620 Locum

742 3658 943 3714 deinde
974 3656 1232 3713 Ecclesia:
1279 3660 1623 3727 ampliorem,
1674 3666 1896 3729 prepter
1944 3656 2307 3728 frequentiam

742 3760 797 3805 et
824 3749 1061 3818 copiam,
1100 3750 1441 3818 postulantes
1490 3750 1652 3817 ﬁlios,
1690 3751 1783 3818 qui
1831 3757 1959 3806 ante
2009 3750 2308 3820 perierant,

746 3840 920 3894 facit:
955 3838 1209 3906 indeque,
1256 3856 1386 3909 quos
1438 3841 1737 3907 perdidisti,
1794 3840 2017 3911 adjecit,
2073 3854 2309 3909 quorum

746 3947 963 3987 rursum
995 3931 1359 4001 frequentiam
1404 3933 1691 3999 demirata,
1748 3932 2061 3989 Iudaeorum
2108 3935 2313 3991 orbita-

745 4034 853 4077 tem
896 4024 1165 4093 agnoscit,
1221 4039 1371 4093 seque
1410 4024 1519 4078 sine
1581 4025 1781 4085 liberis,
1832 4035 1881 4077 et
1941 4024 2151 4079 viduam
2203 4042 2314 4079 esse

748 4114 1056 4169 conﬁtetur.
1098 4113 1252 4179 Quod
1286 4116 1331 4169 si
1363 4114 1433 4170 de
1480 4115 1734 4184 gentibus
1792 4116 2137 4187 intelligitur.
2202 4124 2313 4171 stu-

749 4215 887 4268 tum,
923 4206 978 4260 in
1012 4221 1121 4275 quo
1174 4213 1385 4267 essent,
1437 4206 1757 4275 priusquam
1817 4215 2163 4268 vocarentur,
2224 4206 2317 4258 de-

750 4303 1021 4349 monstret
1045 4308 1273 4348 necesse
1315 4304 1417 4348 est.
1466 4293 1561 4347 Est
1594 4308 1725 4348 vero
1756 4293 1868 4357 isti,
1903 4292 2048 4362 quod
2088 4293 2198 4357 hic,
2231 4292 2317 4360 [ac

750 4386 878 4437 mihi
908 4388 1103 4446 locum,
1156 4385 1441 4447 habemus,
1479 4384 1626 4437 aliud
1662 4400 1769 4437 non
1806 4386 2191 4453 incongruum,
2225 4384 2316 4438 ubi

2392 1934 2566 1988 καλεῖ.
2611 1934 2823 2003 Ψυχαῖς
2880 1935 2989 2003 γὰρ
3009 1933 3146 2003 αὑτὴ
3186 1934 3466 2000 κοσμίως
3495 1930 3838 2001 σεμνύνεται,
3866 1932 3974 1991 τὰς

2392 2026 2571 2079 αὐτῶν
2626 2027 2863 2097 ἀρετὰς,
2924 2028 3015 2080 καὶ
3072 2027 3141 2078 τά
3207 2024 3557 2093 πνευματικά
3599 2023 3805 2076 τούτων
3870 2042 3976 2092 χα-

2394 2120 2633 2188 ρίσματα
2662 2161 2675 2183 ,
2720 2119 2838 2171 ἀντὶ
2869 2118 3031 2171 λίθων
3077 2118 3277 2187 τιμίων
3328 2115 3708 2187 περικειμένη.
3765 2116 3975 2184 Διόπερ

2393 2210 2562 2281 αὐτὴν
2629 2210 2908 2282 ἱματισμῷ
2977 2208 3298 2279 περιχρύσῳ
3374 2208 3471 2261 καὶ
3555 2206 3974 2275 πεποικιλμένῳ

2395 2302 2769 2373 κεκοσμῆσθαι
2818 2303 2980 2371 φησὶν
3007 2302 3039 2371 ἡ
3064 2300 3257 2370 Γραφὴ
3327 2298 3400 2361 ὡς
3431 2298 3662 2351 ’ἑκαστον
3690 2298 3749 2361 ἐξ
3797 2298 3976 2365 αὐτῆς

2396 2393 2818 2464 εὖχαριστοῦντα
2874 2393 3053 2461 λέγειν
3098 2407 3112 2422 ⁸
3155 2389 3572 2458 (Ἀγαλλιάσθω
3603 2392 3637 2459 ἡ
3689 2390 3834 2459 ψυχή
3867 2407 3975 2457 μου

2397 2487 2488 2538 ἐπὶ
2530 2486 2610 2556 τῷ
2661 2486 2848 2555 Κυρίῳ
2888 2501 2900 2517 ο
2959 2485 3173 2541 ἐνέδυσε
3236 2484 3343 2553 γάρ
3402 2499 3466 2552 με
3523 2483 3735 2552 ἱμάτιον
3792 2498 3977 2549 σωτη-

2401 2578 2516 2648 ρίου
2588 2581 2683 2629 ita).
2740 2577 2942 2646 χιτῶνα
2987 2575 3328 2644 εὐφροσύνης
3360 2589 3375 2605 ο
3433 2575 3507 2637 ὡς
3567 2574 3786 2642 νυμφίῳ
3818 2591 3977 2643 περι-

2400 2667 2563 2736 έθηκέ
2621 2685 2709 2736 μοι
2749 2667 2972 2737 κόσμον,
3014 2666 3108 2718 καὶ
3162 2665 3237 2727 ὡς
3290 2663 3475 2733 νύμφῃ
3530 2662 3824 2732 περιέθηκέ
3884 2681 3978 2731 μοι

2406 2759 2623 2829 μίτραν.
2665 2777 2683 2811 ι
2719 2758 2874 2820 Τινὲς
2906 2758 2960 2810 δέ
3006 2757 3066 2809 τὸ
3098 2756 3271 2826 παρὸν
3309 2753 3484 2825 ’ῥητὸν
3522 2752 3718 2823 δηλοῦν
3766 2753 3983 2820 ἔφασαν

2401 2848 2499 2917 τὴν
2525 2850 2609 2902 ἐπ’
2644 2850 2874 2918 ἐσχάτου
2929 2849 3037 2901 τῶν
3083 2847 3141 2911 ἐξ
3187 2846 3400 2916 Ἰσραὴλ
3452 2846 3747 2915 σωτηρίαν,
3792 2844 3870 2899 ὅτ’
3911 2845 3983 2896 ἂν

2401 2939 2462 2990 τὸ
2489 2938 2758 3010 πλήρωμα
2786 2938 2895 2991 τῶν
2919 2936 3087 2992 ἐθνῶν
3106 2937 3343 3007 εἰσέλθῃ.

2478 3113 2609 3174 Εἶτά
2631 3136 2783 3189 φησι,
2833 3122 2943 3174 Καὶ
2977 3119 3049 3174 τὰ
3108 3117 3297 3187 ἔρημά
3342 3130 3459 3171 σου
3501 3115 3981 3184 στενοχωρήσει.

2418 3209 2563 3261 Ἀντὶ
2594 3208 2701 3279 γάρ
2735 3199 2857 3261 τῶν
2876 3210 2941 3261 ἐκ
2976 3209 3278 3279 περιτομῆς
3297 3249 3310 3271 ,
3343 3206 3405 3260 τὸ
3428 3205 3538 3259 τῶν
3571 3204 3740 3259 ἐθνῶν
3767 3207 3990 3259 άντεισ·

2406 3299 2691 3368 ἐνήνεκται
2725 3298 2947 3368 πλῆθος.
2991 3298 3129 3351 Ἀνθ’
3159 3292 3233 3351 ὧν
3261 3312 3425 3366 φησιν
3447 3313 3459 3326 ·
3501 3298 3565 3349 Ui
3617 3296 3989 3349 καταπίνονο

2408 3389 2505 3454 τές
2520 3406 2614 3453 σε,
2630 3387 3163 3459 μακρυνθήσονται
3187 3405 3202 3419 ·
3222 3388 3676 3459 ψευδοπροφῆται
3694 3386 3945 3455 δηλονότι
3968 3426 3985 3447 ,

2409 3483 2503 3535 καὶ
2533 3479 2837 3551 καθηγηταὶ
2863 3480 2956 3533 τοῦ
2990 3479 3142 3544 λαοῦ,
3169 3480 3297 3547 περὶ
3320 3472 3394 3533 ὧν
3417 3478 3620 3545 ἔλεγεν·
3658 3478 3720 3530 Οἰ
3748 3478 3993 3531 καταπί-

2408 3589 2525 3624 νοντ
2536 3588 2591 3634 ες
2617 3570 2709 3623 τὸν
2738 3570 2865 3625 λαόν
2891 3587 2991 3639 μου
3014 3571 3118 3641 ὅλῳ
3135 3570 3212 3641 τῷ
3235 3571 3484 3640 στόματι.
3511 3564 3645 3622 Εἶτα
3669 3570 3792 3633 τοὺς
3818 3570 3995 3635 υἱοὺς

2408 3665 2506 3733 τῆς
2548 3662 2872 3732 Ἐκκλησίας
2902 3662 3111 3730 εἰσάγει
3136 3665 3310 3716 τόκον
3336 3660 3622 3723 αἰτοῦντας
3653 3660 3740 3712 διὰ
3761 3660 3822 3713 τὸ
3848 3661 3993 3728 πλῆ-

2412 3754 2501 3817 θος
2528 3753 2883 3824 πλατύτερον,
2914 3753 3109 3817 οἵτινες
3149 3748 3287 3823 ἦσαν
3313 3754 3371 3804 ἐν
3404 3751 3653 3822 ἀπωλείᾳ
3688 3751 3751 3803 τὸ
3792 3752 3996 3819 πρότε-

2416 3860 2527 3913 ρον.
2555 3843 2716 3897 Ὅθεν
2742 3845 2905 3914 φησὶν
2936 3843 3041 3909 οὓς
3068 3845 3410 3909 ἀπώλεσας,
3436 3838 3511 3896 ῶν
3539 3842 3599 3895 τὸ
3624 3841 3828 3911 πλῆθος
3857 3842 3997 3895 θαυ-

2417 3932 2682 4002 μάζουσα,
2732 3934 2829 4002 τὴν
2864 3933 2929 3986 ἐκ
2979 3933 3087 3986 τῶν
3155 3933 3423 3987 Ἰουδαίων
3454 3931 3706 3987 ἀτεκνίαν
3738 3932 3999 3999 ὁμολογεί

2414 4025 2679 4093 λέγουσα·
2728 4024 2876 4095 Ἐγὼ
2912 4025 2980 4079 δὲ
3007 4026 3258 4093 ἄτεκνος
3292 4027 3389 4081 καὶ
3441 4026 3615 4094 χήρα.
3662 4025 3726 4076 Εἰ
3770 4024 3828 4076 δὲ
3866 4026 4000 4092 περὶ

2415 4116 2521 4169 τῶν
2544 4116 2714 4170 ἐθνῶν
2740 4118 2931 4182 νοοῖτο,
2979 4116 3133 4186 δηλοῖ
3164 4117 3261 4187 τὴν
3314 4117 3589 4187 προτέραν
3642 4115 3822 4167 αὐτῶν
3862 4114 3999 4183 πρὶν

2418 4208 2681 4277 κληθῆναι
2716 4208 3070 4262 κατάστασιν.
3118 4209 3417 4278 Σύμφωνον
3472 4207 3529 4260 δέ
3582 4205 3680 4275 τῷ,
3734 4206 4004 4271 ποίησόν

2413 4315 2513 4367 μοι
2532 4299 2720 4351 τόπον
2737 4337 2752 4362 ,
2774 4298 2834 4352 τὸ
2868 4317 2885 4349 ι
2904 4298 3178 4352 Πλάτυνον
3210 4301 3301 4350 τὸν
3321 4298 3485 4351 τόπον
3511 4299 3610 4367 τῆς
3643 4295 3851 4363 σκηνῆς
3878 4312 3999 4347 σου.

2420 4389 2527 4441 Καὶ
2558 4388 2678 4460 [τὰς
2704 4388 2903 4459 δέρεις]
2939 4388 3046 4441 τῶν
3080 4389 3316 4443 αὑλαίων
3342 4406 3436 4441 σου
3471 4387 3661 4455 πῆξον.
3692 4387 3785 4456 Μὴ
3809 4388 4001 4455 φεισῇ,

753 4478 946 4546 legitur
977 4494 990 4529 :
1028 4494 1045 4526 ι
1086 4474 1260 4529 Dilata
1303 4476 1484 4530 locum
1529 4476 1867 4530 tabernaculi
1907 4477 2006 4540 tui,
2040 4476 2319 4546 pellesque
2351 4479 2436 4573 Di

2315 4499 2319 4525 ι
2351 4518 2393 4573 D
2423 4477 2500 4531 ἔτι
2534 4480 2614 4540 εἰς
2650 4478 2721 4531 τὰ
2748 4479 2917 4545 δεξιὰ,
2972 4480 3063 4532 καὶ
3095 4481 3175 4540 εἰς
3206 4479 3275 4532 τά
3313 4477 3581 4549 ἀριστερὰ
3616 4476 3943 4529 ἐκπέτασον.
3979 4494 3998 4526 ι

755 4569 1109 4621 tentoriorum
1156 4573 1376 4620 tuorum
1438 4567 1553 4637 ﬁge.
1605 4565 1680 4619 Ne
1722 4582 1954 4635 parcas;
2015 4566 2195 4620 adhuc
2249 4565 2317 4620 ad
2351 4565 2438 4619 ’Ἴ

2351 4565 2386 4573 ⁷
2423 4568 2593 4621 Τοῦτο
2618 4568 2673 4621 δὲ
2702 4570 2797 4622 καί
2826 4570 2923 4638 τῆς
2955 4569 3105 4638 παρὰ
3139 4570 3328 4623 Μωσεί
3369 4569 3573 4637 σκηνῆς
3616 4566 3685 4618 τά
3723 4567 3873 4634 μήκη
3905 4566 4006 4617 καὶ

754 4658 998 4712 dextram
1031 4668 1085 4711 et
1116 4658 1303 4711 laevam
1354 4658 1585 4712 extende
1633 4659 1702 4710 ".
1754 4676 1773 4709 ι
1812 4657 1955 4712 istud
2012 4665 2193 4710 autem
2239 4657 2321 4710 vel

757 4752 873 4814 ipsa
899 4749 1118 4801 Mosaici
1150 4748 1490 4803 tabernaculi
1545 4748 1866 4820 magnitudo
1909 4747 2322 4818 amplitudoque

759 4840 1079 4894 iudicarint.
1106 4840 1307 4895 Verum
1345 4844 1624 4896 enimvero
1646 4844 1760 4913 quis
1804 4843 1901 4897 sibi
1936 4844 2064 4897 istos
2089 4843 2320 4913 genuerit

755 4935 1041 5003 quaerenti,
1087 4933 1219 4988 ﬁdes
1252 4935 1305 4987 in
1337 4933 1578 4997 Christo,
1628 4933 1878 5005 Deusque
1927 4935 2044 5004 ipse
2087 4948 2320 5003 respon-

755 5023 991 5077 dendum
1023 5034 1126 5088 est,
1160 5025 1249 5093 qui
1295 5026 1456 5080 etiam
1499 5025 1794 5096 postulanti
1827 5026 2118 5095 respondet
2148 5043 2161 5078 :
2196 5023 2329 5078 Ecce

755 5116 893 5169 eirea
920 5132 1075 5182 super
1111 5126 1287 5187 gentes
1316 5133 1530 5170 manum
1559 5133 1750 5181 meam,
1780 5126 1833 5172 et
1872 5132 1993 5185 quae
2024 5116 2284 5186 deinceps
2311 5132 2327 5181 ;

762 5210 833 5257 ita
866 5205 1137 5271 vitleliCet,
1171 5206 1315 5260 unde
1347 5208 1396 5261 ci
1424 5207 1658 5275 ﬁliorum
1690 5217 1737 5259 et
1771 5206 2006 5275 ﬁliarum
2035 5206 2329 5260 multitudo

760 5303 985 5348 ventura
1016 5296 1108 5357 sit,
1141 5297 1567 5362 demonstrans;
1594 5312 1880 5365 manusque
1912 5295 2175 5351 vocabulo
2217 5296 2325 5348 vir-

767 5395 936 5440 tutem
969 5401 1124 5441 suam
1156 5396 1211 5440 et
1244 5388 1567 5458 potentiam,
1603 5387 1878 5441 Christum
1922 5387 2201 5447 nimirum,
2245 5386 2318 5439 si-

859 5541 880 5571 ⁸
908 5540 1051 5594 Psul.
1093 5556 1237 5605 xuv,
1270 5541 1355 5594 17.
1433 5541 1476 5573 ³³
1509 5541 1637 5595 ibid.
1679 5542 1760 5595 l0.
1840 5542 1883 5572 ⁶⁰
1926 5541 2024 5595 isa.
2064 5557 2174 5603 Litt,
2215 5540 2294 5593 l0.

2376 5541 2414 5570 ⁶¹
2448 5539 2605 5594 Rom.
2653 5558 2725 5601 χι,
2763 5542 2854 5595 ἓῖἱ.

2423 4662 2599 4732 πλάτη
2622 4662 2789 4731 δηλοῖ.
2812 4663 3056 4734 Λεγούση
3073 4664 3152 4726 δὲ,
3172 4664 3265 4728 Τίς
3287 4660 3581 4732 ἐγέννησέ
3592 4678 3693 4730 μοι
3713 4659 3969 4722 τούτους
3987 4675 4007 4719 ;

2421 4754 2640 4807 λεκτέον
2663 4772 2677 4784 ·
2725 4755 2789 4807 Ἦ
2821 4756 3007 4819 πίστις
3041 4757 3075 4826 ἡ
3100 4757 3157 4809 ἐν
3186 4754 3429 4825 Χριστῷ,
3456 4753 3621 4815 αὑτός
3645 4770 3700 4804 τε
3719 4750 3874 4812 Θεὸς.
3906 4753 4009 4811 Ὃς

2423 4847 2516 4899 καὶ
2566 4845 2946 4919 πυνθανομένη
2994 4846 3192 4916 φησίν·
3247 4844 3403 4899 Ἰδοὺ
3454 4843 3599 4911 αἴρω
3630 4845 3714 4908 εἰς
3754 4841 3826 4894 τὰ
3857 4842 4007 4907 ἔθνη

2424 4936 2538 5002 τὴν
2570 4937 2735 5005 χεῖρά
2751 4954 2890 5005 μου,
2924 4939 3017 4989 καὶ
3044 4937 3112 4990 τὰ
3146 4937 3272 5005 ἐξῆς
3292 4952 3305 4965 ⁸
3347 4935 3523 5003 δηλῶν
3552 4935 3715 4987 πόθεν
3747 4931 3868 5003 ἥξει
3888 4930 4011 4985 τῶν

2426 5026 2571 5080 υἱῶν
2590 5027 2743 5095 αὐτῇ
2775 5030 2872 5081 καὶ
2903 5027 3244 5097 θυγατέρων
3261 5026 3324 5079 τὸ
3356 5024 3580 5095 πλῆθος,
3620 5022 3787 5092 χεῖρα
3819 5020 4010 5074 καλῶν

2425 5116 2524 5187 τὴν
2566 5116 2701 5169 ἰδίαν
2734 5116 2886 5185 ἰσχύν
2917 5133 2977 5168 τε
3013 5116 3109 5168 καὶ
3136 5114 3389 5183 δύναμιν,
3419 5113 3511 5166 τὸν
3541 5112 3801 5182 Χριστὸν,
3825 5110 3885 5173 ὃς
3916 5110 4011 5164 διά

2425 5207 2533 5257 τῶν
2566 5204 2859 5272 θαυμάτων
2909 5205 3101 5273 γέγονε
3146 5205 3254 5266 τοῖς
3290 5202 3499 5257 ἔθνεσιν
3534 5200 3760 5270 ὑψηλὸς,
3797 5202 3890 5253 καὶ
3916 5200 4010 5252 διὰ

2427 5295 2523 5361 τῆς
2567 5294 2943 5358 ἀναστάσεως.
2977 5294 3223 5363 Νήσους
3252 5293 3438 5356 δὲτὰς
3488 5292 3630 5345 κατὰ
3671 5290 3838 5361 μέρος
3882 5291 4012 5343 Ἐκ-

2434 5385 2685 5455 κλησίας,
2710 5385 2767 5449 ἐξ
2788 5379 2859 5439 ὧν
2897 5387 2930 5455 ἡ
2976 5386 3069 5455 μία
3094 5386 3187 5439 καὶ
3222 5382 3480 5454 καθολικὴ
3504 5380 3801 5445 πανταχοῦ.
3854 5380 4012 5435 Σύσ-

2933 5543 2974 5572 "
3002 5542 3103 5596 isa.
3144 5557 3253 5605 ων,
3278 5542 3331 5595 9..

2062 5657 2290 5711 VHHAS
2324 5656 2719 5710 1ιίιῖιᾷτίίῆἐίζὰ

836 5755 862 5797 8
1031 5760 1090 5804 τὸ
1116 5754 1301 5804 εἰπὼν.
