4262 6434
234 415 373 481 ειει

1337 428 1862 493 COMMENTARU
1914 435 1986 494 IN
2032 436 2313 497 lSAIAM.

3342 432 3483 498 2482

232 540 441 595 mmor
471 529 549 589 δὲ,
579 529 636 580 τὸ
662 530 790 600 περὶ
820 529 911 581 τοῦ
942 532 1170 601 σταυροῦ
1209 535 1301 587 καὶ
1337 536 1434 605 τῆς
1473 538 1818 605 ἀναστάσεως
1849 550 1889 603 Α

1798 560 1818 605 ς
1849 550 1889 603 Α
1922 544 2207 613 gniﬁcans,
2245 546 2338 615 qui
2388 560 2415 598 a
2453 546 2702 615 gentibus
2738 545 2893 616 ipsis,
2934 553 3150 614 propter
3179 538 3481 599 admirabi-

235 619 525 687 κήρυγμα.
578 620 724 673 Ἀντὶ
763 621 818 674 δὲ
867 622 959 675 τοῦ
1016 623 1084 676 ἐν
1134 626 1358 691 κόλπῳ,
1416 629 1486 682 ἐν
1523 632 1816 699 ἀγκάλαις

232 711 507 775 ἐξέδωκαν
527 712 577 766 oi
608 711 807 766 λοιποί.
842 713 999 777 Τίνες
1036 714 1094 768 δὲ
1138 716 1295 770 τοῦτο
1340 720 1685 790 ποιήσουσιν;
1721 725 1817 794 δῆ-

231 802 325 857 λον
350 804 427 866 ὡς
454 803 749 857 άπόστολοί
773 822 851 867 τε,
882 805 975 859 καὶ
1003 807 1052 858 oi
1082 810 1179 877 τῆς
1214 810 1535 881 Ἐκκλησίας
1566 814 1819 868 διδάσκα-

231 893 336 959 λοι,
365 890 456 946 οἷα
486 894 715 964 νηπίους
747 896 1219 966 χειραγωγοῦντες
1256 902 1379 961 τοὺς
1405 903 1726 971 προσιόντας
1750 907 1816 976 τῇ

232 985 439 1049 πίστει,
472 979 553 1047 οἷς
582 984 735 1053 ἔλεγε
755 987 846 1038 καὶ
871 985 1083 1051 Παῦλος
1108 1004 1121 1018 ο
1156 1008 1174 1039 ι
1197 989 1341 1043 Γάλα
1365 992 1508 1060 ὑμᾶς
1537 994 1811 1048 ἐπότισα.»

233 1076 342 1127 Καὶ
397 1075 592 1128 πάλιν·
638 1095 656 1127 ι
701 1076 902 1130 Τεκνία
959 1095 1082 1147 μου,
1116 1078 1208 1143 οὓς
1234 1080 1397 1134 πάλιν
1430 1083 1624 1138 ὠδίνω.
1665 1106 1683 1139 ι
1712 1087 1821 1140 Καὶ

232 1167 396 1219 πάλιν
420 1184 433 1197 ο
475 1186 493 1219 ι
538 1169 627 1231 Ὠς
666 1169 733 1221 ἂν
775 1168 973 1239 τροφὸς
1003 1169 1182 1240 θάλπη
1232 1172 1299 1225 τὰ
1334 1174 1534 1243 ἑαυτῆς
1577 1176 1762 1240 τέκνα,
1797 1196 1814 1228 ι

230 1254 291 1307 οὖ
305 1274 403 1315 τως
426 1258 765 1325 ίμειρόμενοι
798 1258 951 1326 ὑμῶν
976 1260 1307 1331 εὐδοκοῦμεν
1336 1263 1657 1333 μεταδοῦναι
1688 1267 1817 1337 ὑμῖν

230 1346 292 1397 οὐ
322 1347 488 1415 μόνον
514 1348 573 1400 τὸ
597 1348 930 1417 Εὐαγγέλιον
967 1350 1060 1403 τοῦ
1091 1352 1327 1422 Χριστοῦ
1349 1392 1363 1417 ,
1409 1354 1547 1407 ἀλλὰ
1602 1357 1695 1409 καὶ
1724 1358 1821 1421 τὰς

232 1439 445 1492 ἑαυτῶν
470 1440 645 1509 ψυχάς
674 1458 687 1472 ·
720 1443 808 1496 ὅτε
839 1444 933 1497 καὶ
960 1444 1068 1497 τῶν
1092 1447 1426 1516 προσιόντων
1451 1448 1578 1501 ὲϐόα
1602 1450 1662 1503 τὸ
1693 1451 1821 1520 πλῆ-

232 1527 324 1590 θος
349 1547 362 1560 ·
427 1547 444 1579 ι
481 1528 647 1583 Δεῦτε
674 1571 688 1595 ,
747 1532 1036 1602 ἀναϐὦμεν
1063 1534 1143 1597 εἰς
1195 1535 1256 1587 τὸ
1281 1535 1415 1606 ιὸρος
1454 1536 1548 1589 τοῦ
1578 1538 1817 1608 Κυρίου,

206 1618 328 1670 -καὶ
359 1619 438 1679 εἰς
463 1620 552 1671 τὸν
587 1617 734 1673 οἷκον
765 1621 859 1674 τοῦ
884 1622 1020 1675 Θεοῦ
1073 1623 1289 1689 Ἰακὼϐ,
1324 1644 1342 1676 ι
1378 1629 1472 1679 καὶ
1502 1628 1570 1681 τά
1598 1630 1815 1699 ἐφεξῆς.

229 1709 397 1774 Δηλοῖ
432 1709 486 1762 δὲ
511 1709 590 1772 τὸ,
636 1712 706 1763 ἐν
753 1712 1029 1778 κόλποις,
1063 1716 1158 1768 καὶ
1187 1713 1282 1768 ἐπ’
1331 1715 1523 1784 ὤμων,
1560 1718 1619 1770 τὸ
1652 1722 1819 1790 χωρὶς

233 1798 481 1867 ἱδρῶτος,
518 1800 611 1853 τοῦ
638 1799 773 1854 Θεοῦ
802 1802 901 1871 τὴν
926 1803 1044 1855 όδὸν
1072 1805 1518 1869 κατευθύνοντος,
1554 1809 1693 1861 κατὰ
1721 1810 1781 1862 τδ
1800 1853 1814 1875 ,

1923 633 1993 689 lia
2017 651 2202 704 opera,
2230 648 2282 691 et
2317 638 2805 697 resurrectionem,
2847 636 3096 691 excelsus
3129 635 3347 690 habitus
3380 648 3482 691 est.

1923 725 2232 781 lnsularum
2259 742 2420 799 porro
2437 729 2673 793 nomine,
2696 728 2970 785 Ecclesias
2998 728 3307 799 singulares
3329 730 3486 784 intel-

1924 817 2061 885 Iigit,
2111 834 2175 872 cx
2229 818 2432 885 quibus
2497 834 2602 872 una
2658 826 2742 873 est
2802 818 3025 887 ubique,
3082 829 3136 875 et
3196 819 3485 876 catholica.

1924 907 2144 978 Signum
2186 910 2382 964 deinde
2409 910 2521 977 ipsa
2551 908 2715 963 fuerit
2745 908 2930 963 crucis
2970 918 3024 963 et
3064 908 3489 964 resurrectionis

1922 1001 2307 1068 promulgatio.
2344 999 2447 1054 Sed
2479 1000 2566 1054 ubi
2621 1001 2676 1053 in
2704 1000 2846 1064 sinu,
2906 999 3202 1063 habemus,
3243 1000 3299 1052 in
3345 1001 3487 1052 ulnis

1922 1080 2010 1144 alii
2058 1092 2482 1147 transtulerunt.
2536 1090 2762 1156 Verum,
2811 1093 3034 1162 quinam
3093 1092 3164 1154 ii,
3219 1092 3310 1159 qui
3356 1092 3487 1146 illud

1922 1183 2218 1250 praestituri
2258 1183 2426 1237 sunt?
2461 1183 2705 1252 Apostoli
2760 1184 2947 1252 procul
2991 1182 3185 1245 dubio,
3215 1190 3269 1236 et
3302 1182 3489 1237 Eccle-

1924 1273 2017 1327 siae
2051 1273 2318 1342 magistri,
2380 1273 2472 1342 qui
2530 1272 2597 1327 ad
2652 1272 2809 1327 ﬁdem
2852 1273 3175 1327 accedentes
3212 1272 3487 1343 parvulus,

1923 1372 2177 1433 tanquam
2212 1379 2394 1429 manu,
2425 1364 2725 1419 ductabant
2758 1382 2770 1417 :
2799 1364 2988 1433 quales
3029 1364 3102 1417 illi
3134 1364 3485 1424 exstiterunt,

1922 1458 1985 1511 ad
2024 1472 2158 1525 quos
2186 1466 2241 1510 et
2273 1455 2421 1510 Pauli
2452 1456 2540 1510 illa
2570 1463 2697 1509 sunt
2729 1473 2742 1509 :
2786 1474 2804 1505 ι
2849 1455 2956 1509 Lac
2985 1454 3141 1509 vobis
3169 1463 3357 1523 potum
3388 1455 3486 1508 dc-

1920 1545 1973 1598 di
2008 1545 2069 1599 ⁶².
2111 1563 2128 1594 ι
2166 1546 2223 1596 Et
2264 1560 2479 1598 rursum
2510 1563 2521 1597 :
2560 1562 2577 1593 ι
2629 1542 2749 1597 Filii
2781 1544 2910 1602 mei.
2943 1559 3084 1611 quos
3113 1560 3331 1598 rursum
3368 1557 3490 1612 par-

1923 1638 2066 1690 turio
2095 1636 2159 1691 “.
2202 1654 2219 1687 ι
2252 1634 2421 1691 Item:
2454 1654 2472 1687 ι
2510 1635 2792 1706 Tanquam
2822 1635 2983 1707 563
3008 1637 3054 1690 si
3088 1635 3274 1689 nutrix
3312 1635 3488 1689 foveat

1924 1728 2065 1781 ﬁlios
2104 1742 2233 1782 suos
2269 1746 2282 1779 :
2320 1728 2401 1781 sic
2431 1726 2629 1781 affectu
2669 1727 2739 1780 in
2761 1743 2858 1780 vos
2890 1730 3140 1797 propensi
3174 1726 3488 1779 volebamus

1924 1816 2077 1869 vobis
2142 1816 2360 1870 tradere
2437 1832 2543 1871 non
2605 1816 2780 1871 solum
2844 1817 3189 1885 Evangelium
3247 1814 3486 1879 Christi,

235 1908 254 1938 ι
304 1888 452 1954 Ὁδὸς
507 1891 748 1944 εὐσεϐῶν
795 1895 977 1947 εὐθεῖα
1011 1895 1249 1963 ἐγένετο.
1302 1916 1318 1949 ι
1372 1898 1481 1951 Καὶ
1522 1898 1595 1961 ὡς
1634 1901 1695 1953 ἐκ
1721 1900 1814 1954 τοῦ
1854 1879 1892 1933 Β

1805 1901 1814 1953 5
1854 1879 1892 1933 Β
1924 1906 2019 1961 sed
2051 1907 2265 1961 animas
2299 1908 2462 1961 etiim
2495 1916 2714 1963 nostras
2767 1908 2848 1972 ⁶⁸;
2883 1923 2993 1975 quo
3040 1917 3281 1976 tempore
3325 1904 3488 1957 nimi-

230 1982 551 2035 Βαπτιστοῦ
609 1984 665 2037 δὲ
701 1986 921 2053 ἐλέγετο
969 1987 1047 2053 τὸ,
1094 2008 1110 2038 ι
1165 1987 1519 2059 Ἑτοιμάσατε
1572 1992 1669 2063 τὴν
1698 1994 1814 2047 ὁδὸν

231 2072 464 2142 Κυρίου,
501 2093 517 2124 ι
557 2078 651 2127 καὶ
679 2076 745 2127 τὰ
778 2077 1039 2145 ἑπόμενα.

1922 2013 2040 2051 rum
2072 2008 2125 2053 et
2181 1999 2295 2067 ipsa
2344 2014 2464 2067 quae
2512 1998 2803 2054 accedebat
2837 1997 3170 2052 multitudo:
3220 2016 3237 2048 ι
3275 1994 3485 2055 Venite,

1922 2088 2285 2143 asceudamus
2339 2089 2404 2142 ad
2466 2097 2704 2143 montem
2779 2088 2986 2143 Domini
3037 2098 3091 2142 et
3144 2087 3209 2142 ad
3268 2088 3484 2141 domum

227 2159 325 2215 Dei
361 2161 532 2219 Jacob
589 2166 668 2227 “,
730 2185 748 2217 ι
788 2176 1091 2234 certet-aque
1129 2165 1409 2238 deinceps,
1446 2170 1797 2228 inclamabat.
1843 2173 2127 2246 Signiﬁcat
2176 2192 2304 2232 vero
2356 2177 2502 2248 quod
2556 2177 2613 2231 iu
2656 2178 2774 2231 sinu
2811 2179 2946 2232 etin
3011 2179 3239 2233 humeris
3322 2177 3488 2231 halc-

227 2261 322 2309 tur
350 2256 401 2309 id
435 2259 553 2313 sine
592 2260 814 2319 sudore.
851 2260 959 2314 Deo
999 2261 1140 2315 viam
1173 2262 1465 2331 dirigi-nte.
1521 2266 1765 2321 futurum
1797 2288 1809 2322 :
1848 2269 2002 2339 juxta
2039 2270 2173 2324 illud
2239 2272 2515 2341 prophetae
2548 2289 2561 2324 :
2644 2290 2666 2323 ι
2714 2271 2915 2326 Semita
2966 2271 3179 2341 piorum
3231 2278 3374 2323 rceta
3410 2269 3490 2322 fa-

226 2358 316 2404 cta
346 2359 431 2404 est
463 2353 528 2404 ".
570 2371 588 2403 ι
625 2351 693 2406 Et
724 2351 1035 2422 Baptistae”
1078 2352 1272 2408 Parate
1301 2355 1441 2409 viam
1469 2357 1721 2423 Domino,
1777 2368 1958 2417 rectas
1992 2361 2153 2419 facite
2181 2363 2405 2418 semitas
2437 2362 2556 2432 ejus
2587 2365 2653 2417 “.
2699 2382 2718 2416 ι

304 2440 417 2511 Τὴν
447 2442 504 2493 δὲ
525 2442 692 2511 τιμὴν
722 2442 829 2496 τῶν
864 2442 1072 2497 πιστῶν
1111 2445 1209 2514 τὴν
1239 2448 1319 2509 εἰς
1356 2447 1525 2517 ἄκρον
1558 2449 1709 2519 δηλοῖ
1734 2452 1816 2516 τὸ,

237 2533 525 2598 Τιθηνςὺς
548 2534 730 2601 λέγειν
752 2535 1060 2600 βασιλεῖς,
1090 2535 1188 2589 καὶ
1218 2538 1326 2601 τὰς
1360 2538 1667 2607 ἀρχούσας
1694 2558 1820 2609 τρο-

228 2623 530 2693 φοὺς,τὴν
562 2624 824 2678 ἀνωτάτω
871 2625 1066 2695 δηλοῦν
1113 2628 1163 2693 ιι,
1216 2628 1308 2679 καὶ
1343 2628 1441 2691 τὰς
1490 2626 1607 2683 κατ’
1644 2631 1817 2697 ἔθνος.

243 2711 447 2783 Ἀρχὰς
502 2714 740 2783 τροφῶν
778 2712 935 2786 δίκην
967 2717 1491 2788 ὲξυπνρετουμὲνων
1531 2723 1545 2760 ί
1584 2724 1696 2786 τοῖς
1730 2723 1819 2776 ὲν-

226 2804 375 2858 δεὲσι
401 2807 505 2875 τῆς
542 2806 867 2875 Ἐκκλησίας
897 2807 983 2862 διὰ
1004 2808 1113 2861 τῶν
1141 2809 1433 2880 διδομένων
1472 2813 1816 2885 σιτηρεσίων.

228 2897 344 2955 Καὶ
382 2899 559 2964 ἄλλως
586 2898 661 2964 δὲ,
707 2902 941 2975 ήπολλὴ
1000 2904 1300 2976 κηδεμονία
1350 2904 1507 2971 δόξαν
1559 2906 1825 2978 ’ζροςιρ-ιξωνἑ

230 2990 593 3062 παρίστησιν,
624 2993 673 3045 οἳ
708 2994 801 3046 καὶ
827 2995 1102 3059 κλίνοντες
1131 2997 1190 3049 ὲν
1235 2996 1530 3068 Ἐκκλησία
1565 3000 1716 3067 γόνυ,
1747 2999 1822 3070 τῇ

228 3079 307 3148 γῇ
339 3081 400 3133 τὺ
455 3082 708 3149 μέτωπον
762 3086 1193 3156 προσερείδουσι,
1246 3088 1340 3141 καὶ
1391 3089 1497 3142 τὸν
1529 3090 1704 3157 χοῦν,
1748 3091 1824 3157 ὡς

228 3173 433 3235 εἰπεῖν,
483 3174 735 3244 ὲκλαχεῖν
793 3173 807 3224 i
851 3175 938 3229 διὰ
978 3177 1159 3229 πίστιν
1196 3178 1510 3243 ποθοῦντες.
1545 3180 1732 3235 Ταῦτα
1765 3182 1821 3237 δὲ

230 3262 372 3330 πρὸς
402 3262 502 3332 τὴν
532 3263 855 3333 βασίλισσαν
885 3267 983 3336 τὴν
1004 3267 1069 3321 ὲκ
1093 3268 1285 3333 δεξιῶν
1303 3270 1523 3342 Χριστῷ
1548 3289 1819 3342 παριστα-

1993 2454 2069 2509 Εο
2094 2456 2211 2524 ipso
2241 2455 2438 2510 deinde
2472 2470 2743 2510 summum
2790 2455 2907 2511 fore
2938 2453 3191 2510 ﬁdelibus
3226 2454 3486 2508 honorem

1921 2546 2280 2611 demonstrat,
2323 2547 2468 2618 quod
2497 2563 2687 2603 eorum
2714 2544 2962 2604 nutriti):
3005 2564 3169 2622 reges,
3201 2558 3251 2604 et
3285 2550 3489 2620 reginas

1924 2639 2151 2693 nutrices
2181 2639 2298 2693 fore
2328 2638 2623 2708 signiﬁcat.
2658 2638 2770 2695 lmo
2797 2651 2852 2697 et
2882 2640 2999 2712 ipsa
3036 2640 3281 2709 gentium
3320 2640 3490 2709 impc-

1923 2730 2024 2794 ria,
2085 2730 2362 2786 dctucnsis
2414 2733 2469 2786 in
2525 2745 2812 2802 pauperes,
2917 2731 3257 2785 nutritiorum
3312 2716 3486 2793 more,

1923 2820 2258 2889 distributis,
2296 2823 2554 2878 Ecclesia:
2584 2823 2983 2879 subservitura.
3032 2823 3181 2877 Alias
3225 2829 3404 2877 autem
3436 2832 3492 2875 et

1919 2913 2037 2984 ipsa
2062 2914 2358 2970 vehemens
2403 2912 2739 2979 sollicitudo,
2770 2914 3006 2968 nutritiis
3037 2912 3266 2984 gloriam
3301 2913 3491 2967 conci-

1918 3003 2049 3069 liat;
2085 3004 2177 3075 qui
2208 3019 2347 3075 genu
2383 3003 2524 3060 ﬁexo
2556 3004 2610 3060 in
2637 3003 2883 3063 Ecclesia
2914 3014 3069 3061 terra:
3102 3005 3336 3061 frontem
3370 3005 3489 3059 alli-

1918 3095 2073 3159 dunt,
2098 3096 2361 3165 puluerem
2395 3096 2596 3167 ipsum,
2638 3105 2697 3152 ut
2735 3098 2808 3152 ita
2845 3098 3046 3161 dicam,
3074 3108 3294 3167 propter
3322 3096 3481 3151 ﬁdem

1918 3188 2196 3260 delingere
2228 3191 2547 3259 gestientes.
2584 3191 2759 3260 Atque
2794 3191 2907 3245 hanc
2938 3191 3163 3261 quidem
3191 3192 3306 3260 ipsa
3333 3201 3483 3250 sunt.

1917 3295 2037 3347 quae
2066 3281 2265 3350 regina:
2316 3279 2532 3336 Christo
2559 3284 2623 3336 ad
2664 3281 2946 3336 dexteram
3022 3283 3224 3337 astanti
3276 3284 3488 3352 psalmo

230 3353 405 3420 μένην
434 3355 462 3404 ό
495 3355 933 3423 τεσσαρακοστὸς
962 3355 1224 3426 τέταρτος
1269 3358 1418 3425 λέγει
1467 3360 1702 3430 ψαλμὸς,
1752 3364 1819 3434 ἢν
1847 3374 1891 3435 (ς

1806 3374 1891 3435 IC
1924 3371 2341 3443 quadragesimo
2373 3381 2571 3442 quarto
2626 3373 2967 3439 tribuuntur,
3010 3389 3171 3445 quam
3222 3376 3385 3429 etiarn
3421 3376 3489 3429 de

226 3442 326 3496 καὶ
367 3442 428 3507 ἐξ
457 3443 772 3511 ἀλλοφύλων
830 3441 998 3500 οὖσαν
1043 3448 1211 3518 δηλοῖ.
1257 3451 1457 3522 Ὅμοια
1505 3453 1562 3507 δὲ
1617 3454 1709 3508 καὶ
1734 3458 1815 3520 είς

226 3533 399 3585 αὑτὸν
420 3533 512 3587 τὸν
530 3535 802 3599 βασιλέα
834 3539 862 3589 ό
888 3537 1290 3608 ὲϐδομηκοστδς
1322 3543 1557 3613 πρῶτος.
1607 3547 1815 3601 Οὐκοῦν

225 3622 361 3694 περὶ
395 3623 494 3692 τῆς
540 3624 873 3695 Ἐκκλησίας
907 3626 1006 3696 τῆς
1042 3629 1099 3680 ὲν
1133 3630 1377 3702 Χριστῷ,
1433 3632 1499 3686 τὰ
1547 3634 1816 3707 λεγόμενα

226 3712 370 3780 πρὸς
389 3713 491 3781 τὴν
518 3712 900 3784 Ἰερουσαλὴμ,
926 3716 959 3786 ἦ
986 3717 1084 3786 τὴν
1113 3718 1272 3783 δόξαν
1300 3720 1527 3791 ἔχειτοῦ
1554 3725 1811 3794 Χριστοῦ.

227 3802 454 3856 Τούτων
477 3801 555 3863 δὲ,
579 3806 733 3873 φησὶ,
753 3807 1114 3875 γιγνομὲνων,
1141 3809 1343 3882 γνώσῃ
1360 3812 1447 3866 ὅτι
1466 3814 1581 3883 ἐγὼ
1601 3817 1838 3886 Κύριος,

227 3892 332 3945 καὶ
354 3894 469 3946 οὐκ
484 3896 590 3946 alar
595 3912 630 3960 χ
640 3895 1007 3960 υνθήσονται
1026 3900 1080 3951 οἱ
1100 3899 1507 3968 ὑπομένοντές
1519 3921 1613 3972 με.
1639 3906 1815 3959 Καλὸν

222 3985 340 4052 γὰρ
372 3984 447 4054 μὴ
479 3985 884 4051 ἀπογινώσκειν
910 3987 1009 4058 τὴν
1045 3989 1237 4043 ἐλπίδα
1264 3991 1369 4062 πρὸ
1394 3994 1491 4063 τῆς
1510 3995 1615 4047 τῶν
1639 3995 1816 4068 ἔργων

223 4073 534 4137 ἐκϐάσεως.
568 4070 702 4128 Εἶτα
733 4076 1000 4142 διδάσκει,
1028 4079 1151 4134 τίνα
1187 4081 1389 4152 τρόπον
1422 4084 1488 4137 τὰ
1527 4086 1632 4139 ὑπὸ
1657 4090 1817 4159 χεῖρα

223 4164 326 4217 τοῦ
356 4164 607 4219 διαϐόλου
644 4168 911 4239 πρότερον
937 4170 1064 4242 ἔθνη
1096 4172 1448 4245 ἠλευθερώθη
1480 4177 1567 4231 διὰ
1594 4179 1693 4248 τῆς
1720 4180 1815 4235 τοῦ

223 4257 487 4327 Σωτῆρος
514 4258 817 4329 δυνάμεως.
861 4263 925 4314 Ὃ
948 4263 1037 4316 διὰ
1064 4264 1163 4332 τῆς
1191 4267 1505 4338 παραϐολῆς
1551 4269 1818 4340 ἐδήλωσεν

222 4349 255 4400 ό
285 4348 527 4417 Χριστός
550 4367 564 4381 ·
602 4369 619 4400 ι
661 4350 805 4414 Πῶς,
848 4351 1046 4420 λέγων,
1075 4353 1297 4408 δύναταί
1320 4373 1404 4420 τις
1435 4358 1696 4414 εἰσελθεῖν
1736 4364 1815 4427 είς

220 4437 327 4509 τὴν
370 4440 549 4493 οἰκίαν
576 4440 668 4493 τοῦ
701 4443 948 4513 ἰσχυροῦ,
983 4446 1079 4497 καὶ
1105 4447 1175 4498 τὰ
1206 4446 1375 4518 σκεύη
1400 4449 1567 4503 αὐτοῦ
1596 4449 1819 4521 διαρπάο

226 4544 347 4589 σαι,
390 4530 486 4581 ἐὰν
512 4531 586 4601 μὴ
617 4532 833 4601 πρῶτον
862 4534 999 4605 δήσῃ
1028 4535 1118 4588 τὸν
1160 4537 1411 4607 ἰσχυρόνς
1450 4558 1467 4592 ι
1503 4542 1614 4594 Καὶ
1643 4541 1738 4595 νῦν
1759 4543 1817 4597 δέ

1917 3465 2345 3535 alienigenarum
2380 3479 2608 3520 numero
2649 3480 2774 3521 esse
2814 3465 3107 3537 signiﬁcat.
3146 3463 3329 3536 Neque
3361 3481 3489 3520 vero

1915 3553 2207 3610 dissimilia
2239 3554 2462 3615 fuerint.
2496 3569 2615 3625 qua:
2659 3556 2712 3608 in
2759 3570 2927 3623 regem
2963 3554 3142 3624 ipsum
3196 3564 3456 3622 septuage

1915 3643 2054 3698 simo
2076 3643 2252 3712 primo
2281 3644 2549 3714 leguntur.
2584 3644 2724 3700 Sunt
2764 3646 2929 3717 igitur
2970 3660 3093 3715 qua:
3131 3644 3199 3700 de
3230 3644 3489 3700 llicrusoo

1918 3734 2077 3807 lymis
2117 3737 2394 3803 dicuntur,
2441 3737 2508 3793 de
2533 3737 2737 3793 Christi
2775 3738 3043 3801 Ecclesia,
3081 3738 3331 3808 ejusdem
3366 3739 3453 3808 glo

1917 3826 2053 3882 riam
2086 3827 2338 3894 habente,
2392 3830 2769 3900 intelligenda.
2808 3829 2941 3896 Qua:
2993 3825 3115 3883 cuin
3162 3829 3484 3890 acciderint.

1916 3919 2116 3988 inquit,
2164 3921 2457 3991 intelliges,
2477 3923 2603 3992 quia
2658 3938 2750 3993 ego
2794 3921 3082 3985 Dominus;
3126 3930 3172 3975 et
3214 3937 3317 3974 non
3364 3938 3486 3976 con-

1916 4008 2206 4077 fundantur
2236 4012 2327 4080 qui
2359 4020 2661 4079 exspectant
2715 4027 2814 4067 me.
2891 4012 2990 4066 Est
3042 4011 3189 4066 enim
3243 4011 3482 4073 virtutis,

1916 4114 2065 4169 spem
2114 4114 2225 4154 non
2279 4102 2430 4170 prius
2464 4102 2725 4171 abjicere,
2779 4116 2942 4171 quam
2986 4102 3194 4156 exitum
3238 4116 3324 4157 res
3358 4101 3487 4169 ipsa:

1915 4191 2237 4246 sortiantur.
2305 4191 2470 4246 Docet
2520 4201 2705 4262 postea
2761 4191 3223 4262 quemadmodum
3274 4200 3485 4261 gentes,

1916 4294 2039 4350 quae
2069 4280 2173 4334 sub
2218 4280 2420 4336 diaboli
2463 4290 2734 4352 potestate
2772 4284 2927 4354 prius
2958 4283 3247 4352 degebant,
3295 4283 3486 4336 Salva-

1918 4368 2053 4421 toris
2086 4368 2290 4423 virtute
2338 4369 2391 4423 in
2456 4370 2759 4427 libertatem
2818 4379 3046 4426 assertis
3113 4371 3225 4425 sint
3284 4372 3486 4439 :quod

1915 4459 2079 4513 etiam
2122 4460 2175 4513 in
2234 4460 2491 4529 paraliola
2545 4460 2798 4515 Christus
2854 4461 2973 4530 ipse
3021 4460 3304 4522 iudicavit,
3359 4475 3483 4515 eum

1918 4551 2037 4605 ait:
2089 4570 2108 4603 ι
2144 4551 2246 4617 Qui
2278 4560 2453 4623 potest
2487 4553 2611 4622 quis
2655 4552 2880 4608 domum
2936 4551 3097 4607 fortis
3155 4552 3385 4623 ingredi,
3432 4560 3485 4605 et

220 4631 387 4716 φησι,
423 4617 514 4687 Μή
548 4633 603 4671 τι
636 4619 717 4689 τῷ
743 4621 958 4690 τυχόντι
993 4622 1217 4677 δυνατὸν
1269 4627 1419 4697 παρὰ
1443 4628 1536 4681 τοῦ
1568 4628 1814 4686 διαϐόλου
1847 4706 1883 4719 ἢ

1799 4649 1814 4686 θ
1847 4706 1883 4719 ἢ
1919 4617 2309 4714 supellectilem
2344 4644 2463 4714 ejus
2503 4617 2768 4714 diripere,
2820 4644 2925 4699 nisi
2981 4644 3176 4697 fortem
3216 4617 3379 4714 prius
3432 4646 3482 4698 iu

218 4706 711 4775 σκῦλα’λαόεῖν;
747 4710 806 4764 ὃν
844 4712 1071 4767 ἐκάλεσε
1109 4716 1359 4785 γίγαντα
1380 4733 1393 4747 °
1421 4718 1526 4772 κᾶν
1558 4722 1810 4793 ἐπιχειρῇ
1844 4706 1887 4760 Ῑ)

1796 4724 1810 4793 ἱ
1844 4706 1887 4760 θ
1918 4706 2150 4786 viticulis
2180 4706 2431 4787 habuerit
2460 4730 2542 4783 "?
2564 4747 2584 4781 ι
2623 4706 2739 4785 llam
2780 4747 2932 4799 vero,
2965 4706 3479 4795 etiamne-cuilibet,

218 4796 280 4851 δέ
309 4813 399 4859 τις
426 4798 587 4852 τοῦτο
616 4800 862 4869 δικαίως
917 4804 1108 4870 ποιῶν,
1162 4808 1269 4877 ἄρα
1302 4808 1479 4874 eoeo;
1502 4814 1810 4881 γενήσεται,

1798 4855 1810 4879 ι
1912 4823 2010 4886 ait,
2068 4832 2377 4893 proruptum
2413 4829 2521 4885 est,
2578 4822 2817 4891 diabolo,
2853 4796 3015 4892 quem
3071 4839 3167 4893 per
3217 4825 3481 4895 gigantem

220 4889 418 4987 καὶρύ
446 4893 744 4962 κρατηθεὶς
769 4897 1108 4951 κινδυνεύσει
1130 4916 1144 4966 ;
1167 4901 1289 4953 ἀντὶ
1309 4901 1417 4973 γὰρ
1447 4902 1540 4956 τοῦ
1570 4904 1809 4970 ἀδίκως,

1799 4946 1809 4970 ι
1909 4889 2255 4982 signiﬁcavit,
2293 4914 2461 4983 spolia
2482 4889 2887 4984 eripere?Quod
2927 4916 2971 4971 si
2997 4889 3121 4985 quis
3170 4889 3482 4987 hocipsum

218 4980 284 5033 τὸ
333 4978 625 5051 Ἐϐραῖκὸν
650 4984 893 5053 δικαίως
924 4986 1060 5059 ἔχει.
1093 4990 1314 5046 Δίκαιον
1366 4993 1463 5062 μὲν
1490 4995 1597 5068 γάρ
1653 4996 1811 5050 τοῦτο
1897 5060 1901 5071 ι

1799 5015 1811 5050 ι
1897 5003 2044 5072 juste
2079 5012 2346 5071 conetur,
2386 5006 2652 5063 evadetne
2704 5007 2926 5071 illaesus,
2981 5023 3156 5077 neque
3211 5009 3390 5065 vietus
3432 5011 3482 5065 in

198 5073 425 5169 Λεριείν.
470 5073 632 5128 Ἀλλά
657 5076 742 5139 τίς
771 5079 1027 5133 τοσοῦτόν
1057 5083 1172 5134 ἐστι
1212 5083 1471 5149 δυνατός;
1522 5086 1808 5158 ἄνθρωπος

1802 5107 1808 5149 :
1905 5096 2147 5165 periculo
2204 5096 2549 5153 versabitur?
2596 5097 2752 5154 Iuste
2801 5100 2966 5157 enim.
3000 5115 3099 5169 pro
3140 5100 3358 5169 injuste,
3387 5103 3485 5155 ha-

219 5161 556 5266 pfvnoiaasig.
590 5169 778 5232 Ὅπως
806 5170 862 5223 δὲ
888 5171 949 5223 τὸ
979 5174 1131 5245 παρὰ
1172 5175 1481 5245 ἀνθρώποις
1528 5179 1805 5248 ἀδύνατον,

1795 5221 1805 5248 .
1908 5161 2005 5243 ὐει
2038 5187 2299 5243 Hebraiea
2329 5189 2526 5255 lectio;
2556 5191 2683 5261 quia
2718 5190 2927 5260 justum
2963 5161 3122 5262 5'37
3150 5161 3222 5246 sit
3252 5192 3303 5247 id
3341 5161 3478 5248 ne...

213 5255 303 5349 τῷ
328 5255 447 5349 Θειῖ)
476 5258 702 5314 δυνατὸν
722 5263 994 5334 ἐπιφέρει.
1036 5268 1098 5319 Εἰ
1142 5268 1198 5321 δὲ
1225 5267 1445 5335 ἀδίκως
1498 5270 1633 5341 ἔχει,
1665 5274 1806 5327 κατὰ

1797 5292 1806 5327 ι
1917 5276 2019 5331 Sed
2048 5279 2173 5348 quis
2212 5286 2404 5349 potens
2435 5255 2860 5336 adeo-futuius?
2889 5255 3062 5336 home
3080 5255 3232 5337 certe
3275 5285 3480 5338 nullus.

209 5346 350 5408 τοὺς
408 5347 814 5421 Ἕϐδομήκοντα
842 5396 857 5420 ,
900 5358 961 5410 τὸ
1007 5359 1191 5427 ῥητὸν,
1232 5360 1363 5430 περὶ
1409 5360 1501 5415 τοῦ
1559 5363 1805 5419 διαϐόλου

1798 5384 1805 5415 ι
1912 5369 2001 5433 At,
2031 5346 2125 5440 qui
2160 5346 2303 5441 quod
2340 5370 2655 5429 hominibus
2687 5372 2859 5437 nefas,
2899 5372 3008 5428 Deo
3040 5373 3141 5443 ipsi
3174 5384 3481 5444 promptum

210 5439 381 5507 φησὶ,
415 5440 595 5511 δηλῶν
629 5445 705 5508 ὡς
734 5445 935 5509 ἀδίκως
973 5451 1316 5522 ἐπιπηδήσας
1360 5457 1475 5518 τοῖς
1520 5456 1804 5526 ἠδικηκόσι

1795 5476 1804 5510 ι
1914 5459 2005 5521 sit,
2041 5439 2304 5531 suggerit.
2334 5462 2429 5518 Sin
2460 5473 2665 5531 autem,
2727 5472 2786 5521 ut
2838 5439 3074 5521 babenti
3099 5439 3478 5538 Septuaginta,

374 5549 565 5633 l__Cor.
599 5558 772 5633 tul}.
849 5556 1095 5613 “.Galat.
1134 5576 1206 5626 tv,
1246 5561 1332 5618 i9.
1412 5564 1455 5596 ⁶⁵
1484 5564 1501 5620 l
1535 5565 1730 5621 Thess.
1754 5581 1813 5633 ιι,
1852 5569 1903 5621 7.

296 5571 342 5582 --
374 5571 393 5603 ι
440 5571 565 5605 uir.
599 5571 685 5616 ιιι,
714 5571 772 5611 z.
849 5571 1095 5613 "halat.
1134 5576 1206 5626 tv,
1246 5571 1332 5618 19.
1412 5571 1455 5596 δ’
1484 5571 1501 5620 l
1535 5571 1730 5621 Thess.
1754 5581 1813 5633 ιι,
1852 5571 1894 5621 7.

211 5619 266 5652 ⁵³
299 5619 469 5675 Math.
499 5637 572 5676 xu
606 5664 620 5689 ,
662 5624 752 5679 29.

1798 5608 1813 5633 ,
1852 5571 1903 5621 7.
2015 5571 2058 5603 ⁸⁸
2083 5571 2186 5627 lsa.
2224 5588 2285 5638 ιι,
2319 5575 2372 5630 5.
2449 5576 2493 5609 ⁸⁷
2526 5577 2627 5633 lsa.
2669 5594 2819 5647 xxvr,
2854 5579 2908 5634 7.
2984 5580 3028 5613 ⁸⁸
3059 5578 3249 5636 Matth.
3300 5597 3381 5645 ιιι,
3416 5582 3476 5638 5.

1505 5724 1739 5781 VAllhE
1781 5726 2183 5785 LECTIONES.

289 5796 319 5836 δ
342 5801 444 5868 (ξφ.
481 5802 580 5873 τὴν
612 5804 871 5861 ἀνωτάτω
900 5808 1113 5878 δηλοῦν.
1220 5812 1234 5852 ί
1272 5828 1363 5880 γρ.
1391 5812 1919 5887 ὲξυπηρετονμένσς.
2000 5829 2013 5868 t
2050 5835 2140 5888 γρ.
2173 5821 2453 5893 ἑκλείχει·.·.
