4262 6434
275 457 417 521 Ξίδθ

1415 455 1823 514 ΕΟΜΜΕΧἸἚ
1841 460 1947 517 ξιιι
1992 460 2067 517 [Ν
2118 460 2401 519 SAL-Ui.

3388 466 3529 530 9.1.90

347 574 573 637 Τούτοις
603 573 659 627 δὲ
693 576 801 636 τοῖς
836 572 942 641 τῆς
984 574 1283 639 θαλάττης
1318 574 1519 641 ἰχθύσι
1556 576 1645 626 καὶ
1688 578 1851 644 59::—
1884 582 1927 638 Α
2000 574 2167 629 'lstos
2198 590 2360 645 porro
2382 577 2548 644 pisces
2585 580 2816 631 marinos
2847 587 2900 633 et
2936 594 3040 650 ser;

2000 574 2167 629 'lstos
2198 590 2360 645 porro
2382 577 2548 644 pisces
2585 580 2816 631 marinos
2847 587 2900 633 et
2936 590 3212 650 serpentes
3248 597 3351 634 non
3389 582 3528 644 lucc,

271 669 393 729 τοῖς
420 670 447 721 ὁ
469 667 627 735 λόγος
678 665 893 719 ἀπειλεῖ
918 668 1201 729 σκότους,
1241 666 1301 718 οὐ
1333 666 1506 734 φωτὸς
1544 670 1721 737 πλήρη
1760 668 1855 737 Οή-

277 775 391 811 σειν
417 760 508 811 τὸν
537 758 765 830 οὐρανόν
786 775 800 788 ’
835 760 1010 821 εἴποις
1040 759 1083 809 δ’
1115 758 1178 811 ἂν
1208 758 1367 810 πάλιν
1389 758 1712 811 θάλασσαι·
1738 760 1854 827 μὲν,

273 847 376 917 τὴν
406 848 514 901 τῶν
563 848 832 903 Ἰουδαίων
854 848 1253 919 πολυπληθείαν
1276 864 1289 879 ·
1322 852 1597 917 ποταμοὺς
1625 850 1702 911 δὲ,
1734 852 1858 913 τους

277 940 545 1012 πρότερον
599 943 785 1003 αὐτοῖς
829 940 1022 1011 λόγους
1052 940 1525 1011 χορηγουμένουςο
1558 941 1744 1009 ἰχθύας
1779 942 1855 1002 δὲ,

278 1032 408 1094 τοὺς
447 1032 926 1103 μαθητευομένους
950 1034 1070 1095 ταῖς
1107 1031 1426 1093 Ἰουδαῖκαῖς
1451 1030 1815 1101 παραδόσεων
1841 1049 1855 1063 ο

276 1112 355 1171 ὦν
388 1121 453 1189 δὴ
512 1122 765 1189 προλέγει
813 1122 1030 1173 πάντων
1095 1120 1420 1189 ἀφανισμὸν,
1468 1121 1561 1171 καὶ
1616 1121 1676 1172 τὸ
1726 1122 1859 1173 πᾶσι

278 1214 509 1277 σκότος
568 1212 929 1275 ἐπιπολάσαν,
987 1213 1086 1265 ούκ
1144 1211 1404 1278 οὐρανοῦ
1449 1212 1858 1275 σκοτωθέντος,

280 1302 398 1355 ἀλλ’
429 1304 611 1364 αὐτοῖς
644 1304 871 1364 ἐκείνοις
926 1302 1262 1355 ἐπιπολάσαν
1300 1312 1319 1337 ν
1344 1302 1528 1371 ὥσπερ
1562 1303 1860 1364 σκοτώδους

281 1391 663 1460 καλύμματος.
703 1392 793 1443 Διὸ
842 1392 901 1444 ού
937 1392 1183 1462 ποιήσειν
1224 1391 1347 1460 ἔφη,
1380 1390 1493 1443 ἀλλ’
1532 1391 1780 1445 ἔνδυσιν
1818 1402 1861 1454 ι’,

282 1483 690 1552 ὑποδραμόντος
715 1483 914 1553 δηλαδὴ
933 1483 1037 1536 τοῦ
1055 1485 1313 1547 σκότους
1334 1483 1473 1535 κατὰ
1494 1483 1601 1534 τῶν
1629 1483 1864 1545 ἀναξὲων

281 1573 482 1640 φωτός.
531 1573 588 1623 '0
615 1572 668 1625 δὲ
694 1572 943 1638 σάκκος,
978 1573 1206 1633 πένθους
1238 1572 1529 1640 σύμϐολον,
1567 1574 1656 1626 διὰ
1679 1574 1739 1625 τὸ
1774 1575 1864 1625 καὶ

281 1664 383 1725 τὰς
408 1663 695 1732 οὐρανίους
725 1664 982 1731 δυνάμεις
1010 1664 1220 1715 πενθεῖν
1240 1663 1417 1716 αύτῶν
1447 1664 1544 1733 τὴν
1570 1662 1859 1715 ἀπώλειαν.

284 1755 598 1824 Δυνάμενος
644 1756 757 1819 οῦν,
807 1756 959 1823 φησὶ,
998 1756 1070 1824 μὴ
1110 1756 1321 1816 παθεῖν,
1370 1757 1430 1808 το
1462 1757 1619 1823 σῶμά
1660 1772 1762 1824 μου
1790 1757 1865 1823 τῷ

285 1845 450 1899 πάθει
488 1847 798 1916 παρέδωκα.
834 1846 1000 1898 Τοῦτο
1036 1846 1141 1913 γὰρ
1173 1847 1343 1898 ἐξέχει
1393 1864 1492 1916 μου
1520 1846 1596 1914 τῷ
1642 1846 1861 1915 Πατέρι.

1959 666 2051 719 sed
2084 666 2323 721 tenebris
2364 667 2560 721 coelum
2616 668 2908 725 relerturos
2942 686 3064 725 esse
3104 673 3277 724 oratio
3314 672 3533 724 minita-

1960 770 2065 813 tur.
2096 759 2371 829 [intelligas
2400 774 2528 813 vero
2554 768 2605 812 et
2638 762 2801 812 utaris
2828 762 3045 828 quidem
3075 762 3316 824 nomine,
3342 762 3530 828 ingen-

1958 858 2065 902 tem
2119 847 2428 903 Judmorum
2467 847 2908 913 multitudinem,
2960 865 3055 919 per
3086 850 3281 906 ﬂuvios
3330 861 3533 910 autem,

1959 956 2051 994 eos
2094 942 2263 1009 ipsos,
2306 942 2396 1009 qui
2442 940 2593 1008 ptius
2644 941 2749 995 illis
2787 941 3029 995 rationes
3079 942 3533 1010 suppeditarunt;

1962 1046 2055 1099 per
2083 1032 2263 1099 pisces
2298 1032 2553 1099 denique,
2582 1046 2675 1084 eos
2704 1031 2796 1099 qui
2842 1028 3161 1085 Iudaeorum
3210 1033 3535 1085 traditiones

1962 1120 2280 1173 docentibus
2306 1121 2429 1172 aliis
2465 1120 2809 1173 didicerunt:
2836 1134 2973 1189 quos
3001 1135 3191 1175 omnes
3217 1120 3537 1174 interituros

1964 1211 2229 1279 przedieit,
2256 1210 2498 1277 foroque,
2535 1219 2592 1261 ut
2641 1209 2863 1262 tenebra:
2896 1211 2948 1263 in
2981 1226 3170 1266 omnes
3199 1226 3304 1264 non
3337 1211 3538 1264 obseu-

1965 1311 2083 1354 rato
2118 1303 2337 1369 quidem
2396 1302 2546 1361 ca'lo,
2584 1302 2678 1355 sed
2715 1302 2877 1355 veluti
2929 1303 3220 1356 tenebroso
3270 1302 3541 1357 velamine

1964 1395 2147 1463 aliquo
2196 1393 2413 1460 olijeclo
2444 1392 2842 1447 diﬂnndantur.
2876 1392 3051 1461 Atque
3093 1394 3216 1447 inde
3250 1402 3356 1457 est,
3393 1394 3536 1462 quod

1966 1501 2071 1539 non
2107 1485 2379 1537 facturum
2408 1500 2488 1548 se,
2518 1484 2609 1537 sed
2644 1483 2955 1535 iuduturum
2986 1482 3143 1544 dixit,
3174 1492 3229 1537 ut
3260 1498 3354 1538 eos
3384 1484 3536 1535 vide-

1967 1577 2110 1637 licet,
2142 1576 2235 1644 qui
2268 1576 2387 1628 luce
2429 1575 2632 1641 indigni
2678 1582 2826 1636 smtl,
2868 1573 3087 1627 tenebrae
3133 1574 3412 1630 invadant.
3444 1571 3537 1627 Est

1966 1682 2095 1720 vero
2122 1682 2304 1719 saccus
2355 1666 2532 1717 luctus
2570 1664 2828 1716 indicium
2882 1674 2934 1718 et
2977 1667 3211 1733 signum,
3248 1673 3303 1717 ut
3348 1679 3535 1717 eorum

1970 1757 2245 1807 interitum
2290 1755 2436 1821 ipsas
2478 1754 2639 1806 etiam
2673 1753 2934 1806 cwlorum
2968 1758 3193 1807 virtutes
3239 1755 3418 1823 lugere
3461 1754 3537 1805 sl-

1970 1842 2279 1909 gnilicetur.
2312 1841 2446 1893 Cum
2503 1856 2715 1906 possem
2772 1841 2936 1909 igitur
2969 1856 3074 1894 non
3124 1842 3285 1901 mori,
3338 1842 3533 1907 inquit,

287 1940 379 1991 Διὸ
427 1941 519 1992 καὶ
570 1936 1046 2009 κατηγορούμενος
1105 1941 1374 2002 ἐσιώπων,
1429 1940 1665 2007 ὑπήκοος
1720 1938 1865 2008 αύτῴ
1900 1934 1936 1987 Β
1969 1947 2171 2000 cerptts
2226 1930 2339 1998 ipse
2378 1946 2555 1982 meum
2594 1931 2755 1983 morti
2807 1930 3026 1983 tradidi.

1969 1947 2171 2000 corpus
2226 1930 2339 1998 ipse
2378 1946 2555 1982 meum
2594 1931 2755 1983 morti
2807 1930 3026 1983 tradidi.
3088 1929 3161 1984 Ita
3194 1931 3338 1984 cnim
3392 1928 3537 1981 Patri

291 2031 453 2098 μέχρι
478 2029 707 2081 θανάτου
768 2029 1067 2097 γινόμενος,
1120 2030 1271 2091 εἰδὼς
1303 2032 1376 2091 ὡς
1416 2029 1566 2081 ἕτται
1606 2029 1691 2096 μοί
1736 2046 1861 2079 ποτε

289 2122 482 2190 καιρὸς
510 2120 631 2172 καθ’
664 2121 721 2173 ὃν
770 2122 869 2172 ουκ
920 2121 999 2171 ἐτι
1033 2122 1327 2189 σιγήσομαι
1369 2118 1657 2188 γλῶσσαν
1684 2118 1865 2171 λαὸὼν

288 2211 443 2280 παρὰ
475 2211 569 2263 τοῦ
602 2213 843 2282 ΙΙατέρος
903 2215 958 2263 ὲν
1010 2210 1187 2280 καιρῷ
1208 2210 1408 2279 λέγειν
1456 2213 1823 2281 ἐπισταμένην
1849 2227 1860 2239 ·

286 2305 378 2357 ὅτε
410 2321 513 2372 μου
546 2303 823 2372 πανταχοῦ
844 2305 941 2373 τῆς
970 2303 1296 2373 Ἐκκλησίας
1329 2303 1745 2373 καθιδρυμένης,
1780 2302 1865 2355 διὰ

285 2394 398 2444 τῶν
450 2392 599 2461 ὲμῶν
662 2392 926 2462 βοήσομαι
980 2392 1236 2462 μαθητῶν
1297 2395 1461 2445 πᾶσιν
1517 2393 1721 2445 ἔθνεσιν
1775 2392 1865 2442 τὸν

287 2483 533 2552 ἐμαυτοῦ
576 2482 860 2553 γνωρίζων
897 2484 1136 2554 Πατέρα,
1167 2483 1328 2536 αὑτοῦ
1378 2501 1465 2551 μοι
1510 2483 1863 2553 χαριζομένου

286 2574 385 2627 καὶ
415 2570 536 2628 ὦτα
557 2574 916 2641 ἁκουστιιιίι,
954 2574 1053 2643 τῆς
1080 2575 1218 2644 ὲμῆς
1250 2576 1493 2628 συνιέντα
1523 2575 1865 2636 διδασκαλίας

286 2666 380 2718 τὶν
412 2667 556 2730 νοῦν,
592 2667 731 2720 κατὰ
792 2667 870 2731 τὸ,
914 2685 931 2716 ι
963 2668 1070 2718 Καὶ
1120 2666 1330 2719 ἔσονται
1376 2667 1576 2728 πάντες
1628 2666 1865 2719 διδακτοὶ

287 2755 452 2823 Θεοῦ,
492 2775 510 2807 ›
547 2757 693 2825 ἅπερ
750 2757 878 2822 ταῖς
903 2756 1170 2822 ἑωθινοῖς
1194 2757 1370 2825 ὥραις
1402 2757 1862 2826 προσεδρεύοντα,

286 2848 661 2913 παιδεύσεως
684 2851 779 2918 τῆς
796 2848 930 2917 ἐμῆς
960 2848 1349 2917 μεταλήψεται.
1380 2848 1436 2900 '0
1462 2848 1519 2901 δὲ
1549 2850 1863 2919 Σύμμαχος,

291 2939 516 3004 Ἕθηκέ
551 2956 646 3007 μοι
682 2938 832 3005 πρωῒ
852 2941 1010 3008 γύρῳ
1039 2939 1203 3007 φησίν
1234 2940 1274 2991 ⁸.
1308 2939 1365 2992 Ὀ
1396 2940 1450 2992 δὲ
1489 2939 1741 3002 Ἀκύλας,
1772 2942 1867 2992 ‘Er

286 3030 444 3097 πρωῒ
464 3028 726 3099 ἐξεγερεῖ
739 3046 840 3098 μοι
892 3030 1068 3082 ὠτίον
1114 3028 1221 3082 τοῦ
1272 3031 1532 3084 ἀκούειν.
1571 3025 1731 3085 Οῦτοι
1760 3032 1866 3101 γάρ

292 3138 385 3191 μοι
438 3121 555 3175 ἀνθ’
604 3120 759 3191 ύμῶν
817 3121 926 3173 τῶν
986 3120 1059 3191 μὴ
1127 3123 1473 3175 ἀκουσάντων
1523 3124 1863 3193 γενήσονται,

290 3212 768 3283 προσεδρευόντων
807 3212 895 3265 ἀεὶ
918 3216 1033 3275 ταῖς
1076 3212 1167 3266 τοῦ
1195 3213 1359 3283 νόμου
1394 3216 1591 3275 σκιαῖς.
1640 3215 1867 3267 Ἐκεῖνοι

290 3303 350 3355 δὲ
375 3304 502 3365 τοὺς
527 3303 732 3366 τύπους
786 3305 865 3366 εἰς
921 3302 1181 3372 ἀλήθειαν
1226 3306 1597 3373 πνευματικῆς
1638 3306 1867 3373 θεωρίας

291 3394 625 3458 ικδέξονται,
695 3394 847 3464 ύμῶν
919 3395 1385 3464 παρακουσάντων
1435 3413 1535 3464 μου
1590 3397 1864 3463 λέγοντος·

298 3504 318 3537 ι
344 3485 634 3556 Ἐρευνᾶτε
669 3485 768 3549 τὰς
787 3485 1031 3555 Γραφὰς,
1059 3486 1139 3537 ὅτι
1170 3486 1225 3537 ὲν
1249 3486 1438 3548 αὑταῖς
1471 3485 1676 3538 δοκεῖτε
1730 3485 1872 3555 ζωὴν

294 3575 515 3629 αἰώνιον
547 3576 715 3645 ἔχειν.
755 3577 848 3629 καὶ
882 3576 1039 3629 αὐταί
1088 3577 1223 3629 εἰσιν
1256 3577 1312 3629 αἱ
1351 3576 1723 3646 μαρτυροῦσαι
1747 3577 1872 3646 περὶ

292 3667 455 3736 ἐμοῦ,
477 3668 574 3721 καὶ
599 3668 661 3720 ού
692 3668 872 3721 Θέλετε
904 3669 1074 3721 ἐλθεῖν
1096 3669 1230 3738 πρός
1261 3686 1349 3737 με,
1381 3669 1465 3722 ἴνα
1484 3670 1624 3740 ζωὴν
1654 3671 1866 3740 ἔχητε.»

290 3756 503 3824 Γράφει
548 3756 605 3808 δὲ
648 3757 742 3808 καὶ
806 3755 835 3806 ὁ
900 3755 1039 3819 θεῖος
1102 3757 1441 3821 ’Λπόστολο;,
1486 3777 1504 3809 ι
1549 3759 1671 3811 Ὂτι
1710 3758 1873 3828 ἡνίκα

291 3846 738 3918 ἀναγινώσκηται
787 3849 1009 3918 Μωσῆς,
1057 3848 1320 3919 κάλυμμα
1375 3850 1467 3902 ἐπὶ
1513 3850 1610 3920 τὴν
1645 3851 1871 3921 καρδίαν

293 3939 475 3992 αὐτῶν
504 3943 703 3994 κεῖται.
738 3957 755 3990 ι

367 4196 526 4259 Τινὲς
578 4196 636 4251 δὲ
681 4196 757 4260 ὡς
783 4197 891 4249 ἀπὸ
938 4196 1045 4249 τῶν
1111 4196 1368 4269 μαθητῶν
1421 4198 1672 4269 εἰρῆσθαι
1717 4199 1873 4252 τοῦτό

294 4303 454 4355 φασι,
472 4287 778 4340 λαλούντων
803 4289 1016 4357 ἑκάστῳ
1031 4288 1098 4340 τὰ
1120 4289 1403 4359 πρόσφορα
1430 4292 1522 4342 καὶ
1545 4291 1871 4361 κατάλληλα*

291 4377 346 4431 οἳ
377 4378 467 4431 καλ
492 4377 808 4443 τεθεῖσθαι,
841 4380 1025 4447 φασὶν,
1076 4378 1314 4445 ἑαυτοῖς
1339 4389 1365 4417 υ
1397 4382 1496 4435 καὶ
1534 4384 1700 4449 πρωῒ,
1731 4383 1873 4436 τοῦτ’

293 4468 447 4522 εστιν
476 4471 554 4533 εἰς
578 4470 703 4523 νοῦν
732 4471 827 4523 καὶ
880 4471 1107 4541 καρδίαν
1152 4473 1368 4543 ἡμέρας
1417 4474 1750 4545 διαύγασμα,
1780 4476 1876 4529 καὶ

292 4561 490 4630 νοητοῦ
522 4562 700 4630 φωτὸς
732 4561 1017 4631 ἑλλαμψιν.
1056 4564 1165 4616 Καὶ
1192 4564 1402 4628 Παῦλος
1427 4566 1535 4639 γὰρ
1564 4568 1876 4636 εὐχαριστεῖ

290 4650 372 4721 τῷ
384 4650 504 4721 Θεῷ
517 4651 711 4720 λέγων,
729 4652 810 4704 ὃτι
829 4672 845 4703 ι
860 4651 1161 4724 Ἐῥρύσατο
1175 4656 1206 4724 ἡ
1218 4655 1321 4723 μᾶς
1338 4656 1401 4707 ὲκ
1415 4655 1513 4722 τῆς
1526 4654 1770 4720 ἐξουσίας
1783 4656 1873 4709 τοῦ

290 4744 545 4805 σκότους,
578 4742 671 4795 καὶ
705 4742 1037 4812 μετέστησεν
1068 4744 1256 4813 εἰςτὴν
1289 4743 1566 4812 βασιλείαν
1607 4746 1701 4798 τοῦ
1736 4746 1865 4799 Υῐοῦ

287 4831 391 4899 τῆς
422 4830 641 4901 ἀγάπης
663 4831 827 4884 αὑτοῦ
850 4835 907 4885 ἐν
925 4831 1001 4901 τῷ
1026 4833 1184 4902 φωτί.
1218 4853 1236 4884 ι
1259 4835 1414 4897 Τινὲς
1436 4838 1527 4887 καὶ
1548 4837 1622 4898 ὡς
1655 4838 1762 4890 ἀπὸ
1779 4836 1872 4891 τοῦ

290 4922 579 4992 προφήτου
603 4922 824 4975 δυνατὸν
848 4923 909 4975 τὸ
931 4924 1102 4995 παρὸν
1154 4923 1364 4994 ἔφασαν
1398 4926 1645 4997 λελέχθαι
1688 4930 1868 4999 ῥητόν.

295 5012 812 5083 Εύαγγελισαμένου
852 5014 961 5085 γὰρ
986 5015 1152 5068 αὑτοῦ
1175 5017 1272 5086 τὴν
1312 5017 1491 5071 αὐτῶν
1531 5036 1611 5083 τε,
1645 5021 1737 5071 καὶ
1770 5021 1878 5073 τῶν

290 5100 468 5154 ἐθνῶν
500 5103 793 5173 σωτηρίαν,
843 5104 935 5157 καὶ
986 5104 1080 5157 τοῦ
1126 5103 1377 5174 Σωτῆρος
1407 5104 1505 5175 τὴν
1544 5105 1745 5173 ἄφιξιν,
1779 5109 1873 5160 καὶ

294 5192 390 5245 τοῦ
428 5193 634 5263 κόσμου
666 5195 763 5263 τὴν
792 5196 1123 5258 συντέλειαν,
1171 5196 1334 5249 πόθεν
1381 5197 1556 5265 τούτῳ
1582 5198 1756 5249 ταῦτα
1782 5197 1870 5249 λέ·-

290 5300 414 5351 γειν
442 5293 469 5321 τ
496 5285 735 5355 ἠπόρουν
766 5286 885 5338 καθ’
908 5286 1153 5349 ἑαυτούς.
1189 5287 1248 5339 '0
1268 5287 1322 5340 δέ
1355 5303 1539 5357 φησιν’
1558 5285 1674 5341 Οὐκ
1692 5286 1822 5355 ἐμὸς
1845 5288 1873 5339 ὁ

292 5375 476 5443 λόγος,
501 5379 528 5428 ὁ
561 5377 813 5448 χορηγῶν
868 5380 924 5432 δὲ
954 5380 1208 5450 Χριστὸς,
1242 5380 1300 5443 ὃς
1331 5382 1442 5443 τοῖς
1472 5380 1664 5433 ἑαυτοῦ
1698 5381 1877 5433 δίδωσι

294 5467 493 5537 καιρόν
515 5485 573 5521 τε
595 5471 783 5538 λόγου
800 5470 893 5523 καὶ
914 5470 1129 5525 σύνεσιν
1148 5470 1285 5542 πρὸς
1305 5472 1365 5525 τὸ
1385 5475 1543 5525 νοεῖν.
1569 5474 1682 5527 Ούκ
1705 5474 1883 5528 ἀθετῶ

368 5624 416 5657 ⁸⁵
446 5625 548 5680 lsa.
584 5642 691 5687 Liv,
735 5628 820 5683 13.
865 5628 1023 5685 Joan.
1062 5646 1134 5693 vt,
1166 5630 1254 5685 43.

1967 2038 2088 2075 meo
2129 2023 2300 2075 visum
2330 2029 2434 2075 est.
2480 2022 2664 2089 Itaque
2690 2023 2847 2074 etiam
2883 2038 3005 2075 cum
3044 2036 3356 2081 accusarer,
3396 2030 3532 2073 tacc‘

1967 2115 2109 2177 bam,
2144 2115 2315 2167 eidem
2345 2115 2409 2166 ad
2443 2126 2665 2166 Iltttl'lclll
2703 2130 2874 2182 usque
2908 2129 3111 2167 morem
3166 2128 3356 2184 gerens
3388 2129 3402 2175 ;
3442 2128 3539 2163 ncc

1966 2206 2224 2259 dubitans
2257 2203 2372 2256 fore
2406 2202 2536 2255 mihi
2574 2212 2789 2270 tempus
2817 2203 3133 2271 aliquando,
3168 2218 3274 2271 quo
3304 2203 3481 2269 lingua
3512 2214 3539 2251 τι

1969 2294 2127 2346 l‘atre
2164 2300 2410 2360 accepta,
2446 2307 2564 2359 qua:
2595 2290 2838 2360 loquendi
2878 2293 3351 2362 tempestivitatem
3395 2290 3540 2343 calt--

1966 2395 2065 2448 ret,
2098 2384 2228 2437 mihi
2271 2384 2505 2452 amplius
2536 2383 2824 2437 tacendum
2884 2401 2988 2437 non
3014 2395 3159 2438 esset
3200 2384 3415 2452 quando
3459 2381 3542 2434 ni-

1968 2481 2165 2534 mirum
2198 2478 2447 2533 stabilita
2470 2477 2671 2545 ubique
2694 2475 2961 2541 Ecclesia,
2994 2492 3087 2544 per
3111 2491 3260 2529 meos
3288 2475 3404 2543 ipse
3430 2474 3542 2527 dis—

1966 2571 2180 2638 cipulos
2215 2570 2471 2639 gentibus
2502 2568 2755 2620 munibus
2787 2567 2998 2620 Patrem
3028 2582 3207 2620 meum
3242 2566 3543 2635 praedicans

1965 2660 2231 2723 clamabo,
2262 2659 2503 2726 mihique
2539 2658 2666 2710 item
2700 2655 2883 2709 audire
2918 2656 3144 2710 colentes
3176 2672 3354 2718 aures,
3382 2655 3432 2708 id
3459 2662 3544 2709 est

1966 2752 2266 2822 disciplina:
2298 2766 2429 2803 mea:
2461 2764 2691 2817 capaces
2735 2750 2969 2812 animas,
3011 2748 3164 2817 juxta
3216 2748 3381 2801 illud:
3418 2766 3436 2797 1
3474 2743 3543 2799 ΕΙ.

1967 2852 2125 2898 erunt
2147 2856 2335 2896 omnes
2352 2840 2612 2894 doeibiles
2643 2838 2747 2893 Deo
2764 2839 2830 2903 ⁸³,
2866 2858 2884 2890 ι
2918 2839 3343 2907 largieturzqua:
3375 2848 3544 2890 matu-

1969 2939 2095 2990 tinis
2122 2936 2266 2989 [toris
2299 2942 2515 2987 attenta:
2559 2933 2895 3001 disciplinam
2940 2948 3111 2988 meam
3158 2944 3540 3004 assequentur.

1967 3027 2166 3083 Verum
2206 3026 2349 3094 quod
2381 3026 2597 3081 Addidit
2641 3024 2770 3077 mihi
2821 3040 2972 3077 mane
3020 3026 3318 3085 scientiam.
3370 3024 3535 3079 habet

1971 3116 2357 3188 Symmachus,
2386 3114 2546 3169 Mane
2570 3114 2814 3168 excitavit
2847 3114 2974 3167 mihi
3003 3132 3182 3168 aurem
3209 3114 3277 3167 ad
3318 3115 3542 3170 audien-

1971 3209 2118 3273 dum,
2167 3206 2304 3260 dixit
2336 3206 2577 3275 Aquilas.
2615 3204 2677 3258 lli
2714 3205 2983 3273 siquidem
3018 3206 3146 3259 mihi
3169 3208 3221 3261 in
3255 3208 3430 3262 locmn
3458 3223 3548 3263 ve-

1974 3309 2150 3353 strum
2185 3297 2396 3351 venturi
2434 3305 2581 3359 sunt,
2608 3296 2801 3363 quime
2834 3310 2941 3348 non
2978 3295 3249 3361 audistis;
3283 3297 3377 3351 sed
3413 3296 3546 3365 legis

1978 3387 2183 3439 umbra:
2215 3400 2430 3453 semper
2463 3384 2794 3437 adhaesistis.
2834 3383 2899 3436 At
2930 3384 3004 3437 illi
3043 3384 3240 3454 ﬁguras
3284 3386 3337 3439 in
3385 3386 3548 3454 Spiri-

1974 3478 2136 3533 tualis
2162 3476 2641 3545 contemplationis
2665 3477 2952 3529 veritatem
2973 3477 3267 3546 excipient,
3292 3492 3548 3533 aversan-

1974 3567 2121 3620 tibus
2156 3565 2309 3619 vobis
2347 3564 2438 3633 qui
2472 3580 2556 3617 me
2589 3563 2847 3619 noluistis
2882 3564 3071 3618 audire
3131 3565 3201 3617 ita
3245 3580 3549 3635 provocan-

1974 3666 2081 3711 tem
2112 3674 2126 3710 :
2158 3675 2175 3707 ι
2212 3656 2553 3709 Serutamini
2588 3654 2923 3724 Scripturas,
2977 3655 3239 3725 quoniam
3307 3656 3362 3710 in
3415 3656 3548 3725 ipsis

1975 3747 2177 3816 putatis
2210 3748 2373 3800 vitam
2404 3755 2723 3816 perpetuam
2752 3748 2974 3813 habere,
3006 3754 3060 3802 et
3092 3746 3223 3817 ipsa:
3250 3755 3396 3809 sunt,
3426 3763 3547 3815 quae

1974 3838 2347 3894 testimonium
2384 3838 2675 3905 perhibent
2711 3836 2780 3890 de
2812 3850 2920 3900 me,
2960 3851 3135 3906 neque
3164 3836 3329 3890 vultis
3363 3837 3549 3890 venire

1974 3929 2040 3983 ad
2081 3944 2185 3992 me,
2220 3936 2279 3980 ut
2306 3928 2467 3981 \itam
2489 3927 2741 3981 habeatis
2770 3927 2871 3981 ⁸⁸.»
2902 3924 3105 3982 Scribit
3128 3941 3258 3982 vero
3283 3934 3337 3981 et
3360 3927 3549 3981 beatus

1975 4019 2137 4090 574,
2162 4018 2397 4073 Paulus:
2436 4037 2455 4069 ι
2488 4018 2625 4073 Cum
2652 4018 2852 4087 legitur
2876 4018 3053 4075 Moses
3076 4060 3090 4085 ,
3113 4019 3356 4074 velamen
3386 4032 3550 4088 super

1974 4125 2067 4163 cor
2097 4124 2285 4162 eorum
2309 4108 2544 4177 positum
2588 4116 2670 4161 est
2695 4106 2761 4161 ⁸⁸.
2811 4125 2828 4157 ι

2045 4198 2162 4253 Non
2186 4200 2383 4254 desunt
2415 4206 2619 4261 autem,
2648 4198 2739 4267 qui
2785 4213 2851 4252 ex
2880 4197 3276 4268 discipulorum
3320 4212 3549 4268 persona

1977 4289 2120 4343 istud
2144 4290 2447 4357 accipiant;
2484 4297 2741 4356 tanquam
2788 4288 3083 4357 unicuique
3127 4288 3281 4341 utilia
3330 4295 3382 4339 et
3413 4302 3545 4339 cou-

1976 4396 2111 4450 grua
2147 4381 2299 4448 loqui
2332 4395 2391 4433 se
2426 4380 2650 4443 dicant;
2688 4394 2941 4447 muneque
2991 4394 3045 4432 se
3074 4394 3186 4431 esse
3221 4376 3457 4439 additos,
3492 4374 3543 4427 id

1977 4479 2082 4535 est,
2114 4471 2385 4525 mentibus
2440 4477 2493 4523 et
2535 4468 2794 4525 cordibus
2828 4470 2960 4537 ipsis
2995 4468 3243 4523 divinum
3294 4465 3553 4534 splendo-

1982 4577 2095 4615 rem
2125 4570 2177 4614 οι
2208 4560 2348 4614 lueis
2376 4560 2738 4630 intelligibilis
2782 4560 3222 4615 coruscationem
3254 4558 3549 4626 accepisse.

1981 4650 2207 4705 Paulum
2246 4651 2391 4705 enim
2432 4651 2595 4706 etiam
2635 4650 2746 4705 Deo
2785 4652 2990 4722 gratias
3023 4665 3181 4721 agerc
3230 4650 3459 4720 legimus
3486 4648 3551 4711 ⁸⁷,

1979 4743 2125 4814 quod
2156 4759 2215 4798 se
2269 4744 2336 4797 de
2367 4744 2718 4797 tenebrarum
2780 4750 3045 4813 potestate
3091 4752 3337 4811 ereptum
3380 4741 3432 4792 in
3468 4754 3553 4791 re-

1938 4870 1939 4873 η
1977 4852 2140 4907 gnum
2186 4835 2367 4890 dilecti
2396 4835 2514 4888 Filii
2549 4836 2634 4889 sui
2669 4834 2734 4888 ad
2775 4838 2950 4889 lucem
2991 4834 3354 4888 transtulerit.
3409 4830 3555 4884 Non-

1977 4928 2115 4982 nulli
2142 4942 2362 4981 rursum
2397 4934 2656 4994 tanquam
2687 4939 2715 4978 a
2748 4927 3013 4996 propheta
3050 4926 3212 4979 verba
3258 4925 3359 4979 ista
3406 4924 3543 4977 sun-.i

1987 5035 2149 5091 posse
2182 5020 2458 5073 dixerunt.
2500 5020 2637 5073 Cum
2668 5019 2812 5073 enim
2873 5034 3028 5074 suam
3079 5018 3185 5071 illis
3228 5025 3282 5072 et
3314 5014 3552 5085 gentiam

1992 5113 2241 5175 salutem,
2293 5108 2704 5179 Salvatorisque
2746 5109 3055 5173 adventum,
3097 5108 3282 5161 mundi
3322 5107 3553 5176 denique

1980 5202 2511 5257 consummationem
2566 5202 2864 5261 nuntiaret,
2902 5200 3171 5253 undenam
3206 5200 3309 5254 ista
3336 5198 3553 5252 all‘errct

1984 5293 2128 5362 apud
2161 5306 2219 5346 se
2252 5291 2597 5345 dubitabant.
2624 5292 2689 5342 At
2718 5290 2806 5343 ille
2826 5304 2845 5341 ι
2874 5288 2996 5343 Non
3028 5304 3203 5353 meus,
3233 5289 3431 5357 inquit,
3461 5290 3553 5340 sed

1986 5382 2192 5438 Christi
2228 5381 2650 5451 suppeditantis,
2684 5395 2865 5434 sermo
2896 5388 2998 5443 est,
3034 5380 3126 5449 qui
3163 5379 3277 5435 suis
3311 5379 3554 5447 loquendi

1992 5474 2350 5543 sapiendique
2402 5483 2613 5541 tempus
2673 5472 2912 5541 largitur.
2972 5470 3089 5527 Non
3126 5472 3356 5543 gratiam
3390 5471 3550 5538 igittt!

1329 5631 1372 5661 ⁸⁵
1407 5632 1563 5686 Joan.
1599 5650 1649 5689 v.
1685 5632 1877 5695 59,40.
1909 5634 1954 5665 “
1979 5632 2019 5686 Il
2044 5634 2168 5685 Cor.
2208 5649 2286 5693 tu,
2336 5631 2793 5689 1ἶ.⁶¹’(⁷ἰοῑοςς.ι,
2842 5631 2925 5691 ll,
2958 5629 3040 5682 ΙΞ.

1587 5746 1813 5800 νΑιιιιις
1858 5747 2253 5801 ΙᾸΞΕἩΟΝΗέ.

377 5838 398 5865 τ
431 5830 533 5903 ἀφ.
568 5829 624 5881 τὸ
655 5832 1009 5889 ἐπιπνλάσαν.
1091 5836 1110 5864 ⁸
1139 5852 1226 5903 γρ.
1268 5836 1529 5890 ἐνδύσειν.

1610 5837 1625 5875 ⁸
1655 5856 1743 5908 γρ.
1773 5839 1994 5906 γνῶσιν.

2076 5850 2098 5875 υ
2134 5840 2381 5903 ἑαυτούς.
2473 5847 2497 5875 ν
2534 5852 2615 5904 '(p.
2645 5838 2812 5908 λέγει.
