4262 6434
264 387 335 450 24
343 389 406 450 9'7

1407 392 1935 452 COMMENTARII
1990 391 2063 448 ΙΝ
2108 395 2302 450 15Λ1Ᾱ
2315 394 2388 452 Μ.

3378 393 3520 459 25-98

263 505 378 574 γὰρ
410 507 636 574 προεῖπε
665 505 774 571 πῦρ
800 505 994 568 καίειν,
1033 505 1090 558 ἐν
1132 499 1191 572 ᾤ’
1224 508 1314 558 καὶ
1355 505 1772 572 κατεκαύθησαν
1799 504 1846 555 οἳ
1881 511 1922 563 Α

1839 504 1846 554 Ξ
1881 511 1922 563 Α
1954 504 2078 571 qui;
2111 515 2160 558 et
2197 507 2339 557 velut
2369 519 2397 557 a
2429 504 2632 561 Judaeis
2689 506 2898 561 alienos
2928 506 3050 560 illos
3085 507 3372 578 appellare.
3398 510 3522 564 0m-

263 592 526 647 διὼκουσι
579 594 644 647 τὸ
695 592 948 660 δίκαιον,
1001 596 1099 667 οὐχ
1124 597 1196 658 ὼς
1234 597 1611 662 ἐλαύνοντες,
1637 594 1847 658 ἀλλ’ὡς

263 685 358 736 ἐπ’
388 685 522 738 αὐτὸ
548 685 850 757 τρέχοντες,
880 687 966 740 ἵνα
1023 686 1424 747 καταλάϐωσιν,
1461 687 1535 749 ὡς
1555 686 1614 738 τό
1636 701 1648 715 ·
1689 705 1707 738 ι
1744 687 1850 754 Ζή-

262 793 438 845 τησον
464 778 710 847 εἰρήνην,
751 779 843 832 καὶ
875 779 1066 844 δίωξον
1112 779 1302 848 αὐτὴν.
1346 797 1364 829 ι
1419 778 1712 844 Ὀλιγοστοδ.
1751 778 1849 845 μὲν

266 867 382 937 γὰρ
419 862 567 921 οὗτοι
588 885 601 898 °
637 870 1007 939 προϐήσονται
1036 870 1091 922 δὲ
1122 873 1203 934 εἰς
1237 871 1474 940 ἄμετρον
1510 868 1712 939 πλῆθος
1741 869 1848 921 τῶν

264 960 442 1013 έθνςῖλν
471 962 910 1031 προστιθεμένων
937 963 1050 1025 τοῖς
1082 965 1143 1016 ἐκ
1193 964 1498 1033 περιτομῆς
1529 963 1557 1014 ὃ
1582 963 1674 1014 καὶ
1707 978 1850 1029 παρ-

268 1054 456 1122 ίστησι
491 1052 838 1122 παράδειγμα
857 1053 965 1106 τὸν
993 1054 1251 1123 Ἀϐραὰμ
1278 1056 1373 1107 καὶ
1399 1053 1514 1120 τὴν
1535 1053 1768 1121 Σιὶρῤαι·
1800 1064 1846 1106 ο.

267 1144 429 1205 Τινὲς
452 1144 509 1196 δὲ
546 1143 678 1213 πρὸς
739 1143 867 1206 τοὺς
921 1145 1185 1207 ἀπίστους
1245 1145 1496 1214 εἰρῆσθαι
1532 1146 1622 1197 τὸν
1673 1144 1846 1210 λόγον.

264 1230 348 1292 ὡς
375 1231 734 1300 προείπομεν,
757 1231 1028 1298 λέγοντες,
1059 1233 1222 1300 φασὶν
1252 1232 1327 1296 ὡς
1352 1233 1472 1285 ἀντὶ
1505 1231 1618 1296 τοῦ,
1643 1231 1739 1284 καί
1765 1234 1851 1296 εἰς

264 1323 382 1375 τὸν
411 1324 704 1386 βόθυνον,
752 1325 780 1377 ὁ
834 1323 1150 1394 Σύμμαχος.
1209 1324 1440 1392 ειςτὴν
1494 1326 1848 1394 τρυμαλιάνο

265 1415 296 1465 ὁ
343 1413 402 1464 δὲ
439 1413 698 1474 Ἀκύλας,
731 1413 882 1481 πρὸς
911 1413 1207 1481 ἐκκοπὴν,
1233 1415 1592 1468 ὲκδεδώκασιν
1622 1433 1636 1447 ·
1687 1418 1854 1470 αίνιτ-

267 1503 502 1572 τομένου
530 1502 622 1554 τοῦ
647 1503 808 1568 λόγου
847 1503 946 1572 τὴν
976 1504 1134 1573 σῶμα
1171 1505 1266 1558 τοῦ
1317 1505 1522 1576 Κυρίου
1553 1505 1854 1576 δεξαμένην

270 1594 502 1662 πέτραν,
560 1592 639 1660 ῆν
681 1593 901 1660 ὄρυξεν
939 1594 1160 1664 Ἰωσήφ.
1205 1591 1337 1648 Εἶτα
1383 1597 1583 1668 μετέϐη
1649 1599 1740 1652 ἐπὶ
1794 1597 1855 1650 τὸ

270 1684 630 1754 παράδειγμα
654 1683 755 1737 τοῦ
788 1685 1066 1753 Ἀϐραὰμ,
1087 1688 1183 1739 καί
1213 1686 1324 1754 τῆς
1346 1686 1596 1755 Σάρρας,
1623 1688 1671 1740 οἳ
1698 1688 1854 1756 δίκην

267 1778 482 1848 πέτρας
512 1777 753 1845 ἄκαρποι
773 1777 866 1830 καὶ
882 1776 1067 1844 ἄγονοι
1091 1780 1402 1847 γεγονότες.
1443 1780 1656 1832 πολλῶν
1686 1779 1855 1834 ἐθνῶν

1952 607 2049 647 nes
2085 595 2226 647 enim
2256 605 2415 649 antea
2460 594 2636 664 ignem
2665 597 2962 651 accendere
2989 597 3164 662 dixit;
3198 600 3250 650 in
3285 614 3393 668 quo
3420 601 3519 668 ipsi

1950 684 2115 740 etiam
2161 686 2431 742 combusti
2471 695 2621 749 sunt,
2671 687 2762 755 qui
2821 688 2956 757 quod
3005 689 3208 758 justum
3258 698 3357 753 est,
3414 705 3520 744 non

1957 771 2258 840 abigendo,
2295 774 2388 827 sed
2453 773 2759 842 appetendo
2814 783 2870 826 ut
2917 774 3315 842 adipiscantur,
3351 791 3528 843 perse-

1949 871 2182 931 quuntur
2216 882 2229 916 :
2280 863 2453 929 Quale
2483 863 2611 918 illud
2643 873 2768 919 est:
2808 883 2827 915 ε
2868 863 3058 929 Οιιαπο
3092 879 3278 934 pacem
3313 875 3366 921 et
3404 882 3525 934 per-

1952 969 2178 1020 sequere
2207 973 2326 1010 eam
2361 958 2402 1009 ".
2459 975 2476 1006 ι
2519 955 2656 1010 Sunt
2691 957 2836 1012 enim
2867 957 3126 1025 perpauci
3158 956 3233 1009 illi
3266 957 3521 1026 quidem;

1952 1043 2048 1098 sed
2092 1046 2143 1098 in
2201 1047 2607 1100 multitudinem
2659 1048 2888 1102 evadent
2920 1047 3211 1114 infinitam,
3253 1063 3376 1102 cum
3422 1050 3522 1114 ipsi

1954 1138 2288 1190 accesserint
2317 1137 2510 1200 Judaei,
2559 1147 2617 1192 ut
2657 1141 2942 1194 Abrahami
2977 1140 3255 1205 Sarra’que
3278 1142 3525 1206 exemplo

1954 1226 2398 1281 demonstratur.
2433 1230 2688 1284 Nonnulli
2719 1246 2909 1285 rursus
2930 1233 3190 1286 adversus
3217 1232 3525 1284 incredulos

1955 1333 2260 1374 sermonem
2295 1335 2436 1378 esse,
2483 1321 2644 1374 sicuti
2673 1321 2932 1384 diximus,
2963 1322 3234 1379 arbitrati,
3272 1338 3366 1388 pro
3392 1337 3523 1388 quo,

1954 1415 2002 1458 et
2045 1423 2098 1458 in
2127 1407 2330 1475 foveam
2365 1408 2666 1474 habemus;
2701 1419 2747 1462 et
2779 1410 2831 1463 in
2871 1411 3107 1476 foramen
3139 1407 3524 1478 Symmachum

1955 1499 2196 1563 quidem,
2236 1500 2287 1551 in
2326 1502 2643 1555 excisionem
2667 1511 2846 1556 autem
2879 1501 3134 1571 Aquilam
3179 1502 3527 1554 transtulisse

1957 1591 2184 1655 volunt;
2221 1600 2478 1660 tanquam
2513 1602 2717 1662 petram
2757 1595 2900 1647 illam
2931 1611 3052 1662 qut?-
3079 1592 3285 1648 Christi
3327 1609 3527 1662 corpus

1955 1686 2192 1755 excepit,
2220 1694 2274 1739 et
2304 1701 2333 1738 a
2361 1685 2599 1756 Joscpho
2631 1687 2809 1740 excisa
2841 1702 3190 1755 exeat-umque
3219 1697 3322 1750 cst,
3349 1687 3524 1740 oratiu

1957 1777 2327 1832 demonstret.
2380 1776 2584 1832 Deinde
2610 1776 2676 1830 ad
2708 1776 2998 1830 Abrahami
3044 1786 3091 1830 et
3128 1775 3306 1829 Sarra:
3345 1792 3530 1830 exeru-

267 1867 526 1934 πατέρες
553 1866 802 1935 ἐγένοντο
845 1866 933 1919 διὰ
963 1867 1218 1932 πίστεως,
1257 1868 1331 1932 ὼς
1371 1870 1398 1922 ὁ
1433 1868 1641 1931 Παῦλος
1672 1885 1805 1938 φησι
1834 1885 1848 1899 ·
1887 1855 1926 1912 Β

1844 1885 1848 1898 ν
1887 1855 1926 1912 Β
1955 1867 2104 1936 plum
2138 1883 2451 1922 sermonem
2489 1866 2770 1932 transfert,
2800 1868 2892 1938 qui
2938 1876 2990 1922 et
3035 1869 3135 1935 ipsi
3187 1868 3303 1922 saxi
3356 1882 3527 1932 more,

274 1977 294 2010 ι
314 1956 629 2028 Κατενόησε
650 1957 711 2011 τὺ
739 1957 932 2011 ἑαυτοῦ
958 1958 1116 2028 σῶμα
1133 1959 1234 2029 ἤδη
1255 1959 1680 2030 νενεκρωμένον,
1709 1977 1729 2010 ι
1756 1961 1851 2013 καὶ

267 2048 338 2102 τὰ
370 2049 466 2101 ἐπὶ
490 2047 683 2120 τούτῳ.
713 2047 812 2113 Ἐξ
839 2049 976 2115 ἑνὸς
1007 2048 1122 2116 οὖν,
1152 2050 1260 2104 τοῦ
1295 2051 1550 2120 Ἀϐραὰμ
1604 2052 1703 2106 καί
1739 2050 1852 2120 τῆς

265 2137 506 2208 Σάῤῥας
533 2141 640 2207 (είς
660 2140 769 2208 γὰρ
793 2140 981 2210 ἄμφω,
1017 2141 1156 2194 κατὰ
1184 2142 1262 2194 τό²
1296 2142 1550 2196 Ἐσονται
1572 2143 1620 2194 οἱ
1648 2141 1741 2195 δύο
1773 2144 1854 2205 είς

269 2233 456 2302 σάρκα
489 2231 642 2301 μίαν)
692 2231 824 2284 ὡσεὶ
851 2233 920 2286 τὰ
951 2231 1127 2302 ἄστρα
1157 2233 1250 2287 τοῦ
1291 2234 1523 2305 οὐρανοῦ
1553 2235 1631 2304 τῷ
1660 2234 1853 2303 πλήθει

269 2323 612 2392 συνέστησαν
635 2340 648 2354 ο
667 2323 749 2375 διό
772 2340 959 2391 φησιν,
989 2319 1094 2390 Εἷς
1118 2321 1217 2392 ἦν,
1235 2326 1331 2379 καὶ
1351 2325 1616 2380 ἐκάλεσα
1643 2327 1848 2380 αὐτόν.

268 2412 488 2483 Ὠσπερ
513 2407 607 2466 οὖν
654 2413 747 2465 ἐπὶ
780 2411 875 2465 τοῦ
905 2413 1164 2482 Ἀϐραὰμ
1192 2413 1335 2467 οὕτω
1354 2415 1630 2485 πεποίηκα
1657 2431 1669 2444 ·
1710 2414 1854 2469 οὕτω

271 2507 353 2578 μὴ
379 2507 816 2573 ἀπογινώσκετε,
849 2503 924 2567 ὡς
967 2506 1060 2557 καὶ
1111 2504 1217 2557 ἀπὸ
1248 2503 1348 2573 τῆς
1379 2504 1600 2572 πέτρας
1629 2503 1849 2574 ταύτης,

268 2597 354 2665 ἢν
379 2596 548 2662 ὑμεῖς
572 2594 1010 2662 ἐλατομήσατε,
1065 2593 1217 2648 ἔσται
1249 2613 1332 2658 τις
1375 2596 1530 2658 ἐλπὶς
1579 2596 1854 2666 σωτηρίας

267 2690 441 2742 πᾶσιν
474 2686 806 2758 ἀνθρώποις.
831 2685 998 2739 Ἀλλὰ
1037 2687 1131 2740 καὶ
1158 2685 1344 2754 πέτρα
1375 2688 1516 2741 κατὰ
1545 2687 1755 2740 Παῦλον
1781 2683 1849 2758 ἦν

267 2780 298 2832 ὁ
322 2777 580 2850 Χριστὸς,
605 2777 673 2847 ἢν
696 2779 754 2831 ὲν
771 2776 850 2845 τῷ
869 2777 1031 2831 πάθει
1053 2775 1343 2846 διώρυξαν,
1368 2777 1508 2830 κατὰ
1531 2779 1592 2830 τό
1610 2794 1622 2807 '
1648 2797 1666 2828 ι
1683 2779 1850 2843 Ὠρυ-

272 2869 372 2935 ξαν
402 2869 591 2939 χεῖράς
631 2885 734 2937 μου
768 2867 866 2920 καὶ
917 2867 1084 2930 πόδας
1136 2885 1259 2937 μου.
1295 2886 1314 2919 ι
1344 2869 1617 2922 Βόθυνον
1661 2868 1717 2920 δὲ
1752 2868 1852 2937 τὴν

269 2961 574 3034 τρωθεῖσαν
606 2959 849 3030 πλευρὰν
882 2959 1280 3014 ὑπαινίττεται.
1309 2959 1408 3013 Διὰ
1451 2959 1560 3028 γὰρ
1587 2959 1850 3030 τούτωνή

273 3052 542 3124 σωτηρία,
570 3052 668 3105 καὶ
699 3053 804 3122 τῆς
836 3048 1163 3121 Ἐκκλησίας
1208 3051 1438 3119 συνέστη
1463 3050 1527 3102 τὸ
1553 3050 1850 3122 πλήρωμα,

270 3143 528 3213 καθάπερ
570 3141 640 3207 ἐξ
691 3141 939 3210 Ἀϐραὰμ
988 3139 1090 3193 καί
1133 3138 1366 3207 Σάρρας
1423 3139 1484 3191 τὸ
1542 3139 1748 3208 πλῆθος
1791 3141 1853 3193 τὸ

268 3234 522 3306 ἄπειρον.
547 3236 638 3286 Διὸ
671 3231 1012 3300 παρακαλεῖ
1045 3232 1144 3301 τὴν
1169 3229 1342 3295 Σιὼν,
1377 3230 1439 3282 τὸ
1469 3229 1717 3293 θεοσεϐὲς
1749 3232 1856 3285 πά-

271 3322 404 3377 λιν(Ι
437 3323 764 3393 πολίτευμα,
795 3324 930 3394 ὅπερ
955 3323 1033 3384 είς
1062 3320 1271 3390 ἔρημον
1308 3319 1376 3372 δι’
1422 3321 1562 3390 ὑμᾶς
1594 3320 1854 3390 κατέστη.

269 3414 425 3484 Πλὴν
452 3414 566 3466 ἀλλ’
588 3411 700 3480 ἐγὼ
729 3412 828 3481 τὴν
849 3410 1084 3482 ἐρημίαν
1105 3409 1276 3477 αὐτῆς
1298 3408 1645 3479 ἀναλήψομαι
1666 3409 1859 3477 παρά-

270 3510 503 3572 κλησιν
526 3503 706 3560 καλῶν
762 3503 864 3573 τὴν
902 3502 1037 3572 περὶ
1087 3500 1294 3555 τούτων
1335 3501 1548 3554 ἐλπίδα.
1588 3502 1858 3568 Ἐρημον

269 3597 352 3660 δὲ,
383 3596 458 3660 ὡς
505 3597 642 3666 πρὸς
669 3597 769 3665 τὴν
825 3594 1056 3664 ἔχουσαν
1107 3591 1274 3648 πάλαι
1311 3589 1404 3643 τὸν
1445 3592 1637 3662 ἄνδρα,
1662 3593 1762 3663 τὴν
1797 3592 1857 3657 ἐξ

271 3686 447 3741 ἐθνῶν
463 3687 817 3756 Ἐκκλησίαν,
837 3685 1016 3749 καλεῖ,
1041 3683 1177 3756 πρὸς
1194 3684 1260 3754 ἢν
1283 3681 1467 3750 ἔλεγεν
1495 3685 1524 3737 ὁ
1545 3686 1853 3754 προφήτης·

279 3799 300 3833 ι
334 3779 706 3852 Εὐφράνθητι,
746 3779 954 3848 στεῖρα,
990 3779 1025 3846 ἡ
1077 3777 1139 3829 οὐ
1176 3775 1465 3839 τίκτουσα,
1487 3794 1505 3826 ι
1539 3775 1632 3828 καὶ
1670 3776 1739 3828 τὰ
1765 3777 1858 3828 ἐπὶ

270 3872 472 3942 τούτῳ.
506 3871 600 3935 Τίς
626 3870 683 3924 δὲ
721 3871 756 3939 ἡ
777 3870 868 3922 τὸν
901 3868 1068 3939 ἄνδρα
1099 3867 1320 3938 ἔχουσα,
1351 3868 1466 3922 ἀλλ’
1492 3867 1525 3937 ἢ
1559 3867 1620 3919 τὸ
1655 3865 1858 3936 βιϐλίον

271 3965 370 4018 τοῦ
399 3963 730 4017 ἀποστασίου
759 3960 1140 4032 πυιησαμένη;
1169 3961 1227 4012 ὲν
1263 3960 1320 4012 δὲ
1349 3961 1417 4029 τῇ
1450 3959 1642 4029 ἐρήμῳ
1672 3959 1860 4024 παρά-

272 4056 488 4110 δεισον
514 4053 733 4109 ἔσεσθαι
773 4053 946 4121 λέγει,
980 4051 1124 4106 κατὰ
1149 4051 1246 4107 τὸν
1281 4052 1340 4104 έν
1372 4051 1514 4121 ἀρχῇ
1555 4048 1709 4120 παρὰ
1741 4049 1855 4101 Κυ-

279 4147 496 4216 ρίου....

1956 1957 2135 2012 fructu
2185 1959 2483 2028 liberisque
2535 1973 2828 2025 carentes,
2879 1961 3168 2015 multarum
3220 1976 3315 2029 per
3367 1962 3526 2014 ﬁdem

1955 2051 2195 2121 gentium
2232 2063 2492 2120 parentes,
2529 2053 2698 2108 Paulo
2730 2061 2888 2119 teste,
2919 2053 3164 2118 fuerunt,
3204 2068 3328 2106 cum
3357 2054 3531 2107 Abra-

1956 2141 2178 2196 hamtun
2208 2142 2318 2211 jam
2349 2159 2510 2197 suum
2541 2157 2747 2212 corpus
2776 2152 3113 2206 emortuum,
3144 2155 3197 2197 et
3227 2160 3346 2210 qua:
3367 2143 3525 2196 dein-

1955 2246 2106 2300 ceps,
2137 2234 2520 2288 considerasse
2566 2234 2726 2289 dixit.
2766 2232 2850 2286 Ea:
2870 2251 2974 2293 uno
3005 2234 3189 2303 igitur.
3225 2233 3528 2285 Abrahamo

1953 2333 2003 2378 et
2042 2323 2212 2377 Sarra
2241 2323 2427 2394 (unum
2457 2325 2602 2379 enim
2645 2335 2898 2394 uterque,
2929 2332 2989 2378 ut
3040 2325 3134 2378 illo
3180 2325 3373 2393 liquet,
3420 2337 3531 2392 quo

1953 2415 2072 2468 fore
2095 2416 2234 2472 duos
2264 2417 2315 2470 in
2343 2432 2506 2470 carne
2537 2433 2643 2470 una
2669 2416 2917 2485 dicitur),
2947 2424 3204 2484 tanquam
3224 2416 3348 2471 «τωίί
3381 2427 3528 2470 astra

1955 2505 2332 2568 multitudine,
2382 2507 2769 2560 constiterunt.
2838 2506 3069 2571 Ideoque
3116 2522 3252 2560 unus
3297 2517 3432 2567 erat,
3478 2515 3528 2558 et

1954 2598 2134 2650 vocavi
2159 2614 2299 2662 eum,
2325 2598 2548 2666 adjecit.
2571 2598 3042 2661 Quen‘tadmodum
3073 2601 3242 2666 Igitur
3276 2599 3327 2650 in
3359 2600 3531 2651 Abra—

1953 2685 2110 2739 hamo
2141 2687 2195 2739 i'd
2227 2702 2330 2756 ego
2360 2689 2583 2755 praestiti
2619 2705 2632 2740 :
2670 2689 2750 2742 sic
2797 2695 2851 2740 et
2886 2688 2956 2741 ab
3002 2689 3105 2741 ista
3156 2698 3327 2752 petra,
3373 2704 3532 2756 quam

1951 2775 2252 2837 excidistis,
2292 2777 2623 2831 mortalibus
2649 2777 2928 2831 universis
2965 2792 3094 2844 spes
3127 2779 3308 2846 aliqua
3336 2792 3532 2831 conse-

1952 2866 2182 2934 quendze
2205 2869 2404 2922 salutis
2434 2866 2616 2922 futura
2661 2875 2767 2923 est.
2800 2867 2927 2922 Erat
2967 2884 3095 2923 vero
3117 2867 3535 2935 petra,docente

1952 2953 2124 3009 Paulo
2157 2957 2200 3019 “,
2232 2957 2489 3011 Christus
2523 2958 2640 3026 ipse
2661 2973 2676 3022 ;
2700 2957 2788 3011 cui
2826 2965 3054 3011 mortem
3077 2957 3304 3011 obeunti
3335 2971 3532 3012 manus

1953 3053 2008 3097 et
2039 3045 2204 3112 pedes
2233 3046 2404 3101 clavis
2433 3061 2556 3102 esse
2589 3046 2927 3102 transfossos
2963 3046 3244 3115 Scriptura
3274 3054 3530 3101 testatur.

1960 3134 2314 3205 Significatur
2360 3141 2489 3194 item
2539 3155 2636 3206 per
2679 3139 2845 3209 579
2889 3139 3094 3208 foveam
3157 3138 3299 3193 latus
3353 3139 3532 3207 ipsum

1963 3226 2133 3280 hasta:
2179 3245 2440 3284 mucrone
2473 3231 2838 3285 vulneratum.
2878 3229 2981 3284 Per
3028 3230 3143 3284 lucc
3189 3231 3334 3284 enim
3382 3245 3534 3299 parta

1962 3321 2113 3375 salus
2162 3331 2246 3377 est
2283 3324 2510 3391 ipsaque
2536 3324 2702 3378 etiam
2737 3323 2999 3377 Ecclesiae
3027 3323 3326 3378 constituta
3363 3323 3537 3390 pleni-

1961 3411 2130 3477 tudo;
2168 3430 2276 3466 non
2309 3414 2467 3468 aliter
2493 3429 2658 3484 quam
2690 3429 2755 3468 ea:
2787 3413 3088 3467 Abruhamo
3121 3425 3171 3467 ct
3211 3414 3378 3468 Sarra
3412 3413 3536 3466 infi-

1960 3505 2070 3556 nita
2097 3506 2409 3558 multitudo.
2440 3507 2619 3575 Atque
2644 3506 2769 3560 inde
2793 3516 2878 3562 est
2902 3508 3045 3576 quod
3068 3505 3278 3560 Sioncm
3306 3523 3324 3569 ;
3359 3506 3408 3558 id
3431 3514 3536 3566 est.

1959 3593 2102 3661 piant
2148 3595 2279 3648 olim
2319 3597 2598 3650 civitatem
2633 3598 2972 3661 consolatur,
3002 3613 3125 3670 quae
3170 3599 3385 3652 deserta
3417 3597 3540 3666 qui-

1960 3683 2082 3738 dem
2121 3695 2344 3754 propter
2375 3702 2492 3748 vos,
2530 3689 2732 3756 inquit,
2769 3705 2866 3758 per
2918 3703 3004 3743 me
3041 3689 3300 3756 frequens
3343 3690 3537 3740 iterum

1962 3775 2144 3828 futura
2169 3784 2250 3829 est
2276 3794 2287 3829 :
2313 3777 2402 3830 ubi
2429 3778 2742 3831 consolandi
2765 3778 2952 3840 verbo,
2974 3779 3357 3849 promissionis
3379 3777 3540 3847 hujus

1963 3881 2114 3936 spem
2163 3868 2511 3936 signiﬁcavit.
2549 3870 2626 3924 Eo
2666 3871 2794 3938 ipso
2838 3879 3019 3924 autem
3073 3871 3220 3939 quod
3275 3871 3540 3924 desertam

1960 3971 2142 4022 vocat,
2175 3963 2475 4018 Ecelesiam
2508 3967 2752 4035 gentium
2793 3965 3074 4034 intelligit,
3113 3974 3370 4033 tanquam
3421 3978 3542 4033 qua:

1964 4049 2170 4106 dudum
2206 4055 2379 4107 virum
2413 4057 2630 4118 habeat,
2662 4057 2728 4110 ad
2758 4072 2920 4126 quam
2959 4057 3030 4109 ita
3065 4056 3392 4124 loquebatur
3415 4068 3541 4124 pro-

1966 4143 2160 4210 pheta:
2186 4164 2202 4195 ι
2228 4144 2452 4210 La‘tare,
2479 4149 2838 4218 sterilis,qua:
2858 4163 2964 4201 non
2985 4148 3243 4218 peperisti
3261 4149 3398 4210 ’,θοι
3422 4161 3543 4214 quze

279 4253 495 4318 postea.
529 4241 788 4307 Quanam
829 4248 1011 4295 autem
1033 4246 1140 4304 est,
1177 4251 1300 4308 quae
1324 4236 1502 4291 virum
1541 4235 1722 4299 habet,
1761 4235 1865 4290 nisi
1909 4253 2029 4306 qua:
2081 4241 2363 4310 repudium
2421 4243 2607 4296 misit?
2692 4241 2748 4297 lu
2793 4241 3013 4297 deserto
3061 4240 3258 4296 deinde
3301 4239 3540 4294 futurum

289 4337 428 4392 dicit
453 4332 771 4404 paradisum
810 4331 859 4383 ei
887 4344 994 4384 non
1026 4327 1353 4391 absimilem,
1388 4325 1481 4396 qui
1514 4325 1670 4380 initio
1699 4339 1728 4377 a
1757 4324 2075 4384 Domino....

330 4433 500 4493 δὀις¹.
541 4423 860 4480 Ἀκούσατέ
879 4441 1021 4493 μου,
1054 4423 1380 4484 ἀκούσατε,
1417 4423 1567 4486 λαός
1591 4436 1731 4489 μου,
1764 4420 1859 4473 καὶ
1897 4443 1939 4496 ο

1854 4423 1859 4472 ἱ
1897 4443 1939 4496 ο
2037 4426 2200 4498 580
2239 4427 2404 4482 Vens.
2432 4427 2582 4482 4-16.
2625 4426 2818 4481 Audite
2858 4443 2956 4489 me,
2992 4427 3191 4488 audite,
3225 4427 3413 4495 popule
3446 4427 3537 4490 mi,

273 4524 328 4575 οι
353 4515 663 4584 βασιλεῖς,
683 4516 833 4582 πρός
859 4531 934 4583 με
957 4514 1348 4574 ἐνωτίσασθε,
1386 4510 1477 4564 ὅτι
1501 4510 1686 4578 νόμος
1718 4509 1857 4575 παρ’

271 4609 424 4678 ἐμοῦ
487 4608 893 4672 ἐξελεύσεται,
946 4605 1048 4658 καί
1107 4606 1146 4672 ἡ
1195 4604 1392 4670 κρίσις
1423 4617 1543 4669 μου
1595 4601 1682 4663 είς
1733 4597 1859 4667 φῶς

273 4695 491 4752 ἐθνῶν.
523 4696 765 4767 Ἐτγίζει
815 4696 967 4766 ταχὺ
995 4695 1034 4763 ἠ
1071 4693 1427 4759 δικαιοσύνη
1453 4708 1594 4760 μου,
1630 4690 1728 4743 καί
1757 4689 1857 4752 ἐξ·

273 4792 615 4854 ελεύσεται,
655 4790 736 4855 ὡς
791 4787 938 4858 φῶς,
986 4787 1053 4839 τὸ
1108 4783 1410 4850 σωτήριόν
1444 4800 1590 4851 μου,
1631 4781 1728 4834 καὶ
1775 4782 1860 4845 είς

275 4880 710 4948 τι’>ν,ϐραχίονά
759 4895 884 4947 μου
931 4878 1079 4944 ἔθνη
1132 4873 1476 4929 ἐλπιοῦσιν.
1510 4871 1644 4940 Ἐμὲ
1678 4869 1860 4938 νῆσοι

277 4973 680 5042 ὑπομενοῦσι,
718 4971 817 5024 καί
877 4971 964 5036 είς
991 4967 1100 5022 τὸν
1132 4965 1434 5036 ,βραχίονά
1465 4981 1584 5035 μου
1621 4961 1868 5018 ἐλπιοῦο

279 5083 410 5130 σοι,
440 5083 496 5118 κ.
524 5081 576 5117 τ.
607 5062 658 5116 λ.

482 5195 496 5210 .
540 5193 554 5208 .
599 5153 920 5225 ἀνθρώπους
952 5150 1307 5220 φοϐούμενος,
1345 5148 1418 5219 μὴ
1444 5148 1870 5216 ἀποσυνάγωγόν

283 5265 346 5302 σε
381 5246 684 5317 ποιήσωσιν
721 5247 770 5296 oi
801 5243 1052 5312 λέγοντες
1073 5259 1088 5272 ’
1119 5261 1136 5295 ι
1165 5241 1451 5311 Δαιμόνιον
1479 5240 1593 5310 ἔχει
1621 5240 1716 5292 καὶ
1749 5238 1872 5309 μαί-

281 5357 457 5397 νεται.
493 5337 560 5391 Τί
589 5336 819 5391 ἀκούετε
854 5334 1057 5400 αὐτοῦ;
1089 5354 1107 5387 ι
1159 5329 1252 5396 Οἷς
1291 5334 1474 5400 ἔλεγεν
1521 5335 1549 5385 ὁ
1594 5330 1825 5402 Χριστός
1853 5346 1866 5360 ·

292 5451 314 5484 ι
341 5431 453 5485 Καὶ
484 5430 613 5498 ὑμῖν
656 5431 770 5492 τοῖς
795 5429 1039 5500 νομικοῖς
1069 5427 1212 5489 οὐαὶ,
1246 5425 1328 5478 ὅτι
1360 5424 1528 5495 ἤρατε
1562 5423 1659 5492 τὴν
1688 5421 1869 5473 κλεῖδα

1961 4528 2010 4573 et
2043 4535 2208 4588 reges,
2249 4519 2316 4572 ad
2359 4535 2439 4572 me
2463 4518 2739 4580 attendite,
2763 4519 2884 4588 quia
2917 4518 3000 4572 lea:
3041 4534 3074 4571 a
3112 4534 3192 4571 me
3227 4517 3539 4586 egredietur,

1961 4622 2010 4666 ct
2025 4613 2295 4681 judicium
2338 4629 2507 4667 meum
2548 4615 2602 4668 in
2639 4615 2808 4668 lucem
2844 4613 3096 4682 gentium.
3141 4610 3544 4678 Appropinquat

1963 4705 2068 4757 cito
2111 4705 2330 4772 justitia
2364 4722 2499 4767 mea,
2532 4715 2580 4760 et
2617 4706 2933 4775 egredietur,
2977 4703 3111 4756 sicut
3145 4701 3256 4764 lux,
3307 4701 3544 4752 salutare

1965 4813 2156 4857 meum,
2184 4806 2232 4851 et
2281 4799 2335 4850 in
2365 4798 2638 4851 brachium
2691 4812 2860 4851 meum
2891 4802 3068 4865 gentes
3097 4794 3401 4861 sperabunt,
3434 4799 3538 4845 etc.

2038 5147 2196 5217 581
2245 5186 2260 5200 .
2305 5187 2318 5201 .
2360 5185 2372 5198 .
2418 5185 2432 5200 .
2475 5145 2724 5200 homines
2771 5151 3020 5197 metuens
3065 5154 3134 5194 ne
3164 5148 3215 5191 te
3265 5147 3540 5205 synagoga

1970 5248 2245 5298 moveant,
2285 5237 2526 5292 dicentes
2560 5253 2575 5289 :
2617 5255 2634 5288 ι
2670 5233 3005 5289 Daemonium
3045 5231 3242 5289 habet,
3276 5235 3329 5278 et
3381 5224 3542 5286 furit;

1973 5333 2100 5400 quid
2143 5331 2350 5384 auditis
2378 5346 2502 5384 eum
2536 5328 2621 5380 ‘°?
2666 5347 2683 5380 ι
2734 5327 2936 5396 quibus
2986 5319 3350 5390 respondebat
3387 5314 3546 5367 Chri-

1978 5435 2097 5472 stus
2136 5438 2147 5472 :
2187 5440 2202 5466 1
2249 5419 2334 5470 Vae
2383 5417 2534 5472 vobis
2581 5415 2748 5469 etiam
2805 5411 3167 5481 legispt'rilisi
3219 5405 3344 5474 σιιιίιι
3394 5403 3548 5454 fmus

391 5588 410 5620 ⁷
453 5586 602 5641 Psal.
645 5599 842 5643 xxxiii,
874 5582 964 5636 9.7.
1031 5583 1052 5613 ⁸
1095 5580 1111 5633 l
1143 5579 1269 5636 Cor.
1301 5595 1356 5642 x,
1384 5580 1436 5632 4.
1517 5578 1536 5609 ⁹
1577 5575 1684 5632 lsa.
1714 5591 1824 5630 Liv.
1854 5574 1903 5627 l.
1976 5575 2016 5605 '°
2050 5573 2206 5627 Joan.
2253 5590 2303 5626 κ.
2336 5573 2424 5626 20.

1635 5689 1867 5742 V.\lil.'i".
1921 5690 2300 5743 LlilITZONI'ZS

375 5808 399 5838 ε
439 5815 526 5865 γρ.
563 5797 653 5850 τοῦ
689 5793 936 5864 Ἀϐραὰμ
964 5793 1054 5844 καὶ
1079 5793 1169 5859 τῆς
1196 5792 1425 5860 Eappa;
1504 5785 1527 5827 δ
1562 5805 1644 5853 γρ.
1683 5787 1838 5838 πάλαι
