4262 6434
241 392 389 455 2525

1346 401 1551 460 (ῙΟΜΞΙ
1563 403 1749 462 ΕΝΤΛ
1759 405 1873 463 RII
1932 404 2014 463 IN
2075 405 2357 464 ISAIAM.

3338 411 3478 473 2526

246 499 520 562 σ”Ονειδος
579 501 772 571 ἇςερονι
819 501 1024 567 ἔδωκάς
1079 521 1166 573 με.
1198 505 1550 578 Ἐκωφώϐην,
1579 512 1671 562 καὶ
1713 512 1811 563 οὐκ
1849 524 1887 572 Α
1922 513 1929 564 l

1794 530 1811 563 ι
1849 524 1887 572 Α
1922 513 2098 565 brium
2139 512 2413 581 insipienti
2459 511 2658 567 dedisti
2689 526 2774 566 me
2802 513 2841 566 ⁸.
2867 543 2936 553 -—-
2978 512 3258 578 Obmutui,
3286 525 3338 568 et
3371 533 3477 572 non

240 591 426 659 ἣνοιξα
450 592 509 644 τὸ
529 593 702 659 στόμα
733 612 854 660 μου.
879 614 898 648 ι
940 596 1201 666 ’Λληθοῦς
1240 598 1487 662 πάθονςει
1519 601 1627 670 ἄρα
1664 597 1731 671 ἦν
1756 605 1812 655 ἐν

237 681 465 750 Χριστῷ
493 683 635 734 κατὰ
665 685 725 734 τὸ
755 682 1113 753 ἀνθρώπινον.
1147 685 1295 737 Ἀντὶ
1322 686 1377 738 δὲ
1407 686 1522 750 τοῦ,
1563 686 1667 739 Kal
1701 689 1808 741 αὑ-

238 771 345 834 τὸς
368 770 464 824 διὰ
487 772 546 824 τὸ
579 771 954 828 κεκακῶσθαι
994 775 1104 827 οὐκ
1156 775 1378 843 ἀνοίγει
1437 775 1504 829 τὸ
1547 777 1759 844 στόμα,
1785 780 1813 830 ὁ

238 861 538 931 Σύμμαχος
555 879 705 932 φησι·
725 864 998 931 Προσηνέ
1002 867 1135 933 gon.
1158 865 1254 918 καὶ
1274 866 1457 930 αὐτὸς
1475 865 1809 934 ὑπήκουσε.

238 953 363 1005 Τίνι
385 953 440 1006 δὲ
464 953 876 1022 προσηνέχθη,
923 955 1037 1008 ἀλλ’
1072 956 1204 1027 ἣτῷ
1235 958 1486 1028 ιιιλάτῳς
1545 957 1720 1028 ἐσίγα
1757 959 1814 1010 δὲ

236 1045 880 1116 ψευδομαρτυρούμενος.
918 1047 1216 1102 Ἢπίστατο
1244 1050 1352 1118 γὰρ
1381 1050 1685 1119 ἀνήσουσαν
1714 1050 1812 1118 μὲν

237 1134 394 1186 οὐδὲν
447 1136 546 1203 τὴν
590 1134 884 1202 ἀπολογίαν
919 1133 1072 1204 (παρ’
1127 1136 1337 1205 ἐχθροῖς
1391 1135 1500 1204 γὰρ
1544 1134 1810 1204 ἐκρίνετο)

239 1225 378 1293 προς
435 1223 604 1294 θυμὸν
658 1225 713 1277 δὲ
769 1227 965 1289 αὐτοὺς
1036 1227 1390 1294 ὑφάπτουσαν
1456 1225 1809 1294 ἀγριώτερον,

238 1314 369 1368 Υίὶν
419 1315 610 1368 ἑαυτὸν
670 1312 807 1369 εἶναι
854 1317 1101 1384 λέγοντος
1152 1316 1246 1368 τοῦ
1307 1315 1463 1380 Θεοῦ,
1498 1314 1727 1384 Σωτῆρά
1753 1331 1813 1366 τε

237 1403 459 1455 πάντων
490 1404 581 1456 καὶ
625 1403 925 1473 λυτρωτὴν.
968 1405 1113 1474 Πλὴν
1154 1405 1254 1456 οὐκ
1291 1404 1698 1473 ἀπροφάσιστον
1721 1403 1814 1453 αὐ-

234 1496 352 1555 τοῖς
406 1494 504 1562 τὴν
553 1494 830 1563 ἁμαρτίαν
880 1495 1157 1564 ἐποίησεν,
1215 1494 1485 1564 ὁρκίζοντι
1518 1492 1616 1558 μὲν
1643 1491 1814 1544 εἰπὼν

231 1583 314 1651 τῷ
335 1585 556 1654 Keue;
571 1586 649 1636 τόο
675 1606 690 1632 ε
706 1585 762 1637 Ἀ
775 1585 937 1656 πάρτι
961 1585 1154 1654 ὄψεσθε
1172 1585 1262 1638 τὸν
1276 1582 1504 1637 Υἱὸντοῦ
1524 1582 1813 1653 ἀνθρώπου

233 1672 548 1741 καθήμενον
579 1678 640 1726 ἐκ
667 1675 854 1737 δεξιῶν
884 1677 980 1744 τῆς
1009 1675 1308 1744 δυνάμεως·
1327 1694 1342 1724 ι
1365 1674 1458 1727 καὶ
1485 1674 1564 1726 τό·
1596 1692 1614 1724 ι
1638 1673 1708 1724 Σὺ
1735 1669 1809 1724 εἷ-

233 1783 363 1827 πας,
393 1785 410 1816 ›
452 1766 620 1819 εἰπὼν
648 1768 864 1836 Πιῖιάτῳ
908 1767 1296 1836 πυνθανομένῳ
1329 1768 1374 1818 εἰ
1408 1765 1663 1835 βασιλεύς
1698 1766 1813 1818 ἐστι

1914 607 2100 672 aperui
2125 621 2187 660 os
2221 619 2396 659 meum
2424 605 2466 658 ⁷.
2498 623 2514 656 ν
2557 604 2694 658 Vera
2731 606 2896 674 igitur
2922 606 2974 658 iu
3006 605 3250 664 Christo.
3283 621 3479 658 secun-

1914 694 2042 746 dum
2076 693 2431 746 humanitatis
2477 695 2768 755 rationem,
2796 695 2983 761 passio
3012 695 3240 748 exstitit.
3279 694 3475 747 Verum

1915 799 2025 852 quo
2055 784 2199 847 loco,
2235 782 2303 835 Et
2337 783 2443 851 ipse
2464 791 2674 849 propter
2689 783 3019 852 aﬂlictionem
3053 799 3154 834 non
3183 784 3387 850 aperuit
3421 799 3476 835 os

1909 891 2088 940 suum,
2139 875 2390 944 legimus,
2421 875 2490 928 ita
2536 872 2944 944 Symmachus:
2989 873 3242 927 Admotus
3287 885 3383 937 est,
3428 884 3479 928 et

1913 966 2023 1032 ipse
2054 965 2256 1033 paruit.
2306 962 2410 1018 Sed
2461 962 2548 1015 cui
2581 963 2849 1026 admotus,
2881 963 2982 1015 nisi
3031 962 3248 1016 Pilato?
3292 961 3479 1014 Tacuit

1916 1054 2130 1117 deinde,
2166 1069 2289 1107 cum
2330 1056 2465 1107 t'alsa
2504 1055 2556 1106 in
2600 1068 2722 1106 eum
2757 1054 3066 1106 testimonia
3116 1053 3482 1121 produceren-

1917 1152 2027 1196 tur.
2059 1143 2278 1196 Sciebat
2315 1142 2488 1206 enim,
2519 1156 2642 1194 cum
2682 1140 2824 1208 apud
2856 1141 3040 1194 hostes
3082 1147 3356 1208 ageretur,
3393 1139 3478 1191 ni-

1917 1235 1990 1287 hil
2022 1250 2146 1288 essc
2194 1233 2541 1302 profuturam
2575 1232 2949 1287 defensionem
2981 1251 2995 1296 ;
3025 1232 3118 1284 sed
3148 1235 3213 1284 iis
3250 1229 3481 1283 ferocio-

1914 1342 2002 1382 res
2036 1326 2245 1378 animos
2285 1325 2621 1387 ell'eeturam,
2658 1341 2778 1378 cum
2823 1339 2880 1378 se
2913 1323 3002 1376 Dei
3037 1323 3254 1387 Filium,
3286 1322 3480 1373 Salva-

1918 1429 2200 1485 toremque
2250 1417 2494 1471 omnium
2533 1427 2586 1470 et
2636 1415 3036 1484 redemptorem
3081 1429 3203 1468 esse
3251 1413 3478 1465 diceret.

1914 1508 2101 1577 Neque
2126 1519 2304 1560 tamen
2339 1508 2495 1576 culpa
2527 1517 2580 1559 et
2614 1507 3039 1574 reprehensione
3095 1519 3284 1558 carere
3317 1516 3478 1555 suum

1917 1603 2050 1669 ipsis
2078 1611 2358 1668 peccatum
2406 1600 2597 1662 voluit,
2640 1613 2762 1652 cum
2798 1598 3073 1666 adjurauti
3105 1595 3352 1663 Caiphae,
3389 1591 3480 1644 Fi-

1916 1696 2046 1748 limn
2071 1695 2310 1748 hominis
2331 1693 2590 1762 deinceps
2621 1691 2687 1744 ad
2710 1691 2990 1745 dexteram
3027 1691 3209 1740 virtuti
3234 1686 3481 1741 assiden-

1917 1795 2024 1839 tem
2056 1800 2177 1838 esse
2222 1785 2522 1837 intuituros
2550 1784 2572 1814 ⁸
2598 1801 2612 1848 ;
2645 1799 2767 1836 cum
2797 1781 3039 1852 poscenti
3083 1781 3278 1841 Pilato,
3309 1780 3356 1831 si
3383 1791 3481 1829 rex

231 1861 592 1931 toﬁj'lapaﬁi..
621 1864 711 1915 Διὸ
741 1865 1046 1932 συμμανεὶς
1073 1863 1256 1925 αὐτοῖς
1286 1862 1630 1930 μαστιγῶσαι
1667 1879 1804 1932 παρ·
1843 1865 1882 1918 Β
1911 1903 1914 1921 .

1799 1891 1804 1900 '
1843 1865 1882 1918 Β
1911 1885 2057 1930 esset
2094 1876 2328 1938 lsraelis,
2350 1889 2471 1929 eum
2497 1875 2700 1928 dixisse
2736 1873 3010 1942 respondit
3032 1871 3051 1902 ’
3079 1889 3092 1924 :
3123 1871 3266 1923 unde
3304 1876 3389 1922 est
3412 1867 3482 1920 ab

231 1952 458 2006 ἔδωκεν.
491 1954 654 2005 Ὀῢεν
687 1955 1014 2025 ἐπήνεγκεν,
1064 1955 1156 2020 Ὡς
1181 1956 1481 2020 πρόϐατον
1527 1953 1620 2006 ἐπὶ
1657 1968 1810 2021 σφα-

231 2039 353 2108 γὴν
389 2041 567 2108 ἤχθη,
605 2042 701 2094 καὶ
741 2043 818 2107 ὡς
858 2044 1044 2110 ἀμνὸς
1073 2043 1352 2095 ἐναντίον
1386 2042 1490 2096 τοῦ
1511 2044 1814 2110 κειξροντος

230 2131 422 2184 αὐτὸν
444 2131 701 2200 ἄφωνος.
730 2135 866 2204 Σιγᾷ
895 2135 1022 2204 γὰρ,
1054 2134 1178 2199 κᾶν,
1199 2133 1274 2191 ὡς
1302 2134 1467 2199 εἰκὸς,
1527 2135 1670 2203 λύπη
1710 2153 1814 2186 πα-

234 2221 562 2290 pathicus:
609 2225 718 2276 τῶν
771 2224 1059 2294 δερμάτων
1095 2226 1128 2294 ἡ
1193 2225 1457 2296 μάχαιρα.
1518 2226 1673 2278 Οὖτω
1728 2227 1814 2277 καὶ

231 2314 472 2381 Χριστῧς
495 2313 900 2384 λοιδορούμενος
923 2316 1022 2368 οὐκ
1051 2317 1426 2386 ἀντελοιδόρει.
1462 2318 1692 2387 Πάεχων
1714 2319 1812 2370 οὐκ

231 2404 472 2472 ὴπείλειο
505 2406 796 2474 παρεδίδου
833 2407 887 2459 δὲ
1013 2409 1279 2474 κρίνοντι
1309 2409 1551 2470 δικαίως.
1587 2409 1811 2477 Ἀληῡὲς

233 2491 331 2548 οὖν
352 2495 461 2565 ἄρα
491 2497 571 2548 τό’
603 2497 704 2550 Ἐν
723 2497 796 2565 τῇ
824 2500 1178 2553 ταπεινώσει
1214 2502 1252 2568 ἠ
1282 2502 1481 2568 κρίσις
1503 2501 1688 2554 αὑτοῦ
1708 2498 1812 2568 ἦρ-

232 2602 353 2639 ται.
395 2585 480 2649 Ὠς
503 2589 624 2640 κατ’
670 2588 924 2653 εὐτελοῦς
984 2590 1092 2661 γὰρ
1144 2591 1445 2662 προχείρως
1485 2593 1584 2660 τὴν
1634 2590 1813 2660 ψῆφον

234 2679 560 2747 ἐξήνεγκαν.
593 2681 704 2743 Τὴν
739 2677 832 2734 οὖν
871 2683 1191 2751 παράνομον
1239 2684 1332 2736 καὶ
1376 2683 1558 2736 ἄδικον
1613 2683 1816 2750 κρίσιν

235 2769 325 2822 ἐπ’
357 2770 522 2823 αὑτοῦ
556 2772 856 2842 γενομένην
875 2773 1043 2843 δηλοῖ.
1073 2774 1133 2825 El
1160 2773 1215 2826 δὲ
1247 2775 1340 2827 καὶ
1370 2772 1676 2838 ταπεινῶς.
1707 2790 1814 2842 φη-

238 2860 346 2918 σὶν,
380 2859 671 2926 ἐκρίνετο,
703 2861 836 2922 Θεὸς
880 2861 1022 2915 κατὰ
1084 2861 1246 2931 φύσιν
1309 2863 1622 2931 ἐτύγχανεν.
1651 2863 1815 2914 Ὄοεν

237 2947 474 3013 ἐπάτει·
514 2948 634 3014 Τὴν
678 2949 894 3016 γενεὰν
921 2952 1108 3004 αὑτοῦ
1153 2953 1244 3017 τίς
1299 2952 1670 3020 διηγιξσεταω
1697 2954 1814 3022 Ἐφ’

237 3038 512 3108 ἑκατέρας
540 3039 594 3091 δὲ
624 3039 963 3108 γεννήσεως
981 3043 1041 3095 τὸ
1057 3045 1262 3113 ἄπορον
1282 3044 1482 3112 ὁμοίοις
1510 3045 1814 3098 ἀκολουθεῖ.

238 3127 370 3190 Πῶς
401 3131 501 3198 μὲν
528 3128 544 3167 ι
573 3129 860 3196 Θεὸς,πῶς
883 3133 938 3186 δὲ
967 3134 1240 3205 Παρθένος
1295 3133 1495 3204 γεννᾷ.
1551 3136 1818 3190 Τοσοῦτον

237 3217 352 3288 γὰρ
404 3196 567 3289 μόνον
619 3221 962 3294 ἐγνώκαμεν.
995 3196 1077 3294 Ili}
1113 3196 1232 3295 μὲν,
1291 3196 1371 3278 δτι
1395 3196 1525 3290 Θεὸς
1556 3230 1620 3280 ὲκ
1655 3228 1812 3293 Θεοῦ,
1843 3196 1884 3252 C

238 3311 360 3379 φῶς
385 3312 450 3365 ἐκ
469 3313 667 3381 φωτός·
694 3314 768 3384 πὴ
790 3315 868 3378 δὲ,
889 3317 971 3369 ὅτι
993 3335 1011 3368 ι
1040 3316 1259 3387 Πνεῦμα
1283 3317 1436 3386 ἅγιον
1465 3319 1818 3375 ἐπελεύσεται

236 3399 334 3454 ἐπὶ
363 3401 451 3459 σὲ.
482 3401 577 3454 καὶ
603 3401 835 3473 δύναμις
937 3404 1193 3474 Ὑψίστου
1223 3407 1541 3461 ἐπισκιάσει
1567 3426 1670 3463 σοι.
1699 3429 1717 3462 ι

236 3501 405 3561 pacto
444 3491 589 3547 Dens
615 3493 732 3562 ipse
773 3515 787 3550 :

1916 1969 2006 2021 illo
2042 1966 2256 2020 furente
2288 1981 2413 2020 cum
2470 1966 2682 2019 caeteris
2714 1965 2766 2018 in
2801 1962 3025 2017 verbera
3062 1959 3318 2013 traditus.
3341 1956 3482 2010 Hinc

1916 2059 2076 2126 igitur
2112 2058 2202 2110 illa
2234 2065 2385 2117 sunt,
2407 2055 2628 2124 quibus.
2663 2055 2796 2107 sicut
2829 2067 2970 2106 ovem
2998 2054 3066 2104 ad
3085 2051 3478 2110 mactationem,

1913 2151 2126 2201 ductum
2154 2162 2267 2200 esse
2289 2187 2302 2208 ,
2335 2156 2382 2199 et
2415 2147 2550 2199 sicut
2581 2161 2773 2214 agnum
2811 2159 2989 2197 coram
3025 2141 3268 2194 tondente
3291 2139 3479 2193 obmu—

1915 2237 2389 2305 tuisse,adjunxit.
2450 2234 2687 2289 Utenim
2724 2233 2834 2296 ille,
2869 2247 2992 2285 cmn
3041 2239 3222 2284 cutem
3267 2229 3480 2297 gladius

1916 2344 2024 2381 non
2059 2328 2178 2380 sine
2215 2326 2402 2379 dolore
2446 2323 2687 2392 attingit,
2729 2331 2909 2374 tacere
2953 2318 3273 2383 consuevit;
3308 2318 3389 2372 sic
3428 2322 3482 2368 et

1914 2419 2168 2473 Christus
2203 2417 2344 2486 ipse,
2377 2429 2498 2469 cum
2530 2413 2745 2482 probris
2768 2412 3093 2473 adiceretur,
3113 2409 3262 2463 nulla
3289 2413 3480 2462 contra

1915 2510 2255 2579 reponebat;
2299 2507 2456 2567 nihil,
2495 2520 2617 2558 eum
2669 2511 2948 2573 pateretur
2995 2501 3329 2563 minabatur,
3383 2496 3478 2550 sed

1908 2604 2056 2672 juste
2082 2599 2321 2669 judicari
2351 2612 2408 2652 se
2436 2596 2782 2666 permittebat
2809 2595 2876 2648 ¹⁶.
2904 2593 2998 2648 Est
3029 2607 3182 2661 ergo,
3221 2588 3364 2658 quod
3393 2601 3483 2641 se-

1914 2694 2122 2763 quitur,
2169 2690 2223 2744 in
2267 2688 2568 2742 humilitate
2600 2686 2712 2754 ejus
2753 2685 3022 2739 sublatum
3057 2698 3168 2736 esse
3195 2679 3481 2750 judicium,

1917 2781 2284 2836 verissimum.
2321 2775 2547 2830 Temere
2589 2773 2862 2842 siquidem
2911 2772 2966 2824 in
3006 2785 3167 2832 eum,
3221 2776 3482 2834 tanquam

1917 2877 1970 2930 in
2014 2873 2238 2939 abiecta:
2277 2868 2609 2923 conditionis
2636 2867 2899 2936 aliquem,
2927 2865 3032 2918 lata
3068 2870 3154 2916 cst
3187 2859 3481 2914 sententia:

1918 2963 2062 3018 unde
2101 2969 2294 3031 praster
2338 2960 2429 3029 jus
2474 2967 2528 3012 et
2551 2973 2767 3026 arquum
2815 2954 3019 3009 factum
3067 2967 3191 3006 esse
3217 2949 3485 3018 judicium

1919 3052 2208 3124 significat.
2248 3049 2612 3115 Quantumvis
2641 3053 2820 3100 autem
2845 3044 3141 3105 humiliter,
3176 3037 3487 3109 inquit,ju-

1919 3145 2184 3199 dicaretur
2209 3183 2222 3205 ,
2255 3142 2398 3195 Deus
2423 3148 2607 3194 tamen
2640 3153 2761 3193 esse
2806 3145 3003 3190 natura
3035 3149 3144 3187 non
3177 3131 3485 3186 desinebat.

1920 3235 2073 3291 Unde
2109 3234 2365 3301 deinceps
2387 3233 2502 3299 quis
2543 3229 2661 3294 eius
2690 3227 3076 3297 generationem
3105 3230 3235 3276 esset
3264 3233 3486 3273 enarra-

1911 3335 2059 3376 turus
2083 3318 2247 3392 605
2274 3316 2590 3387 postulavit.
2621 3314 2892 3367 Convenit
2911 3326 3039 3364 vero
3065 3325 3131 3364 ex
3166 3321 3323 3375 atquo
3347 3303 3488 3357 utri-

1905 3426 2012 3480 que
2053 3407 2382 3480 generationi
2441 3403 2732 3459 dubitatio.
2780 3400 3009 3456 Generat
3043 3397 3186 3452 enim
3244 3393 3487 3462 quodam

829 3507 1043 3566 generat
1084 3506 1138 3551 et
1174 3499 1344 3566 virgo.
1377 3498 1487 3551 Iloe
1516 3502 1658 3553 enim
1692 3508 1899 3554 tantum
1932 3503 2221 3554 novimus:
2253 3500 2448 3568 partim
2466 3495 2686 3564 quidem
2709 3493 2877 3547 Deum
2944 3490 3011 3544 de
3072 3488 3203 3553 Deo,
3265 3485 3484 3538 lumen-

235 3598 348 3654 que
374 3585 442 3638 de
477 3585 682 3641 lumine
717 3591 1026 3658 exsistere;
1073 3594 1273 3665 partim
1318 3604 1498 3647 autem
1547 3595 1810 3665 Spiritum
1851 3604 2104 3650 sanctum
2138 3596 2192 3648 in
2219 3594 2485 3664 virginem
2518 3605 2641 3647 sese
2671 3586 2977 3650 demisisse,
3038 3595 3268 3652 eamque
3323 3575 3490 3631 Altis-

237 3673 371 3731 simi
410 3675 666 3731 virtutem
695 3677 1058 3735 obumbrasse
1089 3681 1153 3735 “.

312 3773 430 3840 Ἐφ’
457 3773 722 3843 ἐκατέρου
755 3774 813 3828 δὲ
834 3775 916 3840 τὸ,
962 3773 1297 3844 ήγέννησις
1320 3792 1338 3840 ;
1358 3775 1706 3845 ἀδιήγητον·
1736 3778 1817 3830 ὅτι

231 3863 469 3930 αἴρεται
523 3862 644 3917 ἀπὸ
701 3862 812 3932 τῆς
863 3863 974 3934 τῆς
1003 3864 1176 3934 ήζωὴ
1236 3868 1442 3921 αὑτοῦ.
1482 3869 1640 3920 Τοῦτ’
1672 3868 1819 3921 ἐστιν

235 3948 554 4019 ὑψηλότερα
582 3949 691 4002 τῶν
717 3951 812 4003 ἐπὶ
837 3953 942 4020 γῆς
965 3954 997 4023 ἡ
1029 3953 1292 4018 πολιτεία,
1331 3957 1423 4008 καὶ
1453 3957 1480 4008 ὁ
1507 3957 1645 4010 κατὰ
1683 3958 1818 4027 σάρ-

233 4056 311 4092 κα
339 4039 452 4107 βίος
485 4040 669 4095 αὑτοῦ.
700 4043 876 4105 Μόνος
921 4045 1030 4113 γὰρ
1061 4045 1335 4115 ἁμαρτίαν
1391 4047 1488 4099 οὐκ
1540 4049 1815 4118 ἐποίησεν.

236 4129 351 4182 Καὶ
376 4129 552 4191 ἄλλως
579 4130 657 4190 δὲ,
694 4131 834 4201 ὑπὲρ
866 4133 974 4184 πᾶν
994 4135 1225 4202 γενητὸν
1253 4136 1284 4204 ἡ
1311 4134 1544 4204 ὖπαρξίς
1576 4139 1691 4189 ἐστι
1723 4137 1816 4191 τοῦ

233 4219 599 4287 Μονοτενοῦς.
643 4221 700 4273 '0
728 4221 785 4273 δὲ
832 4222 1125 4292 Σύμμαχος
1147 4225 1438 4289 ἐξέδωκεν·
1489 4227 1816 4297 Ἀπετμήθη

234 4312 351 4382 γὰρ
371 4313 439 4364 ἐκ
468 4312 579 4380 γῆς
597 4311 846 4379 ζώντων,
878 4315 976 4367 καὶ
1003 4316 1098 4370 διὰ
1125 4317 1241 4384 τὴν
1264 4319 1506 4372 ἀδικίαν
1534 4323 1636 4376 τοῦ
1663 4321 1819 4376 λαοῦ

228 4421 355 4474 μου
380 4405 586 4472 πληγὴ
621 4406 844 4471 αὐτοῖς.
878 4405 935 4461 Ὀ
964 4408 1019 4460 δὲ
1049 4408 1343 4463 Θεοδοτίων
1369 4430 1381 4442 ο
1415 4412 1535 4466 Ὅτι
1564 4413 1820 4483 ἄπει-μή.

237 4499 315 4560 θη
338 4494 459 4548 ἀπὸ
490 4493 603 4563 τῆς
634 4495 882 4558 ζώντων,
942 4499 1058 4552 ἀπὸ
1099 4500 1346 4566 ὰθεσίτις
1401 4502 1507 4556 τοῦ
1530 4505 1683 4558 λαοῦ
1697 4523 1817 4574 μου

237 4584 443 4650 ἥψατο
476 4585 694 4640 αὐτῶν.
747 4587 964 4640 Μᾶλλον
1014 4588 1121 4660 γὰρ
1168 4591 1345 4644 αὐτῶν
1380 4592 1684 4662 καθήψατο,
1721 4595 1816 4646 καὶ

237 4675 424 4744 πληγὴ
451 4677 641 4738 ἀὐτοῖς
664 4678 894 4747 μεγίστη
921 4681 1140 4748 γέγονεν
1169 4683 1198 4733 ὁ
1245 4683 1406 4736 αὑτοῦ
1445 4682 1690 4749 θάνατος.
1725 4687 1766 4739 Τ
1775 4705 1818 4738 ι-

236 4766 330 4828 νὲς
359 4766 415 4819 δὲ
442 4767 524 4829 τὸ,
552 4767 777 4834 αἴρεται
808 4770 926 4822 ἀπὸ
961 4770 1070 4837 τῆς
1099 4771 1232 4840 γῆς,
1270 4773 1401 4840 φασὶ
1431 4775 1528 4844 τὴν
1558 4775 1694 4844 μετὰ
1716 4776 1814 4846 τὴν

236 4856 540 4910 ἀνάστασιν
568 4857 733 4912 αὑτοῦ
785 4861 944 4927 δόξαν
985 4862 1214 4931 δηλοῦν·
1243 4864 1430 4934 θεῐκὴν
1493 4868 1600 4936 γὰρ
1656 4868 1812 4932 ἀξίαν

237 4951 274 5020 ἡ
335 4948 447 5001 τῶν
511 4951 975 5021 οἱκονομηθέντων
1046 4954 1292 5018 ὑπέδειξε
1369 4959 1532 5024 πεῖρα
1574 4998 1590 5022 ,
1645 4961 1810 5015 αὑτοῦ

1994 3773 2047 3825 tn
2080 3778 2315 3837 utroque
2335 3773 2516 3820 autem
2547 3766 2592 3818 si
2610 3763 2960 3835 generationis
2986 3760 3177 3814 modus
3190 3765 3487 3827 quaeratur,

1929 3865 2049 3920 ideo
2073 3865 2318 3918 enarrari
2347 3875 2448 3913 non
2487 3857 2694 3926 possit,
2729 3853 2876 3924 quod
2921 3851 3130 3905 tollitur
3153 3867 3184 3902 a
3221 3859 3360 3903 terra
3381 3848 3489 3901 vita

1919 3957 2065 4026 ejus;
2091 3955 2142 4007 id
2171 3962 2276 4017 est,
2318 3950 2463 4022 quod
2485 3963 2698 4012 eorum,
2728 3947 2820 4015 qui
2851 3946 2903 3998 in
2937 3954 3082 3998 terra
3117 3940 3341 4011 degunt,
3369 3940 3491 4009 ipsa

1919 4048 2038 4117 ejus
2082 4046 2151 4100 sit
2200 4044 2252 4097 in
2293 4057 2456 4094 carne
2496 4040 2609 4092 vita
2644 4039 2800 4105 longe
2847 4034 3148 4098 excelsior,
3190 4032 3281 4101 qui
3336 4034 3494 4085 solus

1920 4147 2201 4208 peccatum
2244 4147 2352 4187 non
2394 4128 2649 4192 admisit.
2687 4125 3012 4194 Quanquam
3050 4132 3104 4176 et
3137 4123 3269 4176 alias
3323 4135 3491 4190 supra

1920 4245 2080 4286 omne
2106 4226 2251 4298 quod
2291 4231 2479 4277 natmn
2523 4231 2602 4274 est
2637 4220 2754 4289 ipsa
2791 4214 3074 4286 Unigeniti
3116 4212 3191 4267 sit
3221 4211 3485 4266 essentia.

1920 4323 1988 4375 At
2034 4323 2106 4373 ita
2151 4318 2546 4381 interpretatus
2599 4318 2684 4362 est
2747 4303 3108 4376 Symmachus
3147 4320 3159 4353 :
3209 4300 3488 4354 Abscissus

1919 4423 1996 4466 est
2029 4410 2166 4464 enim
2198 4407 2260 4458 de
2295 4413 2434 4457 terra
2465 4399 2746 4454 viventium
2773 4413 2791 4460 ,'
2824 4407 2871 4448 et
2907 4403 3120 4462 propter
3157 4392 3490 4459 iniquitatem

1919 4504 2096 4572 populi
2139 4499 2238 4552 mei
2265 4498 2418 4560 plaga
2471 4493 2566 4546 eis.
2612 4487 2919 4542 Theodotio
2957 4493 3136 4538 autem
3174 4500 3187 4536 :
3225 4481 3490 4547 Quoniam

1922 4593 2186 4646 abscissus
2207 4596 2282 4641 est
2307 4585 2371 4638 de
2399 4593 2539 4637 terra
2571 4583 2824 4642 vivorum,
2858 4576 2921 4629 ab
2947 4574 3304 4628 inconstantia
3327 4586 3491 4638 popu-

1924 4686 1962 4738 li
1989 4684 2086 4736 mei
2124 4681 2289 4749 tetigit
2321 4693 2427 4730 eos.
2473 4676 2628 4742 Ipsos
2653 4671 2796 4724 enim
2826 4668 3172 4738 putissimum
3205 4663 3406 4729 attigit,
3433 4669 3490 4713 ct

1925 4777 1978 4828 in
2027 4773 2237 4842 plagam
2279 4766 2357 4819 eis
2409 4763 2702 4818 maximam
2755 4773 2903 4813 mors
2934 4757 3055 4825 ejus
3100 4754 3252 4810 abiit.
3285 4751 3492 4805 Volunt

1925 4859 2172 4916 noonulli
2204 4856 2384 4910 verbis
2413 4854 2555 4915 istis,
2584 4850 2788 4903 tollitur
2809 4865 2839 4902 a
2859 4858 3022 4908 terra,
3053 4845 3196 4910 ejus,
3229 4857 3350 4911 qum
3368 4847 3492 4910 post

1926 4953 2385 5009 resurreetienem
2464 4947 2645 5001 futura
2695 4952 2814 5007 est,
2887 4940 3116 5012 gloriam
3164 4933 3488 5006 signiﬁcari.

241 5038 345 5106 μὲν
377 5037 639 5092 θανάτου
691 5040 1162 5110 ὑποδαλλομένου,
1203 5045 1420 5098 πάντων
1459 5046 1514 5098 δὲ
1564 5049 1644 5111 εἰς
1705 5049 1810 5117 ἀφ·
1847 5059 1887 5113 ι)
1920 5043 1924 5077 l

1802 5043 2167 5113 -Dl)ivinaln
2230 5041 2376 5094 enini
2455 5039 2628 5108 ipsius
2715 5033 2941 5105 gloriam
3032 5029 3168 5083 satis
3256 5039 3485 5086 eorum,

238 5125 474 5193 θαρσίαν
507 5125 671 5178 αὑτοῦ
707 5127 887 5196 χάριτι
957 5129 1428 5199 ζωοποιουμένων,
1486 5133 1579 5184 καὶ
1635 5133 1814 5187 πίστει

235 5214 642 5285 λυτρουμένων.
704 5219 867 5272 Ἀλλὰ
921 5219 1038 5283 πῶς
1089 5223 1118 5273 ὁ
1175 5222 1249 5292 μὴ
1320 5221 1476 5285 εἰδὼς
1543 5224 1814 5294 ἁμαρτίαν

237 5305 348 5360 ὑπὸ
391 5306 557 5378 ψήφῳ
594 5310 830 5380 κατέστη
887 5311 1222 5380 θανατικῇ;
1273 5316 1437 5382 φησὶν
1495 5317 1523 5368 ὁ
1582 5316 1806 5386 Πατήρ·

242 5397 384 5450 ’Λπὸ
436 5395 557 5450 τῶν
617 5399 881 5468 ἀνομιῶν
948 5403 1056 5457 τοῦ
1127 5405 1280 5459 ,ιίιοῦ
1333 5424 1452 5472 μου
1521 5407 1678 5476 ἤχθη
1731 5413 1820 5475 εις

243 5485 530 5552 θάνατον,
557 5486 692 5560 ἢὸτι
712 5491 854 5562 ὑπὲρ
883 5492 988 5544 τῶν
1016 5496 1256 5564 ἀνομιῶν
1284 5497 1471 5563 αὑτοῦ,
1491 5499 1522 5567 ἢ
1541 5501 1619 5552 ὅτι
1641 5517 1821 5570 παραυ

316 5595 517 5654 ‘Amos
567 5617 620 5659 ν.
649 5600 740 5658 20.

245 5683 261 5720 '
316 5599 517 5721 ggmos
567 5617 620 5659 ν,
649 5600 740 5658 20,
815 5603 833 5632 ⁷
858 5599 1001 5658 Psal.
1029 5621 1252 5673 xxxviii,
1286 5609 1366 5664 l0.

1443 5610 1462 5640 '
1492 5609 1679 5665 Matth.
1715 5627 1860 5673 \‘xu,
1881 5610 2074 5676 ϐασι.

1921 5151 2042 5206 qua:
2085 5134 2152 5187 ab
2183 5148 2248 5188 eo
2287 5140 2436 5200 gesta
2480 5137 2629 5190 sunt,
2687 5123 3025 5196 experientia
3063 5119 3328 5190 patuisse,
3363 5129 3489 5169 cum

1921 5226 2035 5296 ipse
2081 5223 2300 5293 quidem
2342 5230 2556 5274 mortem
2604 5218 2869 5280 subierit;
2919 5228 3020 5268 nos
3067 5219 3249 5264 autem
3299 5219 3489 5260 omnes

1918 5318 2094 5388 ipsius
2125 5315 2478 5384 benignitate,
2505 5310 2799 5366 immortali
2820 5309 2944 5360 vitze
3001 5302 3238 5358 restituti
3275 5297 3486 5365 ﬁdeque

1914 5384 2179 5477 redempti
2223 5409 2434 5461 smnus.
2473 5405 2540 5458 At
2579 5403 2723 5457 enim
2763 5399 2854 5469 qui
2890 5398 3093 5451 factum
3152 5402 3256 5454 est,
3301 5397 3358 5440 ut
3389 5384 3484 5455 qui

1913 5508 2197 5568 peccatum
2231 5513 2339 5552 non
2372 5495 2692 5558 admiserat,
2743 5491 2928 5544 mortis
2965 5489 3079 5557 ipse
3117 5481 3331 5537 calculo
3355 5478 3488 5532 sub-

2147 5612 2168 5643 ’
2196 5608 2327 5665 Luc.
2359 5624 2514 5672 χχιιι,
2545 5606 2599 5660 5.
2677 5605 2718 5634 ¹⁰
2749 5601 2767 5655 l
2800 5600 2944 5656 Petr.
2981 5614 3039 5664 ιι,
3071 5596 3159 5651 25.
3261 5593 3301 5625 ¹¹
3344 5589 3480 5646 Luc.

1545 5742 1778 5797 \'Alll.'E
1815 5742 2213 5800 LECTIONES.

319 5803 343 5830 ⁸
385 5825 474 5878 π).
515 5807 712 5877 ἀληθὲς
753 5809 939 5873 πάθος.
1021 5811 1046 5850 δ
1087 5815 1140 5865 .l.
1189 5814 1312 5882 γάρ.
