4262 6434
311 458 449 523 2557

1391 469 1919 533 COMMENTARII
1962 472 2042 533 IN
2084 474 2367 535 ISAIAM.

3405 473 3543 538 2558

309 566 537 619 θάνατον
568 565 663 620 τοῦ
692 566 1043 639 ἀμαρτωλοῦ,
1070 571 1144 635 ὠς
1171 572 1267 643 τὴν
1299 575 1609 643 μετάνοιαν.
1641 579 1874 648 Ἁφήο-ει
1906 586 1945 639 Α
1979 583 1992 648 (

1856 598 1874 632 ι
1906 586 1945 639 Α
1979 580 2692 651 (Estenimappropinquam
2718 581 2882 652 Deus)
2912 578 3538 649 inveneritis.’l‘anquam

306 657 414 727 γὰρ
445 657 540 710 ἐπὶ
564 659 722 712 πολὺ
750 660 853 726 τὰς
883 661 1169 730 ἁμαρτίας
1196 664 1383 732 ἡμῶν,
1408 668 1528 720 ἀντὶ
1542 670 1656 734 τοῦ,
1686 687 1881 723 παντε-

305 741 433 805 λῶς,
460 746 552 797 καὶ
572 747 651 808 είς
674 745 839 801 ἅπαν.
877 766 895 800 ι
931 743 1007 802 Ob
1057 751 1163 822 γάρ
1206 753 1528 809 ἐπλεόνασεν
1571 759 1603 826 ἡ
1636 759 1879 829 ἁμαρτία

307 831 848 905 ὑπερεπερίσσευσεν
891 838 924 905 ἡ
954 838 1130 907 χάρις.
1170 858 1188 891 ι
1225 842 1540 913 Γέγραπται
1589 846 1697 915 γὰρ
1751 849 1879 916 περὶ

304 921 564 990 Χριστοῦ,
602 943 620 975 ι
657 926 779 979 Ὅτι
836 927 943 981 ίδοὺ
988 931 1149 993 αὐτὸς
1194 933 1574 1005 εἰσπορεύεται
1622 938 1698 1000 ὡς
1766 938 1876 1009 πῦρ

304 1016 695 1085 χωνευτηρέου,
726 1019 820 1071 καὶ
863 1020 937 1083 ὼς
977 1023 1082 1075 πόα
1116 1024 1442 1088 πλυνὸντων,
1467 1047 1484 1079 ι
1522 1031 1614 1081 καὶ
1640 1031 1706 1082 τὰ
1728 1031 1874 1099 ἑξῆς.

307 1104 565 1169 Βαπτίξει
594 1108 701 1177 γὰρ
729 1111 874 1178 ἡμᾶς
899 1112 1173 1181 Πνεύματι
1197 1117 1335 1187 ἁγίῳ
1383 1121 1479 1171 καὶ
1514 1120 1664 1190 πυρὶ.

1986 671 2150 738 igitur
2172 672 2221 725 in
2250 673 2367 740 ejus
2395 682 2693 743 conspectu
2725 674 2903 735 stetis,
2923 682 3161 728 veterem
3178 688 3419 727 errorem
3446 673 3540 725 de-

1986 763 2187 829 pouite.
2234 763 2297 819 Ut
2336 765 2479 816 enim
2511 780 2576 817 eo
2609 779 2783 833 usque
2813 772 2941 819 sunt
2966 764 3226 826 tenebrae,
3252 762 3429 816 donec
3455 765 3540 817 Sol

1984 854 2277 904 accesserit
2309 894 2323 915 ,
2356 852 2439 906 sic
2466 859 2521 905 et
2557 853 2621 905 ad
2655 852 2863 916 Christi
2909 866 3081 919 usque
3121 851 3414 903 adventtnn
3462 851 3542 901 vi-

1980 943 2096 1010 guit
2131 942 2402 1011 impietas.
2448 941 2563 995 Non
2591 944 2734 997 enim
2761 943 2835 996 ita
2864 952 3092 995 mortem
3128 942 3458 1010 peccatoris,
3482 950 3541 994 ιιι

1982 1033 2155 1100 ipsius
2206 1036 2639 1104 resipiscentiam
2681 1036 2950 1105 exposcit,
2990 1034 3079 1103 qui
3106 1045 3319 1098 peccata
3354 1042 3536 1084 nostra

1983 1125 2234 1190 multum,
2265 1126 2316 1179 id
2348 1135 2431 1181 est
2462 1141 2709 1195 prorsus,
2741 1126 3073 1192 omninoque
3095 1124 3412 1177 dimissurus
3439 1132 3535 1174 est.

312 1209 331 1241 ι
380 1190 480 1244 Ubi
514 1196 656 1247 enim
684 1197 978 1251 abundavit
1003 1212 1308 1269 peccatum,
1352 1205 1518 1275 629
1551 1208 1619 1260 ibi
1650 1210 2113 1276 superabundavit
2143 1221 2197 1266 et
2227 1215 2402 1283 gratia
2425 1190 2490 1267 ’ἦ
2518 1233 2536 1265 ι
2581 1214 2651 1269 De
2681 1215 2901 1269 Christo
2963 1190 3228 1282 siquidem
3290 1213 3342 1265 in
3417 1213 3531 1265 haec

308 1283 470 1337 verba
511 1286 783 1353 legimus:
832 1307 849 1339 ι
884 1288 1022 1344 Ecce
1075 1296 1189 1360 ipse
1234 1297 1566 1362 egredietur,
1603 1306 1855 1367 tanquam
1897 1301 2037 1369 ignis
2064 1304 2390 1368 conﬂatorii,
2432 1313 2485 1359 et
2515 1305 2849 1360 sicuthcrba
2892 1305 3158 1359 fullonum
3199 1304 3265 1370 ",
3299 1323 3317 1355 ι
3375 1312 3535 1358 ρωπο-

311 1389 478 1439 raque
501 1375 780 1445 deinceps.
825 1379 1006 1448 Tingit
1038 1383 1181 1435 enim
1216 1400 1315 1438 nos
1348 1386 1552 1454 Spiritu
1594 1397 1788 1442 saneto
1813 1398 1866 1443 et
1909 1392 2031 1459 igne
2064 1394 2129 1445 ".

382 1467 500 1537 Πῦρ
526 1468 581 1520 δὲ
614 1470 646 1538 ὴ
674 1475 950 1542 σμηκτικὴ
980 1474 1068 1526 τοῦ
1092 1477 1403 1544 Πνεύματος
1432 1480 1657 1550 δύναμις
1696 1484 1874 1535 πάντα

308 1556 482 1623 ῥύπον
513 1559 837 1626 ἐκτήκουσα.
867 1563 927 1614 Εἰ
954 1564 1063 1633 γὰρ
1094 1566 1439 1635 ἀθεράπευτα
1499 1571 1747 1639 νομίζετε
1807 1572 1875 1624 τὰ

307 1646 429 1696 καθ’
461 1647 686 1709 ἑαυτοὺς
706 1648 780 1710 ὡς
814 1650 942 1719 παρ’
963 1651 1269 1720 ἀνθρώποις
1311 1655 1733 1724 ἀπεγνωσμένα,
1760 1654 1874 1710 ἀλλ’

306 1737 366 1786 οὐ
399 1738 526 1806 παρ’
549 1739 669 1806 ἐμοὶ
690 1739 882 1791 ἀνίατα
928 1741 1120 1795 ταῦτα.
1145 1743 1284 1795 Πολὺ
1305 1744 1357 1796 δὲ
1389 1745 1521 1796 Θεοῦ
1549 1746 1642 1797 καὶ
1675 1746 1879 1817 ἀνθρώ-

308 1844 425 1878 πων
476 1828 535 1879 τὸ
558 1830 742 1897 μέσον.
762 1831 845 1891 Ὠς
866 1827 957 1883 οὖν
985 1831 1115 1893 Θεὸς
1138 1833 1453 1898 ἀνεξίκακος
1483 1839 1561 1898 είς
1591 1840 1875 1906 μετάνοιαν

309 1918 685 1989 προκαλοῦμαι
711 1921 982 1992 σωτηρίαν
1012 1925 1499 1997 ἐπαγγελλόμενος,
1529 1930 1576 1980 εί
1628 1930 1866 1981 τὸνυΣω-

304 2012 445 2079 τῆρα
503 2011 592 2063 τὸν
646 2014 774 2083 παρ’
819 2014 953 2084 ἐμοῦ
1013 2016 1327 2085 πεμφθέντα
1366 2021 1867 2090 προσδέχοισοε.οὑ

303 2103 413 2171 γὰρ
443 2103 580 2154 κατὰ
611 2104 733 2167 τοὺς
775 2105 1092 2174 ἀνθρώπους
1142 2112 1481 2179 μνησικακῶ,
1508 2115 1598 2164 καὶ
1629 2115 1873 2182 μετακοιοῶ

305 2194 463 2246 πάλιν
509 2196 992 2265 ἐπαγγειλάμενος.
1038 2200 1113 2251 Οὐ
1138 2200 1219 2252 δεῖ
1257 2201 1437 2254 τοίνυν
1470 2202 1605 2256 Θεοῦ
1654 2204 1875 2258 καλοῦν-

308 2301 421 2345 τος,
455 2286 544 2338 διὰ
584 2286 785 2356 πλῆθος
823 2288 1108 2358 ἁμαρτιῶν
1138 2292 1395 2345 ἀποκνεῖν
1420 2295 1519 2363 τὴν
1563 2297 1869 2364 μετάνοιαν,

300 2375 330 2427 ὃ
371 2376 701 2430 πεπόνθασιν
744 2379 987 2434 Ἰουδαῖοι
1017 2380 1264 2449 λέγοντες
1297 2401 1311 2414 ο
1349 2401 1367 2434 ι
1399 2387 1463 2437 Al
1496 2386 1691 2439 πλάναι
1714 2386 1872 2456 ἡμῶν

305 2468 399 2518 καὶ
442 2470 495 2520 αί
535 2469 752 2539 ἀνομίαι
820 2471 979 2538 ἡμῶν
1035 2473 1092 2525 ἐν
1151 2474 1282 2543 ἡμῖν
1334 2476 1491 2539 εἰσιν,
1531 2477 1624 2529 καὶ
1685 2478 1743 2529 ἐν
1776 2478 1873 2530 ἀὺ-

300 2558 419 2619 ταῖς
488 2557 647 2625 ἡμεῖς
713 2559 1036 2628 τηκόμεθα,
1098 2563 1192 2614 καὶ
1273 2562 1390 2626 πῶς
1456 2563 1767 2635 Caedualla;
1845 2584 1864 2617 ι

305 2645 447 2709 Πρὸς
478 2644 573 2707 οὒς
605 2648 632 2699 ὁ
660 2646 791 2710 Θεός
813 2665 978 2717 φησιν
1004 2663 1019 2677 ⁶
1051 2667 1069 2700 ι
1122 2650 1482 2721 Ἐπιστροφὴν
1512 2654 1868 2723 ἐπιστρέψατε

304 2735 411 2786 ἀπὸ
432 2736 528 2805 τῆς
558 2737 678 2789 ὁδοῦ
727 2738 900 2807 ὑμῶν,
937 2735 1083 2803 οἶκος
1125 2740 1359 2809 Ἰσραὴλ,
1401 2743 1495 2795 καὶ
1518 2744 1616 2794 οὐκ
1658 2742 1871 2796 ἔσονται

308 2828 432 2893 ἡμῖν
459 2829 537 2889 εἰς
572 2829 793 2881 κόλασιν
825 2829 1060 2891 ἀδικίας.
1102 2849 1120 2881 ι
1158 2831 1298 2900 Πρὸς
1334 2832 1390 2884 δὲ
1451 2833 1715 2887 πίστωσιν
1776 2834 1870 2903 τῆς

304 2917 636 2983 ἐπαγγελίας
663 2912 730 2988 ἧς
762 2919 788 2947 ¹¹
817 2920 1109 2989 πεποίηται
1162 2921 1296 2991 πρὸς
1342 2922 1432 2974 τὸν
1479 2923 1650 2992 ἀσεϐῆ
1678 2924 1769 2976 τὸν
1814 2926 1871 2988 ἐξ

303 3006 473 3056 ἐθνῶν
502 3006 921 3075 ἐπιστρέφοντα.
956 3009 1155 3077 χρῆται
1186 3011 1253 3079 τῇ
1290 3010 1397 3063 τοῦ
1424 3011 1601 3065 ὑετοῦ
1640 3012 1738 3067 καί
1762 3012 1871 3081 τῆς

305 3099 507 3164 χιόνος
538 3098 840 3167 παραϐολῇ,
881 3098 1095 3162 δεικνὺς
1114 3100 1206 3153 τὸν
1249 3102 1306 3153 ὲν
1331 3103 1469 3173 ἀρχῇ
1524 3104 1656 3157 Θεὸν
1700 3106 1872 3172 Λόγον

306 3191 510 3243 άιωθεν
548 3194 611 3243 ὲκ
646 3191 737 3243 τοῦ
774 3193 1013 3261 Πατέρος
1042 3195 1299 3248 κατιόντα
1346 3196 1502 3265 δίκην
1538 3197 1715 3251 ὑετοῦ
1772 3198 1870 3251 καὶ

2046 1485 2398 1554 Signitieatur
2427 1502 2556 1541 vero
2590 1486 2731 1553 ignis
2765 1486 3149 1556 appellatione,
3181 1486 3264 1540 vis
3300 1486 3386 1539 illa
3416 1486 3536 1555 Spi-

1975 1576 2109 1630 ritus
2162 1578 2511 1647 ahstergendi
2564 1592 2669 1645 qua
2722 1578 2913 1631 sordes
2965 1592 3156 1631 omnes
3199 1578 3532 1631 adimuntur.

1974 1662 2085 1718 Etsi
2121 1666 2263 1718 enim
2296 1666 2481 1720 sanari
2511 1682 2615 1719 non
2648 1681 2806 1734 posse
2838 1666 3063 1734 putatis,
3097 1681 3214 1734 quae
3246 1668 3385 1735 apud
3418 1681 3533 1731 vos,

1973 1766 2226 1824 tanquam
2281 1758 2558 1819 mortales,
2604 1756 2879 1825 deplorata
2930 1764 3099 1819 sunt,
3148 1772 3255 1809 non
3286 1765 3462 1810 tamen
3505 1772 3534 1809 a

1977 1859 2061 1898 me
2106 1846 2196 1897 illa
2235 1844 2517 1912 persanari
2567 1859 2673 1897 non
2724 1844 2924 1897 valent.
2964 1842 3150 1912 Neque
3181 1858 3306 1897 vero
3345 1860 3532 1911 parum

1899 1963 1944 2021 Β
1976 1934 2117 1988 inter
2147 1935 2392 1989 homines
2440 1943 2491 1988 et
2524 1934 2689 1989 Deum
2730 1934 2978 1989 interest.
3018 1935 3250 2002 Indeque
3282 1949 3377 1987 vos
3408 1935 3530 2002 ipsi,

1976 2022 2068 2091 qui
2102 2021 2245 2076 Deus
2277 2037 2397 2077 sum
2433 2023 2584 2076 mitis
2618 2031 2672 2076 et
2702 2023 2943 2077 clemens
2992 2023 3058 2076 ad
3105 2025 3532 2092 resipiscentiam

1976 2130 2130 2177 voco,
2164 2115 2500 2185 salutemque
2533 2116 2811 2184 polliceor,
2837 2117 2880 2170 si
2913 2116 3136 2169 missum
3168 2131 3195 2169 a
3228 2132 3312 2170 me
3348 2115 3535 2169 Salva-

1974 2214 2146 2259 torem
2195 2206 2515 2263 admittatis.
2549 2207 2667 2263 Non
2697 2208 2842 2262 enim
2883 2222 3033 2262 more
3075 2209 3352 2262 hominum
3395 2209 3535 2273 inju-

1976 2296 2180 2347 riarum
2233 2296 2511 2360 recordor,
2556 2311 2733 2366 neque
2775 2310 2861 2350 me
2911 2312 3150 2361 rursum,
3184 2305 3529 2365 posteaquam

1973 2401 2092 2439 smn
2135 2386 2433 2453 pollicitus,
2467 2387 2713 2453 paenitet.
2760 2384 2876 2440 Non
2916 2386 3070 2439 decet
3117 2386 3279 2454 igitur
3307 2395 3534 2438 vocante

1974 2474 2106 2534 Deo.
2148 2484 2370 2544 propter
2414 2476 2680 2530 scelerum
2722 2477 3146 2539 multitudinem,
3196 2492 3224 2529 a
3268 2477 3535 2545 paeniten-

1974 2566 2047 2619 tia
2076 2565 2347 2631 revocari;
2380 2564 2524 2635 quod
2551 2580 2712 2621 secus
2758 2580 2788 2619 a
2809 2564 3011 2619 Judazis
3047 2565 3244 2619 factum
3276 2573 3380 2628 est,
3409 2580 3531 2616 eum

1976 2656 2061 2711 his
2099 2657 2279 2711 verbis
2328 2658 2409 2713 usi
2455 2666 2585 2711 sunt
2618 2675 2632 2710 :
2670 2675 2689 2707 ι
2727 2656 2952 2710 Errores
2994 2656 3187 2718 nostri,
3228 2661 3282 2708 et
3332 2655 3534 2722 iniqui-

1978 2755 2112 2800 tates
2140 2756 2338 2801 nostrae
2372 2749 2426 2801 in
2463 2748 2622 2802 nobis
2666 2754 2818 2808 sunt,
2856 2746 2908 2799 in
2949 2746 3139 2814 eisque
3172 2745 3274 2814 ipsi
3306 2745 3534 2797 tabcsciv

1974 2854 2118 2903 nius,
2162 2846 2216 2892 et
2262 2838 2534 2904 quomodo
2584 2838 2824 2890 vivemus
2858 2836 2945 2888 '5?
2978 2854 3005 2886 ›
3051 2836 3260 2900 Quibus
3306 2836 3421 2903 ipse
3459 2836 3535 2888 ait

1977 2927 2118 2982 Dens
2157 2945 2170 2981 :
2211 2947 2229 2979 ι
2278 2927 2642 2983 Conversione
2694 2925 3075 2983 convertimini
3120 2939 3150 2981 a
3207 2922 3291 2975 via
3325 2930 3530 2985 vestra.

1973 3024 2169 3079 domus
2203 3024 2387 3087 Israel,
2423 3032 2476 3077 et
2508 3040 2616 3078 non
2638 3033 2799 3078 erunt
2829 3024 2980 3077 vobis
3017 3025 3069 3077 in
3101 3023 3359 3076 ultionetn
3395 3023 3534 3092 inju~

1975 3114 2069 3168 riae
2085 3116 2152 3167 “.
2175 3133 2191 3165 ι
2215 3114 2292 3168 Ad
2315 3114 2434 3183 ejus
2451 3114 2645 3167 deinde
2663 3114 3156 3175 conﬁrmationem,
3175 3111 3319 3181 quod
3344 3111 3414 3174 ei,
3439 3112 3532 3180 qui

1975 3205 2041 3258 de
2064 3185 2315 3270 gentibus
2335 3204 2700 3272 resipisceret,
2729 3203 3001 3271 pollicitus
3019 3210 3153 3262 erat.
3168 3202 3533 3269 pluviwuivis-

305 3284 533 3351 χιόνος,
563 3283 649 3351 ἐφ’
682 3275 726 3349 ᾧ
755 3284 853 3346 τάς
884 3285 1062 3355 ψυχάς
1087 3285 1265 3339 αὐτῶν
1312 3287 1589 3356 ἀρδεῦσαι,
1617 3290 1711 3341 καὶ
1734 3307 1869 3360 καρ-
1900 3299 1941 3353 C
1975 3314 1988 3347 ι

1849 3319 1869 3331 -
1900 3299 1941 3353 C
1975 3312 2071 3365 que
2098 3294 2457 3347 similitudine
2475 3294 2673 3357 utitur;
2707 3293 2851 3347 unde
2877 3292 3019 3361 quod
3042 3301 3160 3346 erat
3185 3293 3236 3345 in
3265 3290 3532 3360 principio

307 3373 580 3441 ποιρόρους
613 3374 974 3443 ἐργάσασθαι,
1004 3376 1097 3428 καὶ
1170 3376 1244 3447 μὴ
1306 3378 1570 3446 πρότερον
1614 3380 1871 3447 ἀναδρα-

301 3462 541 3530 μεῖσθαι
593 3464 742 3530 πρὸς
794 3465 902 3517 τὸν
947 3466 1199 3533 Πατέρα,
1252 3467 1380 3535 πρὶν
1436 3467 1607 3521 ταῦτα
1674 3473 1865 3523 ποιεῖν.

303 3552 637 3622 Θεόπρεπῶς
659 3555 713 3607 δὲ
738 3555 954 3623 νοητέον
976 3556 1080 3609 τοῦ
1119 3557 1380 3624 Πατέρος
1415 3557 1512 3611 καὶ
1556 3559 1623 3612 τὸ
1650 3562 1866 3629 στόμα,

304 3644 400 3693 καὶ
425 3642 530 3694 τὸν
556 3643 759 3711 λόγον.
789 3642 924 3697 Οὔτε
944 3645 1050 3713 γὰρ
1078 3646 1251 3698 ἐκεῖνο
1283 3646 1749 3715 σωματικόν.οὓτε
1776 3643 1868 3701 οὗ-

307 3751 392 3795 :s;
430 3735 827 3798 ἀνυπόστατος.
865 3736 1029 3788 Ἐπεὶ
1090 3736 1208 3799 πῶς
1244 3736 1309 3790 ἂν
1369 3738 1715 3807 κατορθώσας
1761 3740 1865 3792 ἑπ-

303 3826 669 3896 αγαστρέεροι
691 3830 841 3896 πρὸς
872 3829 977 3882 τὸν
998 3831 1227 3897 Πατέρα
1262 3831 1335 3901 μὴ
1356 3831 1645 3900 διαχυθεὶς,
1669 3833 1744 3895 ὡς
1764 3833 1870 3886 τῶν

304 3917 606 3986 ἀνθρώπων
635 3920 662 3971 ὁ
688 3919 840 3985 λόγος
869 3920 1028 3988 μόνον
1051 3920 1310 3990 ὑπάρχων
1342 3922 1871 3991 σημαντικόςςτινὲς

302 4009 361 4061 δὲ
393 4009 498 4061 τὸν
518 4009 693 4062 ὑετὸν
711 4009 866 4078 δῆλον
905 4018 930 4047 τ
957 4009 1163 4078 ἔφασαν
1203 4010 1299 4081 τὴν
1328 4012 1435 4064 τῶν
1495 4014 1868 4079 εὐαγγελικῶν

304 4099 676 4169 κηρυγμάτων
701 4100 987 4169 χορηγίαν,
1016 4100 1082 4153 δι’
1127 4097 1193 4172 ἦς
1219 4100 1493 4172 εὔκαρπος
1536 4104 1568 4172 ἡ
1598 4105 1743 4155 πᾶσα
1775 4104 1870 4171 γέ-

305 4207 483 4257 γονεν,
508 4190 893 4259 ἐπιψάλλοντος
926 4191 1019 4243 τοῦ
1058 4192 1218 4244 Δαϐίδ
1244 4209 1257 4222 ·
1318 4210 1338 4244 ι
1411 4194 1728 4261 Ἐπεσκέψω
1774 4195 1871 4263 τὴν

304 4280 431 4347 γῆν,
468 4280 558 4331 καὶ
582 4280 857 4348 ὲμέθυσας
876 4280 1065 4350 αὐτήνο
1099 4281 1403 4349 ὲπλήθυνας
1432 4282 1525 4335 τοῦ
1589 4284 1870 4337 πλουτῖσαι

302 4372 491 4439 αὐτὴν.
535 4371 672 4433 Τοὺς
702 4370 943 4433 αὔλακας
966 4371 1135 4439 αὐτῆς
1168 4372 1425 4441 μέθυσον.
1477 4374 1759 4444 Πλήθυνον
1802 4377 1872 4428 τὰ

303 4462 617 4530 γεννήματα
647 4461 837 4528 αὐτῆς.
876 4461 962 4512 Ἐν
987 4464 1105 4523 ταῖς
1134 4463 1387 4529 σταγόσιν
1436 4464 1606 4533 αὐτῆς
1633 4465 1872 4535 εὐφραν⁸

306 4554 533 4621 θήσεται
583 4552 964 4605 ἀνατέλλουσα.
1023 4571 1041 4603 ι
1100 4555 1208 4606 Καὶ
1259 4554 1345 4607 διὰ
1400 4556 1641 4619 Μωσέως
1685 4556 1817 4628 φησί
1854 4573 1867 4589 ·

1978 3384 2211 3436 Verbum
2230 3383 2382 3436 etnlis
2401 3382 2644 3449 "pluvia!
2656 3389 2704 3433 et
2726 3381 2858 3433 nivis
2881 3380 3054 3433 instar
3069 3394 3097 3430 a
3127 3378 3286 3433 Patre
3311 3378 3535 3431 descen-

1976 3471 2125 3525 disse
2161 3469 2450 3541 siguiﬁcat,
2488 3477 2545 3523 ut
2578 3470 2831 3538 irrigatas
2861 3483 3047 3522 eorum
3081 3468 3291 3521 animas
3323 3466 3533 3519 fructus

1975 3559 2135 3615 edere
2165 3568 2411 3627 cogeret;
2455 3572 2628 3626 neque
2661 3557 2812 3625 prius
2850 3556 2919 3608 ad
2959 3554 3193 3618 Patrem,
3231 3570 3392 3623 quam
3430 3555 3532 3609 ista

1979 3650 2340 3720 praestitisset,
2364 3664 2475 3701 esse
2504 3662 2851 3701 reversurum.
2883 3645 2974 3698 Est
3007 3659 3135 3699 vero
3174 3644 3364 3698 idonea
3399 3642 3533 3696 Deo-

1976 3754 2082 3809 quc
2103 3739 2443 3800 convenient,
2468 3738 2672 3789 ratione
2692 3733 3019 3803 intelligendi
3048 3750 3095 3786 :n
3119 3733 3259 3804 quod
3279 3750 3335 3786 os
3359 3731 3531 3796 Patri,

1978 3832 2282 3897 uerbumque
2326 3827 2591 3879 attribuit.
2639 3822 2822 3892 Neque
2867 3825 3010 3877 enim
3055 3836 3373 3890 corporeum
3403 3821 3531 3873 illud

1976 3934 2075 3983 est,
2112 3935 2283 3989 neque
2324 3920 2427 3971 hoc
2472 3934 2578 3970 non
2632 3916 2962 3970 subsistens.
3000 3913 3100 3979 Qui
3144 3914 3339 3968 deinde
3374 3914 3535 3965 rebus

1978 4010 2113 4064 bene
2156 4008 2322 4076 gestis
2363 4006 2430 4059 ad
2469 4006 2679 4058 Patrem
2727 4014 3038 4065 revertatur,
3078 4002 3122 4056 si
3166 4015 3272 4054 non
3302 3999 3532 4054 eil'usum

1976 4110 2079 4163 est,
2112 4099 2175 4153 ad
2225 4098 2446 4151 humani
2490 4096 2637 4150 verbi
2680 4093 3120 4155 similitudinem,
3147 4091 3290 4160 quod
3327 4099 3533 4143 tantum

1978 4187 2317 4259 signiﬁcandi
2376 4187 2532 4239 habet
2592 4182 2949 4254 potestatem?
3000 4180 3106 4233 Sed
3153 4181 3295 4234 enim
3346 4188 3535 4248 putant

1979 4279 2225 4333 nonnulli
2278 4278 2466 4346 pluvia:
2510 4276 2745 4337 nomine,
2778 4273 3100 4341 evangelica:
3143 4270 3533 4340 promulgatio-

1979 4371 2063 4425 nis
2094 4385 2313 4433 munus,
2339 4382 2431 4437 per
2456 4382 2617 4436 quain
2651 4366 2845 4420 fertilis
2875 4365 3049 4418 evasit
3082 4363 3333 4417 universa
3367 4371 3533 4424 terra,

1979 4462 2308 4532 signiﬁcari,
2362 4462 2646 4514 accinente
2701 4460 2753 4511 in
2815 4460 2958 4511 hunc
3009 4454 3229 4509 modum
3277 4452 3475 4507 Davide
3519 4471 3531 4504 :

1988 4573 2006 4605 ι
2053 4553 2289 4606 V'isitasti
2338 4561 2534 4606 terram
2575 4561 2630 4604 et
2666 4548 2945 4604 inebriasti
2988 4562 3129 4609 eam,
3162 4544 3533 4612 multiplicasti

311 4663 327 4692 ι
378 4644 763 4712 Καταϐήσεται
790 4645 864 4705 ὡς
907 4643 1059 4705 ὑετὸς
1091 4644 1152 4695 τὸ
1183 4643 1515 4714 ἀπόφθεγμά
1544 4662 1665 4714 μου.
1702 4665 1719 4698 ι
1763 4648 1873 4699 Καὶ
1907 4640 1946 4693 1)
1984 4642 1994 4696 Ι

1852 4640 1946 4699 ιο
1984 4642 2315 4710 locupletare
2365 4654 2501 4693 eam.
2564 4637 2729 4691 [lii-os
2780 4636 2899 4703 ejus
2946 4634 3187 4693 inebria,
3238 4632 3535 4700 multiplica

307 4733 516 4796 Παῦλος
548 4733 605 4786 δέ
629 4749 794 4802 φησιν
819 4749 831 4762 ·
866 4751 884 4783 ι
928 4733 986 4784 ὐ
1025 4733 1080 4785 δὲ
1113 4732 1245 4796 Θεὸς
1265 4734 1364 4802 τῆς
1416 4735 1637 4804 εἰρήνης
1651 4736 1873 4805 αὐξήσει

303 4822 396 4873 τὸν
425 4822 625 4892 σπόρον
657 4822 807 4890 ὑμῶν
843 4822 935 4874 καὶ
966 4822 1231 4891 πληθύναι
1278 4824 1345 4875 τὰ
1405 4826 1723 4892 γεννήματα
1776 4826 1876 4893 τῆς

303 4914 654 4983 δικαιοσύνης
681 4913 855 4982 ὑμῶν.
903 4932 921 4963 ι
958 4913 1067 4964 Καὶ
1091 4913 1208 4977 πῶς
1239 4914 1346 4982 γὰρ
1385 4916 1443 4966 οὐ
1500 4915 1876 4984 δράσειταῦτα

303 5004 375 5055 τά
406 5004 526 5055 θεῖα
578 5004 781 5069 Λόγια;
840 5002 981 5054 κατά
1011 5001 1119 5070 γὰρ
1164 5003 1253 5055 τὸν
1288 5003 1523 5072 παρόντα
1553 5007 1836 5074 προφήτην
1860 5019 1872 5032 ·

310 5111 330 5144 ι
373 5094 439 5145 *Α
481 5095 508 5145 ὁ
558 5092 687 5155 Θεὸς
739 5093 767 5143 ὁ
810 5090 962 5158 ἅγιος
987 5092 1353 5160 βεϐούλευται,
1408 5094 1488 5155 τίς
1511 5094 1871 5159 διασκεδάσεις

306 5184 400 5235 καὶ
430 5183 530 5252 τήν
564 5183 720 5251 χεῖρα
749 5181 845 5250 τὴν
871 5179 1081 5250 ὑψηλὴν
1108 5182 1191 5242 τίς
1210 5180 1575 5250 ἀποστρέψει;
1607 5201 1621 5231 ι

1976 4731 2216 4801 germina
2251 4730 2390 4799 ejus.
2427 4730 2480 4782 in
2529 4726 2822 4783 stillicidiis
2866 4725 2985 4793 ejus
3033 4724 3301 4777 ltetabitur
3338 4722 3537 4789 germi-

1980 4838 2117 4875 nans
2144 4822 2207 4875 ⁸⁸.
2241 4839 2259 4871 ι
2299 4819 2360 4872 Εῑ
2389 4820 2563 4881 Mose,
2595 4818 2677 4871 his
2708 4818 2887 4871 verbis
2913 4834 2925 4869 :
2956 4815 3120 4886 630
3158 4833 3175 4864 ι
3214 4814 3533 4875 Descendet,

1982 4927 2034 4968 ut
2064 4912 2262 4984 pluvia,
2295 4912 2571 4979 eloquium
2620 4926 2797 4962 meum
2826 4910 2891 4961 ’³.
2930 4927 2948 4959 ›
2991 4907 3051 4959 Et
3091 4906 3259 4959 Paulo
3297 4905 3413 4973 ipso
3445 4903 3555 4957 ubi.

1980 5007 2048 5058 ait
2089 5023 2099 5056 :
2134 5024 2151 5055 ι
2194 5003 2333 5058 Deus
2383 5012 2559 5055 autem
2605 5002 2754 5069 paris
2798 5000 3013 5068 augt-bit
3051 5013 3233 5051 semen
3277 5006 3534 5056 vestrum,

1980 5103 2031 5147 et
2075 5092 2453 5160 multiplieahit
2491 5090 2695 5145 semina
2729 5089 2958 5156 iustitiae
2998 5094 3189 5138 vestra:
3224 5085 3288 5136 '°.
3328 5102 3345 5133 ι
3395 5081 3537 5147 Quid

1984 5198 2088 5234 non
2124 5191 2300 5234 autem
2345 5181 2529 5234 divina
2576 5178 2796 5231 orarula
2851 5177 2954 5229 ista
3000 5172 3262 5228 efﬁciant?
3301 5171 3356 5225 Si
3393 5173 3537 5225 enim

308 5283 501 5329 nostro
530 5273 655 5326 huic
687 5271 959 5340 pr0phette
999 5272 1273 5325 credimus
1313 5288 1326 5325 ;
1364 5291 1380 5321 ι
1410 5270 1539 5335 Qua:
1573 5272 1710 5325 Deus
1747 5281 1969 5325 sanctus
1996 5274 2263 5336 consulat,
2302 5271 2425 5340 quis
2466 5268 2786 5338 dissipabit?
2858 5276 2912 5320 et
2982 5280 3200 5318 manum
3268 5263 3538 5317 excelsam

306 5367 435 5436 quis
468 5375 675 5417 avertet
701 5364 784 5416 “'2
820 5382 839 5415 ι

394 5457 482 5523 Ἐξ
517 5451 578 5511 οὗ
600 5456 694 5526 τὴν
723 5455 1027 5526 εὐκαρπίαν
1094 5454 1405 5525 ὲσχήκαμεν
1465 5457 1563 5524 τὴν
1614 5472 1858 5523 πνευμα-

380 5571 427 5601 ¹¹
456 5571 611 5623 Rom.
658 5588 710 5632 v,
757 5571 847 5625 20.
925 5571 969 5602 "
1027 5568 1257 5624 Malach.
1303 5585 1377 5631 ιιι,
1422 5569 1477 5623 2.

314 5658 355 5708 ι,
523 5641 569 5672 ⁸³
608 5640 751 5696 Psal.
779 5656 923 5705 uiv,
962 5639 1046 5703 10,
1082 5640 1164 5694 ll.

1231 5641 1275 5671 ’θ
1315 5639 1464 5694 Deut.
1503 5657 1673 5699 nam.
1707 5642 1759 5694 ‘2.

382 5829 408 5856 ’³
440 5838 523 5889 γρ.
562 5820 647 5889 ἦν.
726 5829 753 5856 ν
796 5836 879 5888 yp.
912 5817 1122 5890 δηλοῦν.

1593 5572 1637 5603 ⁸³
1672 5571 1857 5624 Matth.
1894 5587 1973 5631 III,
2008 5572 2089 5623 ll.

1838 5642 1881 5672 ³⁰
1915 5641 1954 5693 Il
1985 5641 2110 5693 Cor.
2154 5656 2227 5694 ιτ.
2268 5638 2353 5691 l0.

1589 5729 1671 5784 VA
1684 5730 1816 5785 RUE
1862 5729 2255 5784 LECTIONES.

2040 5453 2175 5506 llinc
2207 5452 2294 5505 illa
2364 5448 2520 5503 nobis
2558 5445 2842 5500 .l‘iuetnum
2889 5441 3248 5511 spiritualium
3296 5437 3544 5499 ubertas,

2202 5571 2246 5601 ’⁵
2286 5566 2479 5622 Ezech.
2514 5564 2795 5624 xuunlt).
2892 5562 2937 5600 "-
2974 5558 3101 5611 ibid.
3149 5558 3228 5614 ll.

2459 5636 2499 5666 "
2591 5634 2688 5687 lsa.
2780 5630 3044 5695 \Ltn,l5.

3305 5558 3350 5589 ’⁷
3378 5554 3537 5611 Joan.
