4262 6434
278 366 425 431 Ξῖιὸἳ

1457 384 1605 443 COM
1620 382 1990 441 MENTARH
2035 384 2105 442 IN
2152 386 2435 447 ISAIAM.

3374 389 3515 451 9.555

284 478 457 536 τείαν,
480 477 569 528 ἐπὶ
603 478 660 531 τὸ
694 479 800 532 τῶν
836 482 1101 538 Ἰουοαίων
1137 486 1317 555 τάγμα
1366 488 1563 558 μετέϐη
1595 489 1703 539 τῶν
1738 490 1855 539 τότε
1891 496 1931 549 Λ
1963 507 1967 540 ὲ

1823 504 1855 538 ’Ξ
1891 496 1931 549 Α
1963 489 2025 540 ad
2058 488 2273 544 Jndaeos
2300 495 2409 560 jam
2458 493 2651 548 transit
2681 494 2887 559 oratio;
2943 499 3034 564 qui
3066 498 3340 568 propheta:
3374 489 3506 554 ten.-

280 564 361 634 τῷ
409 570 665 639 προφήτῃ
719 573 1005 639 συνόντων,
1050 575 1243 638 οἵτινες
1289 577 1544 646 ἐφρόνουν
1570 577 1654 629 ἐπ’
1694 578 1850 644 εὐγεσ

282 656 426 724 νείᾳ,
452 658 544 709 καὶ
566 658 645 721 τῷ
670 660 960 726 φυλάττειν
983 665 1047 717 τὰ
1076 665 1347 727 Σάϐϐατα,
1371 669 1464 719 καὶ
1487 668 1544 719 τὸ
1566 668 1854 735 πολύγονον

281 746 569 810 εὐσεϐείας
613 750 863 819 ἐνόμιζον
901 755 1087 824 γέρας,
1123 756 1197 817 ὡς
1245 757 1568 810 ἀναπίπτειν
1609 759 1855 810 ἐντεῦθεν

283 839 412 900 τοὺς
442 844 866 908 προσηλύτους
904 846 999 898 καὶ
1029 847 1167 911 τοὺς
1204 850 1536 915 εὐνούχους
1558 865 1571 878 ·
1604 850 1728 911 τοὺς
1760 850 1855 918 μὲν

283 925 358 988 ὼς
396 926 698 992 εὐγενείας,
730 932 855 992 τοὺς
886 932 940 983 δὲ
974 933 1047 995 ὠς
1077 935 1279 986 παίδων
1322 937 1734 1005 ἐστερημένους.
1768 938 1857 988 At};

282 1014 529 1067 δείκνυσι
567 1017 701 1080 Θεὸς
746 1021 803 1070 ὲν
825 1022 1046 1089 τρόποις
1078 1018 1216 1075 εἶναι
1248 1023 1343 1076 καὶ
1386 1027 1506 1085 ταῖς
1544 1025 1763 1093 ἀρεταῖς
1797 1024 1858 1075 τὸ

287 1106 580 1172 μακάριον.
640 1107 700 1158 'U
750 1109 860 1176 γὰρ
914 1111 1273 1179 ἐστερημένος
1330 1112 1718 1177 δικαιοσύνης
1761 1112 1858 1164 καί

284 1195 565 1259 κρίσεως,
595 1198 694 1250 κάν
725 1214 777 1250 τι
803 1199 910 1250 τῶν
942 1200 1246 1270 εἰρημένων
1270 1202 1387 1271 ἔχῃ,
1413 1202 1531 1254 λίαν
1560 1203 1705 1254 ἐστὶν
1732 1202 1857 1254 ἀνό-

284 1302 464 1353 νητος.
509 1286 672 1339 Ὅθεν
705 1288 838 1357 φησί
862 1305 875 1319 °
908 1291 1093 1358 Πάσης
1132 1290 1354 1359 ἀκρίτου
1385 1292 1665 1343 παύσασθε
1717 1290 1859 1357 γνὼ-

286 1391 417 1442 μης,
468 1378 793 1445 κεκριμένοι
844 1379 1088 1448 λογισμῷ
1153 1383 1426 1449 μετιόντες
1474 1383 1537 1433 τὸ
1587 1381 1854 1433 δίκαιον·

285 1466 475 1533 ἤγουν,
512 1468 591 1518 Τὰ
617 1468 753 1537 ὀρθά
789 1468 1085 1536 φυλάττετε
1116 1472 1389 1539 κρίματα,
1423 1471 1455 1540 ἢ
1486 1473 1555 1523 τὰ
1594 1471 1711 1523 θεῖα
1740 1472 1860 1542 κρί-

287 1572 455 1621 ματα,
484 1557 765 1624 δηλονότι
798 1560 897 1622 τὰς
954 1562 1192 1623 ἐντολάς.
1227 1566 1320 1614 Δεῖ
1370 1564 1425 1615 δὲ
1471 1564 1563 1616 καὶ
1616 1563 1860 1635 λογισμῷ

286 1641 597 1709 φυλάττειν,
628 1646 721 1697 καὶ
754 1645 901 1717 ἔργῳ
933 1651 1130 1702 ποιεῖν.
1156 1650 1246 1700 Διό
1300 1667 1432 1719 φησι
1456 1667 1469 1681 ⁸
1504 1651 1607 1704 καὶ
1641 1652 1860 1705 ποιεῖτε

281 1733 702 1801 δικαιοσόνην,
754 1738 945 1805 μισθὸν
971 1740 1442 1809 ἐπαγγειλάμενος
1460 1741 1527 1793 τὸ
1566 1743 1862 1810 σωτήριον

1960 578 2181 641 poribus
2215 579 2478 640 viventes,
2525 582 2739 649 generis
2803 583 3085 639 nobilitate
3109 588 3510 654 superbiebant,

1962 664 2234 731 prolisque
2262 666 2643 719 fecunditatem
2692 669 2907 735 pietatis
2939 686 3058 725 esse
3087 674 3364 740 prteminm
3398 677 3508 727 ιηιὶ-

1957 754 2290 806 Stimabant:
2324 756 2463 809 unde
2493 759 2583 825 qui
2625 759 2926 827 alienigena:
2972 762 3294 830 annue/tique
3340 777 3511 828 erant,

1957 841 2155 893 animis
2183 842 2543 895 concidebant
2577 860 2590 895 :
2625 844 2677 896 hi
2711 846 2963 913 quidem,
3004 858 3259 914 tanquam
3306 849 3513 915 ignold-

1958 931 2069 999 les;
2108 932 2181 985 illi
2219 943 2421 997 autem,
2464 944 2521 988 ιιι
2569 936 2866 995 infecundi.
2915 940 3210 1009 liberisque
3240 953 3509 996 carentes.

1958 1020 2073 1083 Quo
2106 1020 2163 1072 fit
2219 1030 2279 1074 ut
2331 1023 2382 1074 in
2433 1024 2676 1077 moribus
2729 1025 2881 1092 ipsis.
2929 1034 2983 1079 et
3019 1028 3334 1091 virtutibus,
3390 1045 3513 1083 esse

1960 1111 2272 1164 heatitatem
2307 1114 2637 1167 demonstret
2658 1115 2818 1170 Deus.
2840 1115 3022 1185 Neque
3048 1120 3189 1172 enim
3216 1121 3512 1189 quidquam

1959 1204 2270 1267 profecerit,
2314 1206 2710 1271 ηιιίριιττυιίὲιιιιι
2757 1208 2972 1273 haheat,
3021 1210 3065 1261 si
3103 1208 3319 1277 justitia
3349 1220 3396 1263 et
3421 1212 3507 1275 ju-

1959 1292 2098 1344 dicio
2136 1304 2341 1349 careat.
2404 1294 2603 1350 Omnes
2655 1316 2752 1352 vos
2812 1302 2993 1363 igitur,
3057 1303 3252 1371 inquit,
3309 1304 3515 1371 abjeeta

1960 1382 2158 1433 mentis
2183 1382 2573 1446 inconstantia,
2606 1387 3005 1454 certojudicio,
3039 1392 3179 1456 quod
3197 1391 3402 1456 justum
3432 1400 3516 1443 est

1960 1472 2203 1539 qumrite.
2229 1471 2519 1536 Nimirum,
2551 1485 2693 1528 recta
2720 1479 2969 1545 judicia:
2998 1490 3085 1532 aut
3118 1482 3278 1533 etiam
3308 1482 3513 1545 divina;

1961 1562 2012 1616 id
2055 1570 2158 1621 est,
2188 1562 2280 1617 Dei
2331 1575 2593 1633 przccepla
2642 1569 2916 1622 custodite.
2969 1569 3131 1624 Decet
3170 1586 3295 1624 vero
3328 1573 3414 1624 illa
3464 1582 3517 1625 et

1961 1652 2141 1704 animo
2170 1653 2466 1716 custodire,
2495 1665 2546 1708 et
2588 1672 2774 1725 reapse
2828 1669 3086 1725 praestare
3136 1680 3148 1714 :
3206 1677 3313 1727 quo
3347 1662 3401 1714 fit
3459 1671 3516 1714 ut

1957 1742 2228 1809 justitiam
2272 1744 2443 1811 facere
2480 1745 2698 1812 jnhens,
2736 1748 2960 1800 salutent
2987 1758 3037 1801 et
3067 1750 3513 1814 misericordiam,

283 1824 478 1876 καὶτὸ
528 1825 719 1889 ἕλεος,
752 1827 807 1895 ἢ,
854 1830 996 1881 κατὰ
1044 1830 1173 1892 τοὺς
1217 1831 1461 1894 λοιποὺς,
1490 1832 1589 1901 τὴν
1639 1832 1857 1886 δίκαιοι·
1889 1809 1966 1881 Βη

1828 1855 1857 1873 ι-
1889 1809 2057 1885 Baut
2108 1833 2406 1885 secundum
2459 1835 2720 1901 reliquos.
2759 1838 3071 1904 justitiam,
3129 1838 3181 1890 in
3236 1842 3511 1907 prmminm

283 1916 508 1979 σύνην.
545 1915 698 1977 Τινὲς
730 1916 784 1969 δέ
832 1935 1019 1985 φασιν·
1055 1920 1172 1971 Ἵνα
1210 1921 1282 1990 μὴ
1312 1923 1607 1989 νομίσωσιν
1634 1924 1724 1975 ἐπὶ
1760 1924 1858 1994 τὴν

284 2006 380 2055 τοῦ
418 2007 585 2073 νόμου
615 2010 844 2077 τήρησιν
883 2009 981 2077 τὴν
1019 2012 1075 2062 ἐν
1112 2015 1289 2071 σκιαῖς
1320 2014 1414 2065 καὶ
1445 2013 1635 2076 τύποις
1676 2031 1856 2083 παρα-

285 2096 592 2159 καλεῖσθαι,
631 2099 813 2167 ἐγγ·ὺς
839 2096 1010 2164 εἶναι,
1045 2102 1199 2169 φησι,
1229 2102 1295 2155 τὸ
1319 2103 1633 2170 σωτήριον,
1661 2106 1755 2156 καί
1793 2104 1858 2157 τὸ

282 2184 479 2249 ἕλεος,
512 2186 658 2239 τοῦτ’
690 2189 804 2241 ἐστι
846 2192 1101 2259 Χριστόν.
1148 2193 1405 2262 Ἐλεήσας
1436 2196 1543 2264 γάρ
1567 2198 1734 2264 ἡμᾶς,
1769 2196 1859 2248 διὰ

282 2274 384 2342 τῆς
430 2276 679 2342 ἀφέσεως
706 2278 927 2333 ἔσωσεν.
962 2281 1119 2333 Οὕτω
1153 2286 1245 2334 καὶ
1289 2285 1608 2355 Ἀμϐακουμ
1632 2302 1647 2316 “
1682 2305 1699 2336 ι
1734 2288 1857 2339 Ἔτι

288 2366 505 2434 μικρὸν,
526 2369 618 2419 καὶ
644 2371 672 2421 ό
696 2370 986 2440 ἐρχόμενος
1013 2372 1153 2441 ἥξει,
1186 2376 1277 2426 καὶ
1299 2376 1356 2426 οὺ
1390 2380 1608 2444 χρονιεῖ.
1638 2396 1657 2428 ι
1699 2378 1861 2430 Ἀπο-

284 2457 666 2525 καλινρνῆιγιι
726 2461 781 2512 δέ
823 2480 1024 2530 φησιν,
1060 2465 1249 2534 ἐπειδὴ
1299 2467 1602 2536 πριῦλεγον
1651 2467 1750 2537 μὲν
1809 2469 1857 2521 οἱ

285 2547 566 2614 προφῆται
622 2551 744 2617 περὶ
793 2550 981 2612 αὑτοῦ,
1019 2552 1075 2602 ὲν
1120 2553 1267 2614 ἰδίοις
1324 2553 1379 2605 δὲ
1415 2558 1627 2623 καιροῖς
1668 2557 1861 2622 ἐξανε-

287 2635 458 2703 ρώθη.
492 2638 661 2689 Τοῦτο
692 2641 784 2691 καὶ
804 2641 965 2692 Δαίῖιδ
1007 2642 1189 2710 ἔλεγεν
1217 2658 1232 2673 ·
1270 2662 1287 2693 ι
1325 2643 1617 2714 Ἐγνώρισε
1656 2646 1857 2716 Κύριος

284 2728 345 2775 τὸ
381 2729 646 2798 σωτήριον
678 2730 841 2781 αὐτοῦ
879 2732 1121 2784 ἐναντίον
1158 2736 1266 2785 τῶν
1298 2734 1488 2789 ἐθνῶν.
1518 2736 1856 2804 Ἀπεκάλυψε

286 2817 385 2883 τὴν
407 2818 748 2890 δικαιοσύνην
778 2822 964 2876 αὑτοῦ.
993 2842 1010 2873 ι
1054 2823 1174 2876 Ἐπὶ
1201 2826 1479 2890 τοιαύταις
1508 2823 1600 2879 οὖν
1638 2827 1856 2882 ἐλπίσιν

284 2910 554 2975 ἐπιλέγει,
574 2912 875 2981 Μακάριος
898 2914 1052 2982 ἀνὴρ
1082 2919 1114 2969 ὀ
1142 2916 1329 2970 ποιῶν
1357 2919 1561 2972 ταῦτα.
1588 2920 1705 2985 Τὴν
1731 2921 1855 2988 κρί-

283 3014 389 3050 σιν
414 2998 562 3064 λέγει
593 3002 689 3053 καὶ
724 3002 836 3068 τὴν
861 3003 1276 3073 δικαιοσύνην,
1322 3008 1438 3059 ἀλλ’
1468 3010 1565 3077 οὐχ
1595 3010 1624 3060 ὁ
1666 3025 1858 3077 προτε-

289 3094 500 3160 ρήμασι
523 3094 822 3163 κομπάζων
848 3102 1199 3167 σωματικοῖβ,
1224 3102 1473 3172 εὐγενείᾳ
1496 3121 1553 3155 τε
1578 3104 1670 3156 καὶ
1691 3105 1854 3156 πολυ-

284 3183 497 3252 παιδίᾳ.
528 3185 744 3253 Συνῳδά
792 3186 999 3254 τούτοις
1047 3188 1234 3260 ἔλεγεν
1290 3193 1539 3266 Ἰωάννης
1588 3198 1614 3251 ό
1655 3197 1856 3252 Bamb-

287 3276 454 3345 στής·
495 3291 517 3328 τ
554 3278 827 3348 Ποιήσατε
873 3282 967 3335 οὖν
1021 3289 1267 3354 καρποὺς
1317 3288 1499 3351 ἀξίους
1545 3291 1641 3359 τῆς
1693 3309 1859 3359 μετα-

285 3370 456 3432 νοίας,
492 3371 584 3421 καὶ
638 3373 714 3440 μὴ
759 3371 947 3443 δόξητε
1000 3375 1204 3442 λέγειν,
1251 3377 1469 3448 Πατέρα
1521 3378 1718 3449 ἔχομεν
1769 3382 1859 3434 τὸν

298 3457 573 3528 Ἀϐραάμ.
611 3478 631 3511 ι
693 3460 925 3529 Ὁμοίως
968 3466 1059 3516 καὶ
1097 3466 1125 3516 ὁ
1176 3467 1385 3536 Σωτήρ·
1427 3486 1444 3519 ι
1473 3470 1534 3522 Et
1563 3471 1727 3523 τέκνα
1763 3472 1857 3526 τοῦ

300 3549 551 3619 Ἀϐραὰμ
574 3546 694 3621 ἦτε,
717 3554 785 3605 τά
817 3552 951 3622 ἔργα
981 3555 1074 3609 τοῦ
1107 3556 1358 3628 Ἀϐραάμ
1381 3561 1611 3615 ἐποιεῖτε
1638 3563 1721 3617 ἄν.
1754 3581 1773 3613 ι

356 3724 449 3773 Δεῖ
474 3721 531 3774 δὲ
564 3725 697 3793 πρὸς
730 3722 810 3789 τῷ
847 3727 1178 3794 φυλάττειν
1208 3729 1531 3805 [Zamam],
1563 3735 1661 3791 καὶ
1720 3736 1859 3791 ἀντ-

287 3810 534 3880 έχεσθαι
561 3813 669 3881 τῆς
712 3814 1123 3886 δικαιοσύνης,
1167 3823 1265 3875 καὶ
1316 3825 1585 3892 κρίσεως,
1637 3831 1733 3882 καὶ
1782 3832 1857 3901 μὴ

291 3903 593 3973 παρέργως
625 3906 713 3957 ἐπ’
740 3908 879 3960 αὐτὰ
908 3912 1124 3980 χωρεῖν.
1158 3913 1311 3967 Μετὰ
1355 3915 1555 3969 τούτων
1605 3920 1716 3989 γὰρ
1765 3923 1858 3974 καὶ

287 3995 329 4059 ἠ
353 3994 601 4061 φυλακὴ
635 3994 753 4049 τῶν
777 3999 1091 4053 Σαϐϐάτων
1121 4003 1404 4071 ἐπαινετὴ,
1436 4008 1555 4075 ἥτις
1584 4010 1732 4062 ἐστὶν
1760 4013 1857 4082 οὐχ

286 4084 478 4147 ἁπλῶς
505 4086 564 4138 ὲν
592 4087 782 4157 ἀργίᾳ,
814 4088 929 4141 ἀλλ’
957 4093 1013 4145 ἐν
1049 4092 1128 4160 τῷ
1152 4094 1515 4167 τὰςέχεζρας,
1557 4100 1701 4153 τοῦτ’
1744 4103 1856 4156 ἔστι

279 4175 384 4236 τὰς
415 4174 643 4246 πράξεις
672 4178 914 4247 καθαρὰς
945 4182 1158 4236 ἀτόπων
1214 4184 1392 4254 ἔργων
1439 4194 1648 4259 τηρεῖν.
1700 4194 1857 4249 Οὕτω

278 4268 395 4335 γὰρ
424 4265 505 4319 δεῖ
539 4269 1003 4353 ξαϐϐατίζοντας
1033 4272 1222 4337 Θυσίας
1270 4281 1563 4347 προσάγειν
1616 4299 1858 4353 πνευμα-

278 4355 464 4419 τικάς.
498 4351 634 4409 Εἶτα
672 4361 1079 4430 παραμυθεῖται
1116 4366 1255 4431 τοὺς
1295 4374 1722 4442 προσηλύτους
1757 4351 1855 4431 καί

1964 1924 2302 1992 polliceatur.
2346 1923 2545 1977 Putant
2580 1928 2846 1991 nonnulli,
2882 1944 2946 1981 ne
2996 1930 3241 1981 videatur
3271 1930 3337 1984 ad
3385 1932 3516 1996 legis

1966 2016 2253 2079 umbram,
2316 2024 2678 2086 typornmque
2734 2019 3164 2074 observationem
3215 2023 3515 2085 adlmrlari,

1964 2107 2186 2159 salutent
2235 2117 2283 2162 et
2316 2110 2755 2175 misericordiam,
2811 2112 2860 2165 id
2897 2122 2979 2166 est
3020 2112 3318 2176 Christum,
3362 2130 3517 2181 prope

1963 2213 2073 2250 esse
2115 2198 2460 2267 significare;
2499 2200 2657 2268 cujus
2702 2203 3050 2255 miseratione.
3079 2218 3173 2271 per
3233 2205 3511 2259 remissio-

1967 2302 2088 2341 nem
2130 2290 2330 2342 servati
2363 2304 2570 2345 sumns.
2604 2290 2757 2357 Quod
2805 2293 3090 2347 confirmat
3132 2305 3183 2349 et
3239 2295 3515 2350 Habacum

1967 2378 2050 2431 his
2088 2378 2266 2432 verbis
2299 2396 2313 2432 :
2352 2397 2371 2430 ι
2406 2380 2596 2435 Adhuc
2628 2382 2923 2448 modicum,
2960 2395 3013 2437 et
3055 2385 3146 2453 qui
3190 2388 3356 2451 venit,
3394 2386 3519 2441 ade-

1965 2466 2061 2527 rit,
2092 2480 2265 2534 neque
2293 2466 2529 2521 tardabit
2565 2470 2629 2521 ⁵⁵.
2673 2487 2690 2519 ι
2728 2469 2853 2523 Ideo
2886 2479 3064 2525 autem
3107 2473 3384 2525 revelatum
3408 2491 3519 2527 es<e

1964 2555 2125 2620 dixit,
2161 2557 2306 2624 quod
2331 2573 2449 2625 qua:
2477 2558 2543 2611 de
2577 2574 2642 2613 eo
2676 2559 2948 2627 praphetae
2980 2562 3362 2631 praedixerant,
3402 2568 3519 2618 suis

1964 2646 2304 2714 temporibus
2334 2647 2386 2701 in
2416 2648 2590 2701 lucem
2624 2650 2966 2717 prodierint,
2994 2652 3152 2720 juxta
3194 2654 3325 2707 illud
3363 2654 3520 2707 Davi-

1963 2732 2094 2787 dis:
2139 2751 2157 2784 ι
2202 2732 2399 2786 Νοιιιιιι
2456 2734 2583 2788 fecit
2639 2734 2900 2791 Dominus
2950 2740 3191 2793 salutare
3247 2757 3428 2795 suum.
3465 2741 3517 2794 la

1964 2836 2258 2894 conspectu
2289 2826 2528 2895 gentium
2559 2828 3099 2896 revelavitjnstitiam
3123 2832 3244 2899 ejus
3281 2832 3346 2885 ".
3387 2850 3406 2883 ι
3446 2831 3519 2885 Ea

1964 2930 2059 2984 spe
2088 2916 2253 2984 igitur
2277 2916 2553 2970 concludit
2583 2917 2802 2971 Beatum
2832 2936 2944 2973 esse
2973 2923 3137 2974 virum
3180 2924 3271 2992 qui
3296 2924 3399 2976 ista
3433 2926 3519 2991 [a-

1961 3006 2071 3058 ciat
2092 3043 2109 3068 ,
2132 3004 2400 3073 judicium
2430 3006 2689 3060 nimirum
2725 3018 2772 3059 et
2795 3009 3059 3070 iustitiam
3085 3026 3104 3063 :
3134 3027 3238 3063 non
3273 3013 3363 3081 qui
3396 3026 3520 3066 eor-

1964 3094 2114 3164 poris
2146 3095 2540 3163 praerogativis,
2577 3096 2861 3151 nobilitate
2887 3099 3117 3165 scilicet,
3146 3112 3199 3153 et
3241 3102 3388 3171 prole
3422 3119 3514 3156 su-

1963 3187 2188 3259 perbiat.
2216 3186 2422 3253 Quibus
2460 3196 2512 3243 ct
2556 3187 2642 3243 illa
2674 3191 3047 3255 consentiunt,
3089 3206 3209 3261 quae
3251 3206 3279 3245 a
3311 3191 3519 3248 Joanne

1960 3278 2126 3347 638
2162 3275 2403 3345 Baptista
2452 3276 2504 3329 in
2536 3278 2679 3332 hunc
2715 3282 2932 3333 modum
2968 3293 3222 3351 usurpata
3251 3284 3515 3354 legimus:

1966 3390 1983 3422 ι
2022 3371 2207 3425 Facite
2254 3386 2385 3439 ergo
2436 3371 2647 3427 fructtts
2681 3373 2875 3443 dignos
2925 3378 3293 3445 poenitentiae,
3342 3394 3518 3447 neque

1960 3463 2251 3515 videamini
2283 3464 2465 3517 dicere
2496 3483 2507 3518 :
2545 3463 2759 3519 Patrem
2793 3466 3056 3521 habeugus
3086 3470 3363 3523 Abraham
3388 3470 3452 3524 ".
3493 3491 3512 3522 ι

1960 3550 2024 3604 Ει
2057 3552 2146 3605 illa
2178 3553 2362 3616 etiam,
2395 3568 2514 3621 quia:
2544 3568 2573 3605 a
2596 3553 2877 3610 Salvatore
2910 3575 2925 3612 :
2968 3574 2987 3607 ι
3029 3557 3087 3611 Si
3116 3557 3211 3612 lilii
3242 3559 3515 3615 Abraham

1959 3643 2170 3706 essetis,
2206 3657 2369 3710 opera
2398 3644 2627 3698 Abrahae
2657 3645 2910 3701 faceretis
2935 3647 3004 3702 “.
3036 3666 3055 3699 ι

2029 3730 2177 3798 Opus
2219 3738 2302 3784 est
2358 3747 2484 3786 vero
2533 3734 2600 3785 ad
2668 3732 3024 3788 Sabbato-rum
3080 3737 3513 3801 obseruationem.

1951 3818 2223 3887 justitiam
2250 3805 2385 3874 tueri
2421 3830 2470 3875 et
2501 3822 2807 3891 judicium;
2838 3842 2944 3879 non
2981 3827 3197 3897 frigide,
3236 3845 3340 3884 non
3374 3833 3517 3885 osci-

1960 3918 2135 3963 tanter
2163 3910 2228 3963 ad
2257 3926 2444 3964 eorum
2467 3914 2903 3968 observationem
2937 3918 3215 3972 accedere.
3246 3917 3341 3973 Est
3368 3920 3514 3974 enim

1958 4015 2081 4055 cum
2135 4002 2256 4057 istis
2308 4002 2577 4056 laudanda
2635 4002 2992 4058 Sabbatorum
3037 4006 3359 4073 observatio;
3406 4026 3513 4064 non

1960 4094 2049 4147 illa
2079 4093 2226 4147 iners
2274 4094 2468 4162 plane;
2515 4095 2610 4149 sed
2644 4111 2763 4165 qua:
2794 4113 3005 4164 manus,
3050 4099 3100 4153 id
3131 4108 3215 4154 est
3248 4102 3514 4166 actiones,

1958 4186 2027 4241 ab
2056 4186 2367 4255 impuritate
2404 4187 2610 4240 alienas
2641 4198 2945 4243 conservet.
2982 4190 3055 4243 Ita
3086 4192 3231 4245 enim
3272 4209 3390 4255 eos,
3422 4196 3514 4263 qui

1959 4275 2195 4330 Sabbata
2216 4277 2515 4343 observant,
2545 4279 2857 4347 spirituales
2888 4281 3094 4336 hostias
3115 4282 3271 4337 decet
3294 4284 3511 4340 offerre.

1957 4366 2289 4438 Alienigena:
2320 4370 2515 4423 deinde
2536 4379 2583 4423 et
2601 4369 2857 4424 eunuchos
2888 4372 3222 4439 consolatur,
3257 4385 3513 4443 tanquam

282 4446 428 4510 τοὺς
448 4450 806 4517 εὐνούχους,
848 4452 921 4515 ὡς
954 4454 1163 4519 οὐδενὸς
1193 4459 1299 4511 τῶν
1344 4462 1600 4530 μεγάλων
1629 4469 1853 4539 ὲστερη-
1880 4475 1935 4536 Ι)
1960 4460 1965 4513 i

1832 4499 1853 4510 -
1880 4475 1935 4536 Ι)
1960 4460 2092 4515 levis
2120 4460 2333 4529 jactura
2373 4462 2464 4524 sit,
2506 4462 2551 4513 si
2571 4463 2849 4531 sanguinis
2888 4465 3206 4531 nobilitate,
3239 4468 3515 4536 prolisque.

284 4538 485 4606 μένους
517 4542 837 4610 σωματικῆς
874 4544 1153 4611 εὐγενείας
1190 4549 1282 4601 καὶ
1323 4552 1527 4604 παίδων
1554 4556 1732 4625 γονῆς.
1779 4559 1853 4610 Οὐ

278 4628 394 4698 γὰρ
426 4630 709 4699 ὲμποδίσει
754 4632 929 4687 ταῦτα
978 4635 1084 4688 τῶν
1134 4637 1293 4691 θείων
1322 4645 1505 4710 τυχεῖν
1536 4646 1775 4711 ἀγαθῶν,
1807 4649 1853 4700 εί

279 4715 425 4785 ζῷεν
446 4716 737 4783 θεοσεϐῶς,
769 4720 845 4790 τῷ
874 4721 1321 4795 δικαιοπραγεῖν
1347 4729 1421 4791 ὡς
1458 4731 1538 4783 δεῖ
1573 4736 1854 4789 Σαϐϐατι-

280 4807 503 4896 ζοντες.
531 4809 607 4861 Οὐ
631 4810 738 4880 γὰρ
764 4810 894 4880 ψιλὰ
925 4812 1065 4867 θέλει
1092 4818 1162 4871 τὰ
1185 4817 1456 4874 Σάϐϐατα
1486 4825 1513 4875 ὁ
1543 4827 1661 4876 κατ’
1684 4827 1856 4896 ἀρχὰς

279 4892 453 4947 εἰπὼν
503 4896 597 4949 τοῦ
635 4897 870 4966 βιϐλίου*
909 4919 927 4952 ι
959 4902 1069 4965 Τὰς
1092 4908 1385 4976 νουμηνίας
1425 4911 1597 4980 ὑμῶν,
1648 4916 1739 4966 καὶ
1788 4917 1852 4968 τά

281 4985 560 5047 Σάϐϐατα,
593 4991 686 5039 καὶ
717 4989 930 5059 ἡμέραν
962 4994 1204 5064 μεγάλην
1228 4998 1326 5049 οὐκ
1354 5000 1633 5070 ἀνέχομαι·
1680 5024 1699 5056 ι
1736 5006 1850 5058 ἀλλ’

278 5077 327 5127 εί
358 5076 454 5128 καὶ
483 5076 589 5129 ἔδει
616 5077 735 5130 τότε
776 5085 1102 5149 σωματικῶς
1132 5089 1432 5155 τηρεῖσθαι,
1464 5092 1547 5144 διὰ
1582 5094 1677 5163 τὴν
1707 5114 1846 5167 παρ-

277 5168 541 5233 αγγελίαν
575 5168 668 5220 τοῦ
711 5170 875 5239 νόμου
930 5174 991 5225 τὸ
1030 5174 1367 5239 Σαϐϐαῖον,
1410 5185 1559 5248 μετὰ
1598 5201 1647 5250 κέ
1672 5187 1848 5252 ίσεως

276 5258 377 5309 καὶ
400 5256 791 5324 δικαιοσύνης
812 5256 890 5328 ἦν
910 5267 1216 5329 τηρητέον.
1239 5270 1350 5321 Οὐκ
1375 5274 1479 5341 ἀρα
1503 5276 1845 5345 παραὸλάψει

274 5349 385 5401 τὸν
414 5348 718 5417 ἀλλογενῆ
762 5351 823 5403 τὸ
866 5353 1017 5407 νόθον
1046 5359 1139 5410 τοῦ
1190 5361 1398 5426 γένους.
1444 5366 1844 5439 Ἀρέσκωνγάρ

275 5439 465 5509 Κυρίῳ
495 5439 576 5501 είς
606 5438 756 5501 ἔθνος
806 5441 960 5509 ἅγιον
997 5446 1090 5498 καὶ
1135 5450 1192 5501 ἐν
1236 5452 1446 5516 τέκνοις
1498 5456 1698 5510 τελέσει
1749 5438 1838 5512 eoo

347 5637 394 5714 ξ’
426 5636 631 5714 Hahae.
656 5658 718 5709 ιι,
746 5644 810 5712 5;
847 5646 1009 5703 Hebr.
1048 5668 1101 5714 ιι,
1132 5652 1219 5705 57.

1330 5653 1374 5683 ⁸⁸
1408 5652 1551 5708 Psal.
1581 5672 1746 5725 xcvn,
1786 5661 1841 5715 2.

276 5705 320 5737 δ’
347 5704 455 5761 lsa.
485 5725 525 5777 ι,
562 5711 647 5767 19.

1957 4551 2290 4605 fecunditate
2319 4551 2687 4605 destituantur
2716 4568 2729 4604 :
2757 4570 2877 4607 cum
2909 4556 3216 4610 divinorum
3245 4560 3512 4612 honorum

1958 4646 2355 4714 perceptionem
2385 4645 2513 4699 talia
2534 4661 2641 4699 non
2673 4646 2968 4715 impediant
2994 4664 3135 4718 ;qna
3173 4656 3382 4704 tantum
3420 4669 3513 4720 po-

1958 4736 2569 4805 lientur,quijustitiam
2590 4737 2765 4789 colunt
2788 4740 3103 4806 etpictatcm
3134 4757 3148 4805 ;
3173 4742 3225 4792 in
3254 4758 3360 4807 quo
3389 4759 3512 4796 vera

1960 4826 2310 4880 Sabbatorum
2349 4833 2525 4897 posita
2568 4830 2639 4882 sit
2685 4830 2999 4884 observatio.
3032 4830 3147 4885 Non
3194 4836 3336 4888 cnim
3369 4839 3511 4889 nuda

1958 4920 2201 4987 exant-it
2252 4918 2507 4977 Sabbata.
2538 4922 2627 4989 qui
2664 4936 2721 4975 se
2771 4923 2893 4976 libri
2930 4924 3093 4991 hujus
3121 4926 3291 4979 -initio
3316 4927 3381 4989 δ’,
3419 4945 3511 4981 co-

1957 5024 2073 5060 rum
2105 5011 2397 5073 Kalendas,
2432 5021 2483 5064 et
2524 5009 2779 5075 Sabbata,
2806 5013 3055 5083 diemque
3092 5032 3341 5085 magnum
3373 5017 3513 5073 farre

1955 5115 2061 5151 non
2116 5118 2272 5168 posse
2325 5104 2601 5169 professus
2623 5110 2722 5155 est.
2778 5103 2885 5158 l;no
2922 5122 3065 5168 vero,
3106 5109 3266 5159 etiam
3304 5108 3357 5160 ἐἰ
3396 5118 3508 5161 tum

1952 5193 2303 5258 corporaliter
2337 5194 2612 5244 observari
2646 5192 2933 5247 Sabbatum
2968 5213 3031 5249 ex
3074 5197 3206 5265 leg-s
3244 5210 3511 5267 praecepto

1955 5290 2253 5350 oporteret,
2292 5299 2410 5333 cum
2459 5278 2664 5350 judicio
2726 5293 2905 5338 tamen
2968 5296 3017 5338 ct
3068 5287 3287 5354 justitia
3344 5291 3507 5343 etiam

1953 5373 2129 5437 fuerat
2173 5372 2595 5425 custodiendum.
2639 5373 2754 5427 Non
2806 5376 2970 5443 igitur
3002 5378 3350 5446 alienigenam
3394 5383 3506 5447 ipsa

1952 5462 2163 5531 generis
2185 5462 2417 5516 cd'endet
2451 5467 2701 5517 variezas.
2740 5465 2877 5529 Quin
2915 5468 3253 5535 potiusiutet‘
3277 5471 3505 5522 Ahralne

2033 5665 2075 5697 "
2116 5666 2302 5719 Matth.
2342 5682 2421 5731 ιιι,
2465 5664 2530 5731 8;
2568 5664 2702 5721 Luc.
2741 5681 2820 5731 ιιι,
2856 5666 2920 5731 8;
2996 5668 3039 5697 ”
3075 5667 3231 5722 Joan.
3262 5686 3375 5731 vut,
3413 5671 3501 5725 '59.
