4262 6434
232 433 400 495 2573

1391 430 1919 493 CttlllMENTAllII
1989 432 2061 490 ΙΝ
2126 434 2408 494 ISAIAM.

3360 422 3500 492 2571

244 545 477 595 δικαίων
535 543 788 611 ἐπιφέρει
837 545 1165 613 τολμήματα
1218 546 1424 611 λέγων·
1477 544 1664 596 Ἴδετε
1691 544 1769 607 ὼς
1810 545 1841 596 d
1874 547 1913 601 Α

1827 545 1913 601 5Α
1945 546 2070 597 cilia
2122 547 2303 598 statim
2353 545 2582 609 addidit,
2628 560 2749 595 rum
2789 542 2970 597 diait:
3026 545 3200 597 l'idete
3254 555 3510 613 qlthOtM

246 636 485 689 δίκαιορ
519 636 769 702 αἴρεται,
807 638 905 688 καὶ
937 638 1138 702 οὐδείς
1170 639 1473 706 ἐκδέχεται
1502 636 1578 705 τῇ
1613 635 1826 702 καρδίᾳ

249 728 364 779 Καὶ
401 726 519 790 πῶς
568 727 679 797 γὰρ
732 727 968 796 ἤμελλον
1022 728 1172 780 ἰδεῖν
1204 730 1252 780 οἱ
1298 725 1583 798 τυφλοί;ἦ
1624 727 1732 796 γὰρ
1783 726 1849 778 ἂν

246 818 440 887 ἐώρων
473 819 658 879 αὑτὸν,
680 819 775 888 τὴν
812 837 880 871 κα
896 821 940 871 τ’
978 820 1161 873 αὐτῶν
1191 822 1501 890 οἰκονομίαν
1528 822 1842 898 νοήσαντες,

245 913 342 963 καὶ
371 912 471 964 οὐκ
504 911 569 964 ἂν
608 914 671 964 ἐκ
708 914 814 964 τῶν
864 914 1127 965 ἐναντίοιν
1159 913 1377 979 ἔλεγον·
1416 932 1433 963 ι
1460 917 1720 982 Δήσωμεν
1754 912 1845 961 τὸν

245 1003 460 1054 δίκαιον
491 1003 576 1054 ὅτι
602 1003 939 1073 δύσχρηστος
969 1006 1100 1074 ἡμῖν
1133 1007 1313 1069 tactv;
1351 1023 1367 1053 ι
1406 1005 1639 1068 Δίκαιος
1660 1003 1716 1055 δὲ
1753 999 1841 1070 ἦν,

245 1097 324 1156 ὡς
358 1096 459 1148 οὐκ
508 1094 665 1157 εἰδὼς
722 1098 1038 1166 ἁμαρτίαν·
1086 1099 1145 1150 οὐ
1189 1098 1213 1135 ά
1278 1098 1598 1167 μετέχοντες
1641 1098 1733 1149 καὶ
1791 1096 1840 1147 οἱ

253 1186 497 1255 μαθηταὶ
526 1188 924 1257 χρηματίζουσι
954 1189 1192 1250 δίκαιοι,
1245 1189 1337 1252 οὓς
1388 1192 1482 1241 καὶ
1510 1190 1701 1249 αὐτοὺς
1735 1188 1837 1239 ἀπ-

253 1280 509 1333 έκτειναν
535 1281 626 1334 τὸν
649 1283 1006 1348 εὐαγγελικὸν
1029 1283 1210 1343 αὐτοῖς
1231 1283 1631 1352 πρεσϐεύοντας
1657 1281 1835 1347 λόγον.

257 1370 621 1424 ’Λπέκτειναν
644 1371 777 1439 γοῦν
811 1373 1069 1426 Ἰάκωϐον
1111 1374 1201 1426 τὸν
1230 1375 1459 1442 ἀδελφὸν
1484 1373 1578 1425 τοῦ
1609 1373 1833 1442 Κυρίου,

246 1464 343 1513 καὶ
393 1461 692 1528 Στέφανον,
754 1463 815 1515 τὸ
871 1466 969 1533 τῆς
1027 1464 1280 1524 ἀσεϐείας
1346 1464 1445 1514 οὐκ
1498 1462 1835 1530 ἐννοούμενοι

250 1551 517 1621 μέγεθος·
551 1552 689 1623 ὅπερ
746 1554 865 1606 ἐστὶ
916 1555 995 1617 τὸ,
1044 1554 1131 1623 μὴ
1162 1552 1515 1621 ἐκδέχεσθαι
1566 1553 1639 1621 τῇ
1695 1571 1832 1621 κηρε-

247 1646 283 1697 δ
289 1648 345 1697 ιἰι
355 1687 367 1698 .

314 1819 520 1889 Ἦρται
549 1823 605 1875 δὲ
633 1823 726 1876 καὶ
766 1823 831 1873 ἐκ
855 1819 1180 1889 προσώπου
1211 1820 1447 1882 ἀδικίας
1485 1821 1516 1871 o'
1542 1817 1773 1881 δίκαιος
1808 1831 1820 1845 ⁶

242 1912 393 1964 τοῦτ’
421 1913 587 1975 ἔστιν,
615 1915 663 1965 οἱ
691 1913 864 1967 ἄδικοι
894 1914 1335 1981 κατηγωνίσαντο
1360 1912 1500 1977 τοὺς
1528 1911 1818 1974 δικαίους.

255 2002 425 2071 Ὁμοῦ
463 2003 520 2054 δὲ
562 2004 655 2055 καὶ
703 2003 793 2055 τὸν
828 2003 1078 2068 θάνατον,
1116 2003 1208 2056 καὶ
1250 2004 1349 2071 τὴν
1398 2005 1689 2057 ἀνάστασιν
1736 2001 1830 2053 τοῦ

242 2092 457 2161 Κυρίου
495 2091 790 2161 δεδήλωκε.
815 2093 915 2145 Διὰ
950 2094 1047 2161 μὲν
1079 2092 1189 2159 τῆς
1215 2092 1431 2161 ταφῆς,
1467 2094 1557 2147 τὸν
1579 2093 1828 2146 θάνατον·

244 2181 336 2234 διὰ
382 2182 439 2235 δὲ
470 2183 565 2234 τοῦ
615 2178 784 2252 ἦρθαι
830 2183 1031 2254 ταύτην
1064 2186 1128 2237 ὲκ
1173 2184 1359 2253 μέσου,
1386 2184 1486 2252 τὴν
1514 2183 1828 2236 ἀνάστασιν.

257 2275 501 2343 Ἀφανὴς
534 2276 645 2344 γὰρ
680 2276 868 2343 γέγονε
898 2276 971 2345 μὴ
1008 2278 1291 2345 μείναντος
1322 2278 1380 2329 ἐν
1414 2278 1551 2346 αὐτῇ
1598 2275 1692 2328 τοῦ
1737 2294 1831 2329 τα-

242 2366 461 2430 φέντος,
492 2365 568 2425 ὡς
596 2367 689 2416 καὶ
715 2367 805 2418 τὸν
841 2368 1071 2433 ἄγγελον
1100 2367 1280 2433 λέγειν
1301 2383 1313 2395 ·
1354 2366 1540 2430 Δεῦτε,
1576 2367 1710 2419 ἴδετε
1741 2366 1832 2419 τὸν

242 2456 411 2505 τόπον
444 2457 576 2505 ὅπου
612 2455 810 2506 ἔκειτο.
851 2455 974 2516 Πῶς
1019 2456 1076 2508 δὲ
1128 2457 1350 2523 γέγονεν
1380 2457 1418 2522 ἡ
1453 2454 1610 2523 ταφὴ
1645 2454 1831 2508 αὐτοῦ

241 2543 314 2594 ἐν
340 2544 570 2611 εἰρήνῃ,
600 2543 631 2611 ἢ
661 2545 742 2596 ὃτι
772 2545 1009 2608 σιωπῶν,
1051 2546 1147 2597 καὶ
1192 2547 1357 2615 μηδὲν
1396 2546 1691 2613 ἀντιλέγων
1732 2549 1829 2600 ἀν-

246 2639 488 2703 ῄρηταις
522 2636 553 2704 ἢ
599 2638 680 2688 ὅτι
727 2637 827 2688 οὐκ
858 2638 1220 2690 ἐπεδικάσατο
1253 2638 1416 2690 αὐτοῦ
1459 2642 1487 2692 δ
1525 2639 1707 2707 ἄρχων
1735 2636 1832 2689 τοῦ

242 2728 454 2795 κόσμου
492 2727 706 2791 τούτου,
742 2729 907 2797 μηδὲν
936 2728 1113 2798 εὑρὼν
1142 2732 1199 2781 ἐν
1222 2730 1406 2799 αὑτῷς
1454 2730 1487 2801 ἢ
1526 2730 1601 2793 ὥς
1644 2747 1829 2798 φασιν,

242 2819 436 2885 ἐπειδὴ
475 2818 674 2881 πάντες
726 2820 774 2871 οἱ
825 2818 1136 2889 καθηγηταὶ
1184 2822 1293 2872 τῶν
1354 2821 1641 2886 Ἰουδαίων,
1695 2823 1831 2890 μετὰ

242 2911 358 2962 τῶν
393 2910 672 2979 ὑπηκόων,
716 2912 1045 2965 ἀπέκτειναν
1085 2912 1249 2964 αὐτὸν
1284 2912 1510 2981 ὁμονοίᾳ
1553 2915 1831 2983 χρησάμε-

242 3019 350 3063 νοι,
394 3003 622 3069 μηδενὸς
652 3003 1048 3070 ἀντιλέγοντος.
1091 3005 1184 3055 Ἐκ
1222 3004 1424 3070 πολλῆς
1464 3004 1520 3056 δὲ
1559 3005 1832 3071 φιλοοεῒας

240 3089 432 3143 λοιπὸν
461 3095 489 3143 ὁ
520 3094 813 3161 προφήτης
842 3095 1027 3156 αὐτοῖς
1050 3094 1392 3163 ἐπιφέρεται,
1428 3091 1509 3157 οἷς
1537 3096 1635 3145 οὐκ
1664 3098 1823 3165 ἦρκε-

1943 636 2122 703 justus
2171 639 2397 701 tollitur,
2442 647 2490 690 et
2539 654 2688 690 nemo
2726 638 2943 704 suscipit
2979 637 3153 689 corde.
3200 636 3304 689 Sed
3333 641 3511 697 etum,

1951 727 2040 794 qui
2072 728 2247 780 videre
2276 736 2547 797 poterant,
2582 727 2673 795 qui
2703 728 2830 779 caeci
2865 728 3057 780 erant?
3106 730 3302 779 Annon
3345 727 3512 786 etum,

1949 816 1993 869 si
2031 817 2205 881 ipsum
2239 826 2423 871 essent
2478 818 2682 879 intuiti,
2717 831 2983 871 converso
3015 818 3079 871 ad
3127 819 3513 877 meonomiam,

1946 924 2068 975 qua:
2102 918 2293 960 contra
2328 925 2385 960 se
2431 916 2535 969 est,
2567 909 2769 971 animo,
2820 922 2927 960 non
2962 922 3025 959 ex
3069 909 3296 960 adverso
3341 907 3512 960 dixis-

1946 1004 2068 1051 sent
2102 1016 2114 1050 :
2154 1017 2172 1048 ι
2213 997 2468 1063 Ligernus
2492 998 2723 1062 justum,
2769 997 3026 1067 quoniam
3062 996 3273 1048 inutilis
3303 1006 3385 1048 est
3413 1012 3511 1047 uo-

1946 1087 2029 1139 bis
2078 1087 2166 1139 “‘7
2208 1107 2224 1133 ι
2275 1086 2400 1139 Erat
2433 1102 2559 1139 vero
2592 1088 2637 1139 is
2660 1087 2862 1154 justus,
2895 1085 3057 1156 643
3091 1086 3184 1152 qui
3231 1096 3511 1154 peccatum

1943 1178 2217 1231 nesciebat
2253 1196 2265 1230 :
2303 1178 2460 1245 cujus
2516 1186 2568 1231 et
2625 1180 2715 1246 qui
2769 1180 2929 1230 etiam
2991 1178 3287 1246 participes
3337 1176 3510 1229 i-ﬂ‘eiti

1941 1278 2090 1331 sunt,
2142 1271 2419 1339 discipuli,
2470 1270 2600 1338 justi
2646 1286 2864 1339 quoque
2907 1280 3324 1337 mmeupantur;
3375 1282 3511 1335 quos

1943 1359 2053 1423 isti,
2103 1376 2226 1412 cum
2280 1361 2650 1428 evangelii-um
2692 1374 3001 1413 sermonem
3064 1360 3509 1426 promulgarent,

1941 1451 2357 1505 interemerunt.
2414 1451 2811 1505 interfecerunt
2866 1451 3034 1519 igitur
3082 1446 3344 1501 Iacobum
3400 1449 3512 1501 ita.

1939 1553 2076 1595 trem
2135 1544 2391 1607 Domini,
2442 1555 2494 1597 et
2556 1544 2917 1610 Stephanum,
2976 1557 3098 1595 eum
3157 1541 3223 1594 ad
3281 1543 3513 1595 sceleris

1937 1632 2345 1706 impietatisque
2370 1636 2799 1705 magnitudinem
2830 1649 2936 1687 non
2965 1633 3309 1686 adverterent
3334 1650 3347 1697 ;
3371 1636 3512 1702 quod

1937 1725 2115 1794 ipsum
2148 1734 2233 1781 est
2264 1744 2594 1796 nequaquam
2626 1726 2783 1779 corde
2813 1725 3095 1792 suscipere.

2008 1814 2105 1868 Est
2142 1832 2270 1869 vero
2305 1817 2463 1871 etiam
2493 1834 2524 1869 (ι
2554 1816 2688 1885 facie
2714 1816 3005 1883 iniquitatis
3037 1812 3278 1867 sublatus
3302 1814 3513 1882 justus;

1933 1907 2077 1976 quod
2127 1907 2269 1960 idem
2318 1908 2479 1976 plane
2524 1916 2628 1967 est,
2664 1922 2726 1960 ac
2774 1908 2817 1960 si
2858 1908 2926 1960 ab
2963 1906 3182 1974 iujustis
3226 1916 3515 1975 superatos

1932 2015 2054 2054 esse
2091 2000 2267 2067 justas
2328 2000 2551 2053 diceret.
2610 1999 2785 2052 Simul
2832 2007 3012 2051 autem
3070 2007 3125 2053 et
3180 2008 3411 2052 mortem
3462 2008 3514 2050 et

1932 2092 2393 2145 resurrectionem
2430 2090 2639 2145 Domini
2675 2091 3025 2159 signiﬁcavit.
3060 2091 3162 2145 Per
3188 2092 3510 2157 sepulturam

1932 2183 2175 2252 quidem,
2211 2190 2439 2236 mortem
2485 2182 2683 2251 ipsam,
2716 2183 3180 2236 resurrectionem
3230 2190 3413 2236 autem
3451 2196 3516 2234 eo

1932 2277 2081 2343 ipso,
2136 2274 2283 2343 quod
2336 2288 2456 2326 eam
2510 2274 2578 2327 de
2639 2274 2817 2326 medio
2875 2274 3139 2325 sublatam
3182 2289 3306 2328 esse
3352 2274 3511 2329 dixit.

1932 2367 2174 2420 Obscura
2206 2366 2350 2419 enim
2385 2364 2508 2423 fuit,
2536 2378 2659 2416 eum
2701 2364 2753 2417 in
2789 2379 2874 2426 ea,
2907 2364 3000 2433 qui
3032 2365 3279 2431 sepultus
3311 2362 3510 2424 fuerat,

1933 2472 2043 2511 non
2081 2456 2459 2517 remansisset,
2495 2455 2613 2523 ipso
2644 2461 2881 2509 testante
2929 2455 3147 2524 angelo,
3191 2468 3316 2508 cum
3356 2470 3514 2510 aereo

1933 2549 2085 2608 dere,
2128 2548 2419 2616 locumque
2473 2547 2562 2599 ubi
2618 2545 2888 2614 jacuisset
2936 2546 3205 2614 inspicere
3262 2546 3512 2601 hortare-

1934 2648 2023 2693 tur
2050 2641 2115 2693 ".
2151 2639 2252 2704 Qui
2287 2648 2467 2692 autem
2503 2638 2555 2690 in
2586 2653 2709 2705 pare
2735 2637 2849 2705 ejus
2881 2637 3044 2704 fuisse
3075 2637 3345 2703 sepultura
3368 2638 3515 2692 dicao

1934 2741 2023 2784 tur
2054 2749 2067 2783 :
2104 2732 2207 2783 nisi
2242 2731 2326 2784 vel
2353 2729 2482 2798 quia
2522 2740 2730 2792 tacens,
2765 2730 3011 2797 nihilque
3034 2737 3226 2782 contra
3254 2729 3509 2791 aﬂ'erens.

1933 2822 2294 2890 interemptus
2329 2829 2442 2885 est;
2475 2821 2554 2873 vel
2576 2820 2849 2889 quiajnre
2877 2821 2929 2873 in
2963 2836 3085 2875 eum
3121 2835 3230 2874 non
3267 2823 3513 2876 decerta-

1933 2916 2006 2967 vit
2056 2915 2219 2983 hujus
2271 2913 2457 2966 mundi
2508 2912 2779 2980 princeps,
2814 2913 2905 2980 qui
2958 2913 3089 2965 nihil
3135 2912 3189 2965 in
3224 2927 3291 2965 eo
3332 2913 3508 2982 culpa:

1934 3005 2153 3073 reperit,
2187 3005 2266 3057 vel
2298 3004 2484 3063 etiam,
2517 3004 2688 3061 aiunt.
2735 3002 2866 3072 quia
2901 3002 2970 3055 ab
3003 3003 3259 3055 omnibus
3290 3000 3510 3057 Iudaeo-

1933 3110 2053 3148 rum
2101 3096 2355 3157 ducibus,
2402 3095 2604 3164 popqu
2647 3094 2766 3163 ipso
2811 3095 3212 3161 consentiente,
3253 3096 3512 3165 nulloque

244 3199 304 3233 σε
345 3182 454 3233 τῶν
498 3185 793 3252 προφητῶν
826 3185 888 3237 τὸ
919 3181 1075 3253 αἷμα,
1127 3187 1264 3253 πρὸς
1300 3187 1430 3239 αὐτὸ
1459 3186 1515 3237 δὲ
1546 3188 1643 3253 τῆς
1678 3204 1827 3254 μιαι-
1855 3222 1898 3277 C

1822 3218 1898 3277 ιϐ
1936 3193 2309 3254 repugnante,
2365 3185 2673 3238 trucidatus
2729 3184 2851 3238 est?
2902 3186 3076 3238 Multo
3131 3187 3392 3257 deinceps
3454 3188 3505 3240 iu

242 3275 441 3339 φονίας
493 3276 800 3344 ἀνέδραμον
860 3276 921 3327 τὸ
975 3276 1286 3342 κεφάλαιον.
1331 3278 1512 3329 Δεινδν
1566 3278 1665 3345 μὲν
1721 3278 1829 3347 γὰρ

239 3364 326 3414 ὅτι
378 3364 473 3414 καί
503 3364 669 3415 πάλαι
717 3367 844 3427 τοὺς
893 3367 1179 3433 προφήτας
1227 3367 1644 3433 ἐσυκοφάντουν.
1683 3368 1829 3436 Πλὴν

241 3454 362 3505 ἀλλ’
390 3451 529 3523 ἦσαν
570 3455 848 3525 ἅνθρωποι
887 3458 1041 3519 τάξιν
1089 3458 1363 3524 οἰκετικὴν
1418 3459 1825 3528 περιφέροντες.

242 3546 311 3598 Τί
338 3547 383 3598 δ’
422 3546 489 3598 ἂν
515 3548 712 3610 εἴποις,
746 3550 930 3616 φησιν,
970 3551 1051 3601 ὅτι
1088 3552 1205 3601 κατ’
1261 3550 1425 3602 αὑτοῦ
1479 3550 1575 3601 τοῦ
1611 3553 1827 3603 πάντων

244 3637 522 3688 Δεσπότου
550 3637 657 3702 τὰς
686 3637 976 3705 γλώσσας
1006 3640 1299 3707 ὲκίνησαν;
1344 3641 1690 3709 Σαμαρείτην
1718 3642 1824 3712 γὰρ

241 3728 450 3794 ελεγον,
483 3730 577 3781 καὶ
601 3731 909 3798 οίνοπότην,
938 3731 1031 3783 καὶ
1073 3733 1137 3783 ὲκ
1184 3732 1444 3801 πορνείας
1489 3735 1824 3802 γεγεννημέ-

238 3836 355 3880 νον,
391 3822 486 3872 καὶ
511 3821 798 3890 δαιμονᾷν.
833 3824 939 3873 Καὶ
965 3823 1113 3883 τέλος
1141 3822 1356 3893 ιίιλάτῳ
1384 3825 1824 3893 προσαγαγόντες

238 3911 501 3977 ἔφασκον·
564 3931 580 3961 ι
608 3906 775 3976 Οὗτος
802 3914 1043 3965 ἀνασείει
1071 3915 1197 3975 τοὺς
1235 3913 1445 3983 ὄχλους,
1482 3915 1578 3967 καὶ
1626 3915 1824 3968 κωλύει

238 4004 443 4071 φόρους
471 4003 672 4056 διδόναι
704 4004 997 4073 Καίσαρι.»
1036 4005 1340 4074 Τοιγαροῦν
1367 4005 1435 4057 δι’
1464 4006 1689 4058 Ἡσαΐου
1721 4024 1824 4074 φη·-

238 4094 329 4143 σὶν
370 4094 399 4143 ὁ
440 4093 665 4163 Σωτήρ·
718 4094 898 4146 «Οὐαὶ
944 4096 1145 4156 αὐτοῖς,
1197 4096 1278 4146 ὅτι
1324 4095 1681 4164 ἀπεπήδησαν
1730 4097 1823 4148 ἀπ’

235 4182 399 4251 ἐμοῦ.
433 4184 665 4236 Δείλαιοί
688 4185 847 4246 εἰσιν,
879 4185 960 4237 ὅτι
989 4184 1267 4253 ἠσέϐησαν
1298 4186 1378 4247 εἰς
1404 4185 1529 4253 ὲμέ.
1576 4186 1722 4252 Ἐγὼ
1762 4187 1820 4239 δὲ

239 4275 645 4345 ἰλυτρωσάμην
696 4274 915 4336 αὐτούς.
963 4275 1129 4327 Αὐτοὶ
1176 4275 1231 4327 δὲ
1274 4276 1649 4346 κατελάλησαν
1703 4278 1821 4330 κατ’

234 4364 375 4434 ἐμοῦ
404 4365 593 4436 ψευδῆ.
623 4384 642 4417 ι
680 4366 873 4418 Καίτοι
904 4366 1012 4436 γὰρ
1034 4367 1235 4429 εἰδότες
1264 4368 1347 4419 ὅτι
1381 4368 1541 4429 αὐτὸς
1570 4371 1599 4420 ὁ
1625 4368 1821 4437 κληρο-

234 4457 406 4524 νόμος
438 4458 608 4522 ἐστὶν,
638 4456 824 4524 ελεγον
844 4476 857 4488 ·
895 4477 912 4508 ι
939 4459 1128 4518 Δεῦτε,
1161 4459 1572 4527 ἀποκτείνωμεν
1597 4462 1812 4513 αὐτόν.»

1937 3278 2102 3329 Deum
2147 3290 2332 3330 altiore
2378 3277 2645 3345 propheta
2693 3275 2953 3330 incensus
2985 3277 3038 3329 in
3078 3291 3174 3331 eos
3212 3278 3507 3342 invehitur,

1930 3369 2022 3437 qui
2082 3368 2322 3421 nondum
2382 3366 2772 3435 prophetarum
2832 3367 3101 3435 sanguine
3157 3370 3382 3429 satiati.
3440 3371 3504 3422 ad

1931 3474 2205 3512 summum
2254 3456 2599 3511 crudelitatis
2643 3458 2853 3526 apicem
2901 3458 3286 3513 ascenderunt.
3329 3458 3506 3515 Grave

1930 3552 2076 3605 enim
2120 3557 2240 3604 erat
2284 3550 2413 3603 olim
2457 3550 2754 3619 prophetas
2786 3550 2854 3604 ab
2898 3552 2980 3605 eis
3027 3550 3165 3605 falso
3198 3554 3442 3606 accusari
3490 3572 3501 3607 :

1928 3644 2020 3710 qui
2075 3648 2256 3694 tamen
2308 3650 2359 3694 et
2413 3641 2448 3693 ii
2498 3642 2757 3694 mortales
2794 3649 2974 3704 erant,
3005 3658 3400 3714 servorumque
3449 3645 3501 3697 ἰιι

1928 3746 2157 3787 numero
2183 3730 2373 3784 habiti.
2407 3730 2512 3785 Sed
2560 3732 2688 3801 quid
2726 3732 2795 3787 ad
2843 3732 2975 3788 illud
3026 3736 3381 3804 respondeas.
3415 3737 3499 3790 in-

1928 3822 2067 3891 quit,
2100 3820 2245 3890 quod
2282 3837 2441 3875 suum
2491 3824 2755 3878 adversus
2788 3825 2886 3887 illi,
2925 3826 3281 3896 Olllllilllllque
3325 3826 3504 3881 Omni-

1932 3927 2060 3963 num
2118 3911 2354 3980 linguam
2406 3913 2711 3966 aeuerunt?
2777 3912 3184 3967 Samaritanum
3232 3919 3278 3948 "
3330 3919 3497 3981 enim,

1928 4002 2201 4065 vinosum,
2245 4003 2472 4057 nothum
2520 4012 2573 4058 et
2615 4005 2866 4057 insanum
2898 4020 3021 4059 esse
3048 4006 3112 4071 ",
3151 4006 3216 4059 ad
3262 4006 3495 4061 Pilatum

1928 4094 2123 4148 deinde
2165 4094 2546 4163 pertrahentes
2588 4094 2777 4147 turbas
2820 4110 2943 4148 eum
2991 4098 3253 4160 excitare,
3294 4096 3496 4153 Caesari

1928 4185 2165 4254 denique
2212 4200 2279 4239 ne
2327 4186 2615 4256 vectigalia
2677 4186 3046 4251 solverentur,
3098 4188 3391 4257 prohibere
3426 4192 3496 4244 “.

1925 4277 2045 4331 ausi
2098 4283 2226 4330 sunt
2269 4274 2560 4331 aﬂirmare.
2604 4274 2742 4331 Hinc
2798 4278 2887 4330 illa
2943 4277 3127 4347 igitur,
3179 4294 3299 4348 quae
3350 4282 3492 4349 apud

1924 4368 2120 4421 Isaiam
2143 4367 2273 4421 dicit
2311 4368 2365 4420 in
2398 4368 2541 4421 hunc
2572 4368 2790 4421 modum
2828 4369 3081 4423 Salvator
3115 4388 3127 4422 :
3164 4389 3181 4421 ι
3216 4368 3306 4423 Vae
3337 4372 3490 4441 ipsis,

1924 4458 2180 4528 queuiatu
2214 4468 2559 4512 recesserunt
2590 4476 2620 4512 a
2655 4475 2741 4514 me
2773 4478 2786 4516 :
2818 4462 3004 4515 miseri
3047 4470 3195 4526 sunt,
3233 4466 3491 4531 quoniam

233 4546 351 4598 Καὶ
378 4545 468 4599 διὰ
493 4546 588 4598 τοῦ
631 4546 846 4617 ψαλμοῦ
889 4546 948 4599 δέ
992 4564 1156 4616 φησιν
1183 4562 1195 4575 ·
1242 4565 1260 4597 ι
1283 4549 1426 4600 Ἀντὶ
1463 4548 1558 4601 τοῦ
1601 4550 1820 4619 ἀγαπᾷν
1847 4544 1899 4602 Ι)

1809 4544 1899 4602 ID
1927 4551 1979 4601 in
2023 4562 2105 4601 me
2146 4548 2308 4617 impie
2358 4559 2605 4617 egerunt.
2646 4549 2757 4618 Ego
2805 4552 3011 4607 redemi
3054 4568 3173 4617 eos,
3213 4554 3315 4623 ipsi
3365 4570 3492 4608 vero

236 4655 332 4708 με,
370 4638 708 4690 ὲνδιέὸαλλόν
756 4655 845 4708 με.
880 4656 899 4689 ι
962 4639 1145 4691 Τέκνα
1168 4638 1225 4691 δὲ
1256 4638 1411 4691 καλεῖ
1457 4639 1760 4705 ἀπωλείας
1797 4679 1812 4703 ,

230 4728 312 4793 ὼς
343 4729 417 4799 μὴ
446 4728 777 4798 δεξαμένους
822 4730 915 4782 τὸν
949 4729 1190 4792 σώζοντα
1210 4744 1226 4760 ·
1276 4729 1372 4781 καί
1404 4730 1641 4797 σπέρμα
1673 4730 1811 4783 ἀνο-

231 4835 352 4887 μων⁹
371 4837 385 4850 ·
415 4838 434 4870 ι
466 4821 601 4890 Περὶ
626 4819 761 4890 ἐμοῦ
788 4821 895 4889 γάρ
924 4836 1058 4889 φησι
1088 4821 1332 4890 γέγραφε
1363 4820 1585 4889 Μωσῆς·
1617 4840 1635 4871 ι
1671 4819 1812 4873 ὥστε

233 4912 333 4964 καὶ
355 4912 448 4965 τὸν
478 4914 643 4982 νόμον
677 4913 1017 4984 παρέϐησαν.

1924 4640 2091 4693 locuti
2146 4650 2274 4693 sunt
2320 4641 2373 4693 in
2411 4655 2495 4694 me
2548 4638 2685 4695 falsa
2713 4642 2777 4696 ".
2817 4663 2835 4695 ι
2891 4643 3004 4697 Etsi
3056 4646 3322 4701 heredem
3368 4663 3493 4702 esse

1922 4746 2028 4783 non
2079 4730 2397 4800 ignorarent
2440 4749 2455 4785 :
2496 4750 2515 4782 ι
2566 4733 2777 4797 Venite,
2818 4736 3135 4792 occidamus
3185 4754 3311 4791 eum
3342 4738 3413 4801 ",
3463 4757 3481 4787 ι

1919 4824 2181 4878 dixerunt
2211 4834 2412 4878 tamen.
2450 4824 2589 4880 Sunt
2626 4835 2679 4880 et
2702 4827 2755 4879 in
2801 4826 3033 4885 Psalmis
3065 4832 3165 4886 ista
3197 4833 3438 4900 ejusdem
3471 4852 3485 4886 :

1927 4934 1944 4966 ι
1983 4914 2089 4967 Pro
2126 4931 2190 4969 eo
2227 4923 2284 4967 ut
2314 4916 2605 4985 diligerent
2642 4933 2749 4980 me,
2790 4920 3153 4976 detrahebant
3186 4923 3319 4977 mihi
3357 4925 3427 4978 ".
3461 4942 3481 4975 ι

234 5009 414 5064 Vocat
483 5020 666 5063 autem
701 5005 1032 5080 ﬁliosm
1093 5007 1405 5075 perditionis
1471 5020 1518 5062 et
1556 5026 1728 5063 semen
1776 5010 2037 5079 iniquum.
2106 5020 2366 5079 tanquam
2410 5012 2503 5080 qui
2557 5013 2755 5068 salutis
2803 5026 3086 5070 auctorem
3132 5032 3240 5073 non
3308 5021 3487 5075 admi-

230 5101 434 5163 sei-int,
466 5099 535 5154 de
582 5114 692 5167 quo
727 5097 903 5152 Moses
948 5098 1053 5153 sibi
1091 5113 1198 5152 non
1241 5099 1529 5153 tacendum
1571 5100 1782 5166 putavit
1816 5116 1829 5151 ε
1873 5099 2017 5154 unde
2045 5108 2100 5153 et
2134 5100 2303 5169 legem
2335 5115 2432 5155 eos
2454 5101 2663 5156 violare
2690 5104 3019 5157 constiterit.

303 5193 446 5262 Φησὶ
477 5191 533 5243 δὲ
564 5189 764 5252 αὐτοὺς
794 5191 886 5242 καὶ
916 5189 1154 5258 σπέρμα
1197 5188 1428 5258 μοιχῶν
1454 5189 1555 5242 καὶ
1583 5190 1812 5257 πόρνης

231 5284 460 5353 μοιχοὺς
490 5299 647 5352 φησι,
686 5283 862 5336 καλῶν
909 5284 967 5335 ὲν
998 5282 1209 5345 τούτοις
1234 5282 1359 5344 τοὺς
1404 5280 1513 5334 τῶν
1545 5281 1811 5334 Ἰουδαίων

228 5374 577 5445 καθηγητὰς.
605 5374 786 5427 οἱονεὶ
824 5373 933 5442 γὰρ
983 5375 1282 5444 ὲμοιχῶντο
1325 5374 1424 5444 τὴν
1448 5372 1807 5444 Συναγωγὴν,

297 5527 347 5557 ’⁸
374 5528 506 5597 Sap.
547 5545 619 5591 ιι,
658 5528 743 5583 li.
850 5529 893 5560 '“
929 5528 1125 5583 Matth.
1158 5546 1347 5589 χιινιιι,
1387 5529 1439 5583 6.

224 5597 367 5653 Osee
398 5615 490 5663 vn,
524 5599 606 5653 l5.
694 5599 743 5631 "
782 5598 970 5655 Matth.
1009 5614 1121 5666 xxi,
1149 5600 1237 5654 58.
1314 5601 1359 5631 "
1391 5598 1531 5654 l’sal.
1561 5615 1710 5660 cvm,
1744 5599 1798 5652 4.

1546 5530 1590 5561 ⁷⁸
1623 5526 1779 5581 Joan.
1814 5544 1930 5589 vui,
1964 5526 2053 5581 48.
2130 5527 2174 5560 ⁷³
2208 5526 2398 5583 Matth.
2443 5545 2514 5595 ιι,
2553 5529 2637 5584 l9.

1987 5190 2189 5260 Adjicit
2239 5206 2369 5245 vero
2414 5203 2468 5248 et
2516 5210 2689 5247 semen
2734 5194 3096 5250 adulterorum
3139 5213 3283 5263 esse,
3320 5218 3484 5256 mere-

1921 5283 2167 5351 tricisque
2218 5284 2519 5352 adulteros,
2572 5296 2631 5339 ut
2678 5301 2869 5340 eorum
2918 5289 3081 5343 etiam
3136 5291 3204 5346 de
3254 5308 3483 5346 numero

1916 5371 2231 5427 Judaeorum
2282 5373 2453 5429 duces
2508 5391 2631 5431 esse
2680 5376 2971 5447 signiticet.
3014 5378 3149 5434 Cum
3196 5380 3481 5453 Synagoga

2720 5532 2764 5563 "‘
2792 5532 2922 5587 Luc.
2959 5549 3113 5601 nui,
3145 5534 3199 5589 2.
3278 5535 3321 5565 "
3346 5533 3476 5603 lino,

1539 5755 1771 5809 VARle
1807 5755 2216 5813 LECTIONES.

306 5844 333 5883 ιί
370 5861 462 5912 γρ.
496 5848 587 5903 οῦ.
