4262 6434
728 405 868 470 2579

2041 402 2384 460 l’RUL‘Ul’lI
2435 403 2676 462 UAZASI

3847 396 4009 457 2580

721 512 889 565 Deum
914 510 1111 566 itinere
1152 514 1432 567 contendit
1467 532 1480 565 :
1529 513 1621 566 sed
1661 514 1813 582 jubet
1859 514 2022 568 etiam
2070 514 2292 583 pietatis
2322 522 2404 580 Α·

2322 522 2364 580 Α
2395 516 2738 585 γνωσμὰτων
2779 517 3092 584 περιαιρεῖν
3140 514 3227 566 διὰ
3278 514 3368 583 τῆς
3414 512 3504 567 ἐπὶ
3545 512 3605 564 τὸ
3656 514 4004 583 σαφέστερον

724 599 860 653 viam
890 604 1172 657 consterni
1203 605 1442 669 exteris,
1475 616 1527 659 et
1551 621 1673 674 quae
1712 605 1968 665 videntur
2005 608 2059 660 iu
2094 608 2301 661 divinis

722 687 1133 757 Scripturarum
1170 691 1500 748 lectionibus
1539 709 1658 748 esse
1687 694 2028 764 offendicula,
2083 713 2145 751 ea
2182 697 2302 767 ipsa

722 780 959 852 planiori
995 782 1452 853 interpretatione
1482 786 1692 842 tollere.

791 871 1095 928 Conveniat
1146 891 1277 931 vero
1319 886 1373 930 et
1423 878 1529 935 ista
1579 877 1648 933 de
1707 882 2082 950 apostolorum
2131 883 2299 937 choro

713 966 820 1016 diri
871 966 1248 1022 existimare:
1308 970 1413 1033 Qui
1449 972 1625 1024 sancti
1683 974 1875 1026 montis
1927 973 2291 1029 liarreditalem

721 1057 992 1118 adierunt.
1022 1058 1091 1113 de
1129 1075 1239 1129 quo
1280 1060 1362 1113 sic
1400 1069 1455 1115 et
1484 1063 1624 1130 apud
1673 1062 1929 1120 Davidcm
1965 1066 2135 1134 (μείω-ί
2168 1066 2301 1136 legi-

717 1162 875 1200 Inus:
916 1168 934 1198 ‹
971 1148 1106 1213 Quis
1131 1150 1389 1205 ascendet
1439 1153 1493 1206 ln
1548 1163 1786 1207 montem
1825 1155 2035 1211 Domini
2060 1158 2148 1212 ὀἳ
2181 1178 2199 1211 ι
2243 1166 2300 1213 et

717 1254 839 1306 qua:
864 1239 1146 1310 deinceps.
1191 1242 1229 1295 li
1275 1243 1561 1310 nimirum,
1599 1246 1691 1314 qui
1729 1246 2212 1303 vehementissimo
2243 1249 2296 1303 in

720 1329 887 1382 Deum
922 1346 1110 1386 amore
1134 1342 1453 1401 aestuantes,
1504 1336 1629 1404 quis
1652 1352 1755 1391 sea
1780 1337 1983 1391 Christi
2009 1340 2301 1396 dilectione

717 1429 1074 1487 soparaturus
1115 1431 1282 1485 esset,
1316 1424 1670 1492 postulabant
1698 1428 1780 1493 “;
1822 1428 2025 1496 quibus
2056 1437 2110 1483 ct
2143 1431 2298 1496 illud,

718 1510 813 1573 ait.
850 1513 1269 1582 respondebitur
1305 1533 1317 1567 :
1356 1534 1374 1566 ι
1414 1515 1610 1571 Parate
1647 1519 1789 1572 viam
1843 1520 2078 1585 Domini,
2119 1535 2301 1578 ret-tas

718 1604 880 1657 facite
905 1606 1127 1660 semitas
1154 1606 1274 1674 ejus
1309 1608 1378 1660 ”.
1421 1627 1438 1659 ι
1473 1608 1762 1674 Quomodo
1782 1621 1962 1667 autem
1995 1613 2113 1666 tolli
2133 1614 2301 1682 o/Ien-

715 1695 897 1749 dirula
930 1698 1221 1766 praecipit?
1270 1697 1368 1751 Via
1404 1700 1668 1755 nimirum
1722 1703 1846 1757 ﬁdei
1902 1705 2176 1773 expedita,
2219 1706 2297 1761 le-

712 1787 907 1855 gisque
968 1788 1263 1852 mandatis,
1327 1806 1449 1859 quae
1510 1793 1598 1846 vix
1667 1793 1958 1864 adimpleri
2022 1806 2294 1866 poterant,

2404 607 2585 660 αὐτῶν
2618 607 2936 679 ἑρμηνείας.

2479 878 2685 949 Πρέποι
2720 880 2769 933 δ’
2805 878 2872 933 ἂν
2920 879 3177 949 εἰρῆσθαι
3212 878 3387 931 ταῦτα
3429 879 3555 948 περὶ
3586 877 3681 930 τοῦ
3721 877 3831 930 τῶν
3862 878 4006 929 ἀπο-

2406 970 2605 1024 στόλων
2635 969 2822 1039 χοροῦ,
2852 970 2910 1023 οἳ
2954 970 3020 1023 τὸ
3068 969 3243 1038 ἅγιον
3292 970 3804 1037 ἐκ.1ηρονόμησαν
3838 969 4003 1035 ὄρος.

2404 1061 2539 1131 Περὶ
2587 1054 2647 1114 οὗ
2701 1078 2836 1131 φησι
2868 1062 2964 1115 καὶ
2997 1060 3197 1113 Δαϐίδ’
3255 1060 3392 1123 «Τίς
3432 1060 3767 1131 ἀναδήσεται
3816 1063 3895 1122 εἰς
3943 1062 4009 1112 τὸ

2401 1152 2526 1221 ὅρος
2558 1149 2649 1203 τοῦ
2685 1151 2932 1221 Κυρίου;
2969 1170 2986 1202 ι
3038 1150 3136 1203 καὶ
3182 1148 3250 1203 τὰ
3290 1150 3383 1201 ἐπὶ
3431 1149 3625 1219 τούτῳ.
3676 1151 3740 1201 Οἳ
3787 1150 3887 1216 τῆς
3922 1148 4008 1208 εἰς

2403 1243 2639 1311 Χριστὸν
2667 1243 2889 1312 ἀγάπης
2924 1242 3173 1312 σφοδρῶς
3220 1240 3569 1310 ἀντεχόμενοι
3616 1240 3826 1307 ἔλεγον,
3872 1241 4008 1301 «Τίς

2401 1337 2551 1404 ἡμᾶς
2594 1336 2816 1406 χωρίσει
2870 1335 2979 1388 ἀπὸ
3026 1335 3124 1403 τῆς
3149 1334 3373 1402 ἀγάπης
3424 1333 3517 1385 τοῦ
3553 1333 3790 1402 Χριστοῦ
3818 1349 3864 1394 ;›
3917 1327 4007 1393 οἷς

2404 1427 2723 1498 ῥηθήσεται,
2745 1428 2932 1497 φησὶν,
2959 1428 3039 1492 τὸ,
3074 1447 3092 1477 t
3122 1427 3482 1495 Ἑτοιμάσατε
3508 1424 3743 1493 τὴνὸδὸν
3768 1424 4003 1494 Κυρίου.

2404 1518 2635 1582 Εὐθείας
2674 1522 2880 1573 ποιεῖτε
2923 1520 3022 1583 τὰς
3065 1520 3286 1590 τρίϐίυς
3336 1516 3524 1570 αὐτοῦ.
3562 1537 3578 1567 ι
3617 1517 3752 1567 Τίνα
3789 1516 3846 1566 δὲ
3876 1517 4007 1584 τρὸ-

2403 1626 2504 1661 πον
2529 1612 2745 1678 ’Ἄρατε
2766 1609 2996 1675 σκῶλα,
3024 1611 3187 1680 φησίν
3210 1628 3223 1675 ;
3248 1608 3392 1661 τοῦτ’
3409 1608 3523 1660 ἐστι
3546 1607 3646 1675 τὴν
3662 1606 3813 1658 λείαν
3830 1604 4003 1663 ὁδὸν,

2400 1701 2501 1770 τὴν
2528 1700 2615 1754 διὰ
2646 1701 2879 1765 πίστεως
2910 1702 3228 1766 ὑποδείξαιτε
3251 1699 3557 1769 αἰρομένων
3589 1699 3653 1750 ἐκ
3687 1697 3860 1767 μέσου
3890 1696 4006 1748 τῶν

2403 1792 2644 1859 νομικῶν
2669 1793 3045 1864 ὲνταλμὰτων,
3073 1792 3218 1862 ἅπερ
3240 1788 3309 1860 ἦν
3334 1790 3777 1860 δυσκατόρθωτα.
3808 1787 4004 1840 Τοιοῦ-

717 1878 949 1933 sublatis
1000 1886 1053 1932 et
1092 1879 1343 1946 abiectis.
1386 1880 1559 1950 Ctijus
1607 1863 1833 1951 generis
1880 1896 1965 1939 est
2007 1863 2061 1941 et
2110 1888 2242 1941 illud
2278 1906 2291 1942 :
2326 1863 2400 1921 Βπ

2326 1863 2372 1921 Β
2399 1886 2489 1938 τόν
2519 1888 2635 1938 ἐστι
2661 1863 2858 1948 καὶτὸ,
2896 1884 3232 1956 (Πορεύεσθε
3266 1885 3354 1936 διὰ
3384 1886 3492 1935 τῶν
3527 1882 3710 1936 πυλῶν
3743 1900 3870 1949 μου,
3904 1882 4005 1932 καὶ

722 1987 740 2019 t
791 1970 1080 2025 Ambulate
1113 1986 1208 2039 per
1232 1983 1421 2041 portas
1454 1989 1624 2039 meas,
1651 1984 1706 2029 et
1731 1976 1941 2050 lapides
1966 1980 2034 2033 de
2057 1981 2138 2036 ria
2168 1997 2295 2051 pro-

712 2061 884 2125 jieitc.
926 2081 943 2112 ι
984 2061 1140 2127 Quod
1178 2064 1317 2119 idem
1352 2074 1438 2119 est
1497 2082 1561 2120 ac
1597 2069 1642 2135 si
1688 2070 1937 2124 molestia
1983 2072 2121 2125 riam
2164 2074 2295 2127 libe-

716 2171 839 2209 rare
871 2157 1206 2225 praeciperet.
1232 2159 1299 2210 At
1332 2168 1481 2225 sunt,
1511 2161 1602 2228 qui
1635 2171 1805 2215 totam
1834 2163 1993 2217 istam
2028 2166 2295 2222 orationis

718 2247 913 2300 seriem
976 2246 1121 2301 hunc
1178 2248 1231 2302 in
1276 2251 1495 2303 modum
1552 2253 1844 2329 explicent.
1906 2254 2037 2310 Post
2091 2256 2292 2313 factam

717 2355 928 2404 eorum,
976 2356 1097 2409 qua:
1142 2343 1400 2411 superius
1444 2344 1588 2415 dicta
1625 2355 1775 2411 sunt,
1824 2348 2291 2416 promissionem;

717 2448 823 2499 qua
856 2432 965 2501 jam
1000 2433 1120 2486 vita:
1156 2435 1370 2488 ratione
1418 2435 1526 2489 illis
1566 2438 1865 2505 potiantur,
1910 2437 2293 2505 demonstrat;

718 2524 1050 2593 advenasque
1096 2524 1378 2594 deinceps,
1420 2536 1467 2580 et
1497 2529 1767 2582 eunuchos
1812 2531 2153 2597 consolatur,
2199 2531 2294 2602 qui

716 2616 914 2671 semine
955 2618 1006 2670 in
1051 2617 1340 2672 benedicta
1391 2634 1594 2690 genere
1641 2621 1849 2690 privari
1901 2626 2298 2679 exsccrationis

721 2711 839 2762 loco
871 2710 1163 2781 habebant,
1201 2727 1380 2781 neque
1409 2728 1469 2767 se
1519 2712 1642 2767 ideo
1688 2714 2017 2783 promissam
2052 2717 2104 2769 in
2153 2729 2297 2772 terra

718 2800 1078 2854 hwredilatem
1111 2802 1263 2857 adire
1304 2818 1465 2871 posse
1510 2806 1797 2873 putabant.
1849 2804 2175 2862 Necessario
2202 2825 2299 2862 au—

717 2904 823 2943 tem
869 2891 972 2944 ista
1014 2891 1095 2946 eis
1134 2892 1395 2957 consulit,
1440 2893 1534 2962 qui
1595 2909 1865 2963 responso
1915 2895 2019 2960 illi,
2048 2902 2194 2965 quod
2230 2898 2297 2952 ad

720 2980 1006 3037 Ezechiam
1043 2986 1306 3053 perlatum
1340 3000 1445 3047 εει,
1480 2985 1651 3039 futuri
1678 2996 1839 3040 erant
1868 2989 2127 3055 obnoxii;
2172 3003 2295 3042 cum

718 3074 786 3127 de
832 3089 1031 3142 genere
1071 3075 1246 3143 ipsius
1295 3076 1571 3145 spadones
1622 3091 1748 3130 esse
1803 3078 2096 3132 elfeeturos
2139 3078 2296 3131 audio

719 3166 793 3219 vit
837 3167 904 3218 ”.
941 3166 1059 3232 Quo
1093 3182 1217 3220 cum
1259 3168 1618 3223 d:-\'enissent
1673 3168 1884 3229 Daniel,
1927 3169 2143 3239 ipsique
2185 3177 2298 3223 tres

720 3256 914 3322 pueri,
979 3257 1411 3311 consolationem
1462 3275 1524 3311 ex
1582 3259 1669 3310 bis
1728 3260 1909 3312 verbis
1972 3259 2292 3319 hauserunt,

721 3361 977 3416 tauquam
998 3349 1091 3417 qui
1124 3347 1326 3402 frustra
1352 3348 1445 3403 Dei
1469 3350 1740 3404 mandatis
1765 3367 1870 3403 non
1893 3351 2207 3418 paruissent
2227 3349 2295 3402 “.

720 3441 823 3503 Qui
857 3442 995 3496 tales
1019 3441 1184 3511 igitur
1220 3440 1388 3494 futuri
1422 3452 1575 3505 sunt,
1604 3457 1700 3496 eos
1729 3457 1787 3496 se
1818 3458 1942 3495 cum
1985 3442 2297 3511 alienigenis

725 3536 979 3601 pietatem
1009 3534 1693 3588 colentibus'collectttrum
1724 3535 2000 3604 signilit'at
2036 3552 2048 3586 :
2085 3534 2300 3588 ueteris

720 3636 901 3679 autem
934 3625 1039 3680 lide
1070 3628 1387 3681 carentibus
1422 3642 1450 3678 a
1483 3626 1757 3681 Chaldaeis
1793 3627 1951 3696 ipsis,
1986 3628 2079 3697 qui
2113 3628 2165 3680 in
2203 3642 2300 3682 eos

723 3699 968 3772 ferarum
992 3734 1145 3774 more
1172 3722 1406 3783 irruent,
1443 3720 1684 3791 ingentia
1715 3722 1855 3774 mala
1894 3721 2015 3775 ideo
2038 3736 2161 3776 esse
2200 3736 2295 3776 cx-

721 3812 1040 3878 speetanda,
1070 3814 1217 3880 quod
1253 3814 1431 3867 insani
1468 3820 1663 3884 Sponte
1693 3813 1896 3877 ctl'ecti,
1938 3814 2299 3883 rabiososque

2398 1977 2524 2038 τοὺς
2565 1975 2748 2039 λίθους
2780 1976 2869 2028 διὰ
2907 1976 3005 2045 τῆς
3044 1975 3166 2029 ὁδοῦ
3202 1975 3416 2045 ῥίψατε.
3451 1993 3469 2022 ι
3503 1973 3662 2025 Τοῦτ’
3704 1974 3821 2025 ἐστι
3867 1972 4006 2023 δυσ-

2398 2068 2620 2139 χερείας
2689 2067 3039 2132 ἀπαλλάξατε
3074 2067 3174 2136 τὴν
3206 2067 3345 2121 ὁδόν.
3380 2067 3565 2119 Ἀλλοι
3595 2065 3651 2119 δὲ
3681 2064 3780 2134 τὴν
3815 2067 4004 2117 πᾶσαν

2395 2159 2569 2223 οὕτως
2592 2160 2932 2231 ἐξηγήσαντο
2957 2158 3118 2230 ῥῆσιν
3140 2174 3157 2190 ·
3188 2157 3343 2211 Μετὰ
3372 2158 3472 2226 τὴν
3528 2158 3637 2209 τῶν
3668 2157 4003 2226 προλεχθέν-

2396 2251 2505 2303 τῶν
2550 2251 2909 2320 ἐπαγγελίαν,
2971 2249 3325 2305 ὑποδείκνυσι
3372 2249 3489 2312 πῶς
3539 2248 3779 2318 βιοῦντες
3813 2248 4004 2301 αὐτῶν

2398 2343 2792 2407 ὲπιτεύξονται.
2825 2341 2963 2396 Μεθ’
2987 2342 3024 2395 ἃ
3046 2341 3461 2411 παραμυθεῖται
3508 2341 3652 2406 τοὺς
3686 2342 4004 2407 προσηλύ-

2397 2456 2542 2502 τους
2564 2453 2576 2465 '
2607 2433 2727 2491 εἶτα
2760 2437 2887 2498 τοὺς
2936 2436 3275 2503 εὐνούχους
3306 2433 3553 2503 κατάραν
3600 2435 3883 2503 οἰομένους
3939 2434 4005 2487 τὸ

2401 2530 2475 2602 μὴ
2526 2528 2769 2597 σπέίμα
2820 2529 2878 2579 ὲν
2929 2527 3007 2596 τῷ
3057 2526 3413 2596 εύλογημὲνῳ
3464 2525 3612 2592 γένει
3668 2524 4000 2592 κεκτῆσθαι,

2401 2622 2536 2692 μηδὲ
2576 2620 2988 2689 κληρονομίαν
3034 2617 3294 2672 δύνασθαι
3336 2618 3522 2671 λαϐεῖν
3561 2617 3633 2670 ὲν
3660 2615 3735 2683 τῇ
3768 2614 3849 2684 τῇ
3890 2614 4003 2681 τῆς

2396 2711 2755 2779 ἐπαγγελίας.
2804 2710 3147 2777 Ἀναγκαίως
3180 2711 3236 2763 δὲ
3276 2710 3450 2763 ταῦτα
3483 2706 3842 2761 συνεϐούλευε
3878 2708 4003 2765 τοῖς

2402 2805 2686 2875 μέλλουσιν
2721 2803 2830 2856 ὑπὸ
2879 2803 2977 2872 τὴν
3044 2803 3321 2869 ἀπόφασιν
3378 2800 3595 2854 κεῖσθαι
3648 2799 3750 2867 τὴν
3804 2797 4000 2868 ῥηθεῖ-

2401 2910 2500 2948 σαν
2541 2893 2677 2963 πρὸς
2718 2892 2989 2955 Ἐζεκίαν,
3045 2891 3120 2954 ὡς
3168 2893 3230 2943 ὲκ
3264 2891 3357 2943 τοῦ
3401 2891 3594 2959 γένους
3624 2888 3789 2943 αὐτοῦ
3832 2888 3997 2957 ποιής

2400 3001 2552 3036 σουσι
2573 2983 2899 3045 σπάδοντας·
2928 2976 3076 3055 ᾗπερ
3096 2980 3389 3034 ὑποπεσὼν
3412 2978 3747 3049 Δανιὴλ,ξκαὶ
3770 2977 3820 3029 οἱ
3843 2979 3997 3045 τρεῖς

2401 3078 2612 3140 παῖδες,
2660 3076 3023 3145 παραμυθίας
3066 3077 3155 3129 διὰ
3194 3074 3403 3128 τούτων
3439 3074 3759 3143 ἐτύγχανον,
3794 3071 3872 3133 ῶς
3920 3071 3997 3139 μὴ

2400 3166 2674 3237 ἀνονήτως
2704 3166 2797 3219 τοῦ
2828 3166 2963 3236 βεοῦ
3000 3166 3279 3236 μετιόντες
3304 3166 3403 3227 τᾶς
3435 3165 3675 3225 ἐντολάς.
3718 3164 3861 3225 Τοὺς
3899 3157 3998 3214 οὖν

2399 3260 2673 3323 τοιούτους
2710 3261 2847 3329 μετὰ
2894 3260 3005 3312 τῶν
3062 3258 3427 3311 εὐσεϐούντων
3476 3254 3829 3326 ἀλλογενῶν
3871 3255 3998 3305 ἐπι-

2400 3352 2695 3415 συνάξειν
2724 3352 2875 3421 φησί,
2925 3352 3049 3413 Τοῖς
3088 3351 3144 3403 δὲ
3184 3349 3366 3410 ἄλλοις
3410 3347 3700 3402 ἀπειθοῦσι
3736 3345 3998 3416 προλέγει

2402 3447 2471 3498 τὰ
2514 3443 2904 3513 συμϐησόμενα
2948 3444 3101 3513 παρὰ
3126 3440 3410 3495 Χαλδαίων
3455 3440 3612 3511 δίκην
3644 3438 3857 3508 θηρίων
3889 3438 3996 3505 ἑμ-

2402 3535 2699 3607 πηδώντων
2733 3536 2940 3597 αὐτοῖς.
2993 3534 3067 3585 Τὸ
3099 3533 3156 3585 δὲ
3212 3532 3406 3593 αἴτιον,
3452 3531 3535 3583 ὅτι
3594 3530 3813 3590 ἑκόντες
3847 3530 3997 3596 ὲμωσ-

2405 3628 2701 3699 ράνθησαν,
2748 3626 2884 3691 τοὺς
2920 3626 3109 3690 κύνας
3138 3625 3270 3687 τοὺς
3306 3622 3618 3684 λυττῶντας
3667 3621 3995 3690 μιμησάμε-

2406 3740 2506 3785 νοι,
2529 3721 2656 3784 τοὺς
2673 3722 2746 3790 μὴ
2763 3718 3027 3780 δεσπότας
3044 3718 3428 3787 γνωρίζοντας,
3452 3716 3603 3784 μήτε
3625 3714 3750 3775 τοὺς
3770 3714 3998 3782 τΡέΨ⁰ν’

2404 3830 2523 3877 τας,
2560 3812 2698 3882 μήθ’
2742 3811 3032 3867 ὑλακτεῖν
3060 3807 3456 3878 δυναμένους·
3485 3806 3515 3857 ὃ
3544 3806 3609 3876 δὴ
3632 3805 3993 3857 πεπόνθασιν.

722 3922 878 3961 Canes
912 3907 1130 3974 imitati,
1164 3925 1233 3964 ne
1264 3910 1515 3964 dominos
1544 3908 1765 3979 quidem
1798 3924 1949 3972 sues,
1991 3909 2075 3962 vel
2138 3924 2254 3970 eos,
2307 3923 2336 3959 a
2401 3909 2604 3977 quibus
2659 3916 2987 3979 pascuntur,
3058 3910 3439 3975 agnoverunt;
3499 3902 3609 3956 imo
3664 3918 3732 3955 ne
3792 3900 3999 3953 latrare

726 4001 945 4068 quidem
998 4003 1286 4059 valuerunt
1323 4021 1342 4059 :
1384 4005 1554 4080 6&8
1601 4006 1746 4075 quod
1787 4013 1937 4058 certe
1974 4010 2028 4057 et
2059 4018 2156 4058 eos
2199 4005 2308 4079 pati
2338 4005 2591 4073 contigit.

793 4093 929 4145 (lum
963 4095 1133 4160 enim,
1164 4107 1421 4163 tanquam
1480 4097 1533 4151 iu
1587 4113 1782 4153 somno
1818 4106 1871 4149 et
1904 4096 2078 4161 lectis,
2114 4096 2181 4149 ad
2210 4111 2296 4158 ea,

723 4201 845 4239 una:
878 4200 906 4237 a
931 4186 1269 4243 daemonibus
1307 4190 1655 4253 dicebantur,
1688 4192 2061 4253 adverterent,
2102 4189 2300 4241 dormi-

726 4289 839 4331 tare
876 4294 930 4331 δε
971 4279 1281 4349 ﬁngebant;
1331 4298 1505 4351 eaque
1562 4283 1885 4351 rejiciebaut
1953 4296 2075 4351 quae
2109 4282 2212 4337 sibi
2268 4298 2299 4336 a

724 4351 835 4422 Deo
874 4384 938 4423 ex
980 4356 1106 4424 nota
1146 4380 1200 4426 et
1254 4375 1543 4442 perspicua
1596 4391 1777 4430 rerum
1817 4374 1918 4428 title
1959 4374 2162 4444 (qualis
2215 4382 2301 4428 est

724 4461 792 4513 de
825 4448 958 4517 solis
1013 4479 1201 4531 gressu
1253 4475 1515 4532 retracto,
1556 4466 1732 4535 deque
1782 4476 2001 4520 centum
2040 4476 2095 4520 et
2145 4477 2298 4521 octo-

2489 4096 2807 4158 Ἀκούοντες
2863 4095 2993 4163 γὰρ,
3045 4094 3121 4157 ὡς
3184 4096 3242 4147 ἐν
3297 4094 3474 4164 ὕπνῳ,
3525 4094 3620 4144 καὶ
3667 4090 3897 4150 κοίταις.
3928 4089 3998 4140 τὰ

2406 4189 2560 4260 παρὰ
2588 4189 2695 4242 τῶν
2725 4188 2999 4257 δαιμόνων
3027 4186 3322 4253 λεγόμενα,
3372 4179 3802 4253 προσεποιοῦντο
3840 4192 3997 4229 νυσ-

2404 4282 2651 4350 ταγμὸν,
2690 4280 2921 4347 ἀφέντες
2950 4277 3018 4330 τὰ
3044 4281 3191 4345 παρὰ
3220 4275 3312 4328 τοῦ
3344 4273 3480 4327 Θεοῦ
3516 4264 3635 4341 μετ’
3663 4268 4001 4331 ἀποδείξεως

2404 4374 2515 4426 τῶν
2545 4374 2602 4424 ὲν
2650 4371 2779 4424 ποσὶ
2822 4368 3220 4439 προλεγόμενα,
3266 4365 3363 4419 τοῦ
3418 4365 3518 4434 μὲν
3544 4364 3698 4430 ἡλίου
3738 4359 4001 4413 ἀναποδί-

2408 4483 2622 4531 σαντος,
2673 4463 2780 4516 τῶν
2821 4463 2877 4515 δὲ
2930 4461 3125 4523 ἑκατὸν
3161 4461 3493 4528 ὀγδοήκοντα
3542 4456 3707 4513 πέντε
3737 4451 4003 4522 χιλιάδων

724 4555 875 4631 ginta
936 4557 1183 4625 quinque
1252 4559 1493 4613 millibus
1556 4560 1894 4629 interemptis
1950 4560 2380 4629 histuria”),D

2330 4565 2380 4623 ι)
2408 4558 2788 4629 ἀνῃρημένων.
2820 4554 2964 4623 Πρὸς
2989 4552 3024 4606 ἃ
3061 4552 3485 4620 τυφλώττοντες,
3531 4548 3640 4600 τῶν
3685 4545 3875 4598 κακῶν
3900 4543 4004 4594 οὐκ

722 4657 981 4700 eventura
1017 4636 1140 4703 esse.
1166 4650 1606 4718 prwdicebantur
1638 4669 1651 4704 :
1686 4653 1750 4704 ad
1783 4668 1905 4719 quae
1937 4666 2061 4705 cum
2092 4652 2167 4703 illi
2200 4668 2303 4705 ca:-

723 4740 981 4801 eutirent,
1020 4741 1169 4794 nuila
1200 4742 1466 4795 malorum
1494 4744 1746 4797 satietate
1778 4744 2154 4813 capiebantur.
2189 4744 2302 4799 lino

725 4846 854 4882 vero
904 4846 1027 4884 eum
1068 4834 1410 4890 calamitates
1444 4836 1810 4899 intuerentur,
1853 4852 1975 4904 quae
2030 4836 2216 4905 probis
2249 4844 2304 4888 et

718 4924 886 4991 jnstis
908 4925 1205 4988 accidunt;
1239 4941 1360 4979 cum
1398 4926 1465 4982 ad
1502 4934 1730 4991 mortem
1765 4928 1928 4981 etiam
1970 4927 2016 4979 vi
2056 4927 2300 4995 pertrahi

724 5014 1007 5089 viderent,
1045 5017 1233 5071 virtuti
1264 5020 1428 5072 etiam
1478 5019 1604 5087 ipsi,
1636 5027 1895 5088 tanquam
1935 5020 2068 5072 nihil
2106 5018 2301 5074 habent

726 5108 998 5176 utilitatis,
1034 5109 1415 5171 detrahebant.
1468 5114 1646 5180 Atque
1686 5111 1812 5166 inde
1847 5120 1951 5176 est,
1992 5111 2138 5179 quod
2176 5126 2299 5164 cuin

721 5199 789 5253 de
815 5198 884 5254 iis
923 5211 1072 5256 esset
1114 5214 1271 5261 antea
1304 5205 1546 5267 locutus,
1589 5204 1682 5271 qui
1717 5204 1926 5271 justum
1968 5204 2187 5271 periisse
2216 5202 2302 5255 di-

722 5302 946 5356 cerent,
993 5294 1475 5362 reprehensionem
1546 5295 1785 5365 adjecit;
1856 5296 2040 5350 videre
2107 5310 2302 5363 nempe

727 5386 874 5451 ipsus
918 5387 1263 5455 corporalem
1311 5387 1534 5457 quidem
1588 5404 1781 5442 eorum
1844 5388 2162 5452 interitum;
2205 5387 2298 5440 sed

721 5476 806 5533 eis
843 5476 1026 5531 utilem
1068 5494 1191 5533 esse
1241 5487 1546 5548 temporum
1578 5481 2014 5534 contractionem
2054 5480 2306 5548 bonaque

797 5589 842 5620 "°
870 5589 1071 5645 Psalm.
1098 5609 1252 5651 xvm.
1290 5594 1340 5647 ’5.
1446 5595 1488 5625 ’ί
1522 5595 1677 5655 Ιζοιιι.
1710 5612 1822 5651 \‘tll.
1863 5596 1949 5647 .73.

736 5667 935 5725 actm,
1008 5664 1050 5693 ⁸⁵
1090 5663 1153 5716 IV
1190 5665 1317 5733 Heg.
1349 5681 1454 5725 XIV,
1492 5672 1584 5727 33.

2028 5597 2072 5625 θ’
2110 5592 2209 5648 lsa.
2251 5609 2336 5656 χι,
2377 5590 2447 5653 5;
2485 5586 2673 5641 Matth.
2716 5601 2795 5647 tu,
2827 5584 2880 5635 3.

2409 4648 2718 4717 ἐλάμϐανον
2752 4647 2911 4713 κόρον
2933 4661 2946 4675 ·
2993 4643 3130 4696 ἀλλὰ
3173 4643 3268 4695 καὶ
3312 4642 3410 4703 τὰς
3444 4637 3800 4706 περιστάσεις
3829 4635 4003 4704 ὀρῶν-

2405 4757 2518 4805 τες,
2553 4738 2609 4792 αἳ
2639 4740 2751 4801 τοῖς
2788 4735 3019 4797 δικαίοις
3063 4733 3447 4804 συμὸαίνουσι,
3496 4730 3590 4783 καὶ
3628 4729 3757 4790 τοὺς
3794 4726 4005 4793 ιπαγοο

2410 4833 2603 4901 μένους
2641 4830 2731 4899 βίᾳ
2762 4828 3049 4889 θανάτους,
3089 4823 3436 4891 διεὸἐὸληντο
3468 4821 3607 4890 πρὸς
3654 4820 3755 4888 τὴν
3796 4818 4005 4888 ἀρετὴν

2406 4925 2481 4987 ὡς
2518 4922 2685 4992 μηδὲν
2731 4918 3068 4988 ὠφελοῦσαν.
3106 4915 3271 4969 Ὅθεν
3303 4914 3372 4966 τὰ
3417 4912 3547 4981 παρ’
3580 4910 3763 4964 αύτῶν
3799 4910 4006 4978 «patio

2410 5015 2505 5079 ξας
2521 5013 2629 5065 τῶν
2652 5010 2919 5078 λεγόντων
2957 5004 3340 5061 ἀπολωλέναι
3378 5004 3485 5057 τὸν
3514 5002 3771 5058 δίκαιον,
3803 4999 4003 5064 ἐπάγει

2413 5105 2763 5177 μεμφόμενος
2790 5102 2871 5154 ὅτι
2898 5100 2995 5161 τὰς
3029 5099 3127 5168 μὲν
3162 5094 3483 5166 σωματικὰς
3517 5092 3697 5145 αὐτῶν
3721 5089 4006 5151 ἀπωλείας

2408 5200 2597 5270 ὁρῶσι,
2632 5197 2693 5249 τὸ
2726 5196 2784 5248 δὲ
2816 5194 2951 5263 πρὸς
2978 5192 3165 5261 ὄνησιν
3195 5191 3378 5251 αὐτοῖς
3407 5183 3547 5239 εἶναι
3574 5187 3635 5237 τὸ
3665 5182 4001 5250 συσταλῆναι

2409 5293 2499 5355 τὸν
2532 5290 2743 5360 χρόνον,
2798 5287 2891 5339 καὶ
2935 5285 3111 5337 πόνων
3145 5283 3342 5343 αὐτοὺς
3398 5281 3485 5331 ἐπ’
3517 5277 3731 5330 ἐλπίσιν
3763 5274 4004 5341 ἀγαθαῖς

2408 5379 2847 5434 ἀπαλλάττεσθαι
2884 5389 2897 5425 ι
2957 5380 3180 5428 σκοπεῖν
3205 5374 3305 5424 οὐκ
3352 5370 3626 5423 ἐθέλουσιν
3672 5366 3865 5428 ἁπλῶς
3897 5364 4005 5417 τοῦ

2412 5474 2648 5527 δικαίου
2706 5469 3132 5538 κατατρέχοντες
3196 5464 3331 5533 βίου.
3391 5458 3523 5515 Εἶτα
3578 5461 3850 5527 εοελέγχει
3904 5456 4003 5517 τὰς

2993 5584 3037 5609 ’³⁸
3074 5579 3137 5635 ιγ
3180 5577 3311 5648 Reg.
3350 5594 3438 5643 xx,
3498 5579 3575 5644 Π,
3609 5573 3672 5626 l8
3778 5574 3824 5602 “
3863 5569 4000 5624 Dan.

2030 5753 2259 5823 mnu:
2303 5742 2708 5805 LECTlt)NES.

828 5845 991 5898 ἶλὸ.
