4262 6434
674 403 815 463 2587

1242 506 1491 558 ΚΕΦΑΛ.
1545 504 1673 553 κη’.

745 599 918 654 α-κα’.
969 598 1339 662 Ἀνασόησον
1371 596 1440 647 ἐν
1477 595 1662 660 ἰσχύϊ,
1687 592 1779 644 καὶ
1810 592 1897 659 μὴ
1928 594 2111 660 see/cn
2137 609 2147 620 ·
2176 592 2255 653 ὡς

676 694 983 759 σάλπιγγα
1034 690 1285 755 ὕψωσον
1337 684 1451 749 τὴν
1503 682 1711 751 φωνήν
1743 695 1888 739 σου.
1924 682 2021 733 καὶ
2080 680 2258 748 ἀνάν-

678 784 880 849 rector
921 776 1001 840 τῷ
1043 774 1170 839 λαῷ
1214 792 1333 842 μου
1379 771 1447 825 τὰ
1486 770 1877 838 ἁμαρτήματα
1905 769 2121 830 αὐτῶν,
2158 769 2256 820 καὶ

680 870 757 934 τῷ
790 871 931 934 vlup
971 867 1183 920 Ἰακὼϐ
1211 865 1318 929 τὰς
1354 864 1607 931 ἀνομίας
1632 861 1852 914 αὐτῶν.
1874 862 2004 928 Ἐμὲ
2032 860 2261 927 ἡμέραν

679 960 747 1023 ἐξ
782 959 1004 1026 ἡμέρας
1054 955 1316 1021 (arcum,
1352 954 1450 1005 καὶ
1503 951 1729 1020 γνῶναί
1766 970 1884 1019 μου
1931 952 2036 1014 τὰς
2080 949 2261 1015 ὀδοὺς

679 1048 1100 1116 ἐπιθυμοῦσιν,
1140 1045 1219 1111 ὡς
1264 1043 1412 1108 λαὸς
1452 1043 1851 1106 δικαιοσύνην
1897 1038 2258 1104 πεποιηκὼς,

683 1142 777 1194 καὶ
822 1140 1023 1208 κρίσιν
1068 1137 1216 1190 Θεοῦ
1248 1136 1434 1189 αὑτοῦ
1477 1136 1562 1204 μὴ
1611 1131 2172 1203 ἐγκαταλελοιπὼς,
2203 1150 2259 1185 κ.

682 1250 735 1283 τ.
762 1232 810 1282 λ.

753 1319 1109 1390 θεραπεύσας
1159 1320 1188 1371 6
1237 1318 1391 1384 λόγος
1423 1318 1550 1380 τοὺς
1595 1319 1653 1370 ἐν
1682 1317 1759 1385 τῷ
1788 1317 1979 1387 πλήθει
2011 1316 2106 1367 τοῦ
2135 1316 2265 1369 λαοῦ

685 1412 969 1473 ταπεινοὺς
1004 1412 1097 1463 καὶ
1132 1410 1629 1478 συντετριμμένους
1657 1412 1723 1477 τῇ
1756 1408 1975 1478 καρδίᾳ,
1998 1408 2265 1476 μεταϐαί-

684 1520 763 1553 νει
798 1502 984 1554 λοιπὸν
1018 1501 1110 1552 ἐπὶ
1144 1500 1206 1551 τὸ
1238 1500 1425 1567 τάγμα
1454 1499 1559 1551 τῶν
1588 1499 1646 1549 ἐν
1672 1498 1854 1559 αὐτοῖς
1878 1498 2110 1559 ἀσεϐῶν,
2138 1502 2267 1569 περὶ

683 1588 758 1645 ὧν
792 1593 1006 1659 ἔλεγεν,
1036 1592 1148 1641 Οὐκ
1176 1590 1292 1641 ἔστι
1322 1592 1532 1658 χαίρειν
1564 1592 1677 1651 τοῖς
1705 1590 1927 1641 ἀσεϐέσι
1954 1631 1967 1651 ,
2001 1590 2267 1642 διδάσκων

684 1685 830 1745 τίνες
858 1700 917 1734 τε
949 1674 1112 1733 οὗτοι.
1148 1682 1238 1733 καὶ
1278 1682 1394 1733 ἀνθ’
1416 1684 1539 1734 ὅτου
1572 1681 1691 1733 κατ’
1718 1682 1897 1734 αὐτῶν
1928 1683 2261 1748 ἀπεφήνατο.

700 1775 941 1841 ’Λφὸϐως
984 1770 1109 1837 οὖν,
1148 1774 1243 1825 καὶ
1288 1775 1385 1826 σὺν
1437 1774 1718 1843 παρρησία.
1763 1772 1937 1825 ταῦτα
1978 1773 2139 1840 ,βοᾷν
2191 1773 2268 1842 τῷ

690 1871 943 1937 προφήτῃ
970 1866 1428 1936 παρακελεύεται.
1461 1865 1631 1917 Τοῦτο
1658 1866 1765 1935 γάρ
1790 1868 1906 1917 ἐστι
1941 1865 1999 1916 τδ
2028 1865 2269 1930 ὑψῶσαι

692 1961 804 2024 τὴν
834 1960 1062 2028 φωνὴν,
1082 1961 1157 2022 ὡς
1188 1961 1295 2012 ἀπὸ
1322 1961 1661 2029 σάλπιγγος
1694 1961 1821 2023 τοὺς
1856 1960 2108 2028 ἐλέγχους
2136 1978 2271 2029 προ-

692 2054 940 2121 φέροντα.
981 2053 1135 2105 Κατά
1164 2054 1355 2122 καιρὸν
1399 2053 1454 2106 δὲ
1498 2053 1573 2115 ὼς
1616 2054 1707 2105 ἐπὶ
1750 2052 1886 2104 Θεοῦ
1932 2053 2201 2122 πολεμίων
2236 2054 2271 2121 ὴ

691 2145 954 2212 σάλπιγξ
984 2145 1377 2212 παρείληπται.
1412 2145 1537 2206 Τοῖς
1568 2144 1666 2212 μὲν
1716 2140 1808 2197 οὖν
1860 2146 2272 2212 εὐαγγελισέαῖς

690 2229 775 2280 διὰ
799 2229 908 2281 τῶν
941 2231 1175 2297 πρόσθεν
1196 2230 1431 2297 ἐλέγετο*
1455 2251 1473 2281 ι
1497 2232 1614 2283 Ἐπ’
1637 2231 1762 2301 ὄρος
1790 2233 1992 2301 ὑψηλὸν
2018 2233 2272 2303 emanet.

691 2323 719 2373 6
752 2321 1236 2388 εὐαγγελιζόμενος
1268 2321 1425 2384 Σιὼν,
1459 2342 1477 2372 ι
1509 2324 1602 2375 καὶ
1634 2323 1702 2375 τά
1732 2324 1992 2393 ἑπόμενα.
2012 2326 2276 2378 Ἐνταῦθα

691 2409 748 2461 δὲ
778 2410 878 2460 οὐκ
901 2411 987 2461 ἐπ’
1013 2409 1137 2477 ὄρος
1174 2410 1491 2462 ἀναϐαίνειν
1521 2411 1550 2460 6
1581 2411 1865 2480 προφήτης
1888 2410 2168 2462 κελεύεται
2196 2410 2277 2479 (οὐ

695 2503 803 2570 γὰρ
834 2504 945 2563 τοῖς
977 2497 1128 2554 οὖσιν
1158 2502 1227 2554 ἐν
1254 2502 1395 2568 ὕψει
1420 2501 1600 2568 λέγειν
1628 2502 1907 2573 ἡμελλεν),
1926 2502 2066 2570 ἄγαν
2091 2503 2147 2555 δέ
2177 2503 2277 2571 μό-

697 2610 785 2645 νον
815 2592 989 2657 βοᾲν.
1023 2593 1098 2655 ὡς
1146 2594 1225 2655 εἰς
1250 2589 1367 2645 ὦτα
1399 2593 1621 2661 κωφῶν,
1653 2593 1746 2657 οὒς
1792 2594 1908 2658 καὶ,
1949 2597 2110 2649 Λαιέν
2135 2612 2276 2663 μου,

696 2684 882 2752 φησὶν,
916 2685 998 2745 εἰς
1041 2685 1365 2755 κατάκρισιν
1413 2684 1609 2739 αὐτῶν.
1629 2684 1771 2753 Ἐγὼ
1807 2685 1905 2754 μὲν
1938 2685 2049 2755 γὰρ
2082 2686 2274 2749 αὐτοὺς

698 2774 1172 2843 περιεποιησάμην
1197 2790 1211 2803 ·
1244 2777 1294 2827 ol
1328 2774 1387 2828 δὲ
1413 2775 1715 2843 ἀπέφυγον.
1746 2778 1813 2828 Al
1856 2775 1963 2845 γὰρ
2007 2776 2281 2845 ἁμαρτίαι

700 2864 873 2933 ὑμῶν,
901 2863 1344 2932 φησὶ,διιστῶσιν
1376 2864 1483 2917 ἀνὰ
1510 2863 1676 2933 μέσον
1705 2864 1841 2933 ἐμοῦ
1868 2867 1962 2918 καὶ
1988 2866 2168 2935 ὑμῶν,
2187 2867 2282 2918 καὶ

700 2957 862 3009 πλέον
887 2958 1005 3018 ταῖς
1024 2955 1324 3026 ἁμαρτίαις
1347 2957 1502 3023 ὑμῶν
1522 2957 1851 3025 ἐπειράθητε
1874 2972 1887 2985 ’
1913 2957 1942 3007 6
1964 2957 2020 3009 δὲ
2039 2956 2280 3026 ἔλεγχος,

699 3049 781 3101 ὅτι
808 3047 1054 3101 δοκοῦσίν
1080 3064 1147 3116 με
1170 3048 1298 3101 καθ’
1324 3048 1554 3116 ἡμέραν
1581 3046 1880 3115 ἐπιζητεῖν
1904 3050 1998 3101 ἐπὶ
2026 3049 2126 3110 τὰς
2152 3052 2282 3119 παρ’

1971 392 2313 455 ριιυςψιῑ
2348 381 2582 439 (iAZIII

3798 362 3944 424 2588

2964 481 3110 533 CAP.
3155 477 3333 532 LVIII.

2428 578 2595 649 654
2631 579 2790 629 Vilis.
2832 575 2849 627 I
2892 575 2979 627 21.
3024 572 3213 625 Clama
3246 576 3503 636 potenter,
3536 579 3697 630 neque
3721 577 3941 628 parcas.

2363 672 2535 735 Quasi
2565 672 2689 722 tuba
2723 667 2905 720 attolle
2941 681 3113 717 rorem
3163 672 3329 721 tuam,
3360 669 3408 711 et
3452 656 3713 709 attnuntia
3748 652 3946 718 populo

2363 781 2475 816 meo
2530 771 2744 828 pert-uta
2781 776 2899 819 sua,
2949 767 2997 808 et
3033 754 3214 807 domui
3240 750 3409 804 λιιι·οὸ
3445 748 3753 815 iniquitates
3790 760 3942 795 suns.

2365 852 2450 907 Me
2478 852 2542 906 de
2585 852 2669 904 die
2700 852 2753 903 iu
2790 849 2927 901 diem
2958 853 3223 915 quwrunt,
3254 852 3302 895 et
3335 855 3487 893 nosse
3523 839 3635 891 vias
3669 853 3814 890 mea:
3850 850 3948 884 cn-

2362 949 2531 1018 piunt,
2575 955 2824 1009 tanquam
2865 954 2988 1008 gens
3014 951 3131 1003 quo:
3167 933 3445 1003 justitiam
3477 930 3657 998 fecerit
3710 935 3759 980 et
3792 925 3950 993 judi-

2365 1039 2502 1091 cium
2538 1035 2629 1087 Dci
2666 1034 2748 1086 sui
2783 1048 2885 1085 non
2917 1027 3210 1096 reliquerit,
3252 1034 3361 1079 etc.

2434 1320 2597 1392 655
2632 1320 2922 1386 Postquam
2955 1315 3045 1376 iis,
3094 1312 3187 1382 qui
3222 1311 3275 1364 in
3307 1310 3511 1378 pepnlo
3542 1305 3730 1360 cordis
3762 1302 3953 1356 humi-

2370 1412 2519 1464 litate
2564 1418 2617 1462 et
2651 1406 2983 1461 contritione
3017 1401 3361 1462 laborabant,
3396 1397 3703 1450 medii-atus
3737 1404 3845 1452 Cal,
3883 1394 3954 1442 ad

2370 1505 2507 1555 alios
2540 1501 2821 1567 deinceps,
2864 1497 2960 1565 qui
3000 1498 3140 1547 inter
3175 1492 3399 1545 eosdem
3439 1489 3777 1555 impietatem
3817 1500 3953 1552 pro-

2371 1594 2499 1647 fessi
2527 1590 2763 1660 gaudere
2802 1593 3099 1655 nequeunl,
3124 1594 3434 1635 sermonem
3462 1576 3736 1630 convertit
3767 1593 3782 1639 ;
3825 1578 3959 1636 qui-

2370 1700 2477 1753 que
2524 1682 2623 1750 ipsi
2669 1680 2801 1740 sint,
2856 1686 2908 1729 et
2938 1691 3036 1727 cur
3069 1676 3121 1724 in
3157 1673 3278 1724 illos
3324 1672 3430 1721 ista
3474 1666 3817 1736 pronuntiet,
3866 1664 3961 1713 du-

2374 1782 2665 1827 monstrat.
2706 1769 3037 1837 Prophetnm
3080 1766 3273 1832 igitur,
3316 1771 3372 1811 nt
3398 1760 3499 1812 ista
3544 1759 3661 1811 sine
3688 1766 3861 1817 metu,
3902 1764 3960 1805 rl

2373 1865 2714 1920 conﬁdenter
2741 1861 3005 1921 inclamet,
3039 1856 3317 1909 admonet.
3348 1852 3585 1919 Idipsum
3610 1847 3753 1900 enim
3785 1849 3964 1915 signi—

2377 1958 2520 2021 ﬁcat,
2560 1970 2683 2007 cum
2716 1969 2887 2007 vocem
2921 1950 3167 2003 attollere
3208 1943 3482 2014 ptarcipit;
3528 1950 3789 2007 tanquam
3829 1937 3962 1988 ιιιῦιι

2378 2055 2726 2119 personante,
2758 2057 2949 2096 eorum
2989 2041 3196 2094 scelera
3232 2037 3412 2103 palam
3449 2032 3605 2099 argui
3642 2028 3888 2097 postulet
3944 2045 3955 2077 :

2378 2142 2610 2208 ideoque
2662 2136 2800 2189 tuba:
2844 2148 3065 2193 nomen,
3118 2128 3263 2196 quod
3310 2127 3579 2178 adversus
3627 2120 3722 2174 Dei
3768 2121 3909 2171 hosts
3938 2136 3967 2171 s

2377 2232 2657 2303 negotium
2700 2230 2790 2291 sit,
2829 2232 3075 2293 usurpat.
3108 2221 3212 2287 Qui
3251 2234 3383 2287 ergo
3401 2214 3769 2283 evangelistas
3790 2226 3966 2277 supe-

2381 2322 2619 2375 rioribus
2653 2320 2726 2373 ita
2756 2327 2841 2373 est
2874 2317 3145 2368 allocutus
3182 2331 3194 2365 :
3228 2330 3245 2361 ι
3280 2308 3458 2378 Super
3496 2314 3736 2360 montem
3771 2304 3964 2357 excel-

2380 2428 2500 2467 sum
2529 2409 2763 2465 ascende
2794 2408 2888 2476 qui
2917 2405 3263 2473 evangelizas
3290 2400 3489 2461 Sion’,
3528 2417 3545 2448 ι
3582 2407 3637 2451 et
3668 2411 3790 2465 quae
3808 2395 3969 2448 dein-

2380 2521 2510 2573 ceps
2543 2524 2554 2557 :
2599 2504 2701 2556 hoc
2742 2503 2862 2555 loco
2904 2516 3014 2553 non
3058 2498 3297 2566 idipsum
3334 2494 3446 2563 jam
3484 2507 3580 2547 eos
3612 2490 3814 2552 facere,
3862 2491 3967 2558 qui

2381 2598 2434 2650 in
2477 2596 2587 2649 alto
2617 2595 2727 2650 sint
2751 2591 3027 2651 collocati,
3058 2589 3150 2643 sed
3176 2598 3435 2655 tanquam
3464 2583 3644 2651 populi
3682 2584 3765 2636 sui
3796 2596 3971 2635 aures

2382 2685 2798 2747 obsurduerint,
2833 2684 2886 2736 in
2919 2695 3111 2736 eorum
3133 2677 3644 2732 condemnationem
3661 2674 3928 2727 vehemeu
3945 2701 3967 2711 -

2384 2776 2496 2828 tius
2530 2773 2683 2841 jubet
2718 2770 3008 2824 inclamare
3032 2787 3045 2832 ;
3072 2765 3373 2835 quosenim
3407 2764 3525 2832 ipse
3550 2762 3652 2815 sibi
3678 2759 3972 2813 vindicas-

2385 2873 2487 2927 set,
2518 2878 2548 2916 a
2582 2878 2640 2916 se
2678 2870 2858 2915 tamen
2892 2865 3176 2913 constaret
3206 2853 3483 2910 recedere.
3531 2852 3762 2906 Peccala
3794 2851 3977 2917 siqui-

2385 2956 2508 3010 dem
2540 2962 2746 3019 vestra,
2785 2952 2984 3020 inquit,
3023 2952 3185 3020 longe
3218 2964 3316 3004 vos
3346 2963 3375 3001 a
3398 2961 3485 3002 me
3512 2953 3769 3011 separant
3795 2944 3976 2995 inter-

2391 3049 2560 3110 vallo,
2594 3054 2648 3101 et
2688 3045 2928 3113 amplius
2962 3044 3099 3095 estis
3159 3040 3270 3093 illis
3304 3037 3519 3101 tentati,
3552 3036 3715 3104 idque
3739 3048 3805 3087 eo
3846 3034 3974 3099 ipso

701 3141 884 3203 αὐτοῖς
937 3140 1290 3203 ἀπαντῶντες
1342 3141 1692 3208 Συναγωγάς.
1750 3142 1861 3194 Ka‘t
1910 3141 2009 3204 τὰς
2065 3142 2285 3212 Γραφάς
2310 3155 2355 3216 C

2310 3155 2355 3216 ρ
2386 3137 2625 3197 evicere,
2652 3134 2912 3203 quod,me
2940 3132 2993 3183 in
3021 3131 3135 3183 dies
3153 3144 3387 3198 quierere
3419 3124 3592 3179 videri
3628 3123 3813 3186 vultis,
3835 3121 3977 3175 dum

704 3231 1126 3301 προσποιοῦνται
1172 3232 1356 3300 ζητεῖν
1382 3273 1396 3295 ,
1449 3232 1556 3297 τὰς
1601 3231 1782 3297 ὁδούς
1823 3250 1944 3301 μου
1995 3232 2286 3301 μανθάνειν

704 3320 1067 3389 πειρώμενοι,
1101 3321 1177 3383 ὼς
1226 3320 1288 3388 δὴ
1339 3320 1409 3373 τὰ
1457 3322 1619 3373 λοιπὰ
1666 3320 2132 3389 κατορθώσαντες.
2177 3322 2288 3374 Ka‘.

702 3411 876 3465 ταῦτα
900 3410 966 3473 δὴ
996 3408 1075 3480 τῷ
1101 3411 1278 3464 δοκεῖν
1301 3411 1542 3475 ἐποίουν,
1578 3410 1666 3464 διὰ
1692 3411 1782 3463 τὸν
1808 3411 2156 3482 ἐπικείμενον
2185 3411 2284 3463 πό-

705 3503 871 3571 λεμον
907 3502 1182 3564 ἐθέλοντες
1224 3502 1444 3569 γνῶναι
1490 3501 1591 3564 τὰς
1640 3503 1724 3569 ἐφ’
1753 3502 1969 3572 ἑκάστῳ
2002 3503 2289 3573 πράγματι

704 3593 1024 3661 διοικήσεις,
1053 3592 1145 3644 καὶ
1178 3593 1231 3644 τί
1259 3592 1355 3644 τοῦ
1388 3592 1627 3662 πολέμου
1658 3594 1719 3646 τὸ
1753 3594 1945 3663 πέρας.
1994 3594 2104 3646 Καὶ
2148 3593 2291 3647 οὕτω

708 3684 814 3754 γὰρ
851 3685 957 3749 τὰς
994 3683 1174 3749 ὀδοὺς
1216 3686 1459 3754 νοητέον,
1492 3686 1630 3755 ὅπερ
1674 3681 1743 3754 ἦν
1789 3685 2002 3756 ἀνδρῶν
2054 3686 2291 3756 ἐννόμως

708 3778 1207 3846 πολιτευσαμένων.
1243 3775 1435 3840 Οὐδεὶς
1473 3776 1581 3847 γὰρ
1623 3776 1802 3843 ὀδοὺς
1833 3775 1969 3829 Θεοῦ
2000 3775 2292 3845 γνώσεται

714 3868 789 3939 μὴ
828 3868 1035 3930 δίκαιος
1072 3865 1167 3919 ὦν.

784 4045 873 4110 Ἐξ
924 4045 1104 4099 αὐτῶν
1150 4048 1209 4099 δὲ
1256 4049 1364 4101 τῶν
1409 4049 1661 4118 πράξεων
1706 4048 2017 4117 ἐλέγχονται
2063 4048 2160 4118 τὴν
2189 4046 2293 4101 τοῦ

714 4139 861 4193 Θεοῦ
893 4139 1319 4208 καταλείψαντες
1347 4142 1550 4209 κρίσιν
1575 4143 1633 4194 ἐν
1657 4141 1887 4211 ἀσεϐείᾳ
1918 4142 2013 4193 καὶ
2040 4141 2145 4210 πλη
2155 4158 2295 4210 μμε-

710 4231 949 4299 λήμασιν
989 4231 1097 4283 Καὶ
1120 4232 1269 4299 ὅμως
1298 4232 1358 4295 ἐξ
1383 4233 1740 4300 ἀναισθησίας
1762 4232 2167 4295 ἐπιδικάζονται
2187 4233 2296 4286 τῶν

712 4319 860 4387 ἐμῶν
893 4318 1131 4385 ἀγαθῶν,
1152 4319 1341 4390 ὥσπερ
1369 4321 1605 4389 ἀμοιϐὴν
1638 4322 1841 4391 ἀρετῆς
1872 4322 2109 4391 πολέμου
2138 4323 2297 4392 νίκην

713 4411 1021 4480 αἰτούμενοι
1042 4426 1055 4439 ·
1086 4412 1179 4464 καὶ
1205 4414 1416 4475 ἀδικίας
1448 4431 1514 4481 με
1543 4415 1864 4484 γράφονται,
1902 4414 1974 4476 ὡς
2007 4414 2293 4466 εὐσεϐοῦν-

2388 3232 2442 3284 in
2479 3229 2677 3283 vestris
2714 3223 3017 3296 Synagogis
3043 3229 3329 3285 coeuntes,
3361 3218 3678 3287 Scripturas
3702 3231 3799 3270 vos
3820 3216 3979 3268 vias-

2386 3336 2485 3390 que
2528 3335 2669 3372 meas
2721 3316 2960 3372 scrutari
2998 3322 3052 3368 et
3097 3312 3317 3365 discere
3354 3307 3656 3367 simulatis.
3708 3316 3982 3372 tanquam

2389 3410 2600 3479 reliqua
2620 3406 3012 3477 prmstiteritis;
3037 3418 3161 3457 cum
3181 3401 3382 3455 famam
3406 3397 3696 3454 sectemini
3724 3406 3979 3455 tantum,

2390 3511 2443 3558 et
2473 3518 2579 3573 qua
2603 3514 2833 3571 qumque
2858 3498 3076 3551 ratione
3109 3493 3417 3565 ingruentis
3442 3490 3570 3546 belli
3614 3487 3835 3557 negotia
3856 3489 3983 3554 geri

2392 3591 2707 3654 conveniat,
2748 3601 3024 3659 quemque
3066 3584 3227 3639 linem
3269 3582 3587 3637 habiturum
3629 3579 3831 3632 bellum
3877 3577 3981 3639 sit,

2391 3700 2548 3739 nosse
2587 3681 2874 3737 studentis.
2911 3676 3077 3749 656
3102 3674 3233 3728 Nam
3260 3684 3315 3728 et
3334 3673 3438 3727 hoc
3471 3680 3632 3741 pacto
3652 3671 3862 3724 viarum
3893 3667 3989 3719 in-

2393 3774 2680 3847 vestigatio
2722 3771 3079 3841 intelligenda
3120 3776 3247 3822 est:
3305 3781 3428 3836 quae
3465 3764 3713 3817 virormn
3772 3759 3875 3812 fuit
3910 3775 3988 3812 ex

2394 3867 2529 3937 legis
2572 3866 2828 3921 instituto
2880 3859 3220 3931 degentium.
3278 3856 3448 3909 Nemo
3495 3855 3683 3917 enim,
3729 3851 3835 3905 nisi
3881 3852 3987 3919 qui

2392 3959 2576 4029 iustus
2606 3957 2697 4017 sit,
2733 3954 2828 4009 Dei
2860 3954 2974 4006 vias
3006 3966 3159 4005 nosse
3190 3950 3408 4019 poterit.

2470 4050 2598 4103 Suis
2641 4047 2808 4117 igitur
2840 4044 2942 4114 ipsi
2985 4042 3150 4095 rebus
3180 4040 3375 4109 gestis,
3418 4038 3514 4092 Dei
3546 4038 3818 4105 judicium
3844 4034 3987 4088 vitae

2398 4141 2580 4208 impia:
2637 4146 2692 4192 et
2741 4137 3024 4190 scelerata:
3077 4130 3468 4202 posthabuisse
3519 4128 3984 4180 convincuntur:

2398 4243 2499 4283 nec
2523 4227 2775 4281 dubitant
2814 4233 2996 4278 tamen
3033 4222 3185 4277 omni
3236 4235 3405 4275 sensu
3440 4218 3689 4273 destituti
3740 4216 3809 4271 de
3843 4219 3990 4271 meis

2400 4318 2561 4372 bonis
2588 4316 2797 4384 judicio
2838 4312 3194 4373 contendere,
3234 4324 3431 4379 meque
3467 4308 3778 4377 iniquitatis
3812 4308 3987 4360 etiam

2402 4422 2666 4462 accusare
2687 4450 2700 4468 ,
2740 4415 2999 4472 tanquam
3026 4402 3118 4471 qui
3142 4402 3226 4470 pie
3252 4398 3515 4467 degentes
3533 4413 3627 4451 eos
3666 4396 3988 4464 rejecerim.

712 4519 809 4563 τας
825 4501 1022 4564 αὐτοὺς
1039 4503 1259 4555 ἀπωθοῦ
1269 4521 1447 4571 μενον.
1465 4504 1521 4555 Ἐ
1524 4506 1945 4573 νηστεύσωμεν
1956 4506 2025 4572 γά
2033 4523 2083 4575 ρ,
2099 4507 2232 4575 φησὶ
2251 4515 2293 4566 τ,
2322 4488 2375 4546 Ῑ)

2322 4488 2375 4546 Ῑ)
2400 4500 2765 4569 Jejunavimus
2799 4498 2967 4557 enim,
2995 4494 3169 4557 aiunt,
3209 4501 3259 4545 et
3296 4507 3399 4543 non
3428 4488 3647 4549 vidisti;
3678 4501 3805 4539 cum
3832 4486 3988 4539 enim

716 4591 812 4644 καὶ
859 4594 970 4645 οὐκ
1008 4590 1187 4657 εἶδες.
1220 4594 1341 4645 Τῶν
1369 4595 1479 4662 γὰρ
1508 4596 1786 4660 πολεμίων
1815 4597 2182 4663 ἐπικειμένων
2210 4595 2297 4647 διὰ

721 4685 1034 4753 σωματικῆς
1062 4684 1231 4754 ᾤοντο
1260 4687 1544 4749 νηστείας
1572 4686 2015 4755 ἐξευμενίζεσθαι
2035 4687 2125 4738 τὸν
2143 4685 2296 4750 Θεὸν,

720 4774 1043 4841 βριοιμὰτων,
1069 4775 1129 4826 οὐ
1163 4775 1362 4837 κακίας
1397 4776 1635 4845 ψυχικῆς
1671 4777 2021 4846 ἀπεχόμενοι.
2060 4777 2171 4828 Καὶ
2201 4775 2299 4845 τὴν

718 4864 973 4933 τοιαύτην
1022 4866 1276 4933 νηστείαν
1322 4866 1531 4936 ψυχῆς
1573 4868 1867 4930 καλοῦντες
1914 4869 2297 4921 ταπείνωσιν.

719 4956 889 5008 Τοῦτο
917 4958 1118 5018 τοίνυν,
1144 4953 1189 5011 ὧ
1226 4960 1501 5029 προφῆτα,
1535 4961 1698 5029 φησιν
1725 4961 1964 5029 ἔλεγχον,
2001 4960 2030 5012 ὃ
2053 4961 2147 5012 καὶ
2167 4976 2299 5027 προ-

718 5049 1021 5112 ϐάλλονται,
1050 5049 1109 5113 ἐξ
1130 5052 1247 5112 ἐνὸς
1269 5052 1461 5104 τούτου
1486 5052 1577 5105 τὸν
1602 5052 1785 5106 λοιπὸν
1810 5052 1988 5104 αὐτῶν
2010 5051 2298 5114 ἀποδείξας

719 5139 938 5208 τροπον.
972 5140 1046 5192 Τὸ
1094 5142 1172 5204 δὲ,
1214 5144 1326 5195 οὐκ
1370 5141 1547 5207 εἶδες,
1579 5144 1679 5195 οὐκ
1728 5143 1953 5209 ἄγνοιαν
1995 5141 2152 5205 Θεοῦ,
2182 5140 2299 5194 ἀλλ’

719 5230 1007 5295 ἀπότευξιν
1036 5233 1358 5303 αὐτομάτων
1387 5235 1555 5305 δηλοῖ.
1578 5236 1735 5303 Μέγα
1766 5235 1810 5286 δ’
1836 5235 1900 5287 ἂν
1929 5234 2217 5305 ἔπραττον,
2250 5233 2299 5283 εί

720 5320 935 5389 ἀληθῶς
986 5324 1157 5375 ταῦτα
1208 5326 1560 5396 μετήρχοντο.
1613 5328 1721 5379 Kal
1759 5326 1918 5377 Δαὸὶδ
1945 5326 2054 5393 γάρ
2093 5340 2258 5392 φησιν
2281 5338 2296 5353 ’

729 5433 743 5463 ι
772 5414 1120 5466 Ἐταπείνονν
1144 5420 1201 5467 ἐν
1224 5419 1446 5489 νηστεία
1476 5419 1572 5489 τὴν
1595 5419 1773 5490 ψυχήν
1802 5437 1927 5489 μου,
1958 5417 2107 5488 καὶὴ
2136 5433 2300 5485 xpos-

796 5595 816 5624 ³
866 5592 967 5645 Isti.
1020 5608 1105 5653 ιιι,
1138 5594 1189 5645 9.

2400 4593 2587 4646 hostes
2631 4592 2977 4658 ingruerunt,
3027 4582 3198 4636 Deum
3226 4581 3437 4650 jejunio
3477 4578 3750 4633 demereri
3782 4591 3842 4630 se
3885 4590 3993 4642 pu-

2400 4684 2613 4745 tabant,
2638 4680 2685 4735 si
2727 4696 2756 4732 a
2786 4678 2930 4730 cibis
2964 4714 2978 4738 ,
3023 4690 3131 4728 non
3169 4688 3198 4726 a
3222 4672 3372 4726 vitiis
3406 4671 3786 4731 abstinerent;
3820 4666 3993 4734 idque

2402 4777 2596 4829 animae
2631 4772 3056 4825 Itumiliationem
3088 4765 3498 4834 nuncupabant.
3548 4760 3663 4815 I‘Ioc
3694 4760 3862 4830 igitur
3899 4760 3991 4811 vel

2402 4868 2467 4921 ad
2499 4862 2939 4920 convincendum
2983 4858 3129 4929 quod
3167 4858 3269 4927 ipsi
3299 4862 3611 4926 Opponunt,
3642 4852 3829 4905 facere
3856 4864 3990 4919 pro-

2403 4959 2565 5029 pheta
2602 4953 2929 5025 respondet;
2964 4951 3033 5003 ab
3082 4963 3305 5016 unoque
3332 4949 3463 5010 isto,
3496 4947 3563 4998 de
3603 4941 3825 4997 caeteris
3858 4955 3991 4994 esse

2397 5028 2778 5119 iudicandum.
2828 5043 2896 5097 At
2931 5040 3075 5110 quod
3121 5054 3225 5091 non
3272 5037 3451 5089 vidisti
3494 5034 3684 5097 addit,
3728 5047 3838 5085 non
3889 5028 3991 5084 Dei

2401 5138 2824 5210 ignorationem,
2885 5132 2981 5187 sed
3024 5128 3301 5184 infelicem
3349 5140 3567 5188 eorum,
3610 5136 3732 5192 quae
3782 5128 3995 5189 sponte

2403 5232 2769 5293 admiserunt,
2794 5224 3001 5279 exitum
3038 5224 3408 5276 demonstrat.
3446 5220 3773 5283 Quanquam
3798 5221 3993 5263 tamen

2403 5328 2456 5374 et
2490 5318 2567 5372 illi
2601 5330 2714 5369 rem
2746 5328 2879 5368 sane
2903 5310 3048 5364 haud
3087 5322 3309 5377 parvam
3350 5303 3755 5375 prmstitissent,
3787 5300 3835 5353 si
3864 5312 3997 5352 vere

2408 5412 2513 5464 ista
2546 5404 2738 5463 sectati
2794 5402 3049 5457 fuissent.
3088 5395 3223 5452 Nam
3265 5403 3320 5451 et
3359 5390 3502 5462 apmi
3548 5390 3809 5443 Davidem
3846 5385 3993 5453 legi-

2008 5678 2237 5733 νΑιιιΑε
2278 5672 2680 5732 LECTIONES.

806 5793 824 5821 ι
849 5794 933 5843 η’.
970 5776 1096 5845 ,μισὶ
