4262 6434
324 376 473 439 ρεςη

1454 389 1859 448 COMMENTA
1875 390 1982 447 Rll
2018 390 2095 448 ΙΝ
2133 390 2412 451 lSAIAM.

3413 399 3560 462 2508

314 488 463 552 (cev,
505 493 758 563 ἀγησμῷ
788 493 842 546 δὲ
891 493 984 547 καὶ
1036 496 1390 565 καθαρότητι,
1421 499 1513 547 καὶ
1557 498 1641 549 διὰ
1686 498 1887 550 τούτων
1916 500 1997 557 At

1866 517 1887 547 ν
1916 500 1959 557 Α
1992 500 2083 549 sed
2113 510 2167 550 ut
2202 499 2619 555 sanetilicationi
2651 502 3122 574 puriﬁcationiqu
3167 515 3419 569 vacetur;
3455 526 3549 580 per

312 582 653 648 (ig-cdfecaa:
680 584 792 650 τὴν
836 586 1064 653 ἡμέραν
1092 587 1178 640 διὰ
1208 588 1307 652 τῆς
1354 588 1493 639 κατὰ
1529 588 1660 640 Θεὸν
1691 590 1886 658 σχολῆς

310 676 614 740 τρυφερὰν
639 676 931 745 γινομένην
971 678 1061 729 καὶ¹
1102 678 1326 731 ἄλυπον.
1363 679 1467 730 Καὶ
1501 679 1582 731 δεῖ
1617 679 1689 749 μὴ
1725 682 1886 749 μέχρι

310 764 405 816 τοῦ
436 769 653 835 κινῆσαι
683 767 857 831 πόδα,
886 768 918 836 ἦ
948 768 1167 835 μολῦναι
1204 770 1270 821 τὰ
1300 770 1475 839 χείλη,
1508 770 1640 840 πρὸς
1680 771 1885 839 ἑτέροις

309 855 563 923 γίνεσθαι
600 859 885 928 πράγμασι
937 864 1002 930 τῇ
1034 861 1152 931 θείᾳ
1198 862 1386 932 Γραφῇ
1434 864 1881 932 προσανέχοντας.

324 949 383 997 ’0
411 948 464 999 δὲ
508 948 649 1010 θεῖος
688 950 1008 1012 Ἀπόστολος
1052 952 1147 1003 τοῦ
1192 953 1356 1020 νόμου
1412 954 1509 1022 τὴν
1550 955 1708 1007 σκιὰν
1743 970 1886 1024 παρ-

310 1036 457 1088 ωθοὺ
468 1055 649 1105 μενος,
671 1040 976 1109 περιτομὴν
998 1043 1371 1112 πνευματικὴν
1388 1043 1483 1095 καὶ
1510 1044 1886 1113 Σαϐϐατισμὸν

312 1124 631 1179 ὑποτίθεται
679 1126 893 1192 λέγων’
945 1147 963 1179 ι
1015 1129 1171 1181 Ἀλλά
1222 1134 1492 1201 περιτομὴ
1547 1134 1773 1202 καρδίας
1824 1134 1884 1186 οὖ

310 1216 623 1284 γράμματι,
682 1217 817 1270 ἀλλὰ
874 1219 1167 1288 πνεύματι.
1218 1240 1234 1269 ι
1288 1222 1395 1273 Kal
1453 1222 1647 1275 πάλιν
1686 1243 1704 1274 ι
1744 1226 1885 1295 Ἀρι

308 1307 671 1360 ἀπολείπεται
704 1309 1086 1380 Σαϐϐατισμὸς
1114 1312 1191 1381 τῷ
1228 1312 1340 1381 λαῷ
1370 1312 1463 1365 τοῦ
1501 1315 1725 1382 Κυρίου.
1764 1334 1781 1367 ι
1827 1317 1883 1368 Ὀ

310 1396 423 1464 γὰρ
454 1396 711 1449 εἰσελθὼν
741 1400 819 1460 είς
842 1399 942 1468 τὴν
972 1401 1314 1453 κατάπαυσιν
1359 1404 1545 1467 αὑτοῦ,
1583 1405 1677 1457 καὶ
1723 1407 1884 1469 αὐτὸς

310 1485 660 1537 κατέπαυσεν
691 1486 797 1538 ἀπὸ
840 1487 949 1539 τῶν
984 1488 1159 1555 ἔργων
1193 1489 1377 1549 αὑτοῦ,
1414 1490 1602 1560 ὥσπερ
1638 1492 1745 1543 ἀπὸ
1776 1494 1883 1543 τῶν

316 1576 466 1628 ίδίων
491 1580 518 1629 ὁ
544 1576 696 1639 Θεός.
741 1579 1148 1646 Σαϐϐατισμὸς
1184 1580 1292 1649 ἄρα
1325 1582 1463 1634 κατὰ
1500 1582 1631 1634 Θεὸν
1659 1584 1720 1635 τὸ
1747 1583 1884 1636 παύ-

312 1667 513 1719 σασθαι
546 1668 653 1719 τῶν
703 1668 846 1720 ἰδίων
880 1669 1058 1738 ἔργων
1093 1670 1187 1721 καὶ
1228 1672 1593 1749 θελημᾴτων.
1636 1676 1700 1725 Ὃ
1731 1676 1882 1744 καὶὴ

308 1758 562 1827 παροῦσα
614 1760 920 1829 προρητεία
976 1762 1130 1828 φησί.
1186 1762 1348 1831 Λέγει
1395 1764 1451 1815 δὲ
1502 1764 1592 1816 καὶ
1635 1764 1876 1826 Παῦλος·

1992 588 2215 657 bamque
2240 591 2351 643 dies
2379 602 2591 646 sanctus
2621 603 2674 645 et
2712 595 2927 657 festum.
2956 611 3043 657 eo,
3075 599 3221 666 quod
3253 602 3550 654 secundum

1991 676 2158 730 Deum
2188 690 2292 734 est.
2326 681 2461 741 otio,
2499 682 2740 742 delicate.
2791 687 3048 754 nullaque
3094 688 3340 741 molestia
3388 689 3550 743 inter-

1992 779 2210 836 ruptum
2259 772 2587 825 celebretur.
2642 774 2805 827 Decet.
2852 777 3011 829 etiam
3057 793 3150 831 eos
3196 793 3262 832 nc
3309 779 3376 832 ad
3408 780 3553 847 pedis

1989 862 2206 929 quidem
2246 878 2415 932 usque
2453 866 2866 932 promotiuncm,
2906 877 2995 920 aut
3048 870 3313 923 labiorum
3364 880 3552 925 conta-

1989 953 2341 1007 minutionem
2375 955 2425 1007 in
2460 957 2675 1009 caeteris
2704 959 2934 1026 negotiis
2959 961 3235 1027 occupari,
3260 962 3349 1029 qui
3383 976 3556 1015 sacrm

1993 1044 2291 1113 Scriptura:
2335 1045 2680 1101 incumbunt.
2724 1050 2791 1100 At
2839 1051 3028 1101 beatus
3063 1051 3373 1117 Apostolus,
3419 1051 3555 1120 legis

1992 1136 2181 1187 umbra
2246 1135 2479 1203 rejeeta,
2539 1138 3017 1193 cirrumcisioucm
3082 1141 3422 1208 spiritualem
3502 1149 3556 1193 ct

1990 1224 2394 1278 Sabbatismum
2431 1228 2584 1294 ponit
2638 1230 2721 1282 bis
2762 1232 2940 1284 verbis
2976 1248 2988 1281 :
3021 1250 3036 1282 ι
3086 1230 3284 1285 Verum
3320 1234 3556 1285 circum-

1986 1318 2125 1369 cisio
2149 1318 2355 1376 cordis,
2400 1334 2506 1371 non
2558 1320 2757 1385 littera,
2794 1321 2886 1374 sed
2934 1322 3130 1391 spiritu
3168 1325 3233 1375 ³⁷.
3282 1343 3299 1373 ι
3336 1323 3400 1376 Ει
3436 1338 3556 1376 rur-

1986 1421 2157 1460 sum:
2206 1426 2224 1457 ι
2280 1408 2464 1477 Itaque
2543 1410 2867 1479 relinquitur
2935 1412 3300 1467 Sabbatismus
3356 1414 3556 1481 populo

1990 1494 2285 1549 Domini“.
2336 1517 2353 1547 ι
2410 1498 2511 1564 Qui
2555 1500 2700 1553 enim
2748 1502 3028 1572 ingressus
3079 1514 3163 1557 est
3210 1505 3263 1557 in
3311 1506 3553 1573 requiem

1985 1586 2123 1654 ejus,
2149 1599 2200 1641 et
2239 1590 2353 1657 ipse
2388 1593 2657 1661 requievit
2691 1594 2758 1646 ab
2799 1596 3056 1661 cperibus
3090 1598 3241 1651 suis:
3270 1600 3489 1652 sicutet
3525 1614 3554 1651 ιι

1986 1676 2103 1729 suis
2136 1675 2296 1731 Deus.
2351 1678 2443 1732 Est
2485 1680 2652 1747 igitur
2688 1680 2977 1735 Sublmtum
3032 1687 3331 1740 seCundum
3385 1686 3551 1739 Deum

1987 1770 2273 1829 celebrare,
2306 1787 2332 1820 a
2366 1774 2601 1840 propriis
2632 1776 2887 1842 operibus
2922 1780 3375 1849 voluntatibusque
3427 1780 3549 1833 abs-

314 1867 334 1900 ι
365 1849 558 1902 Βλέπω
587 1850 643 1902 δὲ
662 1850 849 1920 ἕτερον
877 1851 1038 1920 νόμον
1066 1853 1618 1921 ἀντιστρατευόμενον
1638 1854 1714 1922 τῷ
1736 1855 1881 1924 νόμῳ
1911 1845 1956 1903 Β
1990 1870 1997 1909 ι

1874 1874 1881 1905 ι
1911 1845 1956 1903 Β
1990 1862 2162 1913 linere
2197 1878 2209 1913 :
2247 1863 2388 1929 quod
2430 1865 2543 1931 ipsa
2581 1867 2792 1929 innuit,
2837 1884 2956 1936 qua:
2992 1869 3146 1923 nobis
3177 1880 3260 1925 est
3291 1845 3352 1925 in
3390 1873 3557 1925 mani-

306 1939 405 1993 τοῦ
436 1940 554 2003 νοός
585 1957 710 2010 μου.
744 1959 763 1993 ι
790 1942 948 1995 Κατὰ
977 1943 1161 1995 τοῦτον
1189 1942 1281 1996 οῦν
1311 1945 1427 1996 ἐστι
1460 1946 1531 1998 τὰ
1558 1946 1881 2011 θελήματα,

309 2030 450 2100 πρὸς
480 2031 516 2085 ἃ
543 2033 858 2102 ἐπιρῤεπῶς
887 2032 1100 2102 ἔχοντες
1121 2074 1136 2098 ,
1192 2036 1544 2104 περικόπτειν
1575 2037 1879 2105 ὀφείλομεν.

308 2120 471 2176 Οὖτω
514 2124 622 2194 γὰρ
656 2125 1045 2195 ἐπιτελέσομεν
1090 2126 1359 2181 Σάϐϐατα
1406 2128 1663 2196 τρυφερὰ
1714 2129 1883 2197 μηδὲν

308 2214 505 2282 ἔχοντα
526 2215 635 2267 τῶν
662 2216 770 2268 ἀπὸ
799 2217 1022 2285 γνώμης
1065 2219 1307 2287 σκληρᾶς
1345 2220 1437 2271 καὶ
1483 2220 1884 2289 άντιτεινούοης

308 2305 452 2375 Θεῷ,
477 2306 620 2359 κατὰ
650 2307 730 2370 τὸ,
773 2310 910 2361 «Καὶ
937 2310 1280 2381 ἐσκληρύνοη
1326 2314 1357 2380 ἡ
1388 2312 1581 2380 καρδία
1615 2313 1831 2383 Φαραώ.
1857 2334 1875 2363 ι

309 2394 499 2458 οὕτως
522 2394 673 2464 ἔλεγε
695 2397 772 2467 τῷ
808 2399 1022 2469 Ἰσραὴλ
1049 2402 1077 2452 ὁ
1099 2400 1229 2463 Θεός
1250 2417 1263 2430 ·
1294 2420 1311 2451 ι
1337 2401 1591 2455 Γινώσκω
1616 2405 1696 2456 ὅτι
1720 2405 1883 2473 σκλη-

310 2485 405 2556 ρὸς
423 2482 492 2553 εἴ,
511 2488 606 2541 καὶ
626 2487 818 2559 νεῦρον
836 2490 1083 2560 σιδηροῦν
1099 2494 1126 2544 ὁ
1141 2492 1408 2563 τράχηλός
1423 2510 1536 2559 σου,
1560 2498 1649 2547 καὶ
1670 2495 1730 2545 τὸ
1753 2496 1882 2564 μέτ-

306 2578 464 2630 ωπόν
519 2595 615 2631 σου
642 2580 895 2649 χαλκοῦν.
937 2600 955 2631 ι
992 2582 1247 2635 Βούλεται
1269 2583 1325 2635 δὲ
1350 2584 1442 2638 νῦν
1464 2587 1611 2653 ἡμᾶς
1638 2585 1884 2656 γλώττης

308 2671 407 2722 καὶ
440 2670 613 2740 θυμοῦ
666 2672 1079 2740 περιγίνεσθαιο
1120 2692 1138 2723 ι
1178 2675 1325 2735 Εῖτις
1364 2677 1471 2744 γὰρ
1526 2678 1583 2728 ἐν
1627 2678 1769 2746 λόγῳ
1820 2680 1881 2731 οὐ

309 2761 517 2820 πταίει,
548 2756 701 2823 οὗτος
729 2762 934 2824 τέλειος
964 2763 1123 2832 ἀνὴρ,
1165 2765 1391 2827 δυνατὸς
1438 2766 1883 2836 χαλιναγωγῆσαι

308 2850 409 2902 καὶ
435 2853 553 2903 ὅλον
585 2851 645 2903 τὸ
687 2852 868 2920 σῶμα.
917 2872 935 2903 ι
978 2856 1087 2906 Καὶ
1134 2855 1312 2908 πάλιν⁸
1344 2871 1362 2903 ι
1428 2857 1591 2926 Ἀνὴρ
1633 2857 1883 2927 θυμώδης

307 2942 412 2992 οὐκ
442 2942 753 3010 εὐσχήμων.
793 2961 812 2993 ι
840 2944 969 3004 Καὶ,
1006 2961 1025 2994 ι
1075 2944 1239 3015 Ὀργὴ
1271 2948 1377 3013 γὰρ
1405 2947 1592 3016 ἀνδρὸς
1614 2947 1885 3000 δικαιοσύ-

309 3048 412 3098 νην
433 3030 567 3083 Θεοῦ
593 3032 694 3084 οὐκ
723 3031 1035 3099 ἐργάζεται.
1076 3051 1094 3084 ι
1123 3035 1406 3098 Τοιούτους
1433 3033 1570 3089 εἶναι
1594 3041 1718 3099 τοὺς
1743 3042 1885 3091 σαϐ-

307 3121 654 3187 σατίζοντας
685 3123 956 3190 βούλεται,
984 3125 1078 3177 καὶ
1107 3127 1231 3189 τοὺς
1258 3130 1548 3194 νηστείαν
1588 3130 1882 3193 καλοῦντας

1989 1952 2090 2005 bus
2123 1956 2429 2022 prophetia.
2477 1955 2614 2009 Dicit
2659 1975 2785 2013 vero
2832 1963 2995 2013 etiam
3038 1963 3183 2017 hunc
3236 1965 3288 2017 in
3331 1964 3552 2017 modum

1987 2043 2282 2109 Apostolus
2318 2062 2330 2096 :
2369 2063 2385 2090 ι
2430 2044 2601 2099 Video
2641 2058 2820 2099 autem
2851 2051 3013 2103 altam
3058 2053 3227 2121 legent
3258 2069 3558 2122 repugnan-

1988 2143 2091 2185 tem
2139 2134 2235 2202 legi
2290 2138 2483 2188 utentis
2526 2153 2657 2190 mea:
2694 2138 2759 2190 ³⁹.
2794 2158 2810 2189 ι
2850 2138 2987 2193 Sunt
3038 2142 3218 2211 itaque
3274 2160 3339 2198 ex
3389 2146 3554 2213 hujus

1989 2225 2278 2281 sententia,
2314 2223 2631 2286 voluulates,
2666 2242 2803 2294 qttas
2831 2228 3227 2282 circumcidere
3267 2242 3320 2284 ct
3360 2246 3552 2301 ampu-

1987 2319 2123 2372 tare,
2167 2328 2288 2363 cum
2326 2315 2390 2365 ad
2423 2330 2514 2367 eas
2545 2317 2898 2383 procliviores
2923 2334 3133 2383 sumus,
3172 2322 3451 2377 debemus.
3478 2324 3554 2378 Ita

1985 2404 2130 2457 enim
2165 2402 2399 2457 Snbbata
2424 2406 2681 2468 dclicata,
2717 2424 2835 2473 quae
2872 2410 3105 2473 molesti,
3149 2410 3368 2481 Deoque
3403 2416 3552 2469 relu-

1987 2494 2187 2544 ctantis
2244 2496 2408 2547 animi
2452 2496 2586 2548 nihil
2640 2497 2891 2564 habeant,
2948 2508 3006 2552 nt
3058 2502 3187 2554 olim
3234 2502 3553 2559 induratum

1986 2598 2106 2637 esse
2141 2600 2235 2637 eur
2278 2584 2580 2640 Pharaonis
2631 2591 2861 2658 legimus
2904 2590 2970 2655 δ’,
3018 2596 3287 2660 peracturi
3340 2610 3553 2651 sumus.

1990 2674 2079 2727 Sic
2111 2686 2165 2729 et
2202 2675 2455 2730 lsraclcm
2493 2678 2634 2734 Deus
2662 2681 2962 2749 alloquitur
3003 2698 3016 2732 :
3049 2701 3066 2732 ι
3100 2684 3389 2754 Cognosce
3416 2702 3555 2755 quo-

1988 2767 2133 2819 niam
2182 2770 2351 2821 durus
2399 2784 2494 2831 es,
2528 2778 2579 2823 et
2626 2785 2827 2825 nervus
2868 2771 3081 2827 ferreus
3127 2776 3325 2829 collum
3375 2784 3552 2842 tuum,

1986 2859 2170 2910 cervix
2200 2867 2288 2908 tua
2322 2873 2461 2911 :erea
2494 2858 2560 2912 “.
2604 2880 2623 2911 ι
2656 2858 2782 2914 Vult
2813 2872 2993 2916 autem
3028 2863 3129 2917 hoc
3160 2866 3278 2920 loco
3313 2867 3552 2935 linguam

1987 2956 2184 3002 noset
2240 2949 2575 3003 iracundiam
2621 2951 2894 3006 cohibere.
2933 2971 2951 3002 ο
2993 2953 3051 3008 Si
3110 2957 3233 3025 quis
3289 2959 3432 3011 enim
3497 2960 3552 3013 in

1987 3057 2239 3095 sermone
2280 3057 2384 3094 non
2417 3042 2616 3095 labitur
2642 3086 2656 3104 ,
2690 3045 2778 3096 hic
2813 3046 3087 3113 perfectus
3122 3049 3284 3119 663
3324 3059 3411 3105 est
3447 3051 3550 3115 vir,

1992 3142 2183 3202 puteus
2223 3135 2376 3187 freno
2412 3142 2583 3187 totum
2629 3151 2829 3206 corpus
2857 3139 3269 3195 circumducere.
3296 3140 3384 3196 δι’.
3434 3161 3452 3194 ι
3490 3141 3554 3196 Et

305 3213 554 3277 δεκτήν.
590 3213 747 3267 Οὕτω
781 3216 889 3283 γὰρ
917 3217 1058 3284 ἔσῃ.
1088 3218 1242 3288 φησὶ,
1292 3220 1611 3286 πεποιθὼς,
1646 3222 1746 3273 οὑκ
1788 3223 1880 3274 ἐπὶ
1908 3199 1949 3254 C
1986 3241 1988 3274 ι

1868 3228 1880 3273 t
1908 3199 1949 3254 Ο
1986 3199 2202 3276 rursum
2233 3242 2247 3277 :
2276 3243 2292 3273 ι
2327 3223 2416 3277 Vir
2448 3199 2765 3292 iracundus,
2800 3229 3023 3282 minime
3049 3231 3275 3297 pulcher
3303 3230 3371 3284 δ’.
3404 3250 3423 3284 ι
3444 3231 3508 3285 Et.
3536 3249 3551 3287 :

309 3298 503 3370 σαθρῷ
535 3318 640 3352 τινι
670 3302 764 3355 καὶ
791 3304 1109 3375 προσκαίρῳ
1156 3307 1462 3376 πράγματι,
1495 3309 1608 3361 ἀλλ’
1656 3311 1752 3362 ἐπὶ
1804 3312 1884 3373 τῷ

306 3391 532 3444 πάντων
584 3391 705 3455 Θεῷ
738 3394 965 3465 παρρῶν
997 3408 1024 3435 ι
1056 3399 1136 3460 είς
1180 3400 1271 3451 τὸν
1317 3399 1593 3453 ἐπίλοιπον
1641 3400 1770 3469 βίον.
1809 3402 1882 3465 ὠς

305 3480 452 3548 ἔχων
472 3481 727 3549 ἀψευδεῖς
754 3483 920 3536 αὑτοῦ
950 3486 1049 3547 τὰς
1072 3487 1423 3555 ἐπαγγελίας,
1458 3491 1514 3539 ἐν
1538 3484 1625 3552 αἷς
1650 3489 1765 3543 ἔστι
1791 3492 1885 3543 καὶ

303 3577 370 3626 τὸ
396 3575 498 3628 ἐπί
526 3592 659 3630 τινα
694 3576 811 3646 γῆν
838 3578 946 3632 ἀπὸ
974 3581 1071 3648 τῆς
1109 3580 1343 3636 ἐνταῦθα
1370 3583 1649 3654 διατριϐῆς
1678 3585 1882 3639 ἀναϐι-

306 3668 609 3735 ϐασθῆναι
660 3672 984 3742 τευξόμενον
1034 3677 1275 3731 ἐκείνων·
1315 3698 1333 3739 ι
1377 3682 1441 3732 Ἀ
1467 3680 1739 3751 ὀφθαλμὸς
1784 3685 1884 3737 οὐκ

304 3754 441 3823 εἶδε,
466 3760 560 3812 καὶ
587 3755 682 3823 οὖς
697 3762 797 3814 οὐκ
819 3763 1071 3831 ἦκουσεν,
1095 3768 1189 3820 καὶ
1220 3770 1310 3821 ἐπὶ
1337 3771 1560 3839 καρδίαν
1593 3772 1881 3843 ἀνθρώπου

303 3848 411 3898 οὐκ
459 3847 647 3917 ἀνέϐη,
695 3868 714 3901 ι
760 3852 855 3903 καὶ
905 3853 1278 3909 ἀπολαύσοντα
1310 3858 1407 3927 τῆς
1448 3861 1882 3932 ἐπηγγελμένης.

305 3938 425 3997 τοῖς
452 3938 693 4008 πατράσι
710 3943 917 4009 τροφῆς
942 3948 1315 4016 πνευματικῆς
1336 3951 1392 4001 ἐν
1416 3952 1478 4019 τῇ
1496 3951 1608 4003 ἄνω
1630 3953 1886 4023 κειμένης

305 4026 489 4088 πόλει,
536 4030 663 4098 περὶ
704 4025 771 4101 ἦς
800 4032 829 4081 ὁ
858 4031 1069 4096 Παῦλὸς
1118 4052 1281 4105 φησιν
1305 4053 1318 4065 ·
1357 4057 1373 4089 ι
1409 4041 1471 4091 Oi
1520 4042 1629 4111 γὰρ
1661 4044 1885 4096 τοιαῦτα

304 4121 583 4187 λέγοντες,
616 4125 1012 4192 ἐμφανίζουσιν
1036 4130 1116 4182 ὄτι
1151 4133 1384 4201 πατρίδα
1414 4135 1685 4205 ζητοῦσιν.
1729 4157 1747 4189 ι
1776 4140 1883 4191 Καὶ

304 4210 360 4260 εἰ
395 4210 493 4276 μὲν
519 4210 737 4282 ἐκείνην
766 4211 991 4284 ἐζήτουν
1019 4219 1110 4284 ἀφ’
1133 4215 1200 4289 ἦς
1228 4222 1469 4290 ἐξῆλθον,
1499 4219 1644 4294 εἶχον
1670 4225 1736 4280 ἂν
1765 4246 1886 4281 και-

306 4302 407 4371 ρὸν
443 4302 793 4381 ἀνακάμψαι.
818 4305 933 4358 Νῦν
972 4307 1028 4359 δὲ
1063 4311 1369 4380 κρείττονος
1407 4316 1709 4383 ὀρέγονται.
1742 4320 1886 4372 τοῦτ’

304 4393 462 4444 ἐστιν
480 4395 825 4464 ἐπουρανίουι
861 4398 983 4451 Ὅτι
1012 4398 1069 4451 δὲ
1094 4402 1309 4463 πάντως
1337 4403 1483 4457 ἔσται
1506 4406 1697 4469 ταῦτα,
1729 4409 1880 4475 Θεὸς,

1989 3329 2008 3361 ι
2045 3312 2125 3364 Ira
2166 3313 2310 3365 enim
2360 3313 2464 3367 viri
2510 3312 2780 3382 justitiam
2827 3316 2916 3370 Dei
2969 3333 3076 3371 non
3121 3329 3379 3388 operatur
3420 3322 3487 3374 “.
3528 3341 3548 3373 ι

1986 3400 2145 3456 Tales
2191 3418 2284 3456 eos
2323 3418 2466 3462 esse.
2519 3406 2611 3473 qui
2665 3404 2959 3460 Sabbatum
3004 3410 3300 3475 observant,
3346 3413 3552 3482 quique

1978 3493 2240 3561 jejunium
2267 3506 2539 3562 acceptum
2566 3507 2781 3560 vocant,
2834 3500 2949 3569 ipse
2990 3509 3229 3570 exoptat.
3274 3502 3345 3556 Ita
3381 3506 3549 3567 enim,

1986 3585 2184 3654 inquit,
2215 3585 2319 3638 eris
2344 3587 2634 3655 conﬁdens,
2663 3604 2773 3642 non
2803 3590 2855 3643 in
2891 3606 3000 3645 rem
3030 3592 3267 3661 aliquam
3304 3594 3553 3649 imbecil—

1985 3675 2087 3728 lem
2111 3683 2165 3729 et
2196 3685 2665 3745 momentaneam;
2697 3680 2792 3734 sed
2827 3682 2882 3733 in
2912 3684 3155 3737 onmium
3183 3685 3463 3740 Dominum
3499 3702 3553 3743 et

1986 3765 2176 3820 Deum.
2208 3764 2307 3830 Ita,
2345 3768 2590 3837 inquam,
2628 3770 2738 3825 eris
2776 3771 2843 3827 de
2888 3774 3101 3843 reliqua
3147 3776 3405 3849 deinceps
3441 3781 3552 3834 vita

1985 3871 2248 3921 securus;
2309 3866 2565 3926 tanquam
2621 3861 2713 3929 qui
2762 3870 2941 3918 certas
2986 3865 3106 3933 ejus
3158 3870 3553 3936 promissiones

1986 3948 2232 4004 habeas:
2284 3949 2338 4001 in
2394 3952 2595 4019 quibus
2640 3961 2694 4006 et
2726 3953 2827 4008 ista
2883 3964 3006 4021 est;
3059 3960 3202 4027 quod
3254 3962 3321 4016 ab
3376 3964 3554 4019 isthac

1984 4041 2402 4096 conversatione
2431 4043 2481 4095 iu
2522 4053 2716 4095 terram
2749 4046 2980 4115 aliquant
3019 4050 3303 4105 elevanda:
3333 4071 3409 4119 es,
3458 4056 3550 4110 ubi

1984 4133 2142 4187 bonis
2174 4134 2279 4186 illis
2315 4135 2543 4201 potiaris
2578 4152 2591 4187 :
2631 4152 2650 4185 ι
2685 4134 2817 4200 Quae
2868 4153 2967 4191 nec
3015 4141 3207 4196 oculus
3250 4145 3405 4209 vidit,
3453 4162 3553 4202 nec

1985 4224 2135 4277 auris
2169 4223 2397 4286 audivit,
2433 4239 2531 4278 nec
2559 4223 2611 4278 in
2642 4240 2737 4278 cor
2770 4228 3007 4282 hominis
3031 4232 3400 4289 ascenderunt
3432 4236 3496 4302 “;
3527 4258 3545 4289 ι

1986 4313 2115 4377 imo,
2142 4314 2231 4367 ubi
2270 4321 2326 4367 et
2366 4314 2459 4367 illo
2490 4315 2678 4379 etiam,
2717 4317 2860 4384 quod
2909 4317 3162 4374 Patribus
3216 4326 3549 4392 promissum

1983 4413 2089 4470 cst,
2127 4404 2359 4473 spiritali
2406 4405 2666 4458 alimento
2715 4406 2981 4463 fruiturus
3029 4410 3141 4476 sis;
3186 4416 3331 4482 quod
3376 4418 3428 4471 in
3461 4420 3551 4473 illa

305 4485 499 4553 φησὶν,
544 4486 693 4538 ἐστὶν
722 4491 756 4540 ό
796 4489 1220 4558 φθεγξάμενος.
1269 4494 1427 4547 Ἀλλὰ
1457 4496 1572 4559 πῶς
1602 4498 1677 4561 ὡς
1713 4502 1879 4570 μήπω
1903 4519 1957 4578 D
1985 4516 1988 4548 ε

1867 4519 1957 4578 ,1)
1985 4497 2264 4565 Superiora
2297 4496 2518 4550 civitate
2550 4497 2885 4563 reconditur,
2930 4499 3100 4555 Paulo
3147 4514 3284 4560 teste
3313 4508 3396 4563 his
3431 4526 3550 4565 ver—

304 4573 427 4639 thr
456 4575 573 4644 τῆν
608 4579 706 4646 τῆς
753 4581 1088 4648 ἐπαγγελίας
1138 4584 1430 4653 λαχόντων,
1463 4590 1541 4653 είς
1580 4591 1645 4661 ἢν
1690 4594 1885 4660 αὐτοὺς

303 4667 606 4737 εἰσήγαγεν
649 4669 856 4739 Ἰησοῦς
906 4672 935 4723 ὁ
966 4673 1059 4725 τοῦ
1100 4675 1277 4745 Ναυῆ.
1310 4678 1403 4731 νῦν
1451 4680 1664 4734 δίδωσιν
1710 4685 1886 4754 ἐπαγ-

303 4760 498 4829 γελίαν
528 4762 768 4826 εἰσάξειν
797 4765 1019 4833 αὐτούςς
1050 4770 1221 4837 Δῆλον
1249 4767 1341 4824 οὖν
1370 4773 1444 4836 ὡς
1490 4776 1614 4846 περὶ
1653 4779 1751 4848 τῆς
1780 4780 1887 4833 τῶν

304 4853 534 4920 πραέων
582 4856 767 4925 φησίν.
800 4857 959 4920 Τινὲς
989 4859 1044 4913 δὲ
1088 4862 1182 4931 τὴν
1224 4864 1330 4915 ἀπὸ
1366 4864 1467 4934 τῆς
1509 4868 1885 4937 αἰχμαλωσίας

302 4941 495 4994 ἂνοδόν
532 4959 697 5010 φασιν
732 4945 916 5009 αὐτοῖς
937 4948 1385 5015 ἐπαγγέλλεσθαι.
1416 4954 1477 5006 Οἳ
1525 4958 1619 5008 καὶ
1654 4961 1720 5011 τὰ
1751 4961 1887 5012 ἀνω-

303 5032 456 5100 τέρω
484 5035 814 5102 σωματικῶς
840 5036 1178 5108 ἐξηγήσαντο
1207 5045 1332 5112 περὶ
1356 5044 1446 5097 τοῦ
1472 5049 1790 5115 πιανθῆναι
1817 5050 1886 5104 τὰ

306 5122 487 5187 ὀστᾶ,
533 5124 630 5179 καὶ
684 5128 1127 5198 παραϐάλλεσθαι
1177 5134 1347 5200 κήπῳ
1395 5139 1739 5207 πολυύδρφ,
1786 5145 1883 5195 καὶ

301 5213 475 5281 πηγῇ
496 5215 582 5282 μὴ
608 5218 1019 5288 ὐστερουμένῃ
1058 5222 1293 5290 ὕδατος.
1341 5228 1447 5279 Καὶ
1477 5230 1557 5280 ὃτι
1583 5229 1654 5283 τὰ
1696 5230 1885 5299 ἔρημα

301 5303 419 5372 τῆς
440 5307 673 5373 πόλεως
693 5309 1322 5381 ἁνοικοδομηθήσεται,
1345 5319 1434 5371 καὶ⁵
1462 5322 1692 5375 ἐπιπολὺ
1714 5323 1881 5377 ταῦτα

447 5482 799 5564 ⁸Ῑζοηπιςξιιῖθ.
876 5486 1213 5564 ξ-Ηειξιηιν,
1247 5491 1301 5547 9.
1378 5495 1421 5527 ³⁸
1452 5494 1603 5549 Rern.
1635 5512 1733 5560 vu,
1772 5498 1863 5550 9.5.
1938 5498 1983 5529 δ’
2016 5496 2057 5550 Ε

738 5486 799 5543 :9.
876 5486 1213 5564 ’_"_llebr.AW,
1247 5491 1301 5547 9.
1378 5495 1421 5527 ”
1452 5494 1603 5549 Rern.
1635 5512 1733 5560 vu,
1772 5498 1863 5550 9.5.
1938 5498 1983 5529 “
2016 5496 2186 5551 Exod.
2231 5513 2302 5564 tv,
2331 5496 2421 5551 2|.

306 5553 354 5583 “
383 5554 518 5610 ibid.
594 5556 642 5586 ⁸³
662 5554 782 5610 Jac.
812 5573 851 5618 ι.
881 5558 971 5613 20.
1049 5560 1093 5591 “
1122 5553 1225 5616 lsa.
1261 5580 1403 5633 utv,
1433 5572 1506 5631 4;
1541 5553 1811 5627 ICor.'u,
1836 5568 1891 5623 9.
1918 5568 1961 5599 ⁸⁵

729 5570 782 5610 c.
812 5573 851 5618 ι.
881 5558 971 5613 20.
1049 5560 1093 5591 “
1122 5553 1225 5616 Ιειι.
1261 5580 1403 5633 utr,
1433 5572 1506 5631 4;
1541 5553 1811 5627 ICorfu.
1836 5568 1891 5623 9.
1918 5568 1961 5599 ⁸⁵
2005 5568 2166 5621 llcbr.
2216 5553 2302 5632 xu;
2328 5568 2409 5623 14.

1986 4587 2072 4641 bis
2101 4604 2115 4640 :
2140 4605 2157 4637 ι
2186 4586 2289 4651 Qui
2323 4587 2467 4640 enim
2499 4586 2612 4641 haec
2644 4588 2855 4652 dicunt,
2889 4593 3200 4661 signiﬁcant
3230 4612 3290 4652 se
3318 4604 3549 4668 patriam

1986 4675 2261 4744 inquirere
2305 4675 2373 4730 “.
2405 4694 2423 4727 ι
2461 4676 2526 4728 Ει
2572 4678 2840 4746 siquidem
2894 4682 3042 4737 illam
3101 4701 3428 4755 quaererent,
3484 4694 3552 4749 de

1984 4784 2091 4837 qua
2122 4768 2390 4832 exierunt,
2435 4768 2714 4823 habebant
2748 4779 2961 4841 tempus
3018 4783 3346 4837 revertendi.
3394 4785 3549 4841 Nunc

1987 4871 2166 4914 autem
2222 4860 2497 4914 meliorem
2528 4873 2811 4931 appetunt,
2883 4867 2934 4921 id
2990 4880 3095 4933 est,
3136 4875 3435 4932 celestem,
3471 4880 3551 4935 Ne

1984 4953 2109 5022 quis
2135 4967 2261 5005 vero
2289 4954 2516 5006 omnino
2555 4956 2656 5007 ista
2692 4953 2874 5009 futura
2917 4974 3037 5014 esse
3069 4962 3370 5033 dubitaret;
3409 4970 3551 5025 Deos

1983 5051 2089 5107 est,
2121 5042 2324 5111 inquit,
2349 5044 2441 5111 qui
2471 5060 2534 5096 ea
2564 5044 2767 5098 locutus
2788 5056 2884 5101 est.
2915 5049 3015 5113 Qui
3048 5064 3250 5118 autent,
3288 5066 3545 5128 tanquam

1982 5134 2225 5189 nondum
2260 5150 2379 5189 eam
2426 5137 2809 5205 promissionis
2859 5150 3053 5195 terram
3100 5148 3278 5216 adepti
3320 5152 3448 5215 sint,
3494 5154 3546 5205 in

1981 5242 2142 5297 quam
2168 5238 2295 5280 sunt
2337 5241 2432 5295 per
2469 5226 2654 5281 .lesum
2700 5227 2847 5285 Nave
2888 5232 3125 5300 deducti,
3154 5238 3206 5292 in
3233 5256 3294 5293 ea
3321 5259 3379 5297 se
3407 5261 3550 5299 nunc

1982 5320 2106 5375 illos
2141 5319 2493 5373 inducturum
2526 5319 2857 5387 pollicetur?
2889 5323 2982 5377 Est
3013 5326 3177 5397 igitur
3198 5347 3320 5385 eum
3351 5334 3417 5389 de
3445 5338 3551 5389 mi-

2531 5497 2571 5528 “
2602 5496 2705 5554 lsa.
2748 5518 2929 5568 vam,
2959 5502 3010 5557 4.
3114 5509 3190 5544 ⁸⁸*
3208 5508 3323 5569 Jac.
3383 5529 3462 5577 ιιι,
3492 5516 3545 5570 2.

1681 5680 1907 5736 νΑιιιλς
1943 5683 2348 5739 [ΛΞΟΊΊΟΝΕΒ.

418 5771 435 5790 ·
467 5774 560 5826 γρ.
593 5762 835 5835 θαρρῶν.
