4262 6434
758 364 900 425 2603

758 580 818 621 se
887 564 1191 633 excipiunt.
1273 562 1375 627 Qui
1449 570 1630 617 autem
1689 580 1807 616 eam
1876 566 2055 620 minus
2124 568 2323 623 habent

756 656 1065 711 absolutam
1093 662 1145 707 et
1181 651 1422 722 plenam,
1472 653 1519 707 si
1569 652 1636 707 de
1661 653 1743 706 eis
1800 653 1948 722 prius
1977 656 2320 726 comederint,

752 762 914 817 quam
943 745 1255 814 tempestiva
1287 750 1340 797 ct
1388 743 1636 799 absoluta
1683 744 1815 807 sint,
1850 745 2149 812 intereunt.
2196 749 2323 805 Ideo

752 854 858 906 que
880 837 969 905 qui
994 836 1057 888 de
1084 835 1193 888 ovis
1222 851 1402 889 eorum
1431 834 1740 900 comederit,
1777 838 2099 892 moriturum
2125 840 2321 910 reliqui

750 925 1167 979 transtulerunt.
1225 924 1287 979 At
1321 940 1451 981 vero
1501 925 1593 995 qui
1650 925 1890 995 prudens
1938 936 2043 992 est,
2108 929 2323 1000 istaque

750 1028 922 1090 potest
949 1026 1193 1073 evertere
1225 1026 1278 1072 ct
1329 1018 1637 1083 confutare,
1660 1018 1806 1088 quod
1830 1020 1883 1075 in
1907 1020 1986 1076 eis
2011 1030 2318 1087 ventosum,

750 1108 895 1178 quod
925 1111 1157 1170 urinam,
1180 1107 1437 1178 quodque
1469 1109 1741 1176 putridum
1772 1109 1992 1175 latebat,
2020 1110 2195 1179 ipsum
2226 1109 2321 1165 de-

751 1200 933 1270 nique,
964 1200 1056 1269 qui
1088 1200 1205 1254 solo
1269 1208 1421 1253 necat
1457 1210 1704 1271 aspectu,
1737 1200 2069 1263 basiliscum,
2129 1200 2179 1255 id
2236 1209 2321 1257 est

749 1291 1019 1362 regulum,
1052 1289 1306 1360 reperiet.
1344 1289 1500 1356 Quod
1545 1292 1591 1346 si
1626 1293 1857 1346 aliorum
1915 1293 2117 1362 quaeris
2163 1293 2319 1346 inter-

750 1383 1105 1451 pretationes,
1167 1380 1418 1449 Aquilam
1490 1382 1707 1450 quidem
1765 1382 2017 1436 dixisse:
2087 1380 2320 1452 thuod

747 1470 919 1543 fatum
945 1484 1022 1528 est
1059 1476 1110 1526 in
1161 1476 1396 1542 viperam
1454 1475 1664 1541 erupit;
1689 1474 2078 1544 Symmachum
2104 1486 2315 1529 autem:

748 1570 901 1636 Quod
932 1568 1264 1621 convolutum
1299 1576 1373 1621 est
1409 1568 1496 1619 ubi
1522 1567 1751 1634 fractum
1781 1568 1965 1633 fuerit,
1999 1568 2141 1635 aspis
2172 1568 2271 1619 erit
2300 1585 2319 1632 ;

747 1664 1176 1718 Thcodotioncm
1228 1662 1463 1732 denique
1521 1681 1532 1715 :
1583 1661 1734 1726 Quod
1770 1661 1938 1731 fotum
1963 1672 2038 1715 est
2067 1661 2232 1727 erupit
2266 1662 2321 1713 in

746 1756 1003 1822 aspidem,
1065 1756 1326 1823 reperias.
1366 1755 1516 1809 Adeo
1552 1755 1687 1808 nihil
1738 1770 1800 1808 ea
1854 1752 2079 1817 Judtcis,
2117 1769 2234 1821 qua:
2266 1751 2319 1805 in

2094 364 2436 427 l’llUCtJl‘li
2463 368 2702 430 GAZ£I

758 476 803 528 si
858 488 978 542 quze
1032 480 1241 524 matura
1292 476 1499 525 suntet
1534 470 1770 540 perfecta
1830 472 2103 542 {reget-int,
2158 492 2218 528 ea
2269 478 2321 531 in
2352 481 2441 538 Αέ

2007 476 2103 539 int,
2158 492 2218 528 ea
2269 478 2321 531 in
2352 482 2399 538 Α
2426 481 2652 546 ἑαυτοὺς
2696 483 3044 549 ὑπεδέξαντο.
3095 486 3157 537 Οἱ
3195 486 3247 539 δὲ
3308 486 3689 559 άτελέστεροι,

3875 377 4021 447 2604

3753 494 3880 561 πρὶν
3920 512 4017 547 τε·

2425 572 2827 644 λεσφορηθῆναι
2861 574 3068 629 τούτων
3100 577 3469 646 ἐμφαγόντες
3514 581 3867 638 ἀπόλλυνται.
3918 590 4016 640 Διὸ

2424 663 2697 727 ἐξέδωκαν
2731 666 2780 718 οἱ
2811 666 3010 729 λοιποὶ,
3047 665 3099 717 Ὀ
3126 668 3347 721 ἐσθίων
3369 668 3437 721 ἐκ
3482 669 3601 723 τῶν
3627 671 3757 724 ὠῶν
3809 676 4017 729 αὐτῶν

2420 754 2828 810 ἀποθανεῖται.
2870 756 2929 809 ’0
2962 756 3017 808 δὲ
3054 758 3293 822 συνετὸς,
3337 761 3432 811 καὶ
3454 761 3778 831 ἀνατρέπειν
3803 764 4014 836 ἐλέγχῳ

2420 844 2591 900 ταῦτα
2624 846 2942 918 δυνάμενος,
2978 848 3040 903 τὸ
3072 852 3130 903 ἐν
3189 852 3376 914 αὐτοῖς
3427 851 3649 922 ἐξεῦρεν
3701 855 4011 923 ἀνεμιαίον,

2420 936 2516 990 καὶ⁵
2544 935 2767 1005 οὔριον,
2796 939 2891 991 καὶ
2942 938 3232 1006 δυσῶδες,
3261 942 3353 993 καὶ⁵
3377 941 3468 995 τὸν
3502 944 3560 995 ἐν
3596 945 3778 1006 αὐτοῖς
3804 947 4006 1017 ἐγκρυ-

2420 1026 2689 1097 πτόμενον
2720 1029 2817 1081 καὶ
2885 1028 2950 1083 ἐκ
3000 1030 3163 1099 μόνου
3202 1030 3529 1103 φθοροποιὸν
3572 1033 3667 1087 τοῦ
3692 1035 4009 1106 βλέμματος

2415 1116 2816 1180 βασιλίσκων.
2863 1119 3019 1173 Κατὰ
3043 1119 3100 1173 δὲ
3125 1120 3217 1173 τὸν
3275 1121 3509 1177 ’Δκύλαν
3547 1141 3560 1153 °
3590 1126 3699 1179 Kal
3747 1126 3811 1179 rd
3857 1130 4003 1179 0a.!-

2421 1208 2574 1276 φθέν
2602 1208 2862 1277 ἐσχίσθη
2893 1209 3127 1278 ἔχιδνα.
3163 1212 3319 1265 Κατὰ
3344 1214 3401 1267 δὲ
3449 1214 3742 1284 Σύμμαχον
3778 1234 3789 1247 ·
3842 1220 3909 1270 TC
3937 1216 4007 1268 δὲ

2421 1300 2956 1369 συνεστραμμένον
2986 1304 3327 1371 ἀπορραγὲν
3356 1304 3526 1357 ἔσται
3562 1306 3751 1370 ἀσπίς
3781 1324 3787 1329 ·
3859 1308 4005 1359 κατὰ

2420 1387 2477 1439 δὲ
2532 1389 2891 1441 Θεοδοτίωνα·
2936 1392 3003 1443 Τὸ
3029 1392 3300 1459 (iulg/ir
3349 1392 3564 1461 ἐρράγη
3600 1393 3810 1459 ἀσπίς.
3846 1397 4010 1447 (Duo

2422 1480 2532 1540 τοῖς
2567 1479 2844 1543 Ἰουδαίοις
2867 1481 2928 1533 τὸ
2957 1484 3100 1534 κατὰ
3125 1482 3362 1552 Χριστοῦ
3396 1484 3713 1553 μελετῃθὲν.
3739 1484 4007 1554 ἁπόνητον

2422 1570 2662 1637 γέγονεν,
2695 1572 2772 1634 ὡς
2799 1575 2910 1636 τοῖς
2931 1573 3142 1647 τοιοῦτο
3195 1574 3396 1625 nam
3430 1574 3564 1639 ὠὸν,
3603 1576 3876 1644 μᾶλλονδὲ
3908 1577 4010 1629 καὶ

2423 1661 2621 1723 παντὸς
2649 1660 2872 1733 ὀλέθρου
2889 1664 3164 1733 πρόξενον.
3194 1665 3330 1716 Φασὶ
3350 1664 3403 1717 δέ
3427 1682 3569 1727 τινες
3595 1666 3667 1728 ὡς
3694 1667 3753 1716 τὶ
3769 1667 4009 1719 ἐσθίειν

2424 1752 2543 1805 ἀπὸ
2572 1751 2722 1817 ὠῶν,
2747 1746 2823 1805 ὧν
2849 1754 3126 1806 τίκτουσιν
3153 1755 3200 1806 οἱ
3226 1755 3564 1826 ἁμαρτωλοὶ,
3594 1757 3651 1807 τὸ
3712 1756 4006 1809 πείθεσθαι

745 1848 1022 1898 Christum
1056 1846 1298 1898 meditati
1333 1856 1480 1907 sum,
1514 1846 1811 1914 quidquam
1846 1844 2181 1915 proluerunt
2207 1858 2311 1896 non
2350 1831 2391 1889 Β
2424 1843 2428 1892 ἰ

2350 1831 2391 1889 Β
2424 1843 2602 1911 λόγοις
2688 1843 2870 1899 αὐτῶν
2900 1861 2916 1878 ·
2964 1845 3039 1908 ὼς
3065 1847 3093 1897 ό
3118 1845 3282 1897 ’Λϐελ
3311 1847 3389 1915 τῷ
3447 1847 3587 1917 λόγῳ
3624 1848 3783 1911 Κάῐν,
3827 1848 3885 1913 ἐξ
3941 1841 4006 1898 οὗ

743 1939 939 2007 magis,
967 1952 1128 2006 quam
1164 1953 1317 1989 ovum
1352 1935 1642 2003 ejusmodi,
1674 1937 1753 1989 vel
1788 1937 1930 2005 quod
1962 1937 2145 2004 potius
2191 1951 2312 1988 om-

743 2026 831 2079 nis
865 2028 1028 2081 etiam
1063 2028 1315 2081 interitus
1343 2043 1506 2081 causa
1536 2028 1626 2089 sit,
1662 2026 1901 2095 fregerit.
1935 2027 2103 2079 Aiunt
2143 2041 2312 2094 porro

741 2117 989 2169 nonnulli
1021 2116 1288 2170 comedere
1318 2118 1381 2170 dc
1411 2118 1520 2170 ovis
1554 2126 1923 2183 peccatorum,
1982 2117 2122 2169 idem
2158 2131 2307 2181 esse,

741 2209 884 2277 quod
914 2208 1230 2263 eorumdem
1262 2209 1440 2264 verbis
1492 2208 1652 2262 Iidem
1686 2208 1945 2263 adhibere
1998 2226 2010 2260 :
2067 2217 2126 2260 ut
2181 2207 2309 2260 olim

739 2305 898 2369 Abel,
926 2320 1048 2359 cum
1079 2304 1253 2359 Caino
1284 2304 1514 2359 credidit
1569 2305 1712 2359 unde
1758 2314 1987 2359 mortem
2019 2306 2121 2359 sibi
2180 2320 2311 2359 cen-

742 2396 968 2449 ciliavit.
987 2394 1042 2449 In
1064 2396 1114 2450 id
1137 2396 1283 2450 enim
1306 2394 1489 2464 operis
1509 2409 1697 2448 eorum
1722 2408 1904 2450 sermo
1937 2394 2226 2461 incumbit,
2252 2401 2310 2447 ut

740 2486 924 2541 verbis
947 2486 1099 2539 istis:
1133 2484 1198 2538 Et
1229 2486 1364 2556 quod
1398 2484 1568 2552 fotum
1601 2493 1676 2537 est
1729 2486 1783 2537 in
1812 2485 2045 2555 viperam
2079 2484 2309 2537 divisum

739 2586 844 2638 ut.
875 2577 1233 2647 signiﬁcatur.
1268 2575 1470 2630 Deinde
1522 2574 1664 2645 quod
1694 2575 1852 2628 telam
1901 2591 2111 2628 aranea:
2142 2584 2314 2628 texere

739 2670 900 2733 dixit,
923 2669 1087 2741 669
1116 2668 1291 2725 fusius
1314 2684 1621 2725 sermonem
1646 2670 1811 2724 istum
1839 2670 2152 2738 explicavit,
2182 2683 2307 2721 cum

743 2759 901 2812 telam
937 2776 1117 2812 eorum
1147 2760 1201 2811 in
1235 2761 1594 2812 vestimentum
1624 2775 1725 2812 non
1769 2759 1881 2828 [ore
1917 2759 2141 2828 adjecit.
2172 2758 2314 2825 Lege

2428 1930 2681 1995 θάνατος.
2710 1932 2805 1995 Et;
2826 1932 2984 1986 τοῦτο
3009 1934 3117 2003 γὰρ
3140 1933 3369 2002 τοῦργον
3394 1935 3422 1986 ὁ
3450 1936 3605 2002 λόγος
3654 1937 3833 1987 αὐτῶν
3872 1954 4009 1988 κατ-

2416 2025 2550 2093 αντᾷ
2584 2041 2598 2054 ·
2628 2025 2845 2094 ὃδηλρῖ,
2878 2025 2975 2079 καί
3023 2027 3089 2078 τὸ
3134 2026 3402 2094 (iulg-0937'
3462 2027 3721 2096 ἐσχίσθη
3762 2028 4006 2096 ἔχιδνα.

2416 2113 2598 2168 Εἰπὼν
2626 2114 2706 2179 δὲ,
2735 2115 2934 2169 ’ἰστὸν
2952 2117 3197 2185 ἐχίδνης
3216 2129 3238 2156 ε
3277 2119 3623 2187 ὑφαίνουσι,
3661 2120 4007 2190 πλατύτερον

2414 2202 2507 2254 τὸν
2534 2204 2660 2275 περὶ
2684 2206 2875 2258 τούτου
2904 2205 3061 2272 λόγον
3081 2206 3354 2260 ἐκτίθεται
3403 2209 3629 2275 φάσκων
3655 2226 3667 2237 ·
3700 2211 3801 2275 Οἷς
3824 2211 3847 2245 ιι
3912 2229 4009 2276 τις

2415 2293 2613 2347 αὐτῶν
2672 2296 2783 2349 οὐκ
2832 2296 3005 2350 ἔσται
3057 2300 3143 2362 εἰς
3168 2295 3421 2366 Ιμάτιον.
3476 2300 3833 2352 Συνετίθεσαν
3864 2304 4005 2372 γὰρ,

2417 2387 2493 2450 ὡς
2551 2389 2785 2457 εἴρηται,
2865 2389 3237 2454 διδασκαλίας,
3296 2392 3603 2461 ἐντάλματα
3658 2392 4003 2462 ἀνθρώπων,

2416 2477 2511 2531 τοῦ
2539 2478 2705 2546 νόμου
2743 2483 3278 2551 καταφρονήσαντες.
3308 2484 3398 2536 Διό
3422 2500 3607 2551 φησιν,
3657 2488 3776 2537 Οὐκ
3823 2485 4004 2538 ἔσται

2417 2571 2503 2633 εἰς
2534 2569 2787 2637 ἱμάτιον.
2814 2570 2971 2624 Τοῦτ’
3001 2572 3138 2637 ἐστι,
3176 2574 3311 2641 φασί
3345 2590 3512 2638 τινες,
3550 2576 3661 2627 υἱκ
3693 2576 3831 2627 οἴσει
3895 2578 4001 2628 κόν

2419 2680 2554 2732 σμον
2586 2663 2765 2725 αὐτοῖς
2789 2663 2825 2716 ἃ.
2861 2665 3211 2734 πράττουσιν,
3255 2665 3329 2728 ὠς
3352 2665 3471 2718 οὐδὲ
3501 2667 3575 2735 τῷ
3611 2668 3777 2735 ’Δδὰμ
3793 2669 4001 2737 ἤνεγκε

2419 2752 2621 2820 κόσμον
2653 2749 2748 2803 τοῦ
2779 2751 3030 2821 σώματος
3065 2752 3126 2804 τὸ
3156 2753 3285 2805 ἄνευ
3309 2752 3443 2806 Θεοῦ
3500 2754 3761 2824 πραχθέν.

740 2854 886 2904 enim
918 2851 1170 2921 despecta
1200 2852 1476 2907 doctrinas
1501 2858 1557 2907 et
1591 2851 1845 2906 mandata
1880 2850 2161 2904 hominum
2193 2848 2297 2904 sibi
2337 2844 2744 2899 conﬂuxerant.
2784 2839 2973 2912 Itaque
3044 2859 3169 2897 cum
3202 2862 3304 2899 non
3350 2847 3463 2915 {ore
3518 2850 3571 2901 iu
3629 2850 4001 2903 vestimentum

739 2945 918 3009 dixit,
945 2945 1081 2999 nihil
1114 2944 1281 3008 aliud,
1321 2953 1378 2999 ut
1406 2945 1579 3014 placet
1604 2944 1957 3013 quihusdam,
1988 2955 2152 3013 quam
2190 2939 2399 2993 nullum
2434 2935 2565 2996 illis,
2593 2947 2712 3001 qua:
2771 2942 2993 3004 gerunt,
3060 2934 3291 2989 allatura
3364 2945 3745 2992 ornamentum
3820 2940 4002 3010 signi-

740 3036 946 3103 ﬁcavit,
983 3038 1142 3092 sicuti
1175 3038 1309 3091 nihil
1348 3038 1412 3090 ad
1440 3044 1695 3091 ornatum
1732 3038 1982 3105 corporis
2012 3034 2155 3104 quod
2190 3032 2298 3086 Deo
2334 3035 2551 3084 vetante
2584 3034 2850 3096 gesserat,
2879 3027 3089 3080 Adamo
3122 3027 3374 3081 contulit.

815 3127 1017 3181 Deinde
1046 3142 1294 3196 quantam
1322 3128 1425 3181 tela
1451 3127 1566 3195 ipsa
1594 3126 1688 3189 sit,
1714 3125 1973 3195 explicat,
2001 3138 2122 3177 cum
2150 3136 2307 3191 opera
2336 3122 2382 3181 c
2485 3115 2498 3167 Ι

2336 3122 2382 3181 c
2485 3110 2615 3167 Εἶτα
2637 3115 2928 3185 ἐρμηνεύει
2965 3115 3047 3177 τίς
3078 3117 3105 3168 ό
3132 3116 3297 3177 ἱστός.
3332 3118 3408 3170 Τὰ
3448 3116 3558 3187 γάρ
3616 3119 3759 3188 ἔργα
3787 3122 4001 3175 αὐτῶν

739 3236 941 3283 eorum,
978 3220 1273 3289 iniquitatis
1321 3234 1479 3286 opera
1523 3233 1637 3272 esse
1670 3217 1941 3289 adjungit,
1970 3216 2099 3283 quia
2147 3214 2309 3267 nitui-

741 3329 863 3368 rum
915 3310 1006 3364 alii
1057 3311 1364 3363 divinarum
1422 3308 1753 3363 Litterarum
1807 3323 1940 3377 Ope,
1994 3305 2305 3376 spiritualia

741 3405 1120 3478 spiritualibus
1159 3412 1545 3473 compenentes
1573 3403 1641 3467 “,
1675 3401 1916 3456 divinam
1964 3401 2122 3469 plane
2164 3398 2309 3451 tuni-

741 3511 861 3551 cam
892 3502 1195 3558 contexunt,
1221 3492 1312 3545 alii
1344 3495 1524 3544 autem
1554 3491 1609 3544 in
1636 3488 1880 3545 Judaicis
1914 3489 2112 3542 l'ahulis
2142 3487 2309 3541 inuti-

742 3586 863 3639 liter
908 3582 1175 3651 occupati,
1210 3585 1367 3634 telam
1405 3581 1549 3635 velut
1580 3595 1790 3634 aranea'
1837 3578 1903 3633 ad
1942 3578 2306 3647 simpliciores

742 3670 1041 3742 captandas
1115 3667 1504 3739 venandosquc
1577 3675 1934 3739 componunt.
2010 3667 2307 3721 Enumerat

741 3777 872 3818 vero
900 3760 1211 3829 singulatim
1247 3774 1366 3828 quae
1400 3759 1501 3829 ipsi
1543 3758 1904 3821 admiserunt,
1935 3764 1993 3810 ut
2024 3771 2128 3809 non
2164 3755 2303 3824 injuo

742 3854 823 3908 ria
870 3852 1104 3921 rejectos
1150 3865 1274 3904 esse
1315 3848 1670 3903 demonstret.
1707 3845 1969 3915 Sequitur
2005 3863 2019 3899 :
2058 3844 2123 3899 Et
2155 3846 2307 3914 pedes

742 3959 922 3998 eorum
972 3941 1039 3994 ad
1099 3940 1358 3993 malitiam
1411 3949 1627 3991 currunt
1681 3952 1703 3991 :
1751 3934 2194 4007 quandoquidem
2255 3946 2309 3990 et

743 4033 992 4104 corporis
1048 4029 1291 4084 membra
1344 4030 1462 4098 ipsa
1512 4038 1693 4084 motus
1744 4026 2103 4098 aptitudinetn
2144 4026 2211 4079 ad
2254 4027 2305 4078 id

744 4130 989 4187 sumunt,
1025 4121 1092 4175 ad
1132 4120 1273 4190 quod
1305 4128 1668 4176 assueverunt
1700 4138 1714 4174 :
1747 4119 1975 4188 idquue
2010 4120 2201 4172 veloces
2238 4119 2306 4171 ad

742 4211 1115 4281 effundendum
1168 4211 1475 4279 sanguinem
1526 4210 1849 4263 innocentem
1903 4208 2068 4277 pedes
2121 4222 2308 4263 evase-

742 4311 871 4359 runt
906 4315 923 4363 ;
958 4303 1029 4356 ita
1064 4302 1208 4356 enim
1239 4302 1424 4355 czeteri
1461 4300 1836 4355 reddiderunt.
1880 4299 2012 4353 lntle
2045 4299 2209 4368 igitur
2238 4298 2306 4352 ad

746 4407 890 4455 cum,
921 4392 1014 4461 qui
1061 4404 1248 4446 revera
1304 4388 1482 4443 fuerat
1531 4390 1799 4451 inuocem,
1832 4389 2137 4455 sanguinem
2177 4403 2304 4457 pro-

2412 3207 2554 3275 ἕργα
2584 3197 2860 3275 ἀνομίαςξ
2884 3210 3006 3259 Ὀτι
3036 3209 3084 3259 οἱ
3125 3220 3149 3247 θ
3176 3208 3265 3261 διὰ
3321 3208 3495 3278 λόγων
3533 3211 3694 3264 θείων
3735 3230 4000 3283 πνευμα-

2412 3301 2586 3361 τικοῖς
2676 3299 3021 3367 πνευματικὰ
3064 3300 3492 3371 συγκρίνοντες,
3565 3304 3770 3373 χιτῶνα
3846 3305 4000 3359 θεῖον

2415 3391 2803 3457 ὑφαίνουσιν.
2878 3394 2939 3444 υί
3008 3392 3064 3445 δέ
3092 3394 3171 3455 είς
3222 3394 3497 3463 ἄχρηστον
3514 3398 3633 3458 ταῖς
3662 3388 3999 3464 ξίουδαῖκαῖς

2411 3478 2757 3549 μυθολογίαις
2779 3480 3223 3550 κατατρίϐονται,
3242 3483 3581 3548 συντιθέντες
3608 3487 3781 3540 ἱστὸν
3799 3488 3875 3541 ὥσ
3885 3508 3998 3560 περ

2408 3570 2677 3638 ἀράχνης
2712 3572 2805 3623 ἐπὶ
2832 3571 2975 3643 θήρᾳ
2994 3573 3101 3626 τῶν
3136 3574 3545 3647 ἁπλουστέρων.
3601 3578 3758 3632 Κατὰ
3784 3580 3997 3633 λεπτὸν

2406 3660 2462 3712 δὲ
2487 3660 2751 3730 διηγεῖται
2780 3662 2847 3715 τὰ
2867 3662 2985 3715 κατ’
3024 3664 3249 3728 αὐτοὺς,
3282 3665 3342 3717 τὸ
3405 3666 3616 3721 δίκαιον
3677 3669 3998 3732 ἐπιδεικνὺς

2406 3748 2507 3819 τῆς
2553 3752 2760 3805 τούτων
2811 3752 3107 3819 ἀποϐολῆς.
3161 3758 3224 3809 οι
3290 3756 3347 3808 δὲ
3394 3757 3580 3823 πόδες
3628 3758 3833 3811 αὐτῶν
3898 3765 3996 3825 εἰς

2410 3843 2628 3897 κακίαν
2667 3843 2987 3913 τρέχουσιν
3012 3863 3026 3876 ·
3085 3848 3208 3899 ἐπεὶ
3260 3848 3353 3900 καὶ
3386 3848 3455 3901 τὰ
3494 3850 3785 3917 σωματικὰ
3848 3854 4001 3921 μέλη

2411 3932 2684 4001 κινήσεως
2717 3933 3135 4003 ἐπιτηδειότητα
3156 3934 3421 4004 λαμϐάνει
3463 3935 3600 4003 πρὸς
3635 3936 3663 3988 ὃ
3710 3936 3994 4000 συνεθίζε-

2407 4038 2521 4075 ται.
2558 4022 2823 4091 Ταχεινοί
2852 4025 3056 4093 ἐκχέαι
3081 4020 3224 4093 αἷμα
3248 4026 3541 4079 ἀναίτιον.
3569 4028 3633 4079 Οἱ
3677 4027 3857 4079 λοιποὶ
3878 4029 3995 4098 γὰρ

2408 4112 2582 4176 οὕτως
2615 4114 2907 4177 ἐξέδωκαν.
2954 4115 3235 4167 Ἐντεῦθεν
3270 4110 3362 4167 οὖν
3408 4116 3499 4167 ἐπὶ
3539 4117 3598 4168 τὸ
3628 4116 3795 4173 ὅντως
3815 4118 3995 4170 tit-al-

2406 4220 2537 4256 τιον
2567 4199 2708 4271 αἷμα
2746 4205 3041 4276 προῆλθον.
3088 4205 3175 4269 Ὠς
3208 4204 3409 4268 Ἰούδας
3431 4208 3541 4259 άπὸ
3596 4208 3697 4276 τῆς
3752 4210 3959 4280 αἰσχρο
3982 4241 3993 4250 -

2408 4293 2643 4364 κερδίας,
2670 4294 2763 4347 ἐπὶ
2786 4294 2885 4363 τὴν
2900 4297 3179 4364 χειρίστην
3202 4296 3615 4365 αἰσχροκερδίαν
3633 4297 3721 4349 διὰ
3749 4299 3995 4366 μελέτης

2413 4383 2719 4454 προσήχθη.
2758 4384 2863 4437 Kal
2888 4384 3034 4438 ὁδὸν
3054 4385 3123 4439 δὲ
3149 4386 3391 4454 εἰρήνης
3418 4388 3529 4440 οὐκ
3556 4387 3858 4456 ἔγνωσαν.
3886 4391 3988 4442 Διὸ

745 4449 1105 4554 gressi'sunt.
1140 4479 1253 4536 Non
1286 4480 1443 4533 aliter
1471 4494 1633 4548 quam
1662 4478 1829 4533 Judas
1853 4493 1882 4531 a
1914 4479 2057 4549 turpi
2094 4449 2308 4548 qut-esto
2333 4449 2385 4507 D
2411 4492 2428 4527 δ

2305 4449 2385 4518 ιῙ)
2411 4449 2503 4527 καὶ
2541 4449 2788 4545 dicith
2823 4449 3212 4529 ἀπεκλαύσατο
3230 4449 3728 4548 την-διερουσάλὴμ
3767 4481 3945 4532 εἰπών
3977 4500 3988 4511 ·

744 4573 812 4628 ad
855 4573 1149 4642 pessimam
1183 4569 1653 4639 imdissimamque
1683 4568 1969 4623 avaritiam
2008 4569 2173 4624 animi
2218 4584 2308 4624 co-

746 4661 1064 4731 gitationem
1097 4660 1386 4714 convertit.
1432 4658 1504 4712 Et
1554 4659 1691 4711 viam
1731 4659 1877 4727 pacis
1922 4675 2025 4712 non
2068 4675 2312 4728 cognove-

746 4761 892 4808 runt.
938 4751 1076 4807 llinc
1103 4759 1157 4805 et
1188 4750 1438 4804 Salvator
1479 4747 1781 4804 Jerusalem
1816 4748 2034 4804 deﬂevit
2068 4751 2153 4807 his
2184 4766 2308 4805 vcr-

745 4845 871 4901 bis:
898 4863 917 4896 ι
960 4841 1017 4898 Si
1053 4842 1222 4898 scires
1265 4854 1320 4897 et
1359 4853 1438 4903 tu,
1468 4856 1589 4911 quae
1634 4849 1762 4896 sunt
1806 4841 1957 4911 pacis
1988 4848 2095 4896 tme
2125 4860 2138 4895 :
2170 4857 2308 4912 quo-

750 4933 899 4987 niam
921 4931 1140 4987 venient
1174 4931 1291 4985 dies
1318 4932 1369 4983 in
1405 4938 1473 4994 te,
1506 4939 1560 4985 et
1586 4930 2007 4985 cireumtlabunt
2042 4938 2093 4984 te
2124 4931 2309 4986 hostes

746 5024 827 5079 tui
860 5023 1019 5089 vallo,
1052 5033 1106 5079 et
1135 5020 1447 5077 circuibunt
1483 5031 1554 5085 te,
1585 5020 1805 5083 etjilios
1842 5031 1965 5076 tuos
1996 5032 2153 5076 terra:
2194 5022 2312 5075 alli-

746 5117 877 5171 deut
903 5117 968 5171 “.
1006 5134 1024 5167 ι
1060 5114 1165 5170 Sed
1199 5131 1301 5169 non
1335 5122 1411 5167 est
1447 5112 1709 5182 judicium
1737 5112 1791 5165 in
1823 5113 1920 5165 viis
1948 5129 2127 5165 eorum
2150 5154 2165 5179 ,
2200 5114 2309 5166 iano

744 5206 933 5277 potius
982 5205 1161 5259 omnis
1210 5203 1470 5273 iniquitas
1518 5210 1573 5256 et
1624 5201 1889 5271 nequ-ilia.
1921 5201 2011 5255 Sic
2051 5213 2104 5256 et
2142 5202 2305 5256 David

744 5298 883 5367 ipse,
919 5310 1039 5366 quae
1066 5309 1163 5364 per
1192 5291 1378 5348 Mosen
1418 5291 1545 5345 data
1587 5299 1735 5352 sunt,
1771 5302 2035 5360 praecepta
2065 5293 2299 5361 appella-

743 5390 844 5454 vit,
887 5402 1010 5443 cum
1038 5385 1304 5457 judicium
1344 5392 1397 5440 et
1429 5382 1696 5453 justitiam
1730 5384 1783 5436 in
1816 5381 1984 5435 Jacob
2016 5381 2303 5439 Dominum

820 5528 863 5557 ⁸³
891 5527 906 5578 l
938 5526 1066 5583 Cor.
1099 5526 1272 5591 ",13.
1350 5525 1393 5556 "
1423 5521 1554 5577 Luc.
1592 5538 1705 5584 xtx,
1736 5520 1915 5575 άε-ιι.

2413 4585 2436 4617 ι
2477 4567 2535 4618 El
2566 4566 2712 4635 ᾔδεις
2738 4567 2830 4619 καί
2857 4584 2919 4634 γε
2953 4567 3017 4623 σὺ
3048 4566 3113 4619 τὰ
3154 4569 3288 4639 πρὸς
3316 4570 3539 4640 εἰρήνην
3558 4586 3683 4634 σου,
3717 4571 3976 4641 ὄτιῆξου-

2408 4673 2494 4709 σιν
2526 4658 2733 4727 ἡμέραι
2760 4659 2855 4709 ἐπὶ
2881 4658 2992 4722 σοὶ,
3027 4657 3123 4711 καὶ
3162 4660 3522 4729 περιῦαλοῦσί
3599 4677 3682 4712 σοι
3708 4662 3751 4713 oi
3802 4661 3996 4731 ἐχθροί

2410 4764 2503 4800 σου
2525 4748 2766 4817 χάρακα,
2825 4748 2919 4800 καὶ
2942 4748 3294 4804 κυκλώσουσί
3318 4768 3399 4814 σε,
3426 4752 3519 4803 καὶ
3557 4750 3628 4803 τὰ
3670 4752 3839 4805 τέκνα
3894 4770 3996 4807 σου

2406 4840 2730 4909 ἐδαφιοῦσιν.
2774 4858 2795 4891 ι
2856 4841 2994 4894 Ἀλλ’
3018 4842 3166 4896 οὐδὲ
3216 4845 3416 4911 κρίσις
3436 4843 3506 4896 ἐν
3530 4844 3659 4910 ταῖς
3683 4844 3847 4910 ὁδοῖς
3875 4847 3994 4898 σὺ·

2406 4930 2541 4996 τῶν,
2565 4932 2791 5003 ἀκρισία
2813 4932 2870 4985 δέ
2915 4935 3064 4987 πᾶσα
3091 4936 3186 4989 καὶ
3218 4935 3423 4990 ἀδικία.
3449 4936 3561 4988 Καὶ
3597 4937 3697 5005 τὴν
3730 4935 3824 4989 διὰ
3852 4938 3997 4989 Mm-

2408 5024 2544 5086 σέως
2570 5023 2628 5076 δὲ
2656 5024 2819 5077 Δαϐιδ
2843 5023 3017 5089 οὕτως
3047 5027 3305 5080 ἐκάλεσεν
3333 5027 3552 5097 ἐντολήν
3587 5045 3601 5055 ·
3631 5027 3863 5097 «Κρέσιν
3897 5032 3999 5081 καὶ

2400 5106 2749 5183 ’δικαιοσύνην
2772 5114 2831 5167 ἐν
2877 5113 3067 5168 Ἰακὼό
3096 5117 3160 5170 σὺ
3191 5116 3455 5187 ἐποίησας
3483 5115 3569 5170 ί.»
3611 5116 3774 5168 Ἀλλὰ
3798 5118 3895 5170 καὶ
3937 5122 3998 5173 ul

2403 5202 2802 5271 τρίόυιαῠτῶν
2859 5204 3339 5276 διεστραμμέναι.
3388 5206 3701 5277 Διαστροφὴ
3734 5207 3845 5275 γὰρ
3896 5210 3997 5261 τοῦ

2413 5292 2574 5363 ὀρθοῦ
2602 5295 2662 5347 τὸ
2682 5296 2868 5349 κακόν.
2909 5297 3017 5351 Καὶ
3043 5301 3154 5351 οὐκ
3183 5297 3425 5351 οίδασιν
3470 5296 3743 5363 εἰρήνην.
3777 5299 3853 5349 υὺ
3884 5298 3998 5366 γὰρ

2421 5386 2808 5455 προσεδέξαντο
2829 5387 2939 5458 τῆς
2983 5389 3229 5460 εἰρήνης
3273 5390 3366 5445 τὸν
3421 5389 3709 5460 πρύτανιν,
3740 5389 3874 5459 περὶ
3934 5382 3998 5442 οὗ

1984 5632 2212 5687 νΑῐίΙᾹῖ
2249 5631 2647 5691 LECTIONES.

854 5762 883 5794 α
915 5769 1004 5824 πο,
1047 5752 1306 5823 ἀράχνης.
1381 5752 1405 5792 (³
1438 5755 1465 5807 δ
1501 5754 1661 5817 ἱστός.

1744 5765 1879 5824 οηγρ.
1914 5754 2000 5807 ἵσ.
2036 5751 2152 5822 μέν.
2235 5752 2253 5788 ί
2299 5750 2382 5805 ἴσ.
2408 5751 2601 5819 λέγων.
