4262 6434
318 382 465 449 9613

1471 396 2001 459 COMMENTARU
2035 401 2113 459 ΙΝ
2154 404 2411 464 ISAMM
2425 451 2440 465 .

3451 402 3595 469 2614

397 494 590 549 tO-xa'.
621 495 729 549 Kal
772 497 1215 566 φοϐηθήσονται
1251 502 1304 553 oi
1364 501 1481 555 ἀπὸ
1530 503 1781 573 δυσμῶν
1838 506 1903 558 tr}
1932 507 1981 567 Α

1932 507 1981 567 Α
2080 507 2246 565 Vsus.
2279 511 2462 566 l9'2l.
2520 512 2587 566 Et
2631 515 2884 569 timebunt
2916 518 3006 586 qui
3061 525 3183 570 sunt
3210 516 3275 570 ab
3304 517 3590 581 occidente,

324 590 513 657 ὄνομα
553 590 796 656 Κυρίου,
852 591 950 644 και
1008 594 1061 644 οί
1110 592 1211 646 ἀπ’
1261 593 1577 647 ἀνατολῶν
1610 597 1813 663 ἡλίου,
1838 598 1901 652 τὸ

326 680 515 749 ὄνομα
546 680 608 732 τὸ
650 680 924 745 ἔνδοξον.
955 681 1115 746 Ἥξει
1151 682 1356 752 τὰρὼς
1396 685 1661 753 ποταμὸς
1702 687 1905 755 ,βίαιος

2010 616 2194 654 nomeu
2234 600 2469 664 Domini,
2503 614 2554 657 et
2576 605 2666 674 qui
2690 606 2754 659 ab
2776 616 2899 659 ortu
2929 606 3081 671 solis,
3101 622 3288 661 nomen
3314 605 3589 676 inclytum.

2016 685 2195 743 Veniet
2221 690 2360 743 enim
2407 691 2559 759 quasi
2602 692 2793 760 [lucius
2856 694 3112 748 uiolentus
3143 694 3226 747 ira
3261 711 3293 746 a
3331 693 3592 749 Domino:

330 773 366 837 ἡ
389 771 539 840 ὀργὴ
564 771 725 838 παρὰ
748 772 986 839 Κυρίου,
1044 772 1175 839 ἣξει
1217 774 1367 842 μετὰ
1400 775 1614 843 θυμοῦ,
1640 778 1739 831 καί
1772 778 1905 845 ἣξει
2008 794 2013 825 1

2008 778 2173 831 veniet
2204 794 2322 831 cum
2349 780 2570 847 furore:
2596 790 2644 835 et
2671 784 2834 837 veniet
2859 794 3074 851 propter
3109 782 3243 839 Sion
3268 784 3358 850 qui
3382 782 3592 843 liberat,

321 877 502 913 ενειια
518 862 670 915 Σιὼν
692 865 724 914 ὀ
737 864 1061 931 ῥυόμενος,
1096 865 1193 919 και
1224 865 1599 934 ἀποστρέψει
1626 867 1907 935 ἀσεϐείας

1472 865 1599 934 ἐψει
1626 867 1907 935 ἀσεϐείας
2007 874 2057 917 et
2091 876 2285 921 avertet
2315 868 2484 938 676
2516 869 2812 937 impietates
2835 870 3029 938 Jacob,
3048 878 3155 925 etc.

321 949 444 1001 ἀ.το
476 949 704 1016 Ἰακὼϐ,
737 970 789 1004 κ.
821 969 873 1006 τ.
898 953 948 1006 λ.

401 1039 665 1109 Πολέμων
723 1041 893 1095 εἰπὼν
922 1044 1034 1105 τοῖς
1064 1045 1121 1111 ἐξ
1152 1043 1369 1115 Ἰσραὴλ
1393 1048 1484 1098 τὸν
1534 1047 1666 1100 Θεὸν
1698 1048 1784 1100 διὰ
1812 1050 1910 1109 τὰς

326 1131 529 1195 πολλὰς
553 1133 739 1185 αὐτῶν
771 1136 1047 1199 ἀσεϐείας,
1081 1138 1173 1189 ἐπὶ
1205 1137 1301 1207 τὴν
1327 1138 1519 1205 κλῆσ.ν
1553 1137 1764 1207 μέτεισι
1799 1137 1910 1188 τῶν

324 1219 520 1287 ἐθνῶν,
549 1225 645 1277 καὶ
673 1226 773 1294 τὴν
805 1226 1044 1297 Χριστοῦ
1081 1229 1409 1297 παρουσίαν.
1439 1229 1513 1280 Τὸ
1545 1230 1653 1282 πᾶν
1678 1229 1734 1282 δὲ
1756 1231 1911 1297 γένος

323 1311 425 1363 ἀνθ
434 1310 636 1381 ρώπων
656 1313 746 1369 διὰ
770 1314 879 1369 τῶν
901 1316 1215 1371 ἀνατολῶν
1238 1317 1475 1386 ἐδήλωσε
1528 1318 1621 1370 καὶ
1642 1315 1911 1385 δυσμῶν,

324 1404 385 1455 οἳ
416 1404 866 1473 φοϐηθήσονται
890 1408 999 1461 τὸν
1022 1410 1258 1475 Κύριον.
1315 1409 1511 1480 ι’Ᾱρχὴ
1543 1407 1649 1477 γὰρ
1693 1413 1905 1476 σοφίας.

326 1492 495 1559 φόϐος
545 1496 809 1566 Κυρίου.»
864 1489 974 1557 Ἶίς
1034 1498 1094 1550 οὺ
1153 1496 1447 1566 μετέλαϐεν
1515 1495 1902 1567 Ἰσραὴλ,ἀλλ’

323 1585 547 1648 ἐκεῖνοι,
608 1588 735 1657 περὶ
764 1580 839 1640 ὧν
866 1588 1076 1653 ἔλεγεν⁸
1142 1607 1163 1640 s
1207 1588 1341 1640 Ἰδοὺ
1405 1583 1551 1641 οὗτοι
1617 1587 1905 1660 πόρρωθεν

325 1677 539 1745 ἥξουσι,
572 1700 587 1724 ι

322 1769 593 1836 κλίματα,
642 1772 742 1824 ὅσα
764 1771 820 1823 δὲ
855 1773 1038 1840 φόϐος
1094 1772 1245 1826 Θεοῦ
1318 1772 1571 1843 προξενεῖ
1626 1769 1777 1839 δηλοῖ
1828 1770 1907 1823 τό·

329 1880 347 1910 s
377 1859 664 1931 Μακάριος
696 1862 837 1932 ἀνὴρ
856 1863 882 1915 ὁ
907 1862 1245 1933 φοϐούμενος
1278 1863 1369 1915 τὸν
1396 1860 1622 1933 Κύριον.
1652 1880 1668 1912 ι
1700 1860 1811 1915 Kal
1830 1860 1912 1925 τό,

328 1969 351 2002 ο
382 1952 496 2005 Οὐκ
525 1951 673 2005 ἔστιν
704 1952 987 2022 ὑστέρημα
1010 1956 1125 2016 τοῖς
1146 1951 1502 2024 φοϐουμένοις
1532 1949 1721 2004 αὐτόν.
1750 1968 1767 2001 ι
1798 1950 1915 2004 Kal

322 2042 407 2104 τό,
452 2043 661 2106 «Φόϐος
704 2043 907 2110 Κυρίου
962 2044 1200 2109 παιδεία,
1260 2046 1356 2097 καὶ
1416 2043 1596 2113 σοφία.
1626 2060 1646 2093 ›
1688 2042 1796 2095 Kal
1826 2041 1905 2094 τό·

337 2134 517 2198 Φόϐος
557 2134 763 2205 Κυρίου
814 2135 1175 2205 προστίθησιν
1208 2135 1443 2206 ἡμέρας.
1474 2153 1494 2188 ›
1537 2136 1636 2188 ’ον
1662 2134 1762 2187 οὐκ
1788 2135 1917 2186 ’1ου-

321 2228 499 2290 tam;
528 2227 745 2290 δώσειν,
782 2227 918 2281 ἀλλὰ
950 2230 1060 2290 τοῖς
1088 2228 1294 2283 ἔθνεσιν
1341 2226 1750 2295 ἐπαγγέλλεται.
1806 2227 1918 2279 Kal

323 2320 386 2370 ὲν
422 2320 596 2390 ἑτέρῳ
656 2319 766 2391 γὰρ
799 2321 1054 2392 προφήτῃ
1082 2323 1195 2383 τοῖς
1244 2321 1341 2390 μέν
1369 2336 1534 2390 φησιν
1558 2336 1572 2350 ·
1603 2337 1621 2370 s
1658 2321 1771 2373 Οὐκ
1802 2317 1917 2371 ἐστι

327 2428 431 2479 μου
488 2411 703 2482 θέλημα
742 2414 800 2464 ὲν
852 2415 1000 2482 ὑμῖν,
1056 2413 1204 2480 λέγει
1237 2399 1456 2481 ’Κύριος
1493 2410 1911 2481 παντοκράτωρ.

328 2504 445 2555 Καὶ
500 2502 690 2566 θυσίας
723 2504 784 2557 ού
816 2504 1181 2575 προτδὲξομαι
1217 2506 1281 2557 ὲκ
1318 2504 1427 2556 τῶν
1467 2504 1669 2575 χειρῶν
1703 2503 1914 2575 ὑμῶν».

325 2593 470 2664 Περὶ
498 2595 554 2647 δὲ
583 2596 692 2647 τῶν
727 2595 894 2647 ἐθνῶν
920 2610 932 2623 ⁸
973 2615 991 2647 ι
1030 2597 1108 2649 Δι’
1137 2598 1219 2649 ὅτι
1279 2596 1387 2649 ἀπὸ
1422 2595 1700 2649 ἀνατολῶν
1765 2595 1916 2665 ἡλίου

322 2684 638 2750 δεδόξασται
678 2686 738 2739 τὸ
762 2686 934 2755 ὄνομά
986 2704 1108 2755 μου,
1156 2691 1214 2742 ὲν
1244 2691 1355 2749 τοῖς
1418 2686 1623 2740 ἔθνεσι.
1668 2704 1686 2737 s
1725 2686 1835 2756 Τῆς
1861 2685 1919 2737 δὲ

324 2778 532 2831 τούτων
562 2780 833 2849 σωτηρίας
860 2780 1032 2832 αἴτιον
1058 2797 1072 2810 °
1100 2779 1261 2845 Ἥξει
1291 2782 1398 2850 γὰρ
1438 2781 1518 2847 ὠς
1546 2780 1813 2848 ποταμὸς
1827 2779 1919 2843 βί-

325 2888 456 2937 αιος
498 2874 595 2925 καὶ
639 2872 784 2942 ὀργὴ
834 2874 995 2941 παρὰ
1053 2875 1291 2939 Κυρίου.
1321 2873 1491 2937 ’Ἥξει
1519 2874 1665 2938 μετὰ
1700 2871 1913 2941 θυμοῦ.

340 2962 555 3032 Ὀργῆς
594 2964 649 3016 δὲ
692 2965 785 3016 καὶ
837 2965 1028 3032 θυμοῦ
1082 2965 1206 3017 οὔτε
1246 2965 1306 3017 τὸ
1344 2965 1654 3036 Ἐϐραῖκδν,
1709 2963 1835 3017 οὔτε
1863 2964 1912 3015 οί

2082 1033 2380 1102 Postquam
2418 1033 2606 1089 lsraeli
2636 1048 2860 1106 propter
2888 1039 3115 1093 multam
3154 1054 3346 1095 eorum
3400 1040 3595 1107 impie—

2012 1134 2177 1179 tatem
2215 1125 2493 1181 infensum
2546 1143 2671 1182 esse
2703 1127 2870 1182 Deum
2899 1128 3321 1192 demonstravit,
3352 1130 3418 1180 ad
3463 1145 3597 1196 gen-

2014 1217 2149 1269 tium
2179 1218 2543 1281 vocationem,
2578 1218 2869 1288 ipsumque
2898 1218 3103 1274 Christi
3155 1219 3447 1274 adventum
3483 1234 3600 1273 ser-

2014 1317 2231 1356 monem
2259 1305 2546 1357 convertit.
2586 1298 2923 1374 Signiﬁcavit
2954 1312 3135 1360 autem
3184 1303 3416 1358 Orientis
3447 1304 3600 1360 Occi-

2015 1391 2288 1462 den:isque
2314 1394 2557 1459 nomine,
2584 1394 2872 1450 hominum
2904 1411 3078 1463 genus
3104 1394 3600 1466 univcrsum,quos

2017 1482 2233 1537 Domini
2255 1485 2414 1537 timor
2461 1493 2608 1541 esset
2644 1493 3037 1556 occupaturus.
3079 1485 3418 1558 Principium
3447 1504 3602 1543 nam-

2017 1592 2125 1647 que
2154 1577 2437 1648 sapientia:
2472 1579 2637 1635 timor
2670 1579 2885 1634 Domini
2904 1581 2991 1635 “:
3052 1580 3212 1650 cujus
3266 1596 3393 1637 esse
3431 1582 3603 1651 parti-

644 1681 740 1733 xal
770 1682 839 1734 τὰ
882 1682 1010 1749 ἑξῆς
1036 1699 1050 1713 ο
1089 1683 1155 1735 δι’
1185 1674 1260 1734 ὧν
1302 1682 1493 1753 ἐδήλου
1553 1681 1621 1733 τὰ
1676 1682 1916 1749 τέσσαρα
1943 1697 1989 1756 Β
2018 1685 2148 1740 ceps
2177 1671 2322 1726 ηοιιιὶ

1943 1697 1989 1756 Β
2018 1685 2148 1740 ceps
2177 1671 2347 1726 noluit
2380 1672 2576 1737 Israel;
2603 1673 2697 1727 scd
2726 1673 2824 1739 illi,
2868 1674 2936 1729 de
2957 1675 3160 1743 quibus
3195 1673 3342 1731 istud
3369 1690 3602 1746 usurpa-

2017 1763 2128 1818 vit:
2163 1781 2180 1815 ι
2218 1762 2356 1819 Ecce
2388 1764 2438 1818 hi
2463 1764 2528 1819 de
2554 1766 2713 1837 longe
2734 1766 3039 1833 venient",
3069 1774 3123 1821 et
3146 1782 3265 1838 qua:
3296 1768 3599 1840 deinceps:

2017 1855 2218 1926 quibus
2249 1857 2430 1913 verbis
2460 1868 2698 1926 quatuor
2734 1858 2921 1914 mundi
2954 1858 3232 1927 cardines,
3265 1860 3381 1917 sive
3411 1861 3602 1933 plagas

2017 1948 2440 2003 demonstravit.
2494 1950 2713 2017 Quanta
2762 1966 2893 2006 vero
2942 1966 3007 2006 ea
3038 1952 3173 2017 sint,
3218 1967 3341 2023 qua
3387 1952 3605 2008 Domini

2020 2041 2180 2094 timor
2206 2041 2365 2098 nobis
2389 2042 2670 2109 conciliat,
2706 2042 2991 2114 Scriptura
3047 2046 3307 2114 patuerit,
3363 2046 3457 2100 ubi
3492 2045 3599 2101 ait:

2025 2153 2043 2187 ι
2074 2134 2274 2191 Beatus
2293 2136 2377 2189 vir
2403 2136 2497 2206 qui
2524 2137 2680 2190 timet
2709 2135 3002 2191 Dominum
3026 2138 3093 2191 ⁸⁸.
3125 2157 3144 2190 ι
3176 2137 3240 2193 Et
3260 2139 3380 2194 istis
3407 2155 3451 2191 ει
3483 2138 3603 2195 Non

2017 2238 2104 2283 est
2169 2226 2353 2297 inopia
2420 2227 2746 2283 timentibus
2810 2228 3099 2284 Dominum
3160 2230 3228 2285 ".
3274 2250 3294 2285 ι
3365 2230 3431 2285 Et
3478 2231 3605 2287 istis

2019 2320 2181 2374 etiam
2206 2336 2221 2374 :
2264 2336 2283 2371 ι
2324 2318 2513 2374 Timor
2541 2318 2754 2375 Domini
2785 2319 3078 2390 disciplina
3103 2331 3157 2377 et
3185 2324 3453 2393 sapientia
3483 2324 3553 2379 ”.
3580 2343 3601 2375 ι

2020 2410 2084 2463 Ει
2123 2408 2287 2464 istis:
2318 2427 2338 2461 ι
2376 2408 2568 2464 Timor
2597 2408 2816 2465 Domini
2871 2412 2989 2466 dies
3032 2412 3185 2467 addit
3215 2416 3259 2446 "
3295 2431 3310 2479 ;
3349 2430 3511 2484 quem
3546 2430 3607 2471 se

2020 2515 2129 2555 non
2157 2498 2384 2567 Iudaeis,
2422 2500 2518 2556 sed
2552 2500 2812 2571 gentibus
2841 2517 2967 2558 esse
2991 2503 3245 2558 daturum
3288 2506 3603 2576 pollicetur.

2023 2591 2230 2647 Deinde
2262 2593 2405 2661 apud
2430 2594 2753 2663 prophetam
2780 2594 2945 2648 alium
2968 2595 3108 2651 istos
3133 2596 3352 2666 quidem
3376 2597 3430 2652 in
3451 2597 3599 2651 hunc

2022 2683 2242 2737 modum
2277 2684 2612 2755 alloquitur:
2657 2702 2675 2736 ι
2704 2682 2821 2738 Non
2857 2692 2943 2744 est
2990 2701 3109 2739 mea
3137 2686 3389 2742 voluntas
3421 2687 3475 2742 in
3504 2704 3604 2742 vo-

2020 2776 2104 2831 bis
2126 2776 2194 2841 ",
2231 2776 2365 2831 dicit
2419 2775 2686 2831 Dominus
2720 2777 3091 2847 omnipotens,
3131 2786 3185 2833 ct
3250 2778 3461 2835 hostias
3495 2795 3606 2834 non

2022 2869 2316 2939 suscipiam
2346 2869 2414 2925 de
2441 2869 2700 2925 manibus
2739 2870 2954 2925 vestris.
2985 2889 3004 2923 ι
3044 2869 3121 2926 De
3141 2871 3396 2942 gentibus
3421 2881 3604 2926 autem

2024 2962 2127 3016 ista
2160 2962 2374 3031 inquit:
2416 2979 2435 3013 ι
2482 2961 2558 3017 Ab
2598 2970 2723 3016 ortu
2772 2962 2918 3015 enim
2953 2964 3087 3017 solis
3120 2978 3293 3034 usque
3342 2965 3410 3019 ad
3447 2979 3608 3020 occa-

324 3053 503 3108 λοιποὶ
541 3056 864 3126 μέμνηνται.
919 3056 1053 3108 Οἰδδὲ
1078 3057 1186 3126 γὰρ
1216 3054 1439 3122 εὔλογα)
1476 3059 1533 3108 ὲν
1566 3055 1789 3124 ἀγαθῶν
1822 3056 1915 3107 ἐπ·
1944 3042 1988 3104 C

1944 3042 1988 3104 C
2023 3070 2142 3108 sum
2166 3052 2527 3123 gloriﬁcatum
2547 3061 2631 3108 est
2658 3068 2856 3108 nomen
2876 3069 3056 3108 meum
3079 3056 3130 3108 in
3158 3056 3552 3112 nationibus”.
3580 3074 3599 3108 s

325 3147 630 3214 αγγελίαις.
676 3148 735 3200 Ὀ
771 3148 877 3219 γὰρ
914 3148 1148 3209 Ἀκύλας
1188 3150 1374 3216 φησ“·ν,
1413 3149 1543 3201 Ὅτι
1602 3148 1918 3201 ἐλεύσεται

323 3239 408 3301 ὡς
426 3239 693 3306 ποταμὸς
718 3237 954 3306 πνεῦμα
982 3241 1203 3305 Κυρίου
1232 3240 1569 3307 σύσσημον
1608 3238 1819 3304 ἐαυτῷ.
1859 3240 1919 3290 '0

326 3330 381 3382 δὲ
410 3330 729 3400 Σύμμαχος·
776 3331 948 3393 ’Πξει
977 3330 1057 3395 ὡς
1096 3329 1362 3399 ποταμὸς
1404 3332 1624 3384 θλίϐων
1652 3330 1714 3385 τὸ
1747 3330 1921 3384 πνεῦ-

319 3437 408 3489 μα
430 3420 674 3487 Κυρίου.
691 3422 947 3489 Ἐπείγει
984 3421 1081 3473 καὶ
1107 3420 1261 3487 ἣξει.
1279 3422 1337 3474 Ὀ
1354 3422 1410 3473 δὲ
1428 3421 1918 3485 ΘεοδοτίωψἮξει

327 3514 536 3581 γὰρὼς
598 3515 865 3582 ποταμὸς
910 3514 1336 3581 πολιορκητής.
1397 3515 1637 3581 Πνεῦμα
1696 3515 1915 3582 Κυρίου

324 3602 657 3671 ἐσημειὼθη
685 3604 757 3657 ἐν
782 3602 963 3667 αὐτῷ.
1014 3605 1136 3669 Πῶς
1170 3605 1227 3657 δὲ
1262 3606 1339 3670 ὡς
1400 3604 1665 3672 ποταμὸς
1710 3605 1914 3669 ,ϐίαιος

328 3694 457 3761 ἣξει
489 3695 555 3747 τὸ
587 3695 825 3764 πνεῦμα
863 3696 1106 3764 Κυρίου,
1135 3696 1401 3766 ἐδήλωσεν
1434 3697 1492 3747 ἐν
1525 3696 1643 3757 ταῖς
1702 3696 1913 3766 "pige-

328 3805 432 3847 σιν,
465 3806 483 3837 ι
512 3787 643 3840 Ὅτε
674 3768 1028 3857 συνηγμένων
1081 3790 1174 3841 ἐπὶ
1202 3789 1260 3840 τὸ
1296 3788 1429 3841 αὐτὸ
1481 3788 1699 3853 ἐγένετο
1760 3788 1915 3856 ἄφνω

328 3882 394 3931 ἐκ
450 3878 544 3932 τοῦ
604 3879 835 3949 ούρανοῦ
892 3875 1066 3950 ἦχος,
1120 3879 1311 3948 ὥσπερ
1371 3877 1681 3949 φερομένης
1747 3876 1917 3943 πνοῆς

328 3967 562 4037 βιαίας,ι
587 3968 682 4021 καὶ
694 3969 760 4020 τὰ
776 3969 867 4021 ἐπὶ
884 3968 1114 4032 τούτοις.
1134 3963 1233 4021 Ὧν
1252 3968 1427 4033 τέλος,
1451 3968 1544 4020 καὶ
1566 3967 1647 4031 τὸ,
1673 3984 1690 4017 ι
1713 3964 1915 4036 Ἑπλη-

327 4058 582 4132 ρὼθησαν
614 4061 850 4125 ἅπαντες
885 4061 1201 4131 Πνεύματος
1227 4062 1407 4130 ἁγίου.
1452 4080 1471 4113 ι

2019 3146 2119 3200 Sel
2148 3153 2229 3199 cst
2256 3161 2442 3200 eorum
2475 3146 2670 3202 salutis
2700 3162 2886 3215 causa,
2928 3149 3073 3219 quod
3106 3158 3408 3213 venturum,
3449 3152 3607 3220 quasi

2018 3238 2235 3305 [luvium
2290 3238 2597 3302 violentum,
2632 3250 2679 3293 et
2713 3240 2852 3293 iram
2917 3257 2949 3294 a
2999 3240 3228 3296 Domino
3274 3258 3395 3296 cum
3423 3241 3607 3311 furore

2020 3330 2176 3382 dixit.
2217 3328 2338 3394 Quo
2366 3331 2508 3394 loco,
2541 3345 2717 3399 neque
2745 3331 2864 3395 ine,
2894 3348 3072 3402 neque
3102 3333 3303 3402 furoris
3337 3332 3606 3389 llebraica

2028 3421 2207 3481 lettio,
2236 3420 2882 3492 cartcriqne'tnterpretcs
2928 3425 3319 3487 meminerunt,
3372 3425 3517 3480 sicut
3542 3421 3606 3480 in

2026 3510 2292 3563 honorum
2325 3509 2689 3579 promissione
2722 3510 2902 3566 fuerat
2927 3513 3126 3567 rationi
3150 3524 3603 3570 consentaneum.

2024 3604 2101 3653 lta
2152 3602 2297 3655 cuitn
2362 3601 2557 3671 Aquila
2630 3618 2643 3655 :
2688 3601 2827 3667 Quia
2878 3606 3043 3659 veniet
3098 3615 3354 3674 tanquam
3409 3606 3610 3674 ﬂumen

2018 3692 2237 3757 spiritus
2276 3690 2491 3745 Domini
2552 3693 2884 3760 signaculum
2926 3697 3048 3763 ipsi.
3085 3696 3452 3768 Symmachus
3503 3714 3605 3752 att-

2018 3791 2125 3837 tem
2159 3800 2170 3834 :
2218 3778 2394 3836 Veniet
2423 3792 2674 3852 tanquam
2702 3784 2893 3851 ﬂuvius
2927 3795 3097 3840 terens
3128 3788 3349 3853 spiritus
3369 3788 3603 3842 Domini.

2025 3873 2207 3945 Urget,
2228 3884 2277 3928 et
2304 3876 2490 3928 veniet.
2521 3873 2827 3930 'l‘heodotio
2848 3893 3015 3932 vero:
3066 3877 3245 3933 Veniet
3300 3883 3439 3934 enim
3484 3894 3608 3935 tan-

2022 3981 2182 4041 quam
2207 3964 2403 4032 ﬂuvius
2438 3982 2766 4038 oppugnans.
2814 3967 3046 4037 Spiritus
3087 3970 3301 4025 Domini
3362 3973 3603 4042 signatus

2025 4061 2101 4105 est
2125 4052 2177 4104 in
2206 4068 2288 4106 eo.
2313 4051 2415 4118 Qui
2442 4062 2644 4119 autem,
2678 4054 2843 4126 677
2884 4066 3136 4119 tanquam
3162 4057 3355 4127 [iuvius
3407 4059 3605 4112 violen-

327 4160 433 4211 tus,
466 4150 585 4219 ipse
616 4150 835 4205 Domini
862 4152 1084 4218 spiritus
1113 4161 1364 4205 venturus
1408 4151 1500 4215 sit,
1530 4164 1596 4203 eo
1632 4146 1919 4209 indicavit,
1957 4141 2102 4213 quod
2147 4141 2201 4194 in
2237 4142 2391 4195 Actis
2434 4160 2446 4196 :
2488 4162 2506 4195 ι
2534 4144 2670 4198 Cum
2702 4156 2887 4200 essent
2913 4145 2967 4200 in
3004 4162 3173 4201 unum
3218 4163 3412 4205 omnes
3464 4164 3603 4205 con-

327 4240 556 4310 gregati,
590 4240 795 4296 factum
827 4256 951 4296 esse
980 4242 1047 4296 de
1100 4251 1322 4312 repente
1360 4256 1582 4306 sonum,
1645 4250 1905 4307 tanquam
1949 4230 2180 4302 spiritus
2248 4230 2473 4285 violenti
2497 4232 2544 4265 ’⁸
2577 4272 2592 4298 ,
2640 4251 2659 4286 ι
2702 4242 2757 4290 et
2785 4251 2906 4307 qua:
2961 4248 3291 4307 sequuntur,
3354 4240 3601 4311 legitur:

326 4332 536 4402 quibus
569 4332 788 4387 tandem
818 4348 1013 4389 omnes
1044 4348 1168 4388 esse
1201 4333 1409 4403 Spiritu
1448 4340 1645 4388 sancto
1676 4330 1914 4400 repletos
1954 4320 2328 4378 concluditur.

409 4447 573 4499 Ἀλλὰ
606 4448 698 4499 xal
720 4447 997 4516 σημεῖον,
1032 4449 1217 4517 φησὶν,
1250 4448 1464 4513 ἐαυτῷ.
1486 4449 1658 4503 Τοῦτο
1687 4447 1793 4517 γὰρ
1822 4447 1923 4517 τῆς
1948 4446 2003 4505 D

1915 4446 2003 4506 τι)
2102 4434 2303 4492 Verum
2335 4447 2388 4492 et
2410 4438 2744 4509 signaculum
2774 4441 2878 4510 ipsi
2915 4442 3012 4497 ait.
3048 4441 3197 4498 Hanc
3217 4444 3360 4499 enim
3394 4459 3598 4501 ascen-

330 4539 467 4601 ἰδίας
489 4538 811 4609 ἀναλήψεως
827 4538 980 4591 ἔθετο
998 4542 1222 4609 σημεῖον
1238 4540 1412 4607 λέγων
1431 4557 1443 4570 ·
1467 4558 1487 4592 ι
1512 4541 1638 4593 Ἐὰν
1657 4540 1731 4610 μὴ
1753 4539 1922 4593 ἁπέλ-

1920 4570 1922 4577 ,
2022 4530 2196 4585 sionis
2218 4545 2332 4585 sua:
2361 4530 2821 4601 signiﬁcationem
2854 4542 2909 4589 et
2941 4545 3127 4588 notam
3158 4534 3424 4604 dederat;
3453 4551 3603 4603 cum,

327 4631 427 4692 θω,
469 4627 498 4678 ὁ
522 4627 876 4698 Παράκλητος
899 4628 1000 4682 οὐκ
1041 4629 1315 4699 ἔρχεται.»
1354 4631 1461 4683 Kal
1489 4628 1672 4683 πάλιν·
1707 4627 1827 4681 Ὀτ’
1853 4627 1921 4681 ἂν

1920 4654 1921 4659 η
2020 4622 2127 4678 nisi
2179 4623 2441 4680 abivisset
2470 4664 2487 4691 ,
2521 4622 2868 4681 Paracletum
2909 4641 3021 4682 non
3066 4635 3405 4696 venturum;
3477 4645 3603 4685 cum

326 4716 571 4782 ἀπέλθω,
614 4718 897 4771 ἀποστελῶ
922 4719 1051 4786 ὑμῖν
1097 4724 1158 4773 τὸ
1208 4720 1433 4790 Πνεῦμα
1461 4722 1560 4791 τῆς
1594 4719 1913 4792 ἀληθείας.»

2019 4729 2246 4771 rursum
2286 4715 2573 4784 abivisset,
2610 4726 2867 4774 sanctum
2898 4720 3168 4791 apostolis
3202 4737 3263 4777 se
3301 4722 3603 4778 missurum

341 4810 487 4861 ’Λντὶ
550 4810 609 4863 δὲ
664 4809 798 4862 τοῦ·
851 4810 1012 4875 Ἥξει
1054 4810 1268 4865 ἕνεκεν
1306 4812 1460 4865 Σιὼν
1512 4815 1547 4867 ὁ
1590 4813 1915 4881 ῥυόμενος,
2018 4810 2024 4859 ε

2018 4806 2284 4878 Spiritum
2315 4809 2529 4865 dixerat
2550 4811 2618 4866 ”.
2652 4810 2757 4866 Sed
2776 4812 2923 4868 enim
2944 4828 3055 4884 quo
3081 4813 3224 4878 loco,
3251 4816 3416 4871 veniet
3475 4831 3605 4881 pro-

338 4900 591 4965 Ἀκύλας,
658 4902 769 4956 Kal
825 4902 1138 4956 ἐλεύσεται
1194 4902 1267 4969 τῇ
1327 4902 1480 4957 Σιὼν
1510 4904 1905 4972 ἀγχιστεύων,
2013 4914 2021 4967 ι

2013 4909 2130 4967 pter
2160 4898 2427 4971 Sion,_qui
2452 4900 2665 4969 liberat,
2696 4901 2964 4959 habemus
2990 4941 3008 4969 ,
3050 4913 3099 4959 et
3141 4906 3307 4960 ueniet
3338 4906 3427 4976 qui
3473 4904 3605 4959 Sion

325 4993 513 5063 φησίν.
554 4992 613 5047 ’0
642 4993 698 5046 δὲ
734 4994 1063 5063 Σύμμαχος’
1096 4994 1205 5047 Καὶ
1254 4994 1384 5062 ἥξει
1424 4994 1497 5062 τῇ
1533 4995 1687 5050 Σιὼν
1733 4996 1905 5065 ἀγχιο

2010 4992 2336 5060 propinquus
2369 5002 2472 5055 est,
2518 4992 2950 5064 interpretantur
2991 4995 3223 5066 Aquilas
3250 5003 3313 5052 et.
3355 4995 3605 5068 Symma-

325 5084 580 5138 στσύων.
617 5084 811 5151 Ἔλεγε
843 5085 951 5155 γὰρ
979 5086 1008 5138 ὁ
1066 5086 1257 5156 Σωτήρ
1278 5102 1291 5116 ·
1338 5105 1355 5138 t
1379 5088 1492 5144 Οὐκ
1520 5082 1703 5157 ἦλθον,
1735 5089 1783 5138 εἰ
1829 5086 1905 5158 μὴ

2011 5082 2175 5136 chus.
2196 5080 2384 5153 Neque
2415 5084 2563 5138 enim
2613 5100 2673 5139 se
2704 5085 2809 5165 nisi
2859 5086 3115 5151 adoves,
3167 5103 3290 5157 quae
3324 5090 3603 5158 perierant

326 5175 407 5239 είς
438 5175 499 5227 τὲ
524 5175 839 5230 smmum
860 5176 1106 5247 πρόϐατα
1124 5178 1274 5231 οἴκου
1311 5180 1549 5249 Ἰσραήλ.
1566 5197 1583 5229 ι
1622 5180 1731 5232 Kal
1757 5178 1906 5232 Παῦ-

2012 5173 2079 5229 dc
2105 5175 2269 5229 domo
2308 5174 2502 5242 Israel,
2540 5177 2779 5232 missum
2831 5193 2954 5233 esse
2990 5179 3242 5233 Salvator
3286 5180 3508 5235 reticuit
3530 5180 3599 5218 "-

326 5266 419 5329 λος
453 5266 509 5318 δέ
532 5284 665 5336 φησι
689 5285 701 5297 ·
740 5286 758 5317 ι
784 5266 943 5335 Λέγω
969 5269 1079 5338 γὰρ
1128 5270 1363 5339 Χριστὸν
1391 5270 1636 5324 διάκονον
1678 5271 1908 5341 γεγενῆ-

2018 5266 2224 5322 Scribit
2260 5268 2313 5321 in
2341 5269 2483 5323 httnc
2516 5270 2736 5324 modum
2766 5280 3028 5340 prmterea
3058 5282 3112 5328 et
3141 5271 3381 5328 Paulus:
3420 5291 3440 5325 ι
3471 5273 3602 5327 Dico

330 5358 460 5409 σθαι
501 5360 803 5430 περιτομῆς
832 5360 971 5431 ὑπὲρ
998 5360 1257 5430 ἀληθείας
1290 5361 1447 5427 Θεοῦ,
1477 5364 1557 5424 εἰς
1587 5363 1644 5415 τὸ
1678 5362 1909 5431 βεϐαιῶ-

2018 5365 2163 5421 enim
2191 5364 2472 5420 Christum
2501 5364 2689 5421 Iesum
2728 5368 3042 5424 ministrum
3095 5368 3268 5423 fuisse
3313 5368 3602 5422 circumci-

329 5464 424 5501 σαι
458 5448 558 5510 τὰς
581 5449 923 5516 ἐπαγγελίας
952 5449 1059 5501 τῶν
1104 5451 1375 5522 πατέρων,
1406 5450 1474 5503 τὰ
1504 5450 1562 5503 δὲ
1608 5450 1736 5521 ἔθνη
1770 5451 1909 5522 ὑπὲρ

2020 5456 2196 5511 sionis
2229 5466 2453 5527 propter
2479 5459 2765 5515 veritatem
2801 5459 2920 5526 Dei,
2983 5469 3041 5513 ut
3071 5460 3429 5513 conﬁrmaret
3485 5473 3604 5528 pro-

2981 5728 3045 5745 μ’

1914 5722 1956 5750 ⁸³
1990 5722 2136 5775 Ρεηι.
2166 5740 2358 5779 xntt'.
2395 5724 2476 5775 ll).
2583 5726 2627 5756 ⁹⁰
2658 5724 2816 5777 Prov.
2856 5744 2943 5790 xv,
2981 5728 3067 5781 35.

1815 5794 1856 5822 "
1886 5792 2038 5846 Jozm.
2080 5811 2163 5857 xv,
2191 5795 2278 5847 ‘26.
2358 5796 2400 5828 "“
2438 5794 2627 5854 Matth,
2659 5797 2852 5860 X\',‘25.

408 5715 452 5743 “
479 5714 599 5768 l'sa!
669 5732 755 5775 cr.
792 5718 872 5768 l0.
953 5718 995 5748 ’τ
1025 5717 1126 5771 lsa.
1163 5720 1333 5781 1.3.34.
1414 5719 1456 5750 ⁸⁸
1492 5718 1760 5783 ΡειιΙ.(-ςι,
1790 5722 1834 5773 Ι.

3147 5729 3187 5760 ⁸⁸
3225 5726 3383 5783 l’rov.
3424 5745 3475 5792 ν,
3509 5728 3623 5787 27..

336 5789 383 5820 ”
415 5785 647 5842 Malach.
682 5804 716 5849 I,
765 5788 844 5839 l0.
922 5788 967 5817 ’⁵³
1004 5788 1131 5841 ibid.
1176 5790 1257 5841 ll.
1337 5791 1381 5821 ”
1411 5789 1531 5844 Αςι.
1564 5806 1639 5844 ιι.
1678 5794 1731 5845 2.
