4248 6428
721 387 864 452 2619

2051 387 2397 448 PROCOPll
2447 387 2689 446 GALEI

3847 381 3994 444 2620

725 500 936 552 ratione
971 494 1256 562 adjiciens,
1289 495 1425 551 istos
1463 495 1682 564 quidem
1715 495 1770 550 in
1821 495 2000 567 ignem
2057 499 2307 553 abituros
2334 501 2385 560 Α

2334 501 2385 560 Α
2412 499 2518 550 τῶν
2556 498 2612 550 δὲ
2641 495 3099 566 ἀνακαλουμένων
3147 497 3228 558 τίς
3267 494 3355 548 τδν
3384 495 3502 546 νέον
3549 493 3741 558 αἰῶνα,
3779 493 3902 545 καθ’
3937 493 3995 543 ὃν

723 605 885 656 esse;
926 589 1050 643 illos
1079 596 1262 644 autem
1285 591 1342 646 in
1372 604 1574 643 novum
1592 589 1852 644 saeculum
1886 601 2202 646 revocatum
2237 592 2304 646 iri

723 681 1019 751 signiﬁcat,
1054 680 1106 734 in
1138 694 1248 750 quo
1283 680 1430 736 nulla
1467 679 1649 734 futura
1681 680 1791 736 sint
1824 695 2086 750 corporea
2142 681 2304 734 lumi-

722 779 877 831 naria
909 794 924 829 :
962 776 1184 832 Christo
1216 775 1356 846 ipso,
1377 775 1470 846 qui
1506 773 1599 829 Sol
1629 785 1714 830 est
1765 775 1995 844 iustitiae
2022 776 2084 840 ",
2137 775 2306 829 lucem

721 866 940 922 abunde
970 875 1268 938 praestante
1294 877 1343 921 et
1365 875 1720 937 suggerente:
1753 882 1861 937 quo
1882 877 2122 936 tempore
2141 868 2306 920 nimi-

720 975 880 1026 rum,
912 959 1068 1029 juxta
1096 959 1461 1014 sacratissimi
1521 958 1677 1013 Pauli
1721 959 2083 1014 sententiam:
2122 977 2139 1010 ι
2201 957 2303 1025 Qui

723 1052 926 1105 mortui
955 1059 1084 1106 sunt
1118 1051 1171 1104 in
1207 1050 1450 1112 Christo.
1488 1051 1648 1116 primi
1682 1061 2004 1121 resurgent:
2064 1050 2156 1119 qui
2204 1065 2304 1102 au-

720 1153 828 1196 leln
865 1143 1066 1206 relicti,
1093 1143 1148 1196 in
1181 1143 1422 1197 nubibus
1454 1157 1578 1195 cum
1599 1141 1822 1198 Christo
1855 1151 2150 1196 occurrent
2173 1143 2240 1194 ¹⁸.
2281 1160 2299 1194 ι

723 1233 888 1286 Tales
921 1233 1088 1302 igitur
1140 1242 1252 1286 tum
1313 1233 1651 1302 compellans
1700 1233 2020 1288 inclamabit
2082 1234 2300 1288 oratio:

723 1317 1061 1382 “luminare,
1090 1318 1410 1384 Jerusalem,
1446 1320 1548 1385 vel,
1586 1331 1646 1373 ut
1675 1323 1888 1377 caeteris
1937 1323 2113 1392 placet
2151 1340 2163 1375 :
2207 1321 2305 1374 Ea:-

718 1426 893 1478 surge,
929 1410 1252 1464 illuminare.
1281 1407 1347 1462 Et
1374 1412 1571 1474 vide,si
1601 1427 1708 1466 non
1739 1421 1925 1482 aperte
1959 1417 2081 1482 ipso
2113 1429 2303 1467 exsur-

716 1500 877 1566 gendi
910 1501 1100 1566 verbo,
1129 1509 1470 1555 mortuorum
1510 1504 1969 1559 resurrectionem
2018 1503 2302 1568 indicarit,

716 1605 883 1657 quam
917 1591 1083 1644 radiis
1103 1592 1221 1647 suis
1267 1592 1361 1644 luo:
1408 1593 1526 1662 ipsa
1584 1601 1832 1648 mortuos
1867 1609 2123 1649 recreans
2163 1610 2303 1664 pra:-

719 1681 902 1733 bitura
961 1692 1076 1747 est;
1149 1683 1242 1751 qui
1293 1693 1579 1753 postquam
1635 1687 1858 1739 excitati
1916 1686 2143 1746 fuerint,
2185 1687 2304 1756 ejus

718 1772 945 1835 gloriam
976 1772 1224 1826 iutuituri
1279 1773 1410 1826 sint.
1465 1772 1585 1838 Quo
1621 1774 1823 1829 factum
1857 1784 1962 1842 est,
2015 1785 2072 1830 ut
2120 1779 2302 1831 statim

2409 589 2509 642 οὐκ
2537 589 2753 642 ἔσονται
2780 585 3095 655 φωστῆρες
3128 586 3455 655 σωματικαὶ,
3487 582 3727 653 Χριστοῦ
3760 581 3853 634 τοῦ
3893 584 3995 649 τῆς

2407 678 2754 748 δικαιοσύνης
2773 678 2950 731 Ἡλίου
2977 677 3113 747 πρὸς
3132 675 3440 744 φωτισμὸν
3457 672 3850 744 ἐπαρκοῦντος·
3879 675 3993 733 ὅτε,

2409 770 2554 824 κατά
2584 771 2674 822 τὸν
2704 770 2994 839 ἱερώτατον
3029 767 3266 830 Παῦλον,
3297 785 3315 818 ι
3344 767 3410 818 Ol.
3451 765 3635 833 νεκροὶ
3665 766 3721 815 ὲν
3765 763 3996 834 Χριστῷ

2409 862 2804 932 ἀναστήσονται
2832 859 3058 931 πρῶτοι,
3088 860 3136 911 ol
3176 859 3232 912 δὲ
3264 857 3704 926 περιλειπόμενοι
3745 858 3803 906 ὲν
3832 854 3996 921 vagas-

2408 953 2530 1015 λαις
2581 952 2927 1016 ἀπαντῶντες
2977 952 3190 1005 ἔσονται.
3242 951 3341 1002 σὺν
3386 948 3623 1019 Χριστῷ.
3664 967 3682 997 ι
3717 946 3844 1006 Τοῖς
3896 942 3995 997 οὖν

2408 1044 2670 1106 τοιούτοις
2707 1045 2827 1096 τότε
2878 1043 3218 1113 προσφωνῶν
3249 1044 3276 1094 ὁ
3301 1042 3458 1108 λόγος
3511 1041 3659 1108 ipsi“
3697 1035 3987 1096 Φωτίζου.

2420 1135 2842 1202 Ἰερουσαλήμο
2892 1135 2924 1204 ἢ
2981 1133 3120 1186 κατά
3162 1135 3286 1194 τοὺς
3335 1130 3564 1192 ἄλλους·
3643 1127 3992 1190 Ἀνάστηθι,

2408 1228 2754 1295 φωτίσοητι.
2783 1228 2890 1279 Καὶ
2919 1229 3018 1297 δρα
3049 1228 3094 1276 εἰ
3125 1226 3197 1293 μὴ
3226 1225 3407 1292 σαφῶς
3435 1223 3522 1274 δια
3550 1220 3641 1272 τοῦ
3667 1220 3992 1283 ἀνάστηθι,

2408 1319 2505 1388 τὴν
2529 1322 2593 1371 ὲκ
2622 1317 2832 1388 νεκρῶν
2863 1319 3159 1369 ἀνάστασιν
3184 1315 3405 1378 ἔδειξεν,
3430 1315 3494 1384 ἣν
3527 1317 3740 1381 ποιήσει
3773 1311 3834 1362 τὸ
3865 1310 3997 1378 φῶς

2409 1412 2624 1464 ἀκτῖσιν
2681 1410 2837 1472 ἰδίαις
2894 1407 3288 1476 ἀναζωπυροῦν
3318 1409 3442 1468 τοὺς
3488 1407 3734 1474 νεκροὺς.
3786 1405 3837 1454 οἳ
3896 1404 3994 1453 καὶ

2408 1501 2738 1561 ἀναστάντες
2786 1499 3010 1564 θύονται
3040 1497 3156 1564 τὴν
3187 1497 3376 1560 δόξαν
3404 1497 3587 1548 αὐτοῦ.
3636 1495 3725 1546 Διὸ
3763 1491 3860 1544 νῦν
3892 1495 3996 1542 ἐπ-

2409 1592 2553 1658 άγει·
2591 1589 2697 1643 Καὶ
2729 1589 2764 1655 ἡ
2800 1589 2949 1652 δόξα
2996 1589 3215 1654 Κυρίου
3253 1587 3350 1638 ἐπὶ
3411 1586 3486 1637 σὲ
3535 1585 3950 1638 ἀνατέταλκεν
3976 1597 3992 1609 ⁸

2406 1681 2605 1751 δηλαδὴ
2640 1681 2738 1750 τὴν
2761 1680 2888 1733 νέαν
2924 1679 3017 1731 τοῦ
3043 1679 3178 1731 Θεοῦ
3221 1679 3394 1740 πύλιν,
3437 1679 3503 1745 ἣν
3544 1674 3768 1744 φωτίζει
3817 1676 3994 1743 μόνην

2407 1774 2660 1842 Χριστός.
2723 1773 2847 1835 Τοῖς
2901 1772 3008 1842 γὰρ
3057 1771 3278 1824 ἀσεϐέσι
3331 1773 3547 1834 σκότος
3602 1769 3912 1827 ἀπόκειται,
3966 1767 3994 1817 ὃ

715 1862 945 1925 gloriam
981 1861 1191 1915 Domini
1223 1863 1277 1915 in
1304 1880 1418 1916 eam
1454 1867 1762 1932 apparuisse
1783 1866 2072 1936 adjiceret,
2101 1882 2296 1921 novam
2336 1848 2377 1907 Β

2336 1848 2377 1907 Β
2406 1864 2580 1933 δηλῶν
2608 1881 2770 1932 φησιν
2797 1880 2809 1893 ·
2856 1862 3011 1915 Ἰδοὺ
3029 1863 3249 1926 σκότος
3287 1862 3541 1928 καλύψει
3577 1860 3689 1924 τὴν
3713 1859 3851 1926 γῆν,
3887 1858 3990 1910 καὶ

722 1953 815 2006 Dei
850 1953 1146 2014 civitatem,
1187 1969 1308 2023 quae
1347 1955 1461 2008 sola
1493 1970 1589 2025 per
1624 1955 1901 2010 Christum
1937 1957 2298 2021 illuminatur,

723 2042 1049 2108 intelligens.
1077 2041 1263 2110 impiis
1289 2043 1433 2098 enim
1472 2044 1842 2099 reconduntur
1865 2047 2090 2100 tenebrat
2111 2062 2129 2100 :
2154 2047 2298 2116 quod

721 2140 780 2183 nt
820 2132 1171 2200 signiﬁcaret,
1215 2132 1282 2187 iis
1317 2133 1448 2201 ipsis
1480 2144 1674 2186 terram
1706 2136 1922 2205 quidem
1957 2147 2190 2202 opertam
2217 2141 2300 2206 [o-

719 2238 795 2283 re,
827 2231 875 2273 et
908 2230 1081 2289 gentes
1143 2222 1370 2290 caligine
1409 2223 1545 2276 dixit
1578 2241 1591 2278 :
1633 2225 1726 2279 sed
1775 2226 1829 2278 in
1857 2221 2180 2293 Jerusalem,
2214 2244 2300 2283 se-

718 2313 956 2366 cundum
1007 2314 1162 2376 alios,
1223 2317 1553 2367 exoriturum
1612 2332 1724 2369 esse
1780 2318 2080 2375 Dominum.
2139 2322 2301 2376 Decet

709 2403 862 2455 enim
895 2402 1108 2456 luminis
1142 2413 1263 2458 ortu
1302 2421 1395 2458 eos
1426 2407 1662 2473 primum
1698 2407 1980 2473 illustrari,
2014 2411 2105 2479 qui
2165 2410 2300 2464 Uni-

717 2491 959 2559 genitum
995 2491 1082 2545 Dei
1114 2492 1291 2548 Patris
1352 2495 1580 2564 gloriam
1613 2507 2014 2565 nuncupatum,
2051 2508 2299 2554 eontem-

718 2583 915 2649 platuri
941 2583 1104 2653 633
1134 2594 1301 2639 sunt:
1329 2599 1451 2638 cum
1504 2587 1557 2639 in
1593 2587 1732 2655 ipso,
1765 2599 1818 2641 et
1852 2605 1946 2656 per
1981 2591 2180 2658 ipsum,
2248 2600 2302 2646 ct

715 2688 844 2727 eum
882 2675 1000 2743 ipso
1043 2677 1397 2746 glorilicetur.
1437 2679 1572 2732 Cum
1606 2681 1749 2733 enim
1785 2679 1979 2734 Filium
2029 2681 2300 2745 videmus,

2407 1955 2630 2025 γνόφος
2673 1955 2764 2006 ἐπ’
2808 1955 2974 2021 ἔθνη.
3037 1953 3164 2007 Ἐπὶ
3199 1952 3266 2004 δὲ
3295 1953 3370 2005 σὲ
3417 1951 3698 2005 ιὶνατελεῖ
3750 1953 3994 2015 Κύριος,

2407 2048 2547 2099 κατά
2574 2047 2698 2107 τοὺς
2723 2044 2960 2106 λοιπούς.
2993 2046 3084 2096 Δεῖ
3118 2045 3228 2112 γὰρ
3257 2043 3470 2112 πρῶτον
3497 2043 3686 2110 φωτὸς
3718 2040 3994 2108 ἀνατολῆς

2407 2140 2518 2198 τοῖς
2550 2138 2803 2206 μέλλουσι
2839 2137 3065 2205 θεωροῖς
3090 2136 3342 2201 γενέσθαι
3374 2134 3472 2201 τῆς
3522 2132 3613 2184 τοῦ
3646 2131 3993 2196 Μονογενοῦς

2406 2231 2500 2282 τοῦ
2531 2229 2662 2281 Θεοῦ
2697 2227 2902 2294 δόξης,
2942 2227 2999 2292 ὃς
3032 2227 3157 2290 δόξα
3207 2225 3423 2291 λέγεται
3453 2225 3544 2276 τοῦ
3592 2225 3853 2290 Πατέφς.
3901 2223 3993 2274 Ἐν

2405 2319 2552 2389 αύτῴ
2591 2321 2721 2388 γὰρ,
2771 2319 2865 2370 καὶ
2893 2319 2959 2370 δι’
2990 2318 3176 2378 αὐτοῦ,
3228 2317 3320 2369 καὶ
3353 2319 3446 2368 σὺν
3497 2315 3647 2385 αὐτῴ
3678 2314 3991 2377 δοξάζεται.

2418 2411 2682 2480 “PG-“73;
2733 2412 2838 2481 γᾶρ
2873 2411 2963 2464 τδν
3003 2412 3152 2475 Τὶδν.
3185 2409 3400 2479 ὁρῶμεν
3431 2409 3527 2472 τὴν
3563 2407 3990 2476 μεγαλειότητα,

2405 2506 2502 2558 καὶ
2534 2503 2723 2566 δόξαν
2761 2503 2854 2555 τοῦ
2905 2503 3165 2571 Πατέρος,
3219 2504 3275 2563 ὃς
3308 2502 3372 2566 γέ
3412 2517 3578 2568 φησι·
3621 2520 3638 2551 ι
3668 2503 3871 2569 Πάτερ,
3906 2499 3996 2548 66-

2408 2593 2569 2656 ξασόν
2619 2611 2711 2646 σου
2759 2596 2846 2646 τὸν
2887 2595 3032 2656 Υἱδν,
3073 2595 3162 2645 ἶνα
3218 2596 3311 2646 καὶ
3357 2596 3384 2645 ὁ
3437 2592 3560 2654 Υἱός
3620 2608 3713 2642 σου
3777 2590 3984 2659 δοξάσῃ

2409 2702 2484 2736 σε.
2511 2704 2528 2735 ι

717 2764 896 2822 Patris
927 2768 1264 2836 majestatem
1295 2779 1343 2822 et
1379 2769 1602 2839 gloriam
1642 2771 1941 2838 intuemur,
1991 2775 2083 2842 qui
2125 2773 2292 2826 dixit:
2343 2793 2360 2824 ι
2406 2773 2582 2839 Pater,
2618 2777 2858 2845 gloriﬁca
2906 2777 3098 2829 Filtillll
3128 2786 3304 2838 tuum,
3336 2786 3392 2828 ut
3423 2787 3475 2828 et
3510 2773 3679 2828 Filius
3720 2780 3847 2825 tuus
3870 2772 3995 2842 glo-

718 2863 892 2917 rilicet
927 2874 976 2918 te
1007 2865 1068 2917 ¹⁶.
1111 2884 1130 2917 ι

793 2957 992 3012 Verum
1016 2959 1157 3026 quod
1194 2960 1356 3014 habet
1394 2959 1605 3016 Isaias:
1645 2960 1776 3014 Ecce
1804 2963 2031 3018 tenebrat
2058 2965 2290 3033 operient

717 3062 936 3116 terram,
962 3061 1010 3104 et
1042 3052 1212 3121 caligo
1251 3069 1405 3118 super
1447 3065 1642 3123 gentes,
1696 3064 1742 3107 et
1788 3055 1963 3123 gloria
2001 3055 2212 3108 Domini
2243 3057 2295 3110 in

2471 2963 2546 3015 “re
2573 2961 2650 3014 δέ’
2699 2961 2855 3015 Ἰδοὺ
2889 2964 3109 3026 σκότος
3132 2963 3226 3015 καὶ
3266 2963 3484 3030 γνόφος
3522 2964 3777 3029 καλύψει
3814 2961 3936 3029 γῆν
3975 2974 3995 3000 ⁸

2401 3051 2493 3104 ἐπ’
2521 3053 2666 3116 ἔθνη
2689 3068 2699 3080 ·
2730 3051 2828 3102 ἐπὶ
2867 3051 2934 3102 δὲ
2981 3053 3056 3103 σὲ
3089 3051 3424 3118 φανήσεται
3463 3054 3672 3116 Κύριος
3699 3069 3712 3080 ο
3756 3052 3849 3101 ἐπὶ
3889 3052 4003 3116 τῆς

717 3155 766 3196 te
829 3143 1137 3208 videbitur;
1204 3143 1271 3196 ad
1331 3146 1570 3212 primum
1632 3145 1929 3198 adventum
1997 3150 2367 3233 referentosc

2326 3177 2367 3233 ε
2405 3143 2626 3212 πρώτης
2658 3143 2982 3202 ἐκλαϐόντες
3017 3145 3320 3212 παρουσίας
3345 3142 3504 3204 τινὲς,
3534 3145 3631 3210 οὐχ
3658 3143 3732 3203 ώς
3764 3143 3999 3210 μελλόν-

716 3235 992 3296 nonnulli,
1023 3249 1130 3286 non
1166 3243 1424 3303 tanquam
1459 3235 1680 3288 Christo
1713 3237 1874 3290 terris
1903 3237 2181 3296 illucente,
2225 3247 2295 3289 te-

716 3325 892 3377 nebraz
915 3334 1094 3393 gentes
1121 3335 1386 3392 opertum:
1427 3327 1558 3389 sint,
1603 3342 1741 3395 quas
1785 3342 1909 3381 esse
1960 3327 2296 3381 illuminatas

714 3423 959 3475 constat.
1003 3415 1110 3469 dici
1163 3417 1552 3472 arbitrantur:
1591 3418 1686 3471 sed
1733 3420 1879 3487 quod
1919 3420 2005 3472 hic
2049 3419 2297 3474 futurum

714 3509 935 3570 dicitur,
959 3524 1082 3563 esse
1125 3509 1236 3575 jam
1269 3508 1606 3578 signiﬁcari;
1643 3509 1696 3563 id
1745 3522 1850 3571 est,
1904 3513 2124 3577 operire.
2179 3510 2299 3577 Quo

712 3597 861 3649 enim
900 3606 1144 3666 tempore
1209 3598 1482 3652 israelilis
1518 3601 1750 3668 primum
1799 3603 1980 3654 illuxit
2024 3601 2295 3668 Christus,

717 3687 942 3740 tenebris
975 3688 1153 3741 adhuc
1180 3699 1356 3757 gentes
1384 3689 1848 3756 oilundebantnr;
1883 3708 2007 3745 cum
2052 3694 2297 3747 nondum

714 3779 782 3832 ad
808 3794 903 3834 eos
929 3781 1102 3848 gratia
1127 3780 1486 3849 pervenisset,
1513 3781 1606 3836 sed
1633 3798 1786 3836 suam
1814 3785 1925 3852 ipse
1951 3782 2155 3840 ludatis
2179 3787 2296 3856 glo-

715 3874 854 3922 riam
880 3872 1168 3939 patrandis
1197 3874 1485 3927 miraculis
1519 3874 1952 3930 demonstraret.
1993 3876 2132 3930 Sunt
2160 3893 2299 3946 prmo

716 3973 866 4016 terea
899 3964 1174 4024 nonnulli,
1235 3964 1327 4032 qui
1377 3965 1518 4034 quod
1576 3963 1642 4017 Et
1687 3967 1858 4035 caligo
1917 3984 2073 4035 super
2122 3980 2296 4038 gentes

716 4055 886 4110 Isaias
911 4056 1070 4119 dixit,
1110 4056 1174 4109 ad
1211 4066 1452 4126 tempora
1485 4057 1747 4123 referant,
1776 4059 1977 4127 quibus
2005 4061 2156 4128 justa
2184 4063 2296 4130 pati

719 4149 906 4202 hostes
935 4149 1184 4216 contigit.
1223 4149 1582 4202 Ambulabunt
1634 4166 1761 4204 vero
1794 4168 1960 4222 reges,
1994 4155 2092 4218 ait,
2130 4154 2182 4207 in
2214 4155 2298 4206 lu-

715 4240 854 4291 mine
885 4248 993 4303 tuo,
1042 4251 1088 4292 et
1123 4252 1296 4310 gentes
1322 4243 1377 4294 in
1413 4242 1688 4310 splendore
1752 4253 1838 4296 tuo
1885 4260 1902 4297 :
1968 4256 2026 4299 ut
2066 4249 2297 4315 gentium

717 4332 1063 4386 vocationem
1096 4349 1124 4385 a
1157 4330 1473 4387 Iudaeorum
1505 4335 1889 4391 incredulitate
1913 4345 1966 4390 et
1994 4338 2295 4407 pertinacia

712 4423 1016 4492 proiectam
1043 4439 1166 4479 esse
1186 4425 1523 4479 ostenderet.
1550 4425 1966 4496 Intelligendum
2000 4439 2084 4484 est
2110 4442 2290 4483 autem

2400 3255 2508 3288 των
2541 3236 2676 3305 φασὶ⁸
2718 3235 2837 3287 τῶν
2876 3235 3066 3288 ἐθνῶν
3114 3235 3653 3298 σκοτισθήσεσθαι,
3686 3235 3761 3302 τῷ
3795 3235 4007 3302 κόσμῳ

2401 3327 2709 3396 λάμψαντος
2763 3327 2857 3378 τοῦ
2911 3327 3168 3394 Χριστοῦ.
3217 3326 3583 3394 Πεςεώτιστιιι
3615 3327 3742 3394 γάρ.
3787 3325 3930 3376 Ἀλλ’
3967 3327 3998 3376 6

2405 3421 2612 3489 μέλλων
2652 3419 2884 3472 ἐνταῦθα
2933 3420 3123 3487 χρόνος
3169 3419 3258 3470 τὸν
3287 3418 3592 3470 ἐνεστῶτα
3629 3417 3798 3487 δηλοῖ,
3840 3418 4000 3470 τοῦτ’

2402 3512 2516 3563 ἔστι
2550 3511 2833 3564 καλύπτει.
2869 3510 3103 3580 Χριστοῦ
3136 3511 3246 3580 γὰρ
3273 3509 3509 3579 πρώτοις
3540 3511 3649 3585 τοῖς
3677 3510 3735 3572 ἐξ
3767 3510 3996 3577 Ἰσραὴλ

2402 3600 2830 3669 ἐπιλάμψαντος,
2863 3600 2944 3652 ἔτι
2977 3599 3047 3652 τὰ
3078 3600 3223 3665 ἔθνη
3259 3599 3458 3664 σκότῳ
3487 3600 3816 3667 κεκρατητο,
3851 3600 3995 3664 πρὶν

2401 3691 2487 3744 ἐπ’
2518 3692 2655 3743 αὑτά
2698 3691 3028 3760 μεταστῆναι
3055 3692 3152 3758 τὴν
3180 3691 3358 3760 χάριν.
3395 3691 3526 3741 Τότε
3558 3691 3664 3756 γὰρ
3707 3689 3994 3751 Ἰουδαίοις

2399 3784 2499 3854 τὴν
2529 3785 2736 3836 οἰκείαν
2764 3783 3199 3853 θαυματουργῶν
3222 3782 3567 3835 ἐπεδείκνυτο
3589 3782 3797 3844 δόξαν.
3826 3781 3996 3844 Τινὲς

2399 3878 2457 3930 δὲ
2493 3878 2574 3937 τὸ,
2613 3881 2838 3947 γνόφος
2886 3878 2977 3929 ἐπ’
3014 3878 3180 3942 ἔθνη,
3234 3879 3402 3943 φασιν
3454 3878 3540 3928 ὅτε
3585 3877 3887 3942 πάσχουσιν
3944 3878 3996 3926 οἱ

2401 3970 2586 4040 ἐχθροὶ
2613 3970 2679 4021 τὰ
2705 3969 2907 4022 δίκαια.
2957 3971 3364 4035 Πορεύσονται
3395 3968 3470 4029 δὲ,
3506 3966 3660 4036 φησι,
3696 3966 3997 4029 ,ϐασιλεῖς

2401 4061 2479 4125 τῷ
2502 4063 2649 4130 φωτί
2677 4079 2818 4125 σου,
2858 4061 2956 4114 καὶ
2994 4060 3138 4125 ἔθνη
3170 4059 3244 4126 τῇ
3293 4061 3671 4125 λαμπρότητι
3712 4075 3849 4120 σου,
3892 4058 3996 4126 τὴν

2401 4151 2595 4221 κλῆσιν
2625 4151 2798 4221 δηλῶν
2833 4149 2952 4201 τῶν
2990 4148 3182 4202 ἐθνῶν
3204 4151 3267 4200 ἐκ
3301 4152 3397 4216 τῆς
3431 4149 3656 4199 ἐκείνων
3699 4148 3995 4210 ἀπειθείας

2400 4245 2794 4313 γεγενημένην.
2818 4241 2923 4296 Δύο
2949 4243 3004 4293 δὲ
3031 4245 3299 4310 νοήσομεν
3325 4241 3582 4309 τάγματα
3616 4239 3953 4308 σωζομένων
3978 4258 3991 4269 ·

2401 4335 2508 4388 τῶν
2537 4352 2596 4387 τε
2655 4335 2784 4402 παρ’
2828 4334 3127 4397 Ἰουδαίοις,
3154 4331 3455 4400 θεοφιλῶν,
3501 4331 3550 4383 οἶ
3608 4331 3696 4382 διὰ
3748 4331 3997 4393 πίστεως

2399 4425 2778 4485 τελειωθέντες
2816 4424 2918 4476 οὐκ
2965 4423 3296 4490 ἐκομίσαντο
3343 4421 3439 4483 τὰς
3496 4420 3856 4488 ἐπαγγελίας,
3891 4421 3995 4472 τοῦ

714 4516 826 4566 duo
856 4529 1070 4578 eorum,
1106 4516 1197 4583 qui
1241 4517 1551 4579 salvantur,
1597 4533 1796 4586 genera
1848 4520 2095 4585 reperiri.
2139 4523 2290 4575 Alte-
2328 4515 2369 4566 Ι)

2328 4515 2369 4566 Ι)
2401 4518 2535 4571 Θεοῦ
2565 4518 2810 4588 κρεῖττόν
2841 4535 2888 4568 τι
2919 4517 3044 4583 περὶ
3080 4515 3235 4584 ἡμῶν
3281 4513 3751 4582 προϐλεψαμένου,
3793 4515 3877 4565 ἶνα
3917 4515 4000 4583 μὴ

718 4623 837 4660 rum
869 4605 1087 4676 quidem
1125 4606 1338 4676 piorum
1386 4609 1527 4677 apud
1583 4607 1801 4664 Iudaeos
1859 4610 2065 4681 Deique
2100 4629 2294 4668 aman-

712 4697 891 4761 tium;
953 4695 1048 4765 qui
1115 4695 1220 4750 lide
1295 4695 1547 4765 perfecti,
1604 4701 2008 4768 promissiones
2073 4704 2296 4761 minimc

715 4786 896 4855 adepti
917 4795 1046 4841 sunt
1071 4805 1085 4852 ;
1108 4804 1231 4843 cum
1260 4787 1405 4844 Deus
1428 4791 1786 4858 prmstantius
1809 4793 2012 4862 aliquid
2040 4795 2107 4849 de
2129 4797 2288 4852 nobis

717 4877 1061 4949 praevideret,
1096 4889 1155 4933 ut
1176 4880 1295 4936 sine
1317 4882 1476 4936 nobis
1499 4883 1722 4937 minime
1745 4899 2287 4943 consummarentur.

713 4969 819 5032 Qui
854 4972 980 5024 item
1007 4971 1060 5024 in
1092 4971 1285 5027 mortis
1315 4974 1628 5043 regionibus
1680 4977 2034 5034 immorantes
2095 4978 2298 5035 Christi

718 5065 1012 5117 adventum
1071 5075 1483 5135 exspectarunt.
1557 5068 1810 5137 Ideoque,
1860 5086 1984 5124 cum
2041 5073 2105 5126 ad
2172 5088 2294 5126 eum

717 5155 956 5211 misisset
987 5156 1230 5214 Joannes
1256 5162 1528 5225 quaasivit,
1567 5163 1729 5218 illene
1760 5173 1924 5226 esset,
1997 5168 2088 5234 qui
2145 5169 2295 5220 veni-

715 5257 824 5314 ret,
853 5263 923 5302 an
970 5251 1136 5304 alium
1169 5251 1392 5307 decoret
1432 5266 1755 5324 exspectare
1788 5258 1850 5309 ¹⁷.
1900 5258 2001 5323 Qui
2055 5259 2293 5328 denique

713 5341 784 5392 de
821 5339 1027 5395 Christi
1058 5342 1122 5395 :id
1159 5358 1216 5396 se
1248 5345 1484 5398 adventu
1518 5351 1776 5402 commoti
1815 5368 1826 5401 :
1873 5349 2108 5419 Exsurge
2143 5351 2288 5404 istud

714 5440 771 5486 et.
800 5432 1124 5497 illuminare,
1156 5438 1276 5503 quia
1320 5439 1453 5490 venit
1490 5439 1663 5493 lumen
1700 5450 1869 5506 tuum,
1905 5443 1954 5495 id
1985 5455 2090 5508 est,
2136 5444 2281 5512 qltod

791 5554 835 5583 “
875 5551 1104 5606 Malnch.
1134 5570 1210 5609 tv.
1245 5554 1911 5625 2."|Tltess.|v,15,16."
1937 5560 2094 5615 Joan.
2141 5578 2276 5624 χιιι,
2316 5563 2359 5614 Ι.

2396 4610 2569 4678 χωρίς
2605 4607 2760 4677 ἡμῶν
2793 4607 3151 4658 τελειωθῶσιν
3176 4621 3189 4634 °
3225 4605 3273 4656 οἳ
3314 4605 3406 4655 καὶ
3457 4606 3569 4665 τοῖς
3604 4603 3696 4654 τοῦ
3747 4602 3998 4656 Θανάτου

2395 4703 2615 4772 χωρίοις
2661 4698 2989 4769 ἐνδιέτριδον
3041 4699 3139 4768 τὴν
3178 4697 3483 4768 παρουσίαν
3527 4696 3763 4766 Χριστοῦ
3819 4713 3992 4765 περι-

2396 4795 2668 4864 μένοντες.
2715 4793 2805 4846 Διδ
2861 4793 3084 4863 πέμψας
3131 4793 3384 4860 Ἰωάννης
3435 4790 3660 4859 ἠρώτα·
3722 4807 3737 4838 ι
3773 4790 3844 4842 Σὺ
3874 4787 3930 4841 εἷ
3965 4792 3995 4841 ὁ

2391 4886 2707 4957 ἐρχόμενος,
2735 4886 2765 4957 ἢ
2794 4886 2979 4957 ἕτερον
2998 4885 3384 4956 προσδοκῶμεν
3407 4901 3421 4948 ;
3448 4903 3466 4934 ι
3505 4882 3596 4945 οὓς
3628 4882 3996 4948 εἷαγγελιζόο

2400 4998 2558 5048 μενος
2598 4979 2696 5050 τὴν
2747 4981 2824 5042 εἰς
2855 4979 3051 5041 αὐτοὺς
3081 4976 3173 5031 τοῦ
3221 4977 3458 5048 Χριστοῦ
3490 4975 3736 5039 κάθοδον,
3777 4978 3956 5044 φησίν
3979 4996 3994 5009 υ

2408 5072 2754 5137 Ἀνάστηθι,
2791 5071 3138 5138 φωτίσθητι.
3171 5065 3400 5123 Ἦλθεν
3440 5069 3548 5138 γὰρ
3579 5069 3644 5121 τὸ
3676 5066 3803 5137 φῶς
3840 5086 3993 5133 σου,

2393 5161 2536 5214 τοῦτ’
2587 5161 2753 5223 ἔστιν,
2804 5159 2832 5210 ὃ
2869 5159 3224 5229 προσεδόκας.
3265 5157 3485 5211 Τούτων
3530 5153 3622 5210 οὖν
3655 5158 3714 5208 ea
3767 5157 3996 5226 πρῶτον

2389 5255 2598 5323 τάγμα.
2632 5255 2894 5324 Δεύτερον
2925 5253 3001 5316 δὲ,
3034 5254 3095 5304 τὸ
3146 5253 3244 5320 τῆς
3274 5252 3341 5315 ἐξ
3379 5249 3574 5303 ἐθνῶν
3623 5249 3992 5312 Ἐκκληπῖαςς

2389 5349 2416 5400 ὃ
2450 5348 2511 5417 δὴ
2549 5346 2782 5414 συνῆψεν
2813 5349 2840 5398 ὁ
2865 5345 3074 5407 Παῦλος
3107 5344 3181 5414 τῷ
3211 5343 3409 5415 πρώτῳ
3440 5344 3613 5410 λέγων
3635 5359 3648 5371 ο
3686 5361 3702 5392 ι
3735 5345 3799 5393 Ἀ
3814 5344 3857 5411 ρ’
3895 5339 3995 5394 οἶν

2389 5443 2487 5495 οὐκ
2527 5442 2604 5494 ἔτι
2661 5442 2782 5494 ἔστε
2823 5441 2961 5505 ξένοι
3009 5441 3102 5492 καὶ
3134 5440 3407 5510 πάροικοι,
3454 5437 3588 5490 ἀλλά
3636 5439 3982 5506 συμπολῖται

2437 5563 2475 5592 ι’
2515 5560 2706 5615 Matth.
2747 5578 2818 5626 ιι,
2845 5562 2894 5615 5.

2014 5675 2241 5728 \.-\lil.£
2279 5673 2675 5728 LECTIOM-LS.

795 5737 817 5764 ⁸
851 5753 914 5802 γρ
969 5735 1194 5802 καλύνξει
1220 5737 1338 5804 γῆν,
1379 5739 1467 5790 καὶ

1502 5739 1628 5807 γνὸφ
1639 5757 1712 5802 ος.
