4248 6428
272 343 415 406 2645

1394 354 1923 419 COMMENTARII
1970 360 2045 419 [Ν
2091 361 2373 423 ΙΞΑΙΑΜ.

3384 355 3520 421 2646

273 454 530 521 θούντας
595 458 690 521 τὰς
736 457 1007 528 ἁμαρτίας
1069 458 1252 527 φασιν,
1304 461 1351 513 οἳ
1385 464 1479 513 καὶ
1508 464 1851 532 προσεδόκων
1878 470 1924 529 Α

1843 482 1851 514 ν
1878 470 1924 529 Α
1955 476 2094 532 tum,
2125 470 2305 538 populi
2332 476 2551 537 peccata
2589 467 2855 539 lugebant,
2884 466 3160 534 referant;
3214 468 3307 537 qui
3358 470 3520 522 etiam

270 546 363 597 τὸν
392 545 703 600 δικαιοῦντα
731 553 793 619 τῇ
828 549 1007 602 πίστει
1039 550 1125 602 τὸν
1155 550 1351 619 ἀσεϐῆ,
1402 551 1545 619 ἆγιοί
1577 570 1634 604 τε
1678 553 1851 617 ὄντες,

277 634 369 685 καὶ
400 636 498 699 τὰς
512 641 847 709 προφητείας
877 642 1100 703 εἰδότες.
1136 641 1341 711 Βρέφος
1385 644 1436 711 γ’
1463 638 1555 697 οὖν
1585 644 1853 714 ὁΣυμεὼν

274 724 298 773 ὲ
320 745 332 773 t
358 726 627 791 ἀγκάλαις
666 728 845 782 λαϐὼν
879 730 969 782 τὸν
1010 732 1275 797 Χριστὸν,
1310 732 1435 784 ἰδεῖν
1484 733 1855 801 ἐξομολογεῖτο

279 832 297 864 ι
349 816 462 881 φῶς
514 820 593 881 εἰς
648 821 985 891 ἀποκάλυψιν
1046 824 1250 888 ἐθνῶν,
1298 825 1390 876 καὶ
1420 823 1575 890 δόξαν
1602 824 1726 877 λαοῦ
1759 841 1851 878 σου

288 907 526 976 Ἰσραήλ.
565 927 581 959 ›
641 911 749 962 Καὶ
805 914 1076 981 Ζαχαρίας
1141 916 1169 966 ό
1213 917 1461 967 Ἰωάννου
1514 915 1715 985 πσιὴρ.
1771 916 1851 968 ὅτι

274 1000 637 1068 ἐπεσκέψατο,
667 1004 758 1053 καὶ
787 1005 1042 1074 ἐποίησεν
1079 1005 1345 1073 λύτρωσιν
1383 1005 1459 1075 τῷ
1510 1005 1622 1075 λαῷ
1657 1006 1846 1063 αὑτοῦ.

276 1092 386 1143 Καὶ
420 1092 734 1161 Ναθαναὴλ,
768 1096 863 1147 Ὃν
894 1096 1096 1166 ἔγραψε
1130 1100 1334 1164 Μωσῆς
1365 1100 1458 1150 καὶ
1482 1100 1528 1150 οἱ
1555 1100 1847 1168 προφῆται,

277 1184 471 1250 φησιν,
501 1187 817 1255 εὑρήκαμεν
870 1189 1130 1252 Ἰησοῦν.
1162 1190 1497 1243 Πενθοῦσιν
1549 1186 1641 1244 οὖν
1672 1192 1852 1254 αὐτοῖς

275 1277 309 1342 ὴ
342 1274 429 1327 διὰ
460 1277 697 1347 Χριστοῦ
755 1278 1135 1349 παράκλησις
1169 1281 1395 1335 δέδοται.
1424 1281 1495 1333 Τὸ
1521 1282 1575 1334 δὲ
1596 1282 1852 1352 ἄλειμμα

272 1371 333 1421 τὸ
363 1370 463 1439 τῆς
529 1374 915 1439 εὐφροσύνης
941 1374 1268 1443 παρίστησιν
1324 1375 1523 1444 ἱλαρόν.
1569 1376 1752 1447 Ἐδόῡη
1793 1377 1850 1428 δὲ

274 1463 463 1524 αὐτοῖς
499 1464 592 1515 καὶ
615 1463 765 1527 δόξα
795 1464 1027 1532 Χριστός
1061 1481 1074 1495 ·
1111 1465 1167 1535 ἢ.
1200 1466 1273 1528 ὥς
1308 1468 1438 1533 φασί
1466 1483 1631 1529 τινες,
1666 1468 1851 1536 ἐπειδὴ

273 1553 544 1607 τέθεινται
608 1557 775 1624 αὐτῆς
834 1558 1167 1626 καθηγηταί,
1222 1561 1313 1611 καὶ
1369 1559 1678 1613 διδάσκαλοι
1710 1577 1724 1591 ·
1758 1561 1852 1613 καὶ

270 1647 440 1698 τέκνα
476 1646 629 1708 ὄντες
664 1648 761 1714 τῆς
802 1649 1075 1701 Ἰουδαίων
1125 1650 1453 1718 Συναγωγῆς
1491 1654 1569 1714 εἰς
1610 1652 1865 1720 πατέρας

270 1737 540 1803 ἐγένοντο.
586 1740 727 1808 Πρὸς
764 1738 829 1808 ἦν
861 1756 1026 1809 φησιν
1058 1744 1085 1793 ὁ
1112 1740 1274 1793 Δαϐίδ
1306 1758 1317 1770 ·
1362 1743 1506 1794 Ἀντί
1542 1743 1652 1795 τῶν
1682 1744 1848 1795 πατέ-

1958 560 2269 615 sanctitatis
2323 569 2376 614 et
2424 560 2756 629 praphetica:
2809 560 3141 630 cognitionis
3172 559 3345 627 gloria
3399 557 3522 609 illu-

1959 661 2104 705 stres
2128 665 2278 713 eunt,
2311 666 2339 703 ιι
2360 666 2469 718 quo
2492 665 2585 719 per
2610 650 2767 705 Iidem
2787 649 3413 719 justiﬁcarcturimpius,
3430 664 3526 702 cx-

1956 741 2298 809 spectahant.
2361 741 2653 795 Pusiunem
2703 742 2903 810 quippe
2971 739 3192 793 Simeou
3254 742 3371 808 ipse
3401 753 3524 790 cum

1954 832 2237 887 Christum
2270 833 2322 885 in
2363 831 2586 885 brachia
2633 831 2932 900 accepisset
2981 848 2991 882 :
3062 847 3079 881 ι
3116 827 3326 884 Lumen
3361 844 3420 883 se
3457 826 3523 879 ad

1957 924 2348 978 revelationem
2379 923 2644 992 gentium,
2682 934 2735 976 et
2766 922 2998 992 gloriam
3033 921 3220 989 populi
3248 919 3413 974 Israel
3447 918 3526 971 in-

1956 1014 2093 1068 tueri
2148 1012 2427 1081 professus
2477 1021 2559 1067 est
2596 1013 2661 1066 “.
2708 1034 2725 1065 ι
2788 1012 3042 1068 Asseruit
3104 1020 3157 1066 et
3211 1010 3524 1068 Zacharias,

1952 1104 2184 1159 Joannis
2211 1117 2382 1172 pater,
2437 1104 2743 1171 inspexisse
2788 1103 3099 1182 Dominum,
3159 1104 3528 1174 populumque

1955 1212 2114 1250 suum
2151 1195 2445 1250 redemisse
2499 1196 2564 1248 ⁸⁷.
2627 1196 2768 1250 Dixit
2821 1197 3057 1267 denique
3114 1204 3168 1250 et
3203 1192 3525 1256 Nathanacl,

1955 1301 2114 1353 quem
2140 1285 2260 1339 suis
2284 1285 2507 1354 scriptis
2532 1284 2709 1340 Muses
2736 1287 2875 1355 ipse,
2896 1297 2950 1340 et
2972 1288 3252 1356 propheta:
3274 1284 3528 1352 designa-

1956 1388 2077 1430 rant
2109 1375 2292 1429 Jesum
2327 1391 2385 1429 se
2417 1377 2691 1432 invenisse
2725 1376 2790 1431 ⁸⁸.
2826 1376 2921 1431 Est
2970 1378 3133 1447 igitur
3182 1376 3317 1446 ipsis
3353 1375 3529 1441 lugen-

1955 1469 2091 1520 tibus
2111 1482 2205 1535 per
2223 1466 2503 1520 Christum
2521 1467 2680 1519 allata
2698 1468 3010 1521 consolatio.
3031 1468 3313 1537 Signilicat
3331 1467 3528 1520 deinde

1954 1558 2214 1610 unctionis
2232 1572 2451 1621 nomen,
2469 1558 2639 1625 ipsam
2665 1558 2867 1612 la'titite
2886 1560 3230 1613 hilaritatem.
3254 1557 3348 1612 Est
3365 1575 3527 1627 porro

1953 1657 2006 1702 et
2054 1648 2162 1702 illis
2204 1646 2399 1716 gloria,
2432 1647 2685 1702 Christus
2714 1647 2827 1717 ipse
2859 1649 3078 1703 tributa.
3112 1646 3209 1702 Vel
3240 1649 3316 1715 id,
3372 1648 3525 1717 juxta

1955 1736 2338 1790 nonnullorum
2354 1735 2771 1805 opiniuttetn,eo
2788 1739 2968 1793 retulit
2994 1755 3008 1803 ;
3036 1738 3180 1806 quod
3210 1737 3335 1807 ejus
3362 1739 3527 1791 duces

273 1845 384 1896 ρων
414 1846 505 1881 σου
561 1828 899 1899 ἐγενήθησαν
925 1832 974 1883 oi
1019 1831 1125 1884 υἱοί
1156 1849 1272 1886 σου.
1331 1834 1439 1886 Καὶ
1461 1833 1594 1901 γοῦν
1638 1835 1849 1896 Παῦλος
1884 1810 1923 1863 Β

1846 1851 1849 1861 ι
1884 1810 1923 1863 Β
1955 1835 2009 1880 et
2046 1828 2334 1895 magistros
2373 1828 2476 1881 sibi
2540 1828 2829 1897 praefectos
2867 1831 3113 1893 haberet,
3155 1832 3248 1900 qui
3308 1840 3365 1886 et
3420 1832 3523 1900 ipsi

269 1920 480 1987 ἔγραφε
515 1922 625 1981 τοῖς
650 1920 918 1989 μαθηταῖς
950 1937 967 1953 ·
1017 1923 1106 1975 Ἐν
1168 1925 1276 1993 γὰρ
1306 1924 1526 1995 Χριστῷ
1564 1925 1734 1994 Ἰησοῦ
1762 1926 1850 1980 διὰ

268 2009 364 2061 τοῦ
424 2010 752 2077 Εὔαγγελίου
818 2012 927 2077 ἐγὼ
957 2014 1095 2083 ὑμᾶς
1120 2016 1399 2085 ἐγέννησα.
1428 2019 1535 2069 Καὶ
1568 2018 1740 2080 ἄλλως
1793 2020 1851 2071 δὲ

268 2101 430 2164 δόξαν
460 2101 731 2166 ἐδέξαντο,
771 2105 899 2157 ποτέ
962 2106 1060 2173 μὲν
1085 2106 1373 2169 ἀκούοντες
1394 2123 1408 2137 ·
1461 2108 1849 2172 Ἀσθενοῦντας

276 2192 643 2258 θεραπεύετε,
677 2194 929 2263 δαιμόνια
963 2195 1254 2250 ἐκϐάλλετε
1281 2238 1295 2261 ,
1333 2199 1557 2267 νεκροὺς
1583 2200 1846 2269 ἐγείρετε,

270 2284 405 2335 ποτὲ
440 2285 519 2345 δὲ,
558 2284 746 2352 Ὑμεῖς
774 2287 897 2338 ἐστε
920 2286 981 2338 τὸ
1011 2288 1125 2355 φῶς
1163 2287 1256 2340 τοῦ
1282 2289 1506 2356 κόσμου.
1533 2286 1664 2343 Εἶτά
1689 2305 1852 2358 φησιν

270 2376 380 2426 Καὶ
429 2377 843 2441 κληθήσονται
894 2379 1090 2446 γενεαὶ
1146 2378 1539 2447 δικαιοσύνης
1582 2383 1854 2450 φύτευμα

268 2467 493 2531 Κυρίου
520 2469 607 2530 εἱς
635 2466 864 2531 δόξαν,
918 2469 1162 2538 δηλονότι
1218 2471 1268 2523 οἱ
1318 2472 1853 2543 καταξιωθησόμενοι

266 2557 376 2609 τοῦ
404 2556 618 2611 δεκτοῦ
647 2560 945 2613 ἐνιαυτοῦ.
975 2562 1267 2631 Σύμμαχος
1279 2565 1334 2617 δὲ
1357 2565 1477 2618 ἀντὶ
1511 2562 1604 2617 τοῦ
1632 2565 1849 2632 γενεαὶ,

272 2652 439 2716 φησιν
460 2652 720 2717 ἰσχυροί.
746 2652 1161 2721 Χρηματίζουσι
1213 2658 1320 2726 γὰρ
1353 2659 1400 2708 οἱ
1431 2657 1489 2721 ἐξ
1518 2656 1706 2721 ἐθνῶν,
1762 2658 1852 2724 γέ-

270 2758 361 2802 νος
413 2743 725 2805 ἐκλεκτὸν,
754 2744 902 2806 ἔθνος
927 2744 1104 2810 ἅγιον,
1149 2746 1274 2809 λαὸς
1302 2748 1382 2809 εἰς
1407 2747 1776 2816 περιποίησιν.

270 2835 539 2901 ρ.ἀιιιι;.ἑυ
565 2834 782 2888 Dommi
820 2856 870 2889 ιιι
905 2841 1131 2907 gloriam
1178 2858 1194 2893 .'

1958 1917 2196 1972 Judaicaa
2218 1916 2514 1988 Synagogae
2544 1918 2662 1983 filii,
2688 1919 2743 1973 in
2766 1930 2949 1989 patres
2983 1934 3305 1985 evaserant;
3329 1923 3398 1978 de
3419 1939 3527 1993 qua

1960 2010 2216 2065 Davitlem
2247 2025 2369 2064 esse
2403 2011 2641 2064 locututn
2675 2026 2782 2065 non
2834 2013 3186 2083 ambigimus,
3251 2031 3376 2070 cum
3429 2032 3529 2086 pro

1958 2104 2206 2171 patrihus
2234 2110 2392 2155 natos
2440 2116 2561 2156 esse
2593 2102 2733 2157 lilios
2768 2102 3054 2158 atﬁrmavit
3079 2104 3146 2159 ".
3186 2104 3251 2161 Et
3299 2105 3527 2161 Paulum

1958 2198 2149 2258 etiam,
2186 2208 2309 2246 cum
2342 2193 2647 2261 discipulos
2693 2210 2825 2250 suos
2876 2198 3184 2267 alloquens,
3234 2214 3329 2255 eos
3380 2215 3439 2255 se
3470 2199 3527 2254 in

1964 2284 2183 2340 Christo
2223 2284 2351 2340 Jesu
2388 2305 2484 2357 per
2509 2288 2861 2360 Evangelium
2917 2290 3174 2359 genuisse
3219 2290 3409 2346 scribit
3454 2292 3524 2344 ”.

1957 2377 2106 2430 Alias
2139 2392 2269 2432 vero
2293 2379 2539 2447 t-tgloria
2567 2378 2747 2433 atl'ecti
2795 2383 2961 2442 “sunt;
3012 2380 3103 2447 qui
3141 2380 3386 2434 inﬁrmos
3413 2380 3530 2450 qui-

1956 2470 2076 2523 dem
2107 2470 2361 2533 sanandi,
2389 2472 2480 2542 qui
2506 2471 2775 2526 daemonia
2807 2470 3087 2539 ejiciendi,
3135 2472 3229 2541 qui
3281 2482 3526 2529 mortuus

1953 2562 2115 2615 etiam
2150 2561 2450 2615 suscitandi
2479 2567 2801 2631 potestatem
2834 2573 3157 2631 acceperunt
3195 2564 3238 2595 ⁹¹
3272 2580 3285 2626 ;
3318 2566 3409 2631 qui
3431 2564 3527 2618 de-

1958 2656 2121 2723 nique
2149 2654 2327 2707 lumen
2361 2668 2420 2707 se
2452 2654 2694 2721 gentium
2749 2652 2865 2707 ﬁeri
2912 2653 3245 2707 audiverunt
3298 2654 3368 2707 ⁹¹.
3424 2654 3525 2709 Se-

1956 2746 2141 2813 quitur
2174 2744 2409 2798 deinde:
2445 2742 2507 2797 Et
2546 2744 2870 2798 vocabuntur
2914 2746 3275 2814 generationes
3297 2745 3527 2813 justitite

1262 2842 1295 2894 ii
1365 2843 1646 2907 nimirum,
1709 2842 1804 2908 qui
1864 2840 2175 2908 atcvptabit'i
2216 2857 2352 2892 anno
2419 2840 2614 2910 dignos
2658 2855 2718 2894 se
2749 2840 3102 2909 praebuerint.
3129 2840 3235 2899 Sed
3280 2856 3380 2912 pro
3417 2856 3526 2911 quo

270 2936 638 3001 generationes
664 2936 946 2990 habemus.
972 2935 1129 3001 fortes
1147 2934 1283 2989 dixit
1304 2934 1689 3006 Symmachus.
1754 2936 1891 2990 Sunt
1926 2940 2095 3000 enim,
2133 2936 2227 3005 qui
2274 2937 2340 2989 de
2395 2934 2652 3004 gentibus
2696 2934 2996 2999 exsistunt,
3046 2950 3218 3005 genus
3284 2938 3523 3003 electum,

271 3043 408 3097 gens
435 3039 646 3089 sancta,
673 3030 904 3108 populus
938 3030 1315 3099 acquisitionis
1335 3030 1400 3084 ’³.

343 3145 741 3209 Δικαιοσύνης
765 3145 823 3198 δὲ
841 3146 1041 3213 γενεαὶ
1068 3150 1164 3217 τῆς
1202 3150 1260 3201 ἐν
1312 3150 1528 3219 Χριστῷ
1552 3150 1644 3203 καὶ
1666 3151 1764 3221 τὴν
1788 3153 1846 3204 ἐν
1875 3160 1917 3213 c

1875 3160 1917 3213 ϐ
2020 3147 2179 3218 703
2237 3145 2474 3200 Justitite
2514 3160 2633 3199 vero
2675 3144 3056 3215 generationes,
3091 3144 3232 3213 ejus,
3296 3159 3418 3214 qua
3471 3144 3525 3198 in

270 3233 425 3301 νόμῳ
454 3232 708 3302 νικώσης.
749 3252 767 3283 ι
811 3234 936 3285 Ἐὰν
966 3238 1074 3306 γὰρ
1118 3235 1192 3306 μὴ
1249 3238 1609 3309 περισσεύσῃ,
1660 3242 1847 3308 φησὶν,

270 3326 306 3391 ὴ
341 3323 654 3393 δικαιοσύνη
732 3324 886 3393 ὑμῶν
916 3325 1097 3377 πλεῖον
1150 3327 1259 3378 τῶν
1317 3328 1695 3397 Γραμματέων
1755 3332 1850 3383 καί¹

270 3416 603 3487 Φαρισαίων,
634 3417 698 3469 οὐ
735 3415 808 3486 μὴ
851 3417 1129 3487 εἰσέλθητε
1183 3419 1263 3481 είς
1297 3420 1393 3489 τὴν
1423 3419 1702 3489 βασιλείαν
1743 3421 1850 3475 τῶν

269 3508 540 3574 οὐρανῶν,
580 3526 599 3559 ι
633 3508 700 3578 ἣν
725 3508 983 3577 διήνυσαν
1023 3510 1259 3577 ἰσχυροί
1298 3512 1603 3577 γεγονότες,
1648 3513 1726 3576 ὼς
1763 3511 1849 3578 ἐξ·

269 3597 441 3651 έδωκε
467 3599 784 3668 Σύμμαχος.
804 3600 1080 3667 Φύτευμα
1096 3600 1151 3653 δέ
1168 3602 1408 3668 Κυρίου,
1427 3603 1500 3665 ὡς
1520 3604 1655 3656 Θεοῦ
1675 3604 1854 3674 γεώρ-

270 3708 411 3757 γιον,
442 3692 569 3758 περὶ
594 3684 669 3743 ὧν
690 3691 919 3759 ἔψαλλεν
951 3693 979 3744 ό
1037 3691 1198 3745 Δαὸίδ
1225 3707 1241 3723 ο
1279 3711 1296 3743 ι
1334 3693 1736 3765 Πεφυτευμένοι
1793 3697 1850 3747 ἐν

269 3782 350 3851 τῷ
372 3783 505 3851 οἴκῳ
536 3783 766 3852 Κυρίου,
790 3784 849 3835 ἐν
868 3786 988 3845 ταῖς
1014 3784 1204 3845 αὐλαῖς
1231 3783 1324 3836 τοῦ
1351 3784 1488 3837 Θεοῦ
1511 3785 1849 3863 ήμῶν-ἐξαν-

270 3876 524 3943 θήσουσι.
566 3892 584 3925 ι
630 3875 739 3926 Καὶ
758 3874 969 3954 Ιξαῦλος
1021 3874 1079 3927 δέ
1112 3891 1278 3943 φησιν
1305 3892 1320 3907 ο
1356 3894 1375 3926 ι
1415 3874 1553 3943 Ἐγὼ
1577 3875 1850 3947 ἐφύτευσα

268 3968 441 4031 ὑμᾶς,
483 3966 756 4029 Ἀπολλὼς
787 3967 1057 4028 ἐπότισεν,
1081 3968 1109 4019 ὁ
1134 3967 1190 4020 δέ
1221 3966 1619 4035 Θεὸςηῦξανεν.
1656 3987 1675 4020 ι
1713 3970 1848 4023 Συν-

268 4059 387 4130 ᾁδει
440 4058 536 4111 καὶ
568 4058 649 4120 τὸ,
708 4076 726 4108 ι
764 4057 983 4119 Δίκαιος
1030 4056 1105 4120 ὠς
1134 4056 1307 4125 φοῖνιξ
1356 4058 1599 4129 ἀνθήσει.
1636 4079 1654 4111 ι
1738 4061 1850 4115 Καὶ

266 4149 788 4217 οίκοὸομήσουσιν
809 4147 1069 4217 ἐρήμους
1100 4150 1343 4215 αίωνίας
1372 4166 1388 4183 ο
1415 4150 1526 4203 τῶν
1559 4152 1690 4222 πρὶν
1716 4153 1851 4221 ἐρή-

259 4255 398 4307 μων
426 4238 596 4290 ἐθνῶν
624 4238 720 4300 τὰς
748 4238 946 4306 ψυχάς.
996 4238 1220 4305 Ἤγουν,
1270 4241 1402 4307 φασί
1425 4257 1590 4305 τινες,
1623 4241 1685 4294 τὸ
1709 4242 1845 4312 πλῆ-

266 4330 361 4389 θος
396 4329 652 4397 ἐμφαίνει
679 4328 786 4380 τῶν
809 4329 896 4381 διὰ
937 4328 1176 4390 πίστεως
1203 4329 1579 4401 κεκλημένων,
1636 4333 1712 4396 ὡς
1743 4332 1849 4386 δεῖ·

267 4421 395 4472 σθαι
450 4422 689 4472 πόλεων
738 4419 941 4489 ἐτέρων
996 4419 1066 4471 ἐν
1124 4419 1367 4488 ἐρήμοις
1416 4424 1798 4493 γενησομένων
1830 4441 1843 4454 ο

1957 3242 2177 3296 Christo
2203 3247 2308 3302 est,
2340 3245 2396 3291 et
2431 3235 2655 3305 legalem
2681 3243 2924 3305 superat:
2957 3234 3102 3289 «Nisi
3120 3235 3265 3290 enim
3291 3234 3529 3289 abunda-

1958 3333 2113 3392 verit,
2133 3331 2330 3397 inquit,
2354 3328 2568 3397 justitia
2590 3334 2789 3387 vestra,
2806 3326 3103 3396 plusquam
3122 3324 3440 3381 Scribarum
3474 3339 3531 3380 et

1958 3422 2353 3476 Pharisaeorum
2379 3458 2401 3484 ,
2451 3433 2560 3473 non
2589 3418 2839 3487 poteritis
2885 3417 2939 3470 in
2979 3430 3208 3487 regnum
3261 3418 3525 3471 emlorum

1959 3512 2167 3583 ingredi
2200 3511 2284 3575 ἐς
2328 3527 2347 3561 ι
2391 3522 2627 3578 eamque
2653 3507 2959 3563 absolutam
2995 3518 3047 3562 et
3078 3505 3373 3576 perfectam
3403 3508 3529 3561 red-

1957 3601 2236 3665 diderunt,
2268 3598 2360 3667 qui
2399 3598 2569 3665 fortes.
2614 3610 2698 3660 se,
2725 3604 2783 3649 ut
2816 3603 2902 3649 est
2957 3609 2985 3649 a
3028 3596 3359 3665 Symmacho
3406 3595 3530 3648 red-

1957 3692 2153 3751 ditum,
2218 3689 2612 3760 prastiterunt.
2648 3685 2742 3740 Est
2797 3701 2926 3742 vero
2970 3685 3233 3754 plantatt'o
3289 3684 3525 3750 Domini,

1958 3791 2217 3852 tanquam
2249 3779 2343 3834 Dei
2375 3779 2746 3850 agricultura:
2791 3776 2860 3833 de
2887 3778 3089 3847 quibus
3141 3785 3271 3831 sunt
3301 3778 3393 3831 illa
3424 3776 3528 3829 Da-

1957 3874 2137 3927 vidis:
2206 3892 2224 3923 ι
2266 3871 2500 3926 Plantati
2551 3870 2605 3924 in
2655 3869 2819 3924 domo
2879 3868 3115 3932 Domini,
3153 3869 3207 3923 in
3248 3868 3405 3923 atriis
3438 3867 3528 3922 Dei

1957 3964 2130 4019 nostri
2162 3962 2520 4017 ﬂorebunt".
2553 3981 2571 4015 ι
2638 3960 2700 4016 Et
2746 3962 3033 4032 Apostoli:
3100 3980 3118 4013 ι
3154 3959 3265 4032 Ego
3292 3962 3527 4031 plantavi

1956 4073 2091 4123 vos;
2126 4058 2323 4125 Apollo
2350 4056 2579 4126 rigavit;
2635 4056 2779 4111 Deus
2805 4064 2986 4111 autem
3017 4055 3414 4109 incrementum
3439 4057 3525 4109 tle-

1956 4153 2038 4207 dit
2070 4152 2137 4204 “.
2175 4169 2193 4202 ι
2262 4150 2475 4215 Quibus
2529 4148 2789 4203 convenit
2843 4155 2899 4201 et
2941 4147 3111 4201 illud:
3176 4144 3417 4201 tJustns
3474 4154 3527 4199 ut

1956 4244 2135 4310 palma
2192 4240 2491 4294 lierebit".
2527 4257 2545 4289 ι
2592 4236 2856 4308 Sequitur
2877 4238 3115 4293 deinde:
3176 4236 3243 4291 Et
3297 4238 3531 4305 aediﬁca-

1957 4333 2083 4386 bunt
2107 4332 2318 4386 deserta
2354 4331 2708 4397 sempiterna,
2744 4329 2948 4399 quibus
2975 4329 3309 4384 desertarum
3367 4340 3529 4383 antea

1956 4423 2201 4493 gentium
2238 4423 2451 4477 animas
2515 4420 2792 4494 intelligit.
2831 4419 2926 4477 Vel
2966 4430 3116 4477 certe
3175 4424 3346 4487 (aiunt
3392 4439 3531 4476 non-

261 4513 437 4579 ἤγουν
472 4511 569 4572 τὰς
597 4510 895 4579 ἐκκλησίας
922 4510 1021 4572 τὰς
1056 4510 1185 4579 πρὶν
1222 4513 1463 4582 ἐρήμους
1515 4512 1846 4579 θεοσεϐείας.
1880 4510 1924 4566 D

1880 4510 1924 4566 D
1957 4516 2115 4581 nulli)
2165 4529 2355 4569 eorum
2415 4512 2691 4582 ingentem
2756 4512 2893 4567 adeo
2927 4528 3237 4577 numerum,
3278 4514 3373 4583 qui
3434 4529 3527 4581 per

261 4602 376 4655 Καὶ
396 4600 656 4666 ἥξουσιν
676 4600 1044 4669 ἀλλογενεῒς,
1068 4602 1484 4669 ποιμαίνοντες
1500 4604 1570 4659 τὰ
1589 4606 1851 4673 πρόϐατά

258 4710 403 4746 σου.
442 4692 563 4745 Τῶν
592 4692 701 4762 γὰρ
730 4692 1011 4762 προτέρων
1062 4691 1481 4763 ἐκδεδλημένων
1537 4696 1699 4766 (πρὸς
1756 4697 1849 4762 οῦς

258 4801 347 4846 τις
388 4783 537 4851 λέγει
581 4785 869 4854 προφήτης
903 4799 916 4813 ⁸
959 4802 978 4835 ‹
1024 4778 1094 4835 Ὦ
1144 4784 1404 4854 ποιμένες
1445 4786 1662 4856 Ἰσραήλ
1692 4803 1707 4819 .
1771 4790 1846 4856 μὴ

257 4876 556 4945 βόσκουσιν
612 4877 662 4927 οἱ
734 4875 994 4945 ποιμένες
1040 4875 1308 4941 ἐαυτούςς
1341 4878 1465 4947 οὐχ).
1494 4878 1564 4932 τὰ
1595 4880 1844 4949 πρόϐατα

258 4971 556 5039 βόσκουσιν
593 4971 642 5022 oi
667 4970 959 5040 ποιμένες;
999 4987 1017 5021 ›
1054 4970 1191 5040 πρὸς
1225 4968 1318 5033 οὓς
1340 4969 1584 5038 ἐλεγενό
1605 4972 1798 5040 Σωτήρ
1825 4988 1839 5001 ⁶

260 5082 282 5113 ι
330 5062 663 5132 Ἀρθήσεται
705 5062 799 5129 ἀφ’
852 5060 1066 5130 ύμῶνή
1117 5060 1364 5131 βασιλεία
1391 5061 1487 5115 τοῦ
1532 5061 1690 5123 Θεοῦ,
1749 5062 1843 5115 καὶ

250 5152 545 5224 δοθήσεται
607 5153 751 5207 ἔθνει
802 5150 1041 5205 ποιοῦντι
1075 5152 1201 5216 τοὺς
1252 5154 1500 5223 καρποὺς
1552 5153 1725 5223 αὐτῆς
1760 5155 1841 5222 ι),

252 5244 381 5295 ἀντὶ
428 5243 637 5295 τούτων
709 5242 917 5295 ἐθνικοὶ
973 5242 1253 5312 ποιμένες
1307 5243 1670 5313 κατέστησαν.
1724 5244 1841 5297 Ἐν-

248 5336 434 5388 ταῦθα
457 5336 513 5388 δέ
554 5334 738 5401 σαφῶς
771 5334 866 5387 τοῦ
904 5335 1069 5403 νόμου
1131 5335 1441 5402 μετάθεσιν,
1473 5338 1565 5387 καὶ
1591 5337 1689 5406 τῆς
1717 5338 1841 5389 κατ’

245 5426 421 5480 αὐτὸν
465 5425 766 5496 ἱερωσύνης
815 5424 1134 5495 παρίστησι,
1172 5426 1369 5494 μηκέτι
1417 5425 1525 5478 τῶν
1582 5427 1646 5478 ἐκ
1702 5425 1836 5479 Λευῒ

323 5603 371 5635 ⁸⁸
406 5600 539 5655 Luc.
582 5618 642 5665 ιι,
679 5602 767 5655 52.
845 5602 887 5633 '"
927 5603 1059 5656 Luc.
1091 5619 1129 5665 ι,
1171 5604 1264 5659 68.
1342 5605 1385 5634 ⁸⁸
1419 5603 1575 5658 Joan.
1612 5622 1649 5668 t,
1688 5605 1780 5671 45,
1850 5608 1894 5639 ⁸⁹
1933 5607 2000 5660 Ps

326 5672 517 5725 Matth.
544 5689 594 5730 v.
635 5672 720 5723 H.
796 5672 880 5724 "l
924 5672 1071 5727 Pctr.
1146 5692 1202 5730 ιι.
1229 5674 1280 5728 9.
1389 5676 1434 5707 ³⁵
1473 5676 1637 5728 Matth
1718 5693 1767 5730 ν.
1810 5676 1899 5730 ‘20.

1342 5605 1385 5634 "’
1419 5603 1575 5658 Joan.
1612 5622 1649 5668 I,
1688 5605 1780 5671 45,
1850 5608 1894 5639 ⁸⁸
1933 5607 2074 5660 Psal.
2113 5623 2261 5667 Iuv.
2305 5607 2388 5660 l7.
2466 5606 2551 5658 ὀἰ
2581 5605 2707 5658 Cor.
2762 5621 2857 5687 ιν..
2886 5603 2967 5655 15.

1389 5676 1434 5707 ”
1473 5676 1637 5728 Matth
1718 5693 1767 5730 ν.
1810 5676 1899 5730 ‘20.
2013 5681 2054 5710 ’⁵
2128 5676 2268 5730 l’sttl.
2335 5691 2441 5730 XCI.
2511 5676 2589 5729 Η.
2667 5675 2712 5704 ⁹⁶
2764 5673 2779 5726 Ι
2823 5681 2926 5728 L0“

1390 5692 1434 5707 ν
1473 5692 1637 5728 mauu
1718 5693 1767 5739 ν,
1810 5692 1899 5730 zu.

1313 5746 1355 5777 θ’
1388 5744 1573 5798 Matth.
1626 5762 1737 5812 ut,
1786 5748 1871 5801 45.

244 5674 297 5704 ⁹⁹
326 5672 517 5725 Matth.
544 5689 594 5733 ν,
635 5672 720 5723 14.
796 5672 880 5724 ⁸⁵1
924 5672 1071 5727 Petr.
1146 5692 1202 5737 II,
1229 5674 1280 5728 9.

244 5760 365 5807 xci,
434 5742 514 5796 l5.
625 5741 1115 5808 "l‘lzccthxtv,
1183 5746 1235 5797 2.

1962 4607 2120 4659 Iidem
2147 4606 2323 4659 vocati
2351 4613 2503 4668 sunt,
2531 4604 2704 4660 fuisse
2736 4605 3108 4671 demonstrat;
3137 4614 3196 4659 ut
3227 4606 3528 4660 civitatibus

1958 4694 2105 4755 aliis.
2144 4709 2265 4763 quae
2302 4694 2354 4747 in
2383 4694 2760 4749 solitudinibus
2789 4704 3208 4760 construantur,
3247 4711 3383 4766 opus
3413 4698 3483 4751 sit
3510 4714 3523 4749 :

1956 4788 2040 4841 vel
2070 4787 2233 4842 etiam
2270 4785 2550 4843 Ecclesias
2580 4786 2731 4856 ipsas
2761 4787 2977 4852 innuit,
3008 4802 3129 4857 quae
3160 4790 3363 4857 pietate
3406 4789 3527 4843 Dei-

1954 4888 2064 4939 que
2096 4874 2249 4927 cultu
2291 4873 2508 4927 fuerant
2547 4882 2707 4927 antea
2759 4871 3055 4928 deatitutte.
3114 4874 3315 4944 Adjicit
3365 4891 3528 4955 porro

1955 4974 2197 5018 uenturos
2251 4980 2363 5017 esse
2413 4963 2762 5033 alienigenas,
2811 4965 2903 5034 qui
2961 4981 3077 5020 oves
3116 4966 3231 5035 ejus
3279 4978 3524 5036 pascant.

1950 5056 2238 5110 Prioribus
2270 5057 2416 5111 enim
2445 5056 2687 5125 expulsis
2714 5057 2949 5131 ad‘quos
2972 5066 3102 5111 sunt
3131 5059 3220 5112 illa
3249 5060 3527 5129 propheta:

1950 5148 2357 5217 cujusdamztO
2381 5158 2629 5220 pastores
2665 5147 2856 5214 Israel,
2902 5150 3149 5219 nunquid
3199 5161 3524 5219 semetipsos

1951 5251 2185 5311 pascunt
2214 5253 2464 5311 pastores
2484 5241 2721 5296 ‘lAnnon
2754 5256 2884 5307 oves
2913 5252 3399 5315 pascuntpastorcs
3418 5243 3517 5295 ’5?»

1953 5332 2015 5385 Et
2044 5333 2133 5385 illa
2176 5333 2516 5390 Salvatoris:
2560 5332 2885 5387 «Auferetur
2909 5350 2937 5385 a
2966 5335 3119 5389 vobis
3153 5349 3376 5403 regnum
3403 5332 3519 5396 Dei,

1943 5434 1997 5479 et
2032 5424 2252 5478 dabitur
2287 5426 2461 5495 genti,
2496 5441 2618 5496 qua:
2661 5424 2787 5479 edat
2845 5424 3059 5480 fructus
3123 5425 3240 5493 ejus
3265 5427 3331 5479 θ’.
3371 5444 3389 5477 ι
3462 5424 3521 5481 In

3046 5604 3087 5634 "
3138 5596 3323 5655 Mtt'tth.
3373 5618 3420 5659 κ.
3462 5605 3514 5657 8.

2013 5681 2054 5710 ’⁵
2128 5676 2268 5730 i’sttl.
2335 5691 2441 5738 XCI,
2511 5676 2589 5729 li.
2667 5675 2712 5704 ⁹⁶
2764 5673 2779 5726 Ι
2823 5676 2926 5728 Co"
3004 5690 3081 5736 ιιι,
3120 5678 3172 5726 li.
3284 5672 3326 5702 "’
3374 5674 3514 5729 l‘sai.
