4248 6428
637 376 773 442 9647

1933 386 2283 447 PROCOPH
2314 344 2555 448 eum

3750 390 3894 457 9648

635 508 825 545 ein-uni
860 492 1038 547 locum
1062 494 1154 564 qui
1194 495 1260 548 de
1315 496 1570 565 gentibus
1608 504 1910 561 exsistunt,
1969 510 2209 569 pastores
2238 507 2287 565 Λ

2238 507 2287 565 Λ
2313 502 2794 572 λειτουργούντων.
2822 499 2930 557 Ἦν
2957 504 3066 575 γὰρ
3088 504 3269 568 αὐτοῖς
3299 504 3560 574 ἀδόκιμον
3611 501 3673 556 τδ
3721 504 3896 575 ἀργύ-

631 583 871 639 instituti
906 593 1054 638 sunt.
1085 584 1181 639 llic
1217 586 1362 640 enim
1405 596 1593 656 aperte
1623 590 1754 659 legis
1801 598 1855 643 et
1904 592 2200 647 sacerdotii

632 675 752 742 ejus
783 676 1195 730 translationem
1232 675 1469 739 indit-at;
1511 678 1659 730 nullo
1688 680 1922 750 amplius
1946 681 2011 735 de
2042 682 2200 735 Levi-

633 770 810 814 tarum
871 776 1071 828 genere
1123 763 1451 831 superstite;
1498 779 1730 833 quorum
1776 778 1893 819 erat
1934 768 2191 836 improba-

632 866 765 919 tum,
801 857 944 911 etab
972 872 1074 912 usu
1109 867 1377 913 remotum
1426 870 1733 927 argentum.
1809 861 1931 928 Quo
1997 863 2180 917 l'actun

631 958 737 1014 est,
771 958 831 1001 ut
860 950 928 1004 de
957 952 1201 1019 gentium
1235 967 1466 1005 numero
1501 952 1555 1005 in
1590 953 1809 1008 illorum
1841 955 2016 1009 vicem
2072 956 2197 1009 sub-

634 1042 777 1093 irent
802 1052 1041 1095 aratores
1074 1052 1122 1096 et
1157 1044 1426 1097 vinitores.
1458 1043 1728 1109 Quoniam
1758 1046 1901 1100 enim
1959 1047 2052 1116 qui
2083 1062 2206 1101 cre-

632 1130 1039 1202 tlnnt,persa3pe
1065 1132 1120 1187 in
1150 1132 1434 1202 Scriptura
1464 1136 1590 1189 vitis
1612 1145 1666 1190 et
1711 1136 1903 1190 hortus
1930 1137 2208 1205 appellan-

632 1233 756 1276 tur:
795 1231 848 1277 et
880 1223 968 1277 hic
991 1225 1165 1279 etiam
1192 1240 1298 1277 non
1331 1226 1568 1281 absimili
1600 1220 1899 1282 intentione
1927 1240 2203 1281 aratorum

633 1324 680 1367 et
714 1314 999 1368 vinitorum
1030 1316 1249 1369 numina
1283 1318 1591 1386 usurpavit.
1625 1318 1743 1371 Non
1778 1319 1854 1372 illi
1924 1320 2091 1390 igitur
2144 1319 2198 1373 id

634 1403 854 1457 honoris
880 1402 983 1456 sibi
1006 1403 1286 1472 abripiunt
1314 1420 1328 1467 ;
1363 1405 1457 1458 sed
1494 1421 1521 1457 a
1558 1404 1666 1459 Deo
1696 1406 1871 1459 vocati
1906 1408 2085 1474 potius
2108 1420 2204 1471 ae,-

631 1480 852 1547 c."dunt.
910 1491 1081 1547 Fuere
1139 1502 1399 1561 praeterea
1440 1504 1676 1561 pastores
1707 1495 1760 1549 in
1796 1498 1911 1563 lege
1959 1495 2207 1549 viticola-

2315 607 2447 660 ptov.
2481 592 2546 644 Oi
2572 592 2754 646 τοίνυν
2794 593 2853 658 ἐξ
2894 594 3062 648 ἐθνῶν
3118 595 3214 648 καὶ
3263 593 3554 662 ἀροτῆρες
3611 593 3894 660 γεγόνασι,

2312 681 2409 734 καὶ
2432 681 2859 752 ἀμπελουρτοί.
2894 684 3046 738 Ἐπεὶ
3078 685 3185 755 γὰρ
3212 685 3445 754 ὲκλεκτὴ
3470 685 3539 755 γῆ
3596 684 3895 753 κέκληνται

2312 773 2641 844 πλεισταχοῦ
2666 775 2765 844 τῆς
2788 776 3019 846 Γραφῆς
3043 778 3091 828 oi
3138 777 3551 838 πιστεύσαντες,
3590 776 3685 829 καὶ
3712 777 3896 844 ἀμπε-

2311 863 2437 929 λὼν,
2493 865 2586 915 καὶ
2657 865 2831 935 κῆπος
2863 865 3187 933 ’ἀναλόγως
3248 864 3549 932 ἀροτῆράς
3584 882 3738 935 φησι,
3796 866 3897 913 καὶ

2308 951 2787 1019 ἀμπελουργούς.
2836 952 3051 1005 Οὐκοῦν
3078 954 3177 1005 οὐκ
3223 955 3407 1016 αὐτοῖς
3432 953 3740 1023 ἁρπάζουσι
3792 959 3897 1021 τὴν

2307 1041 2492 1111 τιμὴν,
2531 1042 2827 1113 κέκληνται
2854 1043 2912 1096 δὲ
2944 1043 3144 1114 μᾶλλον
3174 1046 3325 1114 παρὰ
3366 1045 3523 1099 Θεοῦ.
3558 1045 3669 1097 Καὶ
3684 1044 3896 1097 οἱκατὰ

2308 1129 2469 1199 νόμον
2494 1130 2550 1183 δὲ
2579 1119 2861 1199 ποιμένες
2914 1133 3240 1201 ἀμπελῶνος
3292 1132 3600 1203 ἐκλήθησαν
3625 1134 3891 1202 γεωργοὶ.

2309 1220 2437 1291 περὶ
2464 1214 2540 1273 ὧν
2566 1239 2732 1292 φησιν
2752 1225 2781 1275 ό
2809 1223 3001 1295 Σωτήρ
3030 1238 3046 1254 °
3101 1224 3166 1276 Τί
3202 1226 3421 1295 ποιήσει
3457 1228 3485 1277 ὁ
3540 1226 3741 1294 Κύριος
3791 1223 3893 1276 τοῦ

2307 1313 2628 1384 ἀμπελῶνος
2649 1318 2759 1379 τοῖς
2787 1319 2978 1379 κακοῖς
3002 1319 3273 1385 γεωργοῖς
3297 1336 3311 1383 ;
3346 1318 3472 1379 Τοῖς
3496 1314 3588 1370 οῦν
3610 1318 3732 1370 ἀντὶ
3766 1316 3865 1369 τοῦ
3880 1347 3893 1355 -

2293 1421 2417 1457 ,των
2456 1407 2483 1457 ὁ
2517 1407 2800 1476 προφήτης
2844 1407 3009 1475 φησίν
3043 1421 3057 1436 ⁶
3110 1408 3303 1477 Ὑμεῖς
3340 1408 3399 1461 δὲ
3439 1408 3612 1477 ἱερεῖς
3641 1410 3891 1477 Κυρίου,

2315 1494 2701 1561 κληθήσεσθε
2748 1496 3085 1573 λειτουργοί
3127 1498 3235 1551 τοῦ
3290 1498 3439 1552 Θεοῦ
3470 1498 3657 1568 ἡμῶν.
3880 1516 3895 1529 -·

634 1601 753 1639 rnm
792 1586 1009 1639 nomine
1044 1586 1360 1654 signiﬁcati;
1398 1588 1462 1641 ad
1496 1588 1640 1658 quod
1675 1588 1928 1643 Salvator
1960 1589 2077 1655 ipse
2110 1587 2436 1658 respiciens,
2467 1588 2596 1658 quid
2625 1591 2783 1646 malis
2836 1592 3008 1646 vineae
3074 1592 3382 1648 cultoribus
3449 1592 3721 1648 facturum
3780 1591 3893 1647 Do-

633 1682 837 1735 minum
868 1676 1031 1749 7(ιάΙ
1057 1680 1410 1748 arbitremur,
1443 1681 1743 1751 interrogat
1778 1684 1817 1735 ¹.
1849 1679 1975 1735 illos
2016 1681 2201 1750 igitur,
2242 1682 2334 1750 qui
2372 1681 2425 1735 in
2458 1683 2689 1737 istorum
2724 1682 2902 1739 locum
2938 1684 3249 1748 subierunt,
3320 1686 3581 1757 propheta
3651 1687 3894 1755 alloqui-

632 1789 760 1834 tur:
806 1780 936 1835 Cum
975 1779 1188 1831 Domini
1208 1784 1501 1831 sacerdotes
1530 1776 1628 1831 Dei
1661 1778 1830 1831 nostri
1884 1777 2152 1830 ministros
2210 1787 2455 1829 vocatum
2486 1777 2556 1830 iri
2580 1776 2789 1845 adjicit.

700 1872 931 1937 Quinam
965 1878 1144 1925 autem
1170 1868 1283 1935 alii,
1318 1884 1482 1939 quam
1515 1868 1769 1924 Ecclesia:
1792 1868 2061 1931 vinitores,
2105 1869 2217 1937 for-
2246 1870 2291 1927 B

2213 1898 2217 1906 -
2246 1870 2291 1927 B
2389 1868 2547 1931 Τίνες
2581 1870 2694 1921 ἀλλ’
2743 1871 2792 1922 οῖ
2814 1879 2839 1918 ε
2867 1871 2967 1938 τῆς
3000 1869 3326 1941 Ἐκκλησίας
3369 1872 3773 1942 ἀμπελοιιργοί
3796 1915 3809 1936 ,
3837 1873 3890 1927 οῖ

631 1963 907 2017 titudinem
940 1962 1169 2031 gentium
1200 1961 1282 2016 vel
1319 1960 1700 2014 abundantiam
1724 1959 1806 2031 (ut
1857 1960 2064 2031 Aquila:
2088 1961 2201 2028 pla-

628 2053 753 2123 cet)
784 2054 1088 2110 eomesturi
1118 2054 1288 2108 sunt?
1315 2051 1507 2108 Nullus
1551 2053 1695 2109 enim
1736 2054 1898 2109 cibus
1919 2069 2071 2122 aeque
2100 2070 2200 2123 pa-

627 2147 861 2203 storibus
884 2145 1143 2201 Ecclesiae.
1166 2145 1440 2216 congruit,
1469 2154 1634 2215 atque
1652 2147 1767 2214 ipsa
1790 2148 2052 2217 gentium,
2080 2164 2202 2217 qua

632 2254 728 2309 per
753 2239 887 2293 istos
922 2238 1155 2293 salutem
1208 2237 1415 2304 adepta:
1448 2245 1599 2299 sunt,
1646 2237 1926 2305 fortitudo.
1976 2236 2201 2293 Fuerint

628 2347 755 2385 vero
786 2331 898 2395 isti,
928 2330 1018 2400 qui
1043 2329 1409 2398 fortitudinem
1434 2344 1586 2385 suam
1612 2329 1836 2385 ferendo
1852 2338 1905 2385 et
1922 2330 2197 2399 patiendo,

626 2426 680 2478 in
711 2425 962 2479 veritatis
987 2423 1291 2477 assertione
1322 2428 1695 2477 ostentarunt.
1725 2423 1921 2491 Adjicit
1959 2437 2117 2488 porro
2145 2422 2196 2475 in

624 2515 827 2569 divitiis
843 2516 1002 2568 etiam
1033 2514 1145 2583 fore
1179 2513 1547 2567 admirabiles.
1578 2511 1683 2567 Sed
1719 2523 1805 2568 est
1832 2513 1898 2567 de
1954 2514 2195 2581 gentium

622 2606 823 2659 divitiis
855 2605 1304 2673 intelligendum;
1340 2604 1408 2659 de
1435 2604 1637 2674 quibus
1672 2605 1737 2658 ad
1772 2604 2090 2661 Corinthios
2124 2607 2194 2661 ita

625 2697 819 2750 scribit
877 2697 1203 2765 Apostolus:
1277 2714 1295 2746 ι
1334 2695 1553 2751 Gratias
1606 2712 1708 2765 ago
1758 2697 1867 2752 Deo
1914 2713 2038 2753 meo
2101 2714 2198 2768 per

620 2789 805 2845 Jesum
838 2789 1142 2853 Christum,
1166 2789 1309 2857 quod
1336 2789 1387 2841 in
1415 2790 1670 2844 Omnibus
1696 2790 1892 2845 divites
1917 2791 2045 2844 iacti
2065 2792 2196 2847 estis

624 2884 677 2935 in
710 2882 804 2935 illo
826 2922 841 2945 ,
904 2883 958 2935 in
988 2882 1134 2935 omni
1168 2881 1331 2935 verbo
1357 2890 1411 2933 et
1466 2882 1518 2933 in
1549 2883 1696 2934 omni
1750 2883 2004 2936 scientia:
2054 2886 2196 2937 sicut

623 2971 993 3025 testiinonium
1013 2970 1215 3023 Christi
1236 2968 1617 3023 conﬁrmatum
1642 2979 1726 3025 est
1754 2971 1808 3023 in
1837 2971 2014 3036 vobis,
2041 2972 2113 3024 ita
2139 2984 2197 3025 ut

622 3062 759 3117 nihil
790 3062 931 3116 desit
986 3061 1141 3114 vobis
1188 3060 1241 3113 in
1284 3060 1392 3113 ulla
1425 3061 1597 3128 gratia
1627 3063 1667 3114 ’.
1709 3080 1728 3111 ι
1793 3060 1933 3114 Sunt
1988 3070 2191 3123 tamen,

2306 1959 2399 2011 καὶ
2435 1960 2549 2027 τὴν
2579 1962 2763 2030 ἰσχὺν
2795 1964 3112 2017 κατέδονται
3155 1963 3277 2018 τῶν
3308 1962 3499 2018 ἐθνῶν
3522 1966 3591 2033 ςῆ
3616 1966 3758 2017 κατὰ
3793 1968 3889 2018 τὸν

2306 2051 2558 2115 ’Λκύλαν,
2619 2055 2733 2120 τὴν
2788 2055 3099 2122 εὐπορίαν.
3128 2055 3294 2109 Οὐδὲν
3324 2056 3431 2126 γὰρ
3462 2056 3888 2126 τοιοῦτοβρῶμα

2300 2146 2411 2205 τοῖς
2430 2145 2528 2215 τῆς
2588 2145 2917 2215 Ἐκκλησίας
2976 2148 3218 2215 ποιμέσι
3300 2148 3657 2217 κατάλληλον,
3710 2149 3787 2213 ὡς
3850 2153 3885 2221 ἡ

2303 2237 2481 2303 ίσχὺς
2510 2238 2619 2289 τῶν
2639 2238 2704 2289 δι’
2729 2237 2909 2290 αὐτῶν
2969 2237 3292 2307 σωζομένων
3330 2239 3521 2292 ἐθνῶν.
3553 2233 3712 2291 οὗτοι
3736 2241 3782 2293 δ’
3814 2242 3885 2294 τὶν

2300 2326 2409 2381 εἷεν
2459 2331 2506 2381 οἱ
2554 2329 2652 2400 τὴν
2699 2329 2887 2397 ίσχύν
2926 2330 3013 2383 διὰ
3062 2329 3164 2399 τῆς
3209 2331 3486 2398 ὑπομονῆς
3529 2333 3586 2382 ὲν
3612 2336 3675 2398 τῇ
3736 2332 3883 2401 ὑπὲρ

2300 2419 2557 2482 ἀληθείες
2589 2419 2988 2488 ἐπιδειξάμενοι
3023 2419 3316 2489 μαρτυρίᾳ.
3375 2420 3539 2473 ’Δλλὰ
3583 2423 3678 2473 καὶ
3707 2421 3883 2486 ἐντῷ

2299 2512 2560 2575 πλούτῳ,
2596 2512 2748 2580 φησὶ,
2781 2509 3307 2578 θιιυμασθήσεσθε.
3349 2510 3453 2561 Τὸν
3484 2509 3541 2560 δὲ
3576 2511 3682 2560 τῶν
3706 2509 3882 2560 ἐθνῶν

2300 2602 2591 2660 πλοῖ-τον,
2626 2603 2721 2669 ἀφ’
2742 2597 2816 2653 ὧν
2850 2604 2878 2653 ὁ
2900 2601 3111 2664 Παῦλος
3136 2601 3338 2671 γράφει
3388 2602 3717 2669 Κορινθίοις,
3748 2602 3883 2667 νοή-

2302 2708 2483 2760 σομεν·
2517 2711 2533 2741 ι
2562 2693 2880 2761 Εᾷχαριστῶ
2909 2694 2985 2762 τῷ
3010 2692 3131 2761 Θεῷ
3163 2710 3265 2761 μου
3293 2693 3382 2745 διὰ
3412 2692 3585 2760 Ἰησοῖ
3611 2691 3879 2761 Χριστοῦ,

2296 2783 2376 2836 ὅτι
2403 2786 2459 2837 ἐν
2494 2787 2654 2836 παντὶ
2692 2785 3080 2853 ἐπλουτίσθητε
3119 2787 3176 2836 ἐν
3218 2784 3385 2854 αὐτῷ,
3418 2786 3474 2835 ὲν
3498 2784 3661 2836 παντὶ
3709 2783 3880 2850 λόγῳ,

2297 2873 2389 2924 καὶ
2450 2877 2598 2946 πάσῃ
2630 2876 2847 2940 γνώσει,
2885 2872 3068 2935 καθὼς
3097 2874 3157 2926 τὸ
3201 2875 3499 2944 μαρτύριον
3522 2872 3614 2924 τοῦ
3638 2872 3881 2941 Χριστοῦ

2298 2965 2599 3034 ἐϐεϐαιώθη
2633 2968 2690 3017 ἐν
2725 2967 2876 3035 ὑμῖν,
2900 2965 2975 3029 ῶς
3004 2983 3063 3019 τε
3125 2967 3197 3035 μὴ
3250 2965 3591 3031 ὑστερεῖσθαι
3617 2966 3762 3033 ὑμᾶς
3819 2966 3883 3015 ὲν

2299 3059 2488 3125 μηδεν).
2543 3057 2863 3125 χαρίσματι.
2908 3076 2926 3107 ι
2954 3058 3111 3109 Ἰἰνὲς
3140 3058 3197 3109 δὲ
3231 3057 3417 3125 ἰσχὺν
3445 3056 3656 3118 ἐθνῶν,
3683 3058 3784 3116 τὰς
3817 3056 3883 3108 ἐκ

621 3152 714 3223 qui
742 3168 838 3223 per
867 3150 1233 3220 fortitudinem
1274 3151 1528 3219 gentium,
1555 3152 1787 3205 collatos
1815 3166 1843 3204 a
1875 3154 2192 3222 potentissi-
2221 3209 2262 3229 Α
2294 3168 2298 3179 '

2221 3209 2262 3229 Α
2294 3149 2401 3199 τῶν
2426 3149 2814 3218 δυνατωτάτων
2842 3148 3013 3217 τιμὰς
3055 3149 3329 3216 λέγουσιν,
3372 3148 3531 3218 οἷπερ
3562 3147 3629 3201 ἂν
3673 3143 3784 3199 εἶεν
3808 3148 3884 3210 ἐξ

620 3214 950 3309 ιῖιὶε,ἰιιιίἰ1ι
987 3239 1224 3308 gentibus
1274 3214 1460 3293 vocati
1516 3214 1648 3302 sint,
1696 3214 1935 3297 honores
1984 3243 2187 3295 intelli-
2219 3214 2297 3285 Ct

2219 3214 2264 3265 ο
2294 3237 2484 3291 ἐθνῶν
2514 3239 2859 3307 κεκλημένοι.
2894 3239 2927 3307 ἢ
2950 3240 3030 3291 ὅτι
3060 3241 3087 3292 ό
3150 3239 3280 3307 παρ’
3311 3238 3465 3307 ὑμῶν
3498 3239 3524 3277 h
3572 3239 3884 3306 ἐπικρατή-

621 3342 769 3400 gant.
797 3330 892 3386 Vel
926 3332 978 3385 id
1006 3331 1127 3385 ideo
1150 3332 1420 3399 adjectum
1440 3349 1581 3394 esse,
1612 3334 1754 3402 quod
1777 3336 2006 3403 gentium
2049 3335 2191 3390 vires

621 3424 760 3487 (sive
814 3423 1058 3477 illustres
1105 3422 1246 3490 apud
1302 3437 1416 3485 eas,
1467 3424 1584 3477 sive
1610 3425 1860 3479 saeculari
1922 3427 2190 3496 sapientia

619 3514 951 3568 exercitatos
979 3507 1271 3582 intelligas‘i
1303 3513 1519 3567 illorum
1545 3524 1866 3583 superatura
1892 3517 1959 3571 sit
1991 3518 2191 3572 oratio.

620 3604 859 3657 Laudent
893 3604 1038 3657 enim
1083 3615 1133 3657 et
1177 3604 1404 3672 gloriam
1438 3604 1561 3658 ideo
1614 3606 1793 3671 adepti
1833 3616 1983 3670 sunt,
2047 3609 2189 3677 quod

622 3694 759 3761 ipsis
794 3693 1112 3763 superiores
1149 3707 1207 3747 se
1242 3694 1635 3760 praestiterunt.
1661 3692 1800 3749 Sunt
1824 3711 2059 3767 namque
2104 3699 2193 3752 do-

620 3795 830 3838 ctorum
890 3786 1064 3853 gloria
1097 3786 1188 3854 qui
1263 3786 1504 3855 tnysticse
1578 3802 1769 3841 eorum
1831 3790 2193 3845 institutionis

622 3876 827 3928 auxilio
867 3877 1098 3928 salutem
1134 3874 1315 3943 adepti
1377 3885 1527 3931 sunt.
1578 3876 1897 3946 Cujusmodi
1935 3880 2028 3948 qui
2074 3880 2193 3935 l'ne-

626 3968 754 4020 rint.
790 3976 985 4020 terram
1011 3965 1374 4034 possidebunt,
1425 3968 1682 4021 omnibus
1734 3970 1886 4037 potiti
1922 3971 2191 4034 videlicet,

621 4072 728 4110 non
768 4057 955 4111 Judma
984 4058 1123 4119 sola,
1160 4069 1209 4110 ut
1240 4058 1275 4111 ii
1315 4058 1479 4112 olim:
1510 4059 1564 4112 in
1598 4074 1738 4127 quos
1766 4060 1939 4113 divisa
1968 4069 2052 4115 est
2085 4062 2189 4116 bte-

620 4148 825 4203 reditas
859 4164 954 4218 per
985 4149 1172 4207 Jesum
1207 4148 1374 4214 Nave,
1404 4151 1495 4218 qui
1530 4152 1639 4203 veri
1669 4150 1799 4204 Jesu
1855 4163 2013 4221 typus
2068 4153 2188 4217 fuit,

620 4254 647 4287 a
673 4238 968 4305 quoaltera
997 4237 1083 4290 illa
1110 4246 1161 4289 et
1190 4238 1540 4306 priestantior
1570 4239 1906 4294 ltzereditatis
1939 4241 2080 4294 facta
2109 4252 2193 4297 est

618 4325 836 4388 divisio,
868 4323 935 4377 de
958 4339 1062 4392 qua
1093 4324 1173 4378 sic
1204 4323 1399 4392 legitur
1433 4325 1486 4377 in
1525 4323 1793 4380 Psalmis:
1859 4346 1876 4378 t
1913 4326 2131 4383 Postula
2161 4347 2190 4384 a

621 4431 726 4477 me,
758 4421 810 4468 et
840 4414 982 4468 dabo
1007 4414 1101 4467 tibi
1127 4421 1315 4482 gentes
1353 4414 1730 4469 Itmreditatem
1769 4425 1939 4482 tuam,
1968 4430 2021 4472 et
2046 4422 2189 4474 funi-

617 4507 800 4560 culum
826 4515 1003 4568 tuum,
1038 4509 1299 4560 terminos
1324 4514 1483 4560 terra:
1518 4508 1573 4569 ’ς
1615 4526 1631 4557 ι
1677 4524 1840 4577 quam
1865 4510 2053 4564 divisit
2085 4512 2189 4565 Do-

2299 3343 2380 3379 σει
2444 3326 2599 3393 λό·,ὀς
2629 3328 2729 3395 τῆς
2758 3326 3040 3395 δυνάμεως
3072 3327 3189 3379 τῶν
3257 3325 3471 3391 ἐθνῶν,
3503 3327 3535 3396 ἥ
3580 3328 3701 3403 τῶν
3748 3327 3885 3395 παρῗ

2294 3418 2525 3478 ἐκείνοις
2557 3418 2850 3488 λαμπρῶν,
2905 3419 2939 3488 ἢ
2970 3418 3079 3470 τῶν
3100 3416 3372 3487 κοσμικὴν
3407 3416 3737 3486 ἠσκημένων
3794 3432 3887 3467 σο-

2295 3510 2444 3577 φίαν.
2513 3509 2732 3561 Τούτων
2806 3509 2915 3580 γὰρ
2990 3509 3422 3579 κατισχύσαντες
3483 3507 3880 3575 ὲδοξὰσθησαν.

2295 3602 2574 3671 Καύχημα
2618 3601 2730 3670 γὰρ
2773 3600 3110 3654 διδασκάλων
3163 3603 3215 3654 οί
3280 3599 3369 3653 διὰ
3424 3602 3522 3669 τῆς
3561 3598 3743 3651 αὐτῶν
3775 3615 3887 3649 σω-

2295 3693 2479 3755 θέντες
2564 3693 2954 3763 μυσταγωγίας
2988 3708 3002 3723 ·
3075 3694 3124 3746 oi
3182 3691 3239 3745 δὲ
3301 3690 3534 3743 τοιοῦτοι
3584 3694 3885 3756 κληρονο-

2288 3783 2560 3851 μήσουσι
2602 3782 2716 3847 τὴν
2742 3780 2880 3850 γῆν,
2908 3784 3125 3834 πάντων
3152 3782 3641 3852 ἐπικρατήσαντες,
3676 3780 3795 3831 ἀλλ’
3816 3780 3883 3832 οὐ

2298 3874 2465 3943 μόνης
2494 3873 2780 3935 Ἰουδαίας,
2836 3873 2978 3925 κατὰ
3006 3872 3134 3934 τοὺς
3160 3871 3328 3924 πάλαι
3377 3869 3883 3938 κληροδοτηθέντας

2296 3965 2399 4018 ὑπὸ
2435 3964 2608 4034 Ἰησοῦ
2635 3964 2811 4033 Ναυῆ,
2842 3962 2901 4026 ὃς
2925 3964 3094 4025 τύπος
3137 3958 3207 4032 ἦν
3228 3962 3323 4015 τοῦ
3351 3960 3607 4032 ἀληθινοῦ
3655 3960 3879 4026 Ἰησοῦ,

2293 4057 2385 4110 τοῦ
2426 4057 2525 4126 τὴν
2548 4056 2808 4124 δευτέραν
2845 4055 2942 4107 καὶ
2975 4054 3212 4124 κρείττω
3242 4053 3618 4123 πεποιημένου
3673 4051 3883 4121 κληρο-

2292 4146 2495 4209 δοσίαν,
2524 4146 2653 4216 περὶ
2689 4138 2758 4216 ἧς
2804 4161 2969 4213 φησιν
3017 4146 3075 4197 ὲν
3100 4144 3354 4214 Ψαλμοῖς
3382 4159 3395 4173 ⁸
3437 4162 3456 4195 ι
3486 4143 3718 4212 Ᾱῐτησαι
3745 4142 3882 4211 παρ’

2292 4237 2448 4306 ἐμοῦ,
2476 4238 2570 4291 καὶ
2597 4235 2753 4289 δώσω
2784 4254 2866 4289 σοι
2893 4236 3020 4306 ἔθνη
3070 4239 3169 4307 τὴν
3210 4235 3574 4307 κληρονομίαν
3610 4251 3732 4300 σου,
3782 4232 3881 4284 καὶ

2290 4332 2388 4401 τὴν
2446 4328 2774 4397 κατάσχεσίν
2804 4345 2896 4380 σου
2920 4326 2988 4379 τὰ
3036 4326 3248 4397 πέρατα
3293 4326 3391 4394 τῆς
3429 4324 3555 4392 γῆς,
3595 4342 3614 4375 ι
3670 4324 3739 4391 ἢν
3796 4321 3883 4373 δι.-

2294 4420 2477 4490 ένειμε
2499 4422 2612 4481 τοῖς
2658 4417 2849 4471 ἑαυτοῦ
2898 4416 3192 4488 μαθηταῖς,
3244 4416 3435 4477 ἄλλους
3464 4413 3701 4482 ἀλλαχοῦ
3758 4412 3883 4464 δια-

2297 4512 2516 4581 πέμψας
2543 4511 2828 4580 χαίροντας
2862 4510 2919 4560 ὲν
2938 4507 3109 4576 αὐτῷ,
3140 4507 3236 4560 καὶ
3291 4506 3480 4574 ὥσπερ
3513 4507 3633 4556 τινὰ
3668 4503 3882 4571 στέφα-

618 4599 801 4653 niinus
839 4596 1127 4665 discipulis
1168 4598 1305 4657 suis.
1352 4610 1476 4649 cum
1533 4597 1669 4652 alios
1725 4599 1835 4652 alio
1884 4600 2183 4658 dimitteret
2215 4609 2295 4663 D'

2215 4609 2259 4663 ι)
2287 4621 2377 4656 νον
2407 4601 2823 4672 περικειμένους
2873 4600 2989 4665 τὴν
3023 4598 3434 4667 εὐφροσύνην,
3480 4596 3581 4647 οὐκ
3604 4596 3662 4645 tv
3696 4608 3882 4661 προσ-

619 4687 828 4741 alacres
859 4687 1066 4748 animo,
1101 4694 1155 4742 et
1188 4686 1353 4741 veluti
1384 4685 1621 4755 quadam
1645 4687 1845 4741 ιαειὶιειε
1878 4703 2082 4745 corona
2104 4706 2194 4746 rc-

616 4780 862 4841 ditnitos,
903 4779 954 4833 id
995 4786 1220 4833 estnon
1253 4777 1451 4831 ﬂuxam
1480 4786 1535 4832 et
1599 4791 2057 4849 momentaneam,
2095 4785 2190 4838 sed

619 4870 885 4922 bonorum
928 4868 1228 4922 stabilitate
1302 4874 1622 4938 perpetuam
1674 4879 1729 4923 et
1799 4873 2189 4941 sempiternam

619 4959 926 5014 mercedem
963 4958 1244 5013 habentes.
1274 4956 1429 5012 Fient
1478 4974 1610 5013 vero
1642 4960 1769 5022 iSIa,
1802 4961 2009 5031 adjicit,
2053 4980 2189 5034 quo-

617 5054 761 5107 niam
786 5052 1057 5121 justitiam
1086 5052 1301 5121 quidem
1338 5052 1544 5118 diligo;
1601 5053 1862 5125 odi705
1882 5066 2063 5111 autem
2100 5075 2189 5111 ra-

615 5142 770 5208 pinas
809 5158 872 5195 ex
896 5144 1177 5211 iniquitate
1208 5142 1479 5195 malorum
1507 5144 1834 5209 daemmnum,
1874 5148 1965 5215 qui
2018 5148 2192 5201 homi-

618 5246 746 5282 num
772 5230 983 5285 animas
1014 5228 1290 5298 quondam
1321 5229 1672 5299 diripiebant.
1698 5230 1818 5296 Quo
1854 5231 2054 5287 factum
2079 5247 2185 5300 εει,

620 5331 677 5373 ut
701 5336 808 5375 non
836 5320 889 5375 in
914 5319 1132 5375 Judaws
1151 5330 1384 5382 tantum,
1405 5322 1498 5374 sed
1520 5322 1572 5375 in
1596 5325 1858 5379 mortales
1885 5326 2047 5380 etiam
2069 5345 2185 5382 om-

617 5427 713 5467 nes
745 5414 975 5483 gratiam
1003 5428 1178 5467 meam
1209 5411 1563 5466 cﬂunderem.
1591 5411 1697 5469 Sed
1744 5416 2042 5470 notandum
2073 5429 2178 5485 est,

2298 4694 2511 4765 καίροις
2565 4692 2787 4761 ἔχοντας
2814 4691 2912 4760 τὴν
2948 4688 3318 4754 ἀντιμισθίαν,
3346 4686 3459 4739 ἀλλ’
3512 4686 3572 4737 ὲν
3627 4684 3717 4737 ἀεὶ
3756 4683 3879 4736 δια-

2300 4789 2550 4858 μένουσιν
2614 4783 2860 4852 ἀγαθοῖς.
2911 4783 3105 4835 Ἔσται
3134 4780 3192 4833 δὲ
3221 4778 3418 4843 ταῦτα,
3460 4778 3649 4848 φησὶν.
3674 4776 3881 4845 ἐπειδὴ

2294 4877 2692 4942 δικαιοσύνην
2730 4875 2826 4944 μὲν
2866 4871 3097 4941 ἀγαπῶ,
3133 4869 3293 4939 μισῶ
3320 4869 3377 4922 δὲ
3426 4868 3499 4921 τὰ
3526 4867 3594 4931 ἐξ
3629 4866 3881 4930 ἀδικίας

2291 4967 2645 5037 ἁρπάγματα
2673 4964 2778 5016 τῶν
2809 4961 3061 5032 πονηρῶν
3105 4960 3376 5029 δαιμόνων
3439 4958 3537 5020 τὰς
3587 4954 3877 5025 ἀνθρωπί-

2295 5077 2392 5122 νας
2444 5058 2612 5110 πάλαι
2667 5053 3076 5124 διαρπαζόντων
3128 5050 3327 5119 ψυχάς.
3384 5046 3548 5101 Ὅθεν
3597 5046 3699 5097 οὐκ
3734 5045 3877 5096 Ἰου-

2292 5150 2458 5212 δαίοις
2518 5148 2718 5216 μόνοις,
2771 5143 2905 5197 ἀλλὰ
2941 5144 3097 5205 πᾶσι,
3159 5140 3257 5209 τὴν
3288 5136 3526 5207 ἐμαυτοῦ
3578 5134 3741 5204 χάριν
3782 5133 3876 5199 ἐξ·

2290 5240 2461 5309 ἐχεον.
2504 5238 2648 5290 Ἀντὶ
2670 5236 2726 5288 δὲ
2750 5234 2841 5287 τοῦ
2864 5232 3140 5297 δικαίοις,
3173 5231 3243 5283 ἐν
3264 5228 3514 5293 ἀληθείᾳ
3544 5228 3744 5286 πάντες
3776 5226 3874 5294 ἑρ-

2335 5334 2566 5399 ήνευσαν
2593 5326 2849 5381 οίλοιποί.
2875 5325 2971 5384 ’Ὧς
2997 5313 3056 5375 τὲ
3082 5322 3143 5374 οὐ
3159 5317 3619 5387 διαψευσθήσεται
3640 5314 3872 5369 αῦτῶνό

2288 5421 2504 5490 μόχθος·
2530 5419 2643 5471 ἀλλ’
2667 5418 2736 5471 ἐν
2763 5415 3011 5481 ἀληθείᾳ
3043 5414 3138 5466 καὶ
3180 5412 3364 5473 αὐτοῖς
3429 5408 3867 5478 φυλαχθήσεται,

614 5520 723 5570 quo
747 5508 865 5560 loco
888 5506 1049 5575 justis
1072 5506 1358 5569 habemus,
1399 5508 1452 5557 in
1483 5506 1700 5561 veritate
1727 5516 1955 5563 caeteros
1989 5525 2175 5565 omnes
2219 5512 2564 5580 interpretari
2598 5530 2611 5566 :
2645 5510 2785 5565 unde
2810 5523 2917 5562 non
2945 5522 3068 5561 esse
3126 5504 3369 5557 laborum
3404 5500 3654 5555 mercede
3723 5500 3871 5553 caris

616 5612 766 5655 turos
792 5601 1139 5662 constiterit;
1168 5598 1259 5653 sed
1285 5597 1534 5650 eumdem
1584 5598 1692 5653 illis
1732 5603 1786 5652 in
1840 5604 2053 5657 veritate
2098 5607 2318 5659 recondi
2353 5610 2693 5675 servarique.

686 5690 701 5722 ¹
739 5689 929 5743 Matth.
963 5706 1073 5745 χχι.
1112 5690 1192 5743 it).
1272 5688 1331 5740 'l
1372 5688 1498 5741 (lor.
1531 5689 1709 5749 1.4-7.
1788 5693 1806 5723 ³
1835 5694 1971 5746 Psal.
2015 5696 2157 5754 ",8,

1895 5788 2123 5842 VARle
2167 5788 2565 5845 LECTIONES.

718 5893 739 5928 r
767 5893 849 5942 ῃ).
884 5875 1050 5938 ἄλλοι,
1211 5877 1235 5914 1·
1270 5876 1353 5929 id.
1386 5875 1582 5935 αὐτῶν.
