4248 6428
243 402 384 470 2669

1431 408 1961 469 COMMENTARII
1994 408 2075 469 IN
2099 410 2381 470 ISAIAM-

3370 399 3509 463 2610

244 520 487 579 ἀνιόντος
542 517 924 571 πυνθάνονται.
983 519 1055 572 Τὸ
1103 519 1159 571 δὲ
1225 519 1428 588 Ἐὃὼιω
1466 521 1829 589 ἑρμηνεύεται

1937 532 1993 576 ιιι
2028 524 2348 577 redeuntem
2401 521 2531 591 ipsa:
2580 518 2864 575 demiratat
2914 517 3272 587 interrogent.
3326 516 3509 585 Signi-

244 612 494 679 m'ﬁi't‘c.
527 612 558 681 ἢ
599 612 827 679 γήϊνος.
864 611 937 662 Τὸ
964 610 1018 662 δὲ
1056 611 1271 677 Βόσορ.
1306 612 1336 680 ἦ
1392 612 1579 677 σὰρξ,
1620 612 1652 681 ἧ
1683 611 1828 678 adp.

244 721 432 763 κινρς.
466 702 629 769 Ληλοῖ
656 702 833 753 τοίνυν
856 702 917 753 τὸ
941 700 1310 770 πεφοινίχθαι,
1341 702 1415 764 ὡς
1450 702 1557 753 ἀπὸ
1602 702 1828 767 σαργός

241 810 299 845 τε
334 794 435 845 om?
476 794 746 860 αἵματος.
801 793 889 853 Ὠς
918 792 974 844 δὲ
1006 793 1373 862 γνωρίζουσαι
1406 792 1568 845 αὐτὸν
1592 793 1745 849 Θεὸν,
1782 796 1828 843 εἰ

244 886 341 939 καὶ
369 883 435 953 ἦν
463 887 520 937 ἐν
547 885 734 953 σαρκὶ,
764 884 980 949 ὡραῖον
1004 885 1165 936 αὐτόν
1192 901 1356 951 φασιν
1386 885 1455 937 ἐν
1481 883 1698 951 στολῇ.
1731 883 1829 935 ναὶ

242 978 430 1047 Ισχὺν
482 976 632 1046 αὐτῷ
694 974 1059 1047 μαρτυροῦσι.
1094 973 1266 1027 Τοῦτο
1296 975 1405 1043 γὰρ
1453 975 1491 1041 ἡ
1515 974 1627 1038 βία
1660 972 1824 1042 δηλοῖ.

247 1070 431 1121 Ἔοικε
470 1067 527 1119 δὲ
557 1064 616 1119 τὸ
648 1068 823 1135 παρὸν
870 1066 947 1135 τῷ
982 1067 1039 1119 ἒν
1093 1072 1177 1134 κγ’
1210 1064 1445 1135 ψαλμῷ·
1491 1082 1510 1116 s
1548 1064 1644 1127 Τίς
1682 1064 1830 1115 ἐστιν

240 1152 447 1219 οὗτοςὸ
474 1157 730 1223 βασιλεὺς
789 1157 887 1223 τῆς
926 1155 1114 1224 δόξηςς
1157 1174 1175 1206 ι
1226 1154 1604 1225 Ἀποκρίνεται
1638 1153 1717 1208 δὲ.
1744 1154 1825 1205 ὅτι

254 1248 403 1314 Ἐγὼ
432 1247 777 1316 διαλέγομαι
816 1246 1231 1311 δικαιοσύνην,
1286 1245 1319 1315 ἢ
1363 1247 1425 1298 τὸ
1479 1244 1829 1310 εὐαγγελινδν

241 1336 527 1403 κήρυγμα,
559 1333 615 1402 ἢ,
670 1335 752 1387 ὄτι
778 1333 913 1386 Θεοῦ
945 1337 1053 1396 πᾶς
1073 1334 1227 1402 λόγος
1250 1333 1501 1399 δίκαιος.
1529 1334 1740 1399 Κρίσιν
1765 1333 1824 1385 δὲ

242 1425 567 1490 σωτηρίου,
621 1424 685 1476 τὸ
742 1425 828 1491 ἐφ’
868 1427 998 1494 ἡμῖν
1026 1424 1283 1495 ὀνομάζει
1318 1426 1515 1496 κρῖμα.
1565 1422 1827 1475 Δεδίκακε

242 1513 355 1583 γὰρ
373 1517 438 1584 τῇ
461 1515 840 1586 ἁνθρωπότητι
872 1516 964 1568 καὶ
989 1516 1067 1586 τῷ
1094 1514 1297 1585 ταύτην
1346 1515 1689 1584 ἁπατήσαντι
1724 1514 1830 1585 Σας

239 1611 400 1680 τανᾷ.
443 1610 636 1677 Ἔλεγε
685 1612 821 1681 γάρ’
877 1630 896 1661 ι
946 1611 1059 1663 Νῦν
1087 1610 1269 1681 κρίσις
1317 1610 1433 1661 ἐστὶ
1482 1607 1576 1662 τοῦ
1624 1610 1828 1677 κόσμου

238 1700 453 1753 τούτου.
494 1698 608 1752 Νῦν
629 1703 656 1753 ὁ
683 1702 867 1771 ἄρχων
891 1702 985 1754 τοῦ
1034 1702 1241 1770 κόσμου
1283 1698 1611 1771 ὲκ6ἐ6ληται
1640 1699 1766 1766 ἔξω.
1806 1716 1823 1747 ι

240 1791 482 1862 Δευτέρα
532 1792 695 1844 πάλιν
743 1791 1031 1863 ἐρώτησις,
1069 1795 1126 1846 ἐν
1230 1791 1480 1862 μέμνησο
1512 1790 1607 1844 τοῦ
1639 1808 1830 1859 πατρι-

1932 612 2056 665 tieat
2088 628 2215 667 vero
2252 610 2444 672 Edam,
2477 611 2523 664 si
2556 608 2961 678 interpreteris,
2993 605 3135 660 idem
3168 608 3328 675 ptane
3360 609 3505 673 quod

1933 698 2105 765 fulvus
2146 708 2240 752 aut
2292 709 2549 752 terrenus.
2600 696 2773 750 Rosor
2808 704 3014 759 autem,
3061 702 3322 764 tauquam
3360 712 3507 756 caro,

1931 789 2013 841 vel
2045 804 2265 841 corneus
2300 789 2472 843 dicas.
2528 786 2710 841 lnnuit
2757 788 2923 855 igitur
2969 793 3319 839 cruentatum
3363 801 3506 847 esse,

1933 886 2188 947 tanquam
2231 895 2259 931 a
2308 896 2487 941 carne,
2530 879 2613 932 vel
2653 878 2929 947 sanguine.
2971 876 3255 946 Tanquam
3312 877 3511 931 deinde

1934 968 2101 1022 Deum
2130 985 2254 1025 esse
2287 978 2676 1040 agnoscerent,
2704 968 3056 1038 quantumvis
3082 982 3301 1022 carnem
3331 978 3513 1036 gesta-

1932 1067 2035 1122 ret,
2067 1057 2381 1113 Formosum
2416 1061 2471 1113 in
2504 1060 2641 1112 stola
2666 1076 2785 1121 sua,
2816 1067 2864 1111 ct
2899 1059 3113 1127 fortem,
3146 1059 3289 1128 quod
3319 1059 3514 1112 violen-

1934 1152 2024 1204 tia-
2050 1152 2271 1205 nomine
2302 1152 2655 1221 significavit,
2680 1166 2803 1206 esse
2837 1160 3132 1205 testantur.
3167 1152 3353 1220 Neque
3384 1166 3513 1205 vero

1932 1241 2023 1297 isti
2070 1241 2343 1297 dissimile
2390 1241 2576 1307 fuerit,
2604 1242 2750 1312 quod
2802 1244 3015 1312 psalmo
3058 1244 3222 1296 tertio
3267 1254 3319 1298 et
3364 1246 3511 1298 vice-

1882 1319 1889 1328 ’
1934 1332 2073 1386 simo
2105 1332 2357 1399 legimus,
2399 1334 2487 1386 ubi
2519 1351 2531 1386 :
2569 1351 2585 1383 ι
2626 1332 2758 1399 Quis
2793 1342 2878 1387 est
2906 1334 3010 1387 istc
3046 1349 3136 1387 rex
3172 1334 3355 1402 εισι-ιω
3382 1336 3445 1396 ⁷⁸,
3489 1354 3507 1385 s

1932 1424 2101 1492 quatri
2165 1424 2648 1493 deprehendimus.
2712 1425 3025 1494 Respondet
3099 1437 3278 1478 autem
3334 1442 3347 1479 :
3404 1425 3514 1497 Ego

1936 1514 2119 1581 loquor
2150 1515 2445 1583 justitiam.
2480 1516 2601 1581 Quo
2646 1516 2813 1570 vcrlio
2850 1516 2930 1569 vel
2974 1517 3341 1585 evangelicam
3386 1532 3514 1585 pro.

1935 1606 2329 1675 mulgationem
2385 1607 2600 1668 innuit,
2660 1607 2739 1660 vel
2790 1605 2885 1659 Dei
2939 1621 3247 1660 sermonem
3297 1622 3513 1661 omnem

1925 1696 2132 1763 justum
2176 1712 2300 1751 esse
2340 1698 2759 1752 demonstravit.
2806 1696 2963 1763 Quod
3015 1698 3215 1752 deinde
3252 1697 3513 1766 judicium

1934 1788 2095 1858 722
2153 1789 2415 1841 salutaris
2467 1787 2711 1849 addidit,
2767 1788 2901 1842 illttd
2968 1789 3170 1858 ipsum,
3222 1791 3365 1858 quod
3416 1808 3517 1860 pro

240 1880 415 1950 ἀρχου
462 1881 657 1934 Ἰακὼὸ
680 1880 928 1948 λέγοντος
951 1899 963 1912 ·
998 1901 1015 1931 ι
1047 1884 1246 1936 Πλυνεῖ
1274 1884 1329 1934 ὲν
1356 1883 1482 1951 οἴνῳ
1510 1881 1609 1949 τὴν
1635 1879 1827 1950 στολὴν

1931 1882 2091 1933 nobis
2124 1887 2247 1940 est,
2301 1878 2586 1933 intellexit.
2645 1878 2816 1933 Litem
2866 1880 3012 1932 enim
3073 1879 3220 1934 inter
3264 1882 3517 1937 homines

239 1971 432 2033 αὑτοῦ,
458 1974 551 2026 καὶ
569 1975 627 2026 ὲν
648 1973 845 2041 αἵματι
870 1974 1145 2044 σταφυλῆς
1166 1974 1264 2043 τὴν
1288 1990 1351 2025 πε
1361 1973 1579 2044 ριϐολὴν
1601 1970 1785 2026 αὐτοῦ.
1805 1990 1822 2022 ι

1938 1977 1993 2024 et
2030 1970 2310 2034 Satanam,
2344 1986 2372 2023 a
2406 1984 2515 2040 quo
2544 1968 2719 2024 delusi
2770 1970 3008 2035 fuerant,
3038 1970 3323 2037 judicavit.
3358 1970 3518 2027 Dice-

240 2065 337 2119 bat
367 2067 514 2118 enim
552 2083 564 2118 :
609 2084 628 2115 ι
664 2063 821 2118 Nunc
856 2066 1129 2131 judicium
1174 2075 1258 2119 est
1291 2067 1458 2133 hujus
1491 2064 1712 2129 mundi;
1752 2079 1899 2121 nunc
1938 2064 2190 2134 princeps
2223 2064 2411 2118 mundi
2444 2063 2694 2133 ejicietur
2726 2062 2875 2118 foras
2903 2065 2968 2118 ".
3002 2083 3021 2117 ι
3057 2064 3316 2135 Sequitur
3344 2066 3515 2121 altera

241 2171 439 2209 rursus
480 2157 860 2226 interrogatio,
894 2158 946 2211 in
979 2173 1082 2228 qua
1134 2165 1188 2213 te
1232 2157 1421 2212 Jacolii
1477 2158 1805 2227 patriarcha:
1836 2160 1999 2214 velim
2053 2157 2369 2213 meminisse
2395 2156 2629 2213 dicentis
2670 2175 2682 2211 :
2722 2175 2739 2207 ι
2779 2156 3005 2211 Lavabit
3038 2158 3091 2211 in
3148 2157 3270 2212 vino
3308 2159 3508 2214 stolam

240 2262 399 2301 snam
435 2259 488 2303 ct
522 2249 573 2301 in
602 2249 870 2317 sanguine
900 2264 1017 2302 uvte
1050 2249 1435 2304 vestimentum
1473 2266 1632 2304 suum
1663 2250 1729 2303 ⁷⁸.
1768 2271 1784 2302 i

314 2334 449 2391 Εἷτά
472 2354 603 2407 φησι
631 2355 643 2366 ’
676 2339 782 2391 Καὶ
814 2336 932 2390 τῶν
959 2337 1152 2391 ἐθνῶν
1179 2340 1291 2391 οὐκ
1316 2336 1489 2392 ἐστιν
1514 2338 1672 2407 ἀνὴρ
1695 2341 1825 2408 μετ’

239 2431 411 2496 λιμοῦ.
457 2431 523 2482 Ὀ
555 2428 854 2483 συναπτὲον
881 2428 960 2500 τῷ
984 2444 1000 2459 ·
1035 2428 1180 2498 Ἐγὼ
1210 2427 1558 2500 διαλέγομαι
1608 2430 1833 2483 omnia.

239 2522 447 2585 σύθην
472 2521 567 2572 καὶ
592 2521 797 2587 κρίσιν
835 2520 1155 2587 σωτηρίου.
1190 2520 1399 2585 Οὐδεὶς
1426 2521 1531 2592 γάρ
1557 2539 1658 2591 μοι
1685 2539 1830 2593 παρ-

241 2614 400 2681 έστη,
440 2614 627 2681 φησὶν.
661 2610 693 2680 ἢ
732 2611 1035 2681 συνήλγησε
1077 2611 1358 2683 πάσχοντι.
1408 2612 1497 2676 Ὠς
1528 2612 1636 2685 γάρ
1669 2631 1832 2683 φησιν

240 2707 268 2755 ὁ
306 2704 705 2773 εὐαγγελιστής
727 2720 740 2735 ’
772 2704 906 2757 Τότε
942 2704 1141 2768 πάντες
1174 2705 1405 2773 ἀφέντες
1443 2705 1604 2759 αὐτὸν
1631 2708 1681 2758 οἱ
1733 2724 1836 2775 μαι-

242 2796 408 2865 θητπὶ
444 2797 661 2863 ἔφυγον.
701 2798 766 2849 Ὃ
802 2798 894 2851 καὶ
925 2796 1225 2866 προῦλεγεν
1267 2798 1296 2848 ὁ
1332 2797 1568 2867 Χριστός
1591 2812 1604 2827 ο
1636 2799 1835 2869 Ἔρχε-

241 2903 334 2937 ται
359 2884 497 2953 ὥρα,
536 2886 630 2937 καὶ
663 2885 942 2953 ἐλήλυθεν,
970 2885 1059 2937 ἴνα
1095 2885 1321 2948 ἕκαστος
1356 2886 1724 2956 σκορπισθῆτε
1757 2889 1837 2949 εἰς

241 2974 315 3027 τὰ
338 2975 468 3039 ἴδια,
502 2975 645 3044 κάμὲ
678 2976 837 3043 μόνον
861 2976 1058 3045 ἀφῆτε.
1107 2974 1217 3028 Καὶ
1254 2978 1311 3028 ὲν
1340 2976 1593 3045 Ψαλμοῖς
1626 2977 1682 3029 δέ
1728 2994 1834 3045 φη-

246 3084 365 3120 σιν·
408 3086 425 3118 ι
487 3067 820 3136 Ὀνειδιςμὸν
859 3066 1257 3137 προσεδόκησεν
1306 3069 1338 3137 ἡ
1380 3066 1525 3138 ψυχή
1584 3086 1706 3138 μου,
1740 3069 1832 3120 καὶ

242 3159 647 3229 ταλαιπωρίαν,
676 3161 770 3212 καὶ
808 3158 1080 3228 ὑπέμεινα
1124 3158 1583 3227 συλλυπούμενον,
1616 3161 1708 3213 καὶ
1734 3161 1829 3230 οὐχ

244 3251 497 3319 ὑπῆρχε·
527 3252 622 3302 καὶ
644 3246 1200 3319 παρακαλοῦντα,καὶ
1222 3249 1318 3319 οὐχ
1350 3246 1525 3319 εὗρον.
1561 3268 1579 3299 s
1612 3250 1831 3321 Καὶπερ
1858 3300 1900 3354 C

240 3342 301 3395 δὲ
321 3344 511 3409 μόνος
535 3338 619 3392 ὢν
653 3340 1041 3408 κατεπάτησα
1091 3340 1312 3406 αὐτοὺς
1341 3341 1410 3393 ἐν
1460 3340 1641 3410 θυμῷ.
1676 3343 1829 3395 Μετά

244 3427 354 3497 γὰρ
382 3426 481 3495 τὴν
524 3426 792 3497 ἀνάληψιν
820 3428 914 3481 τοῦ
969 3429 1198 3496 Κυρίου,
1236 3430 1343 3483 πᾶν
1381 3425 1520 3493 εἶδος
1543 3432 1831 3501 συμψορᾶς

255 3518 537 3582 Ἰουδαίοις
569 3520 905 3590 ἀπήντηκεν.
949 3520 1088 3573 Ἀλλ’
1134 3523 1162 3574 ὁ
1188 3521 1286 3589 τῆς
1320 3522 1545 3575 ἐκείνων
1572 3524 1829 3577 ἀνταπο-

241 3610 474 3675 δόσεως
503 3612 714 3682 καιρὸς,
738 3611 1059 3681 λυτρώσεως
1104 3607 1171 3682 ἦν
1197 3614 1311 3675 τοῖς
1346 3613 1683 3680 ἐπεγνωκόσι
1733 3614 1831 3685 τὴν

242 3702 572 3769 ἐπιφάνειαν
604 3700 789 3754 αὑτοῦ.
825 3701 1045 3771 Καίπερ
1070 3700 1125 3754 δὲ
1150 3701 1409 3770 μηδενύς
1432 3701 1827 3767 βοηθοῦντος,

240 3794 276 3862 ἢ
310 3793 911 3861 ἀντιλαμϐανομένου
934 3794 982 3863 (ὃ
1002 3797 1173 3865 ποιεῖν
1190 3794 1297 3847 ἔδει
1314 3795 1438 3856 τοὺς
1460 3795 1829 3867 Γραμματέας

242 3886 339 3936 καὶ
391 3886 745 3951 Φαρισαίους.
803 3886 853 3939 οἳ
887 3895 914 3935 ι’
956 3885 1017 3938 τὸ
1063 3886 1304 3938 ἐναντίον
1361 3887 1659 3956 ἀνέτρεπον
1702 3888 1827 3950 τοὺς

239 3976 617 4044 λαοὺς),ὅμως
642 3976 847 4029 ἔσωσεν
875 3977 1073 4040 αὐτοὺς
1102 3978 1135 4046 ἡ
1171 3976 1278 4047 ἐμὴ
1304 3976 1554 4047 δύναμις.
1583 3979 1829 4032 Πλεῖστοι

240 4063 353 4131 γὰρ
387 4065 714 4116 ἐπίστευσαν
746 4064 805 4131 ἐξ
845 4065 1138 4119 Ἰουδαίων.
1158 4067 1281 4129 Τοῖς
1313 4066 1369 4120 δὲ
1400 4068 1737 4137 ἀπειθήσασι
1762 4068 1830 4122 τὰ

239 4155 341 4223 τῆς
374 4153 556 4224 ὀργῆς
589 4157 872 4226 ἀπήντηκε
925 4157 1126 4211 δίκαια.
1157 4158 1315 4221 Τινὲς
1366 4159 1421 4212 δὲ
1456 4161 1758 4229 συμφώνως
1801 4172 1826 4210 «ι

237 4246 513 4309 εἰπόντες,
536 4245 612 4309 ὡς
646 4246 941 4317 πληρωτὴς
980 4249 1270 4317 γενόμενος
1295 4249 1403 4301 τῶν
1430 4251 1714 4319 πατρικῶν
1742 4254 1827 4304 iv-

235 4336 434 4396 τολῶν,
468 4338 562 4391 καὶ
587 4339 845 4409 χωρήσας
878 4341 955 4400 εἰς
985 4339 1076 4390 τὸν
1108 4339 1247 4409 ὑπὲρ
1273 4339 1429 4409 ἡμῶν
1455 4341 1703 4405 θάνατον,
1735 4346 1828 4397 καὶ

235 4428 525 4494 πατήσας
553 4428 791 4492 τοῦτον,
842 4428 921 4492 ὡς
954 4429 1023 4481 ἐν
1048 4427 1238 4495 ληνῷ,
1275 4433 1367 4482 καὶ
1383 4432 1727 4498 μολυνθεὶς,
1753 4432 1828 4497 ὡς

233 4518 349 4569 ἀπὸ
366 4519 636 4584 πατητοῦ
662 4518 872 4588 καρπὸς
897 4520 1077 4583 αὐτοῖς
1104 4520 1413 4588 γενόμενος,
1451 4521 1643 4574 ἑαυτὸν
1666 4540 1828 4594 προσ·

2000 2337 2181 2409 Pergit
2208 2353 2338 2394 vero
2369 2338 2452 2395 liis
2476 2338 2656 2395 verbis
2684 2357 2696 2393 :
2728 2336 2799 2393 Et
2825 2336 2890 2392 de
2920 2338 3164 2407 gentibus
3196 2354 3299 2392 non
3327 2348 3407 2393 est
3439 2356 3519 2393 rir

1932 2445 2131 2482 mecum
2162 2446 2180 2481 :
2211 2438 2404 2499 estque
2468 2428 2568 2493 illi,
2616 2428 2760 2498 quod
2816 2428 2981 2498 paulo
3033 2436 3161 2481 ante
3206 2432 3516 2498 usurpavit,

1932 2535 2056 2573 cum
2086 2521 2293 2576 diceret
2322 2538 2333 2574 :
2362 2520 2476 2590 Ego
2506 2521 2690 2590 loquor
2707 2519 2979 2589 justitiam
3007 2529 3055 2574 et
3079 2519 3344 2588 judicium
3366 2521 3518 2574 solu-

1937 2613 2093 2675 taris,
2128 2613 2577 2683 coniungendum
2613 2631 2627 2667 :
2668 2621 2933 2683 tanquam
2987 2610 3189 2665 nullum
3240 2610 3342 2665 sibi
3391 2626 3516 2666 cum

1936 2713 2238 2774 pateretur,
2287 2705 2561 2769 adfuisse,
2618 2704 2705 2758 vel
2756 2702 3108 2759 condoluisse
3160 2701 3515 2774 signiﬁcaret.

1937 2796 2074 2849 Tum
2108 2798 2253 2851 enim
2278 2795 2582 2865 discipulos
2603 2809 2817 2862 omnes,
2852 2803 2913 2850 ut
2943 2800 3027 2851 est
3060 2793 3204 2864 apud
3240 2792 3519 2863 Evangelii

1938 2889 2288 2959 scriptorem,
2318 2903 2385 2943 eo
2414 2889 2610 2944 relicto
2643 2887 2854 2958 fugisse
2884 2905 2899 2943 :
2928 2886 3076 2958 quod
3109 2894 3163 2940 et
3194 2887 3311 2956 ipse
3358 2893 3521 2942 antea

1940 2988 2225 3035 monuerat
2255 2980 2533 3043 Christus,
2562 2994 2686 3033 cum
2721 2978 2914 3033 horam
2953 2978 3272 3042 adventare,
3319 2977 3430 3033 imo
3466 2987 3523 3031 et

1938 3071 2216 3141 appulisse
2259 3070 2392 3137 jam,
2448 3070 2656 3124 diceret
2700 3070 2769 3134 "’,
2804 3082 2913 3139 qua
2958 3069 3160 3140 singuli
3199 3068 3265 3123 ad
3307 3082 3405 3123 sua
3436 3067 3523 3121 di-

1938 3159 2114 3228 spersi
2147 3158 2387 3221 abirent,
2414 3172 2583 3227 seque
2614 3157 2792 3213 solum
2833 3156 3224 3226 relinquerent.
3257 3155 3350 3209 Sic
3385 3170 3523 3226 pra--

1936 3261 2084 3306 terea
2116 3250 2348 3320 legimus
2380 3252 2434 3306 in
2465 3250 2700 3305 Psalmis
2726 3269 2737 3304 :
2776 3268 2793 3302 ι
2819 3247 3213 3320 lmproperium
3234 3256 3522 3320 exspecta-

1934 3343 2011 3395 vit
2042 3343 2224 3397 anima
2256 3357 2400 3406 mea,
2433 3349 2487 3398 et
2518 3342 2821 3398 miseriam.
2871 3339 3197 3411 Exspectsvi
3245 3343 3336 3410 qni
3386 3356 3522 3395 con-

1933 3434 2160 3499 doleret,
2192 3442 2246 3490 et
2293 3450 2402 3489 non
2452 3434 2589 3501 fuit;
2632 3441 2687 3489 et
2726 3435 2818 3505 qui
2862 3435 3271 3499 consolaretur,
3321 3443 3521 3490 etnon

1940 3525 2119 3578 inveni
2150 3525 2217 3580 '°.
2258 3544 2275 3577 ι
2320 3526 2388 3579 At
2420 3539 2550 3579 vero
2594 3526 2954 3595 quantumvis
3000 3542 3094 3594 ego
3142 3528 3288 3580 solus
3332 3542 3519 3588 essent,

1934 3614 2239 3669 conculcavi
2292 3622 2474 3669 tamen
2514 3608 2601 3669 eos
2648 3615 2703 3668 in
2749 3613 2949 3683 furore.
3000 3614 3077 3668 Ex
3119 3629 3229 3685 quo
3277 3616 3425 3669 enim
3466 3615 3520 3668 in

1932 3707 2104 3761 caelos
2146 3706 2393 3761 ascendit
2442 3704 2729 3771 Dominus,
2761 3707 2975 3760 nullum
3012 3720 3116 3759 non
3156 3722 3331 3778 genus
3367 3707 3523 3761 cala-

1933 3798 2141 3853 mitatis
2189 3797 2429 3868 experiri
2464 3796 2687 3853 .Iudteos
2737 3798 2991 3869 contigit.
3034 3797 3139 3854 Sed
3175 3797 3353 3854 fuerat
3395 3799 3521 3855 illo-

1936 3904 2051 3943 rum
2083 3888 2450 3943 retributionis
2494 3895 2715 3959 tempus
2761 3888 2928 3951 idem,
2960 3889 3051 3957 qui
3088 3899 3143 3945 et
3191 3890 3522 3961 redemptio-

1934 3982 2051 4044 nis,
2102 3982 2149 4036 si
2197 3981 2318 4050 ejus
2365 3981 2661 4036 adventum
2711 3981 3126 4051 cognovissent.
3165 3980 3279 4036 Etsi
3316 3995 3519 4045 autem,

1936 4071 2132 4141 inquit,
2150 4070 2327 4135 nullus
2352 4080 2506 4125 esset.
2527 4071 2617 4138 qui
2640 4070 2725 4125 vel
2749 4070 3118 4125 consolaretur
3134 4070 3217 4126 vel
3244 4072 3521 4141 adjuvare:

1935 4162 2101 4232 (quod
2145 4157 2369 4216 Scribas
2419 4168 2474 4213 et
2508 4158 2820 4217 Pliarisaeos
2858 4160 3040 4215 facere
3081 4162 3349 4230 oportuit,
3382 4176 3522 4229 quos

1936 4253 2197 4321 populum
2246 4254 2299 4306 in
2336 4251 2679 4305 contrarium
2727 4261 2978 4306 avertere
3031 4252 3365 4319 constabat),
3420 4252 3523 4306 sal-

1932 4344 2078 4395 vavit
2111 4352 2294 4396 tamen
2342 4358 2437 4397 eos
2482 4343 2661 4396 virtus
2692 4356 2833 4397 mea.
2868 4341 3007 4396 Sunt
3039 4342 3183 4397 enim
3212 4340 3373 4397 ﬁdem
3404 4357 3523 4397 am-

1932 4436 2077 4504 plcxi
2106 4432 2279 4487 ,ιυόωί
2328 4435 2584 4504 permulti
2621 4451 2633 4487 :
2667 4434 2851 4489 caeteri
2895 4444 3103 4495 autem,
3133 4433 3226 4501 qui
3269 4432 3519 4488 eamdem

1936 4535 2284 4585 recusarunt,
2332 4526 2418 4577 ira
2459 4524 2606 4593 justa
2636 4524 2868 4592 accepti,
2914 4530 2968 4577 et
3016 4522 3252 4576 multati.
3304 4520 3521 4576 Conve-

233 4612 451 4677 ήγαγεν
491 4610 628 4674 ὑπὲρ
662 4610 823 4680 ἡμῶν
856 4610 932 4679 τῷ
975 4612 1178 4681 Πατέρι
1239 4611 1547 4681 δυσώπημα
1592 4615 1686 4667 καὶ
1742 4614 1832 4668 λυο

1904 4620 2098 4672 ›ιιὶιιιιι
2148 4633 2279 4670 vero
2337 4618 2627 4680 nonnulli,
2681 4631 2806 4670 cum
2856 4631 2983 4670 cum
3028 4613 3212 4669 Patris
3262 4614 3520 4667 mandato

230 4701 387 4769 τρὺν,
420 4692 605 4753 ἄνοδον
637 4702 716 4762 εἰς
746 4701 1008 4769 οὐρανοὺς
1042 4701 1243 4765 διδοὺς,
1270 4701 1366 4764 οὓς
1397 4703 1505 4755 ἔδει
1552 4706 1704 4757 κάτω
1734 4707 1826 4776 μὲ-

232 4808 351 4842 νειν
383 4791 445 4841 ὲκ
467 4790 564 4858 τῆς
594 4792 945 4859 ἀποφάσεως,
981 4792 1071 4844 καὶ
1109 4792 1348 4861 συνάψας
1389 4797 1502 4857 τοῖς
1543 4796 1655 4849 ἀνω
1702 4801 1826 4861 τοὺς

230 4880 410 4932 κάτω.
458 4881 732 4947 ’Λγγέλων
760 4881 816 4934 δὲ
839 4882 1189 4951 ἀπορούντων
1213 4885 1449 4946 ἀκούων,
1486 4886 1560 4955 μὴ
1600 4888 1819 4951 ἐκείνοις

228 4972 462 5036 ἄγνοιαν
494 4968 778 5039 προσάψῃς
810 4970 1027 5039 (ᾔδεσαν
1054 4971 1161 5039 γὰρ
1187 4972 1254 5022 τὰ
1298 4972 1403 5024 ὑπὸ
1436 4971 1529 5023 τοῦ
1572 4974 1825 5043 Σωτῆρος

228 5060 692 5129 οἰκονομούμενα.
726 5061 817 5127 ἀφ’
862 5058 920 5114 οὗ
952 5062 1047 5113 καὶ
1101 5063 1491 5130 σεσάρκωται),
1527 5066 1641 5116 ἀλλ’
1690 5068 1824 5135 ἡγοῦ

227 5137 673 5204 διδασκαλίανίώ
713 5155 965 5221 πρᾶγμα,
1016 5154 1098 5205 ὅτι
1146 5156 1237 5206 καὶ
1275 5156 1492 5222 ἄγγελοι
1541 5157 1825 5226 χαίρουσιν

228 5245 328 5296 ἐπὶ
353 5246 418 5313 τῇ
441 5243 551 5296 τῶν
572 5243 753 5315 ἀνθρώ
766 5262 877 5296 πων
906 5246 1172 5316 σωτηρίᾳ,
1198 5246 1291 5299 καὶ
1314 5246 1501 5299 τοῦτον
1527 5251 1823 5319 ἁνυμνοῦσι

227 5334 635 5403 θαυμάζοντες,
662 5333 781 5398 πῶς
810 5334 902 5387 τὸν
929 5337 1062 5406 ἡμῖν
1092 5337 1445 5407 ὀφειλόμενον
1475 5340 1695 5407 ἐδέξατο
1721 5344 1816 5395 θά-

224 5442 413 5479 νατον.
446 5425 579 5478 Οὐδὲ
604 5426 714 5495 γὰρ
736 5424 801 5479 ἂν
832 5425 1007 5489 εἴποις
1030 5427 1245 5493 ἀγνοεῖν
1272 5430 1399 5491 τοὺς
1434 5431 1719 5499 ἀγγέλους,
1743 5434 1817 5495 ὡς

334 5585 381 5616 ⁷⁸
415 5584 558 5638 Psal.
598 5600 750 5648 xxiii,
784 5585 836 5640 8.
944 5586 985 5616 ⁷⁷
1017 5582 1176 5641 Joan.
1227 5603 1329 5651 xu,
1372 5588 1458 5642 3|.

1570 5589 1616 5621 "
1654 5588 1791 5644 Cen.
1836 5606 1983 5655 thv,
2026 5593 2113 5647 Η.

1932 4710 2209 4779 paruisse,
2243 4724 2365 4763 cum
2412 4716 2644 4763 mortem
2689 4722 2788 4777 pro
2817 4706 2975 4760 nobis
3006 4706 3336 4773 amplexum,
3368 4719 3520 4759 eam.

1929 4802 2074 4864 dem,
2121 4813 2375 4871 tanquam
2433 4801 2485 4853 in
2532 4798 2811 4862 torculari,
2848 4798 3225 4861 conculcasss;
3272 4811 3396 4850 cum
3432 4798 3519 4848 in-

1927 4896 2228 4962 quinatum,
2277 4901 2536 4961 tauquam
2598 4892 2741 4946 solet
2794 4890 3090 4944 calcatione
3149 4888 3388 4953 fructus,
3433 4904 3520 4943 se-

1934 4986 2114 5054 ipsutn
2147 4984 2294 5037 Patri
2339 4999 2437 5053 pro
2472 4984 2628 5037 nobis
2657 4983 3018 5052 placationem
3051 4982 3519 5052 redemptionem-

1928 5093 2035 5145 qne
2070 5078 2394 5143 prtebuisse;
2428 5092 2551 5130 eum
2605 5074 2768 5130 etiam
2821 5074 3056 5128 reditum
3089 5073 3141 5127 in
3173 5073 3371 5127 caelum
3408 5073 3518 5128 illis

1929 5169 2297 5228 concessisse,
2338 5180 2480 5235 quos
2518 5164 2777 5219 deorsum
2825 5162 3076 5232 oportuit
3119 5174 3343 5214 manere
3383 5174 3518 5213 con-

1927 5258 2237 5318 demnatos,
2266 5272 2390 5309 eum
2423 5254 2628 5309 inferos
2661 5254 2894 5323 denique
2915 5251 3132 5322 superis
3159 5252 3515 5318 coniunxisse

1927 5345 2202 5399 dixerunt.
2240 5344 2358 5399 .lam
2390 5360 2520 5397 vero
2546 5359 2670 5398 cum
2702 5342 2924 5414 angelos
2960 5341 3299 5407 interrogare
3331 5340 3511 5398 audis.

1928 5450 1996 5491 ne
2023 5436 2155 5506 ipsis
2182 5435 2343 5507 723
2380 5435 2779 5507 ignorationem
2814 5432 3087 5487 attribuas
3118 5433 3338 5501 (norant
3370 5430 3513 5483 enim

2225 5594 2268 5625 τ’
2307 5593 2499 5648 Matth.
2538 5608 2688 5656 xxvi,
2726 5594 2812 5649 iii.
2929 5589 2973 5622 ³⁸
3006 5587 3151 5645 Psal.
3195 5594 3387 5656 sttil,
3422 5588 3516 5644 2i.

1515 5705 1742 5759 VARI/13
1803 5706 2201 5763 LFCTIONE‘S.

303 5805 331 5844 Ρ
360 5798 421 5848 λ.
456 5796 557 5857 εἰς.
594 5814 605 5827 ·
633 5804 659 5842 ει
690 5810 778 5861 γρ.
802 5791 1177 5861 συμφωνοῦσι.
