4248 6428
283 362 419 425 2677
1402 374 1930 442 COMMENTARII

1852 381 1930 442 ιιι
1962 381 2039 440 1N
2076 378 2355 439 ISAIAM.
3386 374 3529 439 9678

281 469 490 538 Πατὴρ
522 470 737 523 πάντων
764 472 1109 543 πνευμάτων,
1148 480 1239 532 καὶ
1264 480 1373 533 τῶν
1400 492 1517 536 κατ’
1546 488 1728 541 εἰκόνα
1758 490 1855 557 τὴν
1885 495 1926 549 Α

1849 495 1926 549 νΑ
1961 488 2230 553 minister,
2289 500 2438 554 pater
2490 494 2669 539 noster
2716 480 2840 551 fuit,
2866 483 2961 539 sed
3002 490 3080 546 tu,
3111 481 3203 550 qui
3256 482 3321 534 de
3354 482 3526 537 nihilo

282 561 383 631 σὴν
430 563 817 630 πεποιημένων
859 564 1064 632 ψυχῶν.
1111 567 1348 633 Ἐκεῖνος
1404 574 1512 642 γὰρ
1541 578 1589 627 εί
1618 579 1709 629 καὶ
1755 579 1852 646 τὴν

1847 597 1852 622 ι
1960 578 2294 647 producens,
2332 592 2439 632 non
2464 578 2624 631 modo
2660 577 2951 645 spirituum
2985 574 3227 627 omnium
3265 572 3421 627 Pater
3446 593 3524 634 cs.

278 650 617 720 ἐπαγγελίαν
644 654 882 723 είληφεν,
923 655 1036 708 ἀλλ’
1062 660 1211 727 ἡμᾶς
1267 662 1326 714 οὐ
1378 665 1649 719 τεθέαται.
1687 667 1849 721 Ὅθεν

1957 675 2050 724 sed
2088 669 2398 723 animarum
2431 668 2621 729 etiam,
2653 683 2771 735 quin
2803 676 2930 720 sunt
2960 665 3027 719 ad
3059 664 3352 732 imaginem
3379 673 3526 718 tuam

278 742 505 811 ἐλέησον
561 744 731 812 ἡμᾶς,
766 744 857 807 οὓς
890 745 956 797 τὸ
998 747 1117 800 σὸν
1162 748 1349 819 ὄνομα
1381 757 1595 822 κοσμεῖ.
1620 756 1852 824 Κλῆρος

274 832 527 899 γάρσου
565 833 900 903 κεκλήμεθα.
920 835 1009 904 Τῷ
1040 836 1117 907 σῷ
1140 839 1319 892 τοίνυν
1339 842 1583 913 ὀνόματι
1607 847 1848 916 χάρισαι,

274 921 353 984 ὼς
379 923 445 975 ἂν
472 923 546 993 μὴ
572 923 961 997 βλασφημῆται
988 929 1138 997 παρὰ
1169 933 1278 992 τοῖς
1316 930 1545 988 ἔθνεσιν.
1588 934 1772 990 Ταῦτα
1794 938 1852 1000 ἐξ

273 1014 479 1065 οἰκείου
518 1014 829 1085 προσώπου,
878 1018 972 1069 καὶ
1016 1019 1125 1070 τῶν
1168 1020 1573 1092 εὑλαὸεστέρων
1606 1025 1776 1079 εἰπὼν
1823 1028 1851 1079 ό

276 1105 587 1173 προφήτης,
620 1106 830 1173 εἰσάγει
876 1109 1003 1171 τοὺς
1038 1110 1095 1162 ἐν
1120 1109 1197 1179 τῷ
1231 1110 1343 1180 λαῷ
1395 1115 1695 1181 φιλαιτίους
1752 1118 1852 1169 οὐκ

272 1192 567 1256 ὀκνοῦντας
624 1196 772 1264 αὐτῷ
813 1196 1073 1261 πολλάκις
1122 1201 1578 1271 καταμέμφεσθαι
1628 1205 1705 1274 τῷ
1733 1206 1851 1275 Θεῷ

273 1283 536 1349 λέγοντας
572 1299 586 1314 ·
627 1285 687 1337 Tt
713 1284 1069 1351 ἐπλάνησας
1113 1286 1290 1354 ἡμᾶς,
1350 1289 1549 1356 Κύριε,
1580 1289 1698 1343 ἀπὸ
1741 1291 1852 1358 τῆς

274 1370 423 1424 ὀδοῦ
476 1386 636 1435 σου;
688 1372 763 1435 ὠς
813 1372 878 1426 ἂν
920 1372 1081 1426 αὑτὸν
1133 1375 1232 1444 τῆς
1279 1368 1626 1446 ἐκπτώσεως,
1660 1380 1725 1449 ἢν
1765 1381 1851 1433 διά

271 1462 512 1532 Χριστὸν
546 1463 869 1530 ὑπέμειναν,
894 1463 1230 1533 αἰτιώμενοι,
1262 1467 1408 1519 κατὰ
1437 1468 1563 1531 τοὺς
1596 1469 1852 1537 λέγοντας

271 1552 384 1604 ἀπὸ
430 1553 523 1605 τοῦ
587 1553 716 1607 λαοῦ
759 1553 962 1617 παντὸς
990 1556 1083 1608 τὸν
1119 1556 1280 1623 λόγον
1336 1558 1613 1629 είρῆσθαιο
1685 1561 1851 1630 ἧγουν

269 1644 381 1698 ἀπὸ
442 1643 536 1697 τοῦ
587 1645 888 1715 προφήτου,
934 1646 993 1709 ὂς
1025 1649 1224 1713 πάντα,
1252 1650 1548 1718 querimini
1575 1651 1666 1705 τὸν
1717 1651 1851 1704 Θεὸν

268 1737 561 1807 ἀναφέρει,
614 1737 712 1805 οὐχ
778 1735 854 1799 ὡς
893 1738 987 1790 τοῦ
1020 1739 1358 1809 ἁμαρτάνειν
1386 1744 1580 1806 αἴτιον,
1607 1741 1724 1796 ἀλλ’
1774 1742 1849 1806 ὡς

1954 771 2279 830 procreatae.
2308 758 2392 813 llli
2434 758 2583 812 cnim
2632 758 2733 810 Chi
2772 756 3067 825 promissio
3116 755 3259 807 facta
3292 761 3397 819 est,
3429 770 3530 810 nos

1954 857 2133 903 tamen
2162 847 2306 902 haud
2337 848 2488 902 vidit.
2530 845 2709 900 Nostri
2741 846 2927 916 igitur,
2964 845 3216 909 obsecro,
3248 845 3530 903 miserere.

1953 952 2092 1007 quos
2146 951 2332 990 nomen
2382 944 2529 988 tuum
2587 942 2840 989 exornat.
2904 932 3206 986 [hereditas
3253 932 3398 985 enim
3440 940 3532 983 tua

1954 1041 2357 1097 nuncupamur.
2399 1025 2454 1079 Id
2509 1042 2641 1094 ergo
2700 1025 2905 1078 nomini
2943 1031 3034 1077 tuo
3068 1023 3269 1092 largire
3301 1030 3360 1075 ut
3388 1023 3529 1090 apud

1957 1129 2151 1186 gentes
2193 1132 2301 1171 non
2332 1116 2764 1185 blasphematur.
2808 1114 2941 1179 Quae
2971 1128 3096 1165 cum
3130 1127 3158 1165 a
3187 1127 3286 1168 sua
3319 1120 3373 1165 et
3403 1113 3533 1165 reli-

1955 1204 2229 1273 giosorum
2262 1220 2496 1272 persona
2546 1212 2869 1269 usurpasset
2907 1202 3069 1272 730
3105 1200 3392 1271 propheta,
3438 1215 3535 1252 ens

1950 1295 2085 1361 jam,
2112 1295 2207 1361 qui
2234 1294 2301 1347 de
2339 1292 2541 1362 papulo
2570 1292 3024 1346 accusationibus
3056 1292 3360 1361 gaudentes
3390 1306 3533 1356 saep:

1955 1381 2125 1436 Deum
2157 1396 2388 1450 arguere
2421 1396 2530 1434 non
2560 1379 2903 1443 dubitarent,
2937 1396 2970 1432 a
3007 1379 3231 1432 Domino
3258 1378 3533 1448 postulare

1957 1471 2109 1535 facit,
2140 1486 2301 1539 quare
2326 1486 2379 1524 se
2410 1486 2441 1523 a
2465 1474 2551 1523 ria
2581 1469 2695 1539 ejus
2725 1484 2904 1524 errare
2928 1469 3156 1536 fecisset,
3184 1476 3245 1521 ut
3274 1467 3340 1521 ad
3379 1468 3531 1520 illum

1955 1562 2281 1617 calamitatis
2332 1562 2475 1628 ejus.
2530 1576 2697 1631 quam
2756 1570 2978 1629 propter
3036 1559 3322 1615 Christum
3385 1575 3533 1627 passi

1954 1661 2120 1717 sunt,
2163 1654 2568 1708 accusationem
2614 1669 2681 1707 ex
2718 1668 2908 1708 eorum
2951 1653 3221 1707 sententia
3268 1651 3528 1715 referant,

1952 1749 2044 1817 qui
2075 1750 2260 1819 populi
2298 1750 2465 1803 totius
2496 1763 2803 1804 sermonem
2840 1764 2963 1805 esse
2996 1751 3219 1815 volunt;
3252 1761 3345 1804 aut
3379 1758 3529 1805 certe

268 1826 657 1896 συγχωροῦντα
692 1844 706 1859 ο
738 1828 806 1881 δι’
830 1822 906 1882 ὧν
922 1830 982 1882 οὐ
1024 1832 1369 1901 παραχρῆμα
1398 1833 1554 1902 δίκην
1587 1834 1849 1906 είσπράτυ
1880 1810 1923 1867 Β

1880 1810 1923 1867 Β
1955 1810 2257 1910 prophetas,
2318 1854 2348 1891 a
2403 1853 2514 1909 quo
2574 1840 2640 1893 ad
2683 1840 2849 1895 Deum
2885 1842 3091 1904 omnia,
3126 1810 3235 1896 non
3271 1848 3530 1911 tanquam

264 1934 442 1969 τεται.
505 1917 691 1981 Οὕτως
737 1919 1146 1990 ἁμαρτάνοντες
1206 1923 1523 1991 πεπρᾶσθαι
1580 1923 1850 1995 λεγόμεθα

266 2004 400 2075 παρ’
440 2004 627 2069 αὐτοῦ,
677 2006 752 2070 ὡς
773 2008 896 2070 ταῖς
939 2007 1095 2071 ίδίαις
1137 2009 1434 2079 ἁμαρτίαις
1491 2010 1848 2082 ἐκδεδομένοι.

265 2095 359 2147 Διδ
387 2095 482 2149 καὶ
509 2095 600 2148 τοῦ
619 2096 822 2167 ⁴Ιιαραὼ
858 2097 1157 2168 σκληρῦναι
1215 2099 1435 2169 λέγεται
1479 2103 1577 2170 τὴν
1600 2104 1849 2174 καρδίαν,

262 2184 403 2237 διότι
461 2187 854 2257 μακροθυμῶν,
903 2189 1002 2242 οὑκ
1045 2190 1151 2243 ἀπὸ
1203 2189 1428 2262 πρώτης
1480 2193 1645 2248 αὑτὸν
1676 2194 1849 2251 ἀνεῖλε

266 2274 511 2345 πληγῆς,
541 2276 616 2338 ὼς
641 2276 707 2330 ἂν
730 2277 990 2341 πολλάκις
1008 2280 1331 2349 παιομένου,
1366 2283 1458 2334 καὶ
1492 2282 1568 2353 μὴ
1594 2284 1850 2354 ἐπιστρέ-

265 2380 483 2430 φοντος,
519 2364 763 2429 ἀναίτιος
802 2365 987 2435 δειχθῇ
1016 2364 1117 2435 τὴν
1152 2368 1390 2438 ἐσχάτην
1429 2371 1651 2439 ἐπάγων
1710 2372 1848 2442 πλη-

263 2458 391 2525 τήν.
416 2458 486 2511 Σὺ
507 2457 551 2510 δ’
583 2455 697 2523 οὖν,
719 2461 748 2512 ὁ
764 2459 916 2524 Θεὸς,
938 2467 967 2496 υ
989 2459 1089 2513 διὰ
1114 2460 1256 2528 τοὺς
1277 2460 1541 2528 δούλους
1566 2481 1681 2519 σου
1696 2482 1709 2495 ·
1750 2465 1847 2519 καὶ

262 2548 374 2617 γὰρ
426 2549 573 2611 εἰκὸς
625 2546 764 2603 εἷναί
826 2568 978 2613 τινας
1042 2552 1099 2604 ὲν
1158 2552 1236 2621 τῷ
1296 2554 1488 2625 πλήθει
1550 2555 1844 2621 τοιούτουςο

259 2640 431 2707 ήγουν
465 2639 565 2693 διὰ
600 2641 726 2703 τοὺς
794 2640 938 2694 κατὰ
966 2642 1160 2708 γενεὰν
1212 2644 1686 2714 εὐαρεστήσαντάς
1736 2662 1845 2699 σοι’

260 2730 433 2798 ἤγουν
463 2730 652 2801 ἐπειδὴ
685 2730 831 2795 ἅπαξ
903 2732 1220 2803 ἐφθάσαμεν
1247 2734 1468 2802 κλῆρος
1488 2737 1846 2806 ὀνομάζεσθαι

266 2823 380 2884 σος,
413 2824 461 2874 εί
514 2823 606 2874 καὶ
658 2822 732 2892 μὴ
761 2823 829 2875 δι’
852 2824 1162 2888 εὐπειθείας
1189 2826 1585 2895 δουλεύομεν.
1626 2829 1744 2881 Ἔτι
1790 2829 1845 2882 δέ

263 2912 361 2963 καὶ
382 2911 481 2964 διὰ
517 2912 622 2977 τὰς
660 2912 859 2980 φυλὰς
890 2913 998 2981 τῆς
1025 2918 1429 2985 κληρονομίας
1450 2932 1588 2981 σου,
1615 2918 1752 2988 ὅπερ
1768 2920 1845 2981 είς

262 3002 463 3054 ταύτὸν
484 3002 670 3056 τείνει.
705 3004 910 3071 Ἥγουν
937 3006 1062 3068 τοὺς
1092 3008 1213 3063 κατ’
1255 3002 1397 3070 εἶδος
1416 3008 1844 3077 εὐαρεστοῢντάς

1953 1932 2216 1999 peccandi
2251 1940 2441 1985 auctor
2468 1933 2559 1995 sit,
2614 1932 2708 1988 sed
2743 1940 3003 2002 tanquam
3038 1948 3268 2004 peccare
3302 1935 3533 2003 permit-

1952 2029 2048 2086 tat,
2083 2021 2275 2077 rel'erri
2311 2022 2485 2086 aiunt,
2518 2023 2719 2092 quibus
2744 2023 2999 2087 cmcitur,
3043 2032 3102 2078 ut
3139 2039 3329 2094 pinnas
3348 2025 3532 2079 statim

1950 2126 2061 2167 non
2086 2119 2367 2181 exposcat.
2404 2110 2526 2166 Non
2558 2112 2661 2166 alia
2691 2113 2904 2169 ratione
2936 2128 3061 2167 cum
3115 2129 3429 2184 peccamus,
3468 2117 3536 2170 ab

1949 2203 2141 2259 eodem
2176 2204 2473 2260 venundati
2502 2206 2773 2273 dicimur;
2806 2214 3065 2277 tauquam
3103 2208 3346 2277 peccatis
3401 2224 3535 2261 nos-

1948 2295 2051 2348 tris
2100 2293 2389 2349 dcdamur.
2451 2296 2582 2353 Inde
2640 2306 2696 2353 et
2758 2312 2855 2351 cor
2897 2297 3205 2355 Pharaonis
3248 2300 3536 2354 indui-asse

1950 2385 2149 2455 legitur
2180 2386 2248 2451 ”,
2275 2387 2536 2455 quoniam
2585 2388 2782 2442 leniter
2814 2388 2867 2441 in
2903 2404 3025 2443 eum
3065 2404 3124 2445 se
3173 2405 3390 2457 gerens,
3426 2406 3532 2443 non

1949 2476 2123 2546 prima
2169 2479 2354 2533 statim
2416 2478 2595 2548 ipsum
2647 2480 2805 2549 plaga
2838 2482 3100 2546 sustulit;
3136 2490 3195 2536 ut
3224 2496 3348 2537 cum
3390 2497 3533 2550 same

1948 2569 2120 2638 tangi,
2146 2584 2248 2624 nec
2281 2570 2615 2639 resipiscere
2648 2571 3001 2627 manifestum
3032 2582 3201 2637 esset,
3230 2580 3531 2627 extremam

1948 2656 2161 2727 plagam
2194 2674 2301 2713 non
2332 2660 2535 2728 injuria
2585 2672 2869 2717 constaret
2910 2662 3181 2734 inﬂigere.
3217 2662 3533 2718 Convertere

1947 2745 2132 2815 igitur,
2162 2763 2195 2801 ο
2227 2746 2387 2813 Deus,
2418 2759 2628 2817 propter
2650 2766 2826 2806 servos
2865 2762 3024 2817 tuos;
3064 2753 3377 2823 cujusmodi
3410 2771 3534 2811 esse

1945 2836 2162 2905 aliquos
2195 2837 2248 2890 iu
2289 2837 2392 2892 hac
2425 2837 2729 2906 frequentia
2770 2858 2878 2896 non
2924 2852 3007 2898 est
3065 2844 3479 2900 dissentaueum
3518 2865 3530 2899 :

1944 2928 2028 2980 vel
2058 2936 2271 2996 propter
2296 2943 2415 2993 eos,
2443 2933 2536 3000 qui
2584 2933 2888 2987 secundum
2922 2942 3135 2991 (etatem
3181 2937 3275 2991 tibi
3316 2939 3533 3007 placue-

1944 3026 2110 3083 runt;
2142 3018 2224 3073 vel
2254 3020 2420 3074 etiam
2446 3061 2461 3087 ,
2500 3024 2629 3091 quia
2676 3023 2787 3093 jam
2838 3024 2931 3079 diu
2968 3038 3116 3081 certe
3169 3029 3529 3082 Im'redimtem

265 3103 350 3137 σοι
394 3086 770 3156 ἐπίστρεψον
830 3091 997 3160 ἡμᾶς,
1065 3092 1152 3145 ῐνα
1201 3094 1473 3163 προφάσει
1514 3096 1625 3148 τῶν
1676 3097 1841 3164 ἀξίων
1869 3138 1911 3195 C

1869 3138 1911 3195 Ο
1948 3120 2093 3161 tuam
2122 3111 2309 3164 vocari
2345 3127 2445 3168 nos
2491 3114 2741 3184 contigit,
2782 3118 3035 3186 quamvis
3085 3119 3531 3189 obtemperantes

260 3176 579 3247 δυνηθῶμεν
603 3178 697 3230 καὶ
719 3181 883 3248 ἡμεῖς
904 3180 1125 3249 μικρᾶς
1183 3184 1402 3252 μερίδος
1447 3189 1630 3256 τυχεῖν
1663 3188 1721 3239 ἐν
1762 3187 1843 3257 τῷ

261 3267 660 3338 ἐπηγγελμένῳ
684 3270 786 3322 ὑπὸ
815 3270 910 3323 σοῦ
950 3273 1072 3340 ὄρει
1094 3273 1257 3342 ἁγίῳ.
1292 3276 1447 3329 Φίλον
1469 3277 1526 3329 δὲ
1558 3281 1624 3348 τῇ
1650 3279 1842 3350 Γραφῇ

263 3357 404 3423 ὅρος
462 3356 634 3425 ἅγιον
665 3359 763 3429 τὴν
822 3360 1151 3432 Ἐκκλησίαν
1210 3366 1418 3431 καλεῖν,
1458 3362 1525 3439 ἦς
1574 3370 1840 3437 γεγόνασι

254 3451 463 3521 ,βραχύ
494 3467 548 3503 τι
582 3452 748 3523 μέρος
772 3456 821 3506 οἱ
856 3453 916 3518 ἐξ
983 3455 1218 3527 Ἰσραὴλ,
1266 3457 1353 3512 διὰ
1382 3461 1442 3512 τὸ
1476 3461 1842 3533 κατάλειμμα,

261 3540 357 3592 τοῦ
383 3540 443 3605 ἐξ
470 3540 637 3595 ἐθνῶν
683 3544 913 3614 ἀπείρου
956 3545 1196 3615 πλήθους
1244 3548 1654 3616 πιστεύσαντος.
1676 3553 1839 3618 Είκὺς

260 3630 318 3682 δὲ
356 3632 556 3695 αὐτοὺς
579 3634 752 3687 αίτεῖν
802 3636 895 3688 καὶ
937 3638 994 3689 ἐν
1024 3639 1090 3707 τῇ
1116 3637 1228 3692 ἄνω
1253 3640 1405 3693 πόλει
1451 3640 1623 3712 βραχύ
1663 3661 1715 3695 τι
1748 3644 1846 3712 μέ-

264 3736 360 3789 ρος
380 3724 814 3793 κληρονομεῖν.

1952 3204 2085 3256 servi
2115 3219 2224 3258 non
2253 3206 2449 3262 simus.
2484 3208 2563 3262 Ad
2594 3209 2697 3262 hoc
2729 3216 2781 3263 et
2812 3220 3027 3278 propter
3054 3211 3219 3265 tribus
3252 3212 3533 3267 [neredita-

1952 3298 2019 3351 tis
2069 3308 2209 3363 tam;
2249 3298 2395 3369 quod
2428 3298 2626 3353 eodem
2684 3313 2937 3370 spectare
2968 3306 3268 3371 putandum
3300 3314 3404 3358 est.
3439 3302 3530 3357 Vel

1952 3399 2053 3440 nos
2082 3386 2338 3458 denique,
2373 3387 2463 3457 qui
2518 3387 2614 3441 tibi
2645 3388 2829 3456 specie
2860 3397 3020 3445 tenus
3072 3392 3374 3461 placemus.
3414 3392 3531 3461 ipse

1953 3489 2226 3541 converte;
2256 3487 2389 3533 utet
2411 3493 2601 3534 eorum
2636 3479 2726 3549 qui
2759 3480 2907 3550 digni
2934 3490 3082 3546 sunt,
3109 3482 3293 3537 habita
3319 3484 3533 3537 ratione

1952 3563 2201 3633 exiguam
2236 3575 2447 3634 partem
2511 3566 2703 3621 montis
2759 3581 2789 3620 a
2841 3576 2894 3622 te
2952 3571 3210 3638 promissi
3249 3569 3532 3639 possidere

1954 3656 2257 3711 valeamus.
2326 3658 2422 3712 Est
2482 3672 2614 3712 vero
2676 3658 2973 3729 Scriptura‘
3032 3661 3295 3717 usitatum
3358 3663 3531 3716 sancti

1958 3746 2149 3798 montis
2204 3747 2571 3817 appellatione
2612 3748 2916 3804 Ecclesiam
2975 3751 3318 3821 signiﬁcare;
3370 3752 3530 3823 cujus

261 3813 459 3881 exigua
509 3828 658 3881 pars,
690 3824 915 3884 propter
960 3809 1243 3887 reliquias,
1274 3819 1373 3889 ipsi
1420 3819 1642 3876 fuerunt
1674 3824 1934 3883 Israelita:
1968 3849 1982 3885 :
2053 3850 2175 3889 cum
2206 3809 2469 3906 gentium,
2497 3839 2590 3909 qui
2646 3809 3054 3906 crediderunt,w
3082 3843 3328 3900 iniluitus
3383 3809 3532 3901 esset

262 3919 553 3958 numerus.
605 3904 700 3961 Est
733 3917 997 3977 praeterea
1042 3924 1150 3965 non
1186 3911 1509 3977 absurdum,
1546 3931 1662 3980 eos,
1694 3926 1752 3970 ut
1829 3919 1885 3975 in
1959 3938 2197 3996 superna
2252 3929 2475 3987 civitate
2534 3932 2857 4001 particulam
2908 3936 3143 4006 aliquam
3198 3938 3526 4006 possideant,

301 3997 569 4051 ostulare.

301 4013 569 4051 oswiare.

262 4013 295 4066 ρ
332 4090 491 4153 Τινὲς
522 4089 580 4141 δέ
612 4106 795 4157 φασιν,
834 4093 945 4145 τῶν
985 4095 1325 4165 Ἀσσυρίων
1370 4098 1468 4170 τὴν
1535 4103 1635 4171 γῆν
1663 4104 1846 4158 αὐτῶν

2025 4108 2455 4185 Plaeet.quoque
2483 4118 2786 4182 nonnullis,
2820 4135 2943 4175 cum
2980 4136 3165 4177 eorum
3200 4133 3399 4183 terram
3424 4129 3529 4183 As-

260 4182 596 4251 ἐσχηκότων,
630 4184 1056 4239 ἀντοικισάντων
1077 4205 1137 4239 τε
1169 4189 1297 4252 τοὺς
1332 4192 1672 4259 Γοθοαίους
1706 4204 1756 4255 ν.
1793 4199 1843 4250 οἳ

1950 4202 2085 4271 syrii
2120 4182 2509 4274 occupassent,
2541 4209 2919 4280 Chuthwisque
2959 4212 3073 4283 (qui
3108 4216 3270 4273 etiam
3318 4182 3386 4273 de
3424 4182 3529 4275 loci

259 4274 356 4326 καὶ
386 4275 727 4344 Σαμαρεῖται
749 4275 826 4345 τῷ
851 4278 1001 4348 τόπῳ
1035 4284 1567 4354 παρωνομάσθησαν,
1603 4289 1842 4359 περιλει-

1952 4294 2172 4349 nomine
2219 4295 2549 4354 Samaritani
2612 4303 2911 4372 nuncupati
2980 4305 3129 4375 sunt)
3178 4308 3526 4365 habitandam

258 4364 461 4433 φθῆναι
493 4365 586 4418 δύο
604 4366 776 4436 ἥμισυ
811 4367 973 4437 μόνον
1001 4371 1225 4438 φυλὰς,
1262 4374 1318 4426 αἳ
1341 4375 1545 4445 βραχύ
1579 4394 1634 4430 τι
1660 4381 1845 4446 μέρος

1950 4382 2267 4452 dedissent;
2304 4389 2445 4443 duas
2481 4397 2695 4445 tantum
2745 4364 2915 4447 tribus
2946 4403 2999 4449 et
3048 4364 3329 4453 dimidiam
3361 4364 3526 4456 relic-

258 4455 536 4523 κατεῖχον.
590 4454 648 4508 Ὀ
670 4457 959 4526 προφήτης
989 4466 1014 4494 ι
1055 4462 1196 4513 αίτεῖ
1246 4462 1381 4533 ὅπερ
1414 4466 1558 4534 ἐχειν
1602 4467 1841 4535 ἐδόκουν,
1877 4526 1919 4561 n

1877 4526 1919 4561 η
1949 4482 2033 4530 tas
2069 4475 2261 4544 fuisse,
2298 4494 2421 4549 quae
2454 4480 2719 4536 modicam
2764 4484 2885 4553 ejus
2929 4496 3134 4553 partem
3170 4503 3523 4561 occuparent.

256 4542 445 4606 αὐτοῖς
478 4543 819 4613 φυλαχθῆναι
850 4547 981 4616 πρὸς
1014 4550 1237 4621 μνήμην
1263 4526 1363 4623 τῆς
1416 4526 1486 4619 ἐξ
1541 4556 1733 4625 ἀρχῆς
1763 4526 1843 4624 εἰς
1876 4526 1919 4581 D

1876 4526 1919 4581 υ
1952 4566 2197 4623 Postulat
2230 4526 2399 4640 igitur
2423 4574 2709 4643 propheta,
2750 4526 2812 4629 ul
2854 4526 3019 4647 quam
3066 4581 3165 4649 ipsi
3205 4526 3405 4639 habere
3446 4586 3528 4639 vi.

255 4634 320 4685 τδ
346 4634 504 4701 γένος
530 4634 710 4687 αὐτῶν
735 4638 1045 4707 εὐμενείας,
1098 4638 1279 4713 ἧσπερ
1332 4646 1614 4718 ἀρθείσης,
1641 4650 1716 4711 ὼὸ
1769 4651 1843 4722 μὴ

1950 4658 2169 4723 dentur,
2202 4675 2263 4714 ea
2299 4662 2455 4731 ipsis,
2500 4664 2554 4717 in
2586 4664 2708 4731 ejus
2758 4666 3151 4724 benevolentia-
3187 4673 3528 4730 recordatio-

254 4725 387 4787 λαὸς
440 4726 679 4796 ἐσόμεθα
728 4728 838 4794 σὸς,
867 4730 1002 4799 μηδέ
1044 4735 1203 4803 μερίς
1257 4752 1351 4789 σου
1380 4740 1841 4808 χρηματίσαντες,

1951 4766 2098 4817 nem,
2134 4767 2240 4822 qua
2278 4754 2344 4807 ab
2376 4755 2529 4808 initio
2560 4756 2711 4827 73]
2747 4773 2921 4827 genus
2965 4775 3155 4815 eorum
3201 4775 3526 4833 prosecutus

255 4816 429 4884 ἤγουν
463 4815 544 4880 ὠς
572 4818 640 4869 τὸ
673 4816 773 4871 ἀπ’
832 4819 1051 4889 ἀρχῆς,
1105 4824 1193 4875 ὅτε
1221 4824 1319 4895 τὴν
1352 4827 1410 4878 ἐν
1436 4829 1699 4899 Αἰγύπτῳ
1726 4831 1842 4883 διας

254 4907 452 4978 τριϐὴν
496 4909 848 4979 ἐποιούμεθα,
914 4913 973 4965 οὺ
1023 4917 1330 4986 προφήτας,
1367 4919 1466 4988 οὐχ
1521 4920 1723 4990 ἱερέας,
1784 4927 1842 4977 οὐ

256 4999 502 5068 βασιλεῖς
523 5004 840 5073 ἐσχηκότες,
885 5007 1004 5062 οὐδὲ
1065 5011 1173 5063 τῶν
1214 5013 1321 5065 σῶν
1375 5018 1842 5085 χαρισμάτωνού-

255 5090 368 5155 δὲν,
400 5092 532 5162 πρὶν
601 5096 733 5165 ἡμῖν
760 5100 1131 5172 ἀποσταλῆναι
1163 5104 1254 5156 τὸν
1302 5106 1525 5161 Μωσέα.
1554 5110 1685 5163 Τότε
1735 5112 1842 5182 γὰρ

256 5182 362 5235 οὐκ
394 5183 699 5255 ἐλεγόμεθα
728 5188 831 5243 σοί.
864 5191 974 5245 Καὶ
1002 5192 1098 5247 νῦν
1119 5195 1177 5250 δὲ
1210 5197 1291 5260 είς
1347 5198 1410 5250 τὸ
1469 5200 1601 5252 αὐτὸ
1653 5204 1840 5273 περιέφ

260 5292 469 5345 στημεν
498 5277 673 5344 τέλος,
699 5280 803 5333 ὑπὸ
844 5284 1009 5350 πόδας
1032 5287 1288 5351 πεσόντες
1317 5290 1442 5353 τοὺς
1482 5291 1839 5357 διαϐολικοὺς.

1949 4852 2054 4909 est,
2087 4852 2366 4911 servetur;
2398 4862 2540 4915 quin,
2584 4848 2629 4901 si
2673 4848 2917 4915 tollatur,
2959 4860 3218 4922 tanquam
3268 4872 3378 4912 non
3431 4856 3525 4913 Dei

1952 4936 2210 5004 populus,
2245 4950 2346 4990 nec
2374 4951 2503 5006 pars
2540 4937 2683 5007 ejus,
2747 4939 2915 4996 futuri
2960 4958 3175 5000 sumus.
3236 4946 3345 5001 Aut
3377 4958 3525 5003 certe

1952 5022 2088 5076 velut
2131 5024 2195 5076 ab
2242 5024 2428 5089 initio,
2462 5040 2584 5080 cum
2634 5027 2687 5081 in
2740 5027 2979 5100 Egyplo
3011 5048 3378 5099 moraremur,
3415 5051 3522 5092 non

1952 5115 2266 5183 prophetas,
2304 5130 2414 5169 non
2444 5119 2790 5185 sacerdotes,
2834 5137 2942 5175 non
2998 5138 3155 5192 reges
3194 5125 3459 5182 habentes
3505 5144 3517 5180 :

1948 5205 2059 5258 imo
2122 5218 2223 5260 nec
2283 5206 2350 5259 de
2403 5206 2512 5261 tuis
2583 5207 2747 5264 donis
2803 5219 2857 5263 et
2917 5213 3238 5269 muneribus
3275 5215 3519 5284 aliquod,

1949 5298 2298 5367 priusquanu
2319 5300 2385 5352 ad
2441 5315 2540 5353 nos
2602 5300 2840 5372 Moysem
2883 5306 3151 5361 mitteres.
3195 5307 3331 5361 Tum
3370 5310 3518 5362 etaim

260 5367 354 5420 καὶ
385 5374 679 5440 κοσμικαῖς
741 5374 1053 5442 ἐκδοθέντες
1100 5378 1436 5450 ἐπιθυμίαις.
1498 5383 1711 5447 Ταύτας
1738 5385 1843 5456 γὰρ

1948 5385 2026 5437 tui
2068 5401 2174 5439 non
2206 5385 2544 5443 dicebautur.
2587 5388 2647 5442 Et
2684 5406 2826 5445 nunc
2852 5393 3015 5447 etiam
3052 5396 3103 5449 in
3140 5395 3280 5449 idem
3304 5396 3534 5457 tandem

331 5543 376 5574 "
416 5543 587 5600 Exod.
624 5563 695 5612 Iv,
726 5548 813 5602 2i.

1571 5645 1804 5701 VARI/li
1849 5650 2253 5713 LICll'l‘lONliS.

333 5738 356 5765 υ
386 5729 444 5783 ,1,
481 5730 826 5804 ἱπίστρεψον.
882 5744 904 5769 "
936 5755 1021 5805 γρ.
1056 5739 1371 5803 Χουθαὶους.
1455 5755 1478 5783 ι
1512 5746 1655 5799 ,ιείπ
1701 5741 1810 5801 οὖν.
