4248 6428
676 330 814 392 2683

1965 329 2303 389 PROCOPII
2333 326 2576 387 GAZ/EI

3780 311 3923 373 2584

746 444 877 505 Qua“:
899 448 1077 493 tamen
1102 453 1223 493 cum
1271 438 1342 491 ita
1373 438 1501 494 sint.
1542 447 1590 490 et
1638 446 1838 505 patrem
1884 447 1931 491 te
1977 447 2234 497 nostrum,
2266 436 2315 493 Α
2409 436 2423 485 1

2266 436 2315 493 Α
2409 436 2554 503 Πλὴν
2601 431 2739 484 ἀλλὰ
2791 430 2880 482 καλ⁵
2924 427 3092 488 οὕτως
3136 426 3363 493 Πατέρα
3423 425 3784 493 γινώσκομεν,
3820 423 3920 476 καὶ

675 540 722 583 rt
751 531 987 591 lictorem
1009 528 1391 598 agnoscimus;
1432 529 1786 597 quantumvis
1832 528 1990 582 fracti
2019 537 2067 583 ct
2107 543 2242 582 con-

680 619 817 681 triti,
845 618 1091 671 ﬁctilium
1141 631 1402 670 vasorum
1459 632 1631 671 more.
1665 616 1787 682 Quo
1835 618 1913 681 tit,
1976 630 2035 671 ut
2086 626 2250 670 tanta:

678 709 1045 764 imbecillitati
1098 709 1311 763 veniam
1383 709 1571 777 largiri
1615 717 1680 779 te.
1712 724 2023 778 poscamus.
2075 709 2249 773 Quem

680 799 828 852 enim
855 799 1117 867 operibus
1156 799 1374 867 placare
1412 814 1521 852 non
1550 807 1802 868 possunt,
1833 809 1887 852 ut
1913 798 2251 851 conditorem

682 889 854 942 lenire
885 888 1248 953 contendunt,
1272 889 1478 943 servari
1524 904 1619 943 eos
1650 888 2012 958 postulantes,
2043 888 2134 957 qui
2185 888 2254 941 ab

681 977 801 1046 ipso
828 979 1137 1046 primoJioc
1159 979 1336 1045 ipsum
1372 977 1517 1045 quod
1545 987 1696 1043 sunt,
1725 987 2078 1046 acceperunt.
2106 977 2251 1030 Tan-

682 1083 847 1136 quam
880 1076 1059 1122 autem
1088 1084 1207 1137 quze
1244 1069 1316 1120 ita
1345 1069 1508 1137 digna
1536 1071 1667 1130 sint,
1700 1071 2103 1139 perpetrarint;
2134 1084 2252 1122 ser-

685 1151 1184 1207 monislibertatem
1209 1153 1312 1207 sibi
1342 1170 1450 1207 non
1481 1166 1723 1215 sumunt.
1755 1156 1893 1210 bene
1937 1172 2120 1212 secum
2165 1155 2251 1223 agi

684 1242 1086 1307 existimantes,
1124 1244 1172 1297 si
1211 1244 1292 1297 ira
1323 1258 1431 1297 non
1457 1254 1738 1314 augeatur.
1774 1245 1971 1300 Notum
1999 1257 2083 1302 est
2108 1250 2251 1301 enim

688 1332 824 1385 iram
862 1343 1007 1386 tuam
1040 1349 1148 1387 non
1170 1350 1360 1404 parum
1381 1337 1630 1390 utilitatis
1658 1336 1881 1404 afferre,
1914 1338 2008 1393 sed
2032 1340 2151 1407 ejus
2177 1340 2254 1393 ir.-

688 1422 995 1477 tensionem
1039 1436 1241 1489 tamen,
1289 1438 1509 1495 propter
1553 1428 1745 1481 virium
1803 1430 2249 1495 imbecillitatem,

692 1515 837 1568 ferre
870 1530 979 1568 non
1008 1530 1324 1584 possumus.
1383 1516 1572 1586 Itaque
1606 1528 1660 1572 et
1716 1518 1880 1573 David
1933 1522 2048 1588 ipse
2097 1523 2251 1589 argui

690 1605 913 1672 quidem
947 1621 1006 1660 se
1039 1606 1303 1680 postulat,
1331 1607 1427 1661 sed
1462 1622 1569 1660 non
1606 1609 1659 1660 in
1693 1607 1915 1662 furore:
1945 1619 1997 1663 et
2026 1611 2247 1679 corripi,

692 1694 785 1747 sed
827 1711 935 1748 non
981 1695 1035 1749 in
1087 1697 1166 1749 ira
1193 1697 1237 1751 τ.
1293 1697 1552 1765 Sequitur
1607 1715 1771 1753 vero:
1811 1698 1893 1752 Ne
1941 1702 1995 1753 in
2024 1710 2253 1768 tempore

2353 522 2634 587 πλάστην
2653 519 2956 587 ἡμέτερον,
2982 517 3030 568 εἰ
3064 516 3157 568 καὶ
3176 516 3382 567 σκευῶν
3401 515 3736 583 ὀστρακίνων
3764 512 3925 579 δίκην

2354 610 2667 683 ρηγνύμεθα
2697 607 3123 679 συντριϐόμενοι.
3150 607 3239 657 Διὸ
3286 605 3432 657 δίδου
3480 602 3810 671 συγγνώμην
3856 605 3924 669 τῇ

2351 701 2575 771 τοιαύτῃ
2625 698 2934 767 σαθρότητι.
2960 698 3054 748 Ὃν
3109 694 3217 764 γὰρ
3264 693 3322 757 ἐξ
3371 694 3545 764 ἔργων
3590 694 3687 744 οὐκ
3740 692 3928 759 ἔχουσι

2351 792 2641 853 δυσωπεῖν,
2669 789 2743 851 ὡς
2786 786 3113 857 δημιουργὸν
3163 782 3561 852 εὐμενίζονται,
3600 780 3794 844 σώζειν
3842 780 3929 829 αἰ-

2352 882 2589 943 τοῦντες,
2620 878 2712 941 οὒς
2738 878 2837 947 τὴν
2867 876 3039 946 ἀρχὴν
3072 877 3149 937 εἰς
3182 873 3242 925 τὸ
3289 869 3426 925 εἶναι
3475 874 3820 941 παρήγαγεν.
3842 868 3929 927 Ὠς

2352 975 2408 1028 δὲ
2438 974 2533 1042 τῆς
2561 972 2731 1042 ὀργῆς
2762 970 2889 1033 ἄξια
2923 966 3227 1036 πράξαντες
3248 1004 3263 1028 ,
3292 962 3581 1031 ἐλευθέραν
3610 962 3709 1014 οὐκ
3743 962 3931 1029 ἔχουσι

2355 1064 2689 1136 παρρησίαν,
2724 1059 3002 1129 ἀγαπητὸν
3033 1058 3305 1129 κρίνοντες
3346 1055 3405 1107 τὸ
3453 1053 3529 1123 μὴ
3564 1054 3772 1119 ταύτην
3808 1054 3933 1101 ἐπι-

2353 1157 2601 1225 ταθῆναι.
2627 1156 2746 1204 Ὀτι
2782 1152 2880 1219 μὲν
2910 1150 3017 1218 γάρ
3051 1165 3141 1199 σου
3191 1147 3308 1198 λίαν
3353 1142 3638 1212 ὲπωφελὴς
3683 1144 3717 1210 ἠ
3769 1140 3933 1209 ὀργὴ,

2353 1247 2538 1315 δῆλον·
2591 1243 2731 1312 πλὴν
2778 1242 2844 1293 δι’
2883 1240 3168 1293 ἀσθένειαν
3216 1239 3277 1289 οὐ
3329 1236 3565 1305 φέρομεν
3612 1234 3782 1301 αὐτῆς
3834 1232 3936 1295 τὴν

2354 1338 2623 1390 ἐπίτασιν.
2654 1334 2743 1387 Διὸ
2785 1334 2881 1386 καὶ
2929 1331 3091 1383 Δαϐὶδ
3139 1331 3279 1383 αἰτεῖ
3304 1328 3402 1397 μὲν
3430 1326 3775 1393 ἐλεγχθῆναι,
3806 1322 3939 1373 ἀλλ’

2354 1428 2411 1479 οὐ
2442 1424 2618 1495 θυμῷ,
2670 1426 2762 1476 καὶ
2791 1421 3178 1489 παιδευθῆναι,
3208 1418 3320 1471 ἀλλ’
3351 1417 3451 1470 οὐκ
3481 1416 3643 1485 ὀργῇ.
3668 1416 3809 1482 Φησὶ
3837 1412 3896 1464 δέ
3922 1429 3936 1440 '

2355 1518 2452 1584 Μὴ
2495 1519 2563 1570 ἐν
2605 1514 2789 1582 καιρῷ
2829 1511 3109 1582 μνησθῇς
3131 1506 3431 1578 ἁμαρτιῶν
3456 1505 3644 1574 ἡμῶν.
3674 1503 3854 1556 Τοῦτο
3884 1502 3940 1552 δέ

2354 1626 2519 1679 φησιν
2544 1608 2570 1658 ὀ
2596 1606 2900 1674 προφήτης,
2932 1600 3088 1663 εἰδὼς
3116 1600 3312 1661 αὐτοὺς
3359 1600 3425 1668 τῇ
3471 1596 3566 1647 τοῦ
3601 1595 3769 1663 ἠθους
3814 1594 3943 1643 ἐπι-

2362 1703 2620 1771 μένοντας
2652 1694 2906 1763 πονηρίᾳ,
2938 1692 3020 1759 ἐφ’
3054 1684 3129 1743 ὧν
3176 1692 3257 1751 εἰς
3301 1688 3457 1757 δίκην
3503 1686 3596 1739 καὶ⁸
3638 1684 3706 1737 τὰ
3738 1683 3951 1752 προλα-

694 1786 993 1839 υιρηιὶιιενίε
1019 1786 1359 1852 iniquitatum
1390 1798 1726 1843 nostrarum:
1766 1804 1886 1858 quae
1918 1799 2047 1845 sunt
2072 1806 2102 1843 a
2130 1806 2255 1860 pro-
2285 1773 2329 1829 Β
2362 1794 2371 1837 l

2285 1773 2329 1829 Β
2362 1790 2525 1841 ϐόντα
2560 1786 2871 1852 συνάγεται.
2900 1784 2963 1835 Et
3016 1782 3073 1834 δὲ
3123 1779 3217 1833 καὶ
3259 1776 3533 1847 πατρικῆς
3573 1774 3814 1838 ἀδικίας
3845 1775 3944 1837 γέ-

697 1878 859 1943 pheta
897 1878 1017 1931 ideo
1049 1889 1334 1946 usurpata,
1366 1880 1510 1948 quod
1556 1895 1651 1936 eos
1683 1896 1893 1936 morum
1939 1884 2259 1951 pravitatem

697 1967 931 2023 retinere
961 1984 1071 2023 non
1102 1968 1416 2038 ignoraret:
1452 1971 1652 2039 quibus
1681 1971 1936 2026 eﬂectum
1963 1983 2065 2037 est,
2099 1982 2158 2026 ut
2206 1974 2262 2027 in

699 2058 963 2111 ultionem
1006 2065 1061 2111 et
1092 2059 1179 2112 illa
1233 2060 1422 2124 etiam,
1475 2076 1596 2130 quae
1636 2073 2057 2131 przecesserunt,
2104 2063 2263 2117 colli-

696 2157 913 2214 gantur.
960 2146 1117 2213 Quod
1188 2148 1233 2202 si
1274 2160 1627 2218 paternarum
1701 2154 1863 2206 etiam
1924 2155 2264 2222 iniquitatum

701 2238 946 2292 lueredes
973 2236 1195 2302 fuerint,
1210 2246 1265 2292 et
1308 2240 1521 2294 illorum
1540 2256 1754 2311 quoque
1771 2257 1961 2311 pinnas
1981 2246 2031 2296 in
2054 2245 2266 2313 seipsos

700 2327 989 2382 attracturi
1020 2336 1167 2382 sunt.
1202 2330 1385 2398 Itaque
1407 2338 1460 2385 et
1477 2331 1688 2400 psalmo
1717 2333 2017 2387 centesimo
2071 2343 2266 2389 octavo

700 2434 825 2472 eum
869 2417 935 2473 de
969 2416 1106 2473 .Iuda
1141 2420 1483 2488 loqueretur,
1533 2422 1586 2475 in
1646 2425 1967 2478 memoriam
2022 2428 2266 2481 revocari

705 2518 985 2577 peccatum
1006 2510 1196 2565 matris
1214 2510 1330 2579 ejus
1350 2514 1651 2582 exoptavit.
1679 2512 1867 2583 Neque
1884 2530 2012 2569 vero
2025 2526 2108 2571 est
2124 2517 2269 2585 quod

706 2601 949 2663 mireris,
985 2601 1031 2655 si
1078 2616 1187 2655 non
1234 2602 1417 2655 omnia
1452 2619 1574 2672 qua:
1617 2604 1685 2658 ab
1733 2606 1852 2674 ipso
1883 2606 2270 2662 maledictlonis

707 2693 879 2745 l'orma
933 2692 1079 2747 dicta
1124 2702 1273 2760 sunt,
1317 2696 1617 2764 contigisse
1680 2698 1951 2765 reperias.
2016 2698 2273 2755 Prwdicit

704 2784 849 2837 enim
883 2782 1045 2850 Deus,
1072 2785 1350 2849 timorem,
1382 2799 1490 2838 non
1515 2801 1727 2854 poenas,
1751 2788 1995 2857 inﬂigere
2023 2793 2271 2860 cupiens.

707 2875 1045 2929 Aliasetiam
1065 2889 1129 2929 ea
1156 2883 1552 2945 recenset,qua:
1581 2885 1710 2931 sunt
1741 2878 2011 2948 iniquitati
2032 2881 2273 2942 debita,a

707 2978 940 3031 quorum
973 2963 1156 3033 aliquo
1189 2977 1314 3018 cum
1350 2964 1613 3029 abstinet,
1641 2974 1725 3021 est
1762 2966 1813 3020 id
1838 2966 1957 3035 ejus
1973 2968 2277 3023 clementia:

2363 1894 2537 1933 νοιντο
2566 1876 2913 1947 κληρονόμοι,
2947 1873 3038 1924 καὶ
3086 1870 3183 1933 τὰς
3231 1868 3458 1921 ἐκείνων
3485 1866 3568 1935 ἐφ’
3593 1864 3823 1924 ἑαυτοὺς
3858 1863 3949 1914 ’έλ-

2365 1988 2518 2024 κουσι
2566 1968 2740 2029 δίκας.
2772 1963 3072 2033 Τοιγαροῦν
3112 1965 3170 2015 tv
3214 1959 3493 2029 ἑκατοστῷ
3524 1958 3693 2025 όγὸὀῳ
3738 1954 3950 2022 ψαλμῷ

2364 2061 2453 2114 διὰ
2479 2060 2569 2113 τὸν
2600 2057 2799 2111 Ἰούδαν
2828 2056 3019 2121 λέγων,
3040 2050 3460 2121 Ἀναμνησθείη,
3488 2049 3674 2117 φησὶν,
3697 2049 3732 2115 ἡ
3767 2046 3952 2113 ἁμαρ-

2364 2153 2457 2205 τία
2488 2151 2589 2220 τῆς
2620 2148 2826 2219 μητρὸς
2854 2145 3041 2199 αὐτοῦ.
3075 2145 3136 2197 Εἰ
3164 2143 3221 2196 δὲ
3268 2143 3343 2211 μὴ
3381 2141 3560 2193 πάντα
3590 2140 3815 2205 γέγονεν
3852 2136 3953 2187 ἐπ’

2367 2242 2532 2297 αὑτοῦ
2563 2242 2630 2293 τὰ
2661 2242 2717 2290 tv
2748 2237 3008 2304 κατάρας
3037 2233 3308 2303 λεγόμενα
3336 2233 3593 2300 σχήματι,
3625 2228 3699 2297 μὴ
3732 2228 3953 2294 θαυμὰο

2372 2350 2471 2405 σῃς
2495 2354 2508 2364 ·
2544 2329 2802 2403 προλέγει
2850 2328 2959 2396 γὰρ
3003 2327 3155 2387 Θεὸς,
3189 2323 3394 2393 φοϐεῖν,
3422 2323 3519 2375 οὐκ
3552 2322 3785 2387 ἐπάγειν
3819 2319 3951 2387 βου-

2369 2420 2833 2491 λόμενος.”Δλλως
2855 2436 2914 2471 τε
2936 2417 3085 2482 λέγει
3113 2415 3181 2467 τὰ
3207 2414 3665 2484 κεχρεωστημένα
3686 2413 3755 2479 τῇ
3784 2427 3955 2478 πονη-

2376 2515 2564 2584 ρίᾳ.Ὂ
2597 2512 2652 2563 δὲ
2686 2510 2759 2580 μὴ
2793 2508 3001 2561 τούτων
3035 2507 3320 2573 ἐπάγεται,
3352 2507 3416 2573 τῇ
3449 2501 3829 2570 φιλανθρωπίᾳ
3866 2500 3956 2550 λο-

2372 2608 2550 2675 γίζου.
2580 2605 2747 2657 Πάλιν
2780 2602 2836 2654 δὲ
2863 2602 2943 2663 εἰς
2973 2593 3150 2651 οἶκτον
3179 2599 3206 2649 ὁ
3238 2598 3519 2665 προφήτης
3548 2595 3639 2645 τὸν
3670 2592 3807 2644 Θεὸν
3833 2594 3956 2643 ἐπι-

2377 2698 2683 2767 σπώμενος,
2715 2695 2783 2747 τὰ
2825 2693 2883 2759 ἐξ
2913 2693 3087 2763 ἀρχῆς
3123 2688 3443 2757 ὑπάρξαντα
3476 2686 3553 2755 τῷ
3579 2684 3693 2751 λαῷ
3739 2701 3959 2753 μνημο-

2374 2788 2518 2842 νεύει
2559 2787 2898 2855 συνθήματα,
2929 2782 3091 2835 Δαόν
3114 2794 3257 2841 σου,
3294 2778 3487 2843 λέγων,
3523 2778 3616 2829 καὶ
3645 2777 3832 2827 πόλιν
3865 2774 3956 2841 μὴ

2376 2880 2653 2948 παρίδῃς,
2678 2880 2735 2928 tv
2826 2874 2894 2927 τὰ
2919 2873 3074 2939 ἅγια,
3100 2871 3194 2923 καὶ
3223 2871 3256 2939 ή
3289 2868 3482 2938 σκηνὴ,
3506 2867 3599 2919 καὶ
3631 2867 3664 2935 ή
3695 2865 3957 2924 κιϐωτὸς,
4053 2856 4061 2865 ’

2377 2974 2404 3026 ὃ
2426 2988 2482 3024 τε
2516 2968 2730 3029 σταθείς
2763 2982 2842 3015 σοι
2861 2962 3015 3024 νεὼς,
3051 2960 3086 3013 ἃ
3121 2960 3213 3010 καὶ
3247 2956 3581 3026 περίϐλεπτα
3613 2957 3778 3007 πᾶσιν
3802 2953 3965 3018 ὲτύγ-

708 3054 1147 3147 humanitatique
1219 3055 1600 3147 tribuendum.
1666 3055 1774 3147 _Ad
1839 3058 2385 3147 misericordiamc;

2300 3085 2345 3147 ρ
2378 3078 2565 3135 χανεν·
2596 3060 2756 3113 τοῦτο
2800 3055 2912 3107 τῶν
2945 3052 3198 3120 πατέριον
3246 3046 3654 3116 προειρηκότων
3700 3048 3829 3113 περὶ
3861 3042 3961 3094 τοῦ

711 3144 907 3197 deinde
955 3144 1220 3212 propheta
1271 3143 1441 3198 Deum
1479 3145 1822 3213 pertrahens,
1855 3161 1976 3214 quae
2005 3148 2072 3201 ab
2120 3149 2276 3204 initio

710 3236 865 3303 signa
904 3233 1129 3289 fmderis
1158 3235 1394 3304 populus
1430 3236 1642 3299 habuit,
1672 3236 1726 3289 in
1757 3240 2075 3292 memoriam
2124 3256 2278 3295 revo-

713 3338 801 3379 eat
826 3344 949 3381 cum
981 3330 1230 3396 populum
1253 3345 1431 3393 suum,
1471 3344 1594 3382 cum
1614 3330 1880 3383 civitatem
1916 3332 2112 3385 intueri
2156 3349 2281 3402 pos-

716 3419 888 3484 tnlat;
920 3418 1099 3488 inqua
1129 3429 1337 3483 suntet
1375 3427 1561 3471 sancta
1587 3420 1726 3487 ipsa,
1771 3430 1825 3474 et
1868 3422 2277 3476 tabernacuium

716 3519 770 3563 ct
794 3524 942 3574 arca,
983 3517 1038 3562 et
1071 3506 1331 3575 templum
1360 3508 1522 3561 etiam
1557 3508 1665 3562 Deo
1693 3517 2104 3575 constructum;
2160 3528 2282 3581 quae

718 3602 859 3669 apud
894 3616 1084 3655 omnes
1143 3600 1437 3667 conspicua
1487 3598 1724 3665 fuerant,
1788 3610 1842 3654 et
1883 3603 2281 3657 commendata.

718 3696 852 3747 Cum
886 3701 1069 3762 patres
1103 3694 1168 3747 de
1218 3692 1423 3761 templo
1451 3692 1568 3745 fore
1623 3691 2026 3761 praedixissent,
2064 3703 2122 3748 ut
2163 3695 2287 3764 igne

719 3785 1121 3855 conﬂagraret:
1154 3783 1383 3852 ideoque
1437 3782 1823 3838 maledictionia
1867 3785 1988 3841 vice
2056 3801 2285 3857 usurpa-

2376 3155 2503 3211 ναοῦ
2525 3194 2538 3217 ,
2568 3153 2640 3213 ὼς
2670 3149 2763 3201 καὶ
2794 3145 3166 3215 πυρίκαυστος
3190 3141 3436 3208 γέγονεν,
3464 3138 3539 3199 ὡς
3588 3139 3647 3188 tv
3693 3134 3967 3201 κατάρας

2381 3248 2533 3317 μέρει
2582 3240 2816 3299 κεῖσθαι,
2846 3237 2918 3299 ὡς
2961 3234 3037 3287 ὅτ’
3072 3234 3136 3287 ἄν
3168 3248 3251 3294 τις
3284 3230 3463 3297 λέγοι·
3502 3228 3758 3295 Πάθοιμι,
3790 3228 3825 3295 ἦ
3864 3244 3971 3277 κα-

2376 3331 2781 3403 ταστραφείην,
2814 3328 2889 3389 ὼς
2943 3324 3317 3394 Ἰερουσαλὴμ,
3366 3323 3394 3373 ὅ
3444 3337 3503 3373 τε
3552 3319 3760 3396 ταρτης
3811 3318 3962 3379 ναός.

2380 3426 2565 3480 ταῦτα
2607 3423 2663 3473 δὲ
2698 3420 2918 3485 γέγονεν
2955 3416 3014 3467 οὐ
3055 3414 3142 3467 διὰ
3178 3414 3278 3482 σὴν
3322 3412 3624 3471 ἀσθένειαν,
3656 3410 3772 3461 ἀλλ’
3807 3409 3965 3478 ἡμῶν

2389 3512 2739 3585 ἠσεϐηκότων
2798 3510 2877 3569 είς
2927 3505 3018 3558 τὸν
3069 3503 3324 3574 Χριστόν.
3378 3502 3532 3564 Τινὲς
3585 3500 3643 3553 δὲ
3694 3498 3970 3566 κατάραν

2392 3607 2600 3673 ἑφασαν
2633 3601 2731 3668 τὴν
2763 3596 3124 3665 κατάρῤησιν.
3159 3594 3221 3645 0i
3260 3591 3368 3659 γὰρ
3396 3590 3607 3650 ἑλόντες
3635 3588 3735 3658 τὴν
3771 3588 3972 3657 Ἰερου-

2397 3692 2575 3763 σαλὴμ
2606 3690 2759 3749 θεοὺς
2789 3687 2887 3758 μὲν
2913 3686 3037 3746 τοὺς
3075 3683 3236 3745 ἰδίους
3264 3678 3566 3746 ἐδόξαζον,
3603 3677 3892 3741 ἀσθενείας
3911 3676 3973 3729 δὲ

2390 3787 2482 3839 τὸν
2507 3782 2709 3851 ταύτης
2734 3778 2963 3850 ᾐτιῶντο
2989 3776 3140 3830 Θεὸν.

720 3876 903 3949 batur,
952 3890 1076 3930 cum
1126 3890 1184 3930 se
1227 3874 1425 3945 aliquis
1468 3875 1542 3928 ita
1576 3875 1662 3928 vel
1702 3875 1836 3944 pati,
1876 3877 1959 3931 vel
2013 3891 2195 3943 ruere,
2262 3887 2322 3933 ut
2362 3874 2870 3943 Hierosolymorum
2901 3862 3296 3933 urbem,735
3320 3870 3413 3915 aut
3479 3860 3740 3930 templum
3773 3858 3973 3927 ipsius.

721 3971 1136 4036 imprecaretur.
1166 3970 1342 4038 Atque
1377 3969 1493 4023 inec
1522 3969 1740 4038 quidem
1783 3970 2153 4041 contigerunt,
2184 3989 2292 4026 non
2332 3973 2401 4026 ob
2441 3980 2612 4031 tuam,
2645 3964 2738 4020 sed
2768 3963 2839 4016 ob
2863 3967 3112 4015 nostram
3180 3955 3644 4013 imbecillitatem;
3701 3952 3795 4019 qui
3868 3952 3976 4003 im-

720 4060 974 4127 pietatem
1017 4059 1070 4112 in
1098 4058 1379 4113 Christum
1449 4059 1820 4113 exercuimus.
1882 4060 1998 4115 Non
2033 4063 2234 4118 desunt
2280 4070 2397 4116 tam

2304 4076 2483 4123 amen,
2555 4059 2648 4126 qui
2707 4051 3094 4107 maledictionis
3156 4048 3375 4101 nomine
3455 4044 3978 4098 condemnationem

722 4152 1048 4219 intelligant.
1080 4148 1184 4214 Qui
1210 4149 1354 4203 enim
1386 4149 1689 4205 Jerusalem
1721 4162 2116 4222 expugnarant,
2156 4154 2290 4209 deos
2330 4152 2546 4222 quidem
2580 4162 2713 4204 suos
2753 4144 2926 4215 gloria
2978 4140 3307 4201 adliciebant,
3390 4136 3724 4204 impotentiae
3788 4145 3981 4188 autem

726 4246 1227 4315 imbecillitatisque
1248 4246 1414 4299 Deum
1437 4246 1554 4313 ejus
1584 4250 1936 4300 accusabant.

1348 4336 1498 4391 CAP.
1524 4336 1680 4390 LXV.
2978 4330 3025 4381 Κ

2978 4327 3229 4381 ΚΕΦΔΛ.
3266 4322 3385 4376 ΞΕ’.

796 4427 959 4497 736
975 4426 1135 4482 Vens.
1157 4427 1308 4480 1-12.
1328 4430 1562 4496 Apparui
1588 4446 1687 4482 nou
1709 4430 2060 4497 quwrentibus
2084 4447 2189 4494 me;
2216 4434 2278 4484 ιη-
2464 4446 2473 4479 ι

2464 4426 2621 4494 φιβ’.
2677 4419 2983 4490 Ἑμςρανὴς
3023 4416 3319 4485 ἐγενήθην
3345 4411 3469 4476 τοῖς
3503 4410 3607 4478 ἐμὲ
3644 4408 3731 4476 μὴ
3766 4406 3988 4497 Δζητοῦ-

728 4530 911 4574 ventus
930 4537 1045 4572 sum
1064 4524 1127 4572 ab
1149 4519 1252 4585 his,
1272 4520 1362 4588 qui
1392 4537 1470 4573 me
1496 4522 1960 4588 nuniutcrroyant.
1988 4520 2294 4575 Dixi:l£cw
2393 4538 2405 4570 ι

2393 4534 2517 4570 σιν.
2548 4513 2817 4579 Εὑρέθην
2846 4510 2968 4574 τοῖς
2996 4506 3100 4575 ἐμὲ
3144 4504 3231 4573 μὴ
3281 4500 3675 4569 ἐπερωτῶσιν.
3712 4494 3874 4550 Εἷπα
3904 4497 3989 4559 τῷ

728 4626 819 4678 ego
850 4607 1034 4661 adsum
1062 4608 1226 4678 genti,
1260 4609 1348 4675 qui
1377 4624 1476 4660 non
1508 4608 1817 4660 invocarunt
1859 4624 2041 4659 nomen
2102 4624 2291 4669 meum,
2328 4644 2370 4697 ι)
2398 4631 2405 4661 ι

2328 4644 2370 4697 ι)
2398 4610 2574 4667 ἔθνει,
2592 4604 2648 4657 οἳ
2675 4606 2785 4656 οὐκ
2815 4596 3122 4653 ἐκάλεσάν
3143 4612 3260 4663 μου
3285 4592 3351 4646 τὸ
3375 4592 3587 4697 ονομα.
3607 4587 3988 4697 ’ξξεῗτέτασα

729 4698 957 4763 e.rpaudi
986 4713 1172 4750 manus
1201 4713 1342 4749 meas
1375 4705 1483 4748 tota
1507 4698 1589 4748 die
1647 4699 1713 4747 ait
1747 4696 1995 4763 populum
2050 4694 2293 4748 iucredu-
2330 4677 2369 4697 ν
2401 4719 2406 4748 1

2330 4677 2369 4697 ν
2401 4699 2506 4762 τὰς
2545 4693 2745 4765 χεῖράς
2769 4708 2890 4760 μου
2944 4689 3099 4754 ὅλην
3126 4686 3240 4752 τὴν
3278 4682 3504 4752 ἡμέραν
3535 4678 3685 4747 πρὸς
3724 4680 3886 4731 λαὸν
3922 4677 3990 4729 ἀ-

733 4791 864 4851 lum,
895 4800 939 4842 et
975 4788 1436 4851 contradicentem,
1465 4789 1552 4856 qui
1584 4804 1684 4839 non
1709 4786 2105 4839 aiitbulareruut
2137 4788 2187 4838 iu
2214 4787 2295 4838 via

733 4895 873 4941 vera,
907 4879 995 4931 sed
1022 4887 1136 4943 post
1184 4889 1398 4943 peccata
1458 4894 1580 4931 sua.
1614 4877 1850 4945 Populus
1876 4877 1980 4939 hic,
2029 4878 2116 4942 qui
2164 4891 2287 4928 exa-

735 4971 910 5025 cerbat
949 4986 1026 5022 me
1057 4969 1108 5021 in
1131 4979 1406 5035 conspectu
1433 4985 1541 5022 meo
1579 4985 1798 5035 semper,
1861 4970 1961 5037 ipsi
2018 4968 2290 5021 immolant

737 5066 790 5116 iu
814 5063 1003 5125 hortis,
1036 5072 1085 5114 et
1137 5061 1345 5115 adolent
1384 5062 1647 5116 incensum
1687 5077 1840 5125 super
1889 5060 2081 5115 lateres
2106 5062 2301 5114 diruto-

738 5152 861 5216 uiis,
894 5167 1005 5219 quw
1037 5169 1136 5203 non
1162 5162 1303 5216 sunt,
1338 5160 1443 5205 etc.

2400 4788 2714 4842 πειθοῦντα
2738 4784 2834 4837 καὶ
2868 4779 3278 4846 ἀντιλέγοντα,
3309 4773 3366 4827 οἳ
3407 4775 3518 4825 οὐκ
3563 4770 3993 4836 ἐπορεύθησαν

2399 4879 2515 4943 ὁδῷ
2560 4872 2821 4942 ἀληθινῇ
2844 4914 2857 4935 ,
2889 4870 3024 4925 ἀλλ’
3048 4868 3239 4920 ὀπίσω
3273 4865 3388 4918 τῶν
3419 4858 3717 4931 ἁμαρτιῶν
3760 4856 3989 4911 αὐτῶν.

2410 4973 2461 5023 '0
2492 4969 2640 5034 λαὸς
2668 4963 2845 5029 οὗτος
2901 4968 2933 5017 ό
2979 4959 3334 5028 παροξύνων
3376 4971 3487 5024 με,
3510 4950 3791 5004 ἐναντίον
3838 4948 3993 5016 ἐμοῦ

2402 5062 2751 5124 διαπαντὸς,
2779 5055 2949 5110 αὐτοὶ
3004 5048 3395 5107 θυσιάζουσιν
3446 5044 3517 5096 ἐν
3563 5040 3687 5105 τοῖς
3744 5038 3992 5102 κήποις,

2404 5154 2501 5208 καὶ
2553 5147 2843 5219 θυμιῶσιν
2882 5144 2979 5197 ἐπὶ
3021 5140 3150 5205 ταῖς
3178 5138 3451 5198 πλίνθοις
3482 5131 3602 5195 τοῖς
3633 5129 3997 5197 δαιμονίοις,

2412 5245 2450 5297 ἂ
2474 5247 2585 5296 οὐκ
2616 5242 2803 5302 ἔστιν,
2830 5255 2883 5290 κ.
2914 5253 2962 5289 τ.
2996 5233 3025 5285 λ

2481 5336 2600 5387 ἰ’ῶν
2634 5333 2731 5402 μὲν
2763 5322 3312 5397 ὲξομολογησαμένων
3340 5318 3407 5369 δι’
3430 5313 3614 5383 εὐχῆς,
3639 5312 3752 5363 τῶν
3775 5308 3997 5402 aeaut

2412 5426 2671 5479 ὃισὰντων
2696 5422 2770 5482 ὡς
2802 5418 3132 5486 πλανήσαντι
3154 5411 3233 5480 τῷ
3261 5408 3407 5476 Θεῷ,
3441 5403 3801 5473 ἀποκρίνεται
3832 5400 3994 5451 δυνά.-

2421 5534 2507 5587 μει
2551 5516 2748 5581 λέγων’
2783 5510 2901 5571 Πῶς
2954 5507 3018 5560 ἂν
3068 5502 3319 5573 παρεῖδον
3351 5496 3700 5566 εὐχομένους,
3736 5492 3764 5544 ό
3797 5492 3877 5559 μὴ
3907 5488 3994 5540 τον

809 5324 1258 5391 Quandoquidem
1288 5341 1379 5393 per
1406 5342 1593 5395 preces
1622 5328 1709 5379 alii
1746 5329 2177 5391 confitebantur,
2215 5330 2303 5380 alii

745 5422 921 5466 autem
952 5414 1155 5467 erroris
1190 5416 1273 5468 sui
1326 5425 1602 5470 aurtorem
1653 5417 1816 5469 Deum
1859 5434 1979 5471 esse
2011 5418 2306 5485 exprobra-

750 5506 904 5558 bant:
940 5506 1228 5575 respondet
1256 5508 1353 5561 hoc
1386 5525 1584 5563 sensu;
1617 5510 1834 5579 (διείρεο
1867 5520 2152 5578 pieCantes
2183 5525 2306 5562 con-

818 5686 836 5715 τ
874 5684 1015 5739 Psaii.
1044 5701 1118 5747 vt,
1156 5686 1220 5748 9.;
1257 5700 1458 5739 \xmt.
1499 5680 1551 5736 ε.
