4248 6428
261 402 409 467 2685

1444 415 1975 475 COMMEN'I'MHI
2026 417 2105 475 ΙΝ
2145 418 2433 477 ISAIAM.

3383 408 3524 473 2686

258 518 494 572 θάνατον
531 519 626 573 τοῦ
669 522 994 593 ἀμαρτωλοῦ
1038 525 1234 594 ζητῶν,
1270 526 1344 589 ὡς
1376 531 1472 597 τὴν
1510 531 1799 597 μετάνοιαν
1830 550 1842 595 ;
1877 538 1919 590 Α

1877 538 1919 590 Α
1952 535 2173 600 tempsi,
2197 533 2287 597 qui
2324 546 2429 583 non
2473 527 2778 596 peccatoris
2811 531 3006 589 morte,
3050 520 3146 579 sed
3206 522 3520 590 paenitentia

254 608 383 671 Πῶς
415 609 461 661 δ’
488 609 554 661 ἂν
597 612 895 679 ἐπλάνησα,
944 616 1294 684 ἐπιστρέφειν
1340 619 1545 680 πάντας
1598 637 1848 688 παρακα-

253 700 387 760 λῶν,
407 702 499 753 καὶ
525 703 845 757 ἀνίστασθαι
871 706 1168 769 πίπτοντας
1191 724 1203 771 ;
1224 709 1338 770 πῶς
1366 709 1409 761 δ’
1433 709 1499 761 ἂν
1522 710 1686 778 ἐσκλή
1698 728 1850 779 ρυνον

256 789 429 857 ὑμᾶς,
454 794 483 843 ὁ
517 795 749 857 καὶτοῖς
780 796 996 865 μακρὰν
1028 798 1337 864 ὰφεστῶσιν
1373 799 1507 867 ἐμοῦ
1537 801 1623 853 διὰ
1656 803 1847 869 φιλαν-

255 879 513 949 θρωπίαν
543 886 853 955 ἐπιτρέχων
879 890 1208 958 αὐτόματος,
1238 891 1312 952 ὼς
1347 893 1441 943 καὶ
1467 894 1593 954 τοὺς
1616 892 1847 961 ἀλλοφύ-

252 970 384 1034 λους
436 974 725 1039 γινώσκειν
761 979 882 1043 ἐμὲ,
917 980 1081 1047 μηδὲν
1129 981 1209 1042 είς
1249 980 1406 1032 τοῦτο
1441 984 1843 1053 μοχθήσαντας,

252 1063 494 1129 ἐμαυτὸν
528 1066 710 1128 αὐτοῖς
744 1068 1146 1135 ἐπιδείξαντοςς
1195 1071 1253 1124 '0
1281 1070 1336 1124 δὲ
1371 1076 1500 1142 περὶ
1532 1076 1658 1138 τοὺς
1688 1076 1845 1128 ἁλλο-

247 1152 439 1221 τρίους
467 1156 727 1220 τοιοῦτος,
757 1158 875 1221 πῶς
900 1162 1028 1228 περὶ
1056 1161 1199 1230 ὑμᾶς
1225 1163 1439 1233 ἀπηνής
1461 1180 1474 1227 ζ
1506 1166 1615 1218 καὶ
1648 1169 1754 1236 μὴν
1785 1168 1843 1233 ἐξ

249 1243 410 1343 ὑμῶν
440 1247 774 1319 ἀπηρξάμην
806 1252 905 1320 τῆς
936 1253 1193 1323 χάριτος,
1228 1254 1409 1306 καλῶν
1454 1256 1715 1325 εὐμενῶς,
1750 1259 1844 1311 καὶ

246 1337 340 1384 οἷα
389 1337 603 1402 χερσὶν
644 1339 1062 1409 ἐκτεταμέναις
1088 1343 1347 1410 γνησίους
1379 1345 1571 1409 παῖδας
1616 1348 1841 1417 περιλα-

244 1423 367 1477 ϐεῖν
397 1427 779 1499 ἐπειγόμενος,
808 1432 902 1485 καὶ
935 1432 1233 1502 μισοῦντας
1264 1435 1409 1505 ὑμᾶς
1444 1439 1695 1505 ἀγαπῶν.

321 1601 481 1667 Τινές
505 1604 560 1657 δέ
589 1606 861 1673 λέγουσιν,
909 1609 983 1672 ῶς
1027 1611 1226 1674 αὐτούς
1256 1629 1388 1679 φησι
1430 1614 1503 1683 μὴ
1546 1615 1838 1685 ἐπερωτή-

241 1709 501 1760 σαντος.
529 1698 647 1766 Ἀφ’
679 1699 874 1752 ἐαυτοῦ
897 1702 1002 1773 γὰρ
1023 1704 1106 1765 είς
1123 1704 1224 1764 τὰς
1253 1681 1581 1773 συναγωγὰς
1606 1681 1837 1777 εἰέέτρεο

240 1801 363 1851 χεν,
419 1788 711 1857 κηρύσσων
744 1792 840 1845 καὶ
877 1792 1216 1860 θεραπεύων,
1265 1795 1451 1863 ἔλεγέν
1499 1814 1558 1848 τε
1608 1799 1831 1862 αὐτοῖς·

1953 622 2275 677 deleclor"?
2313 623 2412 687 Qui
2451 623 2503 674 in
2537 632 2777 673 errorem
2808 617 3031 681 induxi,
3087 614 3202 685 qui,
3244 625 3296 668 ut
3348 614 3415 667 ad
3463 631 3523 669 se

1955 715 2196 769 redirent
2226 728 2439 775 omnes,
2467 721 2634 781 utque
2660 712 2907 780 jacentes
2948 708 3343 769 excitarentur,
3394 705 3523 758 hor-

1953 815 2098 860 tatus
2120 804 2287 860 sum?
2318 804 2418 869 Qui
2451 820 2546 858 vos
2569 817 2766 857 rursus
2798 798 3046 854 induravi
3071 842 3084 864 ,
3117 798 3211 867 qui
3246 797 3312 849 ad
3365 796 3523 863 longe

1952 907 2211 959 remotos,
2246 912 2351 964 qua
2385 910 2503 949 sum
2533 894 2585 947 in
2618 892 2868 947 homines
2903 887 3302 950 benevolentia,
3328 891 3522 954 sponte

1956 988 2232 1051 advolavi,
2263 997 2319 1039 ut
2355 984 2520 1037 nullo-
2543 999 2628 1037 me
2656 981 2878 1051 negotio
2905 979 3069 1032 etiam
3102 974 3523 1043 alienigenisin-

1950 1079 2208 1131 tuendum
2234 1087 2289 1131 et
2317 1074 2759 1144 cognoscendum
2794 1068 3131 1141 praeberem?
3155 1068 3257 1131 Qui
3289 1067 3523 1134 denique

1949 1169 2002 1221 iu
2030 1185 2123 1223 vos
2156 1185 2264 1222 non
2295 1170 2536 1221 clemens
2557 1180 2680 1219 esse
2700 1165 2861 1234 potui
2888 1182 2902 1229 ;
2932 1162 3025 1231 qui
3055 1160 3110 1214 in
3157 1159 3368 1213 alienos
3398 1157 3523 1210 talis

1945 1260 2169 1315 exstiti?
2216 1259 2327 1312 Imo
2364 1275 2392 1311 a
2430 1258 2583 1311 vobis
2634 1272 2736 1324 ego
2788 1255 2979 1325 gratiae
3018 1250 3291 1322 principia
3346 1247 3517 1311 duxi,

1944 1350 2035 1414 qui
2074 1349 2304 1415 benigne
2334 1347 2556 1410 vocavi;
2584 1347 2810 1415 quique,
2843 1343 3012 1398 veluti
3044 1340 3284 1394 manibus
3319 1354 3519 1406 expan-

1943 1442 2035 1503 sis,
2062 1441 2128 1493 ad
2170 1439 2329 1508 737
2361 1453 2652 1507 germanos
2678 1437 2820 1490 ﬁlios
2855 1448 3174 1504 properans,
3205 1447 3300 1487 vos
3327 1433 3514 1494 etiam,

1946 1534 2038 1602 qui
2091 1549 2175 1586 me
2210 1534 2427 1593 odistis,
2461 1531 2779 1599 complexus
2809 1544 2952 1583 sum.

2012 1622 2214 1673 Volunt
2263 1631 2444 1673 tamen
2504 1619 2773 1685 nonnulli,
2805 1633 2900 1672 eos
2962 1618 3346 1685 interrogantes
3410 1631 3517 1668 non

1939 1711 2144 1764 induci.
2184 1710 2261 1763 Ex
2300 1725 2359 1763 se
2389 1710 2533 1763 enim
2580 1708 2645 1760 ad
2686 1722 2992 1777 synagogas
3014 1705 3398 1769 concionandi,
3426 1720 3517 1760 sa-

1940 1801 2217 1868 naudique
2246 1801 2441 1869 gratia,
2466 1799 2802 1860 cucurrisse,
2828 1806 2883 1851 et
2911 1797 3193 1851 monuisse
3231 1795 3407 1849 lucem
3457 1812 3517 1849 se

238 1873 392 1942 Ἐγώ
425 1879 543 1948 είμι
576 1880 642 1932 τὸ
670 1881 785 1949 φῶς
814 1881 908 1934 τοῦ
938 1884 1166 1953 κόσμου.
1208 1885 1339 1950 Καὶ,
1368 1860 1522 1950 -Εἴτις
1555 1888 1702 1958 διψᾷ,
1735 1860 1829 1960 ἐρ·
1866 1860 1909 1913 Β

1866 1860 1909 1913 Β
1937 1908 2061 1948 esse
2092 1892 2280 1947 mundi
2310 1893 2350 1946 ⁸.
2384 1891 2469 1955 Et,
2503 1891 2547 1946 si
2579 1891 2704 1961 quis
2738 1890 2938 1954 sitiret,
2976 1889 3042 1943 ad
3067 1904 3125 1942 se
3143 1903 3266 1943 esse
3296 1886 3515 1940 venien-

234 1968 429 2037 χὲσθω
456 1972 593 2039 πρός
623 1988 711 2041 με.
744 1972 886 2024 Ἀλλ’
911 1974 1238 2043 ἠκολούθουν
1255 1979 1373 2040 ταῖς
1404 1978 1613 2031 ἑαυτῶν
1644 1982 1827 2051 ἀμαρ-

235 2058 411 2118 τίαις.
437 2059 545 2112 Καί
569 2078 650 2112 τοι
676 2062 978 2128 γεγωνότος
1006 2063 1140 2133 ἐμοῦ
1167 2081 1180 2093 ·
1224 2066 1350 2118 Ἐὰν
1376 2067 1449 2136 μὴ
1476 2069 1825 2139 πιστεύσητε,

234 2147 327 2199 ὅτι
354 2150 467 2217 ἐγώ
506 2152 644 2220 είμι,
676 2151 735 2205 ἐν
764 2157 885 2216 ταῖς
918 2154 1220 2224 ἁμαρτίαις
1250 2156 1402 2227 ὑμῶν
1442 2159 1822 2215 ἀποθανεῖσθε.

236 2240 406 2304 Τινὲς
431 2242 488 2294 δὲ
522 2242 662 2313 πρὸς
690 2243 761 2297 τὰ
783 2246 840 2297 ἐν
863 2244 1147 2318 Αἰγύπτῳ,
1180 2248 1271 2300 καὶ
1310 2252 1451 2303 κατά
1480 2253 1704 2321 καιροὺς
1735 2254 1827 2305 λυ-

235 2332 418 2402 πηρὰ,
452 2335 542 2387 τὸν
592 2335 750 2403 λόγον
796 2338 1063 2404 ἐδέξαντο,
1113 2342 1195 2393 ὅτι
1248 2342 1322 2410 μὴ
1372 2342 1593 2412 κληθεὶς
1635 2346 1825 2408 αὐτοῖς

235 2426 481 2495 ἐϐοήθει.
515 2429 659 2497 Ἐγὼ
685 2430 815 2500 γὰρ,
835 2434 866 2485 ό
892 2432 992 2485 καὶ
1017 2433 1115 2486 διὰ
1138 2433 1397 2500 Μωσέως
1425 2435 1626 2504 χεῖρας
1655 2438 1825 2491 ἐκπε-

234 2520 490 2585 ταννὺς,
529 2521 666 2589 πρὸς
700 2522 761 2574 τὸ
796 2523 922 2585 τοὺς
968 2524 1067 2593 μὲν
1099 2523 1489 2577 οἰκειώσασθαι
1520 2526 1608 2579 διὰ
1648 2528 1823 2597 νίκης,

233 2609 333 2661 τὸν
355 2609 411 2661 δέ
441 2610 688 2680 Ἀμαλὴκ
723 2611 1016 2676 ἀπολέσαι,
1060 2613 1150 2665 καί
1191 2630 1272 2665 τοι
1325 2616 1636 2684 κεχηνότων
1687 2617 1827 2686 πρὸς

234 2701 458 2767 εἴδωλα,
498 2701 593 2755 καὶ
626 2704 745 2764 ταῖς
780 2704 986 2755 ἑαυτῶν
1026 2704 1345 2772 ἐπιθυμίαις
1365 2705 1823 2773 ἀκολουθούντων,

234 2794 356 2845 ἀλλ’
378 2795 438 2845 ού
470 2793 563 2845 νῦν
594 2793 826 2863 πρῶτον.
861 2794 1050 2865 Ὑμεῖς
1080 2793 1188 2864 γὰρ
1219 2796 1268 2846 οἰ
1300 2796 1362 2847 ἐκ
1410 2797 1609 2858 παντὸς
1631 2798 1826 2862 αἰῶνός

237 2902 312 2953 με
359 2885 813 2953 παροξύναγτες
840 2927 855 2950 ,
925 2886 1175 2950 θύοντες
1221 2885 1479 2939 ἐνώπιον
1522 2887 1667 2955 ἐμοῦ
1731 2889 1825 2942 τοῦ

240 2972 425 3025 πάντα
468 2972 774 3043 ἐφορῶντος
807 2973 963 3038 Θεοῦ,
997 2978 1090 3027 καὶ
1119 2976 1392 3039 εἰπόντος·
1436 2978 1528 3044 Μὴ
1569 2977 1665 3031 ἀπ’
1692 2978 1825 3049 ἐμοῦ

239 3062 584 3132 κρυϐήσεταί
636 3080 690 3115 τι
769 3062 787 3134 [
835 3063 1115 3116 ἐναντίον
1173 3063 1362 3134 ἐμοῦ]
1410 3065 1579 3133 ῆγουν
1638 3066 1697 3117 ἐν
1750 3064 1827 3135 τῷ

234 3170 330 3222 μοι
374 3153 731 3221 ἀφιερωθέντι
778 3153 928 3222 ναῷ;
972 3155 1079 3205 Καὶ
1119 3154 1207 3206 διὰ
1245 3154 1510 3224 Ἱερεμίου
1548 3154 1657 3224 γὰρ
1696 3153 1821 3226 ἔφη’

239 3264 259 3295 ι
292 3244 360 3296 Τί
398 3246 430 3315 ἡ
464 3245 798 3313 ἠγαπημένη
829 3246 886 3296 ἐν
928 3245 1002 3313 τῷ
1028 3246 1160 3313 οἴκῳ
1200 3262 1300 3314 μου
1343 3245 1565 3315 ἐποίησε
1592 3246 1823 3316 βδέλυγο

234 3352 357 3403 μα;
417 3356 435 3386 ι
482 3334 625 3386 οὕτω
670 3335 769 3403 τῆς
802 3336 1021 3404 Γραφῆς
1062 3335 1331 3406 καλούσης
1362 3337 1423 3388 τὸ
1452 3337 1693 3391 εἴδωλον.
1747 3338 1821 3390 Τὸ

226 3426 289 3477 δὲ
327 3426 423 3477 καὶ
460 3427 571 3479 οὐκ
596 3424 738 3485 εἰσὶ,
773 3425 899 3495 περὶ
924 3425 1031 3477 τῶν
1050 3426 1348 3494 δαιμόνων
1371 3426 1559 3496 φησὶν,
1597 3428 1673 3490 ὡς
1709 3430 1820 3482 οὐκ

226 3516 427 3568 ὄντων
475 3517 627 3570 θεῶν
653 3554 666 3577 ,
703 3511 785 3578 οἷς
824 3515 977 3567 ἔθυον
1024 3518 1083 3568 ἐν
1117 3519 1229 3578 τοῖς
1276 3517 1343 3569 ἐκ
1375 3518 1651 3572 Ἑτλίνθων
1688 3537 1820 3571 κατο

222 3609 659 3675 εσκευασμένοις
689 3606 911 3676 βωμοῖς.
939 3608 1142 3674 Ἤγουν
1178 3608 1431 3677 ἐπείπερ,
1498 3609 1659 3678 ἡνίκα
1704 3612 1818 3672 τοῖς

222 3698 563 3765 δαιμονίοις
639 3697 896 3766 εὖχοντο,
968 3700 1167 3759 τόπους
1226 3703 1504 3767 πλίνθοις
1570 3704 1817 3768 ἐοικότας

226 3790 553 3859 διέγραφον,
592 3788 677 3856 ἐφ’
719 3783 794 3842 ὧν
844 3790 1081 3844 ἵσταντο.
1113 3790 1205 3843 Ἐν
1241 3792 1487 3860 μνήμασι
1533 3793 1589 3845 δέ
1643 3793 1811 3862 λέγει,

221 3880 316 3941 διὰ
356 3881 456 3943 τὰς
503 3881 990 3949 νεκυομαντείας,
1047 3884 1103 3935 ἐν
1154 3881 1211 3934 δέ
1276 3884 1625 3950 σπηλαίοις,
1682 3883 1811 3937 ἔνθα

222 3976 395 4025 ἴστων
463 3973 555 4023 ἐπ’
603 3971 781 4040 ὅρους
811 3972 1123 4041 ἀγάλματα,
1165 3973 1198 4043 ἢ
1245 3974 1340 4025 καὶ
1376 3974 1597 4038 τελετὰς
1622 3976 1812 4028 ἐπετέ-

222 4064 357 4117 λουν
379 4064 552 4127 τινὰς,
588 4062 693 4117 ὑπὸ
723 4063 963 4133 δένδρεσι
1002 4063 1263 4132 μεγάλοις
1291 4064 1481 4129 θυσίας
1508 4067 1810 4136 προσάγον-

219 4174 336 4216 τες.
378 4155 488 4207 Καὶ
521 4157 634 4216 τοῖς
666 4153 874 4205 ἔθνεσιν
920 4152 1137 4225 [φησὶν]
1173 4154 1518 4223 ὁμοιούμενοι
1541 4157 1811 4223 χοιρείων

219 4245 569 4314 ἐνεφορεῖσθε
600 4244 807 4312 κρεῶν,
839 4246 933 4296 καὶ
960 4245 1029 4296 ἐκ
1068 4243 1187 4296 τῶν
1226 4244 1476 4306 θυσιῶν,
1519 4238 1594 4298 ῶν
1640 4262 1806 4315 προσ-

216 4340 450 4405 εφέρετε
494 4336 764 4405 δαίμοσιν,
812 4335 1031 4404 ἕψοντες
1065 4334 1134 4387 τὰ
1160 4334 1404 4404 περιττὰ,
1438 4335 1561 4389 πᾶν
1582 4336 1808 4402 σκεῦος

216 4430 537 4499 ἐμολύνετε.
594 4430 703 4480 Καὶ
752 4426 979 4479 τοιαῦτα
1028 4426 1265 4496 δρῶντες
1322 4428 1465 4495 πυρὶ
1506 4428 1599 4481 καὶ
1652 4428 1804 4482 ὕδατι

1936 1988 2063 2043 dum
2101 1990 2167 2043 ¹⁴³.
2196 1987 2297 2042 Sed
2336 2003 2433 2041 sua
2487 2000 2609 2040 esse
2664 1992 2884 2053 peccata
2934 1991 3151 2037 secutos
3184 1998 3197 2044 ;
3227 1989 3519 2049 quantum-

1938 2082 2019 2135 vis
2051 2079 2156 2133 nisi
2192 2078 2480 2132 crederent
2512 2077 2639 2145 quia
2701 2076 2816 2143 ipse
2872 2081 2975 2138 est,
3011 2072 3065 2125 in
3110 2071 3353 2142 peccatis
3398 2071 3514 2123 suis

1935 2188 2058 2227 esse
2118 2172 2416 2226 morituros
2458 2170 2779 2223 inclamaret
2821 2167 2885 2220 ¹¹.
2923 2165 3061 2219 Sunt
3094 2165 3281 2227 etiam,
3315 2164 3407 2228 qui
3446 2161 3512 2215 ad

1937 2263 2313 2335 Aigypliacam
2329 2260 2674 2322 servitutem,
2695 2265 2749 2311 et
2785 2256 2853 2308 ad
2891 2253 3192 2317 molestias,
3219 2265 3361 2320 quas
3394 2264 3513 2303 cer-

1935 2359 2005 2410 tis
2038 2354 2373 2421 temporibus
2418 2351 2742 2412 tolerarunt,
2772 2347 2895 2402 ideo
2920 2344 3203 2409 referant;
3252 2340 3396 2412 quod
3444 2342 3513 2394 ab

1932 2461 2020 2510 eo,
2039 2460 2200 2514 quem
2215 2442 2436 2496 minimc
2454 2440 2804 2504 invocabant,
2824 2438 3086 2492 auxilium
3107 2436 3390 2491 sontireul.
3419 2434 3513 2487 Ille

1934 2536 2104 2597 enim,
2125 2534 2237 2604 Ego
2268 2549 2412 2597 sum,
2439 2532 2636 2602 inquit,
2669 2532 2762 2601 qui
2794 2546 2981 2583 manus
3002 2545 3148 2582 meas
3176 2531 3227 2580 in
3250 2525 3398 2580 Mosa
3414 2542 3511 2579 ex»

1934 2626 2143 2696 pandi;
2187 2634 2245 2678 ut
2320 2641 2414 2694 per
2458 2625 2741 2678 victoriam
2794 2637 2893 2677 vos
2952 2621 3081 2674 mihi
3136 2619 3509 2679 conciliarem,

1934 2719 2267 2773 Amalecitas
2299 2726 2479 2770 autem
2534 2715 2820 2784 perderem
2851 2730 2864 2765 :
2897 2710 3302 2781 quantumlibet
3349 2709 3510 2763 idolis

1934 2810 2208 2864 inhiantes
2230 2808 2426 2862 vestris
2445 2805 2845 2875 cupiditatibus
2869 2802 3212 2857 inserviretis
3235 2817 3251 2866 ;
3272 2815 3341 2854 ne
3366 2816 3511 2853 nunc

1936 2901 1987 2955 id
2022 2900 2254 2970 primum
2287 2896 2403 2950 lieri
2436 2895 2700 2949 all'eratis.
2735 2891 2845 2947 Vos
2876 2894 3019 2947 enim
3076 2892 3144 2945 ab
3199 2892 3348 2944 omni
3394 2906 3510 2945 aevo

1934 3006 2022 3045 me
2056 2988 2451 3051 exacerbastis;
2487 2988 2579 3055 qui
2612 2986 2668 3038 in
2694 2996 2973 3051 conspectu
2998 2999 3109 3036 meo
3134 2982 3506 3049 sacriﬁcastis,

1936 3083 2031 3152 qui
2062 3083 2205 3136 Deus
2230 3095 2354 3133 sum
2384 3077 2598 3142 videns,
2625 3076 2830 3144 quique
2859 3090 2944 3129 me
2976 3074 3111 3127 nihil
3136 3074 3316 3127 celare
3349 3086 3510 3143 posse

1936 3167 2143 3221 monui.
2173 3166 2313 3231 Quid
2342 3165 2508 3235 igitur
2546 3180 2642 3232 per
2673 3172 3012 3231 conspectum
3042 3179 3217 3223 suum.
3245 3164 3348 3216 nisi
3376 3173 3511 3217 lem-

1929 3259 2100 3329 plum,
2134 3256 2277 3326 quod
2301 3256 2403 3310 sibi
2442 3262 2826 3311 consecratum
2859 3263 2965 3315 cst,
3000 3254 3264 3308 intellexit
3289 3254 3311 3306 ?
3333 3252 3508 3307 Etiam

1921 3350 2068 3404 enim
2099 3363 2195 3417 per
2223 3347 2540 3408 Jeremiam,
2584 3364 2602 3396 ι
2640 3345 2814 3409 Quam
2871 3346 3072 3399 dilecta
3107 3345 3159 3398 in
3214 3343 3378 3397 domo
3408 3359 3507 3397 sua

1921 3438 2053 3495 fecit
2086 3434 2925 3505 abominationem“ipostulare
2959 3434 3147 3489 videas
3198 3434 3241 3465 ¹¹
3268 3453 3282 3499 ;
3307 3433 3508 3502 quibus

1919 3531 2106 3585 verbis
2139 3530 2345 3584 idolum
2373 3528 2658 3598 Scriptura
2699 3525 2992 3597 signiﬁcat.
3034 3526 3190 3591 Quod
3217 3535 3400 3580 autem
3450 3539 3504 3579 et

1919 3640 2022 3677 non
2046 3638 2169 3677 sunt
2204 3621 2427 3691 adjecit,
2451 3620 2518 3676 de
2547 3620 2873 3675 dwmom’bus
2908 3619 3175 3675 intellexit
3207 3627 3504 3687 ;tanquam

1915 3715 2040 3770 deos
2100 3732 2201 3768 non
2229 3730 2340 3768 esse
2370 3723 2601 3775 asserat,
2634 3713 2835 3781 quibus
2884 3726 3049 3780 super
3097 3711 3289 3764 altaria
3321 3711 3506 3763 lateri-

1918 3807 2013 3862 bus
2036 3798 2354 3861 constructa
2374 3804 2780 3860 sacriﬁcabant.
2798 3801 2896 3858 Vel
2915 3804 3065 3873 quia,
3080 3818 3203 3857 eum
3227 3803 3497 3857 dwmonia

1915 3899 2302 3967 precabantur,
2356 3897 2478 3951 loca
2546 3896 2799 3966 quamam
2833 3896 2887 3948 in
2947 3894 3172 3947 laterum
3240 3892 3504 3948 similitu-

1914 3990 2192 4055 dinem,in
2218 3990 2419 4057 quibus
2460 4004 2523 4043 ea
2559 3987 2866 4057 erigebant,
2898 3986 3270 4049 delineabant,
3328 3983 3506 4050 sepul-

1913 4095 2125 4131 crorum
2146 4077 2345 4131 deinde
2375 4078 2623 4131 meminit
2653 4093 2667 4141 ;
2703 4084 2761 4131 ut
2796 4076 3192 4130 divinationem
3228 4090 3326 4143 per
3356 4090 3503 4129 mor-

1913 4180 2038 4225 tuos
2096 4172 2373 4225 iunueret.
2408 4169 2651 4223 Meminit
2682 4180 2735 4224 et
2764 4169 3159 4235 speluncarum,
3206 4168 3297 4220 ubi
3332 4167 3504 4221 simu-

1911 4265 2056 4318 lacra
2078 4264 2129 4315 in
2146 4273 2318 4315 monte
2340 4261 2685 4315 collocabant
2701 4276 2716 4324 ;
2734 4270 2827 4313 aut
2844 4260 3008 4314 etiam
3051 4273 3206 4312 sacra
3230 4258 3501 4325 qmedam.

1912 4355 2169 4408 mactatis
2201 4354 2303 4406 sub
2334 4352 2581 4420 proceris
2614 4350 2905 4404 arboribus
2938 4347 3161 4411 hostiis,
3198 4346 3499 4407 faciebant,

1910 4438 2055 4505 Quin
2088 4447 2142 4493 et
2196 4446 2408 4507 gentes,
2446 4437 2542 4500 ait,
2580 4436 2801 4501 imitati,
2834 4435 3065 4489 suilibus
3110 4435 3357 4488 carnibus
3399 4434 3502 4488 im-

220 4517 707 4585 περιαγνιζόμενοι
747 4514 1045 4581 καθαροὺς
1076 4515 1332 4580 ἑαυτοὺς
1370 4516 1703 4585 ὠνομάζετε.
1738 4520 1802 4571 *Α
1842 4534 1885 4587 ι)

1842 4534 1885 4587 D
1916 4529 2216 4599 plebamini
2245 4547 2259 4595 ;
2297 4545 2524 4598 vasaque
2549 4529 2728 4581 omnia
2769 4527 3065 4582 elixatione
3096 4526 3498 4595 superﬂuorum

212 4611 276 4663 δὲ
322 4610 500 4662 πάντα
549 4608 779 4672 καπνός
827 4608 947 4660 εἱσι
981 4606 1087 4658 τοῦ
1122 4606 1313 4674 θυμοῦ
1361 4624 1505 4676 μου.
1542 4607 1655 4677 Πρὸ
1697 4610 1805 4680 γὰρ

212 4702 318 4769 τῆς
356 4692 656 4769 ἐπιδημίας
706 4698 846 4768 ἀρχή
883 4713 1000 4759 πως
1040 4693 1108 4780 ᾖν
1135 4698 1233 4765 τῆς
1274 4695 1425 4759 θείας
1463 4697 1657 4767 ὀργῆς.
1702 4698 1807 4751 Τὸν

213 4795 272 4847 δὲ
293 4792 487 4860 θυμὸν
511 4793 715 4860 ἐξῆψαν
744 4792 811 4844 τὰ
834 4792 977 4844 κατὰ
1006 4792 1101 4843 τοῦ
1130 4793 1381 4861 Σωτῆρος
1407 4793 1803 4863 τολμήσαντες.

226 4887 293 4935 'U
361 4886 417 4935 δὲ
473 4885 705 4948 καπνὸς
756 4886 842 4947 εἰς
888 4882 1006 4950 πῦρ
1068 4883 1449 4953 μετεϐάλλετο.
1489 4884 1711 4954 Ἐπειδὴ
1752 4884 1807 4937 δέ

212 4984 332 5042 τοῖς
366 4980 673 5048 ἀνθρώποις
719 4981 941 5049 βοήθεια
988 4981 1123 5050 πρὸς
1163 4980 1336 5050 λήθην
1371 4982 1440 5034 τὰ
1475 4982 1805 5051 ικριὶμματίι,

212 5072 498 5143 τροπικῶς
546 5075 609 5124 ἐκ
662 5073 867 5126 τούτων
914 5073 1154 5125 δείκιυσι
1200 5074 1259 5125 τὸ
1295 5075 1653 5143 ἀνεπίληστον
1708 5076 1802 5128 τοῦ

211 5164 354 5216 Θεοῦ
382 5178 396 5193 ⁸
430 5166 611 5217 ὁποῖον
652 5167 746 5218 καὶ
777 5165 925 5235 παρὰ
951 5164 1148 5234 Δανιὴλ
1192 5165 1271 5231 τὸ,
1308 5166 1494 5218 Βίϐλοι
1525 5167 1798 5236 ἀνεῴχθη-

215 5272 340 5315 σαν,
378 5256 641 5321 σημαῖνον
696 5255 794 5324 τὴν
822 5254 996 5306 πάντα
1038 5254 1239 5321 γνῶσιν
1289 5256 1804 5325 περιλαμϐάνουσαν

207 5343 311 5397 τοῦ
355 5343 514 5396 Θεοῦ.

1916 4621 1979 4674 de
2020 4620 2229 4685 hostiis,
2264 4636 2404 4691 quas
2471 4621 2571 4689 ipsi
2631 4619 2909 4684 feceralis,
2960 4618 3491 4687 coinquit'taveratis.

1913 4713 2045 4777 Quae
2101 4725 2279 4767 tamen
2328 4728 2452 4766 cum
2517 4712 2770 4783 ageretis,
2800 4720 3089 4781 postquam
3130 4712 3247 4780 igne
3292 4724 3388 4765 vos
3445 4720 3500 4764 et

1918 4819 2059 4872 aqua
2118 4805 2478 4864 lustrassetis.
2527 4805 2750 4856 mundos
2797 4820 2885 4857 vos
2944 4803 3321 4871 appellabatis.
3369 4800 3501 4867 Qua:

1918 4905 2067 4950 certe
2086 4897 2270 4950 omnia
2301 4895 2499 4963 furoris
2522 4898 2623 4947 mei
2654 4897 2833 4963 fumus
2866 4906 3010 4948 sunt.
3041 4893 3169 4947 Erat
3193 4895 3337 4948 enim
3375 4902 3500 4945 ante

1916 4986 2213 5040 adventum
2260 4987 2425 5040 veluti
2458 4986 2733 5056 quoddam
2759 4986 2961 5039 divina:
2986 4986 3081 5040 ira:
3118 4985 3450 5054 principium
3482 5000 3495 5047 ;

1912 5077 2006 5131 sed
2040 5076 2205 5146 738
2237 5076 2471 5144 furorem
2513 5076 2761 5130 accendit
2802 5084 3076 5144 patratum
3124 5076 3178 5128 in
3238 5074 3495 5129 Salvato-

1914 5183 2026 5221 rem
2062 5170 2274 5222 facinus
2305 5187 2317 5222 :
2352 5169 2577 5237 ipseque
2631 5168 2805 5235 fumus
2840 5168 2893 5220 in
2923 5168 3042 5237 igne
3097 5175 3336 5221 mutatus
3392 5176 3495 5221 est.

1917 5259 2189 5324 Quoniam
2227 5269 2410 5313 autem
2475 5259 2727 5312 homines
2763 5260 2827 5312 ad
2865 5260 3142 5314 memoria:
3189 5256 3495 5313 subsidium

1913 5350 2123 5418 scriptis
2152 5350 2224 5403 uti
2259 5352 2507 5405 videmus
2542 5369 2556 5414 ;
2601 5352 2668 5403 ab
2702 5352 2809 5405 illis
2863 5353 3070 5421 Iropice
3130 5337 3281 5404 nulla
3329 5351 3493 5403 Deum

209 5431 499 5486 oblivione
522 5433 774 5487 laborare
796 5433 1508 5504 demonstrat.Cujusmodi
1542 5439 1672 5491 illud
1695 5450 1797 5501 est,
1833 5441 1979 5508 quod
2033 5443 2174 5510 apud
2248 5442 2520 5496 [tonielem
2585 5454 2803 5509 apertos
2881 5458 3001 5496 esse
3075 5444 3243 5496 libros
3293 5441 3496 5508 reperi-

210 5540 342 5581 mus
380 5527 457 5592 ”;
503 5534 560 5579 ut
590 5543 771 5580 omma
818 5528 909 5581 Dei
956 5530 1322 5598 coguitmnun
1374 5536 1658 5601 (OlllpiPCH
1723 5538 2011 5602 signiticet.

297 5621 433 5675 Ἐπὶ
475 5622 531 5675 δέ
581 5622 967 5689 τῶνβοωῶν
1008 5625 1329 5679 ῶνείδισιὶν
1383 5646 1476 5696 με,
1529 5630 1679 5702 φησί.
1718 5630 1791 5682 Οὐ

288 5738 308 5767 ⁸
334 5739 820 5804 Εζε(·1ι.κγιιι,ῗι5.
877 5744 893 5762 "
932 5740 1090 5797 Jnan.
1117 5760 1232 5803 \‘lll.
1267 5744 1342 5797 l9.
1396 5746 1433 5772 ”‘
1470 5746 1599 5801 ibid.
1632 5764 1701 5799 vn
1758 5746 1843 5800 57.

202 5808 384 5877 Apoc.
420 5824 510 5873 xx,
557 5809 638 5862 12.

1981 5628 2455 5696 Sequilurdeinde
2491 5648 2500 5681 :
2538 5627 2600 5680 [εἰ
2638 5646 2792 5695 super
2845 5629 3002 5681 colles
3050 5630 3494 5693 exprobrarem":

1929 5750 1961 5773 "
2006 5748 2113 5806 Ibid
2168 5764 2282 5810 \‘lll,
2326 5748 2415 5803 Eu,
2500 5750 2539 5779 ”
2572 5746 2867 5815 διιοριιι.χι,
2908 5747 2987 5801 l5.
3069 5746 3265 5800 l“Dan.
3300 5741 3493 5805 vu,l0;
