4248 6428
714 365 852 429 2ΰ87

2022 376 2369 442 ΠΒὈΕΟΡῙΙ
2404 380 2642 439 GALEI

3823 382 3971 445 2683

714 473 866 526 milii.
897 471 1081 542 Neque
1114 475 1256 529 enim
1289 474 1409 527 alils
1444 489 1685 544 unquam
1731 478 2007 543 litassent,
2046 483 2146 535 nisi
2196 497 2282 535 me
2312 487 2353 541 Α
2385 501 2391 512 ·

2312 487 2353 541 Α
2385 485 2491 551 γὰρ
2523 485 2586 536 ἂν
2628 484 2781 535 ἔθυον
2822 485 3047 555 ἑτέροις,
3085 486 3159 555 μὴ
3203 483 3665 554 καταφρονοῦντες
3702 487 3773 548 ὡς
3808 490 3966 540 εύτε-

715 563 1200 630 contempsissent,
1254 572 1507 632 tauquam
1560 564 1700 621 Deus
1752 568 1868 636 ipse
1926 587 2034 624 non
2078 587 2281 627 esseni.

715 650 871 714 Quod
906 662 1085 705 autem
1144 669 1245 705 non
1292 655 1575 707 taciturum
1609 672 1668 710 se
1707 658 1947 727 adjecit;
1983 660 2049 714 ad
2087 677 2286 731 exspe-

716 751 929 795 ctantes
969 758 1027 795 se
1085 744 1294 801 retulit.
1329 743 1515 813 Itaque
1552 749 1595 800 si
1634 750 1946 803 inveniatur
1988 752 2187 820 aliquis
2220 769 2285 806 ex

714 850 775 883 ra
820 834 1185 899 multitudine,
1215 836 1307 904 qui
1347 838 1541 892 salutis
1610 854 1760 908 spem
1826 842 2041 908 habeat,
2091 846 2285 898 horum

716 925 808 976 ille
842 924 893 977 in
929 940 1158 979 numero
1207 944 1314 981 non
1368 929 1677 984 habebitur.
1723 931 1779 985 Si
1815 935 1959 987 enim
2027 938 2107 988 vel
2164 939 2289 992 vitis

715 1015 833 1081 ipsa
871 1014 1112 1078 Domini,
1142 1033 1240 1087 pro
1271 1020 1415 1081 uvis,
1452 1022 1639 1088 spinas
1666 1024 1953 1091 producat,
1984 1026 2290 1079 eradicabi-

716 1115 830 1159 tur.
869 1106 965 1160 Sin
1020 1121 1200 1163 autem
1254 1114 1335 1165 vel
1386 1128 1615 1181 paucos,
1647 1116 1803 1167 veluti
1868 1116 1922 1167 in
1963 1119 2099 1169 sicco
2142 1116 2290 1171 bolro

718 1200 902 1251 acinus
936 1201 1220 1255 incolumis
1253 1204 1583 1269 inveniatur;
1614 1217 1871 1274 tanquam
1907 1208 2288 1261 benedictionis

717 1290 1014 1357 particeps,
1046 1293 1378 1345 servabitur.
1430 1293 1548 1346 Non
1597 1297 1754 1349 aliter
1788 1311 1850 1349 ac
1886 1297 1929 1351 si
1960 1298 2075 1366 agri
2107 1296 2289 1351 Domi-

719 1394 825 1432 nus
856 1393 1122 1433 racemum
1167 1384 1437 1450 amputari
1491 1384 1796 1452 prohibeat,
1833 1385 1885 1436 iu
1918 1402 2027 1454 quo
2051 1392 2289 1455 supersit

720 1468 928 1530 acinus,
959 1485 1119 1537 quem
1152 1470 1353 1523 habere
1395 1472 1807 1524 benedictionem
1842 1482 2080 1526 moueat.
2108 1472 2197 1525 Sic
2238 1482 2291 1527 et

720 1556 958 1610 Sodoma
1003 1570 1353 1612 servaturum
1394 1575 1452 1612 se
1511 1561 1869 1627 pollicebatur
1928 1562 2209 1622 Dominus,
2243 1563 2289 1616 si

718 1649 801 1701 vel
837 1648 1276 1717 quinquejustos
1310 1650 1673 1728 habuisset”.
1705 1654 1805 1705 llic
1838 1662 2017 1705 autem
2049 1653 2114 1705 ad
2136 1654 2294 1705 boni-

717 1740 848 1792 tatis
897 1740 1274 1794 cxtensionem
1322 1749 1544 1809 propter
1587 1743 1795 1794 acinum
1846 1759 2038 1807 unum,
2083 1744 2286 1796 bolrum

2392 573 2534 635 λοῦς,
2568 575 2659 626 καὶ
2697 575 2828 643 μηδὲ
2860 576 3009 638 imo;
3035 576 3192 631 Θεοῦ.
3225 578 3299 630 Τὸ
3330 578 3407 640 δὲ,
3429 580 3514 631 Οὺ
3539 578 3624 646 μὴ
3651 580 3967 644 σιωπήσω,

2394 667 2757 731 ἐπιμενόντων
2790 666 2968 719 αὐτῶν
3008 668 3268 735 δηλονότι,
3297 667 3597 737 Τοιγαροῦν
3627 670 3676 721 εἰ
3710 671 3967 740 εὑρεθείη

2390 770 2472 814 τις
2502 756 2558 805 ἐν
2591 753 2667 821 τῷ
2706 752 2897 823 πλήθει
2931 757 3204 826 σωτηρίας
3224 756 3362 824 ἔχων
3385 756 3596 819 ἐλπίδα,
3624 758 3833 811 τούτων
3864 760 3972 823 ἔξω

2392 844 2700 909 γενήσεται.
2743 845 2801 895 El
2837 843 2944 915 γὰρ
2974 846 3068 897 καὶ
3102 848 3128 899 ὁ
3156 847 3415 915 ἀμπελὼν
3447 850 3654 918 Κυρίου
3689 851 3813 903 ἀντὶ
3850 866 3975 904 στα-

2393 930 2563 1001 φυλῆς
2585 932 2827 995 ἀκάνθας
2856 936 3085 1003 ποιήσας
3109 945 3159 995 7,
3181 936 3640 1006 ἀφανισθήσεται·
3664 939 3783 990 ἀλλ’
3812 941 3974 992 εἵπου

2390 1037 2474 1082 τις
2504 1020 2855 1090 εὑρεθήσεται
2887 1024 3110 1085 σπάνιος
3148 1024 3228 1089 ὡς
3259 1026 3328 1077 ἐν
3371 1024 3533 1091 ξηρῷ
3574 1027 3800 1094 βότρυϊ
3844 1028 3976 1094 ρὼξ

2390 1110 2586 1177 ὑγιὴς,
2609 1110 2682 1173 ὼς
2711 1112 2995 1179 εὐλογίας
3016 1114 3281 1184 μετέχων,
3317 1115 3624 1183 σωθήσεται
3646 1133 3661 1146 ·
3690 1116 3765 1178 ὡς
3800 1120 3850 1169 εἰ
3879 1121 3977 1171 καὶ

2391 1197 2664 1276 δεσπότης
2703 1201 2873 1270 ἀγροῦ
2920 1203 3117 1255 κωλύοι
3178 1205 3454 1275 τμηθῆναι
3502 1208 3739 1274 βότρυν
3778 1210 3976 1276 ἔχοντα

2391 1290 2480 1342 τον
2524 1275 2843 1360 ἐναρὧα,
2899 1295 3181 1363 εὐλογίαν
3213 1296 3355 1364 ἔχειν
3396 1296 3585 1360 εἰπὼν,
3621 1297 3766 1350 σ”ΰτω
3810 1275 3977 1368 μέχρι

2393 1380 2551 1431 πέντε
2580 1381 2806 1432 δικαίων
2831 1383 2859 1432 ὁ
2888 1380 3018 1444 Θεὸς
3050 1384 3318 1451 ὑπέσχετο
3365 1384 3561 1448 σώζειν
3616 1387 3685 1437 τὰ
3731 1388 3974 1454 Σόδομα.

2393 1469 2505 1521 Νῦν
2526 1468 2582 1520 δὲ
2614 1471 2735 1521 κατ’
2764 1471 3013 1524 ἐπίτασιν
3037 1472 3391 1542 ἀγαθότητος,
3423 1474 3491 1525 δι’
3524 1476 3619 1528 ἕνα
3650 1474 3852 1548 [ρὧα]
3884 1477 3978 1529 λέ-

2392 1574 2477 1624 γει
2500 1558 2589 1611 τ³ιν
2610 1560 2843 1624 βότρυν
2874 1560 3239 1629 σωθήσεσθαι,
3260 1562 3462 1634 δηλαδὴ
3486 1566 3663 1629 πόλιν,
3692 1568 3723 1635 ἦ
3753 1566 3979 1635 κώμην.

2392 1650 2502 1701 Καὶ
2552 1650 2651 1718 τὴν
2710 1651 2967 1702 ἐπάνοδον
3028 1652 3134 1722 γὰρ
3198 1654 3467 1722 πεποίηκε
3506 1656 3595 1708 διὰ
3642 1657 3977 1725 Ζοροϐάϐελ,

2406 1740 2611 1809 Ἰησοῦν
2655 1758 2713 1794 τε
2755 1742 2847 1793 καὶ
2914 1743 3170 1812 Ἔσδραν,
3220 1745 3315 1797 καὶ
3353 1746 3405 1797 sl
3436 1763 3519 1808 τις
3552 1747 3811 1809 τοιοῦτος.
3868 1751 3981 1801 Καὶ

717 1829 895 1897 ipsum
932 1847 945 1892 ;
976 1830 1027 1883 id
1054 1837 1138 1882 est
1173 1830 1473 1890 civitatem,
1508 1831 1590 1884 vel
1624 1847 1841 1900 pagum,
1873 1839 2217 1885 servaturum
2234 1851 2291 1887 se
2321 1810 2362 1865 Β

2321 1810 2362 1865 Β
2396 1830 2492 1882 νῦν
2540 1831 2595 1883 δὲ
2645 1831 2985 1901 ἐξελοῦμαι,
3030 1810 3199 1901 ἤγουν
3260 1836 3459 1905 ὑψηλὸν
3510 1837 3777 1903 ἀποδείξω
3809 1840 3871 1891 τὸ
3921 1842 3982 1903 ἐξ

718 1919 1008 1987 signiﬁcat.
1038 1916 1179 1972 Olim
1214 1919 1357 1973 enim
1376 1922 1538 1973 etiam
1561 1922 1865 1975 revertendi
1894 1924 2110 1990 copiam
2142 1922 2289 1987 fecit,

715 2018 939 2079 pr0pter
998 2010 1417 2074 Zorohahelem,
1440 2023 1493 2065 et
1546 2012 1755 2073 Jesmn,
1787 2022 1839 2068 et
1872 2014 2126 2077 Esdram,
2161 2023 2213 2067 et
2245 2014 2287 2068 si

713 2102 841 2169 quis
871 2102 1161 2170 ejusmodi.
1193 2104 1255 2157 Et
1282 2122 1665 2175 nuncquoqne
1686 2107 1999 2159 educturum
2026 2124 2099 2166 se,
2134 2109 2290 2160 idest

715 2194 994 2246 excelsum
1033 2194 1478 2250 iacturumJuda:
1501 2214 1673 2250 semen
1702 2208 1748 2251 et
1776 2196 1969 2249 Jacobi
1998 2198 2288 2265 signiﬁcat.

714 2280 977 2349 lntelligit
1026 2299 1154 2337 vero
1213 2287 1428 2339 seminis
1483 2286 1845 2355 appellatione
1906 2287 2035 2339 illud
2094 2288 2290 2354 ipsum,

714 2373 861 2442 quod
911 2376 1125 2428 caeteris
1166 2375 1230 2429 ad
1263 2377 1537 2430 fruetmmi
1595 2377 1889 2431 editionem
1920 2377 2170 2432 conferre
2201 2394 2291 2430 va-

717 2465 1029 2535 leat:quale
1059 2475 1144 2521 est
1180 2467 1343 2521 illud:
1381 2488 1398 2518 ι
1436 2467 1550 2522 Nisi
1588 2470 1852 2523 Dominus
1888 2470 2127 2522 Sabaoth
2161 2471 2283 2523 reli-

716 2556 1100 2624 quissetnubis
1134 2574 1317 2613 semen
1340 2560 1415 2625 ";
1445 2578 1462 2610 ι
1490 2559 1693 2628 quibus
1713 2542 1893 2611 verbis
1916 2560 2289 2627 apostolorum

718 2646 923 2701 chorus
958 2648 1300 2716 signiﬁcatur
1326 2666 1340 2713 ;
1370 2651 1485 2719 qui,
1514 2652 1727 2723 ueteris
1755 2652 2110 2716 pereuntibus,
2139 2666 2289 2701 mon-

719 2748 820 2791 tem
845 2750 1085 2791 sanctum
1116 2742 1410 2806 possidens,
1444 2742 1508 2793 ad
1543 2752 1781 2795 montem
1826 2739 1977 2806 Sion,
2001 2753 2054 2795 et
2108 2740 2172 2792 ad
2210 2740 2289 2793 ci-

718 2829 947 2881 vitatem
984 2828 1074 2883 Dei
1102 2832 1355 2892 viventis,
1376 2834 1656 2886 cmlestem
1682 2831 1987 2886 Jerusalem
2021 2830 2084 2893 ⁸⁸,
2116 2830 2166 2883 id
2203 2838 2287 2884 est

2411 1920 2602 1974 Ἰούδα
2626 1921 2863 1991 σπέρμα
2898 1922 2995 1974 καὶ
3034 1922 3255 1978 Ἰακώϐ.
3294 1926 3366 1976 Ἱό
3388 1926 3443 1977 δέ
3472 1927 3710 1993 σπέρμα
3740 1928 3897 1995 δηλοῖ
3920 1930 3983 1981 τὸ

2397 2012 2474 2073 εἰς
2551 2010 2754 2079 ἐτέρων
2820 2010 3191 2079 καρποφορίαν
3269 2011 3583 2064 συντελέσαι
3653 2012 3979 2081 δυνάμενον

2394 2105 2575 2154 ὁποῖον
2636 2101 2727 2161 τὸ,
2781 2119 2799 2151 ι
2841 2100 2901 2153 Εἰ
2940 2101 3015 2170 μὴ
3062 2101 3267 2175 Κύριος
3314 2102 3542 2155 Σαϐαὼθ
3614 2106 3984 2169 ἐγκατέλιπεν

2402 2194 2534 2259 ἡμῖν
2567 2192 2805 2259 σπέρμα,
2847 2210 2863 2240 ι
2922 2191 2950 2243 ὃ
2998 2191 3087 2243 τὸν
3118 2193 3474 2247 ἀποστολικον
3500 2197 3755 2262 σημαίνει
3786 2198 3976 2267 χορόν·

2399 2283 2447 2348 ὃ,
2485 2282 2591 2334 τῶν
2637 2282 2813 2335 ἄλλων
2862 2282 3324 2352 ἀπολλυμένων,
3358 2286 3423 2338 τὸ
3451 2285 3622 2351 ἅγιον
3651 2288 3983 2354 ἐκληρονό-

2394 2390 2595 2441 μησεν
2637 2374 2774 2442 ὄγμος
2818 2390 2832 2402 ·
2890 2376 3209 2443 φάσκοντες,
3281 2376 3779 2447 Προσεληλύθαμεν
3840 2377 3989 2430 Σιὼν

2399 2466 2537 2532 ὄρει,
2589 2467 2684 2517 καὶ
2718 2468 2869 2518 πόλει
2903 2467 3035 2519 Θεοῦ
3073 2467 3274 2531 ζῶντος
3328 2469 3686 2537 Ἰερουσαλὴμ.
3741 2472 3989 2540 ἐπουραο

2399 2556 2517 2624 νίῳ,
2554 2556 2719 2626 ἤγουν
2749 2556 2845 2625 τὴν
2888 2557 3210 2625 Ἐκκλησίαν
3240 2558 3381 2610 κατα
3410 2558 3489 2621 το,
3528 2559 3749 2611 Πίονται
3784 2561 3988 2627 εύφροο

2401 2648 2589 2716 σύνην,
2637 2650 2849 2702 πῖονται
2889 2644 3051 2713 οἶνον,
3093 2651 3372 2718 χρίσονται
3421 2650 3590 2719 μύρον
3628 2651 3697 2701 ἐν
3737 2649 3815 2712 τῷ
3861 2650 3988 2717 ὄρει

2398 2739 2592 2809 τούτῳ,
2632 2740 2697 2792 δι’
2737 2736 2812 2791 ὧν
2850 2740 3150 2809 ἐπληροῦτο
3199 2742 3290 2792 καὶ
3337 2742 3416 2805 τὸ,
3454 2741 3744 2795 ’Ἔσονται
3793 2740 3863 2792 ἐν
3905 2738 3990 2804 τῷ

2395 2828 2598 2898 δρυμῴ
2649 2832 2956 2896 ἐπαύλεις.

720 2921 1043 2986 Ecclesiam,
1067 2923 1363 2977 accessisse
1397 2939 1454 2977 se
1487 2923 1674 2976 dicunt
1704 2923 1890 2993 :juxta
1924 2923 2068 2992 quod
2095 2922 2365 2976 bibituros
2388 2922 2655 2984 l-.etitia:n,
2704 2923 2971 2976 bibituros
3007 2922 3191 2976 viuum
3218 2932 3529 2991 ;unguento
3553 2923 3789 2992 denique
3814 2926 3989 2977 ensia

719 3022 896 3065 monte
926 3022 1150 3067 unctum
1176 3015 1241 3068 iri
1278 3014 1548 3085 legimus;
1582 3016 1784 3085 quibus
1817 3013 2065 3069 ell'ectum
2089 3024 2192 3077 est,
2233 3024 2291 3067 ut
2330 3013 2475 3083 quod
2512 3014 2725 3082 futuras
2754 3015 2806 3066 in
2834 3014 2980 3067 saltu
3018 3014 3205 3068 caulas
3242 3013 3405 3083 739

722 3106 1047 3173 reperiatur.

3483 3014 3706 3083 adjecit,
3777 3014 3988 3066 fartum

798 3198 891 3251 Est
931 3214 1058 3252 vero
1090 3208 1375 3263 usuatum,
1411 3207 1469 3250 ut
1493 3200 1661 3251 saltus
1688 3200 1929 3264 nomine,
1980 3207 2287 3253 exterarum
2318 3204 2361 3260 ο
2466 3228 2475 3251 ε

2318 3204 2361 3260 C
2466 3196 2699 3265 Δρυμὸν
2735 3194 2976 3264 συνήθως
3031 3193 3206 3261 λέγων
3242 3193 3349 3245 τῶν
3383 3193 3697 3261 ἀλλοςιύλων
3746 3194 3806 3244 το
3848 3196 3992 3261 πλῆ-

724 3290 972 3359 gentium
1008 3289 1305 3342 multitudo
1334 3290 1675 3356 signiﬁcetur
1698 3306 1712 3353 ;
1738 3289 1877 3358 apud
1904 3305 2042 3358 quas
2077 3290 2298 3342 institu-

726 3386 811 3429 tas
842 3392 964 3431 esse
1030 3386 1247 3431 constat
1312 3377 1773 3445 Ecclesias;qua:
1819 3378 2007 3439 caulm,
2041 3387 2095 3429 et
2141 3378 2298 3429 vallis

724 3473 903 3523 Achar
934 3472 1293 3540 appellantur.
1321 3473 1396 3532 Ae
1430 3473 1474 3526 si
1520 3472 1728 3526 diceret
1758 3490 1771 3526 :
1800 3471 1916 3525 Non
1952 3474 2109 3525 aliter
2135 3487 2298 3541 quam

725 3562 921 3613 vallem
977 3560 1164 3614 Acbor
1233 3571 1397 3614 totam
1462 3563 1893 3616 exsecrationem
1957 3563 2066 3630 pati
2123 3562 2300 3615 conti-

728 3652 805 3718 git
836 3651 875 3680 ’⁷
903 3668 918 3713 ;
950 3666 1072 3705 cum
1098 3666 1169 3705 eo
1210 3652 1488 3721 conjectus
1518 3652 1697 3707 Achor
1750 3660 1854 3717 est,
1897 3656 1988 3722 qui
2030 3670 2150 3723 qua:
2192 3653 2301 3706 Deo

730 3740 947 3794 fuerant
996 3754 1317 3795 consecrata
1360 3743 1574 3796 iuratus
1632 3746 1967 3797 esset:talis
2015 3743 2190 3797 fuerat
2250 3754 2303 3798 et

731 3834 847 3899 ipsa
877 3834 1119 3899 gentium
1164 3834 1481 3901 impiarum,
1528 3834 1747 3905 Deoque
1772 3836 2075 3890 carentium
2110 3837 2257 3904 regio
2284 3854 2299 3902 ;

731 3938 851 3992 qua:
873 3924 924 3975 in
951 3934 1309 3977 armentorum
1346 3928 1599 3994 requiem,
1630 3928 1842 3993 populo,
1867 3927 1957 3995 qui
1984 3944 2063 3980 me
2109 3930 2304 3995 (μιαιδί-

732 4022 937 4076 rerum,
982 4011 1165 4065 futura
1193 4023 1276 4067 est
1308 4030 1320 4065 :
1360 4030 1521 4083 quem
1542 4023 1595 4069 et.
1619 4017 1838 4079 racemi,
1860 4024 1912 4068 et
1945 4017 2307 4080 seminis,ele-

727 4100 946 4156 't-turum
982 4104 1225 4171 insuper,
1253 4113 1305 4157 ct
1354 4120 1636 4159 servormn
1677 4108 1989 4160 nominibus
2022 4106 2305 4161 iudicavit.

730 4196 944 4265 Cogunt
970 4197 1113 4249 enim
1157 4207 1397 4250 armenta
1435 4206 1489 4252 et
1510 4215 1709 4268 greges,
1746 4213 1853 4251 non
1889 4200 1940 4251 in
1976 4198 2178 4263 Israel;
2212 4199 2306 4252 sed

735 4286 788 4337 in
812 4284 953 4337 saltu
1004 4286 1288 4354 pracdicto,
1319 4294 1372 4340 et
1432 4289 1566 4342 valle
1614 4288 1833 4341 Acbari:
1860 4306 1878 4353 ;
1910 4288 1962 4341 id
1993 4298 2095 4353 est,
2135 4289 2187 4341 in
2224 4305 2308 4343 rc-

737 4376 913 4444 gionis
959 4376 1343 4444 amplitudine,
1395 4378 1441 4432 si
1489 4378 1729 4432 nominis
1790 4378 2302 4447 interpretationem

740 4466 1005 4534 postulas.
1031 4468 1211 4537 Atque
1259 4468 1373 4522 liaéc
1418 4469 1638 4538 quidem
1685 4470 1808 4523 istis
1861 4477 2122 4523 eventura
2158 4477 2306 4522 sunt.

2407 3289 2518 3350 θος.
2565 3287 2695 3356 παρ’
2744 3279 2826 3344 οἷς
2894 3283 3212 3353 Ἐκκλησίαι
3276 3284 3641 3352 κατέστησαν,
3697 3284 3995 3349 ἐπαύλεις

2408 3379 2759 3447 καλούμεναι,
2796 3376 2890 3428 καὶ
2909 3374 3143 3443 φάραγξ
3186 3373 3381 3441 Ἀχὼρ.
3407 3373 3561 3426 Τοῦτ’
3594 3374 3765 3463 ἔστιν,
3799 3366 3994 3443 ὥσπερ

2408 3470 2546 3538 αὑτὴ
2580 3468 2801 3535 γέγονεν
2851 3464 3401 3533 ἁνατεθηματισμένη
3448 3462 3734 3529 παγγενεὶ,
3771 3462 3934 3513 τοῦτο
3967 3472 3989 3497 ι

2408 3559 2663 3627 ἀνάθημα
2696 3556 2996 3625 κλέψαντος
3036 3553 3401 3622 ἐμϐληθέντος
3436 3553 3571 3621 αὐτῇ
3595 3568 3608 3581 ·
3644 3552 3871 3620 τοιαύτη
3907 3568 3994 3612 τις

2409 3648 2477 3723 ἦν
2519 3654 2552 3721 η
2582 3649 2733 3719 χώρα
2775 3648 2883 3699 τῶν
2923 3646 3098 3699 ἀθέων
3124 3645 3316 3705 ἐθνῶν,
3367 3646 3487 3714 ἧτις
3520 3646 3608 3709 εἰς
3636 3643 3996 3697 ἀνάπαυσιν

2412 3745 2565 3797 ἔσται
2608 3740 2957 3804 ,βουκολίων
2987 3738 3066 3802 τῷ
3098 3736 3496 3805 ἐκζιιτήσιιντί
3536 3754 3612 3805 με
3641 3736 3792 3801 εἶαῷι
3826 3735 3887 3798 δῖ
3923 3733 3996 3805 ἦν

2411 3839 2440 3889 ὁ
2474 3834 2603 3903 ρὼξ
2645 3833 2737 3885 καὶ
2766 3832 2827 3883 τὸ
2864 3831 3103 3896 σπέρμα
3128 3830 3189 3882 τὸ
3227 3831 3535 3897 εἰρημένον,
3567 3828 3615 3879 οἱ
3652 3828 3901 3880 ἐκλεκτοί
3934 3843 3997 3881 τι

2412 3925 2611 3978 δοῦλοι.
2670 3925 3033 3990 Συστήσονται
3084 3920 3195 3989 γὰρ
3248 3914 3393 3971 οὗτοι
3436 3918 3734 3980 ,ϐουκόλια
3784 3935 3844 3970 τε
3903 3922 3999 3971 καὶ

2416 4018 2682 4085 ποιζμνια,
2712 4015 2809 4067 οὐκ
2843 4016 2898 4065 ἐν
2932 4014 3008 4080 τῷ
3042 4011 3279 4081 Ἰσραὴλ,
3323 4010 3437 4061 ἀλλ’
3481 4012 3536 4061 ἐν
3570 4010 3645 4078 τῷ
3691 4009 3999 4076 δηλωθέντι

2414 4107 2634 4176 δρυμῷ,
2654 4104 2838 4171 καὶτῇ
2864 4103 3117 4172 φάραγγι
3148 4102 3254 4156 τοῦ
3291 4101 3572 4171 Ἀχὼρ,ὃς
3604 4101 3997 4170 ἑρμηνεύεται,

2418 4200 2613 4269 φασὶν,
2645 4195 2976 4266 εὐρυχωρία.
3014 4193 3199 4246 Ταῦτα
3251 4194 3350 4262 μὲν
3394 4193 3601 4253 τούτοις
3627 4207 3639 4219 '
3680 4194 3793 4253 τοῖς
3851 4192 4002 4244 δὲτὸ

2416 4288 2587 4356 ἅγιον
2628 4281 3137 4355 ἐγκαταλιποῦσα·
3175 4282 3331 4348 ὅρος,
3389 4282 3480 4333 καὶ
3537 4279 3857 4347 συναφθεῖσι
3885 4284 4005 4341 τοῖς

2419 4379 2672 4439 ἐθνικοῖς,
2703 4377 2778 4438 ὡς
2836 4370 3310 4440 παρασκευάζειν
3340 4370 3416 4435 τῷ
3431 4372 3549 4439 μὲν
3568 4370 3867 4437 ἀγάλματι
3892 4369 4003 4432 τῆς

2419 4470 2606 4536 τύχης
2635 4462 2947 4533 τράπεζαν,
3000 4461 3079 4526 τῷ
3118 4460 3185 4513 δὲ
3215 4461 3450 4529 δαίμονι
3478 4460 3752 4527 κέρασμα
3799 4458 3884 4527 τῷ
3941 4461 4005 4509 ἐν

738 4554 795 4610 In
837 4564 1066 4609 caeteros
1104 4565 1310 4621 autem,
1344 4557 1436 4626 qui
1469 4568 1694 4611 montem
1726 4571 1969 4612 sanctum
2020 4557 2313 4626 derelique-
2344 4547 2391 4605 D

2344 4547 2391 4605 υ
2418 4556 2585 4626 αύτῷ,
2632 4554 2999 4625 ἐπαχθήσεται
3029 4551 3308 4621 μάχαιρα.
3344 4550 3459 4604 Κᾶν
3485 4551 3802 4621 ἐρωτήσῃς,
3842 4550 3999 4602 ’Λνῐΐ

740 4657 881 4711 runt,
919 4664 1088 4718 seque
1126 4650 1385 4718 gentibus
1414 4651 1486 4703 ita
1517 4650 1913 4720 adjunxerunt,
1951 4658 2009 4703 ut
2042 4665 2163 4704 mox
2198 4650 2310 4718 for-

740 4749 883 4790 tunw
942 4738 1230 4792 simulacro
1290 4755 1523 4793 mensam
1576 4748 1846 4808 pararent,
1905 4755 2029 4793 mox
2084 4740 2314 4793 dazmoni

737 4833 1019 4899 potionem.
1044 4844 1091 4885 et
1127 4833 1337 4902 gladius
1389 4835 1552 4887 etiam
1600 4835 1909 4889 inducetur.
1944 4833 2100 4899 Quod
2150 4835 2196 4889 si
2233 4834 2317 4887 iu~

741 4932 1007 4991 terrogcs,
1041 4938 1139 4975 Clll‘
1176 4938 1204 4975 a
1260 4938 1345 4975 me
1406 4930 1602 4976 cmtcra
1662 4922 2152 4991 przetermittautur
2186 4936 2199 4983 ;
2234 4935 2319 4973 1110

740 5030 841 5069 vos
873 5023 1093 5083 promer
1126 5014 1396 5084 meipsum
1427 5031 1636 5068 vacasse
1692 5012 2059 5084 respondebo,
2092 5027 2191 5067 vos
2218 5026 2316 5065 au-

742 5112 847 5157 tem
879 5120 979 5156 ttott
1009 5104 1273 5157 audii-isse
1302 5119 1318 5167 ;
1354 5105 1513 5173 quale
1543 5104 1673 5158 illud
1702 5103 1823 5168 fuit,
1857 5102 2002 5172 quod
2036 5111 2217 5166 antea,
2237 5118 2321 5155 me

743 5196 959 5249 venisse
992 5196 1238 5265 quidem,
1261 5198 1355 5251 sed
1394 5198 1667 5251 hominem
1718 5212 1827 5250 non
1883 5196 2097 5261 fuisse;
2137 5207 2192 5250 et
2226 5210 2320 5247 vo-

744 5305 901 5344 casse
935 5291 1122 5356 ctiam,
1164 5290 1257 5346 sed
1303 5292 1509 5346 nullum
1560 5291 1895 5359 obedivisse,
1938 5293 2149 5347 monui.
2194 5288 2313 5343 Non

744 5381 943 5434 desunt
996 5398 1182 5452 porro,
1211 5383 1301 5452 qui
1364 5392 1636 5451 postrema
1670 5384 1797 5447 ista,
1831 5384 1894 5436 ad
1947 5394 2160 5451 gentes,
2192 5398 2312 5451 quae

827 5536 869 5565 “
901 5536 1037 5591 Gen.
1084 5553 1235 5601 xviii,
1271 5535 1362 5591 32.
1441 5538 1606 5592 "Isa.
1647 5555 1681 5602 ι,
1715 5538 1768 5592 9.

1853 5541 1892 5570 "‘
1916 5538 2078 5593 ΙΙ··1)1’.
2109 5555 2205 5599 xu,
2319 5534 2407 5591 "3:2.

2415 4650 2539 4701 ὅτου
2603 4646 2771 4700 τᾶλλα
2833 4646 3057 4712 παρεῖς;
3114 4642 3224 4710 ἐρῶ
3275 4644 3356 4695 ὅτι
3387 4641 3453 4693 δι’
3497 4639 3739 4710 ἐμαυτοῦ
3792 4640 4011 4692 καλῶν

2419 4738 2803 4810 παρεγενόμην
2820 4737 2984 4805 ὑμᾶς,
3012 4736 3172 4801 ὑμεῖς
3196 4734 3249 4786 δὲ
3272 4736 3379 4798 οὐκ
3401 4732 3816 4797 ὑπηκούσατε.
3842 4730 4009 4784 Καθὰ

2419 4834 2698 4904 προεῖπεν,
2724 4826 2952 4890 Ἶιλθον,
2986 4828 3079 4879 καὶ
3115 4826 3213 4878 οὐκ
3268 4820 3335 4892 ἦν
3392 4822 3704 4892 ἄνθρωπος·
3737 4821 4007 4881 ἐκάλεσα,

2422 4924 2516 4978 καὶ
2548 4922 2647 4975 οὐκ
2668 4917 2736 4991 ἦν
2756 4920 2785 4973 6
2815 4917 3124 4972 ὑπακούων.
3153 4915 3309 4976 Τινὲς
3335 4915 3390 4967 δέ
3412 4915 3480 4968 τὰ
3511 4913 3801 4966 τελευταῖα
3831 4913 4010 4965 ταῦτα

2427 5014 2560 5083 πρὸς
2580 5014 2705 5072 τοὺς
2724 5011 2784 5075 ἐξ
2800 5009 2968 5062 ἐθνῶν
2986 5008 3395 5078 ἀπειθήσαντας
3421 5004 3672 5075 εἰρῆσθαί
3690 5021 3882 5071 φασιν.
3918 5004 4013 5065 Ὠς

2424 5107 2529 5175 γὰρ
2559 5105 2618 5156 οὔ
2655 5102 2878 5170 γέγονεν
2919 5100 3154 5168 ἀζήμιον
3183 5100 3295 5161 τοῖς
3323 5097 3383 5161 ἐξ
3424 5094 3641 5164 Ἰσραὴλ
3678 5094 3739 5145 τὸ
3768 5094 4013 5161 ἀπειθῆ-

2426 5216 2512 5250 σαι
2545 5192 2765 5264 Χριστῷ
2789 5192 3014 5262 (δέδοται
3045 5190 3153 5260 γὰρ
3182 5191 3259 5251 εἰς
3296 5187 3528 5257 σφαγὴν,
3561 5184 3699 5253 ἐλέῳ
3729 5183 3871 5235 θεοῦ
3907 5200 4016 5234 σω-

2424 5291 2605 5350 θέντος
2642 5287 2736 5339 τοῦ
2780 5282 3263 5351 καταλείμματος),
3298 5279 3468 5340 οὕτως
3503 5278 3559 5330 ἐν
3590 5278 3657 5345 τῇ
3686 5274 3799 5326 τῶν
3829 5275 4011 5326 ἐθνῶν

2420 5380 2608 5447 κλήσει
2630 5376 2678 5428 οἱ
2702 5373 2775 5444 μὴ
2797 5372 3109 5431 πεισθέντες
3137 5367 3598 5438 παραδοθήσονται
3625 5364 3763 5430 πρὸς
3792 5361 4017 5429 σςξαγὴν

2546 5538 2583 5567 ιτ
2606 5533 2772 5589 Josue
2814 5549 2908 5598 vn,
2933 5530 3022 5584 9.6.

2059 5651 2291 5707 VARI/1".
2331 5647 2731 5704 LFALTIONES.

834 5759 854 5798 γ
881 5766 965 5815 γρ.
997 5750 1208 5819 ποιήσῃ.
1290 5757 1405 5817 ⁷γρ.
1442 5748 1529 5800 τοῦ
1565 5752 1646 5801 τό.
