4248 6428
344 395 487 460 2697

1475 394 1999 455 COMMENTARII
2038 394 2118 451 IN
2158 390 2440 451 ISAIAM.

3442 382 3581 449 2698

348 512 608 581 Χριστοῦ.
673 514 909 581 Σπέρμα
970 515 1077 582 γὰρ
1141 510 1546 578 εὐλογημένοι·
1617 508 1783 560 ἔσται
1852 506 1916 558 τὸ
1949 511 2025 564 A‘

1907 508 1916 553 5
1949 511 1991 564 Α
2024 520 2189 556 ιιιιιιιιι
2220 503 2553 572 proselytum
2615 498 2876 560 facerent,
2925 499 3015 552 ubi
3058 508 3234 551 autem
3274 496 3584 552 eﬂecissent

345 603 590 671 σπέρμα
621 602 836 657 αὐτῶν.

422 778 578 840 Τινὲς
620 778 674 832 δὲ
706 781 797 834 καὶ
831 780 989 833 τοῦτο
1020 780 1158 835 κατά
1203 780 1301 848 τὴν
1343 776 1763 844 παλιγγενεσίαν
1805 776 1919 828 ἑδέ-

346 866 529 933 ξαντο.
563 869 623 921 Ei
654 870 763 939 γάρ
800 887 942 931 τινες
981 869 1194 923 ἔσονται
1242 860 1361 921 τότε
1394 869 1588 931 κόποι,
1636 867 1914 935 σωτήριοι,

344 958 442 1026 καὶ
470 958 591 1012 λίαν
639 960 808 1028 ἡδεῖς,
857 960 999 1021 οἴους
1044 959 1405 1023 ὑπομένουσιν
1460 956 1698 1023 ἄγγελοι.
1760 954 1917 1008 Ἀ).λὰ

345 1047 542 1117 μισθὸς
593 1049 777 1112 αὐτοῖς
826 1048 1236 1118 θησαυρίζεται.
1272 1048 1406 1099 Οὐδὲ
1458 1048 1530 1100 τὰ
1575 1046 1917 1115 γεννήματα

342 1135 527 1188 αὐτῶν
549 1138 646 1201 εις·
663 1136 952 1203 κατάραν,
981 1135 1126 1188 τοῦτ’
1155 1135 1302 1187 ἐστιν
1327 1137 1376 1190 ei
1403 1136 1673 1205 λογισμοὶ,
1697 1135 1798 1188 κᾶν
1825 1134 1918 1186 ἐπὶ

342 1226 456 1279 τῶν
488 1226 806 1279 ἀποστόλων
826 1226 881 1279 δὲ
911 1228 1214 1297 νοήσωμεν,
1243 1222 1317 1281 ὧν
1353 1228 1582 1294 καρπὸς
1615 1229 1646 1297 ὴ
1689 1225 1915 1279 καθόλου

342 1318 445 1386 τῆς
479 1319 580 1387 γῆς
634 1318 948 1387 Ἐκκλησία,
990 1320 1086 1373 καὶ
1120 1321 1284 1373 τέκνα
1330 1322 1400 1373 τὰ
1427 1320 1514 1373 διὰ
1542 1320 1636 1389 τῆς
1666 1319 1759 1371 τοῦ
1797 1320 1918 1372 λουο

341 1410 476 1477 τροῦ
495 1411 913 1478 παλιγγενεσίας
937 1412 1235 1480 παράθεσιν
1259 1412 1369 1481 ἔχει
1392 1415 1528 1482 πρὸς
1544 1410 1611 1463 τὰ
1636 1410 1693 1473 ἐξ
1724 1410 1915 1478 ’Λδὰμ,

341 1493 404 1553 οὗ
430 1502 563 1570 πρδς
580 1502 677 1569 τὴν
711 1504 944 1568 γυναῖκα
971 1502 1218 1555 λέλεκται
1253 1503 1331 1566 τὸ,
1371 1521 1389 1552 ‹
1425 1502 1515 1555 Ἐν
1548 1502 1746 1563 λύπαις
1787 1500 1917 1571 τέξῃ

339 1593 533 1644 τέκνα*
558 1612 575 1642 ι
600 1593 748 1646 κατὰ
771 1592 968 1661 σάρκα
984 1596 1091 1663 γὰρ
1110 1595 1385 1661 ἐγέννων·
1404 1594 1468 1647 τὸ
1485 1594 1541 1646 δὲ
1559 1593 1795 1661 σπέρμα
1811 1593 1917 1643 τῶν

341 1684 659 1735 ἀποστόλων
689 1684 1117 1752 εὐλογημένον,
1149 1686 1177 1734 ὃ
1209 1685 1603 1753 κατέσπειραν
1628 1686 1685 1735 ἐν
1718 1685 1919 1745 πάσαις

340 1774 462 1834 ταῖς
516 1771 892 1842 Ἐκκλησίαις,
920 1770 1001 1837 οἷς
1033 1775 1096 1842 δὴ
1127 1776 1220 1827 καὶ
1244 1775 1512 1827 λέλεκται’
1544 1773 1688 1841 Πρὶν
1712 1772 1920 1840 κεκρά-

2020 593 2278 659 gehennae
2315 590 2484 643 ﬁlium
2514 589 2757 642 reddere.
2786 588 2853 642 At
2889 596 2973 641 est
3019 588 3126 639 alia
3153 585 3356 641 Christi
3397 586 3582 641 futura

2019 682 2261 736 conditio
2296 679 2460 734 .‘Eril
2494 683 2630 733 enim
2651 697 2823 733 semen
2853 694 3032 733 eorum
3067 677 3413 731 benedictum.

2091 771 2226 825 Sunt
2257 771 2503 825 nonnulli
2538 778 2741 829 tamen,
2773 769 2867 837 qui
2903 769 3005 822 ista
3052 768 3216 822 etiam
3262 767 3328 820 ad
3363 781 3586 831 regene-

2021 865 2286 920 rationem
2336 865 2527 919 rel'erri
2587 863 2895 917 voluerunt.
2952 861 3009 915 Si
3063 861 3242 922 enim,
3305 860 3584 929 inquiunt.

2020 962 2151 1008 tunc
2204 956 2467 1023 temporis
2521 954 2724 1007 labores
2758 953 2924 1021 aliqui
2962 952 3126 1004 futuri
3182 960 3339 1015 sunt,
3374 951 3585 1004 saluta-

2022 1061 2108 1098 res
2175 1047 2209 1100 ii
2236 1046 2536 1113 etjucundi
2571 1046 2749 1109 valde,
2800 1045 2993 1113 quales
3045 1044 3220 1111 angeli
3277 1042 3584 1113 perierunt,

2022 1136 2185 1191 futuri
2214 1146 2378 1192 sunt:
2414 1136 2614 1206 quibus
2649 1152 2747 1191 sua
2784 1149 2995 1189 merces
3034 1126 3370 1187 re'conditur.
3404 1133 3587 1202 Neque

2022 1244 2149 1284 vero
2177 1244 2296 1297 qua:
2326 1229 2426 1298 ipsi
2455 1228 2792 1298 generabant,
2835 1227 2887 1281 id
2929 1234 3013 1282 est
3039 1240 3157 1295 qua
3184 1225 3369 1278 animo
3413 1232 3589 1293 partu-

2020 1322 2184 1385 rient,
2212 1320 2630 1374 maledictionem
2662 1334 2890 1389 passura
2924 1329 3092 1373 sunt:
3123 1318 3333 1372 etiamsi
3360 1318 3427 1369 de
3456 1332 3588 1386 apo-

2019 1415 2175 1468 stolis
2206 1414 2571 1481 intelligamus
2606 1429 2621 1476 ;
2652 1427 2883 1480 quorum
2931 1412 3133 1477 fructus
3182 1411 3295 1477 ipsa
3330 1419 3412 1463 est
3438 1409 3589 1462 orbis

2020 1503 2262 1557 universi
2289 1500 2625 1562 Ecclesia,et
2658 1500 2773 1561 ﬁlii,
2806 1500 2899 1568 qui
2940 1515 3036 1567 per
3070 1498 3269 1551 lavacri
3298 1512 3589 1567 regenera-

2019 1590 2224 1643 tionem
2257 1588 2408 1653 editi,
2452 1589 2918 1657 comparationem
2969 1586 3173 1641 habent
3222 1600 3347 1637 cum
3381 1586 3590 1637 Adamn

2020 1680 2323 1749 prognatis,
2380 1679 2539 1747 cujus
2572 1680 2727 1731 uxori
2794 1693 2904 1731 non
2965 1676 3085 1731 sine
3146 1676 3336 1729 dolore
3386 1675 3590 1728 liberos

2022 1785 2150 1823 suos
2173 1785 2296 1824 esse
2344 1770 2644 1839 parituram
2678 1770 2992 1823 nuntiatum
3044 1775 3125 1821 est
3154 1767 3221 1819 “.
3260 1765 3591 1820 Generabant

341 1861 443 1925 ξαι
498 1863 717 1924 αὐτοὺς,
768 1863 1185 1932 ἐπακούσομαι
1234 1864 1436 1917 αὐτῶν.
1490 1866 1667 1934 Ὅπερ
1714 1864 1919 1932 ἐγίνετο
1952 1855 1993 1910 Β

1913 1885 1919 1912 ι
1952 1855 1993 1910 Β
2019 1861 2165 1913 enim
2203 1860 2486 1914 secundum
2543 1876 2778 1913 carnem.
2821 1861 2888 1911 At
2932 1867 3016 1913 est
3063 1858 3388 1910 benedictum
3417 1872 3590 1909 semen

342 1952 917 2022 θαυματουργούντων
950 1955 1131 2009 αὐτῶν
1156 1956 1214 2007 ἐν
1233 1956 1352 2018 ταῖς
1393 1955 1659 2026 Πράξεσιν
1688 1956 1766 2017 είς
1792 1956 1915 2009 ἑπι-

343 2042 586 2111 στροφὴν
617 2044 726 2097 τῶν
773 2044 1125 2112 καλουμένων
1155 2046 1234 2107 είς
1275 2042 1474 2108 πίστιν,
1508 2046 1594 2098 ὅτε
1637 2045 1837 2107 πάντες
1866 2046 1915 2095 οἱ

340 2130 476 2201 πρὶν
501 2134 839 2204 ἀρπακτικοί
864 2151 923 2188 τε
951 2136 1047 2189 καὶ
1072 2133 1357 2205 θηριώδεις
1377 2135 1472 2204 τὴν
1495 2133 1663 2205 αὐτὴν
1683 2130 1828 2203 εἶχον
1859 2136 1917 2187 ὲν

354 2221 656 2292 Ἐκκλησία
685 2226 798 2287 τοῖς
834 2225 1060 2295 ἡμέροις
1090 2225 1338 2293 τροφὴν,
1368 2227 1407 2278 Γ
1411 2225 1590 2296 ραφὴν
1636 2226 1735 2293 τὴν
1766 2225 1917 2279 Θείαν

340 2314 656 2383 νεμόμενοι.
689 2317 796 2368 Καί
827 2334 910 2378 τις
960 2316 1086 2387 ίώδη
1116 2319 1316 2387 τρόπον
1354 2318 1513 2388 ἔχων,
1542 2318 1734 2372 τούτου
1781 2335 1916 2371 παυ-

343 2404 581 2475 σάμενος
606 2408 812 2478 τροφὴν
835 2410 1093 2479 ὶτρὲφετο
1130 2410 1373 2480 λογικὴν,
1408 2410 1527 2463 ἀντὶ
1571 2411 1692 2479 γῆς.
1726 2408 1915 2463 Τοιοῦ-

340 2511 430 2549 τοι
451 2496 507 2549 δὲ
537 2498 839 2565 γεγονότες,
871 2498 989 2561 πῶς
1034 2498 1114 2551 lu
1164 2500 1421 2569 βλάπτειν
1452 2500 1740 2570 ἠδύναντος
1761 2501 1916 2553 Ἔστι

342 2582 401 2637 δὲ
437 2584 525 2636 διὰ
546 2585 751 2639 τούτων
786 2587 879 2639 καὶ
924 2587 1032 2639 τῶν
1064 2588 1155 2639 δύο
1182 2587 1327 2640 λαῶν
1350 2588 1584 2642 νοεῖσθαι
1613 2588 1710 2659 τὴν
1754 2590 1833 2649 εἰς
1859 2588 1917 2641 ἓν

346 2677 672 2746 συνδρομήν.
705 2677 785 2730 Τὰ
826 2678 925 2747 μὲν
956 2679 1062 2749 γὰρ
1089 2681 1208 2748 ἱερὰ
1240 2680 1374 2742 ζῶα,
1416 2682 1507 2732 καὶ
1540 2681 1753 2743 θυσίαις
1777 2680 1918 2733 κατά

343 2764 437 2818 τὸν
483 2766 647 2835 νόμον
701 2768 973 2838 ἁρμόδια,
1027 2771 1279 2839 σημαίνει
1319 2772 1410 2823 τὸν
1449 2771 1685 2840 Ἰσραήλ.
1737 2772 1817 2824 Τά
1860 2770 1917 2823 δὲ

343 2855 553 2925 ἀνίερα,
579 2859 673 2911 καὶ
693 2858 876 2929 θηρία,
911 2862 1035 2923 τοὺς
1074 2862 1318 2925 ὲθνικοὺς
1348 2860 1497 2930 ὁμοῦ
1520 2862 1915 2932 τρεφομένους

343 2945 415 3000 τά
446 2964 504 2999 τε
547 2946 665 3000 θεῖα
701 2949 1021 3020 μαθήματα,
1057 2952 1270 3003 καὶτὸν
1307 2951 1558 3022 οὐράνιον
1593 2952 1776 3021 ἄρτον.
1808 2954 1918 3022 Τή-

344 3054 431 3110 ρει
470 3038 547 3103 δὲ,
575 3039 650 3102 ὡς
687 3041 787 3093 οὐκ
822 3041 1056 3111 εἴρηται,
1100 3044 1166 3097 τά
1194 3044 1377 3113 ἥμερα
1414 3046 1513 3114 τῆς
1557 3045 1666 3097 τῶν
1714 3044 1916 3114 θηρίων

345 3126 598 3194 μεθέξειν
632 3129 862 3196 τροφῆς,
905 3130 1040 3183 ἀλλά
1072 3131 1403 3184 τούναντίον.
1441 3130 1778 3184 ’Δκολουθεῖν
1815 3131 1917 3200 γὰρ

340 3214 451 3267 ἔδει
474 3215 545 3267 τά
570 3216 739 3286 χείρω
770 3219 882 3279 τοῖς
912 3218 1239 3300 κρείττοσιν,
1266 3219 1341 3282 ὠς
1369 3222 1482 3282 τοῖς
1505 3220 1823 3283 ἀποστόλοις
1848 3223 1917 3275 τὰ
1942 3204 1985 3262 (ἶ

338 3300 494 3371 ἔθνη.
528 3304 672 3374 Πρδς
704 3304 760 3357 δὲ
780 3306 906 3369 τοὺς
938 3307 1217 3376 οίομένους
1262 3310 1327 3361 τὰ
1357 3310 1487 3379 ἔθνη
1508 3307 1712 3363 τούτων
1733 3312 1916 3378 τυχεῖν

352 3394 644 3459 Ἰουδαίους
688 3398 745 3449 ὲν
789 3399 857 3468 τῇ
899 3399 1105 3468 παλαιᾷ
1151 3399 1527 3471 Ἰερουσαλὴμ,
1569 3402 1804 3473 ἐροῦμεν
1838 3402 1917 3463 ὡς

338 3487 577 3556 οὐδαμοῦ
626 3487 807 3542 αὐτῶν
836 3490 895 3542 ἑν
928 3491 1138 3554 τούτοις
1166 3492 1253 3544 ἐπ’
1299 3492 1522 3559 ἀγαθοῖς
1554 3494 1764 3563 μνήμη,
1799 3493 1912 3546 ἀλλ’

340 3577 710 3647 ἀσεϐημάτων
752 3579 1066 3649 όνειδισμοί.
1097 3580 1161 3633 Τί
1213 3581 1269 3634 δὲ
1315 3583 1376 3635 τὸ
1415 3584 1711 3650 ἀναγκαῖον
1739 3583 1808 3637 ἐν
1834 3582 1914 3647 τῷ

335 3666 488 3736 ἁγίῳ
529 3667 651 3735 ὄρει
702 3669 866 3739 θηρία
893 3670 1215 3740 τυγχάνειν;
1279 3673 1350 3724 Ἦ
1384 3673 1500 3735 πῶς
1550 3673 1706 3726 τοῦτο
1765 3674 1913 3737 θείας

336 3757 491 3823 ἀξιον
515 3760 884 3828 ὲπαγγελίας;
915 3761 1176 3830 ὄρουςιδὲ
1206 3762 1468 3834 μνησθεὶς
1493 3764 1665 3833 ἁγίου
1714 3765 1877 3834 φησίν
1896 3780 1912 3796 ο

352 3849 715 3921 ’θὀὐρανός
752 3870 854 3922 μοι
897 3855 1130 3923 θρόνος,
1164 3856 1258 3909 καὶ
1289 3855 1359 3909 τά
1402 3857 1488 3909 ἐπ’
1528 3855 1696 3926 αὐτῷ.
1740 3859 1815 3910 Δι’
1839 3851 1914 3910 ὧν

338 3941 619 4011 προδήλως
653 3948 995 4015 παραινεῑται
1026 3946 1127 4016 τὴν
1148 3947 1239 3999 ἰπὶ
1264 3948 1365 4017 γῆς
1395 3947 1771 4017 Ἰερουσαλὴμ,
1801 3945 1912 4019 [ἣν]

336 4030 634 4084 ἀκόλουθον
685 4034 945 4104 τοιαύτην
991 4031 1130 4089 εἶναι
1181 4036 1571 4104 φαντάζεσθαι.
1604 4039 1715 4093 Καὶ
1760 4039 1914 4092 λαὸν

335 4121 450 4193 γὰρ
476 4124 689 4176 καινὸν
719 4124 843 4195 ἔφη,
870 4127 968 4179 καὶ
999 4126 1189 4196 ὄνομα
1228 4130 1454 4184 καινόν.
1494 4129 1702 4193 ’Λλλως
1733 4148 1788 4183 τε
1820 4131 1913 4184 καὶ

335 4209 492 4267 εἶπεν
515 4215 588 4266 οὐ
624 4214 710 4284 μὴ
750 4215 1068 4284 μνησθῶοι
1102 4217 1221 4271 τῶν
1244 4219 1545 4287 προτέρων
1584 4220 1691 4275 ἔτι.
1726 4222 1823 4274 Διά
1855 4222 1911 4276 δὲ

332 4302 444 4356 τῶν
474 4303 623 4373 ἑξῆς,
646 4307 835 4359 καὶτὰ
873 4305 889 4344 ι
926 4307 1115 4371 θυσίας
1161 4309 1340 4361 αὐτῶν
1379 4312 1801 4383 ἀποστρέφεται,
1842 4312 1910 4366 δι’

274 4466 275 4469 η
331 4387 412 4447 ὧν
456 4394 709 4464 ἐνόμιζον
766 4397 1031 4461 εὐσεϐεῖν,
1090 4401 1182 4453 τὸν
1226 4402 1497 4466 ταπεινὸν,
1556 4407 1651 4456 καὶ
1690 4405 1910 4473 ἡσύχιον

337 4486 505 4554 μόνον
536 4487 955 4556 ἀποδεχόμενος.
991 4489 1133 4559 Πρὸς
1160 4489 1216 4542 δὲ
1246 4491 1307 4541 τὸ
1354 4491 1527 4560 παρὸν
1570 4492 1734 4561 ῥητὸν
1773 4492 1907 4561 ξφα-

336 4576 439 4629 σάν
470 4593 635 4643 τινες,
662 4577 737 4640 ὡς
774 4577 972 4642 ίκανῶς
1008 4582 1445 4648 μυσταγωγήσας
1476 4582 1598 4645 τοὺς
1640 4581 1904 4647 ἐθνικοὺς,

337 4660 661 4733 μεθίσταται
693 4667 879 4723 λοιπὸν
906 4670 994 4721 ἐπ’
1022 4668 1183 4721 αὑτὸν
1216 4669 1317 4739 ήδη
1341 4669 1434 4723 τὸν
1472 4671 1708 4741 Ἰσραὴλ,
1751 4674 1907 4726 ἀποί-

330 4770 445 4806 σων
481 4756 644 4807 αὑτὸν
667 4755 765 4825 τῆς
792 4758 967 4820 σκιᾶς.

1933 4544 1987 4605 Ι)

2022 1949 2419 2016 apostolorum,
2450 1951 2595 2020 quod
2628 1949 2681 2002 in
2720 1949 2983 2003 Ecclesiis
3005 1947 3263 2001 omnibus
3295 1946 3329 1999 ii
3360 1947 3592 1998 semina-

2024 2050 2179 2099 runt:
2214 2041 2413 2111 quibus
2459 2051 2735 2109 antequam
2797 2040 3087 2093 clamarent
3123 2056 3154 2091 τι
3200 2055 3257 2092 se
3285 2036 3593 2090 exauditam

2022 2133 2089 2185 iri
2124 2132 2399 2200 pollicitus
2431 2140 2516 2186 est
2550 2132 2835 2186 Dominus.
2871 2130 3027 2196 Quod
3066 2145 3133 2183 eo
3174 2138 3421 2196 tempore
3454 2144 3592 2196 prm-

2022 2222 2185 2284 stitit,
2217 2235 2325 2290 quo
2363 2222 2613 2291 patratis,
2642 2230 2700 2273 ut
2732 2221 2991 2274 Actorum
3030 2229 3217 2273 narrat
3270 2218 3498 2272 historia
3524 2218 3591 2278 ",

2023 2316 2076 2370 in
2110 2330 2300 2371 eorum
2353 2315 2732 2379 conversione,
2784 2314 2877 2383 qui
2923 2312 2991 2367 ad
3024 2313 3181 2367 ﬁdem
3230 2311 3591 2372 vocabantur,

2022 2406 2329 2472 miraculis,
2357 2407 2449 2475 qui
2480 2406 2636 2475 prius
2695 2406 2877 2473 rapaci
2908 2413 2961 2458 et
3001 2402 3166 2475 748
3213 2402 3390 2458 ferino
3441 2416 3596 2457 more

2023 2497 2299 2560 vivebant,
2316 2496 2506 2551 eodem
2525 2510 2717 2549 omnes
2740 2493 2877 2557 cibo,
2912 2494 2965 2547 id
2992 2501 3097 2554 est,
3127 2492 3412 2561 Scriptura
3437 2508 3593 2547 sacra

2023 2602 2148 2641 cum
2178 2587 2459 2641 cicuribus
2477 2595 2530 2641 et
2568 2585 2893 2650 mansuetis,
2923 2586 2975 2637 in
3004 2583 3261 2649 Ecclesia,
3291 2583 3441 2653 pasci
3463 2598 3598 2638 con-

2022 2677 2163 2745 tigit.
2204 2675 2317 2731 lmo
2346 2686 2400 2731 et
2429 2678 2523 2747 qui
2552 2676 2801 2731 moribus
2858 2684 3015 2731 erant
3046 2677 3354 2738 venenatis,
3400 2676 3591 2731 iisdem

2022 2767 2287 2837 depositis
2318 2783 2426 2821 non
2458 2777 2605 2822 terra
2635 2767 2887 2837 amplius,
2915 2770 3009 2822 sed
3035 2769 3292 2823 rationali
3320 2769 3445 2825 cibo
3495 2786 3596 2823 nu-

2024 2859 2346 2914 trieliantur.
2382 2858 2659 2928 Ejusmodi
2703 2867 2882 2914 autem
2918 2874 3039 2914 cum
3078 2861 3312 2917 abierint
3370 2864 3463 2934 qui
3494 2879 3595 2917 no-

2022 2962 2147 3003 cere
2170 2947 2283 3016 jam
2312 2948 2565 3003 valeant?
2599 2947 2695 3003 Est
2722 2964 2852 3003 vero
2885 2964 2981 3018 per
3010 2948 3197 3004 isthaac
3247 2951 3411 3004 etiam
3457 2951 3594 3004 duo-

2023 3052 2143 3090 rum
2200 3039 2524 3107 populorum
2575 3053 2880 3095 concursus
2916 3039 2971 3092 in
3000 3054 3168 3092 unum
3224 3041 3587 3111 signiﬁcatus.

2025 3128 2209 3181 Sacris
2239 3128 2383 3181 enim
2417 3128 2766 3193 animalibus,
2803 3135 2857 3183 et
2881 3128 2948 3183 ad
2998 3130 3395 3184 sacriliciorum
3433 3146 3592 3187 usum

2019 3218 2323 3273 secundum
2364 3219 2535 3290 legem
2585 3218 3041 3288 congruentibus,
3078 3219 3332 3274 lsraelem
3385 3221 3594 3298 signiti-

2021 3307 2208 3374 cavit;
2264 3318 2444 3375 utper
2505 3307 2733 3376 profana
2767 3318 2817 3362 et
2882 3308 3015 3371 fera,
3039 3317 3229 3377 gentes
3272 3312 3444 3379 ipsas,
3471 3328 3591 3379 quae

2018 3400 2070 3452 in
2102 3399 2275 3454 sacris
2291 3398 2795 3469 simuldiscipliuis,
2822 3400 3148 3469 caelestique
3177 3416 3315 3470 pane
3341 3404 3589 3456 nutriun-

2020 3500 2125 3545 tur.
2155 3489 2396 3546 Observa
2431 3496 2636 3553 autem,
2678 3500 2738 3544 ut
2771 3505 2894 3561 qua:
2922 3502 3204 3547 mansueta
3252 3504 3400 3558 sunt,
3444 3494 3591 3550 fero-

2018 3596 2137 3636 rum
2173 3582 2419 3637 alimenti
2449 3583 2737 3651 participia
2778 3580 2894 3637 fore
2956 3598 3063 3636 non
3110 3583 3279 3650 dixit;
3319 3585 3412 3639 sed
3457 3601 3589 3640 con-

2017 3684 2121 3727 tra.
2180 3673 2371 3729 Decuit
2414 3674 2559 3727 enim
2605 3688 2727 3742 qum
2777 3673 3050 3730 deteriora
3096 3686 3247 3741 sunt,
3297 3692 3360 3731 ea
3407 3681 3586 3748 sequi,

2015 3778 2136 3833 quae
2160 3763 2552 3834 praestantioris
2566 3772 2748 3820 essem
2773 3764 3135 3832 conditionis;
3168 3778 3225 3821 ut
3254 3776 3591 3841 gentesapo-

2015 3854 2207 3910 stolos.
2240 3853 2499 3910 Utsutem
2528 3855 2597 3911 iis
2619 3856 3172 3927 respondeamus.qui
3192 3858 3259 3913 de
3276 3857 3586 3916 Judreorum

2018 3963 2273 4013 numero,
2304 3948 2560 4019 gentibus
2603 3948 2705 4004 ista
2739 3952 2793 4003 in
2829 3958 3012 4006 vetere
3062 3949 3360 4007 Jerusalem
3415 3955 3587 4007 conti-

2014 4040 2158 4110 gisse
2205 4040 2576 4095 arbitrantur:
2625 4041 2870 4097 dicemus
2899 4056 3090 4096 eorum
3123 4043 3210 4097 hic
3245 4043 3393 4096 nullo
3426 4045 3587 4096 modo

2016 4133 2068 4185 in
2088 4131 2356 4187 bonorum
2393 4134 2607 4189 ratione
2632 4134 2963 4188 mentionem
2997 4132 3131 4197 ﬁeri,
3151 4134 3245 4188 sed
3275 4134 3584 4203 impietates

2013 4216 2585 4292 exprobrari.Dciude.
2622 4222 2715 4293 qui
2742 4232 3105 4277 eratnecesse
3135 4223 3190 4275 in
3210 4232 3384 4277 monte
3400 4238 3585 4277 sancto

2015 4312 2158 4367 feras
2181 4312 2344 4368 esse?
2372 4321 2465 4367 aut
2517 4329 2628 4382 quo
2656 4324 2820 4384 pacto
2853 4313 3016 4369 fuerit
3057 4315 3199 4369 istud
3236 4313 3417 4367 divina
3459 4330 3583 4383 pro-

2015 4404 2279 4459 missione
2302 4420 2410 4458 non
2435 4406 2760 4475 indignum?
2811 4407 2952 4460 facta
2986 4421 3147 4476 porro
3171 4407 3343 4460 sancti
3387 4411 3582 4458 montis

2015 4495 2314 4560 mentione,
2346 4497 2531 4549 caelum
2562 4498 2762 4565 ipsum,
2811 4506 2865 4551 et
2893 4512 3014 4564 quae
3046 4498 3099 4549 in
3131 4512 3196 4551 eo
3225 4510 3374 4561 sunt,
3407 4496 3582 4551 sedem

2014 4583 2116 4637 sibi
2141 4600 2253 4638 esse
2282 4586 2503 4653 adjicit:
2537 4586 2737 4654 quibus
2783 4586 2962 4639 verbis
2991 4584 3319 4649 Jerusalem,
3371 4601 3491 4655 qua:
3528 4588 3581 4638 iu

2012 4676 2174 4729 terris
2204 4682 2309 4737 est,
2339 4686 2524 4744 aperte
2558 4677 2796 4745 respuit;
2829 4690 2992 4744 quam
3031 4676 3153 4729 ideo
3189 4677 3347 4730 talem
3396 4676 3581 4757 haberi

2013 4783 2120 4821 non
2156 4766 2321 4821 fuerit
2369 4770 2753 4837 incongruum,
2807 4768 2951 4837 quod
2997 4768 3246 4837 populum
3303 4778 3577 4827 recentem.

332 4861 622 4913 nomenque
646 4863 831 4901 novum
874 4847 1176 4902 habituram
1214 4849 1456 4915 monuit;
1486 4851 1741 4921 quodque
1767 4854 1901 4909 alias
1974 4859 2210 4923 priorum
2246 4875 2350 4911 non
2412 4874 2524 4911 esse
2578 4858 2945 4910 recordaturos
2991 4859 3217 4926 amplius
3270 4857 3574 4913 alIirmavit.

333 4938 437 4992 Per
461 4953 525 4992 ea
565 4954 747 5009 porro,
811 4956 930 5009 quae
1004 4950 1332 5011 sequuntur,
1384 4953 1436 4997 et
1474 4959 1667 5000 eorum
1704 4949 1974 5004 sacriticia
2014 4962 2335 5017 aversatur;
2370 4969 2466 5022 per
2492 4969 2613 5023 quae
2637 4969 2696 5009 se
2720 4954 3113 5024 piosexsistere
3142 4954 3427 5023 putabant,
3452 4970 3577 5008 cum

331 5035 594 5091 humilem
625 5042 836 5089 tantum
880 5045 933 5090 et
959 5037 1205 5106 quietura
1249 5042 1631 5110 amplectatur.
1669 5044 1747 5098 Ad
1798 5046 1914 5101 hate
1948 5058 2129 5103 autem
2160 5051 2320 5103 verba
2342 5066 2448 5104 non
2483 5051 2701 5115 desunt,
2729 5053 2822 5121 qui
2847 5062 3123 5113 moneant,
3184 5052 3275 5104 ubi
3325 5050 3577 5106 ethnicos

328 5125 470 5180 satis
491 5126 756 5197 mysteria
786 5126 1084 5190 docuisset,
1120 5128 1380 5203 deinceps
1413 5132 1480 5187 ad
1514 5133 1691 5202 ipsum
1722 5138 1986 5193 continuo
2023 5138 2277 5195 lsraelem
2320 5142 2604 5206 transisse,
2678 5150 2734 5196 ut
2768 5156 2893 5196 cum
2945 5142 3135 5196 umbra
3194 5142 3468 5196 liberaret.

909 5218 1159 5274 ΚΕΦΑΔ.
1178 5219 1313 5287 εςσ.

351 5308 500 5362 αι’-θ.
530 5308 727 5373 οὕτως
754 5308 921 5376 λέγει
970 5311 1182 5380 Κύριος
1200 5327 1219 5344 ο
1259 5312 1323 5364 Ὀ
1351 5316 1608 5381 οὐρανός
1650 5334 1747 5385 μοι
1769 5318 1900 5384 ϐρό-

2597 5232 2680 5287 CA
2693 5234 2748 5286 P.
2790 5231 2881 5290 LX
2895 5233 2975 5288 Vl.

2080 5323 2245 5377 Vens.
2279 5324 2390 5379 ι-υι.
2427 5322 2514 5377 Sic
2544 5325 2675 5378 dicit
2708 5324 2965 5379 Dominus
2990 5341 3008 5378 :
3032 5324 3228 5379 Cazlum
3258 5324 3401 5378 sedes
3436 5339 3566 5381 mea.

326 5408 452 5465 νος,
482 5398 582 5453 καί
626 5399 665 5465 ἡ
696 5400 772 5470 τῆ
812 5400 1147 5460 ὑποπόδιον
1182 5402 1297 5456 τῶν
1323 5405 1524 5458 ποδῶν
1554 5425 1693 5476 μου.
1725 5408 1901 5464 Ηοῑογ

1892 5426 1901 5433 ·
2004 5420 2054 5464 et
2084 5424 2227 5467 terra
2259 5415 2544 5469 scabellum
2599 5415 2787 5485 pedum
2839 5433 3091 5470 meorum.
3158 5415 3284 5479 Cum
3341 5424 3419 5468 est
3468 5413 3569 5467 ista

393 5572 598 5633 "Gen.
647 5592 734 5641 ut,
788 5578 873 5632 16.
950 5579 997 5610 ⁸⁸
1024 5579 1144 5634 Act.
1186 5596 1245 5644 ιι,
1272 5581 1365 5635 ὅτι.

1607 5670 1841 5731 VARUS
1880 5669 2279 5735 ιτετιοῖειειλ

401 5760 421 5803 ι
454 5782 545 5824 np.
579 5765 697 5824 τὰς.

461 5782 545 5833 φ.
588 5765 926 5922 ἁίίιτηιοι.
962 5859 1076 5925 (in.
1117 5856 1497 5923 ιχιιιιιίι.
