4248 6428
310 373 444 439 2701

1469 394 1995 454 (IOMMENTARH
2040 398 2118 455 ΙΝ
2157 400 2436 461 ISAIAM.

3424 408 3568 474 2702

311 496 655 561 επαγγελιὼν
714 502 820 563 τοῖς
871 502 1039 555 ταῦτα
1091 504 1430 573 προμαθοῦσι
1471 512 1608 563 κατὰ
1666 512 1757 562 τῦν
1802 514 1884 563 ἐν-
1916 516 1946 569 Α

1946 538 1958 570 ι
1989 513 2202 566 sionqu
2234 526 2476 583 tempore
2508 516 2668 579 dixit,
2704 519 2798 588 qui
2832 520 2960 574 dum
2988 524 3257 584 viverent,
3289 523 3391 578 ista
3425 525 3567 585 didi-

310 586 524 638 εςτῶτα
558 587 690 655 βίον,
718 591 1023 657 ἀκολούθως
1054 595 1223 651 ταῦτά
1250 590 1413 668 φησιν
1439 616 1449 627 ’
1490 602 1811 657 Ἀκούσατε
1836 609 1888 657 οἱ

312 676 629 744 τρέμοντες
656 683 795 748 τοὺς
822 685 1044 751 λόγους
1072 690 1288 755 αὐτοῦ,
1335 694 1461 760 περὶ
1494 687 1568 746 ὧν
1592 694 1829 762 ἔφασκεν
1872 714 1885 728 °

320 787 339 818 ι
363 769 486 822 Ἐπὶ
514 772 633 824 τίνα
649 773 704 826 δὲ
728 776 1023 847 ἐπιόλὲψω,
1054 781 1163 832 ἀλλ’
1196 783 1227 852 ἢ
1258 783 1351 833 ἐπὶ
1384 784 1474 836 τὸν
1498 786 1769 852 ταπεινὸν,
1796 792 1888 842 καὶ

314 857 558 927 ἡσύχιον,
584 866 672 917 καὶ
688 868 954 937 τρέμοντά
977 888 1075 939 μου
1090 874 1210 936 τοὺς
1226 874 1440 941 λόγους;
1465 898 1482 926 ι
1507 877 1586 940 οἷς
1610 879 1890 947 εὐαγγελι-

312 950 408 999 κὸν
424 953 789 1021 παράγγελμα
811 958 930 1029 [eis]
950 978 1081 1012 ωσιν
1098 962 1248 1014 οὐδὲν
1264 964 1518 1034 διαφέρον
1534 967 1645 1019 τοῦ·
1677 989 1694 1018 ι
1723 971 1887 1038 ’Λγα-

311 1041 450 1092 πᾶτε
476 1044 602 1106 τοὺς
634 1044 859 1115 ἐχθροὺς
887 1050 1037 1117 ὑμῶν
1069 1069 1081 1081 ο
1120 1053 1297 1118 καλῶς
1330 1060 1528 1110 ποιεῖτε
1557 1061 1669 1123 τοῖς
1701 1061 1887 1128 μισοῦ-

314 1148 397 1181 σιν
430 1134 592 1201 ὑμᾶς.
631 1138 1001 1207 Προσεύχεσθε
1032 1143 1171 1214 ὑπὲρ
1196 1146 1303 1198 τῶν
1339 1149 1773 1219 ἐπηρεαζόντων,
1791 1157 1887 1207 καὶ

308 1225 616 1279 διωκόντων
643 1230 807 1298 ὑμᾶς,
838 1233 923 1287 ἵνα
950 1235 1180 1305 γένησθε
1221 1241 1323 1291 υἱοὶ
1353 1242 1444 1293 τοῦ
1473 1244 1713 1315 Πατέρος
1732 1249 1884 1317 ὑμῶν

307 1316 404 1368 τοῦ
442 1320 499 1372 ἐν
528 1323 640 1383 τοῖς
672 1324 939 1393 οὐρανοῖς.
975 1346 991 1377 ι
1028 1330 1101 1381 Οὐ
1144 1330 1249 1401 γὰρ
1279 1334 1337 1385 τὸ
1370 1335 1601 1404 τρέμειν
1625 1338 1719 1392 τοῦ
1749 1343 1886 1396 θεοῦ

307 1409 452 1472 τοὺς
487 1413 729 1481 λόγους,
751 1418 885 1487 πρὸς
924 1419 1225 1490 τελειότητα
1253 1425 1410 1490 μόνον
1452 1430 1613 1496 ἀρκεῖ
1641 1446 1653 1460 ·
1684 1434 1885 1502 ἀρετῆς

306 1499 363 1551 δὲ
394 1503 480 1553 ἐπ’
510 1505 679 1573 ἄκρον
706 1508 972 1578 ἀνάληψις
1005 1512 1320 1585 ἀγαπητικὴ
1353 1518 1486 1586 πρὸς
1515 1521 1640 1582 τοὺς
1672 1499 1883 1578 θλίϐονο

306 1611 407 1657 τας
436 1596 651 1667 γνώμη,
716 1602 848 1653 "Ira
879 1605 944 1656 τὸ
989 1606 1176 1675 ὄνομα
1204 1611 1424 1676 Κιιριόυ
1461 1610 1753 1681 δοξασθῇ,
1786 1618 1883 1671 καὶ

306 1689 467 1758 δέσθῇ
486 1692 556 1744 ἐν
584 1692 657 1761 τῇ
687 1697 1036 1766 εὐφροσύνῃ
1071 1699 1287 1755 αὐτῶν.
1312 1702 1388 1754 Δι’
1414 1697 1488 1757 ὧν
1507 1706 1615 1775 γὲρ
1637 1709 1723 1761 ἐπ’
1782 1710 1883 1761 αὑ-

302 1784 420 1845 τοῖς
473 1785 598 1837 ἀντὶ
648 1786 837 1854 μίσους
894 1792 1310 1860 εὐφραίνεσθε,
1360 1797 1505 1860 Θεὸς
1553 1798 1877 1865 δοξάζεται,

302 1874 449 1925 κατὰ
476 1875 537 1926 τό
568 1891 584 1906 ο
623 1895 640 1926 ι
676 1877 792 1930 Ἵνα
828 1879 977 1933 ἴδωσι
1003 1882 1070 1934 τὰ
1099 1883 1238 1937 καλά
1268 1886 1419 1954 ὑμῶν
1445 1889 1601 1956 ἔργα,
1623 1891 1716 1943 καὶ
1731 1891 1881 1956 δοξά-

304 1977 441 2015 σωσι
473 1964 563 2018 τὸν
590 1968 812 2038 Πατέρα
844 1971 998 2039 ὑμῶν
1026 1974 1116 2026 τὸν
1138 1977 1196 2028 ἐν
1224 1978 1336 2039 τοῖς
1368 1979 1637 2046 οὐρανοῖς.
1684 2001 1702 2034 ι
1773 1986 1881 2037 Καὶ

301 2054 457 2107 αὐτοὶ
487 2056 541 2109 δὲ
570 2059 729 2128 τυχὸν
750 2060 843 2113 τοῦ
869 2062 1004 2115 Θεοῦ
1041 2065 1195 2133 ὑμῶν
1225 2066 1563 2130 δοξάσουσι
1594 2073 1878 2143 τοῦνομα.

299 2142 443 2197 οὕτω
490 2148 627 2216 πρὸς
679 2151 878 2215 αὐτοὺς
933 2153 1310 2224 διακειμένους
1359 2160 1613 2230 ὁρῶντες,
1665 2167 1760 2217 καὶ
1813 2169 1879 2236 τῇ

297 2237 629 2307 χρηστότητι
660 2241 724 2310 τῇ
759 2241 887 2312 περὶ
940 2244 1138 2306 αὐτοὺς
1181 2246 1619 2317 εὐφραινόμενοι.
1648 2252 1879 2323 Σύμμαο

295 2343 394 2395 χος
426 2328 502 2393 δὲ,
541 2331 643 2382 Kal
684 2333 951 2400 ὀψόμεθα
998 2336 1067 2389 ἐν
1098 2336 1171 2405 τῇ
1200 2342 1547 2409 εὐφροσύνῃ
1578 2345 1745 2413 ὑμῶν
1788 2349 1879 2415 ἐξ-

294 2417 519 2486 έδωκεν,
546 2422 621 2485 ὡς
644 2423 709 2477 ἂν
727 2426 785 2477 ἐν
814 2426 892 2497 τῷ
911 2427 1053 2481 τέλει
1069 2432 1167 2497 τῆς
1190 2432 1518 2504 ἐκδικήσεως
1543 2437 1750 2492 τούτων
1780 2442 1879 2509 μὲν

296 2511 542 2583 ἐκδήλως
584 2517 1111 2588 εὐφραινουμένων
1137 2539 1151 2554 ·
1197 2526 1420 2579 ἐκείνων
1445 2527 1501 2580 δὲ
1538 2528 1660 2584 λίαν
1684 2533 1772 2600 ἐφ’
1793 2528 1876 2594 οἷς

296 2602 501 2671 ὁρῶσιν
528 2607 1048 2677 αἱσχυνουμένων.
1096 2614 1480 2685 Ἐπιστήσεται
1517 2619 1624 2691 γὰρ
1680 2624 1708 2675 ὁ
1772 2623 1871 2693 τῆς

295 2693 707 2759 ἁνταποδόσεως
753 2699 877 2751 ὅσον
919 2700 1072 2755 οῦπω
1131 2706 1341 2774 καιρὸς,
1382 2709 1469 2761 ὅτε
1523 2711 1703 2778 φωναὶ
1766 2714 1875 2767 τῶν

295 2781 787 2855 κολασθησομένων
816 2792 1268 2861 ἁκουσθήσονται,
1309 2795 1419 2850 τῶν
1445 2799 1545 2865 μὲν
1570 2802 1876 2874 οἰκητόρων

288 2870 579 2933 βοώντων
599 2875 665 2927 ἐκ
684 2877 787 2944 τῆς
815 2881 1068 2945 πόλεως,
1094 2882 1199 2935 τῶν
1227 2883 1282 2937 δὲ
1304 2870 1774 2958 λειτουργούντων-
1808 2894 1875 2947 ἐκ

296 2963 405 3016 τοῦ
437 2966 609 3020 ναοῦ.
648 2968 945 3034 Βοήσεται
972 2972 1028 3027 δὲ
1058 2976 1151 3028 καὶ.
1168 2976 1259 3030 διά
1303 2978 1413 3031 τῶν
1457 2982 1796 3051 πραγμάτων
1846 2988 1879 3039 ό

295 3055 530 3121 Κύριος,
566 3058 640 3121 ὡς
668 3061 833 3114 αὐτοῦ
860 3064 1035 3133 κρίσει
1065 3067 1277 3131 γίνεται
1331 3071 1399 3124 τά
1439 3073 1610 3129 δεινά.
1661 3076 1875 3132 Εἱδὲναι

291 3146 475 3245 δεχρὴ
502 3142 578 3213 ὥς
615 3151 988 3245 εὐαγγελικῶς
1026 3163 1404 3230 παραγγείλας
1450 3165 1756 3236 ἀδελφοὺς
1780 3188 1875 3224 νο-
1904 3188 1946 3245 c

298 3236 479 3304 μίζειν
498 3246 626 3306 τοὺς
654 3244 919 3309 ὲθνικοὺς,
948 3252 1183 3318 νομικὴν
1232 3253 1423 3307 ἔλυσεν
1461 3258 1705 3329 ἐντολήν.
1735 3264 1876 3332 ⁴Ινησὶ

292 3329 406 3399 γὰρ
435 3334 462 3384 ὁ
490 3333 655 3403 νόμος
681 3350 695 3365 ⁸
727 3338 801 3390 Οὐ
832 3339 1083 3409 λαλήσεις
1105 3342 1288 3406 αὐτοῖς
1330 3346 1601 3417 εἰρηνικά.
1638 3353 1747 3406 Καὶ
1773 3329 1878 3408 τέε-

293 3437 397 3474 σαν
428 3423 729 3496 ἐπιγαμίαν
760 3428 1027 3501 ἀπείρηκε
1057 3434 1191 3504 πρὸς
1213 3436 1432 3501 αὐτοὺς,
1454 3438 1530 3503 ὡς
1562 3440 1627 3495 ἂν
1654 3444 1728 3513 μὴ
1748 3446 1876 3517 παρ’

292 3511 478 3565 αὐτῶν
538 3516 849 3582 πεισθέντες
892 3524 973 3585 είς
1011 3524 1453 3598 είδωλολατρείαν
1517 3511 1872 3591 ἐκπέσωσιν.-

292 3602 410 3655 ἀλλ’
449 3604 506 3657 ὲν
537 3607 760 3679 Χριστῷ
788 3611 976 3679 γέγονε
1014 3613 1080 3666 τά
1099 3614 1383 3688 ἀμφότερα
1406 3618 1487 3681 ἓν,
1519 3624 1613 3674 καὶ
1658 3623 1875 3679 λέλυται

291 3696 354 3747 τὸ
388 3696 702 3768 μεσότοιχον
735 3700 826 3753 τοῦ
854 3703 1132 3773 φραγμοῦ,
1179 3709 1527 3778 κατήργηται
1574 3714 1632 3767 δὲ
1696 3720 1791 3770 καὶ
1845 3720 1874 3772 ό

291 3784 457 3853 νόμος
494 3787 603 3840 τῶν
622 3790 851 3846 ἐντολῶν
881 3795 939 3847 ὲν
969 3794 1251 3862 δόγμασιν.
1283 3800 1455 3865 Αὐτὸς
1492 3804 1600 3874 γάρ
1645 3806 1793 3861 ἑστιν
1837 3813 1869 3880 ὴ

291 3874 489 3945 εἰρήνη
524 3877 556 3946 ἡ
565 3877 702 3946 μῶν.

362 4136 520 4200 τινὲς
539 4137 595 4191 δὲ
619 4140 753 4208 πρὸς
778 4141 906 4204 τοὺς
928 4142 1259 4207 ἀποστόλους
1306 4149 1556 4220 εἰρῆσθαί
1578 4146 1763 4223 φασιν,
1795 4160 1871 4224 ὡς

293 4224 586 4295 μέλλοντας
615 4229 719 4281 ὑπὸ
756 4230 1022 4286 Ἰουδαίων
1048 4235 1368 4303 κακοῦσθαι,
1392 4242 1487 4294 καὶ
1516 4244 1752 4312 μάλιστα
1764 4250 1872 4303 τῶν

287 4320 350 4370 ἐν
385 4319 764 4391 Ἰερουσαλὴμ,
794 4316 867 4376 ὧν
884 4325 933 4376 oi
970 4325 1229 4396 ἄρχοντες
1250 4332 1374 4394 τοὺς
1394 4334 1726 4401 ἀποστόλους
1749 4343 1871 4409 ᾐκί-

289 4424 473 4471 σαντο,
508 4407 739 4461 θάνατον
770 4411 1188 4481 ἀπειλήσαντες,
1224 4419 1272 4469 εί
1298 4418 1391 4470 τὸν
1410 4424 1678 4494 σωτήριον
1712 4407 1871 4497 λόγον

1992 603 2217 667 cissent,
2260 620 2368 658 non
2402 606 2705 676 incongrue
2749 609 2860 677 iam
2889 624 3006 673 eos,
3056 612 3145 680 qui
3176 616 3244 664 ad
3290 628 3579 666 sermonem

1991 692 2158 758 ipsius
2206 696 2632 759 contremiscunt,
2674 697 2861 752 audire
2909 699 3190 770 pracipit;
3240 700 3308 753 de
3364 701 3565 769 quibus

1991 791 2153 837 antea
2186 785 2474 847 intellexit,
2521 801 2645 839 cum
2698 787 2749 839 in
2803 804 2961 857 quem
3008 789 3174 843 alium
3216 789 3565 857 inSpecturus

1989 883 2155 935 esset,
2189 876 2293 929 nisi
2328 877 2380 931 in
2409 877 2669 932 humilem
2711 886 2765 931 et
2812 882 3081 949 quietum,
3116 882 3323 951 quique
3352 881 3563 935 Domini

1992 966 2157 1020 verba
2206 975 2492 1030 metueret,
2543 969 2838 1038 postulavit
2868 972 2950 1023 ηε
2993 973 3196 1042 quibus
3230 981 3563 1041 praeceplum

1989 1058 2365 1128 evangelicqu
2400 1059 2469 1113 ab
2498 1076 2563 1113 eo
2609 1063 2744 1115 nihil
2777 1063 3104 1131 discrepans
3148 1066 3423 1133 prOponit,
3454 1080 3564 1133 quo

1991 1150 2242 1205 inimicos
2274 1150 2534 1218 jnbclnur
2586 1152 2812 1224 diligere
2834 1197 2847 1217 ,
2887 1170 2998 1225 quo
3027 1156 3113 1219 iis,
3147 1157 3251 1232 'qui
3301 1171 3400 1210 nos
3433 1157 3560 1209 ode-

1991 1250 2139 1301 runt,
2175 1239 2529 1308 benefacere;
2574 1260 2685 1313 quo
2714 1247 2951 1315 denique
2980 1262 3077 1316 pro
3103 1248 3190 1311 iis,
3221 1250 3312 1317 qui
3349 1250 3565 1301 calum-

1991 1328 2235 1392 niantur,
2273 1335 2326 1382 et
2357 1344 2761 1400 persequuntur
2813 1350 2912 1390 nos
2933 1376 2947 1397 ,
2988 1351 3171 1400 orare,
3201 1344 3258 1389 ut
3287 1335 3435 1390 Patri
3469 1352 3566 1390 uo-

1988 1430 2131 1483 ειη),
2176 1420 2269 1489 qui
2318 1421 2371 1473 in
2419 1422 2575 1476 cmlis
2610 1434 2714 1489 est,
2747 1424 2956 1480 similes
3004 1425 3390 1481 efﬁciamur“.
3444 1427 3562 1481 Non

1986 1511 2132 1563 enim
2185 1511 2360 1565 solum
2416 1522 2475 1565 ut
2521 1514 2750 1580 perfecti
2802 1515 2994 1579 simus,
3040 1518 3106 1570 ad
3144 1516 3237 1571 Dei
3272 1536 3563 1573 sermonem

1988 1611 2206 1657 tremere
2239 1606 2372 1659 satis
2402 1607 2592 1671 fuerit;
2622 1607 2714 1661 sed
2750 1623 2963 1662 summa
3006 1624 3143 1680 opus
3182 1611 3343 1665 etiam
3390 1613 3565 1665 virtu-

1987 1696 2058 1751 tis
2102 1698 2498 1768 resumptione,
2542 1716 2662 1770 quae
2706 1702 3020 1757 dilectionis
3071 1713 3126 1758 et
3172 1704 3565 1760 benevolentia:

1987 1787 2318 1843 voluntatem
2357 1791 2408 1843 in
2438 1790 2737 1861 aﬂligcntes
2767 1793 2997 1847 habent:
3030 1792 3096 1847 Ut
3139 1812 3325 1849 nomen
3351 1795 3563 1849 Domini

1984 1875 2331 1944 gloriﬁcetur,
2382 1889 2431 1932 et
2486 1889 2743 1947 appareat
2774 1881 2829 1934 in
2878 1882 3073 1935 la'titia
3105 1899 3307 1936 eorum.
3348 1884 3560 1948 Quibus

1985 1970 2129 2023 enim
2161 1969 2214 2022 in
2244 1969 2346 2033 eis,
2378 1971 2575 2040 inquit,
2618 1972 2729 2026 odii
2778 1973 2917 2037 loco,
2968 1973 3247 2036 lwtamini,
3285 1973 3424 2029 Deus
3455 1976 3563 2043 ipse

1980 2060 2536 2131 gloriﬁcatur;juxla
2567 2063 2697 2116 illud
2723 2082 2735 2117 :
2773 2082 2792 2115 ι
2820 2062 2890 2119 Ut
2922 2065 3144 2120 videant
3173 2081 3338 2135 opera
3378 2075 3561 2120 vestra

1984 2150 2148 2213 bona,
2189 2161 2243 2207 et
2296 2152 2519 2207 laudent
2572 2153 2790 2209 Patrem
2856 2165 3123 2221 vestrum,
3175 2158 3266 2226 qui
3315 2157 3369 2210 in
3404 2158 3561 2211 cmlis

1982 2249 2067 2295 est
2090 2241 2156 2295 ⁸⁷.
2197 2261 2216 2294 ι
2252 2242 2510 2299 Fortasse
2542 2260 2670 2301 vero
2696 2253 2750 2300 et
2780 2246 2856 2300 illi
2898 2247 2992 2302 Dei
3026 2249 3192 2303 vestri
3222 2265 3408 2302 nomen
3442 2248 3561 2317 σίου

1983 2332 2290 2399 riﬁcabunt,
2324 2350 2447 2390 cum
2472 2350 2537 2390 eo
2564 2350 2661 2391 vos
2690 2351 2819 2407 erga
2843 2352 2904 2394 se
2928 2338 3114 2392 animo
3146 2352 3272 2394 esse
3298 2338 3557 2402 viderint,

1980 2422 2095 2489 ipsa
2141 2426 2306 2479 etiam
2338 2424 2392 2479 in
2430 2440 2488 2480 se
2519 2424 2861 2482 humanitate
2915 2436 2967 2483 et
2999 2428 3373 2483 benevolentia
3409 2429 3559 2484 delc-

1980 2514 2130 2569 ctati.
2155 2516 2223 2570 At
2247 2514 2647 2586 Symmachus:
2670 2516 2739 2571 Et
2766 2516 3048 2572 videbimus
3080 2521 3132 2572 in
3155 2519 3343 2572 la’titia
3364 2533 3557 2583 vestra.

1946 2628 1953 2635 -
1980 2606 2262 2658 transtulit
2282 2621 2296 2669 ;
2319 2614 2573 2676 tauquam
2594 2606 2647 2660 in
2673 2606 2776 2662 line
2806 2608 3026 2664 ultionis
3057 2608 3194 2664 istos
3217 2612 3439 2678 quidem
3472 2613 3566 2695 Iw.-

1982 2703 2083 2757 tos,
2102 2696 2224 2751 illos
2252 2705 2433 2751 autem
2463 2697 2548 2764 iis,
2569 2713 2689 2768 quia
2708 2699 2947 2766 videant,
2976 2700 3152 2771 palam
3177 2703 3428 2772 confusos
3447 2705 3559 2773 fore

1981 2787 2270 2856 signiﬁcet.
2314 2788 2693 2859 Coguoscetur
2732 2792 2900 2858 enim,
2927 2803 3190 2860 quantum
3223 2810 3330 2848 non
3367 2804 3554 2857 antea.

1982 2880 2355 2935 retributionis
2386 2891 2628 2951 tempus;
2673 2899 2797 2939 cum
2849 2899 3037 2938 eorum
3075 2899 3259 2948 voces,
3303 2888 3396 2956 qui
3453 2904 3554 2956 pu-

1981 2968 2225 3033 nientur,
2275 2970 2630 3026 clamantibus
2689 2973 2754 3027 ab
2788 2973 2916 3028 urbe
2959 2974 3177 3039 incolis,
3228 2976 3472 3049 ipsisque
3494 2979 3558 3033 de

1982 3060 2172 3128 templo
2213 3061 2503 3123 ministris.
2541 3064 2720 3120 audiri
2767 3068 3069 3137 continget.
3111 3065 3381 3123 Clamabit
3425 3087 3558 3126 vero

1981 3162 2034 3207 et
2085 3154 2345 3224 operibus
2396 3155 2530 3224 ipsis
2582 3155 2861 3221 Dominus,
2898 3174 3005 3213 non
3058 3159 3187 3224 alio,
3241 3178 3403 3232 quam
3455 3180 3557 3219 suo

1980 3245 2154 3314 ipsius
2178 3245 2391 3315 judicio
2422 3247 2581 3320 752
2613 3250 2954 3305 calamitates
2988 3249 3122 3307 istas
3156 3253 3396 3309 immitti.
3445 3256 3556 3311 No-

1979 3338 2201 3391 tandum
2255 3352 2436 3407 porro,
2489 3354 2556 3393 eo
2609 3340 2748 3408 ipso,
2798 3341 2941 3411 quod
2991 3349 3184 3411 gentes
3236 3347 3557 3416 evangelica

1979 3443 2130 3484 more
2158 3428 2356 3497 fratres
2411 3444 2533 3487 esse
2589 3430 2901 3487 censendos
2957 3442 3162 3493 monet.
3216 3434 3388 3506 legem
3425 3452 3552 3493 eum

1978 3517 2267 3585 abrogare,
2301 3535 2423 3590 qua:
2456 3519 2683 3589 paciﬁca
2719 3520 2785 3575 ad
2830 3522 2957 3578 illos
3008 3523 3158 3595 loqui
3207 3526 3552 3596 prohibebat.

1977 3611 2209 3667 (laverat
2235 3619 2289 3669 et
2336 3613 2476 3682 ipsa,
2507 3627 2576 3668 ne
2608 3613 2955 3669 matrimonia
2998 3630 3123 3670 cum
3163 3619 3244 3674 eis
3275 3621 3565 3676 contrahe.

1976 3711 2133 3766 rent;
2169 3719 2238 3761 ne
2271 3705 2341 3759 ab
2374 3705 2507 3774 ipsis
2540 3706 2791 3774 persuasi
2853 3706 3221 3764 idololatriam
3254 3724 3559 3780 sequeren-

1976 3802 2064 3848 tur
2091 3794 2174 3848 ⁶⁸ι
2209 3792 2307 3850 sed
2357 3795 2410 3850 in
2460 3794 2686 3851 Christo
2721 3796 2833 3864 jam
2878 3806 3109 3868 utraque
3136 3816 3305 3855 unum
3354 3802 3551 3857 elfecta

1975 3896 2123 3948 sunt,
2159 3884 2580 3954 disturbatoqne
2615 3888 2794 3942 medio
2834 3890 3090 3944 maceriae
3121 3894 3352 3961 pariete,
3387 3895 3550 3949 etiam

1976 3974 2060 4027 lex
2092 3975 2231 4046 ipsa,
2263 3991 2386 4045 qua:
2414 3977 2797 4033 mandatorum
2827 3980 3043 4050 placitis
3073 3984 3385 4049 constabat,
3405 3986 3554 4055 jacet

1975 4066 2257 4136 abrogata.
2291 4066 2385 4123 Est
2410 4071 2555 4123 enim
2591 4070 2707 4139 ipse
2742 4085 2844 4140 pax
2881 4081 3067 4127 nostra
3103 4072 3169 4127 δ’.

2044 4156 2275 4223 Quidam
2333 4166 2517 4213 tamen
2568 4160 2635 4213 ad
2686 4162 2966 4229 apostolos
3011 4163 3120 4218 dici
3171 4166 3551 4234 arbitrantur,

1974 4258 2232 4321 tanquam
2269 4266 2298 4305 a
2329 4250 2532 4307 Judreis
2565 4252 2765 4308 damna
2794 4264 2980 4310 essent
3018 4260 3336 4328 accepturi;
3366 4262 3460 4315 sed
3486 4263 3554 4316 ab

1974 4342 2040 4396 iis
2063 4342 2357 4412 praecipue,
2401 4343 2495 4411 qui
2541 4342 3048 4415 Hierosolymorum
3102 4349 3292 4404 urbem
3350 4353 3556 4407 incolcv

1972 4440 2128 4487 rent:
2170 4448 2402 4502 quorum
2442 4434 2533 4502 qui
2562 4435 2839 4503 principes
2869 4436 3232 4503 habebantur,
3270 4444 3552 4509 apostolos

286 4499 632 4569 κηρύττοιεν.
670 4502 779 4554 Καὶ
802 4502 951 4555 τίδεῖ
981 4504 1181 4571 λέγειν,
1213 4508 1287 4570 ὡς
1332 4512 1364 4578 ἡ
1399 4520 1419 4540 °
1460 4513 1560 4581 μὲν
1621 4514 1731 4583 τῆς
1777 4521 1870 4573 εὐ-
1896 4516 1946 4576 D

1946 4533 1949 4560 ι
1981 4524 2164 4594 ﬂagris
2192 4499 2545 4592 acceperant,
2563 4499 2809 4579 mortem
2844 4525 2924 4581 eis
2952 4526 3294 4594 minitantes,
3317 4531 3363 4585 si
3401 4532 3553 4587 salu-

285 4593 603 4660 φροσύνης
622 4594 924 4661 ἐπαγγελία
948 4599 1058 4660 τοῖς
1092 4598 1329 4667 Χριστοῦ
1360 4602 1551 4669 γέγονε
1577 4607 1867 4678 μαθηταῖς,

285 4680 356 4733 δι’
415 4682 597 4735 αὐτῶν
621 4684 900 4754 πανταχοῦ
951 4689 1358 4757 συνισταμένων
1391 4692 1757 4764 Ἑκκλησιῶν.
1804 4700 1867 4755 Ἢ

284 4769 344 4822 δὲ
361 4769 455 4823 τοῦ
477 4771 612 4825 Θεοῦ
644 4775 769 4837 τοὺς
794 4776 1152 4839 κακώσαντας
1180 4780 1376 4842 αὐτοὺς
1429 4784 1693 4853 μετῆλθεν
1707 4788 1866 4858 ὀργὴ,

284 4865 663 4933 περιστάντων
734 4865 931 4930 αὐτοὺς
986 4867 1277 4937 πολεμίων.
1338 4873 1450 4925 Καὶ
1534 4876 1709 4932 ταῦτα
1767 4883 1865 4947 μὲν

284 4955 537 5016 ὲκεενοις.
559 4955 631 5008 Τὸ
651 4955 707 5008 δὲ
733 4956 982 5020 θεοσεϐὲς
1008 4958 1325 5029 πολίτευμα,
1351 4965 1444 5015 καὶ
1465 4966 1497 5035 ἡ
1515 4966 1611 5021 νέα
1635 4971 1806 5037 Σιὼν,
1832 4976 1865 5043 ἡ

297 5043 596 5113 Ἐκκλησία
647 5047 714 5099 δι’
737 5046 891 5117 ὑμῶν
919 5053 1319 5121 συστησομένη,
1375 5058 1631 5112 τοσοῦτον
1652 5061 1866 5133 ἀθρόως

283 5134 573 5207 γεννήσει
598 5141 802 5210 πλῆθος
831 5142 996 5207 λαῶν,
1028 5144 1103 5207 ὡς
1141 5145 1481 5217 ἐκπλαγῆναι
1515 5152 1604 5204 τὸν
1642 5156 1868 5211 ἀκούον-

289 5249 373 5284 τα.
414 5232 497 5294 Ὠς
525 5232 632 5301 γὰρ
664 5232 728 5285 ἂν
751 5233 1014 5303 αἰφνίδιον
1043 5236 1182 5288 κατᾶ
1204 5240 1439 5309 γαστρὸς
1474 5241 1675 5312 ἔχουσα
1726 5266 1860 5316 τεν-

284 5321 464 5387 νοήσει
489 5325 649 5393 γυνὴ,
691 5325 962 5393 μηδεμιᾶς
1001 5326 1189 5390 ὠδῖνος
1237 5330 1595 5403 ἡγησαμένης
1626 5353 1641 5367 ·
1716 5340 1780 5393 τὸ
1806 5342 1864 5394 δὲ

284 5412 520 5482 τεχθὲν,
579 5412 789 5482 ἄρσεν.
837 5414 1024 5478 Οῦτως
1080 5416 1369 5490 ὁλόκληρον
1424 5422 1635 5493 ἀθρόως
1688 5429 1719 5496 ὴ
1772 5431 1866 5483 νέα

358 5529 404 5561 ⁵⁸
432 5528 532 5584 lsa.
570 5547 717 5593 vat,
749 5532 804 5587 2.

284 5615 348 5663 ιι,
378 5602 461 5656 14.
540 5602 585 5632 ⁸⁸
619 5603 740 5657 Act.
768 5619 827 5657 ιιι
851 5613 905 5659 et
942 5623 1014 5661 Iv.

895 5534 940 5566 “
970 5535 1157 5592 Matth.
1187 5553 1237 5603 ν,
1272 5540 1358 5605 Η,
1390 5541 1478 5596 ιε.
1504 5545 1549 5574 ⁸⁷
1590 5545 1781 5603 Matth.
1818 5568 1847 5602 v
1872 5590 1888 5613 ,
1932 5548 2014 5602 l6.

1979 4615 2047 4668 tis
2077 4613 2430 4682 Evangelium
2477 4616 2887 4687 promulgarent
2923 4619 2993 4671 '°.
3024 4618 3353 4691 Quanquam
3386 4625 3550 4679 etiam

1980 4720 2087 4758 non
2128 4705 2269 4758 male
2313 4705 2604 4760 conveniat
2655 4706 2830 4776 ipsam
2880 4707 3089 4763 latitia
3133 4713 3550 4780 promissionem

1977 4795 2179 4849 Clu-isti
2224 4795 2510 4864 discipulis
2563 4796 2763 4852 factam
2798 4814 2921 4854 esse
2968 4800 3266 4868 afﬁrmare;
3314 4821 3548 4874 quorum

1977 4900 2140 4954 opera
2184 4886 2383 4955 ubique
2416 4896 2542 4941 sunt
2580 4902 2923 4960 congregatae
2965 4891 3245 4948 Ecclesiae.
3292 4894 3387 4951 Est
3423 4914 3551 4952 vero

1976 4991 2071 5031 eos
2097 4975 2186 5030 Dei
2217 4979 2316 5038 ira,
2359 4993 2387 5030 a
2416 4980 2615 5046 quibus
2659 4981 2858 5048 injuria
2898 4983 3075 5038 allecti
3112 4995 3262 5051 sunt,
3294 4991 3404 5042 ulta
3428 5007 3550 5047 esse

1977 5069 2377 5134 existimanda;
2434 5086 2558 5125 eum
2607 5072 2675 5124 ab
2721 5074 2971 5129 hostibus
3009 5078 3247 5134 obsideri
3294 5086 3546 5153 contigit.

1980 5160 2157 5226 Atque
2197 5157 2309 5211 haec
2342 5160 2562 5225 quidem
2596 5159 2723 5214 illis.
2757 5160 2862 5226 Qui
2898 5171 3078 5218 autem
3115 5167 3258 5234 piam
3294 5169 3416 5222 vitre
3457 5186 3547 5223 ra-

1981 5251 2183 5305 tionem
2221 5260 2541 5320 sequuntur,
2578 5252 2805 5321 ipsaque
2837 5254 2973 5309 adeo
3016 5271 3157 5310 nova
3197 5258 3350 5323 Sion,
3384 5262 3433 5316 id
3466 5268 3549 5316 est

1976 5344 2244 5407 Ecclesia,
2269 5360 2390 5413 qua:
2429 5352 2608 5399 vestra
2661 5347 2829 5400 coibit
2856 5362 3043 5417 opera,
3078 5357 3286 5404 tantam
3321 5364 3548 5421 repente

1978 5437 2147 5504 pariet
2184 5437 2507 5505 populorum
2547 5437 2986 5503 multitudinem,
3031 5452 3087 5493 ut
3124 5441 3191 5495 iis
3225 5444 3413 5507 etiam,
3451 5448 3544 5514 qui

2119 5547 2162 5578 “
2206 5548 2380 5601 Exod.
2430 5563 2590 5609 χχιιι.
2641 5549 2739 5615 52;
2797 5549 2949 5605 Deut.
2979 5568 3073 5618 vn,
3103 5553 3156 5608 2.
3272 5554 3544 5626 "Ephes.

1592 5706 1826 5763 VARUS
1867 5707 2275 5765 LECTIONES.

358 5796 384 5823 ο
416 5804 508 5857 γρ.
542 5789 637 5842 καί
663 5804 777 5842 τοι.
