4248 6428
280 362 424 428 2705

1410 359 1946 421 COMMENTARII
1989 358 2068 418 IN
2110 359 2394 419 ISAIAM.

3368 357 3511 424 2706

348 476 504 536 Τινὲς
536 475 595 528 δὲ
623 474 778 528 τοῦτο
810 473 942 543 πρὸς
981 476 1068 539 ίὰς
1101 474 1194 526 δύο
1249 473 1510 542 διαθήκας
1569 474 1841 538 ἐδέξαντο,

1900 482 1917 530 ι
2020 474 2155 527 Sunt
2186 484 2385 534 tamen,
2416 475 2506 541 qui
2536 473 2677 527 istud
2706 475 2770 527 ad
2812 476 2918 528 duo
2961 481 3287 529 testamenta
3320 476 3515 529 retule-

274 566 586 629 ἀκολούθως
618 578 645 617 P
684 563 820 620 εἶναι
850 566 1102 633 λέγοντες
1122 567 1218 635 τὴν
1250 565 1457 636 ἀθρόως
1487 566 1615 617 λαὸν
1634 566 1842 634 γεννή-

272 673 482 713 σασαν
515 660 743 727 ἅρσενα
772 660 849 729 τῷ
876 657 1017 727 Θεῷ,
1056 660 1152 712 καὶ
1217 657 1510 727 γάλακτος
1538 658 1616 720 εἰς
1666 660 1847 728 ἐκτρο-

275 750 382 820 φὴν
432 751 540 803 τῶν
585 752 755 817 αὐτῆς
822 750 1159 819 πληροῦσθαι
1210 750 1441 818 νηπίων,
1472 749 1500 802 ὃ
1527 750 1591 818 δὴ
1624 750 1845 816 λογικὸν

273 841 447 894 Γάλα
469 841 534 893 ὲκ
566 841 674 894 τῶν
698 839 791 893 δύο
816 841 996 911 ρεύσει
1022 839 1317 906 διαθηκῶν.
1341 839 1510 892 Λύταὶ
1536 840 1642 910 γὰρ
1674 838 1846 904 αὐτῆς

270 938 322 988 oi
342 934 437 987 δύο
478 936 675 1003 μαστοὶ
696 934 887 1001 ἀγαθοὶ
922 934 1074 997 ὄντες
1123 934 1262 1003 ὑπὲρ
1317 929 1478 985 οἶνον.
1534 931 1844 999 Παρακλή-

270 1038 429 1087 σεως
459 1024 515 1077 δέ
540 1042 725 1095 φησιν,
760 1026 1057 1096 ἐπειδήπερ
1120 1028 1173 1077 οἱ
1224 1025 1652 1091 παρακλητικοὶ
1699 1024 1844 1090 λόγοι

270 1115 380 1169 τῶν
401 1115 767 1184 ἀτελεστέρων
795 1116 986 1185 ψυχῶν
1043 1115 1202 1185 τάλα
1262 1116 1468 1185 κυρίως
1521 1113 1844 1183 ὠνομάσθη-

272 1222 396 1269 σαν,
441 1205 539 1275 τῆς
599 1206 828 1273 στερεᾶς
854 1205 1064 1274 τροφῆς
1123 1206 1182 1257 ὲν
1233 1204 1494 1271 δόγμασιν
1566 1204 1845 1271 μυστικοῖς

269 1294 589 1365 νοουμένης,
647 1295 768 1363 ἥτις
831 1295 1030 1364 πρέπει
1053 1297 1165 1356 τοῖς
1230 1295 1308 1356 είς
1350 1293 1518 1361 ἄνδρα
1545 1291 1844 1361 προήκουσι

266 1384 497 1449 τέλειον,
519 1385 595 1455 μὴ
624 1385 1014 1454 έναπομείνασι
1048 1384 1125 1452 τῷ
1166 1384 1343 1453 νηπίῳ
1374 1400 1386 1412 ·
1435 1382 1514 1434 διὸ
1572 1379 1844 1450 προσέθη-

268 1494 386 1539 κεν,
430 1479 529 1530 ἵνα
552 1477 1003 1544 ἐκθηλάσαντες
1066 1477 1412 1544 τρυφήσητε
1452 1474 1570 1528 ἀπὸ
1603 1473 1844 1527 εἰσόδου

265 1565 457 1633 δόξης
482 1566 672 1633 αὐτῆς
699 1582 714 1597 ·
750 1568 894 1621 τοῦτ’
920 1567 1066 1620 ἐστιν
1099 1567 1204 1631 ἔξω
1230 1567 1395 1638 θήλης
1426 1566 1728 1634 γεγονότες,
1752 1565 1845 1619 καὶ

266 1657 895 1726 ἁπογεγαλακτισμένοι.
922 1659 1031 1710 Καὶ
1064 1657 1254 1720 δόξαν
1323 1657 1421 1727 μὲν
1442 1656 1611 1724 αὐτῆς
1639 1656 1840 1726 ὀνομά-

263 1742 300 1809 ζ
305 1763 351 1797 ει
382 1746 637 1813 Χριστζν,
655 1746 728 1809 ὡς
747 1747 840 1799 καὶ
858 1746 1041 1810 Δαὸὶδ,
1078 1764 1095 1795 t
1130 1747 1172 1797 Τ
1175 1746 1235 1797 οὗ
1256 1745 1672 1815 κατασκηνῶσαι
1687 1744 1845 1809 δόξαν

263 1835 324 1887 ὲν
339 1838 408 1904 τῇ
440 1839 510 1905 γῇ
541 1835 721 1904 ἡμῶν.
762 1854 779 1886 ›
808 1834 1069 1888 Εἷσοδον
1086 1834 1143 1887 δὲ
1172 1835 1269 1904 τῆς
1297 1834 1435 1903 μετὰ
1465 1834 1666 1903 σαρκὸς
1693 1836 1839 1886 οἰκο-

261 1925 457 1993 νομίας
502 1924 563 1977 sb
620 1926 938 1994 μυστήριον.
1000 1927 1175 1979 Οἰονε).
1212 1926 1321 1995 γὰρ
1376 1925 1466 1977 διὰ
1505 1925 1706 1994 σαρκὸς
1762 1927 1840 1988 εἰς

259 2013 452 2068 τοῦτον
478 2015 570 2068 τὸν
605 2016 811 2085 κόσμον
848 2015 1192 2087 εἰσὸἐϐηκεν.
1254 2014 1527 2084 Τρυφῶσι
1556 2015 1734 2068 τοίνυν
1792 2016 1842 2068 oi

258 2107 358 2160 τὸν
384 2109 476 2161 ἐπὶ
504 2107 678 2179 τούτῳ
720 2108 881 2176 λόγον
912 2107 1317 2179 μεμαθηκότες.
1379 2108 1471 2161 Διὸ
1505 2109 1596 2161 καὶ
1620 2109 1649 2161 ό
1711 2124 1843 2178 προ-

261 2200 446 2269 φήτης
508 2199 973 2269 παρεζευγμένως
1023 2199 1122 2271 τὴν
1175 2199 1480 2269 ἐμφάνειαν
1532 2198 1699 2253 αὐτοῦ
1744 2200 1843 2268 τὴν

263 2289 407 2360 μετὰ
425 2290 626 2361 σαρκὸς
677 2291 881 2360 ὲναργῆ
911 2301 937 2340 ⁶¹
960 2289 1031 2352 ὡς
1056 2289 1123 2343 ἂν
1148 2290 1312 2343 αὑτοῦ
1363 2289 1615 2357 λέγοντος
1642 2306 1655 2320 ·
1685 2288 1841 2343 Ἰδοὺ

259 2377 381 2447 ἐγὼ
402 2378 660 2433 suae“
695 2379 787 2432 ἐπ’
861 2378 1103 2443 αὐτοὺς,
1138 2378 1216 2443 ὡς
1252 2378 1518 2448 ποταμὸς
1573 2380 1838 2447 εἰρήνης,

258 2469 363 2522 καὶ
425 2470 506 2535 ὡς
528 2470 885 2538 χειμάίρους
912 2468 1245 2527 ἐπικλύζων
1275 2469 1464 2533 δόξαν
1494 2469 1703 2537 ἐθνῶν,
1734 2470 1845 2525 πά·-

260 2556 349 2610 λιν
379 2558 664 2613 κάνταῦθα
732 2560 846 2627 τὴν
877 2558 995 2613 τῶν
1022 2558 1213 2614 ἐθνῶν
1240 2558 1429 2623 δόξαν
1466 2560 1752 2614 συνάπτων
1774 2562 1840 2631 τῇ

262 2650 630 2723 προλεχθείσῃ
675 2650 772 2723 νέᾳ
821 2651 1008 2715 Σιὼν,
1071 2652 1164 2705 καὶ
1198 2650 1441 2721 ποταμῷ
1492 2652 1843 2723 παρεικάζων

258 2742 363 2810 τὴν
426 2742 716 2812 δεδομένην
750 2742 960 2805 τούτοις
1026 2742 1299 2811 εἰρήνην.
1356 2744 1466 2797 Καὶ
1500 2743 1732 2814 ἀλλαχοῦ
1786 2743 1843 2798 δέ

261 2847 451 2903 φησιν·
480 2851 499 2885 s
518 2834 579 2886 Ὀ
600 2833 839 2904 ποταμὸς
850 2832 942 2887 τοῦ
960 2833 1094 2887 Θεοῦ
1108 2833 1400 2905 ἐπληρώθη
1417 2833 1643 2889 ὑδάτων.
1668 2853 1685 2886 ι
1712 2835 1839 2889 Καί·

267 2942 288 2975 s
328 2923 435 2977 Τοῦ
462 2923 706 2994 ποταμοῦ
752 2923 821 2978 τὰ
853 2926 1151 2997 ὁρμήματα
1176 2926 1528 2996 εὐφραίνουσι
1559 2925 1658 2997 τὴν
1691 2927 1845 2982 πόλιν

264 3013 361 3068 τοῦ
377 3014 570 3070 Θεοῦ.)
591 3016 700 3070 Καὶ
729 3016 911 3072 πάλινο
946 3037 964 3070 ι
995 3018 1104 3072 Καὶ
1130 3018 1220 3071 τὸν
1248 3020 1582 3090 χειμάρρουν
1598 3019 1697 3089 τῆς
1712 3037 1845 3091 τρυ-

1946 568 2078 631 rint,
2130 577 2552 622 consentaneum
2601 582 2723 622 esse
2758 567 3035 632 arbitrati,
3077 576 3135 621 ut
3163 582 3283 634 quae
3317 582 3512 619 marem

1946 656 2207 725 populum
2243 654 2353 710 Deo
2384 654 2671 710 confertim
2715 658 3021 724 peperisset,
3058 658 3193 709 lacte
3237 656 3402 709 etiam
3449 654 3513 705 ad

1947 745 2230 798 infantium
2278 746 2629 801 nutritiouem
2677 746 3031 814 impleretur:
3068 744 3376 815 cujusmodi
3429 754 3518 792 ra-

1946 838 2149 891 tionale
2198 837 2352 889 lactis
2387 853 2555 905 genus
2603 839 2671 892 ab
2702 846 2937 907 utroque
2973 844 3299 891 testamento
3339 835 3514 888 ﬂuxu-

1946 940 2065 979 rum
2115 941 2238 981 esse
2274 936 2573 981 constaret.
2635 928 2773 981 Sunt
2810 930 2954 982 enim
3007 927 3059 980 hi
3112 928 3288 982 fontes
3344 926 3517 995 ipsius

1945 1016 2168 1084 gemini,
2196 1016 2321 1068 vino
2343 1017 2461 1085 ipso
2486 1018 2925 1086 prmstantiores.
2958 1017 3359 1071 Consolationis
3387 1030 3520 1070 voce

1945 1113 2204 1174 praeterea
2236 1105 2357 1159 ideo
2398 1122 2531 1159 usus
2562 1114 2664 1170 est,
2693 1108 2838 1177 quod
2873 1108 3046 1161 vicem
3097 1108 3250 1160 lactis
3284 1107 3519 1160 habeant

1946 1195 2089 1265 apud
2111 1196 2537 1265 imperfectiores
2570 1199 2781 1253 animas
2817 1214 3098 1253 sermones
3132 1198 3479 1252 consolatorii
3499 1211 3519 1249 :

1946 1286 2157 1341 solidus
2190 1297 2371 1340 autem
2417 1287 2571 1341 cibus
2608 1288 2661 1340 in
2697 1288 3079 1342 abstrusorum
3132 1289 3518 1359 mysteriorum

1948 1380 2159 1434 ratione
2190 1386 2486 1448 spectetur,
2515 1379 2610 1449 qui
2662 1381 2807 1432 viros
2841 1380 2999 1434 decet
3042 1380 3335 1449 perfectos.
3380 1393 3519 1447 quos

1946 1474 2102 1536 nihil,
2139 1474 2281 1542 quod
2320 1475 2528 1543 puerile
2561 1475 2655 1536 sit,
2680 1482 3009 1529 remoretur.
3046 1473 3184 1527 llinc
3214 1484 3296 1528 est
3330 1473 3519 1539 igitur,

1946 1565 2089 1632 quod
2134 1566 2358 1627 addidit,
2390 1574 2448 1617 ut
2477 1575 2751 1634 postquam
2782 1567 3061 1628 suxerilis,
3094 1564 3423 1617 delectemini
3456 1565 3519 1613 al-

1946 1656 2171 1708 introitu
2208 1656 2391 1724 gloriae
2416 1657 2531 1725 ejus
2557 1672 2576 1719 ,°
2612 1658 2801 1711 eodem
2834 1657 2990 1726 plane
3018 1672 3204 1719 sensu,
3241 1670 3306 1708 ac
3331 1655 3374 1708 si
3405 1656 3523 1708 sine

1948 1748 2135 1812 ubere,
2168 1758 2223 1802 et
2253 1765 2281 1801 a
2313 1750 2451 1803 lacte
2467 1750 2817 1818 depellendos
2847 1764 2969 1804 esse
2998 1749 3291 1817 signiﬁcet.
3324 1748 3520 1801 Gloria.-

1946 1846 2207 1906 praiterea
2243 1838 2465 1893 nomine
2493 1839 2779 1893 Christum
2812 1840 2996 1907 ipsum
3034 1837 3347 1908 signiﬁcat:
3381 1846 3439 1888 nt
3470 1844 3524 1887 ct

1946 1928 2138 1993 David,
2170 1929 2261 1982 ubi
2306 1928 2361 1982 in
2401 1937 2550 1982 terra
2594 1943 2784 1982 eorum
2840 1929 3212 1983 babilaturam
3248 1943 3372 1982 esse
3411 1927 3521 1995 glo-

1944 2018 2079 2073 riam
2115 2018 2318 2072 cecinit
2342 2018 2409 2069 “.
2447 2016 2602 2082 Quod
2637 2016 2833 2071 deinde
2860 2018 3119 2070 introitus
3153 2016 3425 2079 meminit,
3456 2012 3522 2066 ad

1943 2110 2337 2166 incarnationis
2369 2109 2729 2165 oeconomiam
2767 2108 2887 2162 ideo
2918 2109 3124 2169 retulit,
3167 2106 3311 2175 quod
3354 2104 3521 2158 veluti

1944 2215 2039 2270 per
2069 2214 2289 2255 carnem
2317 2199 2371 2254 in
2412 2198 2560 2254 hunc
2590 2198 2861 2253 mundum
2896 2198 3145 2252 intravit.
3178 2195 3524 2249 Delectanmr

1942 2305 2071 2360 ergo
2103 2289 2198 2360 qui
2232 2304 2541 2344 sermonem
2578 2288 2645 2344 de
2680 2288 2781 2343 hac
2832 2289 2947 2359 ipsa
2989 2304 3048 2343 re
3087 2287 3419 2343 didicerunt.
3457 2284 3525 2337 Et

1941 2381 2070 2436 hinc
2107 2381 2269 2450 igitur
2298 2378 2549 2435 eﬂ'ectum
2579 2386 2663 2435 est
2688 2418 2702 2439 .
2736 2388 2795 2433 ut
2846 2379 2964 2449 ejus
3003 2379 3055 2432 in
3090 2393 3254 2432 carne
3294 2376 3523 2431 manife-

1944 2471 2234 2526 stationem
2292 2471 2557 2539 propheta
2612 2469 2798 2523 statim
2838 2480 3080 2541 apertam
3137 2468 3360 2531 laceret,
3401 2476 3525 2521 tau-

1943 2574 2104 2629 quam
2142 2560 2260 2629 ipso
2293 2560 2360 2614 ari
2395 2560 2540 2616 hunc
2576 2560 2795 2616 modum
2832 2562 3123 2632 loquente:
3156 2561 3289 2617 Erro
3316 2578 3411 2630 ego
3432 2562 3524 2616 ds-

1941 2650 2077 2703 rlino
2108 2650 2175 2704 ait
2207 2666 2319 2714 eos,
2352 2650 2508 2720 quasi
2535 2650 2728 2719 fluvius
2762 2653 2931 2717 pacis,
2951 2661 3001 2707 et
3026 2653 3179 2720 quasi
3207 2661 3414 2707 torrens
3444 2653 3525 2706 iit-

1942 2740 2151 2795 sindans
2188 2740 2413 2813 gloriam
2460 2744 2731 2812 gentium:
2776 2743 2970 2814 inquo
3011 2743 3239 2813 gloriam
3285 2744 3521 2812 gentium

1944 2851 2069 2893 cum
2104 2835 2266 2893 Sione
2293 2837 2403 2904 illa,
2436 2852 2558 2909 qua:
2595 2851 2788 2893 recens
2811 2844 2936 2892 ante
2959 2838 3239 2893 nominata
3263 2844 3368 2898 est,
3392 2849 3525 2890 con-

1939 2928 2156 3000 jungit,
2214 2937 2269 2985 et
2330 2944 2515 2998 pacem
2571 2942 2695 2999 quae
2746 2928 2867 2983 istis
2925 2928 3124 2982 tradita
3184 2935 3302 2999 est.
3362 2927 3522 2994 ﬂuvio

1944 3021 2076 3077 facit
2108 3036 2217 3077 non
2256 3021 2601 3078 dissimilem.
2640 3019 2705 3075 Et
2756 3020 2958 3075 alicubi
3011 3022 3157 3076 enim
3209 3019 3468 3074 scribitur
3512 3033 3527 3070 :

262 3110 373 3178 φῆς
404 3124 497 3162 σου
518 3112 726 3174 ποτιεῖς
758 3110 973 3173 αὐτούς.
997 3128 1015 3161 ι
1052 3110 1248 3172 Δόξαν
1274 3110 1331 3163 δὲ
1359 3108 1476 3163 τῶν
1512 3109 1706 3163 ἐθνῶν
1720 3111 1843 3174 τοὺς
1870 3145 1875 3179 ε

1900 3132 1913 3189 ι
1952 3131 1970 3166 ι
2004 3112 2232 3170 Flumen
2268 3113 2379 3182 Dei,
2408 3113 2676 3183 repletum
2714 3120 2800 3169 est
2841 3112 3001 3181 aquis
3026 3113 3093 3168 ⁸⁸.
3135 3130 3154 3164 ι
3198 3112 3300 3167 Et:
3347 3130 3365 3163 ι
3400 3110 3528 3165 Flu-

257 3200 331 3264 ὲξ
347 3200 547 3254 αὐτῶν
563 3201 995 3264 πεπιστευκότας
1018 3199 1191 3267 καλεῖ,
1214 3200 1356 3253 κατὰ
1378 3200 1458 3266 τὸ,
1479 3218 1497 3252 ι
1524 3198 1630 3265 Οὓς
1647 3201 1705 3256 δὲ
1726 3202 1848 3257 ἑκά-

261 3291 445 3356 λισεν,
479 3291 699 3355 τούτους
730 3293 824 3344 καὶ
858 3291 1123 3356 ἐδόξασεν.
1153 3310 1172 3344 ι

1952 3202 2115 3260 minis
2162 3202 2400 3273 impetus
2454 3202 2694 3259 letiﬁcat
2738 3204 3013 3259 civitatem
3060 3201 3150 3257 Dei
3180 3203 3249 3256 ".
3286 3220 3304 3254 ι
3365 3199 3524 3273 755

1950 3293 2227 3366 Itemque:
2268 3295 2377 3351 «De
2405 3303 2651 3351 torrente
2677 3294 3003 3351 deliciarum
3035 3295 3251 3366 potabis
3276 3308 3372 3349 eos
3397 3292 3466 3346 ".
3501 3310 3521 3345 ι

258 3382 523 3453 Intelligit
564 3399 695 3439 vero
735 3399 831 3454 per
868 3386 1095 3455 gloriam
1135 3386 1399 3455 gentium,
1435 3400 1531 3441 eos
1559 3386 1739 3456 ipsos,
1796 3386 1886 3458 qui
1922 3386 1990 3443 de
2020 3389 2251 3457 gentium
2297 3402 2527 3443 numero
2573 3386 2732 3442 tidem
2780 3386 3013 3456 amplexi
3068 3395 3225 3451 sunt;
3260 3383 3418 3456 quale
3460 3382 3526 3437 il'

261 3472 355 3525 lud
396 3478 501 3535 cst,
536 3471 683 3540 quod
727 3470 869 3540 apud
904 3471 1249 3541 Apostolum,
1314 3473 1533 3529 eosdem
1564 3473 1727 3528 etiam
1756 3473 2115 3544 gloriﬁcasse,
2154 3490 2292 3545 quos
2320 3477 2551 3540 vocavit,
2581 3475 2883 3545 reperimus
2912 3475 2982 3529 ⁸⁸.

345 3562 692 3625 Ἐξέκλινεν
716 3563 772 3615 δὲ
801 3566 887 3629 είς
916 3565 989 3617 τὰ
1035 3565 1201 3629 ἔθνη,
1237 3562 1346 3617 τῶν
1386 3564 1444 3631 ἑξ
1507 3564 1727 3634 Ἰσραὴλ
1759 3565 1835 3637 μὴ

253 3653 570 3722 δεξαμένων
595 3654 777 3718 αὐτὸν,
807 3656 942 3724 πρὸς
967 3653 1060 3717 οὒς
1096 3649 1230 3725 ἦλθε
1262 3656 1716 3726 προηγουμένως,
1740 3658 1838 3710 El-

245 3745 417 3814 ρήνη
449 3745 504 3798 δὲ
531 3745 806 3816 βαθυτάτη
836 3746 1017 3817 πολλῷ
1049 3746 1130 3811 τῷ
1152 3748 1405 3815 ῥεύματι
1450 3748 1551 3817 τὴν
1607 3748 1842 3817 Ἐκκληο,

258 3837 383 3890 σίαν
410 3834 773 3901 ἐπέκλυσεν,
814 3841 1208 3907 πνευματικοῖς
1248 3838 1451 3907 νάμασι
1484 3838 1611 3902 τοὺς
1635 3837 1839 3910 ταύτης

255 3927 515 3997 ἐπάρδων
538 3927 708 3990 υἱούς.
756 3928 855 3980 Διὰ
886 3927 994 3999 γὰρ
1019 3929 1114 3981 τοῦ
1152 3928 1425 3999 σωτηρίου
1459 3927 1839 3999 κηρύγματος,

254 4019 376 4085 τὴν
411 4018 659 4088 εἰρήνην
675 4018 775 4089 τὴν
807 4019 943 4089 πρὸς
970 4020 1063 4074 τὸν
1088 4021 1328 4091 Πατέρα,
1354 4020 1420 4073 δι’
1452 4018 1617 4073 αὐτοῦ
1650 4037 1840 4090 κεκερ-

254 4109 546 4176 δάγκασιν,
572 4110 661 4161 ὅτε
690 4108 898 4172 τιθηνοί
919 4126 1065 4172 τινες
1097 4111 1225 4173 τοὺς
1252 4110 1426 4180 αὐτῆς
1449 4110 1678 4180 νηπίους
1708 4111 1840 4165 ὑπο-

253 4201 611 4267 σαστάξουσι,
636 4201 946 4255 διδάσκαλοι
972 4218 1118 4265 τινες
1148 4201 1499 4272 Ἐκκλησίας,
1529 4201 1564 4271 ἢ
1592 4201 1835 4270 ἄγγελοι,

253 4291 404 4345 κατὰ
434 4291 517 4354 τὸ,
553 4309 572 4342 ι
609 4292 700 4362 Μὴ
727 4293 1179 4362 καταφρονήσητε
1209 4290 1328 4354 ἑνὸς
1347 4291 1455 4343 τῶν
1478 4292 1689 4362 μικρῶν
1716 4291 1839 4344 τού-

251 4399 385 4436 των.
424 4383 489 4435 0i
517 4382 627 4451 γάρ
652 4382 875 4450 ἄγγελοι
902 4382 1080 4435 αὐτῶν
1120 4382 1209 4434 διὰ
1258 4383 1458 4444 παντὸς
1495 4380 1749 4450 βλέπουσι
1774 4383 1836 4436 τὸ

251 4473 551 4541 πρόσωπον
579 4472 671 4525 τοῦ
699 4473 943 4542 Πατέρος
976 4489 1078 4541 μου
1127 4470 1223 4525 τοῦ
1248 4473 1311 4545 έν
1346 4475 1458 4535 τοῖς
1502 4474 1770 4542 οὐρανοῖς.
1807 4492 1826 4523 ι
1867 4511 1909 4566 D

248 4561 320 4615 Ol
343 4561 443 4630 μὲν
470 4557 562 4613 οὖν
590 4559 807 4624 τέλειοι,
838 4560 962 4621 τοὺς
996 4558 1384 4627 εἰσαγομένους
1416 4558 1506 4610 ἐπ’
1535 4558 1706 4622 ὤμων
1735 4557 1833 4610 καὶ

251 4651 544 4723 γονάτων,
576 4652 731 4722 δίκην
754 4650 1103 4720 τιθηνοῦνται
1132 4650 1405 4718 μητέρος.
1469 4649 1608 4717 Ἐγὼ
1635 4649 1712 4712 δὲ,
1759 4649 1835 4711 ὡς

249 4744 477 4799 πάντων
510 4742 720 4814 Πατὴρ,
752 4741 1159 4811 παρακαλέσω
1184 4742 1310 4804 τοὺς
1359 4740 1471 4793 τῶν
1517 4740 1835 4794 ὑποδεεστέ-

250 4847 368 4901 ρων
399 4829 885 4898 παρακλήτορας.
911 4830 1002 4882 Διό
1033 4845 1197 4899 φησιν
1230 4828 1259 4879 ό
1298 4829 1614 4891 Ἀπόστολος
1638 4846 1652 4859 ο
1679 4846 1698 4880 t
1728 4830 1835 4881 Εὑ-

246 4918 485 4987 λογητὸς
516 4921 544 4971 ό
586 4918 738 4983 Θεὸς,
794 4920 822 4970 ὁ
873 4918 1065 4989 Πατὴρ
1096 4917 1203 4971 τῶν
1231 4917 1550 4988 οἰκτιρμῶν,
1580 4918 1671 4969 καὶ
1700 4918 1835 4979 Θεὸς

246 5007 438 5077 πάσης
472 5007 896 5077 παρακλήσεως,
931 5010 959 5060 ό
988 5006 1327 5077 παρακαλῶν
1374 5008 1523 5076 ἡμᾶς
1568 5007 1659 5059 ἐπὶ
1686 5007 1834 5075 πάσῃ

244 5099 317 5167 τῇ
349 5096 527 5166 θλίψει
552 5098 735 5167 ήμῶν,
769 5097 907 5167 πρὸς
936 5097 998 5149 τὸ
1029 5096 1290 5150 δύνασθαι
1320 5097 1470 5165 ἡμᾶς
1494 5095 1833 5165 παρακαλεῖν

243 5188 380 5249 τοὺς
409 5189 467 5241 ὲν
498 5187 647 5261 πάσῃ
666 5187 864 5256 θλίψει,
885 5186 975 5240 διὰ
992 5187 1091 5255 τῆς
1116 5187 1535 5257 παρακλήσεως,
1564 5183 1631 5257 ἦς
1658 5202 1833 5254 παρα⁹

247 5279 571 5348 καλούμεθα
598 5279 755 5333 αὐτοὶ
786 5280 889 5333 ὑπὸ
924 5278 1014 5333 τοῦ
1045 5278 1200 5332 Θεοῦ.
1252 5298 1269 5331 i
1306 5273 1405 5331 Ὧν
1438 5279 1581 5331 οὕτω
1616 5278 1834 5347 γινομέ-

247 5387 381 5435 νων,
408 5370 658 5439 ὄψεσθε,
685 5372 839 5441 φησὶ,
867 5370 966 5440 τὴν
993 5370 1317 5441 ἐπουράνιον
1357 5370 1763 5439 Ἰερουσαλὴμ,
1793 5370 1827 5439 ἢ

2008 3565 2305 3622 Declinavit
2332 3582 2460 3622 vero
2488 3565 2558 3621 ad
2588 3575 2787 3633 gentes,
2807 3582 2930 3622 cum
2985 3567 3055 3622 ab
3084 3566 3366 3628 lsraelitis,
3394 3578 3531 3635 quo-

1942 3670 2064 3710 rum
2088 3656 2311 3711 nomine
2334 3656 2609 3725 prmeipue
2632 3663 2879 3721 venerat,
2920 3663 3192 3725 exceptus
3223 3670 3333 3708 non
3357 3663 3525 3709 esset.

1939 3743 2175 3815 Copioso
2210 3744 2405 3801 deinde
2432 3745 2654 3813 ﬂamine
2690 3745 3149 3816 tranquillissima
3204 3759 3311 3811 pax
3339 3743 3528 3799 Eccle-

1940 3835 2077 3893 siam
2104 3837 2406 3903 inundavit,
2442 3852 2567 3893 cum
2606 3838 2992 3908 spiritualibus
3018 3837 3178 3892 undis
3208 3835 3370 3904 hujus
3388 3833 3529 3891 lilios

1940 3926 2212 3996 irrigaret.
2246 3924 2346 3981 Per
2380 3927 2681 3981 salutarem
2721 3927 2869 3982 enim
2899 3926 3393 3998 promulgationem
3431 3940 3530 3992 pa-

1946 4028 2056 4069 cem
2090 4015 2194 4070 sibi
2230 4030 2354 4071 cum
2397 4014 2557 4071 Patre
2598 4014 2718 4084 ejus
2763 4030 2927 4084 opera
2980 4023 3348 4085 pepererunt;
3377 4029 3525 4079 cum,

1947 4107 2114 4163 veluti
2149 4108 2365 4162 nutritii
2410 4107 2656 4179 quidam,
2695 4106 2936 4163 infantes
2988 4107 3163 4175 ipsius
3221 4115 3526 4176 gesturum,

1945 4197 2236 4253 doctorum
2262 4199 2437 4252 vicem
2467 4198 2521 4253 iu
2565 4196 2835 4261 Ecclesia,
2863 4196 2946 4251 vel
2985 4197 3304 4266 angelorum
3336 4211 3527 4266 geren-

1942 4297 2045 4354 tes,
2069 4288 2228 4358 juxta
2259 4288 2393 4342 illud
2425 4305 2438 4342 :
2482 4306 2500 4339 ε
2535 4287 2613 4343 Ne
2638 4287 3085 4357 contempseritis
3111 4302 3278 4341 unum
3310 4302 3375 4341 es
3401 4301 3527 4355 par-

1941 4379 2083 4434 vulis
2137 4378 2276 4433 istis.
2323 4377 2516 4447 Augeli
2580 4379 2729 4433 enim
2784 4379 3027 4446 ipsorum
3081 4392 3300 4447 semper
3340 4378 3526 4431 vident

1940 4469 2136 4525 faciem
2167 4469 2349 4524 Patris
2380 4470 2511 4536 mei,
2540 4471 2630 4538 qui
2675 4470 2732 4524 in
2763 4469 2920 4524 cmlis
2951 4475 3035 4524 est
3062 4469 3132 4521 ".
3174 4487 3192 4520 ι
3229 4468 3334 4534 Qui
3364 4469 3529 4539 igitur

1941 4556 2165 4625 perfecti
2198 4566 2345 4618 sunt,
2377 4571 2493 4619 eos,
2545 4557 2638 4625 qui
2679 4557 2992 4622 initiantur,
3045 4557 3281 4611 humeris
3332 4568 3382 4610 et
3440 4574 3527 4627 ge—

1900 4673 1914 4689 -
1940 4649 2109 4701 nubus
2137 4647 2271 4717 ipsis
2301 4648 2661 4713 sustinentes,
2691 4649 2860 4703 veluti
2900 4657 3098 4702 matres
3138 4649 3523 4702 nutricantur.

1938 4738 2050 4809 Ego
2075 4754 2204 4794 vero
2236 4746 2496 4807 tanquam
2521 4752 2721 4808 parens
2752 4740 3020 4804 omnium,
3049 4755 3167 4803 eos,
3193 4740 3286 4808 qui
3311 4740 3524 4793 tenuio-

1939 4845 2026 4885 res
2080 4831 2502 4899 egentioresque
2554 4831 2940 4893 consolantur,
2992 4833 3110 4901 ipse
3149 4832 3525 4886 consolaturus

1938 4937 2077 4974 sum.
2114 4920 2235 4986 Quo
2275 4920 2358 4985 ﬁt,
2391 4929 2454 4975 ut
2493 4921 2637 4976 hunc
2678 4922 2734 4976 in
2786 4922 3007 4975 modum
3046 4923 3254 4978 scribat
3290 4922 3523 4991 Aposto-

1937 5010 2024 5066 lus
2054 5028 2068 5065 :
2104 5030 2122 5063 ι
2164 5011 2491 5068 Benedictus
2545 5012 2711 5076 Deus,
2769 5013 2933 5068 Pater
2992 5015 3516 5080 misericordiarum,

1936 5109 1991 5155 et
2023 5100 2166 5155 Deus
2195 5102 2365 5157 totius
2394 5103 2817 5163 consolationis.
2845 5104 2940 5173 qui
2972 5105 3295 5159 consolatur
3336 5119 3438 5161 nos
3470 5106 3523 5159 in

1937 5190 2084 5244 omni
2117 5189 2467 5247 tribulatione
2499 5200 2709 5258 nostra,
2744 5202 2803 5247 ut
2855 5194 3136 5263 possimus
3171 5202 3226 5249 et
3259 5194 3364 5264 ipsi
3391 5209 3523 5250 cono

1938 5281 2101 5335 solari
2132 5295 2249 5345 eos,
2282 5283 2374 5351 qui
2407 5284 2461 5337 in
2509 5286 2657 5339 omni
2702 5298 2967 5354 pressura
3000 5296 3165 5350 sunt;
3199 5301 3295 5355 per
3324 5302 3522 5342 conso-

1935 5370 2213 5436 lationem,
2246 5388 2351 5443 qua
2383 5374 2855 5443 consolamuripsi
2905 5390 2934 5428 a
2973 5374 3081 5429 Deo
3122 5374 3188 5430 “.
3224 5393 3242 5426 ι
3289 5373 3422 5441 Quae
3464 5378 3511 5430 si

319 5487 372 5519 “
393 5485 542 5542 Psal.
570 5504 789 5551 uuiv,
824 5488 909 5542 10.
985 5488 1031 5519 ⁵³
1056 5487 1204 5543 Psal.
1228 5503 1373 5555 wa,
1402 5488 1489 5545 l0.
1566 5488 1612 5520 "
1642 5486 1789 5543 Psal.
1826 5502 1875 5542 ιι

1900 5505 1949 5545 v.
1981 5488 2033 5542 5.
2110 5490 2154 5520 ³⁷
2180 5488 2325 5544 Psal.
2359 5506 2522 5555 xxxv,
2555 5489 2606 5544 9.
2681 5490 2728 5523 ⁸⁸
2760 5491 2920 5548 Rom.
2946 5504 3063 5556 vm,
3099 5489 3190 5545 50.
3256 5488 3505 5546 "Matth.

248 5573 386 5613 xvm
413 5596 428 5621 ,
464 5558 551 5614 10.
628 5558 674 5589 ⁶⁶
708 5557 747 5611 ll
776 5558 902 5612 Cor.
930 5573 973 5623 i,
1018 5557 1071 5621 5,
1104 5559 1158 5611 4.

1597 5648 1827 5706 νΑῙὶΙᾹΞ
1870 5650 2269 5707 ιιεατιυιςεδ.

337 5748 365 5788 Ρ
392 5755 479 5811 γρ.
516 5738 827 5793 ἀκόλουθον.
917 5750 944 5790 (ι
974 5741 1124 5796 (cui.
1149 5743 1315 5794 ποιεῖ.
