4248 6428
709 344 849 407 2707

2039 354 2390 416 PllOCU‘l’ll
2431 357 2671 416 UAZ/EI

3829 346 3979 411 2708

710 460 781 510 ita
816 458 931 511 lieri
984 460 1284 528 conlingat,
1333 461 1598 526 videbitis,
1638 459 1837 530 inquit,
1874 465 2155 519 caelestem
2185 465 2275 519 Je—
2309 474 2353 531 Α

2413 470 2478 520 .a‘t
2505 468 2667 521 αὐτὸν
2693 467 2783 519 τὸν
2804 465 2959 529 Θεδν,
2984 464 3045 516 τὸ
3078 442 3292 532 ὲφετὺνς
3310 461 3407 514 καὶ
3440 457 3629 528 χαρᾶς
3659 456 3975 525 ἀνάμεστον

710 550 977 615 rusalem;
1015 560 1109 604 aut
1146 553 1312 605 etiam
1344 550 1511 607 Deum
1546 554 1747 622 ipsum,
1787 556 1881 623 qui
1930 554 2053 610 linis
2082 564 2167 611 est
2191 572 2287 625 op-

711 652 876 706 tatus,
909 651 963 698 et
991 645 1181 697 ltetitia
1220 645 1435 714 plenus.
1482 646 1771 699 Enimvero
1800 654 1854 702 et
1886 645 2143 701 Salvator
2171 648 2287 716 ipse

712 734 835 789 ideo
865 737 1056 789 beatos
1083 736 1366 805 praedicat,
1396 736 1492 805 qui
1528 735 1734 789 mundo
1761 746 1891 790 sunt
1917 736 2103 803 corde,
2142 737 2287 805 quod

714 828 879 880 Deum
920 828 1086 881 visuri
1122 827 1234 882 sint
1277 828 1343 879 ".
1375 826 1637 896 Sequitur
1669 846 1681 880 :
1714 826 1782 880 Et
1829 845 1950 882 ossa
1985 838 2156 882 vestra
2184 830 2289 883 sic-

713 927 770 970 ut
830 917 988 971 herba
1045 918 1437 988 germinabunt.
1477 916 1716 987 Surgent
1772 921 1918 974 enim
1964 922 2198 984 mortui,
2237 930 2292 975 et

713 1008 1105 1063 excitabuntur
1169 1010 1262 1079 qui
1310 1010 1501 1077 jacent
1548 1009 1599 1062 in
1651 1012 2021 1066 monumentis
2067 1011 2146 1072 “.
2196 1011 2289 1066 ubi

718 1115 841 1156 rore
875 1101 991 1165 illo,
1028 1104 1120 1172 qui
1148 1115 1332 1159 manat
1357 1119 1384 1157 a
1416 1103 1661 1168 Christo,
1695 1104 1901 1174 Spiritu
1930 1106 2189 1160 nimirum
2212 1107 2293 1158 vi-

719 1191 877 1245 vilico
908 1194 1065 1247 ditati
1097 1193 1325 1259 fuerint,
1373 1196 1441 1249 de
1486 1211 1597 1266 quo
1640 1198 1721 1251 sic
1750 1195 1893 1265 apud
1926 1194 2165 1251 Psaltem
2216 1197 2290 1250 le-

718 1280 938 1348 gimus:
974 1300 992 1332 ι
1030 1280 1230 1337 Emitte
1260 1284 1515 1353 spiritum
1558 1294 1710 1338 tuum
1756 1291 1808 1338 et
1841 1284 2199 1342 creabantur.
2240 1294 2295 1339 ct

719 1371 1008 1427 renovabis
1037 1371 1230 1427 faciem
1260 1383 1419 1428 terra:
1447 1374 1520 1437 ⁶³;
1560 1394 1577 1425 ι
1626 1390 1732 1428 non
1780 1375 1938 1429 aliter
1971 1390 2132 1444 quam
2171 1391 2296 1445 qua:

720 1462 774 1514 in
810 1465 956 1531 agris
993 1463 1317 1528 floruerunt,
1373 1467 1661 1532 occidere,
1698 1481 1826 1520 vere
1873 1474 2054 1522 autem
2103 1483 2296 1522 rursus

719 1552 851 1606 oriri
882 1553 1150 1611 videmus.
1185 1556 1266 1611 Ad
1313 1557 1455 1611 hunc
1496 1573 1625 1613 vero
1666 1560 1889 1613 modum
1938 1561 2104 1614 etiam
2142 1561 2298 1615 inno-

723 1654 877 1697 tescet
922 1648 1185 1704 omnibus
1210 1650 1311 1703 ista
1349 1649 1465 1704 ﬁeri
1502 1665 1610 1705 non
1667 1649 1908 1704 humana
1950 1652 2025 1715 vi,
2071 1651 2165 1706 sed
2202 1650 2298 1706 Dei

722 1750 918 1797 manu;
956 1734 1008 1788 id
1048 1747 1129 1789 est
1167 1736 1465 1808 Unigeniti,
1500 1754 1596 1808 per
1630 1754 1791 1809 quem
1817 1748 1871 1793 et
1908 1740 2030 1809 ipsa
2078 1742 2298 1796 exsistit

723 1831 1065 1878 mortuorum
1114 1827 1277 1898 756
1340 1830 1626 1884 suscitatio
1667 1852 1679 1883 ι

723 1918 1072 1972 metuentibus
1124 1936 1227 1973 non
1259 1921 1484 1975 obscura
1522 1922 1706 1990 futura
1735 1934 1833 1977 est.
1893 1921 1994 1977 Ubi
2051 1938 2292 1993 namque

724 2004 815 2059 Dei
851 2018 1066 2072 metum,
1124 2011 1217 2079 qui
1277 2027 1342 2066 ex
1398 2014 1665 2080 sapientia
1718 2021 1824 2076 est,
1894 2015 2294 2083 resumpserint

2390 559 2560 621 τέλος.
2596 559 2705 610 Καὶ
2736 558 2764 609 ὀ
2798 554 2985 626 Σωτὴρ
3006 554 3064 608 δὲ
3097 552 3391 624 μακαρίζει
3421 551 3548 613 τοὺς
3598 546 3882 617 καθαροὺς
3906 549 3977 614 τῇ

2392 651 2610 721 καρδίᾳ,
2639 651 2720 704 ὅτι
2773 650 2929 703 αὐτοὶ
2972 648 3062 702 τὸν
3095 647 3227 701 Θεὸν
3258 646 3500 715 ὄψονται.
3565 642 3677 697 Kal
3714 640 3788 694 τὰ
3823 639 3983 694 ὀστᾶ

2390 739 2578 809 ὑμῶν,
2612 739 2765 810 φησὶ.
2799 740 2952 803 πόας
2995 737 3174 803 δίκην
3216 734 3491 801 ἀνθήσει.
3547 731 3982 801 Ἐγερθήσονται

2392 831 2500 899 γὰρ
2518 829 2567 881 οἱ
2596 829 2803 900 νεκροὶ,
2822 829 2917 879 καὶ
2939 827 3339 896 ἀναστήσονται
3358 825 3408 874 oi.
3440 824 3496 873 ὲν
3519 822 3635 883 τοῖς
3665 820 3982 889 μνημείοις,

2392 919 2489 989 τὴν
2523 919 2674 988 παρά
2710 916 2947 989 Χριστοῦ
2983 916 3387 982 πλουτήσαντες
3417 913 3631 982 δρόσον,
3669 910 3731 962 te
3758 908 3986 973 πνεῦμα

2392 1010 2595 1082 δηλαδὴ
2644 1011 2707 1063 τὸ
2778 1009 3063 1075 ξωοποιόν.
3134 1007 3270 1076 Περὶ
3299 1001 3373 1060 ὧν
3426 1009 3456 1059 ὁ
3506 1005 3743 1059 Ψάλλων
3776 1004 3982 1073 φησίν·

2401 1122 2420 1153 ι
2463 1102 2872 1166 Ἐξαποστελεϊς
2906 1102 2964 1154 τὸ
3024 1098 3241 1168 πνεῦμά
3291 1115 3384 1151 σου
3429 1098 3525 1149 καὶ
3560 1096 3984 1166 κτισθήσονται,

2395 1192 2489 1245 καὶ
2540 1194 2875 1254 ἀνακαινιεῖς
2934 1191 2995 1244 τὸ
3046 1190 3336 1259 πρόσωπον
3393 1188 3492 1255 τῆς
3539 1188 3677 1256 γῆς·
3716 1186 3793 1247 ὡς
3824 1186 3893 1238 τά
3927 1188 3989 1237 ἐν

2397 1284 2586 1352 ἀγροῖς
2647 1282 2955 1352 ἀνθήσαντα
3017 1283 3227 1342 πίπτει,
3278 1281 3373 1331 καὶ
3424 1278 3587 1332 πάλι)
3643 1277 3858 1345 ἀνίσχει
3889 1276 3987 1329 τοῦ

2398 1376 2578 1442 ἔαρος.
2612 1374 2770 1427 Οὕτω
2820 1373 2877 1425 δὲ
2910 1373 3005 1426 καὶ
3040 1371 3458 1441 γνωσθήσεται
3514 1370 3705 1432 πᾶσιν,
3753 1368 3830 1432 ὡς
3884 1370 3990 1422 οὐκ

2399 1465 2714 1535 ἀνθρωπίνη
2746 1463 2922 1518 ταῦτα
2956 1462 3225 1531 πεποίηκε
3258 1460 3513 1529 δύναμις,
3542 1458 3681 1512 Θεοῦ
3719 1459 3777 1511 δὲ
3821 1459 3988 1526 χεὶρ,

2398 1559 2427 1610 ὁ
2448 1556 2780 1626 Μονογενής,
2807 1555 2874 1608 δι’
2900 1549 2960 1609 οὗ
2993 1555 3087 1607 καὶ
3118 1556 3151 1624 ή
3184 1553 3292 1606 τῶν
3321 1553 3533 1624 νεκρῶν
3559 1553 3882 1613 ἀνάστασις·
3920 1552 3996 1603 Ἥ

2402 1649 2497 1703 καὶ
2531 1647 2947 1718 γνωσθήσεται
2968 1645 3091 1710 τοῖς
3120 1643 3513 1712 φοϐουμένοις
3541 1642 3748 1696 αὐτόν.
3794 1640 3995 1693 Φόϐον

2401 1741 2511 1812 γὰρ
2536 1740 2888 1808 ἀνειληφότες
2922 1738 3059 1791 Θεοῦ
3088 1739 3180 1789 τὸν
3210 1739 3273 1790 ἐκ
3309 1736 3500 1804 σοφίας
3530 1734 3736 1806 (Ἀρχὴ
3759 1734 3873 1802 γαρ
3901 1748 3995 1785 σο-

1737 1828 1869 1894 Quw
1915 1831 2076 1884 etiam
2130 1830 2300 1886 Deum
2333 1830 2363 1885 l3

2413 1832 2533 1902 φίας
2566 1830 2728 1899 φόϐος
2750 1829 2979 1901 Κυρίου)
3010 1830 3317 1899 νοήσουσιν,
3362 1828 3439 1891 ὼς
3472 1828 3573 1880 ούκ
3613 1829 3743 1881 ἀνευ
3790 1824 3997 1893 χειρὸς

2403 1921 2563 1983 Θεοῦ,
2599 1920 2834 1991 τοσαύτη
2864 1920 3025 1990 χάρις
3051 1922 3131 1982 εἰς
3163 1918 3484 1989 ἀνθρώπους
3514 1920 3841 1988 ἐνήργησεν.
3865 1916 3997 1976 Τοῖς

2399 2012 2456 2065 δὲ
2489 2012 2563 2082 μὴ
2598 2010 2861 2073 τοιούτοις
2892 2008 3214 2076 ἀπειλήσει
3235 2009 3301 2061 τὰ
3324 2010 3667 2078 ὲπαγόμενα.

722 2097 979 2158 (Initium
1019 2102 1163 2155 enim
1218 2104 1501 2171 sapientia:
1544 2106 1707 2159 timor
1760 2105 1971 2160 Domini
2007 2107 2090 2175 “)
2123 2149 2140 2173 ,
2176 2123 2283 2163 non
2324 2106 2532 2177 a’bsqne
2560 2120 2721 2158 manu
2752 2103 2866 2168 Dei,
2910 2110 3119 2157 tantam
3174 2103 3406 2172 gratiam
3491 2102 3639 2156 inter
3720 2099 3997 2154 mortales

722 2192 865 2244 vires
909 2206 1040 2248 suas
1102 2208 1357 2251 exercere
1418 2198 1681 2266 potuisse,
1756 2197 2082 2272 intelligent.
2133 2201 2254 2260 [llis
2295 2210 2498 2261 autem,
2549 2196 2639 2267 qui
2693 2195 2831 2250 tales
2899 2208 3007 2248 non
3061 2192 3291 2257 fuerint,
3342 2209 3427 2258 ea,
3484 2208 3605 2263 quae
3655 2199 3999 2261 sequuntur,

722 2283 1034 2341 minabitur.

792 2377 932 2433 Sunt
976 2395 1128 2447 vero,
1167 2383 1319 2451 quia
1362 2386 1543 2441 verbis
1592 2388 1734 2453 istis,
1792 2406 1892 2445 vox
1930 2391 2165 2457 Domini,
2222 2392 2296 2446 ita

721 2472 1012 2538 explicent,
1041 2482 1100 2527 ut
1133 2477 1315 2532 omnia
1351 2480 1591 2550 undique
1621 2483 1835 2551 justum
1886 2484 1979 2540 Dei
2021 2485 2296 2554 judicium

721 2565 892 2620 velint
950 2583 1240 2635 resonare,
1300 2570 1551 2629 hostibus
1596 2576 1817 2645 quidem
1877 2578 2189 2649 subjugatis
2245 2588 2299 2632 et

726 2660 923 2725 vit-tis;
975 2659 1241 2718 Ezechias
1283 2674 1465 2721 autem
1516 2666 1583 2721 de
1620 2668 1825 2738 templo
1858 2670 2139 2734 redeunte,
2176 2669 2299 2725 Dei-

724 2765 831 2817 que
874 2750 1211 2820 majestatem
1245 2754 1575 2824 prmdicante
1624 2756 1700 2823 ⁶⁵;
1740 2758 1873 2826 ipsis
1904 2758 2161 2829 denique,
2206 2760 2297 2829 qui

728 2840 838 2895 Deo
868 2841 1322 2911 adversabantur,
1374 2846 1567 2900 ultioni
1626 2848 1863 2902 traditis.
1926 2846 2067 2902 Sunt
2118 2857 2297 2903 tamen

728 2947 918 3001 poenas
946 2936 1188 2999 vitaturi,
1240 2938 1285 2991 si
1335 2938 1603 3006 poenitere
1653 2939 1961 3009 contingat,
1998 2954 2108 2993 non
2143 2939 2303 2993 aliter

728 3040 891 3093 quam
945 3042 1067 3096 qua:
1105 3030 1398 3083 masculum
1457 3032 1672 3099 peperit.
1732 3031 2092 3087 Obliviscitur
2154 3032 2301 3086 enim

729 3115 994 3178 dolorum,
1026 3130 1091 3170 eo
1117 3117 1237 3185 ipso
1265 3118 1409 3186 quod
1443 3120 1677 3188 peperit,
1710 3120 2143 3174 consolationem
2172 3120 2303 3174 ade-

2475 2386 2632 2448 Τινὲς
2667 2385 2724 2438 δὲ
2770 2384 2876 2437 ἀπὸ
2908 2382 3024 2443 τοῦ,
3076 2381 3246 2450 φωνὴ
3290 2382 3533 2450 Κυρίου,
3581 2380 3756 2442 οὕτως
3783 2380 4000 2449 ἐξηγήο

2407 2495 2585 2531 σαντο.
2624 2476 2807 2529 Πάντα
2838 2475 2949 2542 γὰρ
2972 2473 3312 2543 πανταχόθεν
3338 2472 3463 2538 ,ϐοᾷ
3490 2472 3591 2543 τὴν
3623 2473 3841 2525 δικαίαν
3872 2474 4001 2542 κρί-

2407 2587 2489 2622 σιν
2520 2567 2612 2620 τοῦ
2640 2566 2799 2630 Θεοῦ,
2835 2567 3111 2636 πολεμίων
3138 2566 3234 2636 μὲν
3259 2563 3820 2635 καταστρεφομένων,
3840 2562 4002 2627 Ἐζε-

2406 2662 2527 2714 κίου
2556 2659 2613 2712 δὲ
2643 2660 2706 2713 ὲκ
2730 2658 2825 2711 τοῦ
2856 2658 2986 2712 ναοῦ
3022 2657 3363 2720 ἐπανιόντος,
3393 2655 3468 2726 μή
3491 2654 3855 2724 κηρύττοντος
3897 2651 4001 2705 τοῦ

2407 2752 2541 2804 Θεοῦ
2571 2752 2669 2820 τὴν
2700 2749 3118 2820 μεγαλειότητα,
3143 2750 3238 2802 καὶ
3279 2747 3390 2800 τῶν
3434 2746 3832 2815 ἀντικειμένων
3875 2743 4004 2813 Θεῷ

2406 2841 2857 2910 τιμωρουμένων.
2903 2839 3327 2908 Ὲκςρεύξονται
3348 2836 3521 2908 δὲτὴν
3543 2838 3699 2905 δίκην
3726 2838 4000 2905 μετανοή-

2411 2952 2599 2997 σαντες
2634 2934 2779 2988 nos
2803 2935 2898 2987 καὶ
2931 2934 3069 3005 γυνὴ
3101 2934 3367 2987 τεκοῦσα
3404 2931 3614 2999 ἄρσεν.
3666 2928 4004 2982 Ἐπιλανθά-

2410 3042 2558 3077 νεται
2594 3024 2701 3095 γὰρ
2733 3024 2853 3076 τῶν
2876 3023 3137 3086 ὠδίνων,
3172 3020 3523 3093 παραμύθιον
3570 3018 3770 3089 ἔχουσα
3806 3019 3867 3070 τὸ
3905 3034 4005 3070 τε-

2413 3112 2556 3182 χθὲν,
2593 3115 2733 3166 κατὰ
2780 3113 2862 3185 τὸ)
2913 3113 3029 3165 Ὅτ’
3081 3113 3148 3166 ἂν
3183 3113 3241 3165 δὲ
3284 3115 3544 3184 γεννήσῃ,
3578 3110 3725 3180 χαρᾷ
3790 3110 4005 3180 χαίρει.

733 3206 858 3266 pta;
895 3202 1055 3269 quale
1083 3212 1167 3258 est
1199 3205 1353 3269 illml,
1378 3208 1521 3275 quod
1556 3208 1838 3262 mulierem
1866 3223 1992 3262 cum
2023 3210 2298 3277 genuerit,
2326 3199 2363 3260 C

2413 3206 2485 3257 Ξτι
2517 3204 2782 3274 ἐγεννήθη
2816 3203 3103 3273 ἄνθρωπος
3142 3203 3235 3256 ἐπὶ
3263 3202 3363 3271 τῆς
3386 3203 3491 3270 γῆς
3529 3203 3611 3264 είς
3648 3201 3742 3253 τὸν
3768 3202 4006 3270 κόσμον.

734 3292 857 3344 ideo
894 3293 1063 3346 laetari
1097 3293 1351 3361 allirmat,
1393 3298 1536 3367 quod
1576 3299 1739 3353 homo
1790 3301 1845 3352 in
1892 3299 2155 3353 mundum
2190 3300 2308 3353 edi-

732 3390 821 3435 tus
858 3383 929 3435 sit
976 3384 1041 3437 “.
1086 3383 1183 3439 Est
1229 3386 1395 3456 igitur
1426 3387 1628 3457 inquit,
1666 3391 1912 3445 dolorum
1947 3400 2163 3461 tempus
2194 3406 2309 3462 pm-

736 3472 961 3526 nitentia
1006 3476 1557 3542 praevertendumwt
1616 3487 1877 3549 tanquam
1926 3496 2179 3550 puerum,
2219 3498 2311 3537 ve-

737 3574 905 3619 stram
938 3566 1041 3635 ipsi
1065 3567 1295 3622 salutem
1324 3578 1480 3639 partu
1508 3570 1823 3626 enitamini.
1875 3572 2077 3627 Volunt
2129 3582 2309 3627 autem

738 3654 1133 3727 Hierosolymis
1188 3658 1291 3712 ista
1340 3662 1659 3731 contigisse,
1698 3678 1820 3732 qua:
1858 3663 2011 3719 brevi
2063 3672 2313 3732 tempore

736 3755 908 3815 gentes
957 3750 1249 3815 quaslibet,
1310 3766 1553 3821 suosque
1609 3753 1945 3810 habitatores
2000 3770 2313 3825 resumpse-

741 3839 868 3889 rint.
914 3835 1009 3891 Est
1041 3839 1189 3893 enim
1228 3840 1372 3896 Deus
1415 3841 1553 3911 ipse,
1600 3843 1693 3911 qui
1751 3845 2085 3899 sterilitatem
2132 3845 2315 3912 fecun-

739 3928 1061 3998 ditatemque
1113 3932 1361 4003 largitur.
1424 3932 1564 4001 Quia
1617 3943 1795 3990 autem
1832 3937 2071 3991 animam
2113 3937 2315 3991 futuris

742 4020 900 4075 bonis
923 4029 1082 4077 antea
1116 4034 1415 4087 recrearat,
1443 4027 1617 4095 ipsam
1639 4026 1942 4082 Jerusalem
1973 4029 2151 4082 la'lari
2177 4045 2315 4099 pra:-

740 4112 893 4181 cipit,
931 4128 1037 4167 non
1066 4116 1406 4172 eversionem
1438 4134 1592 4173 suam
1636 4120 1809 4190 lugere
1833 4162 1849 4185 ,
1881 4122 1976 4175 sed
2009 4136 2129 4190 qua
2160 4130 2314 4191 post-

738 4219 800 4257 ea
841 4213 1095 4259 secutura
1126 4217 1244 4270 est,
1292 4212 1519 4279 gloriam
1553 4214 1906 4267 considerare
1933 4254 1946 4276 ,
1996 4228 2309 4283 puerosque

740 4312 871 4352 suos
911 4308 1171 4368 tanquam
1205 4301 1270 4354 ab
1300 4303 1545 4356 uberibus
1584 4319 1810 4373 pascere
1852 4323 1865 4359 :
1917 4305 2048 4373 quia
2079 4321 2177 4360 eos
2227 4306 2315 4358 in-

747 4388 985 4444 tuiturus
1012 4390 1085 4444 sit
1119 4391 1401 4456 Dominus,
1436 4408 1722 4464 pacemque
1771 4393 1999 4448 multam
2053 4395 2310 4459 daturus,

740 4476 1023 4541 ﬂuviorum
1066 4496 1216 4536 more
1252 4486 1715 4539 concurrentibus
1752 4485 1821 4537 ad
1854 4500 1976 4539 eum
2023 4486 2309 4540 omnibus.

742 4568 879 4637 Ipsis
906 4572 1051 4625 enim
1082 4576 1314 4642 gentium
1341 4577 1570 4645 gloriam
1603 4578 1883 4647 largietur,
1918 4586 1975 4630 ut
2007 4577 2148 4632 filios
2183 4578 2317 4645 ipsa:

741 4665 795 4708 et
826 4657 965 4713 tilias
993 4660 1224 4714 humeris
1280 4663 1333 4716 in
1388 4665 1667 4718 civitatem
1714 4664 2011 4719 Jerusalem
2072 4677 2317 4734 portent,
2362 4672 2363 4675 “

748 4751 854 4799 “eo
882 4747 1023 4816 ipso,
1053 4751 1241 4805 matris
1276 4751 1472 4818 instar,
1510 4755 1775 4807 auxilium
1827 4770 2126 4825 curamque
2164 4770 2318 4809 suam

743 4837 1093 4907 :i-Jjungente,
1134 4844 1227 4911 qui
1266 4858 1361 4897 eos
1392 4859 1556 4913 super
1602 4845 1787 4899 futura
1838 4846 2324 4912 calamitatejcon-

745 4927 964 4997 soletur,
998 4947 1251 5003 novaque
1272 4934 1508 5002 quadam
1543 4937 1781 4999 ratione,
1814 4944 1873 4989 ut
1904 4953 2051 5002 ossa,
2092 4936 2159 4991 de
2189 4938 2319 5006 qui-

748 5021 848 5075 tius
895 5030 978 5076 est
1038 5024 1183 5094 apud
1238 5024 1579 5082 Eeecliielem
1633 5029 1714 5093 ",
1756 5029 1808 5082 in
1865 5030 2031 5083 vitam
2082 5037 2321 5084 revocet.

746 5108 1065 5167 Gestainina
1115 5128 1303 5182 porro,
1348 5116 1467 5170 sive
1515 5132 1683 5172 onera
1731 5119 2000 5187 ipsorum,
2056 5120 2319 5173 honorem

745 5218 869 5257 eum
928 5205 1198 5271 intellige,
1233 5222 1392 5276 quem
1429 5207 1492 5261 de
1538 5208 1778 5276 gentibus
1808 5210 1917 5264 sibi
1968 5218 2321 5280 pepererunt,

749 5311 859 5361 quo
920 5308 1184 5368 tempore,
1224 5302 1529 5354 secundum
1592 5303 2109 5369 praeordinationem
2159 5302 2319 5373 757

755 5388 985 5451 Homini,
1028 5406 1153 5443 cum
1193 5391 1335 5445 Darii
1386 5392 1642 5460 ιιιέιεδίιιιο
1672 5393 1932 5447 adhibitis
1980 5393 2159 5462 (‘puiis
2210 5400 2327 5446 tuta

822 5504 863 5535 "
902 5503 1094 5563 Matth,
1128 5523 1175 5557 ι’.
1202 5508 1251 5556 fl.

750 5577 919 5634 xxx.!
962 5590 1112 5643 seaq.
1220 5575 1439 5631 “Uttan.
1475 5575 1601 5645 xvi,
1632 5582 1721 5636 ‘.'.l.

1334 5507 1376 5537 “3
1416 5507 1545 5560 Dan.
1584 5525 1687 5561 XII.
1724 5510 1778 5572 Ε),
1806 5510 1867 5569 ῗιξ
1904 5508 2059 5560 Joan.
2090 5524 2141 5569 γ,
2169 5508 2260 5570 ‘28,
2296 5506 2386 5561 Ξῖ).

1597 5571 1721 5636 εἰ.
1795 5582 1837 5617 ⁸⁷
1871 5578 2067 5633 Ezecli.
2102 5594 2296 5641 xxxv",
2358 5581 2377 5629 1
2416 5591 2569 5643 seqq.

2411 3297 2760 3365 Προληπτέον
2793 3292 2908 3359 οὖν,
2958 3294 3113 3363 φησι,
3142 3297 3209 3364 τῇ
3237 3294 3496 3363 μετανοίᾳ
3526 3292 3617 3345 τὸν
3660 3294 3855 3362 καιρῂν
3883 3291 4013 3347 τῶν

2412 3384 2665 3439 ὠδίνων.
2714 3386 2827 3440 Καὶ
2883 3385 3075 3455 ὥσπερ
3126 3385 3315 3449 παῖδα,
3343 3384 3442 3453 τὴν
3480 3382 3692 3436 ἑαυτῶν
3724 3383 4011 3453 σωτηρίαν

2413 3478 2786 3547 ἀποκυήσατε.
2834 3476 2960 3530 Ἐπὶ
2979 3476 3037 3529 δὲ
3062 3475 3163 3542 τῆς
3190 3474 3553 3545 Ἰερουσαλὴμ
3576 3472 3752 3526 ταῦτα
3776 3475 4014 3542 γεγενῆ-

2416 3569 2538 3623 σθαί
2573 3585 2737 3637 φασιν
2784 3570 2842 3621 ἐν
2892 3568 3089 3637 βραχεῖ
3132 3565 3311 3637 χρόνῳ
3359 3567 3506 3620 ἅπαν
3559 3565 3627 3619 τὸ
3672 3566 3872 3631 ἔθνος,
3910 3570 4015 3619 καί

2412 3664 2538 3725 τοῦς
2574 3662 2736 3723 ίδίους
2763 3657 3265 3729 ἀπολαμϐανούσης
3304 3658 3622 3727 οἰκήτορας.
3653 3656 3785 3720 Θεὸς
3817 3657 3931 3725 γὰρ
3985 3660 4016 3708 ό

2415 3752 2735 3819 στείρωσιν
2758 3750 2954 3813 διδοὺς,
2982 3748 3079 3802 καὶ
3113 3747 3327 3817 γονήν.
3370 3747 3767 3818 Προεστιαθεὶς
3816 3747 3874 3799 δὲ
3908 3750 4016 3815 τὴν

2414 3839 2591 3909 ψυχήν
2617 3840 2708 3893 ἐπὶ
2732 3842 2842 3902 τοίς
2868 3839 3156 3908 μέλλουσιν
3183 3836 3430 3906 ἀγαθοῖς,
3460 3840 3527 3907 τῇ
3562 3837 3719 3889 πόλει
3747 3837 4018 3905 sire-ptir-

2417 3932 2567 3995 θητι,
2603 3930 2786 3999 φησιν,
2828 3928 3234 3997 Ἰερουσαλὴμ
3266 3930 3340 3998 μὴ
3368 3928 3682 3983 πενθοῦσα
3704 3928 3803 3997 τήν
3832 3945 4015 3981 κατα-

2419 4024 2680 4091 στροφὴν,
2709 4022 2808 4092 τήν
2839 4022 2977 4091 μετά
3008 4021 3185 4075 ταῦτα
3213 4022 3271 4075 δὲ
3302 4021 3491 4084 δόξαν
3520 4020 3875 4091 λογιζομένη.
3901 4023 4020 4075 Καὶ

2418 4116 2493 4177 ὡς
2520 4114 2639 4168 ἀπὸ
2668 4113 2919 4183 μαστῶν
2945 4114 3115 4183 τρέφε
3164 4114 3293 4175 τοὺς
3318 4112 3515 4174 παῖδας
3549 4129 3668 4176 σου,
3702 4112 3841 4163 διότι
3893 4112 4021 4164 ἑπι-

2420 4205 2677 4273 σκέψεται
2706 4203 2909 4273 Κύριος
2936 4205 3135 4267 αὐτοὺς
3158 4244 3173 4269 ,
3214 4203 3479 4272 πλείστην
3512 4203 3763 4271 ειρήνην
3807 4204 4017 4268 διδοίην

2420 4295 2515 4348 καὶ
2543 4296 2758 4348 πάντων
2790 4293 3141 4362 ποταμηδόν
3170 4296 3248 4357 είς
3276 4293 3446 4361 αὐτὴν
3472 4295 3835 4362 συρρεόντων.
3887 4293 4022 4346 Τῶν

2420 4388 2526 4457 γὰρ
2551 4384 2743 4439 ἐθνῶν
2796 4386 2981 4447 αὐτοῖς
3039 4386 3317 4453 χαριεῖται
3352 4386 3467 4449 τὴν
3518 4385 3732 4449 δόξαν,
3760 4384 3835 4447 ὡς
3882 4386 4022 4448 τοίς

2423 4477 2572 4540 υἱοὺς
2604 4475 2777 4544 αὐτῆς
2812 4485 2857 4543 ι’,
2894 4475 2989 4528 καὶ
3017 4474 3329 4545 θυγατέρας
3361 4475 3453 4527 ἐπ’
3488 4476 3662 4543 ὤμων
3693 4474 3905 4543 φέρειν
3931 4480 4023 4541 είς

2438 4567 2849 4636 Ἰερουσαλὴμ,
2909 4566 3067 4629 Θεοῦ,
3128 4566 3287 4634 δίκην
3338 4565 3614 4634 μητέρος,
3654 4567 3755 4635 τήν
3817 4568 4023 4619 ἑαυτοῦ

2424 4661 2752 4730 κηδεμονίαν
2775 4658 3127 4728 παρέχοντος,
3164 4658 3259 4709 ἐπὶ
3294 4660 3357 4726 τῇ
3410 4656 3764 4728 προλαϐούσῃ
3821 4671 4023 4724 ,παρα-

2424 4751 2760 4817 καλοῦντος
2789 4750 2988 4812 αὐτοὺς
3024 4750 3303 4819 συμφορᾷ,
3336 4748 3432 4800 καὶ
3456 4748 3656 4818 τρόπον
3682 4747 3806 4801 τινὰ
3850 4748 4024 4801 πάλιν

2425 4842 2719 4896 ἀναϐιῶναι
2755 4834 3106 4910 ποιήσαντος,
3162 4839 3302 4892 κατὰ
3331 4839 3399 4891 τὰ
3428 4838 3579 4909 παρὰ
3628 4837 3706 4908 τῷ
3752 4837 4024 4909 Ἰεζεκιὴλ

2427 4932 2599 4989 ὀστᾶ.
2642 4932 3019 5001 Βαστάγματα
3043 4931 3099 4983 δὲ
3129 4929 3311 4984 αὐτῶν
3345 4930 3443 5000 τὴν
3473 4928 3591 4983 ἀπὸ
3647 4929 3770 4982 τῶν
3822 4928 4026 4983 ἐθνῶν

2427 5026 2535 5078 νόει
2589 5024 2793 5095 τιμὴν,
2860 5023 3002 5075 κατᾶ
3056 5022 3318 5092 πρόταξιν
3374 5021 3601 5089 Κυρίου,
3642 5021 3738 5074 καὶ
3781 5021 4025 5091 Δαρείου

2432 5118 2568 5186 μετά
2603 5115 2924 5184 δορυφορίας
2960 5113 3425 5183 παραπέμψαντος
3478 5114 3677 5175 αὐτοὺς
3702 5114 3759 5165 ὲν
3808 5112 4026 5182 εὐωχία

2436 5226 2493 5262 τε
2525 5211 2618 5261 καὶ
2652 5208 2862 5277 εἰρήνῃ,
2898 5207 3006 5259 τῶν
3038 5204 3199 5273 ἱερῶν
3233 5206 3417 5267 αὐτοῖς
3448 5204 3658 5258 σκευῶν
3687 5203 4025 5273 ἀποδεδομέ·

2438 5316 2563 5360 κων,
2593 5297 2685 5349 καὶ
2716 5296 2853 5365 μετὰ
2880 5294 2972 5348 τοῦ
3015 5295 3145 5348 ναοῦ
3199 5294 3601 5365 ἀνοικισθείσης
3631 5296 3731 5365 τῆς
3784 5295 4023 5357 πόλεως.

2443 5391 2505 5440 Ὃ
2535 5390 2623 5440 καὶ
2660 5388 2795 5458 μετά
2840 5387 2937 5457 τήν
2970 5385 3063 5439 τοῦ
3108 5387 3361 5457 Euripo;
3387 5387 3635 5455 φαίνεται
3685 5387 4023 5457 παρουσίαν.

2485 5506 2528 5535 ⁸³
2559 5504 2699 5558 Psat.
2739 5520 2864 5564 Clit,
3114 5501 3161 5534 ⁵⁸
3190 5502 3335 5559 Psal.
3383 5514 3473 5566 cs,
3515 5500 3597 5555 l0.
3703 5501 3749 5531 ”
3780 5499 3850 5554 IV
3884 5498 4025 5572 Reg.

2036 5667 2268 5725 VARUS
2307 5666 2715 5724 ιῐῑοῖιοξςεδ.

801 5771 819 5799 ι
850 5779 943 5831 γρ,
977 5763 1139 5815 αὐτὰ.
