4248 6428
267 391 408 452 2709

1406 377 1933 438 COMMENTARII
1986 378 2063 435 ΙΝ
2109 378 2388 435 18Λ1ΛΜ.
2451 380 2454 383 ’

3374 372 3512 435 27in

267 504 379 572 Τὴν
407 499 582 569 ἀληθῆ
611 496 715 566 γάρ
748 494 946 554 πάντες
994 490 1402 560 μεταδιώκομεν
1456 488 1845 556 Ἰερουσαλὴμ
1875 495 1916 550 Α

1831 495 1916 550 ιΑ
1951 503 2082 554 pace
2121 487 2336 541 dimissi
2381 467 2542 550 sunt;
2589 501 2710 538 eum
2765 485 2904 555 ipsis
2964 485 3127 540 etiam
3177 485 3385 539 reddita
3427 498 3508 541 est

265 599 550 661 φέροντες
592 590 717 648 τοὺς
764 583 983 652 ἀληθεῖς
1037 581 1322 643 Ἰουδαίους
1367 581 1460 633 ἐπ’
1507 579 1699 646 ὤμων,
1741 582 1837 630 καὶ
1916 656 1921 661 ι

1828 583 1837 630 l
1947 580 2212 646 supellex,
2248 593 2371 631 cum
2425 578 2683 645 templum
2732 577 2986 646 denique,
3038 577 3265 647 ipsaque
3314 577 3505 630 civitas

267 656 556 751 γονάτων,
592 681 680 732 ὅτε
728 676 877 745 μετὰ
925 673 1124 741 χεῖρας
1170 673 1366 742 ἔχομεν
1389 672 1514 732 τοὺς
1543 670 1842 738 μακαρίους
1916 656 1921 662 ’

872 693 877 726 ε
925 673 1124 741 χεῖρας
1170 673 1366 742 ἔχομεν
1389 672 1514 732 τοὺς
1543 670 1842 738 μακαρίους
1916 656 1921 662 ’
1951 671 2254 724 instaurata
2287 679 2415 722 sunt
2465 669 2508 699 ⁶⁸
2539 687 2549 722 :

1950 759 2243 810 adventum
2275 758 2576 827 contigisse
2607 758 2842 811 videtur.
2889 759 2967 810 Ad
3003 775 3183 810 veram
3209 760 3354 812 enim
3400 774 3514 810 om-

268 773 578 842 προιρήτας,
604 769 696 821 ἐπὶ
717 767 808 820 τὸν
836 766 968 817 Θεὸν
1002 765 1310 826 ἐλπίζοντες
1355 763 1604 832 Ἀϐραάμ
1629 779 1644 796 ο
1680 761 1760 814 ἔτι
1787 763 1842 814 δὲ

269 863 366 915 καὶ
399 862 507 913 τῶν
544 858 860 912 ἀποστόλων
916 853 1053 924 μετὰ
1105 852 1200 905 τοῦ
1253 852 1503 922 Σωτῆρος
1557 849 1626 903 τά
1666 850 1846 919 βιϐλία

269 951 401 1016 ταῖς
440 949 612 1018 χερσὶ
665 929 1068 1016 περιφέρομεν·
1105 944 1196 996 καὶ
1245 944 1336 996 ἐπὶ
1391 943 1490 1009 τῆς
1537 940 1768 992 ἐνταῦθα
1789 939 1844 991 δὲ

281 1041 670 1110 Ἰερουσαλὴμ
695 1037 900 1105 ἀληθὴς
922 1038 951 1088 ὁ
976 1036 1154 1102 λόγος,
1183 1036 1262 1098 είς
1283 1034 1350 1103 ἢν
1375 1031 1664 1085 σπεύδουσι
1694 1029 1848 1099 βασι-

268 1131 380 1194 λεῖς
412 1132 504 1182 καὶ
539 1129 667 1197 ἔθνη
690 1126 780 1179 διὰ
805 1126 897 1178 τὸν
929 1125 1176 1193 Σωτῆρα.

2606 667 2749 736 quod
2805 669 2969 720 etiam
3031 677 3154 737 pust
3209 667 3509 722 Salvatoris

1952 864 2049 903 nes
2079 847 2373 902 Jerusalem
2408 850 2702 911 tendimus,
2738 863 2896 903 veros
2935 848 3150 902 Judaeos
3196 850 3250 902 in
3289 851 3517 902 humeris

1952 951 2002 994 et
2031 942 2270 1011 gentibus
2301 951 2590 1010 portantes,
2637 957 2759 996 cum
2804 941 2991 994 beatos
3022 941 3074 993 in
3111 942 3348 995 manibus
3391 957 3522 1011 pro-

1953 1035 2150 1102 pbetas
2176 1043 2474 1104 gestamus,
2507 1033 2603 1102 qui
2637 1034 2689 1086 in
2744 1032 2909 1087 Deum
2941 1032 3236 1086 Abrahami
3276 1048 3402 1100 spes
3430 1049 3522 1086 no-

1957 1130 2102 1176 stras
2132 1123 2489 1177 collocamus.
2523 1121 2907 1190 Apostolorum
2937 1137 3148 1185 rursus,
3194 1120 3524 1175 Salvatoris-

272 1240 379 1295 que
410 1225 582 1277 libros
631 1220 878 1274 manibus
915 1218 1386 1272 circumlerimus.
1415 1217 1513 1272 Est
1544 1226 1809 1287 prieterea
1837 1215 1904 1268 de
1937 1215 2260 1280 Jerusalem,
2294 1232 2415 1285 qua:
2445 1216 2534 1269 bic
2559 1215 2805 1276 habetur,
2847 1218 3069 1270 minime
3100 1217 3332 1270 mendax
3400 1233 3525 1270 ora-

272 1321 370 1382 tio,
413 1318 478 1370 ad
511 1330 673 1384 quam
704 1324 757 1368 et
783 1328 938 1382 reges
967 1314 1135 1381 ipsos,
1176 1322 1229 1365 et
1274 1321 1460 1379 gentes
1504 1312 1664 1365 etiam
1711 1318 1932 1380 propter
1963 1307 2298 1362 Salvatorem
2325 1323 2618 1378 properare
2649 1318 2856 1362 CCI'lUllI
2891 1319 2995 1362 est.

345 1409 542 1462 ιε’-κδ’.
575 1406 722 1460 Ἰδοὺ
752 1406 860 1474 γὰρ
889 1405 1104 1470 Κύριος
1133 1404 1214 1464 ὠς
1265 1402 1384 1467 πῦρ
1433 1401 1588 1466 ἣξει,
1642 1401 1739 1452 καί
1771 1400 1850 1462 ὡς

272 1496 539 1563 καταιγὶς
592 1495 664 1548 τὰ
724 1493 954 1561 ἅρματα
1002 1489 1189 1543 αὑτοῦ
1221 1488 1550 1542 ἀποδοῦναι
1593 1489 1660 1541 ἐν
1688 1485 1852 1555 θυμῷ

270 1591 610 1654 ἐκδίκησιν,
644 1587 743 1639 καί
781 1581 1316 1650 ἀποσκορακισμὸν
1354 1581 1540 1634 αὐτοῦ
1569 1582 1637 1632 ἐν
1673 1579 1851 1648 φλογὶ

272 1682 484 1748 πυρός.
525 1679 620 1729 Ἐν
647 1677 756 1745 γὰρ
784 1674 862 1739 τῷ
885 1673 1025 1741 πυρὶ
1050 1673 1271 1740 Κυρίου
1304 1671 1644 1738 κριθήσεται
1684 1667 1851 1722 πᾶσα

271 1773 311 1838 ἡ
347 1769 448 1837 γῆ,
501 1768 597 1822 καί
633 1769 701 1819 ἐν
745 1763 818 1832 τῇ
862 1765 1132 1833 ῥομφαίᾳ
1183 1762 1389 1826 αὑτοῦ,
1445 1760 1614 1816 πᾶσα
1670 1760 1848 1827 σάρξ.

272 1823 499 1915 ᾑοίλξίοὶ
538 1823 888 1926 τραυματίαι
917 1823 1157 1908 έσοντιιι
1187 1853 1306 1908 ὑπὸ
1348 1823 1594 1919 Κυρίου,
1630 1823 1854 1920 ἁγνιζό-
1886 1823 1925 1877 Β

267 1969 465 2023 μενοι,
493 1952 590 2004 καὶ
613 1947 1056 2016 καθαριζόμενοι
1090 1949 1177 2009 εὶς
1214 1944 1357 2008 τοὺς
1380 1943 1636 2008 κήπους,
1670 1943 1856 1995 καὶέν

272 2045 398 2109 τοῖς
422 2043 740 2110 προθύροις
760 2040 1043 2104 ἔσθοντες
1063 2037 1241 2106 κρέας
1268 2037 1458 2099 ὕειον,
1489 2035 1587 2089 καί
1616 2036 1687 2088 τὰ
1711 2034 1856 2098 βδε-

272 2137 569 2204 λύτματα,
602 2133 701 2186 καί
731 2131 839 2185 τὸν
866 2131 1010 2200 μῦν,
1041 2129 1139 2182 ἐπὶ
1159 2131 1226 2181 τὸ
1251 2129 1394 2182 αὐτὸ
1424 2126 1852 2192 ἁναλωθήσον-

274 2242 392 2288 ται,
419 2221 549 2277 εἷπε
579 2225 816 2289 Κύριος.
854 2220 1028 2288 Κάγὼ
1073 2219 1147 2272 τὰ
1175 2219 1318 2286 ἔργα
1362 2215 1583 2282 αὐτῶν,
1619 2215 1719 2269 καί
1749 2218 1857 2268 τὸν

272 2315 574 2384 λογισμὸν
608 2312 808 2365 αὐτῶν
827 2312 1172 2379 ἐπίσταμαι,
1210 2326 1264 2363 κ.
1295 2327 1348 2362 τ.
1379 2309 1429 2363 λ.

347 2405 458 2468 Τάς
489 2405 598 2457 τῶν
626 2403 1030 2457 πιστευσάντων
1058 2401 1393 2469 ἐπαγγελίας
1429 2398 1620 2462 εἰπὼν,
1654 2401 1748 2452 καὶ
1779 2400 1854 2463 ὡς

273 2495 567 2564 ἀπειλήσει
601 2497 714 2557 τοῖς
747 2493 1080 2560 ἀπειθήσασι
1131 2492 1231 2561 τὴν
1275 2489 1526 2560 ἀπειλὴν,
1578 2490 1854 2542 ἐκτίθεται

279 2587 376 2640 νῦν
405 2586 501 2655 τὴν
555 2584 762 2648 ἔνδοξον
810 2583 973 2638 αὐτοῦ
1029 2582 1336 2652 παρουσίαν
1358 2622 1372 2646 ,
1403 2580 1579 2650 δηλῶν
1609 2583 1698 2634 ὅτε
1725 2580 1858 2646 ἣξει

286 2677 427 2746 μετά
455 2679 552 2744 τῆς
577 2675 735 2743 δόξης
754 2673 866 2734 ,τοῦ
899 2674 1164 2743 Πατέρος,
1207 2674 1302 2743 καὶ.
1333 2674 1442 2725 τῶν
1468 2672 1717 2740 ἀγγέλων
1765 2673 1859 2724 αὑ-

276 2767 394 2830 τοῦ,
425 2767 606 2835 κρῖναι
637 2765 843 2829 ζῶντας
873 2765 966 2817 καὶ
997 2763 1244 2833 νεκρούς.
1277 2763 1351 2816 Τὸ
1402 2763 1460 2816 δὲ
1509 2764 1588 2827 ὡς
1615 2762 1758 2829 πῦρ,
1789 2763 1859 2815 ἐν

277 2857 422 2924 πυρὶ
451 2858 796 2928 ἑρμήνευσαν
818 2856 866 2907 οι
902 2855 1100 2908 λοιποί.
1137 2855 1395 2922 Ἀρματα
1418 2853 1476 2906 δὲ
1509 2854 1702 2920 λέγων,
1731 2854 1858 2916 τοὺς

277 2948 564 3016 ἀγγέλους,
601 2949 695 3000 καὶ
723 2946 823 3009 τὰς
854 2946 984 3017 περὶ
1011 2945 1175 2999 αὑτὸν
1206 2945 1464 3013 δυνάμεις
1503 2946 1654 3014 δηλοῖ
1673 2986 1687 3010 ,
1715 2946 1857 3000 κατὰ

276 3039 339 3090 τὸ
368 3041 423 3089 ἐν
451 3037 731 3106 Ψαλμοῖς*
768 3054 786 3084 ι
825 3035 898 3086 Τὸ
925 3034 1076 3105 ἀρμα
1114 3033 1210 3086 τοῦ
1246 3034 1380 3087 Θεοῦ
1429 3034 1853 3105 μυριοπλάσιον,

2028 1397 2191 1450 Vens.
2230 1398 2419 1452 15-24.
2460 1397 2590 1452 Ecce
2614 1401 2750 1452 enim
2790 1399 3063 1462 Dominus,
3096 1401 3248 1468 quasi
3283 1402 3418 1468 ignis
3445 1419 3524 1456 re-

1955 1489 2084 1549 nict,
2111 1487 2279 1558 758
2297 1500 2351 1542 el
2380 1489 2534 1557 quasi
2565 1498 2842 1555 tempestas
2866 1504 3053 1542 currus
3083 1490 3217 1557 ejus,
3244 1501 3299 1542 ut
3341 1491 3524 1545 reddat

1955 1580 2007 1632 in
2031 1580 2208 1646 furore
2234 1580 2510 1641 ultionem,
2535 1590 2582 1633 et
2610 1581 3015 1644 increpationem
3039 1597 3191 1633 suam
3231 1583 3283 1634 in
3306 1584 3525 1650 ﬂamma

1956 1668 2113 1734 ignis.
2152 1667 2215 1720 In
2246 1669 2358 1736 igne
2387 1671 2524 1721 enim
2550 1668 2765 1720 Domini
2792 1668 3120 1735 iudicabitur
3147 1671 3317 1723 omnis
3361 1681 3524 1733 tetu-tt,

1955 1770 2005 1813 et
2033 1762 2086 1812 in
2114 1760 2298 1830 gladio
2335 1760 2450 1828 ejus
2491 1760 2641 1814 cadet
2675 1761 2918 1813 universa
2968 1777 3115 1814 caro.
3152 1760 3314 1814 Multi
3352 1765 3526 1816 vulne-

1957 1853 2062 1904 rati
2101 1861 2255 1904 erunt
2294 1852 2346 1903 in
2381 1851 2624 1905 Domino.
2665 1852 2770 1915 Qui
2803 1853 3230 1919 sancti/icuntur,
3263 1864 3312 1906 et
3342 1855 3530 1920 puri/i-

1956 1956 2148 1996 cantur
2188 1946 2243 1996 in
2267 1946 2466 2007 hortis,
2507 1954 2557 1998 et
2598 1947 2652 1997 in
2693 1945 2985 2008 liminibus,
3031 1945 3354 1999 comedentes
3408 1963 3528 2000 car-

1959 2055 2073 2091 nem
2117 2039 2414 2104 porcinam,
2450 2048 2498 2091 et
2539 2037 2980 2103 abominationes,
3014 2048 3063 2091 et
3096 2055 3319 2103 murem,
3371 2039 3528 2092 simul

1957 2137 2350 2192 consumentur,
2391 2128 2521 2180 dicit
2559 2127 2839 2180 Dominus.
2874 2127 2942 2181 Et
2988 2144 3082 2197 ego
3134 2145 3295 2196 opera
3325 2145 3527 2195 eorum,

1956 2227 2005 2271 et
2041 2219 2386 2288 cogitationes
2420 2234 2602 2272 eorum
2649 2220 2788 2284 novi,
2826 2226 2932 2273 etc.

2028 2397 2328 2468 Postquam
2385 2413 2575 2453 eorum
2629 2398 3063 2474 promissiones,
3106 2400 3200 2468 qui
3265 2400 3531 2456 credituri

1957 2497 2164 2553 essent,
2213 2499 2268 2542 et
2296 2502 2380 2552 ea,
2413 2503 2533 2559 qua:
2577 2503 2635 2542 se
2669 2488 3047 2557 pertinacibus
3082 2489 3414 2544 miuaturum
3448 2491 3532 2546 di-

1961 2578 2063 2643 xit,
2110 2580 2412 2642 enarravit,
2444 2578 2667 2648 exponit
2693 2577 2806 2646 jam
2837 2579 3138 2648 gloriosum
3178 2579 3298 2648 ejus
3329 2581 3536 2638 adven—

1958 2676 2097 2731 tum,
2149 2669 2537 2724 demonstrans
2585 2682 2696 2737 quo
2744 2679 2989 2736 tempore
3035 2669 3215 2724 Patris
3249 2672 3448 2738 gloria,
3482 2683 3536 2727 et

1958 2763 2168 2834 angelis
2207 2763 2330 2831 ejus
2381 2764 2700 2826 comitatus,
2752 2763 2905 2818 vivos
2951 2773 3003 2818 et
3051 2775 3294 2820 mortuos
3320 2766 3533 2834 judica-

1958 2864 2072 2907 tutn
2122 2862 2373 2908 venturus
2396 2855 2466 2907 sit
2513 2854 2578 2907 ”.
2611 2852 2766 2919 Quod
2796 2861 2980 2908 autem
3020 2854 3158 2907 sicut
3183 2856 3321 2924 ignis
3372 2855 3540 2911 liabe-

1959 2959 2120 3006 mus,
2153 2945 2210 2998 in
2239 2945 2358 3014 igne
2412 2946 2594 3000 caeteri
2653 2945 2914 2999 dixerunt
2973 2945 3323 3015 interpretes.
3376 2947 3538 3020 759

1960 3032 2232 3088 Curruum
2278 3036 2476 3090 deinde
2503 3036 2744 3099 nomine,
2798 3035 3047 3105 angelos,
3081 3046 3156 3103 et,
3203 3053 3326 3108 qua:
3357 3038 3536 3108 ipsum

278 3126 515 3196 χιλιάδες
547 3123 940 3192 εὐθηνούντων.
981 3141 999 3174 ι
1045 3124 1137 3189 Ὠς
1176 3123 1443 3192 καταιγίς
1474 3123 1533 3176 δὲ
1574 3122 1700 3187 ἣξει
1729 3122 1852 3188 τοῖς
1883 3141 1928 3204 C

1883 3141 1928 3204 ρ
1960 3125 2230 3190 ambiunt,
2290 3135 2606 3207 potestates.
2651 3125 2963 3181 intellexit:
3026 3126 3190 3196 quale
3240 3127 3376 3185 illud
3432 3138 3538 3192 est,

282 3215 556 3284 τιμωρίας
585 3214 774 3280 ἀξίοις.
823 3216 882 3266 '0
909 3213 963 3266 δὲ
995 3214 1525 3282 ἀποσκορακισμὸς
1569 3214 1719 3282 δηλοῖ
1764 3212 1860 3283 τὴν

276 3305 484 3357 τούτων
508 3303 803 3374 ἀποόολὴν,
839 3306 1106 3374 ἐροῦντος·
1136 3322 1153 3354 ι
1177 3304 1481 3373 Πορεύεσθε
1523 3307 1617 3358 ἀπ’
1640 3305 1774 3374 ἐμοῦ
1807 3306 1858 3358 οἱ

279 3394 653 3464 κατηραμένοι
674 3396 752 3456 είς
774 3393 834 3446 τὸ
847 3394 955 3463 πῦρ
976 3392 1036 3445 τὸ
1058 3392 1294 3446 αἰώνιονο
1322 3412 1340 3444 ι
1364 3394 1462 3460 ἡδὲ
1468 3396 1734 3462 ῥομφαία
1756 3395 1856 3464 τὴν

277 3486 555 3556 τιμωρίαν
586 3485 862 3557 σημαίνει,
901 3485 1147 3555 συνήθως
1194 3485 1309 3554 ἃμα
1335 3486 1429 3537 καὶ
1479 3486 1723 3556 φοϐερῶς
1748 3489 1860 3549 τοῖς

277 3576 672 3646 ἀκροωμένοις.
690 3575 942 3637 Τοιοῦτον
971 3576 1031 3629 τὸ
1054 3577 1429 3630 ἀποστολικόν·
1451 3596 1468 3629 ι
1492 3577 1650 3631 Κατά
1677 3578 1734 3631 δὲ
1759 3578 1858 3646 τὴν

280 3668 630 3740 σκληρότητά
665 3684 759 3720 σου
791 3668 883 3719 καὶ
907 3667 1318 3736 ἀμεταμέλητον
1343 3669 1566 3738 καρδίαν
1595 3668 1857 3740 θησαυρί-

278 3759 395 3822 ζεις
415 3757 625 3826 σεαυτῷ
646 3758 834 3827 ὀργὴν,
858 3777 876 3808 ι
912 3758 1005 3811 καὶ
1026 3757 1098 3810 τά
1124 3759 1217 3810 ἐπὶ
1247 3757 1480 3821 τούτοις.
1497 3759 1777 3831 Ἐπιφέρει
1798 3760 1856 3814 δὲ

275 3853 422 3904 τίσιν
459 3849 790 3919 ἡτοίμασται
843 3847 1041 3918 μᾶλλον
1095 3849 1160 3901 τὸ
1201 3848 1342 3916 πῦρ,
1396 3851 1490 3903 καὶ⁵
1530 3852 1579 3902 εἰ
1622 3851 1721 3920 μὲν
1754 3852 1858 3921 πρὸ

277 3945 383 4009 τῆς
431 3940 766 4010 ἐπιδημίας,
823 3943 933 4002 τοῖς
988 3940 1240 4009 μὴκατὰ
1289 3941 1451 4010 νόμον
1482 3942 1856 4011 ἀγνιζομένοις

279 4032 420 4098 φησι
455 4030 635 4100 σποδῷ
689 4048 749 4084 τε
811 4031 1118 4099 δαμάλεως,
1149 4032 1245 4085 καὶ
1287 4031 1520 4097 θυσίαις,
1556 4034 1604 4085 sl
1631 4033 1685 4086 δὲ
1722 4033 1858 4102 μετά

277 4119 509 4188 ταύτην,
565 4122 679 4182 τοῖς
736 4120 857 4171 ἀντὶ
913 4119 1006 4173 τοῦ
1063 4120 1207 4172 θείου
1259 4121 1663 4190 βαπτίσματος,
1705 4121 1858 4176 ὕδατι

280 4209 447 4278 κήπο
479 4210 653 4280 omne
684 4222 730 4275 ³,
770 4211 921 4278 ἦκαὶ
976 4213 1373 4282 μεμαγευμένῳ
1422 4212 1854 4282 καθαιρομένοις,

280 4304 343 4353 ὲν
375 4301 602 4371 δρυμοῖς
641 4318 701 4354 τε
745 4303 840 4354 καὶ
873 4303 1096 4356 ἄλσεσιν
1143 4303 1270 4355 ἔνθα
1315 4305 1408 4355 καὶ
1458 4305 1555 4365 τὰς
1605 4304 1858 4371 λατρείας

281 4393 648 4463 προσέφερον.
679 4393 1100 4462 Περιηγνίζοντο
1138 4393 1245 4463 γὰρ
1278 4395 1422 4460 πυρί
1444 4412 1500 4446 τε
1532 4394 1626 4447 καί
1664 4395 1855 4459 ὕδατι,

1959 3216 2105 3283 quod
2132 3216 2276 3286 apud
2309 3216 2547 3273 Psaltem
2591 3217 2645 3270 in
2681 3217 2796 3272 haec
2835 3217 3000 3272 verba
3036 3217 3273 3288 legimus
3303 3237 3316 3272 :
3353 3237 3371 3271 ι
3400 3220 3539 3275 Cur-

1958 3321 2055 3361 rus
2089 3305 2183 3362 Dei
2216 3308 2406 3362 decem
2442 3307 2688 3362 millibus
2741 3307 3052 3378 multiplex,
3107 3309 3280 3364 millia
3333 3311 3540 3366 exube-

1958 3395 2199 3450 rantium
2235 3396 2302 3449 ".
2343 3413 2362 3446 ι
2429 3395 2722 3451 Venturum
2783 3405 3070 3467 praetcrea,
3127 3400 3282 3468 quasi
3345 3409 3542 3468 tempe-

1958 3497 2173 3556 statem,
2199 3489 2424 3558 adjicit;
2463 3497 2521 3544 ut
2551 3506 2669 3552 eos,
2700 3491 2795 3560 qui
2828 3490 2982 3559 digni
3028 3499 3180 3556 sunt,
3221 3491 3537 3546 ulciscatur.

1957 3578 2114 3646 Quod
2151 3594 2370 3634 rursum
2413 3580 2786 3646 increpationis
2820 3577 2988 3634 verbo
3029 3594 3165 3635 usus
3191 3589 3309 3643 est.
3349 3595 3540 3634 eorum

1960 3682 1989 3720 a
2033 3683 2092 3723 se
2122 3669 2474 3737 rejectionem
2527 3669 2882 3740 significavit,
2920 3667 3012 3738 qui
3056 3682 3087 3721 a
3126 3683 3186 3724 se
3234 3683 3332 3724 eos
3362 3667 3542 3724 disce-

1959 3757 2210 3827 dere,qui
2238 3757 2577 3826 sempiterno
2606 3757 2716 3827 igni
2741 3756 2927 3812 devoti
2958 3766 3146 3810 essent
3171 3757 3212 3789 ⁷¹
3240 3796 3254 3820 ,
3279 3757 3540 3825 jussurus

1959 3847 2159 3904 fuerat.
2197 3848 2482 3919 Signiﬁcat
2513 3863 2676 3918 porro
2706 3849 2969 3904 ultionem
3003 3848 3218 3918 gladius
3241 3885 3256 3911 ,
3299 3849 3393 3918 qui
3423 3863 3541 3904 mos

1960 3939 2124 3993 simul
2153 3947 2205 3992 ct
2247 3939 2479 3993 usitatus
2515 3948 2620 4003 est,
2655 3946 2710 3993 et
2739 3946 2947 3994 metum
2994 3936 3347 3992 audientibus
3383 3937 3540 3991 incu-

1960 4031 2043 4094 tit,
2084 4027 2244 4098 quale
2289 4036 2374 4083 est
2428 4027 2572 4098 apud
2593 4028 2920 4097 Apostolum
2953 4028 3083 4082 illud
3121 4044 3134 4079 :
3169 4046 3187 4079 ι
3226 4025 3538 4082 Secundum

1960 4128 2141 4176 autem
2179 4120 2436 4174 duritiem
2465 4128 2612 4174 tuam
2647 4129 2701 4173 et
2744 4119 3096 4189 impmnitens
3135 4133 3234 4173 cor
3257 4157 3271 4181 ,
3311 4119 3536 4173 thesau-

1960 4214 2104 4267 rizas
2124 4212 2219 4265 tibi
2245 4211 2381 4265 iram
2399 4211 2465 4275 ",
2487 4230 2506 4262 ι
2537 4218 2592 4266 ει
2623 4225 2745 4280 qua
2766 4211 3044 4280 deinceps.
3079 4210 3281 4278 Adjicit
3312 4224 3531 4265 rursum

1961 4302 2164 4372 quibus
2207 4300 2478 4370 praecipue
2508 4302 2580 4355 sit
2609 4302 2745 4371 ignis
2793 4303 2895 4358 iste
2932 4309 3292 4372 praeparatus.
3326 4300 3459 4367 Quae
3484 4302 3528 4356 si

1963 4394 2028 4447 ad
2067 4403 2333 4462 tempora,
2380 4407 2501 4461 qua
2543 4394 2834 4448 adventum
2887 4402 3307 4464 praecesserunt,
3340 4392 3539 4447 retule-

281 4481 461 4551 ψυχῆς
496 4481 805 4552 μολυσμοὺς
843 4482 933 4535 διά
953 4483 1156 4536 τούτων
1186 4483 1469 4536 ἐκπλύνειν
1496 4485 1751 4555 οἰόμενοι,
1776 4484 1868 4548 οὓς
1903 4473 1944 4527 ι)

1862 4502 1868 4544 :
1903 4473 1944 4527 ι)
1973 4484 2089 4548 ris;
2121 4485 2188 4538 de
2223 4483 2331 4547 bis,
2367 4484 2461 4552 qui
2509 4484 2734 4538 minime
2794 4483 3095 4539 secundum
3149 4483 3321 4553 legem
3356 4483 3539 4537 vitula:

279 4569 344 4634 ἐξ
376 4568 671 4637 ἀσελγείας
697 4571 796 4623 καὶ
824 4572 999 4640 φόνων
1034 4572 1464 4643 ὲναπεμάξαντο.

1967 4575 2174 4638 cinere,
2211 4582 2266 4627 et
2299 4573 2588 4629 sacriﬁciis
2616 4575 2890 4644 puriﬁcati
2923 4575 3149 4641 iuerint,
3182 4575 3535 4630 intellexerit.

280 4659 382 4714 Sin
430 4671 633 4727 autem,
666 4664 732 4718 ad
762 4680 847 4728 ea,
878 4680 999 4733 qua:
1028 4667 1278 4720 eumdem
1312 4677 1498 4720 secuta
1537 4677 1684 4732 sunt,
1728 4669 1961 4738 respicis
1984 4708 1999 4735 ,
2027 4683 2121 4724 eos
2160 4668 2310 4738 ipsos
2341 4668 2540 4731 innuit.
2610 4669 2699 4737 qui
2765 4683 2864 4738 pro
2930 4668 3117 4723 divino
3183 4669 3535 4738 baptismate,

279 4769 434 4808 mer-2
463 4754 699 4808 hortensi
730 4770 897 4824 aqua,
933 4763 1026 4808 aut
1066 4756 1229 4810 etiam
1264 4757 1492 4826 magica,
1538 4758 1592 4810 in
1627 4757 1854 4814 saltibus
1892 4766 1946 4813 et
1973 4758 2062 4812 ubi
2091 4756 2266 4812 sacris
2294 4757 2681 4825 operabantur,
2713 4757 3108 4812 lustrabantur.
3182 4755 3311 4827 Igne
3369 4757 3543 4826 siqui-
3616 4819 3620 4822 ,

281 4846 408 4902 dem
441 4854 492 4900 et
521 4862 661 4914 aqua
695 4845 1092 4911 lustrabantur,
1135 4845 1208 4900 ita
1280 4847 1470 4903 sordes
1513 4850 1729 4914 animae,
1800 4865 1938 4921 quas
1976 4849 2124 4904 caede
2183 4856 2236 4902 et
2273 4848 2497 4904 libidine
2551 4857 2961 4914 contraxerant,
3006 4851 3191 4906 eluere
3238 4865 3298 4904 se
3345 4850 3538 4905 existi-

277 4945 518 4990 mantes.

368 5027 515 5081 Ἀντὶ
543 5025 597 5077 δὲ
626 5024 720 5078 τοῦ
747 5041 758 5053 ·
791 5025 901 5079 Kal
939 5027 1009 5080 ἐν
1045 5027 1169 5093 τοῖς
1207 5031 1522 5098 προθύροις
1554 5031 1801 5096 ἐσοντες
1840 5032 1857 5066 ί
2041 5028 2045 5037 “

2041 5028 2237 5083 Verum
2291 5044 2400 5097 quo
2441 5028 2594 5093 loco,
2668 5027 2737 5083 Et
2788 5030 2839 5082 in
2896 5029 3163 5083 liminibus
3213 5030 3535 5086 comedentes

279 5120 465 5189 κρέας
493 5119 681 5183 ὕειον,
714 5118 742 5169 ὁ
771 5118 1068 5189 Σύμμαχος
1095 5137 1259 5189 φησιν
1283 5140 1296 5152 θ
1332 5122 1554 5176 Ὀπίσω
1575 5121 1866 5188 ἀλλήλων

1851 5141 1866 5157 ·
1966 5136 2177 5172 carnem
2199 5121 2495 5187 porcinam,
2528 5121 2813 5184 habemus,
2841 5121 2914 5173 ita
2946 5122 3109 5175 vertit
3134 5121 3528 5192 Symmachus:

275 5212 542 5281 ἐνμέσῳ
567 5211 897 5264 ἐσθιόντων
915 5211 980 5263 τὸ
1003 5210 1180 5278 κρέας
1212 5213 1277 5265 τὸ
1317 5214 1594 5282 χοίρειον,
1630 5213 1728 5266 οὐκ
1766 5215 1865 5266 αὺ-

1858 5242 1865 5253 -
1966 5209 2127 5263 Retro
2154 5227 2209 5265 se
2250 5221 2433 5265 mutuo
2486 5213 2540 5264 in
2573 5213 2743 5267 medio
2793 5212 3121 5267 comedentcs
3170 5229 3354 5268 carnes
3405 5220 3535 5271 suil-

277 5305 410 5365 τοὺς
441 5303 617 5369 λέγων
649 5302 901 5364 ἐσθίειν,
935 5303 1137 5370 μεταξὺ
1168 5304 1223 5356 δὲ
1261 5305 1360 5373 ζῇν
1405 5305 1512 5358 τῶν
1562 5304 1756 5368 ἐθνῶν,
1785 5304 1868 5356 διὸ

1854 5313 1868 5356 5
1969 5302 2050 5354 las
2083 5319 2098 5354 :
2129 5317 2236 5356 non
2275 5309 2334 5356 ut
2370 5317 2466 5358 eos
2506 5304 2770 5358 comedere
2803 5304 3095 5376 signiﬁcet,
3127 5308 3218 5361 sed
3243 5307 3386 5360 inter
3406 5323 3531 5376 gen-

279 5391 383 5443 σὺν
409 5390 594 5453 αὐτοῖς
618 5388 966 5455 ἀπολοῦνται,
1001 5390 1094 5444 τοῦ
1143 5391 1278 5444 Θεοῦ
1322 5393 1397 5464 μὴ
1445 5394 1604 5463 μόνον
1638 5394 1866 5464 πράξεις

1856 5412 1866 5456 ;
1969 5403 2052 5448 tes
2087 5395 2287 5458 vivere,
2322 5395 2553 5466 ideoque
2589 5412 2714 5451 cum
2769 5397 2877 5452 illis
2906 5411 3031 5453 esse
3065 5397 3378 5466 perituros;
3412 5413 3533 5452 cum

356 5494 675 5576 “_ll|Esdr.
712 5513 762 5560 ν,
803 5494 824 5550 Ι
863 5513 1018 5567 seqq.
1115 5499 1158 5531 “
1187 5498 1378 5555 Matth.
1409 5518 1532 5570 xxv,
1584 5503 1644 5556 51
1689 5518 1847 5572 seqq.
1923 5502 2136 5558 "Psal.
2165 5520 2310 5559 van
2342 5545 2354 5569 ,
2413 5506 2500 5561 i8.
2607 5510 2647 5539 '“
2684 5506 2874 5565 Mattb.
2937 5526 3061 5573 xxv,
3103 5509 3188 5563 41.
3303 5511 3348 5542 ⁷³
3374 5514 3532 5568 llum.

280 5583 320 5621 Η
356 5498 491 5617 535'"
517 5498 675 5550 Esdr.
712 5513 762 5560 γ’
803 5498 824 5550 1
863 5513 1018 5567 seqq.
1115 5499 1158 5531 ⁸³
1187 5498 1378 5555 Matth.
1409 5518 1532 5570 xxv,
1584 5503 1644 5556 51
1689 5518 1847 5572 seqq.

1593 5661 1821 5718 VARUS
1862 5662 2262 5719 LECTIONES.

363 5767 390 5804 s
419 5768 509 5819 τρ.
541 5751 720 5819 κήπου
763 5750 924 5818 ψιὶώ.
1012 5751 1024 5784 ι
1061 5747 1329 5812 ἔσθοντες.
