4248 6428
714 358 849 425 2711

2036 368 2380 427 PROCOPII
2421 366 2658 426 GAZ.‘EI

3816 368 3964 434 2719

713 490 820 528 non
852 475 1103 543 corporis
1129 481 1367 539 tantum,
1430 476 1521 529 scd
1582 478 1780 531 mentis
1829 480 1989 532 etiam
2040 482 2340 539 actiones;

2388 479 2645 547 ὁρῶντος,
2678 476 2813 531 ἀλλά
2873 480 2965 529 καὶ
3025 478 3340 548 λογισμούς.
3402 499 3417 529 t
3465 478 3677 531 Ὀποῖόν
3706 479 3823 531 ἐστι
3872 482 3959 539 τὸ.

710 565 857 621 Deus
888 566 1182 620 intueatur.
1207 564 1383 635 Cujus
1412 569 1628 635 generis
1657 578 1742 623 est
1784 571 1950 635 ,illud,
1987 572 2075 625 ubi
2119 591 2137 622 ι
2175 574 2283 625 lm-

716 656 1023 725 pericctum
1061 671 1239 711 meum
1273 656 1531 712 viderunt
1569 661 1710 713 oculi
1748 666 1826 714 tui
1859 661 1938 725 ⁷³,
1982 681 2000 714 ›
2034 662 2280 732 legimus.

710 747 830 801 Non
863 749 1062 803 desunt
1083 762 1235 813 vero,
1272 749 1366 819 qui
1415 750 1832 807 abominationes
1872 768 1984 807 non
2011 753 2079 807 ad
2109 756 2282 816 cibos,

711 838 804 892 sed
837 839 903 892 ad
938 839 1080 893 idola
1107 842 1450 905 retulerunt;
1491 842 1632 908 quod
1670 843 1744 895 illi
1786 858 1852 897 eo
1884 860 2076 914 usque,
2112 847 2283 909 aiunt,

710 932 984 999 progressi
1034 940 1246 998 essent,
1297 944 1354 988 ut
1401 950 1603 989 murem
1652 934 1910 999 fortasse,
1946 952 2105 1005 quem
2137 938 2285 990 cole-

711 1029 852 1085 rent,
881 1022 933 1075 in
975 1023 1218 1078 delubris
1252 1024 1537 1081 haberent.
1584 1025 1724 1080 Sunt
1761 1039 1940 1082 tamen
1970 1029 2161 1097 aliqui,
2193 1029 2283 1098 qui

709 1129 887 1168 mures
913 1124 1203 1170 terrestres
1249 1118 1415 1171 etiam
1450 1133 1598 1172 nunc
1631 1120 1926 1175 comedunt.
1972 1118 2073 1174 Ubi
2125 1137 2286 1190 porro

709 1216 1145 1276 congregatarum
1175 1224 1229 1261 se
1255 1209 1492 1278 linguam
1519 1227 1723 1265 onmem
1759 1212 1895 1264 dixit
1922 1228 1937 1273 ;
1967 1214 2129 1265 etiam
2174 1213 2287 1282 glo-

708 1300 843 1351 riam
876 1313 1032 1351 suam
1066 1300 1270 1353 visuros
1301 1316 1433 1363 esse,
1471 1316 1725 1370 superque
1756 1318 1841 1354 eos
1869 1303 2073 1371 signum
2106 1319 2161 1355 se
2200 1319 2284 1354 re-

710 1392 999 1453 licturum;
1032 1399 1085 1443 et
1114 1404 1179 1443 ex
1218 1391 1310 1453 iis,
1340 1393 1428 1459 qui
1452 1391 1615 1461 760
1634 1391 1829 1444 saluati
1853 1391 2068 1460 fuerint,
2094 1408 2205 1445 esse
2235 1410 2289 1444 se

708 1480 998 1533 missurum
1043 1480 1261 1547 adjecit.
1300 1480 1457 1545 Quod
1503 1481 1745 1550 apertius
1776 1482 1830 1534 in
1865 1480 2171 1549 Evangeliis
2204 1482 2288 1534 in-

708 1571 847 1638 quit,
881 1570 971 1622 ubi
1012 1570 1131 1622 ait:
1177 1588 1194 1619 ι
1237 1571 1373 1624 Cum
1426 1580 1607 1625 autem
1649 1572 1858 1627 venerit
1903 1571 2075 1624 Filius
2112 1571 2286 1623 homi-

709 1660 797 1714 nis
830 1660 884 1713 in
916 1660 1088 1731 gloria
1128 1659 1310 1714 Patris
1349 1662 1459 1726 sui,
1511 1671 1564 1715 et
1590 1677 1781 1716 omnes
1815 1661 1990 1730 angeli
2046 1676 2169 1715 cum
2200 1676 2285 1723 eo,

708 1763 841 1805 tunc
871 1750 1083 1805 sedebit
1112 1766 1281 1819 super
1311 1750 1494 1805 sedem
1537 1752 1842 1820 maiestatis
1888 1767 2034 1814 sine;
2073 1759 2125 1805 et
2154 1766 2289 1804 con-

2402 570 2832 640 Ἀκατέργαστόν
2866 587 2965 639 μου
3006 569 3219 621 είδοσαν
3250 571 3300 622 oi
3322 569 3590 640 ὀφθαλμοί
3641 587 3754 621 σου.
3793 588 3814 620 ι
3858 570 3958 621 Τι-

2498 662 2554 713 δὲ
2584 662 2654 714 τὰ
2670 662 3076 730 βδελύτματα,
3117 663 3217 714 οὐκ
3245 661 3338 714 ἐπὶ
3360 661 3690 731 βρωμάτων,
3726 661 3841 712 ἀλλ’
3870 660 3964 712 ἐπ’

2388 752 2620 805 εἰδώλων
2645 753 2915 816 ἐδέξαντο,
2938 753 3013 815 ὼς
3036 753 3131 806 καὶ
3157 753 3284 819 μῦν
3312 768 3495 820 φασιν,
3529 754 3658 814 ἴσως
3687 753 3745 803 ἐν
3770 753 3962 821 σηκοῖς

2387 847 2530 915 ἔχειν
2562 845 2874 916 σεϐόμενον.
2911 846 3059 915 Πλὴν
3088 845 3215 906 τοὺς
3243 844 3574 913 ἀρουραίους
3601 844 3744 905 τινὲς
3787 842 3963 894 εἰσέτι

2386 932 2480 985 νῦν
2522 924 2811 987 ’ἐσθίουσι
2844 934 2983 1002 μῦς.
3031 931 3325 996 Συνὰξειν
3371 932 3429 984 δὲ
3490 929 3699 984 πᾶσαν
3755 929 3961 999 γλῶσ-

2387 1039 2508 1076 σαν
2538 1026 2730 1089 εἰπὼν,
2762 1025 3074 1091 Ὄψονται,
3106 1024 3258 1090 φησὶ,
3300 1021 3399 1091 τὴν
3447 1020 3638 1084 δόξαν
3680 1038 3817 1090 μου,
3861 1020 3964 1073 καὶ

2387 1115 2727 1181 καταλείψω
2755 1115 2849 1166 ἐπ’
2880 1112 3078 1166 αὐτῶν
3113 1112 3388 1180 σημεῖον,
3427 1112 3525 1163 καί
3573 1109 3968 1175 ἐξαποστελῶ

2387 1205 2454 1267 ἐξ
2484 1204 2681 1258 αὐτῶν
2706 1204 3158 1273 σεσωσμένους.
3191 1205 3255 1256 Ὃ
3282 1203 3613 1272 σαψὲστερον
3632 1204 3687 1254 ὲν
3718 1202 3969 1268 Euan:-

2388 1297 2519 1359 λίοις
2545 1296 2741 1366 φησίν
2778 1313 2797 1346 ι
2829 1295 2948 1347 ’οτ’
2982 1294 3046 1347 ἂν
3074 1295 3129 1347 δὲ
3160 1292 3288 1362 ἔλθῃ
3320 1296 3347 1345 ό
3379 1292 3504 1354 Υἰὺς
3552 1291 3648 1344 τοῦ
3669 1291 3965 1363 ἀνθρώπου

2389 1390 2447 1440 ἐν
2471 1390 2537 1457 τῇ
2560 1387 2687 1457 δόξῃ
2712 1386 2808 1439 τοῦ
2834 1387 3074 1456 Πατέρος
3104 1385 3289 1448 αὐτοῦ,
3326 1386 3419 1437 καὶ
3447 1386 3648 1446 πάντες
3671 1386 3717 1435 οἰ
3740 1386 3967 1451 ἄγγελοι

2392 1478 2508 1547 μετ’
2527 1477 2713 1541 αὐτοῦ,
2732 1479 2825 1529 καὶ
2844 1475 3128 1539 συνάξουσι
3145 1475 3317 1528 πάντα
3341 1475 3408 1527 τὰ
3435 1475 3581 1543 ἔθνη,
3614 1492 3632 1524 ι
3665 1476 3757 1525 καὶ
3782 1476 3851 1525 τὰ
3871 1475 3967 1525 ἐπὶ

2386 1568 2580 1636 τούτῳ.
2623 1567 2709 1629 Ὦς
2737 1568 2803 1621 ἂν
2834 1568 2889 1620 δὲ
2922 1567 3069 1637 δείξῃ
3094 1566 3206 1618 τῶν
3237 1566 3470 1618 ἐθνικῶν
3499 1567 3625 1626 τοὺς
3650 1564 3769 1617 κατ’
3802 1564 3968 1629 ἀξίαν

2388 1660 2875 1727 σωθησομένους,
2910 1661 3004 1711 ἐπὶ⁵
3025 1659 3123 1729 τὴν
3157 1659 3381 1728 πρώτην
3415 1657 3723 1728 ἀνέδραμεν
3756 1673 3971 1725 παρου-

2392 1752 2511 1804 σίαν
2534 1767 2548 1781 ο
2586 1752 2711 1818 περὶ
2738 1745 2806 1820 ἦς
2829 1750 2923 1802 καὶ
2945 1751 3027 1815 τὸ,
3054 1749 3303 1812 συνάξω
3348 1750 3454 1814 τὰς
3483 1750 3785 1817 γλώσσας,
3817 1747 3971 1810 τινὲς

710 1842 1086 1912 gregabuntur
1117 1852 1243 1895 ante
1265 1857 1390 1895 eum
1443 1857 1635 1897 omnes
1663 1851 1853 1913 gentes
1901 1842 1948 1873 ’⁸⁸
1970 1882 1984 1903 ,
2022 1862 2040 1895 ι
2081 1851 2132 1896 ct
2166 1858 2287 1912 quae
2320 1851 2340 1906 ι

2388 1841 2735 1909 ὲξειλήφασιν
2763 1839 3241 1908 ἀνακεφαλαίωσιν
3273 1835 3413 1893 εἶναι
3460 1841 3557 1910 τῆς
3584 1839 3713 1909 ὅλης
3744 1854 3972 1908 προφηο

707 1942 921 2004 postea.
962 1930 1031 1985 Ut
1070 1939 1251 1983 autem
1282 1930 1617 1997 ostenderet,
1650 1934 1743 2002 qui
1776 1932 1843 1986 de
1877 1932 2131 2002 gentibus
2187 1949 2287 1996 pro

707 2022 908 2077 merito
949 2019 1193 2074 salvandi
1243 2028 1418 2084 erant,
1456 2020 1523 2073 ad
1583 2020 1821 2089 primum
1862 2020 2153 2073 adventum
2203 2036 2288 2074 re-

712 2128 904 2167 versus
939 2120 1071 2164 est:
1107 2110 1173 2163 ad
1204 2126 1365 2179 quem
1419 2120 1472 2165 et
1524 2111 1638 2175 illa,
1702 2111 1905 2181 quibus
1962 2110 2173 2180 linguas
2231 2128 2288 2165 se

708 2210 1150 2272 congregatarum
1174 2201 1334 2266 dixit,
1368 2200 1672 2256 referentes
1703 2201 1973 2265 nonnulli,
2012 2202 2283 2271 recapitu-

708 2294 969 2347 lationem
1002 2292 1172 2346 totius
1205 2306 1325 2347 esse
1373 2292 1668 2361 prophetiae
1725 2291 2099 2357 arbitrantur;
2158 2305 2282 2345 cum

2386 1931 2556 1993 τείας,
2575 1930 2643 1983 τά
2669 1929 2919 1983 ἐντεῦθεν
2951 1932 3198 1993 εἰπόντες
3234 1932 3332 2001 τῆς
3365 1931 3502 1999 μετά
3531 1930 3734 1999 σαρκὸς
3758 1931 3977 1980 οἰκονο-

2389 2023 2515 2092 μίας
2539 2023 2637 2093 τὴν
2661 2023 2893 2092 δύναμιν
2943 2024 3036 2074 ἀπ’
3083 2023 3277 2093 ἀρχῆς,
3330 2024 3490 2091 μέχρι
3540 2021 3746 2084 τέλους,
3779 2018 3857 2080 ὡς
3904 2019 3972 2069 ὲν

2386 2113 2577 2182 βραχεῐ
2608 2112 2954 2183 περιέχοντα,
2971 2113 3235 2181 δηλοῦντα
3261 2112 3378 2166 τῶν
3401 2111 3592 2165 ἐθνῶν
3616 2112 3716 2181 τὴν
3745 2110 3969 2180 κλῆσιν.

2382 2204 2457 2266 ὡς
2490 2212 2518 2240 α
2550 2205 2792 2267 καὶτοὺς
2814 2205 3145 2266 ἀποστόλους
3172 2216 3199 2243 ν
3227 2205 3509 2269 ἀναδείξας
3555 2204 3707 2275 παρὰ
3761 2204 3972 2264 παντὸς

2384 2295 2600 2362 ἔθνους
2631 2298 3226 2364 προσκυνηθήσεται.

708 2387 884 2449 aiunt,
924 2400 1047 2455 qua:
1078 2383 1335 2453 deinceps
1358 2384 1786 2454 dispensationis
1820 2384 1874 2437 in
1905 2400 2070 2439 carne
2096 2385 2353 2440 virtutem
2396 2389 2465 2441 ab
2492 2388 2649 2442 initio
2678 2388 2745 2441 ad
2816 2388 2998 2452 tinem,
3071 2389 3235 2441 veluti
3302 2387 3651 2456 compendio,
3718 2385 3970 2454 comple-

708 2490 960 2548 ctuntur,
1015 2482 1246 2552 gentium
1304 2483 1645 2537 vocationem
1705 2482 2061 2551 signiﬁcare;
2127 2491 2293 2551 utque
2328 2482 2629 2555 designatis
2666 2483 2918 2538 Christus
2947 2484 3211 2553 apostolis
3251 2484 3320 2536 ab
3351 2481 3499 2536 omni
3556 2492 3708 2551 gente
3760 2481 3973 2535 adora-

711 2575 878 2628 bitur.

781 2666 977 2736 Legem
1028 2665 1173 2720 enim
1221 2675 1484 2730 veterem,
1536 2674 1740 2734 gentem
1773 2680 1959 2730 unam,
2010 2680 2284 2734 unamque

710 2761 951 2829 linguam
988 2773 1356 2826 congregasse,
1391 2756 1673 2811 Christum
1708 2765 1889 2810 autem
1926 2765 2117 2827 gentes
2162 2758 2285 2811 uni-

708 2866 921 2913 versas,
949 2860 1002 2904 et
1027 2863 1142 2914 eos,
1174 2850 1265 2918 qui
1311 2849 1378 2904 de
1408 2850 1611 2905 lsraele
1642 2849 1837 2903 saluati
1866 2859 2009 2914 sunt,
2036 2864 2160 2904 cum
2188 2863 2285 2903 au-

706 2940 829 2995 dire
856 2940 960 2994 ista
1013 2949 1204 3007 gentes
1254 2953 1448 2993 omnes
1508 2939 1802 3009 praecipit:
1859 2939 2062 3007 quibus
2119 2938 2283 2992 etiam

706 3029 934 3100 gloriam
974 3028 1143 3094 ipsius
1174 3028 1346 3081 videre
1377 3027 1630 3096 contigit,
1666 3041 1790 3080 cum
1827 3026 2008 3080 divina
2039 3024 2285 3095 Evange-

708 3123 767 3177 lii
799 3120 1237 3192 promulgatione
1260 3119 1524 3190 aequalem
1560 3133 1681 3174 esse
1708 3117 1877 3182 Patri,
1906 3118 2287 3186 mirabiliaque

710 3228 876 3283 opera
909 3211 1091 3276 edere,
1130 3220 1185 3265 et
1218 3219 1467 3265 mortuos
1498 3211 1552 3264 in
1611 3210 1778 3263 vitam
1829 3224 2089 3264 revocare
2138 3208 2281 3263 didi-

711 3305 952 3367 cissent;
979 3316 1087 3356 non
1134 3299 1447 3355 Judteorum
1484 3314 1637 3354 more
1663 3309 1971 3369 quaerentes
2001 3313 2123 3363 cur,
2156 3313 2281 3351 cum

2473 2666 2532 2718 '(l
2566 2667 2666 2735 μὲν
2718 2668 2826 2735 γὰρ
2886 2665 3119 2728 παλαιὸς
3160 2664 3325 2734 νόμος
3362 2665 3419 2717 ἓν
3456 2664 3651 2729 ἔθνος.
3705 2664 3801 2717 καὶ
3832 2664 3973 2733 μίαν

2391 2758 2680 2826 γλῶσσαν
2700 2759 3074 2826 σιησήγαγεν.
3117 2758 3175 2812 Ὀ
3211 2757 3267 2809 δὲ
3317 2756 3548 2826 Χριστὸς
3586 2756 3762 2808 πάντα
3824 2756 3972 2826 μετὰ

2390 2848 2498 2901 τῶν
2515 2848 2826 2901 σωθέντων
2847 2848 2907 2911 ἐξ
2945 2845 3161 2917 Ἰσραὴλ
3185 2846 3359 2913 λέγων
3436 2844 3728 2898 Ἀκούσατε
3754 2843 3975 2896 ταῦττα

2391 2939 2567 2993 πάντα
2589 2939 2659 2993 τά
2680 2938 2829 3008 ἔθνη.
2852 2938 2915 2992 Οἳ
2945 2939 3040 2990 καὶ
3065 2937 3371 2992 τεθέανται
3398 2937 3513 3004 τὴν
3540 2936 3728 2999 δόξαν
3748 2935 3973 2999 αὑτοῦ,

2396 3030 2656 3099 μαθόντες
2680 3030 2767 3083 διὰ
2792 3029 2888 3084 τοῦ
2915 3030 3061 3082 θείου
3100 3028 3478 3100 κηρύγματος,
3504 3030 3580 3091 ὼς
3603 3029 3715 3090 Eoo;
3743 3029 3863 3081 ἐστὶ
3885 3029 3978 3098 τῷ

2394 3122 2618 3192 Πατέρι,
2654 3122 3059 3191 θαυματουργεῖ
3075 3137 3135 3173 τε
3175 3121 3337 3191 μέχρι
3376 3122 3470 3174 καὶ
3496 3120 3705 3191 νεκρῶν
3727 3122 3979 3174 ἀναστά-

2395 3229 2550 3274 σεως,
2587 3212 2680 3265 καὶ
2715 3213 2791 3283 μὴ
2814 3212 2953 3264 κατὰ
2976 3213 3104 3272 τοὺς
3132 3212 3421 3274 Ἰουδαίους
3442 3211 3687 3273 εἰπόντες
3711 3226 3725 3239 '
3763 3228 3787 3261 ι
3811 3213 3978 3264 Διατέ

2397 3302 2461 3353 σὺ
2488 3301 2776 3372 ἄνθρωπος
2793 3302 2890 3366 ῶν,
2916 3304 3091 3364 ποιεῖς
3108 3302 3334 3355 σεαυτὸν
3346 3302 3511 3365 Θεὸν;
3540 3320 3556 3350 ι
3588 3300 3896 3369 συμφώνως
3912 3301 3979 3353 δὲ

708 3395 878 3448 homo
907 3399 1074 3459 esset,
1107 3392 1279 3446 Deum
1313 3406 1372 3446 se
1399 3391 1747 3461 proﬁteretur
1775 3393 1822 3423 ⁷⁵
1853 3409 1866 3444 :
1897 3391 1990 3447 sed
2021 3407 2133 3445 uno
2152 3406 2284 3447 cono
2310 3389 2340 3445 C

2388 3392 2656 3460 λέγοντεςο
2676 3412 2695 3444 ι
2720 3394 2792 3445 Σὺ
2810 3390 2899 3445 εϊό
2922 3394 3049 3458 Υἱὸς
3070 3393 3167 3447 τοῦ
3183 3392 3319 3445 Θεοῦ
3331 3392 3424 3445 τοῦ
3446 3390 3667 3466 ζῶντος.
3682 3410 3702 3443 ι
3724 3388 3852 3460 Ἐφ’
3874 3386 3982 3446 ὧν

710 3502 877 3541 sensu
930 3483 1023 3538 Dei
1075 3484 1309 3539 viventis
1361 3499 1484 3539 esse
1544 3482 1740 3538 Filium
1805 3494 2135 3539 asserentes.
2188 3483 2287 3538 Est

709 3589 876 3645 porro
905 3589 1061 3642 super
1085 3589 1173 3629 eos
1202 3575 1412 3644 signant
1441 3576 1623 3630 crucis
1658 3575 1979 3630 veneranda
2009 3576 2244 3644 positum
2268 3592 2280 3627 :

711 3666 814 3728 vel,
856 3665 932 3718 uti
962 3663 1168 3717 Paulus
1209 3665 1325 3717 ait:
1362 3683 1379 3715 ι
1423 3662 1706 3735 Obsignati
1756 3680 1945 3719 sumus
1976 3665 2169 3734 spiritu
2200 3679 2286 3717 rc-

707 3755 1041 3826 demptionis
1076 3755 1141 3808 ⁷⁸.
1186 3773 1204 3806 ι
1234 3753 1319 3807 Ea:
1358 3756 1485 3823 ipsis
1510 3769 1733 3809 rursum
1763 3769 1887 3809 cum
1916 3771 1970 3808 se
2000 3756 2286 3807 missurum

707 3847 780 3903 ad
806 3858 982 3919 gentes
1010 3847 1170 3913 dixit,
1198 3848 1263 3901 de
1299 3849 1367 3901 iis
1390 3849 1482 3915 qui
1515 3848 1783 3917 petierant
1814 3846 2114 3910 intellexit;
2146 3861 2286 3915 quos

706 3941 869 3994 simul
932 3946 1304 4007 consumptum
1366 3939 1436 3991 iri
1488 3944 1795 3993 monuerat.
1864 3940 2107 4003 Quorum
2165 3952 2287 4004 qua:

706 4034 933 4089 saluata:
969 4032 1171 4102 fuerint
1220 4032 1483 4102 reliquiae,
1520 4032 1588 4085 ad
1629 4032 1821 4086 harum
1864 4038 2027 4099 atque
2070 4030 2286 4083 illarum

704 4124 936 4195 gentium
991 4123 1334 4177 vocationem
1387 4121 1725 4187 emittentur,
1779 4130 1829 4174 et
1880 4120 2127 4173 videbunt
2174 4118 2319 4189 glow

704 4217 843 4269 riam
873 4230 1064 4270 meum.
1096 4213 1258 4269 Juxta
1285 4213 1433 4282 quod
1470 4222 1634 4266 antea
1671 4210 1879 4266 dictum
1908 4207 2289 4272 est",ubiillos

703 4320 831 4360 eum
858 4319 983 4359 esse
1018 4304 1255 4365 visuros,
1282 4301 1485 4372 quibus
1521 4300 1743 4355 minime
1797 4301 2139 4354 renuntiatus
2163 4306 2247 4353 est
2272 4314 2287 4364 ;

705 4403 762 4450 et
795 4410 1038 4459 rursum,
1067 4394 1159 4448 ubi
1184 4408 1244 4448 se
1280 4403 1467 4447 notum
1499 4393 1566 4446 iis
1599 4390 1806 4445 factum
1834 4405 1977 4455 esse,
2022 4404 2050 4441 a
2081 4389 2287 4458 quibus

709 4489 932 4542 minime
964 4486 1436 4556 interrogabatur,
1486 4483 1804 4539 allirmavit.
1906 4480 2011 4547 Qui
2040 4483 2131 4535 ubi
2162 4496 2286 4534 cum

708 4581 865 4646 signo
901 4592 1023 4631 meo
1070 4574 1495 4638 ambulaverint,
1550 4574 1748 4642 inquit,
1784 4585 1880 4625 eos
1920 4570 2046 4640 ipsi,
2082 4571 2173 4639 qui
2222 4569 2289 4623 de

706 4668 945 4738 gentibus
977 4674 1128 4733 sunt,
1165 4666 1359 4734 fratres
1393 4663 1647 4726 efﬁcient,
1687 4670 1741 4717 et
1781 4660 1977 4714 donum
2023 4660 2285 4714 adducent

704 4730 959 4812 homino.
1014 4730 1132 4821 Quo
1166 4730 1252 4818 lit,
1290 4760 1352 4806 ut
1404 4752 1769 4816 exsultantes,
1814 4766 1909 4804 eos
1956 4751 2105 4819 ipsos
2144 4766 2282 4819 gau-
2312 4730 2361 4792 ι)

705 4850 857 4902 ilium
886 4857 940 4903 et
964 4860 1221 4901 coronam
1250 4845 1534 4899 nominent
1557 4843 1623 4895 ⁷⁸.
1654 4841 1726 4895 Ut
1750 4853 1931 4895 autem
1968 4842 2087 4895 sine
2123 4842 2279 4911 761

706 4940 893 4993 labore
940 4950 1266 4990 conversum
1323 4935 1390 4986 iri
1445 4941 1623 5001 gentes
1679 4932 1983 4997 iudicaret;
2048 4932 2282 5000 itlipSlllll

706 5036 924 5098 sumpta
955 5027 1023 5081 ab
1072 5027 1138 5081 iis
1180 5025 1521 5093 tnetaphora,
1562 5024 1658 5093 qui
1705 5024 1975 5078 vehiculis
2013 5023 2281 5086 feruntur,

705 5119 1133 5181 demonstravit;
1178 5127 1437 5184 tanquam
1466 5130 1562 5169 eos
1589 5116 1738 5169 nulla
1801 5130 1908 5169 non
1962 5117 2144 5185 quiete
2200 5116 2284 5170 di-

707 5223 905 5281 gnetur
955 5210 1123 5266 Deus.
1180 5206 1323 5262 Sunt
1351 5222 1479 5261 vero
1511 5207 1621 5262 Deo
1683 5208 1823 5277 grati
1876 5222 2031 5277 atque
2078 5207 2281 5267 futuri,

707 5313 873 5371 atque
904 5301 1144 5364 victima,
1178 5314 1301 5367 quae
1360 5298 1599 5366 legitime
1650 5313 1759 5351 non
1810 5298 1929 5351 sine
1966 5300 2195 5351 canticis
2231 5306 2286 5349 et

705 5392 931 5450 laudum
963 5389 1370 5462 praedicatione,
1404 5388 1510 5457 ipsi
1561 5388 1811 5443 otl'ertur.
1856 5388 2009 5452 Quod
2052 5402 2182 5442 vero
2217 5401 2282 5439 ως

777 5506 823 5536 ⁷⁸
870 5504 1009 5557 Psal.
1061 5517 1333 5564 cxxxvttt,
1364 5500 1446 5554 l6.
1553 5502 1596 5532 "
1620 5499 1808 5554 Matth.
1849 5515 1975 5565 xxv,
2006 5502 2095 5564 5|,
2137 5500 2220 5555 52.

705 5575 751 5611 ⁷³
781 5574 1014 5642 i‘latlipp.
1049 5589 1100 5625 tv
1121 5613 1135 5637 ,
1167 5574 1215 5624 l.

2336 5502 2379 5532 ⁷⁸
2403 5500 2560 5555 Juatt.
2611 5517 2666 5564 ι,
2704 5502 2792 5556 55.

2389 3483 2480 3534 καὶ
2508 3482 2745 3535 τέθειται
2775 3484 3028 3551 σημεῖον
3075 3483 3170 3537 τοῦ
3203 3485 3387 3552 τιμίου
3419 3482 3689 3551 σταυροῦο
3740 3481 3774 3552 ἦ
3822 3482 3981 3536 κατά

2389 3573 2597 3626 Παῦλον
2647 3575 2905 3628 εἰπόντα*
2970 3594 2990 3625 ι
3035 3573 3519 3644 Ἐσφραγίσθημεν
3566 3572 3646 3643 τῷ
3694 3572 3979 3641 πνεύματι

2387 3666 2484 3733 τῆς
2501 3665 2944 3736 ἀπολυτρώσεως.
2958 3685 2977 3717 ι
2999 3665 3113 3720 Ἀπ’
3128 3665 3330 3720 αὐτῶν
3345 3666 3420 3728 δὲ,
3441 3668 3626 3735 φησὶν,
3642 3664 3981 3719 ἀποστελῶ

2388 3757 2485 3809 ἐπὶ
2520 3757 2590 3811 τὰ
2636 3758 2802 3825 ἔθνη,
2841 3757 3083 3827 δηλονότι
3124 3757 3235 3809 τῶν
3284 3756 3695 3826 ἀπολλυμένων,
3721 3757 3849 3829 περὶ
3889 3751 3981 3811 ὧν

2389 3849 2627 3916 ὲλέγετο’
2662 3849 2784 3901 Ἐπὶ
2812 3849 2873 3901 τὸ
2895 3848 3026 3902 αὐτὸ
3065 3847 3584 3914 ἀναλωθήσονται.
3616 3847 3707 3911 Ἐξ
3724 3842 3799 3901 ὧν
3831 3849 3975 3903 δια-

2389 3940 2584 3994 σωθὲν
2616 3940 2676 3993 τὸ
2693 3941 3043 4011 κατάλειμμα
3069 3943 3205 4012 πρὸς
3258 3940 3357 4011 τὴν
3405 3939 3524 3994 τῶν
3567 3940 3762 3996 ἐθνῶν
3794 3941 3980 3996 τῶνδε

2390 4031 2485 4084 καὶ
2533 4030 2699 4084 τῶνδε
2754 4031 2946 4100 κλῆσιν
3002 4030 3522 4097 ἀποσταλήσεται,
3569 4031 3666 4085 καί
3707 4030 3984 4099 ὄψονται

2385 4139 2503 4190 μου
2533 4121 2648 4189 τὴν
2674 4122 2884 4185 δόξαν,
2920 4122 3061 4175 κατά
3087 4122 3148 4174 τὸ
3175 4122 3274 4193 ἤδη
3300 4122 3465 4193 ῥηθέν
3484 4138 3499 4153 ⁸
3532 4118 3627 4186 Οἷς
3659 4123 3757 4178 οὐκ
3790 4129 3984 4195 ἀνηγο

2390 4213 2542 4283 γέλη,
2569 4215 2697 4282 περὶ
2714 4212 2877 4267 αὑτοῦ
2902 4213 3141 4283 δψονταν
3162 4216 3259 4267 καὶ
3282 4214 3462 4268 πάλιν·
3494 4234 3512 4266 ι
3536 4216 3816 4287 Ἐμφανὴς
3840 4218 3983 4284 ὲγε-

2391 4302 2563 4373 νόμην
2593 4304 2705 4365 τοῖς
2753 4302 2852 4372 ἐμὲ
2881 4303 2955 4373 μὴ
2988 4302 3357 4373 ἐπερωτῶσιν.
3394 4321 3412 4354 δ
3447 4304 3511 4355 Οἳ
3556 4306 3696 4371 μετά
3732 4304 3831 4358 τοῦ
3864 4324 3985 4377 ση-

2394 4392 2547 4461 μείου
2597 4392 2691 4445 τοῦ
2731 4392 2866 4461 ὲμοῦ
2903 4393 3280 4463 πορευθέντες,
3319 4394 3446 4457 τοὺς
3474 4396 3590 4448 ἀπὸ
3621 4395 3737 4448 τῶν
3772 4396 3988 4453 ἐθνῶν

2390 4481 2686 4549 ἀδελφοὺς
2727 4482 3150 4551 ἀπεργάσονται,
3210 4484 3309 4536 καί
3350 4483 3544 4551 δῶρον
3582 4485 3985 4552 προσάξουσι

2391 4570 2471 4635 τῷ
2510 4570 2648 4635 Θεῷ.
2682 4571 2775 4624 Διὸ
2801 4576 2896 4624 καὶ
2919 4574 3283 4643 καυχώμενοι,
3310 4574 3484 4644 χαρὰν
3508 4577 3706 4639 αὐτοὺς
3729 4578 3825 4629 καὶ
3854 4581 3988 4631 στέ-

2393 4677 2558 4728 φανον
2594 4660 2942 4728 ὀνομάζουσι.
2996 4660 3070 4712 T'o
3101 4660 3159 4713 δὲ
3213 4660 3412 4713 ἄπονον
3466 4661 3567 4729 τῆς
3602 4659 3723 4713 τῶν
3773 4662 3987 4717 ἐθνῶν

2388 4753 2721 4821 ἐπιστροφῆς
2741 4752 2850 4805 ἀπὸ
2878 4751 3191 4821 μεταφορᾶς
3222 4751 3333 4804 τῶν
3363 4752 3422 4803 ἐν
3463 4752 3707 4821 ὀχήμασι
3741 4753 3986 4821 κομιζο-

2387 4842 2564 4912 μένων
2596 4842 2913 4910 παρίστησι,
2951 4841 3130 4910 πὰσης
3154 4841 3351 4903 αὐτοὺς
3396 4841 3716 4911 ἀνατιαύλης
3740 4842 3982 4906 ἀξιοῦν-

2383 4949 2472 4991 τος
2493 4930 2649 4984 Θεοῦ.
2686 4932 2940 4985 Ἔσονται
2985 4931 3042 4984 δὲ
3070 4933 3460 5002 κεχαρισμένοι
3487 4932 3629 5001 Θεῷ,
3660 4933 3736 4995 ὡς
3783 4936 3987 4988 θυσία

2382 5023 2631 5093 νομίμως
2662 5023 3045 5092 προσαγομένη
3109 5024 3226 5092 μετ’
3273 5023 3437 5093 ᾠδῆς,
3481 5026 3576 5077 καὶ
3631 5024 3983 5094 δοξολογίας.

2396 5114 2511 5166 Ἀπ’
2532 5112 2733 5167 αὐτῶν
2758 5113 2836 5177 δὲ,
2862 5115 3019 5182 φησί,
3051 5112 3323 5181 λήψομαι
3365 5112 3539 5183 ἱερεῖς
3564 5113 3663 5166 καί
3686 5117 3983 5181 Λευττας,

2386 5205 2479 5256 καὶ
2527 5204 2589 5256 τὸ
2637 5205 2702 5256 ἐκ
2730 5202 2836 5256 τῶν
2873 5204 3190 5256 ἀποστόλων
3218 5217 3243 5244 ι
3264 5245 3279 5267 ,
3314 5205 3409 5257 καὶ
3443 5207 3503 5257 τὸ
3544 5206 3611 5259 ὲκ
3652 5204 3765 5257 τῶν
3794 5204 3987 5261 ὲθνῶν

2387 5294 2766 5364 ἀληθέστερον.
2800 5294 3000 5347 Λοιπὸν
3029 5294 3549 5365 παραδειγματικῶς
3641 5295 3707 5348 τὸ
3751 5298 3853 5363 τῆς
3885 5296 3987 5347 ἐλ-

2393 5388 2543 5450 πίδος
2558 5388 2667 5440 τῶν
2691 5388 3045 5457 κεκλημένων
3069 5387 3366 5441 ἀσάλευτον
3381 5387 3672 5442 δείκνυσιν.
3694 5389 3989 5455 οὐρανοῦ

2899 5502 2945 5532 ’⁸
2966 5500 3165 5571 Ephes.
3203 5517 3255 5553 tv
3281 5539 3296 5564 ,
3345 5502 3431 5556 50.
3542 5502 3585 5531 "
3621 5501 3727 5557 lsa.
3759 5516 3839 5558 ιιι
3863 5544 3878 5569 ,
3921 5507 3981 5561 6.

2027 5656 2262 5713 VAlilAzl
2305 5659 2706 5716 Hii‘J‘lONES.

791 5765 811 5787 "
846 5768 927 5818 γρ.
964 5757 1056 5810 καὶ
1081 5755 1174 5818 ὡς.
1255 5765 1278 5793 ν
1319 5760 1375 5807 .t.
1427 5754 1509 5809 ϊιτ.
1538 5752 1788 5823 Χριστός.
1871 5762 1893 5789 ι
1924 5754 2007 5807 is".
2042 5754 2283 5821 σπέρμα,
