4248 6428
278 404 420 472 9.713

1426 387 1956 452 COMMENTARII
1998 385 2075 445 ΙΝ
2121 382 2399 443 ιδλιΑΜ.

3395 373 3461 436 27
3473 369 3541 439 ἰοί

280 516 393 585 γὰρ
418 512 518 567 καί
544 511 656 583 γῆς
681 514 712 565 ό
736 507 1171 577 ἁνακιιινισμδες
1196 506 1365 577 πέρας
1396 507 1495 574 οὐχ
1517 505 1649 570 ἕξει.
1685 503 1871 565 Οὕτως

1910 518 1940 570 Α
1974 503 2039 554 iis
2072 510 2403 567 sumpturum
2437 512 2491 549 se
2522 493 2816 547 sacerdotes
2872 501 2921 545 et
2959 491 3142 545 levitas
3177 490 3286 555 ait;
3337 490 3406 544 de
3451 506 3543 546 sc-

280 608 437 661 εσται
462 608 532 661 τὰ
556 607 679 659 καθ’
704 607 875 674 ἡμᾶς.
908 602 1329 671 Ἀμεταμέλητα
1356 599 1464 669 γὰρ
1492 599 1561 651 τὰ
1587 598 1861 667 χαρίσμα-

278 716 349 751 τα
382 704 472 755 καὶ
492 704 523 768 ὴ
553 697 746 766 κλῆσις
775 694 869 747 τοῦ
922 690 1081 746 Θεοῦ.
1121 690 1195 743 Τὸ
1232 689 1453 758 συνεχὲς
1506 688 1562 741 δὲ
1592 688 1689 757 τῆς
1719 688 1865 739 εὐσε-

280 787 411 849 ϐοῦς
441 786 698 856 λατρείας
718 784 807 838 διὰ
835 783 943 837 τῶν
965 785 1022 835 ἐν
1059 782 1209 851 νόμῳ
1235 780 1534 850 παρίστησι
1562 777 1828 831 τυπικῶν.

1972 593 2120 645 mine
2147 589 2543 657 apostolorum,
2589 595 2644 637 et
2670 583 2915 651 gentium
2948 583 3135 646 etiam,
3182 579 3332 650 quod
3365 578 3548 634 verius

1974 685 2067 748 sit,
2097 679 2385 736 intellexit.
2425 678 2625 731 Eorum
2662 675 2945 743 deinceps,
2972 675 3065 743 qui
3099 673 3277 727 vocali
3321 678 3452 727 sunt
3478 669 3549 731 τ’,

1975 776 2365 828 inconcussam
2420 770 2539 836 spei
2581 767 2962 821 fortitudinem
3024 780 3244 819 inatiere
3300 760 3552 832 exemplo

282 878 582 949 signiﬁcat.
622 875 695 932 Ut
725 882 894 941 enim,
949 877 1045 940 ait,
1080 875 1195 927 caeli
1229 882 1279 927 et
1318 882 1475 927 terra:
1518 871 1788 925 renovatio
1832 868 1993 922 tinem
2026 866 2281 921 habitura
2326 878 2435 917 non
2504 869 2628 925 est;
2683 862 2762 916 sic
2811 868 2961 923 sunt,
2996 874 3118 928 qua:
3181 873 3210 912 a
3296 875 3381 916 me
3422 872 3554 929 pro-

279 970 684 1025 deuntaeterna
728 968 932 1023 futura.
986 966 1155 1022 Deum
1218 966 1367 1020 enim
1438 978 1719 1032 nunquam
1795 961 2064 1014 donorum
2145 970 2372 1012 suorum
2426 955 2839 1021 vocationisque
2916 954 3163 1021 paenitet.
3220 952 3300 1007 Pii
3354 957 3553 1013 deinde

279 1060 466 1113 cultus
500 1056 917 1127 perpetuitatem
952 1071 1047 1125 per
1069 1070 1155 1120 ea,
1195 1070 1316 1125 quae
1356 1062 1484 1109 sunt
1515 1054 1569 1107 in
1598 1054 1735 1122 lege,
1763 1052 2117 1106 demonstrat.

350 1154 511 1216 Τινὲς
552 1151 609 1205 δὲ
655 1152 718 1204 τὸ
768 1150 993 1215 ἄξουσι
1034 1151 1176 1217 τοὺς
1221 1149 1547 1219 ἀδελφοὺς,
1594 1148 1737 1201 κατᾶ
1784 1148 1877 1200 τὸν

281 1244 478 1314 καιρὸν
502 1244 601 1312 τῆς
637 1241 950 1303 συντελείας
985 1242 1148 1309 φασιν
1178 1241 1270 1293 ἐπὶ
1296 1240 1395 1311 τὴν
1421 1241 1746 1309 ἐπουράνιον
1783 1239 1878 1291 Ἱε-

284 1334 593 1405 ρουσαλὴμ,
633 1333 834 1402 ὅτεπερ
877 1332 935 1383 ἐν
980 1330 1290 1400 ἁγγελικῴ,
1346 1333 1490 1385 κατᾶ
1543 1332 1635 1385 τὸν
1666 1330 1876 1396 Ἠλίαν,

281 1425 766 1494 ἁναληφθήσονται
805 1423 1037 1494 ἅρματι,
1069 1424 1211 1491 φωτὶ
1226 1423 1355 1493 θείῳ
1386 1423 1876 1493 περιλαμπόμενοι.

281 1517 394 1569 Καὶ
445 1515 606 1586 δῆλον
648 1516 713 1567 ἑκ
758 1516 856 1584 τῆς
896 1514 1171 1585 Ζαχαρίου
1216 1514 1575 1585 προφητείας.
1628 1515 1879 1579 Ἵππους

280 1606 395 1676 γὰρ
429 1605 741 1675 διαγράψας
772 1606 873 1658 καί
903 1605 1154 1674 ἅρματα,
1192 1646 1204 1670 ,
1236 1606 1494 1676 δυνάμεις
1521 1606 1676 1669 τινὰς
1706 1608 1878 1673 ἀγγε-

282 1696 446 1758 λικὰς
508 1695 877 1766 συνῃνίττετο.
934 1693 1256 1763 Λαμπηναί
1299 1694 1355 1747 δὲ
1383 1694 1651 1762 ἡμιόνων
1682 1696 1752 1748 τὰ
1777 1695 1879 1764 τῆς

282 1784 641 1847 ἀναστάσεως
673 1784 1000 1853 σημαίνουσι
1040 1783 1293 1855 σώματα,
1321 1786 1410 1839 διὰ
1452 1786 1550 1858 τὴν
1589 1790 1648 1840 ἐν
1696 1789 1878 1851 αὐτοῖς

281 1876 676 1945 ἑκλάμπουσαν
721 1874 933 1938 δόξαν.
978 1875 1123 1928 Ἀντί
1167 1876 1224 1928 δὲ
1263 1877 1381 1943 τοῦ,
1421 1878 1492 1931 ἐν
1532 1878 1880 1947 λιιμπηναῖς

2049 1147 2156 1201 Sed
2209 1148 2452 1217 reperias
2512 1143 2826 1205 nonnullos,
2879 1143 2969 1210 qui
3026 1141 3172 1210 quod
3227 1141 3554 1202 adducturos

1982 1239 2176 1307 fratres
2201 1236 2359 1299 dixit,
2390 1239 2507 1305 ipso
2536 1233 3031 1289 consummationis
3062 1243 3309 1302 tempore
3333 1236 3399 1288 ad
3439 1250 3554 1290 ca:—

1982 1332 2173 1385 lestem
2228 1327 2531 1383 Jerusalem
2583 1325 2783 1408 referri
2841 1322 3047 1386 velint;
3099 1338 3226 1376 cuin
3283 1324 3337 1378 in
3388 1340 3555 1381 curru

1982 1422 2253 1491 angelico,
2290 1427 2349 1473 ut
2380 1418 2549 1481 Eiias,
2582 1419 2787 1471 lumine
2832 1415 3022 1471 divino
3073 1413 3343 1484 fulgentes
3389 1432 3557 1473 assu-

1982 1526 2203 1572 mentur
2233 1515 2323 1569 '°:
2363 1517 2509 1584 quod
2564 1514 2682 1583 ipsa
2739 1511 2907 1567 etiam
2959 1509 3241 1564 Zachariae
3273 1512 3556 1581 prophetia

1982 1606 2332 1662 manifestum
2362 1613 2448 1660 est
2489 1605 2561 1657 ⁸⁸.
2591 1604 2729 1657 Cum
2762 1602 2907 1657 enim
2958 1617 3116 1670 equos
3145 1611 3195 1655 et
3249 1618 3437 1655 currus
3466 1601 3559 1656 de-

1981 1699 2197 1763 scribit,
2225 1699 2458 1753 virtutes
2492 1698 2760 1767 quasdam
2811 1700 3086 1769 angelieas
3130 1700 3333 1755 innuit.
3374 1698 3559 1771 Signi-

1983 1791 2149 1845 ficant
2187 1805 2354 1860 porro
2410 1791 2670 1857 lampena:
2717 1793 2982 1845 mulorum
3033 1808 3263 1863 corpora
3315 1807 3401 1858 ea,
3438 1807 3561 1862 qua:

1981 1882 2438 1937 resurrectionem
2482 1882 2677 1951 adepta
2721 1892 2872 1943 sunt.
2930 1891 3155 1953 pr0pter
3212 1886 3551 1939 relucentem

281 1966 555 2035 ⁴ἡμιόνων
579 1963 732 2033 μετὰ
760 1963 1074 2027 σκιαδίων,
1105 1968 1133 2018 ό
1159 1966 1478 2036 Σύμμαχος,
1523 1968 1617 2036 ἐφ’
1649 1968 1879 2034 ἵπποις,

1911 1962 1957 2021 Β
1988 1974 2042 2026 in
2076 1972 2157 2027 eis
2189 1972 2439 2041 gloriam.
2497 1973 2604 2026 Sed
2653 1987 2754 2042 pro
2813 1973 3069 2039 lanipenis
3122 1974 3387 2026 mulorum
3438 1990 3559 2027 cum

282 2058 387 2111 καὶ
421 2056 493 2109 ἐν
512 2055 758 2124 ἅρμασι,
788 2054 888 2109 καί
919 2054 990 2107 ἐν
1011 2056 1275 2123 λεκτίσι,
1308 2058 1407 2110 καὶ
1437 2056 1507 2109 ἐν
1528 2058 1874 2125 καρούκαις,

282 2151 387 2207 καί
420 2150 491 2204 ἐν
516 2151 801 2220 φορείοις,
831 2149 1193 2219 ἐρμήνευσεν,
1228 2147 1295 2200 δι’
1328 2141 1403 2200 ὧν
1440 2146 1768 2217 σωματικῶς
1796 2148 1876 2199 εί-

285 2242 547 2315 ρημένων
586 2241 677 2296 διὰ
716 2243 842 2303 τοὺς
886 2239 1207 2303 ἀκούοντας,
1248 2242 1281 2310 ἡ
1319 2239 1558 2309 δι’ἀέρος
1586 2240 1877 2309 μετάρσιος

284 2336 368 2397 είς
397 2333 663 2404 οὐρανοὺς
684 2330 879 2401 πορεία
903 2330 1250 2401 σημαίνεται,
1273 2331 1412 2383 κατὰ
1435 2329 1515 2395 τὺ,
1554 2348 1573 2381 ι
1595 2329 1877 2399 Ἀρπαγη-

286 2425 498 2496 σόμεθα
514 2428 573 2478 ὲν
598 2423 876 2493 νεφέλαις,
900 2441 920 2475 ι
947 2422 1017 2475 τὰ
1035 2422 1133 2475 νῦν
1163 2421 1397 2492 ρηθέντα
1425 2420 1722 2492 σαφηνίζον
1749 2421 1880 2490 ὀχή-

290 2536 462 2591 ματα.
497 2518 605 2584 Εις
631 2516 749 2584 τὴν
776 2517 958 2585 ἁγίαν
982 2515 1039 2569 δὲ
1063 2516 1248 2569 πόλιν
1269 2514 1627 2584 κομίζονται,
1653 2515 1782 2584 περὶ
1812 2509 1881 2585 ἧς

288 2629 459 2683 φησιν
482 2627 497 2641 ⁸
537 2632 557 2665 ι
595 2611 661 2666 Ἦ
692 2611 749 2664 δὲ
797 2611 910 2666 ἄνω
950 2609 1309 2681 Ἰερουσαλὴμ
1357 2608 1620 2679 ἐλευθέρα
1658 2608 1825 2660 ἐστίν.
1856 2626 1875 2659 ι

289 2702 439 2755 Καί·
478 2720 498 2755 ι
531 2698 981 2772 Προσεληλύθατε
1029 2697 1167 2751 Σιὼν
1217 2698 1358 2767 ὄρει,
1405 2698 1501 2752 καὶ
1538 2697 1692 2750 πόλει
1744 2696 1881 2748 Θεοῦ

290 2794 498 2860 ζῶντος
557 2790 922 2863 Ἰερουσαλὴμ
979 2790 1314 2861 ἐπουρανίῳ.
1377 2808 1396 2842 ι
1465 2788 1612 2841 Ἀντὶ
1668 2788 1725 2843 δὲ
1784 2787 1881 2841 τοῦ

284 2886 443 2957 μετὰ
478 2883 765 2955 ψαλμῶν,
796 2884 867 2937 ὲν
893 2883 1101 2937 σκεύει
1128 2879 1364 2951 καθαρῷ
1396 2881 1701 2952 ἑρμηνευσε
1734 2880 1882 2949 Σύμ-

294 2993 495 3049 μαχος.
537 2976 627 3039 Ὠς
656 2974 765 3044 γὰρ
795 2976 845 3028 οί
878 2973 1066 3039 πάλαι,
1096 2972 1249 3042 φησι,
1281 2973 1380 3035 τὰς
1422 2972 1648 3041 νομικὰς
1670 2972 1885 3036 θυσίας

292 3068 443 3124 κατᾶ
465 3066 635 3136 νόμον
662 3066 756 3117 ἰπὶ
782 3064 883 3133 τῆς
912 3062 1159 3130 ἐπιγείου
1197 3061 1574 3130 προσέφερον
1600 3060 1885 3127 Ἰερουσα-

292 3159 424 3229 λήμ
448 3174 461 3188 ·
493 3157 667 3219 οὕτως
692 3156 916 3225 ἥξουσιν
944 3157 1143 3208 ἐκεῖνοι
1175 3154 1312 3223 μετὰ
1335 3153 1444 3206 τῶν
1479 3154 1626 3207 ἰδίων
1656 3153 1885 3224 καρπῶν

294 3253 449 3325 δῶρα
472 3250 811 3322 κομίζοντες,
844 3247 992 3319 ἅπερ
1015 3246 1247 3309 ἕκαστος
1274 3249 1333 3297 ὲν
1366 3243 1513 3315 ψυχῇ
1544 3244 1887 3315 παρεσκεύα-

298 3362 415 3399 σιν.

1983 2060 2335 2122 umbraculis.
2374 2062 2536 2116 vertit
2568 2061 2958 2131 Symmachus,
2999 2065 3055 2115 in
3083 2064 3253 2132 equis,
3282 2072 3331 2117 et
3360 2064 3415 2117 in
3447 2079 3561 2117 cur-

1983 2153 2150 2217 ribus,
2178 2161 2227 2206 et
2264 2153 2320 2205 in
2347 2153 2543 2205 lecticis
2569 2161 2618 2204 et
2643 2152 2695 2205 in
2720 2154 2979 2215 carrucis,
3009 2162 3058 2205 et
3088 2154 3139 2205 in
3157 2153 3373 2220 ferculis
3392 2168 3411 2207 :
3434 2153 3560 2224 qui-

1985 2245 2087 2297 bus
2113 2244 2333 2313 quidem
2367 2254 2591 2312 propter
2625 2243 2906 2298 auditores
2936 2244 3297 2313 corporaliter
3326 2258 3563 2313 usurpa-

1987 2333 2076 2396 tis,
2120 2334 2232 2402 ipsa
2273 2330 2530 2387 sublimis
2570 2331 2638 2386 ad
2682 2333 2883 2387 caelum
2928 2348 3025 2403 per
3070 2348 3253 2389 aerem
3290 2333 3561 2404 proiectio

1985 2422 2394 2478 demonstratur
2424 2441 2437 2477 :
2470 2424 2632 2492 quale
2657 2432 2741 2479 est
2770 2424 2925 2490 illud,
2957 2440 3066 2494 quo
3104 2440 3205 2480 nos
3245 2425 3300 2481 in
3325 2424 3562 2481 nubibus

1989 2513 2278 2584 rapiendos
2315 2528 2435 2569 esse
2483 2515 2715 2584 legimus
2758 2515 2845 2578 ⁸³,
2888 2515 2981 2570 ubi
3035 2531 3157 2587 qua:
3194 2519 3297 2571 hoc
3330 2518 3449 2572 loco
3494 2517 3563 2573 de

1985 2606 2243 2659 curribus
2274 2604 2562 2671 dicuntur,
2592 2614 2781 2676 aperte
2807 2606 3177 2677 explicantur.
3202 2607 3359 2674 Quod
3381 2618 3561 2664 autem

1986 2698 2041 2749 in
2068 2708 2311 2751 sanctam
2347 2700 2613 2752 civitatem
2639 2698 2772 2766 ferri
2801 2715 2890 2753 eos
2935 2698 3084 2764 dicit,
3117 2715 3239 2754 eam
3275 2701 3448 2771 ipsam
3480 2702 3566 2757 in-

1989 2790 2202 2858 telligit,
2249 2790 2317 2844 de
2351 2805 2459 2861 qua
2514 2791 2704 2845 istbmc
2756 2798 2918 2845 antea
2980 2792 3304 2862 usurpavit:
3359 2812 3377 2844 ι
3433 2792 3566 2860 Quae

1991 2890 2171 2936 autem
2210 2897 2432 2937 sursum
2475 2894 2560 2939 est
2587 2881 2927 2949 Jerusalem,
2975 2883 3147 2938 libera
3189 2892 3275 2939 est
3301 2884 3369 2939 ⁸³.
3407 2902 3427 2936 ι
3461 2883 3565 2940 Et:

1995 2994 2013 3026 ι
2054 2974 2307 3029 Accedite
2336 2976 2403 3029 ad
2434 2984 2675 3030 montem
2728 2974 2861 3030 Sion
2913 2984 2969 3030 et
3026 2976 3304 3031 civitatem
3360 2977 3452 3031 Dei
3483 2978 3567 3030 vi-

1993 3067 2189 3130 ventis,
2227 3068 2508 3123 coslestem
2538 3067 2844 3124 Jerusalem
2884 3068 2954 3122 ".
2996 3086 3015 3118 δ
3051 3068 3173 3133 Quo
3202 3068 3400 3122 deinde
3446 3069 3568 3123 loco

1991 3174 2109 3210 cum
2140 3157 2363 3227 psalmis
2398 3158 2687 3223 habemus,
2734 3160 2790 3213 in
2824 3176 2945 3213 vase
2988 3159 3183 3213 mundo
3221 3159 3569 3230 interpretari

1995 3246 2389 3317 Symmachum
2441 3248 2707 3317 reperias.
2763 3247 2833 3303 Ut
2892 3248 3039 3303 enim
3085 3258 3321 3316 veteres,
3369 3251 3569 3320 inquit,

1910 3329 1956 3389 α
2001 3339 2201 3407 legales
2235 3340 2475 3392 victimas
2514 3356 2581 3394 ex
2619 3340 2753 3409 legis
2784 3340 3037 3394 instituto
3063 3340 3224 3411 762
3266 3341 3318 3394 in
3353 3348 3571 3396 terrena

297 3432 944 3502 otferebantlerusalem,
988 3430 1070 3487 sic
1106 3430 1328 3485 venient
1354 3427 1433 3482 illi
1460 3442 1585 3483 cum
1614 3426 1888 3483 fructibus
1928 3429 2048 3484 suis
2111 3429 2255 3485 dona
2306 3428 2566 3497 ferentes,
2614 3446 2737 3502 qua:
2780 3433 3014 3502 quisque
3063 3433 3119 3486 in
3191 3433 3394 3497 anima,
3447 3440 3571 3487 tan-

297 3546 467 3604 quam
494 3544 647 3592 vase,
685 3526 1034 3599 praeparavit.

374 3622 514 3680 Εἶτά
539 3637 734 3693 φησιν’
760 3619 871 3675 Καὶ
900 3618 1000 3673 ἀπ’
1020 3617 1223 3672 αὐτῶν
1242 3615 1514 3685 λήψομαι
1539 3614 1752 3686 (ποίων,
1777 3616 1891 3669 ἀλλ’

298 3719 336 3787 ἢ
361 3716 473 3772 τῶν
503 3709 1142 3781 κατειλεγμένωνὲθνῶν
1158 3709 1199 3779 ;)
1230 3708 1405 3776 ιερεῖς
1421 3706 1519 3760 καί
1534 3708 1809 3773 Λευττας.
1830 3709 1894 3761 Ei

300 3810 414 3880 γὰρ
452 3805 664 3871 καινὸς
696 3803 956 3872 οὐρανὸς
985 3802 1158 3865 ἔσται,
1202 3801 1301 3855 καί
1338 3799 1415 3869 τῆ
1454 3798 1556 3855 καί
1599 3801 1896 3868 Ἰερουσα-

298 3902 450 3971 λὴμ,
483 3897 779 3954 ἀκόλουθον
810 3890 950 3947 εἶναι
986 3892 1086 3946 καὶ
1116 3890 1366 3957 καινοὺς
1398 3891 1769 3962 λειτουργούς.
1810 3893 1889 3945 Δι’

299 3996 443 4063 ὅπερ
464 3992 733 4061 ῑφασκεν·
768 4005 787 4039 ι
816 3987 892 4040 Οὐ
924 3986 1002 4057 μὴ
1031 3984 1312 4055 μνησθῶσι
1336 3983 1445 4037 τῶν
1467 3984 1768 4054 προτέρων,
1803 3985 1895 4037 καὶ

300 4086 407 4139 οὐκ
453 4082 791 4153 ἀναϐήσεται
821 4076 1003 4132 αὐτῶν
1041 4076 1137 4129 ἐπὶ
1160 4074 1260 4148 τὴν
1286 4073 1533 4145 καρδίαν.
1568 4093 1587 4126 ›
1610 4074 1895 4129 Ἀπίθανον

301 4177 416 4246 γὰρ
479 4173 541 4240 ἔξ
580 4170 855 4226 Ἰουδαίων
901 4169 1099 4231 εἰπεῖν,
1153 4166 1255 4237 ἤδη
1299 4166 1430 4237 παρ’
1464 4167 1644 4229 αὐτοῖς
1689 4166 1895 4221 τούτων

304 4264 771 4337 προῦφεστώτων.
828 4259 951 4324 Πῶς
993 4260 1041 4313 δ’
1070 4258 1138 4313 ἂν
1181 4257 1253 4322 ἐξ
1312 4258 1517 4327 ιερέων
1549 4258 1763 4327 ιερέας,
1799 4258 1897 4311 καί

301 4360 374 4412 ἐκ
407 4352 677 4412 Λευιτῶν
709 4350 945 4419 aurigam
978 4349 1251 4414 Λευττας,
1283 4347 1465 4418 πάσης
1495 4348 1595 4417 τῆς
1622 4347 1766 4402 Λευῒ
1792 4365 1896 4417 φυ-

302 4453 409 4520 λῆς
456 4448 553 4502 ἐπὶ
578 4447 803 4507 τούτους
825 4440 1183 4513 διῃρημένης,
1209 4437 1305 4502 οὓς
1332 4439 1623 4502 ἀπεικάζει
1661 4438 1897 4506 οὐρανῷ

302 4561 372 4598 τε
415 4539 626 4605 καινῷ,
662 4537 762 4591 καί
796 4535 911 4606 In};
946 4535 1076 4604 περὶ
1106 4532 1216 4602 γὰρ
1242 4530 1353 4584 τῶν
1388 4531 1620 4600 πρώτων
1659 4530 1893 4602 ἐρρέθη.

312 4656 331 4686 ι
369 4636 426 4688 '0
456 4631 706 4704 οὐρανὸς,
743 4629 838 4682 καὶ
868 4628 902 4694 ἡ
943 4628 1016 4695 γῆ
1054 4623 1473 4694 παρελεύσεται.
1508 4641 1529 4674 ι
1564 4623 1675 4677 Καὶ
1698 4622 1891 4676 πάλιν·

312 4746 333 4778 ι
359 4723 705 4792 Ἐλιγὴσεται
733 4727 784 4783 γ,
823 4716 899 4779 ὡς
941 4712 1166 4785 βιὸλίον,
1214 4715 1243 4766 ό
1295 4712 1545 4783 οὐρανὸς,
1582 4712 1677 4765 καὶ
1720 4710 1896 4783 φθορᾷ

308 4816 659 4885 φθαρήσεται
688 4810 723 4880 ὴ
749 4808 842 4878 γῆ.
876 4824 895 4857 ι
927 4804 1035 4857 Τοῦ
1060 4804 1117 4857 δὲ
1146 4802 1432 4871 μέλλοντος
1456 4802 1651 4865 αίῶνος
1674 4802 1895 4873 ἀπαρχὴ

2068 3623 2331 3693 Sequitur
2364 3625 2586 3689 deinde,
2623 3636 2673 3679 et
2721 3624 2787 3678 ab
2832 3626 2909 3679 eis
2950 3624 3067 3693 (sed
3095 3623 3318 3692 quibus,
3356 3622 3462 3678 nisi
3503 3624 3573 3679 ab

1994 3717 2331 3771 enumeratis
2358 3717 2600 3787 gentibus
2634 3718 2694 3790 .9)
2723 3735 2931 3771 sumam
2959 3718 3258 3771 sacerdotes
3290 3724 3340 3770 et
3363 3717 3569 3772 levitas.

1997 3806 2053 3863 Si
2084 3809 2223 3862 enim
2265 3809 2455 3863 caelum
2490 3810 2690 3879 ipsum,
2743 3819 2986 3879 terraque
3020 3817 3070 3863 et
3109 3807 3410 3863 Jerusalem
3439 3824 3573 3862 nova

1995 3898 2179 3954 futura
2214 3911 2362 3966 sunt,
2397 3902 2646 3971 sequitur
2667 3911 2715 3955 et
2745 3917 2903 3955 novos
2926 3902 3089 3955 etiam
3122 3900 3431 3955 habituram
3450 3914 3573 3954 esse

1995 3992 2281 4048 ministros
2315 4008 2328 4045 :
2366 3992 2609 4061 indeque
2630 4001 2735 4058 est,
2786 3993 2930 4062 quod
2984 3992 3227 4061 priorum
3291 4006 3399 4045 non
3450 4005 3572 4045 esse

1994 4081 2405 4147 recordaturos,
2438 4096 2613 4151 neque
2641 4095 2703 4135 ea
2735 4081 2789 4135 in
2828 4095 2927 4135 cor
2965 4080 3207 4149 ipsorum
3239 4093 3535 4134 ascensura
3556 4120 3570 4145 ,

1996 4171 2341 4241 signilieavit.
2394 4170 2551 4226 Esset
2599 4173 2747 4226 enim
2793 4171 3033 4241 ineptum
3094 4186 3158 4225 es
3192 4169 3396 4226 Judazis
3429 4170 3573 4227 sumi

1995 4261 2287 4326 allirmare,
2324 4260 2417 4330 qui
2442 4261 2563 4316 istis
2589 4258 2912 4329 jamdudum
2934 4260 3077 4329 apud
3103 4274 3200 4315 eos
3231 4258 3569 4329 praefuerint.

1997 4351 2101 4417 Qui
2139 4366 2309 4422 porro
2339 4366 2404 4404 ea:
2435 4350 2798 4405 sacerdotibus
2849 4350 3171 4417 sacerdotes,
3201 4366 3266 4405 ea:
3296 4350 3467 4405 levitis
3496 4350 3575 4404 lc-

1997 4446 2118 4498 oitw
2148 4444 2289 4498 sumi
2326 4444 2656 4513 potuissent,
2685 4458 2810 4496 cum
2844 4442 2898 4496 in
2937 4443 3035 4497 hos
3061 4443 3235 4495 divisa
3279 4450 3427 4495 esset
3458 4449 3571 4493 tota

1998 4536 2174 4590 tribus
2205 4535 2434 4601 levitica,
2466 4550 2606 4605 quos
2624 4534 2752 4589 calo
2774 4552 2904 4588 novo
2932 4544 2980 4588 et
3013 4542 3168 4587 terra:
3198 4550 3343 4586 nova:
3366 4532 3576 4587 similes

1996 4642 2119 4683 esse
2151 4627 2318 4682 dicit?
2346 4626 2422 4681 De
2454 4627 2645 4697 primis
2680 4626 2825 4679 enim
2869 4626 3076 4679 dictum
3123 4631 3208 4679 est
3237 4640 3251 4676 :
3300 4642 3318 4673 ι
3357 4623 3570 4677 Ctelum

1997 4727 2051 4772 et
2089 4727 2235 4775 terra
2273 4717 2589 4771 transibunt
2628 4716 2696 4769 ".
2742 4735 2760 4768 ι
2808 4714 2873 4768 Et
2908 4736 2919 4770 :
2957 4734 2976 4767 ι
3030 4714 3393 4784 Corruptione
3444 4728 3572 4767 cor-

1998 4816 2286 4878 rumpetur
2320 4819 2462 4861 terra
2483 4807 2550 4863 ⁸⁸.
2591 4825 2610 4859 ι
2644 4806 2713 4859 At
2753 4818 2882 4861 sunt
2912 4806 3079 4860 luturi
3106 4806 3288 4859 saeculi
3317 4804 3573 4874 primitia:

307 4903 582 4976 Χριστός·
634 4900 849 4961 ἔπειτα,
889 4898 939 4948 οἱ
987 4894 1081 4948 τοῦ
1130 4892 1405 4962 Χριστοῦ·
1454 4889 1594 4957 εἶτα,
1643 4895 1885 4960 οὐρανὸς

1924 4885 1977 4943 1)
2002 4900 2257 4955 Christus
2293 4900 2436 4967 ipse;
2471 4908 2655 4966 postea
2686 4912 2832 4960 vero,
2860 4900 2950 4965 qui
2985 4897 3186 4952 Christi
3222 4905 3372 4951 sunt.
3408 4896 3569 4951 Dein-

310 4998 411 5052 καί
440 4994 520 5065 τῆ
547 4991 746 5047 καινά.
778 4988 998 5043 Τούτων
1029 4986 1139 5040 τῶν
1160 4994 1183 5022 ι
1216 4983 1462 5055 οὐρανῶν
1489 4984 1588 5054 τὴν
1617 4984 1897 5054 βασιλείαν

309 5086 477 5141 τινῶν
508 5085 613 5154 ἔφη
650 5076 1110 5151 μακαριζομένων
1131 5070 1294 5140 εἶναι,
1327 5076 1420 5126 καὶ
1442 5073 1586 5127 ἄλλω
1602 5086 1627 5114 α
1649 5075 1748 5143 τὴν
1769 5075 1899 5145 κλη-

316 5177 575 5251 ρονομίαν
603 5173 715 5241 τῆς
751 5170 885 5241 τῆς.
924 5169 1045 5221 Τῶν
1080 5168 1189 5239 γὰρ
1228 5166 1380 5236 παρὰ
1411 5165 1489 5235 τῷ
1520 5166 1693 5236 Πατρὶ
1720 5168 1899 5237 μονῶν

310 5271 427 5323 τῶν
474 5269 573 5338 μὲν
616 5264 795 5318 οὐσῶν
835 5260 1156 5323 ἐλαττόνων,
1199 5258 1309 5310 τῶν
1350 5258 1407 5311 δὲ
1443 5260 1789 5327 κρειττόνων,
1830 5262 1896 5329 τῇ

312 5362 455 5435 πρὸς
503 5359 738 5429 ἀλλήλας
768 5354 979 5419 δόξουσι
1015 5352 1196 5421 σχέσει
1236 5350 1291 5403 αἱ
1327 5350 1425 5418 μὲν
1470 5348 1577 5401 τῶν
1607 5350 1699 5402 ὑπ’
1732 5351 1901 5413 αὐτὰς

390 5500 437 5533 ⁷⁸
470 5498 629 5552 Rern.
660 5512 739 5555 χι.
765 5496 821 5549 5.
924 5494 969 5528 ⁸ο
1004 5488 1069 5544 IV
1102 5488 1234 5557 Reg.
1271 5504 1329 5545 ιι.
1362 5490 1384 5543 1
1421 5504 1574 5556 seqq.

310 5658 437 5706 an,
465 5640 522 5695 2.

1651 5490 1694 5520 ⁸³
1733 5490 1961 5544 Zaclmr.
1991 5508 2077 5545 γι.
2111 5490 2143 5543 ’1
2177 5506 2331 5559 seqq.

319 5577 366 5608 οι
397 5570 565 5624 ltebr.
600 5583 696 5633 sit,
729 5563 822 5619 σε.
897 5564 944 5598 ⁸³
969 5562 1104 5615 Luc.
1137 5575 1247 5625 χλι,
1276 5559 1364 5613 55.
1441 5559 1487 5589 ⁸⁸
1518 5558 1720 5613 Jcrem.
1759 5578 1871 5623 vn,

1910 5562 1986 5615 54.
2064 5561 2106 5591 ⁸⁷
2166 5558 2332 5637 Apin}.
2375 5580 2482 5624 xxi,
2526 5563 2574 5625 1,
2620 5562 2665 5590 ⁸³⁸
2704 5558 2893 5615 Matth.
2936 5575 2998 5625 v,
3028 5559 3048 5613 Ι
3082 5574 3235 5627 seqq.

2000 4993 2068 5047 de
2102 5010 2113 5044 :
2145 4990 2344 5045 Caelum
2379 4997 2426 5042 et
2459 4998 2601 5042 terra
2631 5004 2761 5041 nova
2782 4986 2850 5040 ⁸⁷.
2877 4986 3088 5040 Talium
3116 4987 3280 5056 igitur
3308 5001 3570 5056 quorum-

2001 5079 2151 5143 dam,
2181 5080 2274 5147 qui
2310 5079 2452 5132 beati
2477 5077 2756 5142 dicuntur,
2790 5091 2915 5131 esse
2944 5078 3122 5130 innuit
3161 5091 3387 5145 regnum
3414 5076 3572 5129 calo-

2001 5187 2120 5224 rum
2179 5180 2430 5238 terrwque
2482 5168 2621 5223 adeo
2670 5168 3075 5238 possessionem
3126 5168 3192 5221 ⁸⁸.
3238 5168 3374 5221 Cum
3427 5171 3574 5221 enim

2004 5263 2375 5327 mansionum,
2401 5276 2524 5330 quae
2548 5261 2688 5331 apud
2713 5259 2930 5313 Patrem
2965 5268 3093 5313 sunt
3114 5258 3161 5292 "
3179 5295 3193 5322 ,
3212 5258 3330 5312 alia:
3354 5257 3576 5328 quidem

2010 5356 2310 5419 minorum,
2342 5353 2461 5407 alia:
2490 5362 2671 5407 autem
2702 5352 3143 5422 praestandorum
3180 5351 3329 5418 sint;
3360 5351 3407 5405 si
3439 5351 3584 5405 inter

2422 5490 2467 5519 ⁸⁸
2496 5488 2513 5542 l
2538 5488 2731 5543 Thess.
2791 5504 2861 5549 tv,
2896 5489 2984 5543 16.
3086 5487 3132 5519 ⁸³
3164 5484 3338 5541 Calai.
3382 5502 3453 5543 tv.
3487 5485 3577 5541 26.

2422 5580 2481 5611 [ι-
2526 5563 2548 5611 t
2620 5562 2665 5590 ⁸⁸
2704 5558 2893 5611 Matth.
2936 5559 3048 5611 v.1
3082 5574 3235 5611 seua.
3336 5556 3381 5587 ⁸³
3416 5554 3577 5611 Joan.

3451 5571 3580 5611 υοιι.

1615 5724 1845 5781 νΛιῐΙΔΕ
1889 5720 2288 5779 LEC'l'IllNES.

402 5834 417 5854 ‘
451 5839 538 5893 γρ.
570 5821 941 5894 ἐλιχθήσεται.
1021 5832 1042 5859 ι
1073 5825 1156 5879 la.
1184 5839 1463 5879 τοιουτων.
1542 5833 1563 5860 α
1598 5836 1683 5889 Π).
1712 5818 1902 5881 ἄλλως.
