  <div class='ocr_page' id='page_1' title='image "/cluster/home/n/w/nwhite01/storage/ocr_20150623/87 pt.2/nnc1.0046980296/611.png"; bbox 0 0 4248 6428; ppageno 0'>
   <div class='ocr_carea' id='block_1_1' title="bbox 695 390 833 453">
    <p class='ocr_par' dir='ltr' id='par_1_1' title="bbox 695 390 833 453">
     <span class='ocr_line' id='line_1_1' title="bbox 695 390 833 453; baseline -0.007 0"><span class='ocrx_word' id='word_1_1' title='bbox 695 390 833 453; x_wconf 70' lang='grc'><strong>2³115</strong></span> 
     </span>
    </p>
   </div>
   <div class='ocr_carea' id='block_1_2' title="bbox 1988 386 2617 452">
    <p class='ocr_par' dir='ltr' id='par_1_2' title="bbox 1988 386 2617 452">
     <span class='ocr_line' id='line_1_2' title="bbox 1988 386 2617 452; baseline -0.005 0"><span class='ocrx_word' id='word_1_2' title='bbox 1988 392 2339 452; x_wconf 78' lang='lat' dir='ltr'><strong>PROCOPII</strong></span> <span class='ocrx_word' id='word_1_3' title='bbox 2375 386 2617 451; x_wconf 65' lang='lat' dir='ltr'><strong>GAZzEI</strong></span> 
     </span>
    </p>
   </div>
   <div class='ocr_carea' id='block_1_3' title="bbox 3815 383 3969 447">
    <p class='ocr_par' dir='ltr' id='par_1_3' title="bbox 3815 383 3969 447">
     <span class='ocr_line' id='line_1_3' title="bbox 3815 383 3969 447; baseline 0.006 -1"><span class='ocrx_word' id='word_1_4' title='bbox 3815 383 3969 447; x_wconf 74' lang='lat' dir='ltr'><strong>27l6</strong></span> 
     </span>
    </p>
   </div>
   <div class='ocr_carea' id='block_1_4' title="bbox 690 493 2367 568">
    <p class='ocr_par' dir='ltr' id='par_1_4' title="bbox 690 497 2367 567">
     <span class='ocr_line' id='line_1_4' title="bbox 690 497 2367 567; baseline 0.002 -16"><span class='ocrx_word' id='word_1_5' title='bbox 690 514 752 552; x_wconf 86' lang='lat' dir='ltr'><strong>se</strong></span> <span class='ocrx_word' id='word_1_6' title='bbox 786 497 1163 563; x_wconf 79' lang='lat' dir='ltr'><strong>conferantur,</strong></span> <span class='ocrx_word' id='word_1_7' title='bbox 1198 500 1314 552; x_wconf 69' lang='lat' dir='ltr'><strong>caeli</strong></span> <span class='ocrx_word' id='word_1_8' title='bbox 1361 497 1580 567; x_wconf 99' lang='lat' dir='ltr'><strong>quidem</strong></span> <span class='ocrx_word' id='word_1_9' title='bbox 1631 501 1773 565; x_wconf 77' lang='lat' dir='ltr'><strong>alize,</strong></span> <span class='ocrx_word' id='word_1_10' title='bbox 1818 499 2001 554; x_wconf 92' lang='lat' dir='ltr'><strong>babita</strong></span> <span class='ocrx_word' id='word_1_11' title='bbox 2033 502 2099 554; x_wconf 89' lang='lat' dir='ltr'><strong>ad</strong></span> <span class='ocrx_word' id='word_1_12' title='bbox 2133 501 2264 556; x_wconf 81' lang='lat' dir='ltr'><strong>inl‘e-</strong></span> <span class='ocrx_word' id='word_1_13' title='bbox 2293 510 2337 562; x_wconf 81' lang='grc' dir='ltr'><strong>Α</strong></span> <span class='ocrx_word' id='word_1_14' title='bbox 2366 540 2367 543; x_wconf 59' lang='grc' dir='ltr'><strong>η</strong></span> 
     </span>
    </p>
   </div>
   <div class='ocr_carea' id='block_1_5' title="bbox 2288 493 3965 568">
    <p class='ocr_par' dir='ltr' id='par_1_5' title="bbox 2293 493 3965 568">
     <span class='ocr_line' id='line_1_5' title="bbox 2293 493 3965 568; baseline -0.004 -14"><span class='ocrx_word' id='word_1_15' title='bbox 2293 510 2337 562; x_wconf 80' lang='grc' dir='ltr'><strong>Α</strong></span> <span class='ocrx_word' id='word_1_16' title='bbox 2366 500 2633 568; x_wconf 79' lang='grc' dir='ltr'><strong>οὐράνιοι</strong></span> <span class='ocrx_word' id='word_1_17' title='bbox 2658 500 2705 563; x_wconf 65' lang='grc' dir='ltr'><strong>ιι,</strong></span> <span class='ocrx_word' id='word_1_18' title='bbox 2746 502 2801 551; x_wconf 87' lang='grc' dir='ltr'>αἱ</span> <span class='ocrx_word' id='word_1_19' title='bbox 2833 499 2887 551; x_wconf 79' lang='grc' dir='ltr'><strong>δὲ</strong></span> <span class='ocrx_word' id='word_1_20' title='bbox 2922 498 3032 549; x_wconf 84' lang='grc' dir='ltr'><strong>τῶν</strong></span> <span class='ocrx_word' id='word_1_21' title='bbox 3066 497 3208 567; x_wconf 74' lang='grc' dir='ltr'>ὑπὲρ</span> <span class='ocrx_word' id='word_1_22' title='bbox 3250 495 3419 558; x_wconf 83' lang='grc' dir='ltr'>αὑτὰς</span> <span class='ocrx_word' id='word_1_23' title='bbox 3447 493 3546 562; x_wconf 78' lang='grc' dir='ltr'><strong>γῆ.</strong></span> <span class='ocrx_word' id='word_1_24' title='bbox 3582 495 3867 563; x_wconf 77' lang='grc' dir='ltr'>Διηνεκεῖς</span> <span class='ocrx_word' id='word_1_25' title='bbox 3900 494 3965 547; x_wconf 76' lang='grc' dir='ltr'><strong>δὲ</strong></span> 
     </span>
    </p>
   </div>
   <div class='ocr_carea' id='block_1_6' title="bbox 690 590 2267 656">
    <p class='ocr_par' dir='ltr' id='par_1_6' title="bbox 690 590 2267 656">
     <span class='ocr_line' id='line_1_6' title="bbox 690 590 2267 656; baseline 0.002 -13"><span class='ocrx_word' id='word_1_26' title='bbox 690 590 865 643; x_wconf 89' lang='lat' dir='ltr'><strong>riores</strong></span> <span class='ocrx_word' id='word_1_27' title='bbox 909 591 1143 655; x_wconf 92' lang='lat' dir='ltr'><strong>ratione,</strong></span> <span class='ocrx_word' id='word_1_28' title='bbox 1175 604 1299 645; x_wconf 88' lang='lat' dir='ltr'><strong>esse</strong></span> <span class='ocrx_word' id='word_1_29' title='bbox 1336 590 1703 656; x_wconf 90' lang='lat' dir='ltr'><strong>videbuntur;</strong></span> <span class='ocrx_word' id='word_1_30' title='bbox 1752 600 1907 645; x_wconf 80' lang='lat' dir='ltr'><strong>terra:</strong></span> <span class='ocrx_word' id='word_1_31' title='bbox 1947 600 2131 647; x_wconf 89' lang='lat' dir='ltr'><strong>autem</strong></span> <span class='ocrx_word' id='word_1_32' title='bbox 2165 610 2267 646; x_wconf 72' lang='lat' dir='ltr'><strong>ea:-</strong></span> 
     </span>
    </p>
   </div>
   <div class='ocr_carea' id='block_1_7' title="bbox 689 681 2267 753">
    <p class='ocr_par' dir='ltr' id='par_1_7' title="bbox 689 681 2267 753">
     <span class='ocr_line' id='line_1_7' title="bbox 689 681 2267 753; baseline 0.001 -19"><span class='ocrx_word' id='word_1_33' title='bbox 689 690 842 743; x_wconf 75' lang='lat' dir='ltr'><strong>terzc,</strong></span> <span class='ocrx_word' id='word_1_34' title='bbox 869 681 912 735; x_wconf 91' lang='lat' dir='ltr'><strong>si</strong></span> <span class='ocrx_word' id='word_1_35' title='bbox 944 698 1068 735; x_wconf 91' lang='lat' dir='ltr'><strong>cum</strong></span> <span class='ocrx_word' id='word_1_36' title='bbox 1100 682 1190 742; x_wconf 84' lang='lat' dir='ltr'><strong>iis.</strong></span> <span class='ocrx_word' id='word_1_37' title='bbox 1244 698 1365 752; x_wconf 74' lang='lat' dir='ltr'><strong>qua:</strong></span> <span class='ocrx_word' id='word_1_38' title='bbox 1409 683 1721 753; x_wconf 85' lang='lat' dir='ltr'><strong>superiores</strong></span> <span class='ocrx_word' id='word_1_39' title='bbox 1752 692 1903 746; x_wconf 91' lang='lat' dir='ltr'><strong>sunt,</strong></span> <span class='ocrx_word' id='word_1_40' title='bbox 1941 698 2267 753; x_wconf 83' lang='lat' dir='ltr'><strong>comparen-</strong></span> 
     </span>
    </p>
   </div>
   <div class='ocr_carea' id='block_1_8' title="bbox 689 772 2265 847">
    <p class='ocr_par' dir='ltr' id='par_1_8' title="bbox 689 772 2265 847">
     <span class='ocr_line' id='line_1_8' title="bbox 689 772 2265 847; baseline 0.004 -22"><span class='ocrx_word' id='word_1_41' title='bbox 689 781 798 825; x_wconf 92' lang='lat' dir='ltr'><strong>tur.</strong></span> <span class='ocrx_word' id='word_1_42' title='bbox 835 772 1173 838; x_wconf 79' lang='lat' dir='ltr'><strong>ane.tameu</strong></span> <span class='ocrx_word' id='word_1_43' title='bbox 1200 784 1331 829; x_wconf 81' lang='lat' dir='ltr'><strong>sunt</strong></span> <span class='ocrx_word' id='word_1_44' title='bbox 1360 790 1553 830; x_wconf 90' lang='lat' dir='ltr'><strong>omnes</strong></span> <span class='ocrx_word' id='word_1_45' title='bbox 1581 777 1858 831; x_wconf 73' lang='lat' dir='ltr'><strong>continua:</strong></span> <span class='ocrx_word' id='word_1_46' title='bbox 1886 787 1940 831; x_wconf 83' lang='lat' dir='ltr'><strong>et</strong></span> <span class='ocrx_word' id='word_1_47' title='bbox 1972 787 2265 847; x_wconf 64' lang='lat' dir='ltr'><strong>perpetuae.</strong></span> 
     </span>
    </p>
   </div>
   <div class='ocr_carea' id='block_1_9' title="bbox 694 862 2266 935">
    <p class='ocr_par' dir='ltr' id='par_1_9' title="bbox 694 862 2266 935">
     <span class='ocr_line' id='line_1_9' title="bbox 694 862 2266 935; baseline 0.003 -21"><span class='ocrx_word' id='word_1_48' title='bbox 694 862 836 915; x_wconf 88' lang='lat' dir='ltr'><strong>Sunt</strong></span> <span class='ocrx_word' id='word_1_49' title='bbox 860 865 1004 917; x_wconf 88' lang='lat' dir='ltr'><strong>enim</strong></span> <span class='ocrx_word' id='word_1_50' title='bbox 1041 866 1401 933; x_wconf 87' lang='lat' dir='ltr'><strong>temporaria,</strong></span> <span class='ocrx_word' id='word_1_51' title='bbox 1432 880 1555 934; x_wconf 67' lang='lat' dir='ltr'><strong>quae</strong></span> <span class='ocrx_word' id='word_1_52' title='bbox 1581 866 1634 918; x_wconf 91' lang='lat' dir='ltr'><strong>in</strong></span> <span class='ocrx_word' id='word_1_53' title='bbox 1670 867 1954 920; x_wconf 88' lang='lat' dir='ltr'><strong>oculorum</strong></span> <span class='ocrx_word' id='word_1_54' title='bbox 1986 876 2266 935; x_wconf 80' lang='lat' dir='ltr'><strong>aspectum</strong></span> 
     </span>
    </p>
   </div>
   <div class='ocr_carea' id='block_1_10' title="bbox 690 953 2266 1027">
    <p class='ocr_par' dir='ltr' id='par_1_10' title="bbox 690 953 2266 1027">
     <span class='ocr_line' id='line_1_10' title="bbox 690 953 2266 1027; baseline 0.004 -23"><span class='ocrx_word' id='word_1_55' title='bbox 690 953 936 1019; x_wconf 88' lang='lat' dir='ltr'><strong>cadunt;</strong></span> <span class='ocrx_word' id='word_1_56' title='bbox 970 964 1229 1025; x_wconf 88' lang='lat' dir='ltr'><strong>perpetua</strong></span> <span class='ocrx_word' id='word_1_57' title='bbox 1252 966 1459 1020; x_wconf 90' lang='lat' dir='ltr'><strong>autem,</strong></span> <span class='ocrx_word' id='word_1_58' title='bbox 1484 972 1606 1027; x_wconf 76' lang='lat' dir='ltr'><strong>qua:</strong></span> <span class='ocrx_word' id='word_1_59' title='bbox 1639 958 1787 1011; x_wconf 89' lang='lat' dir='ltr'><strong>cerni</strong></span> <span class='ocrx_word' id='word_1_60' title='bbox 1820 973 1928 1012; x_wconf 90' lang='lat' dir='ltr'><strong>non</strong></span> <span class='ocrx_word' id='word_1_61' title='bbox 1953 959 2266 1026; x_wconf 84' lang='lat' dir='ltr'><strong>possunt”.</strong></span> 
     </span>
    </p>
   </div>
   <div class='ocr_carea' id='block_1_11' title="bbox 691 1040 2269 1116">
    <p class='ocr_par' dir='ltr' id='par_1_11' title="bbox 691 1040 2269 1116">
     <span class='ocr_line' id='line_1_11' title="bbox 691 1040 2269 1116; baseline 0.006 -24"><span class='ocrx_word' id='word_1_62' title='bbox 691 1040 847 1105; x_wconf 84' lang='lat' dir='ltr'><strong>Quod</strong></span> <span class='ocrx_word' id='word_1_63' title='bbox 885 1045 929 1097; x_wconf 92' lang='lat' dir='ltr'><strong>si</strong></span> <span class='ocrx_word' id='word_1_64' title='bbox 961 1045 1116 1111; x_wconf 81' lang='lat' dir='ltr'><strong>signa</strong></span> <span class='ocrx_word' id='word_1_65' title='bbox 1168 1054 1297 1098; x_wconf 92' lang='lat' dir='ltr'><strong>sunt</strong></span> <span class='ocrx_word' id='word_1_66' title='bbox 1329 1055 1385 1100; x_wconf 89' lang='lat' dir='ltr'><strong>et</strong></span> <span class='ocrx_word' id='word_1_67' title='bbox 1425 1047 1719 1115; x_wconf 77' lang='lat' dir='ltr'><strong>imagines,</strong></span> <span class='ocrx_word' id='word_1_68' title='bbox 1768 1062 1890 1116; x_wconf 66' lang='lat' dir='ltr'><strong>quae</strong></span> <span class='ocrx_word' id='word_1_69' title='bbox 1940 1047 2055 1116; x_wconf 86' lang='lat' dir='ltr'><strong>lege</strong></span> <span class='ocrx_word' id='word_1_70' title='bbox 2086 1049 2269 1102; x_wconf 87' lang='lat' dir='ltr'><strong>conti--</strong></span> 
     </span>
    </p>
   </div>
   <div class='ocr_carea' id='block_1_12' title="bbox 692 1135 2267 1205">
    <p class='ocr_par' dir='ltr' id='par_1_12' title="bbox 692 1135 2267 1205">
     <span class='ocr_line' id='line_1_12' title="bbox 692 1135 2267 1205; baseline 0.004 -21"><span class='ocrx_word' id='word_1_71' title='bbox 692 1144 911 1196; x_wconf 91' lang='lat' dir='ltr'><strong>nentur,</strong></span> <span class='ocrx_word' id='word_1_72' title='bbox 944 1135 1101 1201; x_wconf 78' lang='lat' dir='ltr'><strong>juxta</strong></span> <span class='ocrx_word' id='word_1_73' title='bbox 1153 1137 1299 1205; x_wconf 88' lang='lat' dir='ltr'><strong>quod</strong></span> <span class='ocrx_word' id='word_1_74' title='bbox 1349 1138 1601 1191; x_wconf 89' lang='lat' dir='ltr'><strong>umbram</strong></span> <span class='ocrx_word' id='word_1_75' title='bbox 1655 1137 1963 1192; x_wconf 85' lang='lat' dir='ltr'><strong>luturorum</strong></span> <span class='ocrx_word' id='word_1_76' title='bbox 1999 1138 2267 1192; x_wconf 84' lang='lat' dir='ltr'><strong>booorum</strong></span> 
     </span>
    </p>
   </div>
   <div class='ocr_carea' id='block_1_13' title="bbox 689 1227 2266 1296">
    <p class='ocr_par' dir='ltr' id='par_1_13' title="bbox 689 1227 2266 1296">
     <span class='ocr_line' id='line_1_13' title="bbox 689 1227 2266 1296; baseline 0.003 -19"><span class='ocrx_word' id='word_1_77' title='bbox 689 1227 937 1280; x_wconf 88' lang='lat' dir='ltr'><strong>eamdem</strong></span> <span class='ocrx_word' id='word_1_78' title='bbox 974 1227 1174 1281; x_wconf 83' lang='lat' dir='ltr'><strong>habere</strong></span> <span class='ocrx_word' id='word_1_79' title='bbox 1204 1228 1343 1281; x_wconf 81' lang='lat' dir='ltr'><strong>dixit</strong></span> <span class='ocrx_word' id='word_1_80' title='bbox 1378 1230 1673 1296; x_wconf 83' lang='lat' dir='ltr'><strong>Apostolus</strong></span> <span class='ocrx_word' id='word_1_81' title='bbox 1705 1230 1749 1261; x_wconf 80' lang='grc'>⁹¹</span> <span class='ocrx_word' id='word_1_82' title='bbox 1780 1248 1793 1283; x_wconf 89' lang='lat'><strong>:</strong></span> <span class='ocrx_word' id='word_1_83' title='bbox 1834 1239 2266 1284; x_wconf 89' lang='lat' dir='ltr'><strong>consentaneum</strong></span> 
     </span>
    </p>
   </div>
   <div class='ocr_carea' id='block_1_14' title="bbox 689 1321 2266 1391">
    <p class='ocr_par' dir='ltr' id='par_1_14' title="bbox 689 1321 2266 1391">
     <span class='ocr_line' id='line_1_14' title="bbox 689 1321 2266 1391; baseline 0.006 -23"><span class='ocrx_word' id='word_1_84' title='bbox 689 1326 797 1382; x_wconf 83' lang='lat' dir='ltr'><strong>est,</strong></span> <span class='ocrx_word' id='word_1_85' title='bbox 829 1327 888 1371; x_wconf 90' lang='lat' dir='ltr'><strong>nt</strong></span> <span class='ocrx_word' id='word_1_86' title='bbox 926 1321 1217 1373; x_wconf 73' lang='lat' dir='ltr'><strong>cwlestium</strong></span> <span class='ocrx_word' id='word_1_87' title='bbox 1246 1323 1486 1386; x_wconf 83' lang='lat' dir='ltr'><strong>Immine,</strong></span> <span class='ocrx_word' id='word_1_88' title='bbox 1525 1330 1578 1375; x_wconf 82' lang='lat' dir='ltr'><strong>et</strong></span> <span class='ocrx_word' id='word_1_89' title='bbox 1610 1321 1747 1377; x_wconf 85' lang='lat' dir='ltr'><strong>festa</strong></span> <span class='ocrx_word' id='word_1_90' title='bbox 1783 1322 1923 1391; x_wconf 87' lang='lat' dir='ltr'><strong>ipsa,</strong></span> <span class='ocrx_word' id='word_1_91' title='bbox 1966 1332 2014 1375; x_wconf 84' lang='lat' dir='ltr'><strong>et</strong></span> <span class='ocrx_word' id='word_1_92' title='bbox 2045 1339 2266 1387; x_wconf 82' lang='lat' dir='ltr'><strong>menses,</strong></span> 
     </span>
    </p>
   </div>
   <div class='ocr_carea' id='block_1_15' title="bbox 686 1407 2268 1480">
    <p class='ocr_par' dir='ltr' id='par_1_15' title="bbox 686 1407 2268 1480">
     <span class='ocr_line' id='line_1_15' title="bbox 686 1407 2268 1480; baseline 0.005 -20"><span class='ocrx_word' id='word_1_93' title='bbox 686 1416 738 1460; x_wconf 87' lang='lat' dir='ltr'><strong>et</strong></span> <span class='ocrx_word' id='word_1_94' title='bbox 787 1407 1026 1461; x_wconf 82' lang='lat' dir='ltr'><strong>Sabbata</strong></span> <span class='ocrx_word' id='word_1_95' title='bbox 1103 1411 1502 1479; x_wconf 77' lang='lat' dir='ltr'><strong>intelligamus,</strong></span> <span class='ocrx_word' id='word_1_96' title='bbox 1560 1413 1626 1465; x_wconf 91' lang='lat' dir='ltr'><strong>de</strong></span> <span class='ocrx_word' id='word_1_97' title='bbox 1676 1413 1875 1480; x_wconf 83' lang='lat' dir='ltr'><strong>quibus</strong></span> <span class='ocrx_word' id='word_1_98' title='bbox 1938 1428 2047 1466; x_wconf 91' lang='lat' dir='ltr'><strong>non</strong></span> <span class='ocrx_word' id='word_1_99' title='bbox 2104 1413 2268 1480; x_wconf 83' lang='lat' dir='ltr'><strong>hujus</strong></span> 
     </span>
    </p>
   </div>
   <div class='ocr_carea' id='block_1_16' title="bbox 691 1498 2267 1573">
    <p class='ocr_par' dir='ltr' id='par_1_16' title="bbox 691 1498 2267 1573">
     <span class='ocr_line' id='line_1_16' title="bbox 691 1498 2267 1573; baseline 0.004 -20"><span class='ocrx_word' id='word_1_100' title='bbox 691 1498 956 1569; x_wconf 85' lang='lat' dir='ltr'><strong>temporis</strong></span> <span class='ocrx_word' id='word_1_101' title='bbox 981 1502 1144 1555; x_wconf 81' lang='lat' dir='ltr'><strong>fuerit</strong></span> <span class='ocrx_word' id='word_1_102' title='bbox 1183 1514 1372 1556; x_wconf 82' lang='lat' dir='ltr'><strong>exacte</strong></span> <span class='ocrx_word' id='word_1_103' title='bbox 1406 1502 1709 1572; x_wconf 83' lang='lat' dir='ltr'><strong>disputare.</strong></span> <span class='ocrx_word' id='word_1_104' title='bbox 1739 1504 1965 1569; x_wconf 87' lang='lat' dir='ltr'><strong>Verum,</strong></span> <span class='ocrx_word' id='word_1_105' title='bbox 1998 1506 2267 1573; x_wconf 88' lang='lat' dir='ltr'><strong>quemad-</strong></span> 
     </span>
    </p>
   </div>
   <div class='ocr_carea' id='block_1_17' title="bbox 688 1590 2265 1663">
    <p class='ocr_par' dir='ltr' id='par_1_17' title="bbox 688 1590 2265 1663">
     <span class='ocr_line' id='line_1_17' title="bbox 688 1590 2265 1663; baseline 0.007 -22"><span class='ocrx_word' id='word_1_106' title='bbox 688 1590 911 1644; x_wconf 89' lang='lat' dir='ltr'><strong>modum</strong></span> <span class='ocrx_word' id='word_1_107' title='bbox 960 1591 1134 1654; x_wconf 68' lang='lat' dir='ltr'><strong>Judzei</strong></span> <span class='ocrx_word' id='word_1_108' title='bbox 1189 1593 1391 1645; x_wconf 88' lang='lat' dir='ltr'><strong>multas</strong></span> <span class='ocrx_word' id='word_1_109' title='bbox 1428 1594 1671 1663; x_wconf 84' lang='lat' dir='ltr'><strong>alioquin</strong></span> <span class='ocrx_word' id='word_1_110' title='bbox 1728 1596 1892 1648; x_wconf 80' lang='lat' dir='ltr'><strong>urbes</strong></span> <span class='ocrx_word' id='word_1_111' title='bbox 1944 1596 2265 1663; x_wconf 84' lang='lat' dir='ltr'><strong>incolentes,</strong></span> 
     </span>
    </p>
   </div>
   <div class='ocr_carea' id='block_1_18' title="bbox 692 1681 2269 1753">
    <p class='ocr_par' dir='ltr' id='par_1_18' title="bbox 692 1681 2269 1753">
     <span class='ocr_line' id='line_1_18' title="bbox 692 1681 2269 1753; baseline 0.004 -20"><span class='ocrx_word' id='word_1_112' title='bbox 692 1696 856 1734; x_wconf 90' lang='lat' dir='ltr'><strong>unam</strong></span> <span class='ocrx_word' id='word_1_113' title='bbox 899 1682 1216 1736; x_wconf 84' lang='lat' dir='ltr'><strong>habitabant</strong></span> <span class='ocrx_word' id='word_1_114' title='bbox 1250 1681 1549 1736; x_wconf 70' lang='lat' dir='ltr'><strong>Jerusalem</strong></span> <span class='ocrx_word' id='word_1_115' title='bbox 1586 1684 1768 1739; x_wconf 90' lang='lat' dir='ltr'><strong>cultus</strong></span> <span class='ocrx_word' id='word_1_116' title='bbox 1796 1686 2084 1740; x_wconf 83' lang='lat' dir='ltr'><strong>sanctitate</strong></span> <span class='ocrx_word' id='word_1_117' title='bbox 2130 1702 2269 1753; x_wconf 61' lang='lat' dir='ltr'><strong>prai-</strong></span> 
     </span>
    </p>
   </div>
   <div class='ocr_carea' id='block_1_19' title="bbox 688 1772 2266 1843">
    <p class='ocr_par' dir='ltr' id='par_1_19' title="bbox 688 1772 2266 1843">
     <span class='ocr_line' id='line_1_19' title="bbox 688 1772 2266 1843; baseline 0.003 -17"><span class='ocrx_word' id='word_1_118' title='bbox 688 1773 933 1841; x_wconf 84' lang='lat' dir='ltr'><strong>cipuam.</strong></span> <span class='ocrx_word' id='word_1_119' title='bbox 968 1772 1021 1825; x_wconf 92' lang='lat' dir='ltr'><strong>in</strong></span> <span class='ocrx_word' id='word_1_120' title='bbox 1052 1788 1159 1841; x_wconf 91' lang='lat' dir='ltr'><strong>qua</strong></span> <span class='ocrx_word' id='word_1_121' title='bbox 1191 1775 1354 1829; x_wconf 79' lang='lat' dir='ltr'><strong>statis</strong></span> <span class='ocrx_word' id='word_1_122' title='bbox 1399 1776 1761 1843; x_wconf 84' lang='lat' dir='ltr'><strong>temporibus,</strong></span> <span class='ocrx_word' id='word_1_123' title='bbox 1791 1775 1883 1843; x_wconf 92' lang='lat' dir='ltr'><strong>qui</strong></span> <span class='ocrx_word' id='word_1_124' title='bbox 1924 1785 2151 1831; x_wconf 63' lang='lat' dir='ltr'><strong>ceteras</strong></span> <span class='ocrx_word' id='word_1_125' title='bbox 2182 1778 2266 1831; x_wconf 82' lang='lat' dir='ltr'><strong>in-</strong></span> 
     </span>
    </p>
   </div>
   <div class='ocr_carea' id='block_1_20' title="bbox 2370 582 3964 661">
    <p class='ocr_par' dir='ltr' id='par_1_20' title="bbox 2370 582 3964 661">
     <span class='ocr_line' id='line_1_20' title="bbox 2370 582 3964 661; baseline -0.004 -19"><span class='ocrx_word' id='word_1_126' title='bbox 2370 593 2563 644; x_wconf 74' lang='grc' dir='ltr'>πᾶσαι.</span> <span class='ocrx_word' id='word_1_127' title='bbox 2608 591 2689 644; x_wconf 88' lang='grc' dir='ltr'><strong>Τά</strong></span> <span class='ocrx_word' id='word_1_128' title='bbox 2724 590 2831 661; x_wconf 80' lang='grc' dir='ltr'><strong>γὰρ</strong></span> <span class='ocrx_word' id='word_1_129' title='bbox 2882 588 3211 658; x_wconf 72' lang='grc' dir='ltr'><strong>βλεπόμενα,</strong></span> <span class='ocrx_word' id='word_1_130' title='bbox 3251 588 3597 657; x_wconf 77' lang='grc' dir='ltr'>πρόσκαιραο</span> <span class='ocrx_word' id='word_1_131' title='bbox 3658 584 3729 636; x_wconf 70' lang='grc' dir='ltr'>τὰ</span> <span class='ocrx_word' id='word_1_132' title='bbox 3766 584 3828 636; x_wconf 83' lang='grc' dir='ltr'><strong>δέ</strong></span> <span class='ocrx_word' id='word_1_133' title='bbox 3881 582 3964 652; x_wconf 79' lang='grc' dir='ltr'>μὴ</span> 
     </span>
    </p>
   </div>
   <div class='ocr_carea' id='block_1_21' title="bbox 2370 677 3973 753">
    <p class='ocr_par' dir='ltr' id='par_1_21' title="bbox 2370 677 3973 753">
     <span class='ocr_line' id='line_1_21' title="bbox 2370 677 3973 753; baseline -0.006 -16"><span class='ocrx_word' id='word_1_134' title='bbox 2370 684 2704 753; x_wconf 71' lang='grc' dir='ltr'><strong>βλεπόμενα,</strong></span> <span class='ocrx_word' id='word_1_135' title='bbox 2730 682 2946 736; x_wconf 80' lang='grc' dir='ltr'><strong>αἰώνια.</strong></span> <span class='ocrx_word' id='word_1_136' title='bbox 2980 680 3040 734; x_wconf 80' lang='lat' dir='ltr'><strong>Et</strong></span> <span class='ocrx_word' id='word_1_137' title='bbox 3069 681 3129 735; x_wconf 76' lang='grc' dir='ltr'><strong>δὲ</strong></span> <span class='ocrx_word' id='word_1_138' title='bbox 3156 679 3399 751; x_wconf 76' lang='grc' dir='ltr'>σύμϐολα</span> <span class='ocrx_word' id='word_1_139' title='bbox 3427 679 3523 733; x_wconf 75' lang='grc' dir='ltr'>καὶ</span> <span class='ocrx_word' id='word_1_140' title='bbox 3548 679 3757 741; x_wconf 77' lang='grc' dir='ltr'><strong>εἰκόνες</strong></span> <span class='ocrx_word' id='word_1_141' title='bbox 3782 677 3854 730; x_wconf 73' lang='grc' dir='ltr'>τὰ</span> <span class='ocrx_word' id='word_1_142' title='bbox 3877 693 3973 728; x_wconf 82' lang='lat' dir='ltr'><strong>vc-</strong></span> 
     </span>
    </p>
   </div>
   <div class='ocr_carea' id='block_1_22' title="bbox 2372 770 3959 847">
    <p class='ocr_par' dir='ltr' id='par_1_22' title="bbox 2372 770 3959 847">
     <span class='ocr_line' id='line_1_22' title="bbox 2372 770 3959 847; baseline -0.006 -17"><span class='ocrx_word' id='word_1_143' title='bbox 2372 777 2527 847; x_wconf 88' lang='grc' dir='ltr'>μικά,</span> <span class='ocrx_word' id='word_1_144' title='bbox 2545 776 2689 829; x_wconf 82' lang='grc' dir='ltr'>κατὰ</span> <span class='ocrx_word' id='word_1_145' title='bbox 2717 777 2801 839; x_wconf 79' lang='grc' dir='ltr'><strong>τὸ,</strong></span> <span class='ocrx_word' id='word_1_146' title='bbox 2827 794 2845 827; x_wconf 84' lang='grc' dir='ltr'><strong>ι</strong></span> <span class='ocrx_word' id='word_1_147' title='bbox 2873 774 3038 827; x_wconf 79' lang='grc' dir='ltr'>Σκιάν</span> <span class='ocrx_word' id='word_1_148' title='bbox 3061 773 3171 845; x_wconf 87' lang='grc' dir='ltr'><strong>γάρ</strong></span> <span class='ocrx_word' id='word_1_149' title='bbox 3188 773 3325 842; x_wconf 80' lang='grc' dir='ltr'>ἔχων</span> <span class='ocrx_word' id='word_1_150' title='bbox 3348 775 3376 825; x_wconf 86' lang='grc' dir='ltr'><strong>ό</strong></span> <span class='ocrx_word' id='word_1_151' title='bbox 3400 772 3563 839; x_wconf 87' lang='grc' dir='ltr'>νόμος</span> <span class='ocrx_word' id='word_1_152' title='bbox 3581 770 3689 823; x_wconf 88' lang='grc' dir='ltr'><strong>τῶν</strong></span> <span class='ocrx_word' id='word_1_153' title='bbox 3724 770 3959 839; x_wconf 80' lang='grc' dir='ltr'>μελλόν-</span> 
     </span>
    </p>
   </div>
   <div class='ocr_carea' id='block_1_23' title="bbox 2366 861 3955 935">
    <p class='ocr_par' dir='ltr' id='par_1_23' title="bbox 2366 861 3955 935">
     <span class='ocr_line' id='line_1_23' title="bbox 2366 861 3955 935; baseline -0.006 -14"><span class='ocrx_word' id='word_1_154' title='bbox 2366 886 2474 922; x_wconf 89' lang='grc' dir='ltr'><strong>των</strong></span> <span class='ocrx_word' id='word_1_155' title='bbox 2504 868 2725 935; x_wconf 85' lang='grc' dir='ltr'>ἀγαθῶν</span> <span class='ocrx_word' id='word_1_156' title='bbox 2748 884 2760 897; x_wconf 87' lang='grc'><strong>·</strong></span> <span class='ocrx_word' id='word_1_157' title='bbox 2801 886 2820 919; x_wconf 72' lang='grc' dir='ltr'><strong>ι</strong></span> <span class='ocrx_word' id='word_1_158' title='bbox 2839 865 3132 921; x_wconf 84' lang='grc' dir='ltr'>ἀκόλουθον</span> <span class='ocrx_word' id='word_1_159' title='bbox 3183 865 3507 932; x_wconf 77' lang='grc' dir='ltr'>οὐρανίους</span> <span class='ocrx_word' id='word_1_160' title='bbox 3537 866 3697 925; x_wconf 84' lang='grc' dir='ltr'>νοεῖν,</span> <span class='ocrx_word' id='word_1_161' title='bbox 3732 861 3955 929; x_wconf 74' lang='grc' dir='ltr'>ἑορτὰς,</span> 
     </span>
    </p>
   </div>
   <div class='ocr_carea' id='block_1_24' title="bbox 2370 949 3955 1026">
    <p class='ocr_par' dir='ltr' id='par_1_24' title="bbox 2370 949 3955 1026">
     <span class='ocr_line' id='line_1_24' title="bbox 2370 949 3955 1026; baseline -0.006 -15"><span class='ocrx_word' id='word_1_162' title='bbox 2370 957 2469 1011; x_wconf 82' lang='grc' dir='ltr'>καὶ</span> <span class='ocrx_word' id='word_1_163' title='bbox 2496 950 2722 1026; x_wconf 70' lang='grc' dir='ltr'>μῆνας,</span> <span class='ocrx_word' id='word_1_164' title='bbox 2781 956 2880 1010; x_wconf 73' lang='grc' dir='ltr'><strong>καὶ</strong></span> <span class='ocrx_word' id='word_1_165' title='bbox 2914 955 3206 1015; x_wconf 71' lang='grc' dir='ltr'>Σάϐϐατα,</span> <span class='ocrx_word' id='word_1_166' title='bbox 3258 955 3400 1025; x_wconf 82' lang='grc' dir='ltr'>ἆπερ</span> <span class='ocrx_word' id='word_1_167' title='bbox 3431 950 3707 1018; x_wconf 78' lang='grc' dir='ltr'>ἐξετάζειν</span> <span class='ocrx_word' id='word_1_168' title='bbox 3750 952 3815 1003; x_wconf 87' lang='grc' dir='ltr'><strong>ού</strong></span> <span class='ocrx_word' id='word_1_169' title='bbox 3853 949 3955 1003; x_wconf 86' lang='grc' dir='ltr'><strong>τοῦ</strong></span> 
     </span>
    </p>
   </div>
   <div class='ocr_carea' id='block_1_25' title="bbox 2369 1042 3955 1120">
    <p class='ocr_par' dir='ltr' id='par_1_25' title="bbox 2369 1042 3955 1120">
     <span class='ocr_line' id='line_1_25' title="bbox 2369 1042 3955 1120; baseline -0.009 -16"><span class='ocrx_word' id='word_1_170' title='bbox 2369 1050 2639 1120; x_wconf 74' lang='grc' dir='ltr'><strong>παρόντος</strong></span> <span class='ocrx_word' id='word_1_171' title='bbox 2691 1048 2904 1118; x_wconf 90' lang='grc' dir='ltr'>καιροῦ.</span> <span class='ocrx_word' id='word_1_172' title='bbox 2970 1048 3136 1116; x_wconf 81' lang='grc' dir='ltr'>Πλὴν,</span> <span class='ocrx_word' id='word_1_173' title='bbox 3192 1046 3381 1114; x_wconf 75' lang='grc' dir='ltr'>ὥσπερ</span> <span class='ocrx_word' id='word_1_174' title='bbox 3459 1044 3701 1097; x_wconf 78' lang='grc' dir='ltr'>Ἰουδαῖοι</span> <span class='ocrx_word' id='word_1_175' title='bbox 3761 1042 3955 1101; x_wconf 77' lang='grc' dir='ltr'>πόλεις</span> 
     </span>
    </p>
   </div>
   <div class='ocr_carea' id='block_1_26' title="bbox 2369 1134 3950 1212">
    <p class='ocr_par' dir='ltr' id='par_1_26' title="bbox 2369 1134 3950 1212">
     <span class='ocr_line' id='line_1_26' title="bbox 2369 1134 3950 1212; baseline -0.006 -18"><span class='ocrx_word' id='word_1_176' title='bbox 2369 1140 2545 1211; x_wconf 74' lang='grc' dir='ltr'>ᾤκουν</span> <span class='ocrx_word' id='word_1_177' title='bbox 2575 1141 2799 1206; x_wconf 70' lang='grc' dir='ltr'>πολλὰς,</span> <span class='ocrx_word' id='word_1_178' title='bbox 2833 1140 3098 1212; x_wconf 78' lang='grc' dir='ltr'><strong>κρείττων</strong></span> <span class='ocrx_word' id='word_1_179' title='bbox 3126 1138 3184 1191; x_wconf 78' lang='grc' dir='ltr'><strong>δὲ</strong></span> <span class='ocrx_word' id='word_1_180' title='bbox 3217 1136 3616 1206; x_wconf 68' lang='grc' dir='ltr'>Ἰερουσαλὴμ</span> <span class='ocrx_word' id='word_1_181' title='bbox 3645 1138 3678 1205; x_wconf 79' lang='grc' dir='ltr'><strong>ἡ</strong></span> <span class='ocrx_word' id='word_1_182' title='bbox 3699 1134 3759 1187; x_wconf 77' lang='grc' dir='ltr'><strong>τὸ</strong></span> <span class='ocrx_word' id='word_1_183' title='bbox 3792 1134 3950 1200; x_wconf 79' lang='grc' dir='ltr'>ἁγία-</span> 
     </span>
    </p>
   </div>
   <div class='ocr_carea' id='block_1_27' title="bbox 2370 1226 3962 1303">
    <p class='ocr_par' dir='ltr' id='par_1_27' title="bbox 2370 1226 3962 1303">
     <span class='ocr_line' id='line_1_27' title="bbox 2370 1226 3962 1303; baseline -0.006 -18"><span class='ocrx_word' id='word_1_184' title='bbox 2370 1251 2483 1303; x_wconf 88' lang='grc' dir='ltr'><strong>σμα</strong></span> <span class='ocrx_word' id='word_1_185' title='bbox 2516 1233 2774 1301; x_wconf 78' lang='grc' dir='ltr'>φέρουσα,</span> <span class='ocrx_word' id='word_1_186' title='bbox 2800 1233 2880 1294; x_wconf 85' lang='grc' dir='ltr'><strong>είς</strong></span> <span class='ocrx_word' id='word_1_187' title='bbox 2916 1232 3001 1299; x_wconf 79' lang='grc' dir='ltr'><strong>ἣν.</strong></span> <span class='ocrx_word' id='word_1_188' title='bbox 3029 1230 3174 1282; x_wconf 88' lang='grc' dir='ltr'><strong>κατά</strong></span> <span class='ocrx_word' id='word_1_189' title='bbox 3202 1228 3448 1298; x_wconf 78' lang='grc' dir='ltr'>καιροὺς,</span> <span class='ocrx_word' id='word_1_190' title='bbox 3479 1230 3527 1279; x_wconf 79' lang='grc' dir='ltr'><strong>οἱ</strong></span> <span class='ocrx_word' id='word_1_191' title='bbox 3555 1228 3655 1287; x_wconf 75' lang='grc' dir='ltr'><strong>τὰς</strong></span> <span class='ocrx_word' id='word_1_192' title='bbox 3690 1226 3858 1287; x_wconf 81' lang='grc' dir='ltr'>ἄλλας</span> <span class='ocrx_word' id='word_1_193' title='bbox 3886 1226 3962 1275; x_wconf 79' lang='grc' dir='ltr'><strong>οἱ·</strong></span> 
     </span>
    </p>
   </div>
   <div class='ocr_carea' id='block_1_28' title="bbox 2370 1311 3965 1391">
    <p class='ocr_par' dir='ltr' id='par_1_28' title="bbox 2370 1311 3965 1391">
     <span class='ocr_line' id='line_1_28' title="bbox 2370 1311 3965 1391; baseline -0.006 -16"><span class='ocrx_word' id='word_1_194' title='bbox 2370 1322 2592 1383; x_wconf 85' lang='grc' dir='ltr'>κοῦντες</span> <span class='ocrx_word' id='word_1_195' title='bbox 2616 1323 2896 1391; x_wconf 77' lang='grc' dir='ltr'><strong>ἀπήντων,</strong></span> <span class='ocrx_word' id='word_1_196' title='bbox 2923 1320 3021 1389; x_wconf 81' lang='grc' dir='ltr'>τὴν</span> <span class='ocrx_word' id='word_1_197' title='bbox 3053 1318 3351 1387; x_wconf 85' lang='grc' dir='ltr'>θρησκείαν</span> <span class='ocrx_word' id='word_1_198' title='bbox 3378 1315 3784 1374; x_wconf 78' lang='grc' dir='ltr'>ἐπιτελέσοντες</span> <span class='ocrx_word' id='word_1_199' title='bbox 3808 1329 3823 1343; x_wconf 78' lang='grc'><strong><em>⁸</em></strong></span> <span class='ocrx_word' id='word_1_200' title='bbox 3865 1311 3965 1365; x_wconf 80' lang='grc' dir='ltr'>οῦ-</span> 
     </span>
    </p>
   </div>
   <div class='ocr_carea' id='block_1_29' title="bbox 2369 1403 3963 1481">
    <p class='ocr_par' dir='ltr' id='par_1_29' title="bbox 2369 1403 3963 1481">
     <span class='ocr_line' id='line_1_29' title="bbox 2369 1403 3963 1481; baseline -0.006 -16"><span class='ocrx_word' id='word_1_201' title='bbox 2369 1430 2446 1465; x_wconf 85' lang='grc' dir='ltr'><strong>τω</strong></span> <span class='ocrx_word' id='word_1_202' title='bbox 2478 1413 2694 1481; x_wconf 80' lang='grc' dir='ltr'>νοητέον</span> <span class='ocrx_word' id='word_1_203' title='bbox 2733 1414 2804 1464; x_wconf 82' lang='grc' dir='ltr'><strong>ἐν</strong></span> <span class='ocrx_word' id='word_1_204' title='bbox 2842 1410 3124 1478; x_wconf 76' lang='grc' dir='ltr'><strong>οὐρανοῖς</strong></span> <span class='ocrx_word' id='word_1_205' title='bbox 3152 1410 3402 1477; x_wconf 87' lang='grc' dir='ltr'>ἀγίασμα</span> <span class='ocrx_word' id='word_1_206' title='bbox 3433 1407 3703 1476; x_wconf 81' lang='grc' dir='ltr'><strong>ὑπάρχειν</strong></span> <span class='ocrx_word' id='word_1_207' title='bbox 3734 1403 3963 1473; x_wconf 66' lang='grc' dir='ltr'>ἐξαίρει</span> 
     </span>
    </p>
   </div>
   <div class='ocr_carea' id='block_1_30' title="bbox 2368 1496 3965 1573">
    <p class='ocr_par' dir='ltr' id='par_1_30' title="bbox 2368 1496 3965 1573">
     <span class='ocr_line' id='line_1_30' title="bbox 2368 1496 3965 1573; baseline -0.005 -17"><span class='ocrx_word' id='word_1_208' title='bbox 2368 1521 2480 1568; x_wconf 90' lang='grc' dir='ltr'>τον,</span> <span class='ocrx_word' id='word_1_209' title='bbox 2518 1504 2654 1573; x_wconf 74' lang='grc' dir='ltr'>πλὴν</span> <span class='ocrx_word' id='word_1_210' title='bbox 2682 1503 2775 1557; x_wconf 87' lang='grc' dir='ltr'><strong>τοῦ</strong></span> <span class='ocrx_word' id='word_1_211' title='bbox 2807 1504 3111 1573; x_wconf 73' lang='grc' dir='ltr'><strong>ἀρχιερέως</strong></span> <span class='ocrx_word' id='word_1_212' title='bbox 3138 1500 3269 1553; x_wconf 83' lang='grc' dir='ltr'>Υίοῦ</span> <span class='ocrx_word' id='word_1_213' title='bbox 3303 1499 3398 1553; x_wconf 90' lang='grc' dir='ltr'><strong>τοῦ</strong></span> <span class='ocrx_word' id='word_1_214' title='bbox 3427 1499 3584 1562; x_wconf 80' lang='grc' dir='ltr'>Θεοῦ,</span> <span class='ocrx_word' id='word_1_215' title='bbox 3616 1498 3818 1551; x_wconf 78' lang='grc' dir='ltr'>ἄϐατον</span> <span class='ocrx_word' id='word_1_216' title='bbox 3850 1496 3965 1549; x_wconf 76' lang='grc' dir='ltr'><strong>ὕπ-</strong></span> 
     </span>
    </p>
   </div>
   <div class='ocr_carea' id='block_1_31' title="bbox 2370 1586 3966 1666">
    <p class='ocr_par' dir='ltr' id='par_1_31' title="bbox 2370 1586 3966 1666">
     <span class='ocr_line' id='line_1_31' title="bbox 2370 1586 3966 1666; baseline -0.008 -16"><span class='ocrx_word' id='word_1_217' title='bbox 2370 1597 2536 1666; x_wconf 83' lang='grc' dir='ltr'>άρχον</span> <span class='ocrx_word' id='word_1_218' title='bbox 2591 1598 2703 1657; x_wconf 87' lang='grc' dir='ltr'>τοῖς</span> <span class='ocrx_word' id='word_1_219' title='bbox 2758 1594 2961 1657; x_wconf 80' lang='grc' dir='ltr'>ἄλλοις,</span> <span class='ocrx_word' id='word_1_220' title='bbox 3100 1594 3245 1663; x_wconf 82' lang='grc' dir='ltr'><strong>μόνῳ</strong></span> <span class='ocrx_word' id='word_1_221' title='bbox 3290 1591 3449 1659; x_wconf 82' lang='grc' dir='ltr'><strong>θέμις</strong></span> <span class='ocrx_word' id='word_1_222' title='bbox 3503 1593 3567 1659; x_wconf 82' lang='grc' dir='ltr'>τῇ</span> <span class='ocrx_word' id='word_1_223' title='bbox 3612 1587 3709 1640; x_wconf 86' lang='grc' dir='ltr'><strong>τοῦ</strong></span> <span class='ocrx_word' id='word_1_224' title='bbox 3740 1586 3966 1655; x_wconf 71' lang='grc' dir='ltr'>Πατρὺς</span> 
     </span>
    </p>
   </div>
   <div class='ocr_carea' id='block_1_32' title="bbox 2368 1681 3966 1756">
    <p class='ocr_par' dir='ltr' id='par_1_32' title="bbox 2368 1681 3966 1756">
     <span class='ocr_line' id='line_1_32' title="bbox 2368 1681 3966 1756; baseline -0.006 -15"><span class='ocrx_word' id='word_1_225' title='bbox 2368 1689 2624 1753; x_wconf 75' lang='grc' dir='ltr'><strong>πελάζειν</strong></span> <span class='ocrx_word' id='word_1_226' title='bbox 2649 1688 2886 1756; x_wconf 87' lang='grc' dir='ltr'>θεότητι,</span> <span class='ocrx_word' id='word_1_227' title='bbox 2914 1687 2993 1749; x_wconf 75' lang='grc' dir='ltr'>εἷς</span> <span class='ocrx_word' id='word_1_228' title='bbox 3027 1703 3084 1738; x_wconf 89' lang='grc' dir='ltr'><strong>τε</strong></span> <span class='ocrx_word' id='word_1_229' title='bbox 3109 1685 3342 1747; x_wconf 82' lang='grc' dir='ltr'>κόλπους</span> <span class='ocrx_word' id='word_1_230' title='bbox 3364 1700 3377 1714; x_wconf 75' lang='grc'><strong><em>⁸</em></strong></span> <span class='ocrx_word' id='word_1_231' title='bbox 3402 1683 3512 1736; x_wconf 88' lang='grc' dir='ltr'><strong>τῶν</strong></span> <span class='ocrx_word' id='word_1_232' title='bbox 3540 1681 3713 1736; x_wconf 85' lang='grc' dir='ltr'>ἀλλων</span> <span class='ocrx_word' id='word_1_233' title='bbox 3743 1681 3966 1747; x_wconf 86' lang='grc' dir='ltr'>καιροῖς</span> 
     </span>
    </p>
   </div>
   <div class='ocr_carea' id='block_1_33' title="bbox 2367 1765 3963 1845">
    <p class='ocr_par' dir='ltr' id='par_1_33' title="bbox 2367 1765 3963 1845">
     <span class='ocr_line' id='line_1_33' title="bbox 2367 1765 3963 1845; baseline -0.007 -14"><span class='ocrx_word' id='word_1_234' title='bbox 2367 1778 2727 1845; x_wconf 85' lang='grc' dir='ltr'><strong>τεταγμένοις</strong></span> <span class='ocrx_word' id='word_1_235' title='bbox 2756 1777 2973 1843; x_wconf 75' lang='grc' dir='ltr'>(οῐτινές</span> <span class='ocrx_word' id='word_1_236' title='bbox 3005 1792 3136 1827; x_wconf 86' lang='grc' dir='ltr'>ποτε</span> <span class='ocrx_word' id='word_1_237' title='bbox 3171 1776 3221 1827; x_wconf 79' lang='lat' dir='ltr'><strong>ot</strong></span> <span class='ocrx_word' id='word_1_238' title='bbox 3262 1772 3445 1843; x_wconf 82' lang='grc' dir='ltr'>καιροὶ</span> <span class='ocrx_word' id='word_1_239' title='bbox 3504 1770 3749 1824; x_wconf 87' lang='grc' dir='ltr'>νοοῦνται</span> <span class='ocrx_word' id='word_1_240' title='bbox 3785 1765 3963 1831; x_wconf 73' lang='grc' dir='ltr'>οὗτοι,</span> 
     </span>
    </p>
   </div>
   <div class='ocr_carea' id='block_1_34' title="bbox 690 1861 2367 1939">
    <p class='ocr_par' dir='ltr' id='par_1_34' title="bbox 690 1862 2339 1931">
     <span class='ocr_line' id='line_1_34' title="bbox 690 1862 2339 1931; baseline 0.004 -16"><span class='ocrx_word' id='word_1_241' title='bbox 690 1862 965 1926; x_wconf 81' lang='lat' dir='ltr'><strong>colebant,</strong></span> <span class='ocrx_word' id='word_1_242' title='bbox 1007 1878 1291 1917; x_wconf 88' lang='lat' dir='ltr'><strong>sacrorum</strong></span> <span class='ocrx_word' id='word_1_243' title='bbox 1326 1878 1492 1918; x_wconf 84' lang='lat' dir='ltr'><strong>causa</strong></span> <span class='ocrx_word' id='word_1_244' title='bbox 1519 1864 1919 1919; x_wconf 85' lang='lat' dir='ltr'><strong>conveniebant</strong></span> <span class='ocrx_word' id='word_1_245' title='bbox 1948 1906 1963 1931; x_wconf 91' lang='lat'><strong>,</strong></span> <span class='ocrx_word' id='word_1_246' title='bbox 1996 1866 2077 1922; x_wconf 89' lang='lat' dir='ltr'><strong>sic</strong></span> <span class='ocrx_word' id='word_1_247' title='bbox 2101 1869 2265 1922; x_wconf 89' lang='lat' dir='ltr'><strong>intel-</strong></span> <span class='ocrx_word' id='word_1_248' title='bbox 2297 1867 2339 1921; x_wconf 84' lang='grc' dir='ltr'><strong><em>Β</em></strong></span> 
     </span>
    </p>
   </div>
   <div class='ocr_carea' id='block_1_35' title="bbox 2291 1861 3968 1939">
    <p class='ocr_par' dir='ltr' id='par_1_35' title="bbox 2297 1861 3968 1939">
     <span class='ocr_line' id='line_1_35' title="bbox 2297 1861 3968 1939; baseline -0.005 -18"><span class='ocrx_word' id='word_1_249' title='bbox 2297 1867 2339 1921; x_wconf 84' lang='grc' dir='ltr'><strong><em>Β</em></strong></span> <span class='ocrx_word' id='word_1_250' title='bbox 2370 1870 2463 1924; x_wconf 78' lang='grc' dir='ltr'>καὶ</span> <span class='ocrx_word' id='word_1_251' title='bbox 2490 1870 2560 1923; x_wconf 83' lang='grc' dir='ltr'><strong>τά</strong></span> <span class='ocrx_word' id='word_1_252' title='bbox 2591 1872 2650 1922; x_wconf 87' lang='grc' dir='ltr'><strong>ἐν</strong></span> <span class='ocrx_word' id='word_1_253' title='bbox 2682 1872 2747 1939; x_wconf 81' lang='grc' dir='ltr'>τῇ</span> <span class='ocrx_word' id='word_1_254' title='bbox 2781 1872 2938 1923; x_wconf 87' lang='grc' dir='ltr'>τακεῖ</span> <span class='ocrx_word' id='word_1_255' title='bbox 2964 1878 3011 1931; x_wconf 78' lang='grc' dir='ltr'>ο,</span> <span class='ocrx_word' id='word_1_256' title='bbox 3052 1861 3128 1921; x_wconf 84' lang='grc' dir='ltr'>ὧν</span> <span class='ocrx_word' id='word_1_257' title='bbox 3153 1883 3240 1930; x_wconf 92' lang='grc' dir='ltr'><strong>τις</strong></span> <span class='ocrx_word' id='word_1_258' title='bbox 3284 1865 3568 1935; x_wconf 80' lang='grc' dir='ltr'><strong>προφήτης</strong></span> <span class='ocrx_word' id='word_1_259' title='bbox 3603 1867 3662 1918; x_wconf 76' lang='grc' dir='ltr'><strong>ἐν</strong></span> <span class='ocrx_word' id='word_1_260' title='bbox 3706 1862 3968 1932; x_wconf 69' lang='grc' dir='ltr'>περινοίᾳ</span> 
     </span>
    </p>
   </div>
   <div class='ocr_carea' id='block_1_36' title="bbox 690 1951 2270 2017">
    <p class='ocr_par' dir='ltr' id='par_1_36' title="bbox 690 1951 2270 2017">
     <span class='ocr_line' id='line_1_36' title="bbox 690 1951 2270 2017; baseline 0.007 -14"><span class='ocrx_word' id='word_1_261' title='bbox 690 1951 964 2017; x_wconf 74' lang='lat' dir='ltr'><strong>ligendam</strong></span> <span class='ocrx_word' id='word_1_262' title='bbox 994 1961 1079 2008; x_wconf 90' lang='lat' dir='ltr'><strong>est</strong></span> <span class='ocrx_word' id='word_1_263' title='bbox 1108 1954 1365 2007; x_wconf 77' lang='lat' dir='ltr'><strong>eximiam</strong></span> <span class='ocrx_word' id='word_1_264' title='bbox 1398 1956 1454 2006; x_wconf 86' lang='lat' dir='ltr'><strong>in</strong></span> <span class='ocrx_word' id='word_1_265' title='bbox 1492 1955 1637 2008; x_wconf 70' lang='lat' dir='ltr'><strong>caelis</strong></span> <span class='ocrx_word' id='word_1_266' title='bbox 1663 1957 1845 2010; x_wconf 91' lang='lat' dir='ltr'><strong>inesse</strong></span> <span class='ocrx_word' id='word_1_267' title='bbox 1875 1960 2090 2012; x_wconf 74' lang='lat' dir='ltr'><strong>cmleris</strong></span> <span class='ocrx_word' id='word_1_268' title='bbox 2126 1959 2270 2014; x_wconf 86' lang='lat' dir='ltr'><strong>inac-</strong></span> 
     </span>
    </p>
   </div>
   <div class='ocr_carea' id='block_1_37' title="bbox 687 2044 2269 2118">
    <p class='ocr_par' dir='ltr' id='par_1_37' title="bbox 687 2044 2269 2118">
     <span class='ocr_line' id='line_1_37' title="bbox 687 2044 2269 2118; baseline 0.006 -23"><span class='ocrx_word' id='word_1_269' title='bbox 687 2057 903 2097; x_wconf 86' lang='lat' dir='ltr'><strong>cessam</strong></span> <span class='ocrx_word' id='word_1_270' title='bbox 965 2044 1057 2097; x_wconf 89' lang='lat' dir='ltr'><strong>lilii</strong></span> <span class='ocrx_word' id='word_1_271' title='bbox 1122 2044 1214 2097; x_wconf 81' lang='lat' dir='ltr'><strong>Dei</strong></span> <span class='ocrx_word' id='word_1_272' title='bbox 1283 2046 1559 2114; x_wconf 81' lang='lat' dir='ltr'><strong>pontiﬁcis</strong></span> <span class='ocrx_word' id='word_1_273' title='bbox 1608 2048 1829 2101; x_wconf 80' lang='lat' dir='ltr'><strong>maximi</strong></span> <span class='ocrx_word' id='word_1_274' title='bbox 1883 2049 2269 2118; x_wconf 82' lang='lat' dir='ltr'><strong>sanctitatem;</strong></span> 
     </span>
    </p>
   </div>
   <div class='ocr_carea' id='block_1_38' title="bbox 688 2138 2268 2209">
    <p class='ocr_par' dir='ltr' id='par_1_38' title="bbox 688 2138 2268 2209">
     <span class='ocr_line' id='line_1_38' title="bbox 688 2138 2268 2209; baseline 0.001 -13"><span class='ocrx_word' id='word_1_275' title='bbox 688 2140 847 2209; x_wconf 78' lang='lat'><strong>763</strong></span> <span class='ocrx_word' id='word_1_276' title='bbox 879 2141 967 2193; x_wconf 93' lang='lat' dir='ltr'><strong>cui</strong></span> <span class='ocrx_word' id='word_1_277' title='bbox 1013 2140 1116 2194; x_wconf 89' lang='lat' dir='ltr'><strong>soli</strong></span> <span class='ocrx_word' id='word_1_278' title='bbox 1171 2138 1255 2193; x_wconf 86' lang='lat' dir='ltr'><strong>l‘as</strong></span> <span class='ocrx_word' id='word_1_279' title='bbox 1293 2141 1366 2194; x_wconf 86' lang='lat' dir='ltr'><strong>sit</strong></span> <span class='ocrx_word' id='word_1_280' title='bbox 1422 2139 1490 2194; x_wconf 92' lang='lat' dir='ltr'><strong>ad</strong></span> <span class='ocrx_word' id='word_1_281' title='bbox 1548 2139 1730 2197; x_wconf 82' lang='lat' dir='ltr'><strong>Patris</strong></span> <span class='ocrx_word' id='word_1_282' title='bbox 1782 2141 2123 2198; x_wconf 69' lang='lat' dir='ltr'><strong>divinitatem</strong></span> <span class='ocrx_word' id='word_1_283' title='bbox 2187 2144 2268 2199; x_wconf 86' lang='lat' dir='ltr'><strong>si-</strong></span> 
     </span>
    </p>
   </div>
   <div class='ocr_carea' id='block_1_39' title="bbox 688 2233 2273 2305">
    <p class='ocr_par' dir='ltr' id='par_1_39' title="bbox 688 2233 2273 2305">
     <span class='ocr_line' id='line_1_39' title="bbox 688 2233 2273 2305; baseline 0.004 -21"><span class='ocrx_word' id='word_1_284' title='bbox 688 2247 930 2301; x_wconf 91' lang='lat' dir='ltr'><strong>numque</strong></span> <span class='ocrx_word' id='word_1_285' title='bbox 979 2233 1299 2286; x_wconf 85' lang='lat' dir='ltr'><strong>accedere:</strong></span> <span class='ocrx_word' id='word_1_286' title='bbox 1365 2246 1489 2285; x_wconf 89' lang='lat' dir='ltr'><strong>cum</strong></span> <span class='ocrx_word' id='word_1_287' title='bbox 1558 2234 1719 2289; x_wconf 81' lang='lat' dir='ltr'><strong>statis</strong></span> <span class='ocrx_word' id='word_1_288' title='bbox 1785 2235 1875 2288; x_wconf 85' lang='lat' dir='ltr'><strong>alii</strong></span> <span class='ocrx_word' id='word_1_289' title='bbox 1929 2235 2273 2305; x_wconf 90' lang='lat' dir='ltr'><strong>temporibus</strong></span> 
     </span>
    </p>
   </div>
   <div class='ocr_carea' id='block_1_40' title="bbox 688 2320 2264 2395">
    <p class='ocr_par' dir='ltr' id='par_1_40' title="bbox 688 2320 2264 2395">
     <span class='ocr_line' id='line_1_40' title="bbox 688 2320 2264 2395; baseline 0.004 -22"><span class='ocrx_word' id='word_1_290' title='bbox 688 2320 847 2389; x_wconf 74' lang='lat' dir='ltr'><strong>(qua:</strong></span> <span class='ocrx_word' id='word_1_291' title='bbox 908 2321 1129 2391; x_wconf 85' lang='lat' dir='ltr'><strong>quidem</strong></span> <span class='ocrx_word' id='word_1_292' title='bbox 1165 2323 1271 2376; x_wconf 91' lang='lat' dir='ltr'><strong>ista</strong></span> <span class='ocrx_word' id='word_1_293' title='bbox 1316 2338 1439 2377; x_wconf 84' lang='lat' dir='ltr'><strong>esse</strong></span> <span class='ocrx_word' id='word_1_294' title='bbox 1484 2324 1906 2393; x_wconf 84' lang='lat' dir='ltr'><strong>intelliguntur,</strong></span> <span class='ocrx_word' id='word_1_295' title='bbox 1942 2334 1997 2379; x_wconf 89' lang='lat' dir='ltr'><strong>et</strong></span> <span class='ocrx_word' id='word_1_296' title='bbox 2049 2327 2142 2395; x_wconf 90' lang='lat' dir='ltr'><strong>qui</strong></span> <span class='ocrx_word' id='word_1_297' title='bbox 2192 2327 2264 2381; x_wconf 91' lang='lat' dir='ltr'><strong>ibi</strong></span> 
     </span>
    </p>
   </div>
   <div class='ocr_carea' id='block_1_41' title="bbox 688 2414 2261 2486">
    <p class='ocr_par' dir='ltr' id='par_1_41' title="bbox 688 2414 2261 2486">
     <span class='ocr_line' id='line_1_41' title="bbox 688 2414 2261 2486; baseline 0.004 -21"><span class='ocrx_word' id='word_1_298' title='bbox 688 2421 819 2465; x_wconf 88' lang='lat' dir='ltr'><strong>sunt</strong></span> <span class='ocrx_word' id='word_1_299' title='bbox 862 2414 1018 2477; x_wconf 90' lang='lat' dir='ltr'><strong>anni,</strong></span> <span class='ocrx_word' id='word_1_300' title='bbox 1064 2414 1131 2467; x_wconf 91' lang='lat' dir='ltr'><strong>ad</strong></span> <span class='ocrx_word' id='word_1_301' title='bbox 1165 2429 1307 2483; x_wconf 91' lang='lat' dir='ltr'><strong>quos</strong></span> <span class='ocrx_word' id='word_1_302' title='bbox 1360 2414 1625 2483; x_wconf 82' lang='lat' dir='ltr'><strong>propheta</strong></span> <span class='ocrx_word' id='word_1_303' title='bbox 1665 2415 1884 2483; x_wconf 88' lang='lat' dir='ltr'><strong>quidam</strong></span> <span class='ocrx_word' id='word_1_304' title='bbox 1937 2418 2261 2486; x_wconf 89' lang='lat' dir='ltr'><strong>respiciens,</strong></span> 
     </span>
    </p>
   </div>
   <div class='ocr_carea' id='block_1_42' title="bbox 689 2504 2265 2561">
    <p class='ocr_par' dir='ltr' id='par_1_42' title="bbox 689 2504 2265 2561">
     <span class='ocr_line' id='line_1_42' title="bbox 689 2504 2265 2561; baseline 0.005 -9"><span class='ocrx_word' id='word_1_305' title='bbox 689 2518 863 2558; x_wconf 79' lang='lat' dir='ltr'><strong>annos</strong></span> <span class='ocrx_word' id='word_1_306' title='bbox 906 2512 1145 2560; x_wconf 66' lang='lat' dir='ltr'><strong>aeternos</strong></span> <span class='ocrx_word' id='word_1_307' title='bbox 1195 2505 1249 2558; x_wconf 93' lang='lat' dir='ltr'><strong>in</strong></span> <span class='ocrx_word' id='word_1_308' title='bbox 1282 2506 1547 2559; x_wconf 88' lang='lat' dir='ltr'><strong>memoria</strong></span> <span class='ocrx_word' id='word_1_309' title='bbox 1604 2504 1866 2559; x_wconf 87' lang='lat' dir='ltr'><strong>habuisse</strong></span> <span class='ocrx_word' id='word_1_310' title='bbox 1894 2520 1952 2560; x_wconf 85' lang='lat' dir='ltr'><strong>se</strong></span> <span class='ocrx_word' id='word_1_311' title='bbox 1986 2516 2041 2561; x_wconf 91' lang='lat' dir='ltr'><strong>et</strong></span> <span class='ocrx_word' id='word_1_312' title='bbox 2091 2506 2265 2559; x_wconf 83' lang='lat' dir='ltr'><strong>medi-</strong></span> 
     </span>
    </p>
   </div>
   <div class='ocr_carea' id='block_1_43' title="bbox 690 2594 2259 2665">
    <p class='ocr_par' dir='ltr' id='par_1_43' title="bbox 690 2594 2259 2665">
     <span class='ocr_line' id='line_1_43' title="bbox 690 2594 2259 2665; baseline 0.003 -19"><span class='ocrx_word' id='word_1_313' title='bbox 690 2604 861 2647; x_wconf 88' lang='lat' dir='ltr'><strong>tatum</strong></span> <span class='ocrx_word' id='word_1_314' title='bbox 937 2610 1062 2650; x_wconf 86' lang='lat' dir='ltr'><strong>esse</strong></span> <span class='ocrx_word' id='word_1_315' title='bbox 1127 2595 1342 2648; x_wconf 89' lang='lat' dir='ltr'><strong>dicebat</strong></span> <span class='ocrx_word' id='word_1_316' title='bbox 1393 2594 1481 2665; x_wconf 78' lang='grc'><strong>’³)</strong></span> <span class='ocrx_word' id='word_1_317' title='bbox 1541 2595 1609 2650; x_wconf 84' lang='lat' dir='ltr'><strong>ad</strong></span> <span class='ocrx_word' id='word_1_318' title='bbox 1659 2595 1917 2648; x_wconf 80' lang='lat' dir='ltr'><strong>eximiam</strong></span> <span class='ocrx_word' id='word_1_319' title='bbox 1992 2595 2259 2650; x_wconf 64' lang='lat' dir='ltr'><strong>caelorum</strong></span> 
     </span>
    </p>
   </div>
   <div class='ocr_carea' id='block_1_44' title="bbox 689 2683 2263 2755">
    <p class='ocr_par' dir='ltr' id='par_1_44' title="bbox 689 2683 2263 2755">
     <span class='ocr_line' id='line_1_44' title="bbox 689 2683 2263 2755; baseline 0.002 -19"><span class='ocrx_word' id='word_1_320' title='bbox 689 2684 963 2738; x_wconf 74' lang='lat' dir='ltr'><strong>civitatem</strong></span> <span class='ocrx_word' id='word_1_321' title='bbox 996 2693 1299 2753; x_wconf 84' lang='lat' dir='ltr'><strong>transeant,</strong></span> <span class='ocrx_word' id='word_1_322' title='bbox 1342 2683 1434 2740; x_wconf 83' lang='lat' dir='ltr'><strong>Dei</strong></span> <span class='ocrx_word' id='word_1_323' title='bbox 1468 2700 1657 2755; x_wconf 86' lang='lat' dir='ltr'><strong>regno,</strong></span> <span class='ocrx_word' id='word_1_324' title='bbox 1690 2693 1744 2739; x_wconf 85' lang='lat' dir='ltr'><strong>et</strong></span> <span class='ocrx_word' id='word_1_325' title='bbox 1772 2685 1861 2751; x_wconf 91' lang='lat' dir='ltr'><strong>iis,</strong></span> <span class='ocrx_word' id='word_1_326' title='bbox 1890 2686 1985 2754; x_wconf 88' lang='lat' dir='ltr'><strong>qui</strong></span> <span class='ocrx_word' id='word_1_327' title='bbox 2012 2686 2078 2739; x_wconf 89' lang='lat' dir='ltr'><strong>ad</strong></span> <span class='ocrx_word' id='word_1_328' title='bbox 2109 2700 2263 2741; x_wconf 85' lang='lat' dir='ltr'><strong>sum-</strong></span> 
     </span>
    </p>
   </div>
   <div class='ocr_carea' id='block_1_45' title="bbox 690 2775 2266 2847">
    <p class='ocr_par' dir='ltr' id='par_1_45' title="bbox 690 2775 2266 2847">
     <span class='ocr_line' id='line_1_45' title="bbox 690 2775 2266 2847; baseline 0.003 -21"><span class='ocrx_word' id='word_1_329' title='bbox 690 2791 837 2828; x_wconf 91' lang='lat' dir='ltr'><strong>mum</strong></span> <span class='ocrx_word' id='word_1_330' title='bbox 901 2775 1257 2832; x_wconf 82' lang='lat' dir='ltr'><strong>beatitudinis</strong></span> <span class='ocrx_word' id='word_1_331' title='bbox 1317 2777 1595 2847; x_wconf 76' lang='lat' dir='ltr'><strong>fastigium</strong></span> <span class='ocrx_word' id='word_1_332' title='bbox 1644 2788 2047 2846; x_wconf 84' lang='lat' dir='ltr'><strong>pervenerunt,</strong></span> <span class='ocrx_word' id='word_1_333' title='bbox 2098 2778 2266 2832; x_wconf 81' lang='lat' dir='ltr'><strong>ascri-</strong></span> 
     </span>
    </p>
   </div>
   <div class='ocr_carea' id='block_1_46' title="bbox 2372 1956 3966 2032">
    <p class='ocr_par' dir='ltr' id='par_1_46' title="bbox 2372 1956 3966 2032">
     <span class='ocr_line' id='line_1_46' title="bbox 2372 1956 3966 2032; baseline -0.004 -18"><span class='ocrx_word' id='word_1_334' title='bbox 2372 1962 2668 2032; x_wconf 78' lang='grc' dir='ltr'>γενόμενος</span> <span class='ocrx_word' id='word_1_335' title='bbox 2691 1961 3019 2028; x_wconf 74' lang='grc' dir='ltr'>ελεγεοιΚαὶ</span> <span class='ocrx_word' id='word_1_336' title='bbox 3046 1959 3140 2029; x_wconf 72' lang='grc' dir='ltr'>ἔτη</span> <span class='ocrx_word' id='word_1_337' title='bbox 3164 1957 3359 2012; x_wconf 79' lang='grc' dir='ltr'><strong>αἰώνια</strong></span> <span class='ocrx_word' id='word_1_338' title='bbox 3376 1956 3677 2027; x_wconf 84' lang='grc' dir='ltr'>ἐμνήσθην,</span> <span class='ocrx_word' id='word_1_339' title='bbox 3706 1956 3803 2009; x_wconf 73' lang='grc' dir='ltr'><strong>καὶ</strong></span> <span class='ocrx_word' id='word_1_340' title='bbox 3827 1956 3966 2023; x_wconf 79' lang='grc' dir='ltr'>ἐμε-</span> 
     </span>
    </p>
   </div>
   <div class='ocr_carea' id='block_1_47' title="bbox 2370 2046 3966 2121">
    <p class='ocr_par' dir='ltr' id='par_1_47' title="bbox 2370 2046 3966 2121">
     <span class='ocr_line' id='line_1_47' title="bbox 2370 2046 3966 2121; baseline -0.006 -16"><span class='ocrx_word' id='word_1_341' title='bbox 2370 2053 2574 2121; x_wconf 72' lang='grc' dir='ltr'>λέτησα</span> <span class='ocrx_word' id='word_1_342' title='bbox 2604 2052 2649 2120; x_wconf 73' lang='grc' dir='ltr'><strong>ι)</strong></span> <span class='ocrx_word' id='word_1_343' title='bbox 2666 2052 3046 2105; x_wconf 73' lang='grc' dir='ltr'>διαϐαινόντων</span> <span class='ocrx_word' id='word_1_344' title='bbox 3061 2052 3152 2103; x_wconf 71' lang='grc' dir='ltr'><strong>ἐπὶ</strong></span> <span class='ocrx_word' id='word_1_345' title='bbox 3171 2050 3272 2120; x_wconf 79' lang='grc' dir='ltr'>τὴν</span> <span class='ocrx_word' id='word_1_346' title='bbox 3288 2048 3563 2118; x_wconf 80' lang='grc' dir='ltr'>ἐξαίρετον</span> <span class='ocrx_word' id='word_1_347' title='bbox 3577 2046 3966 2118; x_wconf 82' lang='grc' dir='ltr'>ούρανόπολιν,</span> 
     </span>
    </p>
   </div>
   <div class='ocr_carea' id='block_1_48' title="bbox 2372 2138 3968 2213">
    <p class='ocr_par' dir='ltr' id='par_1_48' title="bbox 2372 2138 3968 2213">
     <span class='ocr_line' id='line_1_48' title="bbox 2372 2138 3968 2213; baseline -0.004 -18"><span class='ocrx_word' id='word_1_348' title='bbox 2372 2145 2437 2213; x_wconf 84' lang='grc' dir='ltr'>τῇ</span> <span class='ocrx_word' id='word_1_349' title='bbox 2472 2142 2567 2195; x_wconf 91' lang='grc' dir='ltr'><strong>τοῦ</strong></span> <span class='ocrx_word' id='word_1_350' title='bbox 2596 2142 2732 2196; x_wconf 82' lang='grc' dir='ltr'>Θεοῦ</span> <span class='ocrx_word' id='word_1_351' title='bbox 2770 2143 3020 2213; x_wconf 74' lang='grc' dir='ltr'><strong>βασιλείᾳ</strong></span> <span class='ocrx_word' id='word_1_352' title='bbox 3050 2141 3445 2211; x_wconf 78' lang='grc' dir='ltr'><strong>ἀφωρισμένην</strong></span> <span class='ocrx_word' id='word_1_353' title='bbox 3494 2138 3682 2210; x_wconf 84' lang='grc' dir='ltr'>μονὴν,</span> <span class='ocrx_word' id='word_1_354' title='bbox 3715 2138 3815 2191; x_wconf 74' lang='grc' dir='ltr'>καὶ</span> <span class='ocrx_word' id='word_1_355' title='bbox 3846 2138 3968 2200; x_wconf 84' lang='grc' dir='ltr'>τοῖς</span> 
     </span>
    </p>
   </div>
   <div class='ocr_carea' id='block_1_49' title="bbox 2373 2224 3968 2303">
    <p class='ocr_par' dir='ltr' id='par_1_49' title="bbox 2373 2224 3968 2303">
     <span class='ocr_line' id='line_1_49' title="bbox 2373 2224 3968 2303; baseline -0.004 -18"><span class='ocrx_word' id='word_1_356' title='bbox 2373 2235 2454 2293; x_wconf 82' lang='lat' dir='ltr'><strong>et;</strong></span> <span class='ocrx_word' id='word_1_357' title='bbox 2478 2232 2647 2303; x_wconf 78' lang='grc' dir='ltr'>ἀκρον</span> <span class='ocrx_word' id='word_1_358' title='bbox 2680 2232 3083 2303; x_wconf 83' lang='grc' dir='ltr'>μακαριότητος</span> <span class='ocrx_word' id='word_1_359' title='bbox 3113 2233 3363 2303; x_wconf 79' lang='grc' dir='ltr'>ἥκουσιν,</span> <span class='ocrx_word' id='word_1_360' title='bbox 3400 2224 3469 2299; x_wconf 84' lang='grc' dir='ltr'>ἦς</span> <span class='ocrx_word' id='word_1_361' title='bbox 3500 2229 3563 2282; x_wconf 85' lang='grc' dir='ltr'><strong>ού</strong></span> <span class='ocrx_word' id='word_1_362' title='bbox 3595 2228 3968 2297; x_wconf 73' lang='grc' dir='ltr'>στερήσονται</span> 
     </span>
    </p>
   </div>
   <div class='ocr_carea' id='block_1_50' title="bbox 2372 2316 3967 2391">
    <p class='ocr_par' dir='ltr' id='par_1_50' title="bbox 2372 2316 3967 2391">
     <span class='ocr_line' id='line_1_50' title="bbox 2372 2316 3967 2391; baseline -0.004 -15"><span class='ocrx_word' id='word_1_363' title='bbox 2372 2323 2492 2377; x_wconf 67' lang='grc' dir='ltr'>οὐδὲ</span> <span class='ocrx_word' id='word_1_364' title='bbox 2512 2324 2560 2375; x_wconf 85' lang='lat' dir='ltr'><strong>ot</strong></span> <span class='ocrx_word' id='word_1_365' title='bbox 2586 2322 3011 2391; x_wconf 73' lang='grc' dir='ltr'>ὐποδεσηκότες,</span> <span class='ocrx_word' id='word_1_366' title='bbox 3045 2322 3187 2376; x_wconf 89' lang='grc' dir='ltr'><strong>κατά</strong></span> <span class='ocrx_word' id='word_1_367' title='bbox 3213 2321 3271 2375; x_wconf 74' lang='grc' dir='ltr'><strong>δέ</strong></span> <span class='ocrx_word' id='word_1_368' title='bbox 3297 2320 3582 2390; x_wconf 83' lang='grc' dir='ltr'>περιόδους</span> <span class='ocrx_word' id='word_1_369' title='bbox 3612 2317 3762 2379; x_wconf 75' lang='grc' dir='ltr'>τινὰς</span> <span class='ocrx_word' id='word_1_370' title='bbox 3782 2316 3847 2367; x_wconf 72' lang='grc' dir='ltr'><strong>ἐν</strong></span> <span class='ocrx_word' id='word_1_371' title='bbox 3876 2316 3967 2369; x_wconf 78' lang='grc' dir='ltr'>ούο</span> 
     </span>
    </p>
   </div>
   <div class='ocr_carea' id='block_1_51' title="bbox 2387 2409 3966 2485">
    <p class='ocr_par' dir='ltr' id='par_1_51' title="bbox 2387 2409 3966 2485">
     <span class='ocr_line' id='line_1_51' title="bbox 2387 2409 3966 2485; baseline -0.005 -17"><span class='ocrx_word' id='word_1_372' title='bbox 2387 2414 2590 2485; x_wconf 84' lang='grc' dir='ltr'>ρανίοις</span> <span class='ocrx_word' id='word_1_373' title='bbox 2613 2416 2827 2485; x_wconf 79' lang='grc' dir='ltr'>ἑορταῖς</span> <span class='ocrx_word' id='word_1_374' title='bbox 2845 2412 3254 2483; x_wconf 73' lang='grc' dir='ltr'>ἀφικνούμενοι,</span> <span class='ocrx_word' id='word_1_375' title='bbox 3308 2411 3493 2465; x_wconf 79' lang='grc' dir='ltr'>ἐνθέου</span> <span class='ocrx_word' id='word_1_376' title='bbox 3516 2428 3575 2464; x_wconf 89' lang='grc' dir='ltr'><strong>τε</strong></span> <span class='ocrx_word' id='word_1_377' title='bbox 3601 2410 3696 2463; x_wconf 77' lang='grc' dir='ltr'><strong>καὶ</strong></span> <span class='ocrx_word' id='word_1_378' title='bbox 3718 2409 3966 2479; x_wconf 82' lang='grc' dir='ltr'>ἀλήκτου</span> 
     </span>
    </p>
   </div>
   <div class='ocr_carea' id='block_1_52' title="bbox 2371 2498 3968 2576">
    <p class='ocr_par' dir='ltr' id='par_1_52' title="bbox 2371 2498 3968 2576">
     <span class='ocr_line' id='line_1_52' title="bbox 2371 2498 3968 2576; baseline -0.003 -20"><span class='ocrx_word' id='word_1_379' title='bbox 2371 2504 2517 2567; x_wconf 80' lang='grc' dir='ltr'>τινὸς</span> <span class='ocrx_word' id='word_1_380' title='bbox 2577 2504 2919 2576; x_wconf 81' lang='grc' dir='ltr'>εὐφροσύνης</span> <span class='ocrx_word' id='word_1_381' title='bbox 2954 2502 3377 2574; x_wconf 79' lang='grc' dir='ltr'>μεταλήψονται,</span> <span class='ocrx_word' id='word_1_382' title='bbox 3430 2502 3690 2572; x_wconf 71' lang='grc' dir='ltr'>ἀρρήτων</span> <span class='ocrx_word' id='word_1_383' title='bbox 3734 2498 3968 2566; x_wconf 82' lang='grc' dir='ltr'><strong>ἀγαθῶν</strong></span> 
     </span>
    </p>
   </div>
   <div class='ocr_carea' id='block_1_53' title="bbox 2368 2588 3963 2665">
    <p class='ocr_par' dir='ltr' id='par_1_53' title="bbox 2368 2588 3963 2665">
     <span class='ocr_line' id='line_1_53' title="bbox 2368 2588 3963 2665; baseline -0.004 -16"><span class='ocrx_word' id='word_1_384' title='bbox 2368 2595 2790 2657; x_wconf 83' lang='grc' dir='ltr'>ἀπολαύσοντες,</span> <span class='ocrx_word' id='word_1_385' title='bbox 2827 2588 2902 2648; x_wconf 82' lang='grc' dir='ltr'>ὧν</span> <span class='ocrx_word' id='word_1_386' title='bbox 2933 2593 3338 2665; x_wconf 79' lang='grc' dir='ltr'>ἐμφορηθέντες</span> <span class='ocrx_word' id='word_1_387' title='bbox 3375 2592 3457 2655; x_wconf 77' lang='grc' dir='ltr'>εἰς</span> <span class='ocrx_word' id='word_1_388' title='bbox 3490 2591 3660 2660; x_wconf 84' lang='grc' dir='ltr'>μονάς</span> <span class='ocrx_word' id='word_1_389' title='bbox 3692 2590 3793 2651; x_wconf 81' lang='grc' dir='ltr'>τὰς</span> <span class='ocrx_word' id='word_1_390' title='bbox 3824 2590 3963 2643; x_wconf 82' lang='grc' dir='ltr'>ἐαυ-</span> 
     </span>
    </p>
   </div>
   <div class='ocr_carea' id='block_1_54' title="bbox 2368 2680 3969 2756">
    <p class='ocr_par' dir='ltr' id='par_1_54' title="bbox 2368 2680 3969 2756">
     <span class='ocr_line' id='line_1_54' title="bbox 2368 2680 3969 2756; baseline -0.004 -17"><span class='ocrx_word' id='word_1_391' title='bbox 2368 2688 2478 2741; x_wconf 87' lang='grc' dir='ltr'><strong>τῶν</strong></span> <span class='ocrx_word' id='word_1_392' title='bbox 2521 2688 2906 2756; x_wconf 85' lang='grc' dir='ltr'>ἐπανήΞουσιν,</span> <span class='ocrx_word' id='word_1_393' title='bbox 2952 2684 3119 2739; x_wconf 70' lang='grc' dir='ltr'>ἐκεῖιι</span> <span class='ocrx_word' id='word_1_394' title='bbox 3165 2684 3576 2752; x_wconf 79' lang='grc' dir='ltr'>Σαϐϐατισμὸς</span> <span class='ocrx_word' id='word_1_395' title='bbox 3622 2681 3835 2752; x_wconf 80' lang='grc' dir='ltr'>ἀληθὴς</span> <span class='ocrx_word' id='word_1_396' title='bbox 3862 2680 3969 2735; x_wconf 85' lang='grc' dir='ltr'>καὶ</span> 
     </span>
    </p>
   </div>
   <div class='ocr_carea' id='block_1_55' title="bbox 2373 2778 3092 2849">
    <p class='ocr_par' dir='ltr' id='par_1_55' title="bbox 2373 2778 3092 2849">
     <span class='ocr_line' id='line_1_55' title="bbox 2373 2778 3092 2849; baseline -0.001 -18"><span class='ocrx_word' id='word_1_397' title='bbox 2373 2778 2563 2849; x_wconf 77' lang='grc' dir='ltr'>ψυχῶν</span> <span class='ocrx_word' id='word_1_398' title='bbox 2582 2780 2733 2832; x_wconf 87' lang='grc' dir='ltr'>ἐστιν</span> <span class='ocrx_word' id='word_1_399' title='bbox 2764 2778 3092 2840; x_wconf 81' lang='grc' dir='ltr'>ἀνάπαυσις.</span> 
     </span>
    </p>
   </div>
   <div class='ocr_carea' id='block_1_56' title="bbox 692 2868 3966 2944">
    <p class='ocr_par' dir='ltr' id='par_1_56' title="bbox 692 2868 3966 2944">
     <span class='ocr_line' id='line_1_56' title="bbox 692 2868 3966 2944; baseline -0 -22"><span class='ocrx_word' id='word_1_400' title='bbox 692 2878 835 2937; x_wconf 89' lang='lat' dir='ltr'><strong>ptam</strong></span> <span class='ocrx_word' id='word_1_401' title='bbox 872 2872 1251 2939; x_wconf 86' lang='lat' dir='ltr'><strong>mansionem;</strong></span> <span class='ocrx_word' id='word_1_402' title='bbox 1298 2888 1407 2943; x_wconf 89' lang='lat' dir='ltr'><strong>qua</strong></span> <span class='ocrx_word' id='word_1_403' title='bbox 1443 2881 1623 2927; x_wconf 84' lang='lat' dir='ltr'><strong>tamen</strong></span> <span class='ocrx_word' id='word_1_404' title='bbox 1654 2888 1762 2926; x_wconf 92' lang='lat' dir='ltr'><strong>non</strong></span> <span class='ocrx_word' id='word_1_405' title='bbox 1797 2872 1831 2926; x_wconf 92' lang='lat' dir='ltr'><strong>ii</strong></span> <span class='ocrx_word' id='word_1_406' title='bbox 1877 2873 2260 2943; x_wconf 86' lang='lat' dir='ltr'><strong>privabuntur,</strong></span> <span class='ocrx_word' id='word_1_407' title='bbox 2294 2874 2385 2944; x_wconf 90' lang='lat' dir='ltr'><strong>qui</strong></span> <span class='ocrx_word' id='word_1_408' title='bbox 2418 2872 2707 2929; x_wconf 76' lang='lat' dir='ltr'><strong>inferiores</strong></span> <span class='ocrx_word' id='word_1_409' title='bbox 2756 2873 2982 2937; x_wconf 75' lang='lat' dir='ltr'><strong>fuerint,</strong></span> <span class='ocrx_word' id='word_1_410' title='bbox 3048 2871 3147 2927; x_wconf 86' lang='lat' dir='ltr'><strong>sed</strong></span> <span class='ocrx_word' id='word_1_411' title='bbox 3204 2870 3448 2941; x_wconf 88' lang='lat' dir='ltr'><strong>periodis</strong></span> <span class='ocrx_word' id='word_1_412' title='bbox 3496 2868 3829 2941; x_wconf 87' lang='lat' dir='ltr'><strong>quibusdam</strong></span> <span class='ocrx_word' id='word_1_413' title='bbox 3891 2868 3966 2921; x_wconf 85' lang='lat' dir='ltr'><strong>ad</strong></span> 
     </span>
    </p>
   </div>
   <div class='ocr_carea' id='block_1_57' title="bbox 692 2962 3967 3036">
    <p class='ocr_par' dir='ltr' id='par_1_57' title="bbox 692 2962 3967 3036">
     <span class='ocr_line' id='line_1_57' title="bbox 692 2962 3967 3036; baseline 0.002 -25"><span class='ocrx_word' id='word_1_414' title='bbox 692 2962 949 3017; x_wconf 68' lang='lat' dir='ltr'><strong>t-mle&#39;stes</strong></span> <span class='ocrx_word' id='word_1_415' title='bbox 983 2964 1367 3020; x_wconf 82' lang='lat' dir='ltr'><strong>solemnitates</strong></span> <span class='ocrx_word' id='word_1_416' title='bbox 1388 2964 1746 3034; x_wconf 88' lang='lat' dir='ltr'><strong>appellentes,</strong></span> <span class='ocrx_word' id='word_1_417' title='bbox 1770 2964 1970 3020; x_wconf 76' lang='lat' dir='ltr'><strong>divina:</strong></span> <span class='ocrx_word' id='word_1_418' title='bbox 1998 2975 2053 3022; x_wconf 91' lang='lat' dir='ltr'><strong>et</strong></span> <span class='ocrx_word' id='word_1_419' title='bbox 2086 2968 2414 3023; x_wconf 74' lang='lat' dir='ltr'><strong>immortalis</strong></span> <span class='ocrx_word' id='word_1_420' title='bbox 2452 2967 2741 3036; x_wconf 88' lang='lat' dir='ltr'><strong>cujusdam</strong></span> <span class='ocrx_word' id='word_1_421' title='bbox 2773 2967 2992 3030; x_wconf 64' lang='lat' dir='ltr'><strong>laetitia,</strong></span> <span class='ocrx_word' id='word_1_422' title='bbox 3022 2964 3493 3035; x_wconf 82' lang='lat' dir='ltr'><strong>inell&#39;abiliumque</strong></span> <span class='ocrx_word' id='word_1_423' title='bbox 3534 2964 3802 3019; x_wconf 90' lang='lat' dir='ltr'><strong>bonorum</strong></span> <span class='ocrx_word' id='word_1_424' title='bbox 3828 2963 3967 3018; x_wconf 80' lang='lat' dir='ltr'><strong>[ient</strong></span> 
     </span>
    </p>
   </div>
   <div class='ocr_carea' id='block_1_58' title="bbox 691 3053 3969 3131">
    <p class='ocr_par' dir='ltr' id='par_1_58' title="bbox 691 3053 3969 3131">
     <span class='ocr_line' id='line_1_58' title="bbox 691 3053 3969 3131; baseline 0.002 -29"><span class='ocrx_word' id='word_1_425' title='bbox 691 3053 1023 3122; x_wconf 81' lang='lat' dir='ltr'><strong>participes:</strong></span> <span class='ocrx_word' id='word_1_426' title='bbox 1080 3054 1282 3123; x_wconf 83' lang='lat' dir='ltr'><strong>quibus</strong></span> <span class='ocrx_word' id='word_1_427' title='bbox 1319 3070 1443 3109; x_wconf 91' lang='lat' dir='ltr'><strong>cum</strong></span> <span class='ocrx_word' id='word_1_428' title='bbox 1490 3056 1789 3110; x_wconf 84' lang='lat' dir='ltr'><strong>exsaturati</strong></span> <span class='ocrx_word' id='word_1_429' title='bbox 1825 3054 2050 3121; x_wconf 82' lang='lat' dir='ltr'><strong>fuerint,</strong></span> <span class='ocrx_word' id='word_1_430' title='bbox 2084 3058 2150 3112; x_wconf 90' lang='lat' dir='ltr'><strong>ad</strong></span> <span class='ocrx_word' id='word_1_431' title='bbox 2182 3074 2311 3115; x_wconf 89' lang='lat' dir='ltr'><strong>suas</strong></span> <span class='ocrx_word' id='word_1_432' title='bbox 2360 3060 2465 3131; x_wconf 91' lang='lat' dir='ltr'><strong>ipsi</strong></span> <span class='ocrx_word' id='word_1_433' title='bbox 2504 3059 2819 3115; x_wconf 85' lang='lat' dir='ltr'><strong>mansiones</strong></span> <span class='ocrx_word' id='word_1_434' title='bbox 2848 3056 3129 3122; x_wconf 90' lang='lat' dir='ltr'><strong>redibunt,</strong></span> <span class='ocrx_word' id='word_1_435' title='bbox 3178 3056 3282 3111; x_wconf 90' lang='lat' dir='ltr'><strong>ubi-</strong></span> <span class='ocrx_word' id='word_1_436' title='bbox 3307 3056 3680 3112; x_wconf 79' lang='lat' dir='ltr'><strong>Sabbatismus</strong></span> <span class='ocrx_word' id='word_1_437' title='bbox 3733 3056 3969 3127; x_wconf 89' lang='lat' dir='ltr'><strong>ipsaque</strong></span> 
     </span>
    </p>
   </div>
   <div class='ocr_carea' id='block_1_59' title="bbox 689 3142 1782 3215">
    <p class='ocr_par' dir='ltr' id='par_1_59' title="bbox 689 3142 1782 3215">
     <span class='ocr_line' id='line_1_59' title="bbox 689 3142 1782 3215; baseline 0.005 -18"><span class='ocrx_word' id='word_1_438' title='bbox 689 3142 825 3198; x_wconf 84' lang='lat' dir='ltr'><strong>adeo</strong></span> <span class='ocrx_word' id='word_1_439' title='bbox 852 3145 1158 3199; x_wconf 91' lang='lat' dir='ltr'><strong>animarum</strong></span> <span class='ocrx_word' id='word_1_440' title='bbox 1205 3148 1423 3215; x_wconf 86' lang='lat' dir='ltr'><strong>requies</strong></span> <span class='ocrx_word' id='word_1_441' title='bbox 1474 3162 1601 3200; x_wconf 85' lang='lat' dir='ltr'><strong>vera</strong></span> <span class='ocrx_word' id='word_1_442' title='bbox 1635 3156 1782 3202; x_wconf 89' lang='lat' dir='ltr'><strong>sunt.</strong></span> 
     </span>
    </p>
   </div>
   <div class='ocr_carea' id='block_1_60' title="bbox 764 3211 2441 3312">
    <p class='ocr_par' dir='ltr' id='par_1_60' title="bbox 764 3211 2441 3311">
     <span class='ocr_line' id='line_1_60' title="bbox 764 3211 2441 3311; baseline 0.004 -21"><span class='ocrx_word' id='word_1_443' title='bbox 764 3236 1154 3307; x_wconf 70' lang='lat' dir='ltr'><strong>Signiﬁcantnr</strong></span> <span class='ocrx_word' id='word_1_444' title='bbox 1198 3211 1331 3293; x_wconf 74' lang='lat' dir='ltr'><strong>vero</strong></span> <span class='ocrx_word' id='word_1_445' title='bbox 1382 3240 1561 3292; x_wconf 89' lang='lat' dir='ltr'><strong>carnis</strong></span> <span class='ocrx_word' id='word_1_446' title='bbox 1611 3242 2013 3310; x_wconf 87' lang='lat' dir='ltr'><strong>appellatione,</strong></span> <span class='ocrx_word' id='word_1_447' title='bbox 2080 3250 2327 3311; x_wconf 84' lang='lat' dir='ltr'><strong>gentesc</strong></span> <span class='ocrx_word' id='word_1_448' title='bbox 2432 3250 2441 3298; x_wconf 69' lang='lat'><strong>.‘</strong></span> 
     </span>
    </p>
   </div>
   <div class='ocr_carea' id='block_1_61' title="bbox 2291 3211 3968 3312">
    <p class='ocr_par' dir='ltr' id='par_1_61' title="bbox 2291 3211 3968 3312">
     <span class='ocr_line' id='line_1_61' title="bbox 2291 3211 3968 3312; baseline -0.002 -15"><span class='ocrx_word' id='word_1_449' title='bbox 2291 3252 2327 3309; x_wconf 77' lang='grc' dir='ltr'>ε</span> <span class='ocrx_word' id='word_1_450' title='bbox 2432 3243 2592 3312; x_wconf 62' lang='lat' dir='ltr'><strong>sapa</strong></span> <span class='ocrx_word' id='word_1_451' title='bbox 2621 3243 2678 3295; x_wconf 73' lang='grc' dir='ltr'><strong>δι</strong></span> <span class='ocrx_word' id='word_1_452' title='bbox 2720 3211 2870 3296; x_wconf 68' lang='grc' dir='ltr'>πᾶσα</span> <span class='ocrx_word' id='word_1_453' title='bbox 2913 3242 2986 3296; x_wconf 81' lang='grc' dir='ltr'>τὰ</span> <span class='ocrx_word' id='word_1_454' title='bbox 3025 3242 3192 3309; x_wconf 76' lang='grc' dir='ltr'>ἔθνη,</span> <span class='ocrx_word' id='word_1_455' title='bbox 3248 3240 3389 3295; x_wconf 75' lang='grc' dir='ltr'>κατὰ</span> <span class='ocrx_word' id='word_1_456' title='bbox 3438 3240 3499 3294; x_wconf 81' lang='grc' dir='ltr'><strong>τδ</strong></span> <span class='ocrx_word' id='word_1_457' title='bbox 3544 3239 3740 3312; x_wconf 80' lang='grc' dir='ltr'>ῥηθέν·</span> <span class='ocrx_word' id='word_1_458' title='bbox 3782 3259 3801 3291; x_wconf 74' lang='grc' dir='ltr'><strong>ι</strong></span> <span class='ocrx_word' id='word_1_459' title='bbox 3843 3238 3968 3305; x_wconf 76' lang='grc' dir='ltr'><strong>Καὶ</strong></span> 
     </span>
    </p>
   </div>
   <div class='ocr_carea' id='block_1_62' title="bbox 689 3326 2270 3395">
    <p class='ocr_par' dir='ltr' id='par_1_62' title="bbox 689 3326 2270 3395">
     <span class='ocr_line' id='line_1_62' title="bbox 689 3326 2270 3395; baseline 0.001 -14"><span class='ocrx_word' id='word_1_460' title='bbox 689 3328 841 3395; x_wconf 64' lang='lat' dir='ltr'><strong>ipsae.</strong></span> <span class='ocrx_word' id='word_1_461' title='bbox 876 3326 1048 3393; x_wconf 82' lang='lat' dir='ltr'><strong>Quale</strong></span> <span class='ocrx_word' id='word_1_462' title='bbox 1080 3339 1164 3381; x_wconf 89' lang='lat' dir='ltr'><strong>est</strong></span> <span class='ocrx_word' id='word_1_463' title='bbox 1208 3327 1340 3381; x_wconf 88' lang='lat' dir='ltr'><strong>illud</strong></span> <span class='ocrx_word' id='word_1_464' title='bbox 1368 3346 1381 3381; x_wconf 91' lang='lat'>:</span> <span class='ocrx_word' id='word_1_465' title='bbox 1419 3347 1439 3380; x_wconf 74' lang='grc' dir='ltr'><strong>ι</strong></span> <span class='ocrx_word' id='word_1_466' title='bbox 1480 3328 1542 3380; x_wconf 74' lang='lat' dir='ltr'><strong>Et</strong></span> <span class='ocrx_word' id='word_1_467' title='bbox 1573 3328 1778 3381; x_wconf 82' lang='lat' dir='ltr'><strong>videbit</strong></span> <span class='ocrx_word' id='word_1_468' title='bbox 1806 3331 1987 3383; x_wconf 86' lang='lat' dir='ltr'><strong>omnis</strong></span> <span class='ocrx_word' id='word_1_469' title='bbox 2022 3345 2151 3385; x_wconf 86' lang='lat' dir='ltr'><strong>caro</strong></span> <span class='ocrx_word' id='word_1_470' title='bbox 2180 3346 2270 3385; x_wconf 85' lang='lat' dir='ltr'><strong>sa—</strong></span> 
     </span>
    </p>
   </div>
   <div class='ocr_carea' id='block_1_63' title="bbox 692 3416 2267 3489">
    <p class='ocr_par' dir='ltr' id='par_1_63' title="bbox 692 3416 2267 3489">
     <span class='ocr_line' id='line_1_63' title="bbox 692 3416 2267 3489; baseline 0.002 -15"><span class='ocrx_word' id='word_1_471' title='bbox 692 3422 871 3474; x_wconf 87' lang='lat' dir='ltr'><strong>lutare</strong></span> <span class='ocrx_word' id='word_1_472' title='bbox 905 3417 999 3472; x_wconf 88' lang='lat' dir='ltr'><strong>Dei</strong></span> <span class='ocrx_word' id='word_1_473' title='bbox 1051 3418 1119 3472; x_wconf 80' lang='lat'><strong>”.</strong></span> <span class='ocrx_word' id='word_1_474' title='bbox 1160 3435 1180 3468; x_wconf 68' lang='grc' dir='ltr'>ι</span> <span class='ocrx_word' id='word_1_475' title='bbox 1232 3416 1299 3469; x_wconf 87' lang='lat' dir='ltr'><strong>Et</strong></span> <span class='ocrx_word' id='word_1_476' title='bbox 1336 3417 1469 3471; x_wconf 92' lang='lat' dir='ltr'><strong>illud</strong></span> <span class='ocrx_word' id='word_1_477' title='bbox 1510 3435 1524 3471; x_wconf 91' lang='lat'><strong>:</strong></span> <span class='ocrx_word' id='word_1_478' title='bbox 1567 3436 1587 3468; x_wconf 81' lang='grc' dir='ltr'><strong>ι</strong></span> <span class='ocrx_word' id='word_1_479' title='bbox 1632 3418 1920 3472; x_wconf 77' lang='lat' dir='ltr'><strong>Elfundam</strong></span> <span class='ocrx_word' id='word_1_480' title='bbox 1960 3419 2029 3474; x_wconf 93' lang='lat' dir='ltr'><strong>de</strong></span> <span class='ocrx_word' id='word_1_481' title='bbox 2073 3422 2267 3489; x_wconf 86' lang='lat' dir='ltr'><strong>spiritu</strong></span> 
     </span>
    </p>
   </div>
   <div class='ocr_carea' id='block_1_64' title="bbox 698 3510 2261 3578">
    <p class='ocr_par' dir='ltr' id='par_1_64' title="bbox 698 3510 2261 3578">
     <span class='ocr_line' id='line_1_64' title="bbox 698 3510 2261 3578; baseline 0.001 -18"><span class='ocrx_word' id='word_1_482' title='bbox 698 3525 815 3561; x_wconf 73' lang='lat' dir='ltr'><strong>meo</strong></span> <span class='ocrx_word' id='word_1_483' title='bbox 853 3522 1020 3577; x_wconf 88' lang='lat' dir='ltr'><strong>super</strong></span> <span class='ocrx_word' id='word_1_484' title='bbox 1046 3521 1263 3565; x_wconf 85' lang='lat' dir='ltr'><strong>omnem</strong></span> <span class='ocrx_word' id='word_1_485' title='bbox 1300 3521 1544 3570; x_wconf 85' lang='lat' dir='ltr'><strong>carnem,</strong></span> <span class='ocrx_word' id='word_1_486' title='bbox 1597 3516 1653 3562; x_wconf 93' lang='lat' dir='ltr'><strong>et</strong></span> <span class='ocrx_word' id='word_1_487' title='bbox 1702 3510 2105 3578; x_wconf 81' lang='lat' dir='ltr'><strong>proplietabunt</strong></span> <span class='ocrx_word' id='word_1_488' title='bbox 2134 3511 2202 3565; x_wconf 78' lang='lat'><strong>“.</strong></span> <span class='ocrx_word' id='word_1_489' title='bbox 2244 3529 2261 3561; x_wconf 75' lang='grc' dir='ltr'>ι</span> 
     </span>
    </p>
   </div>
   <div class='ocr_carea' id='block_1_65' title="bbox 696 3598 2271 3672">
    <p class='ocr_par' dir='ltr' id='par_1_65' title="bbox 696 3598 2271 3672">
     <span class='ocr_line' id='line_1_65' title="bbox 696 3598 2271 3672; baseline 0.001 -17"><span class='ocrx_word' id='word_1_490' title='bbox 696 3598 787 3655; x_wconf 87' lang='lat' dir='ltr'><strong>Sic</strong></span> <span class='ocrx_word' id='word_1_491' title='bbox 812 3608 995 3654; x_wconf 90' lang='lat' dir='ltr'><strong>autem</strong></span> <span class='ocrx_word' id='word_1_492' title='bbox 1036 3599 1303 3671; x_wconf 86' lang='lat' dir='ltr'><strong>loquitur,</strong></span> <span class='ocrx_word' id='word_1_493' title='bbox 1357 3614 1425 3654; x_wconf 94' lang='lat' dir='ltr'><strong>ne</strong></span> <span class='ocrx_word' id='word_1_494' title='bbox 1455 3600 1525 3654; x_wconf 89' lang='lat' dir='ltr'><strong>de</strong></span> <span class='ocrx_word' id='word_1_495' title='bbox 1574 3614 1635 3655; x_wconf 88' lang='lat' dir='ltr'><strong>se</strong></span> <span class='ocrx_word' id='word_1_496' title='bbox 1688 3600 1791 3655; x_wconf 91' lang='lat' dir='ltr'><strong>ista</strong></span> <span class='ocrx_word' id='word_1_497' title='bbox 1842 3616 1965 3656; x_wconf 88' lang='lat' dir='ltr'><strong>eum</strong></span> <span class='ocrx_word' id='word_1_498' title='bbox 2000 3617 2271 3672; x_wconf 87' lang='lat' dir='ltr'><strong>usurpare</strong></span> 
     </span>
    </p>
   </div>
   <div class='ocr_carea' id='block_1_66' title="bbox 703 3688 2270 3765">
    <p class='ocr_par' dir='ltr' id='par_1_66' title="bbox 703 3688 2270 3765">
     <span class='ocr_line' id='line_1_66' title="bbox 703 3688 2270 3765; baseline 0.003 -21"><span class='ocrx_word' id='word_1_499' title='bbox 703 3698 892 3759; x_wconf 85' lang='lat' dir='ltr'><strong>putent</strong></span> <span class='ocrx_word' id='word_1_500' title='bbox 918 3688 1114 3744; x_wconf 71' lang='grc' dir='ltr'>Ιιιιίιει.</span> <span class='ocrx_word' id='word_1_501' title='bbox 1152 3691 1273 3757; x_wconf 87' lang='lat' dir='ltr'><strong>Quo</strong></span> <span class='ocrx_word' id='word_1_502' title='bbox 1320 3691 1397 3753; x_wconf 83' lang='lat' dir='ltr'><strong>lit,</strong></span> <span class='ocrx_word' id='word_1_503' title='bbox 1443 3698 1505 3744; x_wconf 91' lang='lat' dir='ltr'><strong>ut</strong></span> <span class='ocrx_word' id='word_1_504' title='bbox 1535 3691 1603 3745; x_wconf 89' lang='lat' dir='ltr'><strong>de</strong></span> <span class='ocrx_word' id='word_1_505' title='bbox 1633 3693 1780 3745; x_wconf 90' lang='lat' dir='ltr'><strong>onmi</strong></span> <span class='ocrx_word' id='word_1_506' title='bbox 1831 3695 2141 3748; x_wconf 91' lang='lat' dir='ltr'><strong>mortalium</strong></span> <span class='ocrx_word' id='word_1_507' title='bbox 2177 3709 2270 3765; x_wconf 86' lang='lat' dir='ltr'><strong>ge-</strong></span> 
     </span>
    </p>
   </div>
   <div class='ocr_carea' id='block_1_67' title="bbox 699 3780 2267 3856">
    <p class='ocr_par' dir='ltr' id='par_1_67' title="bbox 699 3780 2267 3856">
     <span class='ocr_line' id='line_1_67' title="bbox 699 3780 2267 3856; baseline 0.004 -24"><span class='ocrx_word' id='word_1_508' title='bbox 699 3795 831 3832; x_wconf 89' lang='lat' dir='ltr'><strong>nere</strong></span> <span class='ocrx_word' id='word_1_509' title='bbox 871 3780 1142 3850; x_wconf 75' lang='lat' dir='ltr'><strong>intelligat</strong></span> <span class='ocrx_word' id='word_1_510' title='bbox 1172 3798 1184 3833; x_wconf 91' lang='lat'><strong>:</strong></span> <span class='ocrx_word' id='word_1_511' title='bbox 1217 3797 1357 3849; x_wconf 87' lang='lat' dir='ltr'><strong>quos</strong></span> <span class='ocrx_word' id='word_1_512' title='bbox 1382 3781 1604 3850; x_wconf 86' lang='lat' dir='ltr'><strong>quidem</strong></span> <span class='ocrx_word' id='word_1_513' title='bbox 1633 3792 1877 3839; x_wconf 72' lang='lat' dir='ltr'><strong>venturos</strong></span> <span class='ocrx_word' id='word_1_514' title='bbox 1899 3800 2025 3840; x_wconf 84' lang='lat' dir='ltr'><strong>esse</strong></span> <span class='ocrx_word' id='word_1_515' title='bbox 2054 3784 2267 3856; x_wconf 82' lang='lat' dir='ltr'><strong>signiti-</strong></span> 
     </span>
    </p>
   </div>
   <div class='ocr_carea' id='block_1_68' title="bbox 696 3867 2268 3937">
    <p class='ocr_par' dir='ltr' id='par_1_68' title="bbox 696 3867 2268 3937">
     <span class='ocr_line' id='line_1_68' title="bbox 696 3867 2268 3937; baseline 0.005 -18"><span class='ocrx_word' id='word_1_516' title='bbox 696 3876 806 3920; x_wconf 90' lang='lat' dir='ltr'><strong>cat.</strong></span> <span class='ocrx_word' id='word_1_517' title='bbox 846 3867 986 3921; x_wconf 92' lang='lat' dir='ltr'><strong>Sunt</strong></span> <span class='ocrx_word' id='word_1_518' title='bbox 1011 3884 1141 3923; x_wconf 87' lang='lat' dir='ltr'><strong>vero</strong></span> <span class='ocrx_word' id='word_1_519' title='bbox 1167 3868 1466 3924; x_wconf 79' lang='lat' dir='ltr'><strong>Jerusalem</strong></span> <span class='ocrx_word' id='word_1_520' title='bbox 1497 3870 1645 3926; x_wconf 90' lang='lat' dir='ltr'><strong>illius</strong></span> <span class='ocrx_word' id='word_1_521' title='bbox 1683 3872 1851 3937; x_wconf 89' lang='lat' dir='ltr'><strong>cives,</strong></span> <span class='ocrx_word' id='word_1_522' title='bbox 1884 3874 2056 3927; x_wconf 89' lang='lat' dir='ltr'><strong>multa</strong></span> <span class='ocrx_word' id='word_1_523' title='bbox 2094 3874 2268 3928; x_wconf 91' lang='lat' dir='ltr'><strong>millia</strong></span> 
     </span>
    </p>
   </div>
   <div class='ocr_carea' id='block_1_69' title="bbox 697 3959 2270 4034">
    <p class='ocr_par' dir='ltr' id='par_1_69' title="bbox 697 3959 2270 4034">
     <span class='ocr_line' id='line_1_69' title="bbox 697 3959 2270 4034; baseline 0.004 -23"><span class='ocrx_word' id='word_1_524' title='bbox 697 3959 902 4027; x_wconf 81' lang='lat' dir='ltr'><strong>(inquit</strong></span> <span class='ocrx_word' id='word_1_525' title='bbox 927 3961 1226 4029; x_wconf 78' lang='lat' dir='ltr'><strong>Apostolus</strong></span> <span class='ocrx_word' id='word_1_526' title='bbox 1273 3961 1355 4030; x_wconf 79' lang='lat'><strong>&quot;)</strong></span> <span class='ocrx_word' id='word_1_527' title='bbox 1390 3963 1734 4031; x_wconf 81' lang='lat' dir='ltr'><strong>angelorum,</strong></span> <span class='ocrx_word' id='word_1_528' title='bbox 1782 3963 2024 4018; x_wconf 83' lang='lat' dir='ltr'><strong>Ecclesia</strong></span> <span class='ocrx_word' id='word_1_529' title='bbox 2060 3965 2270 4034; x_wconf 91' lang='lat' dir='ltr'><strong>primo-</strong></span> 
     </span>
    </p>
   </div>
   <div class='ocr_carea' id='block_1_70' title="bbox 698 4050 2269 4124">
    <p class='ocr_par' dir='ltr' id='par_1_70' title="bbox 698 4050 2269 4124">
     <span class='ocr_line' id='line_1_70' title="bbox 698 4050 2269 4124; baseline 0.004 -23"><span class='ocrx_word' id='word_1_530' title='bbox 698 4050 1032 4117; x_wconf 83' lang='lat' dir='ltr'><strong>genitorum.</strong></span> <span class='ocrx_word' id='word_1_531' title='bbox 1068 4052 1143 4104; x_wconf 92' lang='lat' dir='ltr'><strong>Ibi</strong></span> <span class='ocrx_word' id='word_1_532' title='bbox 1170 4061 1333 4105; x_wconf 89' lang='lat' dir='ltr'><strong>erunt</strong></span> <span class='ocrx_word' id='word_1_533' title='bbox 1358 4054 1410 4107; x_wconf 91' lang='lat' dir='ltr'><strong>in</strong></span> <span class='ocrx_word' id='word_1_534' title='bbox 1459 4063 1803 4123; x_wconf 70' lang='lat' dir='ltr'><strong>perpetuum,</strong></span> <span class='ocrx_word' id='word_1_535' title='bbox 1831 4056 1924 4124; x_wconf 91' lang='lat' dir='ltr'><strong>qui</strong></span> <span class='ocrx_word' id='word_1_536' title='bbox 1959 4054 2069 4109; x_wconf 88' lang='lat' dir='ltr'><strong>Deo</strong></span> <span class='ocrx_word' id='word_1_537' title='bbox 2104 4056 2269 4109; x_wconf 90' lang='lat' dir='ltr'><strong>mini-</strong></span> 
     </span>
    </p>
   </div>
   <div class='ocr_carea' id='block_1_71' title="bbox 699 4131 2266 4214">
    <p class='ocr_par' dir='ltr' id='par_1_71' title="bbox 699 4131 2266 4214">
     <span class='ocr_line' id='line_1_71' title="bbox 699 4131 2266 4214; baseline 0.006 -21"><span class='ocrx_word' id='word_1_538' title='bbox 699 4147 959 4204; x_wconf 89' lang='lat' dir='ltr'><strong>strantes,</strong></span> <span class='ocrx_word' id='word_1_539' title='bbox 989 4142 1093 4195; x_wconf 89' lang='lat' dir='ltr'><strong>sub</strong></span> <span class='ocrx_word' id='word_1_540' title='bbox 1131 4141 1385 4209; x_wconf 79' lang='lat' dir='ltr'><strong>pontifice</strong></span> <span class='ocrx_word' id='word_1_541' title='bbox 1432 4144 1673 4197; x_wconf 82' lang='lat' dir='ltr'><strong>maximo</strong></span> <span class='ocrx_word' id='word_1_542' title='bbox 1729 4131 1945 4214; x_wconf 73' lang='lat' dir='ltr'><strong>degerit.</strong></span> <span class='ocrx_word' id='word_1_543' title='bbox 2004 4146 2266 4202; x_wconf 77' lang='lat' dir='ltr'><strong>Videbunt</strong></span> 
     </span>
    </p>
   </div>
   <div class='ocr_carea' id='block_1_72' title="bbox 701 4233 2265 4308">
    <p class='ocr_par' dir='ltr' id='par_1_72' title="bbox 701 4233 2265 4308">
     <span class='ocr_line' id='line_1_72' title="bbox 701 4233 2265 4308; baseline 0.005 -25"><span class='ocrx_word' id='word_1_544' title='bbox 701 4245 868 4299; x_wconf 82' lang='lat' dir='ltr'><strong>porro</strong></span> <span class='ocrx_word' id='word_1_545' title='bbox 896 4246 1091 4286; x_wconf 88' lang='lat' dir='ltr'><strong>omnes</strong></span> <span class='ocrx_word' id='word_1_546' title='bbox 1108 4233 1402 4297; x_wconf 87' lang='lat' dir='ltr'><strong>impiorum</strong></span> <span class='ocrx_word' id='word_1_547' title='bbox 1428 4234 1736 4298; x_wconf 84' lang='lat' dir='ltr'><strong>interitum,</strong></span> <span class='ocrx_word' id='word_1_548' title='bbox 1760 4237 1947 4290; x_wconf 92' lang='lat' dir='ltr'><strong>animo</strong></span> <span class='ocrx_word' id='word_1_549' title='bbox 1972 4239 2265 4308; x_wconf 88' lang='lat' dir='ltr'><strong>agitantes,</strong></span> 
     </span>
    </p>
   </div>
   <div class='ocr_carea' id='block_1_73' title="bbox 699 4322 2269 4397">
    <p class='ocr_par' dir='ltr' id='par_1_73' title="bbox 699 4322 2269 4397">
     <span class='ocr_line' id='line_1_73' title="bbox 699 4322 2269 4397; baseline 0.006 -22"><span class='ocrx_word' id='word_1_550' title='bbox 699 4322 921 4389; x_wconf 85' lang='lat' dir='ltr'><strong>quantis</strong></span> <span class='ocrx_word' id='word_1_551' title='bbox 974 4323 1049 4375; x_wconf 90' lang='lat' dir='ltr'><strong>illi</strong></span> <span class='ocrx_word' id='word_1_552' title='bbox 1092 4323 1249 4377; x_wconf 84' lang='lat' dir='ltr'><strong>boois</strong></span> <span class='ocrx_word' id='word_1_553' title='bbox 1294 4325 1489 4392; x_wconf 79' lang='lat' dir='ltr'><strong>privati</strong></span> <span class='ocrx_word' id='word_1_554' title='bbox 1545 4326 1676 4381; x_wconf 88' lang='lat' dir='ltr'><strong>sint.</strong></span> <span class='ocrx_word' id='word_1_555' title='bbox 1715 4325 1940 4390; x_wconf 83' lang='lat' dir='ltr'><strong>Verum,</strong></span> <span class='ocrx_word' id='word_1_556' title='bbox 1988 4344 2099 4397; x_wconf 88' lang='lat' dir='ltr'><strong>quo</strong></span> <span class='ocrx_word' id='word_1_557' title='bbox 2149 4331 2269 4384; x_wconf 89' lang='lat' dir='ltr'><strong>loco</strong></span> 
     </span>
    </p>
   </div>
   <div class='ocr_carea' id='block_1_74' title="bbox 700 4415 2270 4487">
    <p class='ocr_par' dir='ltr' id='par_1_74' title="bbox 700 4415 2270 4487">
     <span class='ocr_line' id='line_1_74' title="bbox 700 4415 2270 4487; baseline 0.007 -22"><span class='ocrx_word' id='word_1_558' title='bbox 700 4416 936 4468; x_wconf 86' lang='lat' dir='ltr'><strong>membra</strong></span> <span class='ocrx_word' id='word_1_559' title='bbox 968 4415 1141 4479; x_wconf 84' lang='lat' dir='ltr'><strong>dixit,</strong></span> <span class='ocrx_word' id='word_1_560' title='bbox 1188 4426 1424 4468; x_wconf 71' lang='lat' dir='ltr'><strong>extrema</strong></span> <span class='ocrx_word' id='word_1_561' title='bbox 1470 4416 1833 4485; x_wconf 84' lang='lat' dir='ltr'><strong>Symmachus</strong></span> <span class='ocrx_word' id='word_1_562' title='bbox 1883 4419 2270 4487; x_wconf 83' lang='lat' dir='ltr'><strong>interpretatus</strong></span> 
     </span>
    </p>
   </div>
   <div class='ocr_carea' id='block_1_75' title="bbox 697 4506 2265 4577">
    <p class='ocr_par' dir='ltr' id='par_1_75' title="bbox 697 4506 2265 4577">
     <span class='ocr_line' id='line_1_75' title="bbox 697 4506 2265 4577; baseline 0.003 -18"><span class='ocrx_word' id='word_1_563' title='bbox 697 4516 800 4561; x_wconf 88' lang='lat' dir='ltr'><strong>est.</strong></span> <span class='ocrx_word' id='word_1_564' title='bbox 826 4506 932 4560; x_wconf 85' lang='lat' dir='ltr'><strong>Sed</strong></span> <span class='ocrx_word' id='word_1_565' title='bbox 960 4522 1195 4577; x_wconf 89' lang='lat' dir='ltr'><strong>quorum</strong></span> <span class='ocrx_word' id='word_1_566' title='bbox 1213 4508 1472 4568; x_wconf 75' lang='lat' dir='ltr'><strong>menibra,</strong></span> <span class='ocrx_word' id='word_1_567' title='bbox 1500 4510 1545 4561; x_wconf 88' lang='lat' dir='ltr'><strong>si</strong></span> <span class='ocrx_word' id='word_1_568' title='bbox 1579 4525 1686 4562; x_wconf 88' lang='lat' dir='ltr'><strong>non</strong></span> <span class='ocrx_word' id='word_1_569' title='bbox 1716 4524 1929 4574; x_wconf 86' lang='lat' dir='ltr'><strong>eorum,</strong></span> <span class='ocrx_word' id='word_1_570' title='bbox 1961 4511 2228 4565; x_wconf 79' lang='lat' dir='ltr'><strong>intellexit</strong></span> <span class='ocrx_word' id='word_1_571' title='bbox 2251 4551 2265 4574; x_wconf 91' lang='lat'><strong>,</strong></span> 
     </span>
    </p>
   </div>
   <div class='ocr_carea' id='block_1_76' title="bbox 2372 3331 3965 3404">
    <p class='ocr_par' dir='ltr' id='par_1_76' title="bbox 2372 3331 3965 3404">
     <span class='ocr_line' id='line_1_76' title="bbox 2372 3331 3965 3404; baseline -0.002 -16"><span class='ocrx_word' id='word_1_572' title='bbox 2372 3336 2561 3404; x_wconf 74' lang='grc' dir='ltr'>ὄψεται</span> <span class='ocrx_word' id='word_1_573' title='bbox 2585 3336 2735 3387; x_wconf 79' lang='grc' dir='ltr'>πᾶσα</span> <span class='ocrx_word' id='word_1_574' title='bbox 2767 3334 2903 3404; x_wconf 81' lang='grc' dir='ltr'>σὰρξ</span> <span class='ocrx_word' id='word_1_575' title='bbox 2924 3333 2985 3387; x_wconf 79' lang='grc' dir='ltr'><strong>τὸ</strong></span> <span class='ocrx_word' id='word_1_576' title='bbox 3013 3335 3280 3403; x_wconf 87' lang='grc' dir='ltr'>σωτήριον</span> <span class='ocrx_word' id='word_1_577' title='bbox 3302 3331 3395 3385; x_wconf 88' lang='grc' dir='ltr'><strong>τοῦ</strong></span> <span class='ocrx_word' id='word_1_578' title='bbox 3424 3332 3580 3386; x_wconf 86' lang='grc' dir='ltr'>Θεοῦ.</span> <span class='ocrx_word' id='word_1_579' title='bbox 3608 3351 3626 3384; x_wconf 71' lang='grc' dir='ltr'><strong>ι</strong></span> <span class='ocrx_word' id='word_1_580' title='bbox 3666 3332 3773 3402; x_wconf 52' lang='grc' dir='ltr'><strong>Καὶ</strong></span> <span class='ocrx_word' id='word_1_581' title='bbox 3796 3332 3965 3385; x_wconf 82' lang='grc' dir='ltr'>ἀλλα.-</span> 
     </span>
    </p>
   </div>
   <div class='ocr_carea' id='block_1_77' title="bbox 2371 3423 3973 3498">
    <p class='ocr_par' dir='ltr' id='par_1_77' title="bbox 2371 3423 3973 3498">
     <span class='ocr_line' id='line_1_77' title="bbox 2371 3423 3973 3498; baseline -0.002 -18"><span class='ocrx_word' id='word_1_582' title='bbox 2371 3426 2501 3498; x_wconf 89' lang='grc' dir='ltr'>χοῦ·</span> <span class='ocrx_word' id='word_1_583' title='bbox 2544 3446 2563 3479; x_wconf 78' lang='grc' dir='ltr'><strong>ι</strong></span> <span class='ocrx_word' id='word_1_584' title='bbox 2602 3425 2809 3497; x_wconf 84' lang='grc' dir='ltr'>Ἐκχεῶ</span> <span class='ocrx_word' id='word_1_585' title='bbox 2840 3426 2948 3479; x_wconf 82' lang='grc' dir='ltr'>ἀπὸ</span> <span class='ocrx_word' id='word_1_586' title='bbox 2992 3424 3089 3479; x_wconf 88' lang='grc' dir='ltr'><strong>τοῦ</strong></span> <span class='ocrx_word' id='word_1_587' title='bbox 3138 3424 3451 3495; x_wconf 85' lang='grc' dir='ltr'>πνεύματός</span> <span class='ocrx_word' id='word_1_588' title='bbox 3497 3423 3728 3493; x_wconf 65' lang='grc' dir='ltr'>μουιέπὶ</span> <span class='ocrx_word' id='word_1_589' title='bbox 3772 3426 3973 3478; x_wconf 84' lang='grc' dir='ltr'>πᾶσαν</span> 
     </span>
    </p>
   </div>
   <div class='ocr_carea' id='block_1_78' title="bbox 2372 3514 3974 3589">
    <p class='ocr_par' dir='ltr' id='par_1_78' title="bbox 2372 3514 3974 3589">
     <span class='ocr_line' id='line_1_78' title="bbox 2372 3514 3974 3589; baseline -0.003 -17"><span class='ocrx_word' id='word_1_590' title='bbox 2372 3520 2573 3589; x_wconf 82' lang='grc' dir='ltr'>σάρκα,</span> <span class='ocrx_word' id='word_1_591' title='bbox 2601 3518 2692 3571; x_wconf 78' lang='grc' dir='ltr'>καὶ</span> <span class='ocrx_word' id='word_1_592' title='bbox 2717 3518 3209 3589; x_wconf 82' lang='grc' dir='ltr'>προφητεύσουσιν.</span> <span class='ocrx_word' id='word_1_593' title='bbox 3242 3534 3262 3569; x_wconf 74' lang='grc' dir='ltr'>ι</span> <span class='ocrx_word' id='word_1_594' title='bbox 3295 3517 3452 3570; x_wconf 80' lang='grc' dir='ltr'>Οὕτω</span> <span class='ocrx_word' id='word_1_595' title='bbox 3475 3514 3532 3568; x_wconf 85' lang='grc' dir='ltr'><strong>δέ</strong></span> <span class='ocrx_word' id='word_1_596' title='bbox 3563 3515 3735 3583; x_wconf 81' lang='grc' dir='ltr'><strong>λέγει,</strong></span> <span class='ocrx_word' id='word_1_597' title='bbox 3766 3516 3853 3568; x_wconf 80' lang='grc' dir='ltr'><strong>ἵνα</strong></span> <span class='ocrx_word' id='word_1_598' title='bbox 3887 3516 3974 3587; x_wconf 79' lang='grc' dir='ltr'>μὴ</span> 
     </span>
    </p>
   </div>
   <div class='ocr_carea' id='block_1_79' title="bbox 2371 3607 3975 3678">
    <p class='ocr_par' dir='ltr' id='par_1_79' title="bbox 2371 3607 3975 3678">
     <span class='ocr_line' id='line_1_79' title="bbox 2371 3607 3975 3678; baseline -0.001 -17"><span class='ocrx_word' id='word_1_599' title='bbox 2371 3610 2500 3678; x_wconf 75' lang='grc' dir='ltr'>περὶ</span> <span class='ocrx_word' id='word_1_600' title='bbox 2524 3610 2705 3663; x_wconf 85' lang='grc' dir='ltr'>αὐτῶν</span> <span class='ocrx_word' id='word_1_601' title='bbox 2732 3608 2907 3662; x_wconf 88' lang='grc' dir='ltr'>ταῦτα</span> <span class='ocrx_word' id='word_1_602' title='bbox 2924 3608 3179 3676; x_wconf 78' lang='grc' dir='ltr'>λέγεσθαι</span> <span class='ocrx_word' id='word_1_603' title='bbox 3210 3607 3508 3676; x_wconf 81' lang='grc' dir='ltr'>νομίσωσιν</span> <span class='ocrx_word' id='word_1_604' title='bbox 3540 3607 3813 3661; x_wconf 73' lang='grc' dir='ltr'>Ἰουδαῖοιο</span> <span class='ocrx_word' id='word_1_605' title='bbox 3840 3607 3915 3660; x_wconf 77' lang='grc' dir='ltr'><strong>δι’</strong></span> <span class='ocrx_word' id='word_1_606' title='bbox 3944 3609 3975 3660; x_wconf 83' lang='grc' dir='ltr'>ὃ</span> 
     </span>
    </p>
   </div>
   <div class='ocr_carea' id='block_1_80' title="bbox 2372 3689 3970 3769">
    <p class='ocr_par' dir='ltr' id='par_1_80' title="bbox 2372 3689 3970 3769">
     <span class='ocr_line' id='line_1_80' title="bbox 2372 3689 3970 3769; baseline 0.001 -18"><span class='ocrx_word' id='word_1_607' title='bbox 2372 3702 2479 3753; x_wconf 79' lang='grc' dir='ltr'>πᾶν</span> <span class='ocrx_word' id='word_1_608' title='bbox 2506 3699 2809 3769; x_wconf 85' lang='grc' dir='ltr'>ἀνθρώπων</span> <span class='ocrx_word' id='word_1_609' title='bbox 2828 3699 2982 3768; x_wconf 82' lang='grc' dir='ltr'>γένος</span> <span class='ocrx_word' id='word_1_610' title='bbox 3003 3699 3173 3769; x_wconf 87' lang='grc' dir='ltr'>δηλοῖ.</span> <span class='ocrx_word' id='word_1_611' title='bbox 3204 3698 3342 3753; x_wconf 80' lang='grc' dir='ltr'>Ἀλλ’</span> <span class='ocrx_word' id='word_1_612' title='bbox 3369 3689 3517 3751; x_wconf 75' lang='grc' dir='ltr'>οὗτοι</span> <span class='ocrx_word' id='word_1_613' title='bbox 3545 3697 3643 3768; x_wconf 74' lang='grc' dir='ltr'>μὲν</span> <span class='ocrx_word' id='word_1_614' title='bbox 3671 3697 3970 3765; x_wconf 78' lang='grc' dir='ltr'>ἥξουσιν.</span> 
     </span>
    </p>
   </div>
   <div class='ocr_carea' id='block_1_81' title="bbox 2371 3789 3974 3860">
    <p class='ocr_par' dir='ltr' id='par_1_81' title="bbox 2371 3789 3974 3860">
     <span class='ocr_line' id='line_1_81' title="bbox 2371 3789 3974 3860; baseline 0 -17"><span class='ocrx_word' id='word_1_615' title='bbox 2371 3792 2435 3844; x_wconf 82' lang='lat' dir='ltr'><strong>0t</strong></span> <span class='ocrx_word' id='word_1_616' title='bbox 2463 3792 2519 3843; x_wconf 79' lang='grc' dir='ltr'>δὲ</span> <span class='ocrx_word' id='word_1_617' title='bbox 2544 3792 2641 3858; x_wconf 82' lang='grc' dir='ltr'>τῆς</span> <span class='ocrx_word' id='word_1_618' title='bbox 2682 3791 3072 3860; x_wconf 67' lang='grc' dir='ltr'>Ἰερουσαλὴμ</span> <span class='ocrx_word' id='word_1_619' title='bbox 3102 3790 3319 3859; x_wconf 78' lang='grc' dir='ltr'>ἐκείνης</span> <span class='ocrx_word' id='word_1_620' title='bbox 3352 3789 3568 3843; x_wconf 85' lang='grc' dir='ltr'>πολῖταί</span> <span class='ocrx_word' id='word_1_621' title='bbox 3599 3791 3737 3843; x_wconf 74' lang='grc' dir='ltr'>εἰσιν</span> <span class='ocrx_word' id='word_1_622' title='bbox 3767 3790 3825 3841; x_wconf 89' lang='grc' dir='ltr'>αἱ</span> <span class='ocrx_word' id='word_1_623' title='bbox 3859 3807 3974 3858; x_wconf 81' lang='grc' dir='ltr'>μυ-</span> 
     </span>
    </p>
   </div>
   <div class='ocr_carea' id='block_1_82' title="bbox 2372 3877 3969 3950">
    <p class='ocr_par' dir='ltr' id='par_1_82' title="bbox 2372 3877 3969 3950">
     <span class='ocr_line' id='line_1_82' title="bbox 2372 3877 3969 3950; baseline -0.001 -17"><span class='ocrx_word' id='word_1_624' title='bbox 2372 3881 2577 3950; x_wconf 84' lang='grc' dir='ltr'>ριάδες,</span> <span class='ocrx_word' id='word_1_625' title='bbox 2601 3880 2742 3932; x_wconf 90' lang='grc' dir='ltr'><strong>κατά</strong></span> <span class='ocrx_word' id='word_1_626' title='bbox 2774 3879 3002 3943; x_wconf 82' lang='grc' dir='ltr'>Παῦλον,</span> <span class='ocrx_word' id='word_1_627' title='bbox 3041 3878 3311 3947; x_wconf 78' lang='grc' dir='ltr'>ἀγγέλων,</span> <span class='ocrx_word' id='word_1_628' title='bbox 3340 3880 3374 3949; x_wconf 77' lang='grc' dir='ltr'>ἡ</span> <span class='ocrx_word' id='word_1_629' title='bbox 3415 3877 3715 3948; x_wconf 80' lang='grc' dir='ltr'>Ἐκκλησία</span> <span class='ocrx_word' id='word_1_630' title='bbox 3740 3895 3969 3949; x_wconf 56' lang='lat' dir='ltr'><strong>«pono.</strong></span> 
     </span>
    </p>
   </div>
   <div class='ocr_carea' id='block_1_83' title="bbox 2370 3970 3973 4040">
    <p class='ocr_par' dir='ltr' id='par_1_83' title="bbox 2370 3970 3973 4040">
     <span class='ocr_line' id='line_1_83' title="bbox 2370 3970 3973 4040; baseline 0.001 -16"><span class='ocrx_word' id='word_1_631' title='bbox 2370 3972 2565 4025; x_wconf 88' lang='grc' dir='ltr'>τόκων.</span> <span class='ocrx_word' id='word_1_632' title='bbox 2612 3972 2759 4024; x_wconf 86' lang='grc' dir='ltr'>Ἐκεῖ</span> <span class='ocrx_word' id='word_1_633' title='bbox 2806 3972 2894 4025; x_wconf 76' lang='grc' dir='ltr'><strong>διὰ</strong></span> <span class='ocrx_word' id='word_1_634' title='bbox 2935 3972 3136 4034; x_wconf 84' lang='grc' dir='ltr'>παντὸς</span> <span class='ocrx_word' id='word_1_635' title='bbox 3190 3970 3409 4024; x_wconf 68' lang='grc' dir='ltr'>ἔσονται</span> <span class='ocrx_word' id='word_1_636' title='bbox 3464 3971 3771 4040; x_wconf 70' lang='grc' dir='ltr'>λειτουργοὶ</span> <span class='ocrx_word' id='word_1_637' title='bbox 3823 3970 3973 4026; x_wconf 82' lang='grc' dir='ltr'>Θεοῦ</span> 
     </span>
    </p>
   </div>
   <div class='ocr_carea' id='block_1_84' title="bbox 2370 4060 3975 4131">
    <p class='ocr_par' dir='ltr' id='par_1_84' title="bbox 2370 4060 3975 4131">
     <span class='ocr_line' id='line_1_84' title="bbox 2370 4060 3975 4131; baseline 0.008 -29"><span class='ocrx_word' id='word_1_638' title='bbox 2370 4061 2541 4123; x_wconf 72' lang='grc' dir='ltr'>ὅντες,</span> <span class='ocrx_word' id='word_1_639' title='bbox 2589 4060 2680 4113; x_wconf 81' lang='grc' dir='ltr'>ὑπ’</span> <span class='ocrx_word' id='word_1_640' title='bbox 2716 4063 2963 4131; x_wconf 79' lang='grc' dir='ltr'>ἀρχιερεῖ</span> <span class='ocrx_word' id='word_1_641' title='bbox 2996 4060 3072 4129; x_wconf 86' lang='grc' dir='ltr'>τῷ</span> <span class='ocrx_word' id='word_1_642' title='bbox 3106 4060 3331 4130; x_wconf 77' lang='grc' dir='ltr'>μεγάλῳ</span> <span class='ocrx_word' id='word_1_643' title='bbox 3372 4061 3716 4130; x_wconf 81' lang='grc' dir='ltr'>ταττόμενοι.</span> <span class='ocrx_word' id='word_1_644' title='bbox 3748 4061 3975 4125; x_wconf 69' lang='grc' dir='ltr'>Πάντες</span> 
     </span>
    </p>
   </div>
   <div class='ocr_carea' id='block_1_85' title="bbox 2369 4150 3973 4219">
    <p class='ocr_par' dir='ltr' id='par_1_85' title="bbox 2369 4150 3973 4219">
     <span class='ocr_line' id='line_1_85' title="bbox 2369 4150 3973 4219; baseline 0.001 -15"><span class='ocrx_word' id='word_1_645' title='bbox 2369 4150 2427 4204; x_wconf 86' lang='grc' dir='ltr'><strong>δέ</strong></span> <span class='ocrx_word' id='word_1_646' title='bbox 2466 4150 2719 4219; x_wconf 72' lang='grc' dir='ltr'>ὄψονται</span> <span class='ocrx_word' id='word_1_647' title='bbox 2769 4150 2878 4203; x_wconf 91' lang='grc' dir='ltr'><strong>τῶν</strong></span> <span class='ocrx_word' id='word_1_648' title='bbox 2911 4150 3124 4203; x_wconf 77' lang='grc' dir='ltr'>ἀσεϐῶν</span> <span class='ocrx_word' id='word_1_649' title='bbox 3170 4150 3271 4219; x_wconf 84' lang='grc' dir='ltr'>τὴν</span> <span class='ocrx_word' id='word_1_650' title='bbox 3314 4150 3616 4215; x_wconf 82' lang='grc' dir='ltr'>ἀπώλειαν,</span> <span class='ocrx_word' id='word_1_651' title='bbox 3648 4150 3973 4216; x_wconf 76' lang='grc' dir='ltr'>ἐννοοῦντες</span> 
     </span>
    </p>
   </div>
   <div class='ocr_carea' id='block_1_86' title="bbox 2369 4239 3971 4311">
    <p class='ocr_par' dir='ltr' id='par_1_86' title="bbox 2369 4239 3971 4311">
     <span class='ocr_line' id='line_1_86' title="bbox 2369 4239 3971 4311; baseline 0.001 -18"><span class='ocrx_word' id='word_1_652' title='bbox 2369 4242 2495 4293; x_wconf 83' lang='grc' dir='ltr'>οἴων</span> <span class='ocrx_word' id='word_1_653' title='bbox 2534 4240 2754 4308; x_wconf 81' lang='grc' dir='ltr'>ἀγαθῶν</span> <span class='ocrx_word' id='word_1_654' title='bbox 2784 4239 3179 4311; x_wconf 82' lang='grc' dir='ltr'>ἐστερήθησαν.</span> <span class='ocrx_word' id='word_1_655' title='bbox 3226 4240 3373 4293; x_wconf 76' lang='grc' dir='ltr'>’Λντὶ</span> <span class='ocrx_word' id='word_1_656' title='bbox 3411 4240 3469 4293; x_wconf 80' lang='grc' dir='ltr'><strong>δὲ</strong></span> <span class='ocrx_word' id='word_1_657' title='bbox 3509 4239 3631 4303; x_wconf 88' lang='grc' dir='ltr'>τοῦ,</span> <span class='ocrx_word' id='word_1_658' title='bbox 3662 4240 3735 4293; x_wconf 82' lang='grc' dir='ltr'>τὰ</span> <span class='ocrx_word' id='word_1_659' title='bbox 3768 4240 3971 4307; x_wconf 70' lang='grc' dir='ltr'>κῶλα,</span> 
     </span>
    </p>
   </div>
   <div class='ocr_carea' id='block_1_87' title="bbox 2371 4330 3970 4402">
    <p class='ocr_par' dir='ltr' id='par_1_87' title="bbox 2371 4330 3970 4402">
     <span class='ocr_line' id='line_1_87' title="bbox 2371 4330 3970 4402; baseline 0.003 -20"><span class='ocrx_word' id='word_1_660' title='bbox 2371 4331 2443 4383; x_wconf 83' lang='grc' dir='ltr'>τὰ</span> <span class='ocrx_word' id='word_1_661' title='bbox 2482 4331 2711 4399; x_wconf 80' lang='grc' dir='ltr'>ἔσχατα</span> <span class='ocrx_word' id='word_1_662' title='bbox 2749 4331 3043 4401; x_wconf 79' lang='grc' dir='ltr'>Σύμμαχος</span> <span class='ocrx_word' id='word_1_663' title='bbox 3080 4330 3301 4402; x_wconf 70' lang='grc' dir='ltr'>ἔφησεν.</span> <span class='ocrx_word' id='word_1_664' title='bbox 3345 4330 3521 4385; x_wconf 85' lang='grc' dir='ltr'>Τίνων</span> <span class='ocrx_word' id='word_1_665' title='bbox 3554 4331 3612 4383; x_wconf 81' lang='grc' dir='ltr'><strong>δὲ</strong></span> <span class='ocrx_word' id='word_1_666' title='bbox 3647 4333 3721 4386; x_wconf 83' lang='grc' dir='ltr'>τὰ</span> <span class='ocrx_word' id='word_1_667' title='bbox 3753 4332 3970 4398; x_wconf 74' lang='grc' dir='ltr'>κῶλα;</span> 
     </span>
    </p>
   </div>
   <div class='ocr_carea' id='block_1_88' title="bbox 2371 4416 3978 4494">
    <p class='ocr_par' dir='ltr' id='par_1_88' title="bbox 2371 4416 3978 4494">
     <span class='ocr_line' id='line_1_88' title="bbox 2371 4416 3978 4494; baseline 0.002 -20"><span class='ocrx_word' id='word_1_668' title='bbox 2371 4423 2501 4494; x_wconf 72' lang='grc' dir='ltr'>περὶ</span> <span class='ocrx_word' id='word_1_669' title='bbox 2557 4416 2631 4476; x_wconf 80' lang='grc' dir='ltr'>ὧν</span> <span class='ocrx_word' id='word_1_670' title='bbox 2677 4423 2831 4490; x_wconf 81' lang='grc' dir='ltr'>ἔλεγε</span> <span class='ocrx_word' id='word_1_671' title='bbox 2868 4424 2989 4475; x_wconf 83' lang='grc' dir='ltr'>κατ’</span> <span class='ocrx_word' id='word_1_672' title='bbox 3027 4422 3233 4493; x_wconf 83' lang='grc' dir='ltr'>ἀρχάς·</span> <span class='ocrx_word' id='word_1_673' title='bbox 3273 4441 3291 4474; x_wconf 79' lang='grc' dir='ltr'>ι</span> <span class='ocrx_word' id='word_1_674' title='bbox 3324 4423 3487 4486; x_wconf 82' lang='grc' dir='ltr'>Υἱοὺς</span> <span class='ocrx_word' id='word_1_675' title='bbox 3518 4423 3809 4494; x_wconf 74' lang='grc' dir='ltr'>ἐγέννησα,</span> <span class='ocrx_word' id='word_1_676' title='bbox 3869 4427 3978 4478; x_wconf 78' lang='grc' dir='ltr'>καὶ</span> 
     </span>
    </p>
   </div>
   <div class='ocr_carea' id='block_1_89' title="bbox 2373 4512 3978 4589">
    <p class='ocr_par' dir='ltr' id='par_1_89' title="bbox 2373 4512 3978 4589">
     <span class='ocr_line' id='line_1_89' title="bbox 2373 4512 3978 4589; baseline 0.004 -25"><span class='ocrx_word' id='word_1_677' title='bbox 2373 4513 2564 4583; x_wconf 78' lang='grc' dir='ltr'>ὕψωσα</span> <span class='ocrx_word' id='word_1_678' title='bbox 2590 4528 2605 4543; x_wconf 77' lang='grc' dir='ltr'><strong>ο</strong></span> <span class='ocrx_word' id='word_1_679' title='bbox 2632 4513 2784 4567; x_wconf 81' lang='grc' dir='ltr'>αὐτοὶ</span> <span class='ocrx_word' id='word_1_680' title='bbox 2809 4514 2867 4567; x_wconf 83' lang='grc' dir='ltr'><strong>δέ</strong></span> <span class='ocrx_word' id='word_1_681' title='bbox 2905 4530 2972 4583; x_wconf 88' lang='grc' dir='ltr'>με</span> <span class='ocrx_word' id='word_1_682' title='bbox 3000 4512 3294 4589; x_wconf 68' lang='grc' dir='ltr'>ἠθέτησαν.</span> <span class='ocrx_word' id='word_1_683' title='bbox 3328 4531 3347 4563; x_wconf 74' lang='grc' dir='ltr'><strong>ι</strong></span> <span class='ocrx_word' id='word_1_684' title='bbox 3371 4512 3479 4576; x_wconf 77' lang='grc' dir='ltr'>Οὓς</span> <span class='ocrx_word' id='word_1_685' title='bbox 3510 4514 3728 4585; x_wconf 77' lang='grc' dir='ltr'>μακρὰν</span> <span class='ocrx_word' id='word_1_686' title='bbox 3752 4516 3978 4570; x_wconf 78' lang='grc' dir='ltr'>ἑαυτῶν</span> 
     </span>
    </p>
   </div>
   <div class='ocr_carea' id='block_1_90' title="bbox 700 4596 2377 4672">
    <p class='ocr_par' dir='ltr' id='par_1_90' title="bbox 700 4596 2377 4671">
     <span class='ocr_line' id='line_1_90' title="bbox 700 4596 2377 4671; baseline 0.003 -17"><span class='ocrx_word' id='word_1_687' title='bbox 700 4601 766 4655; x_wconf 89' lang='lat' dir='ltr'><strong>de</strong></span> <span class='ocrx_word' id='word_1_688' title='bbox 795 4601 994 4670; x_wconf 90' lang='lat' dir='ltr'><strong>quibus</strong></span> <span class='ocrx_word' id='word_1_689' title='bbox 1059 4602 1217 4655; x_wconf 89' lang='lat' dir='ltr'><strong>initio</strong></span> <span class='ocrx_word' id='word_1_690' title='bbox 1267 4603 1536 4663; x_wconf 87' lang='lat' dir='ltr'><strong>scribens.</strong></span> <span class='ocrx_word' id='word_1_691' title='bbox 1595 4603 1738 4657; x_wconf 90' lang='lat' dir='ltr'><strong>lilios</strong></span> <span class='ocrx_word' id='word_1_692' title='bbox 1801 4618 1861 4657; x_wconf 89' lang='lat' dir='ltr'><strong>se</strong></span> <span class='ocrx_word' id='word_1_693' title='bbox 1912 4604 2169 4671; x_wconf 79' lang='lat' dir='ltr'><strong>genuisse</strong></span> <span class='ocrx_word' id='word_1_694' title='bbox 2220 4616 2273 4659; x_wconf 87' lang='lat' dir='ltr'><strong>et</strong></span> <span class='ocrx_word' id='word_1_695' title='bbox 2306 4596 2377 4651; x_wconf 8' lang='lat' dir='ltr'><strong>De</strong></span> 
     </span>
    </p>
   </div>
   <div class='ocr_carea' id='block_1_91' title="bbox 2294 4596 3971 4672">
    <p class='ocr_par' dir='ltr' id='par_1_91' title="bbox 2306 4596 3971 4672">
     <span class='ocr_line' id='line_1_91' title="bbox 2306 4596 3971 4672; baseline 0.002 -15"><span class='ocrx_word' id='word_1_696' title='bbox 2306 4596 2349 4651; x_wconf 79' lang='grc' dir='ltr'><strong>Ι)</strong></span> <span class='ocrx_word' id='word_1_697' title='bbox 2376 4604 2533 4667; x_wconf 79' lang='grc' dir='ltr'>ὄντας</span> <span class='ocrx_word' id='word_1_698' title='bbox 2570 4605 2620 4656; x_wconf 79' lang='grc' dir='ltr'>οἱ</span> <span class='ocrx_word' id='word_1_699' title='bbox 2668 4605 2738 4659; x_wconf 83' lang='grc' dir='ltr'><strong>ἐκ</strong></span> <span class='ocrx_word' id='word_1_700' title='bbox 2772 4604 2882 4672; x_wconf 83' lang='grc' dir='ltr'>τῆς</span> <span class='ocrx_word' id='word_1_701' title='bbox 2926 4604 3321 4671; x_wconf 72' lang='grc' dir='ltr'>Ἰερουσαλὴμ</span> <span class='ocrx_word' id='word_1_702' title='bbox 3367 4603 3603 4669; x_wconf 76' lang='grc' dir='ltr'>ἐξιόντες</span> <span class='ocrx_word' id='word_1_703' title='bbox 3648 4606 3971 4669; x_wconf 81' lang='grc' dir='ltr'>θεάσονται,</span> 
     </span>
    </p>
   </div>
   <div class='ocr_carea' id='block_1_92' title="bbox 700 4693 2265 4766">
    <p class='ocr_par' dir='ltr' id='par_1_92' title="bbox 700 4693 2265 4766">
     <span class='ocr_line' id='line_1_92' title="bbox 700 4693 2265 4766; baseline 0.001 -21"><span class='ocrx_word' id='word_1_704' title='bbox 700 4694 973 4747; x_wconf 79' lang='lat' dir='ltr'><strong>exultasse</strong></span> <span class='ocrx_word' id='word_1_705' title='bbox 1002 4694 1076 4757; x_wconf 82' lang='lat'><strong>&quot;,</strong></span> <span class='ocrx_word' id='word_1_706' title='bbox 1126 4708 1155 4745; x_wconf 87' lang='lat' dir='ltr'><strong>a</strong></span> <span class='ocrx_word' id='word_1_707' title='bbox 1189 4693 1391 4761; x_wconf 90' lang='lat' dir='ltr'><strong>quibus</strong></span> <span class='ocrx_word' id='word_1_708' title='bbox 1447 4694 1686 4763; x_wconf 82' lang='lat' dir='ltr'><strong>seipsum</strong></span> <span class='ocrx_word' id='word_1_709' title='bbox 1742 4694 1951 4763; x_wconf 90' lang='lat' dir='ltr'><strong>despici</strong></span> <span class='ocrx_word' id='word_1_710' title='bbox 2015 4696 2265 4766; x_wconf 79' lang='lat' dir='ltr'><strong>contigit,</strong></span> 
     </span>
    </p>
   </div>
   <div class='ocr_carea' id='block_1_93' title="bbox 701 4783 2269 4856">
    <p class='ocr_par' dir='ltr' id='par_1_93' title="bbox 701 4783 2269 4856">
     <span class='ocr_line' id='line_1_93' title="bbox 701 4783 2269 4856; baseline 0.001 -19"><span class='ocrx_word' id='word_1_711' title='bbox 701 4783 1023 4838; x_wconf 79' lang='lat' dir='ltr'><strong>allirmavit?</strong></span> <span class='ocrx_word' id='word_1_712' title='bbox 1048 4800 1188 4854; x_wconf 89' lang='lat' dir='ltr'><strong>quos</strong></span> <span class='ocrx_word' id='word_1_713' title='bbox 1227 4785 1387 4856; x_wconf 86' lang='lat' dir='ltr'><strong>longe</strong></span> <span class='ocrx_word' id='word_1_714' title='bbox 1415 4800 1445 4838; x_wconf 90' lang='lat' dir='ltr'><strong>a</strong></span> <span class='ocrx_word' id='word_1_715' title='bbox 1484 4801 1545 4840; x_wconf 87' lang='lat' dir='ltr'><strong>se</strong></span> <span class='ocrx_word' id='word_1_716' title='bbox 1587 4794 1852 4849; x_wconf 88' lang='lat' dir='ltr'><strong>remotos,</strong></span> <span class='ocrx_word' id='word_1_717' title='bbox 1892 4786 1984 4855; x_wconf 89' lang='lat' dir='ltr'><strong>qui</strong></span> <span class='ocrx_word' id='word_1_718' title='bbox 2016 4786 2082 4841; x_wconf 89' lang='lat' dir='ltr'><strong>de</strong></span> <span class='ocrx_word' id='word_1_719' title='bbox 2109 4786 2269 4841; x_wconf 79' lang='lat' dir='ltr'><strong>Jeru-</strong></span> 
     </span>
    </p>
   </div>
   <div class='ocr_carea' id='block_1_94' title="bbox 699 4876 2271 4949">
    <p class='ocr_par' dir='ltr' id='par_1_94' title="bbox 699 4876 2271 4949">
     <span class='ocr_line' id='line_1_94' title="bbox 699 4876 2271 4949; baseline 0.003 -21"><span class='ocrx_word' id='word_1_720' title='bbox 699 4876 865 4929; x_wconf 78' lang='lat' dir='ltr'><strong>salem</strong></span> <span class='ocrx_word' id='word_1_721' title='bbox 896 4877 1092 4930; x_wconf 85' lang='lat' dir='ltr'><strong>exituri</strong></span> <span class='ocrx_word' id='word_1_722' title='bbox 1149 4885 1297 4940; x_wconf 91' lang='lat' dir='ltr'><strong>sunt,</strong></span> <span class='ocrx_word' id='word_1_723' title='bbox 1328 4876 1611 4943; x_wconf 85' lang='lat' dir='ltr'><strong>videbunt,</strong></span> <span class='ocrx_word' id='word_1_724' title='bbox 1641 4885 1695 4932; x_wconf 91' lang='lat' dir='ltr'><strong>et</strong></span> <span class='ocrx_word' id='word_1_725' title='bbox 1720 4879 1814 4949; x_wconf 93' lang='lat' dir='ltr'><strong>qui</strong></span> <span class='ocrx_word' id='word_1_726' title='bbox 1859 4878 1927 4933; x_wconf 81' lang='lat' dir='ltr'><strong>ad</strong></span> <span class='ocrx_word' id='word_1_727' title='bbox 1975 4895 2105 4935; x_wconf 88' lang='lat' dir='ltr'><strong>suas</strong></span> <span class='ocrx_word' id='word_1_728' title='bbox 2154 4881 2271 4935; x_wconf 88' lang='lat' dir='ltr'><strong>sin-</strong></span> 
     </span>
    </p>
   </div>
   <div class='ocr_carea' id='block_1_95' title="bbox 702 4970 2269 5041">
    <p class='ocr_par' dir='ltr' id='par_1_95' title="bbox 702 4970 2269 5041">
     <span class='ocr_line' id='line_1_95' title="bbox 702 4970 2269 5041; baseline 0.001 -19"><span class='ocrx_word' id='word_1_729' title='bbox 702 4970 813 5035; x_wconf 76' lang='lat' dir='ltr'><strong>guli</strong></span> <span class='ocrx_word' id='word_1_730' title='bbox 848 4972 1164 5024; x_wconf 85' lang='lat' dir='ltr'><strong>mansiones</strong></span> <span class='ocrx_word' id='word_1_731' title='bbox 1199 4978 1566 5025; x_wconf 87' lang='lat' dir='ltr'><strong>revertentur.</strong></span> <span class='ocrx_word' id='word_1_732' title='bbox 1615 4970 1900 5041; x_wconf 81' lang='lat' dir='ltr'><strong>Signiﬁcat</strong></span> <span class='ocrx_word' id='word_1_733' title='bbox 1942 4986 2107 5041; x_wconf 87' lang='lat' dir='ltr'><strong>porro</strong></span> <span class='ocrx_word' id='word_1_734' title='bbox 2156 4988 2269 5026; x_wconf 81' lang='lat' dir='ltr'><strong>rer-</strong></span> 
     </span>
    </p>
   </div>
   <div class='ocr_carea' id='block_1_96' title="bbox 702 5061 2272 5133">
    <p class='ocr_par' dir='ltr' id='par_1_96' title="bbox 702 5061 2272 5133">
     <span class='ocr_line' id='line_1_96' title="bbox 702 5061 2272 5133; baseline 0.002 -21"><span class='ocrx_word' id='word_1_735' title='bbox 702 5061 801 5113; x_wconf 84' lang='lat' dir='ltr'><strong>mis</strong></span> <span class='ocrx_word' id='word_1_736' title='bbox 856 5061 1239 5129; x_wconf 88' lang='lat' dir='ltr'><strong>appellatione,</strong></span> <span class='ocrx_word' id='word_1_737' title='bbox 1289 5062 1569 5116; x_wconf 65' lang='lat' dir='ltr'><strong>assiduam</strong></span> <span class='ocrx_word' id='word_1_738' title='bbox 1622 5077 1837 5125; x_wconf 90' lang='lat' dir='ltr'><strong>eorum,</strong></span> <span class='ocrx_word' id='word_1_739' title='bbox 1888 5079 2010 5132; x_wconf 72' lang='lat' dir='ltr'><strong>quae</strong></span> <span class='ocrx_word' id='word_1_740' title='bbox 2070 5064 2272 5133; x_wconf 89' lang='lat' dir='ltr'><strong>singuli</strong></span> 
     </span>
    </p>
   </div>
   <div class='ocr_carea' id='block_1_97' title="bbox 702 5153 2274 5222">
    <p class='ocr_par' dir='ltr' id='par_1_97' title="bbox 702 5153 2274 5222">
     <span class='ocr_line' id='line_1_97' title="bbox 702 5153 2274 5222; baseline 0.001 -17"><span class='ocrx_word' id='word_1_741' title='bbox 702 5154 1073 5219; x_wconf 87' lang='lat' dir='ltr'><strong>peccavimus,</strong></span> <span class='ocrx_word' id='word_1_742' title='bbox 1101 5153 1154 5206; x_wconf 91' lang='lat' dir='ltr'><strong>in</strong></span> <span class='ocrx_word' id='word_1_743' title='bbox 1190 5153 1505 5222; x_wconf 74' lang='lat' dir='ltr'><strong>ptenitcndo</strong></span> <span class='ocrx_word' id='word_1_744' title='bbox 1542 5153 1973 5219; x_wconf 89' lang='lat' dir='ltr'><strong>conscientiam;</strong></span> <span class='ocrx_word' id='word_1_745' title='bbox 2005 5169 2125 5222; x_wconf 60' lang='lat' dir='ltr'><strong>quae</strong></span> <span class='ocrx_word' id='word_1_746' title='bbox 2151 5162 2274 5207; x_wconf 89' lang='lat' dir='ltr'><strong>tau-</strong></span> 
     </span>
    </p>
   </div>
   <div class='ocr_carea' id='block_1_98' title="bbox 702 5246 2271 5316">
    <p class='ocr_par' dir='ltr' id='par_1_98' title="bbox 702 5246 2271 5316">
     <span class='ocr_line' id='line_1_98' title="bbox 702 5246 2271 5316; baseline 0.006 -23"><span class='ocrx_word' id='word_1_747' title='bbox 702 5254 881 5298; x_wconf 89' lang='lat' dir='ltr'><strong>torutn</strong></span> <span class='ocrx_word' id='word_1_748' title='bbox 941 5246 1210 5300; x_wconf 90' lang='lat' dir='ltr'><strong>bonorum</strong></span> <span class='ocrx_word' id='word_1_749' title='bbox 1247 5248 1555 5316; x_wconf 83' lang='lat' dir='ltr'><strong>privatione</strong></span> <span class='ocrx_word' id='word_1_750' title='bbox 1626 5248 1870 5301; x_wconf 84' lang='lat' dir='ltr'><strong>animam</strong></span> <span class='ocrx_word' id='word_1_751' title='bbox 1926 5247 2271 5309; x_wconf 88' lang='lat' dir='ltr'><strong>remordens.</strong></span> 
     </span>
    </p>
   </div>
   <div class='ocr_carea' id='block_1_99' title="bbox 701 5339 2271 5395">
    <p class='ocr_par' dir='ltr' id='par_1_99' title="bbox 701 5339 2271 5395">
     <span class='ocr_line' id='line_1_99' title="bbox 701 5339 2271 5395; baseline 0.003 -6"><span class='ocrx_word' id='word_1_752' title='bbox 701 5352 928 5391; x_wconf 72' lang='lat' dir='ltr'><strong>suorum</strong></span> <span class='ocrx_word' id='word_1_753' title='bbox 986 5355 1178 5394; x_wconf 89' lang='lat' dir='ltr'><strong>omnes</strong></span> <span class='ocrx_word' id='word_1_754' title='bbox 1251 5340 1520 5395; x_wconf 90' lang='lat' dir='ltr'><strong>scelerum</strong></span> <span class='ocrx_word' id='word_1_755' title='bbox 1580 5339 1966 5393; x_wconf 85' lang='lat' dir='ltr'><strong>recordatione</strong></span> <span class='ocrx_word' id='word_1_756' title='bbox 2024 5348 2271 5394; x_wconf 87' lang='lat' dir='ltr'><strong>accuset.</strong></span> 
     </span>
    </p>
   </div>
   <div class='ocr_carea' id='block_1_100' title="bbox 707 5427 2273 5500">
    <p class='ocr_par' dir='ltr' id='par_1_100' title="bbox 707 5427 2273 5500">
     <span class='ocr_line' id='line_1_100' title="bbox 707 5427 2273 5500; baseline 0.003 -21"><span class='ocrx_word' id='word_1_757' title='bbox 707 5427 887 5481; x_wconf 72' lang='lat' dir='ltr'><strong>Fuerit</strong></span> <span class='ocrx_word' id='word_1_758' title='bbox 919 5429 1115 5483; x_wconf 80' lang='lat' dir='ltr'><strong>deinde</strong></span> <span class='ocrx_word' id='word_1_759' title='bbox 1147 5432 1280 5500; x_wconf 75' lang='lat' dir='ltr'><strong>ignis</strong></span> <span class='ocrx_word' id='word_1_760' title='bbox 1331 5431 1447 5500; x_wconf 87' lang='lat' dir='ltr'><strong>ipse</strong></span> <span class='ocrx_word' id='word_1_761' title='bbox 1482 5430 1950 5500; x_wconf 74' lang='lat' dir='ltr'><strong>inexstingnibilis,</strong></span> <span class='ocrx_word' id='word_1_762' title='bbox 1988 5430 2080 5499; x_wconf 88' lang='lat' dir='ltr'><strong>qui</strong></span> <span class='ocrx_word' id='word_1_763' title='bbox 2129 5447 2273 5483; x_wconf 88' lang='lat' dir='ltr'><strong>scm-</strong></span> 
     </span>
    </p>
   </div>
   <div class='ocr_carea' id='block_1_101' title="bbox 777 5542 1803 5610">
    <p class='ocr_par' dir='ltr' id='par_1_101' title="bbox 777 5542 1803 5610">
     <span class='ocr_line' id='line_1_101' title="bbox 777 5542 1803 5610; baseline 0.004 -16"><span class='ocrx_word' id='word_1_764' title='bbox 777 5543 820 5573; x_wconf 81' lang='lat'><strong><em>”</em></strong></span> <span class='ocrx_word' id='word_1_765' title='bbox 860 5542 898 5594; x_wconf 87' lang='lat' dir='ltr'><strong>ll</strong></span> <span class='ocrx_word' id='word_1_766' title='bbox 926 5544 1049 5596; x_wconf 67' lang='lat' dir='ltr'><strong>Cor.</strong></span> <span class='ocrx_word' id='word_1_767' title='bbox 1082 5560 1155 5605; x_wconf 78' lang='lat' dir='ltr'><strong>tv,</strong></span> <span class='ocrx_word' id='word_1_768' title='bbox 1207 5545 1287 5598; x_wconf 79' lang='grc'><strong>18.</strong></span> <span class='ocrx_word' id='word_1_769' title='bbox 1396 5545 1436 5575; x_wconf 75' lang='grc'><strong>’³</strong></span> <span class='ocrx_word' id='word_1_770' title='bbox 1475 5544 1636 5598; x_wconf 77' lang='lat' dir='ltr'><strong>Hebr.</strong></span> <span class='ocrx_word' id='word_1_771' title='bbox 1671 5544 1803 5610; x_wconf 74' lang='lat' dir='ltr'><strong>x,1.</strong></span> 
     </span>
    </p>
   </div>
   <div class='ocr_carea' id='block_1_102' title="bbox 709 5613 1658 5677">
    <p class='ocr_par' dir='ltr' id='par_1_102' title="bbox 709 5613 1658 5677">
     <span class='ocr_line' id='line_1_102' title="bbox 709 5613 1658 5677; baseline -0.001 -11"><span class='ocrx_word' id='word_1_772' title='bbox 709 5614 753 5639; x_wconf 80' lang='grc'><strong>¹³’</strong></span> <span class='ocrx_word' id='word_1_773' title='bbox 792 5613 952 5667; x_wconf 84' lang='lat' dir='ltr'><strong>llcbr.</strong></span> <span class='ocrx_word' id='word_1_774' title='bbox 991 5630 1085 5677; x_wconf 79' lang='lat' dir='ltr'><strong>xu,</strong></span> <span class='ocrx_word' id='word_1_775' title='bbox 1118 5614 1209 5667; x_wconf 56' lang='lat'><strong>“2:2.</strong></span> <span class='ocrx_word' id='word_1_776' title='bbox 1284 5614 1331 5644; x_wconf 79' lang='lat'><strong>&quot;</strong></span> <span class='ocrx_word' id='word_1_777' title='bbox 1370 5615 1467 5667; x_wconf 77' lang='lat' dir='ltr'><strong>lsa.</strong></span> <span class='ocrx_word' id='word_1_778' title='bbox 1507 5630 1559 5672; x_wconf 86' lang='grc' dir='ltr'>ι.</span> <span class='ocrx_word' id='word_1_779' title='bbox 1605 5614 1658 5666; x_wconf 71' lang='lat'><strong>‘3.</strong></span> 
     </span>
    </p>
   </div>
   <div class='ocr_carea' id='block_1_103' title="bbox 1905 5542 2446 5604">
    <p class='ocr_par' dir='ltr' id='par_1_103' title="bbox 1905 5542 2446 5604">
     <span class='ocr_line' id='line_1_103' title="bbox 1905 5542 2446 5604; baseline 0 -9"><span class='ocrx_word' id='word_1_780' title='bbox 1905 5544 1950 5575; x_wconf 85' lang='grc'><strong>⁹²</strong></span> <span class='ocrx_word' id='word_1_781' title='bbox 1984 5542 2123 5599; x_wconf 81' lang='lat' dir='ltr'><strong>Psal.</strong></span> <span class='ocrx_word' id='word_1_782' title='bbox 2177 5559 2358 5604; x_wconf 66' lang='lat' dir='ltr'><strong>LXXVI,</strong></span> <span class='ocrx_word' id='word_1_783' title='bbox 2393 5545 2446 5597; x_wconf 82' lang='lat'><strong>6.</strong></span> 
     </span>
    </p>
   </div>
   <div class='ocr_carea' id='block_1_104' title="bbox 2373 4693 3970 4764">
    <p class='ocr_par' dir='ltr' id='par_1_104' title="bbox 2373 4693 3970 4764">
     <span class='ocr_line' id='line_1_104' title="bbox 2373 4693 3970 4764; baseline 0.002 -17"><span class='ocrx_word' id='word_1_784' title='bbox 2373 4695 2467 4747; x_wconf 72' lang='grc' dir='ltr'>καὶ</span> <span class='ocrx_word' id='word_1_785' title='bbox 2499 4694 2592 4746; x_wconf 76' lang='grc' dir='ltr'>ἐπὶ</span> <span class='ocrx_word' id='word_1_786' title='bbox 2610 4697 2708 4757; x_wconf 79' lang='grc' dir='ltr'>τὰς</span> <span class='ocrx_word' id='word_1_787' title='bbox 2731 4694 2937 4758; x_wconf 79' lang='grc' dir='ltr'>οἰκείας</span> <span class='ocrx_word' id='word_1_788' title='bbox 2974 4696 3140 4764; x_wconf 73' lang='grc' dir='ltr'>μονὰς</span> <span class='ocrx_word' id='word_1_789' title='bbox 3178 4693 3533 4764; x_wconf 82' lang='grc' dir='ltr'>ἐπανήξουσι.</span> <span class='ocrx_word' id='word_1_790' title='bbox 3569 4694 3868 4762; x_wconf 73' lang='grc' dir='ltr'>Σκώληκα</span> <span class='ocrx_word' id='word_1_791' title='bbox 3910 4697 3970 4750; x_wconf 77' lang='grc' dir='ltr'><strong>δέ</strong></span> 
     </span>
    </p>
   </div>
   <div class='ocr_carea' id='block_1_105' title="bbox 2374 4786 3974 4859">
    <p class='ocr_par' dir='ltr' id='par_1_105' title="bbox 2374 4786 3974 4859">
     <span class='ocr_line' id='line_1_105' title="bbox 2374 4786 3974 4859; baseline 0.003 -23"><span class='ocrx_word' id='word_1_792' title='bbox 2374 4801 2540 4855; x_wconf 78' lang='grc' dir='ltr'>φησιν</span> <span class='ocrx_word' id='word_1_793' title='bbox 2572 4786 2931 4857; x_wconf 75' lang='grc' dir='ltr'>ἀτελεύτητον</span> <span class='ocrx_word' id='word_1_794' title='bbox 2970 4786 3066 4857; x_wconf 81' lang='grc' dir='ltr'><strong>τὴν</strong></span> <span class='ocrx_word' id='word_1_795' title='bbox 3102 4789 3159 4841; x_wconf 84' lang='grc' dir='ltr'><strong>ἐν</strong></span> <span class='ocrx_word' id='word_1_796' title='bbox 3212 4789 3291 4859; x_wconf 84' lang='grc' dir='ltr'>τῷ</span> <span class='ocrx_word' id='word_1_797' title='bbox 3333 4790 3615 4857; x_wconf 86' lang='grc' dir='ltr'>μετανοεῖν</span> <span class='ocrx_word' id='word_1_798' title='bbox 3658 4787 3769 4839; x_wconf 88' lang='grc' dir='ltr'><strong>τῶν</strong></span> <span class='ocrx_word' id='word_1_799' title='bbox 3814 4787 3974 4841; x_wconf 76' lang='grc' dir='ltr'>ἰδίων</span> 
     </span>
    </p>
   </div>
   <div class='ocr_carea' id='block_1_106' title="bbox 2378 4877 3975 4951">
    <p class='ocr_par' dir='ltr' id='par_1_106' title="bbox 2378 4877 3975 4951">
     <span class='ocr_line' id='line_1_106' title="bbox 2378 4877 3975 4951; baseline 0.001 -20"><span class='ocrx_word' id='word_1_800' title='bbox 2378 4878 2789 4949; x_wconf 82' lang='grc' dir='ltr'>ἁμαρτημάτων</span> <span class='ocrx_word' id='word_1_801' title='bbox 2836 4880 3161 4951; x_wconf 80' lang='grc' dir='ltr'>συνείδησιν,</span> <span class='ocrx_word' id='word_1_802' title='bbox 3202 4883 3261 4935; x_wconf 80' lang='grc' dir='ltr'><strong>ἐν</strong></span> <span class='ocrx_word' id='word_1_803' title='bbox 3312 4880 3390 4950; x_wconf 85' lang='grc' dir='ltr'>τῷ</span> <span class='ocrx_word' id='word_1_804' title='bbox 3436 4878 3697 4933; x_wconf 84' lang='grc' dir='ltr'>τοιούτων</span> <span class='ocrx_word' id='word_1_805' title='bbox 3737 4877 3975 4946; x_wconf 82' lang='grc' dir='ltr'>ἀγαθῶν</span> 
     </span>
    </p>
   </div>
   <div class='ocr_carea' id='block_1_107' title="bbox 2376 4969 3976 5042">
    <p class='ocr_par' dir='ltr' id='par_1_107' title="bbox 2376 4969 3976 5042">
     <span class='ocr_line' id='line_1_107' title="bbox 2376 4969 3976 5042; baseline 0 -19"><span class='ocrx_word' id='word_1_806' title='bbox 2376 4970 2702 5040; x_wconf 80' lang='grc' dir='ltr'>ἐστερῆσθαι</span> <span class='ocrx_word' id='word_1_807' title='bbox 2745 4970 3092 5040; x_wconf 84' lang='grc' dir='ltr'>δακνομὲνων</span> <span class='ocrx_word' id='word_1_808' title='bbox 3130 4973 3217 5025; x_wconf 74' lang='grc' dir='ltr'><strong>ἀεὶ</strong></span> <span class='ocrx_word' id='word_1_809' title='bbox 3246 4970 3344 5042; x_wconf 78' lang='grc' dir='ltr'>τὴν</span> <span class='ocrx_word' id='word_1_810' title='bbox 3370 4970 3570 5041; x_wconf 79' lang='grc' dir='ltr'>ψυχὴν,</span> <span class='ocrx_word' id='word_1_811' title='bbox 3596 4969 3691 5022; x_wconf 77' lang='grc' dir='ltr'><strong>καὶ</strong></span> <span class='ocrx_word' id='word_1_812' title='bbox 3720 4986 3976 5039; x_wconf 72' lang='grc' dir='ltr'>κατητοο</span> 
     </span>
    </p>
   </div>
   <div class='ocr_carea' id='block_1_108' title="bbox 2384 5062 3975 5136">
    <p class='ocr_par' dir='ltr' id='par_1_108' title="bbox 2384 5062 3975 5136">
     <span class='ocr_line' id='line_1_108' title="bbox 2384 5062 3975 5136; baseline -0.001 -20"><span class='ocrx_word' id='word_1_813' title='bbox 2384 5065 2622 5133; x_wconf 88' lang='grc' dir='ltr'>ρούντων</span> <span class='ocrx_word' id='word_1_814' title='bbox 2671 5063 2881 5117; x_wconf 90' lang='grc' dir='ltr'>ἐαυτῶν</span> <span class='ocrx_word' id='word_1_815' title='bbox 2934 5065 3027 5116; x_wconf 80' lang='grc' dir='ltr'><strong>ἐπὶ</strong></span> <span class='ocrx_word' id='word_1_816' title='bbox 3079 5066 3145 5134; x_wconf 84' lang='grc' dir='ltr'><strong>τῇ</strong></span> <span class='ocrx_word' id='word_1_817' title='bbox 3193 5064 3450 5136; x_wconf 77' lang='grc' dir='ltr'>φθασάσῃ</span> <span class='ocrx_word' id='word_1_818' title='bbox 3498 5062 3691 5132; x_wconf 68' lang='grc' dir='ltr'>κακίᾳ.</span> <span class='ocrx_word' id='word_1_819' title='bbox 3736 5062 3869 5130; x_wconf 82' lang='grc' dir='ltr'>Πῦρ</span> <span class='ocrx_word' id='word_1_820' title='bbox 3915 5062 3975 5115; x_wconf 82' lang='grc' dir='ltr'><strong>δέ</strong></span> 
     </span>
    </p>
   </div>
   <div class='ocr_carea' id='block_1_109' title="bbox 2381 5155 3975 5226">
    <p class='ocr_par' dir='ltr' id='par_1_109' title="bbox 2381 5155 3975 5226">
     <span class='ocr_line' id='line_1_109' title="bbox 2381 5155 3975 5226; baseline -0.001 -17"><span class='ocrx_word' id='word_1_821' title='bbox 2381 5156 2706 5219; x_wconf 77' lang='grc' dir='ltr'>ἄσϐεστον,</span> <span class='ocrx_word' id='word_1_822' title='bbox 2735 5156 2796 5208; x_wconf 75' lang='grc' dir='ltr'>τὸ</span> <span class='ocrx_word' id='word_1_823' title='bbox 2819 5155 2981 5226; x_wconf 74' lang='grc' dir='ltr'>ῥηθὲν</span> <span class='ocrx_word' id='word_1_824' title='bbox 3004 5156 3109 5209; x_wconf 80' lang='grc' dir='ltr'><strong>ὑπὸ</strong></span> <span class='ocrx_word' id='word_1_825' title='bbox 3129 5155 3223 5208; x_wconf 88' lang='grc' dir='ltr'><strong>τοῦ</strong></span> <span class='ocrx_word' id='word_1_826' title='bbox 3247 5157 3397 5225; x_wconf 85' lang='grc' dir='ltr'><strong>Σωτῆ</strong></span> <span class='ocrx_word' id='word_1_827' title='bbox 3408 5172 3519 5226; x_wconf 84' lang='grc' dir='ltr'>ρος,</span> <span class='ocrx_word' id='word_1_828' title='bbox 3545 5156 3790 5217; x_wconf 80' lang='grc' dir='ltr'>αἰώνιον,</span> <span class='ocrx_word' id='word_1_829' title='bbox 3819 5156 3975 5224; x_wconf 81' lang='grc' dir='ltr'>ἡτοι-</span> 
     </span>
    </p>
   </div>
   <div class='ocr_carea' id='block_1_110' title="bbox 2384 5244 3977 5317">
    <p class='ocr_par' dir='ltr' id='par_1_110' title="bbox 2384 5244 3977 5317">
     <span class='ocr_line' id='line_1_110' title="bbox 2384 5244 3977 5317; baseline -0.002 -18"><span class='ocrx_word' id='word_1_830' title='bbox 2384 5246 2678 5317; x_wconf 82' lang='grc' dir='ltr'>μασμένων</span> <span class='ocrx_word' id='word_1_831' title='bbox 2704 5258 2727 5285; x_wconf 75' lang='grc' dir='ltr'><strong>ο</strong></span> <span class='ocrx_word' id='word_1_832' title='bbox 2751 5246 2826 5315; x_wconf 81' lang='grc' dir='ltr'>τῷ</span> <span class='ocrx_word' id='word_1_833' title='bbox 2853 5246 3081 5316; x_wconf 77' lang='grc' dir='ltr'>διαϐόλῳ</span> <span class='ocrx_word' id='word_1_834' title='bbox 3104 5260 3115 5275; x_wconf 91' lang='grc'><strong>·</strong></span> <span class='ocrx_word' id='word_1_835' title='bbox 3144 5247 3323 5315; x_wconf 75' lang='grc' dir='ltr'>σαρκὶ</span> <span class='ocrx_word' id='word_1_836' title='bbox 3352 5246 3409 5299; x_wconf 87' lang='grc' dir='ltr'><strong>δέ</strong></span> <span class='ocrx_word' id='word_1_837' title='bbox 3435 5248 3522 5311; x_wconf 84' lang='grc' dir='ltr'><strong>είς</strong></span> <span class='ocrx_word' id='word_1_838' title='bbox 3548 5246 3767 5313; x_wconf 80' lang='grc' dir='ltr'>ὅρασιν</span> <span class='ocrx_word' id='word_1_839' title='bbox 3790 5244 3977 5297; x_wconf 71' lang='grc' dir='ltr'><strong>ἔσον-</strong></span> 
     </span>
    </p>
   </div>
   <div class='ocr_carea' id='block_1_111' title="bbox 2380 5335 3976 5411">
    <p class='ocr_par' dir='ltr' id='par_1_111' title="bbox 2380 5335 3976 5411">
     <span class='ocr_line' id='line_1_111' title="bbox 2380 5335 3976 5411; baseline -0.002 -19"><span class='ocrx_word' id='word_1_840' title='bbox 2380 5357 2475 5393; x_wconf 84' lang='grc' dir='ltr'><strong>ται</strong></span> <span class='ocrx_word' id='word_1_841' title='bbox 2522 5342 2587 5409; x_wconf 77' lang='grc' dir='ltr'>τῇ</span> <span class='ocrx_word' id='word_1_842' title='bbox 2621 5341 2695 5409; x_wconf 82' lang='grc' dir='ltr'>μὴ</span> <span class='ocrx_word' id='word_1_843' title='bbox 2724 5337 3084 5411; x_wconf 71' lang='grc' dir='ltr'>κολαζομένη.</span> <span class='ocrx_word' id='word_1_844' title='bbox 3125 5338 3253 5408; x_wconf 53' lang='grc' dir='ltr'><strong>περὶ⁵</strong></span> <span class='ocrx_word' id='word_1_845' title='bbox 3296 5335 3364 5409; x_wconf 81' lang='grc' dir='ltr'>ἧς</span> <span class='ocrx_word' id='word_1_846' title='bbox 3410 5337 3551 5408; x_wconf 71' lang='grc' dir='ltr'><strong>ιφηο</strong></span> <span class='ocrx_word' id='word_1_847' title='bbox 3591 5337 3753 5400; x_wconf 80' lang='grc' dir='ltr'><strong>Ἥξει</strong></span> <span class='ocrx_word' id='word_1_848' title='bbox 3798 5335 3976 5391; x_wconf 68' lang='grc' dir='ltr'>πᾶσα</span> 
     </span>
    </p>
   </div>
   <div class='ocr_carea' id='block_1_112' title="bbox 2380 5427 3975 5498">
    <p class='ocr_par' dir='ltr' id='par_1_112' title="bbox 2380 5427 3975 5498">
     <span class='ocr_line' id='line_1_112' title="bbox 2380 5427 3975 5498; baseline -0.002 -16"><span class='ocrx_word' id='word_1_849' title='bbox 2380 5431 2537 5498; x_wconf 77' lang='grc' dir='ltr'>σὰρξ</span> <span class='ocrx_word' id='word_1_850' title='bbox 2587 5430 2692 5483; x_wconf 87' lang='grc' dir='ltr'><strong>τοῦ</strong></span> <span class='ocrx_word' id='word_1_851' title='bbox 2739 5429 3163 5498; x_wconf 76' lang='grc' dir='ltr'>προσκυνῆσαι</span> <span class='ocrx_word' id='word_1_852' title='bbox 3201 5428 3461 5484; x_wconf 73' lang='grc' dir='ltr'>ἐνώπιόν</span> <span class='ocrx_word' id='word_1_853' title='bbox 3486 5446 3628 5498; x_wconf 83' lang='grc' dir='ltr'>μου.</span> <span class='ocrx_word' id='word_1_854' title='bbox 3666 5428 3737 5481; x_wconf 86' lang='grc' dir='ltr'><em>Ἦ</em></span> <span class='ocrx_word' id='word_1_855' title='bbox 3760 5427 3825 5479; x_wconf 85' lang='grc' dir='ltr'>τὺ</span> <span class='ocrx_word' id='word_1_856' title='bbox 3856 5428 3975 5481; x_wconf 71' lang='grc' dir='ltr'><strong>τῶν</strong></span> 
     </span>
    </p>
   </div>
   <div class='ocr_carea' id='block_1_113' title="bbox 2582 5539 3971 5607">
    <p class='ocr_par' dir='ltr' id='par_1_113' title="bbox 2582 5539 3971 5607">
     <span class='ocr_line' id='line_1_113' title="bbox 2582 5539 3971 5607; baseline 0 -11"><span class='ocrx_word' id='word_1_857' title='bbox 2582 5544 2626 5575; x_wconf 79' lang='grc'><strong>’³</strong></span> <span class='ocrx_word' id='word_1_858' title='bbox 2659 5543 2762 5596; x_wconf 81' lang='lat' dir='ltr'><strong>lsa.</strong></span> <span class='ocrx_word' id='word_1_859' title='bbox 2797 5558 2889 5604; x_wconf 73' lang='grc' dir='ltr'><strong>ιιι.</strong></span> <span class='ocrx_word' id='word_1_860' title='bbox 2936 5541 3040 5607; x_wconf 81' lang='lat' dir='ltr'><strong>l0;</strong></span> <span class='ocrx_word' id='word_1_861' title='bbox 3086 5541 3222 5600; x_wconf 84' lang='lat' dir='ltr'><strong>Luc.</strong></span> <span class='ocrx_word' id='word_1_862' title='bbox 3255 5556 3336 5607; x_wconf 87' lang='lat' dir='ltr'><strong>ltt,</strong></span> <span class='ocrx_word' id='word_1_863' title='bbox 3378 5540 3431 5595; x_wconf 87' lang='lat'><strong>6.</strong></span> <span class='ocrx_word' id='word_1_864' title='bbox 3539 5540 3587 5572; x_wconf 77' lang='lat'><strong>”</strong></span> <span class='ocrx_word' id='word_1_865' title='bbox 3612 5539 3734 5595; x_wconf 78' lang='lat' dir='ltr'><strong>Joel</strong></span> <span class='ocrx_word' id='word_1_866' title='bbox 3768 5558 3845 5606; x_wconf 85' lang='grc' dir='ltr'><strong>ιι,</strong></span> <span class='ocrx_word' id='word_1_867' title='bbox 3874 5542 3971 5596; x_wconf 68' lang='lat'><strong>23.</strong></span> 
     </span>
    </p>
   </div>
   <div class='ocr_carea' id='block_1_114' title="bbox 2007 5709 2685 5763">
    <p class='ocr_par' dir='ltr' id='par_1_114' title="bbox 2007 5709 2685 5763">
     <span class='ocr_line' id='line_1_114' title="bbox 2007 5709 2685 5763; baseline -0.001 -1"><span class='ocrx_word' id='word_1_868' title='bbox 2007 5709 2235 5762; x_wconf 62' lang='grc' dir='ltr'><strong>γιιιιίις</strong></span> <span class='ocrx_word' id='word_1_869' title='bbox 2284 5709 2685 5763; x_wconf 65' lang='lat' dir='ltr'><strong>LI‘ZC&#39;I‘IONI‘ZS.</strong></span> 
     </span>
    </p>
   </div>
   <div class='ocr_carea' id='block_1_115' title="bbox 778 5799 2233 5872">
    <p class='ocr_par' dir='ltr' id='par_1_115' title="bbox 778 5799 2233 5872">
     <span class='ocr_line' id='line_1_115' title="bbox 778 5799 2233 5872; baseline 0.001 -18"><span class='ocrx_word' id='word_1_870' title='bbox 778 5799 801 5838; x_wconf 65' lang='grc' dir='ltr'><strong>ἲ·</strong></span> <span class='ocrx_word' id='word_1_871' title='bbox 833 5816 916 5868; x_wconf 72' lang='grc' dir='ltr'><strong>Π).</strong></span> <span class='ocrx_word' id='word_1_872' title='bbox 951 5801 1187 5871; x_wconf 61' lang='grc' dir='ltr'>ούραν-νί.</span> <span class='ocrx_word' id='word_1_873' title='bbox 1266 5813 1287 5841; x_wconf 74' lang='grc' dir='ltr'><strong>ε</strong></span> <span class='ocrx_word' id='word_1_874' title='bbox 1360 5802 1444 5854; x_wconf 86' lang='grc' dir='ltr'><strong>ῖσ.</strong></span> <span class='ocrx_word' id='word_1_875' title='bbox 1485 5802 1575 5872; x_wconf 71' lang='grc' dir='ltr'>ἔτη</span> <span class='ocrx_word' id='word_1_876' title='bbox 1607 5802 1670 5855; x_wconf 83' lang='grc' dir='ltr'>τὰ</span> <span class='ocrx_word' id='word_1_877' title='bbox 1698 5806 1831 5858; x_wconf 76' lang='grc' dir='ltr'>ἐκεῖ.</span> <span class='ocrx_word' id='word_1_878' title='bbox 1902 5803 1927 5842; x_wconf 75' lang='grc' dir='ltr'>ἀ</span> <span class='ocrx_word' id='word_1_879' title='bbox 1960 5821 2046 5872; x_wconf 80' lang='grc' dir='ltr'>γρ.</span> <span class='ocrx_word' id='word_1_880' title='bbox 2078 5804 2233 5856; x_wconf 76' lang='grc' dir='ltr'>ὅπου.</span> 
     </span>
    </p>
   </div>
   <div class='ocr_carea' id='block_1_116' title="bbox 2371 5806 2915 5874">
    <p class='ocr_par' dir='ltr' id='par_1_116' title="bbox 2371 5806 2915 5874">
     <span class='ocr_line' id='line_1_116' title="bbox 2371 5806 2915 5874; baseline 0.006 -19"><span class='ocrx_word' id='word_1_881' title='bbox 2371 5821 2459 5871; x_wconf 74' lang='grc' dir='ltr'>γρ.</span> <span class='ocrx_word' id='word_1_882' title='bbox 2492 5806 2915 5874; x_wconf 69' lang='grc' dir='ltr'>ἡτοιμασμένον.</span> 
     </span>
    </p>
   </div>
  </div>
