4248 6428
296 347 435 412 27η
522 412 525 413 ν

1731 367 2134 426 ΕΙ.’15ΤΟΙ..Ε.

3437 371 3539 434 718

292 461 671 533 κολαζομένων
716 466 925 533 ὄψεται
978 469 1129 532 τέλος
1170 471 1308 541 αὐτὴ
1336 471 1445 524 τῶν
1479 474 1699 540 ἀγαθῶν
1734 480 1871 529 ἀπο-
1905 484 1945 537 Α

1867 511 1871 521 ι
1905 484 1945 537 Α
1977 482 2227 547 piternus
2253 494 2281 530 a
2310 476 2594 533 Salvatore
2626 489 2976 550 nuncupatus
3007 482 3228 536 diabolo
3251 497 3544 553 praparart

295 553 556 607 λαύουσα.
590 556 744 616 Τινὲς
791 556 846 608 δὲ
874 555 1047 611 ταῦτα
1080 558 1274 625 δηλοῦν
1306 560 1515 627 ἔφασαν
1554 562 1652 626 τὰς
1679 566 1869 618 suave-

294 643 518 712 χθείσας
558 645 830 711 Ἰουδαίοις
866 650 1151 719 συμφορὰς
1176 651 1279 703 ὑπὸ
1312 652 1409 719 τῆς
1438 653 1724 723 Ῥωμαίων
1756 674 1870 725 χει-

295 737 390 805 ρδς
427 740 506 799 εἰς
545 739 756 808 σφαγὴν
781 740 1105 810 δεδομένοις.
1135 742 1326 795 υἳοκαὶ
1355 745 1424 797 ἐν
1453 744 1527 812 τῇ
1556 748 1736 812 σαρκὶ
1774 765 1837 815 γε
1856 780 1867 787 -

293 831 483 897 γόνασι
522 832 722 897 οεατοὶ,
753 838 847 889 καὶ
888 839 1169 907 μονονουχὶ
1194 839 1349 908 δίκην
1383 841 1740 910 ἀτελεύτητον
1771 845 1873 897 πά-

295 938 538 993 σχουσιν,
576 926 759 979 Ἀλλοι
792 927 848 980 δέ
897 946 1080 995 φασιν,
1112 930 1187 992 ὡς
1222 930 1311 984 διὰ
1345 934 1598 1001 χρηστῶν
1631 935 1726 986 καὶ
1778 953 1870 1002 φο-

294 1012 471 1083 ϐερῶν
493 1017 521 1067 ό
547 1015 678 1079 Θεὸς
702 1019 829 1080 τοὺς
874 1019 1154 1084 Ἰουδαίους
1182 1024 1571 1093 προτρέπεται,
1603 1027 1662 1089 ὃς
1687 1044 1750 1093 γε
1781 1030 1873 1080 καὶ

292 1106 600 1176 παρουσίαν
643 1108 781 1161 ἰδίαν
814 1114 1341 1179 κατεπαγγέλλεται.
1396 1116 1460 1168 Ἦ
1503 1117 1559 1170 δὲ
1600 1121 1871 1187 παρουσία

290 1196 352 1247 οὐ
372 1196 491 1248 καθ’
516 1197 613 1250 ἕνα
632 1199 833 1267 τρόπον
862 1203 1082 1253 νοεῖται.
1114 1220 1130 1251 ι
1160 1204 1270 1255 Καὶ
1290 1203 1399 1270 γὰρ
1427 1205 1487 1256 οὐ
1513 1204 1587 1274 μὴ
1610 1206 1870 1274 τελέσητε

289 1284 392 1347 τὰς
424 1284 607 1349 πόλεις
633 1286 727 1339 τοῦ
769 1289 1006 1359 Ἰσραὴλ,
1040 1288 1143 1352 ἕως
1180 1291 1245 1343 ἂν
1278 1291 1405 1362 ἔλθῃ
1430 1333 1443 1353 ,
1482 1295 1667 1363 φησὶν,
1694 1297 1722 1347 ό
1750 1296 1871 1358 Υἱὸς

290 1374 385 1427 τοῦ
414 1375 726 1446 ἀνθρώπου.
760 1395 779 1428 ι
825 1378 1003 1447 Ὅπερ
1048 1375 1202 1431 εἶπεν
1229 1380 1289 1432 οὺ
1317 1382 1488 1451 δήπου
1524 1383 1622 1452 τὴν
1664 1383 1870 1449 ἔνδοξον

288 1467 460 1519 αὑτοῦ
492 1469 794 1540 παρουσίαν
824 1469 1018 1539 δηλῶν,
1050 1470 1149 1541 τὴν
1178 1470 1232 1524 δὲ
1258 1472 1378 1525 κατ’
1404 1474 1684 1543 ἐνέργειαν
1707 1476 1870 1528 αὑτοῦ

288 1559 427 1629 πρὸς
480 1560 677 1623 αὐτοὺς
727 1562 1093 1633 ὲπιφοίτησιν,
1141 1563 1216 1624 ὡς
1272 1564 1366 1616 καὶ
1413 1564 1505 1617 νῦν
1546 1566 1646 1636 τὴν
1693 1568 1871 1619 αὐτῶν

287 1650 578 1718 ἐπίσκεψιν
605 1651 947 1721 ὑπεδήλωσεν
972 1654 1051 1714 είς
1074 1653 1243 1721 ἡμᾶς,
1270 1652 1463 1720 λέγων,
1494 1654 1568 1717 ὡς
1625 1656 1877 1709 ἐπισυν-

287 1738 422 1801 άξει
467 1741 664 1803 αὐτοὺς
698 1743 762 1793 ὲκ
805 1742 1022 1795 πάντων
1055 1739 1172 1794 τῶν
1202 1742 1413 1806 ἐθνῶν,
1454 1746 1532 1805 είς
1576 1744 1611 1797 ἃ
1642 1745 1872 1799 ὁιασπαυ

288 1829 478 1899 ρέντες
513 1831 610 1894 τὰς
634 1833 857 1885 ἐκείνων
890 1832 1139 1901 γλώσσας
1168 1831 1454 1903 ἐξέμαθον,
1486 1834 1871 1904 ἁϐετησάντων

286 1923 344 1976 δὲ
403 1923 584 1978 αὐτῶν
644 1926 880 1995 Χριστὸς
946 1925 1017 1978 τὰ
1073 1926 1218 1992 ἔθνη
1276 1926 1651 1995 συνήγαγεν,
1710 1926 1871 1997 οἵπερ

291 2015 520 2083 ἥξουσι
582 2018 711 2080 τοὺς
776 2018 1113 2080 καλέσαντας
1170 2019 1366 2081 αὐτοὺς
1426 2019 1759 2082 ἀποστόλους
1805 2023 1870 2089 τῇ

292 2106 486 2177 μνήμῃ
518 2106 795 2175 φέροντες,
831 2108 926 2159 καὶ
955 2106 1195 2177 ζηλωταὶ
1226 2108 1431 2161 τούτων
1457 2112 1750 2179 γινόμενοι.
1774 2103 1873 2162 ’Ὧν

287 2197 392 2266 τὴν
421 2198 688 2266 εὐθυμίαν
709 2198 797 2252 διὰ
822 2197 927 2251 τῶν
956 2199 1247 2268 ὀχημάτων
1278 2199 1446 2268 δηλοῖ,
1471 2200 1591 2271 ἥτις
1621 2200 1873 2271 ἐδηλοῦτο

292 2286 530 2359 πρώτως
563 2289 650 2342 διὰ
676 2288 771 2342 τοῦ
807 2290 1063 2360 εὐνούχου
1099 2288 1342 2361 [λείπειῙ.

1974 566 2177 620 dicitur
2197 568 2263 620 ".
2304 566 2479 619 Erunt
2513 570 2638 622 item
2684 570 2738 621 in
2788 581 3125 637 conspectum
3176 574 3320 625 omni
3361 573 3545 631 curnt,

1973 670 2135 724 quam
2169 670 2276 708 non
2312 657 2426 725 ipsa
2456 658 2686 725 attinget
2720 657 2879 717 ultio,
2906 657 2973 711 de
3004 674 3111 725 qua
3164 661 3324 724 dixit,
3365 660 3546 738 Veniet

1975 747 2143 800 omnis
2167 763 2312 811 cura,
2345 747 2507 817 764
2538 757 2592 799 ιιι
2633 749 2818 801 adoret
2843 765 3024 802 comm
3052 767 3132 803 me
3159 767 3177 803 :
3210 759 3303 803 aut
3333 767 3543 818 eorum,

1974 839 2067 905 qui
2111 839 2427 906 punientur,
2459 842 2619 892 linem
2654 856 2778 895 esse
2808 843 3046 895 visuram
3083 843 3376 912 signiﬁcat,
3420 862 3544 900 cum

1974 933 2133 986 bonis
2164 935 2277 1003 ipsa
2321 935 2582 1003 potiatur.
2628 935 2744 988 Non
2778 937 2977 990 desunt
3013 947 3201 990 tamen
3234 934 3427 1006 aliqui‘,
3454 941 3545 1007 qui

1977 1020 2154 1073 verbis
2194 1022 2334 1081 istis,
2384 1031 2641 1090 acceptas
2686 1039 2713 1076 a
2762 1023 3030 1078 Romanis
3069 1025 3302 1091 injurias
3341 1025 3551 1093 signiti-

1974 1113 2084 1164 cari
2113 1111 2318 1166 Judzcis
2354 1113 2709 1175 arbitrentur,
2772 1131 3003 1183 quorum
3040 1131 3201 1169 manu
3256 1127 3385 1170 sunt
3429 1116 3549 1169 neci

1974 1204 2180 1267 traditi,
2204 1204 2296 1272 qui
2327 1219 2545 1258 rursum
2571 1206 2621 1257 in
2654 1222 2812 1259 carne
2851 1208 3184 1275 spectabiles
3209 1204 3410 1271 ellecti,
3434 1223 3552 1275 pue—

1975 1309 2075 1347 nas
2129 1295 2292 1348 etiam
2345 1296 2460 1349 fere
2524 1306 2815 1365 perpetuas
2874 1298 3182 1366 patiuntur.
3259 1297 3364 1350 Alii
3423 1311 3553 1349 vero

1978 1385 2167 1452 Deum,
2222 1397 2479 1456 tanquam
2531 1403 2713 1442 rermn
2759 1389 2974 1441 utilium
3024 1396 3078 1442 et
3136 1389 3552 1441 metuendarum

1973 1476 2480 1541 demonstratiuae,
2535 1478 2755 1533 Judzeos
2813 1488 3007 1547 putant
3077 1478 3401 1543 adhortari,
3459 1477 3552 1545 qui

1974 1581 2133 1620 suu.n
2159 1568 2323 1620 etiam
2351 1569 2642 1621 adventum
2674 1568 2985 1629 demmtiet,
3020 1570 3115 1623 sed
3152 1584 3259 1621 non
3286 1583 3395 1620 uno
3425 1582 3549 1620 eum

1975 1657 2153 1725 ipsum
2192 1658 2353 1711 modo
2387 1659 2640 1725 intelligi.
2675 1678 2693 1709 ι
2717 1656 2834 1711 Νοιι
2872 1659 3041 1720 enim,
3079 1660 3278 1727 inquit,
3302 1657 3556 1711 civitates

1976 1748 2138 1802 Israel
2170 1749 2540 1812 confeceritis,
2575 1751 2749 1804 donec
2773 1751 2951 1805 veniat
2979 1749 3147 1804 Filius
3175 1749 3409 1804 hominis
3426 1748 3497 1811 ’⁸,
3530 1767 3548 1797 ι

1906 1815 1945 1872 Β
1973 1839 2120 1908 quod
2147 1848 2233 1894 est
2265 1842 2333 1894 ab
2388 1855 2454 1894 eo
2488 1850 2835 1909 usurpatum,
2885 1857 2993 1893 non
3046 1840 3288 1909 quidem,
3337 1849 3396 1892 ut
3432 1840 3553 1907 glo-

1976 1932 2182 1985 riosum
2210 1931 2529 1993 adventum,
2569 1934 2662 1986 sed
2705 1940 2763 1985 ut
2794 1930 2987 1985 effectu
3026 1945 3186 1986 suum
3220 1931 3285 1983 ad
3323 1945 3420 1984 eos
3463 1943 3554 1982 ac-

1977 2034 2194 2075 cessmn
2222 2021 2649 2087 demonsuaret,
2683 2031 2742 2075 ut
2780 2032 2833 2077 et
2869 2023 2972 2076 hoc
3023 2023 3141 2076 loco
3177 2036 3335 2075 suam
3371 2021 3426 2072 in
3459 2034 3555 2072 eos

1978 2111 2401 2180 propensionem
2455 2123 2509 2166 et
2559 2126 2773 2177 curam,
2819 2127 2885 2165 eo
2936 2114 3075 2180 ipso,
3129 2110 3273 2180 quod
3336 2108 3460 2162 illos
3488 2122 3555 2162 ex

1975 2203 2215 2273 gentibus
2238 2202 2517 2264 omnibus,
2544 2203 2600 2255 in
2654 2216 2791 2270 quas
2817 2202 3050 2269 ἀίδριξηί
3106 2202 3324 2270 linguas
3363 2212 3553 2252 eorum

1981 2291 2315 2355 didicerunt,
2344 2302 2781 2361 congregatarum
2807 2307 2866 2345 se
2905 2291 3200 2362 significat.
3232 2288 3389 2355 Quod
3429 2305 3553 2342 cum

294 2396 393 2435 eos
449 2385 737 2451 aspernari
782 2384 1127 2453 contigisset,
1179 2393 1309 2437 sunt
1343 2398 1372 2436 a
1430 2384 1651 2439 Christo
1694 2395 1869 2455 gentes
1909 2396 2267 2455 congregatw,
2309 2402 2432 2455 qua:
2491 2396 2545 2439 ct
2583 2386 2711 2455 ipsa:
2778 2389 3003 2451 venient,
3052 2385 3330 2454 apostolos
3380 2384 3554 2454 ipsos,

297 2490 328 2525 a
362 2474 565 2542 quibus
589 2477 767 2530 vocati
805 2487 970 2543 sunt,
1014 2478 1069 2541 in
1114 2479 1375 2532 memoria
1407 2479 1694 2545 habentes,
1727 2480 1849 2536 illos
1889 2481 2166 2537 imitanti-s
2197 2499 2207 2532 :
2278 2496 2511 2550 quarum
2545 2480 2711 2534 animi
2780 2479 3118 2533 alacritatem
3153 2493 3249 2549 per
3309 2478 3558 2533 vehicula

298 2567 503 2633 innuit,
539 2584 663 2639 qua:
712 2571 866 2640 prius
899 2569 1313 2640 signiﬁcabatur
1354 2588 1450 2640 per
1484 2573 1744 2627 eunuchi.
1790 2610 1805 2626 .
1849 2613 1863 2629 .

371 2723 419 2754 "
450 2721 637 2779 Matth.
678 2741 803 2785 xxv,
843 2725 930 2778 4i.
970 2725 1016 2757 ⁸⁸
1046 2725 1241 2780 Matth.
1298 2744 1353 2788 Χ,
1394 2727 1484 2782 9.5.

337 2912 2131 2945 mm

1861 2916 3557 2947 __.___________________===

944 3100 1975 3217 ΠΡΟΚΟΠΙΟΥ
2086 3102 2922 3218 ΣΟΦΙΣΤΟΥ

1449 3297 2416 3432 ΕΠΙΣΤΟΛΑΙ.

619 3630 1350 3758 PBOCOPII
1469 3627 2295 3756 SOPHISTfE
2392 3626 3257 3758 EPISTOL/E.

985 3821 1229 3884 (Primum
1273 3823 1421 3871 editae
1466 3828 1577 3871 sunt
1626 3821 1687 3872 ab
1718 3821 1847 3885 Aug.
1895 3820 2039 3883 Maro,
2081 3820 2235 3873 Clusa.
2291 3826 2488 3872 Auctor.
2543 3829 2577 3872 t.
2638 3823 2717 3884 IV,
2767 3824 2901 3887 202.)

1817 4062 2153 4118 nomen.
3504 4138 3507 4139 ν

384 4164 630 4231 l‘rocOpii
662 4162 860 4224 Gazri,
894 4176 1051 4229 quem
1104 4162 1378 4214 rhetorem
1421 4158 1683 4229 optimum
1718 4160 1841 4213 cod.
1884 4159 2004 4213 160.
2035 4160 2266 4228 appellat
2308 4159 2550 4221 Photius,
2590 4160 2861 4213 luculenta
2898 4170 3076 4214 autem
3110 4160 3355 4213 oratione
3391 4174 3420 4211 a
3474 4157 3573 4210 Ιείι-

314 4258 484 4311 Inicio
516 4256 658 4309 edita
707 4253 1002 4323 discipulus
1036 4252 1201 4320 ipsius
1228 4250 1514 4305 Choricius
1540 4250 1859 4316 dilaudavit,
1892 4254 2170 4320 sexaginta
2195 4252 2320 4305 olim
2349 4250 2567 4306 Grmcas
2593 4253 2853 4321 epistolas
2872 4253 3037 4307 Aldus
3072 4253 3124 4306 in
3159 4252 3331 4305 lucem
3358 4251 3571 4311 extulit,

316 4365 491 4419 neque
517 4349 699 4417 plures
733 4349 787 4401 in
813 4347 1272 4416 consequentilms
1309 4345 1637 4399 editionibus
1660 4358 2039 4414 apparuerunt.
2073 4346 2283 4412 Rcapse
2311 4355 2365 4401 et
2406 4347 2696 4405 Vaticanus
2732 4350 2919 4404 Suecae
2946 4350 3142 4417 regina‘
3167 4348 3334 4401 codex
3363 4364 3416 4400 ιι.
3448 4346 3573 4401 159.

317 4454 670 4512 prmnotatus,
701 4442 984 4509 sexaginta
1016 4440 1136 4495 illas
1170 4443 1233 4493 ad
1264 4442 1520 4494 amussim
1546 4442 1806 4504 continet,
1832 4442 2047 4510 insuper
2071 4444 2290 4498 nullam.
2332 4443 2435 4497 Sed
2465 4457 2591 4497 ecce
2618 4444 2754 4496 alius
2772 4441 3063 4496 Vaticanus
3084 4443 3247 4496 codex
3276 4441 3398 4500 306,
3430 4443 3578 4510 regio

318 4536 614 4607 antiquior,
679 4538 1052 4606 bombycinus,
1105 4536 1364 4603 majorem
1420 4537 1553 4589 adeo
1586 4535 1763 4590 Gnaei
1794 4536 2040 4605 Proc0pii
2072 4539 2423 4608 epistularum
2462 4553 2743 4591 numerum
2801 4536 3039 4601 exhibet,
3114 4545 3175 4589 ut
3210 4536 3327 4604 plus
3358 4542 3574 4588 centum

322 4632 556 4684 ineditos
581 4643 703 4683 esse
728 4626 1093 4698 cognoverim.
1133 4626 1242 4695 Ego
1271 4626 1435 4695 igitur
1469 4642 1573 4680 non
1605 4636 1711 4680 tam
1763 4628 1998 4696 ipsarqu
2039 4638 2358 4698 argumento
2391 4628 2711 4690 delectatus,
2743 4627 2884 4695 quod
2918 4628 2971 4680 in
3012 4623 3578 4693 levioribus_plerum-

324 4739 430 4801 que
456 4725 639 4787 rebus,
700 4728 759 4776 ut
814 4721 1152 4775 abundantes
1197 4720 1307 4774 otio
1354 4721 1526 4775 Graeci
1580 4722 1774 4785 Solent,
1815 4731 2082 4789 versatur,
2127 4739 2288 4791 quam
2320 4723 2516 4776 eximia
2546 4723 2670 4793 styli
2707 4732 2989 4775 venustate
3015 4730 3228 4791 captus,
3260 4731 3315 4773 et
3344 4720 3579 4775 auctoris

323 4817 487 4871 etiam
518 4814 658 4868 fama
689 4821 742 4868 et
771 4812 1094 4882 antiquitate
1126 4822 1451 4875 commotus,
1480 4823 1742 4883 quotquot
1780 4825 1933 4868 erant
1967 4814 2253 4882 incognita:
2314 4815 2607 4881 vulgandas
2641 4815 2852 4881 suscepi
2889 4832 2901 4866 ε
2945 4812 3154 4875 (ἔναιρε,
3184 4812 3429 4881 inquam,
3470 4826 3578 4865 non

324 4910 548 4975 Latine;
581 4908 843 4978 quoniam
881 4906 997 4959 laus
1027 4920 1216 4960 earum
1264 4904 1387 4974 styli
1431 4904 1629 4973 potius,
1659 4912 1715 4959 ut
1736 4906 1867 4968 dixi,
1908 4906 2101 4959 merito
2124 4922 2284 4974 quam
2324 4906 2589 4975 gravitate
2626 4907 2865 4959 materiae
2896 4905 3098 4959 nititur.

879 5130 956 5182 A'.
999 5127 1371 5196 ιΕΡοΝγιιῼ.
1935 5144 1979 5204 ρ
2544 5126 2556 5176 ι

1935 5144 1979 5204 ρ
2544 5126 2582 5177 ι.
2624 5119 3057 5177 llllittONYMO.

406 5225 555 5293 Ἐγὼ
584 5226 682 5293 μὲν
716 5223 875 5294 ᾤμην
911 5238 971 5273 σε
1004 5221 1093 5273 τὸν
1142 5217 1332 5271 Νεῖλον
1378 5219 1541 5270 παλαι
1590 5217 1911 5287 κατειληφέ-

328 5337 418 5373 ναι
440 5334 453 5348 ·
486 5318 581 5371 καὶ
614 5316 877 5376 πολλάκις
926 5313 1004 5375 εἰς
1043 5312 1262 5381 μνήμην
1308 5310 1619 5378 λαμϐάνων,
1655 5310 1813 5360 τοῦτο
1843 5309 1908 5378 δὴ

326 5412 389 5462 τὸ
404 5407 595 5469 εἰωθὸς
616 5407 760 5476 ἐμοὶ,
780 5406 867 5467 Ὠς
882 5402 1219 5472 εὐδαίμονες,
1236 5401 1441 5468 ελεγον,
1461 5400 1571 5462 τοῖς
1591 5399 1909 5466 Αἰγυπτίοις

326 5504 377 5553 οἱ
398 5500 611 5562 παῖδες,
636 5497 802 5551 πάλαι
839 5495 938 5564 μὲν
960 5496 1051 5547 τὸν
1076 5494 1269 5547 Νεῖλον
1296 5492 1510 5561 ἔχοντες
1538 5491 1769 5561 χορηγὸν
1801 5491 1908 5542 τῶν

326 5594 427 5645 ὅσα
457 5590 644 5661 φέρειν
674 5586 814 5643 οἶδεν
842 5589 1045 5649 ἐκεῖνος
1070 5605 1082 5617 ·
1108 5586 1225 5639 νυνὶ
1254 5584 1310 5637 δὲ
1337 5584 1429 5636 καὶ
1457 5583 1554 5652 τὴν
1590 5582 1686 5653 σὴν
1705 5582 1907 5652 μοῦσαν

330 5681 718 5751 θαιροειληφὸτες
765 5679 919 5733 οὐδὲν
974 5677 1302 5748 ἀτιμοτέραν
1357 5674 1450 5727 τοῦ
1510 5673 1739 5738 Νείλου,
1775 5676 1904 5744 παρ’

330 5775 454 5845 ἐμοὶ
483 5773 539 5827 δὲ
572 5776 732 5844 κριτῇ
774 5772 911 5841 τάχα
950 5770 1037 5824 καὶ
1070 5770 1257 5841 μείζω.
1301 5770 1359 5821 '0
1404 5767 1501 5836 μὲν
1546 5765 1654 5837 γὰρ
1681 5767 1776 5836 τὴν
1799 5767 1907 5838 χὼ-

2084 5219 2254 5273 llatus
2290 5218 2538 5286 equidem
2581 5233 2630 5271 te
2665 5218 2729 5270 ad
2760 5216 2938 5269 Nilum
2990 5216 3314 5285 jampridem
3346 5228 3583 5270 commo-

2015 5311 2145 5377 rari,
2170 5311 2367 5378 sacpius
2401 5310 2529 5362 mihi
2564 5310 2614 5362 in
2638 5309 2977 5370 memoriam,
3006 5307 3147 5376 quod
3180 5306 3306 5360 mihi
3339 5305 3584 5372 solitum,

2014 5400 2333 5455 revocabam
2403 5415 2563 5468 quam
2627 5399 2811 5453 felices
2866 5398 3018 5461 olim,
3082 5398 3222 5467 apud
3279 5382 3583 5468 Aﬂgyptios,

2012 5493 2161 5561 pueri
2192 5492 2561 5560 loquerentur,
2607 5490 2802 5558 quibus
2827 5490 2983 5543 Nilus
3016 5489 3137 5544 fons
3174 5498 3294 5545 erat
3342 5490 3580 5543 omnium

2010 5605 2129 5655 qua:
2165 5585 2315 5640 novit
2351 5585 2438 5639 ille
2499 5584 2709 5654 largiri,
2744 5592 2797 5637 et
2835 5596 2995 5650 quam
3050 5597 3194 5635 nune
3252 5579 3439 5636 felices
3491 5581 3585 5651 qui

2017 5684 2103 5725 tua
2145 5675 2439 5741 gauderent
2466 5689 2618 5726 musa
2644 5687 2762 5740 qute
2783 5670 2919 5723 .Nilo
2953 5684 3056 5724 non
3079 5670 3253 5740 pejor,
3282 5669 3376 5725 sed
3399 5676 3454 5721 et
3473 5667 3585 5721 for-

2016 5782 2111 5823 san
2136 5782 2220 5821 me
2244 5765 2445 5835 judice,
2488 5764 2674 5820 melior
2699 5774 2780 5819 est
2814 5781 2825 5816 :
2858 5762 2947 5819 ille
2968 5762 3113 5817 cnim
3146 5757 3582 5832 regioucmillani
