4248 6428
674 344 813 409 2ῑίθ

2002 338 2350 399 PROCOPII
2388 336 2628 396 GAZEI

3793 330 3939 395 2720

666 452 903 518 irrigans
932 445 1154 500 divitem
1203 443 1332 498 facit
1368 462 1383 509 ;
1414 453 1473 495 -ιιι
1510 458 1657 504 vero,
1693 451 1781 494 tua
1824 443 2000 509 lingua
2070 445 2254 496 a-iolc-
2285 451 2323 504 Α

2529 443 2541 458 ι
2624 440 2645 450 ·
2682 440 2698 465 ι
2830 441 2840 453 ι
3049 439 3061 450 ι
3148 456 3173 466 ,
3208 442 3228 454 ο
3462 440 3473 456 ο
3674 441 3684 453 -
3890 444 3942 463 υ-

2379 461 2459 494 ξαν
2485 460 2648 494 auten
2681 439 2974 509 ςπιρμἐων,
3007 458 3139 491 πλον
3157 458 3258 491 .ειν
3285 440 3571 509 ὲπιτρεπει
3596 456 3606 467 ·
3638 457 3700 492 συ
3727 440 3788 494 δὲ
3816 458 3941 495 ταις.

667 539 937 592 sccntinm
993 544 1205 588 mentes
1274 548 1515 589 nioveus.
1592 534 1674 585 eis
1739 532 1802 584 ad
1851 532 2247 598 eowparamlas

668 629 916 683 scientiae
956 628 1171 681 divitias
1216 628 1320 679 dux
1355 625 1521 683 luisti.
1558 640 1661 677 non
1704 639 1867 677 Sccus
1900 639 1963 675 ae
1984 623 2108 674 olim
2138 620 2247 689 Py-

672 725 927 790 thagoras
983 722 1124 787 apud
1189 718 1307 771 illus
1362 718 1762 784 peregrinatus,
1805 725 1900 767 aut
1944 716 2107 767 etiam
2166 711 2252 765 ille

670 814 844 866 l’lato.
880 810 1004 863 llmc
1030 812 1168 879 apud
1202 826 1285 863 me
1321 809 1623 869 volvebam,
1651 817 1704 860 tu
1749 819 2005 867 vero,mc
2055 803 2251 864 inscio,

673 903 816 955 haud
847 903 1268 962 proculalicras,
1320 901 1461 952 sicut
1505 901 1569 949 ab
1616 913 1680 949 co
1730 896 1909 962 aercpi
1968 895 2057 962 qui
2104 905 2252 947 luam

674 992 808 1043 mihi
872 991 1101 1043 reddidit
1145 990 1454 1056 epistolam.
1491 988 1725 1040 Primum
1760 988 2006 1055 quidem,
2055 986 2251 1039 obstu-

675 1082 941 1148 pefactus,
974 1099 1084 1134 rem
1122 1082 1305 1133 censui
1333 1096 1455 1134 csse
1507 1096 1698 1133 vanam
1746 1080 2056 1146 imaginem,
2085 1090 2259 1145 neque

678 1173 813 1224 meis
831 1172 1003 1225 oculis
1037 1170 1193 1222 [idem
1221 1171 1378 1223 habui
1402 1188 1416 1235 ;
1447 1171 1536 1221 sed
1561 1179 1905 1237 posteaquam
1926 1168 2258 1234 littcrispcr-

683 1264 861 1325 lectis,
890 1264 1090 1315 certior
1116 1260 1187 1312 fui
1211 1261 1386 1314 luctus
1421 1260 1618 1312 nullius
1651 1259 2004 1312 alteriusillos
2032 1272 2150 1311 esse
2182 1258 2259 1309 le—

678 1364 1130 1423 pores,qnautum
1168 1352 1691 1414 fuerimdelcctatus,
1731 1350 1990 1416 COgitas?
2034 1348 2262 1415 Propius

679 1430 822 1497 enim
855 1446 995 1497 illam
1029 1444 1155 1496 mihi
1202 1445 1394 1496 adesse
1427 1458 1576 1511 spem
1624 1453 1672 1495 te
1720 1444 1912 1494 iterum
1942 1440 2262 1494 videndiar-

682 1537 913 1589 bilralus
956 1551 1097 1589 sum.
1156 1534 1352 1586 Patria:
1398 1547 1610 1600 quoque
1664 1548 1780 1584 sum
1836 1530 2158 1594 collaﬂalus,
2205 1539 2263 1584 υι

684 1641 783 1694 par
839 1637 978 1679 erat.
1024 1624 1307 1693 Paulisper
1362 1626 1525 1693 igitur
1561 1634 1612 1677 te
1668 1626 1908 1676 invidum
1960 1621 2260 1691 prmbuisti-

679 1717 796 1771 Joci
832 1719 1005 1785 gratia
1042 1718 1173 1769 mihi
1197 1718 1397 1768 videris
1424 1717 1725 1777 criminari,
1750 1715 1891 1781 quod
1942 1727 2136 1779 nempe
2176 1727 2268 1765 su-

2349 535 2459 586 τῶν
2491 534 2628 584 νέων
2665 532 2863 599 ψυχαῖς
2890 533 2988 600 τὴν
3016 531 3264 599 γλῶτταν
3289 533 3562 600 ἐπαφιεὶς,
3589 532 3678 583 ἐπὶ
3702 532 3795 584 τὸν
3827 532 3940 600 τῆς

2351 628 2662 694 ἐπιστήμης
2696 624 2926 675 πλοῦτον
2978 624 3198 684 ἰθύνεις,
3240 625 3393 676 οὐδὲν
3440 624 3713 694 ἔλαττονῆ
3769 625 3947 677 πάλαι

2353 718 2680 786 Πυθαγόρας
2705 718 2887 777 αὐτοῖς
2912 716 3216 785 ἐπιδημῶν,
3254 716 3347 768 καὶ
3385 716 3494 784 μὴν
3514 717 3718 779 ἐκεῖνος
3739 720 3768 768 ό
3791 716 3947 769 [1λά-

2353 825 2481 860 των.
2512 807 2694 859 Ἰἀῦτα
2747 807 2845 877 μὲν
2900 802 2991 859 οὖν
3028 807 3383 875 ἐλογιζόμην·
3431 809 3493 859 σὺ
3534 808 3589 859 δὲ
3627 810 3687 860 οὐ
3718 812 3949 876 μακρὰν

2357 898 2580 967 ἀπέχων
2629 897 2942 960 ἐλάνθανες,
2978 896 3053 957 ὡς
3088 896 3151 965 δὴ
3182 897 3275 948 καὶ
3308 899 3335 948 ό
3364 897 3460 966 τὴν
3488 898 3778 967 ἐπιστολὴν
3814 900 3946 949 ἐπι-

2357 988 2499 1052 δοὺς,
2532 989 2591 1041 τ’)
2617 988 2830 1057 πρῶτον
2858 988 3153 1057 θαυμάζων
3186 988 3405 1057 ἀπάτην
3435 989 3684 1058 ἡγεύμην
3709 991 3769 1040 τὸ
3801 991 3952 1059 πρᾶ-

2360 1097 2497 1149 γμα,
2531 1082 2624 1131 καὶ
2653 1082 2752 1131 οὐκ
2785 1080 3085 1149 ἐπειθόμην
3127 1082 3241 1141 τοῖς
3276 1078 3604 1148 ὀφθαλμοῖς·
3635 1081 3711 1141 ὠς
3738 1082 3797 1134 δὲ
3830 1084 3951 1143 τοῖς

2362 1172 2835 1241 ἐγγεγραμμένοις
2882 1171 3122 1240 ἐντυχὼν
3171 1170 3431 1240 ἐπείσθην
3480 1172 3554 1242 μὴ
3582 1171 3648 1224 ἂν
3674 1174 3950 1240 ὑπάρχειν

2363 1260 2523 1312 ἄλλου
2557 1260 2657 1323 τὰς
2704 1262 2951 1330 χάριτας,
2989 1260 3163 1330 ἣσθην
3186 1262 3304 1323 πῶς
3356 1262 3571 1324 bank;
3610 1263 3953 1331 Ἐγγυτέρας

2364 1351 2470 1419 γάρ
2525 1352 2696 1414 αὑτᾶς
2747 1351 2868 1421 ἐμοὶ
2921 1352 3019 1413 τὰς
3051 1352 3144 1403 τοῦ
3202 1370 3261 1404 σε
3309 1355 3474 1407 πάλιν
3523 1354 3647 1405 ἰδεῖν
3690 1354 3953 1421 ἡγούμην

2367 1440 2589 1501 ἐλπίδας
2617 1454 2628 1468 ’
2671 1441 2767 1491 καὶ
2819 1440 3136 1510 συνέχαιρον
3176 1443 3401 1503 εἰκότως
3450 1446 3499 1494 εἰ
3528 1442 3624 1511 τὴν
3669 1443 3952 1509 πατρίδα,

2368 1531 2614 1601 ζηλωτὴν
2647 1528 2781 1598 γοῦν
2829 1531 3021 1601 μικρὸν
3071 1532 3356 1602 ἀπέφηνας
3407 1535 3615 1603 χρόνον.
3666 1534 3736 1585 Σὶε
3760 1533 3817 1585 δὲ
3856 1551 3955 1602 μοι

2368 1626 2543 1690 δοκεῖς
2578 1624 2791 1686 παίζων
2829 1626 3011 1686 αὐτοῖς
3043 1626 3400 1694 κατηγορεῖνο
3437 1627 3522 1677 ὅτι
3565 1625 3664 1693 μὲν
3703 1626 3813 1693 γὰρ
3854 1626 3957 1676 τὸν

2372 1718 2513 1785 ὑπὲρ
2548 1717 2792 1786 κεφαλῆς
2829 1719 2969 1787 ἀέρα
3001 1712 3112 1769 οἷον
3146 1716 3278 1784 ἔφης
3307 1711 3444 1769 εἶναι
3490 1718 3810 1786 συμὸαίνει·
3854 1717 3958 1767 καὶ

688 1824 784 1878 pra
817 1810 1303 1877 caputimminctis
1334 1822 1429 1861 aer
1460 1807 1929 1875 qualcmdicebas,
1965 1804 2107 1875 quod
2130 1819 2263 1873 quo—
2295 1786 2337 1839 Β

2379 1808 2440 1868 ὣς
2464 1807 2526 1859 τὸ
2561 1807 2705 1877 ὕδωρ
2736 1808 2863 1869 τοὺς
2899 1808 3156 1869 πίνοντας
3198 1811 3275 1869 εἰς
3320 1809 3540 1877 μνήμην
3574 1808 3695 1873 ἄγει
3749 1807 3958 1860 θαλάτ-

682 1917 788 1970 quc
826 1918 963 1968 aqua
1016 1901 1326 1953 bibentibus
1363 1901 1413 1951 in
1446 1899 1763 1952 memoriam
1817 1911 1969 1951 mare
2021 1902 2259 1958 revocat,

683 2001 737 2046 et
765 1993 907 2060 quod
932 1991 1085 2057 panis
1117 2006 1181 2042 ex
1240 1990 1443 2043 hordeo
1492 1989 1646 2041 nobis
1700 1998 1903 2041 temere
1953 1986 2259 2039 miscetur:

685 2097 790 2134 non
812 2081 1092 2133 inﬁciahar
1122 2097 1136 2143 ;
1163 2080 1460 2132 atetiamet
1484 2094 1512 2131 a
1548 2090 1596 2131 te
1624 2078 1900 2131 remissius
1930 2075 2264 2129 acerbabau-

688 2181 776 2222 tur
804 2170 869 2222 ad
921 2171 1106 2237 patriae
1138 2170 1466 2236 parcendum
1497 2185 1512 2233 ;
1554 2167 1629 2219 illi
1665 2176 1861 2226 tamen,
1922 2165 2262 2228 charissime,

688 2259 920 2327 gratiam
962 2270 1012 2311 te
1046 2259 1331 2327 oportebat
1356 2259 1616 2323 tribuere,
1651 2258 1849 2325 quippe
1875 2272 1997 2325 qme
2046 2259 2113 2309 ad
2146 2256 2266 2324 phi-

690 2347 990 2413 lusaipliiam
1034 2347 1102 2397 ita
1162 2354 1307 2397 luam
1375 2355 1609 2397 mentem
1645 2346 1975 2409 exercuerit,
2031 2354 2088 2397 ut
2111 2344 2269 2399 modo

690 2437 867 2504 possis
898 2435 1111 2503 Aigypti
1155 2435 1376 2488 delicias
1407 2435 1710 2502 aspernari.
1747 2433 2001 2502 Recogita
2043 2435 2262 2502 sapien-

691 2538 798 2581 tem
820 2527 1060 2596 Ulyssem
1090 2536 1377 2594 parvamet
1398 2524 1953 2594 asperamincoluisse
1991 2525 2222 2578 insul-im
2254 2546 2267 2579 :

690 2619 819 2686 quid
872 2618 1015 2670 enim
1067 2616 1212 2669 aliud
1275 2615 1511 2670 Ithacam
1562 2616 1668 2670 illis
1708 2616 2116 2685 praeposuisse?
2166 2616 2273 2670 Sed

698 2724 874 2778 neque
928 2706 1226 2777 Spartanus
1256 2709 1564 2775 quisquam,
1598 2718 1656 2759 ut
1676 2720 1777 2775 ego
1804 2707 2017 2775 opinor,
2045 2707 2273 2775 patriam

697 2799 909 2853 vivendi
942 2798 1207 2852 rationem
1242 2799 1506 2866 cogitans,
1531 2796 1779 2865 Spartam
1813 2807 2099 2866 propterea
2136 2799 2275 2849 vitu-

696 2891 931 2957 peravit.
966 2888 1069 2941 Sed
1099 2890 1244 2942 unde
1272 2890 1339 2941 ad
1357 2889 1716 2941 accusandum
1748 2888 1865 2941 sine
1895 2888 2062 2941 dubio
2093 2885 2268 2942 lueris

702 2984 975 3045 inductus,
1028 2982 1142 3035 scio
1173 2997 1186 3033 :
1217 2981 1553 3040 divitiarum,
1610 2981 1834 3045 optime,
1870 2994 1931 3034 es
1973 2994 2179 3043 amans,
2224 2986 2280 3033 et

697 3071 974 3140 paululum
1010 3070 1297 3124 deﬁciente
1328 3069 1501 3133 lucro,
1542 3066 1629 3122 Va:
1665 3070 1678 3120 ι
1709 3070 1821 3122 τ’εεί
1853 3069 2074 3131 clamas,
2108 3076 2164 3121 et
2197 3066 2280 3119 Ni-
2306 3106 2348 3163 ε

698 3165 811 3216 lum
846 3164 1074 3231 ejusque
1129 3162 1347 3214 divitias
1397 3160 1682 3216 celebras:
1722 3160 1771 3212 id
1832 3169 1881 3212 te
1937 3159 2277 3227 peregrinum

701 3255 852 3314 facit,
881 3264 939 3305 ut
970 3253 1108 3307 dicis
1132 3252 1270 3316 ipse,
1296 3262 1349 3304 et
1378 3266 1573 3318 corpus
1604 3250 2005 3319 Cliterephonte
2032 3265 2137 3302 non
2166 3263 2282 3303 tue-

703 3345 806 3397 lius
846 3344 1161 3397 habentem.
1189 3342 1324 3395 Puto
1386 3352 1563 3395 autem
1599 3352 1650 3395 te
1692 3355 1875 3394 amore
1904 3356 2117 3409 quoque
2154 3356 2282 3395 cou-

703 3435 847 3503 jugis
875 3434 1045 3487 teneri
1076 3448 1247 3500 neque
1277 3432 1431 3484 facile
1467 3433 1597 3486 velle
1627 3433 1860 3500 experiri
1908 3447 2067 3501 quam
2129 3447 2282 3487 acer-

700 3528 828 3580 bum
891 3527 963 3580 sit
1017 3525 1366 3578 desiderium.
1398 3524 1464 3577 At
1495 3526 1572 3579 sic
1598 3540 1659 3577 ea
1680 3527 1951 3589 eveniant,
1987 3525 2285 3592 Aphrodite

703 3618 896 3671 dilecta
932 3618 1023 3671 let
1052 3617 1194 3679 vale,
1224 3627 1277 3671 et
1310 3617 1513 3671 utinam
1566 3626 1617 3671 te
1666 3617 1813 3671 brevi
1853 3617 2145 3671 liberorum
2186 3630 2280 3685 pa-

706 3721 842 3763 trem
876 3708 1115 3762 salutare
1140 3708 1300 3761 liceat
1331 3710 1343 3758 !

1351 3798 1413 3853 11.
1449 3797 1725 3853 PYTlllO.

780 3892 837 3945 Si
867 3892 993 3961 quis
1026 3906 1110 3945 me
1158 3890 1390 3959 primum
1432 3892 1759 3944 conveniens
1793 3904 1823 3944 a
1866 3904 1953 3945 me
1981 3889 2287 3945 sciscitare-

705 3994 794 4039 tur
825 3994 1005 4037 utrum
1046 3982 1159 4053 lyra
1189 3984 1259 4036 sit
1298 3982 1426 4035 mihi
1454 3982 1599 4036 etde
1653 3982 1929 4035 harmonia
1982 3996 2286 4037 sermonem

708 4078 938 4137 faceret,
970 4074 1081 4127 cito
1110 4088 1195 4125 res
1224 4088 1443 4141 prorsus
1467 4083 1608 4127 esset
1636 4081 1916 4141 perspecta
1939 4081 1993 4125 et
2016 4087 2138 4125 eum
2169 4085 2289 4126 esse

712 4156 980 4220 musicum
1031 4164 1382 4233 intelligerent
1416 4181 1432 4230 ;
1466 4166 1509 4218 si
1560 4176 1739 4218 autem
1768 4166 1833 4218 de
1891 4165 2058 4219 armis
2104 4172 2290 4219 essent

709 4269 1016 4317 sermones,
1077 4269 1390 4323 pugnasque
1421 4262 1702 4308 enarraret
1750 4264 1805 4308 et
1859 4253 1983 4308 belli
2036 4254 2287 4308 fortunas

710 4346 1085 4401 indesinenter
1156 4353 1501 4408 memoraret,
1562 4359 1668 4397 non
1725 4360 1857 4413 opus
1906 4355 2072 4407 esset,
2121 4346 2288 4398 credo

2367 1915 2497 1966 τηςο
2524 1900 2617 1951 καὶ
2644 1898 2806 1969 ἄρτος
2840 1900 2970 1969 ἡμῖν
2990 1901 3053 1952 ἐκ
3076 1898 3269 1967 κριθῆς
3298 1900 3418 1967 εἰκῆ
3453 1898 3813 1967 μεμιγμένος,
3845 1898 3958 1949 οὐκ

2368 1989 2435 2042 ἂν
2481 1990 2812 2059 ἀρνηθείηνο
2853 1989 2985 2043 ἀλλὰ
3042 1990 3135 2041 καὶ
3171 1988 3389 2041 ἔλαττον
3439 1986 3819 2057 ἐτραγιξιδηταί
3866 2004 3959 2039 σοι

2370 2076 2545 2130 ταῦτα
2592 2078 2761 2146 φειδοί
2791 2078 2888 2145 τῆς
2919 2078 3174 2146 πατρίδος
3195 2094 3209 2108 ο
3244 2078 3356 2128 ἀλλ’
3387 2079 3558 2146 ὅμως,
3603 2072 3647 2129 ὦ
3680 2077 3957 2145 βέλτιστε,

2372 2170 2532 2239 χάριν
2562 2170 2732 2238 ἐχρῆν
2763 2170 2958 2223 εἰδέναι
2991 2172 3165 2240 ταύτῃ
3194 2171 3331 2241 πρὸς
3354 2171 3673 2237 φιλοσοςίαν
3705 2172 3962 2243 ἀσκούςῃ

2370 2262 2470 2330 τὴν
2490 2260 2738 2331 γνώμην,
2773 2263 2919 2325 ὃπως
2940 2262 3002 2314 ἂν
3025 2263 3225 2331 εἰδείης
3249 2263 3378 2315 ποτὲ
3397 2264 3608 2333 τρυςςῆς
3637 2265 3961 2331 Αἰγυπτίας

2376 2353 2686 2422 ὑπερορᾷν·
2731 2353 2989 2405 Ὀδυσσέα
3018 2354 3073 2405 δὲ
3121 2354 3213 2406 τὸν
3246 2356 3410 2423 σοφὸν
3466 2356 3626 2423 νῆσον
3690 2357 3962 2409 οξκοῦντα

2377 2441 2580 2510 μικρὸν
2636 2440 2771 2508 όμοῦ
2826 2442 2921 2494 καὶ
2953 2446 3212 2510 τραχεῖαν
3240 2459 3252 2471 ·
3286 2446 3380 2496 καὶ
3418 2444 3470 2494 τί
3495 2444 3603 2513 γὰρ
3638 2444 3822 2513 mor,
3854 2447 3966 2515 τὴν

2386 2530 2601 2598 Ἰθάκην
2612 2530 2731 2582 ἀντὶ
2752 2529 2955 2582 τούτων
2971 2530 3206 2600 ᾑρῆσθαι
3233 2550 3246 2595 ;
3273 2532 3415 2585 Ἀλλ’
3437 2534 3557 2584 οὐδὲ
3576 2534 3966 2604 Σπαρτιάτης,

2374 2615 2554 2688 οἶμαι,
2586 2620 2682 2689 τὴν
2713 2619 2847 2672 οἶκοι
2878 2620 3087 2673 δίαιταν
3120 2622 3337 2687 ἐννοῶν,
3371 2622 3468 2692 τὴν
3491 2625 3746 2693 Σπάρτην
3782 2627 3971 2696 ἐμέμ-

2377 2711 2535 2780 ψατο.
2582 2710 2724 2764 Ἀλλ’
2756 2706 2873 2763 οἴδα
2919 2713 3083 2764 πόθεν
3123 2714 3251 2765 ποτὲ
3317 2719 3644 2784 κατηγορεῖν
3678 2718 3965 2787 ἐπήρθης

2379 2802 2797 2872 φιλοχρημάτως
2819 2805 2983 2873 ἔχεις,
3014 2798 3263 2871 ὦλῷστε·
3284 2803 3403 2858 εἶτα
3431 2808 3602 2878 βραχύ
3633 2825 3682 2859 τι
3702 2809 3794 2860 τοῦ
3815 2809 3882 2879 λή
3895 2829 3972 2879 μ-

2382 2911 2551 2963 ματος
2572 2895 2833 2956 ἀποστὰς,
2870 2895 2991 2959 Ὶιὺ,
3027 2896 3128 2959 ἰοὺ,
3156 2896 3305 2967 βοᾷς,
3336 2898 3431 2950 καὶ
3447 2899 3532 2950 τὸν
3554 2899 3745 2952 Νεῖλόν
3766 2900 3976 2953 πολλάς

2380 3003 2468 3048 κις
2500 2987 2593 3038 καὶ
2627 2987 2716 3039 τὸν
2742 2986 2950 3038 ἐκεῖθεν
2981 2988 3207 3040 πλοῦτον
3238 2991 3549 3051 ἀνακαλεῖς.
3579 2990 3748 3043 Τοῦτό
3770 2994 3829 3044 σέ
3858 3011 3975 3045 που

2384 3079 2553 3143 ξένον,
2587 3079 2663 3142 ὡς
2703 3079 2867 3155 αὐτὸς
2902 3079 3059 3149 ἔφης,
3097 3086 3261 3143 ποιεῖ,
3299 3082 3396 3134 καὶ
3417 3082 3476 3133 τὸ
3512 3084 3667 3152 σῶμα
3700 3084 3795 3135 τοῦ
3825 3085 3976 3136 Xa:-

2386 3170 2661 3239 ρεφῶντος
2692 3171 2843 3222 οὐδὲν
2886 3172 3227 3242 ἀστειότερον
3270 3172 3435 3241 ἔχειν.
3470 3168 3635 3243 Οἶμαι
3671 3176 3726 3227 δέ
3760 3193 3819 3227 σε
3870 3177 3981 3229 καὶ

2380 3262 2484 3328 τῆς
2530 3264 2748 3329 νύμφης
2796 3262 3075 3328 ἐρωτικῶς
3121 3263 3497 3331 περιέχεσθαι,
3532 3264 3622 3315 καὶ
3666 3266 3981 3334 πειρᾶσθαι

2387 3353 2542 3421 μόλις
2588 3353 2762 3405 ὁπόσα
2802 3354 2972 3413 δεινὸς
3017 3353 3199 3414 πόθος.
3238 3354 3401 3406 Ἀλλὰ
3443 3356 3655 3422 γένοιτο
3688 3355 3841 3409 ταῦθ’
3870 3356 3981 3409 οὖ-

2384 3458 2510 3504 τως,
2554 3442 2839 3511 ’Δφροδίτη
2894 3442 3055 3512 φίλη·
3106 3443 3199 3494 καὶ
3247 3442 3488 3513 ἔρρωσο·
3532 3444 3626 3497 καί
3674 3462 3735 3499 σε
3763 3446 3978 3501 θᾶττον

2385 3537 2737 3607 προσείποιμι
2776 3537 2867 3590 καὶ
2894 3537 3098 3591 παίδων
3127 3538 3358 3610 πατέρα.

3018 3801 3092 3855 B'.
3150 3802 3370 3873 urere.

2459 3891 2527 3943 Εί
2546 3890 2638 3961 μοί
2658 3909 2741 3953 τις
2774 3892 3088 3961 προσελθὼν
3132 3895 3193 3946 οὐ
3238 3896 3503 3965 πρότερον
3542 3894 3699 3947 τοῦτο
3732 3899 3979 3965 ποιήσας

2386 3978 2542 4047 ἠξίου
2575 3981 2863 4049 μανθάνειν
2893 3985 2941 4035 εἰ
2984 3983 3154 4053 λύραν
3195 3986 3395 4054 ἔχοιμι,
3420 3986 3514 4037 καὶ
3541 3986 3671 4055 περὶ
3696 3987 3982 4056 ἁρμονίας

2388 4068 2545 4136 λόγον
2575 4072 2770 4135 έποέει,
2799 4073 3017 4135 πάντως
3064 4074 3129 4127 ἂν
3154 4074 3402 4145 ᾐσθόμην
3450 4075 3511 4127 τὸ
3562 4079 3820 4145 πρᾶγμα,
3872 4084 3984 4131 καὶ

2388 4159 2468 4210 ὅτι
2519 4163 2777 4228 μουστκῆς
2827 4155 2978 4224 οὗτος
3028 4161 3188 4223 εὐθὺς
3246 4165 3583 4233 ἠπιστάμην.
3622 4164 3685 4216 El
3728 4165 3787 4216 δὲ
3839 4167 3984 4233 περὶ

2389 4250 2569 4303 ὅπλων
2599 4246 2741 4321 ἦσαν
2773 4252 2823 4304 οἱ
2870 4252 3038 4320 λόγοι,
3090 4255 3183 4305 καὶ
3216 4255 3391 4324 μάχας
3429 4256 3578 4322 ἔλεγε
3601 4256 3694 4306 καὶ
3725 4255 3980 4321 πολέμου

2390 4340 2553 4410 τύχας
2581 4344 2666 4393 ἀεὶ
2687 4342 2944 4411 διηγεῖτο,
2971 4344 3072 4395 οὐκ
3105 4343 3213 4395 ἔδει
3256 4344 3531 4414 δήπουθεν
3561 4345 3680 4413 Θεῷ
3714 4346 3770 4397 δὲ
3804 4346 3980 4413 ἰέναι,

712 4436 877 4489 Deum
913 4436 1063 4487 adire
1090 4434 1155 4486 ad
1179 4433 1455 4486 sciendum
1491 4448 1611 4485 eum
1643 4448 1759 4486 esse
1790 4433 2029 4486 militem.
2065 4431 2168 4487 Sed
2223 4434 2288 4487 ad
2319 4452 2348 4511 ί

2393 4434 2487 4485 καὶ
2506 4434 2586 4484 ὅτι
2619 4433 2958 4503 στρατιώτης
2982 4428 3137 4496 οὗτος
3159 4434 3375 4487 ἀκούειν
3398 4451 3411 4499 ;
3456 4435 3615 4487 Ἀλλὰ
3644 4437 3697 4487 τί
3721 4453 3813 4505 μοι
3848 4438 3984 4507 βού-

710 4525 843 4595 ιιυὶιί
876 4524 1031 4578 haec?
1054 4521 1285 4576 Prorsus
1306 4522 1417 4589 jam
1451 4522 1794 4587 intellexisti;
1820 4524 2169 4576 nihilominus
2200 4533 2280 4574 ta-

713 4633 835 4671 men
873 4618 1047 4671 dicam
1080 4630 1094 4667 :
1130 4616 1174 4668 is
1209 4614 1338 4667 mihi
1367 4625 1419 4666 tu
1447 4615 1652 4667 videris
1707 4616 1760 4667 in
1798 4629 1905 4683 quo
1937 4630 2102 4668 musa:
2130 4615 2285 4668 babi-

713 4716 829 4761 tent
890 4721 1125 4775 reapse;
1171 4720 1401 4772 quorum
1437 4718 1504 4757 ex
1546 4706 1819 4758 consortio
1875 4706 2083 4757 dulcem
2133 4706 2286 4757 ducis

715 4801 878 4852 vitam
909 4812 1083 4866 neque
1114 4798 1407 4864 quidquam
1448 4796 1737 4849 dcmiraris
1783 4809 1977 4863 praeter
2019 4796 2205 4859 libros,
2230 4803 2285 4850 et

711 4903 1015 4953 sermones,
1075 4899 1129 4941 et
1181 4887 1438 4955 quidquid
1506 4896 1735 4940 mentem
1801 4886 2079 4939 meliorem
2131 4883 2283 4940 facit.

713 4980 843 5033 Mihi
872 4995 938 5032 ex
992 4979 1084 5031 illo
1118 4988 1355 5047 tempore
1395 4978 1592 5047 hospes
1624 4979 1774 5032 luisti
1797 4988 1849 5032 et
1876 4994 2085 5031 mecum
2120 4977 2285 5031 iniisti

713 5072 1007 5125 amicitiam
1036 5072 1150 5135 tibi,
1184 5082 1240 5124 ut
1268 5073 1481 5139 opinor,
1515 5080 1722 5139 gratam
1758 5088 1774 5135 ;
1807 5071 1899 5124 sed
1941 5072 2142 5124 utinam
2197 5071 2283 5123 illa

714 5177 861 5231 spes,
899 5176 1063 5228 quam
1089 5160 1142 5213 in
1170 5161 1325 5214 nobis
1358 5161 1669 5227 reposuisti,
1697 5170 1746 5213 te
1790 5175 2062 5227 nunquam
2082 5158 2285 5213 fefelle-

717 5254 787 5306 rit
826 5254 839 5306 l
884 5250 1145 5305 Volumen
1180 5260 1357 5304 autem
1416 5251 1541 5303 illud
1572 5252 1713 5319 quod
1746 5265 1774 5302 a
1811 5266 1894 5304 me
1926 5252 2083 5318 petis,
2123 5265 2286 5320 penes

716 5358 801 5398 me
826 5343 1032 5397 utinam
1061 5341 1222 5394 interit
1249 5342 1261 5393 ἰ
1298 5341 1583 5395 habuisses
1603 5344 1745 5395 enim
1787 5350 1839 5394 tu
1875 5344 2089 5411 quidem
2141 5342 2283 5412 quod

716 5436 1012 5503 exoptabas
1058 5435 1190 5486 mihi
1240 5448 1367 5487 vero
1413 5433 1865 5502 pretiosissimum
1921 5433 2110 5488 fuisset
2158 5434 2286 5503 quid

719 5528 856 5597 grati
892 5527 983 5579 tibi
1021 5528 1385 5596 praistitisse;
1434 5541 1575 5580 nunc
1605 5535 1784 5579 autem
1814 5541 1918 5579 non
1952 5541 2047 5593 per
2088 5527 2284 5580 Socra-

721 5620 790 5669 tis
830 5617 1122 5686 platanum,
1148 5618 1242 5671 sed
1287 5633 1383 5688 per
1431 5619 1573 5685 ipsos
1627 5616 1774 5670 illius
1820 5631 2114 5683 sermones,
2161 5618 2287 5687 juro

723 5725 810 5765 me
846 5709 1082 5765 nondum
1108 5711 1273 5765 luisse
1308 5710 1524 5765 fruitqu
1560 5711 1698 5765 bono
1736 5708 1846 5775 illo,
1890 5719 2285 5774 quantumcun-

2384 4524 2533 4576 λεται
2589 4525 2795 4587 causa;
2829 4526 3014 4577 Πάντα
3066 4526 3165 4594 μὲν
3204 4525 3304 4596 ἤδη
3369 4526 3690 4593 μανθάνεις·
3720 4527 3878 4580 οὐδὲν
3917 4530 3983 4582 δὲ

2382 4609 2545 4684 ἧττον
2574 4617 2723 4684 ὅμως
2751 4618 3031 4685 εἰρήσεται
3053 4634 3066 4647 ο
3102 4617 3227 4685 ἐμοὶ
3252 4618 3426 4681 δοκεῖς
3456 4618 3530 4680 ὼς
3561 4619 3715 4688 παρὰ
3743 4621 3847 4688 τὴν
3868 4622 3983 4692 σὴν

2383 4704 2561 4773 ψυχὴν
2614 4706 2785 4768 ὅντως
2810 4706 3051 4759 οἰκοῦσιν
3099 4708 3153 4759 ai
3194 4708 3391 4776 μοῦσαι
3412 4725 3425 4737 ·
3473 4704 3591 4761 εἶτα
3620 4712 3876 4773 κάτοικος
3898 4712 3983 4770 ὢν

2384 4797 2503 4856 ταῖς
2531 4794 2701 4857 θεαῖς,
2737 4794 2850 4863 βίον
2875 4796 3016 4865 ἔχεις
3050 4800 3243 4860 αὐταῖς
3264 4799 3548 4869 ἀνειμένον
3580 4802 3671 4851 καὶ
3694 4802 3853 4854 οὐδέν
3890 4819 3975 4855 co:

2386 4887 2721 4956 θαυμαστὸν,
2749 4889 2830 4940 ὅτι
2869 4889 2944 4957 μὴ
2991 4888 3171 4957 βιϐλία
3200 4891 3293 4943 καὶ
3339 4892 3486 4959 λόγοι
3534 4893 3625 4945 καὶ
3653 4893 3755 4946 ὅσα
3787 4894 3979 4964 ψυχὴν

2385 4977 2480 5028 ἐπὶ
2527 4977 2587 5029 τὸ
2614 4981 2866 5048 κρεῖττον
2909 4980 3133 5047 ἁνὰγεν
3164 4981 3417 5034 ἐντεῦθεν
3454 4985 3588 5053 ἡμῖν
3625 4985 3981 5055 ὲπεξενώθης

2385 5067 2558 5137 ἀρχὴν
2574 5068 2755 5137 φιλίας
2779 5070 3151 5139 ποιησάμενος
3182 5073 3520 5142 πρέπουσαν,
3538 5070 3715 5143 οἶμαι,
3743 5078 3938 5146 σαυτῷ
3963 5095 3979 5109 ·

2386 5160 2521 5212 ἀλλὰ
2557 5162 2663 5230 γὰρ
2689 5160 2797 5213 εἴθε
2833 5163 2908 5231 μὴ
2958 5163 3059 5231 τῆς
3111 5165 3195 5231 ἐφ’
3227 5165 3359 5233 ἡμῖν
3388 5165 3599 5228 ἐλπίδος
3628 5166 3937 5238 διήμαρτες
3963 5188 3978 5198 ·

2387 5253 2504 5305 ἀλλ’
2528 5254 2665 5322 ὅπερ
2697 5255 2867 5315 αἰτεῖς
2895 5253 3123 5323 βιϐλίον,
3155 5255 3313 5307 τοῦτο
3340 5256 3399 5308 δὲ
3427 5252 3494 5326 ἦν
3534 5258 3664 5327 παρ’
3686 5262 3842 5327 ἡμῖν.
3864 5261 3982 5313 Οὖ-

2385 5362 2463 5398 τω
2500 5344 2608 5415 γὰρ
2631 5345 2725 5398 οὖν
2755 5347 2818 5398 σὺ
2852 5345 2953 5415 μὲν
2992 5341 3136 5415 εἶχες
3175 5347 3263 5398 ἀεὶ
3286 5347 3348 5399 τὸ
3376 5348 3890 5420 ποθούμενον,.ὲμοὶ
3918 5352 3981 5404 δὲ

2390 5437 2643 5506 μέγιστον
2699 5432 2766 5507 ἦν
2823 5437 2881 5489 τὸ
2926 5438 3103 5491 δοκεῖν
3156 5439 3286 5507 ὑμῖν
3343 5438 3699 5508 κεχαρίσθαι’
3752 5442 3877 5493 νυνὶ
3920 5442 3981 5494 δὲ

2386 5530 2588 5599 δμνυμι
2622 5529 2683 5582 οὐ
2718 5529 2817 5599 τὴν
2851 5529 3121 5583 πλάτανον
3152 5531 3251 5599 τὴν
3297 5532 3642 5601 Σωκράτους,
3678 5532 3818 5586 ἀλλὰ
3848 5535 3983 5596 τοὺς

2386 5622 2575 5690 λόγους
2610 5622 2807 5684 αὐτοὺς
2838 5662 2852 5687 ,
2884 5627 3053 5691 μήπω
3080 5639 3142 5689 γε
3164 5624 3523 5693 τετυχηκέναι
3547 5624 3641 5677 τοῦ
3693 5626 3983 5694 κτήματος

2389 5714 2565 5767 καίτοι
2619 5712 2867 5767 πλεῖστον
2897 5713 2997 5781 ἤδη
3054 5714 3246 5783 χρόνον
3273 5717 3482 5782 ἐρῶντα
3502 5732 3517 5746 ·
3551 5715 3748 5788 μικρὸν
3765 5714 3995 5769 δὲῦστε-
