4248 6428
311 347 447 412 ΞἼΞίῙ

1716 339 2096 404 EPISTOLJE
2107 388 2119 401 .

3422 351 3562 415 2m

312 491 407 545 ρον
440 470 600 539 (ἀλλὰ
633 469 729 522 σὺν
774 469 947 537 Ἐρμῇ
1014 465 1105 519 καὶ
1141 464 1368 534 μούσαις
1388 460 1647 532 εἰρήσθω)
1682 462 1745 514 ἐκ
1790 466 1888 532 τῆς
1917 470 1960 524 Α

1884 479 1888 515 τ
1917 470 1960 524 Α
1991 475 2095 529 que
2127 474 2194 515 ex
2235 461 2402 513 multo
2434 467 2677 529 tempore
2701 460 2814 528 jam
2849 471 3106 531 exoptato
3140 480 3154 527 ;
3186 463 3280 518 sed
3312 482 3416 519 non
3442 478 3561 534 post

322 560 728 631 Ἀλεξανδρείας
746 557 1165 627 κομισθήσεται·
1196 554 1355 605 τοῦτο
1384 552 1491 622 γὰρ
1520 550 1730 603 ἐκεῖθεν
1752 551 1884 619 ἡμῖν

306 655 355 706 οί
378 650 812 722 προσταχθέντες
866 645 1228 700 ἀπέστειλανο
1274 645 1409 714 ὅπερ
1444 645 1492 697 εἰ
1538 642 1672 713 πρὸς
1724 642 1883 710 ἔργον

306 743 532 812 ἐκϐαίη,
565 744 684 811 ὕψει
718 758 784 811 με
827 740 1044 801 πάντως
1083 736 1390 806 αὐτόματον
1436 736 1562 802 ὑμῖν
1590 735 1881 804 προσιόντα

306 834 436 905 περὶ
481 834 575 887 τοῦ
626 830 947 902 μεταδοῦναι
980 830 1113 882 ὡσεὶ
1167 828 1260 881 καὶ
1300 826 1460 888 αὐτὸς
1492 825 1677 879 λαϐεῖν
1728 827 1881 878 ἐϐου-

303 921 503 991 λόμην.

886 1008 960 1061 r'.
994 1007 1294 1077 ΔΙΟΔΩΡῼ.

393 1103 460 1155 'H
500 1103 630 1172 περὶ
654 1102 752 1171 τῆς
784 1101 883 1168 σῆς
920 1099 1253 1161 παιδεύσεως
1301 1099 1455 1167 φήμη
1491 1098 1689 1149 ὁποίων
1718 1096 1881 1166 ηὐχό-

303 1194 449 1265 μεθα
477 1194 653 1261 λόγων
686 1192 783 1254 τὰς
831 1191 1105 1260 ἡμετέρας
1136 1189 1431 1258 ἐνέπλησεν
1466 1190 1654 1251 ἀκοάς.
1696 1190 1755 1241 '0
1780 1188 1879 1255 μὲν

298 1287 411 1355 γάρ
445 1284 543 1354 τὴν
567 1285 666 1352 τῆς
707 1282 1033 1352 συνηγορίας
1078 1282 1343 1348 ἀφηγεῖτο
1392 1280 1652 1348 σπουδὴν,
1685 1282 1713 1332 6
1736 1279 1791 1332 δὲ
1818 1279 1879 1331 τὸ

316 1396 357 1431 λδ
389 1379 502 1439 τοῖς
525 1373 894 1443 δικαστηρίοις
919 1372 1144 1424 εὓπονον
1172 1371 1585 1440 ἀπεθαύμαζεν,
1616 1372 1644 1423 6
1672 1370 1741 1437 ,δὲ
1776 1370 1878 1439 τὴν

311 1469 427 1539 τερ)¹
449 1468 576 1528 τοὺς
606 1464 928 1535 προσιόντας
956 1461 1187 1527 εὔνοιαν,
1220 1463 1358 1531 πλὴν
1390 1465 1436 1513 εί
1475 1463 1547 1531 μή
1572 1479 1656 1523 τις
1681 1462 1875 1526 ἀδική-

307 1574 400 1620 τας
454 1556 788 1626 ἐτύγχανεν*
832 1551 950 1607 οἶδα
992 1555 1088 1607 καὶ
1134 1554 1257 1605 τόδε
1319 1553 1556 1616 ἀκούσας
1607 1553 1684 1615 ὼς
1733 1553 1876 1622 ὀρῶν

302 1666 451 1712 εινας
489 1648 632 1717 μέγα
681 1647 777 1716 μέν
825 1645 1178 1714 δυναμένους,
1240 1642 1618 1712 θαυμάζοντας
1658 1643 1714 1696 δὲ
1767 1642 1874 1695 τῶν

1988 552 2187 605 multos
2209 551 2326 605 dies
2349 551 2574 620 juvante
2614 551 2883 606 Mercurio
2918 561 2972 607 et
3004 553 3191 615 Musis.
3231 555 3557 612 Alexandria

1985 642 2285 697 all'eretur:
2320 643 2443 697 inde
2466 644 2611 697 enim
2655 644 2783 698 illttd
2816 645 2851 699 ii
2892 645 2980 712 qui
3014 655 3139 699 sunt
3167 645 3302 712 jussi
3351 650 3416 699 ad
3474 663 3560 701 me

1984 732 2291 801 allegarunt
2319 751 2332 787 :
2378 734 2522 803 qttod
2548 734 2591 787 si
2622 749 2883 803 prospere
2911 737 3190 803 succedet,
3223 753 3309 791 me
3350 737 3558 792 videbis

1983 826 2050 879 ad
2081 841 2175 880 vos
2214 841 2376 893 quam
2401 826 2634 879 maxime
2675 826 2816 879 ultro
2845 838 3179 894 pergentem,
3225 832 3291 884 ad
3314 830 3395 885 sic
3423 829 3560 883 dan-

1982 917 2107 971 dum
2140 918 2293 985 quasi
2329 918 2439 986 ipse
2461 919 2708 984 accipere
2741 927 3005 987 Optarent.

2548 1008 2633 1063 ll].
2663 1010 2985 1065 DlODOllO.

2053 1100 2230 1154 Aures
2291 1111 2509 1154 nostras
2534 1101 2600 1154 iis
2623 1102 2688 1155 de
2726 1112 2814 1155 tua
2856 1101 3197 1155 institutione
3236 1117 3372 1170 quos
3404 1112 3558 1171 opta-

1980 1192 2174 1245 bamus
2201 1193 2545 1247 sermonibus
2570 1191 2713 1246 fama
2741 1193 2985 1262 implevit
3014 1210 3027 1245 :
3054 1193 3193 1246 alter
3208 1193 3353 1246 enim
3410 1204 3554 1247 tuam

1979 1282 2033 1335 in
2063 1283 2307 1336 dicendis
2338 1284 2522 1337 causis
2543 1284 2877 1354 diligentiam
2913 1284 3173 1337 narrabat
3206 1301 3220 1349 ;
3256 1284 3395 1336 alter
3427 1298 3558 1337 vero

1978 1390 2141 1442 quam
2184 1375 2416 1429 feliciter
2448 1376 2541 1429 tibi
2577 1377 2629 1429 in
2685 1376 2904 1443 iudiciis
2938 1378 3174 1439 cederet,
3211 1375 3555 1442 mirabatur;

1982 1467 2175 1521 tertius
2206 1478 2385 1521 autem
2420 1478 2621 1536 quanta
2678 1481 2826 1520 esses
2866 1468 3240 1522 benevolentia
3284 1470 3335 1522 in
3368 1482 3555 1535 quem-

1980 1566 2211 1619 cumque
2237 1552 2989 1622 accedentem.pra:terquam
3031 1571 3151 1610 cum
3207 1557 3328 1624 quis
3361 1557 3556 1626 injuste

1974 1644 2196 1711 egisset.
2263 1642 2376 1697 lloc
2423 1659 2640 1713 quoque
2684 1646 2805 1699 novi
2846 1646 3091 1709 audiens,
3144 1650 3287 1715 quod
3338 1663 3554 1716 nempe,

291 1738 521 1791 δικαίων
562 1738 746 1807 μηδὲν,
778 1737 944 1799 πολὺς
969 1737 1233 1798 ἐπνευσας
1257 1737 1376 1789 κατ’
1404 1735 1604 1799 αὐτῶν,
1639 1734 1730 1786 καὶ
1761 1734 1873 1786 λοι-
1904 1764 1947 1817 Β

1904 1764 1947 1817 Β
1977 1732 2239 1800 quosdam
2303 1746 2424 1786 cum
2489 1734 2703 1788 videres
2738 1734 2963 1788 multum
3027 1745 3293 1805 potentes,
3333 1737 3556 1790 minitne

289 1830 479 1900 δορίαν
534 1828 936 1898 ἐπαινουμένην
1010 1828 1288 1896 κατέχεες.
1364 1824 1504 1893 Ἐγὼ
1554 1825 1611 1877 δέ
1665 1825 1872 1878 τούτων

290 1923 535 1987 ἀκούων,
564 1920 739 1974 ἄλλων
770 1920 907 1974 ἄλλα
929 1920 1322 1989 διηγουμένων,
1345 1918 1533 1988 ῶσπερ
1566 1917 1751 1979 ἔνθους
1782 1918 1871 1986 ὑφ’

286 2015 488 2087 ἡδονῆς
520 2013 810 2083 ἐγενόμην,
840 2013 936 2065 καὶ
969 2012 1111 2081 μέγα
1144 2027 1208 2079 γε
1252 2013 1364 2074 τοῖς
1401 2010 1576 2078 λόγοις
1634 2010 1870 2080 φρονῶν,

289 2106 515 2159 ἐδόκουν
553 2106 719 2167 αὐτὸς
774 2104 1150 2157 ἐπαινεῖσθαι’
1188 2103 1287 2173 ἢδη
1321 2104 1378 2157 δὲ
1415 2105 1509 2156 καὶ
1539 2105 1699 2174 χάριν
1728 2103 1873 2172 ὡμο-

290 2198 488 2265 λόγουν
512 2200 626 2259 τοῖς
674 2196 1125 2264 ἐπαγγέλλουσιν,
1159 2194 1348 2264 ῶσπερ
1391 2193 1647 2247 εἰώθασιν
1677 2195 1725 2247 οἱ
1763 2194 1873 2247 τῶν

290 2290 501 2351 αὐτοὺς
528 2287 898 2341 ἐπαινούντων
920 2284 1233 2348 ἀκούοντες.
1281 2285 1437 2339 υῦτω
1492 2285 1549 2338 δὲ
1580 2285 1756 2355 ἔχοντι
1781 2286 1874 2339 καὶ

287 2377 629 2446 λογιζομένῳ
681 2374 999 2446 προσελθὼν
1060 2378 1089 2428 6
1148 2374 1311 2437 καλὸς
1352 2375 1543 2443 Ὠρίων
1593 2375 1692 2445 τὴν
1742 2374 1872 2443 παρ’

289 2470 448 2537 ὑμῶν
479 2467 630 2537 αὐτῷ
658 2468 962 2537 γραφεῖσαν
1019 2465 1310 2534 ἐπιστολὴν
1338 2464 1583 2518 ἐπεδίδου
1610 2481 1624 2495 ο
1658 2464 1750 2518 καί
1782 2481 1873 2535 μοι

289 2560 394 2626 τῆς
441 2558 625 2628 φιλίας
660 2557 1001 2626 συνέχαιρεν,
1026 2555 1217 2626 ὥσπερ
1257 2555 1429 2609 δεινὸν
1463 2556 1785 2627 ἡγούμενος,
1824 2555 1871 2607 εί

298 2650 585 2711 λανθάνεις
641 2650 773 2719 παρ’
806 2648 930 2716 ἐμοὶ
966 2646 1207 2708 τοιοῦτος
1254 2646 1512 2715 ὑπάρχων
1534 2662 1547 2675 ·
1577 2645 1686 2713 ἐγὼ
1726 2646 1784 2697 δέ
1812 2662 1870 2697 σε

300 2738 443 2809 μετὰ
470 2737 571 2807 τὴν
588 2738 776 2807 φήμην
799 2738 864 2804 τῇ
896 2734 1063 2803 πείρᾳ
1097 2734 1303 2804 μαθὼν,
1338 2736 1431 2788 καὶ
1458 2729 1566 2796 οἶος
1589 2734 1718 2803 περὶ
1745 2733 1871 2796 τοὺς

286 2831 602 2901 δεομένους,
623 2829 726 2882 κᾶν
748 2828 823 2897 μὴ
847 2827 1089 2898 παρῶσι,
1106 2827 1469 2895 καθέστηκας,
1494 2825 1604 2879 οὐδ’
1621 2827 1687 2878 ἂν
1701 2827 1872 2877 εἰπεῖν

288 2920 437 2989 ἐχοις
468 2918 593 2971 ὅσον
614 2915 923 2985 ἐθαύμασα,
945 2915 1041 2968 καὶ
1074 2914 1237 2966 αὑτὸν
1262 2912 1561 2965 ἐπεκάλουν
1584 2910 1871 2979 εὐδαίμονα

274 3012 391 3082 ,τὴν
425 3011 526 3078 σὴν
555 3007 895 3077 εὐτυχηκότα
925 3006 1190 3076 σπουδὴν·
1225 3005 1301 3067 ὡς
1324 3003 1379 3055 δὲ
1408 3003 1499 3055 καὶ
1529 3002 1871 3072 γραμμάτων

1976 1839 2104 1877 vero
2129 1823 2390 1892 justitiam
2419 1825 2792 1891 observantes,
2835 1825 3147 1895 frequenter
3188 1829 3239 1880 in
3270 1843 3364 1882 eos
3401 1828 3553 1883 fuisti

1976 1913 2223 1969 invectus
2288 1913 2605 1969 collaudatis
2686 1916 3178 1985 objttrgationibus.
3244 1917 3373 1983 Quae
3446 1934 3554 1971 an-

1974 2008 2128 2063 diens
2161 2049 2176 2074 ,
2216 2008 2319 2062 alia
2368 2008 2492 2063 aliis
2542 2012 2913 2075 narrantibus,
2946 2019 3201 2079 tanquam
3252 2023 3404 2067 extra
3442 2026 3556 2066 me-

1977 2098 2154 2166 ipsum
2187 2114 2296 2166 pra:
2325 2100 2524 2165 gaudio
2579 2110 2770 2168 raptus
2802 2117 2974 2167 eram,
2996 2114 3159 2169 atque
3189 2102 3351 2156 dictis
3371 2118 3557 2171 super-

1976 2188 2151 2252 biens,
2178 2189 2289 2257 jam
2324 2189 2440 2259 ipse
2472 2190 2682 2244 laudari
2725 2191 2855 2244 mibi
2883 2191 3123 2257 videbar,
3152 2193 3555 2247 nuntiantibus-

1974 2293 2080 2346 que
2103 2281 2307 2347 gratias
2358 2280 2593 2334 tribuere
2620 2281 2911 2349 proﬁtebar
2955 2296 3059 2335 non
3105 2282 3340 2335 absimili
3389 2283 3548 2336 modo

1975 2386 2135 2439 quam
2170 2374 2259 2442 qui
2296 2382 2346 2427 te
2375 2373 2579 2427 laudari
2607 2374 2851 2429 audiunt.
2883 2373 3014 2429 Cum
3047 2384 3223 2429 autem
3277 2375 3351 2427 ita
3375 2388 3552 2429 essem

1974 2461 2216 2525 allectus,
2253 2462 2636 2530 superveniens
2667 2461 2938 2517 formosus
2955 2464 3120 2518 Orion
3138 2463 3421 2534 epistolam
3448 2479 3477 2517 ιι
3498 2472 3552 2518 to

1976 2551 2069 2604 tibi
2102 2552 2361 2619 scriptam
2414 2553 2655 2606 ostendit
2692 2562 2747 2607 et
2780 2554 2911 2606 mibi
2948 2565 3091 2607 tuam
3138 2556 3435 2609 amicitiam
3469 2565 3552 2609 est

1974 2641 2404 2709 congratulatus,
2424 2643 2579 2710 quasi
2621 2643 2871 2697 mirabile
2888 2644 3019 2713 quid
3051 2643 3319 2709 iudicaret
3350 2660 3408 2700 se
3457 2660 3553 2700 ne-

1976 2733 2119 2786 scire
2153 2732 2443 2787 illiusmodi
2476 2736 2618 2801 apnd
2659 2750 2743 2789 me
2797 2746 2847 2789 te
2874 2750 3015 2789 esse.
3064 2734 3172 2806 Ego
3230 2751 3376 2795 vero.
3428 2751 3549 2790 eum

1976 2838 2079 2876 non
2114 2822 2254 2874 farina
2284 2824 2457 2876 solum
2483 2825 2577 2878 sed
2619 2836 2675 2877 ct
2712 2840 2767 2877 re
2795 2826 3183 2895 comperissem
3219 2827 3395 2896 qualis
3420 2842 3550 2895 erga

1978 2921 2258 2980 rogantes,
2290 2913 2418 2967 licet
2454 2928 2558 2967 non
2602 2923 2918 2982 pra-sentes,
2961 2916 3037 2970 sis
3069 2916 3263 2981 animi,
3299 2932 3404 2970 non
3435 2932 3552 2986 pos~

1976 3016 2065 3056 ses
2094 3003 2394 3071 intelligere
2422 3015 2680 3072 quantum
2710 3006 2811 3059 sint
2842 3007 3134 3061 tniratnset
3164 3008 3313 3061 illum
3336 3007 3547 3063 felicem

288 3100 444 3169 ἠξίου
490 3101 675 3168 τυχεῖν
722 3096 851 3166 παρ’
895 3095 1052 3166 ἐμοῦ,
1109 3098 1174 3166 τῇ
1200 3096 1300 3164 τῆς
1330 3095 1511 3163 φιλίας
1556 3093 1743 3162 μνήμῃ
1776 3091 1870 3162 τὴν
1899 3104 1940 3159 C

1867 3109 1870 3128 ν
1899 3104 1940 3159 c
1976 3093 2381 3159 prmitieavcrim
2416 3096 2505 3160 qui
2533 3097 2747 3149 tuamin
2785 3112 2843 3150 se
2861 3098 3195 3167 diligentiam
3220 3099 3544 3155 obtinuerit:

289 3192 389 3262 σὴν
423 3190 733 3259 προθυμίαν
772 3188 853 3240 ἐτι
891 3188 1093 3257 μᾶλλον
1118 3188 1433 3257 ἐγείραντα,
1468 3186 1639 3255 εὐήθη
1680 3184 1867 3236 τοῦτον

287 3284 549 3337 ἐκάλουν*
603 3282 678 3351 μὴ
700 3282 807 3348 γάρ
839 3282 903 3335 ἄν
956 3297 1014 3332 σε
1066 3278 1203 3348 πρὸς
1232 3280 1433 3349 ἀρετὴν
1462 3277 1744 3346 πεφυκότα
1766 3293 1868 3327 κα-

286 3372 423 3439 λῶς,
454 3373 806 3442 γραμμάτων
840 3370 1050 3423 δεῖσθαι
1081 3370 1218 3440 πρὸς
1252 3369 1456 3439 ταύτην
1487 3367 1869 3439 παρακαλούνεη

286 3481 431 3518 των·
485 3464 600 3516 ἀλλ’
641 3464 789 3530 ὅμως
823 3461 1017 3514 τοῦτον
1041 3462 1145 3514 οὐκ
1184 3461 1431 3513 ἔπειθον·
1472 3460 1647 3512 ἐδόκει
1678 3461 1783 3529 γάρ
1814 3476 1866 3512 τι

286 3559 383 3611 καὶ
403 3558 610 3610 δίκαιον
639 3554 841 3621 λέγειν,
867 3552 941 3614 ὡς
976 3555 1003 3606 6
1034 3553 1154 3606 καθ’
1185 3553 1377 3605 ἐαυτὶν
1402 3552 1662 3616 τοιοῦτος,
1689 3552 1772 3612 τίς
1800 3552 1866 3604 ἂν

285 3650 497 3717 γένοιτο
519 3648 864 3716 γραμμάτων
899 3644 1077 3713 τυχὼν
1107 3645 1257 3715 παρὰ
1285 3644 1420 3710 σούς
1451 3643 1660 3719 Οὐκοῦν
1686 3642 1866 3710 γένοιο

288 3742 390 3811 μὲν
421 3738 583 3801 αὐτὸς
611 3739 790 3799 ὁποῖος
826 3737 920 3789 καὶ
939 3737 1235 3806 πρότερονο
1268 3736 1596 3804 ἐπαινοίμην
1628 3735 1685 3788 δὲ
1704 3735 1864 3788 πάλιν

284 3831 387 3898 τῆς
445 3827 629 3897 φιλίας
680 3825 821 3894 ἐγώ’
872 3826 945 3895 μὴ
986 3826 1273 3896 διαμάρτοι
1321 3826 1377 3878 δέ
1418 3826 1517 3894 τῆς
1578 3824 1663 3892 ἐφ’
1707 3824 1863 3893 ὑμῶν

284 3920 500 3982 ἐλπίδος
537 3920 565 3971 ό
590 3918 707 3980 νέος
738 3933 752 3947 ·
795 3917 930 3969 ἀλλὰ
962 3918 1255 3984 γνώτωσαν
1290 3920 1340 3969 οί
1374 3916 1441 3969 τι
1473 3916 1686 3983 μεγάλα
1707 3916 1857 3967 δύνα-

286 4014 411 4066 σθαι
435 4010 741 4075 δοκοῦντες,
770 4010 845 4073 ὡς
892 4010 1002 4079 ἄρα
1027 4008 1135 4061 τῶν
1168 4008 1395 4061 δικαίων
1442 4009 1590 4061 ἐστίν
1637 4008 1862 4070 εἰκότως

282 4105 573 4177 ἡττᾶσθαι.

839 4200 914 4249 A'.
934 4194 1313 4263 ΙΕΡΩΝΥΜῼ.

370 4288 511 4355 Ἰ-Σγὼ
547 4288 645 4357 μὲν
668 4290 765 4357 τῆς
793 4286 1031 4354 ἀδελφῆς
1058 4285 1339 4337 λανθάνειν
1360 4283 1518 4353 ᾤμην
1548 4283 1638 4337 τὸν
1658 4282 1858 4351 γάμον,

281 4382 380 4434 καὶ
409 4379 475 4448 δὴ
517 4382 630 4440 τοῖς
667 4379 1006 4447 προσήκουσι
1046 4376 1144 4444 τὴν
1178 4377 1352 4428 οἰκίαν
1386 4374 1675 4443 ἐγνῶσθαι,
1709 4376 1859 4444 μήτι

1973 3197 2094 3235 cum
2148 3195 2327 3235 autem
2368 3184 2528 3236 etiam
2566 3200 2594 3238 a
2639 3202 2722 3239 me
2752 3186 2962 3240 litteras
3013 3188 3332 3255 postularet,
3370 3188 3545 3253 illum,

1970 3286 2035 3327 eo
2089 3277 2230 3342 quod
2282 3286 2423 3328 tuam
2475 3277 2907 3332 benevolentiam
2976 3282 3232 3335 amicitia:
3286 3280 3543 3336 memoria

1970 3378 2168 3432 augere
2221 3366 2405 3432 vellet,
2440 3368 2661 3420 stultum
2687 3370 2965 3425 dixiznon
2990 3373 3135 3424 enim
3169 3373 3289 3433 tibi,
3339 3374 3431 3441 qui
3475 3373 3546 3427 ad

1956 3454 2232 3523 ‘virtutetn
2267 3456 2671 3513 felicitcrnattts
2691 3474 2770 3525 es,
2806 3460 3001 3516 litteris
3033 3472 3081 3516 te
3106 3464 3172 3516 ad
3229 3477 3352 3516 eum
3416 3463 3546 3517 inci-

1971 3546 2213 3598 tantibus
2245 3561 2382 3614 opus
2416 3559 2519 3601 est.
2549 3549 2698 3602 lllum
2738 3562 2917 3606 tamen
2951 3569 3055 3606 non
3082 3555 3325 3622 persuasi
3353 3573 3367 3609 :
3400 3566 3544 3610 recte

1967 3634 2109 3687 enim
2137 3637 2351 3703 quidem
2386 3637 2674 3692 videbatur
2717 3640 2766 3693 id
2816 3641 3022 3707 dicere,
3056 3658 3273 3710 nempe,
3321 3644 3411 3711 qui
3462 3643 3543 3698 sic

1964 3738 2045 3782 est
2074 3742 2102 3779 a
2130 3728 2327 3796 scipso,
2352 3729 2483 3799 quid
2522 3746 2627 3786 non
2653 3733 2974 3789 eritlitteras
3001 3750 3028 3787 a
3056 3745 3106 3789 te
3122 3736 3395 3804 accipiens
3419 3732 3542 3788 ?Tu

1968 3823 2130 3891 igitur
2158 3824 2202 3877 is
2232 3826 2307 3878 sis
2351 3828 2440 3895 qui
2478 3836 2660 3890 antea,
2693 3843 2792 3897 ego
2823 3840 3000 3883 autem
3039 3845 3226 3885 rursus
3254 3831 3319 3884 de
3350 3830 3545 3885 amici-

1966 3915 2037 3967 tia
2064 3914 2249 3969 lauder
2274 3917 2518 3983 ;juvenis
2549 3931 2727 3973 autem
2753 3920 2840 3973 illa
2865 3936 2979 3988 spe,
3007 3936 3105 3990 pro
3124 3930 3212 3975 tua
3240 3930 3411 3989 parte,
3434 3936 3539 3976 non

1965 4007 2199 4071 decidat,
2231 4011 2324 4063 sed
2350 4012 2527 4063 sciant
2572 4013 2660 4078 qui
2702 4012 2931 4065 multum
2967 4025 3125 4080 posse
3156 4010 3427 4079 videntur,
3455 4010 3543 4081 ju-

1964 4097 2129 4152 stitia:
2154 4114 2365 4167 quoque
2389 4115 2509 4153 esse
2541 4110 2843 4168 opportune
2880 4101 3043 4155 vinci.

2484 4189 2573 4244 IV.
2610 4189 3037 4246 lllEllONYMO.

2036 4278 2149 4348 Ego
2194 4282 2409 4349 quidem
2472 4285 2737 4351 opinabar
2791 4294 2843 4339 te
2890 4285 3139 4353 ignorare
3194 4291 3399 4346 sororis
3441 4306 3542 4345 nu-

1965 4371 2342 4438 ptias,casqnu
2366 4374 2617 4427 omnibus
2651 4374 2900 4430 allinibus
2935 4385 3092 4432 notas
3133 4395 3275 4445 esse,
3315 4392 3542 4450 praeter-

286 4472 393 4533 col,
428 4472 486 4522 ὃν
515 4470 675 4540 ᾣμην
699 4469 781 4520 ἐτι
836 4470 988 4537 παρὰ
1018 4468 1096 4538 τῷ
1133 4468 1313 4534 Νείλῳ
1361 4466 1659 4535 καθῆσθαι·
1708 4466 1765 4517 σὲ
1796 4464 1851 4517 δὲ
1890 4462 1932 4516 D

1890 4462 1932 4516 Ι)
1963 4462 2238 4527 quatntibi
2279 4477 2437 4527 quem
2494 4464 2669 4517 adhuc
2712 4466 2777 4517 ad
2828 4464 3005 4520 Nilum
3047 4484 3169 4523 esse
3216 4475 3538 4541 credebam;

280 4562 565 4616 λανθάνειν
599 4561 743 4612 ἔοικε
781 4560 889 4611 τῶν
918 4563 997 4622 εἰς
1026 4562 1237 4629 τρυφὴν
1266 4560 1507 4628 ἡκόντων
1529 4556 1678 4609 οὐδέν
1697 4574 1710 4589 ⁸
1745 4556 1857 4608 ἀλλ’

277 4650 428 4719 ἡμᾶς
456 4647 517 4699 τέ
550 4664 605 4699 τι
645 4648 864 4716 δρᾶται,
896 4646 991 4698 καὶ
1023 4646 1082 4697 σέ
1130 4644 1455 4715 προσϐάλλει
1512 4643 1795 4713 πόρρωθεν
1825 4644 1857 4710 ἡ

280 4741 389 4793 τῶν
422 4739 858 4808 ἐπιτελουμένων
895 4738 1062 4808 ὀσμή·
1097 4738 1189 4791 καί
1219 4755 1321 4789 που
1342 4738 1484 4806 τάχα
1507 4737 1598 4790 τὸν
1633 4736 1859 4804 Ὁμηρι-

280 4830 377 4881 κὸν
417 4829 514 4880 Δία
551 4830 707 4898 νικᾷς
746 4828 931 4896 λοιϐῆς
976 4829 1067 4880 καὶ
1098 4826 1325 4895 κνίσσης
1381 4824 1522 4895 ὁρῶν
1573 4824 1859 4894 ἐλισσομέσι

280 4939 379 4991 νης
411 4923 539 4991 περὶ
578 4920 805 4990 καπνῷ·
842 4920 1017 4973 ταῦτά
1057 4938 1117 4973 σε
1166 4920 1353 4982 Νεῖλος
1398 4920 1638 4989 διέθηκε,
1686 4918 1780 4971 καὶ⁵
1812 4919 1858 4970 οἱ

284 5014 415 5082 παρ’
463 5013 673 5063 ἐκεῖνον
728 5011 1041 5080 εὐδαίμονες
1088 5012 1388 5080 ἄνθρωποι,
1457 5009 1576 5079 μεθ’
1622 5008 1715 5071 οὓς
1761 5010 1859 5079 τὴν

279 5101 506 5154 ἑλοῦσαν
536 5102 725 5167 οίκῶν,
753 5101 1016 5171 ὀξυτέραν
1049 5101 1192 5169 ἐχεις
1227 5100 1325 5170 τὴν
1352 5101 1626 5168 αἴσθησιν,
1660 5098 1713 5150 εί
1756 5116 1857 5149 που

279 5189 343 5257 δή
372 5206 437 5256 γε
469 5188 675 5250 καπνὸς
726 5189 1059 5240 ἁναδίδοταισ
1093 5188 1184 5240 τὸν
1240 5188 1295 5238 δέ
1347 5187 1439 5239 σὸν
1469 5187 1633 5239 παῖδα
1663 5186 1858 5256 μικροῦ

279 5280 389 5331 δεῖν
424 5278 661 5348 ὥρμησα
701 5278 963 5331 διαθεῖναι
1017 5279 1229 5341 κακῶς,
1274 5279 1355 5330 ὅτι
1383 5278 1457 5348 μὴ
1508 5279 1859 5347 μαζόγραφος

279 5379 358 5439 εἰς
386 5375 586 5437 πλάτος
614 5374 792 5445 ἀφῆκέ
826 5392 918 5426 σου
953 5374 1050 5443 τὴν
1084 5375 1394 5444 ἐπιστολὴν,
1426 5376 1560 5427 ἀλλὰ
1592 5374 1742 5443 παρὰ
1766 5373 1858 5425 σοῦ

277 5466 429 5537 δῶρα
457 5467 773 5536 προσάγων,
812 5466 1075 5533 μετέλαδέ
1130 5484 1188 5518 τε
1221 5470 1286 5536 τῇ
1336 5467 1460 5536 θέᾳ’
1509 5466 1603 5517 καὶ
1631 5467 1730 5517 οὐκ
1763 5461 1858 5517 οἷδ’

278 5561 427 5619 ὅπως
465 5574 555 5627 μοι
587 5558 796 5609 διέλυσε
823 5560 914 5609 τὸν
940 5559 1111 5626 θυμόν
1136 5574 1153 5591 θ
1189 5561 1289 5612 ούκ
1320 5562 1399 5620 εἰς
1454 5557 1670 5628 μακράν
1703 5558 1757 5610 δέ
1799 5575 1859 5609 σε

279 5649 470 5703 τοῦτον
528 5649 867 5718 ἀμείψομαι·
904 5649 937 5718 ἢ
974 5652 1078 5719 γάρ
1126 5652 1316 5719 γέγονέ
1369 5669 1451 5705 σοι
1487 5650 1858 5721 θυγάτριον,ἢ

278 5756 339 5809 γε
348 5743 409 5809 νή
419 5756 588 5794 σεται.

1963 4556 2055 4607 sed
2092 4565 2147 4606 ut
2190 4556 2422 4619 videtur,
2454 4558 2585 4609 nihil
2629 4567 2680 4611 te
2710 4558 2837 4613 latet
2867 4576 3192 4630 eorutnquze
3223 4566 3289 4617 ad
3321 4566 3540 4621 delicias

1961 4649 2272 4713 pertinent,
2308 4658 2365 4701 at
2406 4650 2585 4717 aliquo
2641 4652 2801 4705 modo
2842 4652 2892 4705 in
2941 4663 2990 4707 te
3028 4657 3160 4724 agit,
3186 4667 3240 4710 et
3277 4659 3343 4711 ad
3404 4670 3454 4713 te
3508 4676 3537 4713 a

1962 4736 2121 4805 longe
2147 4739 2390 4804 pervenit
2409 4741 2626 4807 quidam
2651 4755 2840 4795 eorum
2858 4758 2977 4811 qua:
3000 4747 3354 4813 perlicinntur
3369 4753 3536 4816 odor;

1963 4828 2187 4881 forsitan
2239 4845 2451 4899 quoque
2498 4830 2685 4885 Jovem
2705 4834 2873 4888 vincis
2898 4834 3317 4892 llomcricumin
3361 4842 3539 4907 perci-

1961 4920 2158 4986 piendo
2190 4920 2475 4975 libatioues
2498 4931 2551 4975 et
2592 4924 2836 4977 nidorem
2884 4928 2936 4979 in
2988 4926 3142 4981 l'tntto
3205 4930 3536 4984 volutatum:

1963 5009 2105 5076 quod
2133 5010 2228 5061 tibi
2264 5011 2408 5063 dedit
2462 5010 2611 5066 Nilus
2646 5023 2694 5067 et
2731 5013 2915 5069 felices
2961 5017 3080 5086 ejus
3127 5020 3349 5085 accolae,
3403 5022 3543 5074 inter

1961 5114 2096 5166 quos
2138 5102 2433 5167 placentem
2472 5114 2670 5157 terram
2701 5106 2939 5160 incolens
2989 5110 3325 5165 acutioribns
3358 5114 3538 5168 sensi-

1964 5189 2061 5241 bus
2095 5192 2324 5257 percipis
2381 5192 2551 5245 sicubi
2611 5198 2790 5249 tomus
2816 5198 3075 5251 ascendit.
3121 5197 3317 5253 Parum
3358 5212 3537 5256 autem

1965 5287 2008 5332 al
2032 5280 2133 5334 fuit
2189 5285 2317 5351 quin
2383 5300 2607 5352 puerum
2673 5298 2821 5341 tuum
2878 5291 3018 5343 male
3068 5292 3362 5357 haberem,
3411 5294 3534 5361 quia

1966 5383 2107 5425 tuam
2157 5375 2208 5425 in
2260 5374 2423 5427 altunt
2475 5377 2756 5443 epistolam
2803 5380 3057 5434 emiserat
3092 5398 3106 5443 ;
3143 5383 3235 5435 sed
3288 5393 3373 5433 tua
3418 5400 3538 5434 tnn-

1964 5481 2090 5518 nota
2157 5465 2434 5532 proferens
2496 5469 2625 5521 mihi
2684 5480 2917 5524 mentem
2988 5487 3173 5525 eorum
3243 5484 3537 5541 conspectu

1964 5558 2190 5607 mutavit
2223 5569 2275 5608 et
2310 5574 2413 5624 quo
2449 5561 2631 5614 nescio
2662 5564 2822 5615 tnodo
2846 5564 2985 5617 iram
3047 5564 3256 5619 lenivit.
3288 5563 3402 5617 Non
3435 5581 3534 5618 au-

1965 5659 2067 5701 tem
2104 5649 2270 5700 inulto
2299 5661 2416 5717 post
2458 5652 2550 5704 tibi
2586 5655 2872 5721 rependam
2910 5672 2922 5708 :
2964 5654 3043 5710 vel
3097 5656 3241 5711 enim
3273 5655 3383 5726 jam
3412 5667 3538 5711 nata

1962 5749 2045 5795 est
2076 5740 2154 5793 vel
2201 5750 2454 5795 nascetur
2494 5743 2586 5797 tibi
2622 5743 2749 5797 lilia.
