4248 6428
285 339 431 401 2725

1736 335 2132 397 EPISTULE.

3419 332 3559 400 E726

274 465 391 506 να;·
446 448 721 502 συνελόντι
768 446 821 498 δὲ
880 449 1065 513 (pavet,
1110 446 1423 515 πρόκεινται
1454 448 1586 501 πᾶσι
1610 448 1715 509 τοῖς
1746 448 1856 498 ἀδιο

1891 456 1930 507 Α
1961 447 2230 505 obnoxiae,
2264 445 2366 495 nisi
2412 454 2461 496 tu
2498 454 2645 497 vetes
2678 462 2689 495 :
2740 443 2884 496 illinc
2932 452 3161 513 vergunt
3196 459 3320 513 spes
3346 462 3557 499 earnm-

274 544 396 594 κεῖν
430 541 801 609 βουλομένοις,
828 539 874 588 εί
899 538 973 607 μὴ
993 537 1054 588 σὺ
1074 537 1357 599 καλὺσεις,
1386 538 1437 589 αί
1476 537 1679 588 τούτων
1724 536 1862 607 ὁρῶ⁹

276 650 363 685 σιν
407 632 640 694 ἐλπίδες.
683 633 742 685 Ὀ
794 631 940 683 δεῖνα
995 632 1104 699 γὰρ
1161 629 1320 696 φύσει
1370 630 1468 698 μὲν
1504 629 1861 698 ἐπιπόνηρος·

276 725 593 793 προσοικῶν
620 726 728 794 γὰρ
783 725 881 794 τὴν
924 724 1130 775 τούτων
1176 722 1370 781 οἰκίαν,
1416 720 1509 772 καὶ
1557 720 1646 771 τὸν
1678 722 1739 771 ἐκ
1769 718 1862 771 τοῦ

273 815 611 880 γειτνιάζειν
666 815 859 882 φθόνον
909 812 1112 877 λαϐὼν,
1142 813 1273 880 μίαν
1304 808 1593 877 πεποίηται
1638 808 1865 876 γνώμην

272 906 556 974 ἄχρηστον
593 906 786 967 αὐταῖς
814 903 1139 969 ἀποφαίνειν
1178 902 1276 970 τὴν
1320 902 1533 965 οἴκησιν
1553 917 1564 928 ·
1595 898 1717 950 ὅθεν
1741 896 1864 949 οὔτε

272 994 388 1045 τῶν
418 994 849 1062 οἱκοδομούντων
894 993 1134 1062 ἐννόμως
1182 991 1543 1060 κωλυομένων
1569 990 1861 1058 ἠνέσχετο·

274 1088 371 1138 καὶ
404 1087 541 1153 πρὸς
575 1086 835 1154 ἀλλήλους
874 1085 1269 1153 διαγράμματι
1320 1082 1653 1151 συγκείμενα
1700 1081 1864 1151 λῆρον

273 1174 603 1244 ἡγούμενος,
636 1176 970 1246 κυριώτερον
1003 1176 1164 1228 αὐτὸν
1186 1174 1629 1243 άποφαίνειντῶν
1659 1174 1859 1242 νόμων,

272 1267 373 1318 καὶ
404 1260 479 1319 ὧν
497 1268 659 1330 αὐτὸς
675 1267 1028 1339 ὡμολόγησεν
1051 1281 1067 1299 ⁶
1091 1269 1226 1321 ἀλλὰ
1248 1265 1504 1320 δικαστοῦ
1530 1268 1621 1320 καὶ
1641 1264 1861 1335 μισοῦν-

272 1375 363 1420 τος
398 1358 467 1411 τά
484 1360 666 1428 φαῦλα
698 1360 925 1431 γνώμην
951 1360 1155 1423 λαϐὼν,
1189 1360 1348 1427 γενοῦ
1387 1362 1505 1422 ταῖς
1536 1359 1726 1426 κόραις
1755 1375 1862 1439 πατ

271 1450 403 1518 τὴρ,
442 1453 535 1503 καὶ
556 1454 623 1521 τῇ
659 1452 829 1522 μητρὶ
857 1454 1007 1515 παῖς,
1068 1454 1160 1504 καὶ
1216 1454 1281 1522 τῇ
1329 1452 1550 1519 γυναικί
1578 1451 1741 1505 πάλιν
1768 1445 1861 1502 ἶσα

272 1542 372 1593 καὶ
402 1541 672 1607 σύνοικος,
729 1545 864 1613 ἡμῖν
908 1543 965 1596 δὲ
1002 1543 1244 1605 τοιοῦτος
1277 1538 1389 1595 οἷον
1426 1545 1457 1613 ἠ
1508 1542 1856 1613 προλαϐοῦσα
1893 1545 2057 1608 πεῖρα
2105 1540 2362 1603 πολλάκις
2416 1542 2700 1607 ἀπέδειξε·

1982 538 2208 599 Ouidam
2245 538 2411 598 enim,
2441 544 2628 588 natura
2661 549 2969 603 perversos,
3019 550 3205 588 earum
3246 536 3426 589 domui
3472 539 3554 590 vi-

1977 630 2154 689 ι·ἱιιιιε,
2181 628 2460 681 vicinitate
2497 625 2697 677 invidia
2752 635 2929 693 capta,
2990 626 3036 678 id
3089 636 3294 678 tantum
3352 628 3556 697 cogitat

1974 735 2082 787 quo
2109 718 2213 771 illis
2238 720 2455 769 domum
2494 731 2645 768 suam
2673 716 2912 767 inutilem
2947 716 3105 770 faciat
3140 734 3154 769 :
3193 716 3271 769 sic
3294 732 3386 770 eos
3416 718 3552 785 Iegi~

1977 813 2102 862 time
2123 808 2391 860 redilirare
2433 823 2535 859 non
2570 821 2770 875 passus
2795 818 2873 858 est
2910 824 2923 871 ;
2952 820 3103 874 pacta
3136 822 3351 875 quoque
3369 818 3553 861 mutua

1974 918 2069 970 pro
2108 901 2277 954 nihilo
2310 902 2536 963 hahens,
2580 914 2636 952 se
2662 900 2866 965 legibus
2906 910 2955 951 et
3004 900 3236 967 propriis
3284 900 3551 969 pactioni-

1974 996 2073 1047 bus
2113 993 2450 1062 superiorem
2483 994 2702 1059 prmbel.
2733 991 2936 1045 Jndieis
2984 993 3144 1057 igitur
3186 1004 3418 1048 tuentem
3470 1008 3553 1046 ιιι-

1966 1084 2189 1153 justitire
2248 1084 2621 1135 adversantem
2678 1098 2918 1144 stunens,
2957 1084 3146 1149 puellis
3208 1093 3322 1137 esto
3376 1093 3552 1151 pater,

1973 1176 2130 1229 matri
2172 1175 2313 1229 filius
2341 1184 2391 1226 et
2417 1175 2573 1227 uxori
2606 1177 2808 1242 pariter
2831 1175 3049 1241 coniux,
3086 1177 3392 1245 nostrisque
3423 1193 3553 1231 ocu-

1975 1269 2038 1321 lis
2064 1268 2107 1320 is
2145 1282 2301 1335 quem
2337 1269 2667 1331 experientia
2698 1268 3025 1335 compluries
3070 1268 3347 1334 ostendit;
3379 1269 3555 1322 sciant

1974 1372 2077 1408 non
2099 1371 2220 1409 esse
2264 1356 2447 1408 auxilii
2478 1356 2709 1421 inopiam
2729 1357 2898 1411 donec
2937 1356 3068 1428 legis
3112 1368 3164 1412 et
3194 1358 3293 1412 viri
3330 1357 3551 1425 justitize

1972 1449 2207 1502 cultores
2242 1458 2381 1501 stent
2424 1449 2744 1501 incolumes.

2752 1544 2846 1596 καὶ
2867 1544 3057 1610 γνώτω
3122 1545 3196 1606 ὡς
3240 1546 3341 1598 οὐκ
3408 1546 3551 1598 ἔστιν

270 1634 484 1705 ἔρημον
523 1633 661 1689 εἶναι
683 1637 1019 1707 συμμαχίας,
1045 1639 1148 1699 ἕως
1170 1639 1236 1691 ἂν
1262 1639 1317 1691 οἵ
1342 1656 1401 1691 τε
1430 1639 1582 1707 νόμοι
1607 1638 1867 1703 σώζονται
1911 1640 2001 1691 καὶ
2028 1639 2218 1707 ἄνδρες
2246 1640 2514 1707 τιμῶντες
2544 1640 2612 1691 τὰ
2638 1640 2839 1693 δίκαια.

618 1733 691 1784 Ζσ.
724 1733 957 1801 ΓΕΣΣΙῼ
1004 1732 1518 1803 ιιιτιδοεοψιετιι.

345 1820 459 1889 Τὴν
490 1822 761 1893 ὑμετέραν
788 1824 1080 1893 ἐπιστολὴν
1123 1826 1204 1887 είς
1241 1828 1428 1893 χεῖρας
1452 1825 1651 1887 λαϐὼν,
1686 1825 1855 1887 αὐτὰς

270 1914 429 1979 ἔδοξα
462 1915 613 1983 μόλις
647 1917 1009 1987 ἀπειληφέναι
1041 1920 1139 1982 τὰς
1186 1918 1431 1981 Μούσας,
1459 1919 1645 1979 ἔνθους
1682 1936 1740 1972 τε
1789 1916 1857 1989 ἦν

269 2009 364 2075 ὑφ’
393 2009 611 2078 ἡδονῆς,
643 2012 737 2062 καὶ
767 2012 868 2063 οὐκ
884 2007 1029 2080 εἶχον
1054 2014 1081 2064 ὃ
1112 2030 1163 2064 τι
1214 2014 1308 2064 καὶ
1355 2013 1633 2081 γένωμαι·
1668 2012 1857 2082 ὥσπερ

264 2100 320 2157 οἱ
351 2105 546 2173 Δελφοὶ
578 2106 795 2157 ἐπειδὰν
812 2107 886 2167 ὡς
900 2106 961 2171 ἐξ
979 2106 1108 2159 ’Υπε
1118 2106 1380 2177 ρϐορείων
1403 2106 1646 2168 ἐλθόντος
1663 2105 1857 2157 ’Λπόλ-

266 2194 462 2259 λωνος,
492 2195 552 2246 τὸ
576 2196 706 2261 πρὶν
732 2197 1013 2264 σιγῶντες.
1049 2201 1274 2267 πλήρεις
1302 2200 1562 2266 ἐξαίφνης
1593 2199 1857 2265 γένωνται

270 2285 371 2339 τοῦ
408 2287 555 2343 θεοῦ.
587 2288 841 2351 Τοιοῦτος
873 2284 941 2359 ἦν
991 2307 1074 2351 τις
1127 2290 1258 2358 ἐγὼ,
1313 2290 1489 2343 πάντα
1537 2288 1855 2358 θαυμάζων.

264 2378 379 2430 τῶν
405 2380 689 2449 ὀνομάτων
729 2381 827 2450 τὴν
878 2381 1050 2450 ὥραν,
1080 2383 1178 2449 τὴν
1225 2382 1362 2451 πρὸς
1414 2382 1617 2449 ἄλληλα
1652 2380 1857 2433 τούτων

264 2470 562 2539 ἁρμονίαν,
596 2470 657 2522 τὸ
683 2470 770 2523 διὰ
793 2472 1010 2524 πάντων
1042 2472 1237 2534 κάλλος
1268 2472 1687 2539 ἐπιφαινόμενον
1712 2490 1723 2501 ·
1764 2475 1858 2526 καὶ

266 2562 330 2611 τὸ
357 2559 419 2629 δὴ
452 2560 731 2628 μέγιστον,
758 2562 882 2624 τοὺς
915 2562 1213 2631 ὑμετέρους
1244 2560 1503 2628 τρόπους,
1536 2560 1593 2624 ἐξ
1622 2555 1695 2613 ὧν
1730 2564 1858 2631 ἡμῖν

266 2649 511 2718 προῆλθε
570 2652 638 2704 τὰ
683 2652 1023 2721 πράγματα·
1076 2652 1170 2704 καί
1221 2668 1301 2703 σοι
1361 2653 1618 2716 πολλάκις
1679 2655 1860 2720 ἀγαθὰ

266 2740 487 2805 γένοιτο
508 2741 765 2811 τοιαύτην
789 2744 918 2811 ἡμῖν
949 2742 1315 2794 ἀποδεδωκότι
1342 2742 1438 2809 τὴν
1462 2743 1657 2810 ἑορτήν
1678 2761 1690 2773 ·
1723 2744 1859 2797 ἀλλὰ

266 2833 381 2902 γὰρ
420 2834 517 2901 μία
547 2833 769 2902 χελιδὼν
801 2835 920 2905 ἔαρ,
948 2836 1132 2902 φησὶν,
1168 2837 1229 2888 οὐ
1260 2838 1427 2887 ποιεῖ’
1454 2829 1565 2888 οἷον
1608 2835 1663 2886 δὲ
1696 2836 1788 2887 καὶ
1823 2838 1855 2903 ἡ

268 2925 622 2993 προλαϐοῦσα
666 2925 891 2995 χελιδὼν
950 2930 1027 2988 είς
1083 2927 1244 2997 ἔργου
1305 2928 1507 2996 ἤρκεσε
1542 2927 1759 2997 χρείαν·
1812 2930 1858 2981 εί

264 3016 325 3068 δὲ
352 3017 446 3070 καὶ
479 3018 740 3089 δευτέραν
794 3020 1088 3091 προσθείην
1124 3022 1218 3073 καὶ
1268 3021 1459 3089 τρίτην
1486 3017 1603 3073 εἶτα
1631 3021 1853 3083 πολλάς,

265 3108 421 3160 οὐδὲν
453 3109 517 3163 ἂν
557 3110 642 3179 εἴη
707 3110 806 3179 ἔαρ
858 3113 1024 3180 ἡμῖν·
1071 3109 1193 3163 οὔτε
1237 3113 1467 3181 Κροῖσος
1497 3114 1700 3173 ἐκεῖνος
1730 3111 1853 3163 οὐτε

268 3197 460 3265 χρυσῷ
492 3177 640 3267 ῥέων
671 3199 698 3250 ὁ
754 3177 1069 3261 Πακτωλός.
1094 3199 1232 3260 Τοὺς
1263 3177 1319 3251 δέ
1353 3199 1644 3270 ὑμετέρους
1664 3199 1853 3261 παῖδας

268 3284 409 3339 εἶδον
432 3290 623 3358 ἡδέως,
655 3293 748 3343 καὶ
808 3290 996 3360 ὥσπερ
1030 3290 1096 3342 δι’
1126 3290 1336 3351 εἰκόνος
1396 3291 1679 3359 ἀνηγόμην
1716 3291 1854 3359 πρὸς

269 3377 331 3427 σέ
353 3377 507 3429 ·ὂθεν
541 3377 799 3447 ηὐξάμην
855 3379 949 3429 καὶ
1000 3378 1219 3440 πλείους
1252 3378 1377 3429 ἰδεῖν
1399 3392 1411 3405 ’
1438 3378 1530 3429 καὶ
1562 3379 1608 3428 εἰ
1639 3378 1852 3445 μεγάλα

266 3468 476 3535 λέγειν,
506 3467 600 3521 τοῦ
632 3470 835 3538 πατρὸς
860 3469 1118 3536 ἀμείνους
1143 3482 1153 3493 ·
1188 3468 1302 3521 ἀλλ’
1326 3465 1420 3520 οὖν
1450 3467 1728 3537 εὐχομένω
1754 3469 1852 3539 ρᾁ

265 3561 381 3613 διον
409 3561 588 3628 λέγειν
610 3562 709 3614 ὅσα
736 3577 797 3628 γε
824 3561 1093 3629 βούλεται,
1118 3560 1209 3613 καὶ
1235 3558 1519 3629 μιμεῖσθαι
1542 3558 1632 3611 τὸν
1657 3558 1853 3610 "Exco-

273 3667 361 3721 ρα·
413 3651 507 3703 τὸν
546 3651 758 3720 ἐταῖρον
807 3651 1081 3721 Δωρόθεον
1122 3651 1282 3703 αὐτόν
1322 3668 1387 3719 με
1434 3650 1583 3703 δοκεῖ
1607 3650 1854 3718 παρόντα

270 3744 570 3810 προσάγειν
594 3744 723 3811 ὑμῖν
744 3760 756 3773 ·
778 3744 872 3797 καὶ
892 3743 1070 3809 λέγειν
1097 3741 1224 3794 ἄλλο
1251 3742 1348 3810 μὲν
1369 3741 1538 3804 οὐδὲν,
1570 3741 1852 3811 πληρῶσαι

268 3834 332 3886 δὲ
358 3836 513 3887 τοῦτο
540 3836 638 3897 τὰς
669 3834 889 3896 ἐλπίδας
916 3834 1065 3903 αὐτῷ
1120 3835 1362 3903 παρέσχε
1403 3834 1471 3885 τά
1497 3833 1737 3901 ὑμέτερα
1768 3833 1850 3885 δι-

271 3927 606 3995 ηγούμενος·
638 3928 686 3978 εἰ
711 3926 767 3979 δέ
789 3927 882 3979 καὶ
904 3926 968 3979 δι’
1002 3927 1101 3995 ἐμέ
1144 3943 1196 3977 τι
1258 3927 1417 3980 πλέον
1439 3927 1580 3992 ἕξειν
1618 3926 1848 3992 ἐλπίζει,

277 4017 539 4086 ὑμέτερον
568 4016 634 4069 ἂν
663 4018 748 4083 εἴη
772 4017 958 4069 τοῦτον
1004 4021 1079 4086 μὴ
1118 4017 1422 4085 ψευσθῆναι
1459 4018 1558 4085 τῆς
1609 4016 1850 4085 συγγνώ⁶

276 4125 382 4175 μης
405 4125 419 4139 ·
454 4109 714 4178 συστήσει
746 4108 801 4161 δὲ
828 4109 918 4160 τὸν
967 4109 1086 4161 νέον
1138 4110 1265 4177 ὑμῖν
1298 4109 1391 4162 καὶ
1435 4109 1637 4178 τρόπος
1656 4110 1855 4179 ὁμοίως

271 4198 368 4249 καὶ
396 4198 619 4264 σπουδὴ,
650 4197 793 4268 άπερ
816 4200 863 4250 εί
889 4194 955 4268 ἦν
974 4199 1134 4252 αὐτὸν
1162 4198 1279 4267 ἅμα
1298 4202 1361 4269 τῇ
1387 4198 1483 4269 θέᾳ
1501 4202 1855 4269 παραστῆσαι

273 4292 443 4358 σαφῆ,
471 4290 624 4343 οὐδὲν
657 4291 869 4353 ἂντῖσως
904 4291 1011 4342 ἐδει
1034 4290 1142 4342 τῶν
1162 4291 1444 4361 ἡμετέρων
1477 4291 1854 4361 γραμμάτων·

269 4378 366 4431 νύν
390 4380 446 4431 δὲ
480 4381 545 4433 δι’
606 4381 705 4449 ἐμὲ
772 4382 840 4433 τὰ
889 4381 1084 4448 πρῶτα
1133 4384 1394 4451 τιμήσας,
1454 4382 1679 4450 ὓστερον
1701 4377 1855 4450 οἶμαι

2240 1733 2349 1786 VII.
2382 1734 2627 1787 CliSSlO
2666 1734 2917 1790 INSIGNI
2972 1736 3245 1791 MEDZCO.

2030 1824 2197 1877 Tuam
2226 1825 2507 1893 epistolam
2543 1827 2593 1877 in
2625 1828 2874 1880 manibus
2900 1828 3193 1894 accipiens,
3237 1829 3382 1895 ipsas
3432 1826 3550 1881 llu-

1960 1930 2047 1968 sas
2075 1917 2218 1968 visus
2248 1917 2374 1968 mihi
2408 1933 2525 1969 sum
2566 1918 2814 1985 accipere
2840 1936 2853 1972 :
2876 1933 2984 1987 pm
3032 1920 3306 1984 voluptate
3361 1933 3550 1970 amens

1961 2008 2173 2077 meique
2196 2009 2407 2062 nescius
2426 2027 2439 2062 :
2459 2010 2905 2076 quemadmodmn
2932 2008 3158 2077 Delphii.
3180 2025 3300 2063 cum
3323 2010 3460 2063 velut
3480 2025 3544 2062 ex

1960 2100 2323 2169 Hyperboreis
2380 2100 2596 2152 advenit
2646 2101 2868 2167 Apollo,
2902 2102 3049 2167 prius
3090 2101 3245 2163 mitti,
3277 2101 3419 2168 pleni
3456 2116 3537 2151 re-

1961 2202 2119 2258 pente
2153 2193 2253 2244 deo
2289 2191 2422 2245 linnt
2456 2210 2468 2257 ;
2508 2193 2584 2245 sic
2615 2209 2733 2261 ego,
2782 2194 2959 2245 omnia
2998 2192 3221 2256 mirans,
3257 2194 3544 2245 verborum

1961 2293 2322 2345 venustatem,
2346 2299 2532 2335 eorum
2572 2286 2636 2335 ad
2668 2284 2897 2337 invircm
2933 2283 3295 2346 harmoniam,
3324 2282 3544 2337 elucen—

1963 2384 2065 2425 tem
2090 2388 2152 2425 ex
2183 2374 2432 2426 omnibus
2471 2375 2744 2437 decorem,
2774 2375 2866 2427 sed
2900 2376 3196 2443 praesertim
3236 2384 3355 2427 tuos
3410 2371 3543 2427 affe-

1959 2474 2079 2516 ctus
2108 2464 2306 2531 quibus
2349 2466 2413 2517 ad
2465 2479 2549 2517 me
2598 2479 2661 2518 ea
2701 2466 3051 2518 devenerant.
3105 2465 3378 2519 Permulta
3444 2466 3537 2517 tibi

1960 2555 2273 2623 contingant
2302 2557 2457 2608 bona.
2494 2558 2583 2625 qui
2616 2565 2824 2609 tantam
2870 2550 3001 2609 mihi
3060 2555 3407 2611 festivitatem
3464 2555 3542 2610 fe-

1961 2646 2081 2698 cisti
2112 2647 2124 2697 l
2172 2646 2406 2700 hirundo
2440 2664 2565 2712 una,
2603 2654 2660 2699 ut
2722 2649 2893 2711 aium,
2923 2665 3019 2700 ver
3075 2638 3177 2701 non
3212 2648 3357 2713 facit,
3420 2647 3545 2702 licet

1962 2740 2298 2804 pra:veniens
2324 2739 2558 2791 hirundo
2594 2740 2659 2791 ad
2682 2740 2730 2792 id
2755 2742 2888 2793 satis
2920 2741 2989 2794 sit
3025 2756 3040 2805 ;
3076 2741 3215 2809 quod
3243 2742 3284 2794 si
3317 2741 3540 2794 alteram

1966 2829 2246 2895 adderem,
2283 2839 2336 2882 et
2374 2831 2683 2896 tertiam,ct
2713 2832 2908 2883 inultas
2940 2842 3150 2897 postea,
3178 2846 3271 2885 ver
3296 2832 3425 2885 mihi
3459 2842 3540 2885 ta-

1963 2935 2080 2971 men
2110 2935 2213 2971 non
2256 2932 2417 2983 esset,
2454 2922 2547 2972 sed
2572 2937 2745 2988 neque
2787 2923 2874 2975 ille
2905 2921 3149 2985 Croesus,
3191 2939 3369 2991 neque
3409 2938 3542 2977 auro

1965 3010 2135 3063 lluens
2170 3008 2441 3063 Pactolus.
2478 3010 2702 3065 Liberos
2732 3022 2853 3065 tuos
2880 3028 3000 3065 cum
3033 3013 3373 3079 jucumlitale
3410 3016 3538 3077 vidi,

1882 3091 1923 3147 C
1958 3109 2009 3153 et
2036 3101 2188 3169 quasi
2214 3116 2308 3168 per
2337 3101 2626 3169 imaginem
2646 3104 2739 3156 tibi
2766 3105 2941 3157 denuo
2959 3105 3328 3174 conjungebar
3357 3124 3372 3171 ;
3400 3110 3541 3160 unde

1956 3194 2204 3260 exoptavi
2242 3202 2296 3246 et
2346 3194 2529 3261 plures
2566 3194 2750 3249 videre
2785 3206 2837 3249 et
2867 3196 2910 3248 si
2956 3213 3145 3266 magna
3180 3199 3360 3253 dicere
3393 3199 3542 3261 licet,

1957 3295 2109 3352 patre
2135 3285 2384 3338 meliores
2420 3303 2433 3347 ;
2471 3288 2566 3339 sed
2603 3287 2808 3354 optanti
2859 3287 3019 3342 facile
3059 3299 3144 3341 est
3204 3305 3541 3359 quaecunque

1957 3376 2298 3439 velitdieere,
2323 3386 2372 3429 et
2396 3375 2677 3429 Hectorem
2701 3376 2919 3430 imitari.
2948 3377 3275 3433 Dorothenm
3308 3380 3542 3433 arnicum

1954 3466 2085 3519 mihi
2113 3467 2295 3519 videor
2326 3477 2644 3534 prtesentem
2682 3468 2774 3521 tibi
2811 3469 3027 3531 sistere,
3051 3484 3147 3524 nec
3170 3470 3372 3538 aliquid
3400 3470 3542 3523 aliud

1956 3560 2267 3622 dicere,scd
2300 3576 2416 3613 eam
2451 3559 2592 3612 illius
2621 3576 2770 3629 spem
2806 3561 3033 3630 implere
3091 3577 3254 3630 quam
3288 3571 3377 3615 tua
3413 3579 3541 3615 nar-

1956 3664 2081 3702 rans
2110 3650 2241 3702 oriri
2263 3649 2410 3703 fecit.
2433 3650 2488 3702 Si
2520 3662 2699 3704 autem
2725 3668 2819 3720 per
2848 3668 2931 3705 me
2962 3654 3263 3721 quidquam
3308 3656 3542 3724 amplius

1958 3740 2162 3793 habere
2185 3751 2392 3809 sperat,
2419 3752 2566 3796 tuum
2593 3744 2699 3796 erit
2724 3744 2866 3797 illius
2889 3743 3217 3798 desiderium
3280 3762 3384 3799 non
3440 3745 3542 3800 fal-

1958 3830 2088 3884 lere.
2114 3829 2379 3886 Juvenem
2411 3834 2505 3887 tibi
2531 3835 2768 3889 vincient
2802 3852 2982 3889 mores
3028 3838 3185 3890 simul
3221 3847 3275 3891 et
3316 3839 3544 3907 diligen-

1958 3923 2071 3976 tia:
2128 3938 2247 3991 quaz
2308 3925 2350 3977 si
2399 3926 2655 3993 possibile
2701 3939 2885 3991 esset,
2932 3944 3033 3981 una
3103 3944 3225 3983 cum
3293 3932 3539 4000 corporis

1960 4012 2145 4066 habitu
2178 4014 2463 4069 manifeste
2498 4019 2803 4083 ostendere,
2838 4035 2943 4071 non
2977 4020 3160 4075 forsan
3193 4022 3328 4075 meis
3350 4023 3539 4081 litteris

1960 4117 2096 4170 opus
2124 4116 2264 4158 esset
2295 4122 2308 4169 ;
2342 4106 2487 4158 illum
2523 4121 2744 4175 propter
2775 4126 2858 4161 me
2888 4110 3063 4177 primo
3101 4110 3539 4174 cohonestatutn,

1960 4206 2163 4263 postea,
2193 4198 2378 4260 credo,
2405 4210 2627 4267 propter
2666 4202 2839 4269 ipsum
2902 4200 3189 4255 mirabere.
3222 4202 3362 4254 Poto
3408 4216 3543 4270 quo-

1960 4303 2065 4355 que
2099 4289 2331 4343 amicum
2363 4292 2713 4346 Anastasium
2744 4292 2992 4361 benignis
3024 4304 3074 4348 te
3091 4294 3262 4348 oculis
3318 4296 3534 4363 coospi-

1961 4394 2105 4445 ccre,
2150 4382 2311 4435 veluti
2342 4398 2515 4453 genus
2546 4394 2791 4438 nostrum
2825 4399 3005 4439 omne.
3034 4386 3170 4451 Quid
3192 4385 3423 4455 amplius
3454 4387 3532 4441 di—

271 4470 577 4539 θαυμάσεις
595 4474 688 4524 καὶ
715 4471 781 4525 δι’
816 4473 979 4525 αὐτόν
999 4488 1013 4502 ·
1046 4470 1197 4541 οἶμαι
1230 4472 1403 4525 δὲκαὶ
1434 4475 1647 4544 ἑταῖρον
1690 4475 1847 4526 Ἀνα-

1882 4464 1929 4522 D
1953 4476 2183 4527 cendum
2208 4476 2745 4547 bominijampridem
2776 4480 2952 4533 amico
2974 4488 3027 4532 et
3070 4478 3165 4548 qui
3220 4482 3379 4535 modo
3431 4496 3535 4534 non

270 4561 491 4641 στάσιον
520 4562 807 4632 εὐμενέσιν
838 4563 983 4632 ὑμᾶς
1023 4563 1152 4616 ίδεῖν
1190 4562 1490 4632 ὀφθαλμοῖς
1542 4562 1618 4626 ὡς
1656 4563 1750 4615 καὶ
1780 4563 1842 4615 τὸ

1952 4566 2147 4619 minori
2188 4566 2556 4623 beneVoIentia
2585 4570 2723 4623 allici
2748 4570 2988 4623 dicitur?

268 4656 539 4727 ἡμέτερον
569 4658 757 4725 γένος·
788 4657 842 4710 τί
874 4658 982 4729 γὰρ
1003 4658 1085 4712 δεῖ
1133 4658 1296 4712 πλέον
1322 4660 1496 4712 εἰπεῖν
1546 4659 1679 4730 προς
1716 4658 1885 4729 ἄνδρα
1923 4660 2090 4713 πάλαι
2139 4679 2197 4713 τε
2242 4662 2338 4716 καὶ
2374 4664 2527 4731 φίλον
2559 4664 2654 4718 καὶ
2680 4663 2773 4717 νῦν
2797 4664 2949 4717 οὐδὲν
2970 4658 3132 4736 ἧττον
3163 4664 3365 4717 εὐνοεῖν
3398 4666 3535 4736 ᾑρη-

273 4749 432 4819 μένον
445 4766 464 4810 ;

677 4844 758 4896 ιιι.
800 4842 1098 4913 ΖΑΧΛΡΙᾼ
1140 4843 1423 4914 “sane.

354 4932 440 4997 Ὠς
474 4933 671 4999 ἔοικεν,
708 4927 753 4987 ὧ
782 4933 976 5003 λῷστε,
1006 4934 1113 4987 τῶν
1144 4936 1221 4998 εἰς
1247 4938 1392 5004 ἡμᾶς
1416 4935 1766 5005 σκωμμάτων
1786 4936 1845 4990 οὑ

272 5043 405 5079 ποτε
434 5029 585 5097 παύῃ
604 5042 617 5056 ·
644 5026 779 5096 μηδέ
812 5043 875 5093 γε
899 5026 1135 5079 παύσαιο
1156 5026 1379 5089 τούτων,
1397 5020 1441 5078 ὦ
1464 5026 1665 5090 πάντες
1695 5027 1807 5081 θεοί
1832 5044 1846 5057 ·

268 5119 342 5180 ὡς
372 5116 482 5185 ἐγὼ
507 5118 814 5187 λεγομένων
832 5118 1113 5186 προσγελῶ
1125 5135 1184 5170 τε
1202 5118 1408 5181 τούτοις
1423 5118 1735 5189 γράμμασι,
1754 5124 1849 5174 καὶ

271 5207 408 5277 πρὸς
460 5209 605 5277 ὑμᾶς
650 5209 987 5280 ἀφικνοῦμαι
1035 5213 1101 5281 τῇ
1162 5210 1390 5281 διανοίᾳ,
1428 5213 1536 5263 ¹καὶ
1571 5210 1749 5279 λέγειν
1795 5230 1847 5265 τι

269 5299 410 5353 δοκῶ
444 5300 581 5369 πρὸς
612 5302 761 5371 ἡμᾶς
790 5302 886 5355 καὶ
936 5301 1201 5369 λεγόντων
1233 5302 1473 5355 ἀκούειν.
1504 5304 1654 5356 Ὦστ*
1686 5308 1735 5358 εἰ
1767 5322 1849 5357 σοι

273 5392 424 5459 μέλει
454 5391 552 5460 τῆς
582 5394 639 5443 ἐν
668 5396 779 5455 τοῖς
824 5394 1118 5463 γράμμασι
1159 5394 1403 5465 χάριτος,
1436 5396 1589 5463 μέλει
1627 5395 1682 5447 δὲ
1708 5397 1846 5448 πάν-

268 5497 399 5543 τως.
428 5480 580 5549 βάλλ’
613 5483 811 5547 οὓτως,
848 5486 940 5537 καὶ
972 5484 1197 5553 μείζονα
1236 5487 1558 5556 χαρίζεσθαι
1584 5486 1777 5551 δόξεις,
1809 5488 1841 5559 ἢ

269 5572 320 5622 εῐ
344 5590 433 5642 μοι
462 5576 722 5644 παρεῖχες
776 5576 996 5645 Κροίσῳ
1051 5576 1335 5644 γενέσθαι·
1392 5578 1547 5631 κάλει
1591 5578 1649 5631 δὲ
1684 5579 1843 5631 πάλιν

270 5662 551 5733 σοφιστὴν,
579 5666 667 5717 καὶ
694 5665 815 5733 λέγε
841 5667 1051 5735 κρότων
1079 5670 1210 5739 ἐρᾷν
1230 5687 1241 5699 ·
1264 5669 1435 5740 ὀφρύν
1466 5688 1524 5722 τε
1558 5673 1840 5741 προστίθει

268 5754 362 5805 καὶ
380 5753 570 5824 τύψον,
605 5757 697 5809 καὶ
727 5759 832 5811 πᾶν
862 5760 889 5812 δ
923 5759 972 5811 τί
1009 5777 1089 5813 σοι
1137 5761 1322 5829 φίλον·
1370 5762 1625 5827 πολλάκις
1661 5764 1714 5816 δὲ
1746 5765 1841 5817 καὶ

2314 4840 2443 4895 Vlll.
2485 4840 2706 4894 ZACIIA
2719 4840 2854 4894 RIAE
2903 4840 3181 4898 FRATRI.

2028 4933 2097 4989 Ut
2126 4934 2307 4987 videre
2333 4942 2436 4994 est,
2468 4932 2813 4998 charissime,
2846 4934 2950 4987 tuis
2999 4936 3050 4986 in
3113 4948 3211 4988 nos
3268 4934 3533 4990 conviciis

1956 5042 2059 5081 non
2084 5027 2338 5081 desistis:
2372 5024 2464 5080 sed
2526 5039 2592 5079 ne
2626 5025 2881 5087 desistas,
2934 5026 3069 5094 proh
3110 5026 3246 5082 Deos
3298 5029 3528 5083 omnes!

1956 5121 2082 5188 quia
2116 5122 2285 5174 risum
2328 5122 2458 5175 mihi
2491 5132 2709 5177 movent
2738 5138 2857 5191 quae
2887 5142 2938 5178 in
2978 5125 3083 5179 olis
3118 5126 3315 5180 titteris
3341 5128 3529 5180 dicun-

1958 5222 2065 5275 tur,
2091 5222 2145 5265 et
2179 5214 2244 5265 ad
2281 5228 2376 5267 vos
2395 5215 2724 5282 cogitatione
2750 5217 2909 5270 venio
2936 5225 2992 5270 et
3042 5218 3172 5270 mihi
3218 5219 3403 5272 videor
3437 5235 3530 5273 vos

1954 5303 2152 5372 alloqui
2186 5314 2237 5357 et
2269 5304 2476 5359 audire.
2512 5303 2743 5375 Ideoque
2786 5306 2829 5359 si
2879 5307 2972 5360 ti‘bi
3025 5321 3172 5361 cura:
3209 5315 3291 5360 est
3319 5306 3527 5361 littera-

1951 5413 2070 5451 rum
2106 5397 2279 5467 gratia
2311 5397 2328 5465 (
2357 5407 2408 5452 et
2463 5400 2694 5452 maxime
2734 5400 2861 5468 est),
2893 5398 2992 5453 feri
3041 5399 3240 5463 denuo,
3291 5399 3531 5467 mihique

1951 5491 2121 5559 magis
2144 5500 2357 5560 gratum
2384 5490 2654 5545 videbitur
2682 5506 2843 5559 quam
2863 5491 2905 5543 si
2928 5506 3010 5544 me
3026 5491 3271 5545 Croesum
3290 5493 3527 5554 faceres;

1942 5599 2163 5637 rursum
2226 5583 2526 5651 sophistam
2589 5598 2718 5637 voca
2774 5592 2826 5636 et
2866 5582 3154 5650 plausuum
3200 5594 3525 5646 amatorem,

1949 5676 2298 5743 supercilium
2333 5675 2471 5731 adde
2503 5686 2557 5729 et
2617 5674 2925 5743 superbiam
2989 5684 3043 5728 et
3101 5674 3361 5743 quidquid
3428 5675 3522 5728 tibi

1951 5766 2229 5835 placuerit.
2270 5767 2443 5838 Smpe,
2508 5781 2630 5822 cum
2691 5766 2985 5835 sophistam
3022 5765 3250 5829 diceres,
3280 5765 3526 5819 intende-
