4248 6428
691 373 826 439 2727

1987 368 2329 429 PROCUPII
2369 366 2603 423 GAZxEI

3786 357 3933 421 2728

689 483 781 534 bas
818 481 953 534 idem
992 494 1113 533 esse
1146 480 1193 530 id
1238 480 1418 532 dicere
1454 494 1515 533 ac
1561 478 1847 546 superbum
1887 491 2078 529 vocare
2110 491 2245 542 ;ego
2277 482 2319 533 Α

2385 476 2610 543 οφιστὴν
2672 471 2842 524 εἰπὼν
2900 470 3241 539 ἀπηλλάγης,
3267 470 3340 529 ὡς
3373 466 3565 519 ταυτὸν
3590 467 3647 518 ὃν
3669 466 3834 518 τιῦτο
3855 470 3941 518 εἱ-

698 588 827 625 ιύνο
860 583 1029 623 artem
1062 585 1234 624 meam
1266 587 1373 622 non
1398 569 1641 639 cjurabu.
1688 568 1837 634 Quod
1868 568 1910 620 si
1946 568 2089 620 illius
2125 583 2249 633 pru-

688 663 865 729 prium
898 664 1065 715 estin
1124 662 1431 729 superbiam
1470 660 1753 720 extollere,
1822 658 1886 710 ad
1939 666 2011 714 te.
2065 656 2249 719 credo,

689 754 923 822 pertinet
948 767 1161 820 quoque
1181 753 1314 803 artis
1334 752 1652 803 exercitium
1690 765 1704 812 ;
1740 748 1831 802 sed
1890 762 1988 817 pro
2039 756 2127 800 tua
2171 760 2251 799 re-

691 846 929 900 verentia
963 845 1169 896 tacebo.
1225 840 1387 895 Forte
1425 842 1616 894 mirum
1651 840 1702 891 in
1740 844 1953 893 modum
1981 852 2040 891 es
2073 836 2255 902 sophi-

691 948 795 998 sta,
818 945 871 988 et
899 950 1007 987 rctn
1030 933 1356 1002 experientia
1382 942 1559 984 notam
1580 932 1757 985 verbis
1784 931 1941 983 decet
1958 928 2252 982 celebrare.

691 1024 956 1078 Praterea
1013 1025 1230 1077 silentio
1288 1021 1469 1074 forsan
1506 1021 1556 1073 in
1614 1020 1809 1073 litteris
1863 1017 2135 1071 transmisi
2201 1026 2254 1068 et

689 1115 886 1183 quaeris
921 1112 1081 1166 liores
1116 1122 1169 1166 et
1200 1113 1541 1172 hirundines,
1569 1122 1623 1162 et
1654 1111 1890 1177 placidas
1915 1109 2080 1160 maris
2133 1122 2251 1158 mu-

691 1206 940 1268 tatiOnes,
969 1215 1019 1257 et
1075 1203 1364 1257 formosum
1419 1202 1687 1264 Adonida,
1719 1209 1771 1252 et
1808 1198 2137 1266 Aphroditen
2196 1196 2256 1248 il-

693 1297 796 1349 lam
822 1296 1141 1349 mirabiliter
1182 1304 1475 1354 atumitcm,
1505 1302 1559 1344 et
1586 1294 1736 1347 doles
1767 1294 1908 1358 quod
1958 1282 2254 1344 rosamnon

691 1389 846 1441 audis
884 1388 1036 1454 cujus
1097 1388 1323 1453 gratiam
1353 1385 1667 1452 jamdudum
1731 1384 1985 1445 miraris;
2019 1396 2115 1449 ego
2161 1396 2253 1430 an-

696 1478 799 1531 tt'nn
835 1479 963 1529 nihil
1016 1478 1122 1528 tale
1160 1479 1357 1538 dicant,
1383 1484 1438 1527 et
1466 1474 1763 1544 prmsertinr
1798 1474 1910 1535 tibi,
1946 1488 2011 1525 ne
2068 1484 2257 1523 rursus

693 1569 943 1623 deridens
973 1588 1052 1622 mc
1079 1568 1286 1636 pulchri
1314 1569 1555 1636 ignarum
1584 1575 1636 1617 et
1666 1564 1960 1631 sophistant
1995 1578 2172 1617 voces.

1201 1830 1290 1884 IX.
1323 1827 1712 1883 ΕΡΙΙἯΑΝΙΟ.

762 1918 959 1973 Potens
1003 1923 1148 1973 certe
1187 1933 1311 1971 eras
1348 1932 1722 1987 quemcunque
1766 1915 2023 1969 voluisses
2071 1914 2133 1966 ad
2183 1914 2257 1964 lo-

691 2012 959 2078 quendum
991 2010 1150 2063 velat]
1182 2013 1465 2064 tacendum
1536 2011 1729 2073 ciendi,
1775 2009 2013 2074 mihique
2060 2006 2259 2057 videris

693 2102 895 2169 aliquid
928 2102 1170 2170 ejusdem
1205 2101 1348 2154 modi
1385 2100 1562 2154 facere
1594 2116 1657 2155 ac
1697 2100 1904 2168 siqnis
1948 2098 2061 2167 lyra
2096 2112 2257 2165 quam

693 2196 879 2260 habet,
927 2197 1054 2261 quia
1084 2208 1145 2246 ea
1179 2195 1255 2246 uti
1298 2194 1566 2259 didicerit,
1614 2205 1703 2246 aut
1730 2207 1893 2246 sonos
1921 2191 2139 2246 eliceret
2170 2198 2261 2242 aut

694 2301 722 2337 ι
752 2286 1032 2354 pulsandis
1065 2285 1281 2337 chordis
1318 2286 1637 2346 abstineret,
1685 2286 1750 2337 ad
1795 2284 1848 2337 id
1887 2284 2026 2351 quod
2070 2282 2261 2335 melius

691 2384 972 2443 putaretur
1002 2376 1111 2428 cito
1140 2386 1386 2443 paratus,
1420 2390 1517 2428 nec
1542 2375 1837 2443 quidquam
1871 2373 2135 2427 musicum
2177 2373 2258 2424 di-

690 2476 863 2529 ceret,
897 2480 1071 2534 neque
1100 2466 1213 2533 ipse
1256 2481 1427 2533 neque
1467 2465 1583 2532 ejus
1634 2466 1773 2534 lyra.
1830 2464 1921 2518 Sic
1958 2474 2010 2516 te
2054 2472 2260 2516 tacente

690 2567 744 2607 et
768 2555 833 2608 ad
881 2570 1018 2608 nova
1070 2556 1452 2623 prospiciente,
1486 2556 1708 2608 tristitia
1751 2556 1930 2609 statim
1964 2554 2259 2621 premimur

690 2656 745 2701 et
780 2647 1004 2701 silemus
1039 2662 1136 2700 nos
1192 2646 1319 2699 olim
1355 2645 1701 2710 amicissimi,
1738 2660 1879 2698 nunc
1915 2655 2091 2696 autem
2124 2644 2261 2692 forte

692 2738 874 2790 amici.
920 2736 1026 2790 Sed
1060 2739 1199 2789 unde
1243 2736 1343 2788 hoc
1378 2736 1531 2789 dulce
1560 2737 1582 2787 ?
1610 2736 1779 2804 Leges
1818 2746 1869 2787 te
1897 2743 2090 2802 cogunt
2120 2733 2261 2783 clam

694 2828 983 2895 supercilio
1009 2841 1149 2880 esse.
1183 2827 1383 2880 Deinde
1402 2841 1467 2879 co
1502 2829 1643 2895 quod
1672 2826 1995 2894 legislatoris
2030 2833 2259 2876 meutctu

695 2918 995 2987 sumpseris
1018 2919 1200 2985 etjam
1229 2918 1591 2969 Romanorum
1632 2932 1718 2969 res
1749 2916 1845 2968 tibi
1892 2914 2125 2967 videaris
2174 2923 2261 2963 tua

693 3010 959 3063 sententia
994 3022 1202 3076 gerere,
1229 3009 1348 3061 ideo
1373 3017 1576 3059 tantum
1610 3007 1660 3057 in
1691 3005 1908 3058 modum
1964 3019 2126 3071 supra
2168 3016 2265 3053 nos

694 3098 991 3151 extolleris.
1017 3096 1121 3149 Sed
1156 3098 1199 3150 si
1234 3096 1319 3147 vix
1347 3096 1441 3148 tibi
1470 3102 1716 3163 superest
1753 3093 1991 3161 pristina:
2015 3091 2264 3142 amicitize

2354 567 2475 616 πεῖν
2503 564 2597 615 καὶ
2620 562 2853 625 ἀλαζόνα
2881 560 3132 613 καλέσαι.
3177 556 3315 624 Ἐγὼ
3348 556 3404 607 δὲ
3433 558 3531 625 την
3565 556 3703 626 ἐμὴν
3732 557 3940 623 τέχνην

2352 657 2451 707 οὒκ
2486 654 2870 724 ἀρνησαίμην*
2896 652 2945 703 εἰ
2977 650 3035 703 δὲ
3076 648 3281 714 ταύτης
3310 647 3438 699 ἴδιον
3473 646 3534 698 τὸ
3562 649 3697 716 πρὸς
3729 645 3933 706 ἀλαζο-

2355 747 2502 799 νείαν
2532 746 2796 812 ἐπαίρειν,
2823 744 2918 794 καὶ⁸
2979 740 3061 793 σοί
3109 757 3211 792 που
3246 738 3499 808 μέτεστιν
3534 735 3683 803 ἄγων
3712 735 3808 802 τῆς
3840 736 3935 786 τέο

2353 855 2487 909 χνης
2520 852 2533 865 '
2566 836 2707 889 ὥστε
2740 833 2950 886 δέδοικα
2987 831 3062 900 μὴ
3090 832 3219 899 ὅσης
3255 829 3456 897 ταύτης
3480 828 3730 896 μετέχεις
3750 842 3764 856 υ
3794 825 3936 878 ἀλλά

2352 930 2461 997 γὰρ
2483 928 2618 983 αἰδοῖ
2641 929 2707 996 τῇ
2743 926 2876 994 πρὸς
2923 924 2982 975 σὲ
3029 923 3416 991 σιωπήσομαι’
3455 918 3585 980 ἴσως
3617 916 3675 968 δὲ
3712 915 3935 984 θαυμα-

2358 1026 2481 1086 στὸς
2512 1014 2591 1081 εἷς
2626 1016 2883 1086 σοφιστὴς
2944 1015 3018 1066 ὢν
3039 1031 3053 1044 ·
3087 1015 3181 1067 καὶ
3221 1014 3281 1065 τὸ
3316 1013 3474 1081 ἔργον
3501 1010 3602 1079 ἥδη
3657 1007 3938 1075 θεώμενος

2355 1111 2471 1163 δέον
2494 1108 2879 1177 ἐκπομπεῦσαι
2909 1106 2985 1174 τῷ
3015 1106 3157 1174 λόγῳ
3178 1122 3191 1134 ο
3223 1099 3341 1155 εἶτα
3379 1101 3656 1170 παρῆλοον
3682 1101 3810 1166 σιγῇ
3841 1098 3938 1150 καί

2358 1220 2459 1254 που
2484 1202 2664 1269 ζητεῖς
2691 1202 2747 1252 ὲν
2776 1202 2886 1261 τοῖς
2930 1198 3219 1268 γράμμασι
3263 1195 3398 1264 ἄνθη
3428 1195 3521 1246 καὶ
3552 1192 3821 1262 χελιδόνος
3846 1190 3940 1242 καὶ

2358 1293 2626 1361 Θαλάττης
2680 1290 2981 1360 μεταϐολὴν
3039 1291 3269 1359 ἥμερον,
3311 1286 3402 1338 τόν
3450 1302 3509 1336 τε
3559 1284 3789 1336 Ἀδωνιν
3845 1280 3940 1332 τὸν

2357 1383 2543 1447 καλὸν,
2574 1382 2667 1433 καὶ
2700 1381 2800 1448 τὴν
2851 1379 3168 1449 Ἀφροδίτην
3202 1376 3415 1441 ἐκείνην
3457 1374 3553 1442 τὴν
3613 1368 3941 1439 παραδόξως

2359 1474 2595 1544 ἐρῶσαν.
2626 1474 2718 1525 καὶ
2740 1470 2941 1540 ὅτι’μὴ
2989 1471 3048 1522 τὸ
3093 1470 3242 1541 ῥόδον
3284 1466 3525 1526 ἀκούεις,
3567 1464 3661 1515 καὶ
3714 1461 3817 1529 τὴν
3849 1460 3939 1511 ἐπ’

2359 1563 2509 1632 αύτῷ
2539 1563 2696 1631 χάριν
2737 1560 2902 1613 πάλαι
2931 1558 3230 1628 Οανμάζεις
3258 1574 3271 1587 ·
3301 1555 3409 1624 ἐγὼ
3436 1555 3491 1606 δὲ
3520 1552 3758 1605 τοιοῦτον
3782 1550 3941 1601 οὐδὲν

2361 1659 2426 1708 ἂν
2448 1658 2660 1722 εἴποιμι
2709 1655 2801 1704 καὶ
2835 1650 3070 1718 μάλιστα
3116 1665 3186 1715 γε
3222 1648 3355 1717 πρὸς
3400 1648 3458 1699 οὲ
3489 1663 3500 1674 ·
3534 1645 3743 1713 μήποτε
3774 1640 3943 1691 πάλιν

2361 1748 2617 1815 γελάσας,
2644 1743 3007 1813 ἀπειρόκαλόν
3045 1758 3111 1808 με
3151 1740 3242 1790 καὶ
3274 1736 3533 1804 σοφιστὴν
3563 1733 3866 1803 ὀνομάσῃς.

2922 1835 2995 1885 θ’.
3021 1830 3367 1899 Eat-ramo.

2431 1930 2610 1991 Δεινδς
2646 1929 2752 1997 ἄρα
2774 1944 2854 1988 τις
2880 1920 3025 1993 ἦσοα
3056 1925 3225 1975 κινεῖν
3266 1921 3324 1972 ὃν
3352 1920 3420 1973 ἂν
3458 1918 3645 1987 ἐθέλῃς
3684 1914 3826 1985 πρὶς
3855 1912 3947 1964 λό-

2361 2042 2455 2091 γον
2466 2023 2558 2075 καὶ
2576 2020 2785 2088 σιωπήν
2805 2036 2818 2047 ·
2846 2017 2936 2069 καί
2962 2033 3051 2086 μοι
3078 2015 3248 2075 δοκεῖς
3266 2010 3643 2082 παραπλήσιόν
3667 2025 3718 2059 τι
3740 2009 3943 2067 ποιεῖν,

2360 2112 2547 2177 ὥσπερ
2577 2108 2630 2160 εἴ
2665 2125 2748 2169 τις
2787 2106 2955 2174 λύραν
2980 2104 3139 2173 ἔχων,
3175 2100 3477 2171 κεχρῆσθαι
3529 2098 3699 2166 ταύτῃ
3727 2094 3944 2164 μαθὼν,

2362 2203 2456 2256 νῦν
2480 2201 2577 2270 μὲν
2610 2197 2823 2266 ὑφαίνοι
2858 2196 3042 2266 μέλος,
3094 2193 3189 2246 νῦν
3228 2192 3282 2244 δὲ
3315 2191 3420 2244 τῶν
3446 2189 3775 2258 κρουμάτων
3809 2185 3949 2236 ἀπό-

2365 2308 2574 2361 σχοιτο·
2635 2291 2685 2340 εἰ
2737 2289 2846 2356 γάρ
2892 2303 2944 2338 τι
2988 2286 3117 2355 περί
3156 2283 3327 2337 ταῦτα
3360 2283 3606 2350 κρεῖττον
3628 2275 3944 2347 νομισθείη,

2364 2384 2522 2443 εύϐἰδς
2558 2367 2691 2450 πρὸς
2722 2379 2899 2432 ἐκεῖνό
2930 2378 2991 2444 γέ
3023 2379 3161 2436 ἐστι,
3203 2376 3295 2427 καὶ
3324 2374 3477 2426 οὐδὲν
3522 2371 3583 2424 ἂν
3616 2370 3760 2422 εἴποι
3806 2384 3945 2436 μου·

2366 2473 2536 2531 σικῦν,
2571 2470 2691 2521 οὔτε
2729 2469 2887 2531 αὐτὸς
2921 2466 3044 2521 οὔτε
3074 2469 3107 2537 ἠ
3140 2465 3309 2535 λύρα·
3360 2464 3452 2516 καὶ
3487 2461 3580 2514 σοῦ
3623 2458 3946 2519 σιωπῶντος

2364 2567 2517 2632 ἡμῖν,
2548 2561 2681 2632 πρός
2712 2560 2779 2612 τὰ
2813 2560 3096 2627 καινότερα
3123 2552 3642 2625 μεταῦεελημμένου
3675 2550 3947 2618 κατηφεῖς

2365 2654 2526 2713 εὐθύς
2550 2669 2562 2683 ο
2615 2652 2711 2702 καὶ
2768 2648 3083 2713 σιωπῶντες
3128 2647 3175 2697 οἱ
3218 2643 3385 2695 παλαι
3421 2641 3519 2710 μὲν
3544 2638 3812 2706 φίλτατοι,
3848 2634 3949 2686 νῦν

2364 2746 2419 2797 δὲ
2448 2746 2575 2805 ἴσως
2607 2741 2749 2809 φίλοι
2775 2756 2787 2768 '
2816 2738 2928 2791 ἀλλ’
2966 2736 3063 2807 ἡδύ
3124 2735 3287 2788 ποθεν
3318 2734 3379 2785 τὸ
3407 2733 3640 2801 πρᾶγμα
3660 2747 3673 2759 ο
3707 2730 3755 2781 οἱ
3786 2729 3949 2795 νόμοι

2368 2854 2424 2888 σε
2448 2829 2889 2904 παρασκευάζειν
2945 2828 3262 2897 ἠνάγκασαν
3314 2824 3508 2893 σεμνὸν
3553 2824 3673 2884 ταῖς
3710 2820 3950 2888 ὀφρύσιν

2365 2926 2638 2980 ἀνέλκειν³
2673 2918 2792 2974 εἶτα
2831 2920 3086 2989 φρόνημα
3115 2916 3405 2986 νομοθέτου
3429 2912 3631 2973 λαὸὼν,
3662 2912 3754 2963 καὶ
3782 2909 3947 2974 δόξας

2366 3017 2465 3085 ἠδη
2488 3016 2554 3066 τὰ
2596 3014 2883 3082 Ῥωμαίων
2946 3012 3098 3077 ἄγειν
3148 3011 3214 3078 τῇ
3261 3008 3448 3085 ψήφῳ,
3496 3001 3747 3055 τοσοῦτον
3785 2999 3951 3069 ἡμῶν

2368 3082 2737 3173 κατεπήρϐης.
2806 3101 2945 3154 Ἀλλ’
3007 3098 3193 3166 ἐπειδὴ
3232 3114 3290 3149 σε
3326 3082 3479 3164 μόλις
3516 3091 3811 3161 ὑπεισῆλθε
3842 3089 3950 3155 τῆς

699 3189 836 3240 ratio
856 3198 947 3239 aut
975 3186 1257 3248 memoria,
1283 3187 1483 3238 utinam
1504 3186 1630 3237 olim
1661 3185 1712 3237 id
1741 3185 1980 3237 evenerit
2004 3183 2015 3234 !
2046 3181 2266 3249 Egoau-
2292 3162 2328 3217 (ἶ

2385 3162 2603 3253 παλαιᾶς
2645 3162 2930 3259 συνηθείας
2960 3187 3115 3253 λόγος
3170 3162 3264 3237 καὶ
3296 3162 3506 3252 μνήμη,
3563 3180 3671 3232 εἴθε
3706 3179 3807 3248 μὲν
3850 3177 3953 3229 καὶ

698 3279 908 3344 tetnqni
939 3288 1041 3331 tua:
1069 3277 1259 3345 lingua:
1284 3281 1607 3329 suavitatem
1626 3291 1730 3327 una
1755 3273 2267 3328 cumhirundiuibus

695 3370 896 3432 audivi,
937 3377 1113 3423 mente
1136 3369 1387 3433 extollar,
1409 3367 1849 3435 splendidiorque
1904 3364 1984 3418 sol
2015 3363 2144 3416 mihi
2185 3368 2266 3415 ln-

698 3474 826 3515 ccre
856 3461 1087 3522 videtur,
1116 3472 1165 3512 et
1193 3474 1339 3511 nune
1364 3460 1635 3511 mihivere
1665 3462 1817 3510 adest
1845 3470 1937 3508 ver
1969 3472 1983 3520 ;
2017 3457 2109 3507 sed
2136 3454 2264 3506 mihi

695 3549 772 3601 sis
805 3563 1017 3615 semper
1051 3549 1336 3614 benignus,
1366 3562 1464 3600 nec
1504 3546 1735 3615 amplius
1765 3548 1830 3601 ad
1870 3560 1954 3599 tne
2016 3546 2266 3607 infestus,

696 3638 987 3693 obliviosos
1018 3653 1286 3703 amorum,
1326 3639 1529 3692 venias.

1307 3810 1346 3863 X
1368 3850 1380 3863 .
1415 3809 1723 3865 SOSIA-NO.

768 3903 869 3967 Qui
911 3902 1219 3959 divitiarum
1260 3916 1342 3958 est
1374 3922 1582 3968 amans,
1616 3906 1748 3958 nihil
1794 3904 2013 3971 iucundi
2050 3904 2151 3956 nisi
2192 3905 2256 3956 de

700 3994 806 4049 illis
868 3994 1106 4063 loquitur
1182 4004 1274 4049 aut
1329 3996 1463 4050 alios
1491 3997 1640 4050 audit
1678 3997 1960 4067 loquentes
2002 4015 2015 4050 :
2052 3996 2195 4065 quod
2222 3997 2265 4049 si

702 4086 774 4139 illi
822 4102 1011 4140 autum
1062 4085 1278 4150 ol'l'eras,
1312 4088 1532 4141 honoris
1564 4087 1736 4142 oﬂicia
1785 4090 1834 4142 ei
1882 4098 2099 4157 praestat
2141 4106 2155 4142 :
2191 4088 2269 4141 sic

699 4176 918 4244 quoque
961 4177 1014 4229 in
1055 4181 1221 4228 armis
1272 4178 1363 4244 qui
1409 4177 1687 4245 egregium
1746 4188 1956 4231 scutum
2030 4178 2266 4246 accepit,

699 4265 751 4316 id
781 4265 961 4333 magni
998 4275 1206 4332 pensat,
1240 4274 1296 4318 et
1336 4267 1439 4319 huc
1488 4267 1614 4319 illuc
1650 4266 2062 4326 circumferens,
2099 4266 2269 4331 magis

697 4353 869 4407 Marte
902 4357 1173 4423 impletur.
1202 4356 1345 4424 Viro;
1370 4365 1548 4409 autem
1584 4356 1724 4409 bono
1748 4356 1875 4424 quid
1904 4353 2110 4408 faciens
2145 4370 2269 4422 gra-

2368 3285 2533 3337 πάλαι
2572 3283 2759 3350 γέγονε
2782 3279 2940 3332 τοῦτο
2963 3294 2974 3306 ·
3008 3280 3035 3329 ὁ
3068 3278 3167 3345 μέν
3186 3293 3247 3342 γε
3267 3275 3360 3343 τῆς
3398 3273 3493 3342 σῆς
3521 3271 3765 3339 γλώττης
3804 3268 3949 3336 μετὰ

2365 3376 2473 3427 τῶν
2496 3373 2775 3443 χελιδόνων
2804 3371 2898 3440 ἡδύ
2941 3387 2989 3421 τι
3046 3368 3426 3437 φθεγγομένης
3466 3363 3732 3423 ἀκούσας,
3790 3361 3949 3412 διανέ

2371 3468 2591 3534 ίσταμαι
2625 3466 2688 3531 τῇ
2714 3462 2859 3531 ψυχῇ
2886 3477 2897 3489 ·
2940 3460 3032 3512 καὶ
3086 3455 3467 3525 λαμπρότερόν
3512 3470 3601 3521 μοι
3662 3452 3751 3503 τὸν
3790 3451 3952 3517 ἥλιον

2368 3554 2725 3624 προσϐάλλειν
2751 3550 2891 3603 δοκῶ
2916 3568 2929 3579 ·
2970 3551 3063 3601 καὶ
3103 3547 3198 3600 νῦν
3236 3547 3405 3606 ὅντως
3457 3544 3554 3611 ἔαρ
3586 3542 3728 3610 ὲμοί.
3778 3541 3951 3592 Ἀλλὰ

2369 3651 2546 3714 γένοιο
2572 3645 2753 3696 λοιπὸν
2775 3646 2907 3711 ἡμῖν
2929 3641 3182 3709 εὐμενὴς,
3208 3639 3303 3691 καὶ
3344 3636 3539 3708 μηκέτ’
3583 3636 3743 3704 ἔλθῃς
3783 3632 3952 3685 πολε-

2372 3739 2529 3809 μιῶν,
2562 3735 2778 3808 ἐρώτων
2810 3737 2887 3797 εἰς
2905 3732 3093 3800 λήθην.

2958 3825 3011 3876 ιν.
3048 3821 3360 3891 sommo.

2442 3920 2509 3974 Εἴ
2532 3937 2613 3982 τις
2634 3917 2931 3989 χρημάτων
2959 3916 3105 3968 ἐστὶν
3131 3913 3389 3983 ἐραστὴς,
3429 3911 3582 3965 οὐδὲν
3611 3912 3677 3961 ἂν
3704 3908 3879 3977 ἡδέως
3912 3908 3951 3975 ἢ

2370 4014 2541 4066 ταῦτα
2576 4012 2744 4079 λέγοι,
2778 4011 2873 4063 καὶ¹
2919 4007 3185 4073 λεγόντων
3238 4004 3413 4058 ἄλλων
3454 4001 3772 4056 ἀκούσειεν·
3815 4001 3862 4051 εί
3895 3999 3957 4051 δὲ

2372 4106 2465 4157 καὶ
2504 4100 2700 4171 χρυσὸν
2749 4099 2896 4165 ἄγων
2940 4096 3265 4166 παράσχοις,
3310 4093 3422 4162 ἔχει
3460 4093 3526 4145 τὰ
3583 4092 3714 4159 παρ’
3753 4087 3960 4156 ἐκείνῳ

2370 4190 2535 4259 τιμῆς
2555 4205 2567 4217 ·
2597 4187 2769 4249 οὓτως
2781 4186 2836 4237 δὲ
2852 4186 2909 4237 ὲν
2934 4184 3118 4245 ὅπλοις
3145 4180 3212 4233 τὰ
3244 4181 3545 4251 πράγματα
3575 4178 3747 4247 καλὴν
3775 4177 3959 4237 οὕτως

2371 4278 2571 4332 ἀσπίδα
2600 4276 2781 4329 λαϐὼν
2820 4274 3089 4344 ἐφρόνησέ
3145 4290 3198 4325 τι
3235 4273 3398 4341 μέγα,
3430 4273 3521 4321 καὶ
3564 4269 3688 4338 τῇδε
3720 4270 3958 4319 κάκεῖσε

2373 4366 2683 4436 περιφέρων
2714 4365 2775 4416 τὸ
2804 4365 2987 4434 κτῆμα
3025 4361 3324 4431 πληροῦται
3359 4360 3558 4430 μᾶλλον
3587 4358 3681 4410 τοῦ
3714 4359 3957 4427 Ἄρεως,

699 4457 785 4499 tus
847 4446 957 4499 eris
988 4446 1160 4513 magis
1195 4446 1297 4498 nisi
1357 4446 1562 4499 similes
1619 4446 1721 4498 sibi
1786 4446 1935 4497 viros
1995 4444 2266 4497 videndos
2303 4493 2328 4545 ί

2385 4460 2565 4528 Ἀνδρὶ
2594 4459 2648 4510 δὲ
2686 4456 2877 4526 ἀγαθῷ
2939 4456 2993 4507 τί
3034 4457 3288 4523 πράττων
3340 4452 3405 4505 ἄν
3451 4470 3535 4515 τις
3598 4450 3891 4519 χαρίσαιτο
3924 4448 3959 4515 ἦ

699 4535 965 4592 oderens?
1014 4536 1218 4604 Itaque,
1248 4545 1301 4590 te
1350 4538 1530 4591 sciens
1567 4537 1873 4603 hujusmodi
1903 4545 1959 4589 et
1999 4550 2119 4590 esse
2171 4550 2267 4587 na-

704 4640 813 4681 tum
868 4637 923 4682 et
988 4627 1101 4680 ﬁeri
1160 4628 1334 4691 velle,
1367 4644 1471 4681 non
1527 4638 1733 4681 rectum
1795 4628 2094 4681 arbitratus
2150 4640 2269 4680 sum

702 4720 796 4772 tibi
874 4732 994 4772 esse
1048 4720 1285 4787 ignotum
1353 4718 1734 4772 scholasticum
1802 4718 2114 4780 Diodorum,
2175 4717 2269 4771 sed

699 4826 822 4863 cum
864 4814 929 4862 ad
966 4820 1017 4862 te
1048 4812 1202 4862 mitto
1231 4821 1285 4863 et
1311 4811 1404 4863 tibi
1435 4811 1499 4864 do
1562 4810 1641 4881 (tu
1673 4812 1843 4873 illum,
1885 4811 1973 4864 ille
2004 4809 2101 4879 te),
2130 4810 2267 4863 utri-

702 4916 805 4967 que
839 4912 1076 4953 vestrum
1101 4912 1311 4969 gratum
1369 4902 1547 4954 facere
1594 4904 1938 4965 existimans,
1968 4902 2011 4955 si
2048 4902 2276 4953 invicem

709 4991 1041 5058 experientia
1095 5008 1189 5045 vos
1261 4994 1653 5060 cognoreritis;
1709 5004 1933 5060 uterque
1981 4996 2142 5047 etiam
2197 5008 2283 5046 me

706 5082 942 5136 laudabit
967 5084 1142 5137 sciens
1192 5085 1373 5153 qualia
1439 5086 1631 5137 amicis
1664 5087 1897 5153 prtebeo.

1292 5264 1381 5320 XI.
1421 5262 1692 5319 JOANNI.

776 5354 1259 5423 Eloquentissimus
1334 5356 1599 5411 Diodorus
1649 5357 1923 5411 silentium
1993 5358 2133 5411 inter
2182 5371 2279 5410 nos

705 5446 896 5508 solvet,
933 5455 986 5499 et
1015 5460 1043 5497 a
1096 5456 1147 5500 te
1180 5448 1454 5513 postulans
1503 5458 1559 5501 ut
1605 5450 1815 5503 scribas
1856 5460 1911 5503 et
1939 5463 2087 5503 meas
2115 5450 2180 5501 ad
2234 5460 2283 5501 te

707 5536 932 5589 reddens
985 5536 1220 5590 litteras:
1256 5539 1345 5591 ille
1376 5540 1519 5592 enim
1550 5549 1631 5594 est
1658 5537 1793 5593 mihi
1822 5540 2032 5593 amicus
2063 5581 2076 5604 ,
2106 5549 2182 5603 et,
2220 5550 2272 5590 te

706 5637 988 5698 antequam
1042 5631 1259 5695 viderit,
1329 5632 1579 5687 amabat:
1641 5634 1810 5687 nostri
1860 5634 2059 5686 etenim
2118 5632 2186 5687 de
2229 5645 2328 5686 te-

706 5735 983 5776 scriuones
1012 5725 1077 5777 ad
1140 5734 1189 5779 te
1254 5726 1539 5780 videndum
1585 5725 1823 5784 excitant
1860 5742 2121 5781 antorem.
2181 5724 2275 5777 Vir

2380 4550 2796 4622 παραπλησίους
2829 4549 3027 4618 ἄνδρας
3055 4546 3310 4615 παρέχων
3357 4544 3515 4604 ίδεῖν;
3554 4542 3719 4594 Ὅθεν
3745 4557 3805 4592 σε
3841 4557 3963 4591 τοι·

2378 4643 2535 4698 οὓτον
2569 4642 2725 4703 είδὼς
2760 4640 2855 4692 καὶ
2902 4638 3164 4706 γεγονότα
3191 4637 3283 4688 καὶ
3323 4630 3465 4688 εἶναι
3497 4633 3843 4702 βουλόμενον,
3864 4631 3966 4681 τὶν

2382 4731 2733 4803 σχολαστικὸν
2759 4729 3020 4798 Διόδωρον
3073 4728 3288 4794 ἀγνοεῖν
3318 4723 3378 4776 οὖ
3436 4740 3526 4793 μοι
3554 4721 3764 4790 πρέπον
3795 4719 3964 4787 ὲφαί-

2382 4841 2521 4888 νετο,
2551 4822 2664 4875 ἀλλ’
2702 4823 2820 4884 ἄγω
2857 4820 2952 4870 καὶ
2980 4817 3194 4886 δίδωμι,
3228 4818 3293 4868 σὺ
3342 4815 3441 4885 μὲν
3476 4815 3704 4876 ἐκεῖνον,
3746 4814 3969 4873 ἐκεῖνος

2381 4916 2439 4967 δὲ
2475 4914 2533 4965 σέ
2561 4913 2932 4981 ’ἀμφότερον
2967 4910 3095 4977 ὑμῖν
3144 4908 3379 4976 νομίζων
3416 4902 3746 4975 χαριεῖσθαι,
3784 4904 3835 4971 εἰ
3867 4902 3971 4954 ἀλ-

2382 5008 2558 5076 λήλων
2613 5007 2671 5056 ἐν
2728 5004 2896 5073 πείρα
2946 5001 3280 5071 γενήσεσθε’
3330 4999 3608 5053 ἐπαινέσει
3637 4997 3693 5049 δέ
3722 5012 3792 5064 με
3824 4996 3971 5047 πάν-

2384 5114 2489 5157 τως
2534 5095 2815 5163 ἑκάτερος,
2867 5088 2956 5146 οἷα
3001 5094 3112 5155 τοῖς
3163 5092 3334 5159 φίλοις
3394 5089 3673 5159 προξενεῖν
3724 5087 3971 5139 ἐπιστά-

2389 5198 2567 5249 μενος.
2638 5180 2658 5193 ’

2953 5270 3055 5321 lA'.
3105 5269 3389 5340 toANNn.

2472 5362 2527 5415 '0
2556 5359 2882 5430 λογιώτατος
2900 5360 3161 5429 Διόδωρος
3181 5360 3334 5422 λύσις
3361 5362 3496 5431 ἡμῖν
3525 5358 3666 5413 ἔστω
3694 5359 3795 5428 τῆς
3824 5361 3974 5427 πρὸς

2388 5454 2651 5523 ἀλλήλους
2684 5453 2842 5521 σιγῆς
2867 5470 2881 5483 ·
2920 5453 3014 5507 καὶ
3054 5457 3111 5505 σὲ
3154 5455 3392 5523 γράφειν
3454 5452 3717 5513 ἐπαιτῶν.
3753 5450 3855 5505 καὶ
3898 5456 3973 5508 τὰ

2387 5546 2515 5614 παρ’
2544 5543 2700 5614 ἡμῶν
2729 5560 2813 5594 σοι
2840 5542 3013 5606 διδούς
3035 5561 3047 5573 ·
3091 5544 3243 5615 φίλος
3289 5544 3388 5614 μὲν
3434 5544 3541 5615 ΥῘΡ
3589 5535 3751 5610 ’τίυὸ
3787 5543 3927 5610 tm
3951 5558 3969 5573 ’

2385 5638 2485 5704 ἤδη
2513 5634 2569 5687 δὲ
2592 5636 2723 5708 πρὶν
2757 5634 2891 5693 lustr
2921 5635 3015 5691 καὶ
3044 5635 3134 5700 σος
3160 5632 3399 5706 ἐραστὴς
3424 5635 3751 5709 ἐτύγχανεν
3791 5633 3979 5709 ατὰρ

2386 5727 2449 5789 ἒξ
2474 5726 2639 5796 ἡμῶν
2681 5726 2830 5795 λόγοι
2877 5727 2947 5782 τά
2996 5727 3128 5795 περῖ
3165 5726 3260 5782 σοῦ
3312 5726 3664 5796 Simeonem.
3692 5726 3841 5796 πρὸς
3866 5728 3980 5797 τὴν
