4248 6428
296 412 439 477 2⁵ῖ29

1732 412 2133 474 ΕΡΙὸΤΟῐΑΕ.

3411 408 3551 475 2730

299 525 432 575 θέαν
460 521 672 573 ἐπιοῦσι
696 520 786 572 τὸν
815 519 993 590 ἔρωτα
1014 536 1025 551 ·
1082 522 1109 572 ὁ
1138 520 1254 588 ⁴γὰρ
1290 520 1425 589 ἀνὴρ
1474 521 1731 591 ἐρωτικόε
1762 525 1875 573 ἐστι
1909 527 1949 581 Α

1870 527 1949 581 ιΑ
1983 522 2069 574 ille
2114 521 2450 590 egregiorum
2493 536 2682 574 amans
2719 530 2770 573 ct
2817 519 2987 571 honos
3035 518 3222 573 sedulo
3272 520 3547 586 inquirens

298 610 411 662 τῶν
462 610 674 673 καλῶν,
727 610 819 660 καὶ
878 608 1328 678 πολυπραγμονεῖ
1381 612 1505 672 τοὺς
1562 611 1872 678 χρηστούς·

301 702 494 769 ὥσπερ
521 699 710 760 δεδιὼς
742 700 963 769 μήποτέ
999 716 1079 761 τις
1117 699 1352 759 τοιοῦτος
1381 699 1454 751 ὢν
1477 701 1717 753 διαλάθοι
1740 717 1753 729 '
1787 702 1880 752 καὶ

301 794 355 843 τί
383 807 464 842 σοι
490 790 557 841 τὰ
588 792 719 857 περὶ
757 788 945 840 τούτου
970 788 1147 852 λέγειν
1185 807 1249 857 με
1285 789 1394 851 δεῖς
1434 790 1651 853 Πάντως
1681 793 1789 859 γὰρ
1813 792 1878 858 τῇ

304 881 472 949 πείρᾳ
500 877 659 931 τοῦτο
690 876 900 946 μαθὼν,
954 876 1162 930 ἐλάττω
1219 880 1465 946 νομίσεις
1495 879 1586 929 τὸν
1621 880 1839 931 ἔπαινον
1863 895 1876 905 ·

305 973 400 1023 καὶ
430 969 631 1038 ἀσθενῆ
665 969 764 1037 μὲν
790 968 1074 1030 καλέσειας
1110 970 1337 1039 ῥήτορα,
1368 969 1443 1030 ὡς
1479 969 1599 1021 οὐδὲ
1626 970 1691 1021 τὰ
1721 986 1882 1037 προσ-

303 1060 435 1115 όντα
460 1060 639 1126 λέγειν
660 1058 981 1128 δυνάμενον.
1086 1112 1096 1119 ,

885 1150 980 1202 ur.
1008 1151 1306 1220 ΔΙυΔΩΡῼ.

379 1242 551 1296 Τοῦτο
598 1242 773 1294 ἐκεῖνο
817 1241 845 1293 ὃ
901 1241 996 1294 καὶ
1055 1242 1421 1312 προσδοκῶντί
1485 1261 1571 1312 μοι
1620 1244 1878 1311 γέγονεν⁹

303 1337 465 1407 ᾤμην
498 1338 607 1405 γὰρ
641 1337 802 1396 εὐθὺς
828 1334 901 1395 ὡς
929 1336 1105 1387 ἐκεῖσε
1138 1336 1427 1402 γενόμενος
1452 1334 1725 1405 ἀρχόντων
1748 1336 1881 1406 όρᾷν

308 1428 481 1499 βῆμα.
516 1428 608 1481 καὶ
634 1427 878 1497 ρητόρων
906 1428 1084 1496 χορὸν,
1116 1429 1209 1478 καὶ
1247 1425 1582 1494 προσφύγων
1624 1427 1719 1495 οὐχ
1752 1429 1881 1481 ἐπό-

309 1537 493 1587 μενον,
520 1519 778 1589 πληθήσῃ
809 1518 909 1589 μὲν
935 1519 1131 1570 αὐτίκα
1166 1520 1509 1587 φρονήματος
1530 1534 1543 1547 ·
1572 1519 1674 1573 κᾶν
1703 1519 1881 1573 λαλεῖν

302 1627 391 1671 τις
424 1609 604 1681 ἐθέλῃ,
662 1609 820 1678 μόνον
845 1610 943 1661 οὐκ
988 1609 1152 1681 ἀνέξῃ
1186 1610 1280 1662 τοῦ
1310 1611 1586 1679 λέγοντοςο
1612 1611 1768 1681 ἡμῶν
1826 1611 1881 1663 δὲ

303 1700 462 1769 λόγος
494 1700 643 1753 ἔσται
676 1699 879 1772 βραχύς
900 1718 912 1732 ·
974 1703 1068 1754 καὶ
1117 1702 1171 1754 τί
1202 1720 1294 1769 μοι
1331 1705 1456 1765 τοὺς
1492 1705 1549 1757 ἐν
1583 1704 1757 1773 σκότῳ
1793 1721 1881 1757 κε-

306 1793 662 1861 κρυμμένους
727 1795 967 1857 ἐκείνους
1029 1794 1201 1859 λέξεις
1257 1795 1429 1864 δήπου
1494 1796 1711 1857 πάντως
1755 1797 1881 1865 περὶ

1983 628 2047 664 tte
2080 615 2201 680 quis
2252 614 2419 665 bonus
2452 612 2542 664 libi
2599 613 2671 664 sit
2713 614 2924 679 ignotus
2948 650 2961 664 .
3017 610 3122 663 Sed
3163 626 3329 678 quare
3364 615 3429 665 de
3462 613 3549 664 iIIu

1982 702 2077 754 tibi
2151 702 2431 755 dicerem?
2471 716 2591 754 nam
2644 702 2975 770 experientia
3037 702 3235 753 doctus
3309 702 3545 770 pejort‘ttt

1977 792 2249 859 jndicares
2275 795 2483 846 Iaudem
2529 805 2579 846 et
2615 807 2698 846 me
2727 794 2999 846 inﬁrmum
3028 807 3250 847 vocares
3280 803 3549 847 oratorem

1981 884 2070 951 qni
2118 894 2170 936 et
2199 887 2432 951 amplius
2497 896 2703 948 essent,
2736 885 2918 939 dicere
2974 901 3080 941 non
3109 885 3445 952 potuissem.

2530 1142 2642 1200 XII.
2707 1142 3028 1197 DIODORO.

2053 1238 2185 1292 Illud
2210 1236 2341 1290 mihi
2404 1237 2545 1303 quod
2588 1236 2937 1302 prmvideram
2994 1234 3223 1289 accidit:
3277 1234 3553 1287 existima-

1985 1332 2106 1384 bam
2162 1327 2329 1391 enim,
2394 1325 2555 1379 simul
2608 1341 2671 1379 ac
2748 1326 2873 1379 illuc
2925 1326 3208 1379 deveneris
3249 1326 3557 1391 \‘itlu'rismtc

1985 1421 2291 1488 principum
2336 1417 2586 1481 tribunal,
2644 1418 2915 1470 rhetorum
2960 1419 3182 1470 chorum
3251 1417 3555 1469 clientium-

1983 1528 2088 1583 que
2125 1528 2230 1565 non
2282 1518 2618 1579 sequentem,
2656 1518 2705 1563 te
2730 1510 2911 1563 statim
2975 1508 3225 1576 superbia
3293 1521 3414 1561 esse
3473 1523 3556 1558 re-

1986 1606 2256 1668 plendum,
2290 1611 2366 1665 et,
2401 1602 2443 1653 si
2471 1602 2592 1668 quis
2622 1600 2687 1653 ad
2717 1610 2769 1654 te
2800 1598 2941 1668 loqui
2968 1600 3217 1660 volueril,
3251 1598 3555 1666 loquentem

1986 1707 2090 1745 non
2111 1705 2232 1744 esse
2254 1704 2540 1759 passurum
2571 1722 2585 1738 .
2621 1685 2813 1741 Sermo
2827 1699 3003 1741 autem
3037 1700 3190 1739 meus
3209 1687 3387 1740 brevis
3412 1686 3511 1739 erit
3540 1702 3553 1736 :

1985 1791 2040 1833 et
2080 1781 2207 1846 qttid
2263 1779 2391 1831 mihi
2447 1778 2584 1832 dicis
2638 1777 2756 1830 illos
2802 1776 2853 1829 in
2896 1778 3135 1831 tenebris
3164 1774 3559 1829 absconditos?

275 1950 282 1957 _
305 1883 501 1952 ἡμῶνς
529 1883 589 1934 El
616 1883 672 1935 δὲ
701 1884 875 1952 χαμαὶ
901 1884 1214 1953 ἐρχομένοις
1227 1884 1564 1954 προσείποις,
1586 1885 1707 1937 οὐδὲ
1727 1885 1883 1937 τοῦτο
1916 1869 1952 1923 Β

1875 1905 1883 1935 ,
1916 1869 1954 1923 Β
1985 1871 2029 1924 si
2078 1878 2256 1923 autem
2292 1869 2438 1922 humi
2470 1867 2807 1922 ambulantes
2843 1867 3044 1921 salutes
3067 1907 3081 1930 ,
3112 1868 3159 1920 id
3220 1884 3323 1921 non
3362 1868 3552 1921 mirer:

306 1975 691 2043 θαυμάσαιμ’
735 1976 797 2027 τὸ
848 1974 982 2028 αὐτὸ
1032 1976 1125 2029 καὶ
1177 1975 1641 2046 προσεδόκωνκαὶ
1689 1977 1880 2044 γέγονε

303 2065 467 2119 τοῦτο
503 2064 749 2118 τῶνκαθ’
772 2065 914 2136 ὑμᾶς
947 2066 1193 2137 ρητόρων
1241 2066 1303 2119 τὸ
1335 2069 1587 2137 φρόνημα
1610 2085 1623 2100 ο
1655 2068 1725 2131 οἳ,
1757 2069 1883 2132 τοὺς

305 2156 500 2218 ἄλλους
540 2156 863 2227 πρόσφυγας
886 2155 1113 2209 καλοῦσι
1144 2159 1237 2212 καὶ
1258 2159 1327 2211 τὰ
1351 2159 1472 2211 καθ’
1499 2160 1724 2221 ἐαυτούς
1747 2158 1883 2212 ἀπο-

308 2250 710 2319 μιμνήσκοντες
767 2247 1106 2318 πράγματα·
1168 2250 1261 2303 καὶ
1317 2249 1412 2303 νῦν
1462 2251 1639 2312 δοκεῖς
1697 2249 1883 2317 φίλους

304 2343 455 2409 ἡμᾶς
485 2341 755 2410 εἰρῆσθαι,
786 2341 848 2393 τὸ
877 2342 1142 2411 πρότερον
1174 2343 1271 2395 οὐκ
1297 2344 1422 2410 ἄξια
1445 2344 1657 2413 κρίνας,
1691 2340 1881 2413 ὥσπερ

306 2432 475 2494 εἰκὸς,
509 2431 626 2483 ἀλλ’
663 2433 744 2485 ὅτι
788 2433 1112 2503 κρειττόνων
1174 2435 1400 2504 ἀπορίᾳ,
1454 2437 1566 2497 τοῖς
1618 2434 1883 2505 παροῦσιν

306 2524 528 2593 ἐχρήσω
559 2538 573 2551 ·
605 2524 698 2575 καὶ
750 2524 1047 2593 μεταμέλει
1099 2542 1180 2577 σοι
1232 2526 1430 2586 παντὸς
1463 2526 1557 2578 τοῦ
1589 2526 1801 2596 χρόνου,
1825 2525 1885 2578 ὃν

308 2614 441 2684 παρ’
481 2616 612 2684 ἡμῖν
642 2615 875 2679 ἀναξίως
898 2616 1167 2683 διέτριϐες
1193 2631 1205 2643 ’
1242 2619 1334 2668 καὶ
1376 2615 1471 2669 νῦν
1507 2616 1719 2671 δέδοικα
1751 2620 1885 2688 γρά-

308 2721 425 2772 φων
464 2706 537 2774 μὴ
570 2705 704 2773 πρὸς
728 2706 826 2776 τὴν
852 2708 982 2775 παρ’
1016 2706 1173 2775 ήμῶν
1207 2706 1540 2779 δυσχεράνῃς
1570 2710 1882 2781 ἐπιστολήνο

308 2795 422 2864 ἐγὼ
467 2797 523 2847 δέ
565 2812 623 2848 σε
655 2796 835 2859 καλῶς
882 2797 1143 2867 πράττειν
1203 2798 1469 2868 εὐξαίμην
1495 2816 1507 2829 ·
1539 2800 1641 2853 κᾶν
1658 2800 1753 2872 δέῃ
1779 2802 1885 2857 πά-

307 2888 393 2940 λιν
424 2889 903 2957 καταφρονεῖσθαι,
926 2889 1168 2961 λυπηρὸν
1193 2890 1314 2960 μὲν,
1331 2892 1548 2959 οἴσομεν
1562 2890 1607 2942 δ’
1626 2887 1719 2944 οὗν
1738 2892 1884 2962 ὅμως

308 2982 377 3052 τῇ
413 2983 479 3051 σῇ
514 2980 653 3051 τύχῃ
686 2981 1202 3052 παραμυθούμενοι.

630 3074 728 3128 II".
772 3074 1076 3144 ΖΑΧΑΡΙᾼ
1112 3075 1233 3127 ΚΑΙ
1263 3073 1567 3146 autumo.

381 3167 496 3235 Τῆς
528 3166 626 3237 μὲν
647 3165 1025 3237 προλαὸούσης
1060 3168 1271 3237 σιωπῆς
1296 3168 1393 3237 τὴν
1417 3168 1595 3222 αἰτίαν
1620 3171 1649 3221 ὁ
1680 3167 1885 3239 χειμὼν
1915 3206 1957 3263 c

309 3258 671 3329 ἁποφερέσθω
695 3258 763 3311 τὰ
788 3257 1015 3310 εἰωθότα
1054 3257 1272 3311 λυπῶν·
1333 3260 1431 3329 τῆς
1460 3258 1504 3313 δ’
1532 3259 1805 3325 ἐντεῦθεν,
1837 3259 1890 3311 εἴ

309 3367 394 3413 τις
418 3351 527 3420 ἄρα
556 3351 648 3402 καὶ
674 3348 909 3416 γένοιτο,
941 3350 1097 3415 ὑμεῖς
1128 3348 1193 3402 ἂν
1230 3350 1457 3413 εἰκότως
1505 3351 1758 3421 ὑπέχοιτε
1787 3351 1885 3415 τὰς

312 3440 543 3501 εὐθύνας
568 3458 580 3471 ·
641 3438 819 3491 καίτοι
870 3454 933 3506 γε
964 3437 1148 3508 ήλίκον
1191 3441 1303 3502 τοῖς
1347 3439 1611 3493 παθοῦσιν
1652 3442 1886 3511 πρᾶγμα

311 3529 421 3582 τῶν
446 3528 651 3581 παίδων
684 3526 881 3598 ήσιγὴ,
912 3527 1029 3588 πῶς
1057 3527 1122 3581 ἄν
1178 3545 1261 3591 τις
1302 3531 1656 3600 παραστῆσαι
1676 3534 1788 3593 τοῖς
1809 3532 1883 3603 μὴ

313 3622 450 3691 πρὸς
511 3621 706 3689 πεῖραν
750 3617 997 3671 ἐλθοῦσιν
1047 3618 1143 3671 τοῦ
1193 3620 1548 3689 πράγματος
1595 3622 1786 3691 Ὑμεῖς
1838 3622 1885 3675 δ’

316 3713 379 3765 ἂν
403 3711 630 3780 εἰδείητε
684 3710 903 3773 πάντως
944 3728 1059 3772 πως
1111 3712 1254 3777 φίλοι
1314 3712 1649 3777 διατεθέντες
1693 3718 1885 3784 ἐρωτι-

312 3803 423 3865 κῶς
451 3819 464 3833 .
498 3807 559 3854 οὐ
585 3803 693 3873 γὰρ
710 3801 774 3856 ἂν
797 3800 1051 3854 τοσοῦτον
1099 3803 1455 3872 φρονήσαιμι,
1497 3804 1573 3866 ὼς
1604 3806 1695 3857 καὶ
1725 3806 1884 3869 αὐτὸς

310 3893 519 3947 οἴεσθαι
551 3894 679 3963 παρ’
713 3892 866 3962 ὑμῶν
900 3892 1261 3960 ἀντερᾶσθαι·
1305 3893 1480 3944 καίτοι
1508 3894 1772 3963 εὐξαίμην
1794 3894 1887 3948 οὐν

318 4002 407 4054 μοι
440 3983 602 4037 τοῦτο
630 3982 887 4051 γενέσθαι
911 3982 1153 4051 μᾶλλονῆ
1184 3981 1361 4051 πολλῴ
1392 3985 1567 4054 κομᾷν
1598 3984 1674 4053 τῷ
1702 3987 1887 4055 χρυσῷ

314 4076 406 4129 καὶ
436 4074 750 4145 ἡστινοσοῦν
775 4074 942 4144 τύχης
1002 4077 1081 4136 εἰς
1129 4076 1296 4144 ἄκρον
1336 4075 1561 4144 ἁφίχθαι
1584 4094 1596 4106 υ
1620 4075 1743 4129 οὐτε
1779 4078 1886 4148 γὰρ

312 4168 376 4220 ἂν
405 4168 633 4229 ἕκαστος
691 4166 956 4236 ρξθυμεῖν
1007 4166 1106 4218 οὐκ
1139 4167 1277 4235 ἔχων
1326 4166 1414 4219 διὰ
1439 4169 1528 4220 τὸν
1552 4168 1715 4220 πόθον
1750 4168 1885 4237 ἐμοῦ

314 4262 531 4321 πάντως
586 4258 651 4312 ἂν
707 4258 1104 4330 παραμυθείτω
1158 4258 1248 4309 τὸν
1281 4258 1486 4327 ἔρωτα·
1521 4260 1649 4311 είδέ
1678 4260 1887 4313 τοιοῦτο

314 4349 413 4418 μὲν
439 4348 610 4409 οὐδὲν,
631 4348 708 4400 ἐτι
727 4347 781 4400 δὲ
807 4345 1174 4417 σιωπήσεσθε,
1229 4348 1593 4416 κατηγορήσω
1626 4347 1747 4416 μὲν,
1771 4364 1884 4399 ’τοι⁹

311 4440 450 4493 αῦτα
507 4438 731 4492 παθών·
779 4438 1040 4509 κρινεῖδέ
1087 4455 1139 4489 τι
1174 4438 1435 4508 ἐρωτικὸς
1464 4438 1745 4507 δικαστὴς,
1794 4440 1886 4492 καὶ

1988 1961 2039 2015 id
2073 1961 2213 2028 quod
2260 1960 2615 2030 pnevideram
2683 1960 2895 2022 evenit,
2945 1960 3138 2029 loquor
3178 1963 3243 2014 de
3281 1961 3558 2015 rhetorum

1984 2052 2279 2108 secundum
2323 2067 2418 2106 vos
2465 2051 2676 2106 illorum
2728 2053 3018 2120 superbia;
3060 2055 3258 2121 quippe
3308 2053 3398 2121 qui
3426 2054 3560 2106 alios

1984 2145 2209 2199 clientes
2258 2153 2457 2199 vocant
2518 2152 2573 2198 et
2633 2144 2846 2213 negotia
2901 2158 3006 2211 per'
3045 2155 3095 2196 te
3134 2144 3377 2198 absoluta
3447 2159 3560 2198 me-

1988 2246 2234 2291 morant.
2269 2236 2338 2291 Et
2398 2250 2539 2289 nunc
2586 2235 2788 2290 videris
2844 2250 2944 2289 uos
2977 2234 3180 2289 dixisse
3217 2236 3368 2305 prius
3425 2238 3562 2289 auii-

1984 2343 2100 2392 cos,
2128 2329 2271 2397 quod
2321 2337 2468 2383 recte
2506 2342 2612 2381 non
2664 2326 3017 2394 iudicaveris,
3072 2329 3226 2397 quasi
3276 2328 3559 2383 meliorum

1987 2422 2167 2489 inopia
2228 2420 2587 2491 praesentibus
2650 2434 2784 2475 usus
2841 2419 3050 2474 fueris:
3112 2421 3370 2488 praeteriti
3423 2437 3562 2491 quo-

1987 2527 2091 2582 que
2120 2513 2376 2582 temporis
2414 2523 2463 2566 te
2495 2513 2787 2583 pteniteat,
2814 2514 2955 2582 quod
3006 2513 3287 2568 nobiseum
3347 2516 3563 2583 indigne

1986 2607 2403 2677 consumpsisti;
2465 2618 2518 2660 et
2573 2620 2718 2661 nunc
2778 2606 3023 2660 scribens
3068 2621 3261 2658 vereor
3304 2622 3370 2660 ne
3436 2620 3564 2659 nus-

1989 2709 2124 2754 tram
2155 2698 2442 2769 epistolam
2488 2699 2712 2752 moleste
2763 2699 2905 2753 l'cras
2934 2716 2945 2752 :
2977 2711 3075 2769 ego
3101 2711 3279 2752 tztturn
3306 2714 3561 2767 pruspet'a

1989 2792 2084 2846 tibi
2133 2805 2345 2860 precor,
2375 2789 2588 2845 etiamsi
2639 2791 2913 2860 oporteret
2943 2804 3027 2844 me
3082 2792 3275 2844 itornni
3327 2791 3560 2858 despici,

1986 2886 2129 2955 quod
2185 2900 2429 2938 amarum
2484 2894 2647 2949 esset,
2709 2895 2814 2938 tua:
2869 2893 3048 2939 autem
3099 2884 3324 2940 fortunae
3385 2884 3559 2955 gratia

1988 2977 2196 3031 ferreus
2224 3017 2235 3030 .

2270 3066 2402 3123 XIII.
2428 3065 2797 3123 ZACIIARIxE
2828 3067 2912 3122 ET
2948 3067 3281 3125 PIIILIPI‘O.

2059 3160 2329 3216 Praeteriti
2393 3161 2593 3216 silentii
2649 3162 2857 3215 crimen
2916 3160 3055 3215 [erat
3130 3163 3344 3224 hiems,
3415 3178 3564 3216 more

1992 3254 2134 3308 soliti
2156 3252 2522 3318 contristaris;
2557 3254 2763 3307 silentii
2833 3265 3012 3308 autem
3052 3254 3193 3308 illius
3221 3258 3365 3324 quod
3422 3272 3563 3309 Itum:

1987 3345 2165 3408 foret,
2199 3360 2296 3399 vos
2329 3345 2591 3399 rationem
2649 3345 2971 3400 redderetis.
3039 3346 3320 3410 Quantum
3378 3356 3561 3399 autem

1988 3438 2186 3493 malum
2241 3438 2310 3492 sit
2355 3437 2645 3493 liberorum
2690 3437 2991 3502 silentium,
3046 3439 3169 3506 quis
3206 3439 3272 3492 iis
3315 3441 3564 3494 ostendet

1986 3536 2074 3604 qui
2140 3534 2385 3588 nondum
2460 3542 2585 3587 sunt
2636 3531 2887 3601 experti?
2926 3528 3040 3585 Vos
3089 3546 3313 3600 prorsus
3372 3530 3561 3585 scietis

1986 3643 2107 3681 cum
2174 3626 2380 3680 ardenti
2459 3640 2641 3680 amore
2734 3622 3058 3687 capiemini.
3107 3622 3222 3677 Non
3298 3638 3398 3693 ego
3440 3624 3564 3691 qui-

1986 3720 2106 3772 dem
2168 3718 2246 3771 sic
2303 3716 2556 3785 superbia
2609 3723 2666 3769 ut
2722 3730 2752 3769 a
2786 3716 2934 3769 vobis
2993 3715 3258 3767 redamari
3336 3724 3560 3779 putem,

1987 3810 2127 3879 quod
2186 3818 2363 3862 tamen
2394 3808 2525 3862 mihi
2555 3808 2723 3878 magis
2762 3818 3074 3876 exoptarem
3132 3821 3294 3874 quam
3335 3806 3564 3874 plurimo

1990 3917 2124 3955 auro
2170 3900 2444 3954 abundare
2471 3910 2526 3954 et
2578 3898 2645 3954 ad
2688 3914 2958 3955 summum
3018 3898 3239 3952 honoris
3290 3898 3559 3967 lasliginm

1991 3990 2281 4055 devenire;
2326 3989 2415 4058 qui
2477 3989 2620 4043 enim
2673 3990 2954 4057 quiescere
3012 4004 3115 4041 non
3182 3988 3405 4042 haberet
3469 4004 3565 4056 per

1990 4081 2313 4135 desiderium
2365 4095 2540 4134 meum
2580 4095 2683 4133 non
2734 4089 2915 4148 posset
2967 4080 3236 4133 consolari
3292 4096 3556 4134 amorem.

1990 4172 2044 4224 Si
2086 4170 2218 4223 nihil
2270 4170 2574 4238 bujusmodi
2613 4172 2673 4223 Iit
2711 4178 2765 4221 et
2816 4171 2993 4223 adhuc
3052 4170 3304 4234 silebitis,
3342 4187 3561 4238 arguam

1990 4260 2113 4314 talia
2147 4260 2385 4330 patiens;
2435 4259 2700 4327 indicabit
2758 4269 2936 4313 autem
2967 4276 3158 4314 amans
3183 4272 3238 4315 et
3268 4260 3563 4314 declarabit

1988 4352 2116 4421 quid
2148 4354 2218 4405 sit
2251 4352 2403 4404 vobis
2447 4351 2759 4418 patiendum
2811 4362 2865 4404 et
2927 4351 3393 4405 exsolvendum...
3455 4350 3567 4404 l'eli-

1989 4444 2124 4496 citer
2155 4443 2368 4510 quidem
2406 4444 2599 4512 pati
2636 4457 2702 4495 ne
2747 4457 2831 4495 me
2870 4458 3060 4497 rursus
3102 4458 3321 4497 amor...
3353 4444 3563 4513 judica-

310 4532 591 4600 ψηφιεῖται
611 4531 639 4581 ὅ
664 4547 716 4581 τι
738 4531 843 4599 χρὴ
873 4529 1063 4580 παθεῖν
1095 4529 1238 4597 ὑμᾶς
1254 4528 1672 4582 καὶάποτίσαι...
1701 4528 1758 4581 εῦ
1790 4529 1887 4597 μὲν
1920 4544 1963 4599 ο

1920 4544 1963 4599 D
1994 4532 2073 4585 bit
2132 4541 2307 4585 autem
2370 4546 2464 4583 vos
2524 4541 2599 4583 tot
2631 4531 2936 4584 redditurus
2980 4532 3236 4600 epistolas
3284 4548 3448 4602 quam
3506 4542 3565 4585 ut

313 4623 506 4676 παθεῖν
534 4625 709 4675 ἀπο...
740 4639 827 4675 ται
862 4623 947 4673 ἶνα
999 4621 1072 4690 μὴ
1096 4620 1184 4671 τὸν
1211 4621 1419 4689 ἐρῶντά
1456 4638 1520 4689 με
1555 4622 1784 4675 πάλιν...
1810 4623 1883 4691 (I)

1996 4621 2249 4688 praeteriti
2313 4629 2569 4685 temporis
2627 4619 2901 4673 silentium
2948 4621 3328 4675 consolamini.

310 4717 594 4785 ψηφιεῖται
639 4716 696 4769 δὲ
758 4717 900 4785 ὑμᾶς
942 4712 1196 4765 ἀποτῖσαι
1255 4714 1507 4776 τοιαύτας
1560 4715 1881 4780 ἐπιστολὰς,
1918 4711 2058 4765 ὥστε
2104 4711 2182 4781 τῷ
2252 4710 2446 4780 πλήθει
2482 4712 2577 4765 τοῦ
2610 4712 2974 4780 προλαϐόντος
3041 4713 3236 4783 χρόνου
3302 4730 3570 4785 παραμυ-

313 4812 521 4864 θεῖσθαι
558 4810 657 4878 τὴν
698 4810 930 4876 σιωπήν.

739 4900 835 4951 IA'.
855 4884 1146 4952 ‘BIKTOPI
1179 4899 1460 4967 ΑΔΕΛΦῼ.

384 4994 650 5062 Δέδεγμαι
670 4991 731 5044 τὸ
767 4989 973 5059 βιδλίον
996 4990 1056 5042 τὸ
1109 4990 1216 5059 πρὸ
1269 4990 1366 5059 τῆς
1397 4989 1587 5058 πείρας
1612 4988 1879 5059 ποθούμε-

311 5104 402 5139 νον
423 5103 437 5116 ο
468 5086 591 5154 ἣκει
628 5083 737 5154 γὰρ
770 5085 836 5153 τῇ
867 5083 963 5151 μὲν
1014 5081 1271 5151 ἐπιστολῇ
1321 5078 1635 5148 θαυμαστὸν
1675 5078 1881 5147 ἡλίκον,

312 5179 389 5248 τῷ
422 5178 477 5229 δὲ
504 5177 787 5247 πράγματι
822 5173 970 5238 ξένον
1010 5173 1171 5243 φέρον
1200 5173 1373 5234 οὐδὲν,
1404 5172 1516 5224 ἀλλ’
1561 5171 1588 5222 ὃ
1634 5170 1726 5224 καὶ
1753 5170 1882 5222 πολ-

310 5267 422 5320 λοῖς
448 5268 543 5319 καὶ
572 5263 837 5326 ποικίλοις
864 5263 1227 5315 ἐσπούδασται
1250 5279 1263 5292 ’
1298 5262 1391 5314 σοῦ
1435 5261 1492 5314 δὲ
1528 5262 1687 5333 χάριν
1728 5262 1823 5313 καὶ
1857 5259 1885 5310 ὃ

308 5359 370 5410 τὸ
399 5358 605 5428 βέλτιον
627 5357 804 5408 εἰπεῖν
857 5353 1165 5423 σεσιγήσθω
1186 5370 1199 5383 ·
1249 5352 1363 5405 ἁλλῗ
1396 5352 1490 5406 οὖν
1533 5353 1773 5405 κείσεταί
1803 5370 1884 5405 σοι

310 5450 468 5520 χάρις
507 5451 587 5512 εἰς
627 5448 766 5519 ἐμὴν
810 5450 1034 5518 μνήμην
1073 5446 1457 5524 ἁνᾴγραπτος’
1498 5446 1639 5515 πλὴν
1668 5446 1765 5514 οὐχ
1797 5440 1884 5497 οἷα

308 5541 461 5613 παρὰ
489 5540 565 5611 τῷ
582 5541 863 5611 Παυσανίᾳ⁴
877 5540 953 5610 τῷ
988 5540 1062 5611 μὴ
1088 5539 1248 5609 μέχρι
1274 5537 1473 5600 παντὸς
1502 5539 1886 5606 σωφρονοῦντι.

329 5634 380 5689 ’0
408 5635 507 5706 μὲν
536 5641 643 5702 γάρ
663 5634 780 5687 οὐδὲ
838 5634 1114 5695 Πλαταιὰς
1160 5631 1449 5695 αἰδεσθεὶς,
1490 5631 1610 5683 οὐδὲ
1653 5632 1889 5702 τρόπαια

2367 4888 2503 4944 XIV.
2558 4889 2831 4946 V'ICTORI
2882 4890 3135 4945 FRATRI
3157 4930 3171 4946 .

2063 4984 2321 5041 Volnmen
2361 4993 2484 5037 ante
2535 4985 2925 5052 experientiam
2977 4983 3087 5052 jam
3134 4996 3446 5054 exoptatum
3475 5000 3562 5041 re-

1992 5081 2131 5148 cepi.
2178 5077 2423 5132 Mirabile
2474 5076 2617 5130 enim
2664 5087 2925 5145 quantum
2964 5092 3027 5130 ex
3060 5088 3147 5130 tua
3186 5079 3413 5147 epistola
3470 5094 3563 5133 vc-

1993 5171 2105 5233 nil,
2159 5168 2290 5221 nihil
2362 5176 2538 5221 tamen
2608 5166 2767 5220 alieni
2837 5165 3009 5232 reipsa
3072 5166 3409 5236 adjttnctuin,
3470 5171 3561 5222 sed

1992 5260 2133 5328 quod
2180 5258 2359 5311 multis
2398 5266 2451 5311 et
2510 5256 2737 5312 diversis
2770 5266 3076 5325 exoptatur;
3110 5259 3185 5311 tui
3217 5268 3393 5312 autem
3442 5273 3564 5327 gra-

1994 5353 2064 5404 tia
2098 5359 2338 5404 taceatur
2389 5358 2443 5404 et
2509 5352 2651 5418 quod
2717 5349 2897 5403 dicere
2928 5349 3159 5403 melius.
3235 5348 3347 5402 'I‘ua
3390 5350 3563 5418 gratia

1992 5445 2046 5497 in
2077 5458 2191 5497 mea
2217 5442 2475 5496 memoria
2498 5442 2703 5511 absque
2729 5441 2922 5495 litteris
2950 5425 3475 5511 perdurabitjsecus
3502 5456 3566 5492 ae

1992 5538 2134 5605 quod
2166 5535 2232 5589 de
2263 5532 2529 5589 Pausania
2561 5534 2651 5603 qui
2689 5535 2740 5587 in
2777 5536 2936 5588 linem
3000 5534 3216 5602 sapiens
3275 5548 3378 5588 nou
3442 5532 3563 5586 fuit:

2000 5642 2174 5698 neque
2203 5628 2344 5683 enim
2376 5624 2605 5682 Plataeas
2637 5628 2905 5683 reveritus
2935 5641 3110 5695 neque
3142 5625 3423 5693 splendido
3456 5638 3564 5677 tro-

1808 5722 2039 5781 NOTAE.

381 5824 534 5900 (I)In
559 5823 642 5879 bis
677 5820 880 5876 lacunis
899 5834 1162 5891 perpauca
1202 5818 1362 5871 verba
1404 5816 1505 5888 legi
1534 5827 1827 5888 nequeunt.

609 5916 877 5975 Pn'ItOL.
909 5914 1022 5974 Gn.
1076 5909 1442 5971 LXXXVII.

3056 5900 3134 5960 36
