4248 6428
659 374 793 444 213i
1982 355 2335 418 PROCOI’II
2376 353 2619 413 GAZKEI
3772 341 3919 401 2732

660 496 831 558 pth,
880 484 1119 539 Barbare
1184 481 1402 535 tradidit
1430 492 1457 530 a
1494 492 1550 531 se
1607 475 1869 529 salvatatn
1929 473 2191 529 Graeciam
2219 512 2234 534 ,
2271 481 2309 532 Α

2271 481 2309 532 Α
2341 472 2493 538 φίλαι
2556 466 2839 538 προεδίδου
2892 464 3163 533 Βαρςάρῳ
3210 462 3304 529 τὴν
3348 460 3411 512 δι’
3452 457 3617 513 αὐτοῦ
3646 458 3919 511 σωθεῖσαν

659 581 814 651 quasi
852 593 955 632 non
1012 582 1288 645 pateretur
1313 573 1365 625 in
1436 569 1596 623 linem
1685 581 1744 621 se
1789 567 1996 619 lciieem
2062 580 2228 621 esse.

2350 562 2598 625 Ἐλλάδα,
2631 561 2821 629 ὥσπερ
2859 557 2961 609 οὐκ
2984 556 3193 624 ἀνέχων
3219 556 3297 615 εἰς
3329 552 3477 615 τέλος
3511 550 3744 621 εὐτυχὴς
3796 552 3918 602 ἐπι-

661 673 741 725 Tu
770 684 900 724 vero
922 667 1135 738 propria
1155 678 1482 728 memorans,
1503 676 1608 714 non
1637 668 1719 714 est
1741 658 1882 726 quod
1907 672 2013 711 non
2043 658 2232 722 facias;

2341 658 2522 726 μεῖναι
2544 670 2556 682 ⁸
2594 654 2658 704 σὺ
2681 651 2738 703 δὲ
2769 650 2837 703 τὰ
2868 650 3045 701 οἰκεῖα
3076 646 3399 715 πειριέπων,
3421 643 3542 697 οὐδὲ
3569 644 3597 694 ὃ
3620 661 3671 695 τι
3690 642 3765 711 μὴ
3789 642 3911 710 δρά-

666 734 965 819 rcmauebit
995 734 1082 812 tua
1135 758 1330 824 gratia,
1363 771 1465 810 non
1515 752 1731 822 quidem
1774 750 1972 819 prima,
2008 750 2101 803 sed
2143 762 2238 814 per
2341 775 2343 793 ε

2341 764 2475 808 σεις,
2501 743 2761 799 Κείσεταί
2798 759 2881 794 σοι
2910 741 3090 794 τοίνυν
3113 742 3145 809 ἠ
3169 737 3327 807 χάρις
3349 738 3410 789 οὐ
3450 734 3660 806 πρώτη,
3704 734 3778 804 μὰ
3797 734 3918 794 Δία,

661 848 876 910 Jovem,
905 846 1015 916 pati
1063 822 1260 899 multas
1292 847 1536 913 priores,
1587 849 1642 894 et
1670 839 1876 905 altera;
1922 853 2026 892 una
2057 848 2235 890 autem

2341 835 2476 903 πρὸς
2500 833 2719 895 πολλαῖς
2743 831 2799 884 δὲ
2828 830 3072 901 πρώταις
3104 829 3292 895 ἑτέρα·
3347 826 3445 895 μία
3488 825 3544 876 δὲ
3578 824 3737 893 χάρις
3764 822 3922 892 παρά

666 941 838 1009 gratia
893 938 1051 992 abiis
1096 938 1185 1005 qui
1218 912 1479 989 beneﬁcia
1521 932 1864 1000 acceperint,
1895 930 2054 983 bonis
2102 927 2238 982 satis
2340 947 2343 961 ι

2340 927 2448 980 τῶν
2479 921 2538 977 εὖ
2570 923 2852 976 παθόντων
2901 921 3131 992 ἀργέσει
3172 921 3287 979 τοῖς
3324 916 3568 984 ἀγαθοῖς,
3611 912 3924 985 μεμνῆσθαι

664 1034 770 1087 erit
795 1073 811 1099 ,
852 1033 904 1086 id
944 1040 1121 1086 autem
1172 1036 1273 1091 est.
1337 1026 1647 1082 meminisse
1673 1040 1732 1080 se
1759 1023 2019 1079 beneficia
2080 1036 2235 1075 acce-

2346 1017 2504 1088 μὸνον
2530 1016 2613 1068 ὅτι
2644 1014 2977 1067 πεπόνθασιν
2998 1029 3013 1044 ο
3048 1012 3171 1080 ἐμοὶ
3219 1010 3275 1062 δὲ
3309 1008 3523 1075 γένοιτο
3550 1007 3611 1059 τὸ
3644 1006 3779 1076 μηδὲ
3811 1005 3924 1056 τῶν

671 1128 836 1194 pisse.
892 1123 1021 1177 Mihi
1085 1138 1218 1177 vero
1270 1121 1549 1188 contingat
1590 1132 1697 1172 non
1756 1131 1943 1171 eorum
1997 1112 2238 1168 oblivisci
2346 1131 2348 1178 ;

2346 1111 2509 1180 μέχρι
2535 1107 2730 1177 βουλῆς
2753 1106 2994 1159 εὐποιεῖν
3026 1102 3320 1157 ἐθελόντων
3351 1102 3716 1170 ἀμνημονεῖν*
3744 1098 3793 1149 εί
3828 1098 3925 1149 καὶ

668 1220 863 1287 quibus
933 1216 1180 1269 voluntas
1212 1221 1295 1267 est
1335 1211 1465 1265 mihi
1515 1206 1931 1271 benefaciendi,
1968 1207 2096 1261 licet
2134 1220 2240 1259 non

1571 1206 1931 1271 ntefaciendi,
1968 1207 2096 1261 licet
2134 1220 2240 1259 non
2350 1200 2426 1271 μὴ
2452 1200 2625 1270 πέρας
2654 1196 2809 1250 ἔσται
2841 1197 2952 1259 τοῖς
2984 1194 3248 1260 δόξουσιν.

668 1312 734 1364 ad
767 1323 879 1362 rem
909 1306 1183 1362 deveniat.

1205 1391 1320 1448 XV.
1354 1388 1673 1445 DIODORO.

2906 1371 3008 1427 ιε’.
3057 1370 3354 1438 ΔιΟΔΩΡῼ.

740 1491 931 1544 Adhuc
955 1486 1135 1540 taces?
1164 1484 1339 1537 adhuc
1369 1494 1465 1533 nos
1480 1477 1817 1547 aspernaris?
1835 1475 1912 1530 Te
1940 1474 2247 1529 arbitrabar

2420 1472 2538 1524 Ἔτι
2564 1471 2753 1537 σιγᾷς;
2780 1468 2858 1521 ἔτι
2894 1464 3241 1535 περιφρονεῖς
3277 1463 3346 1513 τὰ
3371 1457 3649 1528 ἡμετερας
3682 1456 3791 1508 Καὶ
3821 1456 3930 1524 μὴν

674 1586 725 1637 iu
758 1582 1091 1635 saturitatem
1131 1576 1341 1629 venisse
1372 1573 1670 1639 superbixc,
1709 1569 1795 1622 cui
1827 1582 2074 1636 magnum
2102 1568 2244 1619 vide—
2348 1587 2351 1610 ι

2348 1563 2506 1634 ᾤμην
2531 1579 2589 1614 σε
2617 1562 2752 1630 πρὸς
2790 1560 2952 1627 κόρον
3005 1554 3232 1623 ἀφίχθαι
3286 1551 3671 1619 φρονήματος·
3728 1547 3930 1611 σεμνὸν

671 1685 760 1726 ιιιι·
786 1671 977 1733 silere;
1035 1683 1132 1721 nos
1184 1674 1363 1719 autem
1397 1677 1455 1716 re
1491 1659 1831 1715 ambitiosius
1870 1668 2105 1719 utentur,
2139 1668 2246 1723 quo

2352 1655 2451 1724 μὲν
2473 1652 2774 1723 ἡγούμενον
2803 1650 2861 1702 τὸ
2885 1648 3062 1716 σιγᾷν,
3107 1645 3264 1715 ἡμῶν
3280 1643 3336 1696 δὲ
3359 1639 3768 1710 φιλοτιμότερον
3791 1653 3934 1705 χρη-

673 1759 1017 1830 supercilintn
1066 1766 1284 1824 prepter
1318 1752 1588 1807 silentium
1638 1751 1840 1802 elatum
1877 1745 2245 1800 detnittamus.

2353 1746 2596 1815 σομένων
2646 1743 2725 1811 τῷ
2785 1741 3092 1810 πράγματι,
3148 1736 3235 1788 ἵνα
3264 1734 3359 1787 καὶ
3401 1732 3712 1800 νικήσωμεν
3757 1727 3937 1796 ὀφρὺν

676 1856 729 1905 Ιιι
751 1855 893 1907 enim
920 1851 1155 1904 solitum.
1183 1847 1379 1900 Statim
1406 1854 1461 1896 ut
1484 1842 1751 1897 Cmsaretn
1782 1837 2105 1899 viderisalte
2129 1850 2250 1905 pro-
2284 1842 2324 1895 Β
2352 1870 2353 1875 η

2284 1842 2324 1895 Β
2352 1839 2437 1891 διὰ
2467 1839 2627 1906 σιγὴν
2664 1833 2985 1904 ἐπηρμένην
3004 1848 3018 1862 ο
3045 1830 3193 1882 τουτὶ
3217 1828 3324 1898 γὰρ
3352 1828 3530 1879 ἐκεῖνο
3570 1823 3631 1875 τὸ
3675 1819 3936 1887 σῦνηθες.

675 1944 917 2012 μτριίθινῐε
941 1952 993 1995 et
1017 1939 1159 2010 quod
1196 1939 1248 1990 in
1278 1935 1513 1990 sublime
1550 1931 1733 1986 Persei
1760 1930 1867 1984 alis
1891 1943 1994 1983 non
2021 1927 2242 1991 levaris,
2351 1934 2352 1943 ‘

2351 1930 2501 1998 ’Ἅμα
2533 1929 2628 1981 καὶ
2660 1928 2757 1995 τὴν
2784 1923 3060 1992 Καίσαρος
3096 1916 3256 1983 εἶδες,
3311 1918 3407 1971 καὶ
3437 1915 3641 1986 βαίνεις
3677 1911 3817 1981 ὑψοῦ
3842 1912 3940 1962 καὶ

680 2034 950 2095 irasceris;
976 2040 1161 2084 nostra
1194 2038 1372 2080 autem
1401 2021 1764 2078 consideranti
1792 2034 2018 2090 parvum
2050 2018 2249 2086 quidet
2349 2042 2357 2073 ι

2349 2021 2698 2089 ἀγανακτεῖς,
2728 2017 2810 2068 ὅτι
2842 2014 2915 2084 μὴ
2943 2015 3013 2065 lie
3030 2015 3200 2083 ρσὲως
3215 2012 3433 2079 πτεροῖς
3464 2007 3593 2077 αἴρῃ
3624 2004 3899 2074 μετέωρος
3924 2018 3937 2029 ·

674 2126 831 2193 quasi
871 2123 1001 2176 nihil
1043 2120 1316 2174 videntur.
1348 2116 1535 2184 Itaque
1559 2112 1727 2181 legem
1752 2111 2029 2179 antiquam
2048 2117 2099 2164 et
2128 2110 2248 2161 ubi-

2353 2114 2420 2164 τὰ
2442 2112 2499 2164 δὲ
2534 2108 2781 2178 ἡμέτερὰ
2806 2124 2895 2159 σοι
2927 2103 3284 2172 λογιζομένῳ,
3340 2100 3514 2168 μικρά
3548 2114 3607 2149 τε
3647 2097 3729 2147 ἔτι
3759 2095 3942 2147 δοκεῖν

676 2229 781 2283 que
805 2220 1075 2280 potentem
1104 2224 1161 2261 es
1188 2182 1574 2274 transgressus:
1602 2208 1816 2271 Oportet
1842 2201 2008 2261 cnim,
2033 2198 2248 2267 quando
2351 2224 2353 2231 ι

2351 2207 2444 2257 καὶ
2477 2201 2663 2253 οὐδέν’
2712 2199 2835 2251 ὅθεν
2879 2213 2958 2248 σοι
3017 2194 3181 2262 νῧμος
3236 2190 3465 2251 παλαιὸς
3519 2188 3613 2239 καὶ
3657 2182 3940 2251 πανταχοῦ

675 2308 814 2373 quis,
841 2304 1028 2356 solitos
1066 2300 1398 2367 relinquens,
1435 2296 1500 2348 ad
1533 2294 1669 2347 alios
1698 2291 2053 2356 transcurrit,
2099 2288 2247 2342 illum

2353 2292 2572 2363 κρατῶν
2608 2289 2991 2361 παρεϐαἰνετο.
3018 2285 3138 2354 Χρὴ
3165 2284 3274 2352 γὰρ
3293 2280 3511 2335 ἐπειδάν
3529 2296 3613 2341 τις
3644 2277 3770 2339 τοὺς
3806 2292 3940 2327 συν-

679 2398 850 2462 primo
886 2393 1083 2449 litteris
1116 2389 1423 2444 describere
1469 2385 1739 2454 quomodo
1781 2396 1933 2436 mare
1960 2390 2113 2435 actus
2160 2381 2247 2444 sit,
2353 2405 2356 2414 ‹

2353 2384 2503 2455 ήθεις
2531 2379 2848 2434 καταλιπὼν
2884 2377 2971 2430 ἐπ’
3005 2374 3324 2433 ἀλλοδαποῖς
3363 2370 3531 2422 ἰθύνοι
3585 2367 3678 2420 τὸν
3712 2367 3940 2435 δρόμον,

677 2502 796 2553 qua:
818 2495 960 2537 terra
983 2498 1102 2536 eum
1127 2475 1505 2538 transmiserit,
1532 2483 1709 2528 utrum
1742 2473 1876 2527 bene
1905 2471 2249 2535 successerit,

2354 2477 2516 2531 αὐτὸν
2543 2470 2682 2527 εἶναι
2704 2473 2921 2543 πρῶτον
2958 2469 3047 2522 τὸν
3090 2463 3495 2525 ἐπιστέλλοντα,
3542 2462 3725 2513 ὁποῖον
3773 2458 3945 2511 αὑτὸν

681 2584 864 2635 utrum
889 2570 1260 2627 benevolentia
1286 2567 1445 2622 fuerit
1475 2575 1762 2635 acceptus:
1790 2578 2018 2632 quorum
2044 2563 2177 2616 nihil
2197 2571 2252 2615 ιιι
2354 2566 2358 2602 1

2354 2564 2537 2640 ἦγενή
2562 2566 2821 2628 θάλαττα,
2859 2563 3005 2622 ὅπως
3029 2561 3061 2628 ἠ
3089 2558 3158 2625 γῆ
3189 2556 3352 2609 τοῦτο
3383 2550 3767 2623 ὁδοιποροῦντα
3798 2564 3947 2618 παρ-

682 2669 865 2725 dixiin
922 2678 1019 2719 nec
1054 2662 1386 2717 narrandum
1432 2658 1782 2718 habebamus,
1817 2654 1912 2709 sed
1944 2669 2028 2707 me
2049 2653 2253 2722 judice,
2356 2686 2359 2708 λ

2356 2661 2622 2728 ἔπεμπεν,
2653 2659 2700 2708 εί
2727 2653 2973 2725 χρηστῆς
3024 2650 3274 2719 ἀπήλαυε
3337 2646 3527 2715 τύχης,
3563 2646 3611 2696 εἰ
3657 2644 3746 2694 τὸν
3775 2642 3945 2693 αὖτἰν

680 2759 917 2818 t'iseibus
949 2754 1117 2821 magis
1152 2751 1298 2805 fuisti
1322 2760 1522 2812 mutus,
1553 2761 1619 2800 ne
1649 2757 1830 2799 autem
1859 2742 2080 2797 silentio
2112 2742 2253 2795 ami-

2359 2749 2601 2820 εὐμενῶς
2659 2744 2952 2816 ὑπεδέχετο
2973 2758 2985 2771 °
3020 2741 3224 2795 τούτων
3273 2739 3372 2808 μὲν
3406 2737 3565 2799 αὐτὸς
3596 2734 3733 2803 ἔφης
3760 2734 3946 2795 οὐδὲν,

683 2850 805 2901 t-itia
831 2845 1086 2914 paulatim
1114 2843 1166 2895 in
1195 2840 1517 2895 oblivionem
1544 2835 1778 2897 decidat,
1804 2848 1917 2889 rem
1951 2846 2151 2887 renovo
2201 2838 2255 2884 et
2358 2870 2360 2880 .

2358 2841 2471 2895 οὐθ’
2496 2842 2658 2912 ἡμεῖς
2685 2838 2886 2908 ἔχομεν
2922 2831 3318 2905 διηγήσασθαιο
3340 2828 3478 2882 ἀλλά
3517 2827 3719 2895 τούμὸν
3750 2826 3945 2894 μέρος,

687 2941 782 2993 tibi
828 2941 897 2991 tio
939 2936 1190 3001 amicior;
1229 2944 1282 2987 tu
1335 2946 1484 2994 vero,
1524 2938 1583 2983 ut
1611 2928 1846 2991 solebas,
1878 2926 1929 2978 in
1959 2923 2253 2977 amicitiam
2361 2959 2364 2979 η

2361 2932 2543 2984 αὐτῶν
2575 2926 2775 2998 ἰχθύων
2803 2926 3033 2993 γέγονας
3085 2919 3426 2989 ἀφωνότερος
3449 2933 3462 2947 ’
3512 2915 3629 2969 ἀλλ’
3658 2916 3745 2967 ἴνα
3772 2914 3849 2983 μὴ
3880 2912 3949 2963 τὰ

686 3032 823 3099 apud
855 3044 975 3092 nos,
1024 3037 1111 3079 tua
1144 3025 1316 3095 gratia
1374 3021 1516 3091 digni
1546 3061 1563 3085 ,
1596 3018 1814 3086 jocarc.
1867 3014 2019 3082 Quod
2052 3014 2094 3067 si
2129 3013 2256 3081 quid
2362 3044 2363 3051 η

2362 3020 2464 3090 τῆς
2498 3016 2679 3086 φιλίας
2708 3017 2775 3085 τῇ
2811 3016 2936 3081 σιγῇ
2964 3010 3099 3081 πρὸς
3129 3008 3298 3079 λήθην
3335 3006 3555 3059 ἐλθόντα
3579 3005 3719 3057 κατά
3748 3002 3952 3072 μικρῖν

686 3119 881 3172 accidit
924 3094 1169 3179 molesti,
1228 3112 1403 3165 ventis
1443 3109 1787 3179 permittatur
1813 3114 1866 3160 ct
1896 3104 2255 3159 humanarum
2288 3166 2326 3182 Α

2288 3166 2326 3182 Α
2364 3109 2632 3182 ὑπορῤέῃ,
2670 3105 3001 3175 ἀνανεοῦμαι
3034 3100 3197 3155 πάλιν
3236 3100 3295 3152 τὸ
3330 3101 3559 3169 πρᾶγμα
3591 3096 3685 3149 καὶ
3721 3094 3953 3162 γίνομαί

690 3225 867 3263 rerum
908 3209 1136 3260 fortunae
1164 3218 1283 3274 qua:
1329 3212 1511 3256 nostra
1545 3199 1707 3268 inque
1732 3197 1910 3265 deque
1940 3196 2259 3265 pertut'bat'e
2284 3166 2331 3225 δ
2366 3234 2367 3239 η

2284 3166 2331 3225 c
2366 3166 3048 3271 cet.qtt):itvepwnétspo;°
3095 3192 3190 3246 καὶ
3251 3191 3316 3244 σὺ
3362 3166 3499 3251 πρὸς
3545 3186 3729 3256 φιλίαν
3781 3182 3951 3245 παῖζε

687 3302 984 3355 delectatur
1028 3307 1080 3352 et
1126 3296 1311 3365 rapida
1344 3292 1673 3347 volutatione
1705 3292 1853 3358 agit,
1885 3288 2019 3342 nihil
2080 3286 2262 3341 volens

2366 3294 2499 3363 πρὸς
2529 3293 2675 3363 ἡμᾶς
2704 3290 2772 3343 τά
2797 3288 3003 3359 συνήθη
3051 3286 3145 3338 καὶ
3197 3283 3297 3351 τῆς
3335 3280 3433 3349 σῆς
3464 3280 3684 3349 χάριτος
3715 3276 3858 3346 ἄξια.
3890 3277 3960 3327 lii

688 3394 884 3446 stabile
928 3402 1022 3445 aut
1055 3388 1328 3443 immobile
1358 3388 1569 3439 videre.
1615 3381 1811 3436 Malum
1844 3380 2091 3450 equidem
2140 3394 2236 3432 ecn

2365 3386 2422 3439 δέ
2451 3403 2503 3437 τι
2525 3384 2716 3451 γέγονε
2762 3379 2874 3433 τῶν
2928 3376 3225 3437 ἁνιῶντων,
3277 3370 3473 3440 αῦραις
3511 3370 3671 3422 τοῦτο
3697 3366 3954 3425 διδόσθω,

690 3499 783 3538 seo
808 3497 927 3537 esse
954 3480 1215 3542 dolorem,
1260 3476 1429 3530 multo
1455 3487 1634 3529 autem
1675 3473 1824 3542 pejus
1862 3473 1929 3525 iis
1958 3470 2050 3539 qui
2098 3483 2257 3538 spec-

2366 3481 2463 3531 κα“ι
2485 3479 2552 3545 τῇ
2586 3475 2729 3544 τύχῃ
2760 3472 2868 3525 τῶν
2905 3468 3259 3538 ἀνθρωπίνων
3299 3464 3662 3533 πραγμάτων,
3710 3462 3834 3529 ἣτις
3864 3462 3956 3513 ἐν-

692 3576 869 3630 iaculo
944 3574 1263 3628 adfuerunt.
1340 3567 1542 3630 Puella,
1639 3565 1877 3620 nondum
1948 3562 2266 3633 propinquis
2365 3590 2369 3602 ι

2365 3568 2627 3637 τρυφῶσα
2656 3568 2768 3627 τοῖς
2793 3561 3083 3632 ἡμετέροις
3131 3559 3242 3612 ἄνω
3274 3555 3371 3608 καὶ
3396 3554 3544 3606 κάτω
3598 3550 3824 3619 μεταθεῖ
3856 3551 3958 3601 καὶ

691 3668 943 3719 omnibus
968 3674 1117 3726 nota,
1151 3677 1248 3731 pro
1294 3659 1532 3714 thalamo
1556 3659 1622 3713 ad
1654 3655 1962 3726 sepulcrum
2024 3652 2261 3716 ducitur;

2248 3669 2261 3716 ἓ
2370 3659 2597 3729 βραχεῖα
2658 3658 2799 3725 ῥοπῇ
2856 3650 3272 3723 μεταϐάλλεται,
3326 3646 3488 3717 μηδὲν
3530 3644 3786 3697 ἐθέλουσα
3826 3641 3924 3709 ξ’.λέ

693 3760 875 3825 sponsi
908 3759 1094 3809 inanes
1123 3767 1267 3822 spes;
1298 3752 1477 3821 pactio
1506 3746 1921 3803 matrimonialis
1966 3745 2258 3811 discerpta.
2369 3779 2370 3785 η

2369 3769 2489 3803 πειν
2526 3748 2757 3818 ἑστηκὸς
2789 3746 2884 3799 καὶ
2931 3744 3215 3813 ἀκίνητον
3258 3741 3351 3793 καὶ
3380 3736 3552 3791 δεινὸν
3581 3736 3677 3805 μὲν
3700 3730 3854 3803 οἶμαι
3891 3735 3958 3784 το

698 3850 969 3913 Miserum,
1015 3857 1072 3899 ut
1120 3846 1375 3909 arbitror,
1410 3851 1465 3897 et.
1504 3842 1644 3909 quod
1675 3838 1789 3893 fieri
1836 3853 1941 3891 non
1974 3836 2216 3890 debuerit
2249 3849 2262 3885 :
2368 3860 2375 3875 ι

2368 3842 2559 3901 πάθος,
2582 3838 2884 3903 δεινότερον
2916 3835 2973 3888 δὲ
3003 3836 3116 3895 τοῖς
3145 3832 3308 3885 είδόσι
3338 3830 3397 3881 τὸ
3436 3829 3643 3895 θέαμα·
3681 3827 3817 3895 κόρη
3847 3840 3974 3895 μη-

700 3960 806 3993 mn;
838 3952 1016 3994 autent
1048 3941 1100 3992 in
1131 3954 1226 3991 nos
1252 3937 1484 4007 primum
1513 3934 1688 3990 saeviit
1719 3933 1957 3997 fortuna,
1978 3931 2069 3985 sed
2099 3928 2265 3999 pluri-
2367 3931 2377 3980 ἐ

2367 3931 2421 3982 δὲ
2454 3932 2564 3991 τοῖς
2587 3926 2808 3987 οἰκείοις
2832 3924 3037 3978 ἅπασιν
3072 3920 3414 3989 ἐγνωσμένη,
3442 3917 3499 3969 ὲν
3520 3915 3739 3968 πάντων
3764 3915 3958 3981 ὕψεσι)

700 4047 815 4084 nias
844 4032 948 4098 iam
1011 4030 1145 4083 alias
1201 4028 1391 4098 patrizc
1437 4029 1653 4095 eripuit,
1686 4023 1979 4076 thalamum
2024 4022 2073 4074 in
2108 4018 2267 4073 funus
2372 4046 2377 4071 ‹

2372 4023 2495 4074 όιντλ⁵
2520 4018 2793 4078 παστάδος
2842 4015 3084 4085 ἀγομένη
3116 4011 3253 4081 πρὶς
3282 4010 3471 4077 τάφον.
3525 4007 3635 4059 Καὶ
3666 4009 3819 4057 κεναὶ
3851 4005 3958 4072 μὲν

698 4134 1041 4177 convertens.
1078 4122 1218 4188 Quot
1286 4120 1550 4182 homines,
1608 4132 1704 4185 spe
1741 4115 1863 4169 elati
1892 4129 1987 4183 per
2027 4128 2145 4165 eam
2189 4112 2267 4164 fa-
2369 4117 2375 4163 ἐ

2369 4111 2615 4164 ἐντεῦθεν
2641 4109 2953 4178 μνηστῆρος
2992 4105 3228 4165 ἐλπίδες,
3260 4100 3551 4171 συγγραφὴ
3588 4099 3644 4151 δὲ
3679 4098 3959 4167 γαμήλιος

701 4216 819 4267 bula
876 4212 1001 4267 facti
1043 4213 1206 4265 sunt!
1261 4208 1365 4265 Sed
1405 4223 1503 4263 nec
1548 4208 1813 4262 sententia
1867 4205 2065 4267 vincit;
2110 4202 2267 4255 simul
2370 4204 2378 4254 ἑ

2370 4204 2457 4255 ἐπ’
2480 4202 2618 4271 αὐτῇ
2661 4200 3020 4271 διερρήγνυτο
3046 4212 3058 4224 ·
3096 4194 3245 4249 δεινὰ
3298 4194 3395 4263 μὲν
3446 4187 3599 4260 οἶμαι
3628 4189 3825 4253 ταῦτα,
3858 4191 3958 4242 καὶ

700 4324 763 4359 ac
818 4306 958 4368 vult,
1010 4304 1099 4369 fit;
1147 4303 1303 4357 Cedat
1355 4299 1692 4370 philosophia
1739 4307 1793 4351 et
1844 4292 2269 4358 volttntas;ali-
2369 4312 2377 4343 ι

2369 4294 2468 4347 οὐκ
2498 4292 2673 4359 ὢφελε
2698 4289 2945 4359 γενέσθαι
2974 4304 2986 4319 ·
3054 4288 3192 4357 πλὴν
3240 4287 3341 4338 οὐκ
3370 4284 3455 4353 ἐφ’
3494 4280 3650 4351 ἡμῶν
3684 4280 3908 4350 πρῶτον
3928 4282 3960 4347 ἡ

696 4393 831 4464 quid
878 4396 946 4446 sit
990 4393 1217 4460 amplius
1265 4392 1329 4444 iis
1367 4389 1457 4457 qui
1508 4386 1909 4442 incumbunt...
1952 4382 2093 4438 srire
2129 4380 2271 4434 ferre
2370 4406 2373 4414 ι

2370 4384 2507 4453 τύχη
2543 4381 2923 4452 στρατεύεται,
2950 4379 3148 4442 πολλὰς
3164 4379 3262 4448 ’ήδη
3290 4394 3392 4430 που
3421 4375 3514 4427 καὶ
3539 4374 3704 4436 ἄλλας
3728 4374 3958 4443 ἥρπασε

697 4482 918 4533 vulnera
950 4481 1216 4531 fortuna:
1266 4476 1432 4529 tniror
1461 4475 1602 4528 enim
1653 4488 1751 4540 ego
1804 4470 1951 4524 illum
1997 4468 2086 4537 qui
2134 4467 2267 4521 dixit
2305 4493 2343 4547 υ

2305 4493 2343 4547 υ
2374 4475 2474 4543 τῆς
2540 4473 2818 4544 πατρίδος,
2876 4474 2971 4524 καὶ
3028 4470 3299 4539 νυμφικδν
3351 4468 3591 4537 θάλαμον
3639 4468 3721 4529 είς
3756 4467 3964 4537 θρῆνον

698 4572 972 4636 sapienter
999 4587 1011 4622 :
1042 4568 1174 4621 Cum
1218 4583 1322 4620 non
1362 4567 1615 4619 eveniant
1658 4579 1777 4632 quae
1823 4561 2091 4623 volumus,
2148 4574 2266 4628 quin

2375 4565 2685 4636 μετέϐαλεν.
2724 4566 2788 4617 Ὢ
2818 4565 2971 4616 πόσοι
3030 4567 3150 4625 ταῖς
3179 4562 3360 4614 ἐλπίσι
3400 4559 3737 4630 τρυφῶντες,
3786 4559 3964 4627 μῦθος

700 4664 960 4714 eveniunt
984 4659 1393 4713 velitnus.Ahit
1446 4667 1643 4708 terram
1695 4653 2004 4722 relinquens
2049 4660 2107 4705 ut
2133 4667 2265 4705 con-
2372 4679 2377 4702 ι

2372 4657 2459 4709 διὰ
2508 4656 2710 4725 ταύτην
2772 4656 3051 4723 ἐγένοντο’
3084 4654 3198 4708 ἀλλ’
3230 4654 3350 4706 οὐδὲ
3380 4656 3443 4721 τῇ
3483 4653 3649 4723 ψήφῳ
3670 4654 3829 4721 νικᾷ*
3864 4654 3964 4703 καὶ

696 4754 828 4823 jugii
890 4752 1027 4804 mala
1060 4761 1112 4805 et
1148 4750 1441 4803 liberorum
1493 4756 1698 4816 partus,
1761 4745 1805 4799 si
1842 4743 2005 4797 futuri
2047 4752 2272 4807 essent;

2375 4747 2489 4815 ἅμα
2512 4746 2728 4798 τιθέλει
2772 4748 2867 4797 καὶ
2897 4744 3142 4814 γίνεται·
3208 4744 3451 4795 νικασθω
3509 4742 3803 4811 φιλοσοφία
3864 4743 3965 4793 καὶ

702 4845 1054 4912 praetermitto
1106 4851 1281 4894 autent
1319 4840 1623 4892 nutrieiaha
1661 4836 1897 4906 pericula
1929 4845 1980 4887 et
2016 4835 2153 4887 inter
2199 4834 2275 4886 fe—

2381 4837 2572 4906 γνώμη
2602 4853 2615 4865 ·
2669 4839 2760 4890 καὶ
2791 4838 2932 4889 ἔστω
2984 4853 3033 4887 τι
3084 4836 3245 4887 πλέον
3278 4837 3388 4895 τοῖς
3423 4831 3805 4902 ἀνακειμένοις
3835 4848 3892 4884 τ.
3915 4836 3963 4893 ῖς

701 4933 957 4986 licitatetn
1023 4935 1265 4993 timores,
1327 4946 1393 4984 ne
1450 4931 1658 4983 scilicet
1716 4927 2071 4996 praesentibus
2118 4927 2270 4980 bonis

2384 4928 2616 4997 μούσαις
2654 4927 2715 4979 τὸ
2751 4928 2936 4997 φέρειν
2968 4927 3164 4979 εἰδέναι
3192 4928 3287 4987 τὰς
3317 4925 3505 4994 τύχας.
3539 4923 3820 4992 Θαυμάζω
3850 4926 3966 4990 γὰρ

698 5025 1013 5088 excidatur;
1054 5025 1208 5077 malis
1240 5023 1362 5075 vim
1402 5023 1570 5075 libera
1600 5022 1749 5083 abit;
1768 5021 1909 5072 viam
1940 5033 2065 5072 vere
2106 5018 2270 5071 latam

2381 5019 2556 5087 ἔγωγε
2603 5019 2694 5071 καὶ
2722 5019 2808 5069 τὸν
2847 5018 3105 5087 εἰρηκότα
3137 5017 3315 5086 σοφῶς
3349 5032 3362 5045 ·
3410 5014 3548 5069 Ἀλλ’
3571 5014 3761 5083 ἐπειδὴ
3777 5016 3853 5084 μὴ
3880 5018 3968 5082 τί-

699 5116 1008 5185 ingrediens
1043 5128 1096 5170 et
1130 5131 1289 5183 quam
1347 5128 1537 5167 omnes
1597 5128 1693 5166 nos
1726 5111 1935 5181 ingredi
1965 5116 2180 5177 oportet
2209 5123 2274 5162 eo

2382 5128 2529 5163 νεται
2576 5111 2610 5164 ε
2656 5110 2901 5180 θέλομεν,
2937 5109 3257 5178 θελήσωμεν
3302 5108 3370 5160 τὰ
3419 5108 3713 5176 γινόμεναο
3746 5110 3968 5175 o’xzrct

700 5209 842 5275 quod
877 5209 987 5261 nati
1022 5222 1210 5260 sumus
1235 5242 1250 5258 .

2383 5203 2481 5270 τὴν
2525 5203 2627 5270 γῆν
2687 5201 3047 5265 ἀπολιποῦσα,
3094 5202 3189 5255 καὶ
3230 5200 3411 5269 γάμου
3450 5197 3594 5251 κακά
3631 5199 3724 5251 καὶ
3752 5198 3969 5250 παίδων

698 5303 917 5367 ὠδῖνας,
953 5302 1135 5356 εἴποτε
1168 5303 1261 5355 καὶ
1315 5300 1597 5368 ἐγένοντοο
1635 5302 1729 5353 καὶ
1777 5300 1968 5354 σιωπῶ
2018 5301 2143 5362 τοὺς
2173 5300 2272 5369 τῆς
2312 5300 2701 5370 παιδοτρρςρίας
2733 5300 3033 5362 κινδύνους,
3071 5299 3167 5351 καὶ
3219 5298 3309 5351 τὸν
3340 5299 3399 5349 ὲν
3464 5296 3689 5365 εὐτυχία
3769 5296 3966 5362 φόϐον,

703 5406 779 5474 μή
809 5418 939 5454 ποτε
974 5401 1184 5489 γένοιξο
1213 5398 1319 5451 τῶν
1351 5398 1637 5468 παρόντων
1668 5398 1991 5467 διαμαρτεῖν
2015 5412 2029 5427 ’
2066 5396 2178 5448 τῶν
2253 5397 2307 5449 δὲ
2352 5398 2667 5465 συντρόφων
2698 5397 2777 5467 τῷ
2810 5396 2908 5466 βίῳ
2930 5395 3115 5448 κακῶν
3154 5394 3422 5463 γενομένη
3463 5391 3679 5444 πάντων
3739 5387 3974 5443 ἐλεύθε-

705 5513 798 5568 ρος
824 5494 1030 5565 οἴχεται
1059 5483 1333 5560 λεωφόρον
1367 5490 1535 5551 ὄντως
1562 5489 1702 5556 ὁδὸν,
1730 5490 1824 5543 καὶ
1846 5483 1911 5553 ἣν
1949 5488 2166 5542 ὁδεῦσαι
2188 5490 2269 5540 δεῖ
2308 5489 2535 5553 πάντας,
2561 5488 2748 5558 ἐπειδὴ
2776 5488 2867 5539 καὶ
2891 5487 3217 5555 γεγόναμεν.

1257 5585 1414 5641 XVI.
1460 5584 1666 5640 EIDEM
1696 5624 1709 5638 .

2937 5583 3053 5650 ις’.
3099 5583 3186 5653 Tu
3212 5581 3410 5653 ΑΥΤῼ.

774 5680 931 5736 Nunc
974 5675 1197 5745 cognovi
1261 5684 1459 5744 quanta
1517 5692 1603 5729 me
1658 5675 1806 5743 prius
1852 5675 2047 5745 injuria
2084 5686 2173 5729 tuo
2206 5677 2279 5729 si-

2459 5675 2571 5728 Νῦν
2594 5676 2764 5743 ἔγνων
2795 5674 2918 5728 ὅσον
2945 5675 3151 5743 ἠδίκεις
3183 5674 3452 5746 πρότερον
3509 5671 3766 5725 σιωπῶν’
3808 5674 3872 5739 ἐξ
3896 5669 3975 5729 ὧν

703 5774 870 5832 sentio
904 5768 1181 5825 alfeceris:
1239 5774 1496 5836 quantum
1546 5769 1688 5821 cnim
1726 5781 1810 5820 me
1836 5767 2081 5821 scribens
2132 5766 2283 5819 exhi-

2388 5768 2494 5836 γὰρ
2529 5766 2813 5837 ηῦφρανας
2868 5766 3114 5835 γράφων,
3161 5766 3226 5819 ἐγ.
3275 5764 3481 5818 τούτων
3529 5762 3669 5828 ὅλους
3729 5764 3972 5836 σιγήσας
