4248 6428
297 376 439 441 Ἠθῦ

1736 375 1780 433 Ε
1792 375 1857 434 Pl
1866 374 2138 434 STOL/‘E.

3415 364 3555 430 2734

295 483 510 544 λυπεῖς·
542 480 645 550 τὴν
697 482 807 552 γὰρ
852 479 1144 548 ἐπιστολὴν
1191 480 1270 542 εἰς
1323 482 1509 549 χεῖρας
1541 478 1742 542 λαϐὼν,
1772 497 1871 532 πα-
1910 488 1947 539 Α

1910 488 1947 539 Α
1981 477 2189 543 larasti,
2221 487 2425 531 tantmu
2460 486 2643 530 tacens
2674 474 2886 540 amigis.
2939 474 3107 529 Tuam
3160 490 3394 547 namque
3440 484 3556 547 epi-

295 572 453 635 λαιᾶς
485 570 765 642 ἐμνήσθην
814 570 1158 639 εὐδαιμονίας
1180 586 1191 599 ·
1237 572 1296 622 σὲ
1320 572 1574 638 παρεῖναι
1602 569 1775 623 δοκῶν
1814 571 1871 622 ὲν

294 668 408 728 τοῖς
434 664 747 735 γράμμασι,
778 661 872 717 καί
901 680 954 715 τι
978 662 1158 730 λέγειν
1180 664 1255 725 ὡς
1299 663 1530 733 παρόντι
1554 662 1833 733 προήχθην
1856 676 1870 691 ⁸

295 754 393 807 καὶ
423 755 491 805 τὰ
522 755 621 823 μὲν
648 750 822 814 εἷπον,
854 753 922 805 τὰ
943 752 999 804 δὲ
1065 752 1318 819 λέγοντος
1358 752 1579 806 ἀκούειν
1611 752 1827 803 ἐδόκουν
1857 767 1869 779 ·

296 844 390 897 καὶ
422 844 574 913 μόλις
596 842 927 912 ἀνενεγκὼν,
966 844 1138 911 ἔγνων
1169 845 1242 904 ὡς
1272 843 1405 914 ὄναρ
1449 839 1519 913 ἦν
1547 845 1750 906 ἐκεῖνα,
1780 843 1875 895 καὶ

295 937 651 1006 ἠπατήμεθα.
695 935 906 990 Οὐκοῦν
950 936 1127 1005 γράφε
1176 936 1457 998 πολλάκις,
1500 936 1587 989 ἵνα
1617 937 1715 1006 τῆς
1745 936 1876 1000 θέας

294 1028 651 1097 ἀποροῦντες,
680 1029 952 1097 ὀνείρασιν
974 1028 1395 1097 εὐφραινώμεθα
1416 1045 1429 1059 ·
1459 1029 1761 1099 ἐπειδήπερ
1781 1028 1875 1082 καὶ

293 1120 467 1182 δεινὸς
500 1121 734 1190 ἐραστὴς
756 1120 866 1171 τῶν
898 1120 1167 1173 παιδικῶν
1199 1121 1436 1189 ἀτυχῶν,
1478 1123 1714 1191 χρηστὸν
1742 1121 1875 1191 ὄναρ

294 1207 406 1265 εἶδε
436 1212 533 1265 καὶ
594 1210 1013 1281 μεταϐάλλεται·
1048 1212 1183 1265 ἀλλά
1218 1212 1431 1265 δέδοικα
1476 1213 1637 1265 ταυτὶ
1668 1212 1872 1280 λέγειν,

299 1303 376 1374 μὴ
415 1304 511 1357 καὶ
538 1303 769 1373 νομίσας
790 1302 990 1372 ἀληθῆ,
1021 1305 1368 1373 φρονήματος
1395 1304 1752 1374 ἐμπλησθεὶς,
1781 1307 1876 1357 καὶ

295 1399 509 1466 γένοιτο
549 1397 708 1450 πάλιν
734 1400 922 1469 σιγᾷν·
980 1398 1169 1467 νόμιζε
1221 1398 1401 1451 τοίνυν
1457 1392 1596 1450 εἶναι
1662 1398 1873 1467 ψευδῆ·

296 1488 392 1541 καὶ
428 1488 587 1557 μόνον
618 1487 907 1549 λαλοῦντος
932 1488 1259 1557 ἀκούσομαι.
1310 1489 1414 1541 Τὸν
1442 1488 1497 1541 δὲ
1528 1488 1763 1559 φέροντα
1778 1494 1876 1556 την

294 1578 589 1650 ἐπιστολὴν
616 1580 987 1649 ἀνεψιὸνδντα
1024 1580 1121 1634 καὶ
1164 1581 1449 1651 κηδεστὴν,
1503 1583 1555 1635 εί
1572 1598 1635 1648 γε
1689 1581 1768 1633 δεῖ
1816 1581 1876 1633 τὸ

301 1674 502 1741 μᾶλλον
531 1675 727 1736 εἰπεῖν,
752 1673 1039 1742 εὐμενέσιν
1088 1672 1209 1725 ίδὼν
1253 1673 1553 1743 ὀφθαλμοῖς
1580 1713 1595 1737 ,
1629 1675 1733 1726 κᾶν
1761 1674 1874 1746 δὲῃ.

295 1762 597 1832 παρασχὼν
617 1762 766 1831 αὐτῷ
799 1762 1194 1832 συμμαχοῦσαν
1227 1764 1324 1834 τὴν
1365 1764 1632 1832 γλῶτταν,
1658 1765 1779 1835 ἐμοί
1818 1780 1875 1816 τε

296 1856 407 1907 πᾶν
435 1854 639 1907 διδόναι
669 1853 816 1906 δόκει
852 1855 950 1925 τῆς
969 1854 1208 1923 χάριτος.

865 2036 961 2088 lZ'.
983 2035 1071 2105 Te
1106 2035 1311 2103 ΑΥΤῼ.

370 2129 541 2199 Ὅσης
566 2127 850 2198 ἀπήλαυσε
890 2126 1020 2198 παρ’
1057 2125 1209 2195 ὑμῶν
1230 2127 1327 2197 τῆς
1357 2127 1605 2189 εὐποιίας
1651 2128 1679 2179 ὁ
1717 2127 1877 2179 καλὶς

297 2221 598 2289 Ζαχαρίας,
642 2219 804 2281 αὐτό-ς
846 2236 905 2271 τε
936 2219 1227 2290 διηγεῖται,
1280 2219 1541 2281 πολλάκις
1580 2219 1675 2271 καὶ
1718 2220 1879 2289 ἡμεῖς

296 2312 655 2380 ἀκηκόαμεν·
703 2311 889 2381 ἐδήλου
929 2310 1108 2363 δὲκαὶ
1151 2310 1217 2364 τὰ
1266 2310 1507 2380 ὑμέτερα
1551 2309 1876 2380 γράμματα,

298 2404 440 2473 πλὴν
482 2402 621 2454 ἀλλά
652 2401 751 2470 τῆς
781 2400 1036 2470 ἀληθείας
1072 2400 1329 2454 ἐλάττονα
1358 2416 1371 2429 ·
1405 2403 1553 2464 ὅπως
1585 2402 1671 2465 ἂν,
1698 2397 1873 2469 οἶμαι,

294 2492 454 2563 δόξῃς
512 2492 581 2544 τὰ
627 2492 838 2561 χρηστά
886 2493 1057 2543 ποιεῖν
1087 2491 1286 2543 είδέναι
1326 2490 1524 2561 μᾶλλον
1572 2492 1605 2561 ἢ
1648 2492 1827 2559 λέγειν
1863 2508 1877 2524 ·

302 2586 436 2651 δπερ
477 2585 577 2635 οὐκ
632 2582 833 2652 ἀπορία
860 2582 951 2635 τού
990 2583 1258 2650 λέγοντος,
1299 2582 1431 2635 ἀλλά
1461 2584 1692 2653 σώφρων
1718 2583 1880 2647 αἰδὼς

297 2671 395 2740 τὴν
441 2671 643 2739 ἑαυτῆς
681 2671 881 2740 ἀρετὴν
928 2671 1358 2743 ἐπικρύπτουσα.
1414 2672 1525 2742 Τὴν
1565 2672 1621 2726 δὲ
1672 2672 1770 2744 σὴν
1802 2675 1881 2736 είς

298 2765 448 2831 ἡμᾶς
507 2762 742 2833 σπουδὴν
792 2765 884 2815 καὶ
925 2764 1057 2832 πρὶν
1114 2764 1367 2832 γενέσθαι
1408 2767 1541 2817 πᾶσι
1590 2765 1732 2835 βοῶ·
1787 2768 1882 2818 καὶ

302 2854 453 2919 ξένον
478 2854 628 2906 οὐδὲν
664 2855 795 2923 ἡμῖν
832 2855 1043 2907 ἅπαντα
1084 2854 1118 2908 ἃ
1149 2856 1245 2925 μὲν
1287 2855 1352 2907 ἂν
1381 2856 1690 2925 ἐλπίσωμεν
1723 2856 1881 2922 γενέ-

304 2947 462 2999 σθαι·
522 2949 616 2999 καὶ
684 2947 923 3018 μεγάλης
984 2947 1149 3017 οὔσης
1203 2949 1291 3001 ἀεὶ
1336 2948 1436 3015 τῆς
1493 2949 1725 3013 ἐλπίδος,
1782 2949 1883 3002 οὐκ

302 3040 518 3109 ἐλέγχει
546 3040 750 3107 ταύτην
783 3043 815 3104 ἡ
858 3043 1018 3110 πεῖρα
1043 3056 1058 3070 ·
1092 3038 1200 3106 ἐγὼ
1236 3040 1336 3110 μὲν
1357 3039 1449 3092 οὖν
1479 3043 1574 3093 καὶ
1612 3041 1781 3093 πλείω
1807 3042 1883 3093 λέ-

1976 570 2170 623 stolam
2206 570 2258 622 in
2308 568 2557 621 manibus
2606 568 2903 636 accipiens,
2962 568 3205 635 pristina:
3240 571 3556 625 recordatus

1977 675 2096 713 Sunt
2142 658 2449 721 felicitatis;
2486 666 2538 711 te
2584 658 2635 710 in
2676 659 2784 712 tuis
2828 657 3024 711 litteris
3053 660 3245 713 adesse
3291 661 3557 726 opinabar

1977 764 2031 805 et
2077 754 2142 805 ad
2185 752 2564 821 alluquendutu
2615 759 2665 804 te
2702 752 2846 804 velut
2876 762 3196 821 praisentem
3243 754 3553 818 excitabar;

1981 847 2137 900 modo
2203 845 2369 914 loqui,
2420 846 2578 897 modo
2616 845 2806 897 audire
2866 843 2994 896 mihi
3058 844 3317 907 videbar;
3380 852 3434 896 ct
3469 846 3554 897 vix

1980 938 2123 992 ferre
2150 939 2315 1007 potui,
2389 953 2510 991 cum
2567 935 2760 1004 agnovi
2804 935 2854 987 id
2884 948 3005 988 esse
3058 937 3328 987 somnium
3384 942 3558 989 etme

1979 1027 2125 1083 falli.
2162 1031 2368 1094 Samius
2399 1043 2526 1096 ergo
2550 1026 2748 1091 scribe,
2801 1036 2878 1089 ut,
2924 1034 3016 1079 tuo
3045 1036 3335 1094 conspectu
3386 1027 3559 1078 desti-

1982 1128 2150 1182 tutus,
2185 1117 2411 1170 somniis
2466 1115 2657 1169 Saltem
2712 1116 3010 1184 gaudeam.
3045 1116 3322 1182 Siquidem
3359 1115 3557 1168 ardens

1978 1220 2211 1269 atuator,
2294 1208 2407 1263 suis
2471 1208 2711 1275 privatus
2774 1206 2984 1268 amicis,
3060 1206 3216 1259 dulce
3280 1208 3552 1260 somnium

1981 1304 2125 1357 videt
2155 1315 2208 1357 et
2258 1305 2493 1372 seipsum
2540 1302 2696 1356 fallit.
2756 1304 2860 1356 Sed
2912 1302 3026 1355 Iuno
3049 1301 3255 1367 dicens,
3293 1303 3455 1357 timeo
3491 1319 3559 1356 ne

1981 1407 2106 1446 vera
2138 1408 2258 1449 esse
2294 1404 2448 1463 putes
2495 1404 2548 1448 et
2599 1392 2852 1461 superbia
2891 1393 3082 1460 plenus
3120 1392 3298 1447 denuo
3342 1405 3553 1447 taceas:

1980 1487 2152 1554 cogita
2209 1500 2337 1555 ergo
2390 1486 2523 1539 t'alsa
2577 1498 2719 1551 esse,
2773 1498 2881 1553 quo
2934 1493 2986 1537 te
3023 1498 3241 1552 Semper
3312 1488 3553 1542 audiam.

1980 1577 2079 1643 Qui
2118 1587 2294 1629 autem
2353 1594 2527 1629 meam
2568 1576 2851 1645 epistolam
2910 1578 2974 1629 ad
3025 1587 3076 1629 te
3128 1577 3359 1637 ιιι-ἰέναι,
3423 1594 3559 1646 quo-

1983 1670 2124 1721 niam
2153 1670 2510 1723 consobrinus
2527 1668 2641 1723 etsi
2672 1668 2800 1726 quid
2825 1668 3055 1736 amplius
3080 1670 3366 1722 dicendum
3395 1687 3561 1737 gener

1984 1775 2135 1813 meus
2201 1770 2311 1821 est,
2371 1775 2490 1814 cum
2543 1758 2714 1826 gratis
2764 1758 2999 1825 accipias
3049 1761 3240 1824 oculis,
3282 1772 3354 1827 et,
3386 1765 3431 1815 si
3464 1779 3558 1816 ne-

1914 1824 2157 1912 Bcesso,
2213 1862 2475 1919 praestans
2534 1861 2589 1906 et
2620 1862 2723 1905 tua:
2781 1849 2976 1918 linguae
3023 1852 3373 1918 adjutorium,
3404 1870 3554 1909 sum-

1982 1959 2121 1994 mam
2156 1944 2283 1995 mihi
2309 1943 2539 2012 gratiam
2574 1953 2800 2009 prmstes
2830 1986 2843 2001 .

2560 2033 2720 2089 XVII.
2767 2037 2993 2093 EIL’EM.

2051 2127 2261 2194 Quanta
2291 2129 2432 2199 apud
2464 2138 2513 2182 te
2543 2130 2804 2185 felicitate
2831 2134 3048 2201 gavisus
3088 2132 3251 2185 fuerit
3292 2131 3559 2188 tortuosos

1981 2215 2292 2279 Zacharias,
2330 2218 2442 2285 ipse
2477 2217 2631 2272 nobis
2663 2222 2905 2273 narravit
2941 2230 2997 2274 et
3024 2220 3351 2290 compluries
3390 2223 3557 2275 audi-

1980 2310 2190 2376 vimus;
2255 2320 2376 2364 tuas
2423 2323 2641 2378 quoque
2685 2310 2895 2365 litteras
2938 2314 3293 2379 monstrabat,
3331 2313 3561 2368 veritato

1984 2409 2161 2454 tamen
2204 2401 2464 2464 minores,
2499 2403 2774 2468 quoniam,
2814 2414 2869 2455 ut
2917 2403 3135 2474 opinor,
3172 2404 3363 2457 melius
3404 2419 3562 2474 egre-

1981 2492 2052 2560 gii
2084 2491 2266 2547 facere
2295 2493 2404 2547 scis
2434 2508 2596 2561 quam
2636 2495 2845 2561 dicere,
2879 2512 2983 2548 non
3013 2510 3079 2549 ex
3111 2498 3377 2550 sermonis
3421 2497 3561 2551 iudi-

1982 2587 2188 2655 grntia,
2216 2587 2313 2639 sed
2356 2601 2419 2638 ex
2474 2587 2735 2641 mo-iestia
2779 2602 2898 2655 qua:
2941 2604 3093 2642 suam
3133 2590 3387 2643 virtutem
3429 2608 3558 2659 pru-

1982 2680 2173 2733 denter
2218 2677 2472 2731 occultat.
2526 2679 2695 2732 Tuam
2750 2689 2928 2732 autem
2984 2681 3035 2733 in
3083 2696 3180 2734 nos
3224 2682 3553 2751 diligentiam

1976 2769 2296 2840 jampridem
2330 2771 2674 2824 exsistcutem
2702 2774 2950 2827 omnibus
2989 2773 3183 2837 clamo,
3213 2783 3267 2828 et
3297 2774 3410 2828 lia-c
3438 2790 3560 2829 om-

1986 2863 2071 2914 nia
2108 2878 2228 2930 qua:
2256 2877 2539 2931 speramus
2586 2864 2719 2916 nihil
2769 2863 2882 2917 fme
2932 2880 3166 2929 novum;
3220 2878 3555 2930 quantacun-

1983 2969 2088 3021 que
2118 2953 2263 3007 enim
2299 2967 2484 3007 nostra
2529 2968 2675 3021 spes,
2706 2970 2823 3008 eam
2852 2972 2957 3010 non
2987 2956 3132 3009 fallet
3163 2966 3409 3011 eventus.
3449 2958 3564 3027 Ego

1984 3042 2201 3110 quidem
2255 3043 2411 3113 plura
2469 3045 2648 3098 dicere
2701 3046 2881 3109 velim,
2931 3048 3026 3100 sed
3060 3063 3170 3111 me,
3203 3050 3411 3102 neseio’
3442 3066 3560 3113 cur,

305 3148 366 3200 γε
379 3149 428 3184 ιν
452 3131 621 3184 ἐθέλω
642 3148 655 3161 ·
681 3134 743 3184 σύ
777 3133 833 3186 δέ
852 3150 917 3199 με
942 3132 1176 3197 παίζειν,
1194 3134 1294 3186 οὐκ
1325 3128 1418 3186 οἷδ’
1444 3134 1612 3196 ὅπως,
1634 3135 1763 3204 ἡγῇ,
1787 3133 1884 3187 καὶ
1910 3165 1952 3221 c

1910 3165 1952 3221 ρ
1987 3135 2161 3205 jocari
2206 3136 2418 3204 putabis
2462 3138 2749 3217 et’tacelio
2779 3154 2793 3191 :
2828 3146 2972 3191 tanta
3023 3139 3165 3193 enim
3202 3149 3285 3194 est
3317 3153 3405 3195 tua
3445 3157 3563 3196 mo-

306 3224 604 3291 σιγήσομαι
622 3238 635 3251 ·
668 3222 921 3275 τοσοῦτον
950 3225 1057 3294 γάρ
1085 3240 1168 3275 σοι
1194 3224 1254 3275 τὸ
1293 3224 1535 3293 μέτριον,
1564 3223 1638 3286 ὠς
1670 3225 1761 3277 καὶ
1792 3224 1882 3277 τὸν

305 3314 524 3383 ἀληθῶς
557 3316 880 3368 ἐπαινοῦντα
900 3317 1110 3380 παίζειν
1134 3319 1243 3385 ἡγῇ
1270 3334 1283 3347 ·
1320 3315 1436 3384 ἐγὼ
1454 3315 1511 3368 δὲ
1528 3315 1651 3367 οὔτε
1675 3316 1885 3379 παίζων

313 3408 405 3472 τῆς
436 3406 696 3476 ἀληθείας
717 3406 1022 3477 ἐξίσταμαι,
1057 3407 1181 3460 οὐτε
1216 3407 1494 3477 ἀληθεύων
1522 3405 1617 3459 τοῦ
1646 3405 1882 3470 παίζειν,

310 3497 471 3567 ἡνίκα
502 3497 565 3567 δή
608 3515 697 3565 μοι
747 3500 882 3566 πρὸς
929 3501 1051 3560 τούς
1103 3497 1387 3567 φιλοῦντας
1431 3500 1458 3549 ό
1522 3498 1703 3564 λόγος·
1746 3496 1885 3550 ὥστε

303 3587 515 3659 ίδέχου]
557 3590 680 3652 τοὺς
741 3591 907 3658 ἐμοὺς
957 3590 1209 3652 ἐπαίνους
1241 3606 1252 3618 ·
1291 3588 1413 3641 οὐτε
1462 3589 1569 3657 γάρ
1608 3588 1887 3650 παντελῶς

307 3681 415 3734 κῶν
443 3681 877 3752 ἀπερριμμένων
905 3678 955 3733 εἷ
981 3681 1111 3750 παρ’
1143 3680 1284 3750 ἐμοί.

868 3774 973 3826 nr.
1004 3773 1327 3844 ΔΩΡΟΘΕῼ.

379 3868 565 3929 Δεινδς
588 3865 696 3934 ἀρα
726 3883 806 3927 τις
851 3860 995 3933 ἦσθα
1042 3865 1107 3917 τά
1158 3864 1368 3937 σμικρὰ
1418 3862 1631 3933 μεγαλα
1689 3865 1885 3923 ποιεῖν,

324 3958 403 4010 sal.
432 3951 513 4017 οἷς
546 3956 610 4010 ἂν
636 3956 828 4025 ἐθέλῃς
859 3958 954 4008 καὶ
980 3956 1185 4026 μοῦσαν
1221 3954 1451 4008 διδόναι·
1503 3954 1679 4006 καίτοι
1729 3953 1890 4005 ἐπαί-

312 4066 418 4108 νοις
458 4050 558 4117 οὐχ
602 4042 712 4111 οἷος
744 4047 853 4115 ἐγὼ
880 4048 1078 4115 λέγειν,
1123 4048 1235 4099 ἀλλ’
1284 4041 1394 4098 οἷον
1428 4046 1694 4115 προσήκει
1734 4044 1888 4112 γενέ-

307 4139 467 4192 σθαι·
506 4138 639 4190 ἀλλά
672 4137 847 4207 καιδΰ
867 4133 942 4189 ὧν
970 4155 1057 4207 μοι
1082 4139 1203 4199 τούς
1221 4137 1409 4204 λόγους
1440 4136 1626 4193 αἰτῶν,
1646 4134 1888 4186 Ἀττικόν

304 4247 358 4281 τι
402 4230 615 4301 φθέγγῃ
656 4231 751 4283 καὶ
780 4232 899 4291 ταῖς
947 4230 1166 4299 χάρισιν
1200 4228 1485 4296 ἀνειμένον
1533 4225 1764 4288 πείθεις,
1811 4225 1887 4288 ὡς

309 4321 447 4390 μήτε
484 4319 625 4373 ἑκὼν
653 4318 790 4372 εἶναι
826 4320 1053 4382 τούτους
1093 4318 1469 4387 ἐκπέμψομεν,
1504 4315 1767 4386 φόὸῳτοῦ
1802 4316 1878 4384 μὴ

306 4413 462 4481 παρά
498 4413 581 4464 σολ⁵
613 4414 774 4482 κριτῇ
828 4414 953 4473 τοὺς
990 4414 1158 4479 ἐμοὺς
1200 4410 1517 4479 ἐλέγχεσθαι
1550 4409 1765 4471 παῖδας.
1815 4406 1888 4459 Τὸ

1988 3228 2159 3282 destia
2194 3239 2250 3281 ut
2281 3215 2546 3281 veraciter
2580 3229 2888 3283 laudantem
2918 3230 3088 3298 jocari
3122 3231 3433 3297 existimes;
3468 3233 3563 3287 sed

1989 3336 2163 3389 neque
2196 3320 2320 3389 joco
2355 3338 2384 3375 a
2414 3322 2638 3376 veritate
2672 3323 2967 3385 discedam,
2998 3339 3174 3393 neque
3217 3338 3339 3378 vcra
3380 3326 3569 3381 dicens

1987 3413 2183 3482 ajoco,
2220 3412 2438 3482 quando
2467 3415 2533 3467 ad
2563 3415 2769 3468 amicos
2814 3414 2942 3469 mihi
2986 3417 3089 3471 erit
3139 3431 3354 3479 sermo;
3403 3436 3431 3469 a
3483 3436 3568 3471 me

1988 3508 2150 3572 igitur
2182 3504 2370 3559 laudes
2402 3505 2617 3574 suscipe
2656 3524 2671 3559 :
2708 3522 2981 3574 tmmptam
3028 3509 3171 3560 enim
3230 3523 3259 3561 e
3305 3508 3565 3562 memoria

1990 3602 2173 3646 nostra
2214 3594 2447 3646 decidas.

2471 3768 2653 3823 XVIII.
2691 3767 3083 3824 DOIiOTHEO.

2061 3860 2260 3917 Potens
2283 3875 2416 3915 sane
2448 3876 2507 3917 es
2535 3862 2603 3917 de
2635 3862 2815 3930 parvis
2852 3878 3041 3930 magna
3070 3862 3248 3915 facere
3279 3875 3331 3917 et
3370 3865 3568 3932 quibus

1992 3955 2069 4006 vis
2106 3968 2287 4007 musas
2318 3955 2522 4022 largiri.
2557 3953 2663 4007 Sed
2698 3970 2802 4005 non
2832 3955 3006 4019 ipsum
3038 3954 3129 4021 qui
3179 3953 3403 4009 laudare
3444 3972 3569 4025 pos-

1989 4048 2114 4109 sint,
2172 4048 2266 4099 sed
2305 4048 2557 4113 quoniam
2602 4044 2715 4097 ﬁeri
2785 4054 2961 4113 potest
2996 4045 3196 4099 dicam.
3268 4047 3322 4100 lu
3369 4050 3569 4116 quibus

1991 4138 2184 4191 litteris
2204 4152 2481 4192 sermones
2513 4153 2540 4189 a
2567 4153 2652 4191 uie
2678 4137 2910 4206 expetis,
2936 4137 3116 4191 Attice
3132 4139 3267 4192 dicis
3297 4148 3348 4191 et
3379 4142 3571 4207 gratiis

1990 4231 2300 4300 persuades.
2325 4230 2397 4282 ita
2418 4235 2622 4282 utadte
2639 4243 2745 4282 non
2772 4227 2943 4282 libens
2969 4243 3063 4283 eos
3092 4230 3569 4291 miserim,vcritus

1992 4335 2185 4388 nempe
2212 4334 2299 4385 ne,
2340 4330 2391 4373 te
2415 4319 2619 4387 judice,
2641 4322 2749 4373 uati
2777 4320 2879 4372 mei
2905 4320 3254 4373 damnentur.
3285 4322 3440 4389 Apud
3475 4323 3568 4392 ju-

1991 4415 2137 4467 tlices
2167 4413 2307 4465 enim
2356 4411 2621 4475 faventes,
2653 4412 2853 4480 aliquid
2909 4410 3048 4465 forte
3093 4422 3308 4477 essent;
3344 4416 3438 4467 sed
3473 4430 3569 4469 vo-

305 4504 416 4571 γὰρ
469 4504 737 4575 ἡμέτερον
786 4505 916 4572 παρ’
951 4503 1196 4554 εὐνοοῦσι
1247 4502 1343 4569 μὲν
1398 4502 1679 4561 δικασταῖς
1728 4499 1889 4568 τυχὸν
1924 4506 1965 4559 D

1924 4506 1965 4559 D
1994 4505 2225 4558 leutibns
2261 4505 2490 4558 strictim
2522 4504 2820 4567 exauliuor,
2840 4503 2991 4556 nihil.
3020 4502 3124 4557 Sed
3149 4505 3278 4557 mihi
3311 4505 3356 4557 is
3381 4506 3456 4559 sis
3478 4508 3567 4575 qui

308 4596 439 4657 ἴσως
487 4596 629 4663 μέγα
661 4608 673 4620 ·
726 4593 1117 4663 παρεξετάζειν
1155 4593 1209 4644 δὲ
1248 4591 1596 4662 βουλομένοις
1648 4590 1888 4641 ἐναντίον

302 4686 492 4750 δόξει·
539 4686 675 4738 ἀλλά
712 4702 800 4754 μοι
854 4685 1032 4752 γένοιο
1074 4684 1135 4736 τὸ
1168 4686 1470 4753 πρότερον·
1521 4684 1595 4744 ὡς
1644 4680 1740 4751 τὴν
1787 4682 1885 4749 σὴν

306 4776 595 4845 ἐπιστολὴν
610 4776 838 4838 δεδιότες
869 4778 916 4827 οἱ
949 4774 1117 4841 λόγοι,
1156 4775 1258 4826 Ἔα
1284 4774 1587 4837 λανθάνειν,
1616 4766 1661 4824 ὦ
1688 4771 1884 4841 πάτερ,

305 4869 571 4929 πολλάκις
612 4866 781 4919 ἐϐόων
809 4880 821 4893 ·
876 4864 987 4933 ἐγὼ
1033 4865 1089 4917 δὲ
1133 4865 1392 4926 πολλάκις
1446 4863 1885 4935 παρεμυθούμην

300 4959 515 5012 οἴκοθεν
544 4957 726 5010 οἴκαδε
756 4958 1034 5027 φοιτήσειν
1063 4955 1536 5023 ἐπαγγελλόμενος
1562 4972 1578 4986 ·
1615 4956 1884 5020 ἐπάγεται

301 5051 360 5102 δὲ
396 5048 572 5117 τού-ες)
616 5048 842 5117 πολίτης
874 5047 1138 5117 ὑμέτερος
1160 5085 1175 5108 ,
1300 5045 1370 5098 τά
1423 5046 1640 5114 μουσῶν
1696 5045 1846 5108 μέλει
1869 5060 1881 5074 ·

302 5139 581 5210 Δωρόθεος
611 5139 779 5209 όνομα
816 5137 992 5209 αὐτῷ,
1033 5140 1128 5190 καὶ
1168 5138 1435 5205 Πελαγίου
1473 5136 1660 5189 τοῦτον
1694 5138 1855 5187 ἐπονο

306 5232 481 5300 μαζου
491 5249 592 5284 σιν.

457 5316 888 5393 16¹.ΖΑΧᾹΡ1ᾼ
920 5323 1039 5375 ΚΑΙ
1069 5322 1351 5391 onmno
1376 5320 1726 5375 ΑΔΕΔΦΟΙΣ.

379 5412 451 5468 Εὐ
492 5432 557 5482 γε
588 5416 698 5467 τῶν
725 5415 1005 5484 ὑμετέρων
1034 5413 1381 5483 γραμμάτων
1409 5428 1420 5441 ·
1452 5412 1525 5470 ὡς
1562 5412 1696 5481 πρὸς
1728 5409 1887 5463 εὐθυ-

310 5507 440 5577 μίαν
480 5507 615 5575 ὅσην
642 5506 799 5575 ἡμῶν
826 5501 968 5557 οἶδεν
1004 5504 1251 5574 ἐπαίρειν
1282 5506 1381 5573 τὴν
1406 5504 1654 5574 γνώμην.
1689 5504 1753 5556 Τί
1779 5505 1886 5573 γάρ

303 5598 456 5671 ἥδιον
490 5597 524 5669 ἢ
566 5596 958 5667 φθεγγομένων
991 5596 1215 5649 ἀκούειν
1255 5597 1344 5648 ὅτε
1376 5596 1633 5663 παρεῖναί
1685 5612 1767 5656 τις
1820 5593 1887 5647 ἂν

303 5691 456 5762 αὐτῷ
492 5690 755 5761 φθόγγοις
788 5689 1135 5762 προσηύξατο
1160 5705 1173 5753 ;
1201 5687 1275 5751 ὡς
1305 5688 1413 5740 ἔδει
1460 5688 1558 5758 μὲν
1587 5688 1683 5739 καὶ
1719 5688 1886 5740 πάλαι

303 5783 484 5855 τούτῳ
510 5784 611 5854 τὴν
644 5782 817 5854 τύχην
858 5782 1173 5836 ἐπινεῦσαι·
1225 5782 1433 5849 γένοιτο
1460 5781 1505 5831 δ’
1534 5781 1597 5833 ἂν
1628 5797 1755 5834 ποτε
1792 5780 1886 5834 καὶ

1998 4609 2177 4650 antea.
2227 4594 2396 4648 Tuam
2452 4597 2703 4648 timentes
2748 4595 3057 4664 epistolam,
3128 4596 3231 4650 mei
3290 4613 3571 4653 sermones

1996 4690 2193 4756 sacpius
2238 4686 2541 4739 clamabant
2585 4685 2780 4749 :Sine,
2814 4702 2846 4739 ο
2893 4696 3066 4754 pater,
3098 4686 3425 4754 uosIatere;
3472 4704 3574 4760 ego

1996 4788 2174 4831 autem
2208 4795 2302 4831 eos
2346 4779 2669 4832 consolabar
2714 4778 3033 4846 promittens
3080 4778 3146 4830 de
3187 4779 3348 4832 domo
3386 4795 3481 4833 sua
3516 4782 3569 4833 in

1995 4871 2212 4922 dmuum
2249 4882 2399 4920 suam
2427 4882 2521 4921 eos
2555 4882 2678 4921 esse
2726 4869 2918 4921 ituros.
2954 4867 3147 4920 Incitat
3201 4884 3419 4938 quoque
3471 4888 3570 4926 uos

1996 4975 2133 5013 unus
2164 4974 2227 5012 ex
2257 4959 2468 5013 civibus
2496 4973 2773 5013 musarum
2808 4959 3097 5028 plurimum
3132 4975 3346 5027 amans,
3372 4964 3457 5017 cui
3483 4979 3574 5020 no.

1997 5067 2117 5104 men
2150 5051 2455 5105 Dorotltcus
2485 5063 2538 5105 et
2570 5050 2820 5119 Pelagius
2854 5067 3175 5120 cognomen.

1993 5323 2137 5378 XIX.
2200 5322 2573 5377 ZACIIARIIE
2633 5321 2720 5377 ET
2788 5318 3567 5385 PIIILIPPO,FRATRIBUS.

2067 5416 2317 5471 Feliciter
2362 5426 2551 5469 vestrae
2586 5415 2824 5468 litterae:
2877 5422 3077 5482 (planta
3136 5412 3324 5467 Ia2titia
3395 5428 3571 5467 meam

1996 5515 2228 5561 utentem
2284 5504 2668 5574 perfmlernnl!
2743 5506 2881 5571 Quid
2943 5504 3086 5556 enim
3148 5504 3359 5573 gratius
3407 5518 3571 5573 quant

1995 5598 2201 5658 audire,
2254 5611 2375 5649 cum
2424 5597 2545 5663 quis
2603 5602 2857 5662 precatur
2883 5594 2985 5647 sibi
3028 5594 3259 5647 adesse?
3306 5592 3424 5648 .Iam
3461 5595 3573 5662 pri-

1995 5689 2115 5741 dem
2156 5688 2441 5757 Oportebat
2501 5684 2774 5738 fortunam
2806 5686 2855 5738 id
2887 5685 3212 5746 concedere,
3274 5686 3371 5739 sed
3430 5699 3574 5738 nam:

2000 5780 2089 5833 tiat
2124 5789 2176 5836 et
2206 5780 2343 5837 bene
2372 5779 2591 5836 eveniat
2619 5789 2797 5836 vestra
2822 5778 3124 5849 VulUllIaIe,
3161 5778 3264 5843 Dii,
3323 5778 3375 5833 iu
3400 5791 3573 5847 quau-
