4248 6428
322 368 451 433 2731

1754 377 2154 439 ΕΡΙΞἸῸΙΛΞ.

3436 376 3576 441 2742

317 473 498 547 οἶμαι,
533 477 834 549 δεινότερόν
899 481 1046 534 ἐστιν
1071 498 1083 510 '
1128 485 1156 535 ό
1178 486 1278 551 μὲν
1330 485 1437 555 γὰρ
1486 486 1586 539 οὐκ
1613 488 1801 555 ἢθελεν
1824 487 1901 539 ἔτι
1933 494 1973 548 Α

1895 507 1901 539 ι
1933 494 1973 548 Α
2010 494 2162 545 rahat
2193 506 2258 545 nc
2292 506 2395 560 qua
2431 507 2494 546 ex
2529 493 2656 560 ipsis
2696 490 3120 559 Demophontem
3153 492 3530 545 transveheret
3562 525 3572 535 -

322 571 600 638 παρεῖναι,
638 570 703 622 σὺ
726 569 783 621 δὲ
811 571 871 622 ού
903 574 1120 642 μακρὰν
1143 574 1300 628 ἀπὼν
1333 576 1685 629 ἐπιστέλλειν.

798 836 927 892 KZ'.
965 839 1428 912 κοΝΣτιιΝτιῼ.

397 930 519 982 Ἔτι
553 933 703 1001 παρὰ
748 933 841 986 τὸν
874 933 1067 987 Νεῖλον
1088 938 1254 988 οἰκῶν
1304 937 1401 1006 τὴν
1462 937 1633 1008 καλὴν
1678 938 1897 1007 ἐκείνην

322 1022 611 1088 ἐπιστολὴν
642 1024 910 1095 ἐδεξάμην
932 1044 943 1056 ·
1005 1023 1117 1079 οἷον
1148 1028 1205 1080 δὲ
1238 1029 1367 1098 περὶ
1411 1028 1619 1097 ταύτης
1672 1028 1898 1097 συνέϐη,

323 1114 384 1164 οὐ
416 1114 596 1177 καλῶς
624 1115 691 1169 ἂν
732 1116 845 1185 ἔχοι
877 1122 1005 1189 σιγῇ
1040 1120 1354 1189 παρελθεῖν.
1393 1121 1479 1184 Ὠς
1510 1123 1620 1191 γὰρ
1664 1122 1905 1175 ἐπέδωκέ

328 1224 421 1271 μοι
475 1207 681 1279 ταύτην
710 1210 741 1262 ό
769 1209 973 1282 φέρων,
1019 1214 1113 1266 καὶ
1148 1214 1459 1282 προσετίθει
1493 1214 1549 1267 δὲ
1573 1214 1668 1267 καὶ
1719 1216 1903 1277 πόθεν,

326 1300 520 1368 πάσχω
544 1318 595 1354 τι
624 1303 792 1366 πάθος
821 1304 1089 1374 ἐρώντων.
1139 1306 1321 1376 Βραχὺ
1350 1308 1458 1376 γὰρ
1483 1307 1897 1376 ἀποπλανηθεὶς

322 1391 418 1443 τοῦ
451 1392 679 1456 εἰκότος,
699 1394 799 1464 ἤδη
819 1412 877 1447 σε
904 1396 998 1448 καὶ
1016 1398 1271 1467 παρεῖναί
1300 1415 1388 1466 μοι
1416 1399 1631 1459 πάντως
1657 1399 1900 1452 ἐδόκουνο

325 1483 418 1533 καὶ
444 1483 647 1549 τοίνυν,
673 1479 719 1541 ὦ
747 1486 969 1553 φίλτατε
994 1488 1233 1558 βροτῶν,
1284 1489 1423 1559 ἔφην
1452 1489 1526 1551 ὡς
1564 1489 1720 1541 ἀπὼν
1766 1491 1908 1555 ἄγαν

326 1574 547 1639 ἐλύπεις
568 1594 586 1611 ο
621 1582 715 1632 καὶ
744 1579 839 1632 νῦν
863 1581 1118 1635 ποθοῦσιν
1153 1583 1364 1650 ἀφῖξαι.
1414 1583 1583 1643 Ὠςτά
1601 1583 1657 1634 δὲ
1684 1581 1907 1634 τοιαῦτα

328 1668 590 1732 πολλάκις
647 1666 823 1739 εἶπον,
888 1676 1001 1736 τοῖς
1055 1674 1323 1743 παροῦσιν
1372 1675 1608 1744 ὑποψίαν
1651 1676 1907 1746 παρέχων

322 1759 419 1811 τοῦ
444 1762 771 1832 πράγματος
795 1781 810 1797 ·
848 1768 957 1820 Καὶ
977 1766 1041 1836 δὴ
1069 1767 1120 1819 τί
1141 1770 1389 1835 πάσχεις,
1422 1767 1666 1835 έςησαν;
1703 1767 1763 1818 ού
1798 1767 1907 1836 γὰρ

321 1850 387 1920 δή
409 1868 493 1905 σοι
532 1855 628 1907 καὶ
669 1856 860 1924 παρὼν
887 1859 1092 1920 ἐκεῖνος
1154 1859 1449 1926 τυγχάνει·
1480 1860 1560 1920 εἰς
1598 1857 1654 1909 δὲ
1687 1858 1907 1928 μνήμην

323 1943 496 1995 ἐλθὼν
547 1947 787 2014 ἐμαυτοῦ
825 1949 1074 2018 ἠνιάθην,
1134 1944 1221 2001 οἷα
1258 1949 1321 2019 δή
1360 1966 1444 2011 τις
1486 1949 1742 2001 ἐκπεσὼν
1800 1949 1901 2015 τῆς

321 2036 583 2105 τοιαύτης
610 2038 845 2105 ἐλπίδος,
881 2042 976 2093 καὶ
1006 2040 1181 2110 βραχὺ
1212 2035 1490 2109 δακρύσας
1522 2040 1696 2105 ἔγνων
1725 2041 1910 2093 ὁποῖον

320 2128 463 2197 ερως
500 2128 695 2199 ἰσχύει,
733 2132 828 2183 καὶ
856 2132 938 2183 ὃτι
962 2131 1139 2202 πλάνη
1196 2148 1279 2193 τις
1308 2127 1378 2202 ἦν
1436 2129 1909 2199 παραμυθουμένη

320 2218 415 2269 τὸν
470 2217 731 2288 λογισμόν
756 2236 769 2251 ·
803 2221 880 2283 ὡς
909 2222 966 2275 δὲ
994 2223 1094 2290 τὴν
1120 2221 1415 2289 ἐπιστολὴν
1461 2221 1737 2284 ἀναλύσας
1759 2220 1913 2272 ὲσκό-

322 2326 481 2373 πουν,
507 2312 682 2381 ἥσθην
730 2312 984 2366 τοσοῦτον
1019 2315 1095 2377 ὡς
1143 2315 1233 2367 ὅτε
1290 2314 1385 2367 τοῦ
1447 2314 1716 2384 παρόντος
1770 2312 1913 2367 ἑκὼν

322 2404 664 2474 ἀφιστάμην,
691 2405 764 2475 μὴ
786 2406 880 2459 καὶ
912 2407 1077 2459 πάλιν
1104 2408 1369 2468 πολλάκις
1400 2406 1588 2470 εἰπὼν,
1623 2408 1716 2460 καὶ
1738 2409 1767 2460 ὁ
1795 2406 1906 2460 τῶν

328 2494 633 2562 μελλόντων
661 2512 727 2565 με
757 2497 1053 2564 κατέπειγε
1098 2497 1283 2560 πόθος.

563 2674 696 2728 κιιν.
725 2675 1003 2746 ΟΥΛΠῙῼ.
1055 2675 1252 2748 [Βιιιιιί.
1298 2676 1659 2747 οΛΥΜΠΙῼ.]

398 2762 504 2814 Τὸν
559 2763 875 2833 θαυμαστὸν
928 2767 1270 2836 Στρατήγιον
1327 2767 1422 2819 καὶ
1478 2767 1745 2837 πρότερον
1810 2767 1913 2837 ἠδη

328 2855 520 2925 φιλῶν,
550 2857 643 2911 νῦν
668 2858 748 2913 ἔτι
780 2860 873 2912 καὶ
911 2859 1112 2926 μᾶλλον
1156 2860 1448 2929 ἠγάπησα,
1484 2860 1617 2912 διότι
1641 2859 1752 2911 τῶν
1775 2859 1915 2929 πρὸς

326 2947 590 3016 ἀλλήλους
620 2951 756 3017 ἡμῖν
792 2951 1140 3018 γραμμάτων
1191 2950 1433 3018 ὑπῆρξεν
1484 2949 1740 3013 ὑπόθεσις
1764 2966 1780 2980 ο
1810 2950 1912 3018 τὴν

327 3037 438 3105 γὰρ
501 3037 775 3106 προτέραν
832 3041 1045 3107 σιωπὴν
1104 3040 1475 3109 μεταστήσας,
1507 3038 1744 3092 δέδωκεν
1770 3040 1902 3108 ἡμῖν

2005 584 2099 639 sed
2133 585 2274 652 quod
2313 584 2453 637 inter
2485 599 2603 644 nos,
2634 584 2847 651 opinor,
2882 598 2985 636 non
3030 582 3206 634 minus
3236 583 3429 634 mirum
3454 590 3576 636 cst:

2005 690 2145 729 unus
2176 676 2318 727 enim
2350 691 2454 728 non
2489 676 2699 728 volebat
2745 675 2924 729 adlmc
2960 675 3198 743 prodire,
3233 683 3288 727 tu
3315 687 3443 728 vero
3473 690 3579 727 non

2006 768 2221 820 mittere
2250 766 2436 835 [ποι-ιιι
2466 768 2661 819 absens
2693 766 2922 819 litteras.

2421 856 2631 911 XXVII.
2661 855 3163 911 CONSTANTINO.

2079 949 2265 1002 Adhuc
2312 953 2451 1016 apud
2482 948 2660 1002 Nilum
2700 949 2953 1003 habitans
2983 949 3236 1017 pulchras
3273 950 3371 1002 has
3400 951 3583 1017 accepi

2008 1042 2252 1095 litteras:
2285 1042 2431 1108 quod
2462 1052 2642 1095 autem
2679 1042 2745 1096 de
2782 1040 2887 1095 illis
2930 1041 3150 1102 accidit,
3194 1056 3297 1093 non
3337 1041 3471 1095 bene
3500 1056 3588 1093 es-

2008 1145 2089 1187 set
2118 1134 2339 1187 silentio
2377 1135 2657 1201 praeterire
2693 1152 2705 1187 :
2750 1144 2804 1187 ttt
2846 1134 2991 1187 enim
3027 1132 3157 1185 mihi
3206 1133 3423 1185 tradidit
3468 1132 3587 1184 illas

2006 1226 2096 1294 qui
2141 1225 2369 1289 ferebat,
2412 1234 2468 1279 et
2516 1224 2724 1279 addidit
2771 1225 2913 1278 unde
2947 1233 3151 1284 esseut,
3182 1237 3264 1276 me
3294 1223 3457 1276 subiit
3492 1222 3589 1275 ali-

2009 1316 2132 1384 quis
2162 1317 2457 1369 amantium
2513 1315 2738 1369 aﬂcctus
2770 1335 2783 1368 :
2825 1315 3007 1369 subito
3053 1315 3198 1367 enim
3236 1324 3430 1382 prmter
3468 1328 3585 1365 mo-

2010 1405 2139 1459 dttm
2187 1407 2469 1471 aberrans,
2521 1405 2629 1473 iam
2664 1416 2714 1459 te
2741 1415 2797 1459 et
2829 1406 3020 1459 adesse
3055 1405 3185 1458 mihi
3233 1405 3453 1458 omnino
3485 1420 3590 1473 .pu-

2012 1495 2192 1547 tabam
2231 1506 2330 1549 :et
2377 1494 2519 1556 ideo,
2554 1510 2587 1547 ο
2634 1494 2956 1548 charissimc
3004 1492 3336 1552 mortalium,
3382 1493 3590 1560 inquie-

2011 1587 2131 1640 bam
2165 1600 2324 1652 quam
2380 1586 2575 1639 absens
2608 1585 2825 1637 nimiam
2857 1583 3129 1637 inferebas
3176 1582 3489 1637 tristitiam!
3535 1595 3591 1636 et

2012 1696 2152 1733 nunc
2182 1681 2246 1731 ad
2276 1689 2331 1734 te
2359 1680 2728 1733 desiderantes
2767 1677 2963 1731 tenisti
2999 1695 3011 1731 :
3048 1677 3120 1730 ita
3149 1688 3203 1730 ct
3228 1676 3423 1731 similia
3450 1691 3591 1743 saepe

2012 1772 2297 1834 iterabant,
2348 1771 2707 1839 praesentibus
2756 1770 2830 1822 rei
2881 1771 3244 1837 susnicionem
3296 1770 3586 1837 praebens:

2011 1863 2141 1931 quid
2180 1861 2347 1929 igitur
2379 1860 2603 1928 pateris,
2648 1860 2902 1913 dicebant
2931 1859 2955 1912 Υ
2990 1873 3094 1913 non
3141 1858 3285 1912 euint
3315 1867 3463 1911 certe
3494 1856 3589 1908 tibi

2012 1964 2067 2008 et
2115 1967 2351 2019 praesens
2407 1952 2507 2006 iste
2549 1952 2785 2004 occurrit
2830 1969 2844 2004 :
2896 1958 3077 2003 mente
3147 1959 3325 2002 autem
3378 1958 3591 2015 recepta

2014 2052 2240 2097 motstus
2279 2045 2422 2096 evasi
2476 2052 2731 2109 tauquam
2785 2042 2983 2111 aliquis
3013 2056 3044 2095 e
3096 2049 3241 2093 tanta
3277 2055 3373 2109 spe
3406 2041 3591 2092 detur-

2014 2135 2188 2197 batus,
2214 2143 2269 2189 et
2308 2135 2488 2187 subito
2514 2134 2840 2205 Iacrymans,
2872 2134 3062 2203 agnovi
3110 2142 3312 2203 quanta
3346 2133 3393 2184 vi
3433 2132 3593 2202 pollet

2014 2244 2185 2291 amor,
2232 2238 2437 2282 etesse
2492 2227 2892 2281 aherrationem
2946 2227 3235 2296 quamdam
3293 2241 3395 2293 qua
3456 2225 3594 2278 ratio

2015 2318 2267 2372 levatur:
2300 2333 2420 2372 cum
2471 2327 2650 2371 autem
2706 2317 2993 2384 epistolam
3041 2315 3254 2368 solvens
3282 2315 3593 2369 considera-

2014 2411 2157 2477 bam,
2207 2411 2505 2466 delectatus
2550 2426 2667 2465 sunt
2710 2411 2933 2476 perinde
2967 2424 3027 2463 ac
3076 2409 3120 2461 si
3162 2424 3193 2463 a
3225 2416 3489 2478 prmsente
3527 2408 3592 2457 li-

2016 2503 2146 2557 bens
2183 2502 2518 2565 recederem,
2552 2518 2708 2566 quem
2742 2511 2796 2555 et
2846 2502 3035 2554 iterum
3075 2516 3214 2568 saepe
3241 2515 3343 2551 non
3370 2498 3591 2551 fuissem

2016 2597 2307 2659 allocutus,
2343 2606 2399 2650 et
2433 2594 2597 2649 futuri
2632 2609 2717 2648 me
2751 2593 3067 2649 sollicitavit
3101 2592 3451 2646 desiderium.

2554 2684 2789 2741 XXVIII.
2824 2682 3045 2743 ULPlO.

2088 2778 2386 2834 Mirabilem
2437 2780 2755 2847 strategium
2786 2785 2841 2831 et
2870 2788 3028 2830 antea
3052 2775 3162 2842 jam
3206 2789 3416 2839 amans,
3453 2788 3598 2828 tntuc

2014 2882 2069 2928 et
2119 2872 2294 2926 adhuc
2338 2869 2510 2939 magis
2548 2867 2736 2937 diligo,
2797 2867 2922 2936 quia
2979 2866 3135 2920 nobis
3176 2865 3239 2917 ad
3281 2864 3515 2918 invicem
3560 2879 3589 2915 a

2015 2963 2213 3018 litteris
2240 2969 2426 3015 exorta
2454 2967 2537 3015 est
2568 2960 2786 3012 occasio
2822 2977 2833 3011 :
2876 2959 3107 3027 primum
3136 2956 3281 3010 enim
3313 2956 3589 3010 silentium

2018 3056 2344 3125 abrumpens
2408 3053 2621 3107 tradidit
2704 3051 2857 3104 nobis
2928 3051 3067 3103 viam
3118 3049 3318 3116 aliquid
3368 3049 3460 3099 tihi
3513 3047 3596 3098 di-

328 3130 506 3181 εἰπεζν
535 3147 591 3181 τι
624 3128 760 3197 πρὸς
786 3130 876 3183 σέο
904 3131 1000 3185 καὶ
1032 3130 1409 3201 φθεγγομένου
1440 3131 1603 3184 πάλιν
1640 3132 1903 3194 ἀκούσας.
1944 3157 1987 3216 c

1944 3157 1987 3216 ς,
2019 3145 2211 3201 cendi:
2255 3152 2309 3199 et
2344 3145 2655 3213 loquentem
2686 3143 2802 3196 vice
2844 3151 2932 3195 tua
2970 3140 3169 3193 audisti
3199 3156 3213 3193 :
3268 3139 3312 3194 si
3343 3133 3474 3192 vero
3500 3137 3597 3189 tibi

330 3222 393 3273 Εἰ
420 3221 477 3274 δὲ
506 3222 600 3274 καὶ
641 3225 725 3274 σοὶ
768 3221 894 3275 καθ’
945 3221 1141 3291 ἡδονὴν
1159 3223 1225 3275 τὰ
1280 3223 1524 3291 ἡμέτερα
1576 3222 1912 3293 γράμματα,

330 3313 466 3379 τίμα
496 3313 555 3366 δὲ
593 3314 801 3366 τούτων
868 3313 967 3383 τὴν
1011 3314 1211 3375 αἰτίαν,
1262 3315 1365 3383 ἤδη
1418 3315 1517 3383 μὲν
1564 3315 1693 3383 ὑμῖν
1758 3316 1918 3384 χάριν

332 3403 698 3472 ὁμολογοῦντα
744 3407 843 3473 τῆς
897 3403 1278 3474 προλαὸούσης
1314 3405 1589 3474 σπουδῆς,
1620 3406 1824 3474 μᾶλλον
1860 3406 1917 3459 δὲ

331 3498 647 3567 κηρύξαντα
686 3500 787 3567 τὴν
843 3501 1255 3571 εὐεργεσίαν,εί
1300 3502 1436 3569 πρὸς
1494 3501 1649 3562 τέλος
1703 3500 1917 3568 ἐνέγκοι

331 3593 433 3660 τὴν
492 3592 692 3661 χάριν·
748 3592 867 3645 ἀλλ’
920 3593 1185 3657 ἐπίδειξαί
1219 3610 1271 3644 τι
1315 3594 1561 3645 νεανικὸν
1616 3592 1758 3645 κατά
1806 3592 1919 3644 τῶν

331 3682 681 3747 ἀδικούντων,
729 3685 878 3747 ὅπως
908 3684 977 3738 ἂν
1020 3684 1305 3738 αἴσθοιντο
1343 3686 1567 3750 πάντες,
1609 3685 1755 3748 οἴους
1808 3685 1919 3754 ἄρα

333 3778 459 3837 τοὺς
498 3776 684 3843 φίλους
715 3776 855 3845 ἔχων
884 3776 1204 3829 ἐλάνθανον
1234 3776 1325 3828 τὶν
1349 3776 1403 3829 δὲ
1462 3776 1727 3845 ὑμέτερον
1775 3774 1921 3828 ἀδελ·

334 3867 438 3936 φὺν
496 3867 592 3919 καὶ
643 3868 773 3937 πρὶν
802 3868 900 3935 μὲν
949 3867 1078 3919 ἰδεῖν
1128 3868 1486 3937 ἠπιστάμην·
1515 3866 1780 3936 ἐγνώρισε
1809 3866 1921 3935 γάρ

336 3974 428 4027 μοι
458 3957 649 4010 τοῦτον
685 3958 946 4020 πολλάκις
975 3960 1007 4028 ἡ
1041 3960 1197 4029 φήμη
1223 3976 1236 3991 ·
1276 3960 1395 4012 νυνί
1427 3958 1484 4010 δὲ
1529 3959 1731 4025 μᾶλλον
1756 3956 1918 4011 ἐθαύ-

336 4062 487 4116 μασα
513 4048 581 4117 τῇ
610 4046 780 4119 πείρᾳ
824 4047 1013 4118 μαθών
1035 4064 1049 4078 ’
1077 4047 1350 4101 καὶτοῦτο
1374 4048 1500 4100 ἰδών
1538 4064 1596 4101 σε
1628 4047 1698 4101 δι’
1727 4048 1919 4118 ἑτέρου

333 4137 588 4207 σώματος
652 4138 800 4209 ἔχειν
857 4140 1143 4210 ἡγούμην
1172 4142 1267 4192 καὶ
1336 4140 1557 4210 μακρὰν
1621 4139 1801 4205 ἀπὼν,
1849 4140 1918 4193 δι’

330 4228 501 4299 ἄλλης
529 4231 665 4300 ἡμῖν
693 4231 902 4293 εἰκόνος
927 4230 1135 4293 ἐδόκεις
1167 4233 1447 4301 παρεῖναι.

895 4415 1022 4469 ne.
1060 4417 1365 4486 ΣΩΣΙΑΝῼ.

2018 3238 2275 3307 voluptati
2333 3236 2533 3290 fuerint
2579 3246 2776 3288 nostra:
2832 3233 3044 3295 litterze,
3081 3232 3427 3285 observantia
3480 3230 3597 3284 cole

2017 3330 2231 3384 illarum
2266 3343 2509 3390 causam,
2555 3327 2665 3396 jam
2709 3326 2925 3394 quidem
2977 3324 3132 3377 vobis
3161 3324 3389 3393 gratiam
3436 3321 3598 3390 proli-

2022 3429 2220 3477 tentem
2262 3419 2640 3491 prtevenicutis
2685 3417 2883 3480 studii,
2934 3415 3104 3484 magis
3148 3423 3326 3468 autem
3380 3428 3593 3467 annun-

2020 3513 2245 3567 tiantem
2291 3508 2727 3573 beneﬁcentiam,
2771 3507 2835 3559 ad
2880 3506 3039 3559 linem
3071 3505 3299 3574 gratiam
3344 3504 3600 3556 adductu-

2024 3620 2136 3660 ram
2164 3621 2178 3659 :
2209 3603 2303 3659 sed
2330 3600 2612 3657 ostendisti
2644 3597 2846 3667 aliquid
2886 3596 3024 3651 forte
3060 3607 3246 3649 contra
3279 3594 3599 3663 injustitiam

2021 3690 2445 3755 committentes,
2485 3698 2544 3740 ut
2574 3702 2766 3741 omnes
2802 3685 3003 3738 scirent
3034 3681 3222 3750 quales
3270 3680 3471 3735 inscius
3506 3679 3599 3731 ha-

2021 3781 2204 3838 bcrem
2252 3781 2495 3835 amicos:
2552 3786 2793 3832 vestrum
2847 3786 3025 3828 autem
3073 3772 3246 3825 fratre
3270 3791 3297 3821 ιι
3351 3779 3405 3824 ct
3444 3779 3598 3821 ante-

2021 3890 2183 3944 quam
2243 3874 2387 3928 hnuc
2458 3872 2697 3926 viderem
2748 3866 3187 3935 cognoscebam:
3239 3862 3602 3917 manifestzwit

2019 3968 2165 4023 cnim
2224 3966 2373 4019 illum
2426 3963 2557 4018 mihi
2609 3976 2750 4031 satpe
2795 3963 2976 4013 fama:
3028 3973 3169 4011 nunc
3218 3964 3397 4008 autem
3435 3954 3603 4022 magis

2023 4061 2193 4114 miror
2245 4073 2367 4112 cum
2414 4054 2746 4124 experientia
2790 4052 2913 4106 novi
2950 4067 2965 4103 :
3009 4064 3169 4119 quam
3202 4046 3392 4100 videns
3427 4057 3475 4097 te
3507 4062 3601 4111 per

2023 4150 2254 4205 alterum
2281 4161 2481 4217 corpus
2513 4144 2714 4198 habere
2754 4141 3161 4203 existimabam,
3206 4148 3261 4191 et
3292 4150 3602 4205 quanquam

2021 4241 2179 4309 longe
2202 4240 2369 4302 absis,
2421 4235 2577 4292 nobis
2603 4235 2794 4289 adesse
2830 4247 2927 4302 per
2978 4231 3136 4285 aliam
3173 4228 3411 4300 speciem
3458 4226 3605 4279 vidc-

2024 4330 2192 4383 baris.

2541 4409 2735 4465 XXIX.
2773 4406 3086 4462 SOSIANO.

410 4506 659 4574 Ἔπρεπε
717 4505 861 4574 κάμὲ
916 4504 1243 4575 θαρροῦντα,
1278 4507 1490 4575 χαίρειν
1540 4509 1709 4559 αἰτεῖν
1757 4510 1910 4578 παρὰ
1946 4515 1989 4568 D

1946 4515 1989 4568 υ
2089 4505 2417 4561 Decebatmc
2438 4501 2799 4558 conﬁdentem
2823 4500 3053 4552 salutem
3086 4512 3113 4549 a
3138 4504 3191 4550 te
3220 4505 3403 4564 petere
3429 4512 3441 4549 :
3468 4504 3523 4549 et
3555 4503 3608 4547 te

346 4595 430 4651 ςοῦ
449 4616 465 4630 ’
497 4598 594 4651 καὶ
623 4598 683 4650 σὲ
702 4598 997 4669 προθύμως
1026 4597 1226 4650 διδόναι
1256 4599 1588 4667 ἀμφοτέροις
1620 4600 1912 4669 ἁρμόττον,

346 4689 460 4759 ;μο⁸.
477 4689 772 4759 μὲνλέγειν
790 4691 917 4742 ὅτου
943 4688 1077 4751 δέοι,
1110 4688 1191 4741 σοι
1220 4688 1275 4741 δὲ
1296 4691 1431 4758 πρὸς
1454 4690 1610 4758 λόγον
1639 4692 1914 4761 ἐκφέρεινο

348 4781 665 4849 ετρατήγιος
698 4778 808 4847 γὰρ
840 4774 1141 4846 ἀπήγγειλέ
1169 4795 1257 4846 μοι
1279 4776 1550 4846 τοσαύτην
1574 4777 1728 4845 ὑμῶν
1758 4794 1917 4845 γεγε-

348 4870 533 4939 νῆσθαι
563 4870 662 4939 τὴν
689 4873 769 4931 εἰς
801 4869 963 4921 αὐτὸν
987 4868 1319 4939 προθυμίαν,
1346 4867 1487 4921 ὥστε
1517 4868 1584 4920 τά
1613 4869 1705 4921 ἐπὶ
1726 4871 1808 4920 σοι
1825 4869 1918 4921 καὶ

336 4961 515 5029 πέρας
540 4960 665 5031 ἔσχε
701 4961 737 5032 ἡ
773 4960 896 5031 δίκη
922 4960 1015 5012 καὶ
1037 4960 1404 5029 νενικήκαμεν
1429 4975 1443 4990 ·
1471 4959 1588 5012 ἀλλ’
1621 4960 1768 5020 ὅπως
1825 4961 1920 5013 καὶ

235 5056 241 5059 ’
341 5054 449 5115 τοῖς
497 5051 678 5124 ἔργοις
715 5054 927 5119 γένοιτο
960 5051 1154 5107 ταῦτα.
1186 5050 1454 5103 Τοσοῦτον
1482 5052 1589 5121 γὰρ
1620 5050 1807 5122 θαρρῶ
1834 5050 1922 5103 διὰ

338 5142 434 5196 σοῖο
454 5144 516 5195 τὸ
548 5143 723 5211 πέρας
778 5143 1035 5208 ἐλπίζων,
1085 5143 1226 5195 ὥστε
1266 5144 1358 5195 καὶ
1406 5144 1516 5212 πρὸ
1572 5143 1761 5206 τέλους
1818 5143 1921 5213 ήδη

339 5234 529 5302 λόγους
562 5234 732 5303 ζητῶ,
765 5233 833 5285 δι’
853 5227 929 5287 ὧν
952 5234 1277 5304 ὁμολογήσω
1314 5235 1413 5303 τὴν
1451 5236 1635 5305 χάριν.

615 5325 698 5376 Αο.
728 5324 1009 5393 ΟΥΛΠΙῼ.
1055 5324 1254 5396 [ιιςιηιι.
1282 5324 1645 5397 ΟΛΥΜΠῙῼ.]

411 5413 620 5483 Πολλὴν
634 5416 768 5482 ἡμῖν
791 5414 931 5467 κατά
948 5414 1042 5467 σοῦ
1059 5415 1446 5485 μελετωμένην
1460 5417 1797 5486 κατηγορίαν
1843 5419 1925 5471 δι-

338 5507 559 5573 έφυγεςο
579 5506 654 5567 ὡς
669 5509 778 5575 γὰρ
790 5500 924 5576 ἧκεν
936 5508 963 5559 ὁ
977 5508 1045 5558 Στ
1054 5509 1333 5576 ρατήγιος,
1350 5508 1455 5577 γρά
1463 5525 1499 5575 μ
1507 5525 1650 5577 ματα
1663 5508 1717 5561 δὲ
1736 5509 1834 5562 οὐκ
1851 5506 1926 5561 εἷ-

341 5614 459 5667 χεν,
472 5597 714 5667 ἠρυθρία
745 5599 844 5669 μὲν
873 5601 1006 5668 ἡμῖν
1027 5600 1366 5668 προσελθεῖν.
1391 5601 1513 5662 Πῶς
1527 5603 1635 5671 γὰρ
1652 5601 1750 5654 οὐκ
1767 5602 1927 5671 ἐμελ-

342 5690 405 5743 λι
424 5705 441 5753 ;
462 5690 720 5755 πολλάκις
737 5691 795 5745 δὲ
817 5691 1145 5760 διαφεύγων,
1164 5692 1314 5762 μόλις
1340 5693 1482 5746 ἑάλω
1497 5709 1510 5721 ·
1538 5696 1631 5747 καὶ
1658 5694 1723 5762 δὴ
1745 5694 1930 5763 βδελυ-

344 5780 443 5850 ρὸν
461 5781 627 5836 αὐτὸν
655 5783 749 5838 καὶ
775 5783 915 5849 θεοῖς
938 5784 1132 5855 ἐχθρὸν
1153 5785 1480 5849 ἀπεκάλουν,
1501 5786 1577 5838 ὅτι
1612 5786 1747 5857 πρὸς
1781 5788 1926 5855 ἡμᾶς

2021 4595 2311 4665 diligenter
2350 4591 2666 4647 incumbere
2719 4589 2939 4656 utrique
2981 4585 3261 4646 convenit,
3306 4585 3437 4638 mihi
3484 4588 3611 4653 qni-

2022 4688 2141 4741 dem
2173 4686 2353 4739 dicere
2388 4683 2516 4753 quid
2564 4681 2932 4735 necessarium
2971 4686 3137 4742 esset,
3189 4676 3284 4730 tibi
3334 4690 3458 4729 vero
3489 4693 3606 4729 ser-

2026 4793 2186 4833 mone
2216 4777 2435 4847 vulgare
2467 4773 2643 4844 quoad
2679 4783 2731 4827 te
2759 4792 2768 4823 :
2804 4770 3121 4839 Strategius
3158 4768 3306 4822 enim
3339 4768 3610 4821 nuntiavit

2025 4873 2158 4927 mihi
2213 4878 2417 4924 tantam
2467 4882 2510 4922 ιι
2538 4866 2691 4920 vobis
2736 4864 3046 4918 adhibitam
3096 4860 3263 4915 fuisse
3307 4859 3609 4915 festinatio-

2025 4978 2169 5025 nem,
2205 4972 2265 5015 ut
2303 4962 2378 5036 _lis
2427 4960 2588 5014 liuent
2643 4956 2894 5012 habuerit
2933 4964 2989 5008 et
3031 4953 3358 5008 vicerimus:
3406 4953 3500 5004 scd
3557 4962 3611 5005 et

2026 5054 2259 5123 negotiis
2316 5053 2432 5106 haec
2473 5050 2729 5106 eveniant
2761 5065 2775 5101 :
2816 5055 2965 5100 tanta
3012 5044 3158 5099 enim
3196 5044 3392 5096 ﬁducia
3430 5058 3525 5110 per
3560 5053 3610 5095 te

2025 5160 2188 5214 spero
2240 5143 2399 5197 linem
2432 5150 2492 5195 ut
2540 5148 2595 5194 et
2646 5149 2770 5193 ante
2820 5140 2980 5192 linem
3013 5136 3122 5203 jam
3160 5133 3321 5189 verba
3370 5148 3607 5202 quaeram

2028 5237 2222 5309 quibus
2257 5235 2487 5305 gratiam
2513 5232 2830 5304 proﬁtebor.

2601 5325 2772 5381 XXX.
2804 5323 3030 5381 ULPIO.

2101 5423 2263 5478 Multa
2296 5423 2523 5477 crimina
2562 5436 2682 5489 qua:
2727 5430 2913 5475 contra
2958 5431 3008 5472 te
3038 5419 3447 5474 intenderamus
3472 5416 3607 5470 cllu-

2033 5515 2156 5584 glsti
2194 5532 2207 5569 :
2240 5529 2362 5569 cum
2417 5514 2561 5567 enim
2615 5512 2763 5566 venit
2790 5511 3114 5580 Strategius,
3168 5510 3378 5563 litteras
3430 5519 3609 5560 autem

2036 5622 2141 5659 non
2199 5604 2446 5667 haberet,
2508 5603 2704 5655 rubore
2754 5603 2973 5669 quidem
3034 5600 3299 5669 superfusi
3354 5599 3605 5651 fuimus:

2033 5697 2303 5765 quomodo
2339 5695 2482 5747 enim
2518 5708 2621 5746 uou
2650 5693 2718 5746 ita
2750 5693 2934 5746 esset?
2963 5708 3105 5759 saepe
3139 5702 3318 5744 autem
3350 5690 3611 5759 ellugiens

2037 5785 2252 5840 dillicilc
2297 5794 2486 5853 captus
2532 5794 2614 5838 est
2650 5797 2662 5835 :
2701 5790 2754 5837 ct
2806 5785 3167 5850 impudentem
3215 5782 3466 5853 ipsumet
3508 5778 3612 5836 diis
