4248 6428
685 366 822 431 2743

1937 373 2285 432 l’ROCOPll
2325 373 2568 432 GAZEl

3800 386 3949 451 274i

684 485 963 533 inuincum
990 480 1346 549 appellabant,
1390 484 1531 551 quod
1563 483 1628 536 ad
1659 499 1757 538 nos
1783 485 2096 544 adveniens.
2126 488 2255 537 nihil
2292 493 2329 543 Α

2292 493 2329 543 Λ
2363 484 2682 553 ἀφιγμένος.
2730 486 2881 539 οὐδὲν
2924 490 3049 558 περὶ
3099 490 3252 557 ὑμῶν
3283 490 3390 542 τῶν
3440 494 3711 560 φιλτάτων
3759 498 3945 569 darin-

681 576 745 626 όν
775 570 924 624 vobis
958 571 1048 641 qui
1078 574 1381 626 charissimi
1425 575 1555 628 estis
1633 576 1991 639 annnntiavit,
2041 578 2106 630 de
2139 578 2259 645 qni-

681 663 781 713 bus
830 671 972 729 sape
1011 660 1200 714 audire
1245 663 1606 729 exoptabam:
1655 674 1891 720 attamen
1928 666 2030 721 iste
2075 664 2259 719 defen-

680 756 889 808 sionem
926 752 1255 807 sufﬁcienter
1297 755 1485 823 agebat
1526 757 1766 809 :etenim
1802 772 2022 811 causam
2067 756 2256 810 aﬂere-

689 848 777 895 bat
804 841 1004 909 fugam,
1032 843 1175 910 quod
1210 842 1420 897 litteras
1460 860 1564 898 non
1598 844 1803 898 ferret:
1838 856 1894 899 et
1922 844 1993 899 illi
2040 846 2256 912 quidem

689 934 738 984 in
768 932 852 985 liis
898 933 1239 986 erubescenti
1285 936 1498 987 veniam
1537 934 1846 1001 largiebar:
1886 937 2131 990 dicebam
2163 951 2258 987 au-

687 1033 792 1074 tem
818 1022 954 1074 infra
990 1022 1251 1089 meipsnm
1300 1035 1495 1091 quanta
1534 1024 1749 1078 auferre
1792 1037 1845 1079 et
1880 1035 2089 1079 mutare
2123 1035 2254 1079 tem-

688 1128 785 1179 pus
837 1112 1065 1165 noverit.
1120 1114 1349 1180 Quando
1403 1117 1545 1169 enim
1594 1117 1788 1169 nobilis
1826 1118 2011 1186 Ulpius
2065 1128 2261 1173 nostrae

688 1204 924 1271 antiquae
965 1204 1199 1258 fortuna:
1235 1208 1507 1275 particeps
1531 1217 1668 1271 erat,
1701 1211 1907 1263 amicus
1949 1220 2069 1263 erat
2100 1221 2153 1264 et
2182 1211 2259 1264 vi-

686 1297 935 1361 debatur,
986 1308 1040 1352 et
1089 1314 1361 1367 numquam
1422 1301 1471 1351 in
1529 1302 1766 1353 animum
1817 1300 2056 1355 venisset
2114 1301 2258 1355 illum

688 1380 1004 1444 nudandam
1048 1395 1208 1436 esse:
1252 1398 1372 1435 cum
1410 1393 1587 1437 autem
1632 1384 1948 1451 magnificus
1997 1384 2262 1440 exaltatus

685 1480 766 1529 est
795 1481 848 1524 et
879 1487 1104 1537 magnus
1136 1474 1327 1532 evasit,
1361 1473 1715 1527 intolerabilis
1740 1483 1823 1527 est
1852 1475 1987 1527 bona
2024 1474 2263 1544 gaudens

687 1562 920 1626 fortuna,
954 1575 1007 1618 et
1038 1579 1132 1619 eos
1163 1564 1255 1633 qui
1292 1576 1447 1618 erant
1498 1576 1654 1619 antea
1685 1566 1842 1619 amici
1875 1566 2211 1620 obliviscitur
2245 1584 2257 1618 :

689 1653 824 1706 bona
859 1655 1088 1721 gaudeat
1115 1654 1326 1709 fortuna
1362 1666 1592 1720 tantum,
1628 1670 1680 1709 et
1706 1660 1980 1711 moderate
2012 1658 2219 1711 sustine
2244 1688 2259 1694 -

689 1746 865 1798 tiimus
896 1746 1131 1814 despecti
1163 1764 1176 1800 :
1214 1726 1326 1801 haec
1356 1756 1411 1801 et
1440 1749 1635 1802 similia
1674 1750 1896 1802 dicens:
1930 1749 2093 1803 multa
2126 1764 2257 1802 con-

2363 574 2529 641 γειλε,
2599 576 2726 641 περὶ
2778 570 2852 629 ὧν
2901 579 3157 641 πολλάκις
3212 580 3459 651 ηὐχόμην
3508 584 3765 638 ἀκούειν’
3825 590 3945 642 ἀλλ’

2361 664 2509 732 ὅμως
2574 666 2778 729 ἐκεῖνος
2848 669 2945 735 τὴν
2979 669 3276 736 ἀπολογίαν
3322 672 3523 737 ἱκανῶς
3549 676 3785 729 ἐποιεῖτο
3808 695 3820 706 ·
3847 683 3945 733 καὶ

2363 753 2470 823 γὰρ
2521 754 2692 806 αἴτιον
2753 757 2904 823 ἔλεγε
2950 758 3048 825 τὴν
3101 762 3300 829 φυγὴν,
3365 762 3442 815 ὃτι
3497 766 3806 833 γράμματα
3867 769 3945 836 μὴ

2363 844 2610 913 κομίζοιο
2654 850 2892 916 κάκείνῳ
2943 848 3041 917 μὲν
3072 853 3403 923 συγγνώμην
3448 854 3654 916 ἐδίδων,
3681 859 3775 909 ἐπὶ
3809 861 3949 911 τού-

2361 951 2474 996 τοις
2531 936 2872 1005 ἐρυθριωντι.
2912 938 3135 1007 Ἔλεγον
3165 941 3221 992 δὲ
3254 942 3391 1009 πρὸς
3430 946 3683 1013 ἐμαυτὸν,
3742 948 3845 1000 ὅσα
3878 948 3947 1018 δὴ

2362 1024 2546 1095 φέρειν
2577 1026 2668 1077 καὶ
2702 1028 3062 1093 μεταῦάλλειν
3092 1030 3231 1083 οἶδεν
3260 1034 3287 1084 ὁ
3319 1035 3531 1103 χρόνος.
3574 1036 3813 1102 Οὕλπιος
3833 1040 3946 1107 γὰρ

2360 1115 2388 1166 ὁ
2413 1113 2571 1176 καλὸς
2603 1115 2762 1183 ἡνίκα
2786 1118 2883 1184 μὲν
2904 1120 3035 1186 ἡμῖν
3056 1120 3156 1188 τῆς
3179 1121 3416 1186 παλαιᾶς
3437 1125 3714 1178 ἐκοινώνει
3744 1128 3944 1196 τύχης,

2362 1206 2514 1272 φίλος
2544 1223 2603 1258 τε
2634 1202 2701 1277 ἦν
2731 1210 2822 1261 καὶ
2874 1209 3067 1275 ἐδόκει,
3106 1215 3198 1265 καὶ
3251 1216 3349 1266 οὐκ
3382 1216 3446 1269 ἄν
3499 1234 3628 1269 ποτε
3671 1218 3833 1288 ᾤμην
3868 1220 3947 1282 ὡς

2365 1297 2790 1365 μεταϐάλλοιτο’
2852 1300 2926 1362 ώς
2979 1301 3034 1353 δὲ
3091 1303 3343 1375 λαμπρὸς
3396 1307 3539 1377 ἡρθη
3592 1310 3687 1361 καὶ
3746 1310 3944 1377 γέγονε

2365 1389 2558 1457 μέγας,
2613 1391 2885 1462 ἀφόρητός
2944 1396 3091 1447 ἐστιν
3148 1397 3413 1467 εὐτυχῶν,
3461 1401 3690 1453 καὶτῶν
3747 1402 3947 1471 πρώην

2362 1482 2582 1533 ἐκείνων
2641 1481 3076 1538 ἐπιλανθάνεται.
3144 1486 3408 1558 Εὐτυχοίη
3460 1490 3517 1542 δὲ
3581 1491 3783 1560 μόνον,
3848 1492 3947 1544 καὶ

2361 1574 2578 1641 οἴσομεν
2605 1574 3008 1644 παρορώμενοι.
3043 1578 3228 1631 Ταῦτα
3262 1583 3353 1633 καὶ
3381 1582 3449 1633 τὰ
3484 1581 3711 1635 τοιαῦτα
3740 1583 3944 1651 λέγων,

2363 1663 2564 1733 πολλὴν
2604 1665 2743 1718 κατὰ
2774 1665 2869 1718 σοῦ
2916 1671 3257 1738 κατηγορίαν
3311 1673 3622 1741 συνέλεγον.
3660 1674 3749 1737 Ὠς
3779 1675 3837 1728 δέ
3862 1693 3948 1737 τις

2366 1753 2535 1806 ἐλθὼν
2586 1756 2688 1824 τὴν
2734 1758 2864 1825 παρ’
2916 1757 3071 1826 ὑμῶν
3103 1761 3397 1834 ἐπιστολὴν
3428 1764 3697 1829 ἐπεδίδου,
3724 1766 3949 1835 πρῶτον

688 1847 766 1889 tra
814 1846 867 1890 te
919 1837 1251 1891 instruebam
1298 1840 1573 1893 crimina:
1631 1854 1751 1893 cum
1799 1857 1927 1895 vero
1964 1841 2157 1909 aliquis
2188 1842 2262 1895 in-
2296 1833 2335 1893 Β

2296 1833 2335 1893 Β
2368 1845 2466 1913 μὲν
2493 1847 2622 1915 πρὶν
2651 1846 2811 1901 λῦσαι
2838 1848 3099 1912 πολλάκις
3128 1853 3226 1918 τὴν
3242 1833 3558 1923 ἐπιγραφὴν
3586 1833 3942 1924 ἠσπαζόμην·

686 1943 903 1994 gressus
934 1944 962 1981 a
991 1930 1143 1983 vobis
1172 1930 1455 1998 epistolam
1499 1931 1739 1995 tradidit,
1772 1932 2002 2000 primum
2043 1932 2256 2000 quidem

686 2030 811 2073 ante
886 2020 1115 2074 solutam
1187 2036 1328 2092 saepe
1414 2022 1818 2093 inscriptionem
1902 2022 2253 2076 osi-ulabar:

688 2114 882 2167 deinde
957 2112 1008 2166 in
1072 2113 1283 2168 litteras
1353 2114 1629 2180 incidens,
1697 2114 1970 2167 dilationis
2035 2127 2255 2168 causam

690 2205 889 2269 inveni,
951 2215 1002 2259 et
1064 2221 1166 2259 non
1225 2206 1570 2260 mediocriter
1600 2208 1817 2275 gavisus
1861 2221 1978 2258 smn
2036 2214 2139 2259 :et
2174 2218 2257 2256 me

690 2295 982 2363 pmnitebat
1023 2298 1309 2349 verborum
1356 2313 1475 2361 mue
1516 2307 1642 2350 ante
1698 2297 2022 2365 protulerant
2062 2296 2255 2350 :diee-

692 2391 809 2439 baut
845 2398 1022 2440 autem
1081 2389 1278 2455 potius,
1321 2389 1454 2455 proh
1505 2403 1667 2455 quam
1715 2388 1877 2442 mnlta
1915 2388 2258 2455 suspicantur

690 2480 966 2533 homines!
1000 2480 1372 2533 admirabilem
1417 2482 1560 2534 enim
1594 2491 1835 2535 nostrum
1881 2479 2095 2547 Ulpium
2140 2495 2259 2531 tnu-

690 2573 823 2624 tavit
853 2587 1024 2641 neque
1054 2582 1262 2641 tempus
1292 2587 1463 2641 neque
1490 2572 1728 2636 fortuna,
1759 2572 1852 2625 sed
1884 2581 1966 2623 est
1997 2570 2259 2638 benignus

2364 1930 2483 1989 εἶτα
2510 1939 2620 1998 τοῖς
2652 1936 2988 2014 [γράμμασι]
3025 1946 3355 2015 περιτυχὼν,
3393 1947 3488 1998 καὶ
3517 1947 3616 2017 τὴν
3642 1948 3945 2014 ἀπολογίαν

2363 2025 2456 2078 τοῦ
2497 2026 2726 2097 βράδους
2747 2030 2941 2100 εὑρὼν,
2967 2034 3145 2104 ἥσθην
3174 2037 3235 2088 ού
3267 2037 3501 2106 μετρίως
3520 2053 3534 2067 ο
3572 2038 3669 2090 καὶ
3710 2040 3953 2107 μετέμε-

2363 2116 2453 2170 λέν
2486 2136 2574 2188 μοι
2615 2120 2724 2174 τῶν
2778 2122 2972 2191 πρώην
3022 2126 3318 2195 ῥημάτων·
3374 2128 3562 2193 ελεγον
3598 2129 3654 2183 δὲ
3691 2132 3898 2199 μᾶλλον
3931 2149 3946 2161 ·

2361 2209 2466 2261 Φεῦ
2497 2210 2571 2273 ὠς
2597 2211 2763 2266 πολλὰ
2803 2216 3003 2282 μᾶλλον
3044 2217 3446 2272 ὑποπτεύουσιν
3499 2221 3814 2290 ἄνθρωποιί
3852 2223 3953 2274 τὸν

2362 2298 2675 2369 θαυμαστὸν
2722 2302 2833 2373 γὰρ
2862 2307 2995 2374 ἡμῖν
3037 2305 3275 2362 Οὔλπιον
3312 2310 3611 2378 μετέϐαλεν
3646 2310 3771 2365 οὒτε
3819 2312 3954 2381 χρό-

2362 2405 2451 2450 νος
2483 2390 2606 2443 οὖτε
2628 2393 2661 2463 ἡ
2684 2393 2842 2462 τύχη,
2891 2396 3007 2447 ἀλλ’
3061 2398 3361 2468 εὐγνώμων
3390 2402 3448 2453 τέ
3476 2403 3646 2464 ἐστιν,
3678 2404 3829 2469 κάμὲ
3853 2404 3953 2454 τὸν

2361 2481 2655 2551 εὐεργέτην
2703 2484 2990 2540 ἐπίσταται
3019 2504 3034 2519 ⁸
3092 2488 3209 2541 ἀλλ’
3260 2491 3411 2559 ὅμως
3445 2491 3519 2561 μὴ
3560 2493 3724 2545 πάλιν
3775 2493 3954 2546 σιγῶν

2363 2566 2518 2636 αὖθις
2549 2575 2695 2642 ἡμᾶς
2729 2577 2811 2639 εἰς
2832 2577 2931 2647 τὴν
2963 2580 3300 2649 κατηγορίαν
3338 2583 3615 2651 ἐνέγκαις.

697 2686 748 2726 «ιι
783 2686 867 2724 me
898 2669 1298 2725 benefactorem
1347 2684 1467 2723 esse
1501 2683 1605 2723 non
1652 2669 1902 2737 ignorat:
1936 2667 2030 2723 sed
2064 2665 2269 2735 pariter
2306 2681 2374 2719 ne
2404 2667 2599 2722 iterum
2629 2669 2794 2725 silens
2823 2687 2922 2724 nos
2989 2675 3056 2726 ad
3093 2676 3490 2729 accusationem
3558 2676 3951 2730 intendendum

692 2764 911 2819 inferas.

1237 2850 1707 2908 XXXI.SIL.\N0.

763 2946 970 3012 Quanta
1005 2961 1100 3012 Spe
1131 2960 1227 2998 nos
1264 2946 1488 3014 ejeceris
1532 2946 1711 2997 dicere
1738 2958 1842 2998 non
1876 2956 2095 3012 posses:
2137 2955 2260 2995 cum

692 3040 835 3094 enim
878 3051 1021 3092 tuam
1053 3038 1337 3106 epistolam
1396 3036 1537 3089 inter
1585 3050 1776 3089 manus
1818 3034 2170 3103 accepissem,
2210 3038 2266 3086 et

697 3150 764 3187 ex
796 3133 911 3200 ipsa
953 3134 1226 3199 cognitum
1278 3129 1471 3184 fuisset
1497 3140 1548 3182 te
1581 3126 1737 3195 paulo
1781 3134 1900 3194 post
1943 3124 2262 3185 rediturum,

2605 2846 2734 2900 AA'.
2785 2847 3054 2919 ΣΙΛΔΝῼ.
3090 2847 3285 2919 [Βςιηίι.
3337 2849 3675 2923 summa]

2444 2939 2803 3009 Ἒξέκρουσας
2861 2940 3008 3008 ἡμᾶς
3051 2941 3288 3005 ἐλπίδος,
3336 2943 3447 2995 οὐδ’
3486 2943 3553 2995 ἂν
3596 2944 3769 2998 εἰπεῖν
3803 2944 3960 3013 ἔχοις

2360 3030 2585 3101 ὁπόσης.
2642 3029 2789 3098 Ἐγὼ
2828 3030 2935 3100 γάρ
2970 3048 3063 3083 σου
3091 3032 3191 3101 τὴν
3212 3032 3486 3101 προτέραν
3518 3035 3811 3100 ἐπιστολὴν
3867 3037 3957 3097 είς

2365 3124 2553 3191 χεῖρας
2582 3121 2787 3184 λαϐὼν,
2850 3123 2945 3173 καὶ
2973 3124 3135 3188 γνοὺς
3161 3121 3220 3186 ἐξ
3257 3122 3429 3192 αὐτῆς
3465 3122 3540 3186 ὡς
3568 3124 3763 3193 μικρὸν
3786 3123 3923 3176 ὖστε

695 3226 906 3280 ἰινῑιιιιιε
939 3240 1056 3279 sum
1090 3232 1141 3276 et
1166 3223 1400 3276 animam
1428 3235 1537 3290 prae
1564 3218 1832 3287 voluptate
1866 3217 2137 3284 recipiens
2178 3214 2262 3265 in-
2290 3234 2332 3291 ο
2371 3241 2372 3277 ι

2290 3234 2332 3291 C
2371 3229 2459 3281 ρον
2516 3213 2647 3281 ἡμῖν
2676 3210 2986 3281 ἐπανήξεις.
3018 3212 3194 3281 ἦσθην
3219 3228 3279 3264 τε
3309 3213 3405 3265 καὶ
3460 3212 3602 3280 μέγα
3634 3213 3959 3281 ὑφ’ἡδονῆς

694 3314 945 3385 quicbam
989 3333 1001 3369 :
1037 3312 1082 3369 Ο
1110 3310 1342 3381 Jupiter,
1384 3312 1496 3365 haec
1545 3309 1842 3365 eveniant:
1894 3306 2059 3374 igitur
2101 3303 2262 3356 animi

694 3421 991 3473 suspensus
1031 3421 1181 3457 eram
1230 3404 1456 3471 singulis
1487 3401 1677 3453 diei-us
1714 3408 1768 3452 et
1804 3414 1857 3451 ιιι
1890 3412 2081 3448 vanam
2119 3408 2265 3462 spem

699 3499 1024 3561 incidebant,
1051 3496 1309 3550 dictitans
1335 3514 1353 3550 ι
1398 3494 1562 3561 igitur
1606 3506 1842 3559 unquam
1874 3489 2069 3543 videbo
2100 3495 2154 3540 et
2190 3485 2269 3538 al-

701 3590 891 3658 loquar
914 3588 1004 3655 qui
1033 3586 1233 3640 dudum
1268 3602 1371 3638 non
1407 3584 1577 3647 venit,
1608 3592 1658 3634 et
1689 3583 1882 3635 iterum
1910 3578 2007 3633 iste
2034 3578 2226 3630 flebam
2253 3593 2268 3629 :

700 3695 821 3731 cum
859 3686 1036 3732 autem
1072 3688 1279 3746 tempus
1310 3686 1456 3730 esset
1484 3682 1668 3727 contra
1708 3686 1881 3739 spem,
1908 3685 2011 3724 non
2036 3667 2273 3723 scribere

702 3768 988 3837 iiiguabar,
1031 3765 1381 3828 incentivum,
1439 3761 1709 3831 inquiunt,
1759 3758 1961 3813 amoris
2011 3757 2137 3810 illud
2198 3756 2271 3807 fa-

703 3862 875 3921 ciens,
911 3865 969 3911 ut
998 3856 1273 3911 contemni
1308 3856 1474 3917 visus,
1514 3853 1580 3906 ad
1619 3867 1717 3905 nos
1745 3849 2050 3910 festinares,
2087 3847 2274 3900 volens

708 3952 802 4003 tibi
843 3949 1172 4015 exprobrare
1221 3946 1362 4014 quod
1419 3944 1715 3997 amicorum
1762 3957 1865 3994 non
1920 3938 2272 3993 memineris:

705 4051 759 4091 et
806 4038 935 4091 mibi
986 4037 1185 4089 videris
1234 4034 1533 4089 Strotocles
1573 4032 1956 4085 nobis‘rlielor
2001 4030 2272 4084 evadere:

708 4134 807 4184 iste
856 4129 999 4183 enim
1050 4128 1208 4182 victis
1260 4124 1684 4179 Atheniensibus
1731 4131 1786 4175 et
1836 4121 1999 4174 sortis
2054 4119 2275 4186 ignaris,

708 4219 991 4273 victoriam
1028 4218 1404 4281 annuntiat-it;
1442 4217 1623 4269 statim
1654 4215 1816 4284 igitur
1849 4214 1975 4265 nrbs
2008 4219 2277 4264 commota

712 4323 816 4374 est,
851 4320 904 4364 et
937 4312 1002 4363 ad
1043 4310 1199 4363 ludos
1238 4307 1612 4376 praecipitabat
1662 4317 1718 4357 et
1754 4302 2077 4356 infortunati
2127 4300 2278 4353 la-ta-

708 4404 906 4457 bantur
938 4420 953 4457 :
987 4417 1109 4457 cum
1157 4410 1337 4455 autem
1370 4399 1569 4454 veritas
1608 4394 1822 4460 cognita
1867 4404 1970 4453 est,
2011 4403 2067 4445 et
2108 4389 2279 4443 errori

702 4493 815 4557 jam
847 4506 954 4546 non
990 4499 1135 4546 esset
1166 4492 1335 4555 locus,
1370 4491 1421 4542 in
1455 4503 1561 4556 quo
1594 4487 1669 4540 ait
1698 4482 1997 4538 Stratocles
2029 4481 2280 4549 injuriam

2369 3303 2714 3365 ἀνα-πνεύσας
2738 3301 2873 3370 ἔφην
2897 3318 2909 3330 ·
2928 3298 3009 3355 ’⁷ο
3042 3302 3165 3367 Ζεῦ,
3194 3303 3403 3371 γένοιτο
3430 3301 3621 3357 ταῦτα.
3649 3304 3986 3374 Τοιγαροῦν⁵

2375 3394 2649 3463 μετέωρος
2680 3390 2747 3465 ἦν
2777 3395 3052 3463 ὁσημέραι
3088 3394 3184 3447 καὶ
3230 3395 3325 3447 ἐπὶ
3362 3396 3574 3463 κούφης
3603 3385 3822 3465 ἔξαινον
3848 3398 3963 3465 τῆς

2372 3484 2609 3555 ἐλπίδος,
2671 3484 2851 3537 πυκνὰ
2889 3484 2947 3537 δέ
2982 3484 3189 3552 λέγων’
3218 3480 3366 3554 ’Λρὰ
3416 3503 3545 3538 ποτε
3606 3486 3811 3555 ὂψομαι
3860 3487 3966 3539 καὶ

2376 3576 2658 3645 προσείπω
2715 3576 2948 3644 χρόνιον,
2998 3575 3093 3628 καὶ
3123 3577 3384 3647 γενοίμην
3409 3576 3560 3639 αὖθις
3592 3578 3800 3640 ἐκεῖνος
3822 3593 3836 3607 ο
3880 3577 3969 3639 ὼς

2373 3668 2431 3721 δὲ
2462 3667 2651 3738 χρόνος
2698 3662 2767 3737 ἦν
2822 3669 2951 3735 παρ’
3008 3668 3252 3732 ἐλπίδας,
3303 3668 3426 3721 οὐδὲ
3474 3669 3683 3737 γράψαι
3744 3670 3967 3736 iﬁiouv.

2376 3759 2665 3827 ἐρέθισμα,
2694 3757 3101 3827 φησὶν,-έρωτος
3132 3757 3292 3810 τοῦτο
3304 3757 3494 3822 ποιῶν,
3514 3759 3663 3821 ὅπως
3691 3760 3757 3811 ἂν
3790 3775 3971 3811 καταο

2380 3849 2698 3920 φρονεῖσθαι
2759 3849 2953 3913 δοκῶν,
2980 3850 3064 3902 ἔτι
3102 3849 3303 3919 μᾶλλον
3330 3852 3576 3918 ἐπείγοιο
3600 3850 3736 3919 πρὸς
3780 3852 3969 3918 ἡμᾶς,

2379 3942 2634 3995 ὀνειδίσαι
2684 3940 2854 3995 θέλων
2880 3942 2941 3993 τὸ
2981 3940 3055 4011 μὴ
3090 3941 3264 4008 φίλων
3306 3940 3640 4010 μεμνῆσθαι.
3698 3939 3808 3992 Καί
3868 3957 3971 4007 μοι

2378 4036 2553 4098 δοκεῖς
2598 4033 2937 4103 Στρατοκλῆς
2986 4035 3119 4102 ἡμῖν
3147 4035 3176 4086 ὁ
3206 4035 3393 4103 ῥήτωρ
3420 4032 3674 4100 γενέσθαι
3700 4050 3714 4063 ·
3749 4032 3971 4094 ἐκεῖνος

2381 4125 2489 4196 γὰρ
2507 4125 2841 4193 ἡττωμένοις
2857 4127 2968 4186 τοῖς
2983 4124 3291 4191 Ἀθηναίοις
3316 4124 3411 4175 καὶ
3426 4123 3525 4191 τὴν
3542 4121 3712 4189 τύχην
3728 4123 3973 4185 ἀγνοοῦ-

2385 4235 2459 4281 σι,
2495 4218 2652 4287 νίκην
2675 4216 3031 4285 ἀπήγγειλεν.
3069 4215 3245 4278 Εὐθὺς
3270 4210 3365 4268 οὖν
3396 4216 3429 4283 ἡ
3464 4212 3615 4275 πόλις
3675 4212 3835 4281 ὀρθὴ,
3867 4211 3976 4263 καὶ

2384 4307 2599 4370 παίζειν
2645 4308 2847 4368 ἀνεῖτο,
2884 4306 2978 4358 καὶ
3006 4304 3395 4372 δυστυχοῦντες
3443 4302 3821 4371 εὐφραίνοντο.
3876 4301 3977 4361 Ὠς

2383 4397 2440 4450 δὲ
2476 4396 2706 4465 τάληθὲς
2725 4395 2988 4464 ἠγγέλθη,
3014 4397 3110 4447 καὶ
3126 4394 3186 4447 τὺ
3213 4394 3390 4448 δοκεῖν
3417 4389 3484 4463 ἦν
3516 4392 3721 4451 οὐκέτι,
3748 4391 3817 4442 Τί
3856 4391 3976 4459 γὰρ

2386 4486 2552 4555 φησὶν
2577 4486 2605 4537 ὁ
2629 4483 2997 4553 Στρατοκλῆς,
3020 4482 3260 4553 ἠδίκουν,
3280 4484 3329 4535 εί
3357 4483 3504 4535 δυοῖν
3525 4481 3757 4551 ἡμέραιν
3776 4480 3976 4546 ἡδίους

710 4583 835 4644 feci,
868 4584 911 4636 si
958 4581 1166 4635 duabus
1206 4583 1394 4633 diebus
1443 4580 1675 4632 laetiores
1720 4591 1815 4645 per
1863 4588 1947 4626 me
1978 4571 2192 4626 fuistis?
2228 4583 2280 4623 et
2319 4558 2360 4612 ὓ

2319 4558 2360 4612 D
2392 4578 2652 4644 γεγόνατε
2702 4575 2768 4628 δι’
2799 4574 2932 4644 ἐμέ;
2986 4577 3082 4628 καὶ
3139 4575 3330 4646 κέρδος
3380 4571 3449 4644 ἦν
3481 4574 3542 4626 τὸ
3577 4573 3786 4626 δοκεῖν·
3848 4572 3974 4623 ἀλλ’

712 4674 922 4726 luerunt
956 4684 1074 4727 erat
1104 4688 1297 4725 error:
1331 4672 1425 4725 sed
1457 4687 1578 4723 cum
1614 4670 1803 4721 matris
1840 4681 2000 4719 causa
2038 4675 2091 4717 et
2133 4678 2289 4731 nego-

714 4767 771 4817 lii
833 4766 1005 4834 potior
1060 4765 1292 4818 Pindaro
1382 4772 1662 4832 appareat,
1731 4771 1780 4813 te
1856 4760 2064 4809 videret
2125 4757 2285 4809 citius

716 4856 885 4923 patria
913 4866 969 4909 et
996 4871 1094 4909 nos
1129 4867 1246 4924 post
1266 4872 1406 4907 eam.

1066 4945 1279 4999 XXXII.
1306 4943 1624 4999 PHILIPPO
1652 4939 1927 4995 FRATRI.

793 5044 930 5098 Ecce
961 5043 1053 5098 tibi
1090 5044 1284 5098 iterum
1330 5040 1613 5106 epistolam
1665 5037 1945 5094 mittimus,
2000 5044 2052 5088 et
2091 5032 2286 5086 iterum

716 5140 855 5193 bene
896 5137 1019 5193 novi
1070 5151 1240 5205 quare
1297 5132 1552 5188 silueris:
1604 5140 1657 5184 ct
1688 5130 1732 5182 si
1769 5127 1899 5180 milii
1946 5125 2071 5178 illud
2110 5124 2289 5177 dicere

718 5244 859 5297 a-gre
903 5228 1096 5282 ferenti
1147 5226 1477 5295 ignosceres,
1526 5225 1577 5275 in
1648 5218 2123 5291 praesumptionem
2195 5215 2288 5268 tibi

720 5337 870 5375 versa
917 5327 998 5373 est
1035 5317 1263 5382 indoles,
1300 5327 1355 5369 et
1390 5329 1494 5367 non
1535 5314 1612 5367 vis
1649 5325 1930 5366 remanere
1963 5308 2139 5377 qualis
2170 5321 2293 5361 eras

720 5425 773 5469 et
811 5424 964 5465 antea
996 5428 1009 5464 :
1043 5411 1134 5464 sed
1170 5410 1293 5463 licet
1329 5422 1433 5460 non
1465 5419 1611 5459 mare
1638 5402 1898 5472 Bospltori
1927 5399 2295 5463 transfretavi,

721 5514 775 5555 rt
813 5503 950 5570 regis
996 5501 1182 5556 urbem
1234 5501 1511 5568 ingressus
1550 5511 1708 5549 sum:
1758 5493 1959 5561 pariter
1986 5506 2036 5545 et
2080 5506 2178 5559 ego
2222 5504 2295 5541 re-

719 5610 839 5664 gem
876 5608 1126 5663 [uagitum
1166 5592 1375 5655 videns,
1422 5598 1477 5643 et
1513 5588 1809 5654 primorum
1853 5596 2031 5653 togam
2073 5593 2127 5635 et
2182 5600 2293 5636 ma-

722 5690 1005 5754 gistratum
1034 5686 1319 5755 qnetndatu
1365 5684 1658 5737 maximum
1698 5680 2046 5750 appellatum,
2080 5688 2131 5730 et
2161 5692 2280 5744 qua

724 5790 845 5835 sunt
883 5778 1164 5848 magnifica
1195 5778 1331 5848 apud
1360 5792 1470 5849 vos,
1508 5776 1620 5829 sive
1638 5789 1749 5829 rem
1783 5773 1912 5827 velis
1949 5772 2153 5835 dicere,
2178 5772 2289 5823 sive

730 5880 745 5913 ί
779 5876 905 5931 isth.
942 5889 978 5937 ι,
1008 5872 1060 5926 2.

2390 4668 2576 4736 ἐπειδὴ
2606 4666 2811 4738 μητρὸς
2856 4668 3088 4736 πρᾶγμα
3120 4667 3220 4720 καὶ
3249 4665 3502 4735 ἀσχολίας
3556 4665 3859 4733 ὑπέρτερον
3894 4663 3979 4725 τῷ

2392 4760 2641 4830 Πινδάρῳ
2664 4759 2680 4789 ¹
2719 4759 2889 4823 δοκεῖ,
2926 4760 3024 4812 ῐδοι
3052 4776 3111 4811 σε
3137 4759 3332 4813 θᾶττον
3371 4760 3404 4826 ἡ
3445 4756 3644 4825 πατρὶς
3695 4756 3793 4808 καὶ
3850 4756 3982 4826 μετ’

2392 4850 2607 4917 ἐκείνην
2632 4849 2810 4918 ἡμεῖς.

2791 4937 2914 4992 AB’.
2949 4937 3232 5008 «Altino
3260 4938 3544 5007 “eam.

2464 5032 2594 5085 Ἰδού
2629 5049 2713 5084 σοι
2769 5032 2930 5084 πάλιν
2974 5029 3232 5100 ἐπιστολὴ
3286 5032 3419 5099 παρ’
3460 5029 3646 5098 ἡμῶνο
3686 5027 3785 5078 καὶ
3807 5026 3983 5078 πάλιν

2394 5124 2452 5177 εὖ
2481 5120 2577 5177 οἷδ’
2605 5125 2633 5177 ὃ
2660 5142 2713 5177 τι
2748 5124 2980 5193 σιγήσας
3002 5164 3017 5185 ,
3082 5125 3176 5176 καὶ
3211 5121 3264 5174 εῐ
3300 5139 3390 5191 μοι
3439 5120 3586 5189 δοίης
3638 5118 3987 5186 συγγνώμην

2394 5220 2676 5289 ἀχθομένῳ
2696 5218 2898 5285 λέγειν.
2937 5215 3339 5284 μεταδέϐληταί
3368 5231 3451 5267 σοι
3482 5212 3620 5283 πρὸς
3649 5210 3985 5273 ἀλαζονείαν

2396 5316 2424 5365 ὁ
2452 5313 2671 5381 τρόπος,
2732 5313 2824 5364 καὶ
2856 5310 2916 5362 οὑ
2948 5310 3127 5371 θέλεις
3192 5309 3378 5377 μένειν
3401 5300 3513 5367 οἷος
3541 5301 3685 5374 ἦσθα
3710 5303 3808 5356 καὶ
3840 5305 3984 5373 1'96-

2399 5422 2575 5474 τερον·
2608 5402 2792 5457 ἀλλἐἴ)
2816 5419 2877 5470 γε
2908 5403 2989 5454 ὅτι
3025 5402 3099 5468 μὴ
3128 5400 3227 5468 τὴν
3253 5399 3348 5451 τοῦ
3369 5396 3647 5465 Βοσπόρου
3674 5393 3988 5446 διέπλευσα

2400 5496 2687 5556 θάλατταν,
2747 5495 2842 5546 καὶ
2881 5493 3146 5560 βασιλέως
3188 5491 3345 5543 πόλιν
3394 5490 3632 5557 ἀφῖγμαι
3657 5502 3671 5513 ο
3710 5486 3843 5547 ἴσως
3868 5485 3986 5553 γὰρ

2399 5586 2463 5640 ἂν
2514 5587 2669 5654 κάγὼ
2721 5574 2944 5653 βασιλέα
2983 5585 3075 5634 τὸν
3118 5584 3291 5651 μέγαν
3313 5581 3477 5650 ὁρῶν,
3508 5582 3601 5631 καί
3627 5578 3724 5646 τὴν
3754 5576 3988 5629 ὑπάτων

2399 5678 2594 5745 στολὴν
2645 5678 2737 5728 καὶ
2797 5676 2970 5744 ἀρχὴν
3022 5676 3083 5742 δὴ
3120 5691 3240 5726 τινα
3306 5673 3567 5740 μεγίστην
3612 5668 3983 5743 καλουμένηνε

2406 5772 2495 5824 καί
2532 5773 2593 5824 τὰ
2625 5775 2797 5842 σεμνὰ
2827 5769 2892 5842 δη
2919 5768 3084 5822 τοῦτο
3148 5766 3273 5843 παρ’
3325 5767 3499 5837 ὑμῶν,
3534 5764 3646 5818 εἶτε
3678 5766 3982 5831 apsntum
