4248 6428
297 381 438 444 2⁵1ίὸ

1722 390 2104 453 ΕΡῘΞΤΟιιἘ

3391 389 3489 451 274
3499 391 3531 450 ti

301 492 482 562 βούλει
531 491 709 557 λέγειν
754 491 863 544 εἴτε
888 493 1149 560 ὀνόματα,
1204 496 1384 565 ἐπῆρα
1418 497 1515 566 τὴν
1554 498 1745 569 ὀφρὺν,
1774 503 1868 551 καὶ
1899 507 1937 557 Α
1973 514 1978 548 |

1848 503 1937 557 ὶΑ
1973 513 2189 559 nomen,
2238 497 2521 565 supercilia
2576 498 2795 549 allevavr
2837 508 2887 547 et
2932 510 3182 565 maguum
3233 501 3358 566 quid
3397 503 3525 553 affe-

301 582 549 635 νεανικὸν
606 583 888 652 ἐφρόνουν,
936 585 1071 654 πρὸς
1102 586 1200 655 τὴν
1252 589 1360 640 τῶν
1403 590 1695 657 ὁρωμένων
1716 591 1863 641 ἐπαι-

305 672 530 743 ρόμενος
566 673 754 744 τύχην,
788 675 881 729 καί
919 693 1007 746 μοι
1034 676 1100 730 τά
1123 678 1288 731 πάλαι
1311 679 1440 746 φίλα
1470 680 1632 751 λῆρος
1665 680 1864 733 ἐδόκει·

301 762 435 814 ὅπου
467 762 576 829 γὰρ
606 762 699 815 καὶ¹
726 764 937 825 τούτοις
978 764 1172 829 ἐάλως,
1197 766 1296 818 οὐκ
1316 766 1380 819 ἂν
1409 769 1617 837 εἴποιμι
1646 768 1867 839 ῥᾳδίως,

302 856 378 912 ως
403 851 657 920 διέφυγον
684 853 750 906 ἂν
779 853 838 905 τὸ
867 855 940 923 μὴ
984 856 1045 906 οὐ
1085 857 1254 908 ταῦτα
1313 859 1528 915 παθεῖν.
1564 860 1611 909 εί
1640 858 1712 926 μὴ
1777 858 1871 910 καί

302 958 387 1005 τις
447 942 705 1012 λογισμὸς
769 946 1113 1015 ὑπεισῆλθεν,
1138 949 1213 1010 ὡς
1242 949 1303 999 οὐ
1347 950 1563 1013 ταυτὸν,
1597 944 1641 1003 ὦ
1671 950 1865 1019 λῷστε,

303 1034 496 1104 γνώμη
528 1041 621 1089 καὶ
645 1036 782 1106 τύχη
803 1057 816 1069 ο
845 1039 958 1091 ἀλλ’
983 1042 1014 1106 ὴ
1040 1040 1159 1107 μὲν,
1182 1041 1255 1102 ὡς
1279 1039 1344 1094 ἂν
1364 1042 1501 1112 αὐτῇ
1530 1043 1681 1111 δοκῇ,
1708 1043 1869 1111 φέρε-

303 1142 414 1188 ται,
450 1128 540 1179 καὶ
584 1130 911 1195 μεταπίπτει
941 1131 1197 1195 πολλάκις
1226 1134 1319 1185 καὶ
1341 1134 1477 1203 γελᾷ
1499 1134 1563 1186 τὰ
1591 1136 1831 1205 ἡμέτερα
1854 1151 1867 1166 ⁸

302 1215 404 1282 τῆς
446 1217 500 1269 δὲ
533 1217 722 1287 κύριον
769 1222 1034 1289 προσήκει
1076 1222 1164 1273 τὸν
1200 1222 1599 1292 σωφρονοῦντα.
1646 1224 1739 1275 καὶ
1771 1224 1873 1293 μή·

306 1322 367 1357 τε
398 1308 671 1379 αίρομένῃ
728 1312 1149 1379 συναναστῆναι,
1220 1313 1356 1382 μήτε
1412 1312 1688 1385 πιπτούσῃ
1729 1329 1869 1382 συμ-

308 1400 761 1467 μεταϐάλλεσθαι.

692 1494 811 1546 ΛΓν.
846 1494 1146 1566 ΖΑΧΑΡΙᾼ
1200 1494 1483 1565 ΑΔΕΛΦῼ.

377 1582 472 1645 Τίς
490 1583 556 1635 ἂν
588 1585 848 1652 γενοίμην
870 1587 1107 1657 ἐραστὴν
1138 1588 1230 1640 καὶ
1259 1586 1484 1652 ἀδελφὺν
1512 1585 1873 1656 κατηγοροῦν-

1970 587 2207 652 etabam,
2246 603 2531 654 assurgens
2578 588 2644 639 ad
2674 602 2859 638 eorum
2899 603 3036 653 quos
3082 590 3324 642 videbam
3361 589 3520 643 fortn-

1971 694 2117 739 nam,
2148 688 2200 732 et
2225 693 2342 745 quae
2378 678 2505 730 mihi
2547 676 2675 728 olim
2710 687 2862 729 erant
2898 680 3062 732 chara
3091 696 3244 748 lingu:
3272 681 3529 733 videban-

1973 779 2096 821 tur:
2131 770 2327 837 quippe
2360 767 2525 834 igitur
2582 766 2663 818 bis
2691 777 2880 834 captus
2916 768 3099 834 fueris,
3148 786 3251 822 non
3291 771 3529 823 dicerem

1972 858 2129 911 facile
2178 860 2447 927 quomodo
2498 856 2608 909 haec
2657 872 2758 908 non
2810 858 3049 924 perferre
3103 861 3432 922 vitavissem,
3483 860 3529 912 si

1971 951 2233 1017 quoddam
2287 949 2649 1012 ratiocinium,
2713 951 2916 1002 scilicet
2983 966 3086 1002 non
3135 966 3251 1005 esse
3307 952 3529 1012 idem,c

1972 1044 2191 1105 optime,
2221 1040 2530 1106 Opinionem
2561 1049 2613 1091 et
2650 1039 2942 1102 fortunam,
2982 1057 3085 1092 non
3117 1058 3198 1091 me
3234 1042 3483 1095 subiisset
3514 1056 3529 1095 :

1971 1132 2063 1186 sml
2092 1133 2212 1189 ista.
2247 1140 2303 1182 ut
2339 1130 2437 1183 sibi
2473 1132 2542 1182 sit
2584 1133 2793 1190 similis,
2827 1132 3016 1191 fertur,
3049 1142 3103 1184 et
3128 1132 3265 1183 (rutili
3309 1146 3447 1199 sa-pe
3478 1144 3532 1184 et

1976 1236 2154 1276 llOSll'a
2193 1224 2378 1275 irridet
2406 1240 2419 1274 :
2451 1223 2590 1275 illius
2615 1233 2788 1274 autem
2831 1223 3111 1275 Dominum
3137 1238 3256 1275 esse
3282 1222 3534 1273 convenit

1970 1316 2265 1379 sapientem
2301 1328 2396 1367 nec
2426 1329 2547 1366 cum
2589 1313 2859 1365 exaltatnr
2905 1328 3250 1380 consurgere,
3283 1326 3377 1363 nec
3410 1326 3531 1363 cum

1971 1403 2117 1457 cadit
2144 1418 2410 1457 corruere.

2426 1491 2668 1545 XXXI".
2691 1490 3076 1545 ZACIIARM‘I.

2045 1586 2240 1654 Accepi
2282 1586 2511 1637 amicum
2567 1596 2620 1636 et
2676 1584 2896 1637 fratrem
2945 1586 3065 1645 quis
3109 1584 3398 1637 evasissent
3438 1597 3527 1634 ex.

304 1690 372 1726 τα
396 1672 597 1734 λαϐὼν.
623 1676 714 1728 καὶ
739 1678 903 1747 μηδὲν
933 1679 1073 1748 ἔχειν
1105 1680 1352 1744 οἰόμενον
1371 1680 1398 1731 ὃ
1417 1696 1468 1731 τι
1496 1680 1589 1731 καὶ
1608 1678 1869 1746 λέξομενς
1908 1726 1947 1778 Β
1974 1693 1981 1744 ι

1856 1694 1869 1741 ;
1908 1726 1947 1778 n
1974 1678 2317 1745 probrantem
2359 1684 2413 1727 et
2445 1675 2770 1742 cogitantem
2810 1675 2938 1727 nihil
2981 1675 3180 1727 habere
3230 1674 3356 1740 quid
3386 1675 3533 1724 dica—

304 1763 357 1815 τί
411 1764 519 1834 γὰρ
572 1765 635 1835 δὴ
671 1767 814 1837 φήςς
879 1769 1133 1838 Ῥητορες
1190 1771 1350 1839 ἡμεῖς
1412 1770 1504 1822 καὶ
1554 1768 1872 1838 θυγατέρων

308 1855 547 1924 πατέρες
582 1857 791 1909 πολλῶν
816 1873 831 1889 ’
868 1860 962 1919 τὰς
986 1859 1093 1930 γάρ
1127 1860 1416 1923 ἐπιστολὰς
1473 1859 1644 1922 οὕτως
1677 1859 1872 1929 ὀνομά-

307 1941 422 2006 ζειν
472 1945 668 2001 ἐδόκει.
732 1948 873 2001 Ἀλλ’
922 1948 989 2018 ἢν
1046 1952 1151 2020 φὴς
1201 1951 1367 2003 πάλαι
1422 1950 1612 2014 ταῦτα,
1640 1949 1734 2001 νῦν
1762 1950 1869 2017 γὰρ

304 2037 490 2090 οὐκέτι
518 2055 533 2069 ο
569 2039 683 2091 ἀλλ’
722 2040 973 2110 ὑϐρισταί
1001 2057 1144 2103 τινες
1173 2043 1351 2110 ὑμεῖς,
1403 2041 1496 2093 καὶ
1523 2039 1725 2109 θεσμὸν
1754 2042 1872 2093 ἀτι-

306 2128 570 2196 μάζοντες
608 2128 827 2198 ἔρωτος.
879 2130 1020 2184 Ἀλλ’
1050 2132 1098 2183 εί
1130 2130 1228 2199 μέν
1254 2127 1320 2202 ἦν
1338 2149 1422 2193 τις
1440 2131 1740 2201 ποιητικὸς.
1778 2132 1871 2184 τὸν

316 2220 630 2273 Ἀπόλλωνα
658 2220 828 2289 δήπου
861 2222 1082 2284 καὶτὰς
1132 2222 1334 2291 μούσας
1376 2223 1632 2275 ἐκάλουν·
1686 2222 1870 2292 Δῴητέ

309 2325 421 2376 μοι,
449 2309 832 2375 λέγων,είπεῖν
859 2313 951 2365 καὶ
980 2314 1193 2375 παῖδας,
1223 2314 1310 2366 κειἐ
1337 2313 1410 2381 μὴ
1430 2312 1611 2365 ἄδικον
1635 2312 1872 2380 φανῆναι

302 2399 371 2450 τὰ
400 2400 641 2453 παιδικά.
684 2402 820 2455 Νυνὶ⁵
845 2402 901 2455 δὲ
934 2405 1245 2473 μιμήσομαι
1292 2403 1422 2470 γοῦν
1466 2420 1519 2454 τι
1564 2402 1867 2471 ποιητικὸν,

301 2491 402 2543 καὶ
423 2492 515 2543 ἐπὶ
562 2494 733 2560 μέγαν
774 2494 936 2563 ὅρκον
972 2494 1238 2565 ὀμοῦμαι,
1276 2494 1387 2547 θεοὶ
1412 2495 1459 2547 δ’
1492 2494 1871 2565 ἐπιμάρτυρες

306 2578 499 2643 εστων,
534 2582 608 2650 μὴ
639 2582 811 2645 οὕτως
864 2583 1007 2653 ἔχειν
1037 2585 1102 2637 τὰ
1136 2583 1255 2637 καθ’
1312 2586 1460 2655 ἡμᾶς
1507 2583 1582 2647 ὥς
1622 2601 1723 2636 που
1777 2584 1873 2638 καὶ

305 2669 545 2736 λέγεται·
568 2672 696 2724 ἀλλὰ
718 2671 828 2741 γάρ
850 2674 940 2725 ἐπὶ
967 2674 1148 2743 φιλίας
1174 2674 1329 2744 ἡμῶν
1360 2673 1523 2735 αἰδὼς
1556 2674 1649 2728 καὶ
1681 2675 1870 2744 μνήμη

309 2761 581 2829 φιλτάτων
603 2779 616 2794 ·
640 2762 693 2816 τί
718 2759 810 2817 οὖν
840 2766 967 2833 φὴς,
996 2768 1029 2833 ἠ
1063 2766 1220 2836 σιγης
1249 2764 1459 2817 δέδοικα
1479 2766 1551 2835 μή
1580 2782 1664 2828 τις
1690 2765 1872 2826 ἄδικος

306 2853 444 2920 τύχη
471 2854 590 2913 ταῖς
608 2854 769 2921 ἐμαῖς
800 2854 1125 2927 ἐπικωμάζῃ
1152 2856 1357 2922 γοναῖς,
1393 2857 1486 2906 καὶ
1516 2856 1652 2923 πρὸς
1683 2854 1741 2907 σέ
1776 2854 1876 2917 τὰς

309 2942 450 3011 ἐμὰς
488 2943 816 3012 ἐπείγομαι,
859 2944 1025 3015 ἀλλην
1053 2945 1241 2999 ἄλλοτε
1265 2946 1452 3014 φέρειν
1472 2961 1487 2975 ο
1528 2944 1622 2996 καί
1660 2960 1761 2997 που
1788 2943 1873 3009 ξέ-

1980 1782 2096 1819 mus
2129 1785 2143 1820 :
2175 1765 2309 1830 Quid
2363 1779 2494 1817 vero
2534 1765 2703 1817 dicis?
2749 1765 3013 1817 Illietnres
3045 1780 3141 1817 nos
3176 1780 3359 1815 sumus
3392 1775 3440 1815 et
3470 1758 3530 1807 li-

1976 1857 2166 1910 liarmn
2217 1866 2396 1924 patres
2434 1855 2720 1907 turmarum
2756 1872 2769 1907 :
2822 1855 3029 1907 litteras
3078 1857 3220 1907 enim
3256 1855 3326 1907 ita
3359 1856 3531 1907 nomi-

1978 1963 2105 2000 nare
2156 1948 2483 2000 videbatur:
2529 1946 2621 1999 sed
2682 1946 2724 1998 si
2773 1945 2885 1997 lucc
2943 1945 3149 1998 dixeris
3198 1944 3349 2005 olim,
3391 1958 3535 1996 nunc

1974 2048 2120 2090 certe
2151 2052 2255 2088 non
2286 2036 2552 2103 amplius;
2581 2035 2673 2088 sed
2704 2036 2834 2087 estis
2865 2036 3081 2103 quidam
3115 2051 3177 2087 ex
3225 2035 3377 2088 vobis
3403 2050 3534 2087 con-

1974 2129 2283 2188 viciatores.
2334 2135 2389 2179 et
2429 2140 2630 2179 morem
2675 2137 2912 2178 veterem
2980 2127 3180 2179 amoris
3228 2126 3532 2191 negligitis:

1974 2219 2066 2273 sed
2101 2217 2144 2270 si
2193 2219 2312 2281 quis
2366 2227 2512 2270 esset
2581 2217 2844 2284 poeticus,
2939 2216 3235 2284 Apollinem
3291 2226 3437 2268 certe
3483 2227 3537 2267 et

1976 2322 2155 2361 unisas
2183 2310 2485 2359 invocarem
2517 2324 2530 2359 :
2578 2310 2699 2359 date
2728 2306 2883 2369 mihi,
2921 2307 3106 2360 dicens
3137 2321 3230 2360 vos
3256 2321 3452 2359 vocare
3480 2317 3537 2357 et

1972 2397 2191 2453 liberos.
2227 2408 2282 2450 et
2316 2411 2421 2448 non
2454 2396 2723 2448 immerito
2757 2395 2921 2448 videri
2962 2395 3216 2448 delicias:
3268 2411 3410 2447 nunc
3439 2409 3537 2447 au-

1975 2496 2080 2538 tem
2120 2485 2320 2553 aliquid
2347 2482 2590 2552 efﬁngam
2622 2484 2912 2552 poeticum,
2943 2495 2997 2535 et
3022 2498 3295 2550 magnum,
3334 2493 3387 2536 et
3422 2499 3538 2535 ma-

1973 2593 2135 2644 guum
2166 2577 2530 2644 juramentum
2586 2576 2729 2632 dico.
2788 2575 2972 2644 diique
3019 2582 3183 2627 testes
3236 2575 3363 2636 sint,
3396 2576 3537 2643 quod

1979 2685 2083 2721 non
2119 2668 2190 2721 ita
2216 2671 2286 2721 sit
2310 2669 2449 2735 apud
2492 2683 2589 2721 nos
2616 2678 2674 2719 ut
2703 2654 2914 2720 alicubi.
2947 2663 3243 2718 allirmatur
3271 2683 3286 2718 :
3321 2667 3372 2717 in
3405 2666 3539 2718 ami-

1976 2760 2101 2811 citia
2138 2769 2320 2810 nostra
2349 2772 2657 2811 reveremur
2688 2769 2736 2811 et
2765 2757 3108 2811 meminimus
3141 2756 3536 2811 amicissimos:

1978 2850 2104 2917 quid
2142 2848 2328 2917 igitur,
2366 2848 2522 2912 dicis,
2568 2849 2670 2902 hoc
2709 2847 3031 2901 silentium?
3062 2848 3223 2901 timeo
3252 2862 3320 2900 ne
3352 2847 3539 2915 iniqua

1980 2940 2194 2992 fortuna
2246 2939 2298 2991 in
2336 2953 2483 2992 meos
2513 2938 2725 3004 genitos
2772 2937 3096 2991 invehatur:
3133 2947 3187 2990 et
3212 2938 3278 2989 ad
3308 2946 3359 2992 te
3391 2952 3542 2990 meas

310 3052 418 3087 νων
477 3035 684 3099 ταύτας
744 3038 1048 3106 ἠνέγκαντο
1098 3039 1299 3106 χεῖρες,
1348 3034 1687 3103 ἀγνοούντων
1730 3036 1873 3099 τίνες
1901 3039 1942 3095 C
1981 3049 1987 3083 I

1867 3039 1942 3095 ;c
1981 3032 2134 3083 mitto
2168 3030 2306 3084 filias
2342 3037 2402 3082 ut
2441 3029 2534 3083 tihi
2587 3028 2750 3082 aliam
2804 3029 2963 3082 modo
3014 3028 3189 3083 ferant
3224 3044 3239 3081 :
3294 3036 3350 3083 et
3404 3025 3544 3082 forte

311 3121 472 3179 αὗται
519 3128 612 3179 καὶ
660 3128 856 3181 πόθενο
924 3128 1058 3181 ἀλλὰ
1112 3128 1222 3199 γὰρ
1264 3126 1481 3197 ἀτυχὼν
1534 3128 1627 3179 ἐπὶ
1650 3127 1874 3189 ταύταις

1980 3138 2170 3176 manus
2208 3122 2505 3175 alienorum
2544 3121 2674 3173 istas
2722 3122 2960 3173 tulerunt
3004 3135 3095 3187 qm
3142 3133 3263 3186 qua:
3301 3128 3355 3171 et
3400 3120 3545 3172 unde

312 3214 408 3266 καὶ
455 3213 725 3282 ἀγνώμων
776 3214 995 3267 ἐδόκουν
1047 3218 1139 3267 καὶ
1180 3214 1463 3284 κρίνομαι’
1507 3215 1605 3277 τὰς
1654 3215 1753 3282 μὲν
1781 3210 1875 3266 οὗν
1976 3230 1989 3268 4

1865 3230 1875 3263 ν
1976 3223 2157 3268 essent
2186 3213 2504 3281 ignorabant
2537 3229 2550 3265 :
2583 3211 2675 3264 sed
2706 3212 2846 3264 enim
2890 3210 3071 3262 infelix
3129 3212 3193 3262 de
3236 3209 3315 3261 his
3360 3217 3414 3261 et
3442 3209 3542 3260 im—

312 3304 480 3367 ἄλλας
534 3305 618 3367 τίς
651 3305 717 3358 ἄν
748 3323 833 3368 τις
874 3305 1070 3375 ἀνιῷτο
1092 3304 1264 3372 λέγων
1288 3321 1301 3334 ·
1330 3305 1466 3358 ἀλλά
1496 3304 1620 3375 χθές
1650 3322 1752 3361 που
1783 3306 1878 3357 καὶ
1979 3322 1989 3372 ι

1869 3324 1878 3356 ι
1979 3305 2210 3372 prudens
2254 3302 2477 3357 videbar
2518 3310 2571 3355 et
2602 3300 2816 3368 judicor
2857 3318 2870 3353 :
2917 3299 3052 3352 alias
3115 3299 3332 3366 quidem
3384 3298 3546 3366 igitur

315 3394 507 3465 πρώην
536 3395 735 3466 ἐστάλη
760 3413 843 3457 τις
872 3395 945 3456 ὡς
979 3398 1056 3455 σὲ,
1087 3396 1211 3458 τοὺς
1241 3397 1407 3464 ἐμοὺς
1434 3396 1647 3463 ἀγῶνας
1660 3396 1876 3464 διηγου-
1976 3409 1992 3447 (

1866 3424 1876 3434 -
1976 3396 2096 3464 quis
2144 3393 2506 3447 oﬂ‘enderetur
2543 3392 2765 3461 legens?
2806 3393 2901 3445 sed
2940 3390 3055 3443 heri
3086 3398 3139 3443 et
3178 3398 3335 3443 antea
3381 3389 3543 3443 missa

318 3485 494 3555 μένηο
540 3486 635 3539 καὶ
666 3487 781 3549 νῦν,
838 3487 912 3548 ὡς
952 3488 1114 3551 ἔοικε,
1168 3486 1297 3553 ξένη
1335 3504 1418 3549 τις
1469 3487 1737 3539 πλανᾶται
1784 3486 1879 3538 καὶ
1980 3486 1995 3538 l

1868 3498 1879 3537 ι
1980 3486 2077 3538 fuit
2103 3501 2208 3538 una
2234 3499 2353 3554 qum
2390 3496 2439 3537 te
2472 3500 2587 3537 mea
2613 3485 2912 3545 certamina
2948 3482 3206 3533 doceret:
3239 3490 3292 3531 et
3318 3494 3459 3531 nunc
3489 3488 3545 3531 ut

315 3576 519 3646 ἕρημος
548 3594 559 3607 ·
585 3576 701 3630 ἀλλ’
730 3578 855 3646 ἥκοι
903 3577 1031 3629 ποτέ
1061 3580 1249 3647 χεῖρας
1276 3577 1350 3639 ὼς
1380 3577 1498 3641 σὰς,
1527 3577 1622 3630 καὶ
1651 3577 1878 3647 εὐφραιε-
1979 3595 1992 3630 ε

1866 3587 1878 3619 '-
1979 3590 2224 3647 apparet,
2266 3578 2548 3646 peregrina
2585 3587 2733 3629 errat
2776 3586 2829 3627 et
2858 3575 3112 3627 deserta:
3159 3572 3249 3625 sed
3285 3571 3412 3623 olim
3459 3570 3543 3622 in-

315 3667 511 3735 νοίμην
558 3667 825 3730 ἀκούσας·
872 3668 941 3720 τὰ
971 3669 1027 3720 δέ
1080 3669 1147 3721 σὰ
1187 3668 1336 3737 δῶρα
1364 3667 1542 3719 λαϐὼν
1587 3667 1762 3736 ἥσθην
1787 3667 1879 3719 ἐπὶ
1982 3690 1992 3720 ι

1866 3672 1879 3717 ι
1982 3670 2124 3722 cidat
2150 3668 2203 3722 iu
2234 3684 2444 3731 manus,
2480 3678 2534 3723 et
2563 3667 2732 3721 libens
2773 3668 3027 3719 audiam:
3067 3675 3155 3718 tua
3197 3675 3377 3715 autem
3407 3663 3543 3713 doma

316 3758 547 3821 τούτοις,
572 3759 668 3828 οὐχ
692 3754 854 3830 ἦττον
875 3761 907 3828 ὴ
943 3759 1230 3821 Ὀδυσσεὺς
1253 3759 1351 3827 μὲν
1374 3759 1652 3811 Ἀλκινόου
1672 3759 1878 3827 φιλοτι-

323 3848 451 3918 μίαν
476 3848 647 3918 ὁρῶν·
685 3849 802 3902 ἐκεῖ
828 3850 925 3919 μὲν
951 3850 1060 3917 γάρ
1083 3850 1143 3901 τὸ
1162 3849 1350 3901 λαϐεῖν
1378 3844 1491 3917 εἶχε
1525 3848 1713 3916 μόνην,
1750 3847 1880 3917 παρ’

318 3942 453 4009 ἡμῖν
497 3940 556 3993 δέ
604 3938 805 4009 ἄμφω·
857 3940 940 3993 δτι
987 3941 1051 3994 σὺ
1109 3939 1209 4009 μὲν
1263 3939 1439 4005 δίδως,
1509 3938 1622 4006 ἐγὼ
1655 3937 1711 3991 δὲ
1744 3938 1884 4008 λαμ-

319 4031 486 4085 θάνω.

853 4119 969 4173 Δι’.
1032 4117 1373 4189 summm.

394 4214 515 4267 Ἔτι
536 4212 722 4283 σιγᾷς;
756 4211 836 4264 ἔτι
860 4210 970 4263 τῶν
998 4210 1428 4280 ἀπερριμμένων
1447 4211 1606 4280 ἡμεῖς
1631 4226 1644 4273 ;
1676 4209 1797 4262 οὺδέ
1826 4227 1886 4261 σε

324 4306 572 4359 παλαιῶν
622 4304 843 4374 ἐρώτων
896 4301 1219 4370 ὑπεισῆλθεν
1275 4298 1686 4371 ούδένςνηλεὴς
1726 4298 1790 4354 σύ
1821 4299 1885 4367 γέ

320 4415 377 4451 τι
404 4400 497 4451 καὶ
524 4396 803 4465 ἀμείλιχος
863 4393 1097 4447 ἀνάλαὸἐ
1137 4408 1228 4461 μοι
1259 4391 1358 4463 τὴν
1392 4393 1632 4462 μνήμην,
1658 4392 1733 4453 ὼς
1763 4393 1890 4443 οὐκ-

274 4482 278 4486 ’
321 4491 405 4542 ἐτι
466 4487 745 4548 τοιαύταις
783 4487 913 4555 ἡμῖν
939 4485 1156 4553 ἀπῆρας
1183 4485 1393 4537 ἐλπίσιν
1419 4500 1432 4513 ’
1487 4483 1601 4535 ἀλλ’
1632 4483 1889 4552 ἐδάκρυες

324 4581 427 4652 μέν
459 4584 524 4633 Οἵ
529 4597 615 4649 μοι
641 4581 653 4632 l
689 4580 782 4631 καὶ
817 4578 971 4643 μόλις
1002 4576 1259 4647 ἀπείχου·
1293 4575 1526 4646 γράψειν
1557 4574 1889 4644 διομολόγεις

324 4674 535 4744 μικροῦ
552 4673 662 4724 δεῖν
688 4672 783 4725 καὶ
805 4672 935 4739 πρὶν
955 4668 1211 4739 ἐπιϐῆναι
1242 4666 1340 4735 τῆς
1369 4666 1473 4735 γῆς
1489 4683 1502 4696 ⁸
1526 4667 1643 4717 νυνὶ
1662 4665 1720 4717 δέ
1749 4666 1890 4733 οἴχε-

322 4784 414 4819 ται
452 4766 550 4835 μὲν
577 4767 795 4825 ἐκεῖνα,
845 4763 1054 4831 σιωπᾷς
1089 4762 1249 4832 μόνον
1272 4776 1285 4788 ·
1308 4761 1465 4831 ἡμῶν
1504 4759 1561 4812 δὲ
1599 4759 1753 4826 λόγος
1800 4759 1892 4809 ού-

322 4857 433 4915 δεὶς
452 4871 468 4887 ο
498 4857 547 4908 εί
576 4854 634 4906 δὲ
676 4854 971 4922 σιωπήσεις
1003 4852 1103 4914 ἔτι,
1130 4851 1499 4920 ἁναϐοήσομαί
1522 4868 1574 4900 τι
1611 4850 1890 4918 τραγικὸν,

338 4947 448 5014 Ἰὼ,
478 4946 601 5004 Ζεῦ.
629 4945 824 5011 λέγων,
847 4943 941 4995 καὶ
967 4942 1120 5010 φιλία
1154 4942 1244 4993 καὶ
1273 4940 1422 5007 λόγοι
1445 4956 1457 4969 ·
1503 4938 1758 5007 ἠδίκησθε
1791 4938 1891 5004 μὲν

325 5042 504 5109 ὑμεῖς’
527 5039 793 5108 ἠδίκημαι
810 5036 866 5088 δὲ
895 5033 1024 5101 ἐγώ·
1044 5034 1073 5085 ὁ
1100 5032 1154 5085 δὲ
1175 5032 1374 5085 ἀδικῶν
1394 5027 1460 5100 ἦν
1484 5032 1571 5083 ὅτε
1593 5030 1743 5098 φίλον
1766 5027 1893 5081 ἐκά-

328 5132 427 5183 λειο
461 5128 555 5183 νῦν
578 5128 684 5196 γὰρ
702 5125 906 5179 οὐκέτι.

905 5389 1026 5443 AE'.
1067 5387 1349 5457 toANNn.

399 5489 462 5541 Et
494 5488 595 5557 τὴν
622 5484 802 5552 φιλίαν
831 5480 1171 5550 ἐψευσμένην
1198 5478 1437 5530 δείκνυσι
1480 5476 1541 5528 τὸ
1589 5477 1766 5547 σιγᾷν.
1803 5479 1898 5530 ἀν-

327 5582 476 5649 άγκη
510 5580 671 5648 μέχρι
705 5574 877 5640 λόγων
903 5571 1073 5641 αὐτὴν
1102 5570 1189 5623 ἀεὶ
1218 5569 1537 5621 συνεστάναι
1560 5583 1574 5601 ο
1611 5568 1665 5620 εἴ
1690 5585 1752 5634 γε
1782 5568 1900 5621 τούς

329 5688 439 5726 των
469 5670 716 5723 ἀπόντων
746 5665 1042 5731 ἐλέγχεται,
1062 5659 1255 5712 οὐκοῦν
1283 5657 1520 5711 λείπεται
1543 5658 1633 5710 καὶ
1660 5659 1749 5710 τὸν
1775 5658 1871 5711 δυσ

338 5764 478 5829 μενῆ
517 5762 670 5842 φίλον
714 5755 983 5827 ἡγεῖσθαι,
1041 5754 1201 5828 μόνον
1270 5752 1353 5805 ἀεὶ
1416 5750 1722 5818 φθέγγοιτο.
1744 5751 1903 5804 Ἀ).λὰ

1982 3756 2165 3825 accepi
2190 3764 2244 3811 et
2268 3755 2336 3809 de
2363 3756 2446 3811 his
2475 3754 2688 3809 laetatus
2719 3770 2839 3809 sum
2885 3770 2987 3806 non
3030 3753 3207 3807 llllltllS
3236 3768 3300 3804 ac
3332 3748 3550 3819 lllysses

1980 3847 2190 3902 Alcinoi
2246 3848 2679 3903 benevolentiam
2726 3849 2952 3900 videns:
3000 3846 3093 3913 hic
3134 3844 3349 3912 quidem
3402 3845 3549 3896 enim

1985 3939 2127 3994 illam
2180 3940 2349 3994 solam
2396 3939 2645 4007 accipere
2678 3948 2814 4002 erat,
2858 3937 2996 4006 apud
3048 3951 3144 3989 nos
3192 3945 3369 3989 autem
3401 3935 3548 3989 duo:

1984 4030 2181 4100 quippe
2209 4032 2425 4101 quidem
2458 4040 2513 4083 tu
2539 4033 2655 4092 das,
2683 4046 2782 4098 ego
2807 4038 2987 4082 autem
3014 4028 3244 4095 accipio.

2432 4119 2671 4174 XXXIV.
2705 4116 3092 4174 EPIPHANIO.

2057 4214 2247 4269 Adhuc
2289 4212 2452 4267 siles?
2493 4212 2667 4264 adhuc
2704 4212 2845 4262 inter
2909 4204 3195 4276 despectos
3241 4224 3338 4261 nos
3386 4208 3550 4260 habe-

1994 4305 2158 4357 mur?
2206 4301 2350 4355 Nihil
2387 4316 2517 4369 ergo
2565 4302 2770 4367 antiqui
2814 4302 3017 4353 amoris
3061 4298 3224 4351 subiit
3279 4296 3556 4350 animinon?

1988 4392 2234 4451 Crudelis
2270 4400 2327 4444 tu
2360 4396 2415 4445 et
2462 4387 2818 4456 implacabilis
2867 4402 2951 4438 ine
3004 4386 3070 4437 ad
3120 4384 3435 4437 memoriam
3472 4397 3557 4435 re-

1992 4501 2122 4539 voca
2153 4482 2295 4553 quod
2336 4494 2608 4548 nunquam
2661 4478 2893 4547 amplius
2952 4477 3081 4529 mihi
3126 4476 3357 4529 similem
3403 4489 3556 4540 spem

1988 4574 2254 4644 eripueris
2285 4591 2299 4627 :
2336 4573 2429 4625 sed
2481 4571 2670 4629 ﬂebas,
2724 4568 2907 4623 credo.
2959 4578 3012 4620 et
3066 4568 3150 4618 vix
3203 4564 3558 4619 abstinebas:

1991 4665 2321 4730 scripturum
2356 4659 2703 4716 conﬁtebaris
2738 4673 2928 4725 parum
2965 4659 3137 4720 abest,
3180 4667 3232 4710 et
3266 4667 3558 4723 antequam

1994 4755 2047 4809 in
2079 4762 2281 4807 terram
2331 4751 2740 4805 descenderes:
2791 4761 2934 4800 nunc
2982 4756 3161 4798 autem
3211 4744 3391 4799 abiere
3446 4744 3560 4796 Iure

1992 4844 2196 4906 oninia,
2231 4841 2362 4896 siles
2410 4854 2538 4895 vero
2581 4848 2788 4892 tantum
2833 4853 2848 4889 :
2903 4845 3087 4889 uoster
3135 4846 3318 4889 autem
3380 4847 3560 4887 sermo

1996 4934 2173 4987 nullus
2204 4951 2219 4987 :
2252 4932 2295 4985 si
2328 4946 2457 4985 vero
2487 4930 2705 4984 silueris
2728 4930 2918 4987 adhuc.
2959 4927 3269 4980 exclamaho
3301 4926 3561 4992 tragicum

1992 5026 2222 5091 Jupiter,
2254 5024 2440 5077 dicens
2480 5032 2534 5074 et
2561 5020 2796 5073 amicitia
2830 5029 2883 5073 et
2915 5020 3073 5072 verba
3104 5035 3118 5072 :
3151 5017 3306 5070 vobis
3343 5016 3560 5083 quidem

1995 5116 2190 5182 injuria
2230 5112 2329 5167 fuit
2359 5114 2551 5167 illata:
2599 5113 2728 5166 mihi
2772 5120 2951 5163 autem
3006 5110 3106 5176 ipsi
3140 5123 3154 5160 ε
3191 5107 3443 5175 iniuriam
3467 5122 3563 5158 au-

1998 5219 2101 5260 ινιιι
2133 5206 2371 5258 inferens
2409 5214 2529 5256 erat
2566 5217 2689 5256 cum
2730 5217 2815 5255 me
2836 5202 3076 5255 amicum
3120 5199 3343 5253 vocabat
3373 5215 3389 5250 :
3426 5210 3564 5248 nunc

1997 5300 2140 5351 enim
2174 5311 2278 5350 non
2312 5294 2565 5363 amplius.

2526 5381 2745 5437 XXXV.
2783 5377 3040 5436 JOANNI.

2074 5476 2131 5531 Si
2193 5476 2487 5530 amicitiam
2552 5477 2831 5540 deceptam
2879 5476 3215 5525 demonstret
3268 5467 3565 5529 silentium,

2003 5584 2223 5624 necesse
2253 5578 2337 5622 est
2372 5567 2628 5634 usquead
2654 5567 2813 5617 verba
2846 5565 3015 5631 ipsam
3047 5576 3260 5628 semper
3286 5569 3566 5612 constare:

2009 5662 2276 5729 siquidem
2328 5660 2444 5713 istis
2497 5667 2550 5710 rt
2602 5657 2916 5709 absentibus
2968 5655 3231 5708 exsistere
3286 5653 3564 5718 probatur,

2016 5754 2179 5821 igitur
2210 5760 2379 5804 restat
2416 5759 2468 5804 ct
2505 5748 2826 5802 malevolum
2863 5749 3094 5799 amicum
3130 5743 3443 5798 existimare
3475 5739 3563 5811 qui
