4248 6428
684 339 823 403 ἓἾόἹ

1969 352 2314 410 PIHNIOPII
2355 353 2592 415 GAZIEI

3779 362 3927 425 2748

676 452 849 505 solum
898 463 1110 518 semper
1137 451 1487 518 loqueretur:
1532 455 1624 509 sed
1667 471 1765 511 nos
1798 475 1901 512 non
1940 476 2123 514 sumus
2158 469 2237 513 ιλ·
2274 462 2314 516 Α
2347 477 2353 526 1

2274 462 2314 516 Α
2347 461 2419 528 μὴ
2451 465 2680 518 τοιοῦτοι
2718 472 2897 534 κριταὶ
2925 468 3103 534 φιλίας
3132 471 3289 537 ἡμεῖς
3319 488 3328 496 ·
3369 470 3419 522 τί
3452 471 3559 539 γὰρ
3602 472 3799 524 κωλύει
3830 475 3925 525 καὶ

676 542 753 596 Ies
795 540 1047 595 amicitia:
1083 541 1293 609 judices
1331 545 1505 612 :quid
1534 547 1677 601 enim
1714 549 1934 617 impedit
1983 569 2050 605 ne
2077 554 2242 607 silens

676 633 935 687 memoria
983 636 1186 685 amicos
1218 634 1435 689 videat?
1469 635 1621 701 Quod
1670 654 1811 691 nunc
1843 641 1997 695 nobis
2027 643 2163 697 inest
2189 653 2241 697 et

678 739 951 791 nunquam
979 726 1251 779 cessabit:
1283 728 1649 791 expendamus
1675 740 1854 784 autem
1889 735 2065 800 potius
2096 737 2240 803 quod

680 828 783 866 non
814 813 993 866 datum
1018 824 1102 867 est
1131 816 1312 869 omnia
1357 816 1533 871 facere
1577 828 1631 871 ιιι
1656 822 1888 890 quisque
1913 823 2025 876 vult
2060 842 2073 876 :
2111 823 2243 877 foris

679 904 821 956 enim
864 903 1256 958 sollicitudines
1296 908 1417 960 vitae
1471 916 1526 960 et
1554 908 1718 963 l'nturi
1766 911 2091 965 incertitudo
2138 914 2241 965 ali-

679 994 892 1060 quando
920 995 1113 1049 ratioui
1157 998 1446 1064 praevalent
1479 1017 1491 1052 :
1528 1016 1647 1067 qua:
1675 1002 1891 1068 quidem
1918 1014 2119 1068 agunt;
2154 1005 2240 1058 illa

680 1092 857 1135 autem
913 1085 1173 1138 deliberat
1207 1096 1258 1140 ct
1290 1089 1682 1154 persuadetur:
1733 1092 1810 1143 sic
1851 1092 2003 1153 mibi,
2045 1094 2242 1162 quippe

682 1168 888 1223 discere
935 1174 1263 1239 supervenit,
1318 1178 1612 1230 certamina
1660 1180 1912 1232 continua
1940 1186 1994 1233 et
2022 1194 2243 1250 pr0pter

685 1256 795 1311 lucc
848 1260 1239 1317 sollicitudines
1276 1280 1303 1317 a
1336 1268 1601 1333 principio
1648 1285 1732 1323 me
1780 1271 2108 1335 invaserunt.
2145 1290 2241 1327 nce

685 1362 769 1400 me
822 1364 990 1416 usque
1034 1353 1099 1404 ad
1138 1354 1268 1407 illud
1312 1366 1520 1423 tempus
1564 1358 1863 1427 reliquere:
1908 1377 2027 1431 quae
2066 1365 2241 1431 potius

682 1440 962 1503 Oportebat
1005 1447 1284 1498 attendere
1319 1463 1477 1513 quam
1522 1452 1783 1516 suspicari
1837 1469 1903 1505 an
1951 1465 2004 1506 et
2056 1456 2244 1508 amici-

686 1531 771 1581 tia:
806 1535 1252 1591 consuleremus:
1299 1548 1353 1590 et
1385 1556 1526 1593 nunc
1570 1543 1679 1607 jam
1730 1545 2077 1596 cessavimus.
2136 1546 2240 1600 Sed

682 1635 715 1669 υ
750 1619 974 1688 Jupiter,
1007 1635 1059 1676 et
1090 1640 1396 1685 autores,et
1418 1646 1606 1686 omnes
1636 1636 1726 1701 qui
1763 1636 2016 1689 amicitia:
2052 1640 2241 1708 invigi-

687 1710 832 1771 la'is,
889 1716 1207 1781 persuadetc
1256 1734 1403 1773 meos
1432 1736 1777 1778 accusatores
1810 1743 1824 1779 :
1876 1743 2148 1796 nunquam
2176 1732 2241 1784 ad

2351 554 2638 606 σιωπῶντα
2669 560 2731 625 τῇ
2771 559 2956 627 μνήμῃ
2989 561 3114 621 τοὺς
3161 560 3349 626 φίλους
3392 564 3553 630 όρᾷν;
3603 564 3742 630 ὅπερ
3791 566 3928 629 ἡμῖν

2350 644 2443 695 καὶ
2486 644 2579 695 νῦν
2612 648 2726 696 ἐστι
2760 648 2851 697 καὶ
2897 646 3092 701 οὔποτε
3127 648 3411 702 παύσεται.
3460 650 3822 716 Λογισώμεθα
3869 653 3927 703 δὲ

2352 734 2551 802 μᾶλλον
2594 735 2668 796 ὡς
2713 738 2773 788 οὗ
2820 737 3027 790 δέδοται
3075 740 3252 791 πάντα
3303 740 3560 806 πράττειν
3595 741 3667 799 ὡς
3695 741 3926 801 ἕκαστος

2350 824 2629 892 βούλεται·
2669 827 2867 890 ἔξωθεν
2897 829 2951 879 δὲ
2986 830 3266 897 φροντίδες
3295 830 3387 881 τοῦ
3422 831 3537 898 βίου
3584 832 3676 882 καὶ
3720 831 3778 882 τὸ
3826 830 3925 882 τοῦ

2352 919 2635 988 μέλλοντος
2685 920 2879 988 ἄδηλον
2923 921 3313 990 ἐπικρατοῦσιν
3360 922 3467 972 ἔσθ’
3502 923 3588 973 ὅτε
3638 922 3731 973 τοῦ
3773 922 3927 987 λογι-

2351 1010 2523 1077 σμοῦ·
2557 1011 2646 1061 καὶ
2670 1010 2737 1062 τὰ
2770 1013 2866 1079 μὲν
2895 1013 3016 1078 ἄγει
3037 1052 3049 1071 ,
3081 1014 3106 1064 ό
3136 1013 3190 1064 δὲ
3239 1012 3479 1081 βουλεύει
3521 1015 3614 1065 καὶ
3652 1014 3926 1066 πείθεται.

2350 1100 2531 1168 Κὰμοὶ
2558 1101 2753 1162 τοίνυν,
2789 1103 2973 1169 ἐπειδὴ
3000 1101 3094 1153 τοῦ
3128 1103 3398 1154 διδάσκειν
3444 1104 3644 1172 ἐπέϐην
3668 1144 3681 1163 ,
3713 1103 3926 1168 ἀγῶνές

2348 1208 2407 1243 τε
2440 1195 2700 1261 συνεχεῖς,
2743 1195 2832 1245 καὶ
2859 1195 2912 1245 αἱ
2943 1196 3069 1262 περὶ
3098 1195 3301 1245 τοίτων
3331 1195 3609 1261 φροντίδες
3653 1194 3710 1257 ἐξ
3751 1193 3924 1261 ἀρχῆς

2350 1284 2637 1346 ἐπέθεντο,
2673 1291 2765 1336 καὶ
2800 1284 2958 1353 μέχρι
3000 1286 3094 1337 νῦν
3124 1288 3223 1337 οὐκ
3254 1286 3550 1337 ἀπέλιπον·
3585 1285 3757 1336 ταῦτα
3792 1284 3929 1350 μᾶλ-

2348 1373 2437 1425 λον
2466 1375 2636 1443 ἐχρῆν
2664 1375 3028 1445 ἐνθυμεῖσθαι,
3068 1377 3097 1443 ἢ
3138 1379 3227 1428 ἐπὶ
3258 1380 3470 1445 μικροῖς
3502 1377 3827 1428 ὑποπτεύειν
3853 1375 3928 1436 ὡς

2347 1461 2490 1535 ἦμεν
2515 1465 2707 1532 ἀγαθοί
2746 1483 2802 1517 τε
2840 1466 2975 1535 πὼς
3002 1467 3217 1533 φιλίαν
3254 1470 3345 1519 καὶ
3375 1467 3468 1517 νῦν
3504 1467 3600 1534 ἤδη
3635 1465 3928 1532 πεπαύμε-

2350 1554 2439 1608 θα.
2460 1556 2619 1619 Ἀλλ’,
2639 1550 2683 1606 ὧ
2702 1553 2829 1617 Ζεῦ,
2851 1557 2944 1608 καὶ
2960 1556 3180 1625 ἔρωτες,
3205 1560 3295 1608 καὶ
3320 1558 3433 1608 ὅσοι
3458 1558 3637 1623 φιλίας
3664 1558 3926 1616 ἐπόπται,

2351 1648 2587 1701 πείθοιτε
2617 1648 2741 1710 τοὺς
2770 1648 2938 1717 ἐμοὺς
2969 1650 3307 1718 κατηγόρους
3327 1665 3339 1677 ο
3366 1648 3558 1700 οὔποτε
3590 1649 3724 1717 πρὸς
3755 1649 3930 1715 λήθην

2353 1742 2531 1795 αὐτῶν
2559 1742 2857 1809 ἀφικόμην,
2886 1742 3019 1793 ἀλλὰ
3060 1741 3272 1807 σύνειμι
3296 1741 3373 1808 τῷ
3404 1740 3667 1809 λογισμῷ,
3692 1741 3788 1791 καὶ
3838 1740 3928 1790 Τιέ-

684 1803 1008 1858 nblivionetn
1047 1808 1282 1875 ipsorum
1317 1813 1557 1878 perveni,
1588 1815 1681 1867 sed
1711 1832 1831 1869 cum
1879 1820 2087 1873 ratione
2115 1836 2245 1874 eon-
2281 1801 2325 1860 Β
2352 1849 2361 1862 ·

2281 1801 2325 1860 Β
2352 1849 2470 1899 γειν
2492 1849 2543 1884 τι
2576 1832 2737 1895 δοκῶ,
2767 1834 2861 1885 καὶ
2887 1833 3150 1899 λεγόντων
3187 1832 3408 1883 ἀκούειν
3430 1850 3444 1863 θ
3475 1833 3567 1884 καὶ
3609 1832 3681 1892 ὡς
3714 1834 3761 1882 εἰ
3804 1830 3930 1881 τού-

686 1908 892 1958 νυτδοτ,
929 1909 981 1949 et
1047 1900 1225 1953 dicere
1272 1901 1491 1971 aliquid,
1538 1913 1592 1959 et
1644 1906 1885 1963 dicentes
1934 1913 2121 1966 audire
2175 1915 2251 1966 vi-

686 1985 815 2035 ιιι-ον’
847 2002 862 2038 ι
898 1996 951 2038 ct
983 1987 1053 2039 ita
1082 1990 1124 2040 si
1158 2006 1250 2044 eos
1274 1993 1610 2059 ignoravero,
1638 1997 1946 2055 obliviscar.

689 2073 923 2129 XXXVI.
956 2077 1320 2135 ZACIIAIIIxE
1370 2083 1455 2138 ET
1486 2084 1801 2145 PHILIPI’O
1832 2091 2248 2155 FRATRIBUS.

757 2167 970 2233 Quanto
1005 2171 1273 2228 desiderio
1325 2176 1704 2243 laboraverim,
1737 2188 2010 2251 quomodo
2037 2204 2249 2255 possent

688 2260 853 2310 verbo
899 2264 1225 2330 evprimcre,
1264 2266 1366 2319 nisi
1410 2267 1549 2321 forte
1596 2272 1791 2325 similia
1828 2277 1977 2344 passi
2007 2278 2254 2334 fueritis?

689 2347 789 2413 Qui
826 2351 968 2404 enim
999 2368 1189 2419 passus
1228 2367 1309 2412 est
1344 2362 1407 2412 ad
1440 2360 1792 2429 judicandum
1824 2371 1993 2437 magis
2023 2381 2106 2425 est
2138 2374 2254 2425 ido-

692 2456 824 2495 neus
858 2458 871 2495 :
925 2443 1083 2499 talem
1130 2458 1308 2502 autem
1355 2466 1474 2505 esse
1516 2469 1833 2521 persuasum
1876 2461 2071 2527 habeo,
2095 2474 2149 2519 et.
2177 2465 2255 2520 Ic-

691 2547 809 2600 gent
860 2548 1078 2589 servare
1115 2539 1369 2596 amicitia:
1407 2544 1566 2599 simul
1596 2557 1652 2601 et
1680 2559 1887 2606 natura:
1919 2567 1984 2607 ex
2018 2554 2103 2609 his
2135 2571 2257 2625 qum

693 2626 930 2679 scribitis
961 2641 1014 2681 et
1058 2634 1294 2687 suadetis
1324 2639 1375 2690 in
1410 2641 1604 2693 vestris
1648 2641 1886 2699 litteris:
1920 2647 2049 2700 mibi
2074 2662 2255 2703 autem

694 2716 857 2783 igitur
904 2722 1103 2785 pariter
1154 2726 1414 2781 transﬁxo
1470 2731 1674 2795 dolore,
1730 2744 1786 2788 et
1832 2735 2032 2806 aliquid
2083 2741 2260 2797 simile

695 2823 836 2871 swpe
865 2811 1043 2865 dicere
1092 2817 1308 2871 accidit.
1360 2817 1572 2875 Utinam
1631 2839 1805 2879 essent
1838 2825 2071 2884 Perseus
2103 2841 2157 2885 et
2183 2833 2261 2886 vi-

694 2900 851 2954 derer
906 2917 1169 2969 petmatns
1211 2924 1335 2963 aera
1369 2914 1638 2981 Scindens,
1668 2926 1724 2971 et
1765 2933 1929 2988 super
1975 2937 2124 2975 mare
2152 2924 2261 2978 ela-

697 3001 802 3053 ius,
833 3003 889 3047 ut
928 3010 1249 3066 quocunque
1296 3004 1454 3058 modo
1498 3006 1667 3073 Ileret,
1699 3012 1839 3077 apud
1870 3028 1965 3067 vos
1998 3030 2174 3069 essent
2207 3027 2263 3071 et

2352 1940 2477 1986 τους
2511 1922 2710 1990 ἀγνοῶ,
2741 1926 2833 1977 καὶ
2862 1922 3101 1993 ἐμαυτοῦ
3134 1922 3485 1991 ἐπιλήσομαι.

2467 2098 2607 2169 [ις’.
2651 2098 2948 2169 ΖΛΧΑΡΙᾼ
2987 2099 3103 2150 ΚΜ
3141 2099 3421 2167 ΦΙΛΙΠΠῼ
3460 2097 3800 2150 ΛΔΕΛΦῦΙΣ.

2426 2192 2574 2259 ’Ὀσῳ
2621 2190 2700 2260 τῷ
2753 2190 2879 2257 περὶ
2932 2189 3077 2256 ἡμᾶς
3126 2188 3471 2257 κεκράτημαι
3522 2188 3691 2255 πόθῳ,
3719 2188 3837 2249 πῶς
3864 2190 3931 2235 ὲν

2353 2282 2620 2349 δυναίμην
2652 2278 3006 2348 παραστῆσαι
3031 2278 3292 2348 τῷλόγῳ,
3324 2279 3462 2345 πλὴν
3500 2280 3545 2330 εἰ
3580 2280 3651 2347 μή
3683 2296 3785 2329 που
3822 2294 3934 2328 1:1—

2359 2371 2630 2444 ραπλήσια
2668 2371 2962 2439 τυγχάνετε
3004 2370 3369 2433 πεπονθότεςς
3415 2370 3472 2421 ὐ
3506 2371 3612 2437 γὰρ
3642 2369 3933 2432 πεπονθὼς

2355 2462 2422 2514 τα
2454 2462 2579 2529 περὶ
2601 2459 2696 2512 τοῦ
2728 2460 2933 2529 κρίνειν
2962 2461 3249 2513 ἐπίσταται
3272 2477 3283 2490 ”
3333 2461 3639 2529 πέπεισμαι
3664 2461 3718 2513 δὲ
3749 2459 3933 2513 τοιοῦ-

2356 2570 2446 2615 τος
2486 2550 2643 2612 εἶναι,
2677 2555 2771 2605 καὶ
2799 2551 2960 2619 νόμον
2999 2548 3283 2615 διασώζειν
3314 2552 3493 2617 φιλίας
3524 2550 3637 2617 ἅμα
3683 2553 3773 2603 καὶ
3824 2552 3935 2618 φύ-

2360 2661 2497 2704 σεως
2544 2643 2602 2707 ἐξ
2646 2635 2723 2695 ὧν
2770 2643 2865 2695 καὶ
2920 2641 3157 2711 γράφετε
3207 2645 3301 2694 καὶ
3351 2642 3761 2709 παραμυθεῖσθε
3818 2646 3937 2705 τοῖς

2359 2735 2679 2804 γράμμασιν
2700 2750 2713 2763 ·
2752 2736 2876 2800 ἐμοὶ
2904 2732 2946 2783 δ’
2978 2727 3071 2784 οὖν
3098 2733 3246 2801 ὅμως
3277 2735 3612 2801 ἠπορημὲνῳ
3640 2734 3718 2799 τῷ
3750 2734 3939 2793 πάθει,

2359 2823 2453 2876 καὶ
2483 2822 2721 2875 τοιοῦτόν
2746 2840 2797 2876 τι
2828 2823 3083 2885 πολλάκις
3107 2822 3338 2891 ἐπῆλθεν
3371 2825 3565 2876 εἰπεῖν·
3606 2825 3725 2876 Εἴθε
3752 2825 3902 2890 γενοί
3924 2856 3940 2864 -

2366 2926 2471 2977 μην
2506 2910 2746 2978 Περσεὺς
2794 2912 2887 2961 καὶ
2936 2911 3161 2979 φανείην
3193 2911 3499 2980 ὑπόπτερος
3528 2912 3616 2963 τὸν
3664 2914 3798 2980 ἀέρα
3841 2915 3943 2965 τέ-

2365 3018 2532 3070 μνων,
2556 3002 2649 3054 καὶ
2672 3001 2777 3055 ὑπὸ
2797 3003 2893 3071 τῆς
2917 3002 3191 3072 θαλάσσης
3214 3006 3532 3073 φερόμενος,
3558 3007 3701 3066 ὅπως
3728 3007 3792 3058 ἂν
3819 3008 3946 3075 ἅμα

693 3097 879 3138 amore
927 3085 1180 3144 fruerer:
1225 3104 1419 3159 praeter
1468 3107 1713 3153 naturain
1773 3103 2009 3169 quidem,
2040 3108 2133 3160 sed
2178 3110 2370 3184 estc‘

2288 3127 2331 3184 C
2360 3110 2420 3145 τε
2453 3093 2605 3162 δοκῇ,
2641 3094 2732 3145 καὶ
2756 3094 2994 3162 γίνωμαι
3029 3096 3157 3162 παρ’
3184 3096 3311 3163 ὑμῖν
3362 3097 3455 3149 καὶ
3506 3099 3815 3165 ἀποναίμην
3841 3100 3945 3151 τοῦ

694 3174 1026 3240 propositum
1060 3192 1246 3233 eorum
1279 3182 1371 3249 qui
1406 3200 1509 3239 non
1536 3187 1674 3241 ultra
1696 3188 2009 3247 desiderant
2038 3198 2255 3250 errandi

695 3262 817 3315 t'acil
845 3274 927 3317 ter
973 3279 1027 3321 et
1069 3273 1369 3326 semiuandi
1422 3291 1540 3343 qua:
1589 3278 1703 3332 fieri
1754 3285 1998 3335 naturale
2051 3298 2128 3339 est
2164 3304 2180 3343 :
2211 3288 2256 3341 si

700 3368 821 3407 vero
845 3357 1036 3411 iterum
1075 3362 1203 3415 mibi
1238 3364 1461 3420 fabulari
1508 3371 1682 3436 detur,
1709 3372 1819 3438 jam
1843 3385 1899 3427 et
1930 3377 2093 3430 Abari
2118 3395 2259 3448 smpe

698 3447 862 3500 invidi
900 3451 1153 3521 Scythico
1178 3458 1393 3522 quidem
1421 3469 1474 3512 et
1505 3459 1763 3527 Barbam,
1794 3466 1929 3519 alias
1958 3478 2138 3523 autem
2170 3485 2260 3523 sa-

697 3536 863 3602 pienti
900 3550 952 3592 et
992 3542 1035 3594 si
1085 3543 1247 3599 libeat
1291 3546 1468 3602 felici:
1522 3553 1717 3621 quippe
1756 3557 2007 3624 sagittam
2055 3561 2260 3628 cogita-

698 3626 842 3681 tione
878 3630 1197 3687 Velociorem
1241 3638 1442 3692 Italicus
1464 3645 1602 3708 apud
1632 3658 1767 3710 quos
1799 3647 2009 3701 volebat
2036 3665 2097 3703 se
2126 3666 2261 3704 cou-

701 3720 841 3770 ierre
888 3732 1140 3788 poterat,
1178 3736 1225 3778 et
1279 3728 1377 3782 vite
1411 3731 1742 3800 longitudine
1790 3738 1931 3791 nulla
1971 3743 2261 3795 contrista-

702 3808 857 3862 Itatttt'
888 3813 1117 3870 Abaris:
1151 3818 1242 3871 sed
1275 3821 1402 3888 quid
1437 3836 1536 3888 ego
1560 3838 1680 3891 qua:
1725 3838 1853 3880 sunt
1887 3828 2041 3897 longe
2071 3842 2265 3898 pneter

704 3909 949 3956 naturam
992 3910 1215 3973 quam?
1245 3910 1426 3964 Solum
1456 3916 1609 3968 nobis
1637 3916 2012 3986 relinquuntur
2034 3924 2099 3973 ad
2132 3937 2259 3976 eou-

703 3991 1016 4047 solatioueut
1054 3998 1285 4052 litteram
1338 4000 1571 4058 Perseus
1612 4017 1792 4060 autem
1831 4017 1881 4062 et
1917 4010 2111 4064 Abaris
2138 4028 2266 4081 poe-

703 4084 770 4137 tis
798 4090 1166 4143 coueedautur
1197 4104 1250 4145 et
1281 4092 1497 4150 fabulis.

1136 4182 1397 4238 XXXVII.
1444 4187 1828 4245 EPIPIIANIO.

777 4265 831 4319 Si
867 4270 991 4323 dum
1042 4272 1312 4343 loquimur
1352 4287 1515 4345 taces,
1563 4283 1759 4337 scribis
1800 4300 1928 4339 vero
1959 4286 2082 4339 dum
2124 4298 2267 4342 tace-

706 4374 849 4425 mus,
884 4364 1046 4417 timeo
1074 4368 1339 4430 scribens,
1373 4385 1438 4422 ne
1477 4381 1728 4439 Oporteat
1757 4378 1977 4429 omnino
2004 4386 2097 4429 aut
2122 4378 2267 4447 loqui

2365 3182 2566 3252 ἔρωτος
2586 3199 2598 3212 ·
2637 3183 2785 3251 παρά
2817 3184 2977 3249 φύσιν
3008 3184 3124 3253 μὲν,
3156 3184 3272 3236 ἀλλ’
3305 3185 3366 3236 ού
3414 3187 3600 3255 πόρρω
3627 3188 3950 3240 ποθούντων

2366 3274 2621 3343 ὴγνώμη
2667 3275 2971 3328 πλανᾶσθαί
3016 3293 3074 3328 τε
3120 3277 3318 3347 ῥαδίως
3368 3279 3460 3329 καὶ
3510 3279 3868 3355 ὀνειροπολεῖν
3910 3282 3985 3334 ἃ-

2365 3366 2575 3431 πέφυκε
2626 3366 2907 3432 γίνεσθαι·
2954 3368 3002 3419 εἰ
3049 3367 3105 3419 δέ
3155 3385 3257 3436 μου
3309 3368 3469 3422 πάλιν
3517 3370 3953 3439 μυθολογοῦντος

2367 3457 2597 3527 ἀνάσχῃ,
2624 3457 2722 3527 ἥδη
2759 3459 2851 3511 καὶ
2874 3460 2964 3510 τὸν
2988 3460 3218 3527 Ἄϐαριν
3240 3459 3498 3522 πολλάκις
3525 3462 3790 3529 ἐζήλωσα,
3812 3464 3955 3516 Σκύο

2368 3549 2468 3617 θην
2505 3550 2601 3617 μὲν
2651 3549 2781 3601 ὄντα
2831 3550 2925 3603 καὶ
2964 3550 3266 3621 Βάρόαρον,
3300 3551 3463 3619 σοφόν
3499 3551 3552 3603 δὲ
3578 3552 3773 3615 ἄλλως.
3805 3557 3853 3607 ει
3885 3557 3955 3607 δὲ

2368 3642 2564 3705 θέλεις,
2600 3641 2889 3709 εὐδαίμονα
2912 3658 2924 3670 ·
2958 3643 3039 3694 ὅτι
3063 3642 3155 3694 τὸν
3190 3643 3367 3693 ὀϊστὸν
3402 3642 3537 3710 ἔχων
3566 3644 3955 3712 ὑπηρετοῦντα

2368 3737 2433 3803 τῇ
2481 3733 2695 3803 γνώμῃ,
2728 3733 2855 3802 παρ’
2880 3732 2972 3795 οὓς
3000 3733 3188 3802 ἢθελεν
3218 3733 3413 3803 {ws-rw
3459 3734 3551 3786 καὶ
3593 3734 3713 3786 ὀδοῦ
3767 3737 3956 3803 piro;

2369 3824 2520 3877 οὐδὲν
2554 3821 2857 3892 παρελύπει
2886 3822 2974 3874 τὸν
3000 3820 3227 3889 Ἄϐαριν
3248 3836 3261 3846 ·
3291 3820 3425 3872 ἀλλὰ
3449 3822 3500 3871 τί
3540 3839 3628 3889 μοι
3662 3821 3729 3873 τὰ
3758 3824 3957 3890 rip-im

2371 3915 2524 3985 παρὰ
2558 3916 2718 3983 φύσιν
2763 3914 2985 3982 ζητεῖνς
3021 3912 3199 3965 Μόνον
3236 3914 3367 3981 ἡμῖν
3396 3913 3643 3964 λείπεται
3674 3913 3809 3979 πρὸς
3844 3931 3956 3964 πα·

2374 4006 2647 4078 ραμυθίαν
2703 4003 2771 4057 τά
2821 4003 3150 4073 γράμματα·
3188 4003 3433 4072 Περσεὺς
3479 4002 3533 4053 δὲ
3582 4004 3675 4054 καὶ
3715 4002 3957 4070 ἰὶεαςις

2372 4099 2617 4166 ποιηταῖς
2644 4094 2877 4149 δεδόσθω
2902 4094 2993 4147 καὶ
3025 4093 3232 4163 μύθοις.

2908 4186 3024 4238 Ακι.
3057 4188 3397 4256 autenm.

2444 4280 2506 4332 Ei
2539 4278 2841 4330 λαλούντων
2888 4279 3044 4346 ἡμῶν
3089 4279 3319 4346 σιωπᾷς,
3354 4277 3585 4345 γράφεις
3616 4275 3670 4326 δὲ
3704 4275 3955 4326 σιωπών-

2373 4388 2499 4433 των.
2525 4369 2733 4421 δέδοικα
2777 4369 3033 4439 γράφων,
3065 4367 3117 4419 ετ
3161 4384 3223 4433 γε
3275 4367 3367 4436 δέῃ
3420 4368 3631 4427 πάντως
3682 4366 3715 4435 ἢ
3768 4366 3961 4417 λαλεῖ-ι

706 4464 829 4502 cum
860 4453 1045 4516 mutis,
1084 4466 1179 4508 aut
1208 4466 1451 4512 tacentes
1485 4462 1673 4515 audire
1698 4480 1711 4515 :
1741 4474 1793 4517 et
1821 4468 2036 4531 quidem
2064 4467 2270 4523 litteras
2306 4471 2346 4523 ι)
2375 4481 2383 4513 4

2306 4471 2346 4523 ι)
2375 4461 2632 4529 ἀφώνοις,
2675 4461 2707 4529 ἣ
2744 4459 3063 4521 σιωπῶντας
3109 4460 3363 4511 ἀκούειν·
3404 4459 3578 4509 καίτοι
3616 4475 3677 4524 γε
3730 4458 3791 4509 τὸ
3826 4460 3960 4509 ἐπι-

713 4542 948 4606 tnittere,
980 4554 1037 4597 ut
1079 4549 1331 4602 convenit
1382 4550 1657 4620 imaginati
1709 4563 1836 4606 sunt
1879 4555 2159 4618 homines,
2215 4568 2273 4610 ut

712 4632 1021 4689 absentibus
1054 4637 1339 4706 imaginem
1377 4652 1661 4696 servarent
1703 4646 2071 4711 praesentium,
2099 4655 2154 4699 et
2188 4647 2274 4700 di-

711 4734 900 4777 rereut
936 4726 986 4777 in
1014 4728 1205 4781 litteris
1232 4731 1453 4796 perinde
1483 4746 1546 4786 ac
1578 4733 1622 4786 si
1659 4744 2149 4788 conversarentur:
2177 4751 2277 4802 ego

711 4824 890 4869 autem
919 4825 1063 4871 tuam
1100 4820 1384 4887 epistolan
1429 4836 1846 4892 recognoscens,
1872 4840 1983 4893 pra:
2005 4825 2279 4895 voluptate

713 4904 857 4971 ﬂevi,
888 4917 943 4960 et
976 4920 1028 4961 te
1056 4922 1377 4976 praesentem
1422 4922 1482 4966 ut
1526 4929 1889 4969 consueveras
1927 4916 2148 4971 videbar
2186 4933 2278 4970 au-

711 4998 868 5064 dire;
916 5010 969 5053 et
1011 5001 1165 5066 dulqe
1207 5003 1499 5071 suspirium
1560 5008 1780 5060 trahens
1836 5007 2121 5061 dicebam:
2156 5007 2281 5063 llaec

711 5098 797 5143 est
860 5092 1191 5147 amicissima
1250 5109 1396 5148 vox:
1438 5096 1533 5151 sed
1582 5097 1830 5151 obtestor
1886 5112 1984 5165 per
2040 5113 2280 5153 amorem

715 5180 889 5250 ipsum
938 5193 992 5237 et
1028 5199 1213 5239 vocem
1242 5186 1400 5241 istam
1433 5187 1479 5241 si
1508 5187 1651 5241 illam
1680 5188 1874 5242 alicubi
1907 5189 2085 5243 adhuc
2116 5204 2283 5244 nove-

716 5276 792 5329 ris
827 5285 881 5327 et
912 5277 1225 5332 memineris
1254 5292 1321 5331 ne
1349 5279 1479 5333 milii
1516 5295 1546 5333 a
1581 5280 1777 5335 litteris
1806 5295 2088 5335 removeas
2110 5320 2126 5345 ,
2186 5296 2282 5334 ne-

715 5381 822 5434 que
871 5368 1009 5421 hanc
1031 5369 1201 5423 solam
1258 5371 1679 5427 consolationem
1714 5372 1980 5441 eripueris
2015 5390 2029 5426 :
2064 5388 2131 5427 ne
2188 5389 2285 5427 uu-

718 5473 878 5524 quam
916 5459 1052 5513 forte
1083 5461 1349 5515 invideam
1391 5461 1457 5517 iis
1480 5463 1571 5531 qni
1599 5477 1774 5530 neque
1795 5477 1981 5516 amare
2004 5473 2283 5530 ceperunt,

722 5550 1024 5618 quibusque
1061 5568 1165 5607 non
1206 5555 1402 5607 accidit
1438 5553 1638 5608 similia
1675 5553 1945 5622 perpessis
1989 5553 2284 5613 ingemere.

727 5637 812 5692 XX
828 5637 1009 5696 XVIII.
1045 5639 1413 5696 ZACIIARIzE
1435 5641 1521 5695 ET
1542 5640 2285 5698 I'HILII‘I‘OFRATRIBUS.

800 5724 974 5788 linum
1022 5738 1307 5803 quemdam
1352 5745 1510 5791 antea
1565 5734 1718 5791 vobis
1760 5736 2133 5792 commendavi
2194 5751 2288 5806 per

2376 4551 2636 4614 στέλλειν,
2673 4550 2747 4612 ὡς
2779 4552 2949 4614 εἰκὸς,
2980 4550 3396 4619 ἐμηχανήσαντο
3446 4548 3718 4617 ἄνθρωποι
3743 4589 3755 4608 ,
3803 4549 3963 4612 ὅπως

2373 4646 2485 4705 τοῖς
2508 4642 2739 4695 ἀποῦσιν
2767 4643 2992 4711 μίμημα
3021 4642 3243 4703 σώζοιεν
3274 4639 3555 4708 παρόντων
3576 4655 3589 4669 ⁸
3620 4639 3714 4690 καὶ
3741 4639 3965 4705 λέγοιεν

2376 4733 2435 4784 ἐν
2482 4735 2589 4794 τοῖς
2623 4733 2967 4802 γράμμασιν,
2999 4731 3186 4799 ὥσπερ
3217 4731 3282 4782 ἂν
3314 4731 3363 4781 εἰ
3395 4731 3489 4781 καὶ
3528 4730 3776 4791 συνόντες
3827 4724 3962 4784 ὦσι,

2389 4824 2530 4891 Ἐγὼ
2561 4823 2617 4875 δέ
2652 4839 2744 4875 σου
2772 4823 2871 4892 τὴν
2894 4821 3181 4890 επιστολὴν
3214 4822 3498 4887 ἀναγνοὺς,
3529 4819 3618 4887 ὑφ’
3638 4820 3833 4887 ἡδονῆς
3860 4820 3966 4871 καὶ

2378 4914 2670 4983 ἐδάκρυσα,
2704 4914 2798 4967 καὶ
2843 4913 2936 4965 σοῦ
2968 4913 3234 4982 παρόντος
3273 4911 3462 4981 ὥσπερ
3495 4909 3704 4969 εἰώθεις
3737 4910 3966 4962 ἐδόκουν

2379 5007 2596 5060 ἀκούειν
2616 5024 2627 5036 ·
2666 5008 2759 5059 καὶ
2809 5006 2903 5075 ἡδύ
2931 5024 2981 5058 τι
3001 5007 3237 5067 πνεύσας
3268 5006 3426 5057 τοῦτο
3456 5000 3629 5065 εἶπον,
3672 5004 3892 5072 Ἐκείνη
3930 5008 3966 5073 ἡ

2381 5100 2608 5168 φιλτάτη
2645 5100 2815 5168 φωνή.
2834 5097 2974 5149 Ἀλλ’
2995 5091 3040 5149 ὦ
3067 5097 3199 5167 πρὸς
3222 5097 3434 5177 ηέρωτος
3455 5094 3617 5147 αὐτοῦ
3648 5096 3739 5148 καὶ
3771 5096 3968 5163 φωνῆς

2381 5191 2616 5258 ἐκείνης,
2653 5190 2706 5241 ετ
2735 5206 2835 5241 που
2881 5189 3086 5257 ταύτην
3117 5188 3207 5239 ἔτι
3226 5182 3385 5239 οἶσθα
3418 5186 3511 5238 καὶ
3543 5186 3843 5254 μέμνησαι,
3883 5188 3964 5252 μή

2386 5299 2477 5352 μοι
2505 5284 2614 5343 τοῖς
2637 5280 2954 5349 γράμμασιν
2974 5277 3263 5344 ἀποδήμει,
3285 5275 3420 5343 μηδὲ
3442 5274 3537 5343 τὴν
3565 5275 3730 5342 μόνην
3752 5274 3934 5341 ἀφέλῃ
3940 5293 3969 5337 ς

2384 5368 2763 5440 παραμυθίαν·
2799 5368 2872 5437 μή
2906 5383 3036 5417 ποτε
3066 5368 3208 5434 τάχα
3254 5362 3484 5433 ζηλώσω
3526 5364 3654 5423 τοὺς
3692 5363 3828 5431 μηδὲ
3861 5363 3969 5431 τὴν

2385 5461 2558 5529 ἀρχὴν
2592 5459 2853 5529 ἐρῶντας,
2890 5457 2983 5518 οὓς
3017 5455 3150 5525 μηδὲ
3186 5454 3476 5523 συμὸαίνει
3502 5454 3724 5504 τοιαῦτα
3757 5454 3969 5504 2:09:1-

2384 5569 2481 5613 τας
2518 5550 2827 5619 ὀδύρεσθαι.

2507 5641 2635 5692 AII'.
2678 5637 2976 5691 ZAXAPIA
3014 5637 3131 5688 ΚΑΙ
3171 5638 3456 5707 ΦΙΛΙΠΠῼ
3491 5634 3846 5688 ΑΔΕΛΦΟΙΣ.

2459 5732 2562 5785 Τὸν
2589 5731 2734 5785 δεῖνα
2762 5730 2974 5794 φθάσας
3016 5731 3142 5799 ύμῖν
3189 5728 3493 5799 συνέστησα
3519 5726 3609 5780 διὰ
3634 5725 3734 5794 τῆς
3763 5724 3971 5793 προτέσ
