4248 6428
352 420 462 487 τις

300 628 360 691 ἐξ
403 619 478 679 ὧν
509 624 838 683 ἐπλάττετο,
870 619 1061 672 τοῦτον
1092 616 1397 687 ἡγούμενος
1447 615 1584 685 ὅπερ
1631 615 1732 666 οὑκ
1776 610 1844 683 ἦν
1868 632 1882 645 ο

300 717 560 773 ἐλάνθανε
603 715 731 783 γὰρ,
763 712 1114 781 προσχήματι
1149 710 1247 777 μὲν
1297 706 1477 769 καλῶς
1523 705 1885 776 κεχρημένος,

297 808 375 862 ὢν
404 807 463 861 δὲ
501 806 743 867 τοιοῦτος
793 797 907 855 οἷον
963 800 1215 865 ὑπέδειξε
1260 798 1449 851 τοῦτον
1479 798 1512 868 ἡ
1545 796 1887 867 πεῖρα.“Απὸ

297 901 407 970 γάρ
435 898 533 968 τῆς
566 896 814 960 Γαζαίων
834 893 1179 963 ὁρμώμενος,
1206 890 1298 943 καὶ
1330 888 1538 959 μέλλων
1562 887 1883 955 ἀνάγεσθαι,

299 989 529 1042 κατέλυε
565 988 662 1057 μὲν
695 986 846 1056 παρά
876 1002 983 1037 τινι
1013 982 1121 1034 τῶν
1150 981 1493 1051 ἐπιτηδείων,
1526 978 1715 1049 ὥσπερ
1742 979 1885 1043 εἰκός

300 1083 440 1145 ἐστι,
465 1080 628 1149 μέχρι
651 1078 814 1137 πλοῦς
831 1077 1078 1145 γένηται·
1108 1072 1415 1134 πιστευθεὶς
1435 1072 1489 1123 δὲ
1511 1073 1660 1141 νόμῳ
1682 1070 1884 1139 φιλίας,

298 1175 391 1224 καὶ
419 1171 555 1241 πρὸς
587 1170 809 1231 πολλαῖς
839 1171 1052 1238 ἑτέραις
1097 1167 1194 1218 καὶ
1242 1164 1445 1234 ταύτην
1492 1164 1652 1233 χάριν
1684 1163 1884 1227 λαϐὼν,

297 1260 393 1315 τοῦ
425 1260 826 1330 ὑποδεξαμένου
873 1258 1101 1326 διώρυξε
1146 1256 1245 1326 τὴν
1277 1256 1455 1308 οἰκίαν
1478 1270 1491 1284 ·
1525 1254 1621 1305 καί¹
1668 1247 1741 1305 ὧν
1775 1249 1887 1321 εἶχε

297 1355 599 1424 χρημάτων
646 1352 833 1406 τοῦτον
882 1352 1196 1419 ἐγύμνωσε·
1228 1346 1322 1399 καὶ
1354 1347 1442 1400 ἵνα
1486 1345 1624 1416 λάθῃ
1672 1347 1740 1397 τὰ
1786 1346 1888 1410 τῆς

298 1449 555 1515 ὑποψίας,
592 1445 740 1508 κλεὶς
775 1445 873 1514 μὲν
900 1438 968 1513 ἦν
998 1442 1146 1512 αὑτῷ
1176 1442 1311 1510 πρὸς
1342 1439 1439 1510 τὴν
1474 1437 1768 1506 ἐπιϐουλὴν
1797 1437 1889 1487 εὑ-

294 1540 541 1609 τρεπης·
570 1537 742 1607 ταύτῃ
777 1537 833 1588 δὲ
862 1534 1157 1597 διανοίξας,
1201 1532 1297 1585 καὶ
1329 1531 1473 1600 άπερ
1508 1524 1633 1597 εὗρε
1681 1527 1883 1592 λαϐὼν,

295 1630 461 1684 πάλιν
491 1629 570 1701 τῷ
598 1627 838 1696 κιϐωτίῳ
870 1626 932 1678 τὸ
962 1624 1194 1678 παλαιὸν
1220 1621 1457 1691 ἐπέθηκε
1487 1619 1675 1688 σχῆμα
1696 1634 1707 1645 ·
1737 1617 1811 1678 ὡς
1831 1616 1888 1669 δὲ

300 1721 453 1791 μόλις
489 1719 657 1781 αὑτὸς
690 1718 905 1787 ἀνήχθη
925 1757 939 1780 ,
973 1715 1067 1767 καὶ
1116 1712 1251 1781 πρὸς
1281 1710 1350 1763 τά
1382 1707 1642 1761 δοκοῦντα
1674 1705 1888 1758 κεῖσθαι

294 1814 456 1884 χρεία
506 1811 613 1865 τῶν
664 1810 961 1879 κτημάτων
990 1805 1195 1867 ἐκάλει,
1229 1800 1358 1874 ἦλθε
1410 1802 1469 1853 τὸ
1518 1800 1702 1869 δρᾶμα
1753 1795 1889 1867 πρὸς

1750 413 2155 474 EPISTOL/E.

302 553 404 609 ρας
432 532 757 599 δπιστολῆςυ
789 530 890 583 οὑκ
920 531 999 592 εἰς
1043 528 1270 601 ἀκριϐὲς
1298 527 1504 579 ἐκεῖνον
1533 525 1687 589 είδὼς
1712 564 1726 586 ,
1758 526 1887 579 ἀλλ’
1916 531 1960 586 Λ

922 531 999 592 εἰς
1043 528 1270 601 ἀκριϐὲς
1298 527 1504 579 ἐκεῖνον
1533 525 1687 589 είδὼς
1712 564 1726 586 ,
1758 526 1887 579 ἀλλ’
1916 531 1960 586 Λ
1993 526 2222 593 primam
2267 519 2547 591 epistolam
2586 531 2599 570 :

3420 394 3565 457 2750

2640 532 2744 569 non
2794 514 2954 567 istum
3002 520 3259 566 acettrate
3311 527 3563 566 noscens.

1989 619 2080 670 sed
2113 632 2177 669 ex
2208 615 2276 667 iis
2322 628 2441 678 qum
2469 608 2784 669 simulabat,
2834 606 2979 659 illutn
3026 614 3222 673 putans
3255 616 3378 657 esse
3422 601 3564 669 quod

1991 725 2095 763 non
2132 717 2245 762 erat
2284 727 2297 760 :
2331 703 2534 758 latebat
2586 704 2754 763 enim,
2788 697 2965 765 specie
2999 698 3216 765 quidem
3269 694 3399 749 falsa
3435 695 3570 746 bene

1989 814 2140 859 usus,
2174 798 2294 851 talis
2333 809 2511 849 autem
2550 793 2768 863 qualem
2808 790 2959 842 illum
2988 787 3256 855 perhibuit
3285 785 3570 854 experien-

1993 894 2085 945 tia.
2138 890 2283 945 Gaza
2335 891 2476 942 enim
2523 900 2796 954 egressus,
2856 884 2998 933 unde
3048 880 3395 944 evpellendus
3426 887 3565 935 erat,

1991 983 2128 1047 apud
2187 980 2472 1049 quemdam
2526 991 2589 1029 ex
2642 974 2831 1027 amicis
2892 974 3195 1022 diversatus
3242 979 3345 1030 est,
3399 980 3570 1032 usque

1991 1075 2114 1123 dtnn
2146 1082 2199 1124 ut
2231 1086 2443 1137 :rquum
2487 1076 2589 1130 est,
2632 1068 2784 1120 ﬂeret
2840 1062 3111 1129 navigatio
3145 1078 3159 1114 :
3203 1061 3441 1113 conlisus
3470 1076 3565 1111 au-

1992 1176 2095 1220 tem
2132 1167 2245 1235 lege
2272 1165 2526 1218 amicitiae
2555 1171 2609 1216 et
2645 1171 2835 1231 praeter
2874 1160 3068 1212 multas
3104 1159 3241 1211 alias
3264 1157 3363 1209 hac
3396 1154 3569 1224 gratia

1992 1269 2236 1324 aeeepta,
2271 1255 2501 1323 ejusqui
2542 1270 2665 1307 eutn
2696 1262 2972 1317 receperat
3005 1250 3300 1318 perforavit
3328 1250 3566 1309 domum,

1989 1358 2043 1402 et
2069 1348 2277 1401 divitiis
2311 1362 2445 1413 quas
2491 1345 2724 1398 habebat
2774 1344 2921 1393 illum
2976 1343 3219 1410 spoliavit
3259 1359 3271 1394 :
3307 1350 3361 1392 ct
3404 1355 3469 1392 ne
3515 1338 3568 1388 in

1992 1440 2356 1503 suspicionem
2412 1437 2718 1496 incideret,
2769 1442 2887 1487 erat
2938 1434 3037 1502 ipsi
3098 1434 3269 1485 clavis
3306 1434 3370 1483 ad
3419 1431 3572 1482 dolos

1992 1531 2249 1580 instructa
2289 1544 2302 1580 :
2340 1543 2464 1580 eum
2517 1525 2659 1578 illius
2708 1538 2808 1590 ope
2857 1525 3105 1590 aperiens
3136 1563 3150 1586 ,
3203 1539 3321 1590 qua:
3372 1522 3572 1574 ἰιινιιιείι

1992 1619 2251 1686 cepisset,
2283 1630 2473 1669 rursus
2510 1614 2749 1665 arculam
2780 1614 2831 1665 in
2874 1614 3101 1679 pristino
3137 1624 3280 1665 statu
3305 1612 3570 1678 repnsui'.

1998 1709 2090 1761 Vix
2129 1718 2309 1761 autem
2337 1707 2450 1775 ipse
2486 1705 2601 1758 vela
2635 1704 2787 1766 fecit,
2813 1715 2866 1758 et
2896 1706 2964 1756 ad
2996 1720 3056 1757 ea
3102 1718 3219 1769 qua:
3246 1703 3573 1755 videbantur

1987 1802 2169 1869 jacere
2206 1816 2333 1852 usus
2378 1813 2539 1866 opum
2594 1796 2805 1862 impulit
2843 1805 3002 1863 atque
3061 1794 3261 1847 factum
3320 1794 3460 1845 venit
3506 1794 3571 1843 ad

297 1864 355 1884 ιη
524 1864 527 1865 ν
757 1864 787 1879 ..
1184 1864 1191 1867 ,
1252 1864 1263 1874 ,
1551 1864 1561 1869 _
1630 1864 1639 1868 _
1800 1864 1810 1867 _

296 1906 541 1973 ἔλεγχον,
574 1903 669 1957 καὶ
698 1904 810 1964 τοῖς
837 1898 1159 1970 τεκμηρίοις
1192 1895 1491 1962 ἀντιλέγειν
1518 1893 1615 1944 οὑκ
1644 1887 1710 1961 ἦν
1729 1906 1743 1920 °
1777 1906 1889 1941 τοι-
1924 1864 1961 1918 Β

1924 1864 1961 1918 Β
1992 1889 2378 1957 cognitionem,
2436 1888 2565 1955 quin
2623 1887 2955 1953 ronjeeturis
3001 1886 3375 1939 contradicere
3404 1884 3573 1950 possi-

294 1996 473 2049 ούτων
519 1996 614 2047 καὶ
665 1991 945 2053 Μενέλαος
989 1990 1098 2042 τῶν
1147 1988 1337 2053 ξενίων
1379 1984 1714 2055 άπήλαυοεν,
1763 1980 1889 2033 ἀντ’

296 2087 535 2156 ἀμοιϐῆς
597 2103 743 2148 τινος
796 2085 896 2153 τὴν
956 2081 1178 2151 Ἑλένην
1229 2077 1612 2148 ἀφῃρημένος·
1664 2072 1888 2125 τοιαῦτα

297 2179 531 2249 γράφειν
580 2175 821 2246 ἐπήρθη,
850 2174 936 2226 ἵνα
966 2172 1041 2242 μὴ
1069 2172 1136 2224 δι’
1169 2169 1321 2239 ὑμῶν
1354 2165 1664 2227 πιστευθεὶς
1684 2205 1697 2227 ,
1726 2161 1889 2230 ἕτερα

296 2266 521 2321 τοιαῦτα
555 2264 647 2317 τὸν
673 2262 1041 2315 πιστεύσαντα
1073 2260 1249 2330 δράσῃ
1275 2276 1287 2289 ³
1340 2258 1432 2309 καὶ
1471 2253 1744 2325 μέμψεται
1791 2251 1889 2321 μὲν

297 2359 443 2429 ὑμᾶς
476 2359 505 2410 ὁ
537 2353 748 2418 παθὼν,
775 2353 873 2425 ἐμὲ
910 2353 967 2406 δὲ
997 2354 1216 2412 πάντως
1250 2351 1427 2419 ὑμεῖς.

805 2532 927 2587 Λθ⁹.
971 2528 1395 2596 ΛΘΙΙΝΟΔΩΙᾮ.

372 2633 673 2701 Δεξάμενος
718 2629 777 2681 τὸ
830 2625 1052 2696 βιϐλίον,
1087 2623 1215 2691 ὑμῖν
1250 2622 1346 2691 μὲν
1380 2619 1541 2689 χάριν
1575 2615 1885 2685 ὡμολόγουν

299 2728 547 2787 εἰκότως,
580 2721 804 2793 ἐμαυτῷ
844 2719 901 2771 δὲ
951 2715 1258 2785 συνηδὸμην
1310 2714 1358 2764 εἰ
1419 2709 1691 2770 τοιούτους
1743 2709 1887 2776 ὑμᾶς

297 2820 460 2880 δντας
490 2816 624 2887 πρδς
651 2813 834 2883 φιλίαν
861 2810 1133 2877 εὑτύχησα
1153 2822 1168 2837 '
1204 2806 1296 2856 καὶ
1328 2803 1401 2873 μή
1436 2820 1503 2867 με
1531 2799 1772 2871 βαλλέτω
1804 2797 1885 2851 λί-

297 2907 374 2973 θῳ
417 2907 610 2977 τραχεῖ
636 2906 664 2957 ὁ
689 2902 905 2971 φθόνος,
930 2900 1004 2961 ὡς
1043 2897 1118 2965 τῷ
1160 2895 1408 2964 Πινδάρῳ
1431 2893 1579 2945 δοκεῖ
1600 2909 1613 2923 ·
1638 2892 1888 2961 ηὐχόμην

298 3001 354 3055 δε
391 3000 486 3055 καὶ
513 3004 580 3069 τῇ
612 3000 770 3070 τύχῃ,
802 2994 1064 3049 δύνασθαί
1104 2993 1169 3062 μέ
1221 3008 1349 3044 ποτε
1402 2989 1719 3059 πρέπουσαν
1763 2986 1890 3053 ὑμῖν

298 3091 695 3149 ἀνταποδοῦναι
719 3091 815 3159 τὴν
840 3090 1000 3159 χάριν
1024 3103 1034 3118 ·
1073 3090 1105 3156 ἡ
1131 3086 1187 3138 δὲ
1215 3083 1422 3155 ταχέως
1444 3082 1628 3134 δίδωσι
1650 3079 1737 3131 τὸν
1763 3095 1891 3129 και-

1993 1981 2096 2033 bile
2133 1988 2317 2034 esset:
2350 1979 2471 2032 talia
2503 1986 2557 2031 et
2584 1979 2651 2031 ab
2690 1978 2900 2045 hospite
2927 1994 3143 2029 munera
3180 1978 3418 2045 percepit
3448 1976 3567 2028 Me-

1992 2075 2176 2125 nelaus
2206 2112 2221 2134 ,
2258 2087 2379 2124 eum
2435 2084 2531 2136 pro
2588 2068 2819 2138 quadam
2854 2068 3151 2121 oiliciorum
3203 2068 3573 2121 vicissitudine

1995 2176 2146 2233 rapta
2183 2164 2283 2216 fuit
2317 2160 2519 2215 llelena
2553 2178 2566 2213 :
2610 2160 2809 2215 similia
2872 2160 3112 2213 scribere
3144 2161 3405 2211 adductus
3450 2174 3569 2211 sum

1993 2271 2060 2308 ne
2109 2255 2251 2306 inter
2304 2268 2399 2306 vos
2448 2252 2686 2305 conﬁsus
2737 2251 2788 2304 in
2841 2252 3201 2303 contidemem
3240 2249 3342 2301 alia
3374 2247 3573 2301 similia

1992 2356 2279 2413 pra-staret
2310 2362 2322 2398 :
2356 2356 2409 2398 et
2432 2344 2650 2413 quidem
2706 2344 2771 2397 de
2800 2343 2953 2396 vobis
2970 2351 3225 2412 queretur
3262 2355 3472 2409 passas,
3506 2341 3573 2394 de

1993 2452 2076 2490 nte
2099 2446 2277 2490 autem
2313 2452 2407 2489 vos
2439 2437 2683 2489 omnino.

2390 2526 2634 2582 XXXIX.
2678 2522 3176 2581 ATIIENODORO.

2062 2622 2267 2676 Libello
2302 2631 2547 2688 accepto,
2576 2620 2728 2675 vobis
2768 2620 2982 2688 quidem
3047 2619 3252 2685 gratias
3298 2614 3572 2684 persolve-

1992 2714 2110 2768 bam
2144 2716 2335 2767 merito
2372 2734 2386 2769 :
2420 2715 2475 2767 in
2526 2728 2610 2766 me
2652 2718 2833 2765 autem
2884 2711 3183 2781 gaudebam
3242 2710 3386 2778 quod
3436 2706 3569 2760 mihi

1988 2804 2277 2874 contigerit
2307 2820 2402 2858 vos
2433 2819 2554 2857 eum
2591 2803 2721 2857 tales
2759 2802 2880 2855 sitis
2924 2803 2976 2854 in
3025 2801 3265 2853 amicitia
3314 2797 3563 2852 habere:

1992 2908 2058 2945 ne
2080 2908 2165 2946 me
2195 2891 2357 2944 feriat
2386 2904 2579 2958 aspero
2608 2888 2781 2957 lapide
2814 2887 3030 2948 invidia,
3070 2894 3126 2939 ut
3160 2885 3393 2939 Pindaro
3422 2885 3573 2937 vide-

1993 2993 2078 3035 tur
2103 3001 2116 3037 ε
2142 2983 2408 3051 precabar
2426 2990 2604 3035 autem
2628 2988 2675 3033 et
2702 2979 2971 3032 fortunam
2998 2987 3048 3029 ut
3074 2976 3201 3031 olim
3230 2977 3360 3029 mihi
3380 2977 3574 3030 liceret

1993 3090 2174 3142 a-quas
2222 3073 2373 3126 vobis
2430 3073 2730 3141 rependere
2774 3070 2979 3139 gratias
3014 3086 3026 3121 :
3058 3084 3179 3139 qua:
3217 3068 3432 3137 quidem
3482 3083 3573 3120 su-

304 3187 417 3257 ρὶν,
452 3182 563 3237 οἷον
597 3183 661 3236 σύ
691 3200 748 3235 τε
778 3180 1020 3244 ἐδούλου,
1050 3177 1205 3245 κάγὼ
1236 3176 1402 3229 πάλαι
1432 3172 1633 3243 ζητῶν,
1668 3169 1762 3222 νῦν
1792 3168 1888 3237 μό-
1916 3196 1959 3252 C

1916 3196 1959 3252 ο
1995 3164 2103 3217 bito
2138 3163 2364 3232 praebuit
2391 3164 2732 3218 occasionem
2766 3172 2823 3214 ut
2858 3162 3095 3226 volebas,
3131 3172 3188 3215 et
3239 3176 3337 3227 ego
3363 3161 3570 3230 jamdiu

301 3278 385 3339 λις
421 3277 746 3344 ἐτύγχανον·
782 3272 871 3324 τὸν
903 3271 1010 3338 γάρ
1037 3269 1230 3338 ἔχοντα
1262 3266 1360 3335 τὴν
1390 3262 1619 3316 καθόλου
1650 3261 1886 3314 πέπεικα

301 3365 461 3419 τοῦτό
492 3382 573 3417 σοι
607 3363 769 3433 μέρος
801 3360 1120 3423 άποδόσἾαι,
1152 3351 1213 3411 οὗ
1247 3358 1336 3409 καὶ
1364 3354 1653 3422 τυγχάνεις
1693 3350 1884 3419 δεόμε-

299 3472 390 3520 νος
417 3475 429 3487 '
469 3460 519 3509 εἰ
554 3456 653 3524 μὲν
681 3450 773 3507 οὖν
805 3452 964 3521 ἔλθῃς
990 3451 1064 3511 ὡς
1092 3451 1235 3518 ἡμῖὶς
1256 3488 1270 3511 ,
1309 3446 1503 3498 θᾶττον
1539 3445 1601 3497 ἂν
1628 3440 1797 3512 λάϐῃς
1830 3440 1889 3493 τὸ

308 3548 493 3615 κτῆμα
528 3544 677 3617 παρά
710 3542 811 3610 τῆς
838 3541 1025 3609 τιμῆς,
1060 3539 1129 3591 τὰ
1166 3538 1265 3606 μὲν
1313 3536 1528 3597 πείσας,
1560 3534 1629 3585 τὰ
1667 3532 1722 3584 δὲ
1772 3547 1891 3582 πει-

307 3638 477 3698 σθεὶς,
506 3635 582 3698 ὡς
610 3637 637 3687 ὁ
662 3633 763 3702 τῆς
802 3630 1071 3702 ἐμπορίας
1108 3628 1357 3698 βούλεται
1389 3625 1551 3693 νόμος
1574 3639 1587 3653 ·
1625 3623 1673 3674 εί
1700 3621 1755 3674 δὲ
1793 3620 1888 3689 μὴ,

306 3727 469 3788 αὑτὸς
499 3726 618 3796 ἥξει
650 3725 785 3795 πρὸς
831 3723 888 3776 οὲ
926 3720 1121 3793 καιροῦ
1152 3718 1464 3779 καλοῦντος,
1489 3715 1563 3778 ὡς
1610 3716 1742 3785 ἡμῖν
1789 3714 1889 3763 ἐπ’

305 3817 624 3887 ηγγείλατο.

872 3996 963 4049 Μ’.
1013 3992 1327 4063 sommo.

394 4090 453 4144 '0
480 4087 784 4157 θαυμάσιος
829 4085 1081 4151 Ἀλφαῖος
1106 4079 1407 4151 ἀπήγγειλέ
1442 4095 1553 4148 μοι,
1574 4075 1815 4129 τοιοῦτόν
1837 4091 1891 4127 σε

310 4183 440 4252 περὶ
474 4180 636 4234 αὑτὸν
662 4174 1010 4246 γεγενῆσθαι,
1032 4167 1144 4226 οἷον
1168 4173 1328 4233 αὐτὸς
1362 4169 1461 4239 μὲν
1487 4168 1759 4221 ἐϐούλετο·
1783 4167 1894 4234 ἐγὼ

308 4276 365 4328 δὲ
397 4273 587 4326 τοῦτον
621 4270 859 4332 ἀκούσας
887 4268 1063 4337 ἥσθην
1101 4267 1201 4336 μὲν
1249 4266 1266 4335 (
1294 4264 1407 4327 πῶς
1439 4264 1547 4332 γὰρ
1595 4263 1693 4314 οὑκ
1738 4261 1893 4329 ἔμελ-

312 4369 403 4417 λον
424 4363 483 4434 ;)⁸
517 4363 575 4416 οὑ
612 4362 701 4431 μὴ’
734 4361 834 4430 ἠδη
872 4376 962 4428 μοι
993 4359 1087 4411 καὶ
1104 4356 1414 4424 θαυμαστὸν
1449 4356 1623 4408 ἐδόκει
1661 4353 1722 4404 τὸ
1749 4353 1877 4419 πρᾶ-

312 4467 462 4522 γμα’
502 4454 548 4505 εί
600 4452 656 4503 δὲ
706 4449 921 4519 βούλει,
965 4448 1061 4501 καὶ
1104 4446 1395 4516 προλαϐὼν
1435 4444 1738 4513 διηγούμην
1784 4437 1892 4503 οἷος

1997 3270 2250 3325 quaerens
2283 3257 2373 3309 vix
2402 3255 2616 3310 obviam
2649 3256 2808 3309 habui
2845 3273 2858 3309 :
2892 3255 3041 3308 illum
3088 3264 3266 3307 autem
3314 3255 3405 3323 qui
3445 3268 3569 3307 eam

1993 3346 2157 3400 habet
2182 3345 2491 3399 summatim
2525 3345 2847 3398 adhortatus
2870 3359 2989 3396 smn
3043 3353 3096 3396 ut
3143 3343 3279 3396 hanc
3313 3343 3406 3395 tibi
3443 3358 3569 3407 par-

1993 3447 2098 3490 tem
2130 3437 2388 3499 traderet,
2413 3448 2520 3505 qna
2545 3443 2595 3489 et
2624 3434 2761 3488 forte
2806 3434 3012 3502 indiges
3043 3452 3057 3488 :
3091 3434 3135 3487 si
3172 3435 3335 3502 igitur
3356 3433 3571 3501 quidem

1993 3528 2209 3581 veneris
2243 3527 2309 3579 ad
2339 3543 2458 3592 nos,
2492 3527 2649 3580 citius
2690 3526 3089 3593 possessionem
3117 3540 3180 3577 ex
3215 3535 3366 3590 parte
3398 3522 3571 3575 hono-

1993 3620 2069 3673 ris
2119 3619 2375 3687 recipies,
2407 3619 2513 3672 alia
2541 3620 2759 3685 quidem
2790 3615 3145 3684 persuadens,
3168 3614 3345 3682 qttuatl
3376 3626 3571 3667 uetera

1992 3724 2305 3779 persuasus,
2341 3720 2396 3762 ιιι
2429 3709 2536 3761 vult
2576 3708 2655 3761 lex
2690 3707 3089 3775 negotiationis,
3121 3705 3164 3757 si
3190 3719 3319 3766 non,
3340 3705 3452 3773 ipse
3484 3718 3575 3755 ve-

1995 3802 2105 3856 niet
2152 3802 2218 3855 ad
2256 3810 2305 3855 te
2339 3809 2581 3869 tempore
2626 3799 2886 3852 invitatus
2911 3839 2927 3865 ,
2964 3807 3022 3851 ut
3060 3795 3218 3851 nobis
3265 3796 3571 3849 nuntiatum

1995 3903 2101 3949 εει.

2554 3984 2667 4040 XL.
2713 3983 3023 4039 SOSIANO.

2065 4080 2408 4134 Admirabilis
2463 4078 2715 4148 Alphtrns
2765 4076 3106 4129 annuutiarit
3159 4074 3287 4128 mihi
3342 4080 3392 4127 te
3441 4089 3566 4126 cum

1995 4187 2124 4242 erga
2163 4173 2334 4241 ipsum
2368 4171 2538 4225 fuisse
2562 4185 2721 4240 quem
2766 4171 2879 4237 ipse
2920 4169 3137 4237 quidem
3176 4167 3385 4221 volebat
3419 4182 3432 4217 :
3474 4181 3574 4232 ego

1997 4271 2175 4318 autem
2204 4263 2331 4317 illud
2349 4263 2620 4331 accipiens
2648 4263 2855 4316 lanatos
2881 4275 2999 4314 sum
3033 4259 3269 4326 quidem.
3295 4257 3577 4323 Quomodo

1997 4359 2268 4409 enimnon
2302 4356 2511 4408 laetatus
2549 4354 2766 4407 essem?
2801 4369 2905 4406 n0n
2944 4363 3119 4405 tamen
3157 4351 3271 4420 jam
3321 4351 3452 4401 mihi
3517 4357 3572 4401 et

1999 4448 2263 4512 Slltpetltla
2295 4463 2381 4501 res
2412 4448 2736 4500 vidi-batur:
2775 4447 2819 4499 si
2858 4457 3034 4497 autem
3072 4444 3261 4509 mavis,
3286 4451 3339 4496 et
3373 4458 3576 4509 praeve-

312 4540 653 4609 ὑπογράφων
701 4539 830 4607 περὶ
877 4535 1068 4589 τοῦτον
1122 4535 1347 4601 ἐγένουο
1381 4533 1455 4595 ὡς
1501 4536 1707 4585 ἐκεῖνον
1758 4532 1894 4583 ἀπο-
1930 4534 1968 4585 D

1930 4534 1968 4585 Ι)
1999 4542 2155 4592 niens
2184 4539 2410 4606 exposui
2446 4539 2765 4591 describens
2821 4538 2998 4604 qualis
3033 4552 3160 4604 erga
3195 4536 3355 4590 istum
3390 4533 3573 4601 fuisti;

314 4632 719 4706 ροῦνταλοιπδν
748 4632 775 4683 ὃ
800 4648 849 4682 τι
882 4629 974 4681 καὶ
1006 4628 1156 4695 λέγει
1187 4627 1300 4695 ἅμα
1318 4627 1410 4677 καὶ
1445 4624 1640 4692 γέλωτι
1678 4624 1889 4693 σιωπᾷο

310 4726 407 4781 καὶ
436 4722 728 4789 εὐδαίμονά
762 4737 826 4791 με
858 4720 953 4788 τῆς
980 4718 1160 4786 φιλίας
1194 4715 1414 4783 ἐγκαλεῖ
1439 4730 1451 4742 ⁸
1481 4712 1594 4765 ἀλλ’
1620 4713 1768 4781 ὅμως
1794 4712 1893 4782 τὴν

312 4822 436 4887 ῐσην
465 4814 703 4883 σπουδὴν
741 4813 1057 4881 εἰσενέγκῃς
1080 4809 1209 4879 περὶ
1233 4800 1306 4860 ὧν
1333 4806 1487 4874 ὑμῶν
1508 4806 1895 4874 ἐδεήθηνπαρ-

310 4911 409 4975 ὼν,
438 4910 587 4971 ὅπως
612 4906 774 4968 αὑτὸς
813 4905 915 4975 μέν
949 4920 1039 4971 μοι
1072 4903 1231 4971 χάριν
1266 4899 1487 4968 εἰδείην,
1514 4896 1815 4967 ἀμφότεροι
1838 4895 1893 4946 δὲ

311 5002 476 5055 πάλιν
510 5001 540 5054 ὑ
546 5004 661 5070 μῖν.

843 5086 981 5143 MA'.
1038 5086 1363 5155 Numam.

387 5188 479 5250 Ei;
518 5188 643 5240 ὅσον
681 5184 804 5253 ἥκει
832 5183 929 5249 τῆς
958 5179 1193 5250 ἀπορίας
1221 5179 1249 5228 ὁ
1285 5177 1578 5244 Στέφανος.
1615 5173 1724 5227 οὐδ’
1750 5174 1893 5241 ὑμᾶς

312 5273 468 5348 οἶμαι
502 5276 788 5330 λανθάνειν
809 5291 823 5304 ·
859 5275 950 5325 καὶ
981 5273 1062 5324 ὅτι
1096 5269 1217 5339 μηδ’
1250 5272 1307 5322 ὲν
1332 5271 1452 5328 ταῖς
1485 5267 1643 5336 χερσὶ
1670 5265 1893 5318 δύναται

316 5369 588 5423 ποιεῖσθαι
622 5368 720 5434 τὴν
760 5365 984 5427 ἐλπίδα,
1018 5363 1113 5415 τοῦ
1158 5361 1273 5430 βίον
1310 5358 1508 5429 μικροῦ
1539 5358 1649 5410 δεῖν
1680 5359 1774 5411 καὶ
1803 5358 1896 5409 τὸν

314 5458 595 5530 ὀφθαλμὸν
624 5457 731 5510 ὑπὸ
771 5456 869 5523 τῆς
914 5455 1082 5524 τύχης
1130 5452 1513 5525 ἀφῃρημένος·
1560 5451 1685 5502 ὅθεν
1736 5449 1896 5519 θερα-

318 5548 477 5602 πείαν
506 5546 626 5598 τινὰ
660 5548 794 5615 πρὸς
821 5546 920 5615 τὴν
948 5545 1152 5597 ἔνδειαν
1190 5542 1545 5612 σοφιζόμενος
1590 5543 1669 5602 εἰς
1715 5541 1897 5593 διακο-

324 5658 423 5692 νων
465 5635 789 5706 ἐνήλλακται
840 5636 1055 5705 σχῆμα’
1089 5632 1389 5686 κινδυνεύει
1436 5631 1491 5683 δὲ
1532 5632 1697 5701 μηδὲν
1733 5632 1896 5684 αὑτὸν

317 5731 510 5799 ὀνῆσαι
536 5728 597 5781 τὸ
630 5728 891 5797 σόςισμα,
922 5727 1059 5797 πλὴν
1088 5728 1135 5778 εἰ
1166 5724 1240 5795 μὴ
1272 5724 1370 5792 τῆς
1401 5725 1721 5793 ἐπικουρίες
1758 5724 1894 5794 τύχῃ

314 5818 412 5886 τῆς
442 5817 591 5889 παρὰ
622 5818 736 5883 σοῦ,
767 5820 830 5887 ἣν
860 5819 948 5871 καὶ
985 5818 1117 5870 πᾶσι
1147 5813 1467 5886 προκεῖσθαι
1497 5813 1750 5883 πείθομαι
1781 5817 1893 5879 τοῖς

2002 4635 2089 4686 ille
2140 4632 2287 4686 enim
2337 4631 2618 4685 dubitabat
2669 4638 2922 4683 caeterum
2962 4646 3028 4681 au
3072 4629 3273 4681 diceret
3317 4628 3475 4680 simul
3514 4635 3574 4678 'et

2004 4723 2113 4774 risu
2138 4723 2319 4775 sileret
2353 4740 2366 4775 :
2400 4729 2451 4775 et
2479 4720 2808 4775 fortunatum
2851 4735 2935 4772 me
2965 4719 3202 4771 amicitia
3239 4720 3438 4785 arguit,
3476 4719 3571 4770 sed

2003 4817 2206 4881 pariter
2240 4814 2379 4867 idem
2411 4812 2649 4866 studium
2691 4810 2887 4864 all'eras
2911 4812 3088 4880 quoad
3116 4826 3177 4864 ea
3205 4825 3323 4879 qua?
3352 4826 3379 4861 a
3422 4810 3575 4863 vobis

2009 4907 2196 4973 rogavi
2226 4920 2489 4971 przesens,
2516 4915 2573 4956 ut
2612 4907 2724 4972 ipse
2758 4904 2971 4969 quidem
3004 4902 3133 4956 mihi
3165 4915 3343 4971 grates
3371 4901 3575 4969 persol-

2004 5014 2121 5049 vam
2150 5006 2203 5049 et
2231 4998 2390 5050 ambo
2429 5012 2644 5049 rursum
2673 4995 2846 5047 vobis.

2513 5084 2648 5138 XLI.
2688 5083 3052 5139 NEPllALlO.

2076 5177 2131 5230 In
2167 5190 2399 5248 quantas
2433 5179 2712 5248 angustias
2745 5179 3021 5231 devenerit
3074 5174 3381 5241 Stephanus
3404 5212 3423 5239 ,
3465 5190 3572 5228 nun

2004 5288 2095 5321 vos
2127 5270 2378 5339 ignorare
2406 5270 2600 5339 opinor
2632 5289 2645 5324 :
2684 5280 2738 5322 et
2788 5271 2928 5337 quod
2966 5278 3195 5337 nequeat
3225 5269 3276 5320 in
3333 5281 3570 5336 przesens

2002 5378 2148 5429 spem
2177 5365 2455 5429 perlicere,
2487 5360 2683 5429 quippe
2708 5360 2839 5423 vita,
2879 5374 3071 5427 parum
3120 5362 3292 5420 abi-st,
3327 5368 3379 5410 et
3408 5355 3568 5408 oculo

2003 5468 2127 5505 casu
2193 5453 2432 5519 privatus
2498 5452 2710 5506 fuerit:
2763 5452 2903 5504 unde
2958 5452 3313 5503 ministerium
3366 5446 3567 5515 aliquid

2004 5555 2220 5611 propter
2251 5543 2625 5598 neeeSsitatem
2670 5545 2893 5597 edoctus
2920 5545 2970 5594 in
3003 5555 3279 5596 servorum
3306 5540 3568 5592 conditio-

2005 5650 2123 5685 nctn
2156 5648 2450 5687 conversus
2483 5644 2565 5687 est
2596 5653 2607 5686 :
2645 5634 2784 5687 forte
2814 5645 2994 5688 autem
3027 5633 3157 5686 nihil
3184 5631 3419 5701 proderit
3453 5629 3569 5683 haec

2007 5725 2177 5786 ratio,
2212 5724 2313 5777 nisi
2342 5740 2371 5777 a
2415 5735 2463 5778 te
2490 5725 2787 5779 obtinuetit
2825 5725 3086 5779 auxilium
3124 5723 3262 5792 quod
3319 5721 3567 5775 omnibus

2005 5816 2248 5872 obtinere
2271 5817 2569 5873 volentibus
2598 5819 2787 5873 adesse
2818 5837 2828 5883 ί
2852 5834 3132 5873 ersuasnm
3175 5814 3344 5870 habeo
3373 5833 3383 5867 :
3416 5812 3565 5868 vobis
