  <div class='ocr_page' id='page_1' title='image "/cluster/home/n/w/nwhite01/storage/ocr_20150623/87 pt.2/nnc1.0046980296/632.png"; bbox 0 0 4248 6428; ppageno 0'>
   <div class='ocr_carea' id='block_1_1' title="bbox 313 359 451 424">
    <p class='ocr_par' dir='ltr' id='par_1_1' title="bbox 313 359 451 424">
     <span class='ocr_line' id='line_1_1' title="bbox 313 359 451 424; baseline 0.007 -1"><span class='ocrx_word' id='word_1_1' title='bbox 313 359 451 424; x_wconf 75' lang='lat'><strong>2757</strong></span> 
     </span>
    </p>
   </div>
   <div class='ocr_carea' id='block_1_2' title="bbox 1751 364 2160 428">
    <p class='ocr_par' dir='ltr' id='par_1_2' title="bbox 1751 364 2160 428">
     <span class='ocr_line' id='line_1_2' title="bbox 1751 364 2160 428; baseline 0.012 -5"><span class='ocrx_word' id='word_1_2' title='bbox 1751 364 1873 424; x_wconf 87' lang='grc' dir='ltr'><strong>ΕΡ]</strong></span> <span class='ocrx_word' id='word_1_3' title='bbox 1884 364 2160 428; x_wconf 57' lang='grc' dir='ltr'><strong>ΞΤΟΙᾸΕ.</strong></span> 
     </span>
    </p>
   </div>
   <div class='ocr_carea' id='block_1_3' title="bbox 3431 372 3566 443">
    <p class='ocr_par' dir='ltr' id='par_1_3' title="bbox 3431 372 3566 443">
     <span class='ocr_line' id='line_1_3' title="bbox 3431 372 3566 443; baseline 0.037 -5"><span class='ocrx_word' id='word_1_4' title='bbox 3431 372 3566 443; x_wconf 73' lang='lat'><strong>2758</strong></span> 
     </span>
    </p>
   </div>
   <div class='ocr_carea' id='block_1_4' title="bbox 310 470 1987 556">
    <p class='ocr_par' dir='ltr' id='par_1_4' title="bbox 310 470 1963 547">
     <span class='ocr_line' id='line_1_4' title="bbox 310 470 1963 547; baseline -0.001 -17"><span class='ocrx_word' id='word_1_5' title='bbox 310 485 461 531; x_wconf 71' lang='grc' dir='ltr'>τοῖον</span> <span class='ocrx_word' id='word_1_6' title='bbox 487 470 629 531; x_wconf 66' lang='grc' dir='ltr'>οὑτοι</span> <span class='ocrx_word' id='word_1_7' title='bbox 662 477 726 529; x_wconf 82' lang='grc' dir='ltr'>δι’</span> <span class='ocrx_word' id='word_1_8' title='bbox 759 477 953 538; x_wconf 72' lang='grc' dir='ltr'>αὑτοὺς</span> <span class='ocrx_word' id='word_1_9' title='bbox 986 477 1261 530; x_wconf 71' lang='grc' dir='ltr'>ἐνεποίουν</span> <span class='ocrx_word' id='word_1_10' title='bbox 1293 477 1382 530; x_wconf 66' lang='grc' dir='ltr'>τὸν</span> <span class='ocrx_word' id='word_1_11' title='bbox 1433 477 1611 547; x_wconf 77' lang='grc' dir='ltr'>ἔρωτα</span> <span class='ocrx_word' id='word_1_12' title='bbox 1638 494 1648 506; x_wconf 88' lang='grc'><strong>·</strong></span> <span class='ocrx_word' id='word_1_13' title='bbox 1699 481 1894 547; x_wconf 82' lang='grc' dir='ltr'>κοσμεῖ</span> <span class='ocrx_word' id='word_1_14' title='bbox 1922 487 1963 541; x_wconf 71' lang='grc' dir='ltr'>Α</span> 
     </span>
    </p>
   </div>
   <div class='ocr_carea' id='block_1_5' title="bbox 1901 470 3578 556">
    <p class='ocr_par' dir='ltr' id='par_1_5' title="bbox 1922 478 3578 556">
     <span class='ocr_line' id='line_1_5' title="bbox 1922 478 3578 556; baseline 0.009 -26"><span class='ocrx_word' id='word_1_15' title='bbox 1922 487 1963 541; x_wconf 71' lang='grc' dir='ltr'>Α</span> <span class='ocrx_word' id='word_1_16' title='bbox 1997 479 2231 532; x_wconf 82' lang='lat' dir='ltr'><strong>ﬁnaliter</strong></span> <span class='ocrx_word' id='word_1_17' title='bbox 2268 478 2318 533; x_wconf 89' lang='lat' dir='ltr'><strong>bi</strong></span> <span class='ocrx_word' id='word_1_18' title='bbox 2345 480 2576 549; x_wconf 76' lang='lat' dir='ltr'><strong>juvenes</strong></span> <span class='ocrx_word' id='word_1_19' title='bbox 2612 496 2707 550; x_wconf 87' lang='lat' dir='ltr'><strong>per</strong></span> <span class='ocrx_word' id='word_1_20' title='bbox 2740 483 2947 551; x_wconf 83' lang='lat' dir='ltr'><strong>seipsos</strong></span> <span class='ocrx_word' id='word_1_21' title='bbox 2981 485 3109 538; x_wconf 81' lang='lat' dir='ltr'><strong>milii</strong></span> <span class='ocrx_word' id='word_1_22' title='bbox 3168 483 3578 556; x_wconf 85' lang='lat' dir='ltr'><strong>inspiraverunt.</strong></span> 
     </span>
    </p>
   </div>
   <div class='ocr_carea' id='block_1_6' title="bbox 310 569 1887 640">
    <p class='ocr_par' dir='ltr' id='par_1_6' title="bbox 310 569 1887 640">
     <span class='ocr_line' id='line_1_6' title="bbox 310 569 1887 640; baseline -0.001 -20"><span class='ocrx_word' id='word_1_23' title='bbox 310 570 420 639; x_wconf 67' lang='grc' dir='ltr'>γὲρ</span> <span class='ocrx_word' id='word_1_24' title='bbox 455 572 648 633; x_wconf 56' lang='grc' dir='ltr'>αὖτοὺς</span> <span class='ocrx_word' id='word_1_25' title='bbox 685 571 746 622; x_wconf 77' lang='grc' dir='ltr'>τὸ</span> <span class='ocrx_word' id='word_1_26' title='bbox 777 571 875 640; x_wconf 74' lang='grc' dir='ltr'><strong>μὲν</strong></span> <span class='ocrx_word' id='word_1_27' title='bbox 918 571 1132 640; x_wconf 77' lang='grc' dir='ltr'>πρῶτον</span> <span class='ocrx_word' id='word_1_28' title='bbox 1157 569 1359 639; x_wconf 69' lang='grc' dir='ltr'>σπουδή</span> <span class='ocrx_word' id='word_1_29' title='bbox 1382 586 1393 598; x_wconf 61' lang='grc'><em>⁸</em></span> <span class='ocrx_word' id='word_1_30' title='bbox 1430 572 1529 639; x_wconf 84' lang='grc' dir='ltr'>τὴν</span> <span class='ocrx_word' id='word_1_31' title='bbox 1563 570 1619 621; x_wconf 88' lang='grc' dir='ltr'><strong>δὲ</strong></span> <span class='ocrx_word' id='word_1_32' title='bbox 1653 570 1887 639; x_wconf 75' lang='grc' dir='ltr'>σπουδὴν</span> 
     </span>
    </p>
   </div>
   <div class='ocr_carea' id='block_1_7' title="bbox 308 657 1887 732">
    <p class='ocr_par' dir='ltr' id='par_1_7' title="bbox 308 657 1887 732">
     <span class='ocr_line' id='line_1_7' title="bbox 308 657 1887 732; baseline 0.001 -21"><span class='ocrx_word' id='word_1_33' title='bbox 308 662 410 713; x_wconf 76' lang='grc' dir='ltr'><strong>οὑκ</strong></span> <span class='ocrx_word' id='word_1_34' title='bbox 437 661 680 730; x_wconf 77' lang='grc' dir='ltr'><strong>ἐλέγχειν</strong></span> <span class='ocrx_word' id='word_1_35' title='bbox 706 657 904 732; x_wconf 77' lang='grc' dir='ltr'>οἶδενή</span> <span class='ocrx_word' id='word_1_36' title='bbox 937 660 1131 731; x_wconf 78' lang='grc' dir='ltr'>φύσις⁶</span> <span class='ocrx_word' id='word_1_37' title='bbox 1164 659 1302 713; x_wconf 86' lang='grc' dir='ltr'>ὥστε</span> <span class='ocrx_word' id='word_1_38' title='bbox 1337 662 1386 713; x_wconf 86' lang='grc' dir='ltr'><strong>εί</strong></span> <span class='ocrx_word' id='word_1_39' title='bbox 1420 661 1495 731; x_wconf 82' lang='grc' dir='ltr'>μὴ</span> <span class='ocrx_word' id='word_1_40' title='bbox 1531 660 1887 731; x_wconf 75' lang='grc' dir='ltr'><strong>προμηνύσας</strong></span> 
     </span>
    </p>
   </div>
   <div class='ocr_carea' id='block_1_8' title="bbox 309 752 1887 824">
    <p class='ocr_par' dir='ltr' id='par_1_8' title="bbox 309 752 1887 824">
     <span class='ocr_line' id='line_1_8' title="bbox 309 752 1887 824; baseline 0.001 -20"><span class='ocrx_word' id='word_1_41' title='bbox 309 753 521 822; x_wconf 73' lang='grc' dir='ltr'>ἔτυχες.</span> <span class='ocrx_word' id='word_1_42' title='bbox 560 752 665 806; x_wconf 76' lang='grc' dir='ltr'>[σθ’</span> <span class='ocrx_word' id='word_1_43' title='bbox 723 753 789 808; x_wconf 85' lang='grc' dir='ltr'><strong>ἂν</strong></span> <span class='ocrx_word' id='word_1_44' title='bbox 826 752 1236 823; x_wconf 80' lang='grc' dir='ltr'>ἐπιστευσάμην</span> <span class='ocrx_word' id='word_1_45' title='bbox 1269 753 1344 816; x_wconf 83' lang='grc' dir='ltr'>ὡς</span> <span class='ocrx_word' id='word_1_46' title='bbox 1378 752 1513 824; x_wconf 84' lang='grc' dir='ltr'>πρὸς</span> <span class='ocrx_word' id='word_1_47' title='bbox 1542 753 1601 805; x_wconf 87' lang='grc' dir='ltr'>σὲ</span> <span class='ocrx_word' id='word_1_48' title='bbox 1641 755 1702 805; x_wconf 73' lang='grc' dir='ltr'>τὸ</span> <span class='ocrx_word' id='word_1_49' title='bbox 1734 753 1887 821; x_wconf 88' lang='grc' dir='ltr'>γένος</span> 
     </span>
    </p>
   </div>
   <div class='ocr_carea' id='block_1_9' title="bbox 310 843 1887 917">
    <p class='ocr_par' dir='ltr' id='par_1_9' title="bbox 310 843 1887 917">
     <span class='ocr_line' id='line_1_9' title="bbox 310 843 1887 917; baseline 0.001 -22"><span class='ocrx_word' id='word_1_50' title='bbox 310 846 663 908; x_wconf 81' lang='grc' dir='ltr'>συνάπτουσι,</span> <span class='ocrx_word' id='word_1_51' title='bbox 699 845 779 914; x_wconf 84' lang='grc' dir='ltr'><strong>τῷ</strong></span> <span class='ocrx_word' id='word_1_52' title='bbox 811 845 1120 917; x_wconf 77' lang='grc' dir='ltr'><strong>χαρακτῆρι</strong></span> <span class='ocrx_word' id='word_1_53' title='bbox 1160 845 1259 916; x_wconf 79' lang='grc' dir='ltr'>τῆς</span> <span class='ocrx_word' id='word_1_54' title='bbox 1299 843 1514 913; x_wconf 80' lang='grc' dir='ltr'>φύσεως</span> <span class='ocrx_word' id='word_1_55' title='bbox 1542 844 1887 914; x_wconf 81' lang='grc' dir='ltr'>στοχασάμε-</span> 
     </span>
    </p>
   </div>
   <div class='ocr_carea' id='block_1_10' title="bbox 309 933 1887 1006">
    <p class='ocr_par' dir='ltr' id='par_1_10' title="bbox 309 933 1887 1006">
     <span class='ocr_line' id='line_1_10' title="bbox 309 933 1887 1006; baseline 0.002 -19"><span class='ocrx_word' id='word_1_56' title='bbox 309 953 427 999; x_wconf 76' lang='grc' dir='ltr'>νος·</span> <span class='ocrx_word' id='word_1_57' title='bbox 466 938 583 991; x_wconf 78' lang='grc' dir='ltr'>ἀλλ’</span> <span class='ocrx_word' id='word_1_58' title='bbox 610 933 669 991; x_wconf 85' lang='grc' dir='ltr'><strong>εὖ</strong></span> <span class='ocrx_word' id='word_1_59' title='bbox 706 940 770 1006; x_wconf 85' lang='grc' dir='ltr'><strong>γέ</strong></span> <span class='ocrx_word' id='word_1_60' title='bbox 821 955 914 990; x_wconf 89' lang='grc' dir='ltr'><strong>σου</strong></span> <span class='ocrx_word' id='word_1_61' title='bbox 941 937 1034 989; x_wconf 89' lang='grc' dir='ltr'><strong>τοῦ</strong></span> <span class='ocrx_word' id='word_1_62' title='bbox 1086 937 1280 1005; x_wconf 79' lang='grc' dir='ltr'><strong>γένους</strong></span> <span class='ocrx_word' id='word_1_63' title='bbox 1319 937 1368 989; x_wconf 89' lang='grc' dir='ltr'><strong>εί</strong></span> <span class='ocrx_word' id='word_1_64' title='bbox 1411 936 1636 989; x_wconf 89' lang='grc' dir='ltr'>τοιαῦτα</span> <span class='ocrx_word' id='word_1_65' title='bbox 1681 937 1887 991; x_wconf 77' lang='grc' dir='ltr'><strong>τίκτειν</strong></span> 
     </span>
    </p>
   </div>
   <div class='ocr_carea' id='block_1_11' title="bbox 306 1024 1887 1101">
    <p class='ocr_par' dir='ltr' id='par_1_11' title="bbox 306 1024 1887 1101">
     <span class='ocr_line' id='line_1_11' title="bbox 306 1024 1887 1101; baseline -0.001 -19"><span class='ocrx_word' id='word_1_66' title='bbox 306 1028 635 1083; x_wconf 73' lang='grc' dir='ltr'>ἐπίσταται·</span> <span class='ocrx_word' id='word_1_67' title='bbox 686 1032 787 1098; x_wconf 76' lang='grc' dir='ltr'>τὴν</span> <span class='ocrx_word' id='word_1_68' title='bbox 836 1030 936 1099; x_wconf 84' lang='grc' dir='ltr'><strong>μὲν</strong></span> <span class='ocrx_word' id='word_1_69' title='bbox 966 1024 1061 1082; x_wconf 83' lang='grc' dir='ltr'><strong>οῦν</strong></span> <span class='ocrx_word' id='word_1_70' title='bbox 1109 1028 1250 1101; x_wconf 78' lang='grc' dir='ltr'>ἐμὴν</span> <span class='ocrx_word' id='word_1_71' title='bbox 1286 1027 1511 1098; x_wconf 80' lang='grc' dir='ltr'><strong>γνώμην</strong></span> <span class='ocrx_word' id='word_1_72' title='bbox 1566 1029 1887 1099; x_wconf 71' lang='grc' dir='ltr'>ἐρρωμένην</span> 
     </span>
    </p>
   </div>
   <div class='ocr_carea' id='block_1_12' title="bbox 310 1120 1887 1194">
    <p class='ocr_par' dir='ltr' id='par_1_12' title="bbox 310 1120 1887 1194">
     <span class='ocr_line' id='line_1_12' title="bbox 310 1120 1887 1194; baseline 0.001 -22"><span class='ocrx_word' id='word_1_73' title='bbox 310 1120 419 1173; x_wconf 80' lang='grc' dir='ltr'>ἴσθι</span> <span class='ocrx_word' id='word_1_74' title='bbox 451 1126 564 1184; x_wconf 83' lang='grc' dir='ltr'>τοῖς</span> <span class='ocrx_word' id='word_1_75' title='bbox 598 1124 738 1185; x_wconf 83' lang='grc' dir='ltr'>νέοις</span> <span class='ocrx_word' id='word_1_76' title='bbox 759 1139 771 1152; x_wconf 91' lang='grc'><strong>·</strong></span> <span class='ocrx_word' id='word_1_77' title='bbox 809 1124 857 1174; x_wconf 87' lang='grc' dir='ltr'>εἰ</span> <span class='ocrx_word' id='word_1_78' title='bbox 889 1122 944 1174; x_wconf 85' lang='grc' dir='ltr'>δὲ</span> <span class='ocrx_word' id='word_1_79' title='bbox 980 1122 1073 1173; x_wconf 72' lang='grc' dir='ltr'><strong>καὶ</strong></span> <span class='ocrx_word' id='word_1_80' title='bbox 1101 1121 1331 1191; x_wconf 79' lang='grc' dir='ltr'>δύναμιν</span> <span class='ocrx_word' id='word_1_81' title='bbox 1360 1121 1743 1194; x_wconf 84' lang='grc' dir='ltr'>ὑπουργοῦσαν</span> <span class='ocrx_word' id='word_1_82' title='bbox 1777 1121 1887 1191; x_wconf 80' lang='grc' dir='ltr'><strong>ἔχω</strong></span> 
     </span>
    </p>
   </div>
   <div class='ocr_carea' id='block_1_13' title="bbox 304 1212 1473 1284">
    <p class='ocr_par' dir='ltr' id='par_1_13' title="bbox 304 1212 1473 1284">
     <span class='ocr_line' id='line_1_13' title="bbox 304 1212 1473 1284; baseline 0.002 -20"><span class='ocrx_word' id='word_1_83' title='bbox 304 1216 373 1282; x_wconf 79' lang='grc' dir='ltr'>τῇ</span> <span class='ocrx_word' id='word_1_84' title='bbox 398 1212 701 1284; x_wconf 69' lang='grc' dir='ltr'>προθυμία,</span> <span class='ocrx_word' id='word_1_85' title='bbox 733 1212 872 1265; x_wconf 86' lang='grc' dir='ltr'>Θεῶν</span> <span class='ocrx_word' id='word_1_86' title='bbox 904 1215 961 1266; x_wconf 83' lang='grc' dir='ltr'>ὲν</span> <span class='ocrx_word' id='word_1_87' title='bbox 990 1213 1214 1281; x_wconf 79' lang='grc' dir='ltr'><strong>γούνασι</strong></span> <span class='ocrx_word' id='word_1_88' title='bbox 1250 1212 1473 1266; x_wconf 80' lang='grc' dir='ltr'><strong>κείσθω.</strong></span> 
     </span>
    </p>
   </div>
   <div class='ocr_carea' id='block_1_14' title="bbox 602 1302 1581 1374">
    <p class='ocr_par' dir='ltr' id='par_1_14' title="bbox 602 1302 1581 1374">
     <span class='ocr_line' id='line_1_14' title="bbox 602 1302 1581 1374; baseline 0.002 -19"><span class='ocrx_word' id='word_1_89' title='bbox 602 1302 736 1356; x_wconf 61' lang='lat' dir='ltr'><strong>tuen</strong></span> <span class='ocrx_word' id='word_1_90' title='bbox 777 1303 1077 1374; x_wconf 74' lang='grc' dir='ltr'><strong>ΖΑΧΑΡΙᾼ</strong></span> <span class='ocrx_word' id='word_1_91' title='bbox 1112 1302 1581 1374; x_wconf 49' lang='grc' dir='ltr'><strong>ΚΛΙΙΦΙΛΙΠΠῼ.</strong></span> 
     </span>
    </p>
   </div>
   <div class='ocr_carea' id='block_1_15' title="bbox 380 1388 1883 1467">
    <p class='ocr_par' dir='ltr' id='par_1_15' title="bbox 380 1388 1883 1467">
     <span class='ocr_line' id='line_1_15' title="bbox 380 1388 1883 1467; baseline 0.002 -21"><span class='ocrx_word' id='word_1_92' title='bbox 380 1388 451 1446; x_wconf 81' lang='grc' dir='ltr'><strong>Ὀ</strong></span> <span class='ocrx_word' id='word_1_93' title='bbox 475 1393 635 1456; x_wconf 75' lang='grc' dir='ltr'>καλδς</span> <span class='ocrx_word' id='word_1_94' title='bbox 663 1394 914 1462; x_wconf 77' lang='grc' dir='ltr'><strong>Ἰωάννης</strong></span> <span class='ocrx_word' id='word_1_95' title='bbox 942 1396 1051 1448; x_wconf 84' lang='grc' dir='ltr'><strong>κάκ</strong></span> <span class='ocrx_word' id='word_1_96' title='bbox 1075 1395 1169 1448; x_wconf 90' lang='grc' dir='ltr'><strong>τοῦ</strong></span> <span class='ocrx_word' id='word_1_97' title='bbox 1192 1388 1382 1467; x_wconf 62' lang='grc' dir='ltr'>γένους</span> <span class='ocrx_word' id='word_1_98' title='bbox 1421 1397 1564 1466; x_wconf 80' lang='grc' dir='ltr'>ὑμᾶς</span> <span class='ocrx_word' id='word_1_99' title='bbox 1592 1397 1883 1467; x_wconf 81' lang='grc' dir='ltr'><strong>ἀπαιτήσει</strong></span> 
     </span>
    </p>
   </div>
   <div class='ocr_carea' id='block_1_16' title="bbox 304 1472 1884 1557">
    <p class='ocr_par' dir='ltr' id='par_1_16' title="bbox 304 1472 1884 1557">
     <span class='ocr_line' id='line_1_16' title="bbox 304 1472 1884 1557; baseline 0.003 -20"><span class='ocrx_word' id='word_1_100' title='bbox 304 1484 405 1554; x_wconf 76' lang='grc' dir='ltr'>τὴν</span> <span class='ocrx_word' id='word_1_101' title='bbox 431 1484 665 1548; x_wconf 80' lang='grc' dir='ltr'>εὑνοιαν,</span> <span class='ocrx_word' id='word_1_102' title='bbox 696 1486 806 1539; x_wconf 85' lang='grc' dir='ltr'>κὰκ</span> <span class='ocrx_word' id='word_1_103' title='bbox 846 1488 943 1556; x_wconf 83' lang='grc' dir='ltr'>τῆς</span> <span class='ocrx_word' id='word_1_104' title='bbox 973 1488 1103 1557; x_wconf 82' lang='grc' dir='ltr'>παρ’</span> <span class='ocrx_word' id='word_1_105' title='bbox 1134 1472 1260 1555; x_wconf 65' lang='grc' dir='ltr'>ὲμοῖ</span> <span class='ocrx_word' id='word_1_106' title='bbox 1288 1489 1706 1557; x_wconf 78' lang='grc' dir='ltr'><strong>συμφοιτήσεως</strong></span> <span class='ocrx_word' id='word_1_107' title='bbox 1726 1506 1737 1517; x_wconf 72' lang='grc'>³</span> <span class='ocrx_word' id='word_1_108' title='bbox 1768 1488 1884 1541; x_wconf 77' lang='grc' dir='ltr'>ἐστι</span> 
     </span>
    </p>
   </div>
   <div class='ocr_carea' id='block_1_17' title="bbox 304 1576 1884 1649">
    <p class='ocr_par' dir='ltr' id='par_1_17' title="bbox 304 1576 1884 1649">
     <span class='ocr_line' id='line_1_17' title="bbox 304 1576 1884 1649; baseline 0.002 -21"><span class='ocrx_word' id='word_1_109' title='bbox 304 1576 415 1647; x_wconf 82' lang='grc' dir='ltr'><strong>γὰρ</strong></span> <span class='ocrx_word' id='word_1_110' title='bbox 449 1576 701 1630; x_wconf 80' lang='grc' dir='ltr'>Λεοντίου</span> <span class='ocrx_word' id='word_1_111' title='bbox 739 1580 867 1640; x_wconf 84' lang='grc' dir='ltr'>παῖς</span> <span class='ocrx_word' id='word_1_112' title='bbox 887 1593 900 1605; x_wconf 73' lang='grc'><strong>⁸</strong></span> <span class='ocrx_word' id='word_1_113' title='bbox 946 1579 994 1629; x_wconf 85' lang='grc' dir='ltr'><strong>εί</strong></span> <span class='ocrx_word' id='word_1_114' title='bbox 1023 1578 1301 1631; x_wconf 84' lang='grc' dir='ltr'>Διονύσιον</span> <span class='ocrx_word' id='word_1_115' title='bbox 1338 1580 1452 1630; x_wconf 87' lang='grc' dir='ltr'>ῖστε</span> <span class='ocrx_word' id='word_1_116' title='bbox 1482 1578 1581 1647; x_wconf 79' lang='grc' dir='ltr'>τῆς</span> <span class='ocrx_word' id='word_1_117' title='bbox 1607 1578 1884 1649; x_wconf 83' lang='grc' dir='ltr'>ήμετέρας</span> 
     </span>
    </p>
   </div>
   <div class='ocr_carea' id='block_1_18' title="bbox 302 1666 1883 1741">
    <p class='ocr_par' dir='ltr' id='par_1_18' title="bbox 302 1666 1883 1741">
     <span class='ocr_line' id='line_1_18' title="bbox 302 1666 1883 1741; baseline 0.001 -20"><span class='ocrx_word' id='word_1_118' title='bbox 302 1669 494 1740; x_wconf 77' lang='grc' dir='ltr'>τίτθης</span> <span class='ocrx_word' id='word_1_119' title='bbox 521 1670 611 1722; x_wconf 82' lang='grc' dir='ltr'><strong>τὸν</strong></span> <span class='ocrx_word' id='word_1_120' title='bbox 627 1672 818 1741; x_wconf 80' lang='grc' dir='ltr'>ἄνδρα,</span> <span class='ocrx_word' id='word_1_121' title='bbox 848 1666 1043 1724; x_wconf 78' lang='grc' dir='ltr'>τοὺτου</span> <span class='ocrx_word' id='word_1_122' title='bbox 1065 1671 1306 1740; x_wconf 74' lang='grc' dir='ltr'>πέφυκεν</span> <span class='ocrx_word' id='word_1_123' title='bbox 1353 1671 1602 1739; x_wconf 68' lang='grc' dir='ltr'>ἀδελφὸς,</span> <span class='ocrx_word' id='word_1_124' title='bbox 1633 1674 1661 1724; x_wconf 90' lang='grc' dir='ltr'>ὁ</span> <span class='ocrx_word' id='word_1_125' title='bbox 1691 1671 1883 1724; x_wconf 80' lang='grc' dir='ltr'>τούτου</span> 
     </span>
    </p>
   </div>
   <div class='ocr_carea' id='block_1_19' title="bbox 303 1762 1882 1833">
    <p class='ocr_par' dir='ltr' id='par_1_19' title="bbox 303 1762 1882 1833">
     <span class='ocr_line' id='line_1_19' title="bbox 303 1762 1882 1833; baseline -0.001 -18"><span class='ocrx_word' id='word_1_126' title='bbox 303 1763 487 1832; x_wconf 77' lang='grc' dir='ltr'>πατὴρ</span> <span class='ocrx_word' id='word_1_127' title='bbox 510 1779 521 1792; x_wconf 86' lang='grc'><strong>·</strong></span> <span class='ocrx_word' id='word_1_128' title='bbox 550 1764 636 1816; x_wconf 81' lang='grc' dir='ltr'>ἵνα</span> <span class='ocrx_word' id='word_1_129' title='bbox 657 1763 857 1833; x_wconf 85' lang='grc' dir='ltr'>καίπερ</span> <span class='ocrx_word' id='word_1_130' title='bbox 880 1763 1101 1828; x_wconf 79' lang='grc' dir='ltr'>εἰδότες,</span> <span class='ocrx_word' id='word_1_131' title='bbox 1127 1763 1428 1833; x_wconf 80' lang='grc' dir='ltr'><strong>ὑπομνήσω</strong></span> <span class='ocrx_word' id='word_1_132' title='bbox 1455 1764 1545 1815; x_wconf 75' lang='grc' dir='ltr'><strong>τὸν</strong></span> <span class='ocrx_word' id='word_1_133' title='bbox 1563 1762 1850 1831; x_wconf 83' lang='grc' dir='ltr'>ἄνθρωπον</span> <span class='ocrx_word' id='word_1_134' title='bbox 1867 1776 1882 1792; x_wconf 77' lang='grc' dir='ltr'><strong>ο</strong></span> 
     </span>
    </p>
   </div>
   <div class='ocr_carea' id='block_1_20' title="bbox 1992 574 3563 647">
    <p class='ocr_par' dir='ltr' id='par_1_20' title="bbox 1992 574 3563 647">
     <span class='ocr_line' id='line_1_20' title="bbox 1992 574 3563 647; baseline 0.007 -25"><span class='ocrx_word' id='word_1_135' title='bbox 1992 586 2277 625; x_wconf 88' lang='lat' dir='ltr'><strong>amorem:</strong></span> <span class='ocrx_word' id='word_1_136' title='bbox 2322 574 2667 626; x_wconf 88' lang='lat' dir='ltr'><strong>commendat</strong></span> <span class='ocrx_word' id='word_1_137' title='bbox 2695 575 2837 627; x_wconf 90' lang='lat' dir='ltr'><strong>enim</strong></span> <span class='ocrx_word' id='word_1_138' title='bbox 2876 592 2970 629; x_wconf 88' lang='lat' dir='ltr'><strong>eos</strong></span> <span class='ocrx_word' id='word_1_139' title='bbox 3021 576 3253 643; x_wconf 89' lang='lat' dir='ltr'><strong>primum</strong></span> <span class='ocrx_word' id='word_1_140' title='bbox 3302 580 3563 647; x_wconf 79' lang='lat' dir='ltr'><strong>studium,</strong></span> 
     </span>
    </p>
   </div>
   <div class='ocr_carea' id='block_1_21' title="bbox 1992 662 3567 734">
    <p class='ocr_par' dir='ltr' id='par_1_21' title="bbox 1992 662 3567 734">
     <span class='ocr_line' id='line_1_21' title="bbox 1992 662 3567 734; baseline 0.007 -21"><span class='ocrx_word' id='word_1_141' title='bbox 1992 662 2230 713; x_wconf 82' lang='lat' dir='ltr'><strong>Sllltlittttl</strong></span> <span class='ocrx_word' id='word_1_142' title='bbox 2290 676 2419 715; x_wconf 87' lang='lat' dir='ltr'><strong>vero</strong></span> <span class='ocrx_word' id='word_1_143' title='bbox 2481 663 2777 731; x_wconf 72' lang='lat' dir='ltr'><strong>reprimere</strong></span> <span class='ocrx_word' id='word_1_144' title='bbox 2833 666 3005 718; x_wconf 91' lang='lat' dir='ltr'><strong>nescit</strong></span> <span class='ocrx_word' id='word_1_145' title='bbox 3086 677 3300 722; x_wconf 82' lang='lat' dir='ltr'><strong>natura.</strong></span> <span class='ocrx_word' id='word_1_146' title='bbox 3371 667 3450 723; x_wconf 86' lang='lat' dir='ltr'><strong>Ita</strong></span> <span class='ocrx_word' id='word_1_147' title='bbox 3488 682 3567 734; x_wconf 90' lang='lat' dir='ltr'><strong>ut,</strong></span> 
     </span>
    </p>
   </div>
   <div class='ocr_carea' id='block_1_22' title="bbox 1990 754 3566 823">
    <p class='ocr_par' dir='ltr' id='par_1_22' title="bbox 1990 754 3566 823">
     <span class='ocr_line' id='line_1_22' title="bbox 1990 754 3566 823; baseline 0.007 -19"><span class='ocrx_word' id='word_1_148' title='bbox 1990 754 2201 808; x_wconf 78' lang='lat' dir='ltr'><strong>etimusi</strong></span> <span class='ocrx_word' id='word_1_149' title='bbox 2242 768 2329 806; x_wconf 88' lang='lat' dir='ltr'><strong>me</strong></span> <span class='ocrx_word' id='word_1_150' title='bbox 2366 770 2469 807; x_wconf 92' lang='lat' dir='ltr'><strong>non</strong></span> <span class='ocrx_word' id='word_1_151' title='bbox 2503 754 2942 823; x_wconf 68' lang='lat' dir='ltr'><strong>praemonuisses,</strong></span> <span class='ocrx_word' id='word_1_152' title='bbox 2975 767 3160 812; x_wconf 88' lang='lat' dir='ltr'><strong>certus</strong></span> <span class='ocrx_word' id='word_1_153' title='bbox 3191 758 3412 814; x_wconf 80' lang='lat' dir='ltr'><strong>fuissem</strong></span> <span class='ocrx_word' id='word_1_154' title='bbox 3439 760 3566 816; x_wconf 79' lang='lat' dir='ltr'><strong>illos</strong></span> 
     </span>
    </p>
   </div>
   <div class='ocr_carea' id='block_1_23' title="bbox 1994 844 3563 922">
    <p class='ocr_par' dir='ltr' id='par_1_23' title="bbox 1994 844 3563 922">
     <span class='ocr_line' id='line_1_23' title="bbox 1994 844 3563 922; baseline 0.008 -27"><span class='ocrx_word' id='word_1_155' title='bbox 1994 844 2088 897; x_wconf 86' lang='lat' dir='ltr'><strong>tibi</strong></span> <span class='ocrx_word' id='word_1_156' title='bbox 2131 860 2328 914; x_wconf 80' lang='lat' dir='ltr'><strong>genere</strong></span> <span class='ocrx_word' id='word_1_157' title='bbox 2383 846 2620 917; x_wconf 78' lang='lat' dir='ltr'><strong>conjugi,</strong></span> <span class='ocrx_word' id='word_1_158' title='bbox 2690 846 2870 902; x_wconf 88' lang='lat' dir='ltr'><strong>indole</strong></span> <span class='ocrx_word' id='word_1_159' title='bbox 2928 857 3176 904; x_wconf 86' lang='lat' dir='ltr'><strong>naturam</strong></span> <span class='ocrx_word' id='word_1_160' title='bbox 3244 867 3563 922; x_wconf 75' lang='lat' dir='ltr'><strong>agnoscens.</strong></span> 
     </span>
    </p>
   </div>
   <div class='ocr_carea' id='block_1_24' title="bbox 1990 934 3563 1009">
    <p class='ocr_par' dir='ltr' id='par_1_24' title="bbox 1990 934 3563 1009">
     <span class='ocr_line' id='line_1_24' title="bbox 1990 934 3563 1009; baseline 0.006 -20"><span class='ocrx_word' id='word_1_161' title='bbox 1990 934 2137 989; x_wconf 75' lang='lat' dir='ltr'><strong>Felix</strong></span> <span class='ocrx_word' id='word_1_162' title='bbox 2165 953 2335 1009; x_wconf 83' lang='lat' dir='ltr'><strong>genus</strong></span> <span class='ocrx_word' id='word_1_163' title='bbox 2375 950 2545 1005; x_wconf 90' lang='lat' dir='ltr'><strong>tuum,</strong></span> <span class='ocrx_word' id='word_1_164' title='bbox 2599 940 2742 1008; x_wconf 89' lang='lat' dir='ltr'><strong>quod</strong></span> <span class='ocrx_word' id='word_1_165' title='bbox 2783 941 2910 992; x_wconf 90' lang='lat' dir='ltr'><strong>talia</strong></span> <span class='ocrx_word' id='word_1_166' title='bbox 2930 944 3374 1009; x_wconf 80' lang='lat' dir='ltr'><strong>seitproducere.</strong></span> <span class='ocrx_word' id='word_1_167' title='bbox 3409 945 3563 998; x_wconf 84' lang='lat' dir='ltr'><strong>Scito</strong></span> 
     </span>
    </p>
   </div>
   <div class='ocr_carea' id='block_1_25' title="bbox 1991 1025 3569 1097">
    <p class='ocr_par' dir='ltr' id='par_1_25' title="bbox 1991 1025 3569 1097">
     <span class='ocr_line' id='line_1_25' title="bbox 1991 1025 3569 1097; baseline 0.004 -20"><span class='ocrx_word' id='word_1_168' title='bbox 1991 1025 2151 1093; x_wconf 73' lang='lat' dir='ltr'><strong>igitur</strong></span> <span class='ocrx_word' id='word_1_169' title='bbox 2172 1029 2300 1079; x_wconf 86' lang='lat' dir='ltr'><strong>milii</strong></span> <span class='ocrx_word' id='word_1_170' title='bbox 2338 1028 2391 1081; x_wconf 89' lang='lat' dir='ltr'><strong>in</strong></span> <span class='ocrx_word' id='word_1_171' title='bbox 2434 1044 2624 1097; x_wconf 85' lang='lat' dir='ltr'><strong>magna</strong></span> <span class='ocrx_word' id='word_1_172' title='bbox 2648 1044 2771 1083; x_wconf 89' lang='lat' dir='ltr'><strong>esse</strong></span> <span class='ocrx_word' id='word_1_173' title='bbox 2799 1031 3175 1086; x_wconf 77' lang='lat' dir='ltr'><strong>benevolentia</strong></span> <span class='ocrx_word' id='word_1_174' title='bbox 3204 1031 3303 1084; x_wconf 85' lang='lat' dir='ltr'><strong>bos</strong></span> <span class='ocrx_word' id='word_1_175' title='bbox 3349 1032 3569 1087; x_wconf 51' lang='lat' dir='ltr'><strong>adoles-</strong></span> 
     </span>
    </p>
   </div>
   <div class='ocr_carea' id='block_1_26' title="bbox 1990 1118 3565 1189">
    <p class='ocr_par' dir='ltr' id='par_1_26' title="bbox 1990 1118 3565 1189">
     <span class='ocr_line' id='line_1_26' title="bbox 1990 1118 3565 1189; baseline 0.003 -19"><span class='ocrx_word' id='word_1_176' title='bbox 1990 1129 2213 1181; x_wconf 85' lang='lat' dir='ltr'><strong>centes;</strong></span> <span class='ocrx_word' id='word_1_177' title='bbox 2240 1119 2284 1169; x_wconf 90' lang='lat' dir='ltr'><strong>si</strong></span> <span class='ocrx_word' id='word_1_178' title='bbox 2322 1128 2501 1171; x_wconf 90' lang='lat' dir='ltr'><strong>autem</strong></span> <span class='ocrx_word' id='word_1_179' title='bbox 2532 1118 2675 1172; x_wconf 84' lang='lat' dir='ltr'><strong>vires</strong></span> <span class='ocrx_word' id='word_1_180' title='bbox 2698 1118 2847 1172; x_wconf 77' lang='lat' dir='ltr'><strong>bona:</strong></span> <span class='ocrx_word' id='word_1_181' title='bbox 2884 1121 3144 1173; x_wconf 78' lang='lat' dir='ltr'><strong>voluntati</strong></span> <span class='ocrx_word' id='word_1_182' title='bbox 3174 1122 3565 1189; x_wconf 74' lang='lat' dir='ltr'><strong>respondentes</strong></span> 
     </span>
    </p>
   </div>
   <div class='ocr_carea' id='block_1_27' title="bbox 1994 1208 3386 1280">
    <p class='ocr_par' dir='ltr' id='par_1_27' title="bbox 1994 1208 3386 1280">
     <span class='ocr_line' id='line_1_27' title="bbox 1994 1208 3386 1280; baseline 0.003 -17"><span class='ocrx_word' id='word_1_183' title='bbox 1994 1208 2244 1272; x_wconf 78' lang='lat' dir='ltr'><strong>habeam,</strong></span> <span class='ocrx_word' id='word_1_184' title='bbox 2275 1210 2375 1261; x_wconf 87' lang='lat' dir='ltr'><strong>hoc</strong></span> <span class='ocrx_word' id='word_1_185' title='bbox 2406 1210 2455 1261; x_wconf 86' lang='lat' dir='ltr'><strong>in</strong></span> <span class='ocrx_word' id='word_1_186' title='bbox 2493 1213 2712 1263; x_wconf 86' lang='lat' dir='ltr'><strong>deorum</strong></span> <span class='ocrx_word' id='word_1_187' title='bbox 2746 1221 3042 1280; x_wconf 79' lang='lat' dir='ltr'><strong>potestates</strong></span> <span class='ocrx_word' id='word_1_188' title='bbox 3073 1224 3386 1280; x_wconf 79' lang='lat' dir='ltr'><strong>reponatur.</strong></span> 
     </span>
    </p>
   </div>
   <div class='ocr_carea' id='block_1_28' title="bbox 2231 1299 3315 1359">
    <p class='ocr_par' dir='ltr' id='par_1_28' title="bbox 2231 1299 3315 1359">
     <span class='ocr_line' id='line_1_28' title="bbox 2231 1299 3315 1359; baseline 0.005 -6"><span class='ocrx_word' id='word_1_189' title='bbox 2231 1299 2421 1355; x_wconf 78' lang='lat' dir='ltr'><strong>XLIX.</strong></span> <span class='ocrx_word' id='word_1_190' title='bbox 2465 1300 2841 1357; x_wconf 72' lang='lat' dir='ltr'><strong>ZACHARLIE</strong></span> <span class='ocrx_word' id='word_1_191' title='bbox 2870 1302 2955 1356; x_wconf 78' lang='grc' dir='ltr'><strong>ΕΤ</strong></span> <span class='ocrx_word' id='word_1_192' title='bbox 2980 1302 3315 1359; x_wconf 81' lang='lat' dir='ltr'><strong>PlllLlPPO.</strong></span> 
     </span>
    </p>
   </div>
   <div class='ocr_carea' id='block_1_29' title="bbox 2057 1391 3560 1464">
    <p class='ocr_par' dir='ltr' id='par_1_29' title="bbox 2057 1391 3560 1464">
     <span class='ocr_line' id='line_1_29' title="bbox 2057 1391 3560 1464; baseline 0.004 -18"><span class='ocrx_word' id='word_1_193' title='bbox 2057 1391 2290 1447; x_wconf 80' lang='lat' dir='ltr'><strong>Pulcher</strong></span> <span class='ocrx_word' id='word_1_194' title='bbox 2320 1391 2559 1449; x_wconf 80' lang='lat' dir='ltr'><strong>Joannes</strong></span> <span class='ocrx_word' id='word_1_195' title='bbox 2583 1404 2816 1447; x_wconf 73' lang='lat' dir='ltr'><strong>vestram</strong></span> <span class='ocrx_word' id='word_1_196' title='bbox 2844 1398 3083 1464; x_wconf 86' lang='lat' dir='ltr'><strong>requiret</strong></span> <span class='ocrx_word' id='word_1_197' title='bbox 3106 1398 3560 1464; x_wconf 76' lang='lat' dir='ltr'><strong>benevolentiam,</strong></span> 
     </span>
    </p>
   </div>
   <div class='ocr_carea' id='block_1_30' title="bbox 1990 1492 3560 1556">
    <p class='ocr_par' dir='ltr' id='par_1_30' title="bbox 1990 1492 3560 1556">
     <span class='ocr_line' id='line_1_30' title="bbox 1990 1492 3560 1556; baseline 0.004 -18"><span class='ocrx_word' id='word_1_198' title='bbox 1990 1494 2102 1538; x_wconf 93' lang='lat' dir='ltr'><strong>tum</strong></span> <span class='ocrx_word' id='word_1_199' title='bbox 2124 1495 2343 1553; x_wconf 86' lang='lat' dir='ltr'><strong>propter</strong></span> <span class='ocrx_word' id='word_1_200' title='bbox 2378 1500 2549 1553; x_wconf 82' lang='lat' dir='ltr'><strong>genus</strong></span> <span class='ocrx_word' id='word_1_201' title='bbox 2576 1501 2758 1548; x_wconf 89' lang='lat' dir='ltr'><strong>suum,</strong></span> <span class='ocrx_word' id='word_1_202' title='bbox 2814 1497 2925 1539; x_wconf 91' lang='lat' dir='ltr'><strong>tum</strong></span> <span class='ocrx_word' id='word_1_203' title='bbox 2958 1499 3179 1556; x_wconf 76' lang='lat' dir='ltr'><strong>propter</strong></span> <span class='ocrx_word' id='word_1_204' title='bbox 3238 1504 3449 1543; x_wconf 89' lang='lat' dir='ltr'><strong>mecum</strong></span> <span class='ocrx_word' id='word_1_205' title='bbox 3483 1492 3560 1544; x_wconf 76' lang='lat' dir='ltr'><strong>fa-</strong></span> 
     </span>
    </p>
   </div>
   <div class='ocr_carea' id='block_1_31' title="bbox 1992 1576 3563 1652">
    <p class='ocr_par' dir='ltr' id='par_1_31' title="bbox 1992 1576 3563 1652">
     <span class='ocr_line' id='line_1_31' title="bbox 1992 1576 3563 1652; baseline 0.006 -22"><span class='ocrx_word' id='word_1_206' title='bbox 1992 1576 2383 1631; x_wconf 86' lang='lat' dir='ltr'><strong>miliaritatem.</strong></span> <span class='ocrx_word' id='word_1_207' title='bbox 2433 1578 2526 1631; x_wconf 85' lang='lat' dir='ltr'><strong>Est</strong></span> <span class='ocrx_word' id='word_1_208' title='bbox 2553 1578 2695 1631; x_wconf 86' lang='lat' dir='ltr'><strong>enim</strong></span> <span class='ocrx_word' id='word_1_209' title='bbox 2747 1577 2890 1631; x_wconf 85' lang='lat' dir='ltr'><strong>ﬁlius</strong></span> <span class='ocrx_word' id='word_1_210' title='bbox 2931 1577 3168 1644; x_wconf 68' lang='lat' dir='ltr'><strong>Leontii,</strong></span> <span class='ocrx_word' id='word_1_211' title='bbox 3224 1584 3378 1649; x_wconf 84' lang='lat' dir='ltr'><strong>cujus</strong></span> <span class='ocrx_word' id='word_1_212' title='bbox 3410 1594 3563 1652; x_wconf 84' lang='lat' dir='ltr'><strong>pater</strong></span> 
     </span>
    </p>
   </div>
   <div class='ocr_carea' id='block_1_32' title="bbox 1987 1664 3564 1736">
    <p class='ocr_par' dir='ltr' id='par_1_32' title="bbox 1987 1664 3564 1736">
     <span class='ocr_line' id='line_1_32' title="bbox 1987 1664 3564 1736; baseline 0.008 -19"><span class='ocrx_word' id='word_1_213' title='bbox 1987 1664 2088 1719; x_wconf 80' lang='lat' dir='ltr'><strong>fuit</strong></span> <span class='ocrx_word' id='word_1_214' title='bbox 2114 1666 2282 1719; x_wconf 78' lang='lat' dir='ltr'><strong>frater</strong></span> <span class='ocrx_word' id='word_1_215' title='bbox 2323 1664 2586 1736; x_wconf 80' lang='lat' dir='ltr'><strong>Dionysii,</strong></span> <span class='ocrx_word' id='word_1_216' title='bbox 2613 1668 2747 1721; x_wconf 75' lang='lat' dir='ltr'><strong>avia:</strong></span> <span class='ocrx_word' id='word_1_217' title='bbox 2781 1677 2979 1722; x_wconf 75' lang='lat' dir='ltr'><strong>nostra:</strong></span> <span class='ocrx_word' id='word_1_218' title='bbox 2994 1672 3195 1735; x_wconf 85' lang='lat' dir='ltr'><strong>mariti,</strong></span> <span class='ocrx_word' id='word_1_219' title='bbox 3218 1674 3368 1727; x_wconf 86' lang='lat' dir='ltr'><strong>vobis</strong></span> <span class='ocrx_word' id='word_1_220' title='bbox 3399 1673 3564 1729; x_wconf 80' lang='lat' dir='ltr'><strong>forsi-</strong></span> 
     </span>
    </p>
   </div>
   <div class='ocr_carea' id='block_1_33' title="bbox 1992 1759 3563 1832">
    <p class='ocr_par' dir='ltr' id='par_1_33' title="bbox 1992 1759 3563 1832">
     <span class='ocr_line' id='line_1_33' title="bbox 1992 1759 3563 1832; baseline 0.007 -23"><span class='ocrx_word' id='word_1_221' title='bbox 1992 1767 2081 1810; x_wconf 86' lang='lat' dir='ltr'><strong>tan</strong></span> <span class='ocrx_word' id='word_1_222' title='bbox 2114 1759 2345 1827; x_wconf 85' lang='lat' dir='ltr'><strong>it0ti(ut,</strong></span> <span class='ocrx_word' id='word_1_223' title='bbox 2381 1760 2425 1812; x_wconf 87' lang='lat' dir='ltr'><strong>si</strong></span> <span class='ocrx_word' id='word_1_224' title='bbox 2461 1759 2817 1826; x_wconf 73' lang='lat' dir='ltr'><strong>i-uguovistis,</strong></span> <span class='ocrx_word' id='word_1_225' title='bbox 2872 1764 3187 1814; x_wconf 81' lang='lat' dir='ltr'><strong>memoriam</strong></span> <span class='ocrx_word' id='word_1_226' title='bbox 3246 1765 3365 1832; x_wconf 84' lang='lat' dir='ltr'><strong>ejus</strong></span> <span class='ocrx_word' id='word_1_227' title='bbox 3413 1766 3563 1820; x_wconf 75' lang='lat' dir='ltr'><strong>vobis</strong></span> 
     </span>
    </p>
   </div>
   <div class='ocr_carea' id='block_1_34' title="bbox 301 1845 1978 1924">
    <p class='ocr_par' dir='ltr' id='par_1_34' title="bbox 301 1845 1955 1924">
     <span class='ocr_line' id='line_1_34' title="bbox 301 1845 1955 1924; baseline 0.002 -21"><span class='ocrx_word' id='word_1_228' title='bbox 301 1853 349 1903; x_wconf 87' lang='grc' dir='ltr'>εἰ</span> <span class='ocrx_word' id='word_1_229' title='bbox 377 1851 430 1904; x_wconf 80' lang='grc' dir='ltr'>δὲ</span> <span class='ocrx_word' id='word_1_230' title='bbox 459 1853 554 1905; x_wconf 78' lang='grc' dir='ltr'><strong>καὶ</strong></span> <span class='ocrx_word' id='word_1_231' title='bbox 584 1852 658 1924; x_wconf 84' lang='grc' dir='ltr'>μὴ</span> <span class='ocrx_word' id='word_1_232' title='bbox 684 1852 859 1907; x_wconf 87' lang='grc' dir='ltr'>ταῦτα</span> <span class='ocrx_word' id='word_1_233' title='bbox 879 1854 1111 1924; x_wconf 77' lang='grc' dir='ltr'>προσῆν,</span> <span class='ocrx_word' id='word_1_234' title='bbox 1136 1853 1352 1916; x_wconf 87' lang='grc' dir='ltr'>πάντως</span> <span class='ocrx_word' id='word_1_235' title='bbox 1379 1856 1575 1907; x_wconf 74' lang='grc' dir='ltr'>οἰκεῖον</span> <span class='ocrx_word' id='word_1_236' title='bbox 1600 1853 1880 1924; x_wconf 79' lang='grc' dir='ltr'>ἡγήσασθε</span> <span class='ocrx_word' id='word_1_237' title='bbox 1916 1845 1955 1899; x_wconf 78' lang='grc' dir='ltr'>Β</span> 
     </span>
    </p>
   </div>
   <div class='ocr_carea' id='block_1_35' title="bbox 1885 1845 3562 1924">
    <p class='ocr_par' dir='ltr' id='par_1_35' title="bbox 1916 1845 3562 1922">
     <span class='ocr_line' id='line_1_35' title="bbox 1916 1845 3562 1922; baseline 0.009 -23"><span class='ocrx_word' id='word_1_238' title='bbox 1916 1845 1955 1899; x_wconf 80' lang='grc' dir='ltr'>Β</span> <span class='ocrx_word' id='word_1_239' title='bbox 1989 1851 2281 1920; x_wconf 73' lang='lat' dir='ltr'><strong>revocent).</strong></span> <span class='ocrx_word' id='word_1_240' title='bbox 2313 1849 2464 1916; x_wconf 81' lang='lat' dir='ltr'><strong>Quod</strong></span> <span class='ocrx_word' id='word_1_241' title='bbox 2496 1854 2538 1905; x_wconf 91' lang='lat' dir='ltr'><strong>si</strong></span> <span class='ocrx_word' id='word_1_242' title='bbox 2583 1855 2695 1907; x_wconf 73' lang='lat' dir='ltr'><strong>ltic</strong></span> <span class='ocrx_word' id='word_1_243' title='bbox 2720 1854 2859 1907; x_wconf 89' lang='lat' dir='ltr'><strong>ratio</strong></span> <span class='ocrx_word' id='word_1_244' title='bbox 2908 1870 3012 1907; x_wconf 89' lang='lat' dir='ltr'><strong>non</strong></span> <span class='ocrx_word' id='word_1_245' title='bbox 3063 1856 3284 1922; x_wconf 79' lang='lat' dir='ltr'><strong>valeret,</strong></span> <span class='ocrx_word' id='word_1_246' title='bbox 3340 1860 3562 1913; x_wconf 89' lang='lat' dir='ltr'><strong>omnino</strong></span> 
     </span>
    </p>
   </div>
   <div class='ocr_carea' id='block_1_36' title="bbox 301 1942 1883 2016">
    <p class='ocr_par' dir='ltr' id='par_1_36' title="bbox 301 1942 1883 2016">
     <span class='ocr_line' id='line_1_36' title="bbox 301 1942 1883 2016; baseline 0 -20"><span class='ocrx_word' id='word_1_247' title='bbox 301 1942 580 2013; x_wconf 79' lang='grc' dir='ltr'>θιασώτην</span> <span class='ocrx_word' id='word_1_248' title='bbox 609 1944 902 2016; x_wconf 78' lang='grc' dir='ltr'>ἡμέτερον,</span> <span class='ocrx_word' id='word_1_249' title='bbox 938 1946 1030 1998; x_wconf 71' lang='grc' dir='ltr'><strong>καὶ</strong></span> <span class='ocrx_word' id='word_1_250' title='bbox 1055 1945 1148 1997; x_wconf 70' lang='grc' dir='ltr'>τὸν</span> <span class='ocrx_word' id='word_1_251' title='bbox 1183 1946 1313 2016; x_wconf 86' lang='grc' dir='ltr'>παρ’</span> <span class='ocrx_word' id='word_1_252' title='bbox 1339 1946 1462 2015; x_wconf 78' lang='grc' dir='ltr'>ἐμοὶ</span> <span class='ocrx_word' id='word_1_253' title='bbox 1493 1945 1650 2015; x_wconf 78' lang='grc' dir='ltr'>χορὸν</span> <span class='ocrx_word' id='word_1_254' title='bbox 1676 1946 1883 2014; x_wconf 78' lang='grc' dir='ltr'>ἐκπλη-</span> 
     </span>
    </p>
   </div>
   <div class='ocr_carea' id='block_1_37' title="bbox 304 2034 1883 2109">
    <p class='ocr_par' dir='ltr' id='par_1_37' title="bbox 304 2034 1883 2109">
     <span class='ocr_line' id='line_1_37' title="bbox 304 2034 1883 2109; baseline 0.003 -23"><span class='ocrx_word' id='word_1_255' title='bbox 304 2036 587 2104; x_wconf 84' lang='grc' dir='ltr'>ρώσαντα·</span> <span class='ocrx_word' id='word_1_256' title='bbox 628 2036 825 2090; x_wconf 86' lang='grc' dir='ltr'>οὑκοῦν</span> <span class='ocrx_word' id='word_1_257' title='bbox 885 2038 959 2109; x_wconf 83' lang='grc' dir='ltr'><strong>μὴ</strong></span> <span class='ocrx_word' id='word_1_258' title='bbox 1019 2037 1243 2106; x_wconf 81' lang='grc' dir='ltr'><strong>μέλλετε</strong></span> <span class='ocrx_word' id='word_1_259' title='bbox 1296 2038 1387 2089; x_wconf 76' lang='grc' dir='ltr'><strong>τον</strong></span> <span class='ocrx_word' id='word_1_260' title='bbox 1446 2040 1565 2090; x_wconf 81' lang='grc' dir='ltr'>νέον</span> <span class='ocrx_word' id='word_1_261' title='bbox 1607 2034 1667 2090; x_wconf 87' lang='grc' dir='ltr'><strong>εὖ</strong></span> <span class='ocrx_word' id='word_1_262' title='bbox 1707 2040 1883 2090; x_wconf 85' lang='grc' dir='ltr'>ποιεῖν</span> 
     </span>
    </p>
   </div>
   <div class='ocr_carea' id='block_1_38' title="bbox 301 2125 1883 2199">
    <p class='ocr_par' dir='ltr' id='par_1_38' title="bbox 301 2125 1883 2199">
     <span class='ocr_line' id='line_1_38' title="bbox 301 2125 1883 2199; baseline 0.003 -22"><span class='ocrx_word' id='word_1_263' title='bbox 301 2125 494 2194; x_wconf 74' lang='grc' dir='ltr'>ἔχοντα</span> <span class='ocrx_word' id='word_1_264' title='bbox 516 2126 854 2197; x_wconf 80' lang='grc' dir='ltr'><strong>πανταχόθεν</strong></span> <span class='ocrx_word' id='word_1_265' title='bbox 883 2127 1241 2199; x_wconf 81' lang='grc' dir='ltr'><strong>ὀφειλομένην</strong></span> <span class='ocrx_word' id='word_1_266' title='bbox 1268 2127 1365 2198; x_wconf 81' lang='grc' dir='ltr'>τὴν</span> <span class='ocrx_word' id='word_1_267' title='bbox 1398 2127 1639 2181; x_wconf 78' lang='grc' dir='ltr'>εὑνοιαν·</span> <span class='ocrx_word' id='word_1_268' title='bbox 1692 2128 1883 2181; x_wconf 80' lang='grc' dir='ltr'>σιωπῶ</span> 
     </span>
    </p>
   </div>
   <div class='ocr_carea' id='block_1_39' title="bbox 300 2218 1879 2293">
    <p class='ocr_par' dir='ltr' id='par_1_39' title="bbox 300 2218 1879 2293">
     <span class='ocr_line' id='line_1_39' title="bbox 300 2218 1879 2293; baseline 0.004 -23"><span class='ocrx_word' id='word_1_269' title='bbox 300 2218 411 2289; x_wconf 82' lang='grc' dir='ltr'>γὰρ</span> <span class='ocrx_word' id='word_1_270' title='bbox 442 2219 622 2287; x_wconf 85' lang='grc' dir='ltr'>λέγειν</span> <span class='ocrx_word' id='word_1_271' title='bbox 655 2220 726 2283; x_wconf 79' lang='grc' dir='ltr'>ὼς</span> <span class='ocrx_word' id='word_1_272' title='bbox 752 2221 845 2274; x_wconf 65' lang='grc' dir='ltr'><strong>κα)⁸</strong></span> <span class='ocrx_word' id='word_1_273' title='bbox 874 2221 951 2291; x_wconf 79' lang='grc' dir='ltr'>τῷ</span> <span class='ocrx_word' id='word_1_274' title='bbox 976 2222 1167 2293; x_wconf 82' lang='grc' dir='ltr'>τρόπῳ</span> <span class='ocrx_word' id='word_1_275' title='bbox 1195 2222 1320 2285; x_wconf 82' lang='grc' dir='ltr'>τοὺς</span> <span class='ocrx_word' id='word_1_276' title='bbox 1347 2221 1589 2292; x_wconf 82' lang='grc' dir='ltr'><strong>ὁρῶντας</strong></span> <span class='ocrx_word' id='word_1_277' title='bbox 1618 2223 1879 2291; x_wconf 76' lang='grc' dir='ltr'>ἐπάγεται</span> 
     </span>
    </p>
   </div>
   <div class='ocr_carea' id='block_1_40' title="bbox 300 2310 1879 2383">
    <p class='ocr_par' dir='ltr' id='par_1_40' title="bbox 300 2310 1879 2383">
     <span class='ocr_line' id='line_1_40' title="bbox 300 2310 1879 2383; baseline 0.003 -22"><span class='ocrx_word' id='word_1_278' title='bbox 300 2310 582 2381; x_wconf 69' lang='grc' dir='ltr'>ὲρυθριᾷν,</span> <span class='ocrx_word' id='word_1_279' title='bbox 614 2311 769 2375; x_wconf 86' lang='grc' dir='ltr'>εἰδὼς</span> <span class='ocrx_word' id='word_1_280' title='bbox 804 2314 931 2383; x_wconf 78' lang='grc' dir='ltr'>πρίν</span> <span class='ocrx_word' id='word_1_281' title='bbox 958 2331 1011 2366; x_wconf 90' lang='grc' dir='ltr'><strong>τι</strong></span> <span class='ocrx_word' id='word_1_282' title='bbox 1042 2315 1135 2367; x_wconf 79' lang='grc' dir='ltr'>καὶ</span> <span class='ocrx_word' id='word_1_283' title='bbox 1164 2314 1347 2383; x_wconf 89' lang='grc' dir='ltr'>λέγειν</span> <span class='ocrx_word' id='word_1_284' title='bbox 1395 2314 1490 2367; x_wconf 74' lang='grc' dir='ltr'><strong>καὶ</strong></span> <span class='ocrx_word' id='word_1_285' title='bbox 1544 2313 1879 2383; x_wconf 83' lang='grc' dir='ltr'>φθέγγεσθαι</span> 
     </span>
    </p>
   </div>
   <div class='ocr_carea' id='block_1_41' title="bbox 303 2400 1882 2477">
    <p class='ocr_par' dir='ltr' id='par_1_41' title="bbox 303 2400 1882 2477">
     <span class='ocr_line' id='line_1_41' title="bbox 303 2400 1882 2477; baseline 0.003 -24"><span class='ocrx_word' id='word_1_286' title='bbox 303 2401 521 2471; x_wconf 87' lang='grc' dir='ltr'>μέτρια,</span> <span class='ocrx_word' id='word_1_287' title='bbox 553 2400 631 2470; x_wconf 83' lang='grc' dir='ltr'>τῷ</span> <span class='ocrx_word' id='word_1_288' title='bbox 662 2403 836 2473; x_wconf 76' lang='grc' dir='ltr'>καιρῷ</span> <span class='ocrx_word' id='word_1_289' title='bbox 868 2405 989 2466; x_wconf 73' lang='grc' dir='ltr'>τοὺς</span> <span class='ocrx_word' id='word_1_290' title='bbox 1010 2405 1202 2473; x_wconf 80' lang='grc' dir='ltr'>λόγους</span> <span class='ocrx_word' id='word_1_291' title='bbox 1231 2405 1467 2477; x_wconf 86' lang='grc' dir='ltr'>μετρῶν,</span> <span class='ocrx_word' id='word_1_292' title='bbox 1500 2407 1592 2458; x_wconf 79' lang='grc' dir='ltr'>καὶ</span> <span class='ocrx_word' id='word_1_293' title='bbox 1636 2406 1731 2457; x_wconf 87' lang='grc' dir='ltr'><strong>τὸν</strong></span> <span class='ocrx_word' id='word_1_294' title='bbox 1755 2406 1882 2458; x_wconf 83' lang='grc' dir='ltr'>νοῦν</span> 
     </span>
    </p>
   </div>
   <div class='ocr_carea' id='block_1_42' title="bbox 301 2492 1880 2569">
    <p class='ocr_par' dir='ltr' id='par_1_42' title="bbox 301 2492 1880 2569">
     <span class='ocr_line' id='line_1_42' title="bbox 301 2492 1880 2569; baseline 0.003 -25"><span class='ocrx_word' id='word_1_295' title='bbox 301 2492 440 2563; x_wconf 80' lang='grc' dir='ltr'>ὑπὲρ</span> <span class='ocrx_word' id='word_1_296' title='bbox 468 2492 566 2563; x_wconf 79' lang='grc' dir='ltr'><strong>τὴν</strong></span> <span class='ocrx_word' id='word_1_297' title='bbox 598 2494 813 2563; x_wconf 82' lang='grc' dir='ltr'>ήλικὶαν</span> <span class='ocrx_word' id='word_1_298' title='bbox 837 2496 1177 2567; x_wconf 80' lang='grc' dir='ltr'>κτησάμενος</span> <span class='ocrx_word' id='word_1_299' title='bbox 1197 2513 1211 2529; x_wconf 78' lang='grc' dir='ltr'><strong>ο</strong></span> <span class='ocrx_word' id='word_1_300' title='bbox 1242 2498 1270 2548; x_wconf 86' lang='grc' dir='ltr'><strong>ὁ</strong></span> <span class='ocrx_word' id='word_1_301' title='bbox 1302 2497 1358 2551; x_wconf 86' lang='grc' dir='ltr'>δὲ</span> <span class='ocrx_word' id='word_1_302' title='bbox 1392 2498 1585 2569; x_wconf 80' lang='grc' dir='ltr'>μιαρὸς</span> <span class='ocrx_word' id='word_1_303' title='bbox 1608 2497 1880 2568; x_wconf 79' lang='grc' dir='ltr'>Θεόδωρος</span> 
     </span>
    </p>
   </div>
   <div class='ocr_carea' id='block_1_43' title="bbox 298 2584 1881 2661">
    <p class='ocr_par' dir='ltr' id='par_1_43' title="bbox 298 2584 1881 2661">
     <span class='ocr_line' id='line_1_43' title="bbox 298 2584 1881 2661; baseline 0.005 -26"><span class='ocrx_word' id='word_1_304' title='bbox 298 2584 392 2636; x_wconf 72' lang='grc' dir='ltr'><strong>τὸν</strong></span> <span class='ocrx_word' id='word_1_305' title='bbox 432 2584 661 2639; x_wconf 89' lang='grc' dir='ltr'>πλοῦτον</span> <span class='ocrx_word' id='word_1_306' title='bbox 692 2586 823 2656; x_wconf 79' lang='grc' dir='ltr'>ἡμῖν</span> <span class='ocrx_word' id='word_1_307' title='bbox 878 2589 1238 2652; x_wconf 74' lang='grc' dir='ltr'>ἐπανατεὲνας</span> <span class='ocrx_word' id='word_1_308' title='bbox 1295 2589 1455 2643; x_wconf 87' lang='grc' dir='ltr'>πάλιν</span> <span class='ocrx_word' id='word_1_309' title='bbox 1492 2590 1692 2655; x_wconf 79' lang='grc' dir='ltr'>ἀνέδυ,</span> <span class='ocrx_word' id='word_1_310' title='bbox 1740 2590 1881 2661; x_wconf 86' lang='grc' dir='ltr'>τάχα</span> 
     </span>
    </p>
   </div>
   <div class='ocr_carea' id='block_1_44' title="bbox 300 2678 1881 2752">
    <p class='ocr_par' dir='ltr' id='par_1_44' title="bbox 300 2678 1881 2752">
     <span class='ocr_line' id='line_1_44' title="bbox 300 2678 1881 2752; baseline 0.004 -22"><span class='ocrx_word' id='word_1_311' title='bbox 300 2679 606 2745; x_wconf 78' lang='grc' dir='ltr'>καταγνοὺς</span> <span class='ocrx_word' id='word_1_312' title='bbox 636 2678 830 2731; x_wconf 84' lang='grc' dir='ltr'>ἑαυτοῦ</span> <span class='ocrx_word' id='word_1_313' title='bbox 862 2681 1019 2751; x_wconf 80' lang='grc' dir='ltr'>εἴπερ</span> <span class='ocrx_word' id='word_1_314' title='bbox 1040 2698 1090 2733; x_wconf 91' lang='grc' dir='ltr'><strong>τι</strong></span> <span class='ocrx_word' id='word_1_315' title='bbox 1127 2681 1405 2751; x_wconf 85' lang='grc' dir='ltr'>προειπὼν</span> <span class='ocrx_word' id='word_1_316' title='bbox 1425 2683 1766 2752; x_wconf 80' lang='grc' dir='ltr'>ἁληθεὺσειε,</span> <span class='ocrx_word' id='word_1_317' title='bbox 1785 2683 1881 2736; x_wconf 81' lang='grc' dir='ltr'>καὶ</span> 
     </span>
    </p>
   </div>
   <div class='ocr_carea' id='block_1_45' title="bbox 301 2770 1210 2842">
    <p class='ocr_par' dir='ltr' id='par_1_45' title="bbox 301 2770 1210 2842">
     <span class='ocr_line' id='line_1_45' title="bbox 301 2770 1210 2842; baseline 0.009 -21"><span class='ocrx_word' id='word_1_318' title='bbox 301 2770 437 2840; x_wconf 81' lang='grc' dir='ltr'>πρὸς</span> <span class='ocrx_word' id='word_1_319' title='bbox 465 2770 639 2842; x_wconf 78' lang='grc' dir='ltr'>πέρας</span> <span class='ocrx_word' id='word_1_320' title='bbox 670 2771 883 2839; x_wconf 80' lang='grc' dir='ltr'>ἐνέγκοι</span> <span class='ocrx_word' id='word_1_321' title='bbox 916 2778 1005 2825; x_wconf 71' lang='grc' dir='ltr'><strong>τὸν</strong></span> <span class='ocrx_word' id='word_1_322' title='bbox 1032 2772 1210 2841; x_wconf 84' lang='grc' dir='ltr'>λόγον.</span> 
     </span>
    </p>
   </div>
   <div class='ocr_carea' id='block_1_46' title="bbox 813 2949 1384 3017">
    <p class='ocr_par' dir='ltr' id='par_1_46' title="bbox 813 2949 1384 3017">
     <span class='ocr_line' id='line_1_46' title="bbox 813 2949 1384 3017; baseline 0.004 -16"><span class='ocrx_word' id='word_1_323' title='bbox 813 2950 894 3003; x_wconf 73' lang='lat' dir='ltr'><strong>N.</strong></span> <span class='ocrx_word' id='word_1_324' title='bbox 932 2949 1090 3017; x_wconf 74' lang='lat' dir='ltr'><strong>&#39;roiz</strong></span> <span class='ocrx_word' id='word_1_325' title='bbox 1113 2950 1384 3003; x_wconf 80' lang='grc' dir='ltr'><strong>ΛΥΤΟΙΣ.</strong></span> 
     </span>
    </p>
   </div>
   <div class='ocr_carea' id='block_1_47' title="bbox 373 3042 1877 3115">
    <p class='ocr_par' dir='ltr' id='par_1_47' title="bbox 373 3042 1877 3115">
     <span class='ocr_line' id='line_1_47' title="bbox 373 3042 1877 3115; baseline 0.001 -19"><span class='ocrx_word' id='word_1_326' title='bbox 373 3042 544 3096; x_wconf 87' lang='grc' dir='ltr'>Πάλιν</span> <span class='ocrx_word' id='word_1_327' title='bbox 577 3043 707 3114; x_wconf 90' lang='grc' dir='ltr'>ὑμῖν</span> <span class='ocrx_word' id='word_1_328' title='bbox 735 3043 1043 3113; x_wconf 75' lang='grc' dir='ltr'>ἐπιστολὴν,</span> <span class='ocrx_word' id='word_1_329' title='bbox 1106 3044 1200 3097; x_wconf 76' lang='grc' dir='ltr'><strong>καὶ</strong></span> <span class='ocrx_word' id='word_1_330' title='bbox 1234 3043 1393 3096; x_wconf 88' lang='grc' dir='ltr'>πάλιν</span> <span class='ocrx_word' id='word_1_331' title='bbox 1443 3043 1629 3114; x_wconf 72' lang='grc' dir='ltr'>ἔτερος</span> <span class='ocrx_word' id='word_1_332' title='bbox 1681 3044 1835 3115; x_wconf 79' lang='grc' dir='ltr'>ὄχλος</span> <span class='ocrx_word' id='word_1_333' title='bbox 1862 3063 1877 3076; x_wconf 87' lang='grc'><strong>·</strong></span> 
     </span>
    </p>
   </div>
   <div class='ocr_carea' id='block_1_48' title="bbox 1986 1945 3561 2020">
    <p class='ocr_par' dir='ltr' id='par_1_48' title="bbox 1986 1945 3561 2020">
     <span class='ocr_line' id='line_1_48' title="bbox 1986 1945 3561 2020; baseline 0.004 -23"><span class='ocrx_word' id='word_1_334' title='bbox 1986 1945 2308 1998; x_wconf 72' lang='lat' dir='ltr'><strong>familiarem</strong></span> <span class='ocrx_word' id='word_1_335' title='bbox 2343 1945 2574 1999; x_wconf 80' lang='lat' dir='ltr'><strong>duxistis</strong></span> <span class='ocrx_word' id='word_1_336' title='bbox 2598 1946 2882 1999; x_wconf 82' lang='lat' dir='ltr'><strong>convivam</strong></span> <span class='ocrx_word' id='word_1_337' title='bbox 2945 1958 3209 2011; x_wconf 85' lang='lat' dir='ltr'><strong>nostram,</strong></span> <span class='ocrx_word' id='word_1_338' title='bbox 3274 1950 3363 2018; x_wconf 91' lang='lat' dir='ltr'><strong>qui</strong></span> <span class='ocrx_word' id='word_1_339' title='bbox 3419 1953 3561 2020; x_wconf 81' lang='lat' dir='ltr'><strong>apud</strong></span> 
     </span>
    </p>
   </div>
   <div class='ocr_carea' id='block_1_49' title="bbox 1985 2036 3564 2110">
    <p class='ocr_par' dir='ltr' id='par_1_49' title="bbox 1985 2036 3564 2110">
     <span class='ocr_line' id='line_1_49' title="bbox 1985 2036 3564 2110; baseline 0.004 -19"><span class='ocrx_word' id='word_1_340' title='bbox 1985 2054 2069 2091; x_wconf 88' lang='lat' dir='ltr'><strong>me</strong></span> <span class='ocrx_word' id='word_1_341' title='bbox 2099 2038 2268 2091; x_wconf 78' lang='lat' dir='ltr'><strong>choro</strong></span> <span class='ocrx_word' id='word_1_342' title='bbox 2301 2037 2565 2092; x_wconf 76' lang='lat' dir='ltr'><strong>interfuit.</strong></span> <span class='ocrx_word' id='word_1_343' title='bbox 2597 2036 2787 2090; x_wconf 78' lang='lat' dir='ltr'><strong>Nonne</strong></span> <span class='ocrx_word' id='word_1_344' title='bbox 2814 2039 2976 2106; x_wconf 79' lang='lat' dir='ltr'><strong>igitur</strong></span> <span class='ocrx_word' id='word_1_345' title='bbox 3006 2040 3141 2094; x_wconf 90' lang='lat' dir='ltr'><strong>bene</strong></span> <span class='ocrx_word' id='word_1_346' title='bbox 3169 2044 3445 2110; x_wconf 74' lang='lat' dir='ltr'><strong>excepturi</strong></span> <span class='ocrx_word' id='word_1_347' title='bbox 3475 2056 3564 2098; x_wconf 85' lang='lat' dir='ltr'><strong>es-</strong></span> 
     </span>
    </p>
   </div>
   <div class='ocr_carea' id='block_1_50' title="bbox 1987 2127 3563 2197">
    <p class='ocr_par' dir='ltr' id='par_1_50' title="bbox 1987 2127 3563 2197">
     <span class='ocr_line' id='line_1_50' title="bbox 1987 2127 3563 2197; baseline 0.004 -17"><span class='ocrx_word' id='word_1_348' title='bbox 1987 2127 2346 2197; x_wconf 77' lang='lat' dir='ltr'><strong>tisjnrenem,</strong></span> <span class='ocrx_word' id='word_1_349' title='bbox 2382 2131 2465 2182; x_wconf 89' lang='lat' dir='ltr'><strong>cui</strong></span> <span class='ocrx_word' id='word_1_350' title='bbox 2506 2129 2845 2183; x_wconf 71' lang='lat' dir='ltr'><strong>omnimodas</strong></span> <span class='ocrx_word' id='word_1_351' title='bbox 2869 2129 2939 2183; x_wconf 92' lang='lat' dir='ltr'><strong>ob</strong></span> <span class='ocrx_word' id='word_1_352' title='bbox 2963 2145 3154 2185; x_wconf 83' lang='lat' dir='ltr'><strong>causas</strong></span> <span class='ocrx_word' id='word_1_353' title='bbox 3198 2132 3428 2187; x_wconf 88' lang='lat' dir='ltr'><strong>debetur</strong></span> <span class='ocrx_word' id='word_1_354' title='bbox 3464 2134 3563 2187; x_wconf 78' lang='lat' dir='ltr'><strong>be-</strong></span> 
     </span>
    </p>
   </div>
   <div class='ocr_carea' id='block_1_51' title="bbox 1985 2221 3563 2291">
    <p class='ocr_par' dir='ltr' id='par_1_51' title="bbox 1985 2221 3563 2291">
     <span class='ocr_line' id='line_1_51' title="bbox 1985 2221 3563 2291; baseline 0.003 -18"><span class='ocrx_word' id='word_1_355' title='bbox 1985 2221 2286 2274; x_wconf 79' lang='lat' dir='ltr'><strong>nevolentia</strong></span> <span class='ocrx_word' id='word_1_356' title='bbox 2312 2221 2334 2273; x_wconf 89' lang='lat'><strong>?</strong></span> <span class='ocrx_word' id='word_1_357' title='bbox 2365 2221 2498 2273; x_wconf 79' lang='lat' dir='ltr'><strong>Silet</strong></span> <span class='ocrx_word' id='word_1_358' title='bbox 2523 2223 2667 2274; x_wconf 86' lang='lat' dir='ltr'><strong>enim</strong></span> <span class='ocrx_word' id='word_1_359' title='bbox 2697 2224 2763 2274; x_wconf 88' lang='lat' dir='ltr'><strong>de</strong></span> <span class='ocrx_word' id='word_1_360' title='bbox 2794 2224 2912 2291; x_wconf 76' lang='lat' dir='ltr'><strong>ejus</strong></span> <span class='ocrx_word' id='word_1_361' title='bbox 2944 2223 3208 2286; x_wconf 88' lang='lat' dir='ltr'><strong>moribus,</strong></span> <span class='ocrx_word' id='word_1_362' title='bbox 3274 2223 3364 2290; x_wconf 91' lang='lat' dir='ltr'><strong>qui</strong></span> <span class='ocrx_word' id='word_1_363' title='bbox 3395 2226 3563 2278; x_wconf 90' lang='lat' dir='ltr'><strong>omni-</strong></span> 
     </span>
    </p>
   </div>
   <div class='ocr_carea' id='block_1_52' title="bbox 1985 2312 3563 2380">
    <p class='ocr_par' dir='ltr' id='par_1_52' title="bbox 1985 2312 3563 2380">
     <span class='ocr_line' id='line_1_52' title="bbox 1985 2312 3563 2380; baseline 0.003 -16"><span class='ocrx_word' id='word_1_364' title='bbox 1985 2313 2085 2366; x_wconf 85' lang='lat' dir='ltr'><strong>bus</strong></span> <span class='ocrx_word' id='word_1_365' title='bbox 2127 2312 2441 2365; x_wconf 81' lang='lat' dir='ltr'><strong>videntibus</strong></span> <span class='ocrx_word' id='word_1_366' title='bbox 2470 2312 2730 2380; x_wconf 83' lang='lat' dir='ltr'><strong>pudorem</strong></span> <span class='ocrx_word' id='word_1_367' title='bbox 2759 2312 3067 2367; x_wconf 88' lang='lat' dir='ltr'><strong>incutiunt:</strong></span> <span class='ocrx_word' id='word_1_368' title='bbox 3110 2328 3234 2366; x_wconf 90' lang='lat' dir='ltr'><strong>num</strong></span> <span class='ocrx_word' id='word_1_369' title='bbox 3274 2314 3380 2368; x_wconf 87' lang='lat' dir='ltr'><strong>scit</strong></span> <span class='ocrx_word' id='word_1_370' title='bbox 3409 2325 3563 2369; x_wconf 72' lang='lat' dir='ltr'><strong>ante~</strong></span> 
     </span>
    </p>
   </div>
   <div class='ocr_carea' id='block_1_53' title="bbox 1990 2401 3562 2477">
    <p class='ocr_par' dir='ltr' id='par_1_53' title="bbox 1990 2401 3562 2477">
     <span class='ocr_line' id='line_1_53' title="bbox 1990 2401 3562 2477; baseline 0.007 -25"><span class='ocrx_word' id='word_1_371' title='bbox 1990 2416 2154 2471; x_wconf 84' lang='lat' dir='ltr'><strong>quam</strong></span> <span class='ocrx_word' id='word_1_372' title='bbox 2191 2401 2444 2471; x_wconf 89' lang='lat' dir='ltr'><strong>loquatur</strong></span> <span class='ocrx_word' id='word_1_373' title='bbox 2474 2404 2777 2457; x_wconf 79' lang='lat' dir='ltr'><strong>decentiam</strong></span> <span class='ocrx_word' id='word_1_374' title='bbox 2810 2404 3120 2465; x_wconf 77' lang='lat' dir='ltr'><strong>observare.</strong></span> <span class='ocrx_word' id='word_1_375' title='bbox 3163 2422 3442 2462; x_wconf 78' lang='lat' dir='ltr'><strong>sermones</strong></span> <span class='ocrx_word' id='word_1_376' title='bbox 3465 2422 3562 2477; x_wconf 83' lang='lat' dir='ltr'><strong>ap-</strong></span> 
     </span>
    </p>
   </div>
   <div class='ocr_carea' id='block_1_54' title="bbox 1985 2493 3559 2569">
    <p class='ocr_par' dir='ltr' id='par_1_54' title="bbox 1985 2493 3559 2569">
     <span class='ocr_line' id='line_1_54' title="bbox 1985 2493 3559 2569; baseline 0.008 -24"><span class='ocrx_word' id='word_1_377' title='bbox 1985 2503 2061 2546; x_wconf 87' lang='lat' dir='ltr'><strong>tat</strong></span> <span class='ocrx_word' id='word_1_378' title='bbox 2097 2493 2544 2560; x_wconf 83' lang='lat' dir='ltr'><strong>circumstantiis,</strong></span> <span class='ocrx_word' id='word_1_379' title='bbox 2570 2496 2978 2564; x_wconf 68' lang='lat' dir='ltr'><strong>intelligentiam</strong></span> <span class='ocrx_word' id='word_1_380' title='bbox 3013 2498 3173 2551; x_wconf 84' lang='lat' dir='ltr'><strong>habet</strong></span> <span class='ocrx_word' id='word_1_381' title='bbox 3207 2508 3363 2553; x_wconf 70' lang='lat' dir='ltr'><strong>artate</strong></span> <span class='ocrx_word' id='word_1_382' title='bbox 3396 2516 3559 2569; x_wconf 85' lang='lat' dir='ltr'><strong>supe-</strong></span> 
     </span>
    </p>
   </div>
   <div class='ocr_carea' id='block_1_55' title="bbox 1985 2586 3561 2658">
    <p class='ocr_par' dir='ltr' id='par_1_55' title="bbox 1985 2586 3561 2658">
     <span class='ocr_line' id='line_1_55' title="bbox 1985 2586 3561 2658; baseline 0.006 -18"><span class='ocrx_word' id='word_1_383' title='bbox 1985 2587 2201 2641; x_wconf 88' lang='lat' dir='ltr'><strong>riorem.</strong></span> <span class='ocrx_word' id='word_1_384' title='bbox 2224 2586 2470 2657; x_wconf 80' lang='lat' dir='ltr'><strong>Nequam</strong></span> <span class='ocrx_word' id='word_1_385' title='bbox 2503 2603 2632 2643; x_wconf 81' lang='lat' dir='ltr'><strong>vero</strong></span> <span class='ocrx_word' id='word_1_386' title='bbox 2662 2586 3003 2657; x_wconf 82' lang='lat' dir='ltr'><strong>Theodorus,</strong></span> <span class='ocrx_word' id='word_1_387' title='bbox 3063 2592 3346 2658; x_wconf 87' lang='lat' dir='ltr'><strong>pecuniam</strong></span> <span class='ocrx_word' id='word_1_388' title='bbox 3403 2594 3561 2649; x_wconf 85' lang='lat' dir='ltr'><strong>nobis</strong></span> 
     </span>
    </p>
   </div>
   <div class='ocr_carea' id='block_1_56' title="bbox 1982 2676 3561 2750">
    <p class='ocr_par' dir='ltr' id='par_1_56' title="bbox 1982 2676 3561 2750">
     <span class='ocr_line' id='line_1_56' title="bbox 1982 2676 3561 2750; baseline 0.006 -22"><span class='ocrx_word' id='word_1_389' title='bbox 1982 2676 2277 2746; x_wconf 88' lang='lat' dir='ltr'><strong>pollicitus,</strong></span> <span class='ocrx_word' id='word_1_390' title='bbox 2320 2693 2348 2730; x_wconf 93' lang='lat' dir='ltr'><strong>a</strong></span> <span class='ocrx_word' id='word_1_391' title='bbox 2398 2690 2559 2745; x_wconf 84' lang='lat' dir='ltr'><strong>pacto</strong></span> <span class='ocrx_word' id='word_1_392' title='bbox 2590 2680 2814 2732; x_wconf 82' lang='lat' dir='ltr'><strong>recessit</strong></span> <span class='ocrx_word' id='word_1_393' title='bbox 2843 2697 2858 2733; x_wconf 89' lang='lat'><strong>:</strong></span> <span class='ocrx_word' id='word_1_394' title='bbox 2883 2694 3004 2733; x_wconf 89' lang='lat' dir='ltr'><strong>eum</strong></span> <span class='ocrx_word' id='word_1_395' title='bbox 3057 2679 3241 2735; x_wconf 81' lang='lat' dir='ltr'><strong>forsan</strong></span> <span class='ocrx_word' id='word_1_396' title='bbox 3275 2685 3561 2750; x_wconf 70' lang='lat' dir='ltr'><strong>pwnituis~</strong></span> 
     </span>
    </p>
   </div>
   <div class='ocr_carea' id='block_1_57' title="bbox 1981 2767 3551 2837">
    <p class='ocr_par' dir='ltr' id='par_1_57' title="bbox 1981 2767 3551 2837">
     <span class='ocr_line' id='line_1_57' title="bbox 1981 2767 3551 2837; baseline 0.004 -15"><span class='ocrx_word' id='word_1_397' title='bbox 1981 2778 2065 2822; x_wconf 88' lang='lat' dir='ltr'><strong>set</strong></span> <span class='ocrx_word' id='word_1_398' title='bbox 2097 2770 2142 2823; x_wconf 92' lang='lat' dir='ltr'><strong>si</strong></span> <span class='ocrx_word' id='word_1_399' title='bbox 2175 2768 2228 2822; x_wconf 91' lang='lat' dir='ltr'><strong>in</strong></span> <span class='ocrx_word' id='word_1_400' title='bbox 2265 2768 2549 2837; x_wconf 76' lang='lat' dir='ltr'><strong>promissis</strong></span> <span class='ocrx_word' id='word_1_401' title='bbox 2574 2767 2761 2823; x_wconf 81' lang='lat' dir='ltr'><strong>fuisset</strong></span> <span class='ocrx_word' id='word_1_402' title='bbox 2796 2771 3062 2825; x_wconf 82' lang='lat' dir='ltr'><strong>veridicos</strong></span> <span class='ocrx_word' id='word_1_403' title='bbox 3092 2782 3144 2825; x_wconf 89' lang='lat' dir='ltr'><strong>et</strong></span> <span class='ocrx_word' id='word_1_404' title='bbox 3191 2773 3334 2827; x_wconf 90' lang='lat' dir='ltr'><strong>dicta</strong></span> <span class='ocrx_word' id='word_1_405' title='bbox 3375 2774 3441 2827; x_wconf 86' lang='lat' dir='ltr'><strong>ad</strong></span> <span class='ocrx_word' id='word_1_406' title='bbox 3464 2774 3551 2830; x_wconf 75' lang='lat' dir='ltr'><strong>ei-</strong></span> 
     </span>
    </p>
   </div>
   <div class='ocr_carea' id='block_1_58' title="bbox 1982 2858 2477 2914">
    <p class='ocr_par' dir='ltr' id='par_1_58' title="bbox 1982 2858 2477 2914">
     <span class='ocr_line' id='line_1_58' title="bbox 1982 2858 2477 2914; baseline -0.002 0"><span class='ocrx_word' id='word_1_407' title='bbox 1982 2858 2186 2914; x_wconf 75' lang='lat' dir='ltr'><strong>fcctum</strong></span> <span class='ocrx_word' id='word_1_408' title='bbox 2212 2860 2477 2914; x_wconf 72' lang='lat' dir='ltr'><strong>duxisset.</strong></span> 
     </span>
    </p>
   </div>
   <div class='ocr_carea' id='block_1_59' title="bbox 2584 2950 2967 3007">
    <p class='ocr_par' dir='ltr' id='par_1_59' title="bbox 2584 2950 2967 3007">
     <span class='ocr_line' id='line_1_59' title="bbox 2584 2950 2967 3007; baseline 0.003 -1"><span class='ocrx_word' id='word_1_409' title='bbox 2584 2951 2646 3006; x_wconf 85' lang='lat' dir='ltr'><strong>L.</strong></span> <span class='ocrx_word' id='word_1_410' title='bbox 2691 2950 2967 3007; x_wconf 69' lang='lat' dir='ltr'><strong>EISDEH.</strong></span> 
     </span>
    </p>
   </div>
   <div class='ocr_carea' id='block_1_60' title="bbox 2053 3043 3555 3120">
    <p class='ocr_par' dir='ltr' id='par_1_60' title="bbox 2053 3043 3555 3120">
     <span class='ocr_line' id='line_1_60' title="bbox 2053 3043 3555 3120; baseline 0.007 -25"><span class='ocrx_word' id='word_1_411' title='bbox 2053 3043 2262 3097; x_wconf 76' lang='lat' dir='ltr'><strong>ltursns</strong></span> <span class='ocrx_word' id='word_1_412' title='bbox 2282 3058 2418 3097; x_wconf 88' lang='lat' dir='ltr'><strong>nova</strong></span> <span class='ocrx_word' id='word_1_413' title='bbox 2460 3044 2610 3097; x_wconf 81' lang='lat' dir='ltr'><strong>vobis</strong></span> <span class='ocrx_word' id='word_1_414' title='bbox 2652 3044 2901 3111; x_wconf 88' lang='lat' dir='ltr'><strong>epistola,</strong></span> <span class='ocrx_word' id='word_1_415' title='bbox 2954 3061 3143 3101; x_wconf 89' lang='lat' dir='ltr'><strong>rursus</strong></span> <span class='ocrx_word' id='word_1_416' title='bbox 3194 3047 3339 3101; x_wconf 89' lang='lat' dir='ltr'><strong>aliud</strong></span> <span class='ocrx_word' id='word_1_417' title='bbox 3386 3064 3555 3120; x_wconf 81' lang='lat' dir='ltr'><strong>nego-</strong></span> 
     </span>
    </p>
   </div>
   <div class='ocr_carea' id='block_1_61' title="bbox 300 3134 1977 3235">
    <p class='ocr_par' dir='ltr' id='par_1_61' title="bbox 300 3135 1945 3235">
     <span class='ocr_line' id='line_1_61' title="bbox 300 3135 1945 3235; baseline 0.002 -48"><span class='ocrx_word' id='word_1_418' title='bbox 300 3135 457 3188; x_wconf 70' lang='grc' dir='ltr'>ἔοικα</span> <span class='ocrx_word' id='word_1_419' title='bbox 487 3136 596 3206; x_wconf 83' lang='grc' dir='ltr'><strong>γάρ</strong></span> <span class='ocrx_word' id='word_1_420' title='bbox 628 3154 731 3189; x_wconf 90' lang='grc' dir='ltr'><strong>που</strong></span> <span class='ocrx_word' id='word_1_421' title='bbox 761 3135 856 3189; x_wconf 90' lang='grc' dir='ltr'><strong>τοῦ</strong></span> <span class='ocrx_word' id='word_1_422' title='bbox 905 3138 1078 3190; x_wconf 82' lang='grc' dir='ltr'>αἰτεῖν</span> <span class='ocrx_word' id='word_1_423' title='bbox 1128 3138 1203 3207; x_wconf 81' lang='grc' dir='ltr'><strong>μὴ</strong></span> <span class='ocrx_word' id='word_1_424' title='bbox 1244 3136 1385 3207; x_wconf 84' lang='grc' dir='ltr'>τάχα</span> <span class='ocrx_word' id='word_1_425' title='bbox 1424 3136 1625 3207; x_wconf 83' lang='grc' dir='ltr'>μέτρον</span> <span class='ocrx_word' id='word_1_426' title='bbox 1652 3139 1872 3204; x_wconf 79' lang='grc' dir='ltr'>εἰδέναι,</span> <span class='ocrx_word' id='word_1_427' title='bbox 1903 3176 1945 3235; x_wconf 76' lang='lat' dir='ltr'><strong><em>C</em></strong></span> 
     </span>
    </p>
   </div>
   <div class='ocr_carea' id='block_1_62' title="bbox 1880 3134 3557 3235">
    <p class='ocr_par' dir='ltr' id='par_1_62' title="bbox 1903 3134 3557 3235">
     <span class='ocr_line' id='line_1_62' title="bbox 1903 3134 3557 3235; baseline 0.002 -49"><span class='ocrx_word' id='word_1_428' title='bbox 1903 3176 1945 3235; x_wconf 61' lang='grc' dir='ltr'>Ο</span> <span class='ocrx_word' id='word_1_429' title='bbox 1987 3143 2116 3188; x_wconf 87' lang='lat' dir='ltr'><strong>tium</strong></span> <span class='ocrx_word' id='word_1_430' title='bbox 2151 3150 2166 3185; x_wconf 88' lang='lat'><strong>:</strong></span> <span class='ocrx_word' id='word_1_431' title='bbox 2203 3134 2419 3187; x_wconf 84' lang='lat' dir='ltr'><strong>videtur</strong></span> <span class='ocrx_word' id='word_1_432' title='bbox 2455 3146 2541 3187; x_wconf 91' lang='lat' dir='ltr'><strong>me</strong></span> <span class='ocrx_word' id='word_1_433' title='bbox 2569 3134 2833 3201; x_wconf 84' lang='lat' dir='ltr'><strong>precibus</strong></span> <span class='ocrx_word' id='word_1_434' title='bbox 2859 3134 3074 3186; x_wconf 84' lang='lat' dir='ltr'><strong>modum</strong></span> <span class='ocrx_word' id='word_1_435' title='bbox 3134 3134 3409 3201; x_wconf 87' lang='lat' dir='ltr'><strong>imponere</strong></span> <span class='ocrx_word' id='word_1_436' title='bbox 3432 3151 3557 3190; x_wconf 87' lang='lat' dir='ltr'><strong>nes-</strong></span> 
     </span>
    </p>
   </div>
   <div class='ocr_carea' id='block_1_63' title="bbox 299 3226 1876 3297">
    <p class='ocr_par' dir='ltr' id='par_1_63' title="bbox 299 3226 1876 3297">
     <span class='ocr_line' id='line_1_63' title="bbox 299 3226 1876 3297; baseline 0.002 -20"><span class='ocrx_word' id='word_1_437' title='bbox 299 3226 435 3279; x_wconf 81' lang='grc' dir='ltr'>ἀλλὰ</span> <span class='ocrx_word' id='word_1_438' title='bbox 474 3226 696 3295; x_wconf 75' lang='grc' dir='ltr'>φθάνειν</span> <span class='ocrx_word' id='word_1_439' title='bbox 726 3228 810 3279; x_wconf 73' lang='grc' dir='ltr'><strong>ἀεὶ</strong></span> <span class='ocrx_word' id='word_1_440' title='bbox 840 3229 952 3289; x_wconf 83' lang='grc' dir='ltr'>τοῖς</span> <span class='ocrx_word' id='word_1_441' title='bbox 976 3227 1250 3297; x_wconf 86' lang='grc' dir='ltr'>δευτέροις</span> <span class='ocrx_word' id='word_1_442' title='bbox 1279 3227 1347 3279; x_wconf 82' lang='grc' dir='ltr'>τὰ</span> <span class='ocrx_word' id='word_1_443' title='bbox 1373 3228 1737 3297; x_wconf 79' lang='grc' dir='ltr'>προλαϐόντα,</span> <span class='ocrx_word' id='word_1_444' title='bbox 1779 3245 1876 3297; x_wconf 86' lang='grc' dir='ltr'>γε-</span> 
     </span>
    </p>
   </div>
   <div class='ocr_carea' id='block_1_64' title="bbox 299 3312 1880 3387">
    <p class='ocr_par' dir='ltr' id='par_1_64' title="bbox 299 3312 1880 3387">
     <span class='ocr_line' id='line_1_64' title="bbox 299 3312 1880 3387; baseline 0.001 -19"><span class='ocrx_word' id='word_1_445' title='bbox 299 3318 396 3386; x_wconf 76' lang='grc' dir='ltr'>λᾷν</span> <span class='ocrx_word' id='word_1_446' title='bbox 416 3334 475 3368; x_wconf 88' lang='grc' dir='ltr'><strong>τε</strong></span> <span class='ocrx_word' id='word_1_447' title='bbox 501 3317 763 3386; x_wconf 72' lang='grc' dir='ltr'>ἀλλήλους</span> <span class='ocrx_word' id='word_1_448' title='bbox 791 3318 881 3369; x_wconf 74' lang='grc' dir='ltr'>καὶ</span> <span class='ocrx_word' id='word_1_449' title='bbox 908 3316 1109 3384; x_wconf 88' lang='grc' dir='ltr'>λέγειν,</span> <span class='ocrx_word' id='word_1_450' title='bbox 1164 3317 1237 3375; x_wconf 81' lang='grc' dir='ltr'>ὡς</span> <span class='ocrx_word' id='word_1_451' title='bbox 1274 3319 1520 3386; x_wconf 85' lang='grc' dir='ltr'>κρεῖττον</span> <span class='ocrx_word' id='word_1_452' title='bbox 1552 3312 1620 3387; x_wconf 80' lang='grc' dir='ltr'><strong>ἦν</strong></span> <span class='ocrx_word' id='word_1_453' title='bbox 1657 3318 1880 3370; x_wconf 84' lang='grc' dir='ltr'>σιωπῶν</span> 
     </span>
    </p>
   </div>
   <div class='ocr_carea' id='block_1_65' title="bbox 298 3408 1879 3479">
    <p class='ocr_par' dir='ltr' id='par_1_65' title="bbox 298 3408 1879 3479">
     <span class='ocr_line' id='line_1_65' title="bbox 298 3408 1879 3479; baseline 0.001 -18"><span class='ocrx_word' id='word_1_454' title='bbox 298 3410 331 3479; x_wconf 82' lang='grc' dir='ltr'>ἢ</span> <span class='ocrx_word' id='word_1_455' title='bbox 366 3412 590 3472; x_wconf 81' lang='grc' dir='ltr'>πυκνοῖς</span> <span class='ocrx_word' id='word_1_456' title='bbox 623 3408 831 3478; x_wconf 82' lang='grc' dir='ltr'>βάλλων</span> <span class='ocrx_word' id='word_1_457' title='bbox 868 3411 976 3471; x_wconf 76' lang='grc' dir='ltr'>τοῖς</span> <span class='ocrx_word' id='word_1_458' title='bbox 1020 3409 1345 3479; x_wconf 71' lang='grc' dir='ltr'>γράμμασιν</span> <span class='ocrx_word' id='word_1_459' title='bbox 1366 3423 1380 3436; x_wconf 81' lang='lat'><strong><em>°</em></strong></span> <span class='ocrx_word' id='word_1_460' title='bbox 1414 3408 1529 3461; x_wconf 81' lang='grc' dir='ltr'>ἀλλ’</span> <span class='ocrx_word' id='word_1_461' title='bbox 1582 3409 1731 3478; x_wconf 83' lang='grc' dir='ltr'>ὅμως</span> <span class='ocrx_word' id='word_1_462' title='bbox 1772 3409 1879 3463; x_wconf 67' lang='grc' dir='ltr'>κᾶν</span> 
     </span>
    </p>
   </div>
   <div class='ocr_carea' id='block_1_66' title="bbox 299 3501 1879 3573">
    <p class='ocr_par' dir='ltr' id='par_1_66' title="bbox 299 3501 1879 3573">
     <span class='ocr_line' id='line_1_66' title="bbox 299 3501 1879 3573; baseline 0.001 -20"><span class='ocrx_word' id='word_1_463' title='bbox 299 3501 582 3572; x_wconf 70' lang='grc' dir='ltr'>διατριϐὴν</span> <span class='ocrx_word' id='word_1_464' title='bbox 637 3504 765 3571; x_wconf 88' lang='grc' dir='ltr'>ὑμῖν</span> <span class='ocrx_word' id='word_1_465' title='bbox 824 3502 1049 3571; x_wconf 82' lang='grc' dir='ltr'>παρέχω</span> <span class='ocrx_word' id='word_1_466' title='bbox 1102 3502 1196 3553; x_wconf 75' lang='grc' dir='ltr'><strong>καὶ</strong></span> <span class='ocrx_word' id='word_1_467' title='bbox 1244 3502 1475 3569; x_wconf 86' lang='grc' dir='ltr'>γέλωτα,</span> <span class='ocrx_word' id='word_1_468' title='bbox 1525 3504 1733 3573; x_wconf 78' lang='grc' dir='ltr'>σιωπᾷν</span> <span class='ocrx_word' id='word_1_469' title='bbox 1780 3504 1879 3556; x_wconf 73' lang='grc' dir='ltr'><strong>οὑκ</strong></span> 
     </span>
    </p>
   </div>
   <div class='ocr_carea' id='block_1_67' title="bbox 300 3590 1877 3662">
    <p class='ocr_par' dir='ltr' id='par_1_67' title="bbox 300 3590 1877 3662">
     <span class='ocr_line' id='line_1_67' title="bbox 300 3590 1877 3662; baseline 0.001 -20"><span class='ocrx_word' id='word_1_470' title='bbox 300 3590 589 3659; x_wconf 73' lang='grc' dir='ltr'>ἀνέξομαι·</span> <span class='ocrx_word' id='word_1_471' title='bbox 633 3592 709 3652; x_wconf 78' lang='grc' dir='ltr'>ὡς</span> <span class='ocrx_word' id='word_1_472' title='bbox 741 3591 805 3645; x_wconf 83' lang='grc' dir='ltr'>ἂν</span> <span class='ocrx_word' id='word_1_473' title='bbox 838 3591 994 3659; x_wconf 80' lang='grc' dir='ltr'>ὑμεῖς</span> <span class='ocrx_word' id='word_1_474' title='bbox 1017 3590 1221 3643; x_wconf 78' lang='grc' dir='ltr'>εἴποιτε</span> <span class='ocrx_word' id='word_1_475' title='bbox 1256 3591 1448 3662; x_wconf 86' lang='grc' dir='ltr'>τέχνης</span> <span class='ocrx_word' id='word_1_476' title='bbox 1488 3591 1574 3644; x_wconf 77' lang='grc' dir='ltr'><strong>ἀεὶ</strong></span> <span class='ocrx_word' id='word_1_477' title='bbox 1603 3592 1661 3644; x_wconf 78' lang='grc' dir='ltr'>τὸ</span> <span class='ocrx_word' id='word_1_478' title='bbox 1699 3592 1877 3645; x_wconf 86' lang='grc' dir='ltr'>λαλεῖν</span> 
     </span>
    </p>
   </div>
   <div class='ocr_carea' id='block_1_68' title="bbox 302 3681 1879 3752">
    <p class='ocr_par' dir='ltr' id='par_1_68' title="bbox 302 3681 1879 3752">
     <span class='ocr_line' id='line_1_68' title="bbox 302 3681 1879 3752; baseline -0.022 5"><span class='ocrx_word' id='word_1_479' title='bbox 302 3684 453 3752; x_wconf 58' lang='grc' dir='ltr'><strong>’παρὰ</strong></span> <span class='ocrx_word' id='word_1_480' title='bbox 486 3681 583 3750; x_wconf 77' lang='grc' dir='ltr'><strong>τῆς</strong></span> <span class='ocrx_word' id='word_1_481' title='bbox 600 3683 791 3751; x_wconf 81' lang='grc' dir='ltr'>τέχνης</span> <span class='ocrx_word' id='word_1_482' title='bbox 816 3682 1020 3734; x_wconf 57' lang='grc' dir='ltr'>λαλῶν</span> <span class='ocrx_word' id='word_1_483' title='bbox 1054 3684 1145 3734; x_wconf 70' lang='grc' dir='ltr'><strong>καὶ</strong></span> <span class='ocrx_word' id='word_1_484' title='bbox 1174 3682 1344 3735; x_wconf 78' lang='grc' dir='ltr'>ταῦτα</span> <span class='ocrx_word' id='word_1_485' title='bbox 1368 3698 1449 3734; x_wconf 89' lang='grc' dir='ltr'><strong>σοι</strong></span> <span class='ocrx_word' id='word_1_486' title='bbox 1478 3684 1593 3735; x_wconf 77' lang='grc' dir='ltr'>νυνὶ</span> <span class='ocrx_word' id='word_1_487' title='bbox 1620 3683 1879 3751; x_wconf 67' lang='grc' dir='ltr'>πρᾶγμα-</span> 
     </span>
    </p>
   </div>
   <div class='ocr_carea' id='block_1_69' title="bbox 300 3776 1877 3849">
    <p class='ocr_par' dir='ltr' id='par_1_69' title="bbox 300 3776 1877 3849">
     <span class='ocr_line' id='line_1_69' title="bbox 300 3776 1877 3849; baseline 0 -21"><span class='ocrx_word' id='word_1_488' title='bbox 300 3794 388 3838; x_wconf 78' lang='grc' dir='ltr'><strong>τος</strong></span> <span class='ocrx_word' id='word_1_489' title='bbox 424 3779 501 3839; x_wconf 85' lang='grc' dir='ltr'>εἰς</span> <span class='ocrx_word' id='word_1_490' title='bbox 526 3779 800 3847; x_wconf 76' lang='grc' dir='ltr'>ἡμετέραν</span> <span class='ocrx_word' id='word_1_491' title='bbox 823 3777 1010 3847; x_wconf 78' lang='grc' dir='ltr'>χρείαν</span> <span class='ocrx_word' id='word_1_492' title='bbox 1042 3777 1277 3849; x_wconf 85' lang='grc' dir='ltr'>ὁρῶντος</span> <span class='ocrx_word' id='word_1_493' title='bbox 1298 3793 1309 3806; x_wconf 92' lang='grc'><strong>·</strong></span> <span class='ocrx_word' id='word_1_494' title='bbox 1343 3780 1389 3830; x_wconf 87' lang='grc' dir='ltr'>οἱ</span> <span class='ocrx_word' id='word_1_495' title='bbox 1423 3779 1531 3847; x_wconf 79' lang='grc' dir='ltr'><strong>γὰρ</strong></span> <span class='ocrx_word' id='word_1_496' title='bbox 1575 3776 1705 3846; x_wconf 86' lang='grc' dir='ltr'>παρ’</span> <span class='ocrx_word' id='word_1_497' title='bbox 1746 3778 1877 3847; x_wconf 73' lang='grc' dir='ltr'>ἡμῖν</span> 
     </span>
    </p>
   </div>
   <div class='ocr_carea' id='block_1_70' title="bbox 299 3868 1878 3938">
    <p class='ocr_par' dir='ltr' id='par_1_70' title="bbox 299 3868 1878 3938">
     <span class='ocr_line' id='line_1_70' title="bbox 299 3868 1878 3938; baseline 0.001 -19"><span class='ocrx_word' id='word_1_498' title='bbox 299 3868 523 3935; x_wconf 84' lang='grc' dir='ltr'>λογάδες</span> <span class='ocrx_word' id='word_1_499' title='bbox 567 3868 880 3937; x_wconf 71' lang='grc' dir='ltr'>ψηφίσματι</span> <span class='ocrx_word' id='word_1_500' title='bbox 939 3868 1102 3938; x_wconf 78' lang='grc' dir='ltr'>κοινῷ</span> <span class='ocrx_word' id='word_1_501' title='bbox 1156 3871 1255 3938; x_wconf 75' lang='grc' dir='ltr'>τὴν</span> <span class='ocrx_word' id='word_1_502' title='bbox 1311 3871 1576 3938; x_wconf 74' lang='grc' dir='ltr'>μεγίστην</span> <span class='ocrx_word' id='word_1_503' title='bbox 1634 3868 1878 3933; x_wconf 77' lang='grc' dir='ltr'>ἀξιοῦσιν</span> 
     </span>
    </p>
   </div>
   <div class='ocr_carea' id='block_1_71' title="bbox 298 3960 1877 4031">
    <p class='ocr_par' dir='ltr' id='par_1_71' title="bbox 298 3960 1877 4031">
     <span class='ocr_line' id='line_1_71' title="bbox 298 3960 1877 4031; baseline 0.002 -21"><span class='ocrx_word' id='word_1_504' title='bbox 298 3961 495 4029; x_wconf 70' lang='grc' dir='ltr'>ἀρχὴν,</span> <span class='ocrx_word' id='word_1_505' title='bbox 530 3960 711 4031; x_wconf 76' lang='grc' dir='ltr'>ῥᾴδιον</span> <span class='ocrx_word' id='word_1_506' title='bbox 759 3960 1039 4013; x_wconf 74' lang='grc' dir='ltr'>ἐπινεῦσαι</span> <span class='ocrx_word' id='word_1_507' title='bbox 1099 3963 1351 4031; x_wconf 78' lang='grc' dir='ltr'>πρᾶγμα,</span> <span class='ocrx_word' id='word_1_508' title='bbox 1392 3962 1572 4013; x_wconf 83' lang='grc' dir='ltr'>πλεῖον</span> <span class='ocrx_word' id='word_1_509' title='bbox 1605 3962 1663 4013; x_wconf 68' lang='grc' dir='ltr'>τὸ</span> <span class='ocrx_word' id='word_1_510' title='bbox 1724 3978 1877 4029; x_wconf 75' lang='grc' dir='ltr'>σιτη-</span> 
     </span>
    </p>
   </div>
   <div class='ocr_carea' id='block_1_72' title="bbox 302 4052 1877 4122">
    <p class='ocr_par' dir='ltr' id='par_1_72' title="bbox 302 4052 1877 4122">
     <span class='ocr_line' id='line_1_72' title="bbox 302 4052 1877 4122; baseline 0.002 -19"><span class='ocrx_word' id='word_1_511' title='bbox 302 4053 479 4122; x_wconf 80' lang='grc' dir='ltr'>ρέσιόν</span> <span class='ocrx_word' id='word_1_512' title='bbox 535 4070 625 4121; x_wconf 87' lang='grc' dir='ltr'><strong>μοι</strong></span> <span class='ocrx_word' id='word_1_513' title='bbox 675 4052 981 4121; x_wconf 84' lang='grc' dir='ltr'>χορηγῆσαι</span> <span class='ocrx_word' id='word_1_514' title='bbox 1037 4052 1367 4122; x_wconf 83' lang='grc' dir='ltr'>δυνάμενον·</span> <span class='ocrx_word' id='word_1_515' title='bbox 1416 4053 1626 4106; x_wconf 80' lang='grc' dir='ltr'>αἰτοῦσι</span> <span class='ocrx_word' id='word_1_516' title='bbox 1663 4054 1721 4106; x_wconf 85' lang='grc' dir='ltr'>δὲ</span> <span class='ocrx_word' id='word_1_517' title='bbox 1784 4056 1877 4107; x_wconf 69' lang='grc' dir='ltr'><strong>καὶ</strong></span> 
     </span>
    </p>
   </div>
   <div class='ocr_carea' id='block_1_73' title="bbox 300 4142 1874 4216">
    <p class='ocr_par' dir='ltr' id='par_1_73' title="bbox 300 4142 1874 4216">
     <span class='ocr_line' id='line_1_73' title="bbox 300 4142 1874 4216; baseline 0.002 -20"><span class='ocrx_word' id='word_1_518' title='bbox 300 4144 536 4205; x_wconf 76' lang='grc' dir='ltr'>παλαιὰς</span> <span class='ocrx_word' id='word_1_519' title='bbox 560 4142 842 4207; x_wconf 79' lang='grc' dir='ltr'>συντάξεις</span> <span class='ocrx_word' id='word_1_520' title='bbox 879 4143 1245 4214; x_wconf 75' lang='grc' dir='ltr'>βεδαιωθῆναι</span> <span class='ocrx_word' id='word_1_521' title='bbox 1284 4148 1393 4209; x_wconf 84' lang='grc' dir='ltr'>τοῖς</span> <span class='ocrx_word' id='word_1_522' title='bbox 1446 4144 1874 4216; x_wconf 70' lang='grc' dir='ltr'>διαδεξαμένοις,</span> 
     </span>
    </p>
   </div>
   <div class='ocr_carea' id='block_1_74' title="bbox 298 4238 1876 4309">
    <p class='ocr_par' dir='ltr' id='par_1_74' title="bbox 298 4238 1876 4309">
     <span class='ocr_line' id='line_1_74' title="bbox 298 4238 1876 4309; baseline 0 -18"><span class='ocrx_word' id='word_1_523' title='bbox 298 4240 391 4305; x_wconf 77' lang='grc' dir='ltr'>καὶ</span> <span class='ocrx_word' id='word_1_524' title='bbox 419 4238 582 4308; x_wconf 74' lang='grc' dir='ltr'>ψιλὴν</span> <span class='ocrx_word' id='word_1_525' title='bbox 619 4239 929 4308; x_wconf 83' lang='grc' dir='ltr'>μεταθεῖναι</span> <span class='ocrx_word' id='word_1_526' title='bbox 956 4238 1327 4308; x_wconf 80' lang='grc' dir='ltr'>προσηγορίαν</span> <span class='ocrx_word' id='word_1_527' title='bbox 1350 4256 1365 4271; x_wconf 73' lang='grc' dir='ltr'>σ</span> <span class='ocrx_word' id='word_1_528' title='bbox 1400 4238 1571 4292; x_wconf 80' lang='grc' dir='ltr'>ταῦτα</span> <span class='ocrx_word' id='word_1_529' title='bbox 1612 4240 1709 4309; x_wconf 80' lang='grc' dir='ltr'><strong>τὴν</strong></span> <span class='ocrx_word' id='word_1_530' title='bbox 1740 4239 1876 4304; x_wconf 85' lang='grc' dir='ltr'>ὑμε-</span> 
     </span>
    </p>
   </div>
   <div class='ocr_carea' id='block_1_75' title="bbox 294 4326 1879 4398">
    <p class='ocr_par' dir='ltr' id='par_1_75' title="bbox 294 4326 1879 4398">
     <span class='ocr_line' id='line_1_75' title="bbox 294 4326 1879 4398; baseline 0 -18"><span class='ocrx_word' id='word_1_531' title='bbox 294 4329 464 4398; x_wconf 82' lang='grc' dir='ltr'>τέραν</span> <span class='ocrx_word' id='word_1_532' title='bbox 502 4327 762 4395; x_wconf 83' lang='grc' dir='ltr'>ἀναμένει</span> <span class='ocrx_word' id='word_1_533' title='bbox 786 4327 1024 4396; x_wconf 80' lang='grc' dir='ltr'>σπουδήν</span> <span class='ocrx_word' id='word_1_534' title='bbox 1045 4342 1059 4355; x_wconf 87' lang='grc'><strong>·</strong></span> <span class='ocrx_word' id='word_1_535' title='bbox 1091 4326 1262 4380; x_wconf 85' lang='grc' dir='ltr'>ταῦτα</span> <span class='ocrx_word' id='word_1_536' title='bbox 1283 4328 1418 4398; x_wconf 58' lang='grc' dir='ltr'>πρὸς</span> <span class='ocrx_word' id='word_1_537' title='bbox 1436 4329 1609 4398; x_wconf 86' lang='grc' dir='ltr'>πέρας</span> <span class='ocrx_word' id='word_1_538' title='bbox 1633 4328 1879 4395; x_wconf 79' lang='grc' dir='ltr'>ἐνεγκόν-</span> 
     </span>
    </p>
   </div>
   <div class='ocr_carea' id='block_1_76' title="bbox 295 4418 1875 4489">
    <p class='ocr_par' dir='ltr' id='par_1_76' title="bbox 295 4418 1875 4489">
     <span class='ocr_line' id='line_1_76' title="bbox 295 4418 1875 4489; baseline 0 -17"><span class='ocrx_word' id='word_1_539' title='bbox 295 4436 407 4483; x_wconf 86' lang='grc' dir='ltr'>τες,</span> <span class='ocrx_word' id='word_1_540' title='bbox 440 4421 605 4487; x_wconf 69' lang='grc' dir='ltr'>κὰμοὶ</span> <span class='ocrx_word' id='word_1_541' title='bbox 634 4418 913 4488; x_wconf 75' lang='grc' dir='ltr'>χαριεῖσθε</span> <span class='ocrx_word' id='word_1_542' title='bbox 973 4419 1069 4470; x_wconf 78' lang='grc' dir='ltr'><strong>καὶ</strong></span> <span class='ocrx_word' id='word_1_543' title='bbox 1121 4421 1235 4481; x_wconf 90' lang='grc' dir='ltr'>τοῖς</span> <span class='ocrx_word' id='word_1_544' title='bbox 1289 4422 1579 4489; x_wconf 75' lang='grc' dir='ltr'>αἰτήσασιν</span> <span class='ocrx_word' id='word_1_545' title='bbox 1623 4420 1875 4489; x_wconf 78' lang='grc' dir='ltr'>ὑμᾶςδι’</span> 
     </span>
    </p>
   </div>
   <div class='ocr_carea' id='block_1_77' title="bbox 1981 3223 3558 3293">
    <p class='ocr_par' dir='ltr' id='par_1_77' title="bbox 1981 3223 3558 3293">
     <span class='ocr_line' id='line_1_77' title="bbox 1981 3223 3558 3293; baseline 0.001 -15"><span class='ocrx_word' id='word_1_546' title='bbox 1981 3226 2118 3289; x_wconf 86' lang='lat' dir='ltr'><strong>circ,</strong></span> <span class='ocrx_word' id='word_1_547' title='bbox 2162 3227 2256 3278; x_wconf 90' lang='lat' dir='ltr'><strong>sed</strong></span> <span class='ocrx_word' id='word_1_548' title='bbox 2289 3223 2589 3293; x_wconf 66' lang='lat' dir='ltr'><strong>praevenire</strong></span> <span class='ocrx_word' id='word_1_549' title='bbox 2618 3237 2834 3293; x_wconf 77' lang='lat' dir='ltr'><strong>semper</strong></span> <span class='ocrx_word' id='word_1_550' title='bbox 2888 3224 3281 3292; x_wconf 85' lang='lat' dir='ltr'><strong>posterioribus</strong></span> <span class='ocrx_word' id='word_1_551' title='bbox 3313 3226 3558 3293; x_wconf 84' lang='lat' dir='ltr'><strong>priores;</strong></span> 
     </span>
    </p>
   </div>
   <div class='ocr_carea' id='block_1_78' title="bbox 1980 3313 3559 3383">
    <p class='ocr_par' dir='ltr' id='par_1_78' title="bbox 1980 3313 3559 3383">
     <span class='ocr_line' id='line_1_78' title="bbox 1980 3313 3559 3383; baseline 0.001 -14"><span class='ocrx_word' id='word_1_552' title='bbox 1980 3330 2043 3369; x_wconf 87' lang='lat' dir='ltr'><strong>ac</strong></span> <span class='ocrx_word' id='word_1_553' title='bbox 2074 3315 2428 3383; x_wconf 85' lang='lat' dir='ltr'><strong>probabiliter</strong></span> <span class='ocrx_word' id='word_1_554' title='bbox 2456 3315 2599 3370; x_wconf 85' lang='lat' dir='ltr'><strong>inter</strong></span> <span class='ocrx_word' id='word_1_555' title='bbox 2621 3329 2716 3368; x_wconf 80' lang='lat' dir='ltr'><strong>vos</strong></span> <span class='ocrx_word' id='word_1_556' title='bbox 2734 3314 2925 3368; x_wconf 89' lang='lat' dir='ltr'><strong>ridetis</strong></span> <span class='ocrx_word' id='word_1_557' title='bbox 2958 3313 3200 3368; x_wconf 81' lang='lat' dir='ltr'><strong>dicentes</strong></span> <span class='ocrx_word' id='word_1_558' title='bbox 3235 3316 3559 3371; x_wconf 86' lang='lat' dir='ltr'><strong>mihisatius</strong></span> 
     </span>
    </p>
   </div>
   <div class='ocr_carea' id='block_1_79' title="bbox 1979 3405 3560 3477">
    <p class='ocr_par' dir='ltr' id='par_1_79' title="bbox 1979 3405 3560 3477">
     <span class='ocr_line' id='line_1_79' title="bbox 1979 3405 3560 3477; baseline -0.001 -14"><span class='ocrx_word' id='word_1_559' title='bbox 1979 3423 2101 3463; x_wconf 81' lang='lat' dir='ltr'><strong>esse</strong></span> <span class='ocrx_word' id='word_1_560' title='bbox 2125 3408 2285 3462; x_wconf 88' lang='lat' dir='ltr'><strong>silere</strong></span> <span class='ocrx_word' id='word_1_561' title='bbox 2324 3422 2486 3477; x_wconf 87' lang='lat' dir='ltr'><strong>quam</strong></span> <span class='ocrx_word' id='word_1_562' title='bbox 2510 3407 2723 3462; x_wconf 84' lang='lat' dir='ltr'><strong>crebris</strong></span> <span class='ocrx_word' id='word_1_563' title='bbox 2765 3407 3020 3476; x_wconf 89' lang='lat' dir='ltr'><strong>persequi</strong></span> <span class='ocrx_word' id='word_1_564' title='bbox 3055 3422 3148 3461; x_wconf 86' lang='lat' dir='ltr'><strong>vos</strong></span> <span class='ocrx_word' id='word_1_565' title='bbox 3169 3406 3389 3462; x_wconf 90' lang='lat' dir='ltr'><strong>litteris.</strong></span> <span class='ocrx_word' id='word_1_566' title='bbox 3454 3405 3560 3462; x_wconf 82' lang='lat' dir='ltr'><strong>Ve-</strong></span> 
     </span>
    </p>
   </div>
   <div class='ocr_carea' id='block_1_80' title="bbox 1983 3499 3563 3569">
    <p class='ocr_par' dir='ltr' id='par_1_80' title="bbox 1983 3499 3563 3569">
     <span class='ocr_line' id='line_1_80' title="bbox 1983 3499 3563 3569; baseline 0 -15"><span class='ocrx_word' id='word_1_567' title='bbox 1983 3512 2308 3565; x_wconf 82' lang='lat' dir='ltr'><strong>rumtamen,</strong></span> <span class='ocrx_word' id='word_1_568' title='bbox 2335 3501 2549 3554; x_wconf 89' lang='lat' dir='ltr'><strong>etiamsi</strong></span> <span class='ocrx_word' id='word_1_569' title='bbox 2583 3499 2860 3553; x_wconf 78' lang='lat' dir='ltr'><strong>fastidium</strong></span> <span class='ocrx_word' id='word_1_570' title='bbox 2920 3500 3071 3554; x_wconf 88' lang='lat' dir='ltr'><strong>vobis</strong></span> <span class='ocrx_word' id='word_1_571' title='bbox 3112 3510 3362 3569; x_wconf 67' lang='lat' dir='ltr'><strong>praestem</strong></span> <span class='ocrx_word' id='word_1_572' title='bbox 3397 3511 3452 3556; x_wconf 91' lang='lat' dir='ltr'><strong>et</strong></span> <span class='ocrx_word' id='word_1_573' title='bbox 3485 3503 3563 3555; x_wconf 56' lang='lat' dir='ltr'><strong>ri.</strong></span> 
     </span>
    </p>
   </div>
   <div class='ocr_carea' id='block_1_81' title="bbox 1980 3591 3559 3660">
    <p class='ocr_par' dir='ltr' id='par_1_81' title="bbox 1980 3591 3559 3660">
     <span class='ocr_line' id='line_1_81' title="bbox 1980 3591 3559 3660; baseline -0.001 -13"><span class='ocrx_word' id='word_1_574' title='bbox 1980 3608 2099 3647; x_wconf 91' lang='lat' dir='ltr'><strong>sum</strong></span> <span class='ocrx_word' id='word_1_575' title='bbox 2144 3602 2329 3645; x_wconf 89' lang='lat' dir='ltr'><strong>tacere</strong></span> <span class='ocrx_word' id='word_1_576' title='bbox 2356 3605 2462 3644; x_wconf 90' lang='lat' dir='ltr'><strong>non</strong></span> <span class='ocrx_word' id='word_1_577' title='bbox 2511 3599 2721 3660; x_wconf 86' lang='lat' dir='ltr'><strong>potero,</strong></span> <span class='ocrx_word' id='word_1_578' title='bbox 2781 3599 3037 3659; x_wconf 83' lang='lat' dir='ltr'><strong>tauquam</strong></span> <span class='ocrx_word' id='word_1_579' title='bbox 3086 3591 3130 3643; x_wconf 89' lang='lat' dir='ltr'><strong>si</strong></span> <span class='ocrx_word' id='word_1_580' title='bbox 3180 3591 3374 3646; x_wconf 88' lang='lat' dir='ltr'><strong>dicatis</strong></span> <span class='ocrx_word' id='word_1_581' title='bbox 3423 3593 3559 3645; x_wconf 82' lang='lat' dir='ltr'><strong>artis</strong></span> 
     </span>
    </p>
   </div>
   <div class='ocr_carea' id='block_1_82' title="bbox 1978 3680 3555 3753">
    <p class='ocr_par' dir='ltr' id='par_1_82' title="bbox 1978 3680 3555 3753">
     <span class='ocr_line' id='line_1_82' title="bbox 1978 3680 3555 3753; baseline -0.001 -15"><span class='ocrx_word' id='word_1_582' title='bbox 1978 3699 2096 3739; x_wconf 86' lang='lat' dir='ltr'><strong>esse</strong></span> <span class='ocrx_word' id='word_1_583' title='bbox 2122 3698 2337 3753; x_wconf 88' lang='lat' dir='ltr'><strong>semper</strong></span> <span class='ocrx_word' id='word_1_584' title='bbox 2368 3682 2513 3751; x_wconf 83' lang='lat' dir='ltr'><strong>loqui</strong></span> <span class='ocrx_word' id='word_1_585' title='bbox 2562 3690 2716 3736; x_wconf 83' lang='lat' dir='ltr'><strong>extra</strong></span> <span class='ocrx_word' id='word_1_586' title='bbox 2766 3692 2938 3736; x_wconf 87' lang='lat' dir='ltr'><strong>artem</strong></span> <span class='ocrx_word' id='word_1_587' title='bbox 2978 3680 3211 3749; x_wconf 88' lang='lat' dir='ltr'><strong>loquens</strong></span> <span class='ocrx_word' id='word_1_588' title='bbox 3242 3691 3296 3736; x_wconf 89' lang='lat' dir='ltr'><strong>et</strong></span> <span class='ocrx_word' id='word_1_589' title='bbox 3338 3682 3555 3752; x_wconf 87' lang='lat' dir='ltr'><strong>quidem</strong></span> 
     </span>
    </p>
   </div>
   <div class='ocr_carea' id='block_1_83' title="bbox 1975 3771 3555 3844">
    <p class='ocr_par' dir='ltr' id='par_1_83' title="bbox 1975 3771 3555 3844">
     <span class='ocr_line' id='line_1_83' title="bbox 1975 3771 3555 3844; baseline 0.001 -19"><span class='ocrx_word' id='word_1_590' title='bbox 1975 3774 2167 3844; x_wconf 86' lang='lat' dir='ltr'><strong>.agitur</strong></span> <span class='ocrx_word' id='word_1_591' title='bbox 2197 3788 2342 3828; x_wconf 87' lang='lat' dir='ltr'><strong>nunc</strong></span> <span class='ocrx_word' id='word_1_592' title='bbox 2376 3774 2443 3827; x_wconf 83' lang='lat' dir='ltr'><strong>de</strong></span> <span class='ocrx_word' id='word_1_593' title='bbox 2499 3787 2557 3825; x_wconf 91' lang='lat' dir='ltr'><strong>re</strong></span> <span class='ocrx_word' id='word_1_594' title='bbox 2596 3774 2662 3826; x_wconf 89' lang='lat' dir='ltr'><strong>ad</strong></span> <span class='ocrx_word' id='word_1_595' title='bbox 2700 3786 2875 3825; x_wconf 89' lang='lat' dir='ltr'><strong>meam</strong></span> <span class='ocrx_word' id='word_1_596' title='bbox 2910 3771 3197 3825; x_wconf 84' lang='lat' dir='ltr'><strong>utilitatem</strong></span> <span class='ocrx_word' id='word_1_597' title='bbox 3249 3784 3555 3839; x_wconf 83' lang='lat' dir='ltr'><strong>speetante.</strong></span> 
     </span>
    </p>
   </div>
   <div class='ocr_carea' id='block_1_84' title="bbox 1980 3863 3556 3933">
    <p class='ocr_par' dir='ltr' id='par_1_84' title="bbox 1980 3863 3556 3933">
     <span class='ocr_line' id='line_1_84' title="bbox 1980 3863 3556 3933; baseline 0.001 -15"><span class='ocrx_word' id='word_1_598' title='bbox 1980 3864 2194 3920; x_wconf 86' lang='lat' dir='ltr'><strong>Etenim</strong></span> <span class='ocrx_word' id='word_1_599' title='bbox 2233 3866 2332 3919; x_wconf 87' lang='lat' dir='ltr'><strong>viri</strong></span> <span class='ocrx_word' id='word_1_600' title='bbox 2368 3866 2509 3933; x_wconf 88' lang='lat' dir='ltr'><strong>apud</strong></span> <span class='ocrx_word' id='word_1_601' title='bbox 2539 3878 2638 3918; x_wconf 91' lang='lat' dir='ltr'><strong>nos</strong></span> <span class='ocrx_word' id='word_1_602' title='bbox 2667 3863 2824 3920; x_wconf 83' lang='lat' dir='ltr'><strong>electi</strong></span> <span class='ocrx_word' id='word_1_603' title='bbox 2872 3864 3145 3917; x_wconf 88' lang='lat' dir='ltr'><strong>communi</strong></span> <span class='ocrx_word' id='word_1_604' title='bbox 3204 3879 3288 3917; x_wconf 91' lang='lat' dir='ltr'><strong>me</strong></span> <span class='ocrx_word' id='word_1_605' title='bbox 3335 3866 3556 3919; x_wconf 89' lang='lat' dir='ltr'><strong>decreto</strong></span> 
     </span>
    </p>
   </div>
   <div class='ocr_carea' id='block_1_85' title="bbox 1979 3955 3550 4028">
    <p class='ocr_par' dir='ltr' id='par_1_85' title="bbox 1979 3955 3550 4028">
     <span class='ocr_line' id='line_1_85' title="bbox 1979 3955 3550 4028; baseline -0.003 -16"><span class='ocrx_word' id='word_1_606' title='bbox 1979 3974 2228 4027; x_wconf 85' lang='lat' dir='ltr'><strong>suprema</strong></span> <span class='ocrx_word' id='word_1_607' title='bbox 2260 3960 2553 4028; x_wconf 86' lang='lat' dir='ltr'><strong>dignantur</strong></span> <span class='ocrx_word' id='word_1_608' title='bbox 2578 3957 2941 4011; x_wconf 74' lang='lat' dir='ltr'><strong>auctoritate:</strong></span> <span class='ocrx_word' id='word_1_609' title='bbox 2967 3955 3120 4023; x_wconf 82' lang='lat' dir='ltr'><strong>cujus</strong></span> <span class='ocrx_word' id='word_1_610' title='bbox 3145 3955 3364 4023; x_wconf 86' lang='lat' dir='ltr'><strong>quidem</strong></span> <span class='ocrx_word' id='word_1_611' title='bbox 3389 3971 3550 4010; x_wconf 77' lang='lat' dir='ltr'><strong>eser-</strong></span> 
     </span>
    </p>
   </div>
   <div class='ocr_carea' id='block_1_86' title="bbox 1979 4036 3556 4117">
    <p class='ocr_par' dir='ltr' id='par_1_86' title="bbox 1979 4036 3556 4117">
     <span class='ocr_line' id='line_1_86' title="bbox 1979 4036 3556 4117; baseline -0.001 -12"><span class='ocrx_word' id='word_1_612' title='bbox 1979 4052 2163 4105; x_wconf 83' lang='lat' dir='ltr'><strong>citinm</strong></span> <span class='ocrx_word' id='word_1_613' title='bbox 2200 4051 2355 4105; x_wconf 82' lang='lat' dir='ltr'><strong>facile</strong></span> <span class='ocrx_word' id='word_1_614' title='bbox 2390 4062 2496 4113; x_wconf 87' lang='lat' dir='ltr'><strong>est,</strong></span> <span class='ocrx_word' id='word_1_615' title='bbox 2525 4064 2589 4103; x_wconf 89' lang='lat' dir='ltr'><strong>ac</strong></span> <span class='ocrx_word' id='word_1_616' title='bbox 2616 4049 2892 4104; x_wconf 63' lang='lat' dir='ltr'><strong>meliorem</strong></span> <span class='ocrx_word' id='word_1_617' title='bbox 2926 4036 3084 4102; x_wconf 72' lang='lat' dir='ltr'><strong>&#39;milii</strong></span> <span class='ocrx_word' id='word_1_618' title='bbox 3128 4048 3328 4102; x_wconf 88' lang='lat' dir='ltr'><strong>victum</strong></span> <span class='ocrx_word' id='word_1_619' title='bbox 3379 4057 3556 4117; x_wconf 89' lang='lat' dir='ltr'><strong>potest</strong></span> 
     </span>
    </p>
   </div>
   <div class='ocr_carea' id='block_1_87' title="bbox 1977 4138 3555 4211">
    <p class='ocr_par' dir='ltr' id='par_1_87' title="bbox 1977 4138 3555 4211">
     <span class='ocr_line' id='line_1_87' title="bbox 1977 4138 3555 4211; baseline -0.001 -16"><span class='ocrx_word' id='word_1_620' title='bbox 1977 4141 2352 4211; x_wconf 88' lang='lat' dir='ltr'><strong>suppeditare;</strong></span> <span class='ocrx_word' id='word_1_621' title='bbox 2384 4151 2579 4207; x_wconf 75' lang='lat' dir='ltr'><strong>r0gant</strong></span> <span class='ocrx_word' id='word_1_622' title='bbox 2605 4155 2734 4194; x_wconf 89' lang='lat' dir='ltr'><strong>vero</strong></span> <span class='ocrx_word' id='word_1_623' title='bbox 2776 4140 3030 4206; x_wconf 86' lang='lat' dir='ltr'><strong>antiquas</strong></span> <span class='ocrx_word' id='word_1_624' title='bbox 3077 4138 3386 4194; x_wconf 76' lang='lat' dir='ltr'><strong>conﬁrmari</strong></span> <span class='ocrx_word' id='word_1_625' title='bbox 3422 4153 3555 4208; x_wconf 83' lang='lat' dir='ltr'><strong>pen-</strong></span> 
     </span>
    </p>
   </div>
   <div class='ocr_carea' id='block_1_88' title="bbox 1977 4228 3552 4300">
    <p class='ocr_par' dir='ltr' id='par_1_88' title="bbox 1977 4228 3552 4300">
     <span class='ocr_line' id='line_1_88' title="bbox 1977 4228 3552 4300; baseline 0 -15"><span class='ocrx_word' id='word_1_626' title='bbox 1977 4231 2158 4286; x_wconf 81' lang='lat' dir='ltr'><strong>siones</strong></span> <span class='ocrx_word' id='word_1_627' title='bbox 2196 4233 2259 4286; x_wconf 89' lang='lat' dir='ltr'><strong>iis</strong></span> <span class='ocrx_word' id='word_1_628' title='bbox 2280 4232 2370 4300; x_wconf 88' lang='lat' dir='ltr'><strong>qui</strong></span> <span class='ocrx_word' id='word_1_629' title='bbox 2396 4238 2736 4296; x_wconf 86' lang='lat' dir='ltr'><strong>receperunt,</strong></span> <span class='ocrx_word' id='word_1_630' title='bbox 2765 4239 2820 4284; x_wconf 88' lang='lat' dir='ltr'><strong>et</strong></span> <span class='ocrx_word' id='word_1_631' title='bbox 2851 4228 3153 4300; x_wconf 86' lang='lat' dir='ltr'><strong>simplicius</strong></span> <span class='ocrx_word' id='word_1_632' title='bbox 3206 4231 3401 4285; x_wconf 82' lang='lat' dir='ltr'><strong>mutari</strong></span> <span class='ocrx_word' id='word_1_633' title='bbox 3452 4244 3552 4285; x_wconf 77' lang='lat' dir='ltr'><strong>uo-</strong></span> 
     </span>
    </p>
   </div>
   <div class='ocr_carea' id='block_1_89' title="bbox 1980 4321 3554 4390">
    <p class='ocr_par' dir='ltr' id='par_1_89' title="bbox 1980 4321 3554 4390">
     <span class='ocr_line' id='line_1_89' title="bbox 1980 4321 3554 4390; baseline -0.001 -15"><span class='ocrx_word' id='word_1_634' title='bbox 1980 4336 2122 4375; x_wconf 88' lang='lat' dir='ltr'><strong>men.</strong></span> <span class='ocrx_word' id='word_1_635' title='bbox 2168 4321 2221 4375; x_wconf 91' lang='lat' dir='ltr'><strong>Id</strong></span> <span class='ocrx_word' id='word_1_636' title='bbox 2248 4332 2475 4375; x_wconf 83' lang='lat' dir='ltr'><strong>vestram</strong></span> <span class='ocrx_word' id='word_1_637' title='bbox 2515 4329 2698 4375; x_wconf 88' lang='lat' dir='ltr'><strong>manet</strong></span> <span class='ocrx_word' id='word_1_638' title='bbox 2740 4335 2927 4375; x_wconf 88' lang='lat' dir='ltr'><strong>curam</strong></span> <span class='ocrx_word' id='word_1_639' title='bbox 2958 4336 2971 4373; x_wconf 92' lang='lat'><strong>:</strong></span> <span class='ocrx_word' id='word_1_640' title='bbox 3006 4321 3107 4373; x_wconf 83' lang='lat' dir='ltr'><strong>lioe</strong></span> <span class='ocrx_word' id='word_1_641' title='bbox 3152 4321 3424 4390; x_wconf 82' lang='lat' dir='ltr'><strong>negotium</strong></span> <span class='ocrx_word' id='word_1_642' title='bbox 3487 4322 3554 4374; x_wconf 87' lang='lat' dir='ltr'><strong>ad</strong></span> 
     </span>
    </p>
   </div>
   <div class='ocr_carea' id='block_1_90' title="bbox 1981 4411 3552 4480">
    <p class='ocr_par' dir='ltr' id='par_1_90' title="bbox 1981 4411 3552 4480">
     <span class='ocr_line' id='line_1_90' title="bbox 1981 4411 3552 4480; baseline 0.002 -15"><span class='ocrx_word' id='word_1_643' title='bbox 1981 4412 2139 4466; x_wconf 77' lang='lat' dir='ltr'><strong>tinem</strong></span> <span class='ocrx_word' id='word_1_644' title='bbox 2165 4413 2448 4475; x_wconf 85' lang='lat' dir='ltr'><strong>ducentes,</strong></span> <span class='ocrx_word' id='word_1_645' title='bbox 2504 4421 2815 4480; x_wconf 86' lang='lat' dir='ltr'><strong>pergratum</strong></span> <span class='ocrx_word' id='word_1_646' title='bbox 2848 4411 3060 4465; x_wconf 78' lang='lat' dir='ltr'><strong>facietis</strong></span> <span class='ocrx_word' id='word_1_647' title='bbox 3099 4422 3155 4466; x_wconf 88' lang='lat' dir='ltr'><strong>et</strong></span> <span class='ocrx_word' id='word_1_648' title='bbox 3202 4413 3332 4466; x_wconf 83' lang='lat' dir='ltr'><strong>milii</strong></span> <span class='ocrx_word' id='word_1_649' title='bbox 3369 4422 3423 4468; x_wconf 91' lang='lat' dir='ltr'><strong>et</strong></span> <span class='ocrx_word' id='word_1_650' title='bbox 3451 4414 3552 4468; x_wconf 81' lang='lat' dir='ltr'><strong>illis</strong></span> 
     </span>
    </p>
   </div>
   <div class='ocr_carea' id='block_1_91' title="bbox 297 4503 1974 4580">
    <p class='ocr_par' dir='ltr' id='par_1_91' title="bbox 297 4507 1950 4580">
     <span class='ocr_line' id='line_1_91' title="bbox 297 4507 1950 4580; baseline 0.002 -20"><span class='ocrx_word' id='word_1_651' title='bbox 297 4508 435 4578; x_wconf 79' lang='grc' dir='ltr'>ἐμοῦ</span> <span class='ocrx_word' id='word_1_652' title='bbox 459 4524 472 4538; x_wconf 90' lang='grc'><strong>·</strong></span> <span class='ocrx_word' id='word_1_653' title='bbox 508 4512 556 4561; x_wconf 80' lang='grc' dir='ltr'><strong>εί</strong></span> <span class='ocrx_word' id='word_1_654' title='bbox 587 4508 642 4560; x_wconf 83' lang='grc' dir='ltr'>δὲ</span> <span class='ocrx_word' id='word_1_655' title='bbox 673 4507 847 4561; x_wconf 88' lang='grc' dir='ltr'>ταῦτα</span> <span class='ocrx_word' id='word_1_656' title='bbox 879 4508 1180 4580; x_wconf 78' lang='grc' dir='ltr'>παρίδοιτε,</span> <span class='ocrx_word' id='word_1_657' title='bbox 1225 4508 1389 4561; x_wconf 79' lang='grc' dir='ltr'>διπλᾶ</span> <span class='ocrx_word' id='word_1_658' title='bbox 1445 4527 1535 4578; x_wconf 91' lang='grc' dir='ltr'><strong>μοι</strong></span> <span class='ocrx_word' id='word_1_659' title='bbox 1587 4511 1874 4580; x_wconf 62' lang='grc' dir='ltr'>συμϐαίνει</span> <span class='ocrx_word' id='word_1_660' title='bbox 1908 4508 1950 4563; x_wconf 88' lang='lat' dir='ltr'>D</span> 
     </span>
    </p>
   </div>
   <div class='ocr_carea' id='block_1_92' title="bbox 1874 4503 3551 4580">
    <p class='ocr_par' dir='ltr' id='par_1_92' title="bbox 1908 4503 3551 4574">
     <span class='ocr_line' id='line_1_92' title="bbox 1908 4503 3551 4574; baseline 0.001 -17"><span class='ocrx_word' id='word_1_661' title='bbox 1908 4508 1950 4563; x_wconf 88' lang='lat' dir='ltr'>D</span> <span class='ocrx_word' id='word_1_662' title='bbox 1981 4507 2069 4573; x_wconf 91' lang='lat' dir='ltr'><strong>qui</strong></span> <span class='ocrx_word' id='word_1_663' title='bbox 2114 4520 2209 4574; x_wconf 87' lang='lat' dir='ltr'><strong>per</strong></span> <span class='ocrx_word' id='word_1_664' title='bbox 2240 4521 2326 4558; x_wconf 86' lang='lat' dir='ltr'><strong>me</strong></span> <span class='ocrx_word' id='word_1_665' title='bbox 2352 4504 2672 4558; x_wconf 86' lang='lat' dir='ltr'><strong>sollicitant.</strong></span> <span class='ocrx_word' id='word_1_666' title='bbox 2720 4504 2776 4557; x_wconf 87' lang='lat' dir='ltr'><strong>Si</strong></span> <span class='ocrx_word' id='word_1_667' title='bbox 2815 4518 2944 4557; x_wconf 76' lang='lat' dir='ltr'><strong>vero</strong></span> <span class='ocrx_word' id='word_1_668' title='bbox 2996 4503 3304 4572; x_wconf 77' lang='lat' dir='ltr'><strong>negligatis,</strong></span> <span class='ocrx_word' id='word_1_669' title='bbox 3356 4504 3551 4574; x_wconf 85' lang='lat' dir='ltr'><strong>dupch</strong></span> 
     </span>
    </p>
   </div>
   <div class='ocr_carea' id='block_1_93' title="bbox 298 4596 1872 4667">
    <p class='ocr_par' dir='ltr' id='par_1_93' title="bbox 298 4596 1872 4667">
     <span class='ocr_line' id='line_1_93' title="bbox 298 4596 1872 4667; baseline 0.003 -19"><span class='ocrx_word' id='word_1_670' title='bbox 298 4596 513 4661; x_wconf 84' lang='grc' dir='ltr'>παθεῖν,</span> <span class='ocrx_word' id='word_1_671' title='bbox 576 4597 667 4649; x_wconf 71' lang='grc' dir='ltr'><strong>καὶ</strong></span> <span class='ocrx_word' id='word_1_672' title='bbox 699 4596 759 4648; x_wconf 84' lang='grc' dir='ltr'><strong>τὸ</strong></span> <span class='ocrx_word' id='word_1_673' title='bbox 811 4596 887 4667; x_wconf 80' lang='grc' dir='ltr'>μὴ</span> <span class='ocrx_word' id='word_1_674' title='bbox 922 4600 1105 4666; x_wconf 86' lang='grc' dir='ltr'>τυχεῖν</span> <span class='ocrx_word' id='word_1_675' title='bbox 1139 4597 1242 4667; x_wconf 82' lang='grc' dir='ltr'>τῆς</span> <span class='ocrx_word' id='word_1_676' title='bbox 1279 4598 1514 4662; x_wconf 79' lang='grc' dir='ltr'>ἐλπίδος,</span> <span class='ocrx_word' id='word_1_677' title='bbox 1569 4600 1663 4652; x_wconf 65' lang='grc' dir='ltr'><strong>καὶ⁹</strong></span> <span class='ocrx_word' id='word_1_678' title='bbox 1712 4601 1775 4653; x_wconf 77' lang='grc' dir='ltr'><strong>τὸ</strong></span> <span class='ocrx_word' id='word_1_679' title='bbox 1806 4602 1872 4653; x_wconf 86' lang='grc' dir='ltr'>δι’</span> 
     </span>
    </p>
   </div>
   <div class='ocr_carea' id='block_1_94' title="bbox 296 4683 1876 4761">
    <p class='ocr_par' dir='ltr' id='par_1_94' title="bbox 296 4683 1876 4761">
     <span class='ocr_line' id='line_1_94' title="bbox 296 4683 1876 4761; baseline 0.003 -22"><span class='ocrx_word' id='word_1_680' title='bbox 296 4688 452 4756; x_wconf 88' lang='grc' dir='ltr'>ὑμῶν</span> <span class='ocrx_word' id='word_1_681' title='bbox 484 4687 560 4758; x_wconf 81' lang='grc' dir='ltr'>μὴ</span> <span class='ocrx_word' id='word_1_682' title='bbox 590 4691 771 4758; x_wconf 85' lang='grc' dir='ltr'>τυχεῖν</span> <span class='ocrx_word' id='word_1_683' title='bbox 793 4704 806 4719; x_wconf 87' lang='grc'>·</span> <span class='ocrx_word' id='word_1_684' title='bbox 838 4683 914 4741; x_wconf 79' lang='grc' dir='ltr'>ὧν</span> <span class='ocrx_word' id='word_1_685' title='bbox 946 4689 1007 4740; x_wconf 87' lang='grc' dir='ltr'><strong>τὸ</strong></span> <span class='ocrx_word' id='word_1_686' title='bbox 1039 4688 1137 4758; x_wconf 82' lang='grc' dir='ltr'>μὲν</span> <span class='ocrx_word' id='word_1_687' title='bbox 1176 4690 1459 4759; x_wconf 82' lang='grc' dir='ltr'>αἰσχύνην.</span> <span class='ocrx_word' id='word_1_688' title='bbox 1496 4692 1556 4742; x_wconf 69' lang='grc' dir='ltr'>τὸ</span> <span class='ocrx_word' id='word_1_689' title='bbox 1587 4690 1644 4743; x_wconf 81' lang='grc' dir='ltr'><strong>δὲ</strong></span> <span class='ocrx_word' id='word_1_690' title='bbox 1673 4692 1876 4761; x_wconf 75' lang='grc' dir='ltr'>ζημίαν</span> 
     </span>
    </p>
   </div>
   <div class='ocr_carea' id='block_1_95' title="bbox 294 4778 1871 4851">
    <p class='ocr_par' dir='ltr' id='par_1_95' title="bbox 294 4778 1871 4851">
     <span class='ocr_line' id='line_1_95' title="bbox 294 4778 1871 4851; baseline 0.003 -18"><span class='ocrx_word' id='word_1_691' title='bbox 294 4778 619 4849; x_wconf 76' lang='grc' dir='ltr'>ὲργάζεται’</span> <span class='ocrx_word' id='word_1_692' title='bbox 651 4779 766 4832; x_wconf 83' lang='grc' dir='ltr'>ἀλλ’</span> <span class='ocrx_word' id='word_1_693' title='bbox 796 4780 1167 4849; x_wconf 72' lang='grc' dir='ltr'>εὐτυχήσομεν</span> <span class='ocrx_word' id='word_1_694' title='bbox 1197 4782 1430 4845; x_wconf 83' lang='grc' dir='ltr'>πάντως,</span> <span class='ocrx_word' id='word_1_695' title='bbox 1451 4781 1585 4835; x_wconf 80' lang='grc' dir='ltr'>Θεοῦ</span> <span class='ocrx_word' id='word_1_696' title='bbox 1612 4784 1711 4851; x_wconf 77' lang='grc' dir='ltr'><strong>μὲν</strong></span> <span class='ocrx_word' id='word_1_697' title='bbox 1739 4786 1871 4838; x_wconf 77' lang='grc' dir='ltr'>ἄνω-</span> 
     </span>
    </p>
   </div>
   <div class='ocr_carea' id='block_1_96' title="bbox 296 4870 1879 4948">
    <p class='ocr_par' dir='ltr' id='par_1_96' title="bbox 296 4870 1879 4948">
     <span class='ocr_line' id='line_1_96' title="bbox 296 4870 1879 4948; baseline 0.003 -23"><span class='ocrx_word' id='word_1_698' title='bbox 296 4873 389 4925; x_wconf 83' lang='grc' dir='ltr'><strong>θεν</strong></span> <span class='ocrx_word' id='word_1_699' title='bbox 409 4872 774 4937; x_wconf 84' lang='grc' dir='ltr'>ὲπινεὺοντος,</span> <span class='ocrx_word' id='word_1_700' title='bbox 805 4873 958 4942; x_wconf 86' lang='grc' dir='ltr'>ὑμῶν</span> <span class='ocrx_word' id='word_1_701' title='bbox 978 4874 1034 4925; x_wconf 86' lang='grc' dir='ltr'>δὲ</span> <span class='ocrx_word' id='word_1_702' title='bbox 1059 4873 1447 4927; x_wconf 78' lang='grc' dir='ltr'>διακονούντων</span> <span class='ocrx_word' id='word_1_703' title='bbox 1476 4870 1541 4945; x_wconf 78' lang='grc' dir='ltr'>τῇ</span> <span class='ocrx_word' id='word_1_704' title='bbox 1571 4878 1751 4946; x_wconf 75' lang='grc' dir='ltr'>χρείᾳ,</span> <span class='ocrx_word' id='word_1_705' title='bbox 1774 4879 1879 4948; x_wconf 65' lang='grc' dir='ltr'><strong>ψη-</strong></span> 
     </span>
    </p>
   </div>
   <div class='ocr_carea' id='block_1_97' title="bbox 741 4964 765 4975">
    <p class='ocr_par' dir='ltr' id='par_1_97' title="bbox 741 4964 765 4975">
     <span class='ocr_line' id='line_1_97' title="bbox 741 4964 765 4975; baseline 0 0"><span class='ocrx_word' id='word_1_706' title='bbox 741 4964 765 4975; x_wconf 57' lang='grc' dir='ltr'><strong>α</strong></span> 
     </span>
    </p>
   </div>
   <div class='ocr_carea' id='block_1_98' title="bbox 293 4964 1332 5035">
    <p class='ocr_par' dir='ltr' id='par_1_98' title="bbox 293 4964 1332 5035">
     <span class='ocr_line' id='line_1_98' title="bbox 293 4964 1332 5035; baseline 0.003 -21"><span class='ocrx_word' id='word_1_707' title='bbox 293 4964 596 5035; x_wconf 75' lang='grc' dir='ltr'>φιζομένης</span> <span class='ocrx_word' id='word_1_708' title='bbox 626 4964 681 5017; x_wconf 82' lang='grc' dir='ltr'>δὲ</span> <span class='ocrx_word' id='word_1_709' title='bbox 708 4964 805 5033; x_wconf 74' lang='grc' dir='ltr'>τῆς</span> <span class='ocrx_word' id='word_1_710' title='bbox 847 4964 1108 5034; x_wconf 79' lang='grc' dir='ltr'>μεγίστης</span> <span class='ocrx_word' id='word_1_711' title='bbox 1137 4964 1332 5033; x_wconf 70' lang='grc' dir='ltr'>ἀρχῆς.</span> 
     </span>
    </p>
   </div>
   <div class='ocr_carea' id='block_1_99' title="bbox 738 5140 1374 5197">
    <p class='ocr_par' dir='ltr' id='par_1_99' title="bbox 738 5140 1374 5197">
     <span class='ocr_line' id='line_1_99' title="bbox 738 5140 1374 5197; baseline 0 -4"><span class='ocrx_word' id='word_1_712' title='bbox 738 5142 872 5197; x_wconf 81' lang='lat' dir='ltr'><strong>NA’.</strong></span> <span class='ocrx_word' id='word_1_713' title='bbox 917 5142 1073 5195; x_wconf 84' lang='grc' dir='ltr'><strong>ΤΟΙΣ</strong></span> <span class='ocrx_word' id='word_1_714' title='bbox 1105 5140 1374 5193; x_wconf 77' lang='grc' dir='ltr'><strong>ΔΥΤΟΙΣ.</strong></span> 
     </span>
    </p>
   </div>
   <div class='ocr_carea' id='block_1_100' title="bbox 366 5232 1870 5305">
    <p class='ocr_par' dir='ltr' id='par_1_100' title="bbox 366 5232 1870 5305">
     <span class='ocr_line' id='line_1_100' title="bbox 366 5232 1870 5305; baseline -0.001 -16"><span class='ocrx_word' id='word_1_715' title='bbox 366 5236 633 5289; x_wconf 82' lang='grc' dir='ltr'>Τοσοῦτον</span> <span class='ocrx_word' id='word_1_716' title='bbox 662 5236 810 5305; x_wconf 81' lang='grc' dir='ltr'>ἡμᾶς</span> <span class='ocrx_word' id='word_1_717' title='bbox 839 5235 901 5287; x_wconf 85' lang='grc' dir='ltr'>τὸ</span> <span class='ocrx_word' id='word_1_718' title='bbox 928 5237 1090 5304; x_wconf 85' lang='grc' dir='ltr'>τάχος</span> <span class='ocrx_word' id='word_1_719' title='bbox 1112 5234 1422 5304; x_wconf 79' lang='grc' dir='ltr'>κατέπληξε</span> <span class='ocrx_word' id='word_1_720' title='bbox 1446 5232 1543 5303; x_wconf 74' lang='grc' dir='ltr'><strong>τῆς</strong></span> <span class='ocrx_word' id='word_1_721' title='bbox 1600 5234 1870 5305; x_wconf 87' lang='grc' dir='ltr'>ὑμετέρας</span> 
     </span>
    </p>
   </div>
   <div class='ocr_carea' id='block_1_101' title="bbox 293 5321 1872 5403">
    <p class='ocr_par' dir='ltr' id='par_1_101' title="bbox 293 5321 1872 5403">
     <span class='ocr_line' id='line_1_101' title="bbox 293 5321 1872 5403; baseline -0.004 -15"><span class='ocrx_word' id='word_1_722' title='bbox 293 5333 557 5403; x_wconf 83' lang='grc' dir='ltr'>σπουδῆς,</span> <span class='ocrx_word' id='word_1_723' title='bbox 609 5333 683 5394; x_wconf 86' lang='grc' dir='ltr'>ὠς</span> <span class='ocrx_word' id='word_1_724' title='bbox 723 5332 820 5394; x_wconf 82' lang='grc' dir='ltr'>τὰς</span> <span class='ocrx_word' id='word_1_725' title='bbox 851 5331 1062 5401; x_wconf 77' lang='grc' dir='ltr'>ἡμέρας</span> <span class='ocrx_word' id='word_1_726' title='bbox 1100 5330 1357 5399; x_wconf 85' lang='grc' dir='ltr'>ἀριθμεῖν</span> <span class='ocrx_word' id='word_1_727' title='bbox 1401 5329 1459 5393; x_wconf 80' lang='grc' dir='ltr'><strong>ἐξ</strong></span> <span class='ocrx_word' id='word_1_728' title='bbox 1482 5321 1544 5383; x_wconf 79' lang='grc' dir='ltr'><strong>οὑ</strong></span> <span class='ocrx_word' id='word_1_729' title='bbox 1574 5330 1872 5400; x_wconf 81' lang='grc' dir='ltr'>πεπόμφα-</span> 
     </span>
    </p>
   </div>
   <div class='ocr_carea' id='block_1_102' title="bbox 294 5422 1871 5499">
    <p class='ocr_par' dir='ltr' id='par_1_102' title="bbox 294 5422 1871 5499">
     <span class='ocr_line' id='line_1_102' title="bbox 294 5422 1871 5499; baseline -0.003 -19"><span class='ocrx_word' id='word_1_730' title='bbox 294 5444 395 5499; x_wconf 77' lang='grc' dir='ltr'><strong>μεν</strong></span> <span class='ocrx_word' id='word_1_731' title='bbox 427 5424 498 5479; x_wconf 75' lang='grc' dir='ltr'>τὰ</span> <span class='ocrx_word' id='word_1_732' title='bbox 531 5425 880 5493; x_wconf 70' lang='grc' dir='ltr'>ψηφίσματα,</span> <span class='ocrx_word' id='word_1_733' title='bbox 915 5424 1006 5475; x_wconf 78' lang='grc' dir='ltr'><strong>καὶ</strong></span> <span class='ocrx_word' id='word_1_734' title='bbox 1044 5422 1242 5491; x_wconf 84' lang='grc' dir='ltr'>μικροῦ</span> <span class='ocrx_word' id='word_1_735' title='bbox 1272 5422 1381 5474; x_wconf 84' lang='grc' dir='ltr'>δεῖν</span> <span class='ocrx_word' id='word_1_736' title='bbox 1413 5422 1558 5490; x_wconf 79' lang='grc' dir='ltr'>ὑμᾶς</span> <span class='ocrx_word' id='word_1_737' title='bbox 1604 5422 1871 5484; x_wconf 82' lang='grc' dir='ltr'>νικῶντας</span> 
     </span>
    </p>
   </div>
   <div class='ocr_carea' id='block_1_103' title="bbox 293 5511 1871 5586">
    <p class='ocr_par' dir='ltr' id='par_1_103' title="bbox 293 5511 1871 5586">
     <span class='ocr_line' id='line_1_103' title="bbox 293 5511 1871 5586; baseline -0.005 -15"><span class='ocrx_word' id='word_1_738' title='bbox 293 5518 381 5572; x_wconf 86' lang='grc' dir='ltr'><strong>τὸν</strong></span> <span class='ocrx_word' id='word_1_739' title='bbox 420 5518 611 5586; x_wconf 82' lang='grc' dir='ltr'>χρόνον</span> <span class='ocrx_word' id='word_1_740' title='bbox 643 5516 822 5582; x_wconf 80' lang='grc' dir='ltr'>εὑρεῖν</span> <span class='ocrx_word' id='word_1_741' title='bbox 846 5529 860 5543; x_wconf 85' lang='lat'><strong><em>°</em></strong></span> <span class='ocrx_word' id='word_1_742' title='bbox 911 5511 1164 5565; x_wconf 78' lang='grc' dir='ltr'>τοσοῦτόν</span> <span class='ocrx_word' id='word_1_743' title='bbox 1194 5514 1342 5564; x_wconf 76' lang='grc' dir='ltr'>ἐστιν</span> <span class='ocrx_word' id='word_1_744' title='bbox 1377 5512 1598 5579; x_wconf 87' lang='grc' dir='ltr'>ἀγαθῶν</span> <span class='ocrx_word' id='word_1_745' title='bbox 1627 5512 1871 5581; x_wconf 80' lang='grc' dir='ltr'>ἀδελφῶν</span> 
     </span>
    </p>
   </div>
   <div class='ocr_carea' id='block_1_104' title="bbox 290 5603 1870 5680">
    <p class='ocr_par' dir='ltr' id='par_1_104' title="bbox 290 5603 1870 5680">
     <span class='ocr_line' id='line_1_104' title="bbox 290 5603 1870 5680; baseline -0.001 -18"><span class='ocrx_word' id='word_1_746' title='bbox 290 5606 686 5680; x_wconf 84' lang='grc' dir='ltr'>περιάχοεσθαι</span> <span class='ocrx_word' id='word_1_747' title='bbox 717 5605 944 5676; x_wconf 80' lang='grc' dir='ltr'>σπουδῇ,</span> <span class='ocrx_word' id='word_1_748' title='bbox 994 5603 1186 5674; x_wconf 81' lang='grc' dir='ltr'>κέρδος</span> <span class='ocrx_word' id='word_1_749' title='bbox 1247 5604 1567 5675; x_wconf 82' lang='grc' dir='ltr'>ἡγουμένων</span> <span class='ocrx_word' id='word_1_750' title='bbox 1623 5605 1768 5674; x_wconf 75' lang='grc' dir='ltr'>ἅπερ</span> <span class='ocrx_word' id='word_1_751' title='bbox 1804 5605 1870 5660; x_wconf 80' lang='grc' dir='ltr'><strong>ἀν</strong></span> 
     </span>
    </p>
   </div>
   <div class='ocr_carea' id='block_1_105' title="bbox 292 5696 1868 5773">
    <p class='ocr_par' dir='ltr' id='par_1_105' title="bbox 292 5696 1868 5773">
     <span class='ocr_line' id='line_1_105' title="bbox 292 5696 1868 5773; baseline -0.005 -17"><span class='ocrx_word' id='word_1_752' title='bbox 292 5703 545 5773; x_wconf 81' lang='grc' dir='ltr'>ἀλλήλοις</span> <span class='ocrx_word' id='word_1_753' title='bbox 566 5702 701 5773; x_wconf 76' lang='grc' dir='ltr'>πρὸς</span> <span class='ocrx_word' id='word_1_754' title='bbox 723 5700 989 5768; x_wconf 79' lang='grc' dir='ltr'>εὐθυμίαν</span> <span class='ocrx_word' id='word_1_755' title='bbox 1015 5697 1345 5768; x_wconf 88' lang='grc' dir='ltr'>πορίσωνται</span> <span class='ocrx_word' id='word_1_756' title='bbox 1370 5712 1385 5727; x_wconf 74' lang='grc'><strong>⁸</strong></span> <span class='ocrx_word' id='word_1_757' title='bbox 1420 5696 1480 5748; x_wconf 74' lang='grc' dir='ltr'>τὸ</span> <span class='ocrx_word' id='word_1_758' title='bbox 1504 5696 1559 5748; x_wconf 82' lang='grc' dir='ltr'>δὲ</span> <span class='ocrx_word' id='word_1_759' title='bbox 1589 5696 1685 5748; x_wconf 81' lang='grc' dir='ltr'>καὶ</span> <span class='ocrx_word' id='word_1_760' title='bbox 1710 5697 1868 5765; x_wconf 83' lang='grc' dir='ltr'>νικῆ-</span> 
     </span>
    </p>
   </div>
   <div class='ocr_carea' id='block_1_106' title="bbox 295 5787 1868 5863">
    <p class='ocr_par' dir='ltr' id='par_1_106' title="bbox 295 5787 1868 5863">
     <span class='ocr_line' id='line_1_106' title="bbox 295 5787 1868 5863; baseline -0.005 -14"><span class='ocrx_word' id='word_1_761' title='bbox 295 5812 387 5849; x_wconf 84' lang='grc' dir='ltr'><strong>σαι</strong></span> <span class='ocrx_word' id='word_1_762' title='bbox 406 5794 515 5849; x_wconf 87' lang='grc' dir='ltr'><strong>τῶν</strong></span> <span class='ocrx_word' id='word_1_763' title='bbox 537 5792 871 5863; x_wconf 79' lang='grc' dir='ltr'>αἱτηθέντων</span> <span class='ocrx_word' id='word_1_764' title='bbox 894 5790 990 5858; x_wconf 76' lang='grc' dir='ltr'><strong>τὴν</strong></span> <span class='ocrx_word' id='word_1_765' title='bbox 1005 5791 1216 5859; x_wconf 83' lang='grc' dir='ltr'>χρείαν,</span> <span class='ocrx_word' id='word_1_766' title='bbox 1258 5790 1349 5841; x_wconf 74' lang='grc' dir='ltr'><strong>καὶ</strong></span> <span class='ocrx_word' id='word_1_767' title='bbox 1375 5787 1546 5840; x_wconf 81' lang='grc' dir='ltr'>πλείω</span> <span class='ocrx_word' id='word_1_768' title='bbox 1565 5790 1868 5858; x_wconf 68' lang='grc' dir='ltr'>παρασχεῖν</span> 
     </span>
    </p>
   </div>
   <div class='ocr_carea' id='block_1_107' title="bbox 1980 4594 3554 4665">
    <p class='ocr_par' dir='ltr' id='par_1_107' title="bbox 1980 4594 3554 4665">
     <span class='ocr_line' id='line_1_107' title="bbox 1980 4594 3554 4665; baseline 0.001 -17"><span class='ocrx_word' id='word_1_769' title='bbox 1980 4597 2153 4665; x_wconf 87' lang='lat' dir='ltr'><strong>patiar</strong></span> <span class='ocrx_word' id='word_1_770' title='bbox 2189 4596 2622 4663; x_wconf 84' lang='lat' dir='ltr'><strong>malum,ncmpe</strong></span> <span class='ocrx_word' id='word_1_771' title='bbox 2661 4595 2803 4662; x_wconf 89' lang='lat' dir='ltr'><strong>quod</strong></span> <span class='ocrx_word' id='word_1_772' title='bbox 2858 4609 2952 4663; x_wconf 86' lang='lat' dir='ltr'><strong>spe</strong></span> <span class='ocrx_word' id='word_1_773' title='bbox 3001 4594 3291 4648; x_wconf 85' lang='lat' dir='ltr'><strong>frustratus</strong></span> <span class='ocrx_word' id='word_1_774' title='bbox 3322 4595 3451 4659; x_wconf 81' lang='lat' dir='ltr'><strong>sint,</strong></span> <span class='ocrx_word' id='word_1_775' title='bbox 3498 4605 3554 4649; x_wconf 85' lang='lat' dir='ltr'><strong>et</strong></span> 
     </span>
    </p>
   </div>
   <div class='ocr_carea' id='block_1_108' title="bbox 1977 4684 3553 4757">
    <p class='ocr_par' dir='ltr' id='par_1_108' title="bbox 1977 4684 3553 4757">
     <span class='ocr_line' id='line_1_108' title="bbox 1977 4684 3553 4757; baseline 0.001 -18"><span class='ocrx_word' id='word_1_776' title='bbox 1977 4689 2116 4757; x_wconf 90' lang='lat' dir='ltr'><strong>quod</strong></span> <span class='ocrx_word' id='word_1_777' title='bbox 2149 4687 2248 4740; x_wconf 89' lang='lat' dir='ltr'><strong>sim</strong></span> <span class='ocrx_word' id='word_1_778' title='bbox 2270 4700 2366 4755; x_wconf 90' lang='lat' dir='ltr'><strong>per</strong></span> <span class='ocrx_word' id='word_1_779' title='bbox 2386 4701 2478 4740; x_wconf 76' lang='lat' dir='ltr'><strong>vos</strong></span> <span class='ocrx_word' id='word_1_780' title='bbox 2510 4684 2805 4739; x_wconf 76' lang='lat' dir='ltr'><strong>frustratus</strong></span> <span class='ocrx_word' id='word_1_781' title='bbox 2835 4699 2848 4736; x_wconf 86' lang='lat'><strong>:</strong></span> <span class='ocrx_word' id='word_1_782' title='bbox 2882 4700 3115 4753; x_wconf 88' lang='lat' dir='ltr'><strong>quorum</strong></span> <span class='ocrx_word' id='word_1_783' title='bbox 3186 4686 3334 4754; x_wconf 91' lang='lat' dir='ltr'><strong>prius</strong></span> <span class='ocrx_word' id='word_1_784' title='bbox 3384 4688 3553 4755; x_wconf 88' lang='lat' dir='ltr'><strong>pudo-</strong></span> 
     </span>
    </p>
   </div>
   <div class='ocr_carea' id='block_1_109' title="bbox 1980 4774 3551 4847">
    <p class='ocr_par' dir='ltr' id='par_1_109' title="bbox 1980 4774 3551 4847">
     <span class='ocr_line' id='line_1_109' title="bbox 1980 4774 3551 4847; baseline -0.001 -14"><span class='ocrx_word' id='word_1_785' title='bbox 1980 4796 2115 4845; x_wconf 89' lang='lat' dir='ltr'><strong>rem,</strong></span> <span class='ocrx_word' id='word_1_786' title='bbox 2145 4779 2413 4847; x_wconf 81' lang='lat' dir='ltr'><strong>posterius</strong></span> <span class='ocrx_word' id='word_1_787' title='bbox 2435 4777 2835 4831; x_wconf 89' lang='lat' dir='ltr'><strong>incommodum</strong></span> <span class='ocrx_word' id='word_1_788' title='bbox 2856 4778 2985 4829; x_wconf 84' lang='lat' dir='ltr'><strong>milii</strong></span> <span class='ocrx_word' id='word_1_789' title='bbox 3007 4774 3279 4831; x_wconf 79' lang='lat' dir='ltr'><strong>ailerretis</strong></span> <span class='ocrx_word' id='word_1_790' title='bbox 3305 4778 3398 4831; x_wconf 86' lang='lat' dir='ltr'><strong>sed</strong></span> <span class='ocrx_word' id='word_1_791' title='bbox 3432 4778 3551 4831; x_wconf 77' lang='lat' dir='ltr'><strong>feli-</strong></span> 
     </span>
    </p>
   </div>
   <div class='ocr_carea' id='block_1_110' title="bbox 1977 4869 3554 4932">
    <p class='ocr_par' dir='ltr' id='par_1_110' title="bbox 1977 4869 3554 4932">
     <span class='ocr_line' id='line_1_110' title="bbox 1977 4869 3554 4932; baseline -0.001 -8"><span class='ocrx_word' id='word_1_792' title='bbox 1977 4887 2067 4924; x_wconf 87' lang='lat' dir='ltr'><strong>ces</strong></span> <span class='ocrx_word' id='word_1_793' title='bbox 2093 4870 2312 4923; x_wconf 89' lang='lat' dir='ltr'><strong>omnino</strong></span> <span class='ocrx_word' id='word_1_794' title='bbox 2335 4870 2537 4922; x_wconf 87' lang='lat' dir='ltr'><strong>erimus</strong></span> <span class='ocrx_word' id='word_1_795' title='bbox 2560 4908 2575 4931; x_wconf 92' lang='lat'><strong>,</strong></span> <span class='ocrx_word' id='word_1_796' title='bbox 2644 4870 2754 4924; x_wconf 87' lang='lat' dir='ltr'><strong>Deo</strong></span> <span class='ocrx_word' id='word_1_797' title='bbox 2818 4869 3033 4923; x_wconf 63' lang='lat' dir='ltr'><strong>coalitus</strong></span> <span class='ocrx_word' id='word_1_798' title='bbox 3062 4877 3352 4932; x_wconf 87' lang='lat' dir='ltr'><strong>annuente,</strong></span> <span class='ocrx_word' id='word_1_799' title='bbox 3401 4869 3554 4922; x_wconf 74' lang='lat' dir='ltr'><strong>Vultis</strong></span> 
     </span>
    </p>
   </div>
   <div class='ocr_carea' id='block_1_111' title="bbox 1977 4959 3553 5026">
    <p class='ocr_par' dir='ltr' id='par_1_111' title="bbox 1977 4959 3553 5026">
     <span class='ocr_line' id='line_1_111' title="bbox 1977 4959 3553 5026; baseline -0.001 -11"><span class='ocrx_word' id='word_1_800' title='bbox 1977 4963 2195 5015; x_wconf 85' lang='lat' dir='ltr'><strong>utilitati</strong></span> <span class='ocrx_word' id='word_1_801' title='bbox 2226 4962 2622 5026; x_wconf 86' lang='lat' dir='ltr'><strong>servientibus,</strong></span> <span class='ocrx_word' id='word_1_802' title='bbox 2671 4971 2728 5014; x_wconf 84' lang='lat' dir='ltr'><strong>et</strong></span> <span class='ocrx_word' id='word_1_803' title='bbox 2762 4960 2984 5015; x_wconf 86' lang='lat' dir='ltr'><strong>decreta</strong></span> <span class='ocrx_word' id='word_1_804' title='bbox 3033 4959 3165 5013; x_wconf 85' lang='lat' dir='ltr'><strong>milii</strong></span> <span class='ocrx_word' id='word_1_805' title='bbox 3200 4973 3410 5014; x_wconf 87' lang='lat' dir='ltr'><strong>summa</strong></span> <span class='ocrx_word' id='word_1_806' title='bbox 3457 4975 3553 5026; x_wconf 86' lang='lat' dir='ltr'><strong>po-</strong></span> 
     </span>
    </p>
   </div>
   <div class='ocr_carea' id='block_1_112' title="bbox 1978 5062 2189 5108">
    <p class='ocr_par' dir='ltr' id='par_1_112' title="bbox 1978 5062 2189 5108">
     <span class='ocr_line' id='line_1_112' title="bbox 1978 5062 2189 5108; baseline -0.028 0"><span class='ocrx_word' id='word_1_807' title='bbox 1978 5063 2111 5108; x_wconf 86' lang='lat' dir='ltr'><strong>testa</strong></span> <span class='ocrx_word' id='word_1_808' title='bbox 2120 5062 2189 5106; x_wconf 87' lang='lat' dir='ltr'><strong>te.</strong></span> 
     </span>
    </p>
   </div>
   <div class='ocr_carea' id='block_1_113' title="bbox 2580 5142 2979 5203">
    <p class='ocr_par' dir='ltr' id='par_1_113' title="bbox 2580 5142 2979 5203">
     <span class='ocr_line' id='line_1_113' title="bbox 2580 5142 2979 5203; baseline -0.003 -5"><span class='ocrx_word' id='word_1_809' title='bbox 2580 5144 2667 5199; x_wconf 87' lang='lat' dir='ltr'><strong>LI.</strong></span> <span class='ocrx_word' id='word_1_810' title='bbox 2686 5200 2687 5203; x_wconf 35' lang='grc' dir='ltr'><strong>η</strong></span> <span class='ocrx_word' id='word_1_811' title='bbox 2703 5142 2979 5199; x_wconf 71' lang='lat' dir='ltr'><strong>EISDEM.</strong></span> 
     </span>
    </p>
   </div>
   <div class='ocr_carea' id='block_1_114' title="bbox 2044 5230 3553 5295">
    <p class='ocr_par' dir='ltr' id='par_1_114' title="bbox 2044 5230 3553 5295">
     <span class='ocr_line' id='line_1_114' title="bbox 2044 5230 3553 5295; baseline -0.006 0"><span class='ocrx_word' id='word_1_812' title='bbox 2044 5240 2277 5295; x_wconf 81' lang='lat' dir='ltr'><strong>Tantam</strong></span> <span class='ocrx_word' id='word_1_813' title='bbox 2309 5238 2464 5292; x_wconf 91' lang='lat' dir='ltr'><strong>nobis</strong></span> <span class='ocrx_word' id='word_1_814' title='bbox 2486 5236 2739 5291; x_wconf 84' lang='lat' dir='ltr'><strong>celeritas</strong></span> <span class='ocrx_word' id='word_1_815' title='bbox 2762 5235 2928 5288; x_wconf 81' lang='lat' dir='ltr'><strong>vestri</strong></span> <span class='ocrx_word' id='word_1_816' title='bbox 2974 5232 3140 5285; x_wconf 90' lang='lat' dir='ltr'><strong>studii</strong></span> <span class='ocrx_word' id='word_1_817' title='bbox 3170 5230 3340 5285; x_wconf 83' lang='lat' dir='ltr'><strong>movit</strong></span> <span class='ocrx_word' id='word_1_818' title='bbox 3380 5230 3553 5286; x_wconf 81' lang='lat' dir='ltr'><strong>admi-</strong></span> 
     </span>
    </p>
   </div>
   <div class='ocr_carea' id='block_1_115' title="bbox 1976 5324 3549 5394">
    <p class='ocr_par' dir='ltr' id='par_1_115' title="bbox 1976 5324 3549 5394">
     <span class='ocr_line' id='line_1_115' title="bbox 1976 5324 3549 5394; baseline -0.005 -8"><span class='ocrx_word' id='word_1_819' title='bbox 1976 5335 2270 5393; x_wconf 82' lang='lat' dir='ltr'><strong>rationem,</strong></span> <span class='ocrx_word' id='word_1_820' title='bbox 2309 5341 2364 5385; x_wconf 92' lang='lat' dir='ltr'><strong>ut</strong></span> <span class='ocrx_word' id='word_1_821' title='bbox 2386 5331 2502 5385; x_wconf 89' lang='lat' dir='ltr'><strong>dies</strong></span> <span class='ocrx_word' id='word_1_822' title='bbox 2529 5342 2880 5382; x_wconf 89' lang='lat' dir='ltr'><strong>numeremus</strong></span> <span class='ocrx_word' id='word_1_823' title='bbox 2896 5341 2959 5378; x_wconf 85' lang='lat' dir='ltr'><strong>ex</strong></span> <span class='ocrx_word' id='word_1_824' title='bbox 2981 5339 3089 5393; x_wconf 90' lang='lat' dir='ltr'><strong>quo</strong></span> <span class='ocrx_word' id='word_1_825' title='bbox 3113 5324 3365 5394; x_wconf 70' lang='lat' dir='ltr'><strong>sutl&#39;ragia</strong></span> <span class='ocrx_word' id='word_1_826' title='bbox 3394 5327 3515 5379; x_wconf 89' lang='lat' dir='ltr'><strong>misi</strong></span> <span class='ocrx_word' id='word_1_827' title='bbox 3534 5355 3549 5365; x_wconf 91' lang='lat'><strong>-</strong></span> 
     </span>
    </p>
   </div>
   <div class='ocr_carea' id='block_1_116' title="bbox 1973 5418 3552 5489">
    <p class='ocr_par' dir='ltr' id='par_1_116' title="bbox 1973 5418 3552 5489">
     <span class='ocr_line' id='line_1_116' title="bbox 1973 5418 3552 5489; baseline -0.007 -11"><span class='ocrx_word' id='word_1_828' title='bbox 1973 5441 2113 5489; x_wconf 89' lang='lat' dir='ltr'><strong>mus,</strong></span> <span class='ocrx_word' id='word_1_829' title='bbox 2163 5440 2224 5479; x_wconf 90' lang='lat' dir='ltr'><strong>ac</strong></span> <span class='ocrx_word' id='word_1_830' title='bbox 2261 5434 2469 5478; x_wconf 88' lang='lat' dir='ltr'><strong>tantum</strong></span> <span class='ocrx_word' id='word_1_831' title='bbox 2517 5437 2622 5475; x_wconf 90' lang='lat' dir='ltr'><strong>non</strong></span> <span class='ocrx_word' id='word_1_832' title='bbox 2676 5420 3014 5474; x_wconf 86' lang='lat' dir='ltr'><strong>inveniamus</strong></span> <span class='ocrx_word' id='word_1_833' title='bbox 3063 5430 3158 5468; x_wconf 88' lang='lat' dir='ltr'><strong>vos</strong></span> <span class='ocrx_word' id='word_1_834' title='bbox 3203 5425 3416 5482; x_wconf 88' lang='lat' dir='ltr'><strong>tempus</strong></span> <span class='ocrx_word' id='word_1_835' title='bbox 3472 5418 3552 5468; x_wconf 85' lang='lat' dir='ltr'><strong>vi-</strong></span> 
     </span>
    </p>
   </div>
   <div class='ocr_carea' id='block_1_117' title="bbox 1971 5505 3548 5582">
    <p class='ocr_par' dir='ltr' id='par_1_117' title="bbox 1971 5505 3548 5582">
     <span class='ocr_line' id='line_1_117' title="bbox 1971 5505 3548 5582; baseline -0.006 -13"><span class='ocrx_word' id='word_1_836' title='bbox 1971 5517 2112 5569; x_wconf 87' lang='lat' dir='ltr'><strong>cisse</strong></span> <span class='ocrx_word' id='word_1_837' title='bbox 2140 5532 2153 5568; x_wconf 88' lang='lat'><strong>:</strong></span> <span class='ocrx_word' id='word_1_838' title='bbox 2187 5527 2362 5582; x_wconf 90' lang='lat' dir='ltr'><strong>usque</strong></span> <span class='ocrx_word' id='word_1_839' title='bbox 2410 5513 2546 5566; x_wconf 86' lang='lat' dir='ltr'><strong>adeo</strong></span> <span class='ocrx_word' id='word_1_840' title='bbox 2576 5510 2947 5565; x_wconf 89' lang='lat' dir='ltr'><strong>sollicitudine</strong></span> <span class='ocrx_word' id='word_1_841' title='bbox 3003 5505 3140 5559; x_wconf 72' lang='lat' dir='ltr'><strong>allici</strong></span> <span class='ocrx_word' id='word_1_842' title='bbox 3170 5514 3255 5558; x_wconf 90' lang='lat' dir='ltr'><strong>est</strong></span> <span class='ocrx_word' id='word_1_843' title='bbox 3286 5506 3548 5559; x_wconf 89' lang='lat' dir='ltr'><strong>bonorum</strong></span> 
     </span>
    </p>
   </div>
   <div class='ocr_carea' id='block_1_118' title="bbox 1971 5600 3549 5674">
    <p class='ocr_par' dir='ltr' id='par_1_118' title="bbox 1971 5600 3549 5674">
     <span class='ocr_line' id='line_1_118' title="bbox 1971 5600 3549 5674; baseline -0.004 -14"><span class='ocrx_word' id='word_1_844' title='bbox 1971 5607 2300 5661; x_wconf 86' lang='lat' dir='ltr'><strong>amicorum!</strong></span> <span class='ocrx_word' id='word_1_845' title='bbox 2350 5606 2560 5674; x_wconf 84' lang='lat' dir='ltr'><strong>Quippe</strong></span> <span class='ocrx_word' id='word_1_846' title='bbox 2619 5605 2708 5673; x_wconf 86' lang='lat' dir='ltr'><strong>qui</strong></span> <span class='ocrx_word' id='word_1_847' title='bbox 2767 5603 2975 5655; x_wconf 90' lang='lat' dir='ltr'><strong>lucrum</strong></span> <span class='ocrx_word' id='word_1_848' title='bbox 3027 5600 3229 5653; x_wconf 83' lang='lat' dir='ltr'><strong>habent</strong></span> <span class='ocrx_word' id='word_1_849' title='bbox 3287 5600 3549 5669; x_wconf 89' lang='lat' dir='ltr'><strong>quidquid</strong></span> 
     </span>
    </p>
   </div>
   <div class='ocr_carea' id='block_1_119' title="bbox 1970 5692 3547 5765">
    <p class='ocr_par' dir='ltr' id='par_1_119' title="bbox 1970 5692 3547 5765">
     <span class='ocr_line' id='line_1_119' title="bbox 1970 5692 3547 5765; baseline -0.006 -11"><span class='ocrx_word' id='word_1_850' title='bbox 1970 5701 2073 5754; x_wconf 88' lang='lat' dir='ltr'><strong>sibi</strong></span> <span class='ocrx_word' id='word_1_851' title='bbox 2110 5701 2342 5753; x_wconf 83' lang='lat' dir='ltr'><strong>invicem</strong></span> <span class='ocrx_word' id='word_1_852' title='bbox 2392 5698 2650 5752; x_wconf 78' lang='lat' dir='ltr'><strong>benevole</strong></span> <span class='ocrx_word' id='word_1_853' title='bbox 2699 5696 3022 5765; x_wconf 77' lang='lat' dir='ltr'><strong>largiuntur.</strong></span> <span class='ocrx_word' id='word_1_854' title='bbox 3079 5692 3313 5746; x_wconf 73' lang='lat' dir='ltr'><strong>Vincire</strong></span> <span class='ocrx_word' id='word_1_855' title='bbox 3368 5700 3547 5745; x_wconf 83' lang='lat' dir='ltr'><strong>autem</strong></span> 
     </span>
    </p>
   </div>
   <div class='ocr_carea' id='block_1_120' title="bbox 1971 5782 3549 5859">
    <p class='ocr_par' dir='ltr' id='par_1_120' title="bbox 1971 5782 3549 5859">
     <span class='ocr_line' id='line_1_120' title="bbox 1971 5782 3549 5859; baseline -0.004 -16"><span class='ocrx_word' id='word_1_856' title='bbox 1971 5790 2246 5845; x_wconf 57' lang='lat' dir='ltr'><strong>concessis</strong></span> <span class='ocrx_word' id='word_1_857' title='bbox 2284 5789 2473 5859; x_wconf 88' lang='lat' dir='ltr'><strong>petita,</strong></span> <span class='ocrx_word' id='word_1_858' title='bbox 2534 5798 2589 5843; x_wconf 90' lang='lat' dir='ltr'><strong>et</strong></span> <span class='ocrx_word' id='word_1_859' title='bbox 2619 5789 2739 5858; x_wconf 87' lang='lat' dir='ltr'><strong>plus</strong></span> <span class='ocrx_word' id='word_1_860' title='bbox 2761 5796 3021 5856; x_wconf 75' lang='lat' dir='ltr'><strong>pra-stare</strong></span> <span class='ocrx_word' id='word_1_861' title='bbox 3050 5800 3213 5856; x_wconf 86' lang='lat' dir='ltr'><strong>quam</strong></span> <span class='ocrx_word' id='word_1_862' title='bbox 3235 5782 3402 5837; x_wconf 87' lang='lat' dir='ltr'><strong>voluit</strong></span> <span class='ocrx_word' id='word_1_863' title='bbox 3422 5798 3549 5851; x_wconf 79' lang='lat' dir='ltr'><strong>pos-</strong></span> 
     </span>
    </p>
   </div>
  </div>
