4248 6428
271 414 411 476 2761

1660 361 1668 377 ’
1716 410 2129 478 EPISTOLKE.‘

3375 432 3513 497 2762

278 526 555 592 τὸνλόγον
587 524 888 594 γινόμενος,
938 521 1031 576 κα¹ι
1082 523 1147 592 τῇ
1202 522 1329 591 περὶ
1384 520 1556 574 ταῦτα
1612 523 1846 597 φλυαρίᾳ
1876 540 1955 589 Al

1829 544 1846 596 ι
1876 542 1919 589 Α
1953 530 2358 602 lactusdiguius
2381 535 2709 605 loquebaris,
2766 541 2817 589 et
2856 534 3010 605 nugis
3032 538 3175 593 circa
3211 541 3325 596 hanc
3358 547 3506 600 vale-

275 617 490 686 χαίρειν
522 614 711 679 εἰπὼν,
738 615 1103 684 αίρησάμενος
1129 616 1239 674 τοῖς
1266 614 1434 665 πᾶσιν
1487 612 1841 668 ἐλαττοῦσθαι

278 707 502 775 μᾶλλον,
532 707 619 760 ἵνα
641 723 701 757 κε
713 706 906 776 ρδάνῃς
942 704 1041 766 τὰς
1085 703 1314 773 μούσας·
1342 703 1457 756 ἀλλ’
1485 703 1633 755 ὄναιο
1650 703 1842 757 θᾶττον

273 796 475 868 ἔρωτος
509 795 791 865 μουσικοῦ,
812 796 907 847 καὶ
921 792 1172 846 τοσοῦτον
1191 792 1373 854 λάϐοις
1389 791 1583 844 ὁπόσον
1611 791 1810 854 ἐθέλοις
1823 808 1837 823 ⁸

272 889 366 941 καὶ
392 888 568 955 γένοιο
605 888 700 955 τῆς
720 883 1099 955 προλαϐούσης
1136 882 1409 951 διαϐολῆς,
1437 882 1485 933 εί
1508 881 1607 950 μὲν
1636 882 1843 951 ἀληθής

267 974 374 1048 ἦν,
407 979 877 1046 σωφρονέστερος·
930 978 979 1028 εί
1018 976 1075 1027 δὲ
1130 974 1349 1043 ψευδὴς,
1409 972 1798 1042 εὐτυχέστερος
1822 987 1838 1004 ο

266 1070 416 1132 ὅπως
448 1071 476 1120 ὁ
503 1069 639 1137 μετὰ
666 1067 840 1119 ταῦτα
872 1066 982 1135 βίος
1012 1066 1087 1136 μὴ
1106 1064 1274 1134 ψευδῆ
1306 1062 1556 1130 διαϐολὴν
1588 1062 1840 1130 ἐπιδέξη-

265 1175 386 1213 ταν
415 1159 551 1212 ἀλλὰ
588 1159 809 1228 φανείης
844 1157 1007 1208 πάλιν
1036 1159 1239 1217 ἐκεῖνος
1265 1156 1293 1207 ὁ
1325 1157 1587 1223 πρότερον
1612 1169 1625 1183 ·
1668 1152 1841 1215 οὕτως

266 1253 373 1320 γὰρ
423 1251 489 1304 ἂν
532 1250 847 1320 ήνωθέντων
881 1249 983 1301 τῶν
1028 1249 1215 1318 ἄκρων
1267 1248 1537 1301 διόλλυται
1569 1246 1629 1299 τὸ
1676 1245 1839 1315 μέσον

265 1340 427 1393 ἐκατέ
438 1358 514 1411 ρῳ
545 1339 700 1409 μέρει
743 1338 1089 1407 βαλλόμενον.

821 1429 949 1482 NE'.
982 1429 1312 1499 ΣΤΕΦΑΝῼ.

338 1523 461 1575 Ἔτι
500 1524 694 1592 σιγᾷςς
725 1521 804 1574 ἔτι
825 1520 932 1573 τῶν
967 1520 1327 1590 ἠμελημένων
1359 1521 1557 1589 ήμεῖς;
1595 1519 1687 1570 καὶ
1729 1518 1835 1587 μὴν

261 1614 429 1666 πάλαι
462 1630 524 1681 γε
554 1615 773 1675 πυκνοῖς
795 1614 939 1683 ἡμᾶς
959 1610 1102 1682 εἶχες
1125 1613 1236 1674 τοῖς
1270 1610 1590 1679 γράμμασιν
1610 1624 1625 1639 ·
1650 1610 1741 1662 καὶ
1766 1604 1835 1677 ἦν

256 1706 477 1777 ἥδιστον
508 1706 569 1758 τὸ
606 1705 793 1773 κτῆμα
840 1702 1214 1771 φθεγγομένου
1273 1700 1531 1762 πολλάκις
1572 1699 1791 1751 ἀκούειν
1817 1712 1830 1726 ·

257 1797 397 1851 ἀλλὰ
414 1795 509 1848 νῦν
539 1795 801 1864 ἐξαίφνης
837 1794 995 1863 σιγᾷς
1019 1794 1113 1846 καὶ
1137 1792 1235 1859 τῆς
1259 1792 1452 1861 ἡδονῆς
1470 1787 1827 1858 ἐστερήμεθα·

1946 619 2147 683 dixisti,
2202 637 2263 678 ac
2307 626 2541 680 maluisti
2587 624 2836 679 omnibus
2871 628 3149 694 minorari,
3213 640 3270 685 ut
3326 649 3508 691 musas

1945 709 2313 770 lucrifaceres.
2368 718 2436 770 At
2495 718 2701 771 utinam
2761 720 2919 773 citius
2977 718 3172 775 fruaris
3234 737 3505 779 musarum

1944 815 2148 866 amore,
2178 812 2232 857 et
2271 814 2474 860 tantum
2520 808 2705 876 capias
2757 819 3012 876 quantum
3055 811 3312 877 volueris,
3360 829 3424 868 ac
3458 825 3509 870 te

1951 888 2114 944 faciat
2150 894 2460 960 prascedeus
2515 899 2814 962 accusatio,
2880 900 2925 952 si
2979 901 3191 969 quidem
3248 919 3373 959 vera
3411 906 3502 973 sit,

1939 979 2347 1050 sapientiorem,
2384 988 2428 1041 si
2465 1003 2591 1042 vero
2616 989 2772 1055 falsa,
2830 991 3123 1050 feliciorem
3155 1016 3169 1063 ;
3207 999 3278 1053 ita
3315 1010 3374 1055 ut
3407 1010 3497 1056 tua

1944 1067 2199 1141 deinceps
2228 1075 2334 1129 vita
2363 1074 2469 1146 iam
2508 1080 2703 1134 nullam
2763 1084 2950 1137 subeat
2985 1085 3170 1141 falsam
3201 1096 3503 1147 accusatio-

1944 1170 2088 1221 nem,
2124 1162 2217 1213 sed
2272 1162 2410 1216 idem
2460 1166 2653 1222 iterum
2698 1173 2928 1228 videaris
2981 1177 3069 1244 qui
3104 1177 3249 1232 fuisti
3296 1189 3451 1235 antea
3488 1200 3503 1235 :

1943 1246 2023 1300 sic
2054 1251 2197 1303 enim
2242 1254 2407 1309 unitis
2441 1256 2648 1313 duabus
2700 1266 2959 1320 extremis
3005 1269 3237 1324 medium
3274 1272 3506 1339 perime-

1944 1343 2029 1387 lur
2063 1345 2289 1407 utraque
2320 1353 2470 1410 parte
2498 1360 2836 1413 percussum.

2470 1436 2575 1491 LV.
2598 1438 2978 1498 STEPHANO.

2010 1519 2197 1575 Adhuc
2222 1523 2381 1579 siles!
2416 1528 2591 1584 adhuc
2646 1547 2744 1587 nos
2809 1536 3163 1607 negligimur!
3223 1541 3361 1595 Olim
3420 1553 3503 1597 ta-

1942 1623 2063 1663 men
2098 1612 2405 1680 frequentes
2436 1620 2687 1679 mittebas
2726 1627 2879 1681 nohis
2911 1628 3142 1698 litteras,
3199 1644 3252 1688 ct
3305 1634 3504 1703 jucun-

1938 1700 2222 1758 dissimum
2268 1706 2464 1762 bonum
2505 1721 2621 1766 erat
2662 1722 2714 1769 te
2759 1716 3062 1784 loquentem
3097 1738 3239 1793 smpe
3271 1700 3497 1796 audire;

1939 1792 2032 1844 sed
2056 1808 2197 1847 nunc
2223 1798 2402 1852 subito
2433 1801 2585 1867 siles,
2637 1812 2688 1858 et
2737 1805 2822 1859 illa
2854 1809 3127 1879 voluptate
3175 1792 3373 1883 privati
3408 1792 3500 1873 su;

255 1888 485 1941 τοιαῦτα
512 1887 622 1939 τῶν
654 1862 907 1956 χρηστῶν
928 1862 1148 1955 βιϐλίων
1169 1884 1461 1954 άπήλαυσα
1479 1898 1494 1912 θ
1530 1881 1709 1951 ζητῶν
1729 1879 1838 1947 γὰρ
1868 1862 1913 1919 Β

1825 1894 1838 1927 ›
1868 1862 1913 1919 Β
1942 1894 2082 1935 mus.
2117 1881 2267 1938 Hanc
2297 1886 2461 1955 igitur
2489 1905 2553 1945 ex
2587 1891 2740 1948 libris
2775 1897 2879 1952 tuis
2910 1862 3025 1968 cepi
3052 1862 3338 1959 utiliIatem
3366 1925 3379 1961 :
3405 1909 3502 1965 hos

256 1979 461 2043 ἐκεῖνα,
497 1976 703 2030 καὶτὸν
726 1977 944 2030 πάντων
972 1992 1060 2045 μοι
1101 1975 1355 2043 φίλτατον
1387 1972 1827 2043 προσαπολέσθαι

251 2070 428 2123 δοκῶ·
461 2070 524 2123 σὺ
550 2070 605 2123 δὲ
637 2070 872 2139 μάλιστα
904 2069 1005 2138 μὲν
1026 2068 1118 2120 καὶ
1157 2066 1218 2119 τὸ
1252 2065 1455 2136 βιϐλίον
1484 2063 1825 2125 ἀπόστειλον,

255 2162 349 2213 καὶ
386 2160 511 2232 περὶ
546 2161 643 2230 τῆς
678 2161 890 2224 εὐνοίας
924 2158 1196 2227 ἀπολίπῃς
1227 2156 1423 2226 μηδέν’
1464 2156 1511 2207 εί
1541 2154 1597 2206 δέ
1636 2153 1730 2223 μὴ.
1760 2152 1830 2205 τὰ

250 2250 386 2317 γοῦν
414 2249 588 2318 φίλοις
614 2246 756 2303 εἶναι
780 2249 1078 2318 διαμενέτω
1097 2265 1109 2280 ·
1142 2248 1279 2313 δόξω
1308 2245 1416 2313 γὰρ
1461 2242 1604 2297 οὕτω
1632 2258 1830 2295 πεπονο

253 2340 407 2393 θέναι
439 2340 604 2410 μηδέν
630 2358 644 2372 ·
673 2339 911 2408 δήλωσον
940 2338 999 2393 δέ
1037 2354 1126 2408 μοι
1160 2337 1256 2390 καὶ
1298 2337 1445 2398 ὅπως
1473 2335 1603 2403 ὑμῖν
1638 2332 1749 2401 ἔχει
1770 2331 1830 2384 τὸ

252 2435 693 2502 φροντιστήριον·
726 2432 885 2487 καὶεί
908 2429 1110 2499 πλῆθος
1126 2429 1400 2499 δμιλητῶν
1427 2443 1508 2480 σοι
1531 2423 1831 2496 περιφράτ-
1870 2441 1875 2445 ’

250 2542 334 2577 τει
365 2525 426 2576 τὸ
459 2525 684 2595 θέατρον
704 2541 718 2556 ’
762 2524 940 2577 καὶτὸ
976 2523 1042 2593 δὴ
1084 2522 1371 2593 μέγιστον,
1400 2519 1447 2571 εί
1480 2517 1696 2587 πλούτῳ
1729 2533 1827 2570 κο-

255 2619 385 2685 μᾷς,
422 2616 515 2669 καί
543 2632 624 2668 σοι
664 2616 849 2669 λοιπὸν
892 2615 972 2677 εἰς
1023 2612 1264 2682 χιλιάδας
1302 2609 1612 2681 ἀριθμεῖται
1641 2609 1700 2662 τὸ
1737 2608 1823 2662 νό-

260 2722 458 2777 maga.

786 2798 928 2865 qu.
980 2795 1249 2867 ΣΑΒΙΝῼ.

327 2890 393 2942 Et
430 2891 540 2952 τοῖς
563 2889 760 2960 ἐρῶσιν
785 2889 966 2959 ήμέρα
1000 2890 1096 2957 μία
1128 2888 1266 2958 πρὸς
1294 2886 1471 2957 γῆρας
1502 2886 1683 2956 ἀρκεῖ,
1725 2885 1826 2938 οὐκ

254 2981 323 3035 ἂν
364 2980 586 3049 φθάνοις
630 2980 878 3051 ἀριθμῶν
902 2981 1072 3033 ὁπόσα
1102 2980 1165 3051 δή
1197 2978 1616 3048 γεγηράκαμεν·
1660 2977 1825 3031 πάλαι

252 3073 354 3142 μὲν
381 3068 523 3142 ἦμεν
548 3072 881 3141 εὐδαίμονες,
900 3071 959 3123 σέ
974 3088 1031 3123 τε
1056 3071 1286 3140 ὁρῶντες
1308 3071 1401 3122 καὶ
1424 3070 1533 3122 τῶν
1565 3070 1672 3121 σῶν
1698 3069 1825 3122 ἀντ-

248 3161 529 3231 εχόμενοι·
558 3160 652 3213 καὶ
714 3155 781 3229 ἦν
812 3162 943 3229 ἡμῖν
978 3158 1154 3211 πάντα
1184 3159 1417 3229 χρηστὰ,
1453 3158 1575 3227 ὄψις
1607 3158 1818 3228 ἡδίστη,

248 3253 396 3321 λόγοι
418 3251 851 3321 κατακηλοῠντες
901 3251 999 3321 τὴν
1041 3252 1231 3321 ἀκοήν,
1294 3250 1486 3321 γνώμη
1514 3248 1825 3322 χορηγοῦσα

246 3349 349 3419 τὴν
378 3349 593 3403 εὔνοιαν
613 3366 626 3380 ·
659 3349 751 3402 καὶ
784 3348 811 3400 ὃ
837 3347 886 3400 τί
906 3366 987 3411 τις
1007 3347 1190 3401 ἐπόθει
1215 3345 1394 3410 καλὸν,
1422 3345 1580 3414 ήρκει
1606 3342 1739 3411 πρὸς
1768 3341 1826 3392 σέ

251 3439 413 3509 μόνον
445 3439 569 3493 ἰδεῖν
585 3454 599 3468 ·
635 3438 769 3493 ἀλλὰ
789 3438 881 3490 νῦν
902 3435 1159 3506 ἐξαίφνης
1184 3435 1378 3505 ἔρημοι
1401 3434 1616 3486 πάντων
1642 3432 1822 3502 ἡμεῖς,

226 3529 371 3583 ,ὅθεν
404 3530 710 3600 ἠπόρημαι,
761 3528 980 3582 καὶτὸν
1038 3526 1207 3596 μῦθον
1261 3525 1406 3595 ἐρῶ·
1460 3524 1553 3577 καὶ
1583 3522 1825 3593 Περσεὺς

246 3622 457 3685 ἐκεῖνος
484 3622 749 3691 εὐξαίμην
774 3620 1060 3689 γενέσθαι*
1094 3619 1235 3687 τάχα
1284 3616 1392 3689 γὰρ
1440 3616 1505 3670 ἄν
1554 3614 1698 3685 ἐξείη
1734 3632 1823 3684 μοι

250 3714 448 3783 μικρὸν
469 3713 832 3783 ἁναπταμένῳ
856 3708 1295 3781 παραμυθεῖσθαι
1328 3707 1416 3760 τὸν
1446 3706 1620 3777 ἔρωτα
1642 3744 1655 3758 .
1677 3743 1691 3758 .
1711 3743 1724 3757 .
1747 3705 1822 3774 (ι)

245 3804 514 3869 διεδέξατο
543 3804 711 3873 θυμός
736 3819 750 3834 '
794 3803 901 3855 ἰδοὺ
924 3802 1032 3872 γάρ
1064 3818 1130 3871 με
1164 3800 1258 3853 καὶ
1294 3797 1493 3868 πτεροῦ
1525 3800 1552 3851 ὁ
1590 3796 1820 3858 πόθος...

247 3900 344 3951 καὶ
375 3897 541 3968 μῦθος
569 3899 872 3967 γεγένημαι
893 3911 908 3926 ⁶
956 3894 1051 3949 καὶ
1084 3895 1182 3946 ὅσα
1232 3893 1289 3944 δέ
1340 3891 1581 3944 ποθοῦσα
1615 3890 1823 3942 διάνοια

250 3993 321 4061 ῥα
341 4032 354 4044 .
376 4029 391 4044 .
413 4028 427 4042 .
464 3988 669 4041 ἐθέλει·
698 3988 797 4057 ἤδη
827 3986 882 4040 δέ
912 4004 994 4039 σοι
1042 3984 1133 4038 καὶ
1162 3985 1294 4054 ὖναρ
1322 3982 1462 4052 ἥσθη
1516 3981 1637 4034 ίδών
1659 3996 1673 4011 ·
1729 3981 1823 4033 καὶ

242 4083 508 4135 ἀναστ...
533 4083 598 4150 τῇ
634 4079 759 4149 θέᾳ·
787 4074 846 4131 εὖ
881 4078 936 4129 δὲ
968 4076 1136 4129 ποιῶν
1162 4076 1254 4129 τὸν
1312 4076 1545 4146 φέροντα
1573 4074 1670 4143 τὴν
1698 4073 1820 4125 ἐπι-

249 4167 445 4241 στολὴν
465 4211 477 4224 .
505 4212 517 4224 .
542 4209 557 4224 .
592 4172 686 4223 καὶ
717 4169 1035 4240 βεϐαιώσεις
1070 4169 1136 4239 ἣν
1166 4168 1304 4238 ἔχων
1357 4166 1655 4235 ἐτύγχανες
1684 4163 1823 4231 γνώ-

251 4282 390 4334 μην.
418 4302 433 4317 .
451 4304 465 4317 .
512 4264 561 4316 εἰ
591 4262 771 4325 δέξαιο
809 4261 1113 4331 γράμματα
1165 4258 1294 4330 παρ’
1321 4257 1507 4340 ήμῶν,
1533 4257 1684 4310 οὐδὲν
1709 4257 1737 4308 ὅ
1769 4270 1820 4308 τι

251 4359 328 4430 μή
367 4356 565 4429 ῥᾳδίως
605 4357 871 4425 ποιήσεις.

772 4526 899 4584 NZ'.
934 4524 1336 4596 IEPQNI‘MQ.‘

319 4621 490 4691 Ὅσης
528 4637 619 4674 σου
647 4620 743 4688 τῆς
773 4620 1104 4689 κατηγορίας
1159 4615 1556 4686 ἀπηλαύσαμεν
1605 4616 1655 4667 oi
1688 4615 1822 4668 ἀλα-

245 4713 397 4777 ζόνες
418 4716 599 4783 ἡμεῖς,
627 4714 721 4765 καὶ
749 4713 869 4766 λίαν
901 4713 1151 4779 σοφισταὶ
1209 4709 1303 4764 καὶ
1335 4706 1617 4769 νοσοῦντες
1655 4706 1824 4777 ὑπερ-

244 4801 405 4870 οψίαν
449 4804 507 4853 ἐν
548 4802 751 4872 μετρίῳ
810 4800 889 4870 τῷ
927 4801 1199 4870 σχήματι·
1255 4798 1349 4852 καὶ
1389 4796 1487 4849 οὐκ
1521 4796 1587 4848 ἂν
1640 4795 1822 4864 ἔχοιμι

245 4892 426 4959 λέγειν
457 4892 557 4945 ὅσα
584 4892 703 4945 καθ’
738 4892 886 4961 ἡμᾶς
940 4889 1334 4959 συνεφόρησας.
1392 4887 1580 4956 ὥσπερ
1628 4885 1819 4951 καιρὸν

246 4983 415 5038 πάλαι
442 4982 620 5053 ζητῶν
638 4984 721 5050 ἐφ’
743 4984 876 5053 ἡμῖν
896 4984 1103 5052 ἐγεῖραι
1124 4979 1221 5050 τὴν
1241 4979 1483 5046 γλῶτταν
1508 4995 1521 5008 '
1553 4977 1674 5030 ὅθεν
1701 4975 1822 5029 οὺδέ

244 5080 520 5149 πρόφασιν
545 5076 758 5129 δικαίαν
817 5072 1029 5137 λαϐὼν,
1066 5073 1144 5133 είς
1203 5072 1366 5140 μέσον
1411 5071 1562 5136 ἄγεις
1589 5068 1622 5120 ει
1655 5067 1821 5121 πάλαι

244 5170 505 5239 κρύπτων
532 5166 838 5227 ἐλάνθανες·
858 5163 909 5216 τί
940 5164 1067 5232 γάρ,
1102 5162 1219 5213 εἰπέ
1251 5178 1358 5229 μοι,
1378 5160 1569 5221 δεινὸν,
1611 5161 1658 5210 εί
1688 5159 1822 5226 πρὸς

247 5263 309 5314 σέ
354 5261 583 5330 γράφων
612 5257 917 5327 Προκόπιος
964 5253 1274 5326 Ἱερωνύμῳ
1334 5252 1545 5322 χαίρειν
1582 5250 1824 5319 ἐπέγρα-

246 5367 385 5419 φον;
423 5351 509 5413 Ὠς
561 5352 659 5421 μὲν
685 5350 793 5419 γὰρ
837 5349 1060 5419 ἀρχαῖος
1088 5348 1116 5399 ό
1162 5346 1345 5414 νόμος,
1398 5343 1505 5413 ἔχω
1554 5341 1822 5411 δήπουθεν

246 5442 614 5513 ὁμολογοῦντα
639 5443 703 5494 ἂν
726 5442 819 5494 καὶ
852 5439 931 5493 σέ.
979 5437 1117 5491 Ἀλλ’
1144 5435 1294 5489 οὐδὲν
1327 5434 1424 5497 δεῖ,
1456 5437 1579 5507 φῂς,
1606 5432 1705 5502 τὴν
1728 5430 1821 5485 νῦν

247 5533 682 5596 ἐπιπολάζουσαν
712 5531 937 5601 ἐκϐῆναι
987 5528 1296 5599 συνήθειαν.
1335 5525 1543 5578 Οὐκοῦν
1584 5523 1821 5593 κατηγό-

248 5642 358 5697 ρει,
388 5624 492 5678 κᾶν
525 5626 569 5679 εἰ
593 5623 689 5693 τὴν
716 5622 810 5675 νῦν
840 5621 1145 5692 κρατοῦσαν
1178 5619 1387 5690 τρυφὴν
1413 5620 1491 5681 εἰς
1517 5614 1822 5687 σεμνότητά

316 5806 395 5875 (1)
429 5802 646 5859 Madore
671 5801 875 5869 aliquot
900 5799 1057 5855 verba
1079 5808 1429 5855 evanuerunt.

655 5894 925 5955 Ρηιιοι.
957 5894 1073 5954 Gn.
1114 5893 1484 5956 LXXXVII.

1934 1969 2075 2023 enim
2106 1986 2382 2044 qumrens,
2412 1980 2787 2037 charissimum
2819 1990 3057 2042 omnium
3091 1993 3223 2047 mihi
3268 1997 3501 2053 amicum

1932 2059 2179 2117 amisisse
2236 2065 2442 2121 videor.
2476 2069 2557 2123 Tu
2594 2073 2934 2139 potissimum
2959 2078 3101 2135 hunc
3135 2083 3263 2138 mihi
3301 2086 3498 2141 librum

1932 2148 2107 2217 aufer,
2175 2155 2269 2209 sed
2301 2157 2365 2211 de
2424 2166 2511 2214 tua
2553 2162 2922 2221 benevolentia
2984 2170 3204 2227 minime
3243 2174 3497 2244 deﬁcias;

1931 2238 2014 2293 sin
2074 2243 2270 2310 minus,
2333 2249 2522 2304 saltem
2566 2253 2618 2307 in
2654 2255 2890 2311 amicitia
2934 2274 3363 2331 perseveremus,
3418 2270 3501 2324 sic

1931 2330 2072 2384 enim
2112 2334 2245 2388 nihil
2292 2352 2478 2405 passus
2510 2344 2640 2398 mihi
2689 2347 2932 2404 videbor.
2982 2350 3159 2407 Indica
3190 2369 3318 2412 vero
3350 2330 3497 2415 mihi

1931 2424 2200 2516 quomodo
2228 2439 2289 2482 se
2314 2429 2508 2485 habeat
2537 2434 2741 2500 schola,
2782 2453 2850 2493 an
2891 2440 3175 2497 multitudo
3205 2444 3496 2516 discipulo-

1932 2527 2049 2565 rum
2075 2514 2141 2567 ad
2179 2527 2231 2570 te
2266 2521 2589 2578 audiendum
2616 2527 2870 2595 confluat,
2900 2546 2966 2587 ac
2996 2532 3243 2602 inprimis
3269 2514 3495 2595 anvdivio

1932 2602 2022 2659 tiis
2054 2603 2311 2677 luxuries,
2346 2622 2400 2667 et
2432 2614 2648 2672 residua
2691 2619 2785 2675 tibi
2810 2626 3039 2692 pecunia
3070 2640 3167 2696 per
3202 2628 3364 2685 millia
3392 2645 3494 2687 nu-

1933 2708 2192 2753 meretur.

2480 2799 2615 2857 LVI.
2686 2803 2954 2864 SABINO.

1992 2883 2058 2939 Si
2094 2889 2398 2946 amantibus
2441 2895 2593 2949 unica
2635 2897 2752 2954 dies
2781 2902 2849 2955 ad
2881 2903 3092 2958 senium
3120 2905 3339 2974 suﬂicit,
3366 2923 3495 2980 sup-

1927 2983 2118 3042 putare
2149 2993 2253 3032 non
2283 2983 2490 3041 valeres
2519 3002 2777 3058 quantum
2803 2997 3167 3054 senuerimus.
3204 2997 3343 3053 Olim
3372 3002 3495 3069 qui-

1928 3066 2045 3121 dem
2066 3069 2251 3127 felices
2268 3088 2506 3142 eramus,
2535 3090 2586 3134 te
2607 3082 2853 3139 videntes
2871 3093 2924 3139 et
2947 3093 3033 3139 tua
3064 3066 3451 3158 amplec‘tentes
3476 3112 3494 3161 ;

1929 3169 1982 3214 et
2022 3173 2175 3218 erant
2234 3164 2389 3221 nobis
2442 3173 2622 3226 omnia
2670 3175 2840 3240 utilia,
2902 3186 3151 3246 aspectus
3185 3184 3498 3239 ammnissi.

1931 3267 2068 3318 mus,
2092 3270 2369 3316 sermones
2399 3263 2641 3318 auditum
2670 3266 2996 3332 excitantes,
3062 3271 3276 3325 animus
3332 3273 3497 3330 bene-

1925 3343 2169 3400 volentia:
2202 3351 2498 3421 prodigus;
2531 3368 2592 3408 ac
2617 3356 2658 3408 si
2692 3356 2816 3424 quis
2842 3358 2970 3425 quid
3012 3359 3220 3426 pulchri
3251 3373 3493 3431 cuperet,

1924 3435 2059 3489 satis
2091 3449 2208 3493 erat
2265 3450 2316 3496 te
2355 3442 2695 3499 solummodo
2726 3448 2992 3516 aspicere.
3041 3454 3107 3504 At
3137 3467 3279 3507 nunc
3308 3454 3496 3510 confe-

1924 3525 2047 3578 stim
2080 3530 2320 3585 omnium
2351 3534 2504 3603 egeni
2534 3550 2753 3602 sumus;
2792 3537 2935 3593 unde
2966 3537 3018 3590 in
3053 3553 3263 3596 summa
3305 3560 3495 3601 ncces-

1925 3617 2084 3674 sitate
2106 3636 2313 3686 versor.
2350 3635 2405 3679 et
2438 3625 2674 3681 fabulam
2702 3628 2876 3685 dicam
2920 3646 2935 3685 :

1922 3717 2166 3775 optarem
2201 3730 2215 3765 :
2248 3712 2429 3769 forsan
2461 3718 2604 3771 enim
2661 3719 2792 3774 mihi
2830 3720 3053 3778 daretur
3087 3725 3356 3792 paululum
3394 3742 3493 3782 vo-

1922 3797 2083 3855 lando
2119 3817 2293 3857 meum
2330 3806 2491 3860 solari
2520 3823 2882 3865 amorem.....
2920 3815 3186 3869 successit
3216 3815 3315 3880 ira,
3364 3830 3493 3872 ecce

1923 3891 2064 3943 enim
2100 3892 2196 3946 ala:
2226 3894 2671 3959 desiderium.....
2720 3908 2773 3954 et
2809 3899 2984 3955 fabula
3009 3902 3188 3957 factus
3232 3918 3389 3969 sum;
3438 3918 3493 3962 et

1923 3978 2182 4049 quidquid
2214 3984 2441 4051 cupiens
2493 3986 2824 4045 animus.....
2895 3989 3161 4045 volebat:
3208 3992 3320 4061 jam
3364 4008 3493 4049 vero

1924 4069 2137 4137 gavisus
2165 4081 2247 4125 est
2276 4086 2341 4125 eo
2366 4074 2508 4142 quod
2549 4076 2774 4131 vidisset
2820 4078 2874 4133 in
2906 4080 3249 4136 somnis......
3314 4084 3488 4150 visui;

1923 4158 2059 4213 bene
2081 4171 2259 4215 autem
2296 4164 2499 4219 habens
2527 4170 2759 4235 eumqui
2789 4169 2892 4224 fert
2917 4171 3054 4227 hanc
3084 4173 3490 4242 epistolam.....

1923 4258 1976 4303 et
1991 4250 2337 4308 confirmabis
2354 4253 2495 4308 illam
2510 4272 2668 4324 quam
2686 4259 2924 4314 habebas
2942 4261 3462 4320 benevolentiam...
3475 4307 3491 4321 .

1924 4341 1967 4393 si
2020 4345 2294 4412 acceperis
2342 4345 2551 4401 litteras
2581 4362 2610 4400 a
2642 4349 2819 4414 nobis,
2884 4351 3018 4405 nihil
3064 4368 3172 4409 non
3224 4353 3384 4411 facile
3416 4355 3498 4411 [ιι-

1924 4445 2053 4486 CICS.

2390 4524 2551 4580 LVII.
2598 4525 3028 4586 HIERONYMO.

1997 4611 2137 4680 Quot
2166 4628 2196 4667 a
2225 4622 2276 4668 te
2331 4616 2769 4672 accusationibus
2821 4619 3134 4689 impetimur
3197 4639 3293 4678 nos
3333 4626 3487 4680 vani-

1924 4700 2092 4770 loqui,
2121 4717 2218 4757 nos
2252 4703 2527 4771 sophistae,
2591 4721 2691 4762 nos
2737 4710 2988 4778 superbia
3041 4710 3350 4769 laborantes
3389 4718 3493 4770 sub

1923 4791 2169 4848 modesto
2206 4792 2413 4848 habitu.
2476 4793 2587 4850 Nec
2618 4810 2828 4866 possem
2864 4798 3069 4854 referre
3095 4811 3228 4868 quot
3263 4804 3493 4859 crimina

1926 4882 1977 4936 in
2018 4898 2116 4937 nos
2165 4887 2526 4953 congesseris,
2571 4887 2724 4953 quasi
2775 4890 3117 4944 occasionem
3172 4890 3492 4958 jamdudum

1924 4977 2206 5043 auspicans
2239 4977 2471 5048 linguam
2528 4993 2716 5036 comra
2787 4996 2884 5036 nos
2929 4984 3179 5039 acuendi.
3225 4984 3378 5040 Unde
3428 5002 3498 5041 ne

1920 5069 2125 5137 justum
2154 5072 2368 5141 quidem
2403 5081 2724 5141 prmtextum
2753 5073 3015 5142 allegans,
3075 5074 3127 5127 in
3164 5076 3340 5129 medio
3368 5091 3496 5145 prou-

1925 5160 2033 5214 fers
2057 5177 2174 5231 qure
2202 5161 2326 5216 olim
2362 5165 2577 5219 nescius
2613 5164 3013 5218 dissimulabas.
3045 5164 3183 5230 Quid
3218 5167 3384 5230 enim,
3411 5170 3496 5222 die

1925 5251 2223 5319 mihi,quid
2263 5254 2481 5318 mirum,
2515 5254 2557 5307 si
2579 5254 2675 5307 tibi
2707 5254 2972 5321 scribens,
3001 5255 3138 5309 hanc
3156 5257 3491 5311 adhibuerim

1926 5340 2262 5396 formulam:
2302 5341 2598 5413 l’roc0pius
2656 5343 2984 5415 llieronymo
3037 5344 3301 5400 salutem?
3345 5346 3496 5399 llune

1921 5433 2065 5487 enim
2095 5432 2262 5487 fuisse
2288 5435 2564 5503 antiquum
2600 5452 2803 5492 morem
2826 5448 2938 5493 tute
2965 5440 3263 5494 confiteris.
3293 5439 3360 5491 At
3393 5454 3497 5497 non

1930 5524 2147 5588 licebat,
2180 5525 2414 5594 inquies,
2452 5542 2591 5584 nunc
2630 5530 2902 5598 vigentem
2938 5531 3239 5598 transgredi
3268 5543 3499 5584 consue-

1929 5616 2192 5673 tudinem.
2234 5615 2376 5686 Ergo
2410 5618 2572 5673 etiam
2617 5618 2746 5675 vitio
2778 5629 2926 5677 verte
2956 5620 3001 5676 si
3028 5621 3147 5689 quis
3181 5628 3496 5689 regnantem

3023 5884 3096 5950 87

3000 3630 3229 3688 Perseus
3262 3635 3350 3690 ille
3376 3649 3502 3692 esse
3614 3682 3615 3685 η
