4248 6428
744 356 897 421 2763

2064 352 2407 413 l‘lit'COI’ll
2436 351 2673 413 CAZJZI

3843 353 3982 423 276i

743 485 887 528 nunc
915 466 1188 528 mollitiem
1228 467 1289 519 ad
1329 463 1606 533 pristinam
1662 466 1978 533 gravitatem
2047 480 2300 520 revocare
2333 474 2372 529 Λ
2405 483 2420 518 ιι

2333 474 2372 529 Λ
2405 483 2486 530 τις
2518 464 2615 535 τὴν
2642 462 2873 536 ἀρχαίαν
2896 462 3191 534 ἐπανάγειν
3212 466 3368 539 ἐθέλῃ
3390 483 3403 499 ³
3440 465 3542 523 κᾶν
3581 469 3629 521 εἰ
3658 469 3754 537 τὴν
3791 486 3982 537 μιιυσι·

746 564 891 627 νρΙίε,
929 577 991 614 ac
1016 560 1068 613 si'
1091 558 1209 624 quis
1254 556 1511 607 uuzsicatn
1546 554 1597 607 in
1629 554 2022 607 cantilenarum
2072 556 2297 623 ineptias

740 671 792 711 et
850 656 1123 723 vulgarem
1185 647 1513 717 proterviam
1571 645 1852 699 cadentem
1890 646 1955 697 ad
1999 645 2295 713 Terpandri

740 766 946 804 musam
978 745 1223 800 reducat.
1287 742 1405 810 ipse
1447 753 1626 794 autem
1680 738 1821 793 unde
1872 736 2028 790 nobis
2056 736 2294 789 amicitia

737 847 928 906 (lignus
960 837 1179 899 videris,
1222 835 1432 905 siquod
1461 833 1682 885 verbum
1730 830 1931 883 dixeris
1970 829 2291 891 Atticorum,

736 948 786 988 et
818 932 1126 985 laudatores
1154 926 1384 989 invenis,
1425 934 1676 992 tanquam
1700 936 1763 975 es
1791 920 2013 987 antiquo
2038 935 2186 973 more
2226 918 2293 971 Ii-

736 1026 899 1080 citum
945 1021 1018 1074 sit
1073 1017 1281 1087 impleri
1330 1015 1652 1084 quibusdam
1686 1012 1866 1068 verbis
1913 1010 2292 1065 communibus

736 1129 939 1180 easque
970 1111 1021 1163 in
1066 1117 1241 1162 rostra
1290 1104 1467 1158 ferre?
1501 1103 1683 1170 Quare
1729 1102 2093 1172 igiturjuveni
2152 1101 2292 1154 assi-

734 1207 868 1259 dens
913 1199 1092 1256 credis
1139 1195 1337 1264 aliquid
1387 1209 1638 1262 magnum
1686 1193 1752 1246 ad
1799 1192 2050 1244 Aristidis
2112 1190 2288 1256 Magni

733 1294 979 1351 conferre
1006 1290 1148 1344 sicut
1168 1288 1281 1355 ipse
1313 1285 1588 1353 loquaris?
1618 1282 1686 1337 Ut
1714 1282 1840 1351 quid
1868 1281 2119 1334 Polemon
2149 1282 2291 1334 asia-

734 1387 855 1439 tieis
890 1379 1208 1435 commentis
1244 1384 1498 1429 veterem
1545 1372 1790 1440 purgavit
1836 1371 2140 1425 rhetoricen
2184 1369 2289 1425 ?Si

734 1461 861 1531 tunc
913 1473 1177 1528 exsistere
1212 1467 1422 1520 fortuna
1444 1465 1534 1517 tibi
1567 1465 1823 1525 dedisset,
1856 1463 2036 1517 forsan
2069 1477 2291 1517 accusa-

739 1570 964 1627 tionem,
1000 1570 1057 1615 ut
1084 1568 1231 1629 puto,
1294 1556 1553 1610 adversus
1587 1555 1734 1606 illum
1777 1554 2102 1608 iutentasses
2132 1568 2196 1608 ex
2228 1567 2294 1607 eo

732 1654 873 1723 quod
897 1647 1357 1705 consuetudinem
1380 1653 1754 1711 transgressus
1786 1641 1852 1695 ad
1878 1642 2157 1709 antiquam
2183 1655 2293 1694 mu-

737 1754 905 1796 sicam
937 1736 1212 1793 redeundo
1243 1734 1430 1788 thraso
1470 1747 1591 1786 esse
1646 1730 1925 1785 voluisset.
1979 1730 2155 1798 Atque
2186 1729 2292 1782 uti--

2399 557 2499 623 κὴν
2546 556 2879 609 ἐκπεσοῦσαν
2935 559 3013 620 εἰς
3051 558 3243 621 ὕθλους
3307 558 3508 627 μελῶν,
3545 559 3639 611 καὶ
3676 559 3979 628 δημοτικὴν

2398 647 2661 713 φλυαρίαν
2694 648 2743 699 εἰ
2770 648 2869 717 τὴν
2896 648 3247 718 Τερπάνδρου
3280 648 3487 718 μοῦσαν
3537 646 3690 713 αὖθις
3716 651 3934 717 ἐνέγκοι
3959 665 3975 679 ·

2394 734 2554 797 αὐτὸς
2580 735 2636 789 δὲ
2658 735 2821 789 πόθεν
2845 738 2995 806 ἡμῖν,
3022 738 3158 807 πρὸς
3176 738 3373 806 φιλίου,
3400 739 3596 809 σεμνὸς
3622 735 3760 792 εἶναι
3776 739 3977 806 δοκεῖς,

2394 824 2517 875 είτι
2546 827 2702 893 ῥῆμα
2753 826 3016 893 φθέγξαιο
3051 826 3158 880 τῶν
3202 829 3464 882 Ἀττικῶν
3515 830 3611 883 καὶ
3639 829 3824 899 τύχοις
3867 829 3978 882 τῶν

2393 914 2794 980 ἐπαινούντων,
2832 918 2907 980 ὡς
2943 919 3171 986 ἀρχαῖον
3214 918 3521 989 καθέστηκε
3573 920 3747 989 παρὸν
3803 920 3978 987 ἐμφο-

2402 1005 2610 1072 ρεῖσθαι
2639 1005 2747 1057 τῶν
2774 1006 2837 1058 ἐκ
2862 1006 3073 1076 τριόδου
3119 1007 3408 1075 ῥημάτων·
3451 1009 3545 1061 καὶ
3586 1008 3759 1061 ταῦτα
3787 1009 3979 1077 φέρειν

2391 1095 2482 1145 ἐπὶ
2528 1096 2620 1147 τοῦ
2664 1098 2946 1165 ρήματος;
2989 1097 3021 1166 ἢ
3064 1099 3116 1149 τί
3144 1098 3277 1167 δῆτα
3320 1097 3427 1150 τῶν
3478 1098 3778 1167 μειρακίων
3844 1114 3981 1166 προ-

2391 1185 2753 1253 καθεξόμενος
2786 1185 2887 1237 οἴει
2934 1203 2986 1237 τι
3045 1187 3189 1253 μέγα
3229 1186 3442 1256 φρονῶν
3489 1188 3816 1257 ’Δριστείδου
3878 1185 3976 1239 τοῦ

2393 1276 2537 1326 πάνυ
2570 1275 2708 1342 πρὸς
2758 1277 2999 1335 ἔπαινον,
3032 1277 3079 1327 εἰ
3106 1278 3282 1343 λέγοις
3312 1278 3385 1340 ὼς
3424 1277 3617 1343 αύτός;
3653 1278 3977 1346 ἣΠολέμων

2392 1364 2490 1430 τῆς
2551 1364 2802 1433 Ἀσιανῆς
2836 1364 3163 1433 ιτερατείας
3230 1366 3329 1433 τὴν
3380 1368 3614 1435 ἀρχαίαν
3675 1368 3977 1436 ῥητορικὴν

2396 1452 2670 1522 ἐκάθηρεν
2690 1469 2704 1516 ;
2727 1454 2774 1504 εί
2807 1452 2862 1505 δέ
2886 1470 2965 1505 σοι
2985 1453 3106 1505 τότε
3142 1454 3391 1520 γενέσθαι
3418 1454 3691 1524 παρέσχεν
3716 1458 3750 1522 ἡ
3777 1458 3974 1524 τέχνη,

2394 1541 2534 1610 τάχα
2562 1559 2651 1610 μοι
2695 1542 2788 1594 καὶ
2812 1544 3030 1612 γραφὴν
3056 1544 3455 1610 ἐπενέγκασθαι
3480 1546 3600 1596 κατ’
3634 1544 3871 1607 ἐκείνου,
3891 1543 3980 1596 δο-

2391 1635 2506 1695 κεῖς
2528 1633 2613 1684 ὃτι
2642 1635 2710 1685 τὰ
2748 1634 2953 1703 συνήθη
2984 1634 3248 1703 παριδὼν,
3279 1632 3493 1698 ἀλαζὼν
3530 1632 3667 1687 εἶναι
3702 1634 3977 1703 βούλεται,

2398 1724 2534 1792 πρὸς
2556 1725 2789 1793 ἀρχαίαν
2808 1725 3142 1793 ἀναγόμενος
3176 1725 3415 1795 μοῦσανο
3456 1725 3565 1777 εἴθε
3614 1726 3669 1777 δὲ
3705 1726 3802 1777 καὶ
3845 1727 3982 1795 τρά-

744 1850 867 1887 nam
923 1843 1106 1884 mensa
1170 1826 1463 1880 etiamnmn
1504 1823 1711 1890 vigeret
1759 1821 2039 1875 laconica!
2084 1820 2289 1873 utinam
2326 1810 2366 1867 Β
2395 1831 2421 1866 τι

2326 1810 2366 1867 Β
2395 1817 2533 1879 πεζα
2566 1803 2658 1869 νῦν
2685 1812 2839 1879 αὖθις
2861 1816 3078 1887 ἐκράτει
3098 1818 3412 1886 Λακωνικὴ,
3437 1819 3528 1869 καὶ
3554 1811 3623 1886 ἦν
3647 1818 3778 1885 ἡμῖν
3805 1817 3834 1869 ὁ
3866 1815 3979 1884 βίος

733 1923 886 1977 nobis
913 1921 1084 1974 vietus
1111 1924 1275 1979 esset,
1306 1925 1363 1967 ut
1387 1913 1509 1967 olim
1534 1914 1669 1981 apud
1704 1911 1915 1975 Persas,
1960 1925 2130 1975 ntsza,
2160 1924 2298 1977 aqua

731 2027 781 2066 et
815 2008 1170 2066 nasturtium!
1224 2004 1346 2059 llaec
1370 2020 1494 2057 vero
1520 2005 1641 2072 quis
1662 2018 1801 2056 nunc
1834 2002 2225 2071 vigeresineret
2246 1999 2298 2053 in

734 2118 871 2156 terra
904 2115 1024 2169 qua:
1078 2108 1129 2152 te
1156 2095 1393 2162 recepit?
1423 2092 1539 2147 Non
1578 2103 1796 2162 propter
1830 2093 2097 2160 patientia:
2127 2100 2302 2143 trans-

731 2192 1084 2263 gressionem,
1111 2188 1202 2243 sed
1235 2187 1360 2255 quia
1396 2184 1519 2237 talia
1566 2198 1707 2254 a'gre
1741 2183 1989 2251 producit
2034 2181 2145 2237 suis
2204 2182 2301 2235 ha-

733 2282 1053 2334 bitatoribus
1121 2288 1283 2333 terra.
1341 2278 1411 2330 At
1464 2276 1813 2329 nihilominus
1855 2275 1965 2344 ipse
2020 2273 2294 2327 mollitiem

735 2367 1106 2437 Egyptiacam
1136 2364 1347 2417 discens
1382 2364 1583 2431 patrios
1614 2363 1820 2417 deseris
1854 2376 2055 2425 mores,
2112 2370 2165 2416 tu
2204 2361 2295 2429 qui

731 2456 1177 2510 con~uetudinem
1209 2453 1412 2507 servari
1447 2452 1713 2520 praecipis,
1776 2454 1938 2505 etiam
1976 2452 2094 2521 plus
2133 2464 2293 2524 quam

731 2550 901 2602 decet.
937 2543 1019 2598 Me
1066 2552 1244 2597 autem
1294 2542 1599 2595 thrasonem
1649 2555 1860 2604 vocare,
1934 2541 2056 2609 quia
2103 2557 2293 2597 nomen

734 2650 878 2693 tuum
904 2643 1024 2705 post
1054 2648 1231 2687 meum
1261 2632 1400 2685 forte
1466 2631 1678 2701 scripsi,
1736 2632 1839 2686 hoc
1884 2625 2129 2698 congruit
2187 2646 2291 2685 non

732 2729 866 2783 bene
911 2722 1104 2778 scienti
1147 2719 1286 2790 quod
1320 2720 1551 2790 primum
1583 2731 1665 2775 est
1712 2721 1901 2774 ordine
1943 2734 2047 2773 non
2082 2734 2295 2788 semper

731 2830 850 2872 esse
878 2813 1109 2883 primum
1134 2811 1328 2881 pretio,
1365 2826 1469 2865 non
1492 2824 1617 2865 vero
1643 2813 1893 2865 convenit
1914 2808 2123 2864 docenti
2161 2810 2291 2864 illud

732 2904 1108 2960 Demosthenis
1138 2902 1191 2957 in
1217 2916 1324 2971 quo
1344 2916 1401 2956 se
1426 2916 1679 2955 exercere
1718 2900 1894 2955 solent
1936 2902 2109 2971 pueri,
2150 2901 2293 2956 vide-

733 2998 855 3052 licet
884 2996 1172 3059 aetionem,
1221 2992 1468 3059 quamvis
1515 2992 1872 3061 posteriorem
1905 2992 2093 3046 ordine
2128 3008 2289 3061 quam

730 3089 1086 3144 elocutionem
1132 3094 1188 3139 et
1238 3093 1466 3153 gestum,
1526 3084 1760 3151 priorem
1824 3094 1999 3138 tamen
2059 3083 2289 3138 elIicacia

731 3194 852 3233 esse
893 3192 955 3231 ac
1002 3175 1301 3229 meliorem.

731 3284 955 3338 prorsus
983 3266 1268 3334 superbam
1292 3278 1412 3317 esse
1451 3279 1669 3331 arguas,
1700 3264 1852 3319 locus
1872 3274 1954 3320 est
1986 3278 2079 3317 eos
2105 3264 2291 3327 etiam,

734 3360 825 3428 qui
859 3355 1161 3423 hujusmodi
1195 3354 1595 3422 inscriptionem
1628 3354 1752 3407 olim
1780 3354 1829 3407 in
1855 3368 2007 3406 usum
2035 3354 2295 3407 adhibue-

738 3458 885 3514 runt,
941 3448 993 3500 in
1040 3446 1302 3515 superbia:
1340 3445 1524 3498 morbo
1560 3444 1717 3498 simul
1781 3459 1989 3498 mecum
2049 3458 2293 3511 compre-

739 3539 975 3592 liendcre
1003 3554 1015 3590 :
1045 3550 1271 3602 quorum
1297 3546 1520 3589 ercteros
1546 3536 1978 3603 pra-termittens,
2015 3534 2292 3589 Socratem

731 3628 911 3682 citabo
959 3638 1013 3681 et
1063 3625 1363 3691 Platonem,
1429 3626 1520 3695 qui
1573 3625 1966 3694 pbil050phiam
2023 3634 2128 3677 tam
2189 3623 2294 3677 alte

735 3725 1141 3786 prornoverttnt.
1169 3715 1237 3768 At
1268 3714 1335 3767 de
1368 3715 1762 3783 vaniloquentia
1803 3730 1867 3768 ex
1900 3715 1984 3769 his
2040 3715 2171 3784 ipsis
2212 3715 2292 3769 in-

736 3806 1010 3859 tellexisti.
1078 3803 1223 3859 Cave
1255 3813 1429 3856 autem
1468 3819 1531 3855 ne
1563 3804 1613 3856 in
1660 3813 1820 3857 temet
1867 3804 2119 3872 evagines
2168 3820 2291 3872 pro-

732 3897 901 3950 verbii
934 3895 1186 3966 gladium.
1222 3892 1354 3947 Num
1385 3895 1545 3963 igitur
1566 3894 1617 3945 id
1636 3895 1856 3963 antiquo
1886 3910 1984 3947 usu
2019 3905 2287 3963 receptum

732 3997 833 4053 est,
865 3987 1111 4041 videlicet
1138 3989 1280 4055 quod
1307 3996 1380 4048 te,
1412 3986 1479 4039 de
1500 4000 1633 4039 nave
1668 3986 1753 4038 vix
1784 4000 2081 4055 egressum,
2111 3987 2289 4040 statim

732 4077 1064 4132 clamoribus
1114 4076 1360 4130 barbaris
1432 4075 1700 4142 prosecuti
1761 4073 1959 4129 fuerint
2011 4073 2289 4145 Egyptio-

730 4183 846 4222 rum
879 4166 1051 4236 pueri,
1083 4176 1137 4221 et
1170 4178 1343 4221 cmtus
1364 4165 1595 4220 adfuerit
1618 4164 1757 4220 haud
1791 4165 1964 4219 minor
1989 4179 2146 4234 quam
2169 4181 2286 4219 cum

727 4258 854 4312 olim
884 4271 1075 4311 currus
1126 4256 1259 4326 ipsis
1312 4270 1601 4323 prosperus
1650 4255 1805 4323 Apim
1858 4253 2183 4321 adveheret;
2236 4265 2287 4309 et

727 4350 869 4418 quod
900 4350 965 4403 de
993 4349 1110 4403 istis
1136 4348 1317 4401 animo
1365 4347 1545 4401 elatus
1603 4346 1734 4400 mihi
1779 4359 1995 4412 parvam
2026 4344 2287 4399 habitanti

724 4440 913 4491 urbem
936 4437 1042 4491 vile
1072 4451 1262 4490 nomen
1294 4436 1530 4501 dederis,
1571 4449 1634 4489 ac
1662 4432 2018 4501 simpliciores
2059 4434 2155 4487 tibi
2188 4435 2285 4486 visi

726 4524 932 4580 fuerint
991 4525 1163 4594 patria
1218 4534 1272 4578 et
1324 4538 1461 4577 uxor
1514 4531 1568 4577 et
1633 4536 1765 4590 puer
1800 4521 1950 4589 ipse;
2004 4536 2282 4590 meamque

732 4615 1121 4683 philosophiam
1163 4629 1257 4683 pro
1277 4615 1437 4668 meris
1471 4613 1721 4666 habueris
1760 4612 1989 4676 deliriis,
2020 4612 2140 4681 quia
2158 4612 2284 4664 mihi

731 4720 835 4759 non
883 4707 1193 4774 astrepebat
1239 4720 1342 4759 vos
1404 4718 1563 4759 sensu
1598 4718 1810 4767 carens,
1870 4716 1902 4756 o
1933 4700 2172 4770 Jupiter!
2233 4714 2319 4755 et'

724 4796 951 4851 barbara
978 4796 1191 4864 lingua;
1228 4805 1362 4848 acte
1390 4795 1725 4863 potissimum
1779 4792 2112 4861 reputaveris
2165 4790 2283 4844 l‘eli-

726 4900 864 4949 cem,
892 4884 937 4937 si
972 4884 1125 4951 plena
1145 4898 1282 4951 pane
1315 4893 1369 4936 et
1397 4883 1650 4937 carnibus
1674 4882 1765 4935 tibi
1811 4882 2003 4936 domus
2032 4882 2283 4935 ostende-

724 4972 916 5026 batur?
949 4971 1104 5025 Vides
1143 4972 1417 5040 quantulis
1447 4972 1622 5027 elatus
1665 4970 1853 5036 fueris,
1918 4980 1972 5024 tu
2023 4972 2110 5040 qui
2153 4972 2281 5024 mihi

725 5077 865 5115 nunc
902 5063 1201 5129 superbiam
1228 5063 1541 5131 exprobras.
1598 5062 1723 5116 llzec
1786 5073 1963 5116 autem
2011 5063 2155 5127 dico,
2188 5080 2281 5132 per

720 5154 876 5206 duosl
919 5167 1023 5205 non
1067 5153 1205 5220 quod
1244 5163 1331 5205 tua
1383 5153 1523 5207 dicta
1568 5154 1842 5223 corrigere
1890 5154 2049 5206 velim
2083 5156 2282 5225 (neque

719 5245 863 5296 enim
890 5245 991 5297 hoc
1019 5260 1148 5295 mea:
1171 5258 1293 5297 esse
1322 5243 1671 5313 pliilosolihia:
1692 5244 1965 5313 arbitror),
1999 5246 2091 5299 sed
2131 5248 2279 5313 quia,

720 5334 761 5386 si
791 5334 1010 5401 possim,
1041 5334 1417 5387 modestiorem
1440 5334 1533 5388 tibi
1561 5335 1794 5404 linguam
1813 5335 2097 5388 ostendere
2129 5337 2273 5388 volo.

725 5421 942 5485 Verum,
977 5430 1033 5475 ut
1060 5436 1160 5474 non
1190 5421 1298 5475 vim
1334 5423 1613 5476 verborqu
1641 5438 1880 5477 meorum
1906 5423 2276 5494 obstupescas,

720 5511 877 5577 longe
925 5513 1059 5565 absit
1085 5526 1149 5565 ne
1182 5513 1301 5566 talia
1337 5515 1489 5569 nobis
1520 5511 1851 5583 'exprobres;
1903 5530 2048 5578 nam,
2122 5518 2275 5571 obte-

720 5613 831 5657 Stor
855 5611 1000 5655 tuum
1036 5603 1213 5658 Nglum
1238 5615 1291 5659 et
1322 5604 1934 5673 faventestibiGratias,
1968 5615 2115 5660 tuam
2166 5608 2279 5677 epi-

2401 1907 2477 1969 ὠς
2505 1908 2670 1961 πάλαι
2692 1910 2805 1971 τοῖς
2837 1909 3075 1978 Πέρσαις
3104 1909 3251 1977 μάζα
3273 1909 3367 1961 καὶ
3398 1908 3542 1979 ὕδωρ
3570 1909 3662 1962 καὶ
3684 1909 3975 1979 κάρδαμαί

2398 1997 2572 2051 ταῦτα
2600 1998 2767 2051 δὲκαὶ
2790 1998 2885 2051 νῦν
2911 2000 2968 2051 ἐν
2988 1999 3181 2069 ἐλούσῃ
3207 1999 3289 2062 τίς
3318 2000 3414 2051 ίδοι
3439 1999 3747 2070 κρατοῦντα
3775 2002 3844 2068 τῇ
3874 2001 3940 2066 σῇ
3962 2016 3978 2062 ;

2399 2089 2458 2140 οὐ
2498 2087 2585 2141 διά
2617 2088 2910 2159 καρτερίας
2942 2090 3268 2160 ὑπερϐολὴν,
3300 2090 3416 2143 ἀλλ’
3439 2093 3520 2144 ὅτι
3548 2090 3786 2144 τοσαῦτα
3825 2090 3981 2160 μόλις

2399 2181 2625 2249 χορηγεῖ
2639 2180 2749 2241 τοῖς
2771 2178 3069 2233 ἐνοικοῦσιν
3102 2181 3135 2249 ἡ
3176 2180 3249 2249 γῆ
3275 2197 3287 2209 ·
3330 2180 3444 2233 ἀλλ’
3469 2182 3617 2250 ὅμως
3646 2181 3811 2242 αὐτὸς
3845 2196 3980 2249 τρυε

2402 2268 2506 2338 φὴν
2533 2267 2837 2335 Αιγυπτίαν
2868 2268 3056 2338 μαθὼν
3089 2270 3403 2333 ἀπολείπεις
3441 2271 3510 2325 τά
3533 2270 3740 2341 πάτρια
3766 2287 3779 2300 ο
3818 2272 3847 2323 ό
3877 2285 3982 2337 φυ-

2398 2354 2611 2411 λάττειν
2628 2355 2695 2411 τὰ
2726 2357 2930 2428 συνήθη
2959 2359 3421 2429 νομοθετῶν,’κᾶν
3445 2358 3551 2424 ἔξω
3592 2360 3686 2413 τοῦ
3732 2359 3981 2429 πρέπον·

2396 2462 2487 2509 τος
2508 2464 2520 2477 ·
2550 2446 2611 2498 τὸ
2641 2446 2699 2499 δὲ
2724 2448 2817 2500 καὶ
2847 2447 3081 2510 ἀλαζόνα
3112 2465 3179 2519 με
3209 2449 3415 2513 καλεῖν,
3449 2451 3532 2503 ὅτι
3587 2466 3643 2501 σε
3681 2450 3821 2519 μετά
3874 2448 3979 2518 τὴν

2396 2538 2633 2605 ἐμαυτοῦ
2654 2541 3024 2613 προσηγορίαν
3049 2543 3230 2611 φέρων
3256 2542 3520 2608 ὑπέταξα,
3554 2544 3729 2595 ἔοικεν
3757 2544 3819 2597 ού
3849 2543 3978 2596 λίαν

2395 2629 2621 2692 εἰδότος·
2651 2630 2726 2693 ὼς
2766 2632 2825 2684 οὐ
2877 2632 2937 2685 τὸ
2968 2632 3181 2702 πρῶτον
3213 2636 3279 2703 τῇ
3319 2635 3492 2701 τάξει,
3543 2637 3637 2689 καὶ
3668 2640 3763 2706 τῆς
3802 2635 3977 2704 τιμῆς

2394 2717 2506 2787 ἔχει
2536 2720 2753 2784 πάντως
2780 2720 2849 2774 τά
2871 2722 3094 2793 πρῶταο
3126 2723 3247 2775 οὑδέ
3281 2724 3350 2776 τὰ
3369 2725 3744 2794 Δημοσθένους
3771 2728 3979 2781 εἰδέναι

2395 2810 2715 2880 ποιουμένου
2774 2811 2917 2880 ἀπερ
2975 2812 3204 2883 μελετᾷν
3265 2812 3421 2866 εἴωθε
3460 2814 3529 2867 τά
3573 2816 3861 2885 παιδάριαο
3894 2818 3976 2880 ὡς

2393 2897 2501 2967 ἄρα
2526 2897 2587 2949 τὸ
2610 2898 2890 2966 πράττειν,
2918 2899 3012 2955 τοῦ
3032 2900 3214 2969 λέγειν
3252 2901 3346 2954 καὶ
3380 2906 3709 2972 χειροτονεῖν
3740 2904 3976 2975 ὕστερον

2392 2986 2451 3039 ὃν
2480 2990 2544 3057 τῇ
2575 2986 2747 3052 τάξει,
2775 2990 3039 3060 πρότερον
3067 2993 3131 3061 τῇ
3159 2991 3384 3061 δυνάμει
3411 2995 3507 3046 xai
3530 2995 3778 3063 κρεῖττόν
3798 2996 3975 3049 ἐστιν.

2394 3079 2532 3132 Εἰδὲ
2571 3078 2788 3143 πάντως
2840 3079 3158 3144 ἀλαζονείαν
3214 3081 3282 3134 τά
3338 3083 3565 3135 τοιαῦτα
3615 3089 3976 3156 κατηγορεῖς,

1390 3172 1538 3239 Quod
1579 3174 1622 3227 si
1675 3173 1949 3243 praefatam
2008 3173 2291 3228 formulam
2320 3162 2363 3218 (ἶ
2396 3168 2586 3239 καιρὸς
2630 3170 2722 3223 καί
2745 3170 2871 3232 soils
2909 3170 3067 3223 πάλαι

2320 3162 2363 3218 C
2396 3168 2586 3239 καιρὸς
2630 3170 2722 3223 καί
2745 3170 2871 3232 τοὺς
2909 3170 3075 3223 πάλαι
3131 3174 3507 3242 κεχρημένους
3559 3174 3636 3244 τῷ
3679 3177 3832 3245 νόμῳ
3873 3177 3979 3245 τῆς

2395 3262 2647 3325 τοιαύτης
2676 3261 3005 3331 ἐπιγραφῆς,
3033 3262 3333 3331 ὑπεροψίας
3359 3264 3456 3316 σὺν
3480 3266 3600 3333 ἐμοὶ
3623 3267 3981 3334 περιϐάλλειν

2396 3352 2694 3418 νοσήματι·
2724 3345 2799 3404 ὧν
2824 3352 2948 3413 τοὺς
2976 3350 3164 3413 ἀλλους
3195 3353 3413 3421 παρεὶς,
3474 3355 3769 3426 Σωκράτην
3802 3358 3981 3425 ’λέγω

2397 3442 2491 3493 καὶ
2521 3440 2778 3493 Πλάτωνα
2806 3440 2933 3503 τοὺς
2973 3442 3084 3495 ἀνω
3113 3441 3212 3512 τὴν
3268 3444 3587 3511 φιλοσοφίαν
3640 3420 3976 3515 έξάραντας,

2395 3531 2529 3583 ἀλλὰ
2562 3531 2688 3602 περί
2724 3530 3049 3595 ἀλαζονείας
3095 3532 3324 3585 αὐτόθεν
3364 3535 3698 3598 κατέλαϐεςο
3756 3538 3855 3589 καὶ
3895 3540 3978 3607 μὴ

2395 3620 2532 3672 κίνει
2558 3620 2697 3674 κατά
2726 3619 2925 3674 σαυτοῦ
2957 3622 3054 3690 τῆς
3093 3624 3396 3692 παροιμίας
3450 3624 3548 3694 τὴν
3576 3625 3853 3696 μάχαιραν
3878 3642 3895 3654 °
3947 3629 3979 3697 ἢ

2394 3707 2528 3763 οὖσα
2555 3710 2728 3780 δήπου
2752 3711 2919 3765 πάλαι
2944 3713 3119 3765 ταῦτα
3148 3713 3507 3785 καθέστηκεν,
3540 3716 3615 3778 ὼς
3643 3716 3758 3785 ἅμα
3780 3734 3840 3769 σε
3871 3718 3981 3788 τῆς

2394 3802 2619 3865 ὁλκάδος
2663 3802 2920 3869 ἐκϐάντα,
2964 3802 3325 3874 προύπεμπον
3347 3806 3409 3875 δὴ
3443 3808 3540 3859 σὺν
3572 3806 3666 3877 βοῇ
3699 3826 3803 3862 τινι
3834 3808 3980 3879 βαρ-

2396 3893 2545 3962 ϐάρῳ
2578 3891 2686 3944 τῶν
2724 3893 3038 3960 Αἰγυπτίων
3083 3895 3131 3947 οἰ
3182 3895 3402 3958 παίδεςο
3428 3895 3521 3949 καὶ
3551 3898 3859 3967 πανήγυρις
3904 3894 3980 3968 ἦν

2393 3983 2493 4052 οὐχ
2510 3979 2671 4052 ἧττον
2705 3982 2737 4051 ἢ
2778 3984 2865 4036 ὅτε
2899 3983 3065 4036 πάλαι
3100 3984 3245 4055 φορά
3277 4001 3360 4048 τις
3387 3985 3570 4049 αὐτοῖς
3598 3987 3837 4057 εὐμενὴς
3863 3988 3980 4039 ἐδί-

2392 4073 2482 4125 δου
2510 4075 2601 4127 τὸν
2626 4076 2789 4129 ’Λπιν
2810 4090 2825 4106 ·
2853 4074 2948 4129 καὶ
2972 4075 3046 4138 ὡς
3074 4076 3168 4129 ἐπ)⁸
3204 4076 3415 4139 τούτοις
3447 4076 3581 4145 ὑψοῦ
3607 4077 3706 4144 τῆς
3730 4078 3981 4142 διανοίας

2392 4162 2601 4234 ἀρθεὶς,
2641 4162 2740 4233 ἐμὲ
2779 4164 2878 4235 μὲν
2902 4164 3103 4236 μικράν
3128 4163 3380 4219 οἰκοῦντα
3409 4166 3581 4232 πόλιν,
3614 4166 3819 4234 φαῦλον
3842 4169 3981 4221 ἐκά-

2392 4257 2504 4319 λεις
2524 4272 2537 4285 ·
2572 4255 2861 4327 ἀπέριττος
2890 4255 2946 4309 δέ
2975 4256 3125 4326 παρά
3156 4256 3238 4309 σοὶ
3279 4258 3479 4329 πατρίς
3506 4274 3563 4311 τε
3598 4260 3691 4311 καὶ
3712 4259 3851 4329 γυνὴ
3877 4262 3980 4313 καὶ

2392 4347 2451 4400 τὸ
2479 4347 2685 4399 παιδίον
2708 4347 2865 4399 αὐτό·
2892 4346 2984 4399 καί
3008 4346 3110 4400 πού
3141 4364 3207 4416 με
3234 4346 3627 4417 φιλοσοφοῦντα
3653 4350 3820 4418 λῆρον
3848 4351 3978 4403 ἐδό-

2392 4454 2538 4498 κεις·
2579 4438 2659 4488 ὅτι
2684 4453 2750 4506 με
2784 4436 2859 4506 μὴ
2884 4436 3074 4507 κρότος
3100 4432 3213 4507 εἶχε
3241 4438 3408 4501 πολὺς
3436 4439 3495 4502 ἐξ
3518 4440 3731 4508 ἀσήμου
3778 4445 3979 4511 φωνῆς

2396 4522 2460 4598 (ὧ
2478 4528 2577 4581 Ζεῦ
2596 4526 2633 4597 ἰ)
2658 4526 2753 4579 καὶ
2776 4526 3049 4598 βαρόάρου
3066 4526 3311 4597 γλώττης
3335 4528 3429 4581 ὤν’
3448 4531 3540 4582 καί
3553 4531 3614 4582 τὸ
3629 4530 3692 4600 δὴ
3708 4531 3977 4601 μέγιστον

2390 4619 2679 4688 εὐδαίμονα
2702 4618 2895 4669 σαυτὸν
2924 4618 3157 4683 ἐκάλεις,
3186 4621 3235 4671 εἰ
3266 4620 3414 4672 σίτου
3448 4619 3542 4672 καὶ
3575 4620 3751 4690 κρεῶν
3777 4622 3974 4694 πλήρη

2388 4708 2486 4778 τὴν
2513 4708 2687 4760 οἰκίαν
2711 4706 3030 4773 ἀπέδειξαν*
3060 4709 3193 4779 ὁρᾷς
3213 4709 3337 4762 ὅσον
3369 4708 3464 4762 ἐπὶ
3495 4712 3747 4780 σμικροῖς
3785 4713 3973 4782 ἐπήρ.

2390 4798 2507 4864 θης.
2539 4799 2565 4848 ὁ
2592 4795 2684 4847 νῦν
2711 4794 3024 4859 ἀλαζονείας
3041 4796 3384 4867 γραφόμενος
3404 4815 3420 4831 ο
3451 4798 3544 4851 καὶ
3581 4796 3758 4852 ταῦτά
3793 4818 3971 4870 φημι,

2390 4886 2465 4953 μὰ
2500 4885 2627 4947 τοὺς
2676 4883 2830 4947 θεοὺς
2860 4886 2873 4937 ἰ
2909 4884 3008 4938 οὐκ
3066 4885 3393 4956 ἀμείνασθαί
3425 4903 3484 4939 σε
3538 4887 3645 4939 τῶν
3699 4890 3971 4959 ῥημάτων

2387 4976 2583 5028 ἐθέλων
2612 4976 2703 5043 (οὐ
2740 4974 2846 5046 γὰρ
2877 4975 3014 5045 πρὸς
3036 4975 3135 5043 τῆς
3165 4977 3305 5047 ἐμῆς
3334 4976 3493 5030 τοῦτο
3521 4978 3692 5049 κρίνω
3740 4980 3970 5048 φιλοσοο

2386 5066 2558 5133 φίας),
2587 5064 2700 5118 ἀλλ’
2746 5066 2798 5118 εἰ
2836 5083 2953 5128 πως
2998 5066 3267 5137 δυναίμην
3326 5069 3696 5138 μετριωτέραν
3732 5086 3817 5123 σοι
3859 5072 3969 5140 τὴν

2384 5155 2630 5223 γλῶτταν
2659 5155 2933 5219 ἀποδεῖξαι
2991 5155 3349 5227 βουλόμενος·
3400 5159 3513 5211 ἀλλ’
3560 5160 3708 5222 ὅπως
3741 5159 3820 5231 μὴ
3858 5163 3969 5230 τὴν

2382 5247 2610 5317 δύναμιν
2636 5245 2743 5298 τῶν
2784 5245 2931 5314 ἐμῶν
2954 5245 3128 5315 λόγων
3178 5249 3555 5319 καταπλαγῇς,
3603 5251 3795 5321 πόρῤω
3827 5252 3968 5325 γένῃ

2382 5341 2475 5394 τοῦ
2496 5342 2562 5394 τὰ
2588 5341 2811 5394 τοιαῦτα
2831 5341 3063 5411 γράφειν
3102 5342 3232 5411 ἡμῖν
3250 5359 3264 5372 ·
3298 5342 3374 5413 μά
3400 5343 3508 5413 γάρ
3524 5344 3615 5398 τὸν
3648 5344 3738 5397 σὸν
3765 5345 3965 5398 Νεῖλον

2385 5430 2595 5491 καὶτὰς
2618 5430 2898 5499 παρούσας
2929 5446 3013 5483 σοι
3042 5430 3309 5500 Χάριτας,
3340 5431 3564 5502 θέατρον
3594 5433 3820 5501 λογικὸν
3864 5437 3965 5507 τὴν

2384 5520 2482 5589 σὴν
2511 5521 2784 5590 παρέσχον
2830 5520 3141 5588 ἐπιστολὴν,
3174 5524 3277 5575 κάν
3321 5525 3388 5593 τῇ
3444 5523 3589 5592 Γάζῃ
3644 5525 3789 5595 μέσῃ
3824 5526 3961 5595 πῶς

2384 5609 2590 5669 πάντας
2610 5607 2857 5675 ἐλέγετοο
2897 5607 3049 5675 κάγὼ
3090 5608 3188 5677 μὲν
3231 5608 3444 5672 ἀλαζὼν
3472 5610 3678 5679 ἡδόμην
3710 5611 3820 5663 ὑπὸ
3854 5611 3961 5663 τῶν
