4248 6428
291 374 431 438 2765
1740 364 1785 423 E
1796 363 1863 423 PI
1872 364 2150 425 STOL/E.
3408 366 3549 430 2765

291 485 399 535 σῶν
430 479 774 549 γραμμάτων
828 477 1189 546 καλουμενος·
1225 478 1383 545 ἐγέλα
1432 477 1486 529 δὲ
1522 474 1579 526 τὸ
1639 470 1862 539 θέατρον
1896 479 1942 535 Α

1896 479 1942 535 Α
1973 475 2170 528 Slolntn
2204 474 2431 543 publicis
2464 488 2565 527 non
2599 472 2793 528 tradidi
2821 472 3182 537 sermonibus,
3203 482 3253 526 ct
3284 474 3334 526 in
3369 479 3541 532 media

288 571 373 623 ἐπ’
399 569 551 639 ἐμοί’
599 570 662 621 σὺ
692 568 747 620 δὲ
771 567 876 620 τῶν
906 568 1076 634 λόγων
1105 569 1373 638 εὐδαίμων
1402 568 1624 627 ἐδόκεις.
1964 594 1965 603 ι

1964 568 2109 623 Gaza
2142 569 2282 636 apud
2317 580 2509 619 omnes
2546 580 2724 619 sermo
2753 566 2819 619 de
2843 579 2906 619 ea
2930 573 3081 628 erat;
3142 579 3203 619 ac
3232 576 3539 635 pergratum

291 670 406 718 erat
448 676 530 714 me
562 660 665 711 tuis
699 658 1221 713 litlt't'isthrasonem
1255 669 1502 713 vocatum
1537 660 1736 727 fuisse;
1767 678 1864 733 ego
1900 661 2113 729 publico
2143 673 2289 711 erant
2327 656 2667 726 luililn‘io;tu
2706 658 2758 711 iu
2801 658 3139 712 sermonibus
3199 657 3327 712 felix
3397 659 3538 713 dice-

291 752 460 806 baris.

881 835 1015 891 Nll'.
1062 838 1309 892 ΩΡΙΩΝΙ.

371 930 480 982 Ἀεί
514 948 571 982 σε
607 931 788 1000 φέρων
821 935 887 1002 τῇ
924 932 1112 1004 μνήμῃ
1141 931 1337 999 μικροῦ
1372 950 1460 1001 μοι
1494 935 1583 986 καὶ
1610 938 1861 1005 παρεῖναι

286 1021 455 1084 δοκῶ,
509 1022 602 1074 καὶ
635 1023 725 1098 τὰ⁸
748 1022 925 1075 πάντα
976 1025 1230 1091 παρεῖναι
1286 1022 1607 1091 σοφίζομαι*
1646 1026 1739 1077 καί
1773 1041 1863 1094 μοι

290 1112 623 1180 μεμνημένῳ
648 1111 823 1164 πάντα
849 1111 984 1180 πρὸς
1008 1110 1198 1181 ἡδονήν
1226 1114 1655 1182 συνεισέρχεται,
1678 1113 1737 1165 τὺ
1754 1114 1860 1166 τῶν

284 1203 502 1268 τρόπων
534 1201 832 1263 εὐσταθὲς,
880 1204 911 1271 ή
946 1203 1073 1270 περὶ
1104 1204 1228 1263 τοὺς
1261 1201 1453 1268 λόγους
1501 1202 1724 1270 σπουδὴ,
1761 1204 1860 1273 τῆς

282 1291 520 1353 διανοίας
547 1291 606 1342 τὸ
642 1291 880 1360 μέτριον,
907 1294 1000 1342 καὶ
1023 1293 1084 1342 τὸ
1111 1292 1174 1361 δὴ
1210 1292 1484 1359 μέγιστον,
1518 1292 1859 1362 σωφροσύνη,

284 1381 536 1449 νεότητος
590 1384 817 1450 ἀλόγους
864 1382 1039 1452 ὁρμὰς
1092 1382 1513 1435 ἁνακύπτουσα·
1574 1385 1667 1435 καὶ
1727 1384 1860 1453 πρὸς

283 1472 515 1539 ἐμαυτὸν
540 1473 647 1524 ἔσθ’
672 1476 758 1524 ὅτε
791 1473 1073 1541 λογίζομαι
1098 1474 1171 1534 ὡς
1201 1475 1226 1525 ὁ
1256 1474 1473 1525 πάντων
1506 1474 1663 1541 ήμῶν
1694 1474 1863 1543 ὁρών-

282 1580 391 1614 των
429 1565 637 1616 τοιοῦτο
667 1565 890 1632 φανεὶς,
933 1564 1015 1625 τίς
1055 1563 1119 1615 ἂν
1163 1564 1369 1628 γένοιτο
1402 1565 1522 1616 καθ’
1566 1565 1729 1616 αὑτὸν
1765 1582 1862 1632 γε-

283 1652 488 1717 γονώ;;
515 1655 724 1723 νικήσει
754 1653 882 1719 γὰρ,
910 1648 1083 1721 οἶμαι,
1114 1654 1190 1721 τῷ
1220 1652 1483 1720 φθάσαντι
1511 1654 1644 1724 πρὸς
1675 1655 1865 1707 ἑαυτὸν

286 1741 663 1811 ἁμιλλώμενος
686 1783 698 1804 ,
741 1744 888 1804 ὅπως
929 1744 993 1795 ἂν
1029 1743 1176 1812 δείξῃ
1213 1746 1321 1803 τοῖς
1351 1742 1582 1796 ἀποῦσιν
1627 1746 1758 1812 ἡμῖν
1790 1745 1866 1807 ὠς

2545 838 2724 895 LVIII.
2762 839 3013 895 ORIONI.

2043 934 2270 1001 Smnper
2291 944 2339 987 te
2369 934 2546 988 ferens
2591 934 2641 987 in
2701 935 2958 986 memoria
2998 948 3131 1002 pene
3188 935 3316 988 mibi
3348 935 3541 991 adesse

1970 1036 2117 1094 puto,
2171 1034 2224 1077 et
2250 1026 2427 1077 omnia
2456 1026 2645 1079 adesse
2694 1024 2962 1087 arbitror;
3018 1033 3073 1076 ct
3122 1024 3250 1077 mibi
3312 1026 3539 1080 memori

1967 1114 2147 1166 omnia
2192 1113 2397 1165 lanifica
2427 1120 2771 1177 succurrunt,
2802 1125 2980 1164 mores
3043 1110 3180 1161 bene
3231 1110 3537 1177 compositi,

1973 1203 2273 1256 litterarum
2308 1204 2566 1267 studimn,
2616 1204 2783 1256 animi
2817 1200 3137 1264 moderatio,
3179 1212 3243 1253 ac
3293 1198 3539 1268 inprimis

1969 1296 2234 1362 sapientia
2281 1295 2612 1347 inconsultos
2648 1293 2941 1357 iuventutis
2990 1293 3224 1360 impetus
3256 1304 3536 1348 coercens.

1970 1387 2144 1454 Atque
2172 1402 2378 1439 mecum
2406 1386 2699 1452 aliquando
2736 1385 2973 1451 recogito
3007 1382 3182 1450 qualis
3218 1381 3371 1437 ﬁeret
3411 1381 3541 1434 sibi-

1969 1487 2078 1529 met
2106 1478 2342 1538 relictus.
2371 1478 2461 1546 qui
2505 1476 2659 1529 nobis
2689 1476 2941 1529 omnibus
2971 1474 3348 1541 spectantibus
3375 1473 3533 1526 talem

1967 1584 2025 1622 se
2077 1570 2313 1622 Ostendit
2345 1588 2358 1623 :
2396 1569 2565 1622 vincet
2605 1568 2749 1621 enim
2781 1567 3296 1620 excellentissimum
3345 1572 3533 1617 contra

1966 1658 2199 1723 seipsum
2226 1657 2570 1722 obluctando,
2588 1657 3174 1723 utpateatabsentibus
3206 1654 3361 1707 nobis
3386 1653 3535 1707 illum

1966 1758 2110 1801 ριιιιιι
2138 1750 2391 1801 virtutem
2422 1758 2640 1816 propter
2689 1750 2859 1815 ipsam
2899 1748 3152 1812 coluisse,
3200 1748 3290 1815 qui
3342 1762 3407 1800 ne
3438 1760 3535 1799 nos

281 1833 388 1900 ἄρα
448 1834 514 1886 δι’
567 1834 736 1905 αὐτὴν
792 1836 955 1903 ἐτίμα
996 1836 1094 1903 τήν
1143 1836 1373 1902 ἀρετὴν,
1408 1836 1502 1903 οὐχ
1542 1837 1689 1903 ἡμᾶς
1737 1838 1863 1897 τοὺς
1898 1845 1936 1899 Β

1857 1853 1863 1894 ;
1898 1845 1936 1899 Β
1966 1835 2178 1901 quidem
2214 1843 2525 1902 spectantes
2559 1846 2791 1889 veretur.
2845 1836 3105 1901 Quamvis
3143 1846 3324 1889 autem
3377 1835 3534 1887 luxu.

279 1924 520 1991 ὁρῶντας
552 1926 869 1995 αἰδούμενος
890 1941 902 1955 ·
933 1926 980 1977 εί
1004 1925 1059 1977 δὲ
1092 1927 1183 1977 καὶ
1222 1925 1375 1976 πόλιν
1407 1926 1517 1993 ἔχει
1546 1928 1857 1996 τρυφᾷσαπι,

280 2016 373 2067 καὶ
409 2017 576 2069 πολλὰ
616 2018 711 2085 τῆς
757 2016 1045 2083 ἀσελγείας
1090 2018 1158 2067 τὰ
1196 2017 1648 2084 παραδείγματα,
1702 2019 1860 2072 τοίτσ

280 2106 691 2177 φιλοτιμότερον
718 2108 881 2160 αὑτὸν
914 2108 1187 2171 ἀντιτάξει
1222 2112 1338 2170 ταῖς
1369 2109 1580 2177 ἡδοναῖς
1600 2123 1615 2136 '
1644 2110 1726 2171 τίς
1752 2111 1859 2181 γὰρ

276 2198 517 2269 ἀθλητὴς
560 2200 652 2251 ἐπὶ
693 2201 753 2252 τὸ
786 2202 940 2271 νικᾷν
991 2201 1388 2270 σεμνυνόμενος
1428 2202 1506 2261 είς
1555 2200 1859 2269 Ὀλυμπίαν

277 2287 470 2353 ἐλθὼν,
496 2289 589 2341 τοῦ
640 2291 847 2358 ἀγῶνος
882 2292 942 2344 τὸ
978 2292 1236 2361 μέγεθος,
1270 2292 1459 2362 καιρὸν
1516 2294 1713 2363 ῥᾷστον
1751 2294 1858 2345 είσ-

276 2386 579 2449 ηγήσεως
613 2381 729 2434 ἀλλ’
762 2383 860 2434 οὐκ
900 2382 1157 2434 ἐπιτείνει
1192 2382 1290 2451 μὲν
1322 2382 1520 2435 αὐτίκα
1558 2384 1655 2453 τὴν
1686 2382 1857 2452 ἄσκη-

278 2486 385 2535 σιν,
420 2469 708 2538 βεϐαιώσει
752 2472 809 2525 δὲ
844 2473 943 2534 τὰς
983 2473 1362 2542 προλαϐούσας
1390 2476 1455 2544 τῇ
1494 2473 1857 2540 μείζονι;καὶ

279 2564 344 2615 σὺ
390 2564 455 2633 δὴ
500 2564 677 2632 μύσας
721 2565 820 2627 τὰς
868 2564 1178 2635 αἰσθήσεις,
1229 2566 1452 2636 ἀκλινὴς
1492 2566 1623 2633 πρὸς
1673 2568 1857 2620 πᾶσαν

274 2653 445 2723 ἀκοήν
477 2654 570 2706 καὶ
599 2654 726 2707 θέαν
760 2656 1079 2725 γενόμενος’,
1113 2654 1309 2719 δείξεις
1333 2655 1407 2717 ὼς
1433 2655 1530 2725 οὐχ
1554 2656 1586 2725 ή
1618 2655 1726 2708 τῶν
1751 2672 1853 2709 κα-

275 2744 390 2795 κῶν
423 2745 625 2815 ἀπορία
668 2746 767 2817 τὴν
814 2746 1165 2817 σωφροσύνην
1212 2743 1317 2799 οἶδε
1353 2748 1531 2816 νικᾷν,
1580 2746 1692 2799 ἀλλ’
1725 2746 1853 2799 ἔνθα

275 2835 385 2886 τῶν
418 2837 763 2907 σεμνοτέρων
808 2836 836 2888 ὁ
864 2836 1025 2899 πόθος
1045 2852 1059 2866 ⁸
1093 2836 1193 2890 κᾶν
1223 2837 1322 2900 τας
1352 2837 1614 2907 Σειρῆνας
1644 2839 1849 2901 εἴποις,

276 2924 380 2976 κᾶν
419 2926 518 2995 τὴν
558 2927 734 2979 πάντα
766 2926 1203 2996 μεταϐάλλουσαν
1238 2928 1474 2997 Κίρκην,
1513 2928 1719 2997 κινήσει
1746 2928 1853 2979 πά-

273 3018 360 3068 λιν
403 3017 690 3081 Ὀδυσσεύς
711 3033 724 3049 ·
773 3018 865 3071 νῦν
898 3018 959 3070 τὸ
1004 3017 1156 3087 μῶλυ
1185 3018 1427 3084 δεικνὺς,
1458 3019 1637 3084 λόγον,
1671 3013 1847 3087 οἶμαι,

273 3107 465 3160 τοῦτον
494 3108 553 3160 ὃν
582 3102 733 3172 οὗτος
769 3110 1114 3181 ὲδωρήσατοο
1154 3111 1271 3164 νυνὶ
1302 3111 1359 3163 δὲ
1393 3110 1701 3181 περιδείσας
1723 3112 1851 3166 ἐαυ-

273 3200 368 3252 τὸν
400 3202 591 3272 ἀρετῇ,
615 3202 708 3254 καὶ
727 3203 894 3255 πολλα
914 3201 1138 3272 βιώσας,
1170 3198 1348 3273 οἶμαι,
1393 3203 1726 3273 παραπλέων
1754 3205 1851 3268 τὰς
1881 3173 1924 3230 C'

276 3290 497 3359 ἡδονάς.

793 3380 921 3436 NG’.
962 3384 1375 3454 ΔΠΟΛΛΩΝΙῼ.

359 3475 418 3528 '0
442 3476 831 3539 εὐλαϐέστατος
862 3476 1213 3546 Μαρτύριος,’
1246 3477 1489 3529 πλουτῶν
1523 3478 1621 3545 μὲν
1653 3479 1852 3548 ἀρετῇ,

274 3568 341 3637 τῇ
372 3566 429 3619 δὲ
456 3566 593 3636 τύχῃ
624 3568 949 3635 πενόμενος,
978 3566 1147 3618 δεῖται
1178 3565 1278 3634 τῆς
1325 3567 1597 3637 ὑμετέρας
1642 3568 1815 3635 ῥοπῆς
1836 3583 1849 3597 ·

276 3658 541 3726 πλείστην
572 3657 702 3726 ἔχω,
731 3656 806 3719 ὥς
836 3674 1021 3726 φησιν,
1044 3659 1108 3710 ἐκ
1129 3656 1235 3709 τῶν
1261 3655 1582 3722 φθασάντων
1612 3660 1709 3726 τὴν
1734 3661 1852 3710 πεῖ-

280 3765 381 3819 ραν
405 3763 417 3775 ⁸
455 3748 548 3800 καί
590 3765 656 3817 με
692 3747 889 3819 ῥᾳδίως
930 3748 1145 3801 ἔπειθεν
1193 3748 1575 3817 ἐπιστάμενον,
1609 3748 1684 3811 ὠς
1717 3750 1851 3803 πᾶσι

275 3842 435 3910 χεῖρα
481 3838 784 3909 προτείνεις
814 3842 924 3900 τοῖς
963 3839 1251 3911 ὀρθοῦσθαι
1285 3840 1559 3909 δεομένοις
1591 3840 1683 3893 καὶ
1716 3842 1853 3911 προς

274 3931 600 3998 ἐπικουρίαν
633 3928 891 3981 καλοῦσιν
914 3944 927 3957 ·
962 3928 1198 3982 τοσαῦτα
1241 3930 1350 3999 γὰρ
1380 3929 1519 3999 ἔχων
1559 3932 1687 4003 παρ’
1722 3931 1851 4001 ἡμῖν

272 4021 375 4073 ὅσα
421 4020 547 4090 μήτ’
598 4020 753 4088 ἰσχὺν
797 4019 1040 4089 ἐντίθησι
1091 4021 1183 4072 καὶ
1230 4020 1595 4091 ἀποθνήσκειν
1644 4024 1737 4092 ἐᾷ,
1770 4023 1851 4085 είς

274 4114 421 4181 ὑμᾶς
451 4113 551 4182 ὁρᾷ
572 4156 585 4177 ,
617 4111 768 4164 λύσιν
791 4108 927 4164 εἶναι
960 4111 1145 4165 κακῶν
1166 4113 1225 4164 τὸ
1253 4113 1491 4165 τοιοῦτον
1512 4114 1814 4183 ἡγούμενος
1830 4131 1846 4147 ο

270 4203 391 4257 ἀλλ’
424 4204 648 4273 ἀντέχου
688 4204 1016 4273 προθύμως,
1065 4204 1220 4273 ὄμμα
1266 4204 1442 4266 διδοὺς
1488 4206 1714 4275 εὐμενὲς
1754 4206 1848 4260 καὶ

268 4296 360 4348 διὰ
391 4296 588 4349 σαυτὸν
620 4297 711 4350 καὶ
741 4296 807 4348 δι’
839 4296 938 4365 ἐμὲ
971 4298 1060 4348 καὶ
1088 4296 1173 4348 διὰ
1201 4295 1291 4348 τὸν
1313 4298 1369 4348 ἐν
1398 4296 1557 4368 χρείᾳ
1579 4297 1848 4366 καθεστη-

271 4386 437 4438 κόταο
467 4386 688 4456 καὶγὰρ
718 4386 937 4456 θαρρῶν
961 4385 1143 4449 ἔλεγεν
1162 4385 1237 4448 ὡς
1263 4388 1357 4440 ἐὰν
1385 4386 1510 4458 δέξῃ
1544 4386 1847 4457 γράμματα

268 4477 403 4545 παρ’
447 4475 584 4546 ἐμοῦ
604 4519 619 4540 ,
651 4477 801 4528 οὐδὲν
830 4477 858 4528 ὃ
885 4494 937 4528 τι
966 4479 1039 4545 μὴ
1083 4476 1276 4546 ῥᾳδίως
1316 4479 1594 4545 ποιήσεις*
1624 4476 1757 4543 ἐμοῦ
1791 4476 1846 4529 δὲ

270 4566 610 4634 μειδιῶντος,
640 4566 735 4617 κα)⁸
760 4564 953 4616 ὁπόθεν
982 4560 1119 4616 οἶδεν
1149 4565 1503 4634 ἀνερομὲνου,
1535 4564 1627 4615 καὶ
1651 4579 1847 4630 κατεγ-

267 4657 508 4724 γυᾶσθαι
561 4656 622 4709 τὸ
664 4656 855 4725 μέλλον
894 4655 1111 4724 ἕτοιμος
1163 4652 1230 4725 ἦν
1268 4672 1281 4686 -
1318 4654 1515 4707 οὐκοῦν
1562 4655 1846 4724 πλήρωσον

265 4747 417 4817 αὐτῷ
457 4747 556 4809 τὰς
599 4747 855 4811 ἐλπίδας,
900 4746 987 4798 ἵνα
1018 4746 1093 4816 μὴ
1126 4747 1311 4815 χρείας
1344 4741 1500 4806 αὖθις
1535 4745 1842 4815 καλούσης,

263 4838 642 4905 κατεγγυᾶται
688 4837 749 4891 τὸ
796 4838 1007 4907 μέλλον,
1062 4837 1137 4901 ὡς
1188 4837 1340 4891 οὐδὲν
1392 4835 1657 4905 ἀνύσαιμι
1713 4835 1843 4905 παρ’

264 4931 296 4983 ὑ
304 4931 418 4999 μϊν.

830 5103 906 5158 :-:'.
947 5104 1271 5175 ΝΗΦΑΛΙῼ.

334 5196 415 5247 τὰ
450 5195 549 5265 μὲν
588 5194 647 5261 ἐξ
692 5195 845 5264 ὑμῶν
892 5194 1192 5263 γράμματα
1223 5195 1357 5263 πρὸς
1389 5193 1489 5262 τήν
1533 5194 1842 5263 πανήγυριν

258 5287 365 5357 ἤδη
410 5287 597 5339 καλεῖ·
646 5290 741 5339 καὶ
778 5285 869 5337 τὸν
913 5280 1059 5338 οἷκον
1104 5287 1235 5355 ήμῖν
1289 5284 1604 5356 προτιθέναι
1656 5285 1839 5354 φησὶν,

258 5376 416 5429 κοινά
449 5393 509 5429 τε
542 5377 608 5430 τὰ
652 5375 893 5446 παρόντα
940 5377 1118 5428 ποιεῖ·
1162 5376 1253 5429 καὶ
1294 5374 1355 5428 τὸ
1380 5376 1471 5428 τοῦ
1505 5376 1664 5444 λόγου
1708 5376 1841 5444 ἡμῖν

256 5465 467 5532 ἀγαθὸν
494 5466 929 5533 ἀπαγγέλλεται·
967 5465 1077 5533 ἐγὼ
1102 5465 1159 5519 δὲ
1189 5466 1292 5534 τῆς
1327 5467 1425 5535 μὲν
1454 5467 1664 5527 εὐνοίας
1693 5466 1840 5535 ὑμᾶς

254 5553 646 5624 ὑπεράγαμαιο
672 5556 764 5607 καὶ
783 5554 844 5625 δή
874 5572 962 5625 μοι
986 5554 1375 5626 πεπληρῶσθαι
1408 5555 1550 5608 δοκῶ
1584 5556 1683 5625 τὴν
1706 5572 1840 5608 παν-

256 5652 457 5713 ήγυριν
498 5644 791 5713 ἐπιστολῆς
836 5647 1176 5716 συμμετρίας
1214 5647 1427 5716 τυχών’
1463 5648 1598 5719 πρὸς
1646 5648 1703 5700 δὲ
1738 5647 1838 5716 τὴν

254 5731 649 5788 ἐντεῦθενηόδδν
673 5733 841 5789 πολλά
866 5753 956 5805 μοι
986 5735 1289 5809 καθέστηκε
1318 5738 1387 5791 τὰ
1413 5738 1708 5810 κωλύματα
1725 5753 1736 5766 ·
1771 5739 1834 5791 σὺ

1966 1926 2057 1975 rio‘
2079 1941 2162 1975 am
2194 1925 2395 1979 habitet
2416 1924 2689 1979 civitatem
2711 1936 2763 1979 et
2796 1927 2958 1979 multa
2996 1928 3189 1979 habeat
3216 1923 3549 1994 corruptelml

1961 2015 2228 2082 exempla,
2287 2015 2355 2067 ob
2402 2016 2502 2069 boc
2546 2017 2717 2084 ipsutn
2764 2017 2958 2069 acriori
3021 2031 3142 2068 cum
3195 2016 3537 2070 aemulatione

1960 2105 2328 2173 voluptatibus
2359 2105 2734 2171 resistit.Qnis
2758 2106 2898 2159 enim
2921 2106 3123 2159 athleta
3145 2121 3264 2158 cum
3296 2107 3535 2160 victoria:

1960 2195 2254 2247 ambitione
2282 2193 2587 2265 Olympiam
2640 2196 2881 2261 veniens,
2912 2196 3226 2251 certaminis
3257 2196 3534 2262 magnitu~

1959 2286 2138 2340 dinem
2202 2286 2514 2343 facillimam
2577 2303 2697 2344 esse
2754 2290 3094 2344 occasionem
3146 2289 3535 2357 persuadebit?

1959 2393 2139 2431 nonne
2161 2387 2353 2431 contra
2388 2380 2649 2434 exercitia
2680 2395 2775 2433 sua
2808 2380 3043 2449 augebit,
3092 2389 3148 2433 et
3172 2379 3529 2447 praecellentia

1958 2468 2303 2522 confirmabit
2334 2469 2671 2536 majoribus?
2718 2470 2818 2535 Tn,
2853 2470 3101 2525 obductis
3123 2471 3393 2535 sensibus,
3419 2471 3532 2523 fer-

1960 2573 2083 2613 reus
2110 2559 2176 2613 ad
2206 2574 2423 2614 omnem
2456 2560 2695 2613 auditum
2728 2569 2819 2614 aut
2851 2561 3021 2615 visum
3058 2559 3254 2626 factus,
3292 2560 3531 2614 ostendis

1961 2651 2225 2705 malorum
2244 2652 2489 2706 molestia
2518 2667 2622 2705 non
2644 2652 2784 2706 vinci
2805 2650 3146 2721 sapientiam,
3171 2652 3263 2707 sed
3286 2651 3531 2720 digniora

1958 2754 2231 2811 appetere.
2267 2743 2400 2807 lmo.
2440 2745 2650 2799 etiamsi
2683 2745 2883 2799 dixeris
2918 2744 3139 2798 Sirenas
3172 2744 3254 2798 vel
3300 2758 3531 2798 conver-

1960 2844 2157 2889 tentem
2206 2838 2387 2889 omnia
2416 2834 2633 2899 Circen,
2671 2836 2848 2890 vincet
2884 2852 3055 2891 novus
3079 2836 3317 2907 Ulysses.
3373 2838 3532 2891 modo

1959 2942 2087 2979 usus
2126 2928 2286 2997 moly,
2343 2928 2393 2981 id
2443 2937 2543 2991 est,
2589 2939 2647 2981 ut
2694 2939 2841 2998 puto,
2879 2929 2965 2982 illa
3004 2943 3105 2997 qua
3147 2930 3402 2998 prteditns
3448 2937 3533 2986 est

1962 3020 2190 3083 ratione;
2228 3022 2385 3073 modo
2417 3021 2649 3089 seipsnm
2676 3021 2862 3074 virtuti
2883 3020 3133 3090 alligans,
3185 3031 3237 3076 et
3264 3020 3337 3075 ita
3359 3018 3529 3074 multa

1961 3112 2228 3179 rnpiudes
2252 3122 2598 3167 transnatans
2626 3114 2945 3182 voluptates.

2460 3377 2591 3432 LIX.
2627 3377 3034 3433 APOLLONIO.

2027 3466 2426 3522 Timidissintus
2454 3468 2764 3540 Martyrius,
2828 3470 2976 3523 dives
3035 3471 3251 3539 quidem
3299 3471 3507 3524 .virtnte

1958 3557 2169 3611 fortuna
2198 3574 2325 3614 vero
2354 3573 2574 3630 pauper,
2609 3560 2811 3630 indiget
2846 3570 3025 3614 vestro
3054 3562 3317 3616 subsidio.
3356 3560 3528 3615 Naxi-

1957 3667 2095 3705 mam
2130 3654 2319 3716 habeo,
2378 3665 2435 3707 ut
2464 3655 2560 3716 ait,
2609 3669 2676 3708 ex
2723 3655 3217 3722 praedecessoribus
3240 3654 3525 3723 experien-

1958 3742 2120 3807 tiam;
2157 3753 2432 3809 caeterum,
2489 3759 2574 3799 me
2606 3743 2767 3799 facile
2799 3746 3065 3812 persuasit
3100 3746 3360 3799 scientem
3391 3761 3528 3815 quoa

1953 3835 2115 3886 modo
2147 3849 2359 3888 manum
2393 3834 2639 3904 porrigas
2685 3835 2941 3890 omnibus
2990 3835 3217 3889 relevari
3260 3851 3394 3905 opus
3426 3838 3525 3890 ba~

1953 3924 2202 3979 bentibus
2244 3934 2299 3979 et
2331 3940 2427 3979 vos
2456 3926 2523 3979 ad
2544 3925 2801 3979 auxilium
2835 3926 3172 3981 vocantibus.
3225 3926 3356 3981 Nam
3384 3928 3525 3996 apud

1953 4031 2048 4070 nos
2063 4016 2152 4070 illa
2173 4026 2374 4070 tantum
2397 4016 2675 4086 reperiens
2693 4032 2812 4087 quae
2827 4033 2925 4072 nec
2955 4018 3095 4072 vires
3112 4016 3405 4081 subiciunt,
3426 4033 3526 4071 nec

1952 4115 2180 4159 mortem
2207 4106 2525 4173 impediunt,
2557 4106 2625 4160 ad
2655 4121 2750 4160 vos
2780 4115 3011 4175 spectat,
3052 4106 3103 4160 in
3141 4106 3241 4161 ltoc
3264 4121 3369 4161 uno
3395 4106 3523 4160 libe-

1952 4195 2217 4249 rationem
2262 4196 2452 4249 adesse
2497 4194 2757 4248 malorum
2807 4207 3002 4263 putans
3040 4213 3052 4247 :
3093 4209 3218 4247 cum
3285 4196 3523 4248 studioso

1948 4287 2161 4353 excipe,
2184 4286 2396 4339 oculum
2428 4294 2749 4354 convertens
2774 4286 3090 4339 benevolum
3135 4296 3191 4339 et
3234 4285 3301 4340 ad
3354 4298 3440 4339 me
3468 4296 3523 4341 et

1948 4378 2014 4429 ad
2040 4378 2268 4445 teipsnm
2299 4386 2351 4430 et
2384 4378 2449 4430 ad
2479 4378 2748 4431 hominem
2782 4378 2834 4431 in
2877 4378 3197 4431 necessitate
3228 4386 3519 4433 versatum.

1949 4467 2297 4521 Conﬂdenter
2330 4467 2473 4520 enim
2504 4468 2718 4522 dicebat
2769 4477 2839 4531 te,
2873 4467 3086 4521 litteras
3118 4483 3145 4520 a
3174 4483 3258 4521 me
3293 4468 3337 4522 si
3381 4469 3524 4521 acci-

1951 4572 2127 4626 peres,
2188 4556 2317 4611 nibil
2361 4570 2463 4610 non
2509 4556 2665 4612 facile
2717 4571 3129 4611 concessurum.
3212 4554 3294 4611 Me
3340 4564 3519 4610 autem

1948 4644 2280 4706 snbridente,
2332 4652 2387 4697 et
2419 4645 2785 4712 interrogante
2814 4645 2956 4698 unde
2999 4646 3049 4698 id
3077 4644 3265 4707 sciret,
3290 4658 3522 4713 sponso-

1948 4751 2060 4790 rem
2088 4735 2154 4789 de
2184 4734 2362 4789 futuro
2401 4749 2460 4790 se
2494 4734 2625 4790 dare
2657 4736 2902 4803 parabat.
2964 4734 3129 4804 Imple
3189 4736 3352 4805 igitur
3393 4751 3521 4805 spes

1948 4826 2107 4887 illius,
2139 4841 2201 4879 ne
2232 4840 2359 4888 non,
2395 4827 2716 4881 necessitate
2747 4826 2943 4881 iterum
2995 4838 3241 4895 urgente.
3292 4842 3523 4897 sponso-

1948 4932 2058 4971 rem
2085 4916 2151 4969 de
2176 4915 2357 4970 futuro
2401 4929 2460 4971 se
2506 4918 2598 4970 det
2638 4930 2723 4971 me
2774 4916 2905 4971 nibil
2947 4931 2977 4970 a
3008 4918 3156 4972 vobis
3185 4930 3305 4973 esse
3330 4919 3520 4974 obten-

1946 5014 2145 5060 turum.

2470 5098 2582 5154 LX.
2624 5099 2989 5157 NEPHALIO.

2016 5190 2221 5244 Vestra:
2251 5189 2444 5245 littera:
2478 5192 2544 5245 ad
2577 5193 2883 5247 convivium
2910 5194 3021 5262 jam
3066 5207 3164 5248 nos
3195 5203 3517 5261 convocant,

1943 5296 2007 5336 ac
2033 5282 2249 5334 dominu
2293 5281 2448 5336 nobis
2483 5285 2777 5352 prﬂ'parari
2835 5284 3041 5348 dicunt,
3101 5294 3154 5339 et
3188 5286 3366 5339 omnia
3399 5300 3519 5353 qua:

1945 5374 2208 5432 continet.
2233 5376 2539 5427 communia
2568 5375 2793 5429 faciunt.
2853 5374 3045 5430 Sermo
3068 5376 3515 5445 vesteroptimunt

1944 5466 2074 5519 mibi
2126 5466 2285 5519 affert
2334 5468 2602 5532 nuntium,
2652 5478 2704 5521 et
2741 5468 3110 5523 benevolentia
3158 5481 3336 5523 vestra
3373 5485 3519 5523 sum-

1943 5568 2082 5605 manu
2111 5554 2238 5607 mibi
2271 5565 2448 5608 movet
2486 5557 2942 5623 admirationem;
2990 5566 3149 5627 atque
3187 5559 3314 5610 inibi
3337 5559 3516 5612 videor

1940 5656 2139 5699 cretum
2189 5648 2565 5715 complevisse,
2624 5650 2866 5717 epistola:
2917 5651 3097 5704 habita
3151 5653 3513 5721 proportione.

1947 5738 2169 5807 Verum,
2192 5740 2482 5809 quominus
2512 5742 2637 5799 hinc
2665 5744 2912 5799 recedam
2944 5746 3109 5799 multa
3148 5746 3277 5799 mibi
3302 5746 3517 5805 obstant
