4248 6428
708 363 850 427 2767
1978 359 2328 422 PROCOPII
2358 360 2599 421 ϐΛΖίΕῘ
3820 352 3967 417 2758

712 473 1116 543 impedimenta.
1159 471 1238 526 Tu
1272 478 1472 534 autem,
1525 481 1672 540 opto,
1728 484 2071 542 prosperare,
2126 474 2279 527 vince

2401 473 2438 524 ῑέ
2473 489 2563 541 μοι
2588 470 2681 524 καὶ
2713 470 2917 540 πρᾶττε
2950 468 3150 535 καλῶς,
3186 466 3280 520 καὶ
3305 466 3429 519 νίκα
3454 466 3519 519 τά
3543 464 3838 529 λυποῦντι,
3871 466 3966 518 καὶ

713 564 1011 629 molestias,
1044 579 1105 619 ac
1128 575 1397 618 momento
1419 579 1522 617 non
1555 563 1890 617 solummodo
1913 563 2279 631 praesentium.

2401 563 2636 629 αέμ-ιησο
2679 559 2752 630 μὴ
2784 560 2943 630 μόνον
2972 558 3254 629 παρόντων
3276 573 3287 585 ’
3317 558 3363 609 εί
3395 556 3451 609 δὲ
3484 557 3805 626 γράμμασιν
3833 558 3970 609 ἀθυ-

716 656 869 721 Quod
914 664 1091 709 autem
1149 655 1253 708 tuis
1297 654 1490 709 litteris
1539 668 1636 708 nos
1672 655 1909 722 dcjcctos
1950 655 2147 721 erigas,
2183 654 2286 710 hoc

2401 648 2625 717 αοῦντας
2660 652 2910 718 ἀνάγοις,
2946 650 3103 704 τοῦτο
3139 650 3238 719 μὲν
3272 650 3369 720 τῆς
3394 648 3776 719 Πολυκράτους
3812 647 3973 698 εὐτυ-

715 749 886 802 satius
921 747 1058 799 duco
1099 759 1256 812 quam
1292 744 1590 815 Polycratis
1642 744 1976 799 felicitatem.
2031 744 2282 800 Nostrum

2401 739 2510 806 (ίας
2537 740 2856 811 σεμνότερον
2874 740 3083 810 χπολλὰ
3106 739 3213 809 γὰρ
3237 740 3284 791 οί
3316 741 3543 820 χρηστοὶ
3571 738 3669 800 τὰς
3692 737 3971 806 ἡμετέρας

716 836 860 889 enim
918 834 1155 887 auditum
1198 832 1296 886 viri
1333 821 1691 903 simpliciores
1720 843 2145 898 commoverant,
2174 834 2283 887 .tibi

2401 829 2665 883 διέσεισαν
2697 830 2899 897 ἀκοὰς,
2930 830 3005 894 ὡς
3041 831 3295 902 πέπραχέ
3339 848 3394 883 τι
3429 830 3629 883 δεινόν·
3670 828 3729 881 σέ
3758 828 3823 895 δὴ
3874 826 3968 878 λέ-

718 926 970 981 videlicet
1032 927 1206 981 diram
1258 927 1521 982 accidisse
1575 925 1976 990 calamitatem;
2024 942 2088 981 ac
2119 926 2184 980 de
2231 933 2286 980 te

2401 937 2595 988 γοντες,
2625 922 2700 985 ὡς
2724 923 2839 993 ἥλῳ
2864 922 3139 994 πράττων,
3165 924 3239 985 ὠς
3261 924 3487 990 γέγονεν
3516 922 3728 990 ἀφανής
3750 920 3971 993 ’,ταῦτα

720 1020 994 1085 dicebant,
1026 1019 1226 1087 Captus
1269 1029 1354 1073 est
1397 1020 1533 1073 inter
1560 1019 1924 1084 vendendum,
1968 1019 2020 1073 in
2052 1018 2288 1073 obscuro

2401 1012 2818 1078 λογοποιοῦντες,
2848 1014 3132 1084 μάρτυρας
3166 1012 3550 1083 παρῆγον·οὑς
3580 1013 3789 1065 ἐκεῖθεν
3812 1013 3973 1080 ἣκειν

721 1111 959 1165 inclusus
989 1119 1092 1165 est.
1133 1110 1196 1164 Et
1230 1110 1354 1164 talia
1379 1110 1666 1173 narrando,
1702 1119 1869 1164 testes
1896 1108 2285 1179 producebant,

2401 1100 2819 1173 διισχυρίζοντο’
2865 1106 2958 1157 καὶ
3011 1104 3169 1167 ἄλλος
3209 1104 3354 1174 ἄλλῳ
3404 1104 3676 1173 διηγεῖτο,
3730 1104 3827 1155 καὶ
3880 1102 3975 1153 διὰ

720 1217 856 1269 quos
888 1201 1039 1255 illine
1077 1203 1264 1257 venire
1291 1200 1547 1254 audacter
1591 1200 1962 1265 afﬁrmabant;
2019 1201 2154 1254 alius
2198 1199 2287 1254 alii

2401 1193 2610 1246 πάντων
2635 1194 2666 1263 ἡ
2701 1194 2880 1264 φήμη’
2904 1194 2978 1255 ὡς
3004 1195 3059 1248 δὲ
3094 1195 3191 1265 τὴν
3218 1195 3347 1263 παρ’
3376 1193 3530 1264 ὑμῶν
3554 1194 3823 1263 ἐδεξάμην
3846 1197 3974 1245 ἐπι-

722 1293 1032 1356 onarrabat,
1068 1300 1121 1347 et
1153 1308 1249 1362 per
1275 1306 1462 1346 omnes
1479 1291 1616 1345 fama
1644 1292 2029 1345 bacchabatur.
2063 1292 2286 1356 Verum,

2401 1284 2582 1354 στολὴν
2617 1286 2869 1340 τοσοῦτον
2914 1288 3224 1356 ἀπέχουσαν
3276 1286 3373 1356 τῆς
3416 1286 3602 1339 ἀδίκου
3640 1286 3865 1354 φήμης,
3895 1283 3976 1345 ὡς

722 1384 903 1447 statim
927 1399 989 1438 ac
1024 1392 1168 1437 tuam
1203 1383 1377 1454 recepi
1407 1383 1689 1454 epistolam
1722 1392 1927 1435 tantum
1972 1381 2170 1449 injuste
2204 1398 2288 1436 ru-

2401 1376 2644 1446 καὶπρὸς
2678 1381 2983 1449 πανήγυριν
3024 1381 3151 1443 τοὺς
3188 1381 3373 1449 φίλους
3400 1378 3609 1443 καλεῖν,
3645 1377 3807 1439 εὐθὺς
3844 1379 3976 1442 ἐγε-

725 1475 858 1528 mori
893 1474 1354 1529 contradicentem
1384 1484 1443 1527 ut
1476 1475 1539 1527 ad
1573 1484 1770 1528 coctum
1808 1473 2011 1527 amicos
2046 1482 2287 1535 vocaret.

2401 1468 2562 1537 νόμην
2591 1470 2916 1542 περιχαρὴς,
2957 1471 3051 1523 καὶ
3084 1471 3176 1523 τοῦ
3209 1471 3438 1540 ψεύδους
3466 1470 3605 1541 ἔχων
3634 1469 3724 1522 τδν
3747 1468 3976 1535 ἔλεγχον

726 1568 1009 1622 cenfeSIim
1056 1568 1251 1637 gaudio
1279 1566 1565 1627 cxsnltavi,
1602 1575 1656 1619 ct
1707 1564 1974 1619 mendacii
2004 1578 2292 1635 argumen-

2401 1559 2668 1629 πανταχοῦ
2694 1560 2897 1630 ταύτην
2932 1563 3233 1633 ἐκήρυττον
3254 1580 3266 1592 ·
3298 1563 3441 1617 ὥστε
3474 1565 3599 1624 τοὺς
3629 1560 3799 1612 πάλαι
3837 1560 3977 1630 θρα-

729 1672 839 1716 tum
877 1662 1099 1724 habens,
1138 1647 1335 1727 ubiqu'e
1385 1659 1526 1712 illam
1576 1658 1931 1727 prmdicabam
1964 1674 1978 1710 :
2013 1656 2085 1709 ita
2111 1666 2166 1709 ut
2200 1656 2290 1724 qui

2401 1653 2506 1714 σείς
2549 1652 2701 1720 μόλις
2747 1652 3004 1724 ἐρυθριᾷν
3053 1653 3147 1708 καὶ
3199 1652 3426 1706 κύπτειν
3469 1654 3548 1713 εἰς
3579 1652 3713 1720 γῆν·
3748 1649 3977 1716 καὶτῆς

1978 359 2328 422 PROCOPII
2358 360 2599 421 ϐΛΖίΕῘ

725 1754 851 1806 olim
879 1752 1091 1807 fuerant
1110 1750 1473 1813 audacissinii,
1501 1749 1835 1803 nuncmmsti
1859 1749 2061 1817 pudore
2084 1746 2292 1801 sulfun-

2394 1742 2588 1812 τύχης,
2609 1738 2790 1814 οἶμαι,
2821 1744 3122 1817 καταϐοᾷν,
3151 1747 3231 1799 δτι
3277 1746 3350 1817 μὴ
3383 1744 3553 1798 πλείω
3586 1743 3775 1813 χρόνον
3812 1739 3975 1793 ἐλάν-

729 1846 1006 1907 derentur,
1040 1843 1089 1896 in
1121 1852 1315 1897 terram
1340 1842 1524 1896 oculos
1555 1841 1873 1911 defigerent,
1904 1855 1966 1895 ac
1989 1841 2055 1895 de
2074 1838 2287 1894 fortuna
2323 1832 2366 1891 Β
2395 1832 2573 1891 θανον.

728 1942 1083 2004 quererentur
1130 1934 1273 2003 quod
1327 1948 1429 1989 non
1483 1932 1682 1987 diutius
1734 1932 1786 1985 in
1835 1931 2106 1987 oblivione
2155 1931 2289 1987 deli-

728 2029 969 2084 tuissem.

1300 2121 1436 2177 LXI.
1474 2121 1741 2178 SILANO.

796 2214 1029 2269 Pulcher
1052 2211 1341 2279 Macarius,
1382 2216 1543 2269 studii
1579 2228 1899 2283 morumque
1950 2215 2121 2284 gratia
2174 2228 2294 2269 mea

728 2307 914 2360 fruens
941 2305 1338 2369 benevolentia,
1363 2306 1492 2360 mihi
1519 2306 1695 2361 attulit
1718 2314 1951 2362 vestram
1977 2306 2293 2375 epistolam;

727 2412 829 2465 ego
860 2413 1009 2461 vero,
1043 2400 1391 2452 characteres
1422 2398 1596 2467 primo
1630 2405 1849 2467 aspectu
1882 2412 2206 2466 agnoscens,
2242 2408 2297 2453 et

728 2486 1137 2555 inscriptionem
1181 2484 1451 2551 osculans,
1514 2486 1695 2540 statim
1742 2486 1965 2540 minime
2021 2487 2205 2541 curavi
2238 2486 2292 2540 in

729 2578 844 2647 ipsa
888 2578 1092 2646 scripta
1139 2586 1444 2647 penetrare.
1506 2576 1572 2631 Et
1611 2579 1868 2632 continuo
1904 2592 2106 2648 cycnus
2160 2578 2296 2633 meis

729 2668 965 2722 accinnit
1009 2669 1249 2732 auribus,
1299 2681 1363 2722 ac
1402 2667 1561 2722 veluti
1610 2681 1815 2736 pennas
1851 2678 2013 2724 vento
2042 2668 2293 2733 credens,

728 2759 982 2813 onmibus
1005 2773 1065 2813 se
1089 2758 1232 2813 dedit
1263 2759 1578 2813 accentibus
1606 2758 1970 2826 suavissimis;
2005 2768 2151 2814 tuam
2168 2775 2297 2815 vero

729 2851 1015 2905 lusciniam
1066 2849 1257 2920 agnovi
1289 2864 1415 2905 vere
1463 2848 1628 2905 fuisse
1652 2849 1985 2905 Athenarum
2042 2851 2295 2921 puellam,

729 2950 783 2995 et
809 2929 1003 2994 factam
1030 2954 1146 2994 esse
1171 2954 1346 3003 avem,
1370 2948 1425 2993 et
1453 2941 1675 2994 atticum
1701 2954 1921 2994 servare
1953 2940 2119 2995 melos
2153 2958 2167 2994 :
2197 2940 2298 2994 sub

733 3032 1036 3101 hujusmodi
1089 3031 1257 3100 ﬁgura
1310 3031 1482 3101 ipsam
1524 3031 1823 3102 depingunt
1866 3031 2151 3100 epistolam
2202 3032 2297 3085 hu-

2955 2123 3075 2176 EA'.
3120 2122 3387 2177 ΣΙΛᾹΝΩ.

2482 2214 2539 2266 Ὀ
2584 2212 2745 2275 καλὸς
2789 2213 3073 2283 Μακάριος
3124 2215 3361 2283 σπουδῆς
3405 2214 3565 2267 ἕνεκα
3616 2213 3710 2268 καὶ
3748 2212 3982 2282 τρόπων

2395 2305 2492 2377 τῆς
2535 2306 2673 2377 ἐμῆς
2723 2306 3012 2360 ἀπολαύων
3058 2308 3298 2374 εὐνοίας,
3354 2307 3596 2361 ἐπέδωκέ
3650 2326 3739 2378 μοι
3786 2307 3982 2377 φέρων

2397 2398 2670 2469 ὑμετέραν
2707 2399 3025 2468 ἐπιστολήν·
3072 2399 3183 2467 ἐγὼ
3214 2400 3270 2452 δὲ
3312 2401 3438 2462 τοὺς
3474 2398 3677 2463 τύπους
3711 2400 3987 2467 ἐπιγνοὺς

2397 2487 2515 2558 ἃμα
2541 2491 2609 2559 τῇ
2645 2487 2741 2558 θέᾳ
2776 2488 2873 2541 καὶ
2893 2489 2992 2558 τὴν
3021 2489 3333 2560 ἐπιγραφὴν
3358 2491 3744 2558 ἀσπασάμενος
3764 2531 3779 2555 ,
3812 2491 3986 2553 εὐθὺς

2403 2579 2640 2649 μελήσας
2669 2578 2844 2644 οὐδὲν,
2874 2578 2981 2633 τῶν
3010 2581 3410 2649 γεγραμμένων
3445 2581 3575 2633 εἴσω
3604 2581 3948 2649 γεγενῆσθαι
3967 2598 3982 2610 ·

2398 2669 2493 2721 καὶ
2539 2671 2569 2722 ὁ
2617 2669 2715 2738 μὲν
2763 2668 2962 2732 κύκνος
3009 2669 3172 2733 εὐθὺς
3221 2671 3404 2739 ἐνήχει
3437 2671 3560 2731 ταῖς
3610 2671 3837 2732 ἀκοαῖς,
3880 2671 3988 2721 καὶ

2398 2759 2589 2829 ὥσπερ
2625 2759 2705 2830 τῷ
2735 2760 2955 2832 ζεφύρῳ
2984 2761 3045 2813 τὺ
3086 2759 3285 2831 πτερὸν
3320 2760 3498 2823 ἀνεὶς,
3544 2760 3693 2822 ὅλαις
3723 2759 3989 2812 ἀνέκειτο

2398 2851 2515 2913 ταῖς
2559 2850 2722 2919 ᾠδαῖς
2768 2852 2862 2904 καὶ
2909 2852 3382 2921 μουσικωτάταις·
3434 2850 3532 2919 τὴν
3589 2849 3689 2920 σὴν
3737 2849 3988 2920 ἀηδόνην

2397 2940 2493 2995 νῦν
2539 2941 2707 3004 ὅντως
2749 2941 2921 3009 ἐγνων
2963 2943 3038 3006 ὡς
3079 2942 3320 3012 Ἀθηνῶν
3342 2941 3585 3012 ὑπῆρχεν
3613 2943 3646 3009 ὴ
3676 2940 3846 3009 κόρη,
3882 2942 3989 2993 καὶ

2398 3032 2621 3101 γέγονεν
2663 3033 2844 3103 ὅρνις,
2879 3035 2974 3088 καὶ
3001 3035 3100 3104 τὴν
3141 3034 3390 3105 ’Δττικὴν
3429 3035 3681 3103 φυλάττει
3724 3036 3839 3096 τοῖς
3877 3034 3989 3103 μέ-

732 3121 1136 3176 ιιιειιιτειίιιειιιι.
1173 3121 1286 3191 Ego
1326 3132 1502 3175 autem
1547 3122 1648 3175 hoc
1693 3122 2010 3181 delectatus.
2042 3138 2293 3191 magnum

2401 3126 2547 3179 λεσι·
2581 3125 2822 3180 τοιοῦτον
2862 3125 3033 3195 αὐτῆς
3078 3127 3138 3178 τὸ
3178 3126 3364 3195 σχῆμα
3413 3126 3510 3195 τῆς
3548 3126 3842 3194 ἐπιπολῆς
3875 3125 3987 3195 δη-

732 3213 956 3284 spiravi,
1011 3222 1065 3267 et
1105 3212 1157 3266 in
1186 3212 1501 3267 memoriam
1529 3212 1777 3265 revocavi
1805 3213 2037 3280 priscam
2071 3210 2296 3265 felicita-

2403 3212 2754 3284 μιουργοῦσιν
2771 3214 2821 3266 οἱ
2838 3212 3017 3281 λόγοι·
3050 3213 3161 3281 ἐγὼ
3188 3215 3244 3267 δὲ
3270 3213 3432 3267 τοῦτο
3460 3212 3643 3276 ἡσθεὶς
3667 3214 3992 3265 ἀνέπνευσα

735 3314 865 3367 tem,
902 3314 960 3358 ut
984 3304 1139 3359 nobis
1174 3303 1407 3358 invicem
1438 3302 1581 3358 obvii
1611 3302 1872 3357 fuerimus
1908 3302 2058 3371 juxta
2095 3300 2296 3365 Nilum,

2401 3304 2459 3356 τὸ
2503 3302 2675 3373 μέγα,
2729 3302 2821 3355 καὶ
2872 3303 3112 3364 παλαιᾶς
3160 3303 3509 3371 εὐδαιμονίας
3558 3302 3844 3372 ἀνηγόμην
3902 3307 3993 3365 είς

736 3404 792 3449 ιιι
824 3396 953 3449 mihi
989 3395 1198 3449 dederit
1227 3394 1435 3471 fortuna
1485 3404 1535 3449 te
1560 3408 1749 3452 secure
1777 3392 1904 3456 frui,
1950 3403 2005 3446 ιιι
2026 3401 2075 3447 te
2097 3393 2297 3447 amisso

2402 3395 2645 3465 μνήμην,
2678 3393 2752 3457 ῶς
2786 3396 3033 3463 συνεῐμεν
3068 3393 3319 3462 ἀλλήλοις
3350 3394 3500 3464 παρά
3535 3391 3635 3446 τὸν
3655 3394 3869 3454 Νεῖλον,
3909 3395 3994 3456 ὡς

736 3485 963 3540 afﬂictus
1015 3484 1231 3550 fuerim,
1294 3492 1353 3538 ut
1384 3484 1642 3553 gaudeam
1681 3492 1732 3538 te
1786 3497 1928 3536 nunc
1956 3492 2297 3552 recuperato;

2401 3484 2571 3547 ἀδεῶς
2608 3484 2959 3553 ἐμφορεῖσθαί
2993 3501 3090 3536 σου
3116 3487 3378 3554 παρεῖχεν
3417 3486 3450 3553 ἡ
3486 3485 3645 3554 τύχη,
3684 3484 3759 3546 ὡς
3782 3500 3995 3554 στερη-

735 3592 832 3645 per
854 3586 996 3629 tuam
1025 3577 1167 3630 enim
1205 3575 1489 3645 epistolam
1531 3585 1580 3629 te
1616 3575 1726 3644 jam
1748 3574 2026 3644 possidere
2062 3574 2193 3627 mihi
2216 3574 2297 3629 vi.

2401 3574 2514 3637 θεὶς
2544 3575 2812 3645 ἠχθόμην,
2854 3575 2929 3638 ὡς
2966 3576 3140 3646 χαίρω
3175 3575 3271 3629 νῦν
3300 3576 3697 3646 κομισάμενος·
3727 3577 3824 3629 καὶ
3872 3578 3993 3644 γάρ

733 3670 884 3732 dcor,
907 3676 962 3721 et
994 3682 1165 3723 meam
1190 3668 1469 3722 confessus
1498 3682 1613 3719 sum
1634 3666 2014 3736 gratitudinem
2034 3666 2083 3720 ei
2116 3665 2205 3734 qui
2233 3665 2297 3719 ad

2402 3681 2459 3717 σε
2489 3665 2575 3717 διὰ
2600 3665 2697 3733 τῆς
2726 3666 3017 3735 ἐπιστολῆς
3045 3667 3189 3734 ἔχειν
3214 3667 3313 3736 ἤδη
3343 3667 3500 3730 δοκῶ,
3536 3669 3627 3720 καί
3652 3668 3810 3737 χάριν
3830 3669 3997 3738 ὠμο-

702 3774 823 3812 .me
858 3759 1000 3812 illam
1031 3758 1228 3812 attulit.
1269 3758 1441 3823 Quam
1488 3756 1721 3821 felicem,
1776 3770 1810 3810 ο
1858 3770 2008 3826 puer,
2066 3756 2297 3820 aiebam,

738 3850 902 3905 habes
940 3848 1201 3902 familiam
1229 3849 1242 3900 !
1275 3849 1339 3902 Et
1366 3848 1443 3901 illi
1468 3847 1861 3916 exprobrabam
1893 3846 2033 3913 quod
2066 3860 2125 3901 se
2152 3846 2218 3900 ad
2249 3856 2302 3899 te

734 3940 1009 4009 pertinere
1054 3954 1161 3992 non
1198 3939 1491 4006 detegeret.
1531 3936 1670 4003 Quid
1697 3936 1932 3991 faciam?
1968 3936 2058 4004 qui
2098 3936 2300 4004 possim

736 4030 783 4081 ei
808 4038 1012 4082 tantmn
1046 4041 1301 4098 prazstare
1323 4037 1583 4097 quantum
1621 4027 1882 4095 cupio?si
1913 4027 2298 4098 gratitudinem

736 4118 804 4172 ad
847 4118 1039 4172 bonam
1087 4118 1416 4172 voluntatem
1470 4117 1892 4182 mensuraveris,
1943 4116 2076 4170 nihil
2115 4132 2221 4170 non
2269 4128 2300 4170 a

736 4208 894 4262 nobis
913 4208 1163 4276 accipiet.
1204 4206 1274 4262 Ut
1302 4208 1480 4263 audivi
1514 4217 1694 4262 autem
1727 4216 1778 4261 te
1822 4206 2115 4275 nuptialem
2163 4204 2301 4260 ferre

732 4299 941 4367 jugum,
981 4307 1105 4351 vota
1132 4298 1240 4351 fudi
1277 4308 1333 4352 ut
1357 4307 1477 4354 tuos
1506 4299 1737 4354 viderem
1765 4298 1960 4353 liberos
1984 4307 2195 4368 patrem
2223 4298 2300 4352 vi-

738 4388 991 4443 dentibus
1025 4388 1400 4457 prmdicantcs.

1248 4478 1407 4534 LXII.
1443 4477 1759 4534 DIODORO.

809 4571 949 4637 Quid
981 4571 1074 4625 tibi
1108 4570 1328 4634 accidit,
1350 4585 1383 4625 ο
1410 4570 1591 4639 lingua
1616 4568 1913 4639 multiplex,
1940 4569 2031 4638 qui
2064 4567 2171 4624 alte
2186 4568 2303 4623 cla-

739 4663 927 4716 mabas
967 4669 1156 4715 contra
1205 4661 1479 4716 silentes?
1516 4660 1713 4715 Eorum
1754 4676 1875 4730 qua:
1934 4661 2309 4731 exprobrabas

738 4752 854 4821 ipse
871 4752 1147 4805 convictus
1172 4766 1247 4815 es,
1278 4759 1331 4806 et
1358 4760 1523 4806 temet
1548 4752 1750 4806 inscius
1777 4751 2093 4815 accusabas,
2120 4760 2177 4806 et
2199 4750 2304 4806 tuis

739 4844 1039 4909 illaqneans
1069 4850 1256 4908 captus
1288 4856 1346 4896 es
1370 4843 1601 4897 retibus.
1639 4841 1762 4897 Tibi
1797 4843 1994 4897 accidit
2022 4844 2165 4912 quod
2196 4841 2303 4897 fert

739 4932 1024 5000 adagium:
1065 4950 1082 4981 ι
1118 4930 1463 4998 Exprobrans
1507 4946 1627 4999 quae
1669 4932 1780 5001 ipse
1822 4931 2018 4995 fecisti,
2068 4934 2300 5001 teipsum

738 5035 979 5083 accusas,
1009 5020 1224 5087 tuisque
1255 5018 1465 5087 caperis
1503 5019 1624 5073 alis.
1666 5020 1871 5089 Itaque,
1894 5021 1938 5074 si
1962 5022 2063 5074 hoc
2084 5021 2300 5076 decuis-

738 5121 836 5175 set,
875 5120 1018 5164 tuam
1059 5111 1153 5163 tibi
1194 5111 1414 5164 omnino
1464 5110 1793 5165 remisissem
1828 5110 2107 5180 epistolam
2142 5129 2156 5164 :
2190 5111 2302 5166 for-

736 5218 832 5255 san
867 5202 1015 5255 enim
1049 5203 1301 5256 scivisses
1325 5213 1373 5255 te
1397 5211 1764 5257 accusatorem
1792 5202 1958 5257 fuisse
1991 5203 2145 5272 quasi
2185 5204 2300 5269 ipse

740 5307 862 5345 reus
918 5308 1023 5345 non
1058 5290 1279 5355 fuisses,
1321 5303 1377 5346 et
1426 5309 1571 5347 nunc
1618 5293 1930 5363 delinquere
1979 5293 2134 5362 quasi
2165 5293 2300 5347 nihil

734 5382 1141 5451 exprobrasses.
1174 5381 1312 5436 luco
1338 5392 1513 5436 autem
1546 5384 1779 5437 maxime
1799 5384 2111 5452 peccavisti,
2133 5386 2296 5453 quod,

737 5472 959 5525 induere
994 5472 1256 5527 affectans
1283 5475 1580 5528 c0thurnos
1602 5474 1765 5529 valde
1784 5475 2037 5544 pulchros
2057 5483 2115 5528 et
2148 5476 2300 5542 pedi-

735 5558 835 5613 bus
888 5559 1208 5614 concinnius
1262 5571 1492 5631 aptatos,
1558 5574 1616 5615 ιιι
1665 5564 1944 5618 conttuediae
1984 5563 2096 5617 vult
2148 5578 2298 5628 usus,

737 5659 978 5718 agrestes
1010 5651 1143 5707 istas
1172 5652 1363 5707 misisti
1402 5654 1611 5709 litteras
1654 5657 1873 5708 nomine
1924 5664 1977 5709 et
2006 5655 2181 5709 salute
2210 5670 2300 5708 ca-

737 5748 952 5807 reutes;
994 5751 1045 5797 et
1077 5742 1142 5796 de
1182 5743 1301 5798 istis
1329 5753 1507 5798 tamen
1544 5744 1712 5814 magis
1743 5746 2298 5815 superbiebas,quam

2330 4490 2383 4550 D

2400 3755 2592 3823 λόγουν
2618 3756 2697 3824 τῷ
2726 3755 2930 3825 ταύτην
2951 3758 3074 3826 ἐμοὶ
3101 3757 3384 3811 δεδωκότι·
3415 3760 3528 3818 καὶ.
3568 3759 3655 3821 Ὠς
3679 3760 3990 3828 εὐδαίμων,

2400 3846 2557 3918 ἔφην,
2575 3840 2751 3912 ὧπαῒ,
2776 3848 2868 3900 τοῦ
2886 3848 3076 3915 γένους
3096 3849 3360 3918 ὑπάρχεις
3385 3850 3398 3901 ι
3421 3851 3514 3901 καὶ
3537 3850 3872 3919 ἐμεμφόμην
3900 3855 3994 3904 ὅτι

2403 3956 2486 3993 σοι
2510 3940 2801 4009 προσήκων
2836 3940 3093 3993 ἐλάνθανε
3117 3958 3129 3971 ·
3163 3942 3246 4002 τίς
3275 3937 3367 3993 οὖν
3400 3942 3678 4009 γένωμαι;
3714 3941 3883 3994 πόθεν
3918 3943 3993 3995 ἂν

2399 4031 2667 4102 δυναίμην
2695 4032 2846 4100 αὑτῷ
2871 4032 3129 4102 παρέχειν
3166 4032 3340 4085 ὁπόσα
3378 4034 3473 4084 καὶ
3507 4031 3807 4101 βούλομαι;
3843 4037 3901 4085 εἰ
3932 4034 3995 4086 δὲ,

2404 4125 2695 4194 μετρήσεις
2734 4126 2801 4194 τῇ
2835 4124 3114 4195 προθυμίᾳ
3145 4124 3245 4194 τὴν
3273 4124 3455 4192 χάριν,
3485 4124 3635 4176 οὐδέν
3667 4125 3817 4175 ἐστιν
3850 4124 3885 4175 ὃ
3936 4141 3994 4175 τι

2404 4214 2480 4283 μὴ
2511 4212 2741 4285 λήψεται
2781 4215 2911 4285 παρ’
2953 4214 3144 4283 ἡμῶν·
3192 4214 3431 4278 ἀκούσας
3476 4214 3530 4266 δέ
3579 4230 3636 4265 σε
3670 4215 3763 4266 καὶ
3796 4213 3993 4283 γάμου

2401 4304 2587 4374 φέρειν
2626 4304 2812 4372 ζυγὸν,
2859 4304 3123 4374 εὐξαίμην
3172 4320 3264 4356 σου
3317 4306 3413 4357 καὶ
3462 4304 3657 4366 παῖδας
3691 4304 3823 4356 ίδεῖν
3869 4310 3995 4367 τοῖς

2400 4393 2568 4463 ὁρῶσι
2598 4394 2689 4446 τὸν
2728 4393 2938 4463 πατέρα
2964 4392 3357 4461 κηρύττοντας.

2966 4483 3088 4536 Ξιιο.
3126 4484 3423 4552 anesum.

2475 4573 2540 4628 ’Π
2568 4591 2726 4627 τουτο
2754 4572 3027 4635 πέπονθας
3052 4574 3080 4625 ὁ
3101 4572 3271 4633 πολὺς
3291 4573 3391 4642 τὴν
3415 4570 3681 4639 γλῶτταν,
3706 4572 3804 4625 καὶ
3836 4574 3999 4641 μέγα

2404 4665 2581 4717 πνέων
2626 4662 2767 4717 κατά
2805 4663 2914 4715 τῶν
2958 4660 3314 4716 σιωπώντων·
3356 4661 3502 4730 ἥλως
3541 4655 3624 4723 οἷς
3666 4662 3993 4725 ἐνεκάλεις,

2406 4756 2499 4809 καὶ
2529 4756 2672 4809 κατὰ
2702 4753 2901 4809 σαυτοῦ
2947 4754 3334 4824 κατηγορήσας
3378 4751 3685 4815 ἐλάνθανες,
3732 4753 3829 4805 καὶ
3870 4756 3997 4815 τοῖς

2404 4844 2599 4898 ἑαυτοῦ
2636 4843 2872 4906 δικτύοις
2902 4844 3072 4904 ἐάλως
3106 4840 3462 4910 σαγηνευθείς
3481 4858 3495 4873 ο
3524 4840 3561 4894 ἃ
3592 4840 3698 4911 γὰρ
3743 4840 3998 4911 ἐμέμψω

2403 4933 2639 5005 δράσας,
2664 4932 2876 4986 οἴκοθεν
2922 4931 3066 5001 ἔχεις
3094 4930 3186 4983 τὸν
3215 4930 3458 5000 ἔλεγχον,
3499 4929 3594 4982 καὶ
3632 4932 3744 4991 τοῖς
3778 4930 3995 4983 ἑαυτοῦ

2404 5025 2623 5085 πτεροῖς
2666 5024 2864 5089 ἑάλως,
2904 5022 3005 5092 τὴν
3054 5020 3353 5090 παροιμίαν
3396 5018 3620 5073 παθών*
3667 5018 3799 5071 ὥστ’
3848 5022 3909 5072 εἴ
3941 5036 3998 5072 τι

2402 5116 2510 5168 τῶν
2552 5113 2925 5184 εροσηκόντων
2966 5111 3205 5178 ἐγίνετο,
3256 5111 3357 5179 τὴν
3403 5109 3500 5179 σὴν
3528 5108 3591 5161 ἄν
3634 5125 3715 5161 σοι
3762 5107 3998 5171 πάντως

2402 5206 2694 5275 ἐπιστολὴν
2728 5203 3110 5272 ἀντεπέθηκα·
3158 5202 3300 5270 τάχα
3336 5199 3445 5270 γὰρ
3492 5199 3752 5268 ἀνέγνως
3800 5202 3995 5252 ἐπιτι-

2407 5299 2588 5368 μήσας
2621 5295 2718 5364 μὲν
2743 5294 2818 5357 ὡς
2863 5295 2962 5345 οὐκ
2995 5292 3061 5345 ἄν
3108 5292 3393 5361 ἁμαρτὼν,
3427 5289 3763 5360 πλημμελῶν
3792 5289 3849 5341 δὲ
3889 5288 3996 5343 νῦν

2403 5388 2477 5449 ὡς
2509 5385 2895 5454 κατηγορήσας
2923 5383 3072 5436 οὐδέν
3092 5398 3105 5411 ’
3142 5383 3237 5435 καὶ
3264 5382 3327 5434 τὸ
3358 5380 3613 5450 μέγιστον
3654 5380 3736 5432 δτι
3772 5380 3994 5448 φιλοτι-

2405 5476 2719 5546 μησάμενος
2752 5473 3078 5543 ὑποδήματα
3109 5470 3246 5524 καλά
3276 5487 3336 5524 τε
3376 5470 3495 5525 λίαν
3524 5472 3618 5522 καὶ
3655 5471 3788 5540 περὶ
3818 5472 3995 5531 πόδας

2407 5566 2627 5638 μᾶλλον,
2653 5564 2729 5627 ὡς
2768 5567 2834 5634 τῇ
2871 5563 3136 5634 κωμῳδίᾳ
3164 5563 3348 5626 δοκεῖ,
3392 5564 3485 5615 καὶ
3513 5561 3685 5614 ταῦτα
3718 5560 3996 5629 γραμμά-

2403 5677 2509 5711 των
2539 5656 2722 5726 ἔρημα
2752 5656 3045 5723 πέπομφας
3064 5692 3081 5717 ,
3110 5656 3244 5724 μήτε
3302 5656 3361 5706 τὸ
3406 5653 3574 5717 δεῖξαι
3606 5653 3745 5721 μήτε
3775 5650 3839 5702 τὸ
3868 5650 3998 5717 χαί-

2406 5763 2517 5815 ρειν
2574 5743 2775 5797 εἰπών·
2819 5742 2995 5796 καίτοι
3052 5743 3258 5810 μεῖξον,
3313 5743 3387 5806 ὠς
3434 5742 3598 5804 εἰκὸς,
3640 5743 3730 5794 ἐπὶ
3775 5741 3996 5801 τούτοις
