4248 6428
272 420 417 486 2769

1687 423 2087 483 EPISTULJE.

3369 417 3470 479 277

272 534 612 602 “396mm”,
660 533 692 604 ἢ
739 534 966 603 Κροῖσος
1014 534 1217 597 ἐκεῖνος
1267 534 1363 597 τὰς
1409 534 1724 605 θασμαστὰς
1751 547 1754 550 ’
1782 534 1844 604 δὴ
1875 538 1918 595 Δ

1826 538 1918 604 ίιΛ
1950 536 2034 586 ille
2082 535 2299 589 Croesus
2363 534 2637 591 mirabiles
2705 531 2936 603 Apollini
2987 530 3186 586 lateres
3251 529 3503 598 largiens.

274 625 529 689 πλίνθους
568 626 646 695 τῷ
681 625 862 693 Πυθίῳ
890 626 1259 696 δωρούμενος·
1309 626 1458 696 δηλοῖ
1488 626 1543 678 δὲ
1590 627 1649 678 τὸ
1680 626 1844 679 πάλαι

275 730 336 765 σε
386 713 556 767 ταῦτα
589 714 839 784 περὶτοῦ
870 753 882 767 .
926 755 939 768 .
977 754 990 767 .
1026 714 1157 785 ργοῦ
1198 714 1583 784 κομισάμενον,
1633 714 1843 779 μέλλειν

274 804 362 856 ἀεὶ
394 816 491 857 καί
520 806 1014 875 καταστοχάζεσθαι
1045 806 1135 860 τοῦ
1171 806 1391 876 καιροῦ.
1425 806 1571 869 ὅπως
1597 805 1662 858 ἂν
1686 807 1843 875 ἐρχο-

278 897 447 966 μένης
478 898 576 965 τῆς
609 897 966 969 πανηγύρεως
984 938 998 964 ,
1025 897 1199 951 ταῦτα
1221 896 1399 951 λαϐὼν
1430 898 1707 969 προσέλθω
1732 902 1845 963 τοῖς

273 989 444 1058 ὁρῶσι
476 990 571 1060 τὴν
602 992 913 1061 φιλοτιμίαν
944 992 1109 1062 βοῶν·
1143 993 1264 1047 ὅθεν
1296 1009 1388 1045 σου
1441 992 1501 1045 τὸ
1528 991 1697 1055 πάθος
1739 1010 1843 1062 ματ

276 1081 405 1147 θὼν,
432 1083 658 1154 προῄειν
683 1084 823 1137 κατά
845 1085 935 1136 τὸν
968 1086 1262 1155 Ὁμηρικὸν
1280 1088 1477 1140 Αἴαντα
1506 1087 1645 1155 μέγα
1666 1084 1842 1155 βιϐάς·

275 1172 372 1225 καὶ
420 1172 786 1243 κατεκρότουν
835 1173 933 1243 τὴν
984 1174 1089 1243 γῆν
1126 1174 1469 1244 ἐπιστρέςων
1520 1174 1667 1243 παρὰ
1722 1176 1844 1234 τοὺς

276 1264 446 1325 πόδας
485 1265 575 1316 τὸν
628 1264 861 1331 θεατήν·
911 1265 1005 1316 καὶ
1044 1266 1095 1317 εί
1122 1281 1204 1327 τις
1256 1265 1390 1333 ὀρᾷν
1424 1265 1521 1315 οὐκ
1569 1262 1830 1332 ἠϐούλετο

275 1352 538 1423 ὐὸριστὴν
559 1352 746 1407 τοῦτον
778 1354 1015 1418 ἐδόκουν,
1045 1355 1137 1406 καὶ
1162 1354 1312 1417 τέλος
1336 1354 1468 1424 ὁρᾷν
1503 1352 1846 1421 κατηνάγκα-

274 1444 390 1508 ζον,
422 1445 519 1497 καὶ
547 1444 771 1515 μηδενὸς
792 1445 1099 1513 ἐρωτῶντος
1128 1445 1320 1499 ὁπόθεν
1353 1444 1461 1515 ἔχω
1486 1444 1846 1505 λαϐὼν,σΔιό-

272 1534 445 1604 δωρος
474 1538 502 1588 ὁ
534 1535 707 1599 δοὺς,›
728 1535 892 1605 ἀνεκή
903 1552 1092 1607 ρυττον
1108 1551 1121 1565 ·
1141 1537 1233 1589 καὶ
1257 1535 1342 1589 διά
1362 1536 1577 1589 πάντων
1601 1535 1847 1606 ὑπῆρχεν

275 1626 364 1679 ἐπ’
396 1627 520 1696 ἐμοὶ
552 1628 653 1695 μὲν
700 1628 1088 1698 ἀπειροκαλίας
1114 1631 1141 1682 δ
1171 1628 1377 1697 γέλως·
1408 1628 1499 1682 ἐπὶ
1533 1628 1615 1681 σοὶ
1634 1628 1710 1692 δὲ,
1746 1626 1846 1697 τῆς

274 1719 551 1788 εὐνοίαςή
593 1721 812 1789 μνήμη·
864 1722 1088 1775 τοιαῦτά
1130 1739 1212 1774 σοι
1245 1722 1353 1774 τῶν
1405 1722 1585 1775 καλῶν
1634 1721 1848 1773 ὑποδειο

274 1809 502 1878 γμάτων
541 1811 858 1878 ἀπήλαυσα,
908 1811 1104 1881 μικροῦ
1149 1812 1258 1864 δεῖν
1288 1813 1379 1864 ἐπὶ
1426 1812 1664 1882 κεφαλὴν
1697 1812 1843 1881 βαδί·

276 1916 396 1965 σας,
433 1900 577 1963 ὅπως
609 1904 664 1953 ἐν
701 1901 848 1971 καλῷ
882 1903 978 1972 τῆς
1009 1902 1134 1966 θέας
1169 1901 1322 1956 ἔσται
1360 1903 1418 1955 τὸ
1446 1902 1635 1961 δῶρον.

817 1994 934 2047 ειν.
978 1993 1322 2066 ΕΙΙΙΦΑΝΙῼ.

348 2070 519 2158 δῐμαί
552 2106 613 2142 σε
649 2089 919 2142 ποιεῖσθαι
954 2089 1071 2142 λίαν
1116 2090 1173 2141 ἐν
1197 2089 1453 2159 θαύματι,
1485 2088 1538 2142 τί
1577 2088 1713 2157 δῆτα
1754 2089 1847 2141 νῦν

280 2180 469 2251 μαθὼν
502 2181 602 2252 ήδη
644 2181 738 2233 καὶ
770 2180 1113 2251 γραμμάτων
1156 2180 1501 2251 κατάρχομαι
1522 2195 1537 2210 ·
1570 2180 1760 2234 τούτου
1792 2181 1849 2234 δὲ

275 2276 375 2345 τὴν
407 2273 590 2327 αἰτίαν
616 2276 663 2325 εί
710 2272 921 2343 βούλει,
954 2273 1287 2343 Στρατήγιος
1318 2276 1428 2335 τοῖς
1459 2272 1637 2341 λόγοις
1680 2289 1848 2343 στρα-

276 2367 497 2419 τεύεται
544 2364 686 2418 κατά
726 2364 849 2429 σοῦ,
887 2364 981 2418 καὶ
1034 2364 1199 2427 πολὺς
1262 2364 1360 2431 μὲν
1389 2367 1508 2427 ταῖς
1561 2363 1849 2432 λοιδορίαις

277 2460 471 2527 χωρεῖ,
526 2456 744 2526 μακρὰν
780 2456 835 2509 δὲ
874 2455 1181 2508 κατατείνει
1216 2455 1568 2526 κατηγορίαν,
1633 2455 1728 2507 καὶ
1768 2454 1849 2507 δι-

280 2549 579 2617 καστήριόν
614 2565 703 2617 μοι
719 2547 814 2616 τὴν
835 2547 1014 2601 οἰκίαν
1043 2546 1362 2607 πεποίηται·
1399 2546 1461 2597 τὸ
1485 2545 1541 2598 δὲ
1574 2545 1847 2615 μέγιστον,

278 2639 469 2709 ὥσπερ
499 2641 608 2709 γὰρ
641 2640 690 2691 οἱ
720 2638 881 2691 δεινοὶ
906 2637 1012 2689 τῶν
1040 2637 1302 2707 ρητόρων,
1329 2637 1430 2689 οὐκ
1459 2636 1713 2708 ἀρκεῖται
1739 2638 1851 2699 τοῖς

282 2728 519 2799 παροῦσι
570 2730 732 2795 μόνον
788 2726 1147 2796 ἐγκλήμασιν,
1201 2726 1337 2779 ἀλλά
1393 2726 1610 2794 μίγνυσι
1650 2724 1853 2779 παλαιά

282 2818 510 2879 καινοῖς,
540 2818 634 2869 καὶ
662 2816 860 2885 μύθους
887 2815 1144 2885 ἀρχαίους
1170 2817 1443 2869 ἀνακινεῖ·
1474 2816 1568 2869 καὶ
1602 2816 1853 2885 μάρτυρα

285 2909 428 2961 κατά
477 2906 573 2958 σοῦ
614 2906 767 2959 πόλιν
796 2907 924 2976 ὅλην
960 2906 1058 2975 τὴν
1122 2905 1468 2977 Ἀλεξάνδρου
1517 2907 1849 2976 παρέχεται,

284 2998 411 3059 θέας
451 2997 683 3060 ἱππικὰς
710 2996 1096 3067 διηγούμενος,
1128 2996 1222 3049 καὶ
1254 2994 1435 3050 κύόων
1476 2996 1728 3066 σπουδὴν,
1761 2998 1853 3049 καὶ

282 3090 566 3157 διαλόγους
618 3089 745 3160 περὶ
796 3088 905 3143 τῶν
954 3089 1136 3142 ἵππων
1192 3088 1540 3159 δημοτικοὺς,
1591 3090 1684 3143 xal.
1719 3090 1854 3144 ἅττα

286 3182 456 3236 πολλᾶ
485 3178 659 3251 τούτῳ
704 3180 881 3249 λέγειν
926 3181 1158 3251 ἐπέλθῃ·
1196 3180 1332 3233 ἀλλά
1377 3183 1470 3234 καὶ
1522 3180 1615 3233 νῦν
1651 3198 1709 3233 σε
1741 3183 1853 3242 τοῖς

285 3274 475 3335 ἵπποις
518 3270 887 3325 ἀνακινεῖσθαί
914 3288 1079 3341 φησι,
1115 3272 1207 3324 καὶ
1233 3274 1344 3333 τοῖς
1379 3272 1590 3341 τρέχειν
1620 3272 1853 3341 δυναμέ-

286 3380 399 3426 νοις
428 3360 784 3432 παρεδρεύειν
822 3362 937 3424 ἀεὶ,
970 3361 1065 3414 καὶ
1098 3361 1293 3430 τέχνην
1320 3378 1378 3413 σε
1411 3361 1661 3414 κολάκων
1693 3363 1855 3413 ἐπανο

287 3451 528 3524 ῃρῆσθαι
586 3454 652 3522 τῇ
683 3452 880 3521 γαστρὶ
911 3451 1287 3521 χαριζόμενον.
1334 3452 1447 3505 υύκ
1498 3451 1565 3505 ἀν
1594 3453 1858 3524 δυναίμην

290 3547 371 3608 είς
411 3544 557 3609 ἅπαξ
600 3545 774 3597 είπεῖν
804 3544 903 3596 ὃσα
928 3543 992 3611 δὴ
1024 3542 1281 3606 πολλάκις
1310 3545 1426 3606 ταῖς
1470 3545 1631 3613 ἐμαῖς
1671 3546 1859 3607 ἀκοαῖς

289 3635 572 3689 ἐπαντλεῖ·
590 3635 648 3688 τὸ
669 3634 724 3687 δέ
750 3634 940 3698 αίτιον,
957 3632 1186 3704 Γυμνὸς,
1211 3635 1366 3704 φησὶ,
1392 3636 1452 3686 τὸ
1472 3634 1660 3688 τούτου
1694 3634 1859 3705 μέρος

290 3728 432 3797 ἐγώ·
466 3727 524 3779 ἒν
571 3726 729 3796 μόνον
764 3744 852 3797 μοι
899 3726 1109 3796 ἱμάτιον
1141 3725 1460 3781 ὑπελείπετο
1494 3726 1627 3797 πρὸς
1659 3727 1857 3795 ταφὴν,

291 3821 385 3874 καὶ
400 3818 489 3873 διὰ
516 3818 701 3881 τοῦτον
719 3817 1005 3871 ἀνάλωται·
1028 3816 1168 3869 λίνον
1197 3816 1326 3887 γὰρ,
1353 3818 1537 3887 φησὶν,
1566 3817 1861 3886 εἰργασμέ-

292 3928 384 3965 νον
421 3910 625 3972 λαόὼν,
668 3909 741 3970 ὡς
774 3909 837 3981 δὴ
884 3908 1039 3978 χερσὶ
1083 3907 1192 3959 τῶν
1242 3906 1406 3961 αὑτοῦ
1465 3906 1862 3978 θεραπαινίδων

293 4000 591 4066 ἀποδείξων
639 3999 873 4068 ἱμάτιον,
921 3999 1067 4069 Ἴρου
1116 4015 1181 4067 με
1221 3998 1441 4069 παρεῖδε
1495 3997 1859 4067 γυμνότερον·

292 4091 487 4161 χρόνος
526 4090 711 4154 πολὺς,
739 4089 904 4159 φησὶ,
941 4090 1033 4141 καὶ
1073 4090 1455 4160 παρατέταμαι
1481 4092 1599 4153 ταῖς
1630 4090 1860 4143 ἐλπίσιν.

294 4185 360 4237 El
390 4184 570 4236 τοίνυν
601 4199 683 4234 σοι
713 4183 863 4251 μέλει
886 4182 987 4252 τὴν
1019 4184 1225 4233 ἐκείνου
1264 4180 1509 4247 γλῶτταν
1548 4180 1864 4250 πραοτέραν

295 4275 636 4346 ἐργάσασθαι
660 4274 752 4326 καὶ
783 4273 881 4336 τὰς
910 4272 1048 4342 ἐμὰς
1077 4272 1392 4343 ἐλευθεροῦν
1415 4273 1601 4336 ἀκοὰς,
1628 4271 1702 4336 ὡς
1726 4274 1865 4341 τάχα

296 4368 481 4435 πέμπε
519 4364 794 4434 θοιμάτιον
818 4379 829 4391 ·
856 4364 905 4415 εί
943 4364 998 4416 δέ
1026 4363 1099 4433 μὴ
1122 4404 1135 4426 ,
1168 4362 1281 4415 ἀλλ’
1306 4363 1366 4415 ού
1394 4365 1541 4433 φέρω
1563 4362 1740 4430 λέγειν
1768 4362 1866 4414 ὅσα

296 4460 392 4511 καὶ
412 4457 616 4523 λέξειεν
634 4472 647 4485 ·
676 4455 750 4517 ὡς
775 4456 869 4507 καὶ
900 4454 1068 4524 μηδὲν
1100 4454 1239 4523 ἔχων
1274 4454 1521 4521 ἐγκαλεῖν
1548 4492 1563 4515 ,
1597 4453 1867 4523 φλυαρίαν

1946 623 2096 677 Patet
2132 623 2456 693 jampridem
2512 632 2585 692 te,
2642 638 2708 678 ex
2750 639 2855 693 quo
2894 621 3136 677 carmina
3168 618 3254 673 illa
3281 633 3504 687 campo-

1945 716 2125 777 snisti,
2161 725 2348 785 optare
2386 729 2600 784 semper
2636 725 2690 769 et
2723 715 2977 782 aucupari
3013 712 3375 770 occasionem,
3428 722 3506 773 nt,

1944 806 2271 860 adventante
2303 816 2473 870 coetu,
2507 805 2589 860 his
2608 805 2834 875 sumptis
2851 807 3102 874 prodeam
3140 817 3319 858 coram
3351 802 3509 854 boum

1947 898 2242 951 certantina
2298 898 2688 967 spectantibus.
2746 896 2919 961 Unde,
2970 905 3112 948 tuam
3158 892 3510 962 cupiditatem

1946 1003 2309 1057 cognoscens,
2386 1003 2703 1059 progressus
2750 1002 2905 1051 sum,
2964 986 3116 1053 justa
3167 983 3510 1037 Homericum

1945 1080 2183 1144 Ajacem,
2218 1094 2409 1149 magno
2444 1081 2687 1141 incessu;
2723 1093 2785 1133 ac
2822 1087 3020 1132 terram
3049 1074 3274 1142 strepitu
3302 1073 3513 1142 quatie-

1946 1172 2091 1233 b:un,
2126 1185 2444 1225 convertens
2476 1171 2540 1224 ad
2565 1170 2725 1238 pedes
2762 1177 3160 1236 spectatorem;
3214 1176 3289 1228 et,
3322 1165 3365 1218 si
3394 1165 3515 1232 quis

1947 1264 2188 1329 aspicere
2246 1262 2431 1327 nollet,
2487 1263 2647 1316 istum
2706 1275 2804 1329 pro
2861 1258 3112 1314 insolenti
3158 1257 3421 1311 habebam
3460 1263 3514 1307 et

1948 1356 2107 1409 linem
2142 1357 2322 1411 videre
2366 1355 2657 1424 cogebant;
2721 1364 2806 1420 et,
2874 1353 3087 1408 nemine
3144 1353 3514 1415 interrogante

1948 1448 2089 1502 unde
2147 1464 2363 1503 scenam
2394 1447 2722 1511 habuissem,
2770 1444 3111 1499 clamitabam
3145 1460 3160 1499 :
3202 1460 3221 1493 ι
3254 1440 3514 1493 Diodorus

1948 1541 2125 1605 dedit;
2164 1560 2184 1593 ι
2222 1547 2277 1594 at
2307 1541 2372 1594 ab
2404 1539 2652 1593 omnibus
2676 1534 3091 1605 superveniebat
3118 1533 3244 1587 mihi
3275 1533 3514 1586 stultitiae

1946 1632 2254 1697 ludibrium,
2285 1632 2381 1686 tibi
2425 1640 2605 1685 autem
2636 1627 3020 1685 benevolentia:
3048 1624 3511 1681 commemoratio.

1950 1726 2263 1796 llujusmodi
2297 1726 2530 1781 fructum
2555 1740 2620 1780 ex
2653 1734 2743 1777 tuo
2767 1723 3059 1791 specimine
3088 1720 3301 1789 collegi,
3343 1734 3517 1787 quan-

1950 1834 2107 1887 quam
2126 1831 2261 1886 pene
2282 1831 2442 1886 supra
2466 1823 2626 1885 caput
2646 1812 3051 1876 ambulaverim,
3074 1820 3130 1865 ut
3148 1820 3297 1865 tuum
3324 1824 3515 1863 munus
3557 1856 3565 1864 .

1948 1908 2228 1977 pulchrum
2260 1909 2524 1977 praeberet
2555 1905 2940 1976 Spectaculum.

2433 1997 2614 2052 LXIII.
2656 1993 3037 2049 EPIPIIANIO.

2019 2090 2281 2146 Existimo
2310 2096 2360 2145 te
2390 2089 2546 2144 valde
2575 2087 2828 2142 admirari
2860 2102 2956 2140 cur
2976 2086 3085 2154 jam
3116 2099 3257 2140 nunc
3279 2085 3517 2140 scribere

1948 2183 2199 2252 incipiam
2234 2200 2248 2237 :
2280 2181 2434 2250 cujus
2467 2195 2687 2236 causam
2710 2181 2753 2235 si
2780 2176 2997 2249 quaeris,
3034 2181 3148 2233 haec
3176 2185 3277 2232 est.
3309 2176 3518 2231 Strate-

1948 2277 2066 2347 gius
2111 2274 2452 2331 sermonibus
2483 2275 2742 2328 adversus
2783 2280 2833 2327 te
2863 2271 3105 2335 dimicat,
3141 2269 3398 2323 conviciis
3428 2284 3518 2338 ag—

1948 2366 2494 2439 greditur,etlongam
2521 2365 2752 2432 explicat
2776 2364 3192 2426 accusationem,
3217 2377 3278 2416 ac
3298 2363 3514 2416 domum

1950 2469 2125 2509 meam
2165 2453 2327 2519 elegit
2354 2453 2442 2508 ubi
2475 2451 2765 2508 discrimen
2796 2451 3156 2521 judicaretur.
3199 2451 3350 2517 Quod
3388 2464 3515 2504 vero

1951 2546 2245 2599 maximum
2297 2552 2403 2609 est,
2463 2544 2762 2613 peritorum
2812 2543 2983 2598 instar
3042 2542 3341 2605 rhetorum,
3411 2556 3515 2594 non

1950 2645 2239 2692 Contentus
2285 2645 2370 2691 est
2408 2634 2763 2705 praseutibus
2812 2632 3143 2688 solummodo
3179 2632 3515 2692 criminibus.

1953 2727 2047 2780 sed
2083 2726 2273 2781 miscet
2302 2733 2483 2780 vetera
2517 2724 2695 2789 novis,
2735 2735 2789 2780 et
2816 2724 3063 2793 antiquos
3088 2725 3293 2779 reducit
3318 2740 3523 2778 sermo-

1953 2830 2080 2881 nes;
2114 2814 2226 2869 imo
2261 2814 2313 2869 in
2342 2814 2710 2871 testimonium
2730 2813 2990 2871 adversus
3031 2823 3082 2869 te
3104 2818 3265 2868 totam
3292 2814 3522 2868 Alexan-

1954 2905 2083 2960 driae
2144 2906 2331 2960 urbem
2378 2906 2630 2971 suscitat,
2675 2906 2873 2979 equina
2915 2904 3158 2961 referens
3191 2908 3517 2974 spectacula,

1953 3007 2007 3051 et
2030 2998 2258 3051 talorum
2289 2997 2618 3064 studium,et
2640 2998 2925 3068 populares
2955 2999 3021 3053 de
3041 2997 3195 3068 equis
3222 3012 3522 3062 sermones,

1955 3097 2008 3144 et
2057 3089 2223 3143 multa
2257 3089 2361 3145 alia
2409 3104 2742 3160 quaecunque
2772 3089 2911 3145 illius
2956 3089 3150 3161 lingua:
3179 3100 3472 3145 occurrunt
3509 3113 3521 3146 :

1881 3213 1923 3272 ε
1956 3181 2249 3236 etiamnum
2290 3197 2418 3237 vero
2470 3182 2600 3238 dicit
2654 3192 2706 3238 te
2751 3184 2819 3238 ab
2858 3182 3015 3252 equis
3062 3182 3205 3246 vehi,
3256 3193 3311 3238 et
3364 3198 3522 3238 cursu

1960 3274 2231 3329 velocibus
2262 3274 2499 3331 assidere
2538 3289 2774 3344 semper,
2806 3275 3216 3330 etadulatorum
3253 3285 3369 3329 arte
3406 3288 3527 3329 ere-

1959 3375 2106 3419 ctum
2130 3364 2298 3420 fuisse
2318 3364 2407 3435 qui
2437 3366 2589 3436 prius
2608 3366 2782 3421 ventri
2813 3365 3148 3437 indulgebas.
3170 3365 3286 3422 Non
3313 3381 3524 3437 possem

1958 3472 2061 3511 una
2084 3457 2201 3512 vice
2232 3456 2413 3512 dicere
2447 3458 2704 3526 quidquid
2737 3472 2878 3527 saepe
2900 3458 3095 3527 smpius
3126 3460 3262 3513 meis
3303 3459 3525 3514 auribus

1962 3548 2275 3613 instillabat,
2343 3547 2479 3602 Audi
2531 3563 2798 3603 causam:
2845 3566 2864 3599 ι
2898 3548 3080 3605 Nudus
3134 3563 3276 3613 sum,
3330 3548 3525 3620 inquit,

1960 3647 2221 3705 quantum
2245 3637 2297 3692 in
2315 3652 2379 3693 eo
2407 3645 2508 3701 est,
2531 3652 2630 3708 ego
2662 3655 2676 3692 :
2708 3653 2870 3692 unum
2903 3638 3030 3693 mihi
3060 3648 3340 3709 supererat
3365 3641 3529 3693 vesti-

1963 3737 2199 3783 mentum
2225 3731 2291 3784 ad
2317 3731 2684 3801 sepulturam;
2721 3740 2773 3785 et
2800 3744 2897 3800 per
2919 3730 3078 3785 istum
3104 3731 3236 3785 mihi
3260 3731 3526 3799 perditum

1965 3820 2095 3885 fuit;
2135 3836 2257 3875 nam
2290 3821 2455 3877 linum
2482 3822 2833 3887 fabricatum,
2871 3830 2930 3877 ut
2955 3822 3153 3887 aiebat,
3207 3808 3425 3879 sumens
3472 3834 3531 3877 ut

1964 3922 2111 3966 esset
2159 3913 2431 3982 specimen
2481 3923 2536 3968 et
2588 3913 2867 3982 exemplar
2921 3914 3229 3968 vestimenti
3282 3915 3529 3970 manibus

1967 4001 2289 4056 fanmlarum
2325 4016 2543 4057 suarum
2574 4004 2812 4067 texendi,
2861 4003 2946 4058 lro
2987 4004 3267 4058 nudiorem
3290 4019 3375 4059 me
3408 4020 3529 4060 esse.

1965 4108 2070 4147 non
2118 4094 2350 4149 advertit
2380 4092 2529 4162 :jam
2561 4093 2776 4164 longum
2814 4092 3019 4149 ellluxit
3048 4104 3280 4165 tempus,
3313 4106 3369 4152 et
3408 4111 3533 4167 spes

1967 4198 2087 4238 mea
2120 4198 2334 4253 semper
2355 4184 2622 4239 diﬂ‘ertur.
2665 4205 2683 4237 ι
2727 4184 2783 4239 Si
2809 4185 2972 4255 igitur
2992 4187 3126 4241 velis
3147 4188 3382 4260 linguam
3415 4188 3535 4256 ejus

1969 4278 2237 4332 mitiorem
2272 4278 2468 4343 facere,
2496 4288 2551 4332 et
2575 4292 2721 4331 meas
2752 4277 2981 4332 liberare
3010 4268 3187 4341 aures,
3238 4273 3398 4347 quam
3429 4280 3536 4333 cito

1970 4365 2121 4418 mitte
2146 4365 2524 4418 vestimentum
2554 4380 2569 4428 ;
2626 4365 2668 4417 si
2702 4378 2829 4427 non,
2880 4379 2983 4416 non
3022 4365 3171 4417 valeo
3202 4366 3381 4418 dicere
3407 4367 3536 4434 quid

1971 4451 2211 4504 dicturus
2239 4450 2330 4513 sit,
2371 4451 2497 4519 quia
2544 4449 2705 4502 etiam
2740 4466 2843 4503 non
2881 4451 3084 4504 habens
3108 4452 3248 4507 unde
3292 4454 3537 4507 incrimi-

295 4550 388 4603 τὸν
434 4547 548 4619 βίον
582 4546 908 4615 πεποίηται·
946 4544 1074 4597 εἰδὲ
1114 4544 1207 4596 καὶ
1236 4544 1527 4614 προσλάϐοι
1555 4562 1605 4596 τι
1644 4543 1939 4609 δίκαιον,.ῐ)
1971 4563 1972 4566 ‘

1862 4550 1939 4609 ,.D
1971 4556 2148 4609 uetur,
2197 4545 2249 4597 in
2281 4543 2607 4611 loquacitate
2642 4543 2803 4595 vitam
2839 4558 2988 4595 suam
3028 4545 3267 4610 reponit;
3331 4546 3373 4598 si
3408 4547 3535 4614 quid

296 4622 474 4703 εἴποις
497 4640 569 4693 ἂν
599 4637 764 4693 αὑτοῦ
787 4638 853 4707 τῇ
886 4636 1101 4707 γλώττῃ
1123 4636 1213 4688 τὸν
1240 4635 1409 4705 θυμὸν
1441 4638 1689 4689 ἐνοικεῖν.

297 4817 413 4872 ΞΔν.
456 4817 692 4887 remo
738 4814 1231 4885 ῐΛΤΡυΣΟΦΙΣΤῌ
1290 4812 1486 4885 [Band.
1516 4813 1866 4886 mxume].

373 4909 585 4979 Ἦσθην
617 4909 698 4962 ὅτι
726 4907 816 4961 τὸν
844 4906 1006 4959 καλὸν
1035 4906 1305 4975 Δωρόθεον
1332 4906 1389 4957 ὃν
1416 4906 1544 4975 ὑμῖν
1576 4906 1663 4958 διὰ
1692 4925 1870 4977 γραμ-

302 5000 490 5070 μάτων
532 4998 837 5066 συνὲστησα
879 4997 1166 5066 πρότερον,
1219 4995 1406 5048 τοῦτον
1455 4998 1518 5048 ἐκ
1569 4997 1869 5065 μεταδολῆς

299 5090 453 5145 αὐτοί
484 5107 574 5160 μοι
602 5088 959 5149 συνιστῶντες
996 5088 1290 5157 ἐγράψατε.
1322 5088 1386 5139 Τί
1427 5089 1532 5156 γὰρ
1560 5087 1644 5155 εἴη
1688 5088 1871 5155 μεῖζον

300 5184 599 5253 τεκμήριον
638 5180 731 5233 τοῦ
762 5181 881 5233 κατ’
914 5180 1131 5236 ἐλπίδας
1156 5182 1287 5249 ἡμῖν
1326 5179 1573 5249 χωρῆσαι
1602 5180 1668 5232 τὰ
1694 5182 1873 5250 γράμ-

306 5272 692 5345 ματαςἙλθὼν
729 5273 788 5324 δὲ
836 5271 969 5341 πρὸς
996 5274 1141 5341 ἡμᾶς
1170 5272 1319 5325 οὐδὲν
1359 5272 1515 5339 ἤθελε
1546 5272 1744 5337 λέγειν,
1769 5274 1796 5325 ὃ
1822 5290 1871 5325 τι

307 5367 383 5437 μὴ
425 5366 484 5418 σέ
516 5363 685 5432 κάμοὶ
724 5362 1032 5432 χαριεῖσθαι
1071 5362 1261 5427 θέλων,
1315 5364 1410 5416 καὶ
1440 5366 1503 5433 τῇ
1546 5365 1730 5434 μνήμῃ
1766 5365 1873 5417 τῶν

307 5459 416 5512 σῶν
452 5457 896 5528 εὐφραινόμενος,
922 5454 1013 5507 καί
1041 5471 1098 5506 σε
1121 5455 1286 5508 πολὺν
1308 5456 1398 5507 ἐπὶ
1426 5457 1688 5524 στόματος
1716 5453 1870 5526 ἦγεν,

303 5550 378 5613 ὼς
420 5548 643 5610 εὔνουν,
685 5546 759 5608 ὼς
821 5545 1045 5614 ἀγαθὸν,
1085 5547 1159 5607 ὠς
1194 5544 1409 5616 γλώττῃ
1464 5546 1557 5598 καὶ
1593 5549 1737 5617 χειρὶ
1784 5549 1873 5601 τὸν

319 5642 643 5712 Ἀσκληπιὸν
673 5641 1094 5711 παρακείμενον.
1123 5641 1229 5693 Καὶ
1248 5639 1389 5693 οὕτω
1413 5640 1475 5708 δὴ
1498 5641 1558 5693 τὸ
1580 5645 1675 5711 τῆς
1702 5637 1874 5712 ίατρι-

308 5738 408 5805 κῆς
448 5734 718 5805 αὐστηρὸν
742 5734 797 5785 αἱ
830 5734 927 5801 τῆς
968 5733 1237 5801 ὑμετέρας
1273 5733 1515 5802 γλώττης
1550 5734 1873 5804 παρεμυθή-

311 5845 469 5882 σαντο
527 5826 772 5897 χάριτες·
818 5823 986 5876 ταῦτα
1010 5822 1255 5890 λέγοντος
1292 5820 1703 5892 προύλάμϐανον
1752 5822 1875 5883 τοὺς

1970 4644 2147 4687 autem
2179 4634 2307 4703 justi
2345 4633 2684 4703 proﬁteatur,
2723 4634 2872 4687 dicas
2895 4632 2969 4686 illi
2999 4635 3236 4686 animum
3269 4634 3322 4688 in
3357 4635 3535 4704 lingua

1970 4726 2224 4780 residere.
3093 4709 3103 4741 ³

2357 4815 2541 4871 LXIV.
2584 4816 2827 4873 GESSIO
2858 4816 3129 4873 MEDICO.

2040 4911 2268 4965 Gavisus
2297 4924 2416 4964 sum
2438 4925 2502 4964 eo
2524 4910 2667 4978 quod
2694 4910 2974 4979 pulchrum
3001 4910 3349 4977 Doro‘theum,
3378 4928 3536 4982 quem

1973 5004 2121 5057 vobis
2153 5018 2245 5072 per
2287 5002 2490 5056 litteras
2529 5003 3035 5057 commendaveram
3081 5005 3246 5071 prius,
3290 5008 3538 5059 eumdem

1974 5096 2088 5147 vice
2106 5108 2257 5147 versa
2275 5108 2369 5147 vos
2394 5093 2494 5160 ipsi
2524 5093 2653 5147 mihi
2680 5093 2732 5145 in
2757 5094 2982 5162 epistola
3002 5094 3538 5151 commendzn'eritis:

1973 5184 2099 5253 quid
2129 5185 2270 5237 enim
2305 5184 2473 5253 magis
2501 5184 2703 5238 indicet
2736 5184 2945 5238 litteras
2999 5197 3209 5239 nostras
3264 5198 3540 5256 speratum

1972 5277 2272 5331 obtinuisse
2303 5275 2654 5331 successum?
2710 5275 2779 5331 Ut
2804 5277 2869 5330 ad
2904 5293 3001 5331 nos
3032 5280 3298 5344 pervenit,
3330 5282 3545 5334 nnltlltnt

1973 5369 2267 5438 quidquam
2290 5366 2493 5430 dicere,
2537 5366 2664 5433 quin
2696 5375 2744 5419 te
2778 5365 2907 5419 mihi
2932 5367 3293 5433 gratissimum
3330 5368 3544 5422 cilieet'c

1975 5466 2218 5523 cuperet,
2274 5462 2599 5520 tuorumque
2632 5452 3013 5507 beneﬁciorum
3046 5455 3305 5507 memoria
3333 5455 3543 5509 lzutarc-

1976 5557 2097 5609 tur;
2132 5561 2194 5599 ac
2221 5554 2269 5598 te
2294 5544 2789 5613 frequentissimum
2820 5544 2872 5596 in
2899 5558 2993 5597 ore
3019 5544 3265 5606 habebat,
3300 5556 3358 5598 ut
3382 5548 3544 5599 hem--

1976 5638 2176 5701 volum,
2240 5644 2297 5689 ut
2354 5635 2639 5703 optimum,
2701 5644 2758 5686 ιιι
2804 5634 2981 5702 lingua
3012 5644 3066 5687 et
3104 5651 3260 5688 manu
3298 5635 3542 5706 Esenl-zpi

1977 5731 2281 5798 proximum
2310 5746 2324 5784 :
2360 5743 2531 5798 usque
2550 5728 2684 5782 adeo
2714 5727 2993 5781 medieium
3012 5728 3358 5795 asperitatem
3380 5732 3544 5783 vestri

1980 5819 2245 5875 sermonis
2276 5818 2459 5889 gratim
2500 5816 2892 5887 temperabant.
2936 5813 3083 5869 Talia
3136 5816 3401 5885 loquentis
3436 5821 3548 5874 elo-
