4248 6428
271 432 414 495 Ξΐῖὂ

1688 422 1809 484 EPI
1821 421 2097 483 STOLXE.

3380 410 3522 475 2774

270 546 549 609 ἐπάγοντα
600 543 693 595 καὶ
727 541 824 612 τὴν
868 542 1000 610 πρὸς
1042 543 1184 611 ὑμᾶς
1228 540 1344 596 ὁδὸν
1387 536 1630 591 κελεύει*
1681 531 1843 585 τοῦτο
1874 540 1913 594 Λ

1878 540 1913 594 Α
1944 545 2066 584 enm
2086 532 2151 584 ad
2171 544 2264 585 vos
2282 529 2360 584 ire
2383 527 2542 597 cegit.
2568 526 2700 581 Iluic
2716 522 2860 580 enim
2878 530 2963 577 est
2980 531 3128 592 pater
3148 534 3326 575 rerum
3348 528 3525 572 muta-

271 636 379 703 γάρ
404 635 523 687 ἐστι
573 635 755 705 πατὴρ
786 636 849 688 ἐκ
904 635 1209 705 μεταϐολῆς
1238 634 1457 703 ἀπόρων
1489 647 1502 660 ο
1536 626 1754 692 ἀδελφοὶ
1785 623 1842 675 δὲ

271 722 469 792 πλήθει
498 725 590 777 καί⁵
624 726 798 794 χρόνῳ
819 723 1145 787 λυποῦντες⁸
1181 723 1369 774 πολλοὶ
1411 719 1519 787 γὰρ
1566 716 1717 803 ὅ;ιτες
1749 712 1842 765 καὶ

271 816 370 882 τὴν
394 815 611 886 ἡλικίαν
645 816 885 887 βραχεῖς,
910 816 988 878 είς
1012 816 1109 879 τὰς
1136 814 1229 867 τοῦ
1264 811 1467 882 πατρὸς
1491 811 1676 878 χεῖρας
1707 805 1843 875 ὀρῶ-

275 923 381 960 σιν’
422 907 673 960 ἐντεῦθεν
695 908 930 977 χρῆσται
974 906 1074 976 μὲν
1125 905 1329 966 πολλοὶ,
1373 901 1507 957 ἀλλὰ
1555 899 1695 966 πλὴν
1725 897 1842 961 ἐνὸς

274 998 474 1061 πάντες
497 997 870 1069 φιλάνθρωποι
894 1015 907 1029 ·
947 991 1100 1058 οὗτος
1127 996 1183 1049 δὲ
1229 996 1325 1063 τῆς
1360 993 1529 1060 τύχης
1571 987 1842 1041 συνεπιτι-

272 1087 456 1140 θεται·
489 1091 555 1158 ἣν
584 1087 694 1156 γὰρ
720 1086 873 1156 μόλις
892 1089 1072 1148 αὐτοῖς
1095 1084 1271 1137 οἰκίαν
1290 1084 1316 1134 ὁ
1341 1081 1550 1145 δαίμων
1578 1076 1837 1129 κατέλιπε

269 1177 545 1238 τοσούτοις
562 1177 822 1245 χρήσταις
848 1174 1265 1245 ὑποτιθεμένην,
1300 1171 1505 1239 ταύτην
1539 1169 1695 1239 μόνος
1748 1164 1844 1218 λα·-

273 1269 388 1318 ίίεῖν
421 1266 564 1331 ἀξιοῖ
620 1267 856 1320 νικῶσαν
900 1266 1090 1319 τούτου
1145 1266 1206 1317 τὸ
1263 1265 1473 1335 χρέως·
1508 1263 1625 1314 δέον
1673 1261 1705 1330 ἢ
1751 1259 1841 1311 τὸν

277 1356 588 1426 ὠνούμενον
616 1357 790 1424 ἄγειν,
807 1356 1001 1410 καὶτοῦ
1029 1358 1228 1419 παντὸς
1249 1358 1557 1424 τιμήματος
1588 1353 1648 1404 τὸ
1673 1367 1845 1419 προσ-

271 1447 406 1514 ἧκον
446 1446 652 1511 λαϐεῖν,
689 1447 720 1515 ἢ
767 1448 1016 1516 δέχεσθαι
1046 1448 1248 1516 ταύτης
1275 1445 1438 1516 μέρος
1460 1444 1488 1496 ὃ
1510 1443 1602 1495 τοῦ
1648 1443 1838 1512 χρέους

272 1536 663 1605 ἀναπληρώσει
693 1538 753 1588 τὸ
791 1538 989 1607 μέτρον
1013 1556 1025 1567 ·
1070 1539 1099 1589 ό
1129 1537 1184 1590 δέ
1212 1537 1311 1605 τὴν
1360 1534 1468 1587 τῶν
1511 1533 1838 1601 ὠνουμένων

272 1628 411 1697 πρὸς
460 1629 522 1681 τὸ
562 1631 735 1695 παρὸν
773 1630 1011 1700 ἀπορίαν
1034 1630 1264 1699 ἕρμαιον
1306 1630 1542 1698 ήγεῖται,
1600 1626 1695 1679 καὶ
1739 1624 1840 1691 τῆς

271 1720 441 1789 τύχης
458 1722 577 1772 ἐστὶ
612 1721 966 1792 πικρότερος’
1004 1722 1142 1775 ἀλλὰ
1171 1721 1314 1773 δίδου
1344 1719 1422 1790 τῷ
1437 1719 1677 1788 δεομένῳ
1704 1717 1840 1786 πρὸς

273 1806 593 1876 συμμαχίαν
615 1806 712 1877 τὴν
734 1808 1001 1876 γλῶτταν,
1033 1808 1126 1861 τὸν
1165 1808 1427 1877 δικαστὴν
1454 1807 1605 1877 αὐτῷ
1660 1824 1841 1876 παραο

271 1897 554 1959 σκευάζων
578 1899 957 1967 φιλάνθρωπον
973 1918 984 1931 ·
1010 1900 1038 1952 ὁ
1052 1900 1108 1952 δὲ
1129 1900 1312 1952 λυπῶν
1331 1899 1607 1966 πειράσθω
1627 1896 1841 1960 δικαίας
1872 1891 1913 1947 Β

269 1986 537 2059 ἀνάγκης,
569 1990 663 2045 καὶ
699 1991 799 2062 τῆς
834 1993 995 2047 αὑτοῦ
1027 1993 1251 2065 γνώμης
1290 1991 1650 2064 ήμεροτέραςν
1686 1991 1840 2060 ἢπε-

271 2080 520 2150 ριμένειν
562 2084 654 2135 τὸν
701 2085 1072 2156 ὠνησόμενον,
1106 2086 1138 2157 ἢ
1171 2086 1271 2155 τῆς
1304 2084 1481 2146 οἰκίας
1528 2082 1692 2153 μέρος
1719 2083 1840 2134 ὅσον

270 2174 496 2243 ἀπαιτεῖ
533 2175 595 2228 τὸ
620 2176 779 2247 χρέος
808 2177 992 2231 λαϐεῖν
1013 2196 1026 2208 ·
1057 2179 1204 2240 ὅπως
1240 2176 1609 2245 θαυμάσωμεν
1641 2175 1732 2226 καὶ
1779 2173 1839 2226 σὲ

268 2265 366 2334 τῆς
400 2268 739 2337 συμμαχίας,
778 2270 992 2338 καὶτῆς
1021 2269 1201 2339 ψήφου
1225 2269 1315 2321 τὸν
1344 2267 1623 2335 δικαστήν.

861 2359 988 2415 ειν.
1019 2362 1277 2431 ΝΟΝΝῼ.

343 2450 417 2504 Σὺ
449 2449 549 2519 μὲν
576 2450 678 2521 τὴν
706 2451 991 2522 ἐρωμένην
1026 2453 1266 2521 ἠρνήσω,
1315 2450 1383 2505 τά
1416 2451 1584 2522 μείζω
1636 2448 1836 2514 ποθῶν,

272 2542 369 2596 καὶ
424 2542 561 2611 πρὸς
596 2543 902 2613 ἱερωσύνην
942 2543 1438 2612 κατεπειγόμενος·
1487 2540 1596 2611 ἐγὼ
1650 2541 1707 2596 δέ
1746 2558 1840 2595 σου

275 2638 376 2709 τὴν
410 2638 583 2707 καλὴν
612 2640 788 2711 κόμην
819 2641 1107 2712 Θαυμάσας
1131 2641 1236 2706 ἀεὶ,
1273 2640 1368 2695 νῦν
1395 2641 1603 2694 δέδοικα
1634 2643 1707 2713 μή
1747 2657 1841 2694 σου

276 2730 653 2801 παρεμποδὼν
707 2733 932 2803 γένηται
991 2735 1057 2802 τῇ
1101 2730 1379 2804 προθυμίᾳ
1406 2748 1423 2765 ο
1467 2732 1687 2786 ἐπειδὰν
1735 2732 1844 2802 γάρ

276 2820 392 2891 ἴδῃς
422 2822 662 2891 παρόντα
694 2822 785 2876 τδν
834 2822 1026 2892 καιρὸν
1077 2824 1170 2876 καὶ
1208 2824 1306 2886 τὰς
1338 2823 1600 2894 ᾁδομένας
1646 2822 1841 2892 τρίχας

279 2912 582 2981 μελλούσας
614 2917 822 2979 πεσεῖν,
848 2913 1145 2984 δακρύσας,
1168 2911 1343 2983 οἶμαι,
1369 2915 1431 2966 τὸ
1458 2913 1625 2976 πάθος
1648 2914 1845 2984 οἱχήσῃ

274 3002 497 3072 φυγών’
525 3003 620 3057 καὶ
647 3004 903 3075 ζητήσεις
937 3003 1054 3057 ἀνθ’
1091 3005 1303 3075 ἱερέως.
1341 3006 1570 3074 νυμφίος
1613 3004 1844 3073 ὀφθῆναι

274 3096 443 3159 καλός
467 3110 482 3126 ⁸
514 3095 610 3149 καὶ
644 3095 802 3149 πάλιν
835 3095 902 3149 ἂν
960 3094 1105 3150 οὕτω
1137 3095 1298 3165 τύχῃ,
1353 3095 1711 3166 μνηστεύσεις
1757 3095 1846 3146 κό-

280 3203 382 3258 ρην
405 3202 419 3215 ’
461 3185 671 3239 καὶτοῦ
700 3188 880 3255 γάμου
919 3186 1183 3256 παρόντος
1206 3189 1340 3255 πρὸς
1367 3187 1667 3255 ἱερωσύνην
1720 3186 1848 3254 σχή-

276 3294 392 3339 σεις
425 3277 827 3347 μεταπηδῶντα
860 3278 950 3330 τὸν
993 3278 1171 3348 ἔρωτα
1206 3295 1219 3310 ·
1274 3278 1408 3331 ἀλλὰ
1452 3277 1659 3330 παῦσαί
1716 3293 1847 3329 ποτε

276 3367 466 3437 κύκλῳ
486 3368 804 3438 φερόμενος,
836 3367 936 3439 τὴν
969 3372 1163 3437 πεῖραν
1200 3368 1341 3437 ἔχων
1371 3368 1696 3423 διδάσκαλον
1716 3382 1728 3395 ·
1764 3368 1852 3420 ἵνα

279 3456 355 3526 μὴ
379 3456 542 3510 πάλιν
576 3457 651 3528 μή
679 3461 696 3479 ·
720 3457 1023 3523 ὑποδόλων,
1046 3458 1138 3511 καὶ
1163 3458 1271 3513 σῶν
1307 3457 1588 3512 σπαλίκων
1610 3458 1849 3523 ἀκούσω,

275 3548 370 3601 καὶ
401 3548 504 3601 ὅσα
537 3548 631 3601 νῦν
659 3550 809 3617 ήμᾶς
841 3548 1243 3614 ἐξεπαίδευσεν.

558 3640 677 3694 ΞΘ’.
714 3640 1067 3712 ΙΕΡΟΝΥΜῼ
1120 3642 1240 3695 ΚΑΙ
1289 3641 1610 3712 ΘΕΟΔΩΡῼ.

346 3730 456 3802 Τήν
488 3732 763 3803 ὑμετέραν
797 3730 990 3800 σοφίαν
1023 3731 1194 3800 ἔγνων
1223 3733 1322 3803 μὲν
1353 3736 1448 3787 καὶ
1490 3734 1658 3787 πάλαι
1715 3750 1848 3788 παν-

273 3821 441 3892 ταχος,
475 3822 552 3892 τῷ
591 3821 735 3893 λόγῳ
790 3824 1226 3895 προλάμπουσαν
1250 3838 1266 3855 ο
1304 3823 1399 3876 καὶ
1448 3822 1509 3876 δν
1556 3823 1590 3893 ή
1626 3822 1723 3875 θέα
1774 3823 1849 3894 μὴ

274 3912 572 3982 παρέσχεν,
604 3914 638 3983 ή
679 3931 743 3982 γε
789 3916 947 3986 φήμη
1003 3916 1307 3986 χαρίζεται,
1353 3913 1517 3985 κοινῷ
1546 3913 1724 3983 βοῶσα
1750 3933 1852 3982 κη-

278 4004 517 4075 ρύγματι
548 4005 640 4057 τὸν
673 4008 898 4061 πάππον
929 4008 1205 4077 ὑφήγησιν
1234 4006 1415 4076 νόμων
1469 4008 1848 4076 ἐπιγραφόμε-

272 4112 386 4159 νον,
417 4096 509 4149 τδν
541 4096 753 4164 πατέρα
781 4096 1029 4166 γλώττης
1050 4095 1231 4167 χάριτι
1252 4100 1387 4169 πρὸς
1412 4098 1510 4168 τὴν
1539 4096 1647 4150 τῶν
1664 4098 1847 4165 νόμων

274 4185 580 4256 αὐστηρίαν
612 4186 714 4256 τὴν
745 4187 917 4256 ἀκοὴν
971 4187 1315 4257 ὑποσύροντα
1341 4201 1354 4215 ·
1393 4187 1487 4240 καὶ
1536 4187 1600 4239 ἐκ
1642 4187 1846 4240 τούτων

272 4276 418 4344 ὑμᾶς
446 4276 619 4328 πάντα
640 4276 926 4343 φέροντας,
949 4274 1092 4344 άπερ
1112 4275 1311 4328 ἐκεῖνοι
1336 4273 1847 4345 προσλαϐόντες...“

270 4364 580 4434 ἐνείμαντο.
612 4367 708 4420 ⁸·ον
740 4363 831 4417 οὖν
861 4364 1032 4433 ἔγνων
1078 4365 1294 4436 πρῶτον
1329 4366 1407 4435 τῷ
1456 4364 1620 4434 λόγῳ,
1652 4364 1746 4416 νῦν
1780 4365 1844 4433 τῇ

272 4457 441 4528 πείρᾳ
466 4456 675 4526 μαθὼν,
704 4456 1011 4527 Εὐδαίμων,
1058 4457 1216 4528 ἔφην,
1253 4459 1286 4527 ή
1343 4457 1516 4523 πόλις,
1550 4459 1606 4510 ἐν
1692 4458 1844 4524 γένος

1952 627 2094 679 tione
2118 624 2169 675 in
2196 621 2476 692 penuriam
2506 617 2763 686 dejectns,
2793 616 2987 669 fratres
3008 625 3185 667 autem
3209 622 3263 665 et
3284 610 3515 663 multitu-

1949 718 2076 772 dine
2105 724 2159 769 ct
2185 721 2342 767 aelate
2368 711 2514 764 illum
2540 716 2862 778 gravantcs:
2887 719 3008 760 cum
3045 701 3191 757 enim
3228 700 3334 753 sint
3366 698 3519 751 multi

1946 819 2000 863 et
2027 808 2184 861 annis
2217 805 2411 868 teneri,
2434 816 2462 854 a
2491 800 2661 869 patris
2686 797 2937 850 manibus
2953 796 3156 848 victum
3180 797 3519 856 exspectant.

1949 900 2087 954 Ilinc
2123 897 2271 951 multi
2299 893 2616 953 creditores,
2641 888 2732 959 qui
2764 886 2983 955 quidem
3009 892 3134 938 sunt
3158 879 3518 945 indulgentes,

1948 1008 2053 1047 uno
2078 999 2256 1045 tamen
2282 994 2528 1053 excepto.
2574 984 2680 1037 Iste
2713 988 2892 1034 autem
2925 990 2991 1030 ex
3015 970 3313 1028 infortunio
3344 968 3518 1021 lucra-

1948 1094 2079 1140 tur:
2115 1094 2276 1150 quam
2301 1077 2449 1131 enim
2489 1074 2593 1129 illis
2634 1074 2719 1126 vix
2762 1068 2978 1135 reliquit
3016 1066 3255 1124 fortuna,
3293 1058 3516 1112 domum

1948 1193 1976 1230 a
2010 1183 2088 1228 tot
2110 1141 2476 1228 creditoribus
2501 1162 2801 1234 hypntheea
2825 1155 3093 1216 alfectam,
3124 1152 3269 1205 lianc
3298 1145 3397 1200 sibi
3416 1141 3517 1197 soli

1947 1266 2295 1338 appmpriare
2326 1256 2629 1332 praetendit,
2666 1254 2791 1308 licet
2814 1248 3098 1318 pecuniam
3131 1240 3234 1307 ipsi
3274 1235 3514 1292 debitam

1946 1331 2207 1423 excedat;
2252 1331 2378 1409 dum
2418 1350 2715 1421 requiritur
2741 1354 2800 1399 ut
2830 1342 2911 1396 Vel
2936 1348 3237 1408 emptorem
3270 1331 3430 1386 ducat
3460 1333 3517 1379 et

1947 1469 2011 1508 ex
2038 1459 2152 1506 toto
2185 1420 2356 1518 pretio
2387 1420 2530 1513 quod
2559 1454 2715 1495 suum
2745 1444 2827 1491 est
2853 1438 3116 1493 assumat,
3168 1424 3252 1479 vel
3283 1420 3515 1489 accipiat

1947 1544 2143 1598 domus
2184 1549 2392 1608 partem
2438 1533 2646 1587 credito
2687 1543 2785 1583 suo
2818 1520 3354 1588 correspondentem.
3412 1511 3516 1565 Iste

1948 1649 2075 1689 vero
2105 1630 2404 1686 ementium
2440 1632 2762 1695 prmsentem
2815 1614 3192 1672 necessitatem
3237 1621 3334 1676 pro
3366 1603 3517 1657 lucro

1948 1727 2116 1793 ducit,
2152 1733 2208 1779 et
2239 1694 2457 1776 fortuna
2508 1715 2694 1770 durior
2733 1722 2837 1766 cst.
2876 1707 2955 1763 Tu
3004 1714 3185 1759 autem
3227 1700 3293 1755 da
3338 1694 3514 1766 egenti

1948 1787 2184 1886 linguam
2220 1814 2274 1868 in
2312 1811 2593 1870 auxilium,
2616 1806 2853 1873 indicem
2884 1801 2933 1855 ei
2970 1797 3210 1868 parando
3235 1787 3520 1854 indulgen—

1946 1919 2051 1965 tem
2080 1925 2094 1972 ;
2131 1909 2445 1976 persecutor
2474 1914 2603 1955 vero
2644 1895 2842 1965 iustam
2876 1890 3192 1959 experiatur
3220 1880 3518 1937 necessita-

1949 2009 2054 2053 tem
2081 1998 2220 2065 (ipso
2250 1992 2367 2060 ejus
2390 1990 2573 2045 animo
2604 1982 2896 2053 mitiorem)
2937 1980 3023 2034 vel
3082 1984 3378 2045 emptorem
3425 1985 3521 2024 ex-

1946 2086 2245 2158 spectandi,
2288 2083 2369 2137 vel
2412 2080 2658 2135 sumendi
2691 2078 2833 2130 hanc
2874 2074 3064 2127 domus
3106 2074 3312 2137 partem
3355 2075 3519 2130 quam

1948 2152 2188 2234 debitum
2218 2174 2444 2242 requirit
2475 2189 2487 2224 :
2521 2180 2579 2223 ut
2607 2168 2940 2223 admiremur
2960 2171 3014 2217 ct
3042 2171 3190 2214 tuutn
3214 2152 3521 2226 praesidium

1946 2278 2000 2325 et
2027 2268 2226 2339 iudicis
2252 2264 2599 2320 sententiam.

2494 2348 2722 2406 LXVIII.
2748 2344 3002 2403 ΝΟΝΝΟ.

2022 2448 2103 2505 Tu
2133 2461 2262 2503 vero
2289 2458 2453 2514 quam
2484 2440 2746 2509 diligebas
2784 2434 3033 2498 renuisti,
3062 2429 3269 2501 majora
3299 2426 3525 2495 cupiens

1948 2551 2003 2599 et
2041 2541 2109 2595 ad
2151 2535 2523 2595 sacerdotium
2572 2541 2892 2599 properans.
2929 2525 3038 2595 Ego
3063 2536 3194 2577 vero
3226 2529 3370 2575 tuam
3407 2515 3525 2584 pul-

1950 2634 2137 2690 cbram
2168 2640 2378 2684 comam
2405 2637 2619 2691 semper
2658 2620 2955 2673 admiratus
2994 2630 3149 2680 sum;
3192 2625 3333 2666 nunc
3362 2609 3524 2662 timeo

1951 2739 2021 2781 ne
2055 2722 2128 2777 sit
2169 2719 2261 2774 tibi
2303 2716 2747 2786 impedimentum
2790 2710 2920 2763 voti.
2961 2706 3097 2762 Cum
3141 2703 3284 2758 enim
3324 2698 3525 2755 videris

1954 2826 2166 2884 tempus
2195 2824 2433 2881 praesens
2461 2805 2607 2860 illabi
2642 2814 2697 2859 ct
2723 2803 3024 2858 celebratos
3076 2798 3255 2853 crines
3275 2807 3523 2855 casuros,

1952 2907 2019 2963 de
2066 2903 2319 2976 passione
2358 2898 2566 2960 dolens,
2607 2894 2788 2959 credo,
2833 2891 3004 2962 fugies
3042 2896 3095 2943 et
3139 2897 3348 2955 quaeres
3387 2884 3526 2935 inter

1953 2972 2260 3055 sacerdotes
2288 2991 2568 3061 speciosus
2613 3000 2844 3055 sponsus
2881 2980 3070 3037 videri.
3116 2976 3182 3031 Et
3230 2989 3439 3037 rursus,
3478 2972 3525 3025 si

1954 3089 2067 3145 fors
2094 3083 2575 3152 tulerit,virgincm
2598 3078 2689 3132 tibi
2713 3072 3091 3145 despondebis,
3134 3080 3187 3124 et
3226 3063 3523 3136 apraasenti

1956 3178 2306 3236 matrimonio
2336 3186 2576 3227 amorem
2609 3170 2674 3223 ad
2716 3166 3078 3222 sacerdotium
3129 3160 3522 3216 transilientem

1878 3239 1922 3297 α
1956 3272 2195 3327 habebis.
2251 3266 2354 3321 Sed
2404 3263 2654 3323 tandem,
2712 3259 3042 3326 experientia
3073 3256 3295 3317 doctus,
3336 3249 3525 3305 desine

1952 3359 2287 3418 circumferri

2127 3622 2316 3678 LXIX.
2354 3617 2766 3676 HIERONYMO
2809 3615 2896 3671 ET
2944 3609 3341 3668 'I‘IIEODORO.

2023 3716 2176 3771 Ilaud
2220 3714 2532 3783 ignorabam
2582 3724 2712 3765 sane
2753 3706 3069 3777 sapientiam
3125 3712 3356 3759 vestram
3400 3714 3521 3769 qum

1950 3810 2106 3878 longo
2147 3807 2345 3861 abliinc
2393 3813 2636 3869 tempore
2672 3801 2901 3854 aliorum
2948 3795 3294 3853 sermonibus
3341 3792 3408 3847 ad
3438 3808 3522 3845 nee

1952 3905 2296 3971 pervenerat.
2327 3893 2492 3962 Cujus
2524 3894 2568 3948 si
2608 3908 2712 3947 non
2750 3890 2970 3960 proprio
3007 3889 3206 3943 intuitu
3244 3886 3395 3941 testis
3421 3884 3523 3945 fni,

1952 3996 2094 4046 fama
2121 3997 2270 4043 recte
2294 3987 2363 4041 ad
2396 4000 2481 4040 me
2507 3984 2712 4053 perlata
2732 3992 2815 4037 est
2848 3996 3005 4035 avum
3036 3993 3101 4035 ex
3142 3977 3320 4033 ollicio
3350 3976 3518 4046 legem

1953 4085 2401 4141 monstraturum,
2451 4083 2657 4143 patrem
2697 4072 2852 4126 dulce
2899 4076 3306 4125 conversantem
3346 4067 3521 4135 legum

1952 4168 2327 4223 austeritatem
2360 4164 2623 4232 obsequio
2647 4176 2748 4215 suo
2785 4160 3052 4231 mitigare,
3085 4165 3137 4211 ct
3163 4171 3257 4211 vos
3286 4171 3353 4211 ex
3402 4157 3521 4210 istis

1949 4261 2129 4317 omnia
2192 4257 2338 4312 ferre
2401 4268 2520 4323 quae
2563 4252 2637 4306 illi
2701 4258 3142 4319 praeoccupantes
3181 4287 3194 4301 .
3229 4285 3244 4301 .
3418 4246 3519 4301 sibi

1947 4352 2132 4422 partiti
2192 4358 2337 4404 sunt.
2394 4346 2563 4412 Quem
2611 4343 2956 4399 sermonibus
3012 4342 3238 4394 aliorum
3296 4338 3520 4408 cognovi

1950 4454 2091 4495 nunc
2120 4435 2446 4507 experientia
2478 4432 2598 4486 novi
2627 4449 2640 4497 ;
2670 4431 2862 4493 Beata,
2894 4430 3138 4497 inquam,
3169 4431 3297 4481 urbs
3324 4429 3376 4482 in
3416 4441 3522 4494 qua

270 4520 426 4601 οὕτω.
460 4520 678 4620 σεμνὸν,
704 4550 800 4603 καὶ
832 4520 960 4613 παῖς
987 4520 1051 4603 ἐκ
1309 4548 1405 4617 τὴν
1435 4520 1611 4619 ἀρχὴν
1638 4520 1843 4601 ’,διαδέ-
1878 4578 1913 4633 Β

1878 4578 1922 4633 D
1947 4547 2118 4606 genus
2151 4541 2256 4584 tam
2288 4524 2594 4581 venerabile
2635 4532 2688 4577 et
2717 4522 2868 4576 filius
2902 4536 2931 4572 a
2972 4531 3125 4588 patre
3155 4520 3519 4589 principatum

273 4656 429 4709 χεται
452 4619 837 4711 ’.εὐδαιμόνων
867 4640 923 4694 δέ
954 4619 1203 4711 πατέρων
1223 4641 1430 4705 παῖδες,
1457 4641 1571 4692 ὅσοι
1600 4638 1695 4692 τοῦ
1730 4639 1844 4705 βίου
1880 4619 1913 4633 ν

1880 4619 1920 4633 ’⁷
1950 4631 2159 4685 obtinet
2191 4645 2204 4682 :
2240 4628 2379 4683 beati
2435 4632 2686 4694 parentes
2726 4622 2960 4676 filiorum
2999 4621 3093 4689 qui
3132 4621 3253 4674 vitae
3284 4633 3432 4688 spem
3467 4619 3519 4671 in

269 4733 372 4794 τὰς
404 4733 627 4796 ἐλπίδας
678 4731 770 4802 ἐφ’
796 4735 932 4803 ήμῖν
994 4734 1321 4803 ἐποιήσαντο
1347 4746 1362 4761 ⁸
1416 4732 1529 4785 ἀλλ’
1565 4730 1677 4784 εῖθε
1730 4747 1847 4793 πως

271 4823 549 4892 ἐδυνάμην
578 4825 817 4876 συνεῖναι
852 4823 1065 4891 καὶτῆς
1102 4823 1202 4892 σῆς
1226 4823 1587 4893 ἐμφορεῖσθαι
1618 4822 1840 4873 παιδεύ-

274 4930 414 4976 σεως
445 4930 461 4945 ·
492 4912 631 4966 ἀλλὰ
658 4912 802 4983 μέγα
843 4915 959 4976 τοῖς
988 4912 1298 4984 ἀνθρώποις
1326 4915 1406 4974 εἰς
1428 4912 1593 4965 πόθον
1639 4913 1786 4965 ἐστὶν
1810 4915 1842 4982 ή

270 5004 475 5074 πατρίς
506 5020 522 5036 ⁸
557 5003 653 5058 καὶ
681 5005 894 5075 μάρτυς
933 5004 1224 5067 Ὀδυσσεὺς
1270 5005 1369 5074 τὴν
1421 5003 1665 5072 Καλυψὼ
1701 5000 1841 5074 παρ-

277 5092 405 5146 ιδὼν
435 5094 525 5147 ἴνα
554 5093 653 5163 τὴν
698 5094 919 5164 Ἰθάκην
958 5095 1252 5165 θεάσηται·
1287 5096 1421 5164 πρὸς
1451 5096 1507 5148 δὲ
1534 5096 1628 5148 καὶ
1662 5096 1721 5147 οὐ
1760 5094 1846 5147 θε-

1952 4722 2106 4778 nobis
2150 4725 2465 4789 posuerunt.
2500 4712 2716 4769 Utinam
2753 4711 3032 4766 vobiscum
3067 4714 3186 4765 esse
3220 4711 3519 4779 potuissem

1949 4831 2012 4869 ac
2036 4824 2210 4869 vestra
2238 4810 2341 4864 frui
2381 4806 2659 4875 disciplina
2682 4806 2695 4858 l
2722 4804 2824 4859 Sed
2863 4804 3089 4858 multum
3122 4801 3431 4856 hominibus
3466 4802 3517 4853 in

1949 4903 2214 4958 desiderio
2242 4909 2324 4954 est
2352 4897 2608 4967 p:itria,et
2634 4894 2786 4948 testis
2806 4905 2889 4947 est
2922 4894 3140 4964 Ulysses
3164 4893 3257 4962 qui
3286 4903 3344 4947 ut
3374 4892 3520 4947 Itha-

1948 5011 2063 5048 cam
2114 4994 2319 5046 videret
2361 4988 2592 5059 Calypso
2640 4988 2915 5056 despexit.
2956 4986 3179 5055 Insuper
3208 5000 3314 5038 non
3358 4984 3519 5040 licere

1948 5087 2078 5141 milii
2116 5086 2329 5137 videtur
2372 5082 2557 5135 urbem
2606 5078 2835 5133 alienam
2873 5078 2972 5131 sibi
3021 5090 3287 5145 usurpare
3322 5086 3521 5145 prmter

277 5185 435 5256 μιτδν
501 5180 641 5238 εἷναί
707 5204 798 5257 μοι
855 5187 1002 5240 δοκεῖ
1053 5187 1209 5240 πόλιν
1258 5186 1538 5257 ἀλλότριον
1564 5186 1718 5257 παρὰ
1751 5189 1843 5241 τὸν

1945 5177 2378 5246 rationemjusli.
2412 5175 2532 5230 Ideo
2564 5173 2696 5227 mihi
2740 5184 2957 5226 servate
2994 5170 3318 5237 amicitiam;
3343 5179 3515 5225 avctc.

270 5278 367 5332 τοῦ
424 5278 634 5333 δικαίου
691 5280 1113 5351 σφετερίσασθαι
1171 5280 1368 5348 λόγον·
1438 5281 1725 5351 τοιγαροῦν
1797 5280 2039 5353 σώζησθέ
2097 5293 2185 5345 μοι
2244 5271 2315 5324 τὰ
2370 5266 2572 5336 συνήθη
2637 5266 2764 5333 παρ’
2828 5265 2965 5336 ἐμοῦ
3028 5267 3517 5338 προσκυνούμενοι.

871 5374 952 5430 ου.
973 5376 1249 5446 ΕΡΜΕῐᾼ.

2473 5366 2635 5422 LXX.
2681 5362 3009 5421 IIERME/E.

344 5468 421 5521 Τὸ
454 5464 720 5538 ὑμέτερον
760 5466 991 5537 μέγεθος
1021 5468 1109 5522 διὰ
1150 5468 1259 5521 τῶν
1295 5468 1429 5539 πρὸς
1460 5469 1521 5521 σέ
1581 5470 1845 5539 γραμμά-

2024 5465 2273 5522 Vestram
2323 5460 2753 5531 magnitudinem
2798 5471 2862 5510 ex
2899 5453 3094 5509 litteris
3144 5453 3209 5506 ad
3244 5462 3295 5506 tc
3339 5449 3517 5504 missis

271 5576 384 5612 των
407 5558 550 5624 ίδὼν,
589 5560 735 5630 ὑμᾶς
762 5560 857 5628 μὲν
887 5562 1112 5622 εἰκότως
1143 5560 1242 5628 τῆς
1274 5561 1500 5630 γνώμης
1520 5561 1807 5631 ἐθαύμασα
1828 5577 1841 5590 ⁸

1948 5558 2183 5626 dignovi,
2222 5558 2450 5623 iureque
2496 5566 2590 5605 vos
2618 5550 2687 5603 ob
2720 5562 2915 5604 sensus
2960 5547 3256 5600 admiratus
3294 5559 3411 5598 sum
3456 5559 3519 5595 ac

275 5654 343 5722 τῇ
370 5651 426 5704 δέ
456 5650 740 5721 Βηρυτίων
766 5651 1064 5720 συνήδομαι
1111 5651 1262 5703 πόλει
1297 5653 1380 5704 ὅτι
1438 5651 1685 5704 τοιοῦτον
1736 5651 1844 5720 ἔχει

1948 5649 2265 5718 llerytoruin
2305 5645 2424 5699 urbi
2461 5640 2811 5709 congratulor
2861 5639 3003 5708 quod
3037 5639 3142 5691 tale
3180 5637 3374 5692 habeat
3420 5633 3521 5687 sub

277 5739 717 5810 προϐεϐλημένον
814 5741 889 5804 ὡς
925 5741 1127 5811 ἀρετῆς
1185 5743 1278 5797 καὶ
1338 5743 1515 5811 λόγων
1574 5743 1840 5796 ποιεῖσθαι

1948 5741 2120 5797 oculis
2147 5737 2477 5809 propositum
2510 5734 2724 5790 virtutis
2751 5748 2813 5788 ac
2843 5734 3165 5802 eloquentia:
3186 5729 3515 5797 exemplum,

351 5860 367 5879 ⁶
398 5855 557 5913 Deest
589 5855 920 5912 vocabulum.
1002 5858 1039 5877 "
1064 5856 1176 5912 Non
1211 5857 1399 5928 legitur
1436 5858 1769 5915 vocabulum.
