4248 6428
694 418 840 482 2775

1985 416 2332 476 PROCOPII
2371 415 2613 474 GAZJSI

3787 405 3933 471 ΞΠΘ

692 524 993 592 praesertim
1027 538 1149 581 cum
1190 530 1467 582 contraria
1497 524 1606 580 sint
1633 532 1895 594 tempora.
1939 524 2042 579 Sed
2084 525 2263 580 fruere
2293 529 2334 585 Α
2367 549 2369 567 ι

2258 546 2263 575 :
2293 529 2334 585 Α
2367 526 2652 593 φροντίδα’
2696 524 2789 576 καί
2817 522 2990 577 ταῦτα
3019 515 3111 576 τοῦ
3145 522 3338 590 καιροῦ
3368 521 3464 591 τὴν
3494 518 3739 573 ἐναντίαν
3769 519 3935 571 ἐλαύ-

699 618 806 671 tuis
852 617 1143 673 virtutibus
1181 626 1235 671 et
1281 617 1492 671 fructus
1549 630 1615 670 ex
1668 625 1755 671 tua
1819 616 2083 684 sapientia
2135 617 2262 671 urbs

695 705 973 773 percipiat.
1010 704 1137 757 Mihi
1177 714 1356 758 autem
1401 703 1681 759 molestum
1708 711 1792 758 est
1817 704 2044 772 patriam
2086 704 2263 775 despi-

695 810 821 850 cere
861 808 979 864 qua:
1020 809 1050 847 a
1091 795 1243 848 vobis
1290 796 1500 864 accepit
1532 794 1854 862 exemplum.
1900 794 1957 848 Si
2000 796 2143 849 enim
2172 811 2265 851 vos

699 885 878 938 omnia
909 884 1132 937 tentatis
1161 884 1224 935 ad
1256 884 1622 937 illustrandatn
1648 884 1792 936 illam
1809 898 1928 951 qua
1948 899 2040 937 vos
2059 886 2263 951 genuit,

699 980 968 1042 «promo-lo
993 990 1096 1027 non
1132 975 1270 1028 liene
1297 975 1425 1027 mihi
1450 983 1594 1028 esset
1623 987 1684 1027 ea
1713 973 1895 1027 facere
1922 990 2039 1042 quae
2067 975 2267 1027 facien-

703 1074 782 1117 trs
810 1078 902 1118 vos
934 1064 1195 1117 laudavi?
1227 1063 1331 1117 Sed
1359 1071 1412 1117 et
1456 1062 1584 1115 mihi
1618 1077 1881 1129 usurpare
1909 1064 2052 1132 quod
2087 1063 2264 1116 felici-

703 1164 785 1207 ter
831 1154 1065 1208 obtinuit
1094 1154 1252 1219 alter,
1293 1168 1321 1206 a
1372 1153 1678 1208 rationabili
1726 1152 2015 1208 aﬂ‘ectione
2060 1155 2269 1208 videtur

704 1242 960 1297 alienum.
992 1242 1205 1309 Retine,
1231 1258 1265 1297 o
1292 1245 1516 1313 optime,
1544 1253 1687 1298 tuam
1718 1245 1770 1299 in
1798 1258 1882 1299 me
1912 1260 1974 1300 ac
2002 1246 2052 1298 in
2078 1246 2265 1299 urbem

705 1331 1155 1387 benevolentiam.
1173 1361 1176 1363 λ

1248 1422 1434 1478 LXXI.
1479 1423 1732 1479 OIiIONI.

777 1510 971 1569 Inutile
1001 1523 1132 1582 puto
1169 1516 1408 1571 scribere
1436 1515 1637 1568 homini
1660 1517 1752 1583 qui
1781 1515 2060 1584 appulsum
2088 1518 2153 1571 ad
2176 1532 2270 1572 vos

706 1605 908 1672 cogitat
940 1604 1141 1670 facere,
1164 1616 1221 1660 ut
1253 1609 1587 1677 hymenaeum
1606 1616 1763 1661 canat
1794 1608 2138 1676 pulchraeque
2158 1608 2271 1660 vir-

705 1695 847 1761 ginis
880 1695 974 1750 fiat
1013 1712 1262 1765 sponsus.
1281 1697 1510 1754 :Justum
1559 1708 1645 1752 est
1675 1708 1944 1752 amantem
1985 1698 2087 1751 sibi
2120 1713 2271 1752 com-

706 1783 919 1850 placere
968 1786 1021 1839 in
1069 1786 1225 1843 laude
1264 1789 1476 1853 amicae,
1502 1789 1569 1842 ob
1594 1804 1755 1857 quam
1797 1789 1991 1842 absens
2019 1802 2265 1857 corpore,

2366 631 2546 676 νοντος
2581 631 2593 643 ·
2630 614 2741 667 ἀλλ’
2768 613 2917 666 όναιο
2942 613 3034 666 καὶ
3053 614 3116 665 σύ
3154 612 3376 676 σαυτοῦ,
3409 612 3501 663 καὶ
3537 611 3633 677 τῆς
3669 612 3767 680 σῆς
3798 626 3935 678 προ-

2368 705 2515 767 νοίας
2546 706 2575 773 ἡ
2609 704 2763 793 Ιπτόλις
2795 720 2808 735 ο
2849 705 2972 773 ἐμοὶ
3009 704 3062 755 δὲ
3101 702 3239 773 βαρύ
3282 701 3538 771 πατρίδος
3569 700 3842 793 ὐπερορᾷν
3872 694 3935 759 ἐξ

2368 794 2523 863 ὐμῶν
2578 789 2794 847 λαϐόντι
2858 794 3233 864 παράδειγμα.
3294 793 3356 843 Ei
3400 793 3509 859 γὰρ
3543 790 3696 858 ὑμεῖς
3749 789 3934 839 πάντα

2371 884 2687 955 μηχανᾶσθε
2747 886 2973 953 κοσμεῖν
3000 885 3098 951 τὴν
3126 881 3451 947 ἐνεγκοῦσαν
3490 882 3747 948 οἰόμενοι,
3811 877 3931 937 πῶς

2368 978 2435 1029 ἂν
2470 979 2584 1046 ἔχοι
2634 975 2813 1038 καλῶς
2842 975 2962 1042 ἐμοὶ
3011 975 3084 1043 μὴ
3123 974 3295 1026 ταῦτα
3328 974 3500 1024 ποιεῖν
3534 972 3617 1040 ἐφ’
3667 967 3746 1031 οἷς
3783 970 3932 1037 ὑμᾶς

2370 1069 2612 1139 ἐπῄνεσα
2640 1069 3006 1137 πράττοντας;
3029 1066 3163 1119 ἀλλὰ
3193 1068 3287 1118 καὶ
3304 1067 3566 1117 εἰσποιεῖν
3597 1064 3832 1132 ἐμαυτὸν
3854 1062 3937 1122 εἰς

2368 1160 2536 1212 τόπον
2562 1159 2621 1210 ὃν
2673 1158 2970 1227 εὐτύχησεν
3020 1159 3225 1225 ἔτερος,
3262 1156 3483 1224 λογικῆς
3542 1154 3939 1212 καταστάσεως

2373 1249 2659 1318 ἀλλότριον
2695 1246 2834 1302 εἶναι
2853 1249 3014 1302 δοκῶ·
3049 1246 3484 1315 ἀλλἐὐτυχοίης,
3518 1239 3563 1296 ὧ
3588 1246 3802 1314 ἄριστε,
3838 1243 3942 1309 τῆς

2373 1341 2453 1403 είς
2486 1341 2587 1410 ἐμὲ
2618 1340 2711 1393 καὶ
2734 1340 2830 1412 τὴν
2860 1341 3011 1394 πόλιν
3046 1341 3216 1405 αὐτὴν
3247 1338 3639 1408 προαιρέσεως.

2956 1433 3077 1485 OA'.
3109 1430 3359 1483 ΩΡΙΩΝῙ.

2445 1524 2704 1593 Περιττδν
2754 1519 2908 1594 οἶμαι
2952 1522 3189 1593 γράφειν
3233 1521 3366 1589 πρὸς
3431 1519 3600 1590 ἄνδρα
3647 1517 3748 1586 τὴν
3800 1514 3946 1585 πρὸς

2372 1618 2518 1687 ὑμᾶς
2548 1617 2732 1671 λοιπὸν
2758 1615 3201 1686 ὀνειροπολοῦντα
3247 1614 3592 1683 καταγωγὴν,
3626 1613 3777 1674 ὅπως
3832 1610 3949 1681 ᾄσῃ

2371 1710 2463 1762 τὸν
2495 1709 2752 1778 ὑμέναιον
2783 1708 2877 1761 καὶ
2898 1709 3123 1778 γένηται
3144 1705 3375 1774 νυμφίος
3409 1703 3678 1774 παρθένου
3718 1703 3899 1770 καλῆς
3928 1717 3943 1730 ·

2372 1800 2577 1852 δίκαιον
2607 1799 2715 1869 γὰρ
2766 1801 2961 1869 ἐρῶντι
2994 1796 3323 1866 χαρίσασθαι
3374 1796 3472 1864 τῆς
3517 1794 3803 1864 ἐρωμένης
3846 1794 3949 1844 τὸν

707 1886 892 1929 amore
915 1874 967 1928 in
1002 1884 1179 1931 mente
1206 1879 1464 1947 trepidas.
1507 1879 1586 1933 Ad
1618 1894 1714 1933 nos
1743 1880 1975 1934 moveris
2016 1890 2067 1934 et
2102 1896 2266 1948 parva
2299 1860 2343 1918 Β
2378 1892 2384 1941 1

2299 1860 2343 1918 Β
2378 1860 2631 1954 ἔπαινον,
2651 1860 2716 1941 δί’
2838 1860 3095 1958 ἀπὼν-τῶ
3116 1888 3328 1954 σώματι
3379 1860 3709 1955 ἐρωτικατῇ
3739 1860 3950 1952 καρδίᾳ

709 1963 802 2018 tibi
830 1966 1079 2020 videntur
1120 1969 1408 2037 prmeentia
1440 1972 1688 2026 humanae
1731 1971 2004 2026 felicitatis
2047 1973 2263 2029 indicia.

707 2052 832 2108 Sola
866 2054 958 2109 tibi
991 2058 1118 2111 urbs
1140 2057 1292 2111 locus
1318 2073 1438 2113 esse
1466 2060 1677 2114 videtur
1712 2072 1923 2117 tuarum
1953 2064 2266 2118 deliciarum

707 2153 762 2197 et
788 2143 1048 2215 Byzantio
1082 2149 1193 2203 fere
1214 2150 1595 2208 venerabilior.
1619 2155 1805 2209 Timeo
1836 2170 1902 2209 ne
1928 2156 2096 2210 multo
2119 2156 2269 2210 desi-

708 2236 856 2293 derio
873 2253 1248 2310 evanescente,
1271 2260 1445 2315 neque
1465 2247 1653 2302 amicis
1671 2248 1992 2309 valedicens,
2008 2249 2186 2306 subito
2202 2249 2269 2303 ad

708 2342 806 2383 nos
854 2330 1086 2387 mittaris
1133 2338 1491 2404 navigationis
1529 2337 1941 2393 diuturnitatem
1984 2354 2266 2396 accusans.

709 2419 815 2476 Sed
860 2423 977 2480 haec
1030 2427 1246 2498 quidem
1280 2430 1604 2488 ludentium.
1641 2433 1723 2488 Tu
1764 2443 1943 2488 autem
1981 2434 2270 2503 aliquando

709 2516 941 2582 sapienti
967 2520 1195 2576 consilio
1232 2522 1433 2579 redibis
1463 2528 1528 2579 ad
1561 2525 1809 2593 ﬁliorum,
1837 2527 2268 2595 procreationem

708 2615 885 2663 actus.

1194 2790 1400 2845 LXXII.
1432 2791 1799 2849 ANATOLIO.

785 2878 949 2935 Multa
1005 2890 1131 2936 sunt
1173 2883 1303 2936 mihi
1346 2885 1602 2950 praeclara
1643 2901 1763 2954 qum
1808 2888 2045 2943 educant
2090 2887 2274 2942 adole-

714 2980 982 3037 scentem;
1018 2974 1251 3043 primum
1290 2986 1346 3030 et
1369 2975 1585 3046 quidem
1615 2976 1907 3029 maximum
1939 2987 2130 3031 vestra:
2156 2980 2272 3045 pie—

718 3064 849 3117 tatis
876 3064 1068 3119 litterze
1095 3082 1110 3129 ;
1152 3066 1347 3121 deinde
1374 3068 1545 3121 bonus
1569 3076 1720 3136 pater
1737 3080 1767 3119 a
1791 3066 1960 3135 prima
1986 3068 2273 3134 experien-

2376 1978 2550 2049 πηδᾷς
2571 1993 2584 2007 ·
2615 1980 2710 2031 καὶ
2741 1978 2878 2048 πρὸς
2909 1979 3051 2046 ἡμᾶς
3082 1977 3436 2045 ἁνεπτόησαι,
3464 1976 3556 2028 καὶ
3602 1975 3670 2026 τὰ
3693 1973 3952 2042 παρόντα

2373 2086 2455 2122 σοι
2512 2070 2684 2140 μικρὰ
2742 2070 2838 2139 τῆς
2891 2070 3020 2137 παρ’
3054 2067 3362 2138 ἀνθρώποις
3411 2065 3755 2135 εὐδαιμονίας
3811 2065 3954 2115 ὄντα.

2373 2160 2730 2231 γνωρίσματα
2765 2177 2779 2191 ο
2817 2162 2949 2231 μόνη
2976 2159 3033 2212 δέ
3059 2177 3140 2213 σοι
3186 2158 3340 2220 πόλις
3376 2157 3483 2210 τῶν
3523 2157 3630 2209 σῶν
3669 2154 3954 2208 παιδικῶν

2373 2249 2571 2320 χωρίον
2600 2244 2738 2302 εἶναι
2760 2249 2926 2315 δοκεῖ,
2958 2252 3052 2305 καὶ
3078 2246 3170 2300 τοῦ
3226 2246 3519 2311 Βυζαντίου
3553 2245 3693 2314 τάχα
3741 2242 3952 2312 σεμνὸ-

2372 2357 2529 2409 τερον
2548 2356 2563 2371 ο
2599 2340 2694 2393 καὶ
2719 2338 2929 2392 δέδοικα
2954 2339 3028 2410 μὴ
3050 2337 3145 2391 τοῦ
3175 2337 3342 2391 πόθου
3383 2335 3580 2389 πολλοῦ
3620 2333 3948 2405 ῥεύσαντος,

2375 2433 2508 2503 μηδὲ
2542 2433 2652 2494 τοῖς
2704 2431 2878 2500 φίλοις
2914 2431 3127 2501 χαίρειν
3183 2429 3376 2491 είπὼν,
3412 2427 3673 2497 ἐξαίφνης
3702 2424 3956 2478 στέλλοιο

2373 2523 2510 2594 πρὸς
2549 2523 2694 2592 ἡμᾶς
2725 2521 2817 2574 τοῦ
2855 2521 2991 2573 πλοῦ
3030 2521 3091 2573 τὸ
3128 2520 3303 2590 μῆκος
3361 2518 3745 2589 μεμφόμενος·
3803 2511 3956 2565 ἀλλὰ

2370 2614 2545 2687 ταῦτα
2571 2614 2669 2683 μὲν
2704 2613 3008 2677 παιζόντων
3035 2630 3050 2645 ⁸
3081 2613 3379 2682 ὲπανήκοις
3426 2611 3483 2663 δέ
3515 2625 3645 2661 ποτε
3700 2605 3955 2674 σώφρονι

2374 2704 2617 2775 λογισμῷ
2645 2704 2780 2775 πρὸς
2820 2704 3025 2758 παίδων
3046 2703 3210 2771 γονὴν
3232 2701 3609 2769 ἐπειγόμενος.

2894 2797 3013 2853 03'.
3055 2797 3421 2867 ΔΝΔΤΟΛΙῼ.

2445 2888 2623 2943 Πολλά
2665 2907 2754 2959 μοι
2785 2888 3018 2959 λαμπρὰ
3034 2887 3100 2940 τὰ
3128 2886 3465 2940 συνιστῶντα
3488 2886 3577 2938 τὸν
3607 2884 3723 2937 νέον
3749 2899 3764 2912 ·
3794 2880 3963 2950 πρῶ-

2375 3000 2466 3035 τον
2502 2982 2594 3034 καὶ
2621 2982 2877 3051 μέγιστον
2908 2983 3006 3049 τῆς
3041 2978 3313 3049 ὑμετέρας
3336 2976 3637 3038 θεοσεϐείας
3663 2976 3728 3027 τὰ
3766 2974 3965 3044 γράμ-

2384 3090 2529 3142 ματα
2552 3091 2564 3103 ·
2593 3068 2712 3126 εἶτα
2746 3073 2928 3142 πατὴρ
2968 3070 3193 3138 ἀγαθὸς,
3230 3073 3295 3123 ἐκ
3326 3069 3551 3140 πρώτης
3581 3069 3777 3137 πείρας
3808 3065 3965 3136 πρὸς

719 3154 793 3207 tia
824 3154 890 3207 ad
924 3154 1315 3225 indulgentiam
1342 3171 1679 3226 propensus;
1702 3166 1753 3212 et
1799 3167 1993 3225 praeter
2037 3157 2150 3210 haec
2189 3158 2273 3211 di-
2301 3189 2343 3247 ρ
2382 3181 2396 3216 ε

2301 3189 2343 3247 ρ
2382 3162 2595 3217 εὔνοιαν
2622 3163 2982 3241 ἐφελκόμενος
3008 3178 3021 3190 ·
3044 3161 3181 3232 ⁴ι’ρὸς
3205 3162 3262 3214 δὲ
3289 3160 3498 3222 τούτοις
3546 3159 3644 3227 τῆς
3695 3157 3901 3226 τέχνης
3933 3156 3964 3207 ὁ

716 3243 969 3314 iciplina
1036 3246 1159 3313 lex,
1208 3247 1453 3301 strictam
1491 3247 1714 3315 exigens
1758 3248 2021 3301 rationem
2052 3248 2095 3302 si
2148 3250 2275 3318 quid

716 3337 1153 3392 convenientium
1201 3339 1549 3409 neglexerint.
1597 3337 1756 3394 Brevi
1805 3338 1969 3395 etiam
2012 3346 2067 3393 et
2102 3341 2283 3393 adole-

724 3428 926 3481 scentis
956 3427 1191 3482 studium
1218 3441 1428 3499 partem
1457 3444 1561 3483 non
1585 3430 1860 3484 minimam
1888 3431 2172 3486 obtinebit.
2210 3433 2282 3485 Du

719 3522 920 3571 caetero
941 3517 1097 3572 nobis
1131 3519 1415 3589 impetrate
1444 3533 1474 3573 a
1508 3518 1620 3574 Deo
1653 3520 1911 3575 auxilium
1943 3522 2082 3589 quod
2107 3521 2278 3577 solum

722 3607 787 3661 ad
808 3604 1021 3662 felicem
1070 3608 1273 3663 exitum
1314 3608 1510 3663 ducere
1541 3616 1716 3677 potest
1748 3612 2100 3679 propositum.

1173 3697 1403 3754 LXXIII.
1434 3696 1823 3757 DOROTHEO.

790 3788 1001 3845 Peritns
1025 3804 1084 3846 es
1112 3792 1227 3847 alas
1275 3792 1576 3864 cuicunque
1619 3795 1852 3851 volueris
1871 3794 2284 3867 circnmponere

722 3877 1117 3948 sublimemque
1145 3882 1199 3934 in
1227 3881 1335 3936 alto
1357 3892 1592 3937 stantem
1625 3887 1929 3940 ostendere.
1975 3887 2106 3941 Tuis
2138 3888 2283 3942 litte-

722 3970 801 4024 ris
831 3971 984 4039 quasi
1015 3972 1190 4027 alatus
1218 3971 1440 4028 effectus
1471 3972 1817 4045 (ubicunque
1861 3976 2005 4030 enim
2046 3991 2170 4033 esse
2202 3978 2281 4033 vi-

721 4064 910 4129 debar,
941 4076 998 4118 ut
1029 4067 1187 4129 dicis,
1212 4066 1376 4136 fama)
1416 4067 1853 4137 perambulabam
1879 4069 2134 4125 civitates
2160 4086 2279 4125 om-

721 4169 823 4209 nes
864 4151 1001 4223 qua‘s
1054 4156 1302 4210 homines
1332 4157 1571 4210 incolunt
1602 4169 1657 4210 et
1696 4173 1870 4227 usque
1914 4160 1980 4213 ad
2025 4161 2283 4215 barbaros

725 4246 917 4300 deveni
949 4261 1129 4302 urente
1156 4248 1258 4302 levi
1288 4259 1463 4314 actus,
1504 4260 1558 4303 et
1578 4265 1763 4306 omnes
1806 4252 1985 4322 populi
2012 4252 2141 4307 mihi
2171 4253 2283 4308 elo-

725 4337 961 4403 quentia:
1003 4351 1258 4391 coronant
1297 4339 1427 4392 dare
1470 4340 1823 4406 videbantur;
1860 4352 1925 4395 ut-
1962 4358 2069 4396 uno
2121 4343 2285 4397 verbo

725 4430 925 4489 dicant,
950 4442 1047 4494 per
1076 4436 1217 4481 tuam
1243 4428 1527 4496 epistolam
1554 4430 1645 4498 qui
1670 4429 1896 4484 effectus
1926 4446 2099 4486 essem
2130 4432 2285 4500 igno-

2382 3256 2563 3322 νόμος,
2595 3254 2822 3316 εὐθύνας
2851 3250 3092 3305 ἀπειλῶν
3123 3250 3371 3321 ἀκριϐεῖς
3427 3250 3480 3302 ei
3532 3266 3587 3301 τι
3631 3248 3737 3301 τῶν
3783 3262 3968 3314 προσο

2380 3346 2629 3414 ηκόντων
2652 3344 2935 3413 παρίδοιμι
2955 3358 2969 3373 ⁸
2998 3342 3139 3411 τάχα
3167 3342 3224 3393 δὲ
3260 3342 3353 3393 καὶ
3382 3341 3417 3409 ἡ
3444 3325 3539 3391 τοῦ
3577 3340 3694 3391 νέου
3743 3336 3968 3405 σπουδὴ

2385 3437 2577 3505 μοῖραν
2605 3434 2704 3486 οὐκ
2736 3432 3024 3505 ἐλαχίστην
3072 3432 3370 3502 παρέξεται
3395 3446 3408 3461 ο
3461 3429 3645 3490 λοιπδιν
3688 3429 3823 3497 ἡμῖν
3865 3429 3968 3478 ai-

2381 3524 2591 3578 τεῖσθαι
2622 3524 2720 3593 τὴν
2748 3525 2813 3577 ἐκ
2838 3522 2930 3575 τοῦ
2965 3522 3115 3574 θείου
3149 3522 3345 3591 ῥοπὴν,
3386 3519 3501 3587 μεθ’
3528 3515 3596 3592 ἧς
3651 3518 3747 3571 καὶ
3790 3518 3969 3587 μόνον

2386 3616 2533 3668 ἐστὶν
2559 3614 2695 3686 πρὸς
2718 3614 2890 3682 πέρας
2915 3612 3088 3665 ἐλθεῖν
3115 3613 3216 3681 τὴν
3234 3609 3588 3679 προαίρεσιν.

2930 3703 3048 3756 υΓν.
3085 3700 3406 3771 earnest).

2456 3798 2636 3860 Δεινδς
2676 3796 2785 3867 ἄρα
2844 3812 2928 3858 τις
2958 3790 3101 3865 ἦσθα
3128 3793 3300 3862 πτερὰ
3333 3784 3859 3863 περιϐάλλεινῆηερ
3896 3788 3969 3842 ἂν

2387 3888 2612 3953 ἐθέλεις,
2645 3890 2737 3941 καὶ
2754 3886 3060 3940 δείκνυσθαι
3114 3884 3411 3954 μετάρσιον
3435 3902 3448 3913 ο
3487 3884 3597 3944 σοῖς
3640 3882 3748 3952 γὰρ
3780 3882 3972 3949 γράμ-

2388 3998 2518 4051 μασι
2543 3979 2862 4050 πτερωθεὶς,
2880 3975 3155 4045 πανταχοῦ
3184 3977 3235 4040 γ’
3257 3974 3473 4027 ἐδόκουν
3508 3968 3669 4037 εἶναι,
3704 3971 3970 4041 καθάπερ

2388 4073 2546 4141 ἔφης,
2567 4075 2634 4142 τῇ
2661 4072 2840 4141 φήμῃ,
2869 4068 3230 4140 περιεπόλουν
3250 4066 3306 4120 δὲ
3329 4067 3511 4128 πόλεις
3528 4065 3729 4127 ὁπόσας
3747 4064 3973 4133 ἄνθρω-

2389 4181 2480 4215 ποι
2506 4164 2788 4232 νέμονται,
2817 4161 2913 4213 καὶ
2948 4160 3110 4229 μέχρι
3136 4159 3244 4210 τῶν
3266 4157 3561 4231 βαρϐαρων
3585 4154 3757 4223 διῄειν
3779 4156 3971 4221 κουφῇ

2386 4252 2593 4324 διανοίᾳ
2624 4251 2943 4320 φερόμενος,
2979 4249 3074 4302 καὶ
3105 4249 3214 4301 πᾶν
3244 4247 3395 4309 ἔθνος
3421 4246 3511 4298 ἐπὶ
3553 4245 3732 4312 λόγοις
3776 4242 3972 4294 ἐδόκει

2391 4361 2458 4413 με
2489 4340 2785 4408 στεφανοῦν
2816 4356 2830 4371 °
2862 4341 2955 4394 καὶ
2980 4339 3173 4401 ἁπλῶς
3224 4339 3401 4391 εἰπεῖν
3432 4336 3520 4389 διὰ
3559 4336 3659 4403 τὴν
3693 4334 3791 4401 σὴν
3835 4335 3971 4385 ἑπι-

2391 4434 2585 4501 στολὴν
2617 4433 2845 4501 ἠγνόουν
2867 4432 2893 4483 ὃ
2924 4448 2977 4483 τι
3005 4431 3250 4497 γένωμαι
3280 4445 3293 4457 ·
3321 4427 3426 4489 ’ἐως
3460 4426 3525 4495 μέ
3555 4443 3638 4488 τις
3682 4424 3820 4481 θεῶν
3850 4425 3974 4475 τῶν

728 4516 936 4578 tabam,
972 4517 1142 4568 donec
1174 4514 1308 4569 deus
1338 4515 1536 4584 aliquis
1570 4516 1683 4571 alas
1717 4528 1835 4573 tuas
1863 4520 1994 4571 mihi
2031 4523 2280 4577 abstulit.
2316 4512 2357 4565 υ
2390 4541 2405 4576 ‹

2316 4512 2357 4565 υ
2390 4525 2498 4576 σῶν
2529 4525 2815 4592 ἀνήρπασε
2845 4519 3082 4591 πτερῶν,
3127 4522 3221 4573 καὶ
3248 4519 3350 4586 τῆς
3384 4518 3592 4584 πλάνης
3629 4516 3781 4584 μόλις
3815 4533 3973 4567 παυ-

727 4603 1217 4674 Peri-grinationexn
1240 4620 1413 4661 meam
1427 4622 1566 4675 a-gre
1588 4622 1829 4673 cessans,
1842 4625 1942 4663 cur
1955 4613 2069 4665 haec
2087 4614 2281 4681 patior,

727 4696 982 4763 inquam?
1029 4695 1322 4749 Considera
1368 4697 1732 4762 scribentem,
1768 4701 2000 4769 recogita
2053 4702 2285 4755 benevo-

730 4786 950 4839 Ientiam
981 4799 1034 4841 et
1071 4788 1342 4844 admirare
1377 4800 1575 4858 quanta
1605 4792 1930 4857 persuadere
1962 4794 2063 4846 scit
2095 4795 2285 4848 amici-

731 4879 817 4930 tia:
847 4878 1200 4933 desiderium.
1222 4878 1335 4934 Non
1366 4882 1682 4936 exsistentia
1707 4883 2021 4936 inanimum
2057 4885 2281 4951 inducit,

731 4968 863 5022 falsa
905 4979 963 5021 ut
1001 4985 1125 5023 vera
1172 4970 1303 5025 facit
1363 4972 1714 5036 existimare;
1760 4974 1955 5027 exinde
2007 4984 2133 5041 puto
2176 4991 2284 5031 non

732 5070 889 5124 posse
917 5057 1169 5113 laudibus
1201 5060 1425 5121 satiari;
1453 5063 1704 5127 quamvis
1722 5064 1903 5119 omnia
1926 5064 2084 5121 facile
2118 5068 2286 5135 dicat,

732 5148 818 5201 illa
873 5150 1172 5205 commodis
1200 5152 1408 5205 minora
1442 5152 1714 5206 videntur.
1747 5153 1996 5209 Mensura
2048 5157 2141 5212 tibi
2176 5160 2291 5214 lau-

728 5240 854 5293 dum
900 5256 1111 5305 scnsus,
1152 5244 1243 5311 qui
1277 5243 1410 5297 nihil
1450 5244 1517 5296 ad
1570 5243 1777 5297 laudem
1827 5244 2072 5302 sullicerc
2116 5260 2284 5320 putat.

732 5331 838 5387 Sed
870 5348 969 5401 pro
1017 5342 1105 5387 tua
1133 5334 1395 5395 amicitia,
1427 5334 1615 5387 desine
1651 5335 1774 5388 talia
1802 5338 2044 5392 scribere
2080 5341 2286 5394 homini

731 5438 898 5489 parvo
953 5424 1043 5492 qui
1079 5425 1135 5479 in
1183 5425 1419 5495 seipsum
1484 5428 1705 5497 respicit
1748 5429 1967 5500 suisque
2018 5433 2290 5487 erubescit

731 5512 943 5572 litteris.

2390 4622 2645 4690 σάμενος,
2681 4619 2745 4670 Τί
2789 4616 2961 4670 ταῦτα
3000 4615 3211 4684 πάσχω,
3248 4615 3423 4684 (prmi;
3455 4612 3656 4664 Σκόπει
3687 4610 3777 4663 τὸν
3824 4612 3977 4679 γρα-

2390 4714 2591 4782 ψαντα,
2623 4712 2719 4763 καὶ
2744 4709 2961 4776 λογίζου
2997 4708 3096 4776 τὴν
3128 4708 3363 4772 εῦνοιαν,
3396 4709 3488 4759 καὶ
3532 4706 3813 4773 θαύμασαι
3864 4704 3976 4756 ὅσα

2390 4802 2598 4854 πείθειν
2625 4798 2733 4852 οἶδε
2768 4801 2868 4868 τῆς
2893 4800 3076 4869 φιλίας
3109 4801 3136 4851 ὁ
3163 4798 3354 4860 πόθοςο
3387 4796 3483 4847 καὶ
3498 4797 3563 4848 τὰ
3584 4796 3657 4864 μὴ
3689 4793 3820 4846 ὄντα
3850 4796 3973 4862 γὰρ

2390 4893 2640 4964 ἡγεῖσθαι
2671 4894 2847 4945 ποιεῖ’
2886 4892 2982 4942 καὶ
3015 4891 3083 4941 τὰ
3109 4889 3279 4957 ψευδῆ
3315 4890 3478 4958 τιμᾷν
3504 4887 3577 4949 ὡς
3616 4885 3788 4954 ἀληθῆ
3816 4900 3829 4911 ’
3874 4887 3971 4938 ἒν-

2390 4982 2579 5036 τεῦθεν
2633 4978 2791 5050 οἶμαι
2852 4981 2960 5032 τῶν
3031 4978 3268 5031 ἐπαίνων
3316 4977 3607 5046 ἀπλήστως
3652 4974 3820 5041 ἔχειν,
3870 4974 3975 5026 καὶ

2394 5075 2571 5127 πάντα
2601 5074 2776 5139 λέγων
2802 5068 3045 5139 εὐχερῶς
3076 5084 3089 5097 ·
3117 5072 3213 5121 καὶ
3232 5068 3407 5121 ταῦτα
3423 5068 3596 5129 δοκεῖς
3625 5066 3734 5118 τῶν
3788 5065 3975 5134 ὐπαρο

2393 5165 2596 5235 χόντων
2645 5163 2905 5216 ἐλάττονα
2933 5180 2946 5192 ’
2993 5163 3190 5231 μέτρον
3251 5159 3308 5211 δέ
3349 5176 3431 5211 σοι
3487 5157 3593 5209 τῶν
3631 5155 3874 5208 ἐπαίνων
3940 5156 3975 5224 ἡ

2396 5253 2616 5323 γνώμη.
2696 5252 2861 5323 μηδὲν
2916 5253 3106 5321 ἀρκεῖν
3161 5250 3439 5318 ἡγουμένη
3498 5245 3633 5317 πρὸς
3690 5244 3920 5297 ἔπαινον
3958 5262 3973 5275 .

2398 5343 2511 5399 ἀλλ’
2547 5342 2793 5410 ἐπίσχες,
2840 5341 2975 5411 πρὸς
3034 5340 3212 5408 φίλου,
3266 5339 3493 5391 τοιαῦτα
3541 5336 3771 5407 γράφων
3830 5336 3976 5403 πρὸς

2396 5436 2567 5505 ἄνδρα
2608 5432 2801 5502 μικρὸν
2834 5432 2912 5494 εἰς
2936 5432 3127 5484 ἑαυτὸν
3154 5430 3383 5501 ὁρῶντα,
3431 5430 3523 5483 καὶ
3559 5430 3671 5491 τοῖς
3702 5426 3974 5495 γραμμα-

2399 5542 2482 5579 σιν
2505 5524 2890 5593 αἰσχυνόμενον
2922 5522 3020 5592 (I).

2227 5635 2460 5691 NOTAE.

807 5721 887 5790 (l)
911 5721 1049 5797 Post
1076 5724 1311 5797 hanc_ad
1330 5725 1660 5781 Dorotheum
1692 5728 1994 5797 epistulam,
2032 5729 2133 5782 alia
2169 5731 2303 5783 scri-

746 5792 889 5847 bitur
911 5793 964 5847 in
992 5793 1180 5851 codice
1218 5792 1583 5853 Laurentiano
1608 5799 1673 5854 ad
1690 5792 1958 5863 eumdem,
1983 5792 2127 5855 teste
2169 5800 2306 5855 Ban-

2411 5730 2579 5789 tlinio,
2615 5744 2735 5793 qua:
2764 5709 2973 5795 incipit,
3001 5701 3170 5779 Πάλιν
3205 5724 3485 5785 εὐσεϐείας
3520 5720 3827 5795 καιρὸς-καὶ
3859 5721 3974 5795 πᾷ-

2414 5797 2497 5852 λιν
2550 5790 2686 5870 πρὸς
2720 5800 2817 5869 τὴν
2857 5790 3126 5868 ὐμετέραν
3163 5796 3353 5865 σοφίαν
3388 5798 3415 5849 ὁ
3445 5790 3662 5863 δρόμος.
3696 5790 3820 5847 Ilaec
3848 5793 3975 5862 qui-
