4248 6428
300 412 441 475 απτ

793 519 907 570 ων.
962 516 1371 586 ΠΑΓΚΡΑΤΙῼ.

370 610 446 664 Οὐ
496 608 606 679 γάρ
652 609 825 661 δοκεῖν
872 610 1108 677 ἄριστος,
1157 605 1269 657 ἀλλ’
1316 600 1454 657 εἶναι
1503 602 1642 666 θέλε,
1701 600 1865 668 φησὶν

1711 398 2109 461 EPISTOLE.

1892 516 1939 570 Α

3398 371 3539 435 2778

2413 502 2647 557 LXXIV.
2677 494 3087 555 ΡΔΜΞΒΑἸΊΟ.

2038 595 2156 652 Noli
2192 596 2431 666 optimus
2458 596 2655 656 videri,
2690 594 2784 649 sed
2806 607 2950 655 esse,
2986 592 3064 644 ait
3092 584 3407 656 Eschylus,
3437 579 3531 636 ali-

299 696 585 767 Αίσχύλος,
608 698 851 749 ἐπαινεῖν
898 711 1021 746 τινα
1050 692 1441 763 προελόμενος·
1480 690 1685 743 τοιοῦτο
1738 688 1867 757 ἡμῖν
1968 708 1976 740 ι

1850 705 1867 739 ν
1968 704 2126 757 quem
2155 688 2375 743 laudare
2393 687 2494 742 sibi
2518 700 2839 757 proponens.
2864 683 3011 737 Talis
3037 680 3191 735 nobis
3208 675 3527 748 apparuisti,

299 787 570 854 ἀνεφάνης
605 802 616 814 ·
668 785 728 837 οὐ
762 783 919 837 τοῦτο
946 783 1013 851 δὴ
1061 781 1121 833 τὸ
1152 781 1327 833 κοινὸν
1364 780 1524 849 μέχρι
1576 774 1670 829 τοῦ
1720 792 1863 844 παρ-

299 881 437 929 εῖναι
491 877 671 945 φιλίαν
694 875 1023 936 ἐπιδεικνὺς,
1051 874 1167 925 οὶδέ
1200 872 1412 941 μετρῶν
1458 869 1535 941 τῷ
1578 869 1730 938 τόπῳ
1773 870 1870 935 τὴν

300 966 536 1029 εὔνοιαν,
558 967 724 1036 ἀλλ’ἢ
750 968 996 1037 κρεῖττον
1027 958 1167 1016 εἶναι
1196 964 1287 1015 καὶ
1316 961 1507 1014 σαυτὸν
1545 962 1701 1031 νικᾷν
1725 964 1872 1012 ἒπει-

300 1059 569 1128 γόμενος’
620 1057 843 1119 εἰκότως
889 1056 997 1127 ἄρα
1060 1073 1118 1109 σε
1167 1056 1264 1123 τῆς
1309 1054 1449 1124 ἐμῆς
1500 1052 1737 1113 διανοίας
1771 1051 1871 1103 οὐκ

300 1145 443 1202 οἶδεν
478 1150 809 1203 ὑποϐλέπειν
832 1153 865 1220 ἡ
886 1149 1046 1220 λήθη.
1087 1146 1227 1200 Ἀλλ’
1260 1146 1435 1199 ἔπεισί
1460 1146 1512 1198 τί
1536 1162 1624 1215 μοι
1645 1146 1869 1214 Σωκρα-

298 1240 450 1292 τικὸν
480 1242 563 1293 ἀεὶ
582 1240 781 1307 λέγειν,
815 1239 889 1301 ὡς
918 1240 966 1291 εἰ
995 1236 1104 1306 ἐγὼ
1134 1236 1479 1306 Παγκράτιον
1522 1235 1723 1302 ἀγνοῶ,
1777 1236 1872 1285 καὶ

299 1331 538 1399 ἐμαυτοῦ
560 1330 941 1399 επιλέλησμαι,
973 1324 1033 1381 οὐ
1060 1326 1278 1398 χορεύει
1321 1328 1471 1397 μὲνὴ
1505 1325 1720 1394 γλῶττα
1750 1326 1872 1386 ταῖς

302 1423 552 1492 μούσαις,
588 1423 756 1493 ἀρετὴ
778 1422 833 1475 δὲ
871 1422 1120 1493 καθάπερ
1159 1423 1382 1491 τέμενος
1437 1420 1636 1475 ἀ6ατον
1670 1411 1863 1487 κακία,

298 1517 399 1586 τὴν
451 1516 600 1587 ἱεράν
642 1514 819 1585 ψυχὴν
868 1514 1219 1584 ᾠκειώσατοο
1268 1512 1557 1583 τοιγαροῦν
1600 1509 1871 1579 εὐδαίμων

301 1612 403 1677 μὲν
454 1607 616 1669 αὐτὸς
651 1606 874 1659 τοιαῦτα
922 1605 1101 1675 φέρων
1129 1604 1486 1674 γνωρίσματα
1514 1618 1527 1630 ’
1566 1603 1661 1655 καὶ
1717 1600 1871 1658 πόλιν

295 1700 465 1761 οἰκεῖς
492 1697 588 1768 τὴν
620 1696 803 1765 κοινὴν
849 1696 959 1749 τῶν
997 1696 1170 1763 λόγων
1207 1696 1440 1767 μητέρα,
1474 1695 1541 1765 ἠν
1585 1688 1724 1764 ὧραι
1774 1709 1870 1745 πο-

298 1788 489 1839 θοῦσαι
521 1788 661 1840 κατά
685 1788 888 1855 ταύτην
920 1786 1173 1855 ἀλλήλαις
1197 1787 1541 1848 ἐσπείσαντο,
1582 1783 1649 1852 ἣν
1697 1797 1869 1849 προσ-

1971 794 2074 834 ιιοιι
2138 789 2343 833 tantum
2382 788 2558 834 tamen
2598 778 2721 833 boni
2763 775 2961 845 publici
3014 772 3190 827 zelum
3251 778 3529 826 ostentans

1971 879 2029 923 ιιι
2054 870 2347 924 amicitiam
2402 870 2662 940 negligas,
2714 882 2814 923 nec
2853 867 3153 921 locotuam'
3191 862 3536 917 circumscri-

1971 963 2106 1016 bens
2122 959 2578 1025 benevolentiam,
2605 959 2698 1014 sed
2739 956 3018 1011 meliorem
3044 970 3164 1012 esse
3186 961 3240 1008 et
3267 955 3332 1009 de
3364 952 3537 1020 teipso

1972 1058 2229 1112 victorem
2266 1056 2614 1111 contendens.
2661 1055 2738 1111 Te
2775 1054 2827 1108 in
2851 1053 3015 1108 corde
3050 1066 3168 1106 meo
3199 1064 3296 1104 nec
3339 1046 3537 1118 poterit

1970 1150 2169 1204 oblivio
2215 1148 2414 1203 delere.
2470 1148 2576 1201 Sed
2628 1147 2682 1201 in
2724 1154 2903 1201 mente
2940 1144 3071 1198 mihi
3121 1143 3269 1195 venit
3320 1153 3535 1207 st'ntpcr

1972 1240 2099 1309 quid
2136 1240 2467 1296 socraticum
2511 1240 2692 1294 dicere
2730 1238 2945 1308 meique
2981 1251 3101 1291 sum
3126 1234 3348 1296 oblitus,
3381 1229 3535 1298 quasi

1975 1332 2322 1387 Pancratium
2367 1346 2472 1385 non
2502 1330 2741 1384 noverim
2763 1370 2779 1398 ,
2810 1328 2964 1398 cujus
3005 1326 3185 1393 lingua
3215 1337 3336 1377 cum
3370 1320 3538 1375 musis

1974 1425 2155 1489 saltat,
2196 1431 2251 1476 et
2288 1423 2462 1477 virtus
2496 1420 2649 1490 quasi
2703 1430 2846 1475 terra
2887 1418 3108 1473 malitia:
3150 1413 3411 1485 impervia
3452 1426 3539 1465 sa-

1972 1527 2119 1567 cram
2168 1513 2378 1567 habitat
2414 1513 2672 1566 animam.
2726 1510 2925 1564 Beatus
2971 1509 3133 1578 igitur
3181 1508 3298 1574 ipse
3335 1506 3427 1575 qui
3463 1511 3540 1557 tot

1975 1603 2141 1657 habes
2174 1617 2291 1656 rara
2324 1612 2377 1658 et
2399 1601 2711 1670 singularia.
2737 1601 2939 1656 Urbem
2961 1598 3173 1653 habitas
3194 1608 3537 1651 communem

1971 1695 2301 1764 eloquentia:
2342 1703 2567 1749 matrem
2609 1695 2661 1748 in
2709 1709 2812 1763 qua
2848 1693 2993 1746 horte
3042 1691 3285 1761 benigna:
3316 1689 3457 1743 inter
3481 1702 3540 1742 se

1976 1786 2154 1840 lmdus
2187 1787 2449 1851 inierunt,
2477 1800 2639 1854 quam
2674 1784 2905 1838 dulciter
2940 1783 3131 1850 irrigat
3176 1794 3325 1832 mare
3358 1778 3538 1831 Nilus-

297 1879 702 1948 κλύζειπράως
755 1881 786 1947 ἡ
818 1877 1081 1939 θάλασσα,
1107 1876 1197 1928 καὶ
1222 1875 1413 1937 Νεῖλος
1450 1871 1868 1940 ἐναγκαλίζεται
1902 1873 1941 1928 Β
1970 1900 1974 1923 ‹

1861 1890 1868 1922 ι
1902 1873 1941 1928 Β
1970 1892 2073 1945 que
2096 1878 2235 1932 sicut
2262 1893 2453 1932 amans
2481 1876 2709 1929 amicam
2737 1873 3102 1944 amplectitur,
3124 1878 3179 1925 et
3206 1885 3270 1925 ex
3299 1869 3538 1937 undique

297 1970 549 2040 καθάπερ
571 1969 822 2041 ἐρωμένῃ
850 1967 1163 2038 περιχυθείς
1184 1981 1197 1996 ³
1225 1966 1317 2019 καὶ
1341 1964 1681 2033 πανταχόθεν
1728 1962 1865 2034 ἄλση

296 2062 391 2115 καὶ
420 2062 609 2132 δένδρα
632 2067 725 2115 καὶ
745 2061 869 2132 λήῖα
893 2062 1117 2122 καὶτοῖς
1133 2060 1433 2129 ὀφθαλμοῖς
1457 2058 1676 2110 ποικίλα
1694 2073 1867 2125 προσ-

297 2154 516 2207 ϐαλοῦσι
563 2154 815 2223 χάριτες·
872 2154 990 2206 ἀλλ’
1040 2156 1169 2223 ὐμῖν
1224 2152 1323 2223 μὲν
1366 2151 1467 2220 τὴν
1520 2147 1868 2219 εὐδαιμονίαν

296 2245 431 2304 Θεὸς
459 2242 781 2312 ἐπαυξήσει,
814 2244 906 2296 καὶ
939 2242 1130 2313 μισθὸν
1158 2243 1258 2311 τῆς
1304 2241 1508 2312 ἀρετῆς
1541 2239 1867 2311 δωρησάμε-

294 2351 383 2398 νος
405 2352 419 2366 ’
464 2334 693 2405 μετάδος
718 2335 775 2387 δὲ
794 2334 993 2403 φίλοισι
1030 2338 1143 2396 σοῖς
1168 2333 1268 2403 σῆς
1303 2333 1627 2403 εὐπραξίας,
1658 2335 1770 2395 τοῖς
1803 2334 1867 2385 ὲκ

296 2425 543 2496 γλώττης
560 2427 784 2495 ἀγαθοῖς
812 2426 1121 2495 εὐφραίνων
1159 2426 1327 2495 ἡμᾶς,
1383 2425 1477 2477 καὶ
1522 2423 1755 2493 πέμπων
1786 2423 1865 2475 οῖ-

295 2517 452 2570 κοθεν
480 2518 663 2571 οἴκαδε
689 2517 825 2587 πρὸς
847 2518 992 2587 ἡμᾶς
1015 2517 1082 2569 τά
1098 2517 1398 2587 ποιήματα.
1434 2515 1509 2567 Οὐ
1534 2514 1641 2586 γὰρ
1663 2514 1866 2567 δίκαιον

294 2606 582 2663 λανθάνειν
613 2608 648 2663 ἃ
680 2610 792 2671 τοῖς
862 2608 1118 2677 ἀλλήλοις
1163 2607 1541 2677 έπιδειχθέντα
1607 2604 1865 2673 πλείστην

293 2701 431 2754 οἴσει
446 2701 547 2771 τὴν
576 2700 783 2769 ὂνησιν.

610 2788 733 2843 os'.
763 2790 997 2861 ΓΕΣΣΙῼ
1031 2790 1545 2861 ιΑτΡοΣοψιΣτῌ.

372 2881 432 2937 Ὁ
452 2882 549 2955 τὴν
580 2882 870 2953 ἐπιστολὴν
894 2882 1166 2945 ἐπιδιδοὺς
1198 2883 1300 2935 ὐπὸ
1344 2884 1511 2951 μητρὶ
1562 2881 1706 2951 χήρᾳ
1735 2897 1866 2952 τρα-

294 2977 414 3043 φεὶς
467 2975 562 3028 καὶ
608 2974 709 3043 τὴν
770 2973 880 3027 τῶν
929 2973 1242 3040 ἀναγκαίων
1290 2972 1496 3025 ἔνδειαν
1524 2970 1862 3040 αἰτιώμενος,

1970 1966 2142 2031 lucos,
2182 1968 2406 2021 arbores
2447 1976 2501 2021 et
2553 1975 2763 2036 segetes
2814 1964 2989 2020 oculis
3028 1964 3209 2020 varias
3259 1963 3542 2031 proferunt

1970 2061 2320 2131 κεδασθηὸοά
2352 2062 2507 2115 vobis
2541 2060 2683 2113 Deus
2732 2057 3043 2113 felicitatem
3092 2056 3330 2126 augebit,
3363 2054 3532 2106 virtu-

1973 2152 2151 2217 tisque
2186 2150 2464 2220 prmstabit
2507 2148 2833 2203 mercedem.
2860 2147 3080 2202 Amisos
3115 2146 3197 2199 fac
3226 2145 3535 2200 beneficen-

1970 2243 2057 2294 tite
2091 2249 2192 2295 tua:
2223 2240 2535 2308 participes,
2563 2238 2840 2292 la‘tilicans
2868 2252 2966 2291 nos
2995 2236 3188 2305 lingua:
3208 2246 3311 2291 tua:
3337 2234 3539 2288 divitiis

1966 2343 2021 2387 et
2051 2333 2244 2386 exinde
2276 2333 2341 2385 ad
2385 2347 2483 2386 nos
2518 2331 2737 2387 mittens
2767 2344 2930 2398 opera
2958 2340 3066 2383 tua.
3103 2327 3220 2382 Non
3275 2328 3417 2382 enim
3458 2326 3538 2380 las

1968 2433 2051 2478 est
2091 2422 2429 2477 abscondere
2476 2437 2536 2477 ea
2580 2438 2699 2492 quae
2741 2421 2862 2476 aliis
2920 2420 3263 2476 manifestata
3306 2419 3534 2474 multum

1967 2513 2194 2570 silerent
2220 2515 2585 2570 commodum.

2208 2790 2420 2847 LXXV.
2462 2791 2712 2849 GESSIO
2743 2789 2995 2847 PEBITO
3026 2789 3300 2846 MEDICO.

2038 2883 2139 2951 Qui
2188 2886 2328 2941 hanc
2382 2888 2536 2942 vobis
2576 2885 2714 2940 feret
2748 2888 3030 2957 epistolam
3080 2900 3108 2938 a
3156 2894 3327 2938 matre
3378 2883 3534 2939 vidua

1966 2979 2237 3032 enutritus
2267 2988 2321 3032 et
2352 2978 2404 3032 in
2445 2981 2687 3034 omnium
2735 2980 3162 3033 necessariorum
3200 2975 3376 3043 inopia
3405 2977 3541 3029 edu-

290 3067 438 3132 ὅμως
461 3066 559 3134 οὐχ
587 3064 692 3117 ὑπὸ
719 3064 969 3134 νεότητος
987 3065 1266 3132 ἐπαρθεὶς,
1295 3065 1396 3117 οὐκ
1425 3066 1483 3116 ὲν
1521 3062 1739 3134 ἐξουσία
1770 3063 1864 3117 τοῦ

1969 3079 2147 3133 catus,
2195 3084 2294 3123 nec
2344 3089 2371 3123 ιι
2413 3070 2699 3139 juventutc
2745 3080 2984 3130 erectus.
3034 3078 3131 3121 aut
3184 3069 3236 3120 in
3288 3068 3541 3122 libertate

292 3156 554 3223 πράττειν
582 3154 684 3205 ὅτι
720 3152 863 3206 θέλοι
906 3153 1216 3223 γενόμενος,
1261 3151 1411 3221 παρὰ
1455 3151 1724 3223 ρᾳθυμίαν
1754 3154 1862 3205 ἀπ-
1894 3204 1936 3229 η

1974 3160 2182 3226 positus
2204 3161 2395 3229 agendi
2429 3159 2557 3228 quid
2602 3160 2776 3225 vellet,
2815 3159 2881 3213 ad
2915 3160 3184 3228 ignaviam
3225 3157 3537 3212 declinavit.
3641 3200 3645 3203 _

291 3204 500 3297 έκλινεν
528 3261 542 3277 -
574 3204 688 3297 in;
714 3204 1143 3314 ἐπανορθοῦσθαι
1172 3204 1270 3312 ἑὴν
1297 3204 1466 3313 τὸχηὲ
1498 3204 1726 3309 ἰθέὶ.ων,
1761 3204 1868 3297 ω
1894 3204 1938 3265 (³

1974 3204 2182 3226 ,μνη-.-
2204 3204 2395 3229 νυνη.
2430 3204 2557 3228 .,.....
2611 3204 2776 3225 ..,..-.,
2815 3204 2881 3213 __
3228 3204 3537 3212 _---.-._----

1863 3204 1938 3296 ιϐ
1978 3249 2082 3303 Sed
2108 3249 2271 3304 sortis
2302 3249 2529 3318 injurias
2565 3250 2842 3316 corrigere
2887 3248 3074 3301 volens
3112 3247 3540 3315 eloquentiaeque

290 3333 465 3401 λίγων
484 3335 605 3406 ἐρᾷ,
638 3336 731 3387 καὶ
762 3335 898 3406 πρὸς
925 3332 1024 3404 τὴν
1054 3332 1326 3403 ὑμετέραν
1364 3332 1607 3400 γλῶτταν
1652 3335 1868 3402 ἐπείγε-

1863 3364 1868 3374 ι
1974 3340 2201 3407 Cupidus
2222 3342 2286 3391 ad
2311 3339 2547 3408 linguam
2576 3349 2812 3394 vestram
2842 3340 3095 3407 pellitur;
3125 3348 3178 3393 et
3203 3352 3269 3392 ex
3294 3352 3353 3392 ea
3394 3340 3540 3391 snlh-

288 3443 409 3481 ται·
449 3428 544 3480 καὶ
570 3426 847 3497 ἀρκοῦσαν
864 3425 1116 3496 ἀφορμὴν
1146 3424 1284 3495 πρὸς
1304 3424 1617 3494 εὐσχήμονα
1656 3425 1773 3493 βίον
1805 3426 1865 3490 ἐξ

1970 3433 2203 3487 cientem
2227 3434 2293 3486 ad
2337 3430 2621 3487 honestam
2649 3432 2811 3487 vitam
2842 3448 3062 3488 sumens
3093 3434 3457 3495 occasionem.
3484 3444 3542 3487 ut

288 3511 461 3585 αὐτῆς
499 3516 862 3586 ἀρυσάμενος,
897 3515 972 3578 ὡς
1003 3513 1209 3585 ἀρκοῦν
1235 3515 1390 3568 ἐστιν
1419 3514 1566 3581 ὑμᾶς
1591 3513 1737 3578 ίδεῖν,
1773 3514 1869 3567 καὶ

289 3608 399 3661 τῶν
427 3607 740 3661 λυπούντων
774 3606 918 3677 ἔχειν
944 3606 1044 3676 τὴν
1072 3604 1246 3670 λύσιν,
1277 3608 1341 3676 τῇ
1368 3606 1501 3675 παρ’
1541 3604 1695 3675 ὑμῶν
1722 3606 1867 3659 διδα-

291 3700 489 3771 σκαλίᾳ
513 3700 611 3762 τάς
641 3698 777 3769 πρὸς
798 3698 857 3752 τὸ
896 3697 1087 3769 μέλλον
1122 3698 1341 3760 ἐλπίδας
1375 3697 1863 3768 ιπανορθούμενος·

286 3795 409 3851 ὅθεν
440 3793 537 3863 τὴν
560 3793 831 3864 ὑμετέραν
856 3790 1079 3861 γνώμην
1104 3790 1278 3857 εἰδὼς,
1310 3790 1405 3844 καὶ
1440 3792 1516 3854 ὡς
1576 3791 1866 3862 πρόκεισθε

286 3888 400 3947 τοῖς
427 3883 485 3936 εῦ
522 3884 708 3937 παθεῖν
733 3882 1031 3952 δεομένοις,
1062 3881 1282 3952 θαρῤὦν
1309 3882 1437 3951 ὑμῖν
1462 3884 1725 3954 προσάγω
1773 3884 1865 3936 τὸν

285 3976 427 4039 νέον,
461 3976 581 4029 ἀντὶ
610 3976 852 4045 μεγάλης
886 3974 1095 4045 δωρεᾶς
1125 3973 1256 4044 ὓλην
1299 3974 1428 4043 ὑμῖν
1472 3975 1722 4045 χορηγῶν
1768 3975 1863 4030 τοῦ

284 4068 544 4122 δύνασθαι
568 4068 729 4121 πάλιν
748 4068 1087 4137 γεωργῆσαι.

849 4162 988 4226 οςο.
1014 4157 1321 4229 summa.

359 4250 525 4314 Μόλις
549 4250 698 4319 ἡμᾶς
726 4247 1142 4318 ἀμηχανοῦντας
1196 4246 1512 4317 μετέϐαλες,
1544 4248 1763 4321 γράψας
1787 4251 1863 4315 ὡς

288 4343 440 4413 ᾅδειν
462 4341 669 4403 ἐθέλεις
697 4339 979 4408 ὐμέναιον,
1003 4338 1096 4391 καὶ
1129 4339 1334 4391 παίδων
1357 4339 1606 4405 γενέσθαι
1634 4342 1819 4413 πατήρ
1845 4359 1859 4375 ο

285 4430 500 4483 πολλῶν
528 4431 637 4499 γὰρ
688 4426 1066 4495 ἐπιδραμοῦσα
1107 4426 1285 4495 φήμη,
1338 4426 1529 4491 ἄλλους
1570 4428 1864 4500 ἀλλαχόθεν

1973 3524 2158 3577 videre
2179 3524 2446 3592 poteritis,
2473 3532 2528 3577 et
2553 3522 2905 3589 amictiouum
2930 3524 3088 3577 linem
3114 3522 3388 3585 obtinens,
3443 3538 3539 3575 ve-

1971 3623 2084 3669 stra
2106 3613 2388 3683 disciplina
2414 3628 2544 3669 suas
2566 3628 2688 3684 spes
2706 3614 2882 3684 eriget
2911 3614 2964 3668 in
2998 3613 3258 3669 futurum.
3289 3611 3538 3669 Vestram

1971 3706 2379 3775 dispositionem
2414 3715 2469 3761 et
2514 3707 2565 3760 in
2600 3706 2908 3775 indigentes
2930 3708 3363 3775 compassionem
3416 3722 3539 3761 cum

1972 3798 2105 3851 bene
2144 3799 2410 3861 noverim,
2450 3797 2598 3851 illum
2643 3798 2708 3850 ad
2741 3812 2835 3851 vos
2880 3797 3094 3852 mittere
3137 3797 3391 3867 juvenem
3432 3802 3547 3852 non'

1972 3887 2161 3952 timeo,
2207 3888 2324 3942 loco
2371 3902 2576 3957 magna:
2610 3889 2873 3944 mercedis
2918 3889 3201 3945 materiam
3239 3898 3298 3943 ut
3344 3889 3538 3943 iterum

1969 3978 2194 4048 possitis
2234 3979 2483 4035 laborare
2515 3992 2803 4051 praestans.

2444 4156 2679 4213 LXXVI.
2712 4156 3050 4213 PHILIPPO.

2034 4248 2256 4305 Consilii
2280 4248 2457 4317 inopia
2478 4250 2880 4316 laborabamus,
2900 4265 3119 4307 omnem
3148 4250 3535 4306 dubitationem

1969 4341 2242 4395 sustulisti
2271 4343 2516 4396 scribens
2546 4352 2595 4396 te
2623 4343 2760 4397 velle
2794 4344 3134 4414 hymenaeum
3170 4357 3367 4397 canere
3396 4342 3534 4395 ﬁlio-

1969 4444 2199 4498 rumque
2266 4439 2471 4498 patretn
2522 4430 2660 4484 lieri.
2722 4431 3014 4485 Multorum
3064 4446 3343 4486 sermones
3394 4431 3535 4485 fama

283 4523 522 4587 ὲπέγετο
548 4519 739 4584 λόγους
767 4531 781 4546 ο
806 4517 898 4568 καὶ
948 4516 1165 4567 πάντων
1210 4516 1580 4585 διηγουμένων
1608 4519 1862 4571 σιωπῶν·-
1897 4548 1937 4601 Ι)

1857 4551 1862 4560 .
1897 4548 1937 4601 Ι)
1972 4532 2314 4585 pra-currens
2345 4518 2482 4573 alios
2516 4518 2622 4573 alio
2656 4529 2956 4588 sparserat.
3000 4519 3132 4572 Cum
3168 4520 3410 4571 Olltlllllm
3442 4533 3534 4569 au-

281 4626 375 4672 τες
404 4610 563 4677 ἡμεῖς
597 4604 953 4677 ὴκροώμεθα,
985 4605 1093 4656 τῶν
1119 4605 1403 4675 ὑμετέρων
1439 4606 1762 4673 ἀγνοοῦντες
1794 4609 1863 4662 τά

284 4705 536 4772 μέγιστα,
578 4702 801 4763 καὶτοῖς
829 4698 1257 4766 πυνθανομένοις
1298 4700 1516 4763 παίζειν
1555 4700 1860 4765 δοκοῦντες,

279 4794 355 4854 ὡς
382 4793 599 4858 ἀγνοεῖν
630 4790 885 4859 ἐπίτηδες
916 4788 1397 4857 προσποιούμενοι.
1446 4790 1582 4841 Νυνὶ
1638 4790 1695 4843 δὲ
1749 4794 1860 4854 τοῖς

277 4886 567 4953 γραφεῖσιν
595 4880 803 4952 ἡσθεὶς,
829 4881 1001 4949 ἡδέως
1028 4880 1093 4933 ἂν
1128 4880 1287 4942 εὐθὺς
1310 4881 1549 4949 Περσεὺς
1595 4883 1861 4952 ἐγενόμην

280 4974 608 5042 ὑπόπτερος,
644 4973 738 5026 καὶ
794 4972 886 5024 τοῦ
924 4970 1191 5036 πελάγους
1224 4969 1529 5036 ὐπερπτᾶς,
1577 4971 1671 5024 καὶ
1724 4972 1863 5041 πρὸς

276 5066 423 5134 ὑμᾶς
449 5064 806 5133 ἀφικόμενος,
866 5061 1110 5114 παστάδα
1158 5060 1401 5113 κατεῖδον
1442 5060 1612 5132 ἱερὸν,
1657 5063 1748 5116 καὶ
1793 5064 1855 5116 τὸ

277 5157 498 5210 πάντων
526 5154 744 5223 ἣδιστον
769 5152 976 5221 θέαμα,
1008 5150 1243 5220 νυμφίον
1276 5152 1339 5203 ὲκ
1371 5151 1687 5219 φιλοσοφίας
1718 5154 1855 5224 ἐρω-

273 5240 458 5291 τικόν⁰
479 5239 573 5291 καὶ
599 5237 783 5290 ὐνλικόν
816 5254 901 5299 τις
930 5236 1091 5290 αὐτὸν
1111 5237 1349 5307 ὀνομάζῃ
1376 5237 1679 5307 φιλοσόφως
1713 5242 1850 5295 ἀπο-

272 5330 617 5399 κρινόμενον,
671 5329 1013 5397 ὡς’κοσμεῖν
1052 5327 1162 5380 ἔδει
1222 5329 1321 5398 τὴν
1366 5329 1600 5397 γένεσιν,
1662 5331 1853 5401 ἔρανον

269 5420 389 5475 ἀνθ’
415 5420 612 5473 ἑαυτοῦ
648 5418 1003 5491 χορηγοῦντα,
1038 5420 1131 5471 καί
1164 5418 1232 5471 τὰ
1258 5420 1443 5472 εἰκότα
1467 5421 1604 5491 πρὸς
1643 5424 1851 5494 ταύτην

274 5510 698 5582 ἀφοσιούμενον
723 5512 894 5572 ἑάλως
924 5510 968 5562 δ’
999 5509 1093 5562 οῦν
1139 5511 1308 5579 ὅμως,
1328 5505 1373 5563 ὦ
1426 5510 1693 5580 βέλτιστε,
1745 5516 1845 5585 ὀψέ

1968 4608 2252 4661 diebamus
2282 4610 2658 4673 narrationes,
2689 4610 2999 4675 silebamus,
3032 4620 3245 4664 tuorum
3278 4610 3537 4677 ignoran-

1967 4708 2050 4752 tes
2086 4698 2341 4768 plurima,
2376 4699 2560 4753 ludere
2605 4700 2924 4753 videbamur
2969 4699 3448 4768 intermgantibns.
3480 4707 3534 4753 et

1966 4791 2327 4859 ignorantiam
2368 4792 2617 4844 consulto
2648 4792 2872 4860 lingere.
2918 4791 3068 4845 Nunc
3098 4802 3276 4845 autem
3320 4792 3387 4845 iis
3414 4806 3534 4860 qua:

1966 4881 2237 4950 scnipsisti
2270 4881 2526 4946 recreati,
2560 4882 2791 4936 libenter
2822 4884 3030 4937 veloces
3064 4881 3246 4955 Persei
3275 4881 3389 4933 alas
3420 4897 3535 4933 mu-

1966 4983 2274 5037 tuaremur,
2310 4981 2365 5026 et
2392 4988 2540 5028 mare
2562 4974 2933 5029 transilientes
2959 4976 3025 5027 ad
3054 4984 3105 5027 te
3141 4974 3449 5027 veniremus
3477 4982 3535 5025 ut

1967 5080 2185 5118 sacrum
2229 5064 2506 5116 videamus
2549 5064 2838 5118 thalamqu
2888 5074 2941 5118 et
2986 5065 3129 5131 quod
3168 5062 3408 5116 omnium
3451 5072 3533 5115 est

1960 5156 2418 5225 jucuudissimum
2451 5156 2841 5227 spectaculum,
2877 5155 3148 5209 hominem
3184 5169 3251 5207 ex
3289 5153 3533 5221 philoso-

1966 5248 2073 5315 pho
2096 5258 2394 5302 amatorem
2432 5248 2654 5301 factum.
2701 5248 2834 5314 Quis
2861 5248 3006 5301 enim
3052 5260 3296 5300 crassqu
3329 5246 3535 5299 diceret

1970 5339 2119 5391 illum
2150 5340 2239 5407 qui
2268 5339 2546 5409 sapienter
2575 5339 2868 5408 respondet
2901 5338 3198 5391 ornandam
3223 5350 3344 5391 esse
3372 5348 3534 5406 gene-

1970 5432 2240 5484 rationem
2270 5470 2284 5495 ,
2328 5431 2419 5498 qui
2474 5430 2785 5483 convivium
2825 5444 2921 5497 pro
2970 5442 3064 5482 sua
3116 5436 3268 5498 parte
3318 5428 3536 5481 ordinat

1966 5520 2296 5589 conjugique
2321 5520 2498 5576 debita
2537 5521 2729 5575 reddit.
2762 5520 2968 5588 Captus
3002 5534 3080 5586 es,
3130 5535 3163 5575 ο
3188 5518 3512 5573 charissime

1779 5631 2005 5688 ΝΟΤΛΞ.

271 5730 391 5785 dem
415 5726 564 5783 deest
597 5724 649 5779 in
674 5724 859 5780 codice
890 5723 1197 5793 Vaticano;
1236 5734 1609 5784 verumtamen
1649 5729 1700 5783 in
1753 5729 2116 5788 Laurentiano
2162 5732 2397 5789 vicissim
2443 5732 2642 5789 desunt
2682 5732 2899 5802 reliqum
2947 5746 3067 5800 quae
3142 5730 3193 5784 in
3262 5726 3527 5785 Vaticano

276 5808 574 5868 sequuntur
603 5810 812 5851 omnes.
