4248 6428
723 386 863 452 2¹Π9
2025 387 2375 448 PROCOPII
2417 388 2659 447 GALEI
3843 382 3989 444 2780

722 505 778 552 et
806 495 1018 549 tandem
1057 494 1251 549 novisti
1296 494 1590 549 amantium
1625 495 1887 565 sagittas;
1932 493 2158 564 pulchra
2205 508 2292 547 tua
2326 502 2368 556 Α

2326 502 2368 556 Α
2400 508 2530 545 ποτε
2568 494 2636 547 τὰ
2659 494 2765 546 τῶν
2790 493 3040 562 ἐρώντων
3074 492 3368 563 μανθάνεις
3422 489 3749 558 τοξεύματα.
3784 492 3856 543 "ll
3927 508 3983 542 τε

720 589 980 658 nympha,
1017 587 1189 651 aiunt,
1237 600 1335 655 per
1376 587 1597 655 gratias,
1656 588 1730 641 ita
1771 599 1829 642 nt
1878 603 1907 641 a
1950 587 2290 657 philosophia

2404 583 2589 654 νύμφη
2613 585 2775 653 καλὴ,
2804 585 2959 655 φησὶ,
2979 585 3045 653 νὴ
3064 583 3163 647 τὰς
3178 584 3441 651 Χάριτας,
3466 582 3561 635 καὶ
3590 581 3746 646 ἱκανὴ
3769 581 3985 646 φιλοσο-
4044 624 4047 628 ι

719 676 988 731 abducere
1040 676 1219 730 valeat
1264 688 1589 732 amatorem.
1634 676 1866 732 Tantum
1931 678 2161 731 ﬁliorum
2215 677 2295 733 sis

2402 672 2528 740 φίας
2572 674 2925 744 παρατρέψαι
2963 674 3055 726 τὸν
3106 674 3383 744 ἐραστήν·
3441 672 3582 741 ἀνὴρ
3648 670 3983 738 μόνῦνγίιιου

717 776 870 832 pater
900 766 1097 819 virtute
1128 765 1506 836 genuinorum,
1540 778 1600 822 ut
1636 767 1768 823 dicit
1797 769 2061 823 comoedia
2085 786 2099 834 ;
2125 776 2179 821 et
2208 767 2293 822 ci-

2399 762 2606 816 παίδων
2661 765 2748 816 ἐπ’
2799 765 2968 834 ἀρετῇ
3019 762 3343 834 γνησίων,ή
3391 762 3656 831 κωμῳδία
3698 761 3865 828 φησί·
3893 761 3984 810 καὶ

720 857 827 910 tius
868 870 932 909 ex
981 856 1134 909 vobis
1176 853 1455 910 videamus
1497 870 1723 925 puerum
1766 856 1856 925 qui
1898 856 2045 909 vnltu
2077 866 2288 924 patrem

2396 853 2590 907 θᾶττον
2615 854 2674 918 ἐξ
2714 854 2867 925 ὑμῶν
2899 855 3061 924 ἴδοιμι
3087 854 3273 916 παῖδα,
3307 852 3396 905 διὰ
3423 853 3520 918 τῆς
3565 852 3694 913 θέας
3732 852 3825 904 τὸν
3878 868 3983 901 πα-

720 950 991 1018 ρηειιὶεει,
1035 949 1334 1017 βττιιεετιίηι
1357 949 1455 1017 ipsi
1492 950 1563 1003 sit
1595 951 2026 1017 mansuetudine,
2068 966 2289 1019 magna-
2394 965 2397 977 ε

2394 943 2528 1013 τέρα
2560 944 2919 1013 κηρύττοντά,
2953 945 3154 1014 μᾶλλον
3207 944 3480 1015 πραότητι
3522 943 3617 993 καὶ
3675 940 3985 1010 μεγαέουᾲυ-

719 1040 986 1103 nimitatc,
1011 1050 1064 1093 et
1090 1038 1213 1093 aliis
1238 1039 1532 1093 virtutibus
1558 1038 1889 1094 simillimus.
2394 1054 2396 1060 ‘

2394 1035 2504 1105 χίᾳ,
2532 1037 2627 1088 καὶ
2655 1039 2775 1099 ταῖς
2816 1036 3001 1099 ἄλλαις
3032 1037 3256 1106 ἀρεταῖς
3284 1034 3684 1103 παραπλήσιον.

1131 1130 1389 1187 LXXVII.
1433 1131 1869 1186 IIIERONYMO.

1769 1131 1869 1186 ΗΟ.
2920 1130 3037 1180 ΟΖ’.
3071 1127 3446 1195 ΙΕΡΩΝΥΜῼ.

785 1221 956 1287 Quam
990 1237 1180 1290 magna
1216 1224 1283 1277 de
1325 1222 1446 1277 Nilo
1490 1225 1695 1289 sentis;
1751 1223 1907 1277 nobis
1954 1224 2204 1277 occurris
2234 1224 2282 1276 in

2477 1225 2562 1287 Ὠς
2588 1222 2798 1294 μεγάλα
2818 1220 2959 1293 [ἐπὶ]
3013 1221 3089 1294 τῷ
3144 1221 3320 1288 Νείλῳ
3355 1222 3593 1287 φρονεῖς,
3649 1218 3743 1270 καὶ
3786 1216 3980 1279 ἁντεξ·

714 1315 952 1368 medium
1012 1331 1178 1385 agens
1224 1314 1517 1386 Egyptum
1557 1317 1710 1385 quasi
1760 1316 1960 1371 oblitus
2010 1320 2152 1386 quod
2194 1326 2283 1373 tua

2393 1317 2547 1385 άγεις
2600 1316 2731 1382 ἡμῖν
2770 1314 2849 1374 εἰς
2898 1313 3061 1380 μέσον
3095 1311 3244 1379 ἄγων
3290 1310 3387 1380 τὴν
3450 1310 3745 1375 Λῖγοπτον,
3788 1308 3978 1375 ὥσπερ

713 1406 1032 1461 charissima
1074 1406 1359 1479 Egyptus,
1390 1410 1443 1462 in
1487 1417 1807 1477 potestatem
1850 1410 2064 1463 redacta
2101 1408 2278 1463 fuerit.

2390 1407 2623 1475 ἁλούσης
2652 1406 2748 1473 τῆς
2782 1404 3047 1471 φιλτάτης
3090 1406 3170 1465 εἰς
3197 1403 3369 1472 λήθην
3402 1402 3572 1453 ἐλθών
3609 1417 3620 1429 ·
3647 1400 3721 1461 ὡς
3754 1400 3851 1451 καὶ
3885 1415 3974 1450 σο-

712 1498 1033 1565 Snphisticae
1068 1512 1196 1553 sunt
1244 1510 1346 1555 tua:
1377 1500 1570 1554 littera:
1614 1500 1923 1571 [astumque
1962 1500 2175 1571 Gorgim
2207 1516 2283 1554 rc-

2390 1497 2616 1567 φιστικά
2651 1497 2706 1550 δέ
2736 1513 2829 1549 σου
2864 1499 2933 1549 τὰ
2956 1496 3283 1567 γράμματα,
3306 1496 3401 1547 καὶ
3423 1494 3514 1546 τὸν
3544 1493 3773 1561 Γοργίου
3805 1491 3976 1558 τῦφον

709 1592 915 1645 dolent.
958 1592 1017 1649 Si
1049 1593 1340 1647 verborum
1381 1599 1598 1647 tuorum
1644 1594 1781 1647 bene
1816 1594 2059 1656 memini,
2105 1592 2280 1647 Nilum

2389 1591 2608 1643 ἐδόκουν
2625 1590 2759 1660 ὁρᾷν
2791 1590 2805 1642 ι
2837 1588 2954 1641 ὖειν
2980 1588 3088 1659 γὰρ
3120 1588 3209 1641 τὸν
3239 1587 3433 1639 Νεῖλον
3468 1586 3603 1654 ἔφης
3647 1586 3709 1636 ἐκ
3755 1584 3886 1652 γῆς,
3929 1584 3981 1635 εἴ

708 1684 844 1739 dicis
875 1699 970 1754 per
999 1694 1201 1740 terram
1231 1687 1465 1756 irrigare
1494 1694 1551 1741 et
1590 1687 1954 1754 navigabilem
1988 1686 2169 1741 facere
2195 1703 2280 1739 re-

2386 1680 2439 1734 τί
2475 1698 2543 1750 με
2583 1679 2658 1750 μὴ
2680 1680 2788 1732 τῶν
2809 1679 3068 1749 ῥημάτων
3095 1678 3391 1747 παρέλαοε,
3425 1677 3517 1729 καὶ
3544 1675 3756 1744 πλωτὴν
3797 1674 3977 1725 ποιεῖν

708 1777 922 1843 gionem
958 1776 1087 1831 olim
1120 1776 1511 1845 perviam.Sed
1548 1777 1651 1832 hoc
1680 1777 1809 1846 quid
1827 1778 1893 1831 ad
1931 1786 1982 1831 te
2021 1777 2110 1845 qui
2140 1775 2281 1831 Mer-

2387 1771 2484 1841 τὴν
2501 1770 2672 1823 πάλαι
2709 1770 2909 1840 βατην·
2936 1768 2986 1822 τί
3009 1770 3066 1823 δέ
3105 1785 3167 1836 γε
3200 1768 3358 1820 τοῦτο
3408 1768 3543 1837 πρὸς
3583 1768 3639 1819 σὲ
3700 1766 3799 1831 τὴν
3848 1764 3976 1830 Ἐρ-

707 1870 845 1922 curii
896 1868 1088 1923 incolis
1136 1867 1322 1923 urbem
1376 1883 1537 1938 quam
1594 1884 1697 1924 nec
1731 1866 1943 1939 Jupiter
1996 1870 2280 1937 pluviosus
2316 1855 2356 1910 Β

2316 1855 2356 1910 Β
2384 1860 2487 1932 μοῦ
2510 1860 2884 1917 κατοικοῦντα.
2913 1862 2977 1930 ἣν
3019 1858 3145 1912 οὔτε
3195 1859 3329 1921 Ζεὺς
3375 1859 3586 1920 ὑέτειος
3633 1858 3827 1925 ἐφορᾷ,
3875 1855 3972 1907 καὶ

707 1959 902 2027 aspicit
931 1965 986 2013 et
1018 1974 1179 2028 quam
1209 1960 1598 2030 praeterlabens
1633 1960 1785 2015 Nilus
1813 1960 1867 2014 in
1899 1961 2061 2016 aliam
2083 1960 2283 2017 fertur?

2384 1952 2747 2024 παρατρέχων
2776 1954 2803 2005 ὁ
2832 1953 3025 2015 Νεῖλος
3067 1953 3146 2014 είς
3192 1951 3389 2019 ἐτέραν
3436 1950 3714 2017 ἐπείγεται
3746 1965 3761 2011 ;
3799 1948 3855 1997 τί
3917 1946 3973 1997 δὲ

706 2052 775 2105 Ει
808 2052 938 2120 quid
982 2051 1192 2107 fructus
1226 2053 1482 2123 colligere
1521 2054 1807 2109 mentiris?
1835 2051 1950 2109 Nisi
1999 2062 2281 2122 serpentes

2385 2046 2479 2097 καὶ
2499 2044 2711 2112 ψευδῶς
2737 2042 3107 2113 ὀπωρίξεσθαι
3129 2042 3273 2114 φῄςς
3310 2042 3450 2110 πλὴν
3490 2042 3537 2092 εί
3564 2042 3638 2109 μὴ
3675 2038 3975 2105 τοὺςδφεις

706 2144 957 2212 colligere
985 2144 1119 2200 dicis
1151 2153 1207 2198 et
1230 2145 1542 2213 scorpiones
1564 2160 1829 2214 omneque
1864 2160 2055 2213 agmen
2095 2146 2284 2199 istius-

708 2232 886 2285 modi?
912 2233 1151 2297 Quorum
1178 2232 1248 2287 ab
1280 2249 1409 2299 uno,
1437 2242 1494 2287 ut
1525 2234 1757 2298 videtur,
1777 2235 1907 2290 olim
1938 2233 2277 2299 vulneratus,

707 2323 820 2377 Ilo!
863 2324 971 2379 bo!
1022 2325 1218 2388 aiunt,
1259 2324 1599 2389 clamavisti;
1665 2342 1787 2381 cum
1833 2335 2016 2381 autem
2072 2328 2279 2382 interea

708 2430 948 2470 mensam
979 2416 1184 2471 lautam
1222 2418 1405 2473 vidisti
1442 2427 1587 2474 totus
1624 2420 1678 2472 in
1724 2422 1879 2473 istam
1926 2420 2106 2475 illatus
2146 2429 2202 2475 et
2230 2421 2279 2475 ei

708 2504 979 2572 seorpioni
1010 2505 1339 2569 valedicens,
1368 2506 1498 2561 illud
1528 2506 1670 2563 forte
1683 2508 1949 2563 comicum
1973 2510 2020 2564 ei
2055 2509 2277 2564 dixisti:

708 2594 990 2665 Nunquam
1024 2598 1143 2651 sine
1184 2606 1236 2652 te
1276 2609 1525 2655 mortuus
1571 2614 1771 2654 essem.
1826 2599 1950 2655 Ηωσ
1995 2600 2281 2670 oportebat

707 2689 967 2752 scribere,
984 2702 1093 2743 non
1132 2688 1323 2746 alienis
1354 2705 1474 2744 sese
1505 2691 1661 2746 bonis
1693 2692 1935 2757 gloriari.
1967 2692 2074 2748 Nos
2110 2692 2277 2747 silen-

710 2780 769 2832 tii
797 2792 1023 2833 accusas
1070 2778 1209 2833 nihil
1235 2780 1395 2835 nobis
1424 2782 1628 2837 dicens.
1663 2781 1824 2839 Certe
1856 2784 2012 2852 plura
2040 2784 2281 2840 dicentes

708 2867 951 2923 invenies
970 2875 1025 2921 et
1052 2868 1207 2923 nobis
1226 2882 1332 2923 non
1355 2868 1493 2925 dicis
1507 2870 1857 2927 Cothocidem
1876 2888 1997 2927 cum
2023 2874 2281 2943 sopbistis

709 2959 1023 3014 irridentem
1055 2958 1359 3017 ﬁstularum
1388 2962 1665 3019 allectum.
1696 2964 1847 3031 Vale,
1878 2974 1933 3020 tu
1964 2974 2019 3021 et
2051 2966 2197 3023 ﬁlius
2219 2976 2274 3023 et

705 3066 843 3105 uxor
868 3065 885 3104 :
916 3068 1086 3122 puero
1110 3053 1418 3112 Alexandro
1442 3071 1509 3112 ne
1528 3058 1706 3127 gravis
1734 3059 1828 3122 sis,
1861 3058 2278 3115 adolescentiam

706 3144 971 3202 violenter
1008 3156 1271 3203 tractans.

1152 3324 1437 3379 LXXVIII.
1490 3326 1813 3384 DIODORO.

782 3414 1069 3469 Famosum
1129 3417 1313 3485 accepi
1365 3420 1676 3473 mandatum
1730 3422 1798 3474 de
1840 3435 1949 3489 quo
2011 3435 2134 3475 cum
2174 3421 2280 3489 iam

714 3505 922 3575 pridem
958 3522 1145 3561 vocem
1170 3509 1486 3575 emiseram,
1521 3512 1772 3577 silebam,
1807 3512 2013 3567 obtenti
2045 3530 2150 3568 non
2180 3515 2282 3566 im-

711 3617 921 3656 memor
981 3601 1230 3657 beneﬁcii
1283 3619 1458 3672 neque
1521 3604 1767 3660 Gcrontii
1832 3622 2001 3660 musa:
2057 3607 2285 3661 lucredis

708 3691 931 3747 oblitus.
984 3690 1129 3747 Solis
1163 3695 1308 3749 enim
1340 3696 1494 3750 vobis
1520 3711 1836 3752 successum
1867 3698 2095 3767 praebuit
2140 3712 2280 3752 sors.

715 3779 781 3834 Et
814 3782 938 3849 quis
982 3792 1196 3851 patrem
1233 3794 1472 3839 vestrum
1514 3800 1637 3840 cum
1680 3786 1875 3841 viderit
1910 3802 2006 3853 per
2039 3802 2136 3841 vos
2176 3802 2285 3841 non

712 3872 1003 3927 satiabitur
1029 3874 1405 3929 desiderium?
1439 3874 1546 3931 Per
1578 3877 1867 3944 imaginem
1895 3878 2102 3932 ﬁdelem
2128 3879 2282 3946 quasi

710 3964 776 4017 ad
793 3964 1057 4033 originale
1072 3965 1209 4020 bene
1225 3965 1509 4031 deductus,
1529 3970 1729 4036 gratias
1748 3970 1965 4024 silentio
1987 3970 2284 4033 solvebam,

712 4068 781 4106 ne
813 4054 1037 4121 loquens
1086 4055 1297 4109 minora
1338 4064 1463 4111 voto
1487 4059 1762 4122 dicerem;
1797 4068 1851 4112 ct
1899 4060 2041 4127 apud
2072 4075 2157 4113 me
2188 4059 2286 4114 tibi

714 4144 979 4199 recensita
1016 4146 1253 4201 manebit
1281 4151 1455 4218 gratia
1504 4148 1678 4215 major
1708 4165 1873 4219 quam
1915 4151 2058 4219 apud
2105 4164 2285 4219 regem

714 4235 1005 4291 Persarum
1036 4239 1128 4305 qui
1160 4238 1266 4293 scit
1295 4239 1567 4294 honorare
1601 4241 1966 4309 proditionem
1998 4249 2054 4293 et
2082 4238 2289 4293 Pausa-

714 4329 860 4382 niam
896 4327 1176 4382 Medornin
1226 4338 1412 4399 partes
1457 4340 1734 4399 agentem.
1778 4328 2039 4396 Quamvis
2082 4331 2287 4398 optima

712 4421 957 4475 obtinere
993 4420 1151 4484 velis,
1190 4421 1599 4486 ocharissime,
1650 4431 1705 4475 et
1742 4422 1997 4491 operibus
2044 4422 2287 4476 animum

713 4509 995 4565 ostendisti
1026 4510 1182 4578 mihi,
1214 4511 1577 4566 miserabilem
1597 4526 1725 4581 erga
1750 4527 1835 4565 me
1856 4511 2082 4566 emisisti
2104 4525 2287 4565 vocem

712 4611 768 4653 et
809 4613 841 4652 a
881 4608 1063 4654 mente
1115 4614 1236 4655 mea
1280 4600 1518 4655 maxime
1556 4600 1811 4655 alienam.
1861 4600 2057 4655 Coram
2104 4598 2288 4666 judice

716 4689 834 4756 ipso
868 4704 955 4745 me
987 4704 1282 4759 pauperem
1309 4706 1493 4746 vocas.
1524 4691 1735 4757 Quibus
1760 4692 1995 4745 maxime
2034 4691 2289 4761 indigna-

713 4788 801 4834 tus
837 4795 981 4846 sum,
1029 4782 1174 4851 quod
1208 4796 1275 4836 ex
1307 4781 1594 4836 altitudine
1630 4781 1990 4850 philosophiae
2033 4780 2290 4835 decidens

716 4880 825 4924 tam
852 4871 1060 4927 diviitis
1112 4874 1292 4928 inbias
1321 4883 1381 4928 ut
1423 4874 1546 4927 vilia
1579 4873 1912 4942 humiliaque
1958 4875 2123 4929 verba
2165 4887 2291 4940 pro-

715 4962 859 5017 feras
887 4981 904 5029 ;
936 4978 1115 5033 neque
1160 4980 1338 5021 meam
1378 4966 1698 5035 dignitatem
1729 4965 2047 5034 respiciens,
2074 4978 2174 5017 nec
2204 4979 2293 5018 sa-

716 5055 1111 5121 pientissimum
1135 5055 1429 5127 Diogenem
1469 5058 1559 5125 qui
1591 5058 1642 5111 in
1672 5072 1800 5127 pera
1841 5058 1983 5111 nuda
2026 5057 2293 5110 maximas

716 5148 933 5203 divitias
960 5149 1216 5219 ponebat.
1236 5151 1307 5204 At
1335 5152 1550 5204 tandem
1582 5151 1829 5218 quamvis
1844 5165 1987 5219 a‘gre
2005 5149 2103 5203 tias
2135 5148 2292 5211 liber,

717 5237 906 5297 orbem
968 5240 1280 5295 universum
1338 5256 1526 5310 parum
1591 5243 1658 5295 ad
1723 5242 1981 5295 virtutem
2044 5239 2295 5294 conferre

718 5335 933 5396 putans.

1197 5511 1433 5567 LXXIX.
1480 5510 1867 5568 MARCELLO.

792 5598 1211 5656 Prmsentiartttu
1238 5603 1543 5658 litterarum
1576 5621 1735 5658 causa
1762 5622 1866 5657 non
1897 5606 1989 5657 fuit
2051 5607 2298 5670 audacia,

724 5710 824 5749 nec
863 5695 1044 5750 decori
1090 5698 1336 5754 terminis
1369 5698 1548 5754 standi
1588 5698 1915 5769 ignorantia.
1955 5698 2061 5755 Sed
2089 5700 2166 5752 vir
2196 5701 2303 5754 I'cu

797 5810 817 5834 ⁶
842 5809 916 5864 Ita
948 5810 1138 5865 codex.

2381 2134 2605 2205 ὀπώραν
2639 2136 2849 2199 καλεῖς,
2879 2135 2973 2189 καὶ
3003 2135 3281 2206 σκορπίων
3309 2134 3432 2187 ὅσον
3468 2149 3527 2184 τε
3568 2131 3773 2201 πλῆθος
3797 2149 3808 2160 ·
3877 2130 3972 2198 ὑφ’

2382 2230 2459 2290 ὧν
2473 2252 2638 2298 τινος,
2656 2236 2730 2298 ὡς
2748 2235 2912 2301 ἔοικε,
2930 2235 3095 2288 πάλαι
3114 2236 3362 2304 πληγεὶς,
3382 2236 3495 2297 καὶ,
3512 2234 3637 2295 ‘Iob,
3658 2234 3760 2297 ἰοὺ,
3778 2233 3972 2302 φασὶν,

2382 2322 2693 2394 κεκραγὼς,
2731 2318 2852 2377 εἶτα
2908 2323 3112 2393 μεταξὺ
3154 2324 3435 2393 τράπεζαν
3474 2325 3768 2395 τρυφῶσαν
3817 2321 3973 2384 ίδὼν,

2380 2416 2499 2478 ὅλος
2523 2416 2610 2468 ἐπ’
2657 2414 2828 2485 αὐτὴν
2855 2413 3075 2483 ἐφέρου,
3094 2414 3172 2483 τῷ
3197 2414 3445 2485 σκορπίῳ
3493 2413 3706 2484 χαίρειν
3754 2412 3920 2476 λέξας
3955 2428 3969 2441 ο

2380 2505 2535 2559 τουτὶ
2557 2505 2697 2572 τάχα
2720 2522 2823 2557 που
2861 2505 2921 2557 τὸ
2945 2505 3189 2574 κωμικὸν
3220 2504 3356 2575 πρὸς
3388 2504 3577 2557 τοῦτον
3599 2504 3768 2555 εἰπών
3787 2520 3799 2531 ’
3839 2503 3975 2573 Μή-

2381 2613 2441 2651 τε
2464 2597 2575 2667 γὰρ
2607 2596 2785 2649 οανὼν
2813 2613 2940 2649 ποτε
2979 2596 3071 2650 σοῦ
3097 2596 3264 2666 χωρὶς
3284 2596 3403 2667 είην
3426 2612 3441 2629 ·
3501 2595 3674 2650 ταῦτα
3730 2595 3978 2662 γράφειν

2382 2689 2571 2759 ἐχρῆν,
2600 2688 2702 2741 οὐκ
2725 2688 3028 2760 ἀλλοτρίοις
3049 2688 3274 2755 ἀγαθοῖς
3300 2688 3636 2759 ὠραῖξεσθαι
3669 2704 3683 2717 ·
3703 2687 3842 2741 ἀλλὰ
3874 2688 3980 2739 καὶ

2382 2780 2597 2849 σιωπῆς
2630 2797 2697 2847 με
2726 2778 2935 2849 γράφῃ,
2968 2778 3133 2848 μηδὲν
3174 2781 3309 2848 ἡμῖν
3345 2779 3407 2831 τὸ
3446 2779 3707 2849 παράπαν
3731 2778 3978 2846 φθεγγόο

2386 2890 2543 2943 μενος
2563 2888 2579 2907 ν
2631 2870 2667 2943 ἦ
2694 2873 2805 2940 γάρ
2849 2874 2913 2925 ἂν
2947 2871 3118 2923 πλείω
3160 2871 3415 2939 λέγοντας
3441 2864 3624 2942 εὗρες,
3656 2871 3748 2923 καὶ
3772 2871 3879 2923 οὐκ
3906 2870 3981 2923 ἂν

2382 2968 2513 3037 ἡμῖν
2541 2966 2603 3019 τὸ
2631 2965 2964 3035 κοθωκίδην⁴
2990 2964 3147 3034 ἔφης,
3172 2964 3234 3015 τὸ
3272 2965 3380 3017 τῶν
3422 2964 3601 3017 αὐλῶν
3644 2964 3812 3025 πάθος
3858 2965 3980 3026 τοῖς

2385 3060 2663 3125 σοφισταῖς
2685 3054 3132 3109 ἐπισκώπτοντα·
3165 3055 3396 3126 ἔρρωσο,
3427 3056 3596 3108 καὶτὸ
3628 3054 3844 3108 παιδίον
3876 3055 3981 3107 καὶ

2384 3150 2417 3218 ἡ
2434 3149 2567 3215 γυνή
2588 3164 2601 3177 ·
2625 3147 2719 3198 καὶ
2745 3146 2822 3215 τῷ
2851 3146 3001 3197 παιδὶ
3023 3145 3360 3216 Ἀλεξάνδρῳ
3401 3149 3474 3216 μὴ
3493 3148 3664 3217 βαρὺς
3694 3146 3977 3211 ἐπίκεισο,

2382 3241 2510 3292 νέαν
2534 3238 2748 3305 ἡλικίαν
2804 3238 2895 3290 ἐπὶ
2946 3237 3075 3289 πολὺ
3099 3236 3438 3305 βιαζόμενος.

2934 3328 3066 3383 on’.
3092 3330 3397 3398 ΔῐυΔΩΡῼ.
3762 3392 3767 3397 ,

2456 3418 2530 3472 Τὸ
2564 3417 3001 3489 πολυθρύλλητον
3028 3417 3319 3486 δεξάμενος
3350 3417 3701 3487 πρόσταγμα,
3735 3434 3799 3469 πε
3810 3416 3873 3487 ρὶ
3917 3412 3985 3471 οὗ

2385 3510 2553 3564 πάλαι
2582 3510 2760 3572 πάσας
2782 3509 2972 3579 ἀφῆκα
2998 3508 3202 3576 φωνάς,
3235 3508 3445 3577 σιωπὴν
3474 3504 3630 3578 ἦγον,
3656 3510 3715 3560 οὐ
3744 3510 3893 3575 μετὰ
3921 3510 3986 3561 τὸ

2382 3605 2567 3672 τυχεῖν
2590 3604 2735 3672 ἁμνη
2746 3602 3013 3670 μονεύσας
3027 3601 3131 3670 τῆς
3156 3600 3395 3671 χάριτος,
3420 3603 3539 3654 οὐδὲ
3562 3603 3656 3668 τῆς
3684 3602 3981 3671 Γεροντίου

2388 3694 2595 3763 μούσης
2620 3691 2960 3763 κληρονόμον
2977 3708 2991 3720 ·
3022 3693 3202 3761 μόνοις
3224 3692 3333 3759 γὰρ
3356 3693 3485 3760 ὑμῖν
3505 3694 3563 3744 τὸ
3586 3693 3985 3761 πλέονέκτημα

2387 3785 2661 3854 παρέσχεν
2687 3786 2719 3853 ἡ
2749 3783 2884 3854 τύχη
2914 3799 2927 3813 ·
2964 3785 3059 3837 καὶ
3090 3783 3173 3846 τίς
3206 3784 3279 3853 μὴ
3303 3786 3509 3837 ἐκεῖνον
3548 3783 3694 3845 ἰδὼν,
3720 3783 3787 3836 δι’
3819 3784 3987 3852 ὑμῶν

2387 3876 2779 3946 ὰποπληρώσει
2808 3877 2899 3929 τὸν
2931 3876 3128 3937 πόθονς
3163 3875 3351 3945 ὥσπερ
3381 3875 3448 3928 δι’
3472 3876 3730 3945 ἀκριϐοῦς
3766 3877 3986 3939 εἰκόνος

2388 3967 2527 4037 πρὸς
2556 3966 2617 4019 τὸ
2647 3967 2998 4037 παράδειγμα
3028 3966 3208 4028 καλῶς
3251 3966 3607 4033 ἀναγόμενος,
3652 3970 3832 4035 σιωπῇ
3880 3968 3988 4035 τὴν

2387 4058 2548 4127 χάριν
2592 4058 2815 4127 ἐτίμων,
2863 4059 2948 4111 ἴνα
2999 4058 3073 4127 μὴ
3101 4058 3297 4125 λέγων,
3341 4058 3561 4110 ἐλαττον
3604 4050 3665 4110 οὗ
3710 4057 3989 4126 βούλομαι

2388 4148 2535 4215 τύχω
2572 4147 2944 4215 φθεγξάμενος
2966 4162 2981 4176 ⁸
3014 4148 3109 4201 καί
3157 4165 3238 4199 σοι
3279 4148 3517 4200 κείσεται
3552 4149 3707 4217 χάρις
3734 4149 3991 4219 ἀνάγρα-

2391 4257 2522 4302 πτος
2556 4242 2685 4309 παρ’
2711 4241 2835 4308 ἐμοὶ
2872 4240 3092 4309 μᾶλλον,
3122 4240 3155 4311 ἦ
3208 4242 3361 4308 παρὰ
3419 4241 3605 4310 Πέρσῃ
3643 4240 3863 4307 βασιλεῖ
3901 4260 3990 4293 τι-

2394 4332 2500 4400 μᾷν
2534 4329 2697 4381 είδότι
2743 4330 3031 4399 προδοσίαν
3077 4332 3173 4383 καὶ
3204 4332 3519 4383 Παυσανίαν
3553 4332 3869 4399 Μηδίζοντα
3895 4349 3910 4362 ·
3942 4336 3991 4385 εἰ

2391 4422 2485 4473 καὶ
2507 4420 2575 4473 τὰ
2610 4421 2844 4489 μάλιστα
2897 4423 3082 4491 τυχεῖν
3114 4422 3330 4484 πάντως
3359 4422 3580 4485 ἐθέλων,
3616 4416 3661 4475 ὦ
3706 4423 3988 4490 βέλτιστε,

2321 4541 2366 4597 D
2394 4511 2489 4564 καὶ
2522 4511 2657 4576 πρὸς
2686 4510 2844 4582 ἔργον
2870 4511 3101 4577 ἐνέγκας
3140 4512 3239 4580 τὴν
3269 4513 3516 4582 γνώμην,
3556 4514 3795 4583 ἐλεεινὴν
3840 4516 3992 4584 ὑπὲρ

2394 4603 2551 4673 ήμῶν
2589 4605 2807 4673 ἀφῆκας
2838 4604 3042 4670 φωνὴν,
3067 4606 3162 4656 καὶ.
3186 4605 3377 4675 πόρρω
3399 4606 3518 4658 λίαν
3546 4606 3819 4677 ἡμετέρου
3848 4625 3993 4677 φρο-

2390 4695 2660 4764 νήματος·
2698 4695 2848 4763 παρὰ
2878 4693 3025 4763 αὐτῷ
3044 4694 3151 4765 γὰρ
3175 4694 3255 4763 τῷ
3284 4696 3512 4765 δικαστῇ
3549 4696 3801 4765 πτωχοὺς
3831 4698 3993 4765 ἡμᾶς

2392 4784 2674 4846 ἐνεκάλεις
2704 4797 2717 4811 ⁸
2752 4785 2838 4851 ἐφ’
2874 4781 2954 4846 οἷς
2995 4784 3355 4853 ἠγανάκτησα
3408 4785 3665 4853 μάλιστα,
3702 4787 3751 4836 εἰ
3783 4786 3991 4837 τοσοῦ-

2390 4890 2483 4927 τον
2512 4875 2748 4944 κέχηνας
2788 4875 2924 4944 πρὸς
2953 4875 3050 4944 τὴν
3086 4874 3239 4944 ὓλην,
3289 4875 3608 4944 φιλοσοφίας
3638 4876 3807 4945 ὓψους
3857 4880 3995 4932 ὑποο

2394 4966 2598 5031 πεσὼν,
2653 4967 2729 5030 ὡς
2784 4967 3083 5037 χρημάτων
3122 4968 3303 5037 χάριν,
3353 4968 3552 5037 ἀγεννῆ
3608 4967 3702 5020 καὶ
3749 4970 3995 5020 ταπεινὰ

2396 5057 2876 5131 προσφθέγγεσθαι
2936 5058 3179 5129 ῥήματα.
3212 5059 3320 5111 Καὶ
3358 5060 3497 5128 μήτε
3527 5058 3626 5129 τὴν
3657 5059 3797 5127 ἐμὴν
3827 5059 3994 5123 ἀξίαν

2397 5155 2641 5214 σκοπεῖν,
2682 5155 2817 5221 μήτε
2861 5152 2955 5203 τὸν
3007 5150 3318 5219 σοφώτατον
3361 5153 3637 5219 Διογένην,
3670 5150 3730 5203 ὃν
3765 5153 3825 5203 ἐν
3855 5154 3991 5221 ψιλῇ

2396 5246 2461 5313 τῇ
2499 5247 2652 5313 πήρᾳ
2677 5245 2769 5295 τὸν
2809 5244 3067 5312 μέγιστον
3114 5239 3343 5294 πλοῦτον
3373 5240 3601 5312 ὡρίζετο
3620 5258 3633 5270 ·
3663 5240 3801 5293 ἀλλά
3826 5242 3994 5308 γενοῦ

2403 5335 2554 5403 μόλις
2579 5334 2885 5405 ἐλεύθερος,
2922 5334 3154 5404 σμικρόν
3177 5352 3230 5387 τι
3262 5334 3450 5404 χρῆμα
3490 5334 3624 5404 πρὸς
3657 5336 3758 5403 τὴν
3784 5334 3996 5403 ἀρετὴν

2400 5431 2497 5496 τὴν
2525 5428 2851 5497 οἰκουμένην
2885 5426 3018 5495 ὴγού
3028 5442 3207 5495 μενος.

2911 5517 3032 5569 θεν.
3057 5517 3463 5587 ΜΑΡΚΕΛΛῼ.

2476 5609 2596 5662 Τῶν
2631 5609 2918 5676 παρόντων
2961 5610 3311 5678 γραμμάτων
3344 5611 3403 5661 οὐ
3442 5608 3641 5678 θράσος
3667 5610 3865 5671 αἴτιον,
3906 5609 3995 5660 οὖν

2404 5702 2458 5754 δὲ
2487 5701 2542 5754 τὸ
2580 5700 2655 5773 μὴ
2687 5701 2869 5771 μένειν
2900 5701 2992 5753 ἐπὶ
3021 5701 3129 5754 τῶν
3166 5702 3383 5755 οἰκείων
3406 5703 3547 5772 ὅρων
3590 5702 3790 5755 εἰδέναι
3821 5720 3833 5729 ·
3879 5702 3997 5755 ἀλλ’
