4248 6428
246 394 386 460 2781

1662 402 2075 467 Ε918ΤΟΕ.Ἐ.

3371 408 3521 477 2782

246 510 389 579 ἀνὴρ
444 508 564 577 Θεῷ
596 524 655 560 τε
685 508 835 575 φίλος
863 509 955 559 καὶ
996 508 1176 577 πάσης
1208 508 1489 575 ἀνάπλεως
1518 515 1736 582 ἀρετῆς,
1765 515 1823 566 ὃν
1856 535 1898 587 Α

1856 535 1898 587 Α
1932 520 2143 571 amicus
2172 520 2427 573 etomuis
2456 522 2673 574 vir:utis
2711 524 2902 592 plenus
2952 538 3113 592 quem
3179 534 3236 575 ut
3282 526 3516 589 promis-

244 602 306 653 οὐ
336 602 569 653 πέπεικε
613 598 713 661 τὰς
767 601 901 669 πρὸς
954 600 1098 668 ὑμᾶς
1156 602 1480 670 ὑποσχέσεις
1526 607 1820 676 ὑπερορᾷν,

244 693 306 744 οὐ
337 692 397 744 τὸ
424 690 517 744 νῦν
544 691 603 756 ἐξ
641 692 917 760 Αἰγύπτου
979 691 1131 759 μόλις
1170 693 1365 757 ἐλθεῖν,
1404 695 1465 747 οὺ
1498 699 1825 766 φροντιστή-

249 801 365 855 ριον
397 783 692 852 εὐπρεπὲς,
726 784 787 836 οὑ
812 785 1019 852 χειμὼν
1045 786 1459 856 ἀπειλούμενος,
1487 788 1549 840 οὑ
1586 788 1821 854 πέλαγος

248 876 506 946 ἐμποδὼν
538 917 552 941 ,
605 877 702 945 οὐχ
750 877 1030 946 ὁδοιπορία
1073 878 1284 949 μακρά,
1334 878 1536 948 ἀρετὴν
1592 879 1650 931 δὲ
1696 879 1824 949 μίαν

249 969 404 1033 εἰδὼς
447 970 509 1022 τὸ
536 969 778 1039 πληροῦν
833 969 981 1039 ἔργῳ
1016 970 1113 1033 τὰς
1166 970 1521 1041 ὑποσχέσεις⁸
1553 972 1644 1024 καὶ
1688 973 1826 1041 πρὸς

248 1062 496 1124 ἅπαντας
548 1060 751 1129 ὁμοίως
806 1060 1053 1127 γίνεσθαι
1120 1063 1527 1132 παραπλήσιον,
1554 1064 1676 1127 ὅλος
1726 1064 1829 1134 ὁρᾷ

249 1152 387 1223 ατρὸς
448 1154 593 1221 ὑμᾶς
633 1170 647 1183 ο
700 1154 839 1209 ἀλλὰ
890 1157 984 1208 καὶ
1042 1156 1239 1209 θᾶττον
1307 1158 1444 1211 ἱέναι
1505 1160 1637 1229 παρ’
1684 1159 1835 1227 ἡμᾶς

250 1244 679 1311 γαταγγέλλεται
704 1262 717 1275 ⁸
742 1247 837 1298 καὶ
865 1247 1171 1317 πέπεισμαι
1206 1249 1425 1319 ῥᾳδίως,
1460 1251 1523 1302 ἐκ
1552 1249 1662 1301 τῶν
1694 1248 1835 1319 πρὸς

251 1336 398 1405 ὑμᾶς
455 1335 804 1406 ὑποσχέσεων
858 1344 959 1407 τὴν
1013 1340 1208 1406 πεῖραν
1260 1339 1473 1391 λαϐὼν·
1532 1339 1835 1393 ὑπόλοιπον

249 1429 437 1481 τοίνυν
463 1429 590 1498 ὑμῖν
629 1430 946 1499 κρατεῖσθαι
970 1447 985 1462 ο
1022 1435 1115 1483 καὶ
1150 1432 1360 1501 πρέπον
1386 1431 1450 1484 ἂν
1479 1430 1563 1496 εἴη
1597 1431 1669 1500 μὴ
1702 1447 1837 1499 κρα-

251 1521 368 1571 τεῖν
394 1518 600 1571 ἐθέλειν
625 1519 790 1588 ἄνδρα
819 1521 989 1589 μηδὲν
1023 1520 1167 1572 οὕτω
1205 1521 1376 1573 δεινὸν
1409 1520 1735 1590 ἡγούμενον,
1765 1520 1840 1583 ὡς

253 1610 353 1679 ςὴν
410 1609 504 1661 τοῦ
572 1612 932 1680 παραϐαίνειν
977 1612 1248 1679 ἀνάγκην,
1282 1616 1425 1683 άπερ
1466 1612 1799 1683 ἐπήγγελται
1825 1628 1837 1641 ο

1939 608 2120 662 siones
2155 608 2247 662 tibi
2282 609 2454 665 factas
2480 612 2772 681 ncgligeret
2804 615 3063 668 inducere
3094 623 3388 683 potuerunt
3419 631 3519 667 nec

1938 714 2132 754 recens
2182 715 2247 753 ex
2290 700 2526 771 Egypto
2583 704 3402 775 adventus,necjucundissimn
3432 722 3522 758 so-

1942 790 2135 854 litudo,
2164 806 2262 845 nec
2286 794 2448 846 maris
2482 794 2954 861 impedimentum,
2981 811 3081 850 nec
3109 796 3301 850 itinera
3330 795 3517 864 longa:

1937 896 2099 935 unam
2168 884 2423 938 virtutem
2480 900 2730 950 noscens,
2808 901 2935 941 suas
3008 887 3220 942 scilicet
3297 888 3521 958 implere

1937 973 2352 1039 promissiones,
2382 985 2435 1028 et
2462 976 2714 1031 omnibus
2734 991 2791 1031 se
2817 976 2932 1044 pari
2963 978 3123 1032 modo
3148 978 3356 1033 attinent
3385 994 3521 1047 prm-

1943 1064 2093 1126 here,
2119 1066 2185 1119 ad
2211 1077 2261 1120 te
2294 1082 2436 1121 nunc
2480 1075 2623 1123 totus
2666 1071 2912 1139 respicit.
2939 1070 3045 1125 Sed
3075 1079 3129 1124 et
3158 1072 3437 1124 nuntiatur
3459 1074 3522 1123 ad

1947 1168 2044 1208 nos
2073 1156 2184 1209 cito
2206 1166 2518 1211 venturum.
2554 1158 2707 1225 Quod
2739 1159 2898 1214 facile
2931 1160 3093 1214 credo
3130 1161 3521 1227 experientiam

1943 1258 2006 1298 ex
2047 1247 2505 1314 promissionibus
2556 1250 2646 1304 tibi
2678 1250 2836 1304 factis
2876 1266 3119 1306 sumens.
3154 1249 3415 1319 Superest
3444 1262 3525 1304 ta-

1946 1350 2072 1389 men
2103 1345 2161 1389 ut
2191 1352 2220 1389 a
2250 1346 2301 1391 te
2331 1340 2666 1406 retineatur;
2694 1353 2748 1396 et
2780 1344 2994 1398 deceret
3031 1342 3173 1397 nolle
3207 1355 3402 1410 cogere
3436 1341 3528 1395 ho-

1946 1427 2146 1479 minem
2178 1428 2269 1495 qui
2297 1429 2431 1483 nihil
2465 1440 2569 1484 tam
2601 1433 2917 1486 reformidat
2946 1448 3106 1502 quam
3144 1432 3525 1487 necessitatem

1950 1520 2387 1585 transgrediendi
2415 1536 2535 1588 quae
2573 1523 2834 1592 imperata
2877 1532 3021 1577 sunt.
3056 1522 3207 1575 Mitte
3253 1536 3383 1589 ergo
3416 1521 3529 1575 cito

1948 1613 2127 1663 virum
2164 1611 2257 1679 qui
2288 1620 2432 1665 tuam
2466 1613 2518 1666 in
2562 1627 2647 1666 me
2690 1615 3083 1668 humanitatem
3114 1624 3525 1669 commemoret.

258 1703 444 1773 τέμπε
505 1702 683 1755 τοίνυν
735 1704 899 1773 τάχος
968 1705 1058 1758 τὸν
1120 1707 1333 1775 ἀνδρα,
1401 1706 1498 1777 τὴν
1548 1707 1820 1776 ὑμετέραν
1860 1703 2275 1775 φιλανθρωπίαν
2310 1706 2442 1780 πρὸς
2471 1708 2616 1777 ἡμᾶς
2642 1707 3047 1778 ἀφηγούμενον.

842 1836 926 1891 Π¹.
971 1837 1241 1907 nemo.

331 1949 404 2002 Σὺ
448 1948 545 2018 μὲν
568 1948 643 2011 ὡς
667 1949 722 2000 ἐν
752 1948 943 2001 ὀνείδει
972 1948 1163 2002 πενίαν
1189 1949 1518 2019 προσφέρεις
1571 1949 1714 2017 ἐμοὶ,
1741 1950 1834 2003 καὶ

2483 1840 2699 1898 LXXX.
2726 1841 2991 1897 SABINO.

2011 1953 2089 2007 Tn
2123 1967 2251 2007 vero
2325 1953 2454 2007 mihi
2483 1962 2853 2023 paupertatem
2878 1954 2930 2006 in
2950 1955 3300 2023 opprobrium
3322 1957 3490 2011 vertis
3512 1996 3530 2021 ,

261 2038 453 2107 θηρίον
503 2037 866 2102 ἐξωλέστατον
914 2033 1053 2091 εἷναί
1096 2055 1178 2091 σοι
1218 2039 1277 2090 τὸ
1306 2038 1496 2109 χρῆμα
1540 2038 1704 2091 δοκεῖ’
1741 2041 1835 2093 καὶ
1861 2014 1901 2069 Β
1937 2091 1938 2095 η

1861 2014 1901 2069 Β
1937 2042 2047 2097 l'cra
2085 2043 2471 2096 exitiosissitna
2503 2043 2594 2095 tibi
2621 2057 2740 2094 esse
2769 2042 3020 2095 videntur
3076 2043 3314 2107 divitiae;
3352 2055 3407 2097 et
3433 2045 3532 2099 hoc

259 2130 320 2181 τὸ
343 2129 407 2199 δὴ
440 2131 716 2198 μέγιστον,
778 2131 920 2199 Ἶρος
973 2129 1085 2196 ἐγὼ
1114 2130 1265 2199 παρα
1316 2132 1397 2182 σοὶ
1428 2131 1520 2182 καὶ
1553 2130 1659 2182 τῶν
1702 2130 1835 2183 καθ·-

260 2222 478 2290 ημέραν
506 2223 634 2284 ἴσως
658 2221 877 2291 ἐπιδεὴς
901 2238 914 2252 ·
942 2221 1035 2273 καὶ
1058 2222 1110 2273 τί
1139 2222 1248 2292 γάρ
1281 2222 1381 2275 οὐκ
1414 2223 1479 2275 ἂν
1502 2222 1675 2283 εἴποις
1708 2222 1838 2288 ἀρε-

260 2315 362 2381 τῆς
401 2313 536 2380 ὁμοῦ
565 2315 657 2365 καὶ
685 2313 1004 2382 φιλοσοφίας
1038 2314 1435 2380 ἐκπεπτωκὼς,
1472 2314 1636 2366 ἐλεῶν
1672 2313 1772 2383 μὲν
1806 2314 1842 2366 ἃ

262 2422 326 2473 γε
359 2405 662 2474 θαυμάζειν
719 2407 906 2475 ἐχρῆν,
958 2408 1211 2476 μεγάλων
1236 2407 1295 2460 δέ
1320 2425 1480 2460 τινων
1508 2407 1839 2476 ἐστερῆσθαι

264 2497 504 2566 νομίζων
535 2498 623 2550 τὸν
656 2497 860 2567 ὑψηλόν
889 2516 950 2551 τε
979 2499 1072 2553 καὶ
1090 2498 1314 2566 κοῦφον,
1344 2500 1439 2551 καὶ
1471 2499 1544 2567 μὴ
1579 2498 1656 2567 τῷ
1687 2498 1843 2569 βάρει

264 2590 365 2658 τῆς
427 2589 558 2659 ὕλης
608 2590 742 2660 πρὸς
772 2590 841 2644 τὰ
864 2590 1014 2644 κάτω
1060 2591 1391 2661 φερόμενονς
1425 2593 1491 2661 τῇ
1514 2592 1713 2663 γαστρὶ
1734 2592 1843 2661 γάρ

264 2681 365 2749 τὴν
421 2678 771 2749 εὐδαιμονίαν
826 2680 1076 2750 μετρῶν,
1142 2681 1239 2733 καὶ
1299 2680 1479 2745 δόξαις
1541 2679 1845 2749 ἀνθρώπων

268 2772 691 2844 προσκείμενος,
742 2772 1026 2841 ἐκμισθοῖς
1076 2773 1177 2842 μὲν
1226 2775 1304 2834 εἰς
1347 2773 1382 2826 ἃ
1416 2775 1488 2842 μὴ
1529 2772 1685 2840 Θέμις
1750 2772 1848 2841 τὴν

267 2867 539 2935 γλῶτταν,
579 2866 753 2935 κυκᾷς
785 2865 842 2917 δέ
872 2866 937 2917 τὰ
966 2866 1293 2936 δικαστήρια
1314 2884 1327 2896 υ
1362 2869 1640 2936 πάρεργον
1671 2865 1726 2917 δέ
1754 2882 1849 2917 σου

268 2958 367 3019 τῆς
424 2956 641 3024 ἀπάτης
660 2957 707 3006 οἱ
736 2955 896 3023 δῆμοι
920 2971 931 2982 ·
954 2956 1224 3009 πλουσῖων
1259 2957 1314 3008 δὲ
1344 2955 1515 3024 ’λύρας
1538 2956 1795 3023 άρὲιττεις
1823 2968 1836 2983 ·

270 3050 373 3101 κάν
413 3063 504 3121 τις,
528 3046 712 3113 ὲστιᾷν
743 3039 849 3096 οἶδε
879 3044 1077 3109 καλῶς.
1130 3048 1361 3098 ἀπεῖπεν
1385 3045 1490 3097 ὑπὸ
1524 3044 1617 3095 σοῦ
1644 3046 1854 3111 θαυμα-

270 3139 500 3208 ζόμενος
522 3153 535 3167 ·
563 3138 723 3207 ἑορτὴ
751 3138 805 3189 δέ
856 3154 950 3190 σου
996 3136 1246 3206 λαμπρά,
1294 3135 1458 3206 ἐσθὴς
1490 3135 1728 3203 ποικίλη,
1762 3134 1855 3188 καὶ

1941 2149 2070 2188 sane
2098 2134 2391 2187 maximum
2420 2149 2435 2196 ;
2460 2132 2577 2184 lrns
2607 2147 2706 2202 ego
2749 2148 2865 2185 sum
2896 2133 3033 2202 apud
3070 2144 3120 2187 te
3151 2144 3202 2187 et
3238 2137 3536 2190 necessita-

1943 2225 2086 2278 tibus
2123 2224 2455 2294 quotidianis
2510 2238 2674 2292 prope
2725 2226 2989 2293 indigens.
3041 2225 3177 2290 Quid
3221 2226 3365 2277 enim
3429 2242 3533 2278 non

1943 2317 2154 2371 diceres
2174 2330 2294 2369 cum
2312 2316 2378 2369 de
2400 2314 2603 2368 virtute
2630 2314 2786 2369 simul
2809 2324 2863 2368 et
2880 2315 3214 2386 philosophia
3245 2317 3536 2375 excideris.

1946 2411 2214 2464 miserans
2243 2424 2408 2479 super
2433 2423 2498 2463 ea
2553 2423 2674 2478 qua:
2704 2418 2889 2465 essent
2941 2410 3291 2473 admiranda,
3325 2408 3535 2478 magnis

1952 2501 2279 2571 quibusdam
2312 2500 2514 2569 privari
2554 2511 2753 2571 putans
2776 2516 2898 2555 eum
2940 2503 3031 2571 qui
3074 2501 3218 2556 altus
3246 2511 3329 2556 est
3366 2512 3421 2554 et
3462 2501 3532 2553 le-

1948 2592 2104 2645 viset
2130 2589 2493 2645 materialium
2530 2591 2768 2659 pondere
2797 2590 2863 2644 ad
2925 2589 3107 2643 inﬁma
3155 2605 3259 2643 non
3304 2589 3535 2644 illatus?

1953 2681 2297 2736 Felicitatem
2333 2691 2519 2735 ventre
2574 2682 2807 2744 metiris,
2839 2681 3188 2748 opinionilms
3251 2682 3537 2736 hominum

1951 2773 2167 2827 deditus
2194 2812 2208 2834 ,
2239 2772 2511 2826 immistus
2545 2772 2612 2825 iis
2672 2787 2792 2840 qua:
2827 2773 2975 2840 loqui
3013 2787 3118 2825 non
3164 2770 3307 2835 licet,
3339 2771 3541 2840 judicia

1953 2862 2260 2934 pet-turbas.
2297 2862 2474 2919 Plebis
2512 2864 2723 2931 negotia
2779 2862 3028 2933 negligis,
3099 2862 3327 2916 divitum
3359 2862 3542 2930 pulsas

1952 2953 2185 3008 ostia.Si
2214 2954 2334 3023 quis
2359 2960 2568 3008 tantum
2593 2954 2694 3008 scit
2721 2954 3028 3008 convivium
3060 2968 3354 3023 apponere,
3392 2964 3539 3006 tuam

1956 3046 2164 3099 obtinet
2207 3045 2647 3101 admirationem.
2690 3045 2849 3100 Festa
2896 3046 2996 3101 tibi
3030 3047 3543 3115 magniﬁca,vesles

1958 3138 2146 3196 variae,
2169 3136 2415 3189 incessus
2446 3136 2792 3200 venerabilis,
2817 3146 3071 3205 aspectus
3108 3138 3209 3190 huc
3254 3137 3380 3190 illuc
3406 3136 3542 3189 elfi-

273 3233 507 3303 βάδισμα
538 3230 800 3299 σοϐαρὸν,
832 3231 925 3283 καὶ
961 3230 1178 3300 βλέμμα
1216 3232 1344 3299 τῇδε
1372 3232 1593 3282 κάκεῖσε
1651 3230 1848 3298 χεόμε-
1884 3214 1929 3273 C

1884 3214 1929 3273 C
1964 3242 2078 3284 sus.
2115 3226 2330 3296 Ubique
2363 3228 2457 3281 tibi
2488 3228 2885 3291 aures,hlidas,
2923 3226 2966 3279 si
2994 3227 3122 3295 quid
3148 3226 3296 3281 dicat
3325 3228 3544 3281 mulier-

271 3340 397 3376 vov°
462 3324 555 3375 καὶ
601 3323 878 3393 πανταχοῦ
927 3340 1007 3375 σοι
1046 3322 1115 3374 τα
1142 3316 1276 3383 ὦτα,
1314 3322 1565 3389 καθάπερ
1594 3323 1622 3373 ὁ
1658 3321 1857 3385 Μίδας,

272 3415 329 3469 εἴ
356 3414 457 3467 πού
476 3432 528 3466 τι
559 3412 851 3481 φθέγξαιτο
880 3413 1100 3481 γύναιον
1132 3412 1229 3482 τὴν
1259 3412 1356 3481 σὴν
1387 3411 1591 3482 σκηνὴν
1632 3410 1862 3479 ἐκπλητ-

273 3512 525 3579 τόμενονο
552 3510 687 3563 ἀλλὰ
722 3510 882 3581 μέχρι
900 3511 963 3578 δή
993 3527 1158 3573 τινος,
1194 3509 1347 3578 ὕπνῳ
1381 3509 1577 3579 μακρῷ
1598 3507 1857 3575 πεδηθεὶς

274 3602 363 3657 οἷά
426 3620 511 3666 τις
574 3604 896 3672 Ἐνδυμίων,
956 3602 1095 3671 πρὸς
1145 3601 1345 3671 ἀρετὴν
1383 3600 1484 3652 οὐκ
1520 3599 1850 3662 deﬂemus;

280 3696 493 3749 Παῦσαι
522 3694 708 3747 λοιπον
732 3695 869 3762 πρὸς
892 3693 952 3745 τὸ
981 3693 1261 3760 σωμάτιον
1292 3690 1556 3758 κεχηνὼς,
1584 3690 1679 3741 καὶ
1712 3690 1855 3741 κατά

279 3788 478 3841 σαυτοῦ
527 3786 743 3853 τρέφων
798 3784 860 3837 τὸ
922 3784 1335 3852 δεσμωτήριον
1372 3780 1577 3834 παῦσαι
1625 3781 1850 3850 χρυσίον

278 3878 660 3949 ὀνειροπολῶν,
692 3879 788 3930 καὶ
818 3875 1059 3943 ἀργύρου
1089 3873 1293 3943 πλῆθος
1310 3876 1395 3926 ἀεὶ
1427 3872 1852 3940 φανταζόμενος,

281 3967 376 4019 καὶ
426 3965 627 4025 πολλὰς
687 3965 859 4034 ἀρχὰς
890 3966 954 4032 τῇ
976 3963 1183 4033 διανοίᾳ
1215 3962 1554 4031 περινοστῶν
1575 3976 1590 3991 ·
1622 3962 1687 4013 τα
1712 3960 1855 4012 ἔνδον

281 4053 370 4109 οἶα
400 4055 588 4125 μηδενὶ
609 4054 715 4106 τῶν
738 4056 905 4121 φίλων
926 4070 940 4083 ·
976 4055 1091 4106 ἀλλ’
1115 4054 1486 4122 αὑτομόλησον
1517 4051 1651 4121 πρὸς
1688 4052 1863 4119 ἡμᾶς,

284 4152 332 4202 εἰ
364 4149 529 4202 δοκεῖ.
563 4148 670 4199 Καὶ
690 4145 788 4217 τὴν
819 4146 1005 4214 κοινὴν
1040 4144 1161 4197 θεὸν
1193 4147 1292 4212 τὴν
1324 4145 1515 4196 πενίαν
1546 4143 1864 4213 προσκύνει,

1961 3316 2081 3371 cuia
2132 3316 2544 3370 tabernaculum
2586 3325 2734 3369 tuum
2794 3316 3092 3371 admirans.
3126 3315 3231 3370 Sed
3263 3332 3545 3384 nsquequo

1961 3408 2123 3477 longo
2152 3422 2347 3462 somno
2378 3406 2824 3476 irretitus,quasi
2877 3407 3100 3474 quidam
3144 3407 3444 3479 Endymion
3477 3409 3544 3460 ad

1963 3499 2219 3552 virtutem
2247 3513 2352 3551 non
2380 3501 2663 3567 assurgis;
2698 3498 2889 3553 desine
2920 3498 3133 3552 laudem
3164 3500 3229 3553 ad
3245 3498 3545 3567 corporalia

1965 3590 2122 3645 hiare
2145 3601 2200 3644 et
2225 3590 2280 3644 in
2321 3591 2610 3659 temetipso
2645 3604 2925 3643 carcerem
2957 3592 3191 3646 nutrire.
3228 3592 3423 3645 Desine
3446 3606 3546 3642 au-

1966 3697 2058 3737 rea
2087 3684 2387 3745 somniare,
2414 3692 2700 3750 argenteos
2720 3697 2931 3739 montes
2956 3684 3055 3738 tibi
3092 3682 3369 3751 cﬂingere,
3393 3697 3546 3735 nien-

1963 3784 2121 3843 teque
2151 3774 2347 3828 multas
2404 3774 2619 3827 volvere
2674 3776 2996 3845 dignitates.
3058 3775 3319 3829 Interiora
3366 3773 3547 3842 qualia

1963 3866 2093 3919 nulli
2119 3864 2440 3919 amicorum.
2478 3863 2583 3918 Sed
2629 3870 2696 3919 ad
2747 3880 2847 3921 nos
2884 3865 3028 3933 fuge,
3062 3866 3105 3918 si
3157 3865 3251 3917 tibi
3316 3865 3543 3917 vidntur.

1960 3957 2316 4012 Communem
2342 3967 2710 4026 paupertatem
2745 3968 2802 4011 ut
2825 3958 2989 4011 Deum
3018 3970 3267 4010 reverere
3286 3965 3336 4007 et
3356 3969 3548 4007 aman-

1975 4058 2081 4103 tem
2119 4063 2372 4117 agnosce.
2420 4048 2539 4104 Tibi
2594 4052 2766 4118 magis
2807 4050 3138 4116 obsequetur
3174 4063 3336 4116 quam
3392 4046 3549 4100 nobis

1976 4149 2139 4208 teque
2166 4140 2343 4194 adhuc
2366 4155 2397 4193 a
2429 4155 2486 4193 se
2518 4151 2760 4194 amatum
2787 4140 2852 4193 iri
2887 4139 3159 4209 promisit.

286 4242 383 4293 καὶ
446 4238 706 4309 φιλοῦσαν
773 4230 1217 4306 ἐπίγνωθι”καὶ
1278 4234 1388 4303 γὰρ
1418 4235 1475 4287 σὲ
1543 4235 1797 4302 περιέπει
1857 4231 2057 4303 μᾶλλον
2100 4233 2248 4302 ἥπερ
2302 4232 2474 4302 ἡμᾶς,
2515 4232 2608 4284 καὶ
2656 4231 2902 4302 φιλήσειν
2964 4229 3044 4282 ἔτι
3084 4227 3545 4298 κατεπήγγελται.

822 4357 951 4410 nat.
1000 4355 1321 4425 ΔΩΡΟΘΕῼ.

364 4474 527 4523 Ὅσον
559 4469 779 4529 ἐλύπεις
806 4467 1080 4537 ἀπαίρων,
1105 4466 1205 4517 οὐκ
1230 4464 1293 4516 ἂν
1320 4464 1524 4532 ἤλπισα
1551 4460 1863 4530 προλαϐὼν,

2415 4352 2649 4407 LXXXI.
2703 4334 3097 4406 non'urutso.

2036 4468 2147 4523 Nisi
2176 4468 2503 4536 experientia
2531 4468 2862 4529 didicissem,
2884 4482 3158 4535 nunquam
3193 4464 3547 4520 credidissem

290 4562 341 4613 εἰ
378 4560 452 4630 μὴ
486 4560 585 4629 τὴν
616 4560 809 4625 πεῖραν
837 4554 995 4625 ἔσχον
1024 4554 1373 4608 διδάσκαλον·
1411 4552 1471 4617 ἐξ
1499 4546 1558 4605 οῦ
1583 4555 1690 4623 γαρ
1715 4542 1871 4621 ἡμᾶς
1895 4547 1939 4601 D

1868 4542 1939 4601 70
1968 4567 2170 4611 tantam
2209 4574 2292 4611 me
2326 4572 2388 4611 ex
2419 4568 2508 4610 tuo
2531 4558 2768 4611 discessu
2799 4556 3140 4610 amictiouem
3172 4567 3543 4624 acerpturum.

291 4648 436 4719 ᾤχου
467 4645 803 4708 καταλιπὼν,
827 4646 927 4697 οὐκ
965 4642 1293 4711 ἐπαυσάμην
1348 4642 1485 4710 μετά
1527 4642 1620 4693 σοῦ
1649 4643 1715 4711 τῇ
1742 4641 1859 4693 δια-

295 4740 413 4810 νοίᾳ
440 4734 797 4799 παλινοστῶν,
838 4736 931 4789 καὶ
976 4734 1200 4805 λιμένας
1231 4734 1323 4785 καὶ
1350 4733 1617 4785 Θάλατταν
1642 4732 1867 4801 διαγρά-

296 4849 412 4899 φων
426 4832 481 4882 ἐν
503 4827 693 4897 ὲαυτῴ.
715 4829 845 4889 Καὶ,
872 4826 1063 4886 Κλῦθι,
1092 4824 1381 4879 Ποσείδαον
1403 4826 1651 4893 γαιήοχε,
1675 4823 1869 4875 πολλά-

297 4939 385 4984 κις
408 4919 597 4981 εἰπὼν,
616 4918 800 4988 ἠξίουν
817 4918 1020 4987 εὐμενῆ
1045 4934 1126 4969 σοι
1146 4918 1409 4985 παρέχειν
1438 4916 1537 4986 τὴν
1571 4916 1865 4969 θάλατταν*

298 5014 394 5067 καὶ
425 5011 519 5065 τοῦ
552 5010 685 5063 πλοῦ
711 5010 808 5073 τὰς
834 5010 1044 5079 ἡμέρας
1068 5009 1162 5061 ἐπὶ
1190 5008 1295 5060 τῶν
1329 5009 1610 5061 δακτύλων
1639 5007 1864 5059 ἐτίθουν·

299 5104 393 5157 καὶ
418 5102 589 5164 οὕτως
613 5102 728 5165 ὃλος
755 5102 1048 5171 ἐτύγχανον
1086 5101 1237 5171 παρὰ
1272 5100 1375 5159 σοὶ,
1403 5100 1476 5161 ὡς
1508 5100 1601 5152 καὶ
1634 5098 1868 5151 καλέσαι

301 5196 423 5250 τινὰ
483 5195 785 5265 πειραθεὶς,
833 5195 1022 5247 ἔλαθον
1058 5192 1318 5254 πολλάκις
1375 5191 1651 5259 Δωρόθεον
1714 5208 1872 5261 προσ-

304 5288 505 5343 ειπώνο
538 5289 631 5340 καὶ
659 5290 687 5340 ὁ
720 5287 819 5356 μὲν
849 5288 1029 5355 ἐγέλα,
1076 5287 1186 5355 ἐγὼ
1224 5287 1281 5339 δέ
1307 5286 1692 5355 διαμαρτάνων
1712 5285 1874 5354 ἠχθό⁹

310 5395 449 5450 μην·
483 5379 547 5431 σὺ
581 5378 658 5439 δὲ,
721 5379 849 5442 ῐσθν,
887 5378 1124 5447 ἠγνόεις,
1177 5377 1373 5430 ὁπόσον
1418 5379 1549 5445 ἡμῖν
1608 5376 1874 5429 ἐναπέθου

307 5472 547 5541 φίλτρον.
616 5470 880 5532 Πολλάκις
908 5472 1199 5541 προσιόντα
1231 5469 1350 5521 τινὰ
1374 5467 1651 5539 πόρρωθεν
1676 5467 1877 5520 θεασά-

313 5574 490 5625 μενος,
516 5558 595 5619 σὲ,
629 5557 704 5626 μὰ
731 5559 857 5620 τοὺς
896 5558 1070 5619 θεοὺς,
1105 5558 1322 5610 ἐδόκουν
1344 5558 1498 5626 ὁρᾷν,
1530 5557 1664 5626 πρὸς
1693 5557 1752 5609 τὸ
1778 5557 1877 5625 τῆς

308 5647 393 5701 δια
407 5648 547 5709 θοίας
572 5647 841 5718 βούλημα,
874 5649 981 5701 τῶν
1004 5648 1300 5718 ὀφθαλμῶν
1338 5648 1537 5717 ῥαδίως
1568 5646 1869 5716 ἀπατώμε-

311 5755 432 5789 νον·
482 5737 659 5807 τῆςδέ
685 5739 890 5807 πλάνης
941 5740 1092 5808 μόλις
1148 5742 1525 5811 ἀπήλλαγμαι,
1574 5740 1880 5808 γράμματα

314 5831 603 5902 δεξάμενος
632 5832 783 5902 παρὰ
814 5831 930 5900 σοῦ,
973 5833 1064 5886 καὶ
1092 5833 1435 5903 θεραπεύσας
1471 5834 1559 5887 τὸν
1591 5834 1788 5903 ἔρωτα.

1966 4647 2042 4701 Ex
2078 4662 2186 4716 quo
2215 4647 2405 4700 abiens
2440 4663 2525 4700 me
2574 4646 2932 4714 dereliquisti,
2969 4662 3074 4699 non
3108 4646 3313 4699 cessavi
3373 4656 3547 4699 tecum

1968 4750 2147 4794 mente
2180 4740 2375 4801 redire,
2404 4749 2593 4809 portus
2627 4748 2681 4793 et
2712 4754 2859 4793 mare
2892 4739 2943 4791 in
2980 4738 3185 4806 meipso
3210 4738 3546 4801 describens,

1967 4840 2018 4884 et
2048 4830 2252 4883 iteratis
2271 4830 2473 4882 vicibus
2492 4830 2676 4882 dicens
2702 4830 2824 4880 audi
2853 4843 2958 4891 me,
2977 4826 3241 4896 Neptune,
3268 4829 3355 4896 qui
3376 4838 3549 4880 terras

1969 4922 2164 4983 ambis,
2212 4922 2357 4974 illum
2391 4922 2683 4975 secundum
2718 4920 2812 4973 tibi
2860 4934 3009 4972 mare
3062 4919 3190 4973 dare
3237 4920 3546 4988 precabar;

1971 5014 2084 5067 dies
2117 5013 2314 5082 navigii
2351 5011 2601 5065 notabant
2625 5012 2831 5081 digitis,
2856 5021 2910 5065 et
2942 5011 3015 5063 ita
3046 5019 3189 5063 tntns
3218 5020 3395 5063 tecum
3428 5026 3548 5063 vcr-

1972 5104 2133 5157 sabar
2190 5102 2333 5157 utsi
2386 5118 2543 5173 quem
2600 5110 2861 5155 tentarem
2912 5101 3223 5170 appellare,
3260 5114 3402 5170 szrpc
3464 5117 3549 5155 me

1974 5194 2132 5247 latuit
2168 5192 2496 5247 Dorothenm
2538 5206 2768 5256 vocare;
2803 5189 3011 5243 ridebat
3045 5190 3153 5252 ille,
3187 5205 3286 5257 ego
3317 5204 3444 5243 vero
3476 5190 3542 5242 de

1975 5301 2161 5340 errore
2195 5285 2457 5338 dolebam.
2504 5282 2560 5337 Si
2611 5284 2846 5351 ignores,
2894 5283 3031 5335 scito
3072 5293 3330 5348 quantum
3368 5281 3419 5333 in
3467 5295 3552 5333 me

1978 5378 2230 5445 philtram
2285 5374 2564 5443 iniecisti:
2621 5388 2768 5440 saepe
2814 5386 2937 5426 cum
2990 5373 3284 5440 aspicerem
3319 5370 3551 5439 aliquem

1978 5466 2160 5534 procul
2188 5468 2509 5526 venientem,
2533 5475 2603 5527 te,
2625 5464 2830 5524 hercle,
2852 5462 3037 5514 videre
3063 5464 3335 5527 putabant,
3356 5459 3557 5513 mentis

1980 5557 2255 5610 voluntate
2294 5555 2594 5622 decipiente
2622 5555 2826 5608 oculos.
2874 5555 2955 5606 Ab
2990 5566 3173 5606 errore
3209 5552 3299 5604 vix
3356 5550 3559 5604 liberor

1979 5654 2104 5702 dum
2134 5650 2339 5703 litteras
2362 5658 2499 5713 tuas,
2544 5661 2662 5716 qtue
2699 5645 2957 5701 medelam
2981 5642 3210 5699 allcrunt
3241 5641 3433 5711 amori,
3463 5656 3556 5694 ac-

1980 5756 2143 5811 Ctptu.
