4248 6428
297 393 441 459 2785

1710 375 1834 437 ΕΡΙ
1843 374 2112 436 S'l'OL/E.

3425 380 3528 443 786

298 502 422 571 δεία
452 495 795 568 γνωρίζεται·
830 492 1002 546 οἴκίαν
1029 490 1085 544 δὲ
1117 488 1453 558 κεκτημένος
1479 485 1641 540 τύπον
1667 485 1866 555 ὑψηλὸν
1896 487 1934 542 Α

1906 487 1943 542 Α
1972 485 2122 539 multi
2150 487 2202 540 iu
2228 486 2517 541 solitudine
2557 486 2808 555 degentes
2840 493 3062 555 propter
3100 486 3352 553 pietatem
3385 492 3529 544 cele-

296 591 529 663 ὲχούσης
558 590 651 642 τὸν
675 586 1097 658 παρακείμενον,
1135 583 1374 651 γείτονος
1398 579 1672 633 ἀπέλαυσε
1708 593 1871 645 πονη-

299 683 419 752 ροῦ,
480 682 539 744 ὃς
599 680 820 751 θυρίδας
881 677 1023 730 κατά
1068 673 1163 727 τοῦ
1198 674 1272 744 μὴ
1306 672 1677 743 προσήκοντος
1709 666 1869 737 ψιλοῦ

298 774 626 844 νεωτερίσας
658 773 829 835 τινὰς,
866 772 998 842 πρὸς
1032 770 1130 838 μὲν
1163 768 1224 821 τὸ
1260 766 1431 837 παρὸν
1461 765 1730 835 ὡμολόγει
1764 779 1870 833 μη·-

293 868 382 920 δὲν
419 864 670 936 ἐμποδὼν
696 864 934 922 ἔσεσθαι.
967 862 1167 923 ταύτας
1195 859 1496 928 οἰκοδομεῖν
1526 856 1834 926 βουλομένῳ
1852 870 1868 887 ο

293 959 368 1020 ὡς
393 958 449 1011 δὲ
468 958 563 1009 νῦν
596 959 675 1019 είς
705 955 865 1027 ἔργον
890 951 1021 1024 ἦλθε
1051 954 1079 1006 δ
1116 953 1292 1019 λόγος,
1336 951 1563 1021 κώλυμα
1597 950 1696 1013 τάς
1720 949 1870 1019 θυρίο

294 1049 391 1113 δας
424 1047 799 1119 προϐάλλεται
820 1066 832 1079 ·
870 1046 1060 1117 ὥσπερ
1088 1046 1243 1114 δίκην
1266 1042 1514 1097 ἀπαιτῶν
1538 1043 1618 1096 ὅτι
1649 1041 1871 1110 παρεῖδε

296 1140 824 1209 καινοτομούμενος·
860 1137 1003 1209 όρῶν
1037 1138 1092 1190 δὲ
1125 1138 1235 1199 τοῖς
1275 1136 1502 1198 δικαίοις
1538 1134 1871 1204 πανταχόθεν

296 1232 491 1286 ἑαυτὸν
519 1229 905 1300 ἐξωθούμενον,
958 1228 1311 1299 παρείσδυσιν
1337 1225 1517 1294 ἐαυτῷ
1554 1224 1873 1286 δυναστείας

296 1326 507 1377 ἐπινοεῖ
530 1338 543 1352 ⁶
573 1323 666 1374 καλ.
688 1321 748 1374 τὸ
781 1320 1039 1390 μέγιστον
1066 1318 1257 1389 ἀνδρὸς
1290 1319 1401 1379 τοῖς
1426 1315 1656 1378 δικαίοις
1701 1317 1872 1383 ἐγνω-

295 1418 455 1477 κότος
486 1413 603 1466 ἀεί·
642 1416 719 1474 είς
751 1413 858 1480 γάρ
881 1412 971 1464 τὸν
1002 1411 1166 1464 πολὺν
1189 1412 1392 1462 ἐκεῖνον
1417 1408 1637 1461 ὠθεῖται
1673 1406 1875 1460 Νεστό-

297 1524 435 1577 ριον,
461 1506 540 1576 τῷ
574 1506 647 1576 μὴ
671 1507 926 1574 παρεῖναι
977 1504 1068 1557 τὸν
1125 1503 1291 1572 ἄνδρα
1325 1502 1578 1573 θαρρῶν·
1626 1502 1736 1563 τοῖς
1765 1501 1873 1570 γὰρ

295 1597 447 1667 αὐτῴ
489 1598 857 1667 προσήκουσιν
885 1597 965 1657 είς
1001 1594 1318 1665 συμμαχίαν
1340 1594 1703 1663 χρησάμενος,
1729 1592 1873 1662 ὠνὴν

296 1692 376 1751 εἰς
402 1690 564 1741 αὐτόν
586 1706 707 1740 τινα
737 1687 872 1749 πρὸς
907 1686 1246 1754 κακουργίαν
1280 1685 1553 1738 ἐπλάσατο
1584 1683 1646 1736 τὸ
1667 1683 1874 1736 δίκαιον

294 1775 469 1843 ὄνομα
493 1789 505 1801 ·
537 1774 633 1826 καὶ
667 1776 803 1843 πρὸς
829 1773 1040 1826 ἀδικίαν
1075 1772 1205 1841 ὓλην
1239 1770 1442 1835 λαϐὼν,
1472 1772 1563 1823 καὶ
1593 1771 1718 1834 τούς
1752 1770 1873 1823 κατ’

295 1865 463 1919 αὐτοῦ
504 1866 840 1935 πανταχόθεν
880 1864 1134 1924 ἐπαίνους
1162 1862 1468 1917 διαὸάλλειν
1497 1860 1840 1932 πειρώμενος
1859 1877 1874 1892 ο

297 1958 435 2010 ἀλλὰ
488 1957 657 2012 ταῦτα
693 1954 879 2027 μαθὼν
905 1957 971 2011 δι’
1006 1956 1180 2027 ὑμῶν,
1219 1955 1455 2009 κωλύσει
1477 1958 1597 2015 ταῖς
1622 1955 1876 2019 ἀπειλαῖς

294 2051 387 2102 τὸν
416 2049 705 2104 ἀδικοῦντα
734 2050 799 2102 δι’
821 2049 1013 2121 ἀνδρὸς
1037 2050 1310 2119 τιμῶντος
1343 2048 1411 2101 τά
1440 2048 1649 2103 δίκαια.

860 2224 1006 2292 Πςι.
1045 2220 1295 2278 οΡιοΝι.

370 2312 439 2366 "0
461 2315 561 2383 μὲν
627 2355 641 2369 .
713 2354 728 2369 .
805 2358 817 2371 .
853 2317 930 2387 (1)
958 2317 1270 2387 χαριεῖσθαι
1300 2319 1366 2389 τῇ
1399 2317 1680 2391 παιδεύσει
1708 2319 1771 2387 τῇ
1809 2320 1873 2387 σῇ

298 2405 443 2473 εἴγε
474 2406 557 2457 δεῖ
584 2407 891 2476 γράμματα
958 2447 971 2462 .
1036 2445 1051 2461 .
1112 2446 1127 2462 .
1188 2408 1285 2462 καὶ
1316 2407 1490 2464 ταῦτα
1509 2410 1679 2480 δήπου
1704 2408 1877 2475 λέγων

300 2495 393 2547 ἐπὶ
435 2494 531 2547 τοῦ
563 2496 795 2567 γράφειν
826 2499 892 2550 ἀν
946 2536 963 2553 .
1036 2538 1052 2553 .
1130 2539 1144 2555 .
1223 2500 1323 2570 τῆς
1370 2500 1468 2570 μὲν
1499 2502 1577 2564 είς
1609 2500 1752 2571 ὑμᾶς
1782 2501 1876 2553 εύ-

300 2586 449 2649 νοίας
487 2586 577 2638 τὸν
605 2587 773 2657 ἄνδρα
815 2588 1137 2659 τεθαύμακα
1171 2590 1308 2661 μηδὲ
1350 2590 1442 2643 τὸν
1508 2629 1521 2643 .
1604 2629 1618 2643 .
1704 2630 1717 2643 .
1797 2591 1878 2642 εί-

296 2681 525 2751 δόμενω
556 2679 615 2744 ἐξ
644 2676 717 2734 ὧν
734 2676 874 2734 οἶδεν
901 2682 1029 2752 ὑμῖν
1052 2676 1431 2752 χαριούμενος·
1456 2682 1557 2752 τὴν
1583 2681 1639 2734 δὲ
1667 2680 1876 2750 σιωπὴν

301 2773 412 2841 ἠγα
489 2812 502 2827 .
577 2813 589 2826 .
663 2812 677 2827 .
751 2771 1056 2844 ὲρυθριῶν’
1086 2773 1181 2826 καὶ
1218 2773 1381 2841 σοφὸν
1409 2772 1548 2842 ἔχων
1574 2772 1875 2825 ἐπιστεῖλαι

308 2864 495 2932 μηδέν.
542 2866 629 2927 Ὧς
657 2864 764 2935 γάρ
834 2866 930 2918 καὶ
987 2866 1236 2919 Πλάτωνι
1261 2865 1337 2933 τῷ
1371 2865 1664 2933 σοφωτάτῳ
1707 2864 1876 2925 δοκεῖ,

302 2953 402 3004 οὐκ
425 2952 567 3005 ἐστιν
599 2954 799 3023 ἀρετὴν
828 2954 1024 3008 είδέναι
1056 2971 1107 3006 τι
1137 2953 1210 3023 μὴ
1240 2956 1353 3014 τοῖς
1376 2952 1557 3023 ἔργοις
1585 2951 1721 3023 πρὸς
1748 2953 1877 3022 ἀρε-

301 3043 400 3113 τὴν
424 3032 775 3113 ἐπειγόμενον
794 3059 807 3073 ·
838 3045 866 3096 ὃ
894 3044 951 3096 δὲ
974 3043 1050 3114 μὴ
1076 3044 1223 3096 ἔστιν
1247 3044 1465 3108 εἰδέναι,
1496 3042 1599 3096 κᾶν
1625 3042 1871 3114 ἐρυθριάο

303 3151 463 3202 σαιμι
492 3136 620 3203 περ)¹
669 3135 861 3187 τούτου
908 3135 1279 3203 φθεγγόμενος
1308 3148 1324 3165 ’
1368 3135 1461 3187 καὶ
1502 3134 1675 3186 ταῦτα
1707 3134 1873 3185 ποιῶν
1903 3166 1946 3225 C

301 3224 493 3293 ὥσπερ
534 3224 599 3277 ἂν
619 3224 780 3286 εἴτις
810 3224 1074 3294 μουσικὴν
1105 3225 1226 3294 μηδ’
1268 3223 1403 3292 δναρ
1429 3224 1612 3288 εἰδὼς,
1653 3218 1773 3276 εἶτά
1793 3241 1875 3285 τις

316 3315 548 3383 Ὀρφεὺς
593 3310 733 3370 εἶναι
757 3317 924 3385 λέγοι,
957 3318 1027 3370 τά
1052 3318 1214 3387 θηρία
1240 3320 1304 3387 τῇ
1330 3318 1468 3388 λύρᾳ
1502 3318 1871 3387 χειρούμενος·

303 3407 417 3458 ἀλλ’
453 3407 628 3460 είδέοι
648 3408 757 3462 τῶν
791 3409 1121 3477 κρουμάτων
1150 3409 1483 3477 ἐφάψασθαι,
1515 3409 1689 3477 γέλως
1713 3409 1876 3471 εὐθὺς

302 3502 330 3551 ὑ
364 3501 599 3569 κόμπος,
663 3502 757 3554 καὶ
807 3504 985 3557 πάντα
1016 3502 1083 3572 δὴ
1126 3505 1323 3572 ῥαδίως
1358 3504 1671 3573 ἐλέγχεται·
1712 3506 1875 3558 πόθεν

303 3587 398 3645 οὖν
431 3590 502 3664 [ὃ]
540 3592 612 3662 μὴ
637 3595 859 3663 πέφυκα
878 3594 1028 3663 παρὰ
1057 3594 1134 3665 τῷ
1153 3595 1231 3666 σῷ
1257 3596 1385 3665 Οείῳ
1411 3596 1721 3666 νομίζομαις
1742 3595 1876 3667 ἔφης

301 3699 356 3734 τι
384 3683 520 3753 πρὸς
550 3683 711 3736 αὐτὸν
742 3684 999 3748 πολλάκις
1026 3686 1176 3755 νόμῳ
1200 3687 1264 3757 δὴ
1286 3687 1467 3754 φιλίας
1486 3690 1874 3759 ἀποσεμνύνων

304 3774 405 3842 ὲμέ
425 3790 438 3804 ’
476 3776 504 3827 ό
538 3773 594 3825 δὲ
627 3774 718 3826 τὸν
759 3774 924 3827 πόθον
956 3776 1017 3828 οὐ
1052 3776 1290 3841 σκοπῶν,
1323 3777 1439 3831 ἀλλ’
1467 3781 1532 3832 ὲκ
1554 3779 1662 3831 τῶν
1698 3781 1876 3852 ἔργων

306 3861 445 3917 εἶναι
501 3864 628 3926 τούς
664 3864 856 3933 λόγους
905 3866 1184 3935 οἰόμενος,
1238 3869 1461 3921 ἀπαιτεῖ
1508 3870 1759 3938 γενέσθαι
1808 3889 1875 3941 με

303 3954 546 4008 τοιοῦτον
570 3950 680 4007 οἷον
708 3972 773 4024 με
802 3957 913 4017 τοῖς
941 3955 1117 4023 λόγοις
1161 3956 1490 4021 ἀνέπλασας,
1522 3958 1614 4011 καὶ
1652 3958 1745 4011 τοῦ
1782 3960 1875 4012 σοῦ
1914 3994 1923 4003 ~

304 4047 534 4117 ψεύδους
593 4046 686 4101 νῦν
738 4049 968 4112 εὐθύνας
1015 4049 1443 4118 εἰσπράττοντα·
1480 4051 1573 4102 καὶ
1615 4049 1878 4120 διελέγχω

308 4154 402 4190 σου
438 4140 561 4199 τοὺς
588 4138 798 4206 λόγους,
829 4140 928 4192 οὐκ
954 4138 1094 4208 ἔχων
1118 4140 1320 4208 ἀρετῆς
1348 4138 1602 4206 γενέσθαι
1622 4140 1878 4193 διδάσκα-

303 4227 423 4288 λοςο
475 4225 614 4296 πλὴν
678 4227 864 4297 ἐπειδὴ
914 4227 1051 4295 πρὸς
1090 4228 1149 4281 σέ
1179 4244 1269 4297 μοι
1311 4228 1380 4280 τά
1425 4228 1752 4299 γράμματα,
1787 4229 1875 4281 δο-

305 4319 392 4368 κεῖ
434 4316 497 4387 δὴ
548 4317 709 4370 πάλιν
761 4317 1082 4387 θαυμάζειν,
1136 4318 1225 4371 ἵνα
1291 4318 1364 4389 μὴ
1404 4319 1598 4371 σαυτὸν
1647 4319 1880 4388 ὲλέγχῃς

301 4405 653 4475 ψευδόμενον.

505 4628 513 4633 .
858 4566 980 4627 IlZ'.
1014 4575 1316 4645 ΔΙΟΔΩΡῼ.

384 4662 622 4716 ὐϐολοῖν
679 4662 774 4715 τοῦ
835 4663 1125 4732 Εὐριπίδου
1179 4664 1386 4733 ῥακίων
1410 4664 1507 4735 τὴν
1529 4663 1667 4736 ἐμὴν
1695 4664 1873 4719 οἰκίαν

304 4754 566 4823 εττλησας,
598 4754 873 4823 άδωνάρια
911 4754 1133 4823 πέμψας
1161 4755 1402 4826 ἄρυθμα,
1446 4757 1591 4810 καθά
1616 4773 1699 4809 σοι
1722 4756 1874 4824 φίλον

304 4848 512 4910 καλεῖν,
574 4846 670 4898 καὶ
716 4845 949 4915 βλαῦτας
993 4846 1292 4915 ἀμούσους,
1346 4848 1441 4899 καὶ
1500 4848 1873 4918 ἀφικράτιδας

303 4939 388 5005 ἐφ’
420 4931 504 4999 αἷς
535 4937 584 4989 εί
605 4936 700 4989 καὶ
747 4936 867 5005 μέγ’
917 4934 1202 5005 οίμώξειεν
1231 4938 1260 4990 ὁ
1288 4936 1592 5007 στρατηγὸς
1626 4938 1873 5006 Ἰφικρά-

302 5042 402 5096 της
455 5028 575 5091 οὐδὲ
621 5028 722 5097 τῆς
767 5028 1021 5096 ’Δττικῆς
1046 5027 1341 5096 φερούσαις
1366 5029 1691 5098 τεκμήριον.
1737 5028 1873 5081 Οὐδὲ

304 5116 413 5185 γὰρ
447 5117 607 5187 χάριν
635 5115 756 5169 τινὰ
781 5116 873 5168 καὶ
904 5118 1093 5168 πεῖναν
1118 5116 1372 5185 μελίττης
1413 5116 1707 5185 Ὑμηττίου
1734 5134 1875 5186 παρ-

304 5210 540 5276 έχονται,
575 5207 694 5260 οὐδὲ
722 5207 963 5277 βοῶσιτῇ
994 5208 1092 5277 θέᾳ
1120 5209 1218 5277 τὴν
1245 5208 1524 5277 Ἀττικὴν,
1551 5212 1607 5261 ἐν
1681 5211 1877 5279 Μαρα-

304 5297 412 5349 θὼν
453 5295 548 5350 καὶ
580 5297 841 5366 Σαλαμὶς,
865 5297 957 5347 καὶ
985 5295 1181 5365 ἄνδρες
1211 5294 1528 5365 ἐλευθερίας
1558 5296 1652 5348 καὶ
1679 5298 1880 5366 φρονή-

306 5403 473 5455 ματος
537 5386 787 5454 ἐρασταὶ,
819 5385 879 5436 οὐ
911 5384 988 5453 μά
1020 5386 1118 5436 Δία
1173 5384 1304 5453 παρ’
1341 5385 1469 5453 ὑμῖν
1520 5385 1695 5458 μούσῃ
1729 5403 1879 5438 τετε-

309 5477 573 5545 ι.εσμένοι·
595 5475 661 5528 τά
682 5475 790 5545 γὰρ
810 5475 1119 5544 ὑμέτερα...
1142 5475 1256 5528 ἀλλ’
1276 5475 1518 5543 εὔστομα
1543 5476 1743 5529 κείσθω
1760 5494 1773 5508 ο
1807 5479 1879 5547 μή

300 5584 353 5623 1".
394 5570 487 5622 atati.
507 5568 654 5622 λάθω
677 5567 1081 5638 φθεγξάμενος’
1113 5568 1178 5620 τὰ
1215 5569 1312 5639 μὲν
1350 5571 1418 5622 σά
1446 5568 1595 5638 δῶρα
1628 5570 1870 5622 τοιαῦταο

1973 573 2181 627 bratur.
2215 573 2349 629 Cum
2377 585 2554 628 autem
2584 575 2800 628 domum
2838 575 3171 643 acquisierit,
3206 590 3326 645 qua:
3360 576 3536 637 locum

1971 663 2244 718 excelsum
2296 665 2658 734 propinquum
2698 665 2881 739 habet,
2915 666 3097 720 vicino
3159 667 3394 736 quadam
3439 666 3540 720 im-

1973 756 2141 824 probo
2170 756 2357 819 utitur,
2387 771 2509 825 quae
2544 756 2806 811 fenestras
2833 766 3019 811 contra
3052 757 3142 825 jus
3176 771 3336 811 omne
3382 758 3539 811 inno-

1973 859 2126 912 vans,
2177 848 2431 916 praesenti
2477 847 2691 917 quidem
2730 857 2973 917 tempore
3013 847 3364 915 profitebatur
3408 846 3541 902 nihil

1973 938 2238 993 obstaculi
2270 940 2385 994 fore
2428 954 2520 994 eas
2575 940 2844 995 aedificare
2894 940 3111 993 volenti.
3161 938 3310 993 Nunc
3358 950 3537 993 autem

1970 1042 2093 1081 cum
2125 1030 2192 1082 ad
2220 1044 2356 1099 opus
2394 1045 2574 1085 sermo
2615 1031 2851 1095 devenit,
2887 1029 3154 1085 fenestras
3187 1030 3538 1098 impedimen-

1976 1125 2086 1170 tum
2144 1119 2465 1186 praetendit,
2509 1121 2663 1188 quasi
2701 1120 2962 1186 justitiam
3002 1130 3250 1189 repetens
3278 1121 3420 1187 quod
3454 1121 3541 1173 itt-

1974 1222 2179 1263 novans
2208 1207 2295 1276 jus
2336 1208 2765 1277 praetermiserit.
2804 1208 2938 1262 Cum
2976 1224 3104 1261 veru
3146 1209 3542 1262 animadvertat

1976 1311 2035 1351 se
2083 1298 2325 1367 undique
2358 1314 2388 1351 a
2418 1300 2543 1368 jure
2569 1308 2873 1363 extrusum,
2909 1300 2974 1353 ad
3022 1303 3311 1370 potentiam
3354 1299 3543 1354 confu-

1973 1401 2100 1453 gere
2127 1390 2420 1458 excogitat,
2461 1400 2624 1459 atque
2678 1391 2788 1444 imo
2843 1390 2942 1443 viri
2988 1390 3272 1458 cujusdam
3316 1391 3407 1459 qui
3457 1391 3544 1457 ju-

1980 1475 2184 1529 stitiam
2213 1491 2426 1546 semper
2454 1479 2679 1547 diligere
2707 1478 3081 1534 statuit.lllum
3111 1480 3252 1533 enim
3281 1487 3543 1547 praestan-

1978 1566 2246 1620 tissimum
2274 1570 2477 1622 invadit
2512 1568 2849 1634 Nestorium,
2884 1586 2988 1625 non
3034 1571 3227 1625 adesse
3269 1569 3541 1624 hominem

1977 1656 2641 1727 conlidens.Propinquos
2672 1661 2724 1713 iu
2771 1661 3030 1714 auxilium
3079 1664 3371 1721 advocatis,
3418 1674 3542 1728 prc-

1981 1751 2111 1802 tium
2145 1748 2480 1817 sibialiqnod
2510 1749 2575 1803 ad
2605 1750 2906 1805 nocendum
2940 1752 3210 1819 arquitalis
3243 1750 3441 1805 famam
3470 1749 3548 1802 if-

1906 1812 1950 1867 B
1980 1836 2163 1903 finxit;
2209 1845 2263 1890 et
2311 1812 2377 1891 ad
2420 1836 2676 1904 iniuriam
2710 1812 3175 1908 materiam-capit
3219 1847 3271 1892 et
3300 1840 3546 1908 proprias

1978 1925 2165 1981 laudes
2191 1926 2427 1995 undique
2461 1942 2717 1997 spargere
2745 1930 2953 1982 nititur.
2987 1926 3094 1982 Sed
3127 1938 3410 1996 postquam
3434 1927 3548 1982 hinc

1977 2032 2075 2086 per
2111 2033 2212 2072 nos
2256 2018 2525 2084 didicerit,
2579 2019 2741 2075 minis
2791 2020 3101 2090 prohibebit
3147 2034 3271 2074 eum
3318 2021 3407 2088 qui
3454 2033 3550 2088 per

1983 2108 2156 2161 virum
2196 2108 2336 2177 jnris
2359 2110 2900 2165 observantissimum
2934 2111 3185 2181 injuriam
3218 2110 3369 2168 facit.

2471 2201 2761 2258 LXXXVI.
2799 2201 3057 2259 ORIONI.

2053 2289 2140 2344 Ille
2162 2290 2379 2359 quidem
2419 2290 2596 2361 (dicit)
2623 2306 2681 2347 se
2708 2293 3014 2362 disciplinae
3043 2301 3147 2350 tua:
3173 2295 3506 2351 tributurum
3530 2337 3545 2362 ,

1978 2384 2022 2436 si
2069 2391 2284 2451 oportet
2332 2384 2533 2453 scripta
2580 2384 2721 2454 (mea
2751 2387 3112 2442 admiratione
3156 2389 3455 2458 prosequi),
3494 2400 3551 2443 et

1980 2475 2094 2528 haec
2151 2474 2337 2530 dicens
2380 2475 2446 2530 de
2494 2475 2630 2548 (tua)
2671 2478 2945 2532 scribendi
2991 2477 3150 2547 (arte,
3204 2493 3309 2532 non
3354 2481 3549 2548 errat).

1981 2563 2166 2619 Virum
2194 2566 2409 2634 quidem
2446 2576 2666 2637 prapter
2718 2568 2859 2622 hanc
2898 2568 2951 2622 in
2991 2582 3088 2622 vos
3116 2568 3547 2623 benevolentiam

1980 2658 2208 2713 miratus
2235 2674 2394 2725 sum;
2434 2673 2541 2713 non
2577 2669 2755 2715 autem
2798 2659 2939 2715 illius
2969 2661 3181 2730 (miror)
3213 2662 3548 2729 prudentiam

1978 2747 2031 2800 in
2068 2748 2133 2801 iis
2155 2763 2276 2818 quae
2303 2749 2455 2803 vobis
2477 2748 2686 2803 tribuit.
2710 2749 2941 2805 Silentia
2969 2754 3095 2805 'utor
3123 2753 3471 2815 erubescens,
3497 2761 3552 2807 et

1981 2838 2115 2892 nihil
2144 2840 2361 2907 sapiens
2412 2839 2766 2894 scribendam
2814 2840 3037 2894 habens.
3080 2840 3314 2897 Utcuim
3360 2852 3413 2895 et
3455 2842 3552 2895 do-

1979 2929 2222 2985 ctissimo
2249 2928 2458 2985 Platani
2486 2931 2719 2998 videtur,
2758 2944 2980 2987 noscere
3004 2933 3255 2987 virtutem
3288 2947 3391 2986 non
3424 2932 3552 2987 licet

1979 3022 2027 3076 ei
2054 3022 2144 3091 qui
2180 3037 2285 3076 non
2326 3038 2422 3092 per
2460 3036 2622 3093 opera
2671 3026 2739 3079 ad
2780 3024 3032 3079 virtutem
3082 3033 3349 3093 properat.
3397 3024 3551 3090 Quod

1980 3121 2159 3165 autem
2188 3114 2329 3168 scire
2361 3129 2464 3167 non
2498 3114 2647 3180 licet,
2683 3115 2749 3171 de
2791 3115 2895 3170 hoc
2920 3116 3066 3185 loqui
3096 3130 3185 3170 me
3214 3117 3472 3186 puderet;
3496 3126 3551 3170 et

1978 3204 2030 3258 id
2054 3204 2261 3259 faciens
2286 3204 2481 3259 similis
2507 3219 2709 3271 essem,
2738 3222 2802 3261 ac
2831 3208 2875 3261 si
2911 3208 3035 3276 quis
3066 3209 3329 3263 musicam
3364 3224 3429 3263 ne
3452 3225 3551 3277 per

1976 3296 2245 3348 somnium
2290 3297 2507 3364 quidem
2552 3300 2751 3365 sciens,
2784 3299 2979 3353 deinde
3022 3313 3084 3353 se
3123 3298 3398 3367 Orpheum
3428 3315 3548 3355 esse

1977 3386 2202 3452 diceret,
2244 3386 2388 3442 feras
2453 3388 2567 3459 lyra
2612 3390 3131 3445 mansuefacientem
3171 3408 3187 3457 ;
3228 3401 3281 3446 at
3331 3407 3459 3447 vero
3499 3394 3541 3447 si

1976 3487 2250 3544 oporteret
2277 3478 2636 3533 instrumenta
2683 3480 2974 3549 attingere,
3026 3483 3195 3535 risum
3240 3485 3423 3537 statim
3460 3483 3548 3551 jn-

1978 3567 2184 3620 ctantia
2221 3578 2484 3631 moveret,
2521 3580 2575 3622 et
2597 3569 2777 3621 omnia
2805 3584 2937 3623 sane
2967 3569 3128 3625 facile
3158 3571 3550 3642 redargueren-

1980 3663 2087 3707 tur.
2120 3652 2237 3707 Non
2270 3656 2432 3724 igitur
2457 3656 2546 3724 qui
2583 3671 2726 3717 sum,
2776 3657 2823 3711 is
2864 3672 2893 3711 a
2926 3666 3016 3712 tuo
3058 3659 3324 3714 avunculo
3355 3661 3546 3716 exiSIi-

1977 3758 2117 3798 mor.
2163 3746 2377 3814 Aliquid
2434 3748 2481 3800 ei
2513 3749 2713 3815 smpius
2756 3762 2824 3801 ex
2872 3750 3125 3805 amicitiae
3174 3751 3294 3821 lege
3342 3753 3546 3820 dixisti,

1978 3835 2230 3889 laudandi
2269 3838 2371 3890 mei
2403 3840 2597 3906 gratia.
2627 3836 2722 3891 Ille
2754 3848 2933 3893 autem
2962 3855 3071 3895 non
3098 3855 3337 3897 amorem
3365 3848 3547 3898 consi-

1978 3928 2175 3983 derans
2202 3968 2218 3994 ,
2263 3930 2355 3983 sed
2383 3945 2448 3983 ex
2492 3931 2747 3999 operibus
2785 3934 2946 3986 verba
2974 3946 3096 3989 esse
3129 3933 3272 3989 dicta
3329 3945 3547 4004 putans,

1980 4034 2066 4070 tne
2098 4019 2260 4073 talem
2288 4033 2408 4074 esse
2441 4021 2609 4088 exigit
2637 4022 2851 4090 qualem
2891 4037 2977 4079 me
3004 4026 3184 4079 verbis
3212 4024 3471 4082 ellinxisti
3494 4039 3551 4083 ct

1982 4108 2059 4161 tui
2090 4110 2366 4176 mendacii
2388 4108 2630 4166 rationes
2658 4121 3020 4180 repetentem.
3039 4113 3154 4168 Tua
3183 4125 3358 4171 autem
3383 4119 3548 4171 verba

1979 4212 2108 4252 sane
2146 4199 2429 4265 redarguo,
2476 4213 2596 4253 cum
2646 4214 2749 4252 non
2796 4202 2997 4268 possim
3043 4201 3260 4257 virtutis
3297 4204 3552 4272 magister

1980 4291 2115 4344 fieri.
2146 4291 2440 4357 Postquam
2474 4307 2606 4347 vero
2632 4293 2699 4347 ad
2736 4303 2789 4347 te
2828 4308 2961 4349 mea!
2989 4295 3184 4351 littera:
3208 4299 3548 4365 perveniunt,

1980 4381 2194 4435 videtur
2225 4385 2445 4449 quidem
2483 4400 2671 4438 rursus
2703 4386 2910 4452 mirari,
2954 4401 3023 4441 ne
3062 4388 3290 4457 Ieipsum
3333 4390 3553 4444 menda-

1909 4481 1954 4537 ι)
1982 4487 2099 4526 cem
2135 4472 2301 4527 fuisse
2331 4473 2720 4541 deprehendas.

2432 4562 2740 4618 LXXXVII.
2772 4565 3094 4622 DIODORO.

2053 4653 2275 4710 Laceris
2320 4655 2596 4724 Euripidis
2640 4659 2897 4722 vestibus,
2946 4676 3067 4729 quae
3115 4662 3324 4716 duobus
3375 4666 3546 4720 (tholi;

1982 4752 2313 4809 emerentur,
2358 4760 2530 4799 meam
2580 4745 2797 4799 domum
2842 4746 3108 4813 implesti,
3148 4765 3376 4805 venerea
3433 4755 3549 4807 sin.-

1982 4834 2239 4904 rltythmo
2267 4849 2433 4901 opera
2467 4836 2709 4897 mittens,
2745 4845 2802 4888 ιιι
2844 4847 2893 4889 te
2932 4851 2994 4889 ea
3043 4853 3237 4893 vocare
3274 4842 3451 4909 juvat,
3494 4854 3545 4897 et

1981 4927 2343 4981 calceamenta
2371 4927 2517 4995 poesi
2549 4927 2816 4987 carentia.
2839 4936 2894 4982 et
2925 4925 3282 4997 lphicratidas
3319 4932 3387 4985 de
3429 4939 3546 5001 qni-

1983 5018 2083 5071 bus
2114 5018 2278 5071 etiam
2310 5018 2698 5086 ingemuissent
2724 5020 2828 5071 duo
2859 5017 3174 5087 Iphicrates,
3204 5023 3401 5090 quippe
3432 5040 3552 5091 quae

1983 5109 2178 5163 Atticae
2198 5109 2408 5174 signum
2440 5124 2546 5163 non
2579 5107 2776 5161 ferant.
2801 5106 2919 5162 Non
2943 5110 3084 5162 enim
3105 5112 3335 5179 gratiam
3362 5128 3555 5181 quam-

1982 5201 2105 5253 dam
2142 5209 2197 5254 et
2240 5198 2436 5252 famem
2481 5199 2598 5268 apis
2643 5197 2931 5268 Hymettia:
2971 5210 3381 5269 praestaut,nec
3409 5206 3551 5257 Atti-

1984 5305 2103 5343 cam
2140 5291 2206 5343 ad
2245 5289 2609 5358 spectaculum
2649 5289 2885 5343 clamose
2908 5300 3106 5345 vocant
3142 5292 3192 5344 in
3230 5307 3348 5359 qua:
3375 5292 3550 5346 Mara—

1986 5384 2114 5436 thon
2138 5393 2191 5435 et
2215 5382 2467 5445 Salamis,
2507 5391 2562 5436 et
2591 5382 2691 5435 viri
2719 5381 2984 5437 libertatis
3011 5392 3063 5436 et
3095 5382 3277 5450 gloria:
3309 5394 3552 5438 amantes

1987 5490 2115 5540 non,
2148 5474 2349 5538 hercle,
2368 5486 2434 5526 ea
2460 5489 2581 5542 quae
2610 5474 2746 5542 apud
2775 5488 2870 5527 vos
2894 5482 2977 5528 est
3003 5489 3152 5528 musa
3172 5475 3393 5542 perfecti
3419 5474 3550 5531 sint.

1986 5566 2173 5619 Vestra
2214 5566 2492 5620 enimvero
2533 5563 2636 5618 alia
2667 5564 2960 5634 prudenter
2999 5566 3216 5621 silentio
3258 5576 3453 5634 tegam,
3485 5578 3554 5622 ne

1811 5661 2040 5717 NOT:E.

380 5754 452 5825 (l)
491 5752 559 5808 ιη’
583 5754 667 5809 his
700 5755 906 5811 lacunis
932 5756 1169 5826 corrupti
1202 5756 1423 5812 madore
1454 5756 1655 5811 codicis
1693 5771 1862 5824 pauca
1896 5760 2058 5813 verba
2089 5754 2389 5821 perierunt.
