4248 6428
719 327 856 390 2787

1992 324 2347 383 PROCOPII
2390 324 2632 381 GAZAZI

3828 325 3971 386 2788

719 435 848 503 quid
886 434 1087 489 inscius
1121 432 1316 487 dicam.
1360 431 1511 485 Talia
1558 437 1685 484 sunt
1723 432 1937 499 quidem
1989 442 2075 485 tua
2118 433 2277 486 dona.
2313 442 2396 494 Ατ

2313 442 2355 494 Α
2386 433 2453 485 τὰ
2497 433 2553 485 δὲ
2597 433 2860 502 ήμέτερα,
2912 436 3014 487 κᾶν
3070 434 3233 497 αὐτὸς
3291 434 3636 495 ἐπαινέσειας
3700 437 3845 488 οὕτω
3898 441 3964 505 τῇ

721 528 912 581 Nostra
957 540 1084 579 vero
1133 534 1188 579 et
1217 526 1329 593 ipse
1354 524 1629 587 laudares,
1680 538 1801 577 cum
1834 526 1969 577 adeo
1999 527 2169 577 ventri
2200 525 2277 577 in-

717 618 957 685 dulgeas.
991 614 1226 669 Gulosus
1252 615 1395 669 enim
1430 628 1551 668 cum
1589 614 1687 680 sis,
1716 622 1771 668 et
1797 615 2000 668 ventris
2031 614 2280 683 explendi

715 723 899 760 curam
953 707 1173 770 habeas.
1220 715 1275 759 et
1306 708 1450 761 escis
1493 722 1743 778 magnam
1795 706 2106 761 felicitatem
2165 721 2280 760 me-

715 798 888 862 tiaris,
927 799 970 850 si
1020 798 1149 867 quid
1190 796 1334 851 forte
1373 798 1595 867 iucundi
1644 809 1871 851 venatus
1902 798 1998 861 sis,
2036 796 2282 866 protinus

714 888 960 942 extendis
1000 888 1236 956 linguam
1293 897 1351 941 ut
1399 889 1619 955 quidam
1675 888 1807 956 Ajax
1848 888 2118 954 ingentem
2172 886 2283 954 cly-

713 993 894 1047 peum.
927 978 993 1032 Et
1029 979 1184 1032 testis
1212 987 1295 1031 est
1324 980 1453 1031 liora
1483 993 1588 1047 qua
1631 979 1930 1046 placentam
1968 978 2105 1044 apud
2148 976 2282 1030 alios

713 1069 1012 1138 abripiens,
1047 1077 1214 1121 totam
1244 1069 1424 1121 statim
1462 1070 1516 1121 in
1551 1084 1613 1123 os
1647 1070 1935 1122 immisisti.

1146 1156 1475 1211 Lxxxvm.
1508 1157 1830 1213 CYlllACO.
2164 1226 2173 1236 _

781 1248 1022 1314 Quantas
1070 1248 1159 1301 ﬁlii
1210 1250 1454 1318 patribus
1502 1252 1704 1319 gratias
1754 1251 2009 1315 debeant,
2046 1263 2152 1303 non
2187 1264 2281 1317 ap-

720 1340 892 1405 prime
919 1340 1058 1393 scire
1088 1339 1233 1405 licet,
1267 1341 1367 1393 nisi
1420 1342 1542 1408 quis
1583 1350 1636 1393 et
1683 1340 1796 1408 ipse
1848 1340 2079 1393 filiorum
2132 1351 2284 1408 pater

711 1421 781 1479 sit
801 1442 817 1491 ;
841 1444 904 1479 ex
935 1442 999 1479 eo
1030 1429 1171 1481 enim
1202 1443 1386 1482 amore
1417 1444 1526 1497 quo
1565 1428 1707 1483 filios
1736 1429 2118 1497 complectitur
2148 1429 2285 1482 sciet

708 1517 933 1571 omnino
979 1518 1166 1586 quales
1228 1520 1279 1571 in
1333 1520 1506 1587 ipsum
1557 1520 1759 1572 fuerint
1834 1521 2126 1588 genitores.
2180 1521 2283 1585 Qui

712 1616 891 1659 tamen
928 1608 1099 1661 musis
1136 1607 1439 1677 indulgent,
1474 1617 1529 1660 et
1568 1617 1695 1661 ante
1721 1610 2150 1676 experimentum
2198 1624 2283 1661 ra-

2382 522 2577 591 γαστρῖ
2602 522 2957 591 χαριζόμενος
2986 539 3000 552 ⁸
3040 524 3217 593 λίχνος
3270 523 3380 595 γάρ
3408 542 3490 587 τις
3513 526 3611 585 ὢν,
3654 527 3750 577 καὶ
3779 526 3842 577 τὸ
3871 543 3970 592 γα-

2386 613 2697 682 στρίζεσθαι
2737 614 2973 685 μελέτην
3028 621 3417 685 πεποιημένος,
3468 616 3559 668 καὶ
3592 616 3843 685 βρώμασι
3870 615 3970 684 τὴν

2384 705 2627 774 μεγάλην
2672 707 3014 775 εὐδαιμονίαν
3076 707 3312 777 μετρῶν,
3342 708 3396 760 ετ
3441 708 3493 760 τί
3547 724 3650 759 που
3697 707 3969 774 Θηρασαις

2381 795 2503 863 ἡδὺ,
2558 796 2861 865 προτείνεις
2918 796 3122 867 εὐθέως
3153 798 3253 865 τὴν
3299 796 3568 865 γλῶτταν,
3610 797 3863 861 καθάπερ
3886 811 3970 857 τις

2380 887 2512 949 Δίας
2546 887 2642 957 τὴν
2675 887 2917 957 μεγάλην
2972 888 3206 940 ἀσπίδα·
3237 888 3331 940 καὶ
3386 886 3600 957 μάρτυς
3624 888 3651 938 ὁ
3684 887 3876 953 καιρὸς
3906 887 3970 955 ,ἐν

2380 974 2425 1048 ᾧ
2445 982 2536 1033 τὸν
2580 979 2889 1033 πλακοῦντα
2940 980 3069 1050 παρ’
3096 981 3182 1033 ἑτέ
3192 998 3299 1051 ρων
3350 983 3705 1052 ἀφήρπασας,
3731 980 3854 1031 ὅλον
3873 977 3969 1029 sti-

2384 1072 2480 1136 θὺς
2517 1072 2894 1141 παραπέμψας
2921 1072 2998 1141 τῷ
3029 1072 3277 1139 στόματι.

2922 1159 3054 1215 IIH'.
3085 1160 3413 1229 ΚΥΗΑΚῼ.

2459 1254 2630 1305 Ὅσον
2670 1253 2719 1305 oi
2757 1253 2944 1314 παῖδες
2974 1254 3083 1313 τοῖς
3122 1250 3680 1320 πατράσινόφείλουσι
3712 1249 3965 1319 χάριτας,

2387 1347 2486 1400 οὐκ
2520 1346 2666 1397 ἔστιν
2696 1344 2889 1396 εἰδέναι
2926 1342 3061 1413 πρὸς
3118 1343 3298 1406 ἀξίαν,
3341 1344 3388 1394 εί
3446 1344 3519 1410 μή
3558 1358 3642 1402 τις
3676 1343 3767 1393 καὶ
3802 1342 3967 1403 αὐτὸς

2390 1436 2599 1489 παίδων
2627 1436 2861 1505 ὑπάρχει
2893 1438 3109 1503 πατήρ·
3150 1434 3210 1485 τό
3250 1450 3309 1485 τε
3340 1432 3447 1502 γάρ
3494 1432 3552 1498 ἐξ
3590 1429 3656 1503 ἦς
3686 1433 3797 1500 ἔχει
3830 1432 3969 1500 πρὸς

2386 1526 2512 1585 τοὺς
2548 1526 2747 1586 παῖδας
2815 1526 3069 1592 στοργῆς.
3121 1525 3324 1575 εἴσεται
3375 1524 3595 1584 πάντως
3646 1526 3786 1573 ποῖοι
3826 1522 3968 1589 προς

2389 1614 2553 1667 αὑτὸν
2592 1614 2840 1683 ὑπῆρξαν
2900 1614 2950 1663 οί
2991 1613 3298 1678 φύσαντες’
3346 1613 3483 1682 πλὴν
3517 1613 3630 1664 ὅσοι
3662 1614 3781 1673 ταῖς
3832 1611 3968 1678 μού·-

710 1697 853 1770 tioue
878 1710 1061 1749 verum
1086 1696 1408 1765 dijudieaut.
1443 1696 1596 1751 Unde
1625 1698 1779 1753 decet
1809 1707 1859 1752 te
1879 1714 2002 1767 erga
2028 1708 2278 1768 parentes
2313 1702 2356 1760 Β
2386 1738 2387 1743 η

2313 1702 2356 1760 Β
2386 1723 2508 1769 σαις
2534 1705 2868 1769 ἀνάκεινται,
2926 1706 3018 1757 καὶ
3059 1705 3163 1774 πρὸ
3215 1705 3311 1771 τῆς
3355 1705 3547 1773 πείρας
3587 1704 3726 1771 λόγῳ
3753 1702 3966 1771 τάληθῆ

711 1785 870 1838 talem
901 1786 1153 1853 esse.qui
1186 1785 1324 1840 forte
1363 1789 1483 1855 plus
1519 1803 1677 1856 quam
1745 1789 1926 1843 caeteri
1958 1789 2282 1844 benevolen-

708 1876 795 1929 tia:
824 1876 1143 1945 largiuntur.
1177 1877 1513 1947 Quapropter
1563 1894 1647 1935 me
1673 1881 1738 1935 ad
1783 1882 1920 1935 hanc
1942 1882 2282 1935 scribendam

705 1968 987 2036 epistolam
1032 1981 1335 2034 moverunt,
1371 1974 1679 2026 mercedem
1718 1984 1999 2042 paternam
2038 1989 2066 2027 a
2103 1982 2156 2028 te
2201 1988 2278 2027 re-

708 2067 977 2125 petentes,
1006 2067 1064 2111 ιιι
1110 2073 1215 2112 non
1266 2061 1557 2115 erubescas
1614 2062 1772 2113 talem
1826 2078 1945 2116 esse
1982 2063 2194 2131 qualem
2233 2072 2284 2116 te

710 2150 917 2210 νυΙιιιιι,
945 2160 999 2202 et
1028 2148 1167 2202 Dens
1194 2160 1245 2203 te
1275 2150 1327 2202 in
1361 2150 1519 2203 linem
1555 2152 1759 2208 tulerit.
1784 2151 1937 2206 Tunc
1968 2155 2111 2207 enim
2151 2154 2284 2221 ipsis

707 2256 852 2294 mors
894 2241 1003 2306 ipsa
1035 2241 1168 2294 levis
1197 2242 1322 2304 erit,
1352 2243 1653 2297 scientibus
1697 2244 1909 2311 qualem
1942 2246 2021 2298 sui
2060 2246 2283 2315 generis

708 2330 1026 2398 reliquerint
1056 2346 1452 2385 successorem.

704 2518 990 2574 LXXXIX.
1015 2517 1385 2576 ΖΑΟΙΙΑΠΙιΕ
1409 2519 1493 2573 ET
1520 2519 1841 2577 PlllLlPPO
1863 2521 2279 2579 FRATRIBUS.

774 2611 872 2674 Qui
906 2626 1024 2663 eam
1050 2626 1147 2679 pro
1165 2611 1316 2664 vobis
1333 2613 1541 2680 accepit
1572 2612 1872 2679 epistolam,
1896 2612 2074 2667 Patris
2094 2615 2281 2685 optimi

710 2708 764 2751 et
792 2700 1059 2768 justitiam
1088 2701 1315 2756 colentis
1340 2711 1392 2756 et
1420 2702 1563 2756 inter
1591 2720 1779 2758 omnes
1812 2701 1988 2772 jusms
2020 2707 2281 2760 celebrati

706 2793 845 2845 lilius
876 2802 977 2847 est.
1029 2793 1277 2859 Quaudiu
1325 2794 1575 2850 Mercurii
1612 2798 1864 2865 templum
1924 2796 2283 2865 frequentavit

704 2882 1042 2947 adolescens,
1086 2896 1141 2939 et
1184 2894 1387 2939 natura:
1432 2889 1534 2939 vim
1571 2889 1808 2941 ostendit
1834 2898 1888 2941 et
1918 2891 2168 2942 ardorem
2196 2889 2281 2941 iu-

705 2975 992 3041 trepidum.
1018 2976 1081 3029 Et
1108 2994 1248 3032 nunc
1275 2979 1340 3031 ad
1374 2980 1754 3047 imperatorem
1787 2980 2032 3033 ascendit
2058 2981 2266 3048 legibus

2383 1799 2747 1867 διακρίνουσιν
2772 1813 2787 1828 ο
2822 1798 2943 1850 ὅθεν
2982 1814 3040 1850 σε
3077 1796 3317 1849 τοιοῦτον
3372 1800 3501 1866 περὶ
3545 1798 3670 1858 τοὺς
3705 1796 3967 1855 τεκόντας

2385 1891 2653 1960 προσήκει
2690 1888 2964 1955 γενέσθαι,
2985 1888 3032 1939 οἳ
3060 1888 3198 1955 τάχα
3232 1888 3341 1938 τῶν
3367 1888 3541 1938 ἄλλων
3570 1888 3729 1938 πλέον
3761 1887 3841 1944 εἰς
3876 1884 3968 1935 εῦ-

2383 1997 2532 2033 νοιαν
2558 1979 2973 2047 συνεισφέρουσι
2994 1995 3009 2010 ο
3039 1979 3120 2031 διό
3155 1995 3221 2046 με
3276 1980 3368 2029 καὶ
3394 1978 3528 2045 πρὸς
3559 1977 3657 2045 τὴν
3682 1976 3969 2043 παροῦσαν

2384 2071 2672 2141 ἐπιστολὴν
2696 2071 3038 2139 κεκινήκασι,
3065 2069 3254 2138 μισθὸν
3285 2068 3565 2130 αἱτοῦντές
3586 2085 3641 2119 σε
3671 2066 3968 2135 πατρικὸν,

2382 2164 2445 2215 τὺ
2478 2163 2552 2232 μὴ
2583 2162 2941 2231 καταισχῦναί
2964 2179 3021 2213 σε
3046 2161 3304 2222 τοιοῦτον,
3334 2155 3443 2212 οἷον
3464 2159 3616 2211 αὐτοί
3650 2176 3708 2210 τε
3745 2158 3970 2227 βοῦλονο

2383 2270 2499 2316 ται,
2542 2253 2639 2305 καὶ⁹
2699 2253 2831 2314 Θεὸς
2889 2255 2968 2314 είς
3023 2254 3195 2321 πέρας
3225 2252 3438 2318 ἐνέγκοι
3463 2267 3475 2280 ·
3500 2251 3619 2303 τότε
3642 2252 3749 2317 γὰρ
3781 2249 3971 2308 αὐτοῖς

2385 2344 2480 2395 καὶ
2505 2342 2733 2405 θάνατος
2774 2344 2933 2411 ῥέων,
2985 2344 3373 2412 ἐπισταμένοις
3411 2338 3523 2393 οἷον
3572 2340 3817 2407 διάδοχον
3871 2336 3968 2389 τοῦ

2383 2434 2572 2502 γένους
2603 2434 2889 2485 ἀπέλιπον.

2520 2525 2643 2577 ΠΘ’.
2678 2524 2978 2593 ΖΑΧΑΡΙᾼ
3010 2522 3127 2576 ΚΑΙ
3154 2523 3436 2592 ΦΙΛΙΠΠῼ
3467 2520 3820 2574 ΑΔΕΔΦΟΞΣ.

2466 2615 2525 2668 '0
2552 2614 2755 2685 ταύτην
2774 2615 2909 2685 πρὸς
2935 2615 3077 2682 ὑμᾶς
3100 2612 3277 2664 λαϐὼν
3296 2613 3394 2681 τὴν
3416 2612 3727 2675 ἐπιστολὴν,
3758 2609 3971 2675 πατρὸς

2385 2709 2593 2777 ἀγαθοῦ
2626 2710 2839 2776 πέφυκε
2869 2708 2962 2759 τοῦ
2988 2708 3056 2759 τὰ
3079 2708 3292 2776 χρηστά
3316 2705 3604 2773 τιμῶντος,
3627 2704 3720 2754 καὶ
3745 2703 3803 2753 ἐν
3832 2704 3970 2752 πὶσι

2384 2798 2613 2860 δικαίοις
2676 2797 3113 2868 γνωριζομένου·
3156 2798 3236 2859 είς
3282 2794 3482 2864 Ἑρμοῦ
3525 2794 3582 2846 δὲ
3637 2793 3904 2860 φοιτήσας
3944 2792 3971 2841 ὁ

2386 2892 2524 2951 νέος,
2556 2888 2774 2954 φύσεώς
2823 2905 2883 2939 τε
2928 2886 3119 2956 ῥώμην
3163 2886 3495 2949 ἐπεδείξατο,
3542 2884 3631 2936 καὶ
3657 2881 3970 2952 προθυμίαν

2386 2977 2757 3045 ἀοκνοτάτην·
2802 2975 2896 3027 καὶ
2925 2974 3020 3026 νῦν
3054 2974 3189 3042 πρὸς
3228 2972 3455 3041 βασιλέα
3494 2970 3691 3037 ἀνῆλθε
3727 2968 3977 3038 προσλα-

707 3067 928 3119 studere
959 3067 1164 3131 volens,
1203 3079 1263 3122 ιιι
1303 3070 1527 3137 prodeat
1553 3078 1759 3133 orator,
1793 3071 1915 3124 vita:
1958 3070 2263 3124 institutum
2295 3038 2340 3098 C
2378 3077 2384 3116 ι

2295 3038 2340 3098 C
2378 3067 2493 3119 ὗεῖν
2516 3069 2641 3129 τοὺς
2674 3038 2871 3133 νόμους
2925 3038 3269 3133 βουλόμενος,
3296 3063 3445 3124 ὅπως
3496 3058 3734 3129 προέλθῃ
3778 3061 3970 3127 ῥήτωρ

706 3160 952 3227 corporis
979 3160 1160 3227 specie
1185 3164 1447 3225 revelans,
1474 3175 1528 3216 et
1552 3163 1731 3229 lingua
1766 3164 1928 3215 verba
1964 3162 2267 3230 proferens.

705 3247 823 3300 Non
856 3264 987 3303 sane
1018 3251 1224 3317 justum
1258 3260 1375 3304 et'at
1407 3252 1549 3303 illius
1573 3253 1637 3303 ad
1666 3267 1761 3304 vos
1786 3250 2171 3319 profectionem
2201 3252 2273 3303 si-

706 3337 871 3393 lentio
904 3340 1204 3407 praeterire,
1247 3342 1360 3409 qui,
1393 3356 1512 3394 eum
1557 3357 1745 3393 omnes
1772 3358 1799 3392 ιι
1838 3358 1919 3394 me
1958 3342 2276 3393 informatus

706 3435 962 3493 tanquam
999 3428 1136 3482 lilios
1166 3429 1446 3495 reputetis,
1469 3439 1522 3481 et
1574 3431 1623 3482 in
1668 3431 1814 3483 illum
1856 3447 1959 3483 non
1992 3444 2265 3498 quamque

704 3516 952 3572 obtinere
976 3518 1405 3573 benevolentiam
1430 3521 1779 3575 evbibebitis.

1227 3607 1342 3662 XC.
1372 3606 1745 3663 EUDEMONI.

775 3695 1199 3749 Celeberrimum
1232 3696 1448 3759 lcrinm,
1479 3713 1600 3749 eum
1641 3700 1732 3766 qui
1774 3700 1912 3765 apud
1954 3713 2052 3751 nos
2102 3699 2265 3753 Italo-

708 3801 827 3839 rum
877 3786 1053 3854 lingua
1105 3803 1225 3841 reos
1258 3790 1521 3853 defendit,
1553 3800 1607 3845 et
1645 3791 1799 3843 bonis
1833 3792 2075 3844 moribus
2109 3793 2281 3861 magis

709 3892 871 3944 quam
905 3880 1130 3932 scicntia
1162 3890 1407 3945 ornatur,
1449 3896 1551 3932 non
1586 3884 1766 3947 putavi
1814 3881 1881 3933 ad
1940 3897 2034 3936 vos
2063 3894 2278 3937 euntem

708 3968 1028 4021 mittendum
1067 3985 1186 4023 esse
1212 3970 1446 4023 silentio.
1478 3971 1682 4023 Bonum
1723 3981 1808 4025 est
1847 3971 1991 4023 enim
2040 3973 2281 4025 absenti-

710 4059 813 4113 bus
842 4059 994 4112 vobis
1024 4074 1238 4127 semper
1270 4059 1375 4113 frui
1410 4078 1423 4112 :
1462 4060 1658 4125 altera,
1691 4061 1963 4129 inquiunt,
2013 4064 2282 4132 navigatio

708 4159 792 4203 est
826 4164 948 4202 cum
989 4149 1306 4203 absentibus
1337 4166 1433 4217 per
1468 4152 1679 4203 litteras
1710 4153 2041 4205 conversari.
2074 4152 2282 4207 Felices

711 4252 890 4294 tamen
923 4242 1262 4310 quibusjura
1310 4243 1528 4308 dividis,
1574 4252 1629 4296 et
1684 4253 1785 4297 tua:
1834 4248 1973 4308 voci,
2026 4254 2279 4312 tauquam

2378 3158 2477 3227 τὴν
2512 3157 2789 3208 πολιτείαν
2809 3143 3005 3224 ’φέρων
3033 3152 3110 3222 τῷ
3140 3151 3374 3221 σώματι,
3401 3152 3490 3203 καὶ
3511 3153 3577 3219 τῇ
3600 3150 3816 3217 γλώττῃ
3846 3149 3973 3207 τοὺς

2386 3249 2577 3314 λόγους
2640 3246 3118 3315 προϐεϐλημένοςο
3168 3244 3228 3295 οὐ
3281 3242 3347 3310 δὴ
3372 3241 3577 3293 δίκαιον
3627 3239 3725 3305 τὴν
3771 3237 3971 3313 τούτου

2380 3340 2516 3409 πρὸς
2543 3340 2684 3405 ὑμᾶς
2710 3336 2890 3402 ἄφιξιν
2955 3332 3289 3403 παραδοῦναι
3344 3332 3493 3399 σιγῇ,
3554 3329 3787 3406 nigrai);
3839 3320 3968 3393 παρ’

2356 3426 2517 3497 ⁴ἐμοῦ
2556 3427 2977 3494 τετελεσμένους
3013 3420 3112 3477 ἷσά
3159 3440 3261 3475 που
3292 3423 3385 3475 καὶ
3408 3421 3601 3482 παῖδας
3631 3419 3970 3485 νομίζοντες,

2380 3519 2473 3571 καὶ
2501 3519 2578 3578 εἰς
2607 3516 2797 3568 τοῦτον
2853 3514 3066 3566 εὖνοιαν
3096 3515 3157 3565 οὐ
3188 3514 3286 3579 τὴν
3338 3510 3606 3581 τυχοῦσαν
3631 3505 3969 3570 ὲνδείξεσθε.

2915 3608 2986 3669 ιιο.
3035 3602 3431 3655 mutuom.

2454 3697 2557 3750 Τὸν
2584 3695 2913 3762 λογιώτατον
2954 3694 3142 3761 Ἱέριον
3175 3694 3265 3745 τὸν
3299 3693 3398 3761 τῆς
3433 3689 3645 3743 Ἰταλῶν
3674 3685 3807 3756 παρ’
3842 3685 3973 3753 ἡμῖν

2383 3788 2829 3858 προῦεῦλημένον
2877 3786 3080 3855 φωνῆς,
3136 3785 3231 3836 καὶ
3256 3784 3478 3853 τρόποις
3518 3779 3741 3847 ἀγαθοῖς
3766 3777 3971 3845 μᾶλλον

2381 3882 2415 3950 ἢ
2469 3880 2691 3948 παιδεία
2740 3875 3132 3945 κοσμούμενον,
3196 3874 3297 3943 οὐκ
3343 3871 3532 3941 ᾠήθην
3555 3870 3664 3921 δεῖν
3698 3869 3797 3936 τὴν
3835 3866 3971 3935 πρὸς

2385 3973 2525 4040 ὑμᾶς
2591 3970 2738 4022 ἰόντα
2803 3964 3175 4037 παραπέμψαι
3239 3964 3408 4031 σιγῇ’
3468 3959 3628 4012 καλὸν
3688 3959 3793 4022 μὲν
3861 3955 3970 4023 γὰρ

2382 4064 2630 4117 ἀπόντων
2670 4058 2821 4126 ὑμῶν
2871 4056 3166 4109 ἀπολαύειν
3211 4053 3316 4107 ἀεί.
3355 4051 3618 4120 Δεύτερος
3677 4049 3755 4110 δὲ,
3810 4048 3968 4114 φασὶ,

2386 4154 2574 4217 πλοῦς,
2619 4155 2731 4212 τοῖς
2778 4148 2978 4203 ἀποῦσι
3033 4146 3120 4199 διὰ
3172 4145 3517 4215 γράμματων
3564 4140 3925 4208 προσομιλεῖν
3955 4155 3967 4167 ·

2384 4244 2523 4313 πλὴν
2558 4243 2869 4310 εὐδαίμονες
2894 4239 3083 4300 ὅντως,
3129 4230 3209 4298 οἷς
3234 4235 3441 4295 διέπεις
3470 4234 3538 4285 τὰ
3566 4232 3767 4293 δίκαια,
3799 4230 3970 4283 καθά·

704 4333 905 4403 tripodi
936 4335 1148 4388 cuidam
1196 4337 1446 4402 suspensi
1487 4344 1635 4398 sunt,
1678 4345 1726 4388 et
1759 4350 2278 4388 commune-revera
2313 4357 2356 4411 υ

2313 4357 2356 4411 D
2388 4352 2492 4402 περ
2537 4333 2679 4395 τινὸς
2737 4329 2988 4399 τρίποδος
3044 4329 3143 4396 τῆς
3196 4325 3297 4393 σῆς
3345 4322 3703 4392 ἐξηρτημένοι
3744 4321 3968 4387 φωνῆς’

706 4425 1071 4492 spectaculum
1118 4426 1387 4494 justitiam
1454 4428 1585 4494 ipsis
1642 4428 1953 4480 redeuntem
2016 4427 2281 4490 videntes,

705 4528 867 4582 quam
904 4519 1435 4585 prtecedenttetnpus
1488 4516 1928 4570 labefactaverat.
1957 4518 2295 4581 Supervaca-

706 4621 867 4658 neum
913 4617 1093 4659 autem
1134 4607 1317 4660 dicere
1350 4618 1399 4661 te
1441 4608 1494 4661 in
1541 4608 1686 4660 iisin
1726 4606 1925 4674 quibus
1962 4607 2111 4659 vobis
2144 4605 2283 4657 indi-

706 4704 817 4764 get,
851 4696 987 4750 bene
1010 4696 1061 4749 in
1087 4711 1209 4750 eum
1238 4709 1482 4750 acturum
1520 4699 1613 4766 qui
1644 4698 1797 4750 vobis
1831 4696 1971 4749 hanc
2000 4694 2285 4763 epistolam

707 4785 971 4838 attulerit.
996 4784 1098 4849 Qui
1124 4787 1266 4838 enim
1294 4787 1455 4838 vitam
1488 4787 1692 4839 orando
1720 4786 1991 4854 transigit,
2013 4785 2284 4852 quomodo

708 4890 814 4928 non
842 4875 1033 4929 honori
1067 4876 1289 4929 habebit
1321 4878 1627 4929 orationum
1663 4886 1845 4946 patres
1875 4892 2013 4945 quos
2043 4873 2286 4929 viderit?

708 4967 917 5022 Redeat
987 4968 1151 5037 igitur
1208 4970 1539 5022 annuntians
1580 4970 1721 5037 quod
1772 4970 1960 5022 audire
2011 4978 2284 5034 optamus,

710 5069 763 5114 te
792 5058 990 5113 famam
1030 5058 1188 5113 factis
1212 5059 1438 5113 vincere
1465 5070 1519 5113 et
1556 5059 1759 5127 majora
1787 5061 1918 5113 dare
1941 5073 2101 5127 quam
2142 5060 2288 5112 acci-

709 5150 922 5220 pientes
958 5149 1161 5205 volunt.

1207 5239 1348 5295 XCI.
1394 5239 1615 5294 NEPHA
1627 5239 1755 5295 L10.

781 5328 863 5383 Tu
909 5330 1125 5399 quidem
1156 5331 1209 5383 in
1235 5332 1418 5386 multis
1438 5332 1634 5385 litteris
1659 5332 1891 5400 inopiam
1918 5340 2065 5385 tuam
2113 5329 2282 5396 doles,

709 5436 807 5490 ego
834 5430 1009 5475 autem
1036 5422 1254 5476 divitias
1283 5432 1337 5477 et
1378 5434 1749 5492 paupertatem
1785 5433 2099 5487 contemno,
2143 5422 2277 5474 mira

711 5520 897 5565 tamen
930 5524 1248 5579 paupertate
1278 5513 1507 5567 alllictus
1532 5514 1690 5581 (adeo
1738 5512 1979 5581 indigere
2023 5521 2076 5565 et
2108 5510 2280 5563 abun-

706 5609 841 5656 dare
871 5604 1139 5658 sententia
1173 5604 1323 5668 facit,
1359 5622 1462 5658 non
1497 5607 1717 5673 divitiae)
1771 5604 2095 5671 fortunaque
2152 5603 2279 5655 hinc

705 5708 759 5747 et
794 5698 914 5750 inde
941 5704 1115 5752 actus.
1146 5698 1339 5752 Desine
1377 5699 1539 5765 igitur
1566 5697 1978 5766 pusillauiutiter
2009 5695 2151 5763 apud
2175 5708 2274 5748 nos

2393 4425 2487 4477 καὶ
2514 4423 2689 4476 κοινὸν
2719 4423 2888 4481 ὅντως
2915 4418 3094 4488 θέαμα
3126 4417 3223 4485 τὴν
3252 4416 3407 4484 δίκην
3438 4415 3617 4473 αὐτοῖς
3641 4410 3973 4463 ἐπανελθοῦ-

2395 4531 2494 4565 σαν
2551 4512 2786 4582 ὁρῶντες
2833 4511 2897 4578 ἢν
2962 4506 3251 4577 προλαὸὼν
3302 4507 3330 4556 ὁ
3383 4503 3574 4573 χρόνος
3630 4500 3969 4568 ὴμαύρωσε’

2393 4606 2648 4677 περιττὸν
2671 4606 2727 4657 δὲ
2761 4604 2939 4670 λέγειν
2971 4602 3046 4663 ὼς
3078 4596 3136 4653 εὖ
3168 4600 3416 4665 ποιήσεις
3469 4598 3523 4647 ἐν
3552 4588 3631 4655 οἷς
3665 4594 3826 4660 ὑμῶν
3863 4592 3971 4643 δεῖς

2393 4715 2484 4751 ται
2514 4696 2607 4747 καὶ
2642 4695 2731 4746 τὸν
2752 4694 2850 4763 τὴν
2874 4690 3161 4758 ἐπιστολὴν
3190 4688 3319 4755 ὑμῖν
3348 4686 3713 4754 κομισάμενον
3735 4698 3748 4710 ·
3784 4675 3832 4747 ᾧ
3865 4680 3971 4747 γὰρ

2396 4789 2507 4858 βίος
2538 4789 2585 4839 οἱ
2622 4786 2790 4850 λόγοι,
2822 4782 2940 4843 πῶς
2970 4782 3031 4833 οὐ
3063 4779 3286 4847 τιμήσει
3316 4777 3443 4836 τοὺς
3459 4775 3565 4826 τῶν
3596 4774 3766 4837 λόγων
3802 4771 3971 4822 πατέ-

2397 4896 2494 4949 ρας
2520 4877 2673 4941 tam;
2701 4875 2882 4944 ἡκέτω
2906 4871 3084 4926 τοίνυν
3100 4868 3378 4936 ἀγγέλλων
3405 4867 3509 4919 ᾶπε
3520 4882 3548 4935 ρ
3567 4864 3784 4917 ἀκούειν
3816 4862 3969 4929 εὐχό-

2398 4970 2562 5036 μεθα,
2596 4966 2671 5026 ὡς
2739 4964 2913 5029 νικᾷς
2958 4964 3023 5028 τῇ
3069 4957 3235 5027 πείρᾳ.
3268 4958 3366 5024 τήν
3406 4956 3615 5022 φήμην,
3664 4951 3760 5004 καὶ
3802 4952 3969 5020 μείζω

2393 5058 2547 5118 δίδως
2582 5056 2726 5126 ήπερ
2758 5054 2808 5104 oi
2838 5050 3207 5120 λαμϐάνοντες
3228 5046 3532 5115 βούλονται.

2950 5228 3068 5293 ex.
3094 5223 3420 5291 ΝΗΦΑΛΙῼ.

2468 5327 2539 5379 Σὺ
2580 5326 2679 5393 μὲν
2709 5324 2766 5374 ὲν
2793 5321 2989 5390 πλήθει
3024 5317 3370 5389 γραμμάτων
3423 5314 3519 5382 τὴν
3559 5312 3789 5381 ἀπορίαν
3843 5311 3968 5380 θρηο

2396 5422 2529 5480 νεῑς,
2550 5418 2661 5484 ἐγὼ
2689 5416 2746 5468 δὲ
2771 5415 2839 5467 τὰ
2868 5415 3130 5483 χρήματα
3150 5409 3390 5469 καὶτοὺς
3417 5405 3775 5465 πλουτοῦντας
3816 5419 3967 5469 περι·

2399 5508 2600 5578 φρονῶ,
2638 5506 2817 5558 καίτοι
2852 5503 3012 5572 πενία
3066 5500 3355 5568 θαυμαστῇ
3397 5496 3749 5565 συνεχόμενος
3782 5492 3968 5551 τοῦτως

2396 5600 2502 5669 ἄρα
2556 5599 2617 5649 τὸ
2670 5588 2929 5648 πένεσθαι
2983 5595 3076 5645 καὶ
3133 5591 3380 5642 πλουτεῖν
3431 5590 3464 5657 ή
3496 5585 3686 5653 γνώμη
3719 5580 3964 5641 ποιεῖ,οῦ

2393 5688 2674 5760 χρήματα)
2704 5686 2851 5756 παρὰ
2904 5684 3002 5751 τῆς
3052 5682 3219 5751 τύχης
3254 5680 3381 5749 τῇδε
3423 5678 3643 5730 κάκεῖσε
3678 5672 3964 5736 πλανώμε-
