4248 6428
320 394 464 461 2789
517 434 520 437 λ

1741 379 2125 444 ΕΡΙδΤΟι;Ε
2137 426 2153 443 .

3429 378 3571 444 2190
3598 350 3613 361 V

322 526 407 572 νος
434 524 446 537 ·
484 503 771 575 τοιγαροῦν
822 501 1028 554 παῦσαι
1079 495 1432 568 μικροψύχως
1464 494 1597 565 ἡμῖν
1638 490 1898 562 ὀδυρόμε·
1927 490 1972 547 Α

1890 515 1898 528 -
1927 490 1972 547 Α
2003 490 2328 557 lamentari;
2359 491 2602 561 nihilque
2654 504 2908 562 maguum
2935 500 3145 559 reputa,
3180 490 3283 546 nisi
3321 494 3461 561 quod
3501 496 3567 548 ad

323 619 433 665 νος,
461 598 597 669 μηδὲ
655 596 796 666 μέγα
850 592 1109 662 νομίζων,
1138 591 1275 661 πλὴν
1310 592 1358 643 εί
1387 590 1461 661 μή
1491 606 1543 643 τι
1573 587 1729 657 φέρει
1757 586 1893 655 πρὸς

322 692 528 761 ἀρετήν
555 704 569 719 ·
597 688 625 742 ὅ
643 706 697 740 τι
726 686 833 755 γὰρ
864 686 939 755 μὴ
961 683 1223 745 τοιοῦτον,
1255 681 1531 750 ἀλλότριον
1559 678 1619 731 τέ
1658 681 1773 730 ἐστι
1797 676 1894 728 καὶ

322 783 462 853 πρὸς
499 781 715 850 ἀπάτην
766 777 1074 845 ἐφέλκεται.
1107 773 1269 828 Ὅθεν
1330 774 1381 825 οἱ
1415 772 1631 841 φρονεῖν
1668 768 1890 831 εἰδότες,

320 875 509 943 ὥσπερ
535 870 654 925 τινά
681 869 851 938 μέθην
887 866 1061 919 ταῦτα
1124 866 1217 918 καὶ
1280 863 1547 934 φλυαρίαν
1597 858 1893 913 ἀποσεισά-

324 982 476 1034 μενοι
506 965 606 1031 τὴν
636 962 737 1030 γῆν
769 957 1163 1018 καταλιπόντες
1182 958 1246 1025 τῇ
1270 957 1361 1024 γῇ,
1385 951 1665 1023 μεταρσίῳ
1686 950 1881 1020 γνώμῃ

321 1054 676 1126 περιπολοῦσι
725 1053 813 1105 τὸν
868 1050 1136 1121 ούρανόν’
1194 1046 1289 1108 τάς
1345 1044 1625 1114 αἰσθήσεις
1651 1042 1746 1095 καὶ
1794 1039 1893 1109 τὴν

322 1151 454 1219 ὓλην
472 1148 566 1201 καὶ
594 1147 653 1198 τὸ
680 1146 776 1213 τῆς
811 1143 1019 1211 πλάνης
1047 1138 1243 1210 χωρίον
1274 1137 1464 1208 ὥσπερ
1499 1134 1622 1190 τινὰ
1647 1132 1894 1204 χαλεπὴν

320 1242 704 1313 διανηξάμενοι
730 1238 1019 1292 θάλατταν.
1256 1220 1268 1234 ’

849 1352 964 1418 μιν.
1014 1346 1374 1418 ΝΕΣτοΡιᾳ.

391 1451 513 1503 ’Ἔτι
551 1449 739 1518 σιγᾷςς
771 1445 849 1498 ἔτι
874 1445 971 1513 τῆς
999 1444 1170 1513 τύχης
1212 1442 1339 1512 γίνῃ
1382 1437 1684 1509 βαρύτερος
1709 1450 1726 1499 ;
1756 1432 1890 1502 ἡμῖν

319 1546 429 1613 γὰρ
465 1546 543 1605 είς
573 1542 653 1594 ἔτι
674 1540 770 1592 νῦν
809 1537 1173 1604 ἀπεστέρησε,
1213 1535 1276 1587 σὺ
1322 1532 1379 1586 δὲ
1408 1533 1500 1584 καὶ
1529 1527 1740 1598 μικρῶν
1762 1524 1893 1593 ἡμῖν

321 1635 626 1702 ἐφθόνησας
684 1629 981 1690 συλλαῦῶν,
1020 1627 1152 1696 μηδὲ
1197 1625 1259 1677 τὺ
1303 1622 1478 1676 κοινὸν
1522 1620 1587 1689 δὴ
1613 1617 1770 1672 τοῦτο
1822 1613 1892 1667 τὰ

317 1726 428 1779 τῶν
496 1724 663 1792 φίλων
706 1720 1073 1792 μιμούμενος*
1131 1715 1246 1770 ἀλλ’
1304 1711 1414 1780 ἐγὼ
1467 1712 1565 1781 μέν
1590 1727 1647 1762 σε
1701 1707 1793 1761 καὶ
1819 1704 1892 1774 μὴ

320 1818 566 1887 παρόντα
608 1813 779 1876 ποθῶ,
836 1811 932 1865 καὶ
972 1808 1317 1880 μεμνημένος
1367 1802 1762 1873 εύφραίνομαιο
1797 1795 1894 1891 καλ
1920 1832 1969 1891 Β

317 1884 416 1962 νῦν
448 1905 639 1974 καιρὸν
670 1901 867 1973 εὑρὼν,
898 1901 998 1954 οὐκ
1020 1893 1136 1951 οῖδα
1165 1896 1392 1964 τιμῆσαι
1418 1891 1597 1961 σιγὴν,
1630 1888 1793 1958 ἡνίκα
1816 1884 1894 1937 δεῖ

318 2018 376 2053 σε
402 1998 689 2070 προσερεῖν
747 1993 1050 2062 ἐπιτήδειον
1083 2004 1098 2020 ο
1151 1987 1215 2040 σὺ
1245 1987 1302 2040 δὲ
1335 1985 1386 2037 εί
1413 2001 1463 2035 τι
1498 1980 1571 2051 μὴ
1605 1979 1703 2032 καὶ
1733 1974 1894 2030 τοῦτο

315 2090 416 2157 τῆς
448 2061 721 2153 ’πατρίδος
772 2061 1119 2151 ἀπήλαυσας,
1179 2074 1242 2127 τὸ
1284 2074 1467 2143 μένειν
1498 2069 1583 2137 ἐφ’
1614 2061 1696 2129 οἷς
1734 2065 1797 2133 δή
1835 2080 1893 2115 σε

316 2176 509 2249 πρώην
533 2174 850 2239 ἐπαίδευσα,
885 2169 1119 2241 μάλιστα
1158 2167 1255 2235 μὲν
1308 2160 1564 2217 ποθοῦσιν
1584 2157 1887 2249 ὲφίστασος

316 2244 441 2322 sitos
465 2244 573 2337 μὴ,
608 2262 778 2334 μιμοῦ
810 2263 910 2329 τὴν
962 2259 1093 2313 θέαν
1120 2259 1233 2319 τοῖς
1264 2255 1556 2326 πράγμασι
1585 2266 1597 2280 ·
1644 2248 1741 2301 καλ⁸
1774 2244 1893 2337 πεί-

318 2375 430 2420 σεις
564 2355 663 2423 τὴν
693 2352 832 2422 ὲμὴν
855 2348 1205 2403 διδασκαλίαν
1227 2345 1288 2398 τὸ
1314 2347 1412 2415 τῆς
1424 2342 1607 2413 χώρας
1640 2335 1895 2406 οὐδαμῶς

317 2448 537 2516 ἐνίκησε
572 2444 842 2515 βάραθρον
866 2458 879 2472 ·
905 2439 1078 2502 οὕτως
1110 2437 1410 2506 ἐπαίρομαι
1449 2437 1586 2505 πρὸς
1615 2430 1786 2498 ἄνδρα
1816 2428 1895 2480 δι-

315 2537 585 2591 δασκάλου
610 2534 957 2605 φρονήματος
979 2527 1174 2597 ἀντεχό
1182 2542 1361 2597 μενος.

638 2648 754 2715 cru
786 2644 1035 2714 zamia
1077 2642 1196 2695 KAI
1235 2637 1572 2707 ΜΑΚΛΡΙῼ.

388 2762 450 2815 Oi.
473 2758 598 2828 περὶ
661 2756 753 2810 τὸν
794 2740 1107 2822 σοφώτατον
1142 2749 1393 2805 Βαϐύλαν
1426 2748 1748 2816 ἀφικόμενοι
1814 2744 1896 2798 δι-

318 2853 596 2926 ηγήσαντό
623 2868 713 2921 μοι
744 2847 1041 2919 προθύμως
1076 2847 1219 2916 ἆπερ
1240 2843 1462 2898 ἀκούειν
1498 2842 1595 2910 μὲν
1643 2840 1894 2909 εὔχομαι,

320 2947 449 3017 πρὶν
466 2945 524 2998 δὲ
553 2944 736 3011 λέγειν
764 2941 960 3002 αὐτοὺς
993 2937 1314 3008 ἠπιστάμην
1346 2952 1360 2967 ·
1388 2934 1447 3003 ἐξ
1488 2927 1564 2988 ὧν
1620 2933 1729 3003 γάρ
1769 2932 1897 3002 ἐμοὶ

319 3033 613 3103 φοιτῶντες
643 3030 741 3101 τὴν
762 3029 890 3098 περὶ
914 3026 1114 3103 λόγους
1134 3024 1392 3093 σπουδὴν,
1425 3019 1747 3092 σωφροσύνῃ
1779 3019 1898 3089 τρό-

318 3101 436 3178 πων
491 3125 586 3176 καὶ
626 3123 748 3182 ταῖς
806 3118 1020 3180 λοιπαῖς
1072 3101 1296 3186 ἀρεταῖς
1339 3111 1703 3180 ὲκοσμήσατε,
1735 3108 1895 3177 δῆλον

316 3212 387 3287 ἦν
409 3213 698 3286 δήπουθεν,
736 3212 812 3273 ώς
851 3210 947 3263 καὶ
980 3206 1117 3278 πρὸς
1150 3208 1329 3273 νόμων
1359 3202 1518 3272 χάριν
1541 3200 1890 3269 ἀπαίροντες,

324 3286 535 3372 μενεῖτε
557 3299 721 3353 πάλιν
771 3294 923 3349 αὐτοί
943 3309 956 3323 ⁸
1002 3293 1099 3347 καὶ
1132 3290 1269 3363 πρὸς
1297 3290 1358 3343 τὸ
1387 3292 1635 3359 κρεῖττον
1658 3286 1895 3357 ἀναδρα-

322 3394 443 3462 μεῖν
466 3387 713 3459 γένοισθέ
776 3402 880 3438 που
933 3382 1398 3453 φιλονεικότεροι·
1430 3381 1479 3431 εί
1507 3378 1563 3432 δὲ
1593 3376 1770 3432 ταῦτά
1806 3392 1894 3445 μοι

316 3479 729 3551 παρασκευάζει
774 3475 873 3546 τὴν
931 3473 1146 3544 ἡδονὴν,
1177 3472 1231 3524 τί
1281 3469 1387 3542 χρὴ
1418 3469 1597 3537 λέγειν
1627 3467 1750 3535 (σὺν
1775 3465 1896 3534 Θεῷ

316 3569 672 3641 δἐίρήσθω),
719 3569 809 3621 ὅτε
847 3564 1213 3634 δικαστηρίων
1279 3558 1739 3631 προϐεϐλημένων
1798 3556 1896 3609 καὶ

319 3667 556 3734 σῖ,φρονι
580 3659 795 3730 γλώττῃ
838 3659 905 3728 τῇ
959 3654 1194 3724 εὐνομία
1242 3652 1585 3723 προχέοντες,
1617 3649 1742 3709 τοὺς
1795 3645 1893 3716 μὲν

318 3754 593 3827 παρόντας
621 3747 904 3821 χειροῦσθε
923 3750 990 3817 τῇ
1017 3747 1202 3815 πείρᾳ,
1238 3743 1362 3807 τοὺς
1390 3743 1448 3795 δὲ
1476 3740 1694 3811 μακράν
1724 3738 1894 3793 ἀπόν-

317 3826 418 3908 τας
463 3847 529 3914 τῇ
570 3844 772 3912 φήμῃ;
821 3838 1026 3891 τούτων
1063 3835 1171 3904 γὰρ
1236 3831 1672 3902 θρυλλουμένων,
1699 3826 1895 3899 μικρὸν

323 3935 423 4005 μὲν
438 3934 792 4002 Πολυκράτης
823 3930 901 3991 είς
927 3924 1183 3995 εὐτυχίαν
1205 3924 1355 3993 ἐμοί·
1377 3922 1529 3975 οὐδὲν
1548 3919 1604 3973 δέ
1636 3936 1727 3989 μοι
1752 3917 1894 3981 δόξει

322 4025 462 4097 μετὰ
488 4024 596 4078 τῶν
623 4021 832 4075 πολλῶν
861 4020 1141 4073 ταλάντων
1166 4017 1194 4069 ό
1228 4016 1475 4083 Κροῖσος.

721 4229 831 4295 ιιΔν.
869 4224 1045 4280 ΖΛΧΛ
1057 4221 1170 4292 ΡῙᾼ
1204 4218 1487 4290 ΑΔΕΛΦῼ.

389 4324 528 4385 Τοὺς
554 4320 785 4388 ἀγοντας
831 4316 930 4385 τὴν
990 4311 1297 4380 ἐπιστολὴν,
1329 4309 1528 4371 οἵτινες
1578 4307 1677 4378 μιν
1733 4308 1892 4373 είσιν,

322 4414 501 4483 ἀγνοῶ
528 4429 543 4443 ο
582 4413 666 4465 ὅτι
694 4410 753 4463 δέ
786 4425 844 4461 σε
892 4405 1290 4475 θαυμάζουσιν,
1342 4399 1577 4463 οίκείους
1619 4399 1759 4468 ἄγαν
1782 4397 1895 4467 ὁρί-

2005 581 2259 636 virtutem
2309 581 2480 636 ducit.
2541 582 2697 648 Quod
2754 582 2900 637 enim
2950 597 3054 636 nou
3108 581 3417 650 imjusmodi
3467 595 3571 649 est,

2000 681 2322 727 extraneum
2352 680 2436 727 est
2466 682 2522 726 et
2559 673 2627 725 ad
2664 686 2906 726 errorem
2945 672 3129 725 trahit.
3164 671 3333 733 Unde,
3366 672 3457 740 qui
3489 686 3578 726 sa-

2001 764 2178 831 piuut,
2211 777 2299 827 ea,
2326 772 2582 831 tanquam
2625 763 2946 818 ebrietatem
2978 763 3271 831 quamdam
3298 772 3351 815 et
3377 777 3575 829 nugas,

2002 852 2287 907 excutiunt
2313 893 2326 915 ,
2367 859 2566 905 terram
2609 857 2773 907 terra:
2822 851 3212 919 relinquentes,
3259 858 3313 904 ct
3357 850 3576 903 sublimi

2002 953 2183 997 mente
2217 943 2410 998 emlum
2439 954 2648 1013 petunt,
2681 957 2873 998 sensus
2897 950 2952 996 et
2974 941 3256 994 materiam
3285 948 3336 994 et
3368 941 3576 995 erroris

2008 1035 2184 1087 locum
2213 1045 2270 1089 ut
2301 1034 2575 1103 quoddam
2609 1047 2808 1087 saevum
2834 1044 2984 1084 mare
3014 1039 3437 1085 transnatantes.

2497 1315 2659 1373 XCII.
2704 1314 3070 1371 NESTORIO.

2071 1413 2261 1468 Adhuc
2292 1410 2461 1465 siles?
2496 1411 2686 1464 Adhuc
2717 1408 2938 1463 fortuna
2980 1410 3044 1461 lis
3072 1407 3327 1475 gravior?
3359 1407 3452 1461 Illo
3477 1423 3575 1462 nos

2003 1520 2171 1574 usque
2215 1504 2394 1557 adhuc
2447 1512 2500 1557 te
2540 1502 2795 1572 privavit,
2828 1511 2883 1556 tu
2915 1516 3044 1556 vero
3081 1509 3137 1555 et
3180 1514 3378 1569 paucas
3422 1500 3576 1554 uobis

2003 1597 2216 1651 invides
2256 1595 2513 1667 syllabas,
2558 1611 2626 1650 ne
2667 1594 2796 1649 illud
2826 1594 3042 1663 quidem
3080 1592 3383 1645 amicorum
3423 1605 3576 1645 com-

2006 1702 2169 1741 mune
2198 1687 2477 1740 invitatus.
2505 1685 2611 1739 Sed
2644 1698 2745 1753 ego
2776 1693 2830 1737 te
2867 1693 2923 1737 et
2948 1697 3054 1736 non
3086 1689 3407 1752 praesentem
3431 1681 3575 1737 desi-

2002 1781 2130 1834 dero
2161 1788 2215 1833 et
2259 1778 2555 1832 recordans
2597 1775 2769 1839 laztor,
2800 1789 2941 1829 nunc
2966 1788 3089 1829 cum
3118 1772 3462 1827 occasionem
3488 1785 3578 1825 re-

1998 1870 2168 1940 perio,
2196 1868 2466 1923 silentium
2507 1882 2723 1922 servare
2769 1866 2974 1930 nescio,
3017 1863 3237 1934 quando
3284 1872 3334 1916 te
3370 1861 3575 1930 alloqui

1997 1966 2341 2020 commodum
2386 1973 2489 2019 est.
2539 1961 2619 2016 Tu
2666 1976 2794 2016 vero
2833 1960 2938 2014 nisi
2988 1968 3046 2015 et
3088 1956 3353 2028 procula
3401 1957 3577 2026 patria

1999 2058 2131 2113 illud
2170 2056 2653 2126 rejeceris,nempe
2692 2049 3155 2124 perseverantiam
3186 2050 3239 2106 in
3280 2049 3348 2103 iis
3375 2064 3494 2117 qure
3525 2056 3576 2103 te

1997 2148 2126 2203 olim
2161 2148 2441 2210 docebam,
2465 2146 2693 2200 multum
2739 2154 2791 2198 te
2840 2141 3276 2198 desiderantibus
3298 2140 3449 2205 redi;
3487 2140 3577 2195 sin

2000 2252 2210 2303 contra,
2244 2246 2298 2291 at
2341 2235 2533 2291 saltem
2564 2237 2640 2287 tui
2666 2242 2945 2303 aspectum
2979 2232 3194 2286 imitare
3239 2230 3454 2285 actibus
3479 2247 3494 2296 ;
3519 2238 3575 2284 et

1998 2328 2357 2399 persuadebis
2385 2341 2559 2381 meam
2588 2325 2888 2379 doctrinam
2912 2323 3153 2392 regionis
3176 2321 3240 2375 ba
3253 2322 3441 2380 rathro
3466 2333 3573 2374 non

1999 2434 2123 2474 esse
2162 2418 2364 2472 victam
2402 2436 2415 2470 :
2452 2416 2586 2471 adeo
2610 2416 2662 2469 in
2690 2416 2889 2481 virum,
2922 2413 3166 2484 magistri
3195 2412 3377 2468 studio
3400 2410 3576 2481 reple-

2002 2520 2112 2575 tus,
2142 2509 2389 2563 invelnor.

2303 2622 2485 2679 XCIII.
2513 2619 2766 2676 ZOSIMO
2810 2616 2896 2673 ET
2943 2616 3271 2674 .IIACARIO.

2072 2735 2520 2807 Sapientissimus
2547 2732 2775 2804 Babylas
2796 2747 2919 2786 cum
2948 2731 3052 2798 huc
3076 2729 3405 2794 advenisset,
3436 2742 3576 2782 nun-

2002 2829 2155 2882 tiavit
2189 2828 2317 2882 mibi
2343 2841 2464 2897 quia:
2493 2824 2710 2896 quidem
2759 2822 3142 2878 ardentissime
3173 2820 3360 2876 audire
3394 2820 3572 2889 Cupio,

2000 2936 2120 2990 qua:
2156 2929 2334 2972 autem
2379 2933 2633 2974 noveram
2658 2926 2947 2985 antequam
2976 2913 3284 2970 diceret.Ex
3328 2929 3389 2967 ea
3427 2914 3573 2968 enim

2002 3027 2211 3067 morum
2256 3010 2523 3077 sapientia
2563 3018 2616 3063 et
2660 3009 2872 3062 czeleris
2907 3008 3197 3061 virtutibus
3248 3005 3445 3075 quibus
3494 3005 3577 3057 di-

2000 3105 2155 3160 cemli
2192 3102 2427 3158 studium
2459 3100 2787 3163 adornastis,
2830 3099 3044 3167 quando
3112 3099 3179 3151 ad
3208 3112 3293 3152 me
3342 3096 3575 3151 ventita-

1999 3197 2157 3260 batis,
2187 3195 2348 3265 plane
2387 3192 2735 3248 manifestum
2787 3201 2908 3247 erat
2948 3205 3065 3258 vos,
3108 3204 3229 3244 cum
3273 3190 3339 3245 ad
3389 3188 3567 3259 legum

1998 3301 2241 3341 amorem
2299 3284 2627 3349 transiretis,
2667 3283 2885 3338 eosdem
2917 3296 3136 3351 semper
3188 3296 3474 3336 mansuros
3519 3291 3576 3336 et

1998 3378 2067 3433 ad
2116 3378 2341 3433 meliora
2383 3374 2707 3446 properandi
2743 3388 2957 3442 semper
3002 3372 3310 3442 cupidiores
3339 3372 3570 3427 futuros.

2000 3470 2055 3525 Si
2086 3480 2264 3524 autem
2310 3470 2424 3522 haec
2472 3467 2604 3521 mihi
2639 3465 2896 3536 gaudium
2928 3463 3184 3528 alierum,
3216 3464 3346 3533 quid
3389 3463 3575 3518 dicen-

1999 3563 2124 3614 dum
2155 3567 2239 3614 est
2260 3557 2406 3628 (cum
2434 3556 2542 3610 Deo
2568 3564 2746 3610 autem
2778 3554 3037 3623 dicatur).
3079 3554 3296 3621 quando
3324 3553 3575 3608 tribuna-

1999 3651 2137 3706 libus
2168 3650 2489 3719 designatis,
2518 3647 2828 3716 mquitalem
2857 3646 3088 3712 sapienti
3124 3644 3303 3714 lingua
3346 3655 3575 3713 proton-

1997 3745 2208 3804 dentes,
2231 3749 2527 3808 praesentes
2552 3735 2771 3806 quidem
2804 3744 2926 3789 actu
2959 3734 3241 3803 subigetis,
3278 3734 3419 3787 fama
3444 3748 3574 3789 vero

1997 3834 2255 3887 absentes
2331 3840 2387 3884 et
2446 3828 2696 3898 regiones
2741 3826 3065 3897 longinquas
3108 3825 3447 3881 incolentes?
3474 3823 3571 3880 His

1997 3920 2141 3974 enim
2201 3919 2439 3988 undique
2500 3917 2552 3970 iu
2595 3916 2784 3983 vulgus
2825 3915 3050 3983 sparsis,
3102 3929 3290 3983 parum
3348 3914 3567 3983 quidem

1997 4009 2126 4062 mihi
2158 4010 2224 4063 ad
2252 4021 2534 4077 prosperas
2573 4019 2659 4060 res
2680 4004 3028 4075 Polycrates;
3062 4004 3197 4059 nihil
3254 4013 3435 4059 autem
3476 4004 3563 4060 vi-

1997 4100 2215 4154 debitur
2235 4113 2356 4152 cum
2372 4107 2450 4153 tot
2475 4095 2693 4151 talentis
2717 4095 2964 4151 Croesus.

2317 4209 2505 4266 XCIV.
2555 4207 2926 4264 ZACHABIE
2969 4206 3245 4265 FRATRI.

2069 4305 2169 4371 Qui
2200 4304 2340 4359 banc
2366 4301 2647 4371 epistolam
2678 4298 2882 4364 ferunt,
2915 4300 3136 4369 quinam
3180 4298 3293 4353 siut
3344 4298 3564 4366 nescio;

1997 4398 2123 4465 quia
2155 4410 2285 4449 vero
2310 4404 2360 4447 te
2393 4393 2681 4454 mirantur,
2710 4401 2972 4458 cognatos
3014 4390 3171 4445 valde
3211 4389 3432 4445 delinio.
3464 4389 3565 4457 Qui

268 4478 271 4479 ν
321 4478 484 4575 ζομαι
510 4521 525 4537 ·
557 4497 704 4557 οὗτοι
734 4498 843 4569 γὰρ
867 4496 1069 4558 ἰδόντες
1113 4494 1233 4564 ἐμὲ,
1265 4493 1358 4545 καὶ
1386 4489 1685 4559 συγγενοῦς
1716 4507 1888 4559 χαρα-
1922 4499 1945 4554 ι

1922 4499 1966 4554 ι)
1993 4488 2209 4557 quidem
2242 4484 2329 4538 ubi
2359 4497 2443 4536 me
2463 4482 2731 4546 viderunt,
2763 4488 2818 4535 et
2848 4480 2901 4533 in
2937 4479 3259 4547 congeneris
3285 4480 3567 4534 characte-

320 4601 521 4667 κτῆρος
577 4592 821 4653 ἐλθόντες
874 4590 953 4651 εἰς
1005 4586 1234 4646 ἔννοιαν,
1285 4582 1432 4635 τοῦθ’
1461 4582 1598 4651 ὅπερ
1636 4576 1705 4650 ἧν
1725 4582 1890 4649 ἐμαν-

319 4668 537 4742 τεύοντο
560 4702 573 4715 ·
607 4682 700 4736 καί
759 4699 811 4735 τι
857 4677 995 4748 πρὸς
1023 4677 1250 4738 ἑαυτοὺς
1294 4673 1538 4735 εἰπόντες
1569 4673 1663 4724 καὶ
1694 4669 1888 4741 κριτάς

319 4781 581 4851 ἀλλήλους
626 4774 989 4845 πεποιημένοι
1042 4770 1134 4825 τοῦ
1196 4770 1522 4839 πράγματος
1557 4764 1632 4827 ὡς
1662 4762 1888 4830 ἀδελφὸς

318 4874 412 4927 τοῦ
441 4870 694 4940 φιλτάτου
729 4864 1043 4931 καθέστηκα
1070 4877 1083 4892 ο
1124 4859 1314 4929 ἐπειδὴ
1341 4857 1475 4928 πρὸς
1511 4856 1637 4924 μίαν
1665 4852 1886 4922 γνώμην

319 4964 597 5034 ἐφέροντο,
658 4954 1098 5028 προσδραμόντες
1156 4950 1291 5021 όμοῦ
1344 4947 1640 5019 προσεῖπόν
1683 4961 1742 4997 τε
1770 4945 1887 5012 ἃμα

320 5032 722 5123 καὶεύμενέσιν
773 5045 1075 5116 ὀφθαλμοῖς
1129 5040 1533 5123 ὑπεϐλέποντοο
1586 5035 1676 5089 καί
1711 5051 1769 5086 σε
1798 5032 1887 5086 διὰ

318 5113 521 5207 παντὸς
546 5113 871 5212 ἐποιήσαντο
925 5134 1221 5203 θαύματος,
1270 5113 1530 5199 δικαστὴν
1559 5126 1718 5197 ὀρθὸν
1744 5125 1835 5179 καὶ
1860 5125 1887 5177 ὅ

315 5262 367 5296 τι
398 5235 591 5306 σεμνὸν
614 5226 1108 5301 ὀνομάζοντε;,τῆς
1134 5224 1230 5295 μὲν
1256 5221 1413 5286 ἀξίας
1443 5222 1568 5282 ῐσως
1592 5218 1849 5306 ἐλάττονα
1868 5230 1885 5247 ο

316 5304 533 5398 δῆλοιδ⁶
557 5324 651 5377 οὖν
687 5318 828 5393 ἦσαν
860 5318 1029 5371 πλείω
1068 5315 1244 5382 λέγειν
1286 5312 1582 5373 ἐθέλοντες,
1609 5304 1682 5362 ὧν
1710 5310 1887 5375 ἀπαγ-

316 5420 526 5487 γέλλειν
554 5415 835 5486 ἠδύναντο,
860 5412 959 5481 τὴν
991 5407 1119 5479 περὶ
1153 5407 1213 5459 σὲ
1258 5406 1484 5473 γνώμην
1514 5402 1614 5470 τῆς
1642 5399 1887 5469 γλώττης

318 5510 709 5578 ἀποφαίνοντες
765 5504 1084 5576 κρείττονα·
1123 5498 1234 5565 ἐγὼ
1297 5497 1353 5549 δὲ
1396 5495 1610 5556 πολλοῖς
1644 5492 1888 5553 ἐπαίνοις

318 5606 379 5667 ἐξ
406 5602 583 5656 αὐτῶν
610 5596 1042 5666 στεφανούμενος
1066 5609 1079 5623 δ
1114 5592 1303 5644 ἔπειτα
1337 5587 1447 5657 γὰρ
1486 5586 1552 5639 τά
1580 5584 1702 5637 καθ’
1735 5583 1887 5652 ὑμῶν

318 5696 620 5763 ἐποιούμην
648 5689 899 5758 ἐγκώμια
920 5704 933 5718 ·
964 5686 1055 5739 καὶ
1089 5681 1278 5751 μισθὸν
1303 5678 1540 5735 αἰτοῦσιν
1566 5675 1769 5729 ἐδίδουν
1789 5673 1887 5743 τὴν

320 5786 601 5861 παροῦσαν
619 5780 929 5849 ἐπιστολήν.

1996 4580 2071 4633 ris
2098 4575 2458 4644 suspicionem
2485 4579 2768 4634 venerunt,
2802 4571 2853 4625 id
2876 4571 3226 4639 conjecerunt
3255 4572 3399 4639 quod
3414 4579 3564 4636 erat;

1995 4679 2042 4724 et
2078 4665 2319 4722 nonnihil
2343 4665 2485 4718 inter
2529 4678 2597 4718 se-
2626 4663 2789 4716 locuti
2821 4677 2989 4732 seque
3017 4671 3204 4717 mutuo
3237 4662 3448 4730 judices
3486 4662 3563 4716 rei

1994 4759 2274 4828 facientes,
2293 4769 2379 4809 me
2402 4768 2593 4822 nempe
2623 4751 2960 4828 dilectissimi
2981 4765 3102 4805 esse
3130 4748 3375 4805 fratrem.
3407 4748 3564 4805 Post-

1995 4863 2154 4917 quam
2187 4848 2240 4899 in
2270 4858 2443 4899 meam
2467 4841 2798 4921 sententiam
2833 4824 3101 4894 devenere
3128 4854 3233 4892 una
3266 4853 3560 4893 accurren-

1998 4948 2101 5004 tes,
2134 4952 2220 4991 me
2246 4933 2407 4989 simul
2429 4932 2797 5000 alloquuntur,
2830 4939 2885 4984 et
2923 4928 3199 5003 benevolis
3228 4927 3401 4982 oculis
3427 4928 3565 4997 aspi-

1994 5030 2168 5085 ciunt.
2222 5026 2293 5082 Ut
2317 5034 2368 5080 te
2423 5023 2733 5077 omnimoda
2781 5019 3141 5074 admiratione
3188 5017 3560 5085 cumulavere,

1989 5122 2230 5191 judicem
2252 5126 2456 5172 ret-tum
2489 5123 2543 5169 et
2567 5129 2727 5182 quam
2762 5111 3203 5181 augustissimum
3233 5109 3565 5179 appellantes

1994 5224 2049 5267 et
2084 5210 2278 5265 merito
2304 5206 2622 5261 inferiorem
2664 5205 2839 5258 locum
2885 5201 3277 5271 possidentem.
3338 5198 3564 5252 Patebat

1995 5313 2174 5357 autem
2206 5316 2299 5353 eos
2324 5298 2478 5367 plura
2513 5295 2646 5350 velle
2672 5296 2853 5349 dicere
2882 5308 3041 5361 quam
3067 5290 3393 5345 ammutiare
3408 5299 3562 5357 pote-

1996 5403 2142 5457 rant,
2184 5407 2335 5445 suam
2364 5390 2429 5441 de
2465 5398 2517 5441 te
2550 5384 2878 5440 sententiam
2908 5383 3087 5452 lingua
3122 5379 3383 5446 majorem
3416 5377 3561 5432 iudi-

1995 5494 2202 5538 cantes.
2241 5481 2354 5549 Ego
2386 5493 2512 5533 vero
2538 5475 2815 5531 abiisdem
2848 5474 3034 5529 multis
3057 5472 3306 5526 laudibus
3335 5478 3563 5524 ornatus

1995 5590 2134 5630 sum.
2167 5572 2369 5625 Deinde
2416 5569 2558 5623 enim
2584 5575 2825 5621 vestrum
2860 5565 3163 5619 encomium
3220 5561 3473 5630 agebant,
3505 5564 3564 5613 et

1997 5666 2299 5720 mercedem
2373 5660 2682 5731 petentibus
2740 5657 2931 5713 dabam
2988 5662 3308 5725 przeseutem
3361 5650 3563 5721 episto-

1996 5759 2122 5811 lam.
2960 5750 2966 5755 ’
