4248 6428
609 326 747 391 2791

694 528 811 585 Non
840 537 1112 600 putassem
1144 540 1174 579 a
1202 527 1353 579 vobis
1387 540 1470 578 me
1503 524 1660 576 talem
1694 522 1998 577 subiturum
2031 522 2197 575 fuisse

627 624 1047 684 accusationem,
1082 633 1256 687 neque
1302 616 1497 673 silentii
1545 630 1650 667 non
1703 614 2039 667 innocentem
2081 626 2199 665 esse

630 728 735 765 non
774 709 1075 763 dicentibus
1105 721 1209 775 quo
1238 720 1369 759 sane
1397 703 1562 757 maris
1592 712 1644 757 et
1674 710 1831 756 terra:
1858 701 2199 756 devenerint.

630 802 758 865 Sed,
784 810 842 854 ut
865 797 1346 863 videtur,maluisti
1375 810 1457 850 tne
1485 809 1743 849 accusare
1776 809 1935 863 quam
1966 793 2203 846 rationes

630 895 761 947 tuihi
793 892 1054 961 praebere.
1099 890 1229 943 Illud
1259 890 1402 942 enim
1435 897 1485 941 te
1514 888 1668 957 prius
1704 887 1944 939 indicare
1983 893 2203 953 oporte-

632 986 767 1039 bat:
810 986 950 1051 quod
1000 982 1223 1035 multum
1277 978 1444 1031 maris
1491 979 1767 1032 dimensus
1820 992 2006 1041 esses;
2063 975 2206 1044 quod

635 1073 837 1126 insulas
871 1072 1171 1141 navigando
1200 1067 1512 1137 praeteriens
1546 1067 1947 1136 Hellespontum
1978 1068 2207 1122 vidisses

633 1160 960 1218 continentis
1028 1161 1314 1226 utriusque
1380 1158 1655 1211 miraculis
1723 1166 2081 1221 exornatum;
2153 1166 2208 1209 et

637 1255 908 1306 transiens
945 1251 1325 1318 Propontidem
1382 1249 1446 1300 ad
1500 1249 1672 1315 ipsum
1729 1247 2062 1316 Bosphorum
2117 1249 2211 1299 de-

638 1343 916 1411 venisses;
952 1342 1094 1409 quod
1132 1339 1327 1394 ibidem
1365 1340 1552 1393 urbem
1589 1339 1894 1393 mirandum
1929 1347 2211 1408 spectacu-

637 1433 747 1485 lum
785 1432 907 1486 navi
941 1431 1131 1485 delatis
1164 1430 1479 1484 offerentem
1529 1429 1789 1493 vidisses;
1826 1444 1946 1498 qua:
1975 1431 2127 1497 quasi
2160 1432 2210 1482 iu

642 1536 799 1579 terra:
827 1523 1175 1587 eollojacens
1200 1522 1381 1575 Asiam
1413 1520 1640 1589 Europa:
1671 1521 1961 1589 projectam
1996 1521 2212 1589 prospi-

642 1616 747 1679 cit,
806 1624 859 1667 et
913 1612 1143 1666 Pontum
1198 1612 1389 1667 finiens
1445 1613 1651 1679 reliquo
1705 1611 1838 1665 ntari
1897 1611 2217 1665 transmittit

1887 315 2064 375 I’ROf
2068 314 2237 373 101³11
2274 312 2521 373 G.\7.:EI

1177 432 1336 489 XCV.
1376 429 1629 486 ORIONI.
2218 428 2269 487 Α

3736 297 3881 367 (2792

2850 422 2962 490 ιε’.
3036 424 3286 476 ΩΡιιιΝι.

2372 518 2485 568 03x
2544 516 2608 569 ἂν
2667 517 2826 586 ᾤμην
2855 516 2989 584 παρ’
3053 515 3208 582 ὑμῶν
3250 513 3512 581 τοιαύτην
3570 512 3884 580 ὑποστῆναι

2301 608 2538 678 γραφὴν,
2558 608 2675 661 οὐδὲ
2693 608 2904 675 σιωπῆς
2932 608 3200 674 ὑπάρχειν
3217 604 3505 667 ἀνεύθυνος
3523 609 3634 667 τοῖς
3657 606 3887 671 ἀγνοου-

2307 700 2505 768 μένοις,
2698 699 2762 769 δὴ
2793 699 2897 768 γῆς
2945 699 2979 769 ἢ
3041 697 3308 766 θαλάττης
3342 696 3633 762 ἀφίκοντο*
3663 694 3779 747 ἀλλ’
3813 693 3889 756 ὡς

2305 790 2448 842 ἔοικε
2481 791 2542 843 τὸ
2570 790 2767 860 μέλλον
2801 787 3057 857 ἔγκλημα
3090 788 3329 857 φεύγων,
3368 787 3513 838 εἵλου
3561 786 3893 853 κατηγορεῖν

2310 883 2508 954 μᾶλλον
2531 885 2673 952 ἥπερ
2692 882 2920 944 εὐθύνας
2948 881 3168 949 ὑπέχειν
3188 879 3331 947 ἐμοι.
3357 877 3421 929 Σὲ
3443 878 3548 948 γὰρ
3576 877 3680 928 ἔδει
3701 876 3895 945 πρῶτα

2312 975 2538 1044 μηνύειν
2557 975 2631 1035 ὼς
2659 988 2670 1039 ι
2704 973 2841 1025 πολὺ
2890 972 3223 1042 διεμέτρησα
3253 970 3486 1036 πέλαγος
3517 985 3529 997 ·
3564 969 3640 1030 ὡς
3671 968 3773 1027 τὰς
3802 968 3895 1034 νή-

2311 1084 2435 1131 σους
2468 1066 2865 1136 παραπλεύσας
2925 1064 3015 1116 τὸν
3061 1061 3453 1130 Ἑλλήσποντον
3508 1056 3669 1121 εἶδον,
3699 1061 3814 1121 τοῖς
3840 1058 3899 1121 ἐξ

2310 1159 2581 1227 ἑκατέρας
2641 1157 2873 1226 ἠπείρου
2930 1150 3403 1223 δορυφορούμενον
3454 1151 3740 1216 θαύμασι’
3803 1151 3900 1201 καὶ

2312 1250 2599 1319 παρελθὼν
2636 1250 2736 1319 τὴν
2774 1246 3140 1317 Προποντίδα,
3176 1244 3313 1315 πρὸς
3349 1243 3511 1295 αὑτὸν
3544 1243 3784 1310 ἀφῖγμαι
3806 1240 3901 1291 τὸν

2312 1341 2632 1410 Βόσπορον*
2695 1339 2822 1392 ἔνθα
2880 1335 3037 1389 πόλιν
3087 1332 3226 1389 εἶδον
3280 1333 3570 1403 παραδόξῳ
3601 1332 3699 1402 θέα
3764 1348 3901 1400 προσ

2313 1430 2643 1485 απαντῶσαν
2695 1432 2809 1492 τοῖς
2848 1428 3243 1482 καταπλέουσιν
3264 1442 3276 1454 ·
3303 1428 3390 1477 ἐπ’
3424 1425 3610 1493 αὑχένι
3638 1423 3748 1491 γὰρ
3783 1440 3905 1476 κει-

2320 1526 2453 1593 μένη
2482 1524 2580 1592 τῆς
2615 1525 2740 1590 γῆς,
2766 1522 2863 1590 τὴν
2906 1520 3094 1573 Ἀσίαν
3129 1520 3299 1588 ἐφορᾷ
3328 1518 3427 1586 τῆς
3459 1516 3729 1587 Εὐρώπης
3765 1533 3906 1584 προ-

2319 1614 2696 1685 ϐεϐλημένην·
2743 1612 2840 1665 καὶ
2890 1611 2983 1664 τὸν
3041 1611 3242 1663 Πόντον
3288 1608 3579 1679 ὁρίζουσα,
3620 1610 3687 1677 τῇ
3736 1608 3903 1675 λοιπῇ

644 1704 932 1759 mirabilia.
968 1703 1032 1757 Et
1058 1703 1158 1756 alia
1193 1718 1525 1771 quzrcnuque
1563 1705 1770 1773 garrire
1799 1703 1971 1755 solent
1998 1702 2086 1768 qui
2128 1702 2213 1754 illa
2249 1753 2258 1781 1

2345 1711 2561 1781 ιαλάττῃ
2587 1708 2950 1779 παραπέμπει
2976 1706 3043 1759 τά
3071 1705 3329 1775 θαύματα
3354 1722 3367 1734 ·
3387 1704 3483 1758 καὶ
3513 1706 3613 1757 ὅσα
3640 1704 3906 1771 φλυαρεῖν

646 1794 992 1863 contemplati
1040 1802 1166 1846 sunt
1202 1808 1360 1847 aures
1409 1802 1621 1848 nostras
1656 1795 1952 1861 pulsantes.
1994 1792 2071 1846 Te
2111 1792 2214 1847 alia
2250 1792 2258 1812 ‘

2345 1800 2702 1869 ιπειροκάλως
2758 1798 3046 1861 εἰώθασιν,
3100 1796 3151 1848 οἱ
3200 1796 3360 1848 τάκεῖ
3409 1793 3759 1863 θεασάμενοι,
3804 1792 3908 1861 τὴν

647 1884 939 1948 scribente,
975 1884 1022 1938 si
1069 1884 1450 1948 tacuissemus,
1482 1892 1611 1939 tunc
1667 1885 1860 1939 merito
1909 1882 2217 1951 subiacere-

651 1992 773 2029 mus
803 1976 1230 2044 reprehensioni.
1259 1974 1413 2030 Nunc
1446 1985 1622 2029 autem
1656 1975 1822 2029 silens
1864 1984 1921 2030 et
1961 1975 2220 2043 navigan.

650 2067 782 2120 tiunt
812 2067 983 2136 legem
1020 2066 1341 2135 despiciens,
1369 2080 1434 2120 ex
1470 2081 1588 2120 utea
1620 2074 1734 2119 arte
1757 2065 1989 2135 juridice
2027 2064 2222 2134 incipis

653 2159 892 2227 linguam
925 2171 1162 2212 movere.
1210 2156 1400 2211 Scribe
1437 2166 1614 2211 tamen
1660 2154 2021 2221 solummodo,
2049 2164 2103 2210 et
2132 2171 2224 2211 ac—

646 2248 948 2303 cusatiouis
975 2249 1225 2318 querelas
1254 2247 1577 2303 subibintus.

1209 2422 1395 2479 XCVI.
1435 2421 1693 2477 JOANNI.

730 2518 962 2587 Sapiens
1007 2525 1157 2572 certe
1210 2523 1330 2570 erat
1378 2515 1465 2583 qui
1518 2514 1621 2567 hoc
1670 2513 1854 2567 dixit:
1892 2512 2227 2584 Sapientem.

657 2610 871 2665 etiamsi
931 2608 1117 2676 procul
1174 2622 1203 2659 α
1266 2615 1410 2660 terra
1462 2604 1688 2670 habitet,
1727 2605 1939 2659 etiamsi
1994 2607 2228 2659 nondum

662 2715 785 2755 eum
818 2698 991 2754 oculis
1024 2698 1272 2763 viderim,
1322 2696 1555 2750 amicum
1597 2696 1802 2763 judico.
1837 2694 1983 2750 Talis
2014 2697 2232 2763 quidem

666 2806 755 2845 me
796 2790 994 2844 invasit
1042 2804 1253 2853 sensus,
1286 2795 1431 2844 tuam
1481 2787 1696 2855 quidem
1743 2788 1932 2841 facient
1979 2789 2233 2855 ignoran-

670 2892 816 2943 tem.
870 2895 1056 2934 amore
1107 2889 1287 2933 tamen
1342 2892 1458 2931 eam
1506 2879 1643 2932 miro
1700 2881 1856 2933 modo
1908 2879 2233 2948 amplexum.

669 2970 779 3025 Sed
812 2970 968 3025 fama:
1005 2970 1210 3041 gratias
1245 2984 1368 3037 ego,
1405 2985 1504 3040 per
1536 2985 1696 3037 quant
1731 2980 1783 3023 et
1814 2971 2072 3024 distantia
2109 2985 2240 3024 con-

2323 1891 2603 1961 ήμετέραν
2631 1891 2803 1959 ἀκοὴν
2824 1886 3297 1956 καταπλήττοντες
3315 1902 3331 1919 ο
3348 1888 3399 1940 εί
3419 1886 3487 1938 τά
3510 1884 3735 1939 τοιαῦτα
3772 1883 3911 1953 γρά-

2318 1987 2526 2055 ψαντος
2555 1983 2916 2052 ὲσιγήσαμεν,
2935 1980 3045 2035 τότ’
3077 1981 3142 2034 ἂν
3171 1978 3398 2039 εἰκότως
3423 1975 3763 2045 ὑπεκείμεθα
3795 1976 3914 2036 τοῖς

2328 2076 2669 2144 ἐγκλήμασι·
2696 2073 2817 2125 νυνὶ
2841 2072 2898 2125 δὲ
2939 2071 3225 2139 σιωπήσας
3249 2070 3345 2122 καὶ
3378 2068 3468 2121 τὸν
3498 2066 3605 2120 τῶν
3634 2066 3915 2119 πλεόντων

2329 2165 2493 2234 νόμον
2524 2162 2815 2233 ὑπεριδὼν,
2891 2160 2953 2227 ἐξ
3016 2161 3151 2232 ἐμοῦ
3220 2160 3321 2228 τῆς
3353 2158 3547 2228 τέχνης
3579 2157 3721 2226 ἄρχῃ
3759 2156 3919 2208 δικα-

2331 2258 2497 2321 νικῶς
2543 2257 2643 2327 τὴν
2706 2255 2953 2322 γλῶτταν
3001 2251 3168 2306 κινῶν
3191 2266 3205 2281 ⁶
3245 2249 3385 2319 πλὴν
3416 2247 3695 2301 ἐπίστελλε
3728 2247 3919 2317 μόνον,

2332 2349 2439 2402 κᾶν
2468 2345 2789 2417 ἐγκλήματα
2822 2345 3041 2413 γραφῆς
3076 2341 3417 2407 ὑποίσωμεν.

2888 2432 3032 2501 ις’.
3074 2430 3365 2500 ΙΩΛΝΝῌ.

2409 2529 2578 2599 Σοφδς
2607 2522 2675 2600 ἦν
2701 2528 2873 2590 ὅντως
2904 2528 2934 2579 ό
2962 2524 3135 2579 ταῦτα
3182 2522 3355 2593 δήπου
3407 2520 3801 2590 φθεγξάμενος,
3841 2518 3929 2580 ὡς

2338 2622 2447 2694 ἄρα
2485 2622 2575 2674 τὸν
2602 2619 2785 2688 σοφὸν,
2845 2619 2951 2671 κᾶν
3009 2618 3142 2679 ἑκὰς
3175 2615 3301 2685 ναῐῃ
3340 2613 3551 2683 χθονὸς,
3590 2611 3691 2666 κᾶν
3722 2614 3931 2682 μήπως

2339 2712 2519 2773 δσσοις
2543 2710 2723 2773 ἐσίδω,
2753 2708 2924 2778 κρίνω
2980 2708 3135 2777 φίλον
3154 2720 3170 2738 ο
3207 2704 3450 2759 τοιοῦτόν
3480 2704 3532 2756 τί
3560 2722 3625 2773 με
3654 2702 3848 2766 πάθος,
3879 2696 3932 2755 ὧ

2341 2802 2537 2873 λῷστε,
2571 2800 2865 2871 κατείληφε
2895 2799 2994 2869 τὴν
3045 2799 3143 2869 μὲν
3170 2797 3299 2850 θέαν
3328 2795 3626 2864 ἀγνοοῦντα
3663 2796 3760 2864 τὴν
3801 2793 3932 2863 σὴν,

2343 2893 2419 2966 τῷ
2444 2894 2500 2947 δέ
2528 2893 2677 2963 πόθῳ
2697 2892 2884 2955 δεινῶς
2910 2890 3274 2960 κατεχόμενον
3294 2906 3308 2921 ·
3360 2888 3475 2941 ἀλλ’
3512 2882 3569 2939 εὖ
3606 2903 3667 2955 γε
3692 2887 3793 2955 τῆς
3822 2888 3939 2955 φή-

2350 3000 2456 3053 μης
2515 2982 2584 3034 δι’
2636 2982 2703 3052 ἠν
2765 2981 2859 3033 καὶ
2905 2980 2975 3032 τά
3026 2978 3291 3032 διεστῶτα
3344 2978 3696 3037 συνάπτεται,
3730 2977 3823 3027 καὶ
3854 2975 3941 3027 τὰ

665 3065 987 3136 junguntur,
1011 3073 1061 3116 et
1093 3077 1213 3131 quae
1238 3062 1395 3130 longe
1432 3072 1558 3115 sunt
1588 3062 1872 3130 praesentia
1908 3077 2027 3117 esse
2055 3062 2239 3117 viden-

2350 3076 2539 3147 πόρρω
2565 3091 2658 3127 ποι
2689 3077 2947 3145 παρεῖναι
2989 3072 3169 3125 δοκεῖ·
3203 3070 3377 3141 ταύτῃ
3406 3070 3516 3141 γάρ
3549 3071 3697 3139 ἡμᾶς
3728 3068 3939 3121 πολλά-

673 3162 785 3206 tur.
830 3150 937 3206 Per
976 3152 1115 3205 hanc
1155 3150 1299 3204 enim
1343 3163 1438 3203 vos
1478 3148 1775 3217 saepissime
1819 3148 2053 3209 intuens,
2081 3156 2130 3200 et
2168 3146 2241 3199 tui

2349 3181 2435 3227 κις
2466 3146 2621 3225 ίδὼν,
2651 3162 2745 3216 καὶ
2767 3162 2863 3232 τῆς
2886 3161 3014 3232 περὶ
3045 3162 3112 3213 τὰ
3140 3160 3375 3230 κρείττω
3400 3160 3676 3229 μακαρίας
3692 3158 3943 3227 σπουδῆς

675 3240 742 3294 ad
787 3241 987 3307 Optima
1032 3240 1180 3293 beati
1219 3238 1429 3292 ardoris
1465 3238 1577 3291 sola
1613 3235 1940 3306 cogitatione
1986 3234 2243 3299 suffusus,

2346 3254 2526 3322 γυμνῇ
2575 3253 2642 3320 τῇ
2687 3251 2899 3320 διανοίᾳ
2954 3249 3295 3319 περιχυθεὶς,
3340 3249 3437 3303 καὶ
3483 3249 3759 3318 ἀσωμάτῳ
3807 3264 3945 3299 συν-

676 3330 883 3396 tibique
936 3329 1259 3397 incorporeo
1308 3340 1493 3380 amore
1544 3326 1884 3396 coniunctus,
1934 3341 2039 3379 non
2095 3324 2248 3379 valde

2348 3341 2657 3411 απτόμενος
2686 3338 2872 3408 ἔρωτι,
2913 3341 3066 3392 οὐδέν
3120 3357 3171 3392 τι
3225 3340 3346 3394 λίαν
3403 3339 3733 3409 σωματικῶν
3760 3355 3946 3408 προσ.

678 3433 940 3486 corporea
1017 3420 1205 3473 notitia
1267 3418 1503 3485 indigeo.
1560 3415 1664 3471 Sed
1735 3426 1878 3470 tuam
1965 3415 2247 3487 epistolam

2349 3432 2539 3500 δέομαι
2573 3431 2973 3502 γνωρισμάτων
2996 3446 3009 3459 ·
3077 3430 3213 3484 ἀλλά
3250 3431 3344 3483 καὶ
3382 3432 3482 3499 τὴν
3508 3430 3782 3500 ὑμετέραν
3815 3432 3947 3483 ἐπι-

677 3525 745 3563 ex
785 3508 1077 3562 Alexandri
1114 3510 1245 3562 urbe
1280 3508 1499 3571 missam
1537 3508 1809 3575 accipiens
1851 3507 2076 3575 teipstnn
2122 3520 2249 3575 pose

681 3599 859 3651 sidere
902 3598 1031 3652 mihi
1071 3598 1316 3652 videbar.
1366 3597 1642 3650 Sermonis
1677 3598 1820 3649 enim
1858 3597 1929 3649 tui
1968 3610 2169 3660 mores,
2198 3604 2253 3649 et

684 3698 862 3743 metus
894 3690 985 3744 ille
1023 3704 1090 3743 ne
1123 3705 1228 3743 non
1261 3689 1427 3743 facias
1462 3704 1548 3742 res
1581 3688 1830 3743 cmlestes
1873 3697 1974 3741 ture
2008 3703 2133 3757 erga
2167 3702 2254 3742 me

686 3780 937 3832 amicitia:
994 3780 1395 3841 testimonium,
1457 3778 1846 3847 praecedentem
1902 3791 2009 3829 non
2065 3779 2256 3831 minuit

609 3890 614 3896 ·
684 3872 904 3934 famam,
939 3869 1029 3924 sed
1062 3879 1112 3923 te
1145 3871 1363 3923 exhibet
1396 3868 1606 3936 qualem
1650 3876 1700 3920 te
1742 3868 1926 3921 videre
1986 3866 2152 3923 volui.
2192 3867 2258 3923 Et

686 3964 803 4017 haec
836 3963 973 4032 agis,
1007 3962 1297 4017 tribunalia
1329 3961 1678 4027 frequentans
1710 3974 1776 4013 ex
1802 3968 1905 4014 tua:
1931 3960 2068 4013 artis
2098 3961 2214 4029 lege
2241 3976 2257 4025 ;

687 4063 743 4108 et
771 4056 821 4109 in
858 4062 1004 4108 tanta
1051 4070 1230 4108 rerum
1274 4054 1538 4108 ebrietate
1584 4054 1797 4107 sobrius
1833 4067 1954 4106 esse
1988 4059 2159 4121 potes.
2197 4050 2261 4104 Et

689 4146 763 4199 ita
792 4145 858 4198 ad
892 4146 1053 4200 finem
1083 4146 1263 4198 omnia
1289 4144 1615 4213 pertingant,
1647 4154 1703 4198 ut
1730 4141 1969 4197 futurum
2005 4142 2259 4209 sperasti.

693 4236 743 4291 Is
782 4237 926 4290 enim
965 4235 1301 4303 sapientibus
1341 4236 1483 4301 finis,
1520 4237 1587 4290 ad
1627 4235 1900 4304 propriam
1943 4234 2261 4303 dignitatem

2352 3521 2548 3591 στολὴν
2576 3523 2639 3574 ἐκ
2661 3522 2759 3591 τῆς
2796 3522 3147 3593 Ἀλεξάνδρου
3202 3523 3546 3592 πεμφθεῖσαν
3590 3522 3793 3588 λαϐὼν,
3835 3524 3948 3576 αὗ-

2352 3612 2479 3675 τοὺς
2503 3612 2645 3681 ὑμᾶς
2674 3612 2816 3681 ἔχειν
2848 3613 3066 3665 ἐδόκουν
3096 3630 3111 3644 ·
3168 3613 3227 3665 τὸ
3287 3612 3395 3683 γὰρ
3431 3613 3539 3666 τῶν
3564 3613 3738 3680 λόγων
3773 3609 3946 3683 ἦθος,

2356 3705 2451 3759 καὶ
2494 3705 2555 3757 τὸ
2609 3705 2780 3757 δεινὸν
2833 3707 3040 3775 κρίνειν
3087 3706 3148 3758 τὸ
3181 3705 3348 3775 μὴτὰ
3380 3704 3499 3758 θεῖα
3540 3706 3813 3759 ποιεῖσθαι
3838 3705 3949 3774 τῆς

2358 3796 2497 3865 πρὸς
2521 3795 2622 3865 ἐμὲ
2655 3795 2838 3863 φιλίας
2894 3797 3218 3866 τεκμήριον,
3273 3798 3374 3866 τὴν
3431 3797 3812 3866 προλαϐοῦσαν
3839 3799 3950 3848 οὐκ

2358 3886 2553 3956 ἣλεγξε
2584 3887 2797 3956 φήμην,
2822 3887 2937 3939 ἀλλ’
2957 3886 3126 3952 ἔδειξε
3144 3889 3388 3941 τοιοῦτον
3410 3890 3593 3943 ὁποῖον
3615 3889 3742 3941 ἰδεῖν
3770 3906 3944 3957 προσ-

2362 3978 2631 4047 εδόκησα’
2668 3978 2763 4031 καὶ
2821 3978 2994 4031 ταῦτα
3036 3979 3411 4050 δικαστηρίοις
3456 3979 3746 4049 ὁμιλοῦντα
3791 3980 3954 4049 νόμῳ

2362 4070 2462 4137 τῆς
2490 4069 2716 4137 τέχνης·
2748 4068 2852 4122 κᾶν
2885 4072 2951 4141 τῇ
2988 4070 3125 4136 μέθῃ
3146 4070 3254 4123 τῶν
3277 4070 3622 4140 πραγμάτων
3646 4074 3956 4140 ἀνανήφειν

2365 4157 2510 4211 οὑτω
2538 4158 2837 4228 δυνάμενον
2857 4174 2872 4188 °
2902 4158 3151 4212 ἀλλὰκαὶ
3194 4159 3331 4230 πρὸς
3369 4160 3543 4228 πέρας
3572 4160 3714 4213 ἔλθοι
3746 4160 3825 4223 ὡς
3855 4179 3956 4213 τυο

2367 4250 2482 4317 χεῖν
2511 4248 2923 4316 προσεδόκησας
2940 4265 2955 4280 ⁸
2975 4248 3134 4301 τοῦτο
3158 4249 3266 4318 γὰρ
3284 4252 3393 4312 τοῖς
3415 4250 3734 4320 εὑφρονοῦσι
3766 4249 3955 4317 τέλος,

692 4326 920 4382 reditus.
949 4326 1175 4382 Difﬁcile
1204 4328 1346 4381 enim
1377 4336 1460 4381 est
1492 4343 1588 4382 uos
1617 4337 1673 4381 et
1701 4341 1819 4381 eam
1857 4341 1975 4394 qua:
2018 4326 2071 4379 itt
2109 4325 2258 4380 nobis

2368 4338 2401 4404 ὴ
2438 4338 2573 4402 πρὸς
2598 4337 2695 4406 τὴν
2727 4338 2959 4392 ὀἰκείαν
2984 4339 3160 4409 ἀρχὴν
3205 4339 3554 4410 ἀναχώρησις
3582 4357 3597 4372 ο
3636 4341 3811 4394 δεινὸν
3838 4343 3959 4410 γὰρ

693 4426 777 4471 est
808 4417 1206 4473 multitudinem
1243 4418 1542 4483 dimittere,
1571 4427 1627 4473 et
1669 4433 1737 4472 eo
1780 4418 1956 4473 redire
1996 4418 2139 4472 unde
2179 4415 2258 4471 ef-

2368 4424 2458 4477 τδν
2492 4426 2547 4477 ἐν
2570 4426 2700 4494 ἡμῖν
2718 4426 2887 4495 δῆμον
2908 4428 3168 4495 ἀφέντας,
3187 4429 3323 4499 πρὸς
3346 4429 3407 4481 τὸ
3426 4429 3739 4484 ἐπανελθεῖν
3765 4431 3959 4494 καλῶς

694 4506 969 4563 ﬂuximus.

1172 4596 1379 4652 XCVII.
1423 4596 1775 4653 SOSSIANO.

770 4688 870 4742 Vir
918 4689 1134 4757 quidam
1190 4689 1468 4758 piissimus
1515 4704 1612 4743 nos
1662 4690 1795 4743 adiit
1840 4690 2008 4744 multa
2054 4693 2122 4746 ab
2170 4692 2272 4746 im-

697 4778 870 4846 probo
915 4777 1082 4831 fratre
1131 4792 1439 4847 perpessus,
1470 4780 1790 4833 sententiam
1835 4789 2017 4834 autem
2063 4796 2268 4849 aequam

700 4872 923 4935 ducens,
960 4870 1008 4924 si
1059 4871 1147 4922 vix
1193 4884 1255 4923 ea
1301 4869 1548 4924 obtinere
1589 4872 1758 4939 possit
1798 4872 1992 4940 quibus
2034 4873 2273 4941 privatus

702 4959 824 5015 fuit.
856 4960 1011 5015 Unde
1056 4976 1152 5028 per
1187 4976 1273 5015 me
1305 4961 1370 5015 ad
1403 4972 1634 5014 vestram
1670 4961 1914 5031 confugit
1948 4964 2268 5031 potentiam,

703 5065 824 5120 qua:
852 5052 989 5120 apud
1017 5050 1252 5119 iudicem
1283 5053 1481 5117 valeat,
1515 5062 1570 5105 et
1600 5051 1675 5105 illi
1718 5053 1770 5104 itt
1811 5054 1977 5105 multa
2012 5055 2275 5123 pollentes

704 5139 762 5194 in
795 5138 1052 5193 auxilium
1085 5140 1376 5194 conciliare
1418 5139 1610 5209 possit,
1643 5149 1696 5192 et
1738 5140 2009 5208 impensas
2058 5157 2176 5209 qua:
2211 5156 2276 5196 eo

702 5228 907 5299 judicio
953 5230 1222 5294 oriuntur,
1268 5232 1582 5300 praecidere.
1633 5230 1731 5283 Vix
1773 5231 1917 5284 enim
1958 5248 2024 5285 ex
2072 5247 2278 5288 nterce-

710 5324 867 5377 dibus
898 5322 999 5377 sibi
1033 5322 1099 5376 ad
1134 5324 1405 5389 proprium
1442 5325 1620 5378 cibum
1662 5324 1878 5379 sufﬁcit.
1914 5324 2019 5378 Sed
2066 5333 2118 5379 et
2160 5325 2278 5378 sine

712 5426 862 5465 ntora
891 5411 966 5464 illi
996 5413 1314 5466 sententiam
1352 5412 1500 5465 reddi
1532 5425 1740 5477 curate;
1792 5429 1956 5467 uuunt
1986 5415 2130 5467 enim
2160 5423 2279 5468 orat

715 5500 1087 5555 adversarium
1126 5501 1478 5571 jurejurando
1514 5501 1811 5556 dissolvere
1845 5505 1910 5557 de
1949 5504 2114 5558 illatis
2145 5519 2279 5572 que-

716 5590 875 5644 relas.
920 5590 1052 5645 lIuic
1091 5592 1274 5646 multa:
1310 5605 1508 5646 nostra:
1547 5594 1894 5647 sollicitudini
1936 5603 1990 5646 et
2022 5593 2280 5646 amantis-

714 5679 905 5734 simam
946 5682 1177 5750 liuguant
1208 5692 1256 5735 et
1296 5697 1393 5750 pro
1425 5682 1546 5750 jure
1579 5684 1745 5738 libero
1787 5685 1987 5751 impetu
2026 5686 2278 5739 liuentem

2370 4516 2428 4582 ἐξ
2458 4512 2519 4570 οῦ
2557 4516 2745 4581 καλῶς
2769 4519 3215 4590 ἀπερῤεύσαμεν.

2914 4614 3026 4679 t,Z'.
3058 4612 3408 4684 ΣΟΣΣΙΑΝῼ.

2457 4697 2515 4749 Ὀ
2580 4697 2997 4763 θεοσεϐέστατος
3047 4705 3076 4754 ό
3129 4702 3275 4755 δεῖνα
3325 4703 3550 4771 ἀφίκετο
3609 4703 3749 4772 πρὸς
3802 4705 3961 4773 ἡμᾶς

2375 4787 2604 4842 πλεῖστα
2635 4792 2733 4859 μὲν
2776 4792 2833 4856 ἐξ
2863 4792 3090 4860 ἀδελφοῦ
3146 4796 3514 4864 πονηροτάτου
3547 4793 3752 4855 παθὼν,
3795 4795 3961 4865 δίκην

2374 4879 2429 4932 δὲ
2463 4880 2688 4950 μετρίαν
2742 4881 3047 4951 ἡγούμενος
3078 4885 3126 4935 εἰ
3158 4887 3342 4953 τυχεῖν
3394 4885 3646 4954 δυνηθείη
3684 4885 3839 4954 μόλις
3876 4880 3961 4938 ὧν

2376 4970 2782 5041 ἀπεστέρηταιο
2845 4973 2967 5040 ὅθεν
3022 4974 3087 5026 δι’
3144 4974 3280 5042 ἐμοῦ
3336 4976 3474 5047 πρὸς
3519 4977 3617 5046 τὴν
3679 4977 3963 5046 ὑμετέραν

2376 5061 2709 5128 καταφεύγει
2758 5064 2929 5133 ῥοπὴν
2982 5067 3079 5117 καὶ
3134 5066 3395 5134 συστῆναι
3428 5067 3733 5135 δυναμένην
3764 5066 3845 5135 τῷ
3878 5067 3965 5119 δι-

2378 5154 2575 5221 καστῇ,
2604 5154 2697 5204 καὶ
2748 5153 2875 5216 τοὺς
2920 5155 3061 5223 μέγα
3094 5155 3425 5225 δυναμένους
3466 5155 3603 5218 πρὸς
3636 5156 3965 5224 συμμαχίαν

2379 5242 2527 5311 αὑτῷ
2574 5247 2900 5313 παρασχεῖν,
2945 5245 3040 5298 καὶ
3074 5246 3172 5309 τάς
3202 5248 3266 5299 ἐκ
3294 5246 3389 5299 τοῦ
3419 5246 3771 5316 δικαστηρίου
3801 5264 3966 5315 περι-

2381 5328 2543 5397 κόψαι
2569 5331 2814 5395 δαπάνας
2841 5347 2856 5364 ο
2893 5332 3047 5401 μόλις
3094 5333 3206 5403 γάρ
3260 5332 3319 5398 ἐξ
3380 5335 3589 5403 ἐράνων
3630 5335 3792 5402 ἀρκεῖ
3821 5336 3964 5404 πρὸς

2379 5419 2477 5488 τὴν
2506 5420 2641 5472 ἰδίαν
2670 5423 2878 5491 τροφήν
2898 5438 2910 5451 ’
2936 5422 3072 5475 ἀλλὰ
3118 5424 3213 5477 καὶ
3243 5422 3506 5491 σύντομον
3537 5423 3685 5492 αὑτῷ
3713 5424 3813 5493 τὴν
3850 5425 3966 5494 ψῆ-

2383 5528 2482 5579 φον
2516 5511 2803 5580 ἐνεχθῆναι
2836 5516 3296 5582 παρασκευάσατε
3316 5530 3331 5545 ο
3362 5515 3511 5568 ἁπλᾶ
3539 5514 3649 5585 γὰρ
3671 5516 3833 5577 αἰτεῖ,
3864 5516 3963 5567 τὸν

2381 5598 2648 5653 ἀντίδικον
2673 5602 2823 5673 ὅρκῳ
2871 5603 3143 5669 διαλῦσαι,
3197 5606 3265 5658 τὰ
3304 5607 3433 5675 περὶ
3461 5605 3567 5658 τῶν
3597 5605 3962 5674 ἐπαγομένων

2383 5691 2704 5761 ἐγκλήματα
2724 5710 2737 5723 ·
2767 5694 2903 5765 πρὸς
2932 5696 3138 5767 ταύτην
3172 5696 3271 5766 τὴν
3306 5695 3509 5767 πολλὴν
3534 5694 3690 5767 ὑμῶν
3719 5694 3965 5768 σπουδὴν
