4248 6428
305 393 444 459 2792
459 402 485 435 ⁸

1787 391 2188 452 ΕΡΙδΤΟΙ..Ἐ.

3358 386 3497 449 2792
3521 375 3548 422 δ

308 509 401 559 καὶ
430 503 792 574 χαριεστάτην
818 500 1069 568 γλῶσσαν
1105 499 1196 552 καὶ
1245 497 1476 568 ῥέουσαν
1509 497 1602 548 ἐπὶ
1644 496 1874 557 δικαίοις
1906 501 1949 554 Α
1980 515 1985 545 :

1871 501 1949 554 ςΑ
1980 496 2044 547 nd
2093 495 2363 548 ειιίιίυἰιειιε
2410 496 2668 548 auxilium
2719 510 2814 565 pro
2848 495 3026 565 aliquo
3071 493 3290 563 praunio
3334 493 3548 560 adiice;

308 596 573 664 ἀκωλύτῳ
618 595 761 664 φορᾷ
789 592 926 663 πρὸς
956 589 1271 659 συμμαχίαν
1310 587 1521 657 ἱκανὴν,
1545 586 1659 638 ἀντ’
1682 586 1876 655 ἐράνου
1979 603 1985 633 ι

1979 592 2032 636 et
2066 582 2173 638 Deo
2197 583 2418 638 charam
2447 593 2500 638 et
2549 587 2827 640 orantibus
2877 586 3168 654 gratiosam
3207 591 3262 636 et
3306 583 3553 650 indigen-

310 689 457 749 τινος
489 686 837 751 είσενέγκατε
873 699 886 714 ·
948 682 1066 750 Θεῷ
1107 698 1165 733 τε
1207 681 1368 749 φίλην
1399 679 1632 739 καὶτοῖς
1666 675 1875 729 αἰτοῦσι
1982 683 1987 727 l

873 699 886 714 ·
948 682 1066 750 Θεῷ
1107 698 1165 733 τε
1207 681 1368 749 φίλην
1399 679 1632 739 καὶτοῖς
1666 675 1875 729 αἰτοῦσι
1982 675 2122 728 lihtts
2155 674 2531 744 opitulantem.

312 777 719 849 κεχαρισμένην
751 774 845 828 καὶ
871 774 984 835 τοῖς
1021 771 1299 841 δεομένοις
1335 768 1633 841 ἀρκοῦσαν.

864 865 990 933 ur.
1043 863 1326 932 ΙΩΑΝΝῌ.

399 963 457 1016 Ὀ
478 962 576 1031 τὴν
605 960 884 1030 παροῦσαν
926 956 1212 1023 ἐπιστολὴν
1255 952 1593 1023 ἐπαγόμενος
1645 948 1782 1018 ἀνὴρ
1806 945 1881 999 ὣν

315 1055 540 1124 ἀγαθὸς,
563 1053 622 1117 ἐξ
655 1050 865 1113 ἀδικίας
909 1044 1140 1115 ἀδελφοῦ
1171 1044 1269 1114 τὴν
1317 1043 1552 1114 ἀπορίαν
1603 1039 1878 1124 ὀδύρεται·

2497 852 2724 909 XCVIII.
2765 853 3024 909 JOANM.

2051 945 2152 1011 Qui
2206 956 2524 1016 prmsentcm
2582 948 2861 1014 epistolam
2919 945 3155 1015 perfert,
3205 948 3287 1000 vir
3333 947 3551 1013 probus,

1980 1049 2046 1091 ex
2092 1036 2355 1105 iniustitia
2406 1036 2591 1090 fratris
2633 1037 2867 1107 inpiam
2911 1038 3254 1092 lamentatur.
3298 1036 3450 1092 Unde
3488 1039 3553 1090 ad

315 1123 440 1202 ὅθεν
467 1142 878 1213 καταλαμϐάνει
916 1139 1014 1210 τὴν
1050 1138 1348 1206 Καίσαρος,
1377 1135 1442 1188 ἄν
1470 1150 1575 1204 περ
1599 1127 1712 1192 οἷός
1737 1146 1792 1182 τε
1814 1123 1882 1198 ἦν
1979 1128 1992 1197 j

1880 1149 1882 1162 ι
1979 1128 2244 1197 justitiam
2297 1129 2526 1185 Caesaris
2583 1129 2856 1198 confugit,
2910 1131 2954 1184 si
3005 1131 3107 1188 hoc
3161 1132 3321 1186 modo
3377 1131 3557 1184 debita

316 1238 384 1291 τά
443 1233 788 1304 προσήκοντα
841 1228 1234 1298 κομιούμενος·
1267 1223 1404 1278 ἀλλά
1446 1220 1727 1274 συλλαϐεῖν
1754 1235 1883 1271 κατε

317 1328 571 1393 αξίωσον,
606 1323 732 1385 τοὺς
769 1321 897 1388 παρ’
945 1320 1073 1387 ὑμῖν
1119 1315 1381 1376 δυνατοὺς
1435 1314 1514 1376 είς
1566 1308 1885 1378 συμμαχίαν

319 1417 468 1488 αὑτῷ
517 1412 950 1484 παρασκευάζων
1001 1407 1315 1478 ἀρκοῦσανο
1389 1405 1516 1473 μίαν
1583 1401 1692 1470 γὰρ
1772 1400 1925 1468 ἔχει⁴

319 1505 672 1578 παραμυθίας
713 1501 923 1560 ἐλπίδα,
968 1498 1067 1566 τῆς
1117 1499 1180 1550 ἐκ
1204 1495 1312 1548 τῶν
1343 1493 1524 1562 νόμων
1565 1491 1884 1557 ἐπικουρίας

317 1601 526 1668 τυχεῖν,
556 1591 624 1665 ἦς
647 1594 898 1646 πλεῖστον
918 1591 1057 1657 ἄγαν
1089 1587 1452 1656 ἐπεστέρηται
1479 1585 1687 1653 χρόνον,
1719 1598 1886 1648 πονηο

323 1692 545 1762 ρότατον
566 1689 705 1757 ἐχων
743 1684 834 1737 τὸν
863 1682 1110 1749 ἀδελφὸν,
1145 1680 1240 1732 καὶ
1266 1679 1585 1745 καινοτέρας
1613 1672 1887 1732 διαλύσεις

320 1791 408 1842 ἀεὶ
434 1782 824 1854 μηχανώμενον
846 1795 859 1810 ·
887 1779 1009 1831 ὅθεν
1057 1776 1205 1845 αὐτῷ
1232 1775 1330 1846 τὴν
1361 1773 1598 1843 ἀπορίαν
1627 1783 1888 1840 παραμυ-

321 1874 583 1946 θήσασθε,
611 1874 710 1934 τὰς
743 1870 852 1924 τῶν
876 1868 1244 1938 δικαστηρίων
1285 1865 1532 1927 δαπάνας
1556 1862 1631 1926 ώς
1663 1860 1891 1915 δυνατὸν

323 1985 389 2019 πε
397 1965 760 2038 ρικόπτοντες.

727 2049 843 2118 ιβ’.
884 2047 1164 2118 «bl/illm!)
1198 2044 1486 2115 ΑΔΕΛΦῼ.

394 2145 498 2197 Τὸν
548 2141 754 2212 ταύτην
787 2141 915 2211 ὑμῖν
977 2137 1272 2210 κομίζοντα
1317 2135 1417 2206 τὴν
1455 2131 1747 2201 ἐπιστολὴν
1805 2129 1898 2184 καί⁵

323 2236 498 2296 ἄλλως
521 2233 620 2302 μὲν
645 2231 897 2295 ἐπόθουν,
927 2229 1025 2298 οὐχ
1053 2229 1254 2298 ἣκιστα
1287 2226 1344 2279 δὲ
1381 2226 1462 2278 ὅτι
1491 2240 1597 2294 περ
1626 2222 1778 2292 ὑμῶν
1811 2221 1895 2272 ἐπ’

323 2326 546 2393 ἀγαθοῖς
595 2323 681 2376 ἀεὶ
717 2320 1093 2391 μεμνημένοςο
1125 2317 1275 2380 τέλος
1327 2315 1419 2369 καὶ
1461 2315 1557 2383 τῆς
1582 2313 1719 2381 πρὸς
1753 2312 1897 2380 ύμᾶς

321 2415 614 2482 ἐπιστολῆς
645 2413 767 2480 ἐμοὶ
805 2411 1028 2478 γέγονεν
1056 2408 1247 2471 αίτιος,
1295 2406 1464 2459 δεινὸν
1501 2400 1641 2456 εἶναι
1675 2403 1898 2471 φάσκων

325 2511 372 2559 εἰ
401 2507 506 2558 τῶν
536 2503 595 2567 ἐξ
628 2501 761 2573 ἐμοῦ
791 2488 1134 2572 γραμμάτων
1160 2498 1362 2568 ἔρημος
1386 2497 1514 2565 ὑμῖν
1537 2494 1895 2562 ἐπιφαίνοιτο.

327 2598 400 2649 Σὺ
426 2595 482 2647 δέ
507 2594 636 2659 γοῦν
670 2593 797 2662 μίαν
821 2593 949 2660 ἡμῖν
975 2588 1259 2650 ἀντεπίθες
1281 2584 1584 2654 ἐπιστολὴν,
1615 2583 1708 2636 καὶ
1740 2582 1899 2634 λύσον

325 2690 436 2739 ἔτει
465 2686 699 2754 πέμπτῳ
727 2682 863 2752 μετά
896 2681 1004 2733 τῶν
1037 2676 1392 2746 Πυθαγορίων
1419 2674 1517 2742 τὴν
1545 2673 1758 2742 σιωπήν
1781 2688 1792 2699 ·
1825 2671 1898 2734 ὼς

324 2777 488 2844 ἡμεῖς
531 2775 625 2826 καί
659 2771 917 2839 Δωδώνης
949 2768 1196 2839 χαλκεῖον
1237 2764 1561 2832 γεγόναμεν,
1593 2760 1810 2831 κινῆσαί
1841 2776 1899 2810 σε

327 2885 367 2919 π
374 2866 464 2937 ρδς
498 2865 688 2932 λόγους
716 2861 1048 2932 βουλόμενοι.

905 2948 982 3000 P'.
1025 2944 1335 3012 ΕΥΑΓΡΙῼ.

413 3043 499 3106 Ὠς
532 3039 823 3102 ποθοῦντος
846 3037 987 3105 ἀγαν
1016 3037 1065 3089 οί
1096 3036 1264 3102 λόγοι,
1295 3033 1388 3086 καὶ
1417 3033 1482 3101 τῇ
1515 3029 1654 3082 κατὰ
1682 3026 1899 3080 πάντων

1990 1219 2161 1286 possit
2218 1234 2559 1287 recuperare.
2602 1220 2705 1274 Sed
2759 1220 2829 1274 illi
2891 1222 3140 1288 opitulari
3191 1222 3449 1288 dignare,
3503 1221 3556 1272 in

1987 1309 2245 1362 auxilium
2288 1310 2360 1362 illi
2416 1310 2683 1366 suﬂicieus
2737 1327 2934 1380 parans
2979 1327 3074 1368 eos
3125 1316 3216 1382 qui
3272 1313 3410 1381 apud
3465 1327 3560 1364 vos

1991 1410 2239 1466 potentes
2296 1410 2440 1455 sunt.
2501 1399 2672 1456 Unam
2730 1403 2872 1456 enim
2935 1402 3093 1458 habet
3153 1418 3302 1472 spem
3360 1402 3558 1465 solatii,

1991 1505 2180 1560 nempe
2227 1505 2284 1546 se
2335 1491 2509 1560 legum
2557 1492 2966 1561 opitulationem
3017 1495 3402 1555 obtenturum,
3454 1507 3561 1560 qua

1991 1583 2171 1635 tandiu
2222 1584 2470 1650 privatus
2519 1594 2632 1645 est.
2683 1585 3139 1651 improbissimum
3196 1586 3418 1637 fratrem
3469 1585 3566 1636 ha-

1989 1673 2144 1737 bcns,
2178 1674 2267 1742 qui
2300 1673 2542 1742 quotidie
2569 1689 2704 1728 nova
2743 1675 2943 1731 foedera
2983 1677 3342 1732 machinatur.
3379 1675 3566 1744 Itaque

1995 1764 2140 1818 illius
2201 1775 2496 1835 egestatem
2557 1765 2843 1833 solemini,
2902 1767 3227 1835 iudiciorum
3292 1769 3563 1837 impensas

1996 1854 2450 1924 quamplurimum
2484 1853 2811 1910 recidentes.

2351 2029 2531 2086 XCIX.
2576 2029 2890 2087 PIIILIPPO
2929 2031 3209 2088 FRATRI.

2071 2123 2202 2177 Eum
2238 2123 2331 2193 qui
2367 2123 2518 2178 vobis
2553 2124 2691 2178 hanc
2729 2124 2931 2191 perfert
2956 2126 3240 2193 epistolam
3269 2135 3323 2180 et
3351 2125 3569 2180 aliunde

1999 2214 2215 2282 quidem
2268 2214 2451 2283 diligo,
2493 2227 2598 2268 non
2655 2215 2832 2269 minus
2883 2225 3060 2269 autem
3108 2218 3250 2285 quod
3302 2219 3466 2272 vestri
3512 2219 3564 2272 in

2000 2305 2153 2359 bonis
2193 2306 2459 2360 meminit.
2494 2304 2608 2359 Into
2639 2315 2693 2360 et
2724 2306 2881 2373 hujus
2914 2306 2979 2359 ad
3009 2321 3105 2361 vos
3132 2307 3371 2376 epistola:
3404 2321 3567 2362 causa

2000 2395 2175 2450 iactus
2214 2397 2549 2459 est,-mirunt
2591 2409 2713 2450 esse
2746 2395 3022 2461 dictitans,
3052 2396 3098 2449 si
3139 2410 3205 2449 ex
3237 2411 3323 2451 me
3361 2395 3570 2450 littera-

2001 2502 2117 2540 rum
2145 2501 2347 2541 vacuus
2379 2501 2561 2540 coram
2608 2485 2759 2540 vobis
2796 2497 3100 2555 appareret.
3131 2486 3211 2541 Tu
3250 2503 3378 2542 vero
3415 2488 3588 2541 nobis.

2003 2593 2165 2630 unam
2203 2577 2417 2631 remitte
2450 2575 2754 2644 epistolam,
2799 2587 2854 2631 et
2896 2579 3086 2646 quinto
3124 2593 3266 2633 anno
3300 2593 3421 2633 cum
3463 2579 3572 2649 Py-

2004 2667 2273 2738 thagoreis
2327 2667 2602 2721 silentium
2657 2666 2825 2721 solve.
2890 2666 2997 2722 Nos
3046 2668 3189 2722 enim
3236 2677 3292 2722 et
3335 2667 3570 2722 Dodonze

2004 2757 2233 2812 alienum
2291 2757 2419 2812 facti
2481 2768 2690 2821 sumus,
2746 2764 2799 2810 te
2853 2758 2920 2813 ad
2977 2758 3138 2813 verba
3199 2773 3418 2814 movere
3475 2775 3572 2814 vo-

2003 2849 2193 2902 lentes.

2564 2947 2624 3003 C.
2667 2943 2990 3001 EVAGRIO.

2071 3033 2208 3089 Sunt
2237 3034 2350 3089 ιιωο
2376 3037 2542 3091 verba
2589 3047 2842 3108 tanquam
2876 3036 3111 3091 hominis
3140 3036 3361 3090 nimium
3391 3049 3572 3088 aman-

327 3136 455 3204 νίκῃ
498 3127 796 3200 στεφανοῦν
840 3124 1139 3194 ἐγνωκότες
1168 3123 1238 3176 τὰ
1289 3119 1543 3173 παιδικά’
1578 3117 1653 3178 ώς
1694 3115 1803 3185 γὰρ
1838 3115 1898 3165 ἐν
1924 3155 1967 3214 c

1890 3131 1967 3214 νο
2005 3126 2092 3191 tis,
2119 3134 2174 3181 et
2217 3125 2383 3180 relata
2421 3128 2488 3182 de
2520 3130 2772 3183 omnibus
2811 3127 3036 3182 victoria
3069 3142 3294 3196 puerum
3331 3135 3567 3180 amatum

327 3229 439 3287 τοῖς
472 3225 585 3285 σοῖς
617 3221 937 3291 γράμμασιν
965 3217 1025 3271 οὐ
1057 3217 1183 3278 τοὺς
1213 3213 1308 3266 νῦν
1342 3213 1500 3280 μόνον
1522 3209 1734 3270 ἐνίκων,
1759 3205 1894 3260 ἀλλά
1930 3205 1967 3214 “”
2000 3242 2004 3265 .

1930 3205 1967 3214 ”’
2000 3232 2266 3274 coronare
2313 3218 2563 3273 volentis.
2597 3217 2652 3272 In
2696 3220 2800 3273 tuis
2839 3219 2983 3273 enim
3019 3219 3213 3274 litteris
3259 3232 3365 3272 non
3412 3215 3571 3270 modo

328 3318 422 3367 mi.
449 3316 477 3367 ὁ
505 3314 580 3383 μὴ
603 3313 762 3381 θέμις
794 3311 987 3374 είπεῐν,
1019 3307 1114 3360 καὶ
1142 3303 1492 3376 Δημοσθένης
1546 3302 1766 3370 ἥττητο,
1799 3297 1892 3350 καὶ

326 3403 654 3471 Θουκυδίδης
677 3396 787 3469 είχε
816 3399 882 3452 τὰ
908 3397 1157 3467 δεύτερα,
1183 3395 1278 3448 καὶ
1320 3394 1348 3445 ὁ
1373 3393 1576 3458 γλυκὺς
1616 3389 1894 3459 Ἡρόδοτος

330 3498 469 3572 μετὰ
489 3494 694 3546 τούτων
724 3491 976 3545 ἐτάττετο
997 3508 1011 3523 ο
1040 3489 1116 3551 ώς
1149 3485 1384 3548 τοιοῦτος
1403 3480 1470 3555 ἦν
1497 3485 1555 3536 ἐν
1585 3483 1694 3543 τοῖς
1716 3480 1893 3546 λόγοις

332 3569 613 3654 μειδιάσας
638 3581 775 3651 πρὸς
796 3579 1031 3650 ἐμαυτὸν
1066 3577 1216 3631 οὐδὲν
1243 3574 1319 3646 (I)
1347 3613 1362 3626 .
1395 3610 1411 3626 .
1452 3613 1464 3627 .
1493 3571 1606 3641 ῲην
1630 3571 1728 3639 τῆς
1760 3569 1893 3638 ἐρω-

329 3694 418 3736 τος
446 3673 762 3735 δυναστείας
802 3669 1158 3741 σφοδρότερον
1182 3683 1196 3697 ·
1247 3668 1315 3736 τῇ
1345 3665 1453 3734 γὰρ
1495 3664 1660 3732 περὶ.
1705 3699 1718 3714 .
1757 3698 1772 3715 .
1804 3675 1896 3711 τοο

329 3779 422 3831 χος
451 3764 480 3814 ὁ
506 3761 760 3829 φίλτατος
784 3756 1045 3828 γεγονὼς,
1077 3754 1312 3825 ἠγνόησέ
1349 3769 1450 3822 μου
1479 3751 1545 3804 τά
1572 3749 1894 3822 πράγματα,

331 3853 426 3906 καὶ
460 3852 765 3922 παρέχειτι
794 3848 1210 3919 παραπλήσιον
1245 3845 1434 3913 ὥσπερ
1483 3843 1551 3895 ἂν
1601 3841 1654 3893 ετ
1677 3857 1763 3903 τις
1804 3839 1896 3892 τὸν
2008 3890 2022 3904 ,
2125 3842 2150 3903 ⁸,
2265 3885 2276 3903 ,

331 3943 490 4012 φοξὸν
520 3944 651 4011 παρ’
674 3941 954 4011 Ὀμηρονο
987 3938 1082 3993 καὶ
1114 3937 1168 3990 τί
1201 3935 1312 4006 γὰρ
1345 3936 1532 4005 ἓτερον
1559 3933 1592 4001 ἢ
1632 3932 1899 4002 Θερσίτην

331 4033 483 4103 παρά
522 4033 630 4085 τῶν
665 4029 936 4100 Ἐλλήνων
973 4029 1031 4092 ἐς
1063 4029 1192 4081 θέαν
1221 4027 1465 4096 ἀπέφηνε
1493 4023 1773 4095 κρείττονα
1805 4021 1900 4075 καὶ

331 4122 497 4176 αὑτοῦ
550 4121 689 4191 τάχα
741 4119 837 4174 τοῦ
885 4119 1118 4193 Νιρέως,
1159 4117 1219 4181 ὃς
1275 4115 1558 4177 κάλλιστος
1610 4112 1748 4183 ἀνὴρ
1797 4111 1900 4165 ὑπὸ

1996 3323 2093 3363 eos
2124 3309 2214 3376 qui
2252 3317 2378 3363 tunc
2423 3310 2680 3377 temporis
2714 3309 3010 3375 exsistunt,
3045 3309 3192 3373 vici;
3221 3308 3315 3362 sed
3344 3315 3399 3362 et
3426 3307 3565 3374 quod

2002 3413 2108 3452 non
2148 3398 2227 3452 las
2255 3409 2338 3453 est
2365 3399 2566 3464 dicere,
2602 3399 2991 3455 Demosthenes
3026 3399 3143 3467 ipse
3177 3399 3351 3452 victus
3383 3409 3487 3461 est,
3517 3407 3575 3450 et

1999 3485 2341 3555 Thucydides
2376 3485 2600 3540 inferior
2641 3485 2766 3551 l'uit,
2797 3495 2851 3540 et
2884 3486 3068 3540 suavis
3104 3482 3404 3539 Ilerodotus
3446 3496 3566 3536 cum

1998 3575 2127 3645 ipsis
2159 3588 2543 3632 annumeratus
2573 3585 2678 3632 est.
2786 3614 2803 3630 .
2916 3611 2929 3630 .
3044 3615 3058 3630 .
3169 3613 3184 3630 .
3298 3610 3315 3628 .
3427 3609 3442 3627 .
3552 3607 3570 3627 .

2002 4035 2068 4091 Et
2097 4036 2223 4104 quid
2259 4032 2421 4120 aliud
2479 3981 2944 4102 Thersiten.apud
2996 3981 3213 4090 Graecos
3258 3981 3317 4085 in
3359 3981 3573 4099 specta-'-

2002 4131 2184 4186 culum
2236 4129 2406 4184 edidit
2454 4125 2732 4181 meliorem
2783 4123 2924 4179 forte
2970 4132 3027 4177 et
3075 4123 3192 4192 ipso
3239 4121 3432 4185 Nereo,
3479 4121 3571 4187 qui

335 4213 497 4263 Ἴλιον
527 4205 728 4280 mea;
758 4207 916 4279 Ἐμοὶ
958 4207 1016 4261 δέ
1042 4206 1296 4277 μέγιστος
1341 4205 1561 4267 ἔπαινος
1593 4205 1641 4256 εί
1680 4201 1900 4264 τούτους
2003 4237 2012 4291 Ι

1894 4219 1900 4260 ί
2003 4221 2400 4291 pulcherrimus
2439 4219 2506 4272 ad
2541 4217 2692 4271 Ilium
2733 4214 2918 4270 venit?
2944 4213 3073 4269 Mihi
3119 4221 3300 4268 autem
3333 4211 3571 4267 niaxima

331 4299 658 4369 ἀγνοηκέναι
705 4298 918 4369 δοκοίην
939 4338 954 4364 ,
994 4295 1089 4358 οὓς
1125 4295 1278 4367 παρὰ
1299 4311 1330 4347 σ
1355 4335 1370 4350 .
1403 4336 1417 4351 .
1449 4333 1463 4346 .
1501 4293 1863 4362 νενικήκαμεν
1883 4307 1895 4320 ·
2005 4314 2008 4365 j

1894 4310 1895 4317 “
2005 4313 2149 4378 laus,
2180 4311 2224 4366 si
2274 4311 2524 4379 ignorare
2562 4307 2779 4362 viderer
2815 4320 2908 4360 eos
2938 4318 3074 4374 quos
3113 4317 3208 4373 per
3243 4311 3293 4357 te
3322 4302 3571 4355 vicimus.

331 4391 454 4443 ὃθεν
479 4407 575 4442 σου
608 4390 895 4460 θαυμάσας
925 4389 1027 4460 τὴν
1051 4386 1285 4450 εὔνοιαν,
1311 4386 1436 4447 τοὺς
1458 4384 1647 4452 λόγους
1675 4382 1902 4451 ἀνεστή-

1899 4412 1902 4420 ’
2012 4402 2164 4458 Unde
2195 4411 2339 4456 tuam
2370 4399 2598 4453 miratus
2622 4397 3074 4462 benevolentiam,
3105 4395 3173 4450 ad
3201 4394 3361 4449 verba
3392 4407 3576 4447 amore

333 4483 435 4551 θην
462 4483 576 4544 τοῖς
599 4481 787 4550 ἔρωσι,
811 4480 955 4550 ἀμφὶ
982 4479 1074 4532 τὸν
1102 4477 1366 4531 Παιανιέα
1408 4473 1902 4543 παραιτησάμενος,
1933 4472 1984 4532 D

1898 4472 2278 4548 'Dexcitatus
2325 4504 2470 4555 sum,
2511 4486 2799 4542 Pzeaneum
2860 4487 3202 4553 interrogans
3250 4498 3378 4538 num
3426 4497 3575 4534 amor

333 4573 380 4623 εί
437 4572 600 4634 πόθος
636 4570 960 4641 ἀνθρώπους
1009 4567 1292 4623 ἀναπείθει
1336 4566 1548 4634 λέγειν,
1594 4565 1765 4618 ὁπόσα
1817 4562 1908 4614 καὶ

1900 4580 1908 4614 "
2010 4583 2324 4639 hominibus
2385 4579 2610 4636 suadeat
2660 4587 2722 4633 ut
2770 4579 2952 4632 dicant
3002 4587 3337 4646 quascunque
3391 4571 3577 4625 volunt

331 4662 513 4730 λέγειν
570 4661 850 4714 ἐθέλουσι·
910 4660 1004 4713 καὶ
1052 4659 1282 4729 μάλιστα
1328 4657 1393 4728 δὴ
1445 4656 1687 4719 τούτους,
1719 4654 1907 4707 ὁπόσοι
2007 4708 2008 4711 η

1899 4671 1907 4705 "
2007 4673 2209 4737 dicere,
2247 4670 2544 4741 praesertim
2577 4683 2703 4724 vero
2733 4668 2798 4722 iis
2829 4666 3139 4722 hominibus
3166 4666 3259 4735 qui
3298 4665 3400 4718 sibi
3444 4663 3576 4732 ipsis

331 4753 504 4819 λόγων
561 4749 947 4820 ἐναϐρύνονται
998 4749 1191 4819 ῥώμῃ·
1235 4746 1372 4800 ἀλλά
1417 4746 1554 4816 πρὸς
1604 4745 1768 4814 εὐχὴν
1814 4744 1908 4796 καὶ

1896 4749 1908 4794 ι
2009 4766 2064 4820 in
2117 4763 2402 4818 verborum
2442 4762 2490 4815 vi
2545 4759 2902 4827 eomplacent.
2958 4759 3064 4813 Sed
3118 4759 3184 4812 ad
3239 4759 3340 4812 hoc
3389 4769 3573 4809 votum

329 4842 537 4912 ταύτην
584 4843 810 4911 μετρίαν
862 4842 1250 4910 τραπήσομαι,
1301 4837 1588 4906 εὐτυχοίης
1635 4835 1829 4902 λέγων,
1862 4826 1925 4884 ὦ·

1899 4845 1925 4883 ”
2006 4868 2218 4923 aequum
2252 4859 2556 4926 convertar,
2583 4858 2796 4919 optans,
2827 4864 2860 4903 ο
2888 4849 3230 4913 charissima,
3279 4854 3339 4901 ut
3392 4846 3576 4900 vincas

332 4932 579 5000 φίλτατε,
612 4931 706 4984 καὶ
735 4930 945 4999 νικοίης
975 4930 1102 4992 τοὺς
1136 4929 1355 4998 νόμους,
1386 4926 1557 4980 ὁπόσα
1584 4927 1700 4987 τοῖς
1727 4924 1904 4992 λόγοις
2007 4947 2009 4998 ς

1457 4926 1557 4978 ύσα
1584 4927 1700 4987 τοῖς
1727 4924 1904 4992 λόγοις
2007 4945 2214 5015 legibus
2239 4924 2694 5012 quemadmodum
2728 4941 2912 4996 verbis
2941 4940 3134 4995 vicisti.

332 5023 642 5094 νενίκηκας.

915 5109 1039 5163 rw.
1086 5109 1311 5180 Nemo.
2634 5115 2717 5171 Cl.
2759 5113 2946 5170 NILO.

399 5201 580 5263 Δεινός
622 5200 731 5269 ἀρα
773 5216 857 5262 τις
897 5195 1042 5270 ἦσθα
1080 5199 1150 5253 τὰ
1196 5200 1401 5268 σμικρά
1454 5199 1668 5268 μεγάλα
1705 5203 1900 5266 ποιεῖν,
2075 5252 2076 5257 η

1898 5243 1900 5257 .
2075 5204 2287 5262 Peritos
2327 5221 2452 5264 eras
2496 5207 2563 5263 de
2608 5208 2792 5277 parvis
2838 5219 3027 5277 magna
3083 5205 3337 5269 faciendi,
3371 5212 3423 5258 et
3469 5203 3575 5256 lin-

333 5293 428 5346 καὶ
471 5279 718 5361 γλῶτταν
763 5292 979 5362 ἄμαχον
1020 5292 1079 5345 ἐν
1109 5285 1192 5354 οἷς
1239 5289 1442 5354 ἐθέλεις
1496 5292 1903 5345 ἐνδείκνυσθαι·
2003 5314 2010 5364 ι

1901 5314 1903 5319 ·
2003 5312 2160 5364 gnam
2199 5299 2474 5364 invictam,
2503 5299 2809 5368 ubicunque
2847 5299 3001 5363 velis,
3031 5297 3367 5353 ostendendi.
3420 5294 3578 5348 Tales

329 5384 620 5447 τοσούτους
659 5384 770 5454 γάρ
802 5383 1062 5446 ἐπαίνους
1104 5382 1413 5446 ἀνέπλασας
1445 5383 1567 5436 κατ’
1600 5383 1758 5453 ἐμοῦ,
1811 5384 1906 5435 καὶ
2005 5414 2006 5426 ι

1899 5400 1906 5433 ι
2005 5386 2148 5438 enim
2183 5386 2369 5440 Iaudes
2393 5387 2460 5440 de
2491 5402 2576 5440 mc
2602 5387 2851 5441 ellioxisti
2887 5397 2941 5442 et
2974 5397 3082 5441 tam
3114 5387 3344 5454 ingenue
3370 5399 3576 5435 annun-

329 5473 502 5537 οῦτως
551 5474 789 5536 εὐκόλως
845 5474 1228 5544 ἀπήγγειλας,
1282 5474 1358 5536 ώς
1409 5475 1507 5527 οὐκ
1553 5474 1619 5526 ἀν
1660 5492 1742 5536 τις
1785 5471 1903 5525 εἷπε

1900 5493 1903 5522 :
2007 5477 2154 5530 tiasti
2201 5479 2389 5547 quales
2437 5494 2611 5549 neque
2657 5482 2779 5549 quis
2830 5480 2987 5534 facile
3028 5479 3254 5533 dixisset
3300 5477 3577 5529 veritatem

332 5566 529 5638 ῥᾳδίως
560 5566 620 5630 ἐξ
647 5565 906 5636 ἀληθείας
937 5565 1285 5637 ὁρμώμενος·
1324 5566 1414 5618 καί
1458 5583 1546 5635 μοι
1587 5566 1760 5627 δοκεῖς
1786 5582 1903 5619 τοσο
2007 5588 2009 5618 ε

2007 5579 2246 5625 secutus.
2295 5571 2358 5624 Et
2399 5573 2528 5626 mihi
2574 5573 2773 5628 videris
2828 5574 2917 5626 tali
2965 5572 3142 5638 lingua
3186 5569 3407 5633 ell‘undi,
3440 5565 3580 5622 forte

400 5749 476 5818 (I)
502 5749 828 5803 Vocabulum
859 5764 962 5801 non
989 5749 1196 5816 legitur.
1235 5747 1422 5802 Itidem
1458 5748 1507 5799 in
1535 5757 1794 5817 sequente
1822 5748 2010 5805 lacuna
2038 5757 2283 5817 utraque.

647 5843 914 5904 I‘ATuOL.
963 5845 1057 5904 (λιι
1129 5845 1223 5905 ιλ
1245 5845 1348 5903 Κλ
1366 5843 1402 5897 ι’
1424 5842 1496 5900 ll.

3166 5842 3269 5905 87"
