4248 6428
328 378 475 441 2792
490 384 512 414 ⁸

1767 372 2172 436 EPISTOLAS.

3392 378 3531 442 2792
3552 378 3571 416 ’

329 487 374 544 ὼ
416 492 521 546 Ζεῦ
543 508 556 522 ο
590 491 654 544 ού
707 490 918 559 χρόνον,
953 487 1015 540 οὐ
1058 484 1249 539 πολιὰν
1284 484 1545 555 ἐλεεινὴν,
1592 483 1654 540 ού
1690 487 1751 539 τὸ
1796 485 1896 554 τῆς
1925 490 1971 547 Α
2002 503 2006 538 l

1925 490 1971 547 Α
2002 500 2105 539 non
2159 496 2403 549 tempus,
2451 502 2557 539 non
2612 502 2778 542 canos
2834 488 3193 549 miserabiles,
3235 504 3339 542 non
3392 493 3580 547 matris

334 585 539 652 μητρὸς
586 582 857 641 αἰδεσθεὶς
889 580 1270 648 φιλανθρωπον
1299 578 1499 645 δνομα’
1532 575 1646 629 ἀλλ’
1681 577 1783 647 ἥδη
1814 577 1907 629 καὶ

334 680 524 746 βιαίως
568 674 901 743 ἀνατρέψας,
944 674 1023 735 εἰς
1073 664 1175 739 γῆν
1236 669 1499 723 κατέθαλε
1546 680 1607 707 ο·
1652 668 1745 721 καὶ
1808 667 1907 733 λὰξ

329 770 449 821 κατ’
483 768 653 835 αὐτῆς
683 766 961 836 ἐνήλλατο,
1009 763 1217 833 βοώσης
1256 758 1369 814 οἷον
1400 759 1566 824 εἰκὸς,
1614 759 1710 812 καὶ
1746 760 1908 812 παῖδα

334 859 638 929 καλούσης·
690 860 781 911 καὶ
828 859 879 909 τί
914 856 1022 926 γάρ
1070 856 1170 907 οὐκ
1208 853 1273 907 ἂν
1326 854 1472 906 εἴποι
1518 854 1732 922 μήτηρ,
1790 851 1906 918 μετ’

330 953 526 1012 ιῖιδίνας
577 952 672 1002 καὶ
700 948 907 1018 τροφὴν
942 949 1032 999 καὶ
1076 949 1172 1007 τὰς
1206 943 1374 1005 καλὰς
1408 943 1624 1003 ὲκείνας
1667 942 1905 1002 ἐλπίδας,

330 1044 555 1096 τοιαῦτα
614 1042 765 1110 παρὰ
840 1040 933 1092 τοῦ
1012 1039 1201 1101 παιδὸς
1252 1035 1594 1105 ἀνασχομένη
1638 1034 1664 1072 ιι
1719 1035 1904 1098 κακὰς

339 1132 651 1182 τελευταῖον
704 1131 760 1182 δὲ
824 1130 917 1180 καὶ
967 1131 1065 1196 τῆς
1114 1129 1290 1187 οἰκίας
1350 1124 1556 1192 ταύτην
1602 1124 1904 1191 ἀπήλασεν,

330 1224 556 1290 ἄπορον,
609 1221 843 1288 γυμνὴν,
890 1220 999 1270 τῶν
1032 1216 1341 1282 ἀναγκαίων
1391 1215 1797 1283 ἐστερημένην
1849 1213 1907 1265 ἒν

333 1311 461 1369 ista;
500 1308 660 1359 τοῦτο
709 1308 1098 1377 χαρισάμενος,
1139 1308 1222 1357 ὅτι
1273 1304 1367 1357 τοῦ
1427 1306 1661 1356 συνεῖναι
1704 1301 1908 1370 ταύτην

332 1397 642 1464 ἀπήλλαξε·
674 1399 768 1449 καὶ
797 1396 891 1448 νῦν
945 1392 1098 1455 οὗτος
1138 1396 1233 1461 μὲν
1277 1395 1518 1461 ἐντρυφᾷ
1553 1397 1664 1455 τοῖς
1703 1393 1908 1445 τούτων

332 1492 544 1551 κακοῖς,
581 1490 719 1559 γυνὴ
749 1489 804 1540 δὲ
849 1487 1045 1555 γραῦς,
1087 1485 1276 1538 καὶτὰ
1312 1484 1495 1553 πρῶτα
1543 1484 1783 1554 φέρουσα
1810 1486 1908 1552 τῆς

332 1584 464 1648 παρ’
499 1583 630 1650 ἡμῖν
663 1581 966 1646 εὐγενείας.
1000 1580 1056 1629 ὲν
1084 1580 1203 1637 ταῖς
1231 1576 1387 1646 χερσὶ
1416 1576 1511 1634 τὰς
1548 1575 1769 1635 ἐλπίδας
1797 1573 1908 1642 ἔχει

330 1672 424 1724 τοῦ
457 1673 601 1739 βίου’
627 1672 705 1740 τῷ
732 1672 785 1724 δὲ
811 1670 1034 1741 χρηστῴ
1061 1668 1219 1737 τῷδε,
1248 1667 1341 1719 καὶ
1376 1666 1436 1718 τὸ
1474 1664 1675 1733 ταύτης
1715 1664 1906 1725 πάθος,

330 1765 462 1832 ἄλλη
496 1766 705 1831 γίνεται
735 1764 990 1832 συμφορά
1016 1777 1029 1789 ·
1059 1764 1150 1814 καὶ
1182 1761 1320 1830 πρὸς
1350 1759 1448 1829 τὴν
1472 1760 1677 1811 οἰκείαν
1701 1756 1906 1827 τροφὴν

2009 575 2168 630 dulce
2225 593 2419 630 nomen
2482 578 2766 632 reveritus.
2820 578 2926 633 Sed
2970 580 3082 649 jam
3139 596 3257 633 eam
3318 580 3581 635 violenter

2009 665 2350 731 subvertens,
2392 666 2444 718 in
2494 675 2692 719 terram
2744 667 3015 736 proiecit,
3063 678 3118 723 et
3169 669 3315 723 calce
3366 672 3418 724 in
3458 686 3580 725 eam

2010 756 2238 821 insiluit,
2278 759 2651 822 clatnautcm,;
2680 770 2742 813 ut
2792 763 3005 825 merito,
3052 772 3107 816 et
3163 764 3329 815 lilium
3386 778 3583 816 voran-

2010 860 2139 905 lem.
2174 850 2310 916 Quid
2348 851 2489 903 enim
2525 866 2628 906 non
2665 852 2866 905 diceret
2902 864 3093 917 mater,
3120 865 3239 920 post
3271 865 3457 922 partus
3481 860 3580 909 ilo-

2009 938 2172 1001 lores,
2205 950 2259 992 et
2292 940 2670 992 educationem
2724 950 2778 995 et
2825 943 3076 1009 puli-liras
3119 945 3237 997 illas
3277 960 3421 1010 spes.
3456 947 3580 999 talia

2008 1048 2036 1082 a
2068 1029 2176 1083 lilio
2205 1030 2415 1096 patiens
2460 1030 2617 1085 ntala.
2655 1029 2893 1099 Denique
2932 1043 2986 1084 et
3019 1035 3177 1083 tlontn
3203 1049 3319 1085 eam
3352 1037 3578 1100 expulit,

2008 1132 2280 1189 egentem,
2314 1124 2535 1186 nudant,
2572 1125 2895 1176 necessariis
2947 1135 3265 1189 carentem;
3314 1125 3364 1177 itl
3416 1141 3579 1178 unttm

2012 1213 2150 1267 forte
2182 1214 2254 1266 illi
2289 1214 2589 1280 indulgens,
2622 1218 2767 1283 quod
2812 1215 2894 1268 sui
2942 1217 3202 1268 soeietate
3235 1232 3352 1268 eam
3396 1220 3579 1268 th‘ll.

2008 1303 2075 1357 Et
2114 1319 2256 1357 nunc
2301 1304 2388 1356 ille
2435 1305 2649 1371 quidem
2698 1304 2893 1357 talibus
2936 1305 3092 1356 malis
3131 1305 3389 1358 exsultat.
3433 1306 3583 1356 Anus

2009 1405 2215 1459 autem,
2248 1406 2303 1448 cl
2344 1396 2547 1465 primas
2600 1396 2905 1449 nobilitates
2949 1397 3086 1460 apud
3139 1412 3236 1448 ιιοδ
3280 1412 3493 1464 gerens,
3526 1398 3578 1450 in

2010 1484 2257 1538 manibus
2297 1502 2406 1539 suze
2455 1486 2577 1539 vitae
2624 1502 2772 1555 spem
2820 1487 2998 1541 habet.
3044 1488 3117 1539 Illi
3158 1498 3335 1539 autem
3377 1489 3581 1554 optimo

2008 1586 2061 1630 et
2093 1577 2250 1646 hujus
2284 1578 2505 1631 miseria
2551 1579 2693 1631 aliud
2731 1579 3082 1632 infortunium
3116 1589 3239 1642 est;
3284 1589 3337 1631 et
3365 1580 3475 1645 jam
3514 1583 3580 1632 ad

2011 1668 2287 1734 proprium
2318 1668 2517 1719 vietum
2555 1667 2822 1733 indigens,
2856 1682 2972 1719 eam
3011 1678 3188 1719 tamen
3231 1671 3445 1735 exi-cpit
3481 1668 3581 1735 ipsi

2015 1760 2287 1811 miseriam
2344 1761 2723 1827 atlaugentem.
2779 1759 2886 1813 Sed
2948 1759 3312 1812 necessarium
3376 1770 3584 1811 naturze

329 1856 733 1925 ἀτορούμενος.
779 1854 1072 1919 ὑπεδέξατο
1108 1852 1335 1920 ταύτην,
1379 1850 1753 1903 ἐπιτείνουσαν
1806 1848 1905 1915 μὲν
1937 1821 1977 1876 Β

1903 1821 1977 1883 ’Β
2015 1851 2251 1901 debitum
2306 1851 2487 1905 solvit.
2543 1852 2611 1905 Et
2666 1867 2807 1905 nunc
2868 1868 2971 1904 una
3033 1852 3273 1903 habitant
3328 1852 3580 1903 solatium

330 1967 357 2000 ο
378 1948 479 2015 3τῴ
510 1947 609 2017 τὴν
665 1948 870 1998 ἔνδειαν
890 1963 905 1977 ·
936 1948 1086 2012 ὅμως
1122 1945 1415 2007 ἀναγκαῖον
1471 1942 1627 2010 χρέος
1658 1938 1856 1992 ἐκτίνει
1883 1950 1907 1978 ε

340 2037 406 2101 τῇ
439 2035 627 2099 φύσεν
682 2033 771 2085 καὶ
810 2033 903 2083 νῦν
954 2032 1189 2083 σύνεισιν
1235 2029 1483 2092 ἀλλήλοις
1536 2030 1663 2097 μίαν
1694 2028 1909 2096 ἔχοντες

331 2125 689 2194 παραμυθίαν
714 2165 729 2187 ,
756 2126 834 2176 ὅτι
870 2124 942 2193 μὴ
970 2123 1140 2175 πλείω
1172 2122 1539 2174 πεπόνθασιν
1562 2123 1595 2190 ή
1629 2121 1684 2172 δὲ
1720 2123 1905 2189 μήτηρ

327 2212 414 2267 οῗα
444 2216 619 2284 δήπου
663 2214 821 2283 γυνὴ,
850 2216 943 2265 καὶ
970 2211 1193 2265 τοιαῦτα
1233 2210 1497 2271 παθοῦσα,
1524 2210 1618 2262 ἕνα
1651 2209 1761 2278 βίον
1791 2209 1901 2277 ἔχει

326 2308 386 2357 τὸ
426 2305 740 2375 μεμνῆσθαι
763 2304 871 2355 τῶν
918 2302 1121 2364 ἑαυτῆς
1154 2300 1358 2360 κακῶν,
1398 2301 1491 2351 καὶ
1524 2297 1779 2367 δακρύειν
1809 2296 1902 2348 ἐπὶ

327 2401 391 2465 τῇ
428 2398 614 2466 μνήμῃ
635 2414 646 2426 ⁸
682 2396 917 2479 καὶγτὴν
943 2394 1111 2463 θηλὴν
1140 2390 1514 2445 ὑποδεικνύειν
1545 2392 1611 2457 τῇ
1659 2389 1782 2458 δίκῃ
1812 2383 1901 2441 οἷα

326 2488 562 2540 πέπονθε
597 2477 951 2557 διηγουμένη.
991 2483 1177 2536 Ταῦτα
1207 2483 1387 2533 τοίνυν
1426 2482 1503 2541 είς
1549 2479 1672 2531 νοῦν
1702 2477 1901 2543 λαϐὼν,

327 2581 421 2631 καὶ
452 2579 617 2647 μηδὲν
647 2580 678 2646 ὴ
690 2579 791 2645 μᾶς
824 2574 1172 2644 προστιθέναι
1196 2575 1312 2634 ταῖς
1345 2570 1622 2639 ἀληθείαις
1651 2569 1898 2638 νομίσας,

328 2668 465 2722 ἀ).λὰ
518 2670 586 2719 τὰ
646 2667 917 2734 κεφάλαια
971 2664 989 2703 ί
1038 2666 1197 2733 μόνον
1250 2661 1523 2715 δεικνύναι
1566 2659 1667 2729 τῆς
1731 2658 1901 2712 αὐτοῦ

328 2760 618 2827 πονηρίας,
657 2758 745 2810 διά
785 2758 875 2809 τὸν
910 2758 1007 2824 τῆς
1038 2754 1326 2821 ἐπιστολῆς
1364 2754 1583 2821 καιρὸν,
1629 2752 1901 2821 μέτρησόν

2015 1943 2231 1993 unicum
2286 1943 2545 1995 habentes
2601 1946 2741 2009 quod
2795 1958 2898 1994 non
2951 1942 3100 2009 plura
3155 1941 3387 2008 perpessi
3449 1941 3580 1994 sint.

2016 2031 2181 2083 Mater
2220 2044 2424 2093 autem,
2465 2043 2645 2095 utpnte
2692 2032 2887 2084 mulier
2933 2040 2987 2085 et
3044 2032 3167 2082 talia
3214 2046 3371 2098 passa
3415 2041 3579 2083 totam

2017 2124 2180 2174 vitam
2222 2124 2379 2174 habet
2420 2140 2637 2175 suorum
2676 2125 2933 2175 malorum
2972 2124 3282 2175 meminisse
3313 2135 3362 2175 et
3392 2138 3580 2176 eorum

2012 2215 2269 2265 uretnoria
2319 2215 2643 2283 lacrymarc,
2682 2225 2736 2267 et
2784 2215 3075 2267 ntatnillatu
3114 2215 3395 2266 ostendere
3432 2213 3585 2282 jndi-J

2007 2304 2159 2354 cibus
2192 2304 2372 2369 quaiia
2418 2320 2570 2371 passa
2614 2306 2682 2357 sit
2724 2320 3010 2360 enart'ans.
3056 2303 3179 2357 llzec
3215 2320 3373 2369 porro
3404 2315 3583 2357 mente

2007 2395 2226 2462 capietis
2258 2408 2311 2447 ct
2344 2412 2658 2462 persuasum
2706 2398 2911 2449 habens
2951 2412 3077 2449 vero
3126 2398 3258 2449 nihil
3305 2411 3402 2449 nos
3443 2395 3582 2462 adji-

2010 2500 2158 2545 cere,
2192 2486 2284 2537 sed
2336 2488 2507 2539 solum
2564 2489 2719 2539 huius
2760 2488 2979 2539 malitia:
3029 2488 3383 2538 summarium
3424 2486 3581 2537 exhi-

2011 2576 2164 2641 here,
2201 2588 2349 2630 ttttttu
2391 2582 2626 2633 studium
2676 2579 2819 2632 illius
2869 2578 3070 2631 malitia
3108 2578 3315 2630 metire.
3352 2576 3418 2628 Et
3458 2584 3580 2628 esto

2011 2670 2131 2721 talis
2162 2670 2374 2735 qualem
2414 2680 2462 2722 te
2492 2685 2610 2723 esse
2643 2670 2783 2724 Deus
2812 2669 3002 2738 exigit,
3036 2677 3091 2723 et
3124 2668 3377 2722 amicitia:
3411 2666 3494 2719 lex
3522 2674 3581 2719 et

2006 2757 2204 2825 lnjuria
2237 2759 2549 2814 aliectorum
2580 2776 2729 2829 spes.

332 2867 426 2900 σου
452 2849 549 2917 τὴν
579 2846 809 2916 σπουδὴν
832 2845 968 2915 πρὸς
985 2844 1082 2913 τὴν
1108 2844 1316 2895 ἐκείνου
1345 2842 1571 2896 κακίανο
1605 2840 1700 2892 καὶ
1726 2839 1887 2907 γενοῦ
1925 2843 2180 2912 τοιοῦτος,
2227 2844 2339 2901 οἷον
2422 2852 2481 2903 σὲ
2520 2852 2680 2927 τΘεὸς
2728 2853 2970 2915 ἀπαιτεῖ,
3019 2851 3111 2903 καὶ
3174 2850 3358 2919 φιλίας
3410 2849 3574 2918 νόμος

330 2944 424 2995 καὶ
451 2944 482 3012 ἡ
512 2941 618 2992 τών
649 2939 1016 3008 ἀδικουμένων
1049 2935 1224 2996 ἐλπίς.

875 3028 993 3083 PA’.
1033 3026 1354 3095 ΔΩΡοι-νεᾳ.

402 3122 572 3175 Πάλιν
599 3120 875 3180 εὐσεϐείας
908 3118 1119 3185 καιρὸς,
1146 3116 1243 3169 καὶ
1273 3115 1433 3167 πάλιν
1464 3112 1600 3178 πρὸς
1632 3113 1731 3182 τὴν
1759 3112 1897 3180 ύμε-

328 3215 494 3284 τέραν
551 3212 742 3281 σοφίαν
796 3213 824 3262 ὀ
874 3210 1093 3277 δρόμος.
1162 3208 1326 3277 Ἀνήρ
1378 3222 1462 3268 τις
1516 3205 1624 3256 τῶν
1674 3204 1902 3267 ἑαυτοὺς

340 3304 647 3355 ἀναθέντων
695 3300 814 3367 θεῷ
846 3298 942 3349 καὶ
995 3299 1059 3348 ὲκ
1108 3294 1423 3363 φιλοσοφίας
1460 3293 1897 3361 γνωριζομένων,

332 3392 391 3457 ἐξ
430 3392 614 3444 ἀδίκου
660 3386 1136 3456 συκοφαντίας,ὡς
1166 3386 1362 3446 ἔοικεν,
1408 3383 1487 3451 τῷ
1526 3382 1619 3435 τοῦ
1646 3380 1903 3434 δικαστοῦ

333 3482 491 3555 θυμῷ
546 3482 986 3549 περιπέπτωκεν,
1021 3479 1096 3540 ὼς
1139 3476 1321 3542 δεξιὰν
1372 3475 1612 3543 ἀντάρας
1649 3473 1903 3541 πολέμιον

335 3577 477 3630 κατὰ
504 3574 611 3625 τῶν
642 3568 1159 3640 ὲξυπηρετουμένων
1193 3570 1300 3629 τοῖς
1324 3568 1508 3634 νόμοις
1532 3580 1547 3597 ⁸
1574 3566 1624 3617 oi
1654 3564 1709 3617 δὲ
1732 3562 1904 3616 ταῦτα

339 3663 700 3734 μηνύσαντες,
746 3661 813 3714 τὰ
852 3660 1004 3731 παρά
1044 3658 1153 3711 τῶν
1198 3658 1371 3711 ἄλλων
1407 3655 1482 3718 ὦς
1513 3672 1677 3722 φασιν
1712 3654 1901 3722 ἀδική-

338 3771 503 3824 ματα,
550 3752 693 3807 κατά
727 3751 917 3803 τούτου
967 3748 1341 3817 μετέστησανδ
1379 3748 1474 3799 καὶ
1516 3746 1730 3817 πλήρης
1771 3747 1799 3796 ὁ
1828 3745 1905 3797 δι-

335 3848 519 3909 κάζων
550 3843 721 3914 θυμοῦ
745 3859 758 3872 ·
789 3843 885 3896 καὶ
913 3841 1045 3911 πρὸς
1073 3841 1265 3892 ἑαυτὸν
1310 3839 1488 3898 καὶεί,
1522 3838 1614 3890 καὶ
1658 3836 1794 3906 πρὸς
1826 3852 1907 3888 τι·

337 3938 548 4006 μωρίαν
579 3935 902 4001 ἐπείγεται·
938 3932 1032 3985 καὶ
1074 3931 1311 3999 πάρεστι
1344 3927 1531 3997 καιρὸς
1580 3926 1738 3995 εἴπερ
1779 3924 1907 3977 ποτὲ

332 4028 429 4079 καὶ
449 4027 545 4079 νῦν
570 4022 981 4095 φιλανθρωπίαν
1005 4021 1204 4087 ζητῶν.
1234 4018 1435 4089 Φάνηθι
1463 4017 1527 4085 δὴ
1553 4016 1644 4069 καὶ
1678 4013 1906 4083 φθέγξαι

330 4134 385 4171 τι
431 4118 539 4170 τῶν
575 4117 706 4179 σῶν,
735 4115 832 4168 καὶ
878 4113 979 4183 τῆς
1011 4114 1183 4183 ὀργῆς
1227 4107 1567 4177 παραλύσεις
1616 4106 1708 4157 τὸν
1757 4105 1909 4158 δικα-

334 4211 487 4279 στήν.
537 4210 599 4261 Εἰ
640 4208 749 4276 γάρ
790 4225 843 4259 τι
883 4206 976 4257 καὶ
1024 4206 1340 4271 πέπρακται
1386 4199 1581 4260 δεινὸν,
1622 4199 1756 4268 ὅπερ
1789 4196 1909 4251 οὐδὲ

333 4302 576 4367 γέγονεν,
606 4300 683 4360 εἰς
720 4295 1051 4363 συγγνώμην
1078 4293 1279 4362 τρέψον
1323 4290 1384 4342 τὸ
1419 4286 1825 4357 ψηφιζόμενον·
1856 4287 1905 4338 ει

336 4392 503 4459 μηδὲν
532 4391 681 4453 ἄλλο,
702 4390 763 4442 τὸ
790 4388 1173 4457 περικείμενον
1200 4381 1347 4451 αύτῷ
1373 4382 1555 4449 σχῆμα
1577 4380 1901 4449 τιμήσαντα.

332 4481 537 4551 Φάνηθι
593 4479 731 4550 μετὰ
764 4479 998 4540 πολλῶν,
1049 4478 1097 4527 οἱ
1142 4474 1277 4543 πρὸς
1305 4472 1403 4541 τὴν
1441 4472 1660 4539 αἴτησιν
1704 4470 1906 4537 τυγχά-

332 4588 515 4623 νουσιν
560 4571 889 4639 εὐπρεπεῖς·
948 4566 1149 4635 μᾶλλον
1201 4565 1258 4617 δὲ
1287 4564 1380 4615 καὶ
1407 4561 1513 4630 πρὸ
1542 4561 1651 4612 τῶν
1707 4560 1901 4622 ἀλλων,

330 4657 518 4710 ὀπόσοι
570 4659 767 4709 οἰκεῖόν
812 4672 865 4708 τι
909 4654 1120 4716 δόξουσι
1182 4649 1592 4719 συνεισφέρειν
1643 4646 1757 4700 ἀλλ’
1810 4643 1903 4700 οὖν

330 4748 493 4812 αὐτὸς
528 4749 747 4801 πάντων
778 4744 1007 4814 ἀναδέξῃ
1042 4743 1132 4795 τὸν
1164 4741 1412 4794 ἔπαινον·
1443 4739 1517 4801 ὡς
1547 4738 1643 4792 καὶ
1664 4738 1901 4808 πρῶτος,

330 4841 425 4891 καὶ¹
459 4839 581 4893 λίαν
609 4839 839 4906 αἰτήσας
885 4837 981 4888 καὶ
1011 4834 1112 4903 τῆς
1149 4832 1321 4901 καλῆς
1363 4829 1776 4901 φιλανθρωπίας
1803 4847 1895 4899 γε-

330 4929 503 4997 γονὼς
532 4932 645 4994 τοῖς
674 4930 854 4992 ἀλλοις
888 4927 1260 4998 παράδειγμα.

1930 3027 1977 3086 C

2502 3023 2629 3078 CIV.
2675 3023 3064 3081 DOROTIIEO.

2073 3115 2308 3170 Rursum
2344 3116 2562 3186 pietatis
2607 3120 2819 3169 occasio
2848 3127 2900 3169 ct
2961 3132 3175 3169 rursum
3225 3115 3287 3167 ad
3335 3126 3572 3170 vestram

2003 3207 2322 3273 sapientiam
2375 3222 2646 3261 recursus.
2706 3206 2799 3259 Vir
2836 3209 3054 3275 quidam
3087 3223 3274 3261 eorum
3324 3209 3413 3274 qui
3464 3208 3576 3260 Deo

2003 3299 2167 3352 vitam
2193 3312 2607 3360 consecravere,
2641 3308 2695 3350 et
2718 3298 3161 3364 ex‘pltilosOpltia
3211 3296 3575 3359 celebrantur,

2006 3390 2207 3457 injusta
2236 3390 2528 3445 calumnia.
2555 3400 2611 3441 ιιι
2636 3390 2868 3454 videtur,
2904 3392 2955 3443 in
2990 3390 3332 3457 iratnjudieis
3362 3390 3577 3454 incidit,

2006 3491 2193 3545 utpote
2221 3480 2311 3547 qui
2370 3480 2645 3532 inimicam
2695 3495 2912 3533 manum
2952 3494 3139 3533 contra
3195 3480 3402 3549 legibus
3449 3480 3579 3532 obe—

2005 3568 2213 3619 dtentes
2237 3566 2533 3619 sustulerit.
2557 3566 2660 3632 Qui
2691 3578 2870 3619 autem
2891 3583 2952 3621 ea
2985 3569 3312 3631 indicavere,
3350 3569 3578 3636 injurias

2005 3658 2074 3712 ab
2102 3658 2242 3721 aliis,
2280 3667 2338 3709 ut
2382 3658 2553 3721 aiunt,
2600 3656 2792 3722 factas,
2822 3657 2875 3710 in
2907 3673 3027 3710 eum
3060 3670 3463 3713 converterunt.
3511 3657 3580 3711 Et

2000 3748 2164 3816 judex
2216 3747 2405 3817 plenus
2454 3749 2533 3799 ira
2581 3756 2699 3807 est.
2733 3758 2788 3800 et
2825 3764 2947 3801 eum
2996 3750 3061 3801 ad
3104 3765 3162 3803 se
3201 3759 3375 3813 vncal,
3420 3760 3474 3803 et
3512 3751 3579 3802 ad

2008 3839 2302 3892 vindictam
2333 3838 2613 3891 incitatur.
2642 3839 2813 3894 Adest
2840 3850 3068 3908 tempus,
3090 3843 3132 3894 si
3162 3858 3395 3910 unquam
3421 3842 3578 3905 alias,

2007 3927 2437 3982 benevolentiam
2473 3928 2776 3996 requirens.
2817 3932 3029 3998 Appare
3056 3932 3240 4002 igitur,
3275 3943 3329 3985 ct
3366 3942 3577 3985 tuorum

2007 4016 2210 4085 aliquid
2266 4016 2505 4087 loquere.
2555 4029 2610 4074 et
2663 4018 2743 4073 ira
2789 4022 3023 4089 judicem
3080 4021 3277 4075 solves.
3323 4020 3381 4075 Si
3448 4021 3578 4087 quid

2009 4109 2153 4164 enim
2218 4110 2469 4168 horrendi
2519 4113 2722 4169 factum
2776 4116 2880 4179 sit,
2946 4115 3089 4183 quod
3142 4130 3248 4167 non
3298 4124 3415 4177 est,
3451 4128 3578 4167 seu-

2012 4203 2231 4257 tentiam
2288 4205 2340 4258 in
2374 4206 2583 4261 veniam
2614 4214 2902 4268 converte;
2946 4206 2990 4259 si
3030 4205 3162 4259 nihil
3231 4206 3374 4257 aliud
3413 4218 3577 4273 quam

2010 4294 2151 4361 quod
2179 4296 2337 4359 dixit,
2376 4311 2498 4348 eum
2526 4300 2750 4351 ostende
2782 4298 3133 4351 honorautem
3176 4311 3296 4365 quae
3340 4297 3437 4361 ipsi
3473 4297 3580 4348 cir-

2012 4380 2301 4448 cumjacet,
2338 4384 2681 4454 dignitatem.
2717 4385 2931 4453 Appare
2964 4402 3067 4438 una
3097 4401 3218 4439 cunt
3268 4386 3450 4437 multis
3483 4384 3574 4451 qui

2010 4476 2077 4525 ad
2109 4474 2521 4541 pastulatiouem
2559 4476 2668 4529 sint
2699 4476 2913 4543 idonei;
2949 4478 3029 4530 vel
3058 4480 3237 4545 potius
3280 4488 3407 4529 ante
3441 4478 3579 4529 alios

2008 4564 2099 4634 qui
2135 4565 2411 4633 proprium
2440 4567 2642 4633 aliquid
2671 4569 3019 4622 contribuere
3058 4570 3286 4622 valeant.
3326 4569 3394 4620 At
3424 4579 3576 4620 ct-rle

2010 4652 2123 4721 ipse
2152 4656 2392 4707 omnium
2424 4656 2608 4709 laudes
2634 4659 2904 4725 accipies;
2932 4668 2989 4709 ιιι
3031 4668 3084 4710 ct
3116 4657 3321 4725 primus
3347 4668 3399 4708 et
3422 4656 3577 4707 valde

2008 4745 2291 4812 postulans
2348 4757 2404 4802 et
2458 4749 2695 4816 pulchra:
2769 4748 3159 4804 benevolentia
3227 4749 3349 4802 aliis
3399 4746 3576 4801 factus

2000 4838 2295 4905 exetnplar.

686 5161 996 5220 EIUSDEM
1028 5157 1343 5215 PROCOPII
1395 5156 1629 5212 GAZA‘JI
1656 5156 2167 5216 FRAGMENTUM.
2205 5162 2281 5216 Ex
2313 5162 2508 5218 codice
2537 5161 2799 5218 Vaticano
2838 5162 2997 5230 £096,
3045 5178 3099 5233 p.
3131 5163 3222 5218 61,

348 5290 445 5350 Ἐκ
495 5296 614 5349 τῶν
666 5299 752 5362 εἷς
804 5298 878 5350 τὰ
924 5295 1197 5360 Πρόκλου
1239 5290 1555 5362 θεολογικὰ
1596 5291 1895 5359 κεφάλαια

398 5361 807 5433 ιὶντιρῤήσεων
842 5364 1175 5433 Προκοπίου
1205 5361 1397 5428 Γάζης
1420 5362 1770 5428 ἀντίρῤησις
1799 5378 1897 5415 κε-

400 5438 663 5501 φαλαίου
700 5442 861 5503 ρμςκ

401 5526 536 5578 Θεία
575 5526 798 5597 πρόοδος
824 5526 1061 5595 ἄναρχος
1097 5524 1191 5576 καὶ
1225 5519 1601 5596 ἀτελεύτητος,
1642 5524 1778 5591 μόνη
1824 5521 1891 5575 ἀν

2001 5296 2086 5352 Ea;
2140 5296 2389 5363 Procopii
2422 5296 2583 5352 Casei
2623 5300 2678 5353 in
2720 5297 2899 5353 Procli
2936 5299 3241 5367 theologica,
3262 5301 3437 5365 capita
3483 5314 3565 5352 tc-

2282 5373 2507 5437 sponsis,
2541 5385 2843 5437 responsum
2872 5369 2929 5422 in
2953 5366 3122 5436 capite
3147 5366 3269 5423 N6.

2071 5522 2258 5576 Divina
2295 5522 2570 5591 processio
2619 5524 2736 5578 sine
2770 5524 3035 5595 principio
3062 5534 3117 5580 et
3153 5525 3271 5582 sine
3315 5524 3423 5580 line
3456 5525 3570 5578 sola

1623 5639 1854 5696 VARUS
1885 5642 2284 5698 LECTIONES.

399 5745 424 5775 ε
466 5736 586 5791 Val.
632 5736 949 5792 κατέϐαλλε.
1059 5737 1086 5777 α
1118 5736 1234 5791 Vat.
1258 5732 1578 5803 ἀνεχομένη.

1696 5746 1716 5772 τ
1763 5733 1881 5791 Val.
1915 5737 2164 5789 ἐκτείνει.

2251 5733 2266 5772 ί
2307 5734 2423 5788 Val.
2460 5734 2517 5787 τὸ
2540 5735 2851 5805 κεφάλαιον.
