4248 6428
630 407 814 471 2792⁸

1724 404 2073 466 ΡΙὶΟΟΟΡῙΙ
2113 401 2356 463 ϐΛΖ.·ῙΞΙ
2398 401 2800 464 ΕΡΙΞΤΟΙΑΕ.

3693 399 3877 461 ετεηι

625 522 898 573 osceretur
922 532 987 571 ex
1020 531 1127 569 uno
1166 514 1324 568 Patre
1353 515 1629 583 generatio
1676 517 1834 570 unius
1863 514 2006 578 Filii,
2038 522 2093 568 et
2133 528 2198 567 ex
2228 511 2302 570 A‘

2228 515 2274 570 Α
2299 511 2514 579 λέγοιτο
2553 514 2584 582 ἡ
2618 515 2724 566 ἀπὸ
2759 513 2851 566 τοῦ
2887 513 3006 576 ἐνὸς
3039 513 3199 583 μόνου
3241 512 3451 583 Πατρδ,
3499 511 3750 580 γέννησις
3785 509 3877 560 τοῦ

627 611 817 662 eodem
878 609 1160 675 productio
1215 609 1380 661 unius
1410 609 1581 660 sancti
1627 608 1859 676 Spiritus
1905 609 2202 662 secundum

627 719 790 771 quam
816 711 1038 770 paterna
1079 709 1135 754 et
1165 701 1337 769 prima
1375 701 1457 754 vel
1487 703 1665 768 potius
1696 701 1962 769 principio
2011 714 2203 754 carens

631 793 806 844 unitas
841 791 893 843 in
939 789 1257 844 dualitatem
1305 802 1481 844 emota
1532 790 1583 842 in
1639 790 1774 844 Filio
1818 798 2111 857 spectatam
2149 799 2204 844 et

633 877 841 945 Spiritu
872 887 1085 940 saneto,
1119 892 1288 945 usque
1332 877 1395 929 ad
1433 876 1753 931 Trinitatem
1799 880 1969 941 stetit,
2016 893 2203 946 quem-

636 968 927 1021 admodum
961 970 1036 1021 ait
1061 967 1364 1036 Tlteologus
1391 979 1571 1020 noster
1593 968 1904 1038 Gregorius.
1940 967 2030 1022 Illa
2057 970 2199 1022 enim

630 1060 744 1113 sola
796 1070 990 1113 natura
1045 1059 1224 1113 divina
1287 1060 1600 1126 "processio,
1653 1062 1697 1114 si
1767 1070 1944 1114 tamen
1989 1069 2202 1129 oportet

633 1160 822 1202 natura
856 1150 1059 1212 dicere,
1092 1150 1306 1216 quando
1352 1150 1417 1202 de
1459 1153 1961 1218 supernaturalibus
1989 1161 2041 1206 et
2067 1153 2202 1207 divi-

632 1243 715 1293 nis
737 1240 935 1308 agitur.
961 1240 1025 1293 Et
1056 1240 1210 1309 hujus
1235 1243 1450 1309 quidem
1479 1244 1803 1311 principium
1829 1241 2034 1311 absque
2057 1247 2201 1312 prin-

626 1333 769 1400 t:ipi0
813 1333 973 1386 Pater
1006 1350 1019 1385 :
1049 1349 1114 1386 ex
1139 1335 1233 1388 illo
1265 1336 1407 1388 enim
1439 1353 1453 1399 ;
1487 1334 1722 1388 medium
1767 1343 1949 1389 autem
1986 1343 2040 1388 et
2088 1336 2202 1402 ipse

627 1424 951 1505 principium
984 1423 1152 1477 Filius
1184 1442 1196 1476 :
1234 1439 1332 1491 per
1362 1425 1538 1492 ipsum
1564 1425 1743 1490 enim;
1793 1425 2051 1480 terminus
2106 1440 2201 1478 au-

629 1525 733 1568 tem
766 1515 1194 1583 perfectissimus
1237 1523 1292 1568 et
1343 1527 1584 1570 aeternus
1635 1514 1875 1583 Spiritus
1921 1525 2194 1570 sanctus:

627 1612 680 1664 in
718 1610 890 1678 ipsum
934 1609 1101 1663 enim.
1161 1608 1481 1663 Seccrnitur
1515 1617 1693 1662 autem
1731 1618 1784 1662 et
1817 1608 1884 1660 ab
1912 1607 2036 1661 aliis
2068 1622 2195 1676 pro-

625 1703 966 1756 cessiouibus
992 1702 1109 1767 illa;
1139 1709 1246 1755 non
1280 1704 1427 1755 enim
1476 1711 1694 1770 separat
1739 1701 1962 1754 omnino
1986 1715 2014 1753 a
2045 1701 2192 1768 prin-

627 1797 771 1863 cipio
798 1812 858 1847 ea
884 1810 1003 1862 qua:
1032 1810 1062 1848 a
1095 1795 1360 1862 principio
1388 1795 1670 1858 oriuntur;
1702 1793 1798 1846 sed
1830 1794 2053 1846 omnino
2089 1809 2194 1845 non

631 1887 780 1941 foras
806 1885 1126 1955 prodeuntia
1153 1894 1352 1948 servat,
1381 1899 1472 1952 per
1491 1883 1808 1938 substantiae
1829 1882 2192 1947 identitatem;

632 1994 940 2051 quanquam
973 1988 1029 2030 ut
1069 1978 1302 2046 prapriae
1333 1992 1576 2044 persona:
1603 1977 1869 2045 prodeunt
1900 1995 1913 2029 :
1949 1977 2065 2030 ideo
2092 1992 2196 2029 non

630 2081 786 2139 tegent
835 2070 1132 2122 secundum
1171 2068 1430 2135 impetum
1467 2068 1843 2122 conversione.
1897 2065 2004 2120 Sed
2057 2068 2197 2121 ultra

627 2165 766 2215 banc
798 2175 988 2214 omnes
1025 2160 1144 2213 aliae
1183 2160 1559 2228 processiones
1589 2160 1818 2213 invicem
1850 2170 2194 2226 separantur.

631 2253 691 2306 Et
714 2270 896 2307 earum
919 2253 1137 2320 quidem
1169 2252 1374 2320 absque
1405 2247 1668 2320 principio
1698 2251 1873 2316 nullo;
1907 2251 2032 2319 quia
2063 2252 2197 2304 nihil

628 2347 747 2395 sine
776 2343 1042 2411 principio
1064 2352 1168 2406 est,
1198 2342 1292 2395 sed
1319 2341 1502 2394 omnia
1535 2340 1679 2395 facta
1704 2350 1829 2395 sunt
1859 2357 1886 2394 a
1918 2339 2077 2395 Patre
2104 2357 2200 2408 per

625 2435 844 2500 Filium,
869 2435 1105 2503 perfecta
1129 2452 1159 2489 a
1185 2435 1410 2504 Spiritu.
1434 2435 1647 2502 Absque
1681 2436 1788 2489 tine
1845 2449 1948 2487 non
1981 2436 2193 2497 omnis;

626 2531 720 2581 sed
749 2541 923 2596 neque
943 2529 1107 2580 etiam
1133 2526 1372 2580 omnino.
1401 2525 1598 2580 Eorum
1625 2541 1755 2580 vero
1786 2541 1904 2594 qua!
1939 2535 2198 2595 perpetuo

628 2627 748 2683 post
775 2631 931 2670 suam
967 2615 1092 2670 inde
1126 2615 1540 2686 productionem
1572 2623 1912 2684 permanent,
1950 2630 2054 2668 una
2081 2616 2200 2684 qui-

627 2715 750 2760 «ιιειιι
790 2709 1084 2762 secundum
1140 2707 1524 2773 substantiam,
1558 2715 1612 2761 et
1647 2707 1767 2775 jam,
1796 2707 2032 2775 perfecta
2081 2718 2198 2770 est;

627 2817 802 2871 neque
827 2803 969 2857 enim
992 2802 1097 2856 ulla
1123 2802 1227 2856 alia
1251 2803 1388 2856 ultra
1413 2817 1477 2857 ea
1509 2815 1628 2870 quae
1662 2801 1730 2856 ab
1760 2803 1917 2856 initio
1943 2802 2200 2868 producta

627 2902 774 2960 sunt,
825 2894 1044 2962 insuper
1098 2894 1500 2963 producuntur;
1537 2909 1711 2962 neque
1760 2895 1923 2947 etiam
1973 2908 2034 2946 ea
2080 2909 2199 2961 qua:

629 2986 1053 3052 producta-sunt
1097 2988 1396 3038 secundum
1441 2985 1799 3038 substantiam
1844 2983 2197 3036 mutationem

628 3077 1002 3144 exspectanda
1035 3090 1171 3129 nova
1204 3075 1556 3144 productione
1592 3076 1852 3146 indigent.
1891 3073 1981 3126 Illa
2017 3082 2199 3128 autem

2306 603 2422 663 ἐνὸς
2451 605 2544 655 καὶ
2573 604 2734 673 μόνου
2775 603 2923 666 Υίοῦ,
2959 605 3054 657 καὶ
3088 603 3195 657 άπὸ
3228 602 3322 654 τοῦ
3363 599 3528 654 αὐτοῦ
3577 598 3880 679 πρόϐλησις

2303 695 2398 748 τοῦ
2431 697 2547 761 ἐνὸς
2574 699 2668 751 καὶ
2699 699 2862 767 μόνου
2903 697 3059 765 ἁγίου
3104 695 3420 765 Πνεύματος
3453 691 3574 746 καθ’
3611 691 3676 760 ἣν
3713 692 3744 758 ἠ
3776 706 3882 741 πα-

2305 789 2466 857 τρική
2512 805 2567 841 τε
2612 789 2706 842 καὶ
2735 788 2937 858 ἀρχικὴ
2975 787 3175 857 μᾶλλον
3216 785 3274 838 δὲ
3322 785 3665 854 προάναρχος
3708 781 3880 850 μονὰς

2305 883 2384 944 εἰς
2418 880 2582 934 δυάδα
2633 880 2917 950 κινηθεῖσα
2963 881 3062 949 τὴν
3109 879 3165 930 ἐν
3202 877 3316 947 Υίῷ
3361 873 3746 943 θεωρουμένην
3782 872 3879 923 καὶ⁵

2303 973 2607 1040 Πνεύματι,
2659 973 2819 1041 μέχρι
2862 972 3091 1040 Τριάδος
3143 971 3309 1039 ἔστη,
3349 969 3600 1036 καθάπερ
3641 965 3807 1035 φησιν
3850 966 3880 1016 ὁ

2304 1063 2570 1134 ἡμέτερος
2612 1062 2873 1130 Θεολόγος
2922 1062 3244 1138 Γρηγόριος.
3275 1060 3422 1129 Δύτη
3477 1059 3533 1111 as
3589 1059 3682 1110 καὶ
3741 1056 3878 1125 μόνη

2303 1156 2422 1210 θεία
2459 1156 2616 1224 φύσει
2652 1155 2899 1223 πρόοδος,
2927 1155 3085 1224 εἶπεῖρ
3115 1155 3196 1206 δεῖ
3223 1154 3403 1220 φύσει
3433 1151 3612 1219 λέγειν
3642 1150 3736 1202 ἐπὶ
3769 1149 3880 1200 τῶν

2305 1246 2604 1315 ὑπερφυῶν
2633 1246 2728 1298 καὶ
2758 1246 2917 1297 θείων
2941 1266 2953 1274 ·
2983 1248 3078 1298 καὶ
3109 1245 3312 1314 ταύτης
3339 1244 3480 1314 ἀρχὴ
3514 1244 3612 1311 μὲν
3643 1243 3879 1311 ἄναρχος

2301 1341 2329 1391 ὁ
2382 1343 2592 1406 Πατὴρ,
2647 1337 2706 1404 ἐξ
2760 1336 2924 1389 αὐτοῦ
2969 1337 3110 1406 γάρ·
3168 1336 3400 1405 μεσότης
3448 1334 3506 1386 δέ
3556 1333 3823 1402 σύναρχος
3853 1335 3881 1383 ό

2303 1431 2450 1493 Υἱὸς,
2502 1431 2571 1483 δι’
2601 1429 2769 1482 αὑτοῦ
2806 1431 2913 1498 γάρ
2936 1445 2947 1458 ·
2978 1428 3130 1490 τέλος
3171 1427 3227 1478 δὲ
3274 1424 3738 1495 ὑπερτελέστατον
3786 1423 3881 1475 καὶ

2299 1520 2657 1591 ἀτελεύτητον
2715 1521 2774 1573 τὸ
2825 1518 3053 1586 Πνεῦμα
3102 1519 3162 1570 τὸ
3210 1518 3385 1585 ᾶγιον,
3422 1520 3501 1579 είς
3550 1510 3682 1570 αὐτὸ
3732 1516 3878 1583 γάρ’

2301 1613 2562 1682 ἐξῄρηται
2588 1613 2644 1665 δὲ
2675 1612 2770 1664 καὶ
2802 1611 2911 1664 τῶν
2945 1610 3119 1662 ἄλλων
3151 1609 3393 1680 προόδων
3418 1607 3558 1676 αὕτη
3579 1621 3591 1635 ⁶
3628 1607 3748 1659 οὐδὲ
3771 1607 3882 1675 γάρ

2302 1705 2581 1773 ἐξίστησιν
2613 1705 2749 1766 ὅλως
2786 1705 2884 1768 τῆς
2928 1702 3104 1772 ἀρχῆς
3142 1703 3208 1756 τὰ
3239 1702 3298 1769 ἐξ
3331 1703 3528 1768 αὐτῆς,
3572 1701 3686 1755 ἀλλ’
3719 1702 3878 1754 ἀνεκ-

2301 1797 2530 1864 φοίτητα
2562 1797 2741 1862 πάντη
2789 1795 2992 1864 ταύτης
3027 1796 3215 1864 τηρεῖ,
3262 1794 3350 1847 διὰ
3397 1793 3497 1863 τὴν
3555 1792 3654 1860 τῆς
3693 1791 3879 1854 οὐσίας

2299 1889 2605 1958 ταυτότητα
2631 1905 2643 1918 ·
2689 1889 2737 1942 εί
2774 1888 2867 1941 καὶ
2913 1887 2989 1950 ὼς
3037 1888 3143 1941 [δια
3184 1889 3455 1959 πρόσωπα
3510 1887 3756 1957 πρόεισι·
3798 1886 3881 1940 διὸ

2300 1981 2418 2032 οὐδὲ
2449 1983 2546 2050 τῆς
2571 1981 2692 2032 κατ’
2717 1980 2904 2048 ἐφεσιν
2932 1980 3268 2048 ἐπιστροφῆς
3295 1979 3534 2033 δέονται·
3559 1981 3614 2033 αἱ
3641 1980 3697 2032 δὲ
3728 1980 3880 2050 παρὰ

2300 2074 2506 2140 ταύτην
2538 2076 2712 2126 πᾶσαι
2735 2075 2842 2126 τῶν
2879 2075 3049 2127 όντων
3085 2073 3325 2143 πρόοδοι,
3353 2077 3466 2136 τοῖς
3492 2074 3612 2127 οὖσι
3644 2075 3882 2127 συνδιαι-

2304 2163 2551 2230 ροῦνταιο
2583 2164 2677 2215 καὶ⁵
2724 2165 2956 2234 ἄναρχος
2992 2165 3090 2230 μὲν
3131 2163 3337 2216 τούτων
3377 2163 3624 2234 οὐδεμία,
3656 2165 3740 2217 ὅτι
3786 2165 3882 2217 καὶ⁵

2299 2258 2408 2308 τῶν
2434 2256 2603 2309 ὄντων
2644 2259 2878 2325 ἄναρχον
2903 2257 3075 2320 οὐδὲν,
3106 2258 3245 2311 ἀλλὰ
3276 2259 3457 2311 πάντα
3489 2256 3680 2324 γέγονε
3729 2257 3882 2325 παρὰ

2302 2345 2395 2397 τοῦ
2438 2345 2650 2416 Πατρὺς
2685 2345 2773 2397 διὰ
2812 2346 2907 2399 τοῦ
2949 2346 3074 2399 Υίοῦ
3117 2345 3544 2400 συντελεσθέντα
3580 2345 3659 2416 τῷ
3702 2346 3881 2398 Πνεύ-

2307 2454 2467 2507 ματι·
2509 2437 2865 2506 άτελεύτητος
2899 2438 2977 2503 δὲ,
3033 2439 3095 2491 ού
3145 2441 3330 2493 πᾶσα·
3366 2438 3488 2491 οὔτε
3535 2439 3643 2508 μὴν
3680 2439 3879 2508 πάντη,

2302 2531 2440 2583 ἀλλὰ
2474 2530 2579 2583 τῶν
2617 2531 2717 2600 μὲν
2770 2531 2957 2584 άῖδίων
3002 2532 3140 2601 μετὰ
3169 2533 3267 2602 τὴν
3291 2532 3504 2585 ἐκεῖθεν
3536 2532 3886 2602 παραγωγὴν

2307 2623 2600 2691 μενόντων,
2644 2623 2676 2692 ή
2734 2623 2832 2692 μὲν
2878 2622 2998 2676 κατ’
3037 2623 3227 2677 οὐσίαν
3280 2626 3373 2676 καὶ⁸
3421 2623 3486 2694 δὴ
3531 2623 3884 2676 τετέλεσταιο

2305 2714 2428 2766 οὔτε
2473 2715 2582 2783 γὰρ
2643 2713 2879 2767 ἁλλάττα
2914 2714 3067 2784 παρὰ
3095 2715 3166 2766 τὰ
3208 2715 3267 2780 ἐξ
3307 2716 3482 2784 ἀρχῆς
3528 2715 3884 2784 παραχθέντα

2306 2806 2778 2873 ἐπιπαράγονται·
2825 2804 2936 2856 οὔτ’
2986 2805 3126 2859 αὐτὰ
3163 2806 3348 2857 ἐκεῖνα
3397 2805 3464 2857 τὰ
3505 2804 3882 2873 παραχθέντα,

2304 2898 2401 2966 τὴν
2434 2898 2553 2950 κατ’
2587 2897 2772 2949 οὐσίαν
2806 2897 3107 2966 μεταϐολὴν
3143 2897 3506 2965 ὑπομένοντα,
3532 2897 3693 2949 πάλιν
3719 2897 3887 2965 ἄλλης

2306 2988 2647 3056 παραγωγῆς
2699 2989 2942 3041 δέονται·
3001 2988 3035 3057 ἡ
3079 2986 3136 3038 es
3196 2987 3317 3040 κατ’
3365 2986 3656 3056 ἐλλαμψιν,
3715 2986 3886 3050 ἀΐδιος

2306 3077 2516 3128 ἐκεῖθεν
2553 3077 2837 3148 προϐαίνει
2867 3078 2962 3129 καὶ
3013 3075 3395 3145 άτελεύτητος,
3439 3080 3550 3141 τοῖς
3599 3077 3700 3146 μὲν
3736 3095 3889 3146 πρωσ

627 3183 747 3234 ψιαι
779 3176 863 3219 est
907 3166 1203 3219 secundum
1244 3167 1719 3231 illuminationem,
1760 3177 2020 3234 perpetuo
2073 3164 2200 3219 inde
2229 3178 2274 3236 ο

2229 3178 2274 3236 c
2306 3167 2558 3230 τοδότως,
2599 3171 2710 3227 τοῖς
2740 3169 2816 3224 ,δὲ
2862 3168 3255 3237 δευτεροδότως
3282 3208 3296 3231 ,
3329 3169 3422 3220 καὶ
3471 3168 3731 3236 καθεξῆς
3775 3167 3885 3221 τῶν

629 3268 685 3308 et
720 3258 839 3310 sine
871 3257 979 3310 line
1012 3257 1274 3324 procedit,
1309 3257 1374 3312 iis
1423 3257 1640 3326 quidem
1683 3257 1855 3326 primo
1887 3257 2046 3318 dono,
2095 3255 2201 3309 illis

629 3359 808 3401 autem
858 3350 1128 3412 secundo,
1171 3359 1226 3403 et
1259 3351 1330 3401 ita
1355 3350 1682 3410 successive,
1713 3347 1911 3401 divinis
1949 3346 2202 3414 splendo-

635 3433 781 3488 ribus
819 3437 1112 3488 secundum
1161 3438 1360 3490 donum
1399 3434 1806 3505 proﬂuentibus,
1866 3435 2200 3503 singulorum

630 3527 918 3580 ordinibus
944 3537 993 3579 et
1030 3529 1195 3581 statui
1237 3528 1646 3595 proportionate
1692 3542 1860 3593 usque
1908 3527 1973 3577 ad
2012 3541 2199 3577 eorum

637 3616 838 3669 ultima.
882 3616 973 3670 Sic
1005 3627 1185 3670 autem
1217 3629 1271 3671 et
1294 3619 1474 3672 omnia
1521 3619 1586 3671 ad
1611 3620 1827 3671 unicum
1873 3616 2196 3684 principium

634 3707 930 3773 composite
955 3721 1379 3776 convertuntur;
1405 3722 1458 3764 et
1489 3720 1782 3778 perpetuus
1821 3708 1925 3761 illis
1959 3717 2014 3761 et
2043 3718 2200 3760 aeter-

637 3813 736 3850 nus
758 3811 825 3850 ex
853 3800 1408 3868 processionibusque
1436 3809 1490 3852 et
1527 3799 1980 3853 conversionibus
2012 3797 2194 3851 circu-

632 3887 716 3940 lus
741 3897 1012 3942 servatur.
1039 3888 1325 3944 Processio
1352 3900 1529 3942 autem
1560 3904 1748 3943 eorum
1780 3903 1899 3958 quae
1929 3887 2198 3941 nativitati

630 3984 686 4029 et
714 3979 1052 4046 corruptioui
1087 3976 1141 4032 et
1177 3981 1405 4046 tempori
1437 3980 1820 4049 subjiciuntur,
1860 3978 2035 4046 quoad
2082 3979 2200 4029 uni-

630 4080 848 4121 versum
877 4071 1094 4137 quidem
1118 4083 1173 4124 et
1195 4071 1309 4139 jam
1335 4072 1569 4139 perfecta
1601 4076 1746 4124 sunt.
1771 4069 1912 4122 Intra
1935 4083 2024 4123 sex
2054 4069 2197 4122 enim

630 4159 746 4213 dies
789 4162 1048 4215 totusbic
1098 4162 1367 4216 sensibilis
1432 4165 1662 4216 mundus
1721 4161 2044 4229 adimpletus
2075 4171 2194 4226 est;

630 4250 860 4316 septima
884 4259 1063 4304 autem
1098 4253 1186 4304 die
1222 4251 1486 4320 requievit
1516 4252 1656 4304 Deus
1680 4250 1748 4304 ab
1771 4250 2038 4304 universis
2070 4265 2198 4319 ope-

630 4338 782 4391 ribus
838 4339 975 4392 suis.
1029 4338 1212 4406 Neque
1256 4339 1366 4408 jam
1418 4339 1640 4393 alterius
1689 4339 1872 4394 mundi
1924 4340 2197 4408 processio

631 4437 979 4495 exspectantur
1012 4428 1065 4481 in
1117 4432 1429 4483 universum
1476 4431 1843 4497 perficienda,
1899 4435 2193 4483 secundum

629 4519 915 4582 praesentis
944 4520 1125 4573 saeculi
1151 4519 1571 4588 perfectionem;
1626 4522 1802 4588 quoad
1853 4532 2037 4588 partes
2070 4535 2196 4574 vero
2227 4509 2270 4566 Β

627 4613 803 4664 adhuc
837 4614 1053 4680 quidem
1104 4614 1354 4679 efficitur,
1396 4613 1847 4682 quemadmodum
1877 4615 2080 4666 dictum
2113 4622 2195 4667 est

625 4719 654 4753 a
689 4702 969 4756 Salvatore
1007 4722 1020 4756 :
1060 4723 1078 4755 ι
1116 4703 1277 4758 Pater
1302 4721 1455 4761 meus
1473 4719 1644 4772 usque
1671 4705 1830 4757 modo
1854 4712 2110 4770 operatur
2139 4713 2194 4756 et

623 4807 725 4858 ego
742 4807 958 4860 operor.
992 4813 1012 4844 ι
1048 4795 1331 4848 Cessatum
1359 4804 1540 4849 autem
1574 4792 1676 4846 fuit
1701 4792 2194 4860 omninoaproces-

624 4884 780 4935 sione
817 4885 1112 4938 secundum
1163 4901 1504 4941 communem
1552 4886 1975 4957 perfectionem;
2005 4895 2059 4938 et
2088 4885 2192 4938 alia

629 4982 756 5025 tunc
795 4976 1069 5040 processio
1131 4979 1274 5043 erit,
1333 4979 1630 5033 secundum
1684 4992 1845 5046 quam
1898 4976 2004 5028 erit
2055 4975 2194 5030 Deus

2307 3259 2465 3311 θείων
2492 3258 2945 3326 ἁπαυγασμάτων
2974 3257 3361 3329 προχεομένων
3395 3257 3531 3310 κατὰ
3572 3259 3885 3328 μετάδοσιν,

2306 3350 2585 3418 ἀναλόγως
2633 3353 2753 3410 ταῖς
2800 3350 3046 3402 ἑκάστων
3084 3348 3303 3412 τάξεσιν
3350 3351 3449 3401 εἶτ’
3491 3349 3583 3402 οὖν
3635 3351 3886 3412 στάσεσις

2308 3442 2470 3510 μέχρι
2508 3442 2603 3493 καὶ
2646 3442 2755 3494 τῶν
2790 3443 2847 3494 ἐν
2889 3439 3119 3503 ἐκείνοις
3176 3438 3459 3510 ἐσχάτωνο
3508 3439 3652 3494 οὕτω
3699 3441 3754 3494 δὲ
3793 3443 3889 3494 καὶ

2306 3526 2482 3578 πάντα
2504 3527 2639 3594 πρὸς
2663 3528 2762 3596 τὴν
2795 3527 2927 3595 μίαν
2949 3529 3125 3598 ἀρχὴν
3155 3529 3495 3592 ἀνατατικῶς
3525 3531 3846 3601 ἐπιστρέφει
3867 3549 3882 3561 ·

2306 3619 2398 3670 καὶ
2453 3620 2480 3670 ό
2532 3619 2697 3681 ἀΐδιος
2740 3619 2947 3682 τούτοις
2998 3622 3091 3672 καὶ
3137 3620 3496 3690 άτελεύτητος
3531 3621 3588 3674 ἐν
3646 3640 3707 3674 τε
3761 3627 3885 3687 ταῖς

2306 3709 2557 3779 προόδοις
2591 3712 2684 3761 καὶ
2715 3713 2834 3773 ταῖς
2869 3711 3192 3778 ἐπιτροφαῖς
3228 3711 3425 3774 κύκλος
3459 3712 3727 3776 σώζεται·
3761 3716 3794 3783 ἡ
3825 3715 3884 3768 δὲ

2302 3801 2412 3854 τῶν
2447 3803 2552 3854 ὑπὸ
2595 3804 2809 3871 γένεσιν
2850 3804 2944 3856 καλ⁹
2982 3804 3192 3874 φθορὰν
3237 3807 3330 3856 καὶ
3360 3805 3571 3874 χρόνον,
3605 3807 3744 3858 κατὰ
3783 3807 3885 3874 μὲν

2300 3892 2361 3944 τὸ
2391 3893 2643 3958 καθόλου,
2676 3899 2763 3946 καὶ
2794 3895 2893 3966 ΙΙίιδη
2929 3898 3261 3950 τετέλεσται.
3303 3897 3392 3948 Ἐν
3418 3895 3476 3962 ἒξ
3505 3896 3613 3966 γάρ
3644 3897 3882 3967 ἡμέραις

2305 3983 2526 4054 σύμπας
2561 3986 2589 4037 ὁ
2629 3986 2884 4056 αἰσθητὸς
2931 3989 3401 4058 συμπεπλήρωται
3451 3989 3691 4058 κόσμος·
3732 3991 3792 4042 ἐν
3824 3989 3883 4042 δὲ

2299 4078 2366 4145 τῇ
2420 4077 2622 4146 ἐὸδόμῃ
2687 4080 3036 4131 κατέπαυσεν
3083 4079 3112 4130 ό
3158 4080 3292 4143 Θεὸς
3339 4078 3450 4132 ἀπὸ
3508 4081 3728 4134 πάντων
3769 4082 3884 4134 τῶν

2303 4165 2482 4235 ἔργων
2513 4166 2679 4220 αὑτοῦ
2706 4186 2719 4200 ·
2752 4170 2845 4221 καὶ
2886 4166 3072 4222 οὐκέτι
3101 4171 3330 4240 πρόοδος
3353 4173 3516 4226 ἄλλου
3547 4173 3751 4242 κόσμου
3785 4176 3882 4226 καὶ

2301 4255 2382 4308 ἔτι
2420 4257 2788 4326 προσδοκᾶται
2830 4259 3068 4330 πάμπαν
3104 4261 3543 4331 συντελεσθῆναι,
3596 4265 3736 4316 κατὰ
3778 4265 3880 4330 τὴν

2298 4347 2391 4399 τοῦ
2427 4349 2695 4418 παρόντος
2729 4349 2925 4412 αἰῶνος
2976 4352 3317 4404 συντέλειανο
3354 4354 3496 4406 κατὰ
3547 4354 3603 4404 δέ
3639 4354 3702 4405 τὸ
3733 4356 3881 4406 κατὰ

2302 4440 2491 4508 μέρος,
2522 4439 2603 4492 ἐτι
2635 4441 2735 4510 μὲν
2764 4444 3067 4512 ἐνεργεῖται
3103 4443 3249 4495 καθὰ
3278 4445 3494 4514 εῐρηται
3515 4445 3594 4514 τῷ
3624 4444 3874 4514 Σωτῆρι·

2307 4548 2325 4577 ι
2354 4531 2382 4580 ὁ
2410 4531 2600 4602 Πατήρ
2615 4550 2717 4601 μου
2729 4534 2833 4594 ἓως
2854 4533 2982 4603 ἄρτι
3005 4534 3830 4604 ἐργάζεται,κάγὼέργάζομαι·
3855 4557 3872 4586 ι

2298 4623 2642 4677 πεπαύσεται
2678 4626 2734 4678 δὲ
2770 4627 2989 4689 πάντως
3033 4629 3126 4680 καὶ⁵
3170 4629 3203 4696 ἡ
3238 4628 3378 4680 κατὰ
3409 4629 3509 4697 τὴν
3540 4628 3725 4698 κοινὴν
3756 4646 3880 4680 συν-

2295 4713 2506 4766 τέλειαν
2524 4730 2538 4745 ’
2569 4717 2662 4768 καὶ
2691 4717 2826 4788 ἄλλη
2866 4718 3172 4788 τηνικαῦτα
3197 4717 3427 4788 πρόοδος
3456 4718 3629 4781 ἔσται,
3655 4719 3780 4773 καθ’
3809 4720 3880 4790 ἢν

2296 4801 2450 4856 ἔσται
2486 4807 2514 4856 ό
2559 4806 2690 4868 Θεὸς
2719 4808 2789 4860 τὰ
2836 4809 3014 4862 πάντα
3066 4811 3125 4862 ἐν
3175 4811 3342 4862 πᾶσι·
3377 4809 3471 4862 καὶ
3523 4809 3700 4862 πάντα
3736 4811 3875 4879 πρὸς

2296 4895 2459 4948 αὑτὸν
2497 4896 2942 4967 ἐπιστρέφουσιν,
2971 4901 3005 4970 ἡ
3051 4900 3160 4953 τῶν
3187 4899 3326 4953 ὅλων
3368 4901 3872 4969 μεταστοιχείωσις,

2302 4986 2394 5036 καὶ
2420 4988 2483 5038 ἐκ
2524 4986 2731 5057 φθορᾶς
2761 4991 2839 5050 είς
2860 4989 3171 5060 ἀφθαρσίαν
3205 4990 3586 5060 μεταποίησις.

623 5065 807 5117 omnia
841 5065 896 5118 in
927 5069 1213 5136 omnibus;
1247 5079 1302 5124 et
1331 5072 1514 5125 omnia
1547 5072 1614 5125 ad
1644 5073 1817 5139 ipsum
1861 5079 2271 5135 convertentur,
2298 5085 2350 5129 et
2422 5081 2798 5134 universorum
2859 5082 2964 5135 erit
3022 5079 3461 5147 transformatio,
3535 5090 3592 5136 et
3635 5095 3700 5135 ex
3749 5094 3874 5135 cor.

626 5155 876 5223 raptione
903 5156 957 5211 in
987 5158 1444 5230 incorruptionem
1473 5163 1815 5215 instauratio.

1331 5338 1644 5395 EXPLECIT
1680 5339 1858 5396 PARS
1880 5341 2194 5399 SECUNDA
2226 5344 2389 5400 TOMI
2426 5341 2838 5400 OCTOGESIMI
2872 5341 3163 5398 SEPTIMI.

2322 5782 2326 5786 Ι
2350 5816 2550 5865 Ιπιριιίιηέ
2572 5826 2646 5864 par
2669 5813 2728 5850 les
2751 5811 2902 5849 Usines
2926 5809 3101 5861 Brepols
3122 5808 3164 5846 S.
3188 5809 3239 5845 Α.
3265 5825 3312 5838 -
3333 5805 3555 5844 Turnhout
3579 5802 3836 5853 (Belgiqoe).

2849 5927 3044 5955 Ριικτιο
3068 5925 3115 5953 IN
3139 5924 3342 5952 ιειοιυνι
