4020 6372
650 375 792 443 2147

2000 360 2362 424 PROCOPII
2390 363 2630 426 GAZ/El

3744 383 3841 449 2H8

649 489 838 544 Graece
882 484 1062 555 νόμος
1109 479 1404 551 appellata,
1436 490 1600 548 quam
1652 474 1923 546 dissipato
1966 474 2234 528 malarum

2340 474 2608 546 λυομένης
2656 475 2917 548 Αἰγύπτῳ
2945 486 2973 526 ει
3022 475 3128 548 τῆς
3170 476 3267 532 ἐπὶ
3311 478 3465 549 κακῷ
3508 491 3790 561 cuneavit,
3825 504 3845 552 δ

650 580 998 634 voluntatum
1036 586 1315 629 consensu
1353 571 1406 624 in
1454 568 1695 640 Egypto
1737 568 2023 637 abrogavit
2057 564 2242 618 Domi-

650 688 780 736 nus,
813 679 873 723 ut
894 667 1186 729 excitandi,
1211 666 1267 718 in
1293 680 1348 718 se
1372 661 1838 731 committendiqtte
1866 658 2049 714 verbis
2072 656 2242 727 signi-

653 764 859 832 licavit)
894 760 1225 817 Christiana:
1267 754 1632 827 repugnabat.
1682 752 1794 807 Hoc
1834 751 1980 806 enim
2018 750 2238 805 dennnn

649 864 758 917 est.
796 868 938 925 quos
980 852 1123 907 duos
1164 849 1219 903 in
1252 858 1386 912 tres,
1415 857 1468 902 et
1496 855 1609 900 tres
1639 846 1695 899 in
1729 846 1866 899 duos
1912 838 2240 909 dividendos

649 962 776 1002 csse
816 946 1068 1015 legimus.
1103 941 1230 997 Ideo
1263 954 1396 1009 ergo
1429 936 1809 1009 {Egyptiorum
1844 934 2093 1003 spiritum
2125 940 2242 985 tur-

651 1040 833 1092 batum
880 1036 946 1091 iri
994 1034 1162 1105 (quod
1210 1032 1489 1100 rumpendi
1518 1028 1739 1098 quidem
1782 1026 1951 1080 verbo
1983 1023 2239 1095 Symma-

648 1132 823 1193 chus,
873 1126 1149 1180 dividendi
1206 1132 1389 1177 autcm
1450 1119 1798 1184 Tlteodotio,
1857 1116 2053 1188 Aquila
2108 1128 2241 1169 vero

648 1222 877 1278 laxandi
926 1216 1290 1287 extulerunt),
1335 1214 1629 1270 allirmant.
1670 1212 1802 1279 Qua:
1851 1219 2001 1266 certe
2029 1209 2237 1271 omnia,

649 1315 922 1384 dissipato
950 1310 1235 1383 religionis
1265 1308 1447 1378 impia:
1475 1306 1731 1371 consilio,
1760 1304 1815 1359 in
1847 1301 2234 1374 Egyptlorum

654 1406 955 1460 utilitatem
1003 1402 1186 1457 futura
1236 1409 1389 1465 sttut,
1424 1413 1535 1468 quo
1574 1406 1821 1466 tempore
1861 1396 1915 1449 in
1954 1393 2240 1465 angustias

647 1494 857 1551 redacti
905 1493 974 1548 ad
1011 1491 1223 1545 nullum
1263 1506 1367 1543 non
1402 1504 1575 1559 genus
1614 1486 1971 1541 oraculorum
2013 1493 2068 1539 et
2100 1484 2241 1536 vati-

650 1588 950 1653 ciniorum,
985 1586 1130 1642 sicut
1187 1584 1323 1654 ipsis
1352 1584 1617 1637 usitatum
1650 1590 1789 1648 erat,
1823 1585 2235 1635 convertentur.

660 1678 824 1734 Vocat
856 1690 1038 1733 autem
1078 1676 1145 1731 de
1180 1685 1325 1730 terra
1370 1674 1665 1745 loquentes,
1693 1688 1791 1729 eos
1829 1673 1921 1743 qui
1958 1686 2057 1743 per
2087 1686 2237 1725 utor-

647 1780 775 1828 tuos
802 1770 1204 1835 vaticinantur;
1234 1776 1289 1823 et
1319 1767 1701 1838 oeutriloquos,
1728 1766 1821 1835 qui
1846 1766 1914 1821 de
1939 1780 2043 1821 suo
2071 1762 2239 1819 corde

2340 566 2495 637 δηλοῖ
2525 566 2761 638 μάλιστα
2808 568 2899 632 τὸ,
2937 568 3254 623 στασιάσω
3294 571 3391 623 καὶ
3421 576 3702 641 συμϐαλῶ.
3726 584 3846 643 Τοῦτο

2340 660 2451 733 γάρ
2479 661 2595 715 ἔστι
2619 660 2703 727 τὸ,
2740 658 2956 715 ἔσονται
2989 661 3384 732 μεμερισμένοι
3408 663 3500 717 δύο
3525 667 3613 721 ἐπὶ
3637 678 3847 741 magni,

2340 754 2492 822 τρεῖς
2520 752 2615 806 ἰπὶ
2641 752 2817 807 δυσίν.
2850 753 2943 807 Διὸ
2992 755 3089 808 καὶ
3133 756 3569 824 ταραχθήσεται
3596 762 3651 815 τὸ
3672 767 3848 839 Πνεῦμα

2341 844 2462 898 τῶν
2509 846 2871 915 Αἰγυπτίων,
2899 847 3065 918 φησὶ,
3095 848 3238 901 κατὰ
3266 848 3562 921 Σύμμαχον
3585 852 3636 906 δὲ
3654 857 3848 927 ῥαγήσε-

2339 954 2476 1001 ται,
2521 938 2926 1008 σχισθήσεται
2975 939 3032 993 δὲ
3077 940 3223 994 κατὰ
3272 940 3618 1000 Θεοδοτίωνα.
3659 949 3782 1005 Κατὰ
3812 957 3851 1010 δὲ

2354 1029 2590 1083 Ἀκύλαν
2618 1030 3259 1099 πλαδαρωθήσεται.Ἀ
3278 1032 3342 1103 δὴ
3366 1033 3542 1087 πάντα
3564 1036 3648 1091 ἐπὶ
3666 1052 3849 1119 προκοτῇ

2340 1122 2449 1176 τῶν
2495 1123 2813 1192 Αἰγυπτίων
2866 1125 3161 1195 γενήσεται
3187 1162 3204 1187 ,
3260 1124 3753 1201 διασκεδαννυμένης
3784 1137 3851 1205 τῆς

2340 1213 2736 1285 δεισιδαίμονος
2784 1215 3011 1269 ἐκείνων
3066 1215 3288 1287 βουλῆς,
3318 1218 3406 1270 ὅτε
3456 1218 3551 1271 καὶ
3592 1220 3852 1293 ἀποροῦντες

2339 1304 2481 1358 κατὰ
2509 1304 2571 1358 τὸ
2598 1304 2829 1375 σύνηθες
2865 1306 3051 1369 αὐτοῖς
3077 1306 3173 1360 ἐπὶ
3203 1306 3490 1377 χρησμοὺς
3528 1308 3621 1362 καὶ
3658 1316 3852 1380 μαντείας

2339 1396 2637 1468 διαφόρους
2660 1398 3059 1469 τραπήσονται.
3078 1400 3174 1452 Ἐκ
3198 1398 3312 1469 γῆς
3337 1400 3395 1453 δὲ
3426 1401 3747 1471 φωνοῦντας
3764 1411 3851 1475 τοὺς

2339 1490 2730 1561 νεκρομάντεις
2780 1491 2967 1561 φησίν.
2986 1491 3533 1561 Ἐηθαστριμύθους
3577 1494 3649 1558 δὲ,
3676 1498 3776 1561 τοὺς
3810 1503 3853 1555 ἐκ

2338 1582 2441 1652 τῆς
2468 1582 2647 1637 αὐτῶν
2672 1582 2927 1654 καρδίας,
2949 1582 2982 1653 ἢ
3008 1583 3261 1655 δαίμονος
3287 1582 3382 1637 τοῦ
3414 1585 3726 1652 ἐνοικοῦντος
3749 1592 3853 1663 ἐρευ-

2339 1677 2629 1747 γομένους,
2659 1675 2852 1749 ὥσπερ
2897 1673 2993 1731 οὖν
3025 1678 3119 1731 καὶ
3149 1677 3418 1745 γνώστας,
3451 1680 3575 1743 τοὺς
3620 1682 3851 1753 σπλαγχνι-

2342 1769 2683 1835 σκοποῦντας
2723 1770 3008 1825 ἐκάλεσεν.
3035 1770 3291 1825 Μάλιστα
3318 1771 3376 1825 δὲ
3404 1771 3621 1836 ταύταις
3645 1774 3737 1828 τῶν
3766 1777 3855 1830 Ῥω-

650 1865 740 1921 vel
785 1861 1154 1918 inltabitantis
1186 1860 1240 1915 in
1284 1875 1351 1915 eo
1380 1860 1465 1914 vel
1503 1859 1770 1913 dtemonis
1801 1872 1966 1929 Opera
2001 1858 2238 1927 loquun-

2351 1861 2529 1931 μαίων
2580 1861 2764 1924 αὐτοῖς
2822 1861 3086 1913 ἐπιόντων
3146 1862 3470 1932 ἐκέχρηντο.
3533 1861 3740 1928 Τούτους
3778 1868 3851 1938 γὰρ

648 1969 775 2013 tur:
800 1956 993 2028 quales
1022 1957 1297 2010 exsistunt
1319 1961 1374 2007 et
1407 1953 1564 2007 arioli
1596 1951 1721 2022 ipsi,
1746 1960 1802 2006 et
1831 1952 1927 2022 qui
1959 1965 2024 2007 ex
2059 1950 2237 2005 visce-

647 2067 769 2104 rum
820 2047 1161 2119 inspectione
1203 2046 1273 2101 de.
1329 2044 1532 2100 futuris
1584 2044 1983 2115 pronuntiant,
2030 2041 2235 2113 quibus

645 2142 925 2209 omnibus,
972 2156 1038 2196 eo
1085 2140 1360 2212 praecipue
1409 2145 1658 2209 tempore
1694 2152 1822 2193 cum
1864 2138 1919 2192 in
1952 2135 2235 2191 Romano-

647 2252 770 2291 rum
794 2247 1119 2307 potestatem
1144 2240 1434 2297 venerunt,
1458 2233 1775 2289 utebantur.
1801 2233 1966 2305 266
1987 2232 2236 2304 Appellat

645 2330 798 2383 enim
835 2330 1022 2395 duros,
1050 2336 1310 2397 tanquam
1342 2325 1608 2380 invictum
1645 2325 2053 2397 inl'ractumque
2079 2325 2237 2381 clade

647 2417 896 2487 qualibet
936 2417 1184 2471 aninmm
1226 2414 1600 2483 possiderent.
1641 2413 1753 2470 Nec
1785 2431 1918 2470 vero
1950 2432 2060 2486 quo
2100 2426 2237 2469 tent-

648 2525 783 2581 pore
824 2508 969 2563 idola
1012 2510 1255 2578 peritura
1295 2506 1429 2571 sint,
1465 2507 1719 2571 reticuit,
1758 2522 1883 2562 cum
1925 2505 2233 2578 Egyptiaei

648 2602 805 2672 regni
855 2602 1139 2657 interitum
1192 2602 1425 2656 notavit.
1474 2601 1595 2667 Quo
1634 2601 1783 2655 enim
1839 2600 1893 2653 in
1935 2599 2233 2671 Egyptttm

648 2704 898 2767 tempore
944 2696 1144 2751 salutis
1194 2694 1443 2767 ingressa
1488 2704 1575 2751 cst
1614 2695 2002 2766 promulgatio,
2041 2695 2112 2749 ab
2138 2711 2228 2750 eo-

647 2788 773 2843 dem
819 2802 1062 2859 quoque,
1103 2787 1150 2842 si
1188 2803 1297 2842 non
1329 2788 1399 2842 ab
1436 2788 1559 2858 ipso
1590 2789 1778 2859 potius
1808 2786 2115 2844 Salvatoris
2143 2802 2238 2841 na-

650 2872 1022 2942 tali,thsare
1055 2878 1303 2950 Augusto
1344 2874 1671 2950 imperante,
1707 2877 2045 2948 reguictepit
2076 2878 2239 2933 abro-

650 2973 817 3041 gatio.
851 2970 1070 3028 Primus
1104 2972 1255 3027 enim
1288 2973 1392 3028 iste
1430 2973 1697 3028 devictam
1726 2970 2023 3043 Egyptum
2068 2971 2239 3042 impe-

648 3060 735 3116 rio
762 3058 1013 3116 Romano
1042 3060 1263 3130 adjecit,
1296 3075 1488 3131 quam,
1529 3062 1622 3131 qui
1664 3069 1855 3133 postea
1893 3062 2071 3118 secuti
2108 3072 2240 3118 sunt

648 3151 1036 3223 imperatores,
1071 3154 1257 3210 missis
1288 3155 1341 3208 in
1378 3154 1657 3225 regionem
1690 3154 1926 3209 ducibus
1957 3164 2013 3209 et
2036 3155 2235 3225 copiis,

2342 1953 2654 2021 σκληροὺς
2682 1953 2760 2017 ὡς
2785 1953 3101 2025 ἀνικήτους,
3130 1952 3228 2007 καὶ
3262 1954 3402 2025 πρὸς
3427 1954 3603 2008 πᾶσαν
3630 1950 3771 2026 ἦττον
3789 1960 3853 2012 ἀν·

2342 2045 2591 2109 ενδότους
2616 2045 2792 2099 καλεῖ.
2816 2043 2978 2116 Δηλοῐ
3004 2044 3062 2098 δὲ
3087 2044 3178 2099 διὰ
3202 2045 3412 2098 τούτων
3437 2046 3537 2117 τῆς
3562 2045 3662 2100 τῶν
3680 2048 3852 2104 suam

2342 2138 2721 2210 καθαιρέσεως
2753 2137 2845 2192 τὸν
2876 2138 3091 2210 καιρδν,
3127 2137 3226 2209 τῆς
3271 2137 3381 2191 τῶν
3426 2138 3719 2207 Αἰγυπτίων
3742 2140 3852 2211 βασι-

2340 2229 2492 2294 λείας
2537 2228 2966 2301 ικϐαλλομένης.
3013 2227 3348 2299 Συνεισῆλῢε
3392 2228 3502 2300 γὰρ
3554 2228 3628 2300 τῷ
3666 2233 3853 2303 σωτηρίῳ

2342 2322 2667 2395 κηρύγματι
2698 2323 2795 2376 καὶ
2827 2324 2861 2394 ἡ
2890 2321 3002 2376 τῶν
3046 2324 3105 2376 ὲν
3154 2321 3421 2393 Αἰγύπτῳ
3452 2320 3700 2392 βασιλέων
3719 2324 3853 2377 καθεί-

2348 2434 2497 2489 ρεσις
2518 2435 2535 2450 ο
2562 2415 2762 2489 μᾶλλον
2792 2416 2850 2469 δὲ
2882 2417 2978 2470 καὶ
3002 2417 3139 2487 αὐτῇ
3171 2418 3238 2487 τῇ
3266 2414 3361 2469 τοῦ
3398 2414 3644 2486 Σωτῆρος
3664 2418 3851 2487 γεννήσει

2343 2509 2436 2560 ἐπὶ
2465 2506 2779 2575 Αὐγούστου
2816 2506 3096 2578 Καίσαρος
3120 2506 3416 2577 γενομένη.
3452 2505 3670 2569 Δυνατὸς
3695 2506 3781 2574 γὰρ
3802 2508 3853 2559 ὢν

2342 2592 2497 2662 οὗτος
2523 2597 2780 2669 βασιλεὺς
2806 2598 2906 2669 τὴν
2936 2598 3213 2667 Αἴγυπτον
3246 2596 3470 2668 πρῶτος
3501 2598 3611 2659 τοῖς
3634 2596 3853 2667 Ῥωραὲοις

2344 2690 2599 2758 ὑπέταξε.
2632 2690 2769 2745 Μεθ’
2789 2690 2849 2743 δν
2876 2689 3077 2762 ὁμοίως
3104 2691 3155 2743 oi
3187 2689 3481 2760 Ῥωμαίων
3520 2689 3730 2753 ᾶπαντες
3759 2706 3853 2759 κρο-

2341 2785 2487 2838 ταιοὶ
2512 2782 2750 2856 βασιλεῖς
2786 2782 3208 2837 κατεδουλοῦντο
3227 2782 3326 2853 τὴν
3350 2782 3642 2850 Αἴγυπτον,
3658 2796 3855 2852 στρατιω-

2341 2879 2530 2940 τικούς
2569 2877 2752 2941 αύτοῖς
2781 2876 3161 2947 ἐκπέμποντες
3192 2876 3486 2948 ἄρχοντας.
3515 2870 3612 2929 Ὧν
3635 2874 3693 2928 τὸ
3714 2878 3852 2940 σκιη-

2334 2970 2453 3039 ρόν
2481 2969 2718 3039 ἐδήλωσε
2766 2969 2991 3041 Δανιὴλ,
3024 2968 3252 3039 σιδηρᾶν
3277 2968 3466 3023 αὐτῶν
3510 2968 3605 3037 τὴν
3649 2965 3855 3037 βασιλείαν

2342 3061 2537 3117 εἰπών.
2568 3063 2679 3115 Καὶ
2712 3061 2903 3133 Θηρίον
2928 3060 3052 3133 ἔχον
3079 3061 3297 3126 ὀδόντας
3323 3061 3596 3133 σιδηροῦς,
3615 3060 3699 3115 καὶ
3714 3060 3853 3130 Mla;

2346 3152 2629 3225 σιδηροῦς.

647 3245 755 3301 sibi
797 3246 1011 3302 servire
1044 3252 1365 3317 coegerunt.
1400 3244 1513 3301 Nec
1549 3260 1680 3300 vero
1726 3246 1945 3301 illorum
2028 3246 2285 3300 duritiem
2322 3246 2465 3301 male
2513 3245 2869 3315 signiﬁcavit,
2902 3259 3028 3300 cum
3073 3244 3312 3301 ferreum
3360 3242 3643 3315 imperium
3699 3258 3853 3303 eorum.

650 3336 959 3407 ferreisque
1007 3337 1287 3407 unguibus
1332 3348 1387 3392 et
1427 3336 1687 3393 dentibus
1735 3337 2019 3409 [traditam
2074 3338 2243 3393 ieram
2283 3338 2589 3395 nominavit
2616 3338 2660 3394 ⁷.

722 3427 989 3498 Sequitur
1035 3428 1232 3483 deinde
1275 3444 1291 3482 :
1339 3426 1408 3482 Et
1466 3428 1648 3483 bibunt
1705 3446 1901 3501 aquam
1956 3429 2238 3504 /Eggptii,

2415 3428 2511 3495 Οἷς
2542 3430 2865 3503 ἐπιφέρεται
2888 3446 2905 3464 ·
2938 3430 3049 3485 Καὶ
3081 3430 3320 3485 «(ortas
3362 3430 3521 3498 ὕδωρ
3542 3430 3795 3501 Αἰγύπτιοι
3814 3432 3857 3483 τὸ

649 3518 788 3590 quod
812 3528 892 3573 est
912 3518 1077 3589 juxta
1099 3537 1246 3575 mare
1264 3537 1411 3591 :quo
1440 3522 1563 3576 loco
1589 3523 1817 3593 Aquilae
1844 3542 1996 3597 aqua:
2023 3544 2056 3580 a
2099 3526 2238 3581 mari

652 3610 1007 3666 absorbentur
1040 3612 1435 3684 interpretatus
1479 3624 1598 3682 est,
1626 3614 1993 3688 Symmachus
2029 3628 2235 3684 autem,

650 3705 1169 3761 “terminabuntur.
1226 3706 1581 3776 Signiﬁcatur
1628 3725 1759 3764 vero
1803 3726 1899 3780 per
1937 3728 2084 3766 mare
2116 3712 2237 3783 ipsa

652 3795 1036 3867 Egyptiorum
1085 3797 1403 3864 multitudo,
1436 3816 1547 3870 quo
1593 3813 1757 3872 pacto
1798 3811 1988 3873 gentes
2035 3804 2237 3860 multas

653 3900 839 3953 antea,
870 3899 1129 3959 tanquam
1158 3906 1309 3944 mare
1337 3890 1597 3947 ﬂuctibus
1620 3892 1887 3962 agitatqu
1920 3893 2079 3947 dixit.
2117 3894 2238 3959 Quo

651 3980 855 4035 deinde
908 3980 1032 4035 loco
1082 3980 1150 4037 de
1202 3985 1389 4038 radice
1433 3982 1605 4039 Jessae
1660 3984 1944 4049 disseruit,
1977 3994 2033 4040 et
2085 4000 2239 4041 mare

653 4071 877 4145 Egypti
906 4073 1187 4129 desertum
1218 4090 1279 4131 se
1305 4076 1648 4131 redditurum
1682 4077 2027 4132 minitantem
2057 4078 2239 4133 Domi-

654 4180 787 4219 num
847 4166 1176 4221 introduxit.
1230 4166 1407 4238 Hujus
1449 4186 1672 4241 quoque
1718 4171 2134 4242 amplitudinem
2185 4181 2241 4229 et

654 4252 927 4311 Jeremias
972 4256 1091 4326 ipse
1138 4257 1371 4313 locustis
1423 4268 1474 4313 et
1529 4258 1695 4313 saltui
1746 4261 2112 4332 comparavit,
2145 4262 2239 4317 ubi

656 4347 735 4400 ait
760 4366 774 4403 :
804 4366 824 4401 ι
844 4347 1119 4403 Succidite
1143 4349 1342 4404 saltum
1364 4348 1508 4417 ejus,
1524 4348 1657 4404 dicit
1677 4351 2105 4422 Dominus,quia
2129 4367 2239 4408 non

657 4440 1071 4509 supputabitur,
1125 4440 1255 4509 quia
1301 4440 1693 4511 multiplicabit
1738 4458 1902 4511 super
1946 4444 2238 4507 locustam,

654 4540 711 4585 et
755 4546 867 4585 non
913 4541 999 4585 est
1043 4531 1124 4587 eis
1176 4548 1438 4588 nmnertts
1466 4533 1509 4587 ⁸.
1559 4552 1577 4584 ι
1631 4533 1711 4588 Ad
1751 4535 1897 4605 quod
1946 4536 2241 4589 desiturum

657 4623 877 4693 ﬂuvium
929 4622 1097 4689 dixit,
1145 4623 1213 4678 de
1265 4640 1435 4694 regno
1484 4634 1654 4691 certe,
1700 4640 1812 4680 non
1864 4625 2026 4681 aliter
2072 4641 2240 4697 quam

657 4721 817 4769 antea
868 4717 1017 4780 (cum
1063 4716 1131 4771 de
1176 4715 1364 4771 radice
1391 4714 1563 4773 Jesste
1607 4733 1791 4773 sermo
1819 4719 1987 4789 esset)
2022 4719 2077 4774 in
2121 4720 2240 4788 ejus

2338 3524 2497 3592 παρὰ
2519 3524 2863 3578 θάλασσαν.
2881 3522 3023 3577 ‘AvO'
3051 3518 3113 3576 οὗ
3143 3540 3312 3594 φησιν
3343 3523 3597 3587 Ἀκύλας,
3614 3521 3859 3585 Ἆγααοθήο

2336 3630 2511 3671 σεται
2539 3614 2729 3670 ὕδατα
2758 3616 2879 3670 ἀπὸ
2903 3614 3319 3683 θαλάσσης.⁹0
3342 3616 3399 3670 δὲ
3429 3616 3855 3686 Σύμμαχος,Ἀρο-

2336 3707 2715 3776 νισθήσεται.
2747 3706 3037 3777 Τροπικῶς
3091 3707 3146 3760 δὲ
3176 3706 3497 3771 θάλασσα,
3527 3707 3588 3760 τὸ
3614 3703 3857 3776 ταραχῶδες

2338 3800 2543 3871 πλῆθος
2569 3799 2680 3852 τῶν
2711 3799 3031 3869 Αἰγυπτίων
3052 3808 3075 3837 ι’
3106 3798 3186 3853 διὸ
3232 3800 3329 3853 καὶ
3360 3799 3618 3871 ἀνωτέρω
3656 3797 3713 3850 τὰ
3735 3794 3857 3848 πολλὰ

2338 3893 2471 3963 ἔθνη
2500 3892 2576 3957 ὡς
2605 3892 2886 3948 θάλασσαν
2918 3892 3021 3963 ἔφη
3050 3892 3453 3963 κυμαίνουσαν.
3482 3891 3587 3944 Kal.
3613 3890 3664 3941 ὲν
3685 3881 3753 3951 οἷς
3767 3885 3858 3953 περὶ

2339 3986 2433 4041 τοῦ
2462 3988 2526 4039 ὲκ
2554 3983 2714 4057 ῥίζης
2742 3986 2938 4041 Ἰεσσαὶ
2960 3984 3343 4057 διελάμϐανεν,
3376 3984 3552 4053 ἔλεγε·
3585 3982 3669 4037 καὶ
3693 3977 3855 4051 ἐρημώ-

2347 4098 2429 4134 σει
2460 4077 2667 4149 Κὺριος
2713 4077 2816 4147 τὴν
2865 4076 3145 4130 θάλασσαν
3193 4074 3497 4144 Αἰγύπτου.
3528 4073 3723 4142 Ταύτης
3746 4070 3789 4123 δὲ
3816 4067 3859 4121 τὸ

2344 4169 2549 4241 πλῆθος
2577 4169 2673 4222 καὶ
2708 4167 2980 4239 Ἱερεμίας
3026 4167 3251 4239 ἀκρίσιν
3293 4168 3563 4222 ἀπείκασε
3594 4165 3679 4219 καὶ
3700 4159 3856 4237 δρυμῷ.

2340 4262 2515 4332 λέγων
2533 4277 2548 4293 ·
2585 4278 2606 4314 ε
2629 4260 2929 4330 Ἑκκόψατε
2943 4258 3035 4313 τὸν
3065 4260 3269 4332 δρυμὸν
3307 4261 3501 4331 αὐτῆς,
3526 4259 3663 4328 λέγει
3692 4256 3857 4326 Κύριος,

2342 4358 2427 4412 ὅτι
2455 4356 2515 4411 ού
2547 4355 2622 4427 μὴ
2650 4355 2906 4425 εἰκασθῇ,
2939 4353 3021 4406 ὅτι
3069 4353 3206 4408 πολὺ
3243 4352 3509 4423 πληθυνεῖ
3536 4351 3665 4421 ὑπὲρ
3693 4346 3855 4417 ἀκρίδα.

2340 4450 2437 4503 καὶ
2469 4447 2569 4502 οὐκ
2598 4448 2746 4500 ἔστιν
2785 4447 2971 4509 αὐτοῖς
2999 4445 3249 4517 ἀριθμός.
3280 4463 3299 4498 ε
3337 4445 3403 4498 Ἦ
3429 4444 3484 4498 δὲ
3508 4442 3610 4497 τοῦ
3653 4433 3857 4505 ποταμοῦ

2343 4543 2649 4611 ἔκλειψις,
2696 4541 2797 4610 τῆς
2848 4540 3128 4611 βασιλείας
3172 4539 3289 4594 ἐστὶ
3336 4537 3664 4610 σημαντικὴ,
3691 4532 3753 4595 ὡς
3786 4528 3856 4581 κᾶν

2343 4640 2456 4699 τοῖς
2486 4639 2617 4705 περὶ
2645 4634 2740 4688 τοῦ
2780 4636 2846 4687 ὲκ
2882 4632 3037 4704 ῥίζης
3071 4633 3308 4702 ἔφασκεν
3342 4631 3571 4693 Ἰεσσαὶ,
3600 4628 3683 4681 καὶ
3711 4620 3853 4677 £1361-

2342 4728 2428 4781 λεί
2450 4726 2653 4797 Κύριος
2681 4727 2782 4797 τὴν
2815 4730 2975 4798 χεῖρα
3004 4724 3171 4779 αὑτοῦ
3208 4724 3301 4779 ἐπὶ
3327 4724 3423 4776 τὸν
3455 4720 3700 4791 ποταμὸν,
3718 4710 3855 4768 καὶτὰ

638 4802 851 4859 ‘tlm-ios
904 4804 1280 4860 immissurnm
1334 4822 1581 4871 manum,
1616 4815 1923 4877 ceteraque
1968 4808 2100 4871 alia,
2134 4806 2237 4863 Do-

2342 4820 2491 4891 ἑξῆς.
2525 4794 2635 4875 και
2666 4794 2915 4890 ἀλωάς·
2929 4819 2985 4872 δὲ
3010 4817 3251 4889 ειρηται,
3272 4816 3332 4870 Ὀ
3357 4815 3427 4870 δὲ
3450 4810 3695 4882 ποταμὸς
3714 4802 3855 4861 ἐκλει-

659 4895 871 4948 minum
905 4896 1142 4961 monuit,
1177 4896 1470 4953 intellexit.
1505 4898 1569 4953 Et
1594 4915 1719 4953 ntox
1749 4903 1915 4955 etiam
1944 4901 2242 4956 desiturum

657 4988 900 5056 ﬂuvium,
953 5006 1259 5061 omnemque
1308 5006 1461 5060 aqua:
1517 4994 1969 5063 congregationem
2016 4995 2240 5049 aridam

659 5079 900 5149 futuram
942 5080 1164 5149 adjecit.
1218 5080 1373 5147 Quod
1421 5091 1602 5136 autem
1649 5098 1773 5137 cum
1804 5084 2039 5151 principe
2076 5085 2239 5153 ﬂuvio

656 5184 707 5229 et
743 5177 918 5244 fossas
953 5173 1120 5228 etiam
1170 5174 1473 5243 defecturas
1523 5175 1687 5242 dixit,
1736 5191 1861 5228 cum
1908 5190 2075 5245 regno
2121 5176 2242 5247 ipso

658 5276 716 5321 et
745 5266 1011 5337 principes
1036 5266 1201 5321 etiam
1246 5266 1527 5337 sigillatint
1574 5267 1852 5336 petituros
1890 5267 2238 5323 demonstra-

661 5361 762 5424 vit,
805 5362 951 5431 ipsas
1000 5373 1222 5431 quoque
1268 5358 1537 5413 militares
1585 5358 1773 5428 capias
1819 5362 2237 5431 congregationis

662 5453 885 5508 nomine
914 5451 1258 5524 signiﬁcans.
1295 5448 1485 5522 Neque
1512 5464 1643 5507 sane
1670 5451 1740 5506 ab
1767 5452 1890 5507 istis
1922 5452 2239 5525 discrepant

736 5634 759 5665 ⁷
784 5632 918 5689 Dan.
953 5650 989 5689 tt
1018 5643 1072 5690 ct
1099 5650 1197 5691 vn.
1272 5634 1294 5665 ⁸
1321 5632 1520 5690 Jcrem.
1550 5650 1697 5702 XLVI,
1724 5634 1817 5691 25.

2340 4913 2464 4979 ψει,
2502 4911 2598 4964 καὶ
2641 4909 3085 4979 ξηρανθήσετιιι
3120 4908 3288 4963 πᾶσα
3326 4904 3643 4976 συναγωγή
3675 4899 3855 4959 ὕδατος·

2348 5002 2505 5056 Μετὰ
2545 5003 2603 5055 δὲ
2644 5002 2735 5056 τὸν
2770 5002 3007 5071 πρῶτον
3031 5002 3321 5071 ποταμὸν,
3355 5001 3451 5054 καὶ
3488 4998 3693 5069 ἑτέρους
3713 4987 3855 5045 ἐκλεί-

2346 5096 2489 5163 ψειν
2521 5093 2656 5164 φησὶ
2704 5096 2798 5147 καὶ
2847 5097 2954 5160 τὰς
2996 5093 3310 5162 διώρυγας,
3342 5091 3481 5161 μετὰ
3507 5091 3602 5161 τῆς
3645 5079 3857 5157 βασιλείας

2349 5187 2443 5239 καὶ
2472 5185 2613 5251 τοὺς
2642 5184 2943 5254 ἄρχοντας
2988 5186 3114 5249 τοὺς
3164 5184 3309 5239 κατὰ
3353 5184 3516 5254 μέρος
3539 5178 3713 5250 δηλῶν.
3742 5174 3853 5226 Συν-

2345 5274 2576 5343 αγωγὰς
2605 5273 2661 5327 δὲ
2692 5275 2791 5338 τὰς
2824 5274 3126 5346 πολεμικὰς
3156 5273 3337 5328 αὐτῶν
3382 5274 3629 5343 δυνάμεις
3661 5263 3851 5318 ἐκάλεσε.

2348 5368 2458 5421 Καὶ
2495 5367 2757 5439 Ἰεζεκιὴλ
2788 5368 2844 5422 δὲ
2873 5368 3087 5440 συνῳδὰ
3127 5367 3339 5432 τούτοις
3387 5367 3554 5438 φησί’
3602 5359 3720 5415 Τάδε
3744 5352 3851 5419 λέγει

2345 5456 2569 5530 κύριος’
2607 5458 2783 5513 «Ἰδοὺ
2815 5459 2927 5530 ἐγὼ
2952 5460 3047 5513 ιπι
3077 5460 3140 5513 σι
3180 5459 3381 5532 Φαραὼ
3427 5459 3517 5513 τὸν
3562 5456 3764 5526 ἄρχοντα
3788 5440 3853 5493 τὸν

1975 5728 2208 5785 ΥΑῐὶῐίΕ
2241 5727 2653 5785 LECTIONES.
2682 5796 2687 5799 _

739 5831 764 5871 ς
792 5840 880 5893 yp.
914 5820 1211 5890 Αἰγύπτου.
1295 5831 1314 5859 τ
1352 5821 1439 5876 Ic.
1457 5824 1515 5877 .1.
1544 5820 1781 5889 λέγεται.
