4020 6372
240 326 407 397 2149

1385 335 1921 400 COMMENTARII
1965 334 2046 396 IN
2088 334 2385 396 ISAIAM.

3386 340 3538 405 2150

244 449 468 518 μέγαν,
487 449 581 504 τὸν
607 450 918 522 καθήμενον
939 453 998 506 ἐν
1022 451 1176 524 μέσῳ
1203 452 1312 506 τῶν
1342 452 1608 524 ποταμῶν
1631 449 1851 505 αὑτοῦ.»

1965 462 2088 518 quas
2145 447 2201 503 in
2258 449 2376 503 haec
2430 447 2594 504 verba
2652 448 2798 520 apud
2854 446 3197 505 Ezechielem
3257 450 3542 522 legimus,

240 539 445 595 Μεθίῑ
466 543 561 596 καί
578 559 709 613 φησι
731 560 746 572 ·
774 563 791 595 ι
814 545 1210 615 Προσκολλήσω
1221 545 1348 608 τοὺς
1366 543 1554 614 ίχθύας
1571 542 1668 597 τοῦ
1686 559 1856 597 ποτα-

243 631 371 709 μοῦ
401 633 540 702 πρὸς
571 633 852 704 πτέρυγάς
881 649 996 688 σου.
1025 651 1042 684 ι
1073 633 1186 688 Καὶ
1214 633 1332 704 μεθ’
1354 633 1540 704 ἕτερα·
1577 652 1596 684 ι
1626 632 1736 685 Καὶ
1758 634 1853 685 ἐκ·

239 723 568 778 κενώσουσι
591 727 792 789 πάντες
817 726 915 789 τὰς
942 725 1221 798 μαχαίρας
1243 725 1424 778 αὐτῶν
1451 727 1531 788 εἰς
1555 725 1856 794 Αἴγυπτον,

241 818 356 869 καὶ
389 817 765 888 πλησθήσεται
808 820 842 890 ή
891 819 962 890 γῆ
993 817 1367 891 τραυματιῶν.
1400 817 1511 873 Καὶ
1540 817 1699 871 δώσω
1727 817 1852 881 τοὺς

243 911 547 979 ποταμοὺς
576 909 757 964 αὐτῶν
783 911 1047 982 ἐρήμους.
1083 930 1103 965 ι
1144 911 1255 967 Καὶ
1281 911 1449 965 πάλιν
1473 925 1488 940 ο
1527 929 1546 962 ι
1569 910 1854 980 Ἐκεράτι-

245 1001 352 1064 ζες
386 1006 500 1066 τοῖς
526 1006 794 1076 ποταμοῖς
827 1022 946 1073 σου,
976 1005 1076 1059 καὶ
1123 1005 1458 1069 κατεπάτεις
1499 1003 1629 1070 τοὺς
1679 1021 1852 1058 ποτα-

249 1094 402 1162 μούς
443 1112 561 1150 σου.
596 1114 616 1148 ι

328 1271 446 1324 Καὶ
489 1271 763 1342 Ἱερεμίας
793 1271 851 1325 δέ
883 1288 1038 1344 φησιο
1083 1290 1103 1324 ι
1132 1273 1230 1337 Τίς
1262 1264 1456 1338 οὗτοςς
1499 1272 1576 1336 ὡς
1609 1271 1856 1343 ποταμὸς

245 1363 619 1434 ἀναϐήσεται,
687 1365 784 1418 καὶ
839 1365 915 1428 ὡς
967 1367 1209 1436 ποταμοὶ
1264 1366 1626 1436 κυμαίνουσιν
1685 1364 1853 1436 ὕδωρ.

248 1456 471 1510 ’Υδατα
508 1457 792 1526 Αἰγύπτου
833 1459 932 1531 [ὡς
973 1460 1220 1529 ποταμὸς
1252 1457 1638 1530 ἀναϐήσεται].
1666 1459 1744 1512 Δι’
1778 1453 1855 1514 ὧν

243 1547 518 1618 δηλοῦται
548 1551 620 1604 τὰ
645 1551 828 1622 πλήθη
858 1551 970 1604 τῶν
1001 1555 1132 1623 παρ’
1161 1553 1348 1617 αὐτοῖς
1380 1552 1851 1622 στρατευομένων,

242 1634 331 1694 ὧν
385 1644 576 1714 μέσων
629 1644 1016 1714 ἐγκαθήμενον
1063 1644 1158 1698 τὸν
1207 1645 1478 1716 δράκοντα
1509 1655 1532 1682 ³
1587 1646 1734 1710 εἰκὸς
1784 1641 1853 1717 ἦν

250 1735 660 1805 μεγαλαυχεῖν.
735 1736 949 1806 Ἰχθύας
1004 1737 1062 1790 δὲ
1089 1736 1240 1801 ’τοὺς
1293 1737 1694 1808 ὑποκειμένους
1738 1742 1852 1802 τοῖς

245 1793 402 1880 κατὰ
433 1793 596 1899 μέρος
627 1793 898 1899 νοήσοημεν
929 1793 1236 1899 ’ἄρχουσινῖ
1283 1793 1601 1900 Ἐκεράτιζε
1642 1793 1700 1882 δέ
1738 1793 1852 1895 τοῖς
1885 1793 1929 1850 Β

247 1923 352 1975 ὑπ’
388 1923 544 1995 αύτῷ
575 1925 1031 1996 στρατευομένοις
1076 1923 1169 1985 οὓς
1199 1926 1215 1961 ί
1249 1925 1347 1978 καὶ
1381 1927 1720 1978 καταπατεῖν
1752 1926 1852 1979 αύ-

247 2016 351 2070 τδν
395 2018 501 2088 ἔφη
548 2018 886 2087 τυραννικῶς
925 2016 1341 2072 δυναστεύοντα.
1396 2016 1688 2088 Τροπικῶς
1741 2015 1850 2087 γάρ

250 2127 432 2177 ςασιν
465 2111 680 2181 ἀνάγκη
717 2109 890 2164 ταῦτα
918 2114 1084 2175 νοεῖν,
1111 2111 1187 2174 ὡς
1224 2111 1320 2164 καὶ
1357 2109 1418 2164 τὸ
1466 2109 1704 2182 πρόσθεν
1750 2112 1852 2181 ρη-

250 2201 352 2255 θέν
412 2202 564 2266 ἔθνος
607 2203 927 2256 ἀνέλπιστον
969 2204 1070 2256 καὶ
1112 2202 1667 2272 καταπεπατημένον,
1702 2195 1763 2254 οὒ
1801 2203 1852 2255 οἱ

249 2293 505 2363 ποταμοὶ
544 2293 848 2364 διήρπασαν
882 2292 980 2364 τὴν
1010 2294 1136 2363 γῆν.
1175 2295 1236 2347 El
1267 2293 1366 2364 μὲν
1396 2287 1489 2346 οὖν
1524 2292 1616 2345 ἐπὶ
1643 2292 1853 2354 τούτοις

251 2388 353 2439 καὶ
377 2386 686 2457 ἀνθρώπων
719 2387 1028 2455 ἀφανισμὸν
1067 2385 1274 2454 ἐπῆγεν
1319 2386 1352 2456 ή
1394 2385 1722 2455 προφητεία,
1760 2385 1854 2438 ού-

249 2477 346 2529 δὲί
373 2477 628 2530 ἐλείπετο
663 2476 871 2546 ζητεῖν.
916 2475 1238 2528 Ἀκόλουθον
1263 2476 1370 2543 γὰρ
1395 2471 1463 2544 ἦν
1496 2475 1590 2528 καὶ
1636 2476 1705 2528 τὰ
1735 2475 1854 2539 ζῶα

251 2566 402 2619 πᾶσι
441 2569 554 2628 τοῖς
591 2565 747 2619 ὕδασι
801 2565 1264 2620 συναπόλλυσθαι.
1319 2565 1434 2618 Νῦν
1475 2564 1534 2617 δὲ
1583 2565 1721 2636 μετὰ
1753 2566 1854 2636 τὴν

252 2657 370 2709 τῶν
411 2656 647 2711 ὑδάτων
677 2656 974 2722 ἀπώλειαν,
1007 2656 1387 2727 πολυπληθίας
1417 2657 1687 2729 ἐσομένης
1725 2659 1846 2711 κατ’

242 2748 564 2817 Αἴγυπτον
592 2749 888 2820 μέμνηται,
915 2751 1010 2802 καὶ
1038 2748 1114 2811 ὡς
1146 2747 1298 2801 ἔσται
1327 2748 1712 2819 θυσιαστήριον
1742 2750 1853 2803 Κυ-

257 2843 388 2913 ρίῳ,
428 2845 487 2895 ἐν
518 2835 562 2910 ᾧ
592 2842 776 2896 θύσειν
806 2843 936 2905 τοὺς
967 2840 1300 2910 Αἰγυπτίους
1331 2839 1536 2913 [φησί].
1579 2842 1687 2894 Καὶ
1733 2843 1852 2905 πῶς

253 2935 510 3002 ἐγίνοντο
536 2942 587 2997 1³,
609 2935 657 2988 εί
679 2934 739 2988 τὸ
758 2934 903 3005 ὕδωρ
939 2935 1086 2988 ἅπαν
1113 2933 1396 3001 ἐξέλιπεν;
1428 2934 1551 2987 ὅθεν
1578 2935 1854 3004 τροπικῶς

255 3027 484 3096 νοητέον
514 3028 687 3111 ταῦτα
720 3027 1056 3096 σημαίνοντα
1085 3026 1195 3079 τῶν
1221 3027 1537 3095 Αἰγυπτίων
1565 3028 1663 3097 τὴν
1694 3026 1852 3098 βασι-

1965 560 1984 593 ι
2020 539 2160 596 Ecce
2187 556 2289 612 ego
2325 552 2519 597 contra
2561 553 2615 600 te
2646 544 2882 607 Pharao,
2914 545 3167 614 princeps
3196 561 3413 617 magno,
3444 549 3541 618 qui

1957 631 2129 688 cubas
2151 632 2204 687 in
2231 633 2412 688 medio
2442 633 2732 690 ﬂuminum
2764 646 2984 691 tuorum
3007 638 3049 688 ⁹.
3087 655 3105 689 ι
3142 637 3303 707 267
3341 638 3545 696 Deinde

1958 724 2151 793 adjicit
2183 740 2198 778 :
2237 741 2257 776 ι
2302 725 2683 796 Agglutiuabu
2717 727 2898 798 pisces
2929 727 3080 782 ﬂuvii
3125 730 3226 782 alis
3269 730 3381 786 tuis
3415 731 3481 786 ¹⁶.
3516 749 3536 783 ι

1956 813 2202 871 Rursum
2263 824 2387 888 post
2435 818 2702 871 nonnulla
2751 834 2767 872 :
2825 835 2844 870 ι
2891 818 2959 874 Et
3017 819 3297 890 stringent
3351 835 3546 879 omnes

1955 909 2172 981 gladios
2225 924 2361 965 suos
2418 908 2475 962 in
2530 909 2872 980 Egyptum,
2928 917 3187 979 terraque
3245 911 3544 967 vulneratis

1956 1001 2299 1073 implebitur,
2343 1009 2400 1057 et
2447 1001 2587 1057 dabo
2636 1002 2834 1058 ﬂuvios
2873 1016 3065 1057 eorum
3101 1001 3348 1059 desertos
3379 1005 3444 1058 “.
3478 1003 3544 1059 Et

1954 1111 2182 1152 rursum
2217 1114 2230 1150 :
2271 1115 2290 1148 ι
2339 1094 2650 1152 lnsultabas
2684 1096 2868 1150 lluviis
2901 1095 3036 1161 tuis,
3071 1094 3380 1168 ﬂuviosque
3415 1107 3542 1154 tuos

1954 1187 2327 1242 conculcabas
2359 1187 2423 1242 “.
2460 1207 2479 1240 ι

2029 1279 2095 1332 Et
2143 1279 2287 1349 apud
2333 1277 2674 1334 Jeremiam:
2712 1296 2731 1330 ι
2768 1277 2904 1346 Quis
2947 1277 3098 1334 iste?
3138 1288 3401 1348 tanquam
3439 1278 3543 1336 ﬂu-

1955 1371 2076 1427 vios
2107 1371 2391 1434 ascendet,
2422 1377 2477 1425 et
2507 1377 2769 1440 tanquam
2811 1370 2962 1424 ﬂuvii
3007 1369 3278 1424 inundant
3318 1385 3540 1442 aquam.

1953 1465 2125 1534 Aquae
2178 1464 2401 1535 AEgypti
2451 1473 2716 1534 tanquam
2779 1463 2978 1520 ﬂuvius
3037 1466 3340 1520 ascendent
3390 1466 3456 1524 “.
3514 1486 3535 1520 ι

1955 1555 2168 1621 Quibus
2196 1567 2347 1611 certe
2390 1555 2572 1610 verbis
2608 1555 2880 1611 militares
2919 1557 3108 1626 copias
3144 1557 3359 1623 innuit;
3407 1574 3543 1629 qua-

1954 1665 2076 1703 runt
2109 1649 2162 1702 in
2196 1648 2377 1702 iiiedio
2407 1664 2533 1702 cum
2570 1647 2830 1720 princeps
2866 1652 3105 1714 sederet,
3145 1652 3416 1707 extulisse
3455 1668 3536 1717 se,

1955 1750 2012 1796 et
2049 1742 2373 1812 superbisse
2400 1756 2499 1811 par
2529 1747 2635 1795 est.
2667 1739 2860 1796 Pisces
2898 1752 3084 1796 autem
3109 1758 3234 1796 cum
3266 1743 3538 1808 nominat,

1954 1834 2073 1890 suis
2118 1848 2373 1905 quosque
2402 1832 2643 1888 ducibus
2677 1833 2962 1903 subjectos
3002 1834 3208 1890 milites
3257 1835 3536 1907 intelligit,

1952 1925 2008 1980 in
2041 1939 2182 1995 quos
2213 1924 2289 1979 ita
2317 1924 2620 1980 insultasse
2653 1924 2956 1994 signiﬁcat,
2991 1936 3048 1979 ut
3077 1940 3174 1981 eos
3193 1941 3306 1996 prae
3327 1927 3536 1982 saevitia

1951 2025 2008 2074 et
2033 2017 2365 2073 crudelitate
2401 2016 2638 2088 pedibus
2669 2017 3004 2073 conculcare
3033 2033 3144 2074 non
3173 2018 3534 2075 dubitaverit.

1953 2108 2190 2181 Tropice
2221 2125 2391 2181 porro
2417 2119 2472 2163 et
2504 2109 2632 2175 ista,
2665 2108 2812 2164 sicut
2840 2109 2973 2164 illud
3005 2110 3156 2180 prius
3184 2128 3197 2165 :
3228 2109 3378 2167 Gens
3407 2111 3536 2166 inﬂ-

1953 2200 2096 2256 delis
2122 2211 2177 2254 et
2201 2200 2727 2269 conculcata,eujus
2755 2199 2915 2256 ﬂuvii
2941 2210 3144 2256 terram
3166 2201 3538 2273 diripuerunt,

1951 2293 2185 2364 intelligi
2206 2293 2420 2348 volunt.
2448 2291 2504 2346 Si
2538 2294 2663 2349 istis
2694 2307 2828 2363 ergo
2849 2301 2906 2348 et
2936 2291 3534 2350 hominum'iuteritum

1953 2388 2238 2459 prophetia
2262 2389 2579 2458 adiecisset,
2607 2388 2745 2443 nihil
2769 2389 3034 2459 amplius,
3057 2386 3200 2457 quod
3225 2389 3542 2459 postulares

1955 2477 2297 2548 reliquisset.
2334 2477 2688 2548 Sequebatur
2725 2477 2898 2544 enim,
2928 2489 2986 2530 ut
3016 2492 3142 2532 cum
3173 2479 3333 2547 aquis
3365 2477 3542 2532 omni-

1955 2569 2058 2626 bus
2088 2578 2143 2625 et
2182 2569 2444 2624 animalia
2476 2569 2640 2624 etiam
2667 2569 2786 2639 ipsa
2825 2569 2990 2624 simul
3024 2568 3337 2625 interirent.
3383 2568 3542 2624 Nunc

1951 2677 2084 2716 vero
2141 2670 2267 2732 post
2315 2678 2576 2732 aquarum
2645 2663 2964 2727 interitum,
3006 2677 3218 2731 magna:
3267 2662 3432 2716 etiam
3485 2661 3542 2716 in
3649 2730 3653 2734 ι

1952 2753 2188 2825 (Egypt!)
2226 2753 2425 2809 futurae
2466 2754 2856 2819 multitudinis,
2887 2754 2997 2808 imo
3022 2754 3213 2808 altaris
3257 2753 3446 2820 etiam,
3485 2752 3544 2809 in

1951 2864 2062 2919 quo
2115 2847 2351 2902 Domino
2383 2862 2543 2902 sacra
2598 2847 2799 2902 facturi
2851 2848 2984 2912 sint,
3024 2847 3296 2904 meminit.
3339 2847 3539 2904 Verum

1953 2941 2047 3008 qui
2074 2939 2188 3006 tiat,
2225 2940 2271 2995 si
2306 2953 2450 3008 aqua
2486 2941 2670 2993 omnis
2703 2938 2969 2995 deﬁciat?
2999 2939 3138 2994 Hinc
3167 2954 3301 3010 ergo
3331 2939 3542 3013 Egyp-

1952 3032 2153 3084 tiorum
2180 3031 2476 3101 imperium
2516 3040 2571 3086 et
2601 3029 2783 3085 bellici
2809 3030 3090 3086 exercitus
3113 3031 3535 3101 amplitudinem

257 3119 415 3173 λείαν
454 3121 551 3174 καὶ
583 3121 654 3173 τὰ
685 3119 867 3191 πλήθη
907 3120 1008 3190 τῆς
1045 3119 1285 3190 μαχίμου
1326 3120 1638 3190 δυνάμεως.
1669 3120 1851 3172 Ἀλλοι

1957 3123 2170 3192 tropice
2215 3124 2319 3177 ista
2371 3124 2531 3177 nobis
2564 3123 2796 3178 innuere
2834 3124 3191 3178 arbitramur.
3223 3123 3330 3178 Alii
3382 3127 3544 3194 plane

255 3214 315 3266 δὲ
385 3213 568 3284 ῥητῶς
616 3213 684 3266 τὰ
753 3213 1137 3284 προειρημένα
1196 3211 1448 3274 νωῦντές
1514 3229 1720 3281 φασινν
1777 3212 1853 3276 ὡς

258 3304 682 3370 Οὐασπασιανὸς
737 3304 837 3375 τὴν
875 3305 1132 3358 Ἰουδαίαν
1187 3303 1324 3358 ἐλὼν
1372 3305 1495 3358 κατ’
1538 3305 1854 3372 Αἰγυπτίων

256 3398 616 3468 ἐστράτευσε.
667 3397 777 3449 Καὶ
813 3395 947 3459 Θεὸς
992 3396 1142 3467 αὐτῷ
1202 3397 1344 3450 κατὰ
1383 3395 1563 3450 πάντα
1595 3397 1850 3466 ποιήσας,

255 3493 471 3550 πᾶσαν
497 3489 1129 3561 ὑόἁτωνβυναηγωγὴν
1155 3489 1555 3558 ἀπεξήρανεν,
1588 3490 1662 3553 ὡς
1712 3489 1856 3545 ὑδά-

253 3605 378 3640 των
405 3585 606 3657 ἐνδείᾳ,
657 3587 772 3648 τοῖς
805 3585 934 3655 παρ’
986 3582 1234 3652 αἰγιαλὸν
1267 3582 1577 3654 ὀρύγμασιν
1620 3584 1853 3652 πότιμον

255 3679 379 3741 πῶς
411 3679 558 3748 ’ύδωρ
590 3676 926 3744 Αἰγυπτίους
961 3676 1169 3746 ζητεῖν,
1212 3675 1280 3728 δι’
1312 3668 1387 3728 ὧν
1426 3674 1487 3726 τὸ
1516 3677 1614 3744 τῆς
1647 3673 1851 3728 θαλάσ-

256 3791 360 3844 σης
413 3771 772 3841 διηθούμενον
829 3769 976 3840 ὕδωρ
1023 3766 1396 3838 ποτιμώτερον
1442 3767 1672 3836 γίνεται.
1715 3768 1851 3820 Τότε

260 3866 428 3934 φασὶν
461 3867 541 3926 εἰς
563 3865 839 3930 Αἴγυπτον
864 3862 1040 3916 ἐλθεῖν
1068 3863 1168 3915 καὶ
1197 3862 1326 3924 τοὺς
1356 3860 1419 3914 τὸ
1450 3861 1720 3932 σωτηρίον
1747 3861 1850 3932 κή-

259 3975 450 4028 ρυγμα
477 3955 919 4024 διαγγέλλοντας.
947 3954 1070 4008 Τῶν
1101 3954 1158 4008 δὲ
1187 3954 1288 4024 τὴν
1322 3955 1602 4022 Αἴγυπτον
1639 3954 1852 4007 οἰκούν-

255 4068 363 4103 των
402 4051 454 4102 οί
484 4049 586 4118 μὲν
622 4048 690 4100 τὰ
721 4047 901 4110 πεδία,
931 4048 979 4099 0i
1011 4045 1068 4099 δὲ
1101 4045 1171 4099 τὰ
1205 4045 1302 4116 ἕλη
1338 4045 1740 4116 κεκλήρωνται,
1770 4047 1850 4100 οἵ·

257 4160 362 4213 περ
391 4142 530 4194 ἒλιοι
579 4140 673 4193 καὶ
708 4139 952 4210 βούκολοι
985 4138 1074 4191 διὰ
1114 4137 1319 4208 πλῆθος
1358 4138 1467 4190 τῶν
1505 4139 1637 4207 παρ’
1667 4139 1851 4203 αὐτοῖς

255 4235 562 4304 γινομένων
609 4233 748 4302 βοῶν
794 4230 1168 4301 ὀνομάζονται.
1227 4231 1481 4302 Χρῶνται
1526 4231 1582 4284 δὲ
1618 4233 1679 4284 ού
1719 4233 1850 4303 σίτῳ

256 4329 350 4380 καὶ
381 4326 514 4396 οἴνῳ
545 4327 754 4378 τούτων
783 4323 1142 4395 ἀποροῦντες,
1177 4325 1381 4392 ἰχθύσι
1405 4324 1461 4377 δὲ
1492 4325 1589 4377 καὶ
1617 4325 1848 4393 γάλακτι

255 4420 352 4472 καὶ
383 4419 552 4487 ζύψῳ
601 4427 630 4456 τ
669 4419 762 4471 καὶ
805 4419 914 4478 τοῖς
950 4415 1010 4480 ἐξ
1059 4415 1196 4468 ἐλῶν
1244 4416 1472 4478 ἁπαλοῖς
1496 4417 1847 4486 τεμνομένοις

255 4506 303 4558 οῖ
335 4508 430 4559 καὶ
461 4484 542 4559 *τὸ
588 4504 766 4559 λινόν
793 4502 1172 4573 ἐργαζόμενοι
1214 4503 1282 4557 τὸ
1321 4484 1604 4574 σχιστόκ.
1638 4484 1737 4558 Ὧν
1761 4506 1848 4558 ἐν-
1875 4484 1929 4544 D

255 4597 393 4664 δεια,
427 4598 586 4668 φησὶ,
608 4597 827 4650 πάντων
849 4595 1239 4649 ἐκλελοιπότων
1259 4596 1366 4651 τῶν
1396 4597 1606 4652 ὑδάτων
1631 4599 1855 4669 γενήσε-

257 4705 368 4742 ται.

328 4872 392 4924 Οἱ
421 4869 480 4922 δέ
504 4868 606 4941 τὴν
639 4866 864 4939 πρώτην
894 4867 1253 4929 ἐκδεδωκότες
1283 4865 1563 4939 ἐξήγησιν,
1595 4869 1689 4922 καὶ
1718 4868 1847 4922 τοῦ-

260 4979 350 5016 τον
383 4962 545 5026 αὖθις
599 4959 967 5032 ἀλληγοροῦσι
1016 4960 1108 5013 τὸν
1156 4960 1380 5031 τρόπον.
1411 4961 1541 5012 Νόει
1581 4961 1854 5030 ποταμὸν

262 5055 512 5122 λέγοντες
535 5053 629 5106 καὶ
674 5054 776 5124 τὴν
811 5053 980 5106 πάλαι
1005 5054 1136 5122 παρ’
1185 5055 1506 5121 Αἰγυπτίοις
1533 5055 1851 5124 φιλοσοφίαν

264 5147 643 5217 ἀκμάζουσαν.
678 5147 907 5216 Εἴρηται
963 5147 1095 5218 γὰρ,
1141 5148 1238 5200 καὶ
1287 5147 1584 5216 ἐπαιδεύθη
1639 5148 1846 5218 Μωσῆς

264 5246 412 5313 πασῃ
482 5240 644 5313 σοφίᾳ
669 5241 1006 5308 Αίγυπτίων,
1056 5235 1124 5310 ἧς
1170 5240 1329 5307 λόγος
1362 5239 1513 5311 ἔρρει
1549 5240 1736 5305 πολύς.
1773 5236 1847 5296 Oi)

268 5337 406 5407 μέρη
443 5336 539 5388 καὶ
567 5333 820 5403 ποταμοὶ
852 5334 947 5386 καὶ
991 5331 1284 5402 διώρυχες
1307 5333 1416 5385 τῶν
1459 5333 1583 5386 καθ’
1617 5333 1846 5386 ἕκαστον

267 5431 392 5501 παρ’
427 5429 612 5492 αὐτοῖς
643 5428 986 5499 μαθημάτων
1018 5427 1067 5480 οἱ
1089 5426 1259 5495 λόγοι,
1286 5426 1345 5491 ἐξ
1374 5419 1449 5481 ὧν
1479 5425 1707 5494 ἐφύοντο
1743 5427 1844 5480 οὐκ

1957 3213 2024 3267 ad
2059 3213 2384 3284 Vespasiani
2420 3224 2668 3285 tempora
2713 3214 2906 3270 rel'erri
2940 3215 3306 3283 arbitrantur,
3338 3217 3544 3286 quibus

1956 3305 2128 3360 armis
2179 3305 2478 3375 [Egyptum
2530 3306 2876 3375 occupavit:
2933 3307 3023 3360 cui
3067 3307 3289 3376 quidem
3319 3308 3393 3362 ita
3447 3323 3544 3378 per

1955 3398 2140 3451 omnia
2175 3396 2310 3451 favit
2355 3397 2641 3462 Dominus,
2676 3406 2735 3450 ut
2773 3398 2917 3450 omni
2949 3397 3252 3451 dessiccata
3281 3415 3544 3468 aquarum

1955 3489 2393 3560 congregatione,
2458 3497 2686 3558 propter
2733 3504 2922 3542 earum
2989 3490 3301 3558 penuriam,
3363 3489 3546 3546 fossss

1955 3581 2080 3651 ipso
2112 3581 2164 3634 in
2200 3581 2410 3645 littore,
2453 3581 2682 3651 inquas
2724 3582 2954 3634 marinae
2988 3589 3224 3651 receptae
3250 3597 3406 3636 mora
3437 3583 3544 3637 διὶσ-

1954 3690 2061 3745 qua
2099 3674 2250 3744 potui
2277 3673 2522 3743 aptiores
2555 3675 2883 3736 evaderent,
2911 3671 3203 3743 Egyptios
3235 3675 3539 3741 coniicere,

1955 3767 2141 3835 itaque
2165 3780 2369 3834 aquam
2401 3780 2650 3835 quaerere
2681 3780 2912 3819 necesse
2943 3763 3109 3819 fuerit
3131 3781 3144 3830 ;
3166 3779 3339 3835 eoque
3361 3765 3544 3820 maxi-

1955 3874 2042 3914 me
2092 3869 2341 3928 tempore
2394 3858 2660 3912 salutaris
2719 3856 2899 3910 nuntii
2943 3871 3226 3926 praecones
3257 3859 3310 3912 in
3337 3857 3546 3929 Egyp-

1951 3958 2066 4002 tum
2102 3959 2445 4015 penetrasse.
2489 3946 2628 4012 Quia
2661 3961 2794 4001 vero
2826 3962 3043 4010 eorum,
3079 3947 3174 4014 qui
3201 3948 3256 4001 in
3301 3945 3544 4018 Egypto

1952 4041 2180 4112 degunt,
2207 4055 2369 4111 agros
2417 4040 2640 4110 quidem
2684 4040 2804 4105 alii,
2839 4039 2929 4093 alii
2964 4047 3147 4094 autem
3194 4037 3427 4109 paludes
3459 4041 3545 4094 in-

1952 4138 2163 4201 colunt,
2196 4138 2267 4191 ob
2290 4136 2344 4191 id
2380 4138 2653 4208 palustres
2688 4136 2852 4198 alios,
2885 4136 3023 4191 alios
3049 4145 3232 4190 autem
3259 4145 3544 4192 armenta-

1952 4230 2090 4292 rios,
2121 4246 2148 4282 a
2191 4227 2383 4295 boum,
2418 4228 2622 4298 quibus
2653 4226 2967 4292 abundant,
3015 4228 3196 4296 ecpia,
3240 4229 3539 4283 nominari.

1951 4321 2141 4392 Neque
2168 4337 2298 4378 vero
2363 4335 2504 4391 pane
2559 4327 2616 4375 et
2669 4321 2820 4383 vino,
2878 4319 2972 4389 qui
3014 4319 3123 4374 illis
3164 4329 3410 4384 careant,
3443 4321 3539 4375 sed

1952 4416 2210 4484 piscibus,
2279 4414 2549 4482 Iaeteque,
2595 4421 2651 4465 et
2697 4413 2858 4481 zyt/ao
2885 4451 2900 4475 ,
2944 4412 3270 4481 ueterisque
3322 4412 3543 4467 tenellis

1961 4507 2085 4562 aliis
2121 4506 2552 4575 quibuscuuque
2587 4511 2850 4574 possunt,
2877 4518 2973 4572 per
3000 4504 3230 4574 paludes
3268 4503 3320 4558 in
3354 4504 3538 4560 cibum

1964 4598 2209 4663 refectis,
2261 4598 2435 4664 vesci,
2481 4597 2756 4667 linumque
2803 4595 2972 4664 ﬁssile
3001 4599 3208 4664 operari
3256 4611 3537 4667 :quoruni

1960 4692 2236 4755 omnium,
2266 4689 2658 4745 deﬁcientibus
2693 4688 2860 4758 268
2893 4689 3074 4759 aquis,
3103 4704 3376 4745 summam
3421 4691 3540 4747 fore

1955 4786 2243 4856 penuriam
2274 4783 2578 4854 signiﬁcat.

2025 4875 2228 4929 Verum
2269 4874 2359 4942 qui
2388 4871 2622 4942 primam
2665 4872 2980 4928 attulerunt
3005 4887 3036 4927 e
3077 4871 3455 4943 plicationetn,
3487 4883 3538 4930 ct

1954 4966 2120 5021 istum
2150 4981 2344 5020 rursus
2364 4964 2639 5034 allegoria:
2665 4973 3245 5034 sensumpropouuut.
3269 4963 3535 5036 Intelligo,

1953 5060 2135 5119 aiunt,
2186 5056 2337 5125 ﬂuvii
2391 5056 2642 5122 nomine,
2699 5064 2939 5112 veterem
2998 5058 3166 5122 illam,
3215 5072 3338 5127 qua:
3389 5058 3534 5127 apud

1953 5149 2246 5219 Aigyptios
2263 5148 2394 5201 olim
2413 5146 2609 5217 viguit,
2632 5147 3054 5218 philosophandi
3087 5148 3377 5221 rationem.
3395 5148 3533 5204 Nam

1953 5253 2012 5299 et
2047 5241 2234 5297 Mosen
2296 5242 2478 5312 ipsum
2521 5241 2780 5296 universa
2811 5242 3192 5314 Egyptiorum
3239 5241 3530 5311 sapientia,

1955 5336 2100 5388 fatua
2135 5333 2278 5404 ιιι-ού
2319 5349 2514 5390 omnes
2551 5333 2784 5400 celebri,
2819 5335 3152 5390 instructum
3186 5333 3357 5389 fuisse
3397 5332 3531 5404 legi-

1952 5444 2096 5490 mus,
2137 5430 2294 5498 cujus
2338 5434 2523 5498 partes
2556 5427 2846 5498 ﬂuviorum
2892 5436 2941 5482 et
2972 5427 3240 5498 fossarum
3285 5427 3528 5498 appella-

334 5577 355 5605 ’
390 5572 592 5628 Ezech.
621 5587 776 5637 xxix,
810 5571 865 5626 5.
946 5570 990 5602 ¹⁰
1021 5569 1153 5625 ibid.
1181 5569 1235 5623 4.
1312 5569 1354 5600 ¹¹
1384 5568 1520 5624 ibid.
1561 5569 1652 5622 l0.
1734 5569 1776 5600 "
1803 5569 1851 5622 Ε.

1957 5568 2014 5624 li.
2041 5586 2213 5634 um,
2235 5569 2288 5624 οὶ.

1547 5682 1632 5737 VA
1644 5681 1780 5737 [HE
1817 5681 2216 5740 LECTIONES.

343 5828 362 5855 ε
392 5833 482 5886 γρ,
522 5815 778 5886 ἄρχοντα.
865 5817 876 5849 ⁸
915 5811 1121 5881 71.11);-
1202 5828 1231 5863 υ
1272 5827 1363 5879 ΤΡ·
1400 5807 1629 5876 γένοιτοο

1707 5815 1734 5842 Υ
1769 5823 1838 5842 ΜΛ

1769 5823 1859 5875 γρ.
1894 5823 2057 5876 ςυυῳ.
