4020 6372
552 385 688 454 2151

1886 374 2238 437 PROCOPII
2289 375 2532 435 GAZ/EI

3686 372 3832 436 21.52

553 509 707 562 tione
735 502 1063 573 designatae,
1107 495 1210 566 ipsi
1243 501 1392 561 sunt,
1419 494 1514 564 qui
1548 493 1616 550 de
1640 491 1874 562 singulis
1895 489 2143 560 discipli-

2251 488 2402 543 ἐλαία
2426 490 2524 541 καὶ
2555 488 2822 557 ἄμπελος,
2857 486 2958 540 ούκ
2991 486 3290 554 ἀναγκαῖον
3339 486 3372 555 ἥ
3409 485 3693 556 κάρπιμον
3721 489 3836 538 ex:

553 599 644 655 nis
676 596 821 668 apud
857 609 953 650 eos
1007 590 1280 646 habentur
1314 589 1440 643 libri
1469 604 1485 653 ;
1524 602 1590 642 ex
1623 587 1830 656 quibus
1863 599 1964 640 nec
1992 587 2136 648 olea,

555 705 661 746 nec
703 689 859 752 vitis,
919 699 1022 740 nec
1067 697 1256 737 rerum
1319 681 1765 736 necessariarum
1853 679 2142 733 utiliumve

553 779 878 851 quidquam,
913 774 1008 830 sed
1035 771 1279 828 calamus
1304 779 1541 835 tantum,
1561 770 1863 838 juncusque
1892 778 1942 822 et
1972 785 2142 838 papy-

553 887 649 926 rus
683 865 1083 938 producantur.
1123 862 1338 916 Dicitur
1379 868 1434 915 et
1467 860 1656 925 draco,
1686 874 1850 928 quem
1894 858 2043 922 fecit,
2084 863 2144 911 ut

555 962 812 1016 illuderet
842 958 915 1019 ei,
949 954 1093 1024 apud
1119 951 1319 1006 Jobum
1355 951 1420 1013 “,
1451 948 1608 1020 juxta
1645 963 1929 1017 papyrum,
1967 955 2016 1000 et
2049 961 2142 999 ca-

564 1053 793 1114 lamum,
828 1057 881 1102 et
916 1048 1228 1109 butonium,
1259 1044 1440 1098 cubile
1464 1057 1625 1097 suum
1659 1055 1884 1110 ponere.
1915 1038 2147 1116 Vocarit

555 1161 688 1200 vero
730 1151 786 1197 et
813 1139 1066 1195 Ezechiel
1095 1137 1438 1190 Pharaonem
1475 1134 1735 1188 draconis
1758 1133 1999 1187 nomine.
2035 1131 2145 1186 Me-

556 1237 662 1288 rito
694 1233 863 1302 igitur
891 1239 948 1283 ut
980 1229 1121 1298 apud
1157 1229 1297 1282 istos
1322 1226 1493 1280 draco
1525 1225 1616 1279 ille
1645 1223 1970 1295 :Egyptius,
1998 1223 2144 1292 ejus-

556 1342 664 1393 que
698 1330 880 1378 cesset
913 1319 1288 1390 philosophia,
1319 1319 1703 1386 peregrinatur
1734 1315 2144 1384 Dominus,qui

556 1418 650 1470 illa
679 1413 973 1484 prmsentia
1003 1427 1102 1466 sua
1125 1411 1288 1473 tollit,
1321 1409 1375 1462 in
1405 1424 1713 1478 eorumque
1747 1409 1928 1461 locum
1954 1421 2150 1461 recen-

562 1511 700 1563 tium
727 1520 995 1576 aquarum
1037 1503 1336 1559 salutarem
1386 1508 1575 1570 potum
1609 1501 1740 1571 (quo
1783 1499 1850 1553 de
1884 1500 2036 1568 prius
2061 1498 2150 1552 in-

575 1600 800 1662 tellexit,
825 1612 947 1650 cum
981 1597 1276 1648 hausturos
1323 1607 1494 1662 aquas
1517 1590 1589 1646 de
1620 1591 1862 1646 fontibus
1895 1589 2148 1644 Salvato-

575 1695 653 1749 ris
707 1691 868 1756 dixit)
909 1699 962 1743 et
1004 1703 1102 1758 pro
1151 1687 1370 1755 ﬂumine
1411 1684 1636 1746 ﬂumen,
1689 1682 1850 1752 cujus
1912 1685 2150 1752 impetus

557 1785 840 1840 civitatem
886 1781 977 1835 Dei
1017 1782 1277 1841 laetilicet,
1304 1791 1574 1847 reponere
1619 1776 1934 1832 consuevit.
1977 1774 2138 1830 Vides

2242 580 2322 644 ἐν,
2378 579 2655 648 κάλαμος
2675 578 2732 632 δὲ
2761 577 2860 632 καὶ
2895 578 3018 646 dxi,
3055 577 3153 632 καί
3184 577 3489 646 πάπυρος.
3531 577 3592 630 '0
3625 577 3681 631 δέ
3715 579 3840 647 δρά-

2241 687 2378 735 κων,
2405 670 2465 723 ὂν
2505 670 2740 723 ἔπλασεν
2766 668 3060 738 ἐμπαίζειν
3088 667 3259 737 αὐτῷ,
3305 668 3435 738 παρ’
3481 667 3604 720 Ἰὼϐ
3628 669 3841 735 λέγεται

2243 763 2594 828 κοιτάζεσθαι
2625 762 2776 832 παρὰ
2806 761 3089 828 πάπυρον
3133 760 3232 813 καὶ
3269 760 3549 830 κάλαμον
3581 762 3679 814 καὶ
3720 760 3840 827 βού-

2243 872 2428 926 τομον.
2445 855 2558 908 Καὶ
2593 854 2852 924 Ὶεζεκιὴλ
2876 853 2932 908 δὲ
2951 853 3042 906 τὸν
3057 854 3258 924 Φαραὼ
3276 853 3512 922 κέκληκε
3547 853 3836 923 δράκοντα·

2248 946 2351 998 'lv‘
2385 944 2484 998 οὖν
2532 943 2762 1013 ἐκλείπῃ
2792 943 2988 1005 ταῦτα,
3027 943 3245 1014 δράκων
3299 959 3360 995 τε
3398 942 3724 1010 Αἰγύπτιος,
3757 949 3844 996 καί

2245 1039 2279 1109 ἡ
2328 1037 2520 1091 τούτου
2555 1035 2867 1104 φιλοσοφία,
2918 1033 3127 1105 Κύριος
3162 1035 3392 1098 εἰκότως
3444 1034 3665 1098 τούτοις
3728 1036 3845 1087 ἐπι-

2245 1130 2431 1200 δημεῖ,
2455 1128 2631 1182 ταῦτα
2671 1129 2768 1194 μὲν
2797 1129 2988 1181 παύων
3039 1131 3104 1199 τῇ
3139 1128 3438 1199 παρουσίᾳ,
3495 1130 3749 1192 ἀντιδοὺς
3791 1130 3844 1182 ἇέ

2247 1219 2410 1274 ποτὸν
2442 1219 2645 1273 καινῶν
2697 1219 2908 1272 ὑδάτων
2964 1223 3252 1290 σωτήριον,
3319 1221 3449 1291 περὶ
3497 1215 3562 1276 οὗ
3611 1221 3845 1290 πρόσθεν

2247 1313 2489 1382 ἐλέγετο,
2531 1312 2630 1366 καὶ
2676 1311 2974 1382 ἀντλήσετε
3009 1312 3156 1383 ὕδωρ
3211 1314 3332 1383 μετ’
3386 1313 3742 1385 εὐφροσύνης
3786 1319 3844 1365 ἐκ

2248 1405 2358 1457 τῶν
2387 1403 2582 1474 πηγῶν
2601 1403 2694 1457 τοῦ
2719 1405 3012 1474 σωτηρίου.
3053 1405 3163 1458 Καὶ
3208 1405 3328 1458 ἀντὶ
3360 1405 3640 1475 ποταμοῦ
3671 1423 3844 1459 ποτα-

2254 1495 2376 1566 μὸν,
2411 1489 2474 1550 οὗ
2522 1494 2594 1548 τὰ
2645 1495 2947 1565 ὁρμήματα
3000 1495 3356 1566 εὐφραίνουσι
3411 1495 3511 1566 τὴν
3564 1496 3730 1548 πόλιν
3757 1497 3844 1549 τού

2251 1587 2409 1641 Θεοῦ.
2461 1586 2626 1658 Ὁρᾷς
2657 1587 2734 1652 ὡς
2756 1587 2850 1641 ἐπὶ
2883 1587 3122 1659 ὠφελείᾳ
3166 1587 3342 1642 ταῦτα
3375 1588 3485 1642 τῶν
3525 1587 3846 1657 Αἰγυπτίων

2254 1677 2608 1744 θεσπίζεται;
2639 1678 2730 1731 Διὸ
2759 1678 2900 1731 κατὰ
2929 1678 3056 1741 τοὺς
3085 1677 3457 1749 ἐὸδομήκοντα
3485 1677 3715 1744 λέγεται
3768 1681 3840 1738 τὸ.

2253 1769 2490 1821 πίονται
2519 1769 2573 1822 οὶ
2592 1768 2901 1836 Αἰγύπτιοι
2923 1767 2992 1821 τὸ
3020 1766 3177 1836 ὕδωρ
3205 1767 3272 1822 τὸ
3307 1767 3468 1835 παρὰ
3495 1767 3840 1836 θάλασσαν,

557 1890 690 1945 ergo
719 1881 777 1927 ut
808 1873 861 1927 in
890 1871 1274 1942 Egyptiorum
1302 1834 1598 1924 utilitatem
1620 1867 1726 1922 ista
1746 1866 2139 1937 praedicentur?

2256 1861 2314 1913 '0
2345 1859 2402 1912 δὲ
2430 1834 2699 1927 ποταμὸς
2725 1859 3017 1928 ἐκλείψει.
3052 1834 3148 1930 Μή
3174 1834 3487 1928 ὑφεστῶτος
3518 1861 3633 1929 γὰρ
3660 1834 3845 1919 ὓδατος

557 1972 739 2036 Atque
787 1963 915 2018 inde
962 1972 1068 2027 est,
1107 1960 1254 2031 quod
1302 1961 1634 2030 interpretes
1681 1957 2059 2028 Septuaginta,
2095 1966 2145 2012 et

559 2059 735 2113 bibent
774 2053 1019 2124 quyptii
1062 2069 1257 2123 aquam
1291 2053 1458 2122 juxta
1506 2065 1652 2104 mare
1683 2065 1701 2102 :
1739 2049 1933 2118 ﬂuvius
1963 2060 2144 2104 autem

559 2151 791 2220 deﬁciet,
821 2147 1202 2202 reddiderunt.
1246 2144 1460 2211 Quibus
1496 2144 1642 2198 enim
1683 2141 1821 2196 nihil
1852 2139 2148 2211 Egyptia-

560 2257 639 2295 ca:
667 2254 820 2309 aquae
836 2238 1095 2308 supersit,
1128 2250 1254 2290 cum
1278 2235 1352 2290 sit
1374 2235 1438 2288 ad
1463 2244 1647 2304 potum
1683 2232 1893 2285 marina
1910 2230 2144 2295 inutilis,

561 2345 764 2386 novum
806 2329 952 2381 aliud
992 2341 1152 2397 aquae
1202 2341 1378 2396 genus
1419 2323 1801 2378 annuntiatur.
1849 2320 1956 2376 Sed
1998 2321 2147 2376 enim

562 2437 686 2478 cum
726 2419 1074 2490 Egyptiacze
1120 2431 1277 2486 aquae
1310 2416 1635 2475 defecerint.
1661 2424 1776 2468 tum
1810 2412 1885 2468 illi
1925 2412 2147 2468 demum

565 2516 840 2586 lugebant,
880 2512 1083 2583 quibus
1129 2511 1332 2580 pisces,
1362 2509 1416 2563 id
1458 2518 1543 2563 est
1587 2508 1877 2563 hominum
1910 2507 2147 2570 animas,

564 2606 756 2660 venari
791 2607 1067 2660 usitatum
1109 2603 1319 2668 fuerat;
1350 2603 1478 2672 quia
1503 2602 1613 2657 illis
1639 2602 1796 2671 plane
1822 2608 2147 2672 repugnent,

563 2699 660 2766 qui
685 2697 998 2766 piscatores
1039 2695 1328 2749 hominum
1365 2703 1424 2747 ut
1456 2695 1675 2758 tierent,
1716 2708 1746 2747 a
1783 2693 2018 2748 Domino
2045 2707 2148 2747 vo-

564 2790 672 2845 cati
708 2799 841 2844 sunt
883 2789 948 2842 ⁸⁸.
979 2787 1091 2842 Sua
1136 2787 1281 2842 enim
1324 2788 1400 2841 illi
1431 2787 1784 2857 philosophia
1817 2795 1870 2840 ct
1897 2787 2147 2840 incanta-

565 2883 716 2938 tione
751 2882 1010 2949 deceptas
1057 2881 1294 2944 animas,
1338 2881 1629 2934 verborum
1678 2878 2001 2943 involucris,
2033 2887 2148 2931 tan-

565 2989 732 3044 quam
762 2974 963 3026 retibus
985 2972 1266 3027 contraria
1285 2971 1406 3041 ejus
1430 2972 1661 3025 omnino
1680 2986 1892 3041 sageua'
1915 2971 2150 3034 ratione,

573 3082 698 3136 qua:
725 3066 778 3120 in
815 3080 966 3119 mare
997 3065 1164 3118 missa
1199 3079 1361 3118 omne
1393 3063 1626 3134 piscium
1655 3078 1828 3133 genus
1864 3063 2150 3132 amplecti-

2247 1950 2654 2019 Αίγυπτιακοῦ,
2713 1951 2849 2022 μηδὲ
2888 1951 3121 2020 ποτίμου
3165 1951 3261 2005 τοῦ
3317 1951 3616 2006 θαλαττίου
3647 1959 3845 2020 τυγχσο

2248 2059 2450 2106 νοντος,
2483 2042 2671 2096 καινὸν
2694 2040 2840 2114 ὕδωρ
2868 2044 3052 2107 αὐτοῖς
3075 2044 3498 2113 ἐπαγγέλλεται.
3547 2042 3717 2097 ’Λλλά
3745 2047 3844 2112 γάρ

2248 2136 2611 2190 ἐκλειπόντων
2623 2137 2731 2190 τῶν
2746 2139 3137 2206 Αἰγυπτιακῶν
3158 2139 3390 2202 ὑδάτων,
3410 2139 3460 2191 οἰ
3488 2137 3843 2208 θηραταὶτὼν

2254 2228 2475 2299 ἰχθύων,
2499 2229 2700 2300 δηλαδὴ
2725 2229 2832 2282 τῶν
2857 2229 3213 2302 ἀνθρωπίνων
3245 2230 3452 2302 ψυχῶν,
3497 2228 3836 2294 πενθήσειν

2251 2321 2499 2388 λέγονται
2521 2323 2879 2392 τυγχάνοντες
2911 2324 3147 2378 ἐναντίοι
3196 2328 3331 2391 τοῖς,
3369 2325 3507 2394 πρὸς
3530 2323 3630 2386 οὓς
3660 2321 3839 2391 ἔλεγεν

2251 2415 2280 2467 ὁ
2305 2415 2516 2486 Σωτήρ·
2552 2415 2745 2479 Δεῦτε,
2764 2418 2859 2469 καὶ
2894 2415 3107 2487 ποιήσω
3123 2417 3267 2488 ὑμᾶς
3295 2417 3485 2483 ἁλιεῖς
3509 2413 3834 2486 ἀνθρώπων.

2273 2507 2502 2561 Ἐκεῖνοι
2536 2507 2644 2577 γὰρ
2696 2507 2786 2560 διὰ
2833 2508 2936 2575 τῆς
2984 2511 3115 2580 παρ’
3155 2511 3338 2573 αὐτοῖς
3389 2511 3723 2579 φιλοσοφίας
3755 2513 3840 2564 καὶ

2250 2598 2531 2667 γοητείας,
2563 2599 2663 2663 τὰς
2693 2600 2872 2670 ψυχὰς
2896 2601 3175 2664 ἐδελέαζον
3203 2603 3369 2656 οἱονεὶ
3402 2604 3671 2672 σαγήνῃ,
3728 2606 3839 2666 ταῖς

2250 2690 2361 2743 τῶν
2414 2690 2589 2759 λόγων
2648 2691 2883 2755 πλοκαῖς
2949 2693 3439 2764 συλλαμϐάνοντες.
3492 2694 3751 2749 Ἐναντία
3789 2695 3839 2749 δὲ

2251 2781 2427 2854 ταύτῃ
2460 2781 2704 2851 σαγήνῃ
2741 2786 2870 2856 περὶ
2898 2780 2966 2857 ἧς
2991 2786 3206 2857 εἴρηται
3229 2803 3247 2820 ο
3280 2789 3440 2857 ὁμοία
3475 2789 3628 2842 ἐστὶν
3680 2791 3715 2860 ἡ
3752 2788 3840 2858 βαι

2255 2875 2426 2927 σιλεια
2452 2875 2562 2930 τῶν
2585 2877 2832 2947 οὐρανῶν
2866 2880 3076 2950 σαγήνῃ
3107 2878 3368 2950 βληθείσῃ
3403 2883 3482 2943 εἰς
3510 2883 3615 2951 τὴν
3648 2883 3840 2936 Baias.

2255 2984 2376 3031 σαν,
2409 2970 2503 3022 καί
2561 2970 2902 3042 συλλαϐούσῃ
2963 2973 3072 3026 ἀπὸ
3129 2974 3330 3038 παντὸς
3372 2974 3570 3043 γένους
3624 2976 3837 3045 ἰχθύων.

2254 3062 2358 3115 Τὸν
2388 3061 2547 3129 λόγον
2571 3063 2662 3116 τὸν
2686 3064 2818 3133 περὶ
2842 3065 2943 3134 τῆς
2975 3064 3256 3135 βασιλείας
3281 3067 3378 3137 τῆς
3408 3068 3732 3138 παραϐολῆς
3756 3071 3840 3122 καὶ

548 3167 679 3222 tur,
717 3172 1056 3230 regnumque
1083 3157 1377 3221 caelorum,
1413 3167 1467 3210 et
1498 3156 1754 3210 homines
1786 3155 1940 3224 ipsos
1973 3155 2147 3225 signi-

2259 3153 2445 3222 ἰχθύας
2510 3155 2635 3218 τοὺς
2689 3155 3014 3226 ἀνθρώπους
3054 3157 3450 3229 ὑποδηλούσης.
3508 3161 3840 3214 Πενθοῦσιν

567 3252 695 3306 ticat
717 3251 782 3316 “,
815 3251 1188 3304 involvebant.
1209 3247 1447 3319 Lugeant
1473 3264 1608 3318 ergo
1638 3247 1734 3318 qui
1753 3263 1847 3301 cas
1871 3257 2019 3301 artes
2047 3247 2150 3301 sibi

563 3359 664 3412 per
683 3343 890 3399 Christi
920 3341 1212 3397 adventum
1240 3341 1449 3394 ablatas
1479 3356 1604 3395 esse
1651 3340 1862 3402 vident,
1893 3340 2050 3407 juxta
2087 3340 2153 3393 il-

566 3433 690 3486 lud:
728 3450 747 3483 ι
774 3430 1000 3486 Perdant
1020 3431 1346 3500 sapientiam
1367 3429 1786 3496 sapientium,et
1805 3429 2150 3498 prudentiam

566 3524 732 3597 269
757 3523 1103 3594 prudentium
1127 3522 1408 3577 destruam
1442 3522 1502 3574 ‘7.
1541 3538 1561 3572 ι
1595 3518 1664 3573 Et
1699 3521 1938 3589 confusio
1961 3535 2152 3589 αρρνε-

567 3617 760 3671 heudet
805 3632 915 3680 eos,
973 3615 1063 3685 qui
1107 3627 1402 3682 operantur
1443 3613 1636 3677 linum,
1683 3614 1736 3668 id
1767 3623 1876 3680 est,
1907 3615 2002 3682 qui
2041 3628 2150 3668 non

567 3708 802 3766 solidam
839 3716 894 3762 et
941 3707 1181 3772 ﬁrmam,
1211 3707 1303 3762 sed
1347 3705 1697 3774 praefractam
1724 3715 1778 3760 et
1806 3706 2036 3760 minimc
2060 3721 2153 3760 co-

567 3799 865 3855 haerentem
907 3799 1176 3852 rationem
1232 3810 1562 3867 sequuntur.
1608 3796 1674 3850 Et
1726 3797 1914 3867 byssus
1953 3797 2152 3852 deinde

567 3891 950 3961 Egyptiorum
1001 3889 1165 3958 ﬂuvio
1218 3890 1575 3961 irrigabatur.
1637 3889 1928 3961 Lugebunt
1971 3891 2150 3961 itaque

569 3999 755 4040 rerum
803 3983 1034 4037 istarum
1089 3982 1336 4053 opilices,
1371 3981 1592 4053 quando
1626 3998 1735 4038 non
1764 3983 1869 4039 sibi
1911 3983 2148 4054 amplius

569 4075 637 4130 ad
680 4074 984 4140 amictum,
1037 4089 1262 4144 suaeque
1331 4076 1620 4146 sapientia:
1686 4085 1968 4135 ornatum.
2015 4077 2150 4132 telas

569 4168 728 4232 istas,
761 4165 966 4235 quibus
1009 4165 1144 4220 falsa
1193 4167 1488 4221 verborum
1533 4169 1829 4232 lenocinio,
1882 4177 2146 4239 tanquam

569 4259 708 4314 velis
753 4257 1009 4329 obtegere
1062 4257 1335 4322 solebant,
1389 4269 1680 4328 suppetere
1710 4259 2144 4329 deprehenderit.

570 4349 708 4406 Cum
748 4351 834 4404 his
877 4348 1125 4422 lugebuut
1167 4359 1221 4405 et
1261 4350 1362 4413 illi,
1397 4351 1488 4420 qui
1541 4349 1906 4406 adulterinum
1941 4353 2144 4418 viuum,

573 4462 684 4502 non
716 4446 861 4513 quod
900 4460 966 4500 ex
989 4446 1091 4499 rite
1121 4445 1272 4500 nasci
1295 4446 1458 4510 solet,
1493 4445 1814 4500 eﬂ‘ecerunt.
1849 4445 1981 4512 Quae
1999 4455 2147 4502 certe

2253 3242 2369 3309 οὖν,
2417 3245 2494 3309 ὡς
2531 3246 2730 3317 μηκέτι
2790 3247 2881 3300 διὰ
2925 3249 3016 3304 τὸν
3046 3250 3333 3305 παύσαντα
3367 3251 3609 3322 Χριστὸν
3630 3252 3838 3322 ἔχοντες

2253 3338 2522 3409 ἐργασίαν
2549 3379 2563 3403 ,
2589 3341 2730 3395 κατὰ
2761 3342 2842 3407 τὸ,
2865 3361 2884 3394 ι
2908 3341 3119 3396 Ἀπολῶ
3145 3345 3243 3414 τὴν
3277 3346 3472 3414 σοφίαν
3503 3346 3616 3399 τῶν
3642 3347 3836 3416 σοφῶν,

2253 3432 2350 3484 καὶ
2367 3431 2466 3500 τὴν
2494 3431 2712 3486 σύνεσιν
2739 3433 2846 3486 τῶν
2883 3435 3118 3488 συνετῶν
3151 3435 3458 3508 ἀθετήσω.»
3499 3439 3614 3493 Καὶ
3646 3449 3673 3476 ι
3705 3440 3838 3505 τοὺς

2251 3521 2682 3591 ἐργαζομένους
2700 3525 2765 3578 τὸ
2787 3525 2986 3590 λίνον,
3019 3527 3079 3579 ού
3113 3527 3176 3580 τὸ
3201 3529 3427 3600 στέρρον
3463 3530 3560 3583 καὶ
3582 3532 3838 3603 ἁρῤαγές,

2253 3615 2390 3668 ἀλλὰ
2426 3615 2518 3669 τὸν
2550 3616 2706 3686 λόγον
2738 3618 2829 3670 τὸν
2862 3619 3200 3689 διερρωγότα
3233 3623 3328 3673 καὶ
3357 3623 3702 3693 ἐσχισμένον.
3738 3626 3838 3678 Καὶ

2258 3708 2497 3774 βύσσος
2526 3707 2596 3762 δὲ
2643 3709 2749 3764 τοῦ
2789 3711 2908 3763 τῶν
2944 3714 3284 3781 Αἰγυπτίων
3325 3715 3616 3783 ἡρὸεύετο
3666 3734 3838 3772 ,τοτα-

2247 3801 2366 3869 μοῡ
2386 3809 2437 3855 θ’.
2497 3801 2561 3854 Οἰ
2594 3802 2774 3854 τοίνυν
2821 3803 3029 3857 τούτων
3059 3806 3289 3875 ἐργάται
3344 3809 3718 3875 στενὰξουσιν,
3757 3811 3834 3864 ὅτε

2255 3892 2454 3963 μηκέτι
2479 3893 2664 3957 αὐτοῖς
2692 3893 2826 3964 πρὸς
2858 3896 3175 3968 περιϐολὴν,
3206 3899 3302 3952 καὶ
3335 3901 3542 3971 κόσμον
3573 3903 3676 3973 τῆς
3716 3903 3836 3973 παρ’

2251 3986 2433 4039 αὐτῶν
2473 3987 2666 4056 σοφίας
2713 3989 3002 4058 εύπορεῖτο
3041 3991 3109 4044 τὰ
3168 3991 3372 4047 τούτων
3433 3995 3732 4065 ὑφάσματα
3759 3996 3835 4048 id.

2251 4094 2368 4147 γοις
2392 4077 2452 4131 τὸ
2475 4079 2670 4148 ψεῦδος
2711 4081 3080 4136 καλύπτουσιν
3130 4085 3432 4155 ἀπατηλοῖς
3459 4104 3522 4140 τε
3552 4090 3651 4142 καὶ
3683 4089 3833 4142 πιθα-

2250 4170 2383 4231 νοῖς.
2414 4168 2553 4222 Μεθ’
2578 4163 2651 4224 ὧν
2676 4170 3051 4236 στεγάζουσι
3091 4173 3187 4228 καὶ
3220 4176 3270 4228 οἰ
3306 4175 3414 4229 τὸν
3437 4179 3625 4232 νόθον
3654 4175 3830 4243 οἶνον,

2249 4261 2312 4315 οὐ
2337 4260 2428 4315 τὸν
2469 4261 2530 4326 ἐξ
2579 4263 2852 4333 ἀμπέλου
2903 4268 3430 4332 κατασκευάζοντες.
3471 4264 3572 4325 Ὧν
3612 4270 3678 4342 δὴ
3708 4274 3830 4326 πάν-

2247 4370 2358 4408 των
2379 4355 2616 4426 χορηγὸς
2647 4356 2676 4408 ὁ
2714 4356 3092 4425 Αίγυπτιακός
3133 4361 3251 4413 ἐστι
3291 4361 3560 4432 ποταμὸς,
3611 4358 3675 4418 οὗ
3703 4365 3826 4417 ἀπο-

2249 4447 2469 4517 τρέπων
2511 4447 2704 4517 ἱτερος
2757 4451 3042 4520 προφήτης
3095 4453 3249 4522 φησί·
3304 4453 3370 4506 Τί
3419 4470 3502 4506 σοι
3550 4457 3647 4509 καὶ
3678 4458 3742 4527 τῇ
3765 4459 3826 4526 γῇ

571 4537 757 4591 omnia
792 4551 915 4590 cum
955 4537 1024 4590 ab
1052 4534 1271 4608 Egypti
1309 4535 1474 4590 lluvio
1499 4536 1836 4606 suppeditari
1859 4538 2002 4592 alius
2024 4554 2147 4608 pro-

2252 4538 2532 4607 Αἰγύπτου
2565 4539 2658 4593 τοῦ
2686 4543 2830 4594 πιεῖν
2868 4541 3013 4614 ὕδωρ
3043 4543 3200 4614 Γηὼν
3231 4562 3246 4612 ;
3290 4546 3368 4598 Τὰ
3394 4544 3451 4599 δὲ
3477 4546 3691 4600 τούτων
3717 4526 3830 4616 ἑξῆς

573 4631 737 4699 pheta
787 4637 1061 4693 cerneret,
1111 4629 1184 4681 ita
1222 4627 1406 4683 verbis
1455 4638 1707 4682 avertere
1749 4637 1982 4683 conatus
2041 4639 2146 4695 est,

570 4736 697 4774 cum
723 4720 846 4773 ait:
888 4738 904 4770 ι
943 4718 1089 4785 Quid
1131 4719 1229 4773 tibi
1263 4734 1388 4773 cum
1433 4718 1661 4790 Egypti
1700 4729 1872 4784 terra,
1905 4728 1966 4773 ut
1995 4721 2150 4776 bibas

571 4827 771 4882 aquam
806 4811 958 4865 Geon
995 4811 1075 4864 u3?
1109 4829 1128 4862 ι
1157 4809 1289 4876 Qum
1309 4820 1489 4867 autem
1521 4813 1780 4882 deinceps
1812 4823 2146 4882 sequuntur,

2255 4632 2386 4701 περὶ
2430 4631 2653 4699 ἀτανῶν
2685 4632 2996 4702 ἀρχόντων
3045 4634 3396 4705 προλέγεται,
3445 4638 3496 4690 οἳ
3531 4641 3657 4702 ταῖς
3693 4657 3829 4711 περι-

2258 4722 2453 4792 φανέσι
2479 4724 2574 4776 καὶ
2604 4727 2890 4794 μεγίσταις
2919 4727 3208 4801 ἐφέδρευον
3239 4729 3448 4798 πόλεσι,
3479 4734 3547 4802 τῇ
3580 4749 3644 4785 τε
3679 4733 3825 4788 Tarsi

2257 4815 2352 4868 καὶ
2391 4815 2640 4886 Μέμφει.

569 4913 625 4958 ct
652 4903 977 4972 principibus
1026 4903 1302 4967 obscuris,
1333 4906 1425 4975 qui
1476 4906 1690 4974 magnis
1720 4915 1776 4960 et
1822 4905 2133 4962 illustribus
2173 4906 2512 4975 civitatibus,
2547 4909 2682 4963 Taui
2709 4910 2985 4977 videlicet,
3017 4922 3072 4968 et
3109 4911 3341 4983 Memphi
3397 4914 3823 4982 insidiabantur,

575 4995 968 5068 praedicuntur.
1261 5035 1276 5051 .
1496 5034 1511 5050 .
1731 5034 1748 5050 .

643 5089 808 5160 27o
827 5087 994 5142 Vens.
1015 5087 1208 5143 16-25.
1231 5087 1326 5141 Die
1342 5087 1438 5142 illa
1458 5094 1609 5142 erunt
1631 5085 1704 5140 1E
1708 5088 1875 5158 gyptii
1895 5097 2148 5158 tanquam

574 5181 822 5238 mulieres
862 5183 918 5234 in
962 5181 1173 5246 timore,
1217 5189 1266 5233 et
1304 5190 1547 5246 tremore,
1573 5196 1605 5232 a
1641 5180 1780 5248 [acie
1806 5196 1998 5234 manus
2035 5181 2149 5236 Do-

574 5273 708 5327 mini
748 5269 1010 5334 Sabaoth,
1037 5287 1194 5341 quam
1230 5272 1338 5340 ipse
1367 5270 1632 5323 immittet.
1665 5268 1727 5322 Et
1751 5271 1851 5323 erit
1873 5272 2017 5341 regio
2044 5269 2148 5325 Ju-

491 5407 500 5410 -
573 5364 814 5419 divorum
850 5361 1124 5434 {Egyptiis
1169 5363 1223 5416 iu
1251 5371 1528 5416 terrorem.
1554 5361 1868 5432 Quicunque
1900 5379 2018 5417 eam
2055 5380 2150 5418 uo-

654 5545 700 5578 “
753 5543 858 5600 Job
904 5559 993 5606 XL,
1074 5542 1142 5597 10
1190 5558 1343 5613 seqq.

580 5617 626 5647 "
647 5615 850 5671 Jcrem.
892 5631 952 5677 Il,
987 5614 1074 5667 18.

2334 5087 2411 5160 Τῇ
2439 5089 2509 5144 δὲ
2547 5091 2736 5160 ἡμέρᾳ
2780 5091 2986 5160 ἐκείνῃ
3013 5093 3257 5146 ἔσονται
3301 5094 3357 5145 οι
3395 5093 3728 5162 Αἰγύπτιοι,
3760 5093 3825 5155 ὡς

2257 5182 2557 5252 γυναῖκες,
2595 5185 2664 5236 ἐν
2689 5185 2871 5253 φόϐῳ,
2899 5185 2968 5238 ἐν
2988 5186 3203 5254 τρόμῳ,
3239 5184 3360 5239 ἀπὸ
3379 5184 3710 5252 προσώπου
3732 5183 3823 5251 τῆς

2257 5275 2458 5343 χειρὸς
2481 5275 2700 5343 Κυρίου
2722 5275 2987 5341 Σαϐαὼθ,
3013 5275 3094 5342 ἢν
3111 5279 3296 5344 αὐτὸς
3316 5277 3597 5333 ἐπιϐαλεῖ
3615 5276 3818 5340 αὐτοῖς.

2257 5365 2367 5417 Καὶ
2401 5364 2572 5418 ἐσται
2601 5364 2639 5432 ἡ
2665 5372 2826 5435 χώρα
2850 5363 2969 5419 τῶν
3007 5366 3307 5422 Ἰουδαίων
3333 5365 3457 5433 τοῖς
3493 5367 3821 5435 Αἰγυπτίοις

1422 5541 1467 5573 ³⁸
1537 5540 1733 5596 Matth.
1811 5557 1886 5605 tv,
1925 5541 2014 5597 i9.
2095 5543 2140 5574 ⁸⁸
2177 5541 2373 5600 Matth.
2407 5561 2529 5612 χιιι,
2560 5544 2653 5601 47.
2734 5545 2775 5580 ³⁷
2809 5543 2914 5603 lsa.
2955 5562 3143 5614 xxxrv,
3188 5547 3250 5602 lt
3280 5564 3296 5616 ;
3330 5547 3345 5601 Ι
3374 5546 3504 5605 Cor.
3530 5564 3570 5614 ι,
3607 5547 3696 5605 I9.

1849 5677 2093 5755 unus
2137 5701 2542 5762 LECTIONES.

652 5840 674 5868 ι
701 5829 760 5881 .1.
787 5824 1014 5896 αἰσχύνη
1045 5823 1293 5895 λήψεται.
1372 5831 1402 5873 7
1423 5840 1516 5893 trp.
1555 5821 1632 5893 τῷ
1654 5819 1761 5874 τῶν
1783 5821 2096 5888 Αἰγυπτίων
2127 5821 2381 5893 ἡρδεύετο
2414 5825 2658 5898 ποταμῷ.
