3908 6506
130 336 252 401 I157

683 454 939 510 ΚΕΦΑΛ.
990 454 1082 510 ·Κ’.

183 547 310 606 α-ς’.
345 533 459 597 Τοῦ
504 542 685 612 ἔτους
707 542 779 603 οὗ
805 546 1054 616 είσῆλθε
1102 549 1370 603 Τανὰθαν
1399 549 1487 616 εὶς
1520 548 1693 609 Ἀζωο

124 650 234 696 τον,
255 632 432 699 ἡνίκα
457 634 772 705 ἐπεστάλη
805 640 924 693 ὑπὸ
942 640 1131 709 Ἀρνα
1149 640 1693 707 ,ϐασιλέωςἈσσυ-

121 741 261 792 puer,
278 724 375 779 καὶ
399 726 746 797 ἐπολέμησε
763 730 877 798 τὴν
904 720 1181 800 Ἀζωτονξ
1202 734 1302 788 καὶ
1332 733 1693 788 κατελάϐετο

122 816 309 891 max,
332 820 465 873 τότε
490 821 764 891 ἐλάλησε
784 827 998 895 Κύριος
1015 827 1165 897 πρὸς
1179 828 1449 894 Ἡσαΐαν,
1473 828 1686 899 λέγων·

124 912 360 977 Πορεύου
387 912 489 966 καὶ
523 914 714 984 ἄφελε
747 917 851 971 τὸν
878 918 1115 974 σάκκον
1143 921 1263 976 ἀπὸ
1310 920 1418 991 τῆς
1458 922 1690 991 ὀσφύος

124 1018 237 1066 σου,
270 1020 322 1059 κ.
345 1021 395 1057 τ.
431 1005 481 1058 λ.
886 1016 905 1027 ’

180 1094 399 1151 Ἀλωσιν
455 1100 780 1167 Αἰγυπτίων
840 1102 934 1156 ὑπ’
992 1104 1293 1176 Ἀσσυρίων
1348 1106 1609 1178 προλέγει
1661 1109 1689 1160 ό

122 1186 231 1257 περὶ
251 1187 349 1258 τῆς
380 1191 619 1264 εἰρήνης
665 1196 844 1250 αὐτῶν
891 1198 949 1249 ἐν
976 1200 1091 1262 τοῖς
1123 1198 1232 1269 πρὸ
1255 1199 1463 1254 τούτων
1508 1200 1689 1254 διαλα-

115 1278 236 1331 όὼνο
274 1281 546 1353 Ἐροῦμεν
588 1281 700 1353 οὖν,
738 1288 815 1352 ὡς
842 1288 913 1342 τὰ
956 1293 1192 1363 μακροῖς
1220 1291 1445 1362 ὕστερον
1478 1294 1690 1363 χρόνοις

115 1372 321 1443 ἐσόμενα
365 1373 459 1429 διά
485 1377 604 1431 τῶν
633 1379 756 1433 ὅσον
795 1381 953 1435 οὔπω
1004 1382 1307 1454 μελλόντων
1345 1384 1688 1457 πληροῦσθαι

124 1472 419 1523 πιστοποιεῖ.
456 1471 542 1525 Ti
601 1475 701 1545 μὲν
748 1479 857 1547 γὰρ
903 1479 1171 1550 εἰρημένα
1206 1479 1440 1549 χρηστὰ,
1468 1478 1567 1550 τὴν
1592 1480 1686 1533 τοῦ

121 1557 337 1630 Σωτῆρος
391 1563 697 1635 ἐπιδημίαν
746 1568 1010 1638 ἀνέμενεν
1062 1570 1157 1623 ἐπὶ
1189 1571 1421 1642 νεφέλης
1480 1572 1687 1643 κούφης

120 1648 242 1718 ἥξειν
266 1654 342 1715 είς
368 1656 661 1723 Αἴγυπτον
693 1660 999 1729 μέλλοντος.
1030 1662 1113 1716 Τὰ
1140 1662 1199 1717 δὲ
1230 1663 1323 1718 νῦν
1368 1664 1456 1718 ἐπ’
1504 1666 1686 1719 αὐτῶν

1213 336 1753 406 COMMENTARH
1810 342 1889 411 ΙΝ
1931 342 2213 416 ISAIAM.

1718 458 1769 519 A

3239 360 3379 429 2158

2415 464 2568 523 CAP.
2629 466 2747 525 XX.

1860 553 2026 628 274
2054 555 2201 612 Vens
2248 556 2361 613 1.6.
2398 559 2553 613 Anno
2599 577 2702 631 quo
2754 562 3022 633 ingressus
3069 573 3149 618 est
3201 565 3381 621 Tang.

1794 646 1925 700 than
1958 648 2210 714 Azotum,
2243 667 2362 704 cum
2392 653 2590 707 missus
2611 664 2688 708 est
2713 654 2778 709 ab
2810 658 2959 710 Arna
2981 673 3097 727 rege
3129 659 3381 729 Assyria-

1794 752 1934 800 rum.
1979 748 2030 793 et
2088 744 2343 813 pugnavit
2376 756 2563 799 contra
2620 748 2886 811 Azotum,
2940 759 2991 803 et
3038 752 3171 817 cepit
3233 767 3375 815 eam.

1786 842 1915 885 tunc
1946 832 2155 888 locutus
2184 846 2263 889 est
2292 836 2551 893 Dominus
2576 840 2645 893 ad
2680 841 2909 903 Isaiam,
2942 845 3121 899 dicens
3148 859 3167 897 :
3210 844 3375 911 Vade,

1791 935 1839 975 et
1872 926 2029 993 aufer
2062 945 2277 981 mecum
2315 940 2464 984 tuum
2500 950 2533 985 a
2562 933 2753 987 lumbis
2786 937 2918 999 tuis,
2947 948 3055 990 etc.

1861 1108 2247 1179 Egyptiorum
2276 1124 2372 1179 per
2399 1111 2657 1182 Assyrios
2687 1102 3157 1183 expugnationem
3181 1112 3381 1183 pradi-

1790 1212 1916 1249 eere
1945 1198 2281 1265 aggreditur,
2313 1200 2407 1268 qui
2450 1200 2518 1253 de
2558 1216 2750 1254 eorum
2798 1217 2931 1272 pace
2970 1203 3231 1273 superius
3268 1203 3380 1260 disp

1784 1289 2021 1357 putavit.
2053 1286 2123 1342 lis
2159 1303 2289 1357 ergo
2331 1305 2455 1359 qua:
2496 1289 2659 1361 longo
2700 1299 2890 1359 postea
2935 1303 3182 1362 tempore
3209 1309 3381 1350 even-

1791 1390 1910 1432 tura
1938 1391 2143 1445 essent,
2190 1397 2287 1451 per
2318 1399 2403 1447 ea,
2436 1399 2559 1453 qua:
2594 1383 2825 1453 jamjam
2873 1383 3179 1450 instabant,
3215 1387 3377 1440 (idem

1788 1472 1983 1527 aﬂerre
2042 1474 2312 1529 dicemus.
2360 1476 2491 1540 Quae
2547 1477 2694 1530 enim
2756 1476 2825 1532 de
2877 1491 3141 1546 prospero
3192 1493 3376 1532 rerum

1788 1582 2049 1621 successu
2103 1568 2251 1623 dicta
2305 1579 2454 1633 sunt,
2514 1568 2581 1622 ad
2622 1585 2686 1623 ea
2736 1569 3043 1624 Salvatoris
3102 1577 3378 1638 tempora,

1786 1660 2078 1727 quibusin
2127 1660 2386 1733 Egypto,
2438 1673 2700 1732 tanquam
2750 1664 2853 1717 levi
2903 1664 2957 1717 in
3013 1664 3180 1725 nube,
3224 1679 3381 1732 pere-

118 1742 204 1795 τῶν
247 1746 337 1799 τοῦ
376 1752 673 1821 προφήτου
726 1755 936 1825 χρόνων
986 1756 1353 1829 συμϐέϐηκεν.
1396 1759 1583 1813 Ταῦτα
1626 1760 1683 1812 δὲ

1791 1753 2114 1822 grinaturus
2148 1764 2319 1819 esset,
2348 1755 2635 1811 referenda
2670 1756 2917 1811 fuerunt.
2942 1756 3063 1822 Quo
3096 1758 3165 1811 de
3196 1767 3379 1811 autem

119 1838 210 1899 toi;
248 1837 522 1905 Ἰουδαίοις
571 1845 901 1913 προλέγεται
945 1850 1012 1919 τῇ
1040 1849 1148 1901 τῶν
1168 1850 1508 1918 Αίγυπτίων
1554 1870 1691 1923 συμ-

115 1930 263 2001 μαχίᾳ
308 1935 656 2004 προσδοκῶσι
704 1940 1017 2008 διαφεύγειν
1078 1942 1176 2013 τὴν
1232 1944 1335 1999 ὐπ’
1372 1943 1698 2012 Ἀσσυρίων

122 2025 385 2092 μέλλουσαν
408 2027 643 2091 ἀλωσιν,
674 2031 724 2083 οἳ
779 2035 875 2085 καὶ
926 2032 991 2103 δὴ
1034 2034 1263 2105 πλησίον
1290 2031 1434 2107 ἦσαν
1482 2036 1696 2101 ἑλόντες
1728 2080 1729 2083 η

113 2116 211 2184 τὴν
233 2116 483 2180 Ἄζωτον
508 2122 616 2194 τῆς
648 2124 1015 2197 Παλαιστίνης
1052 2128 1318 2200 μεγίστην
1340 2129 1437 2183 καὶ
1463 2129 1693 2184 δυνατω’

120 2210 257 2282 τὰτην
302 2215 454 2269 πόλιν
510 2217 866 2289 ὑπάρχουσαν
890 2262 904 2285 ,
931 2220 1004 2284 ὡς
1062 2220 1130 2274 ἂν
1162 2222 1276 2284 τοῖς
1324 2222 1391 2276 ὲκ
1430 2223 1692 2290 γειτόνων

118 2302 412 2373 πτοηθέντες
463 2311 684 2372 κακοῖς,
728 2312 911 2363 πᾶσαν
956 2309 1313 2382 ἀνθρωπίνην
1353 2313 1691 2380 ἀπογνόντες

123 2394 283 2465 ῥοπὴν,
339 2399 777 2471 ἐπιστραφέντες
837 2402 975 2468 πρὸς
1025 2402 1251 2475 Κύριον,
1302 2404 1369 2458 τά
1423 2406 1690 2476 μέλλοντα

117 2488 383 2556 κερδὼωσι
407 2491 677 2565 δυσχερῆ.
730 2496 839 2548 Καί
870 2496 923 2564 γ’
965 2490 1059 2549 οὖν
1096 2513 1183 2559 τις
1224 2498 1328 2567 ἐφη
1359 2499 1645 2571 προφήτης
1671 2516 1685 2529 ·

128 2597 143 2628 ι
175 2580 269 2633 Καὶ
294 2578 358 2653 ἦν
391 2584 642 2657 Ἐφραῖμ
678 2587 975 2659 περιστερά
998 2588 1161 2653 ἄνους
1189 2590 1289 2643 οὐκ
1321 2589 1519 2661 ἔχουσα
1560 2609 1690 2664 καρο

118 2668 234 2722 δίαιθ’
260 2690 277 2723 ι
304 2674 585 2744 Αἴγυπτον
601 2678 927 2732 ἐπεκαλεῖτο
964 2681 1061 2733 καὶ
1092 2681 1175 2744 εὶς
1216 2681 1536 2752 Ἀσσυρίους
1562 2683 1687 2735 erro-

127 2761 381 2834 ρεύθησαν.

176 2942 270 2997 Καὶ
291 2945 318 2996 ό
345 2948 540 3017 παρὼν
562 2948 621 3001 δὲ
651 2948 937 3019 προφήτης
971 2948 1157 3020 φησίν·
1192 2969 1211 3002 ι
1253 2950 1389 3004 Οὐαὶ
1418 2952 1469 3005 οἱ
1502 2971 1679 3006 κατα-

118 3033 354 3101 ϐαίνοντες
395 3041 476 3103 είς
527 3040 807 3109 Αἴγυπτον
834 3041 926 3093 ἐπὶ
956 3040 1227 3111 βοήθειαν,
1284 3045 1334 3095 οἱ
1378 3045 1464 3113 ἐφ’
1493 3045 1681 3110 ἵπποις

1723 1819 1763 1873 Β

1801 1864 1947 1902 nunc
1981 1848 2186 1918 agitur,
2224 1849 2459 1920 idipsum
2500 1852 2783 1920 propheta:
2817 1859 2976 1905 aetate
3014 1849 3223 1905 factum
3269 1862 3377 1906 est.

1800 1940 2178 1997 Praedicurdur
2211 1957 2344 1997 vero
2390 1944 2495 1999 ista
2537 1942 2763 2007 Judaeis,
2814 1944 2909 2015 qui
2963 1944 3261 2000 instantem
3312 1946 3380 1998 ab

1797 2037 2035 2106 Assyriis
2088 2037 2574 2109 expugnationem,
2610 2036 2989 2108 {Egyptiorum
3028 2038 3237 2093 auxilio
3291 2054 3381 2092 ar-

1795 2144 1920 2183 cere
1960 2145 2021 2183 se
2068 2144 2231 2198 posse
2264 2128 2637 2193 conﬁdebant,
2681 2145 2807 2184 eum
2869 2130 3097 2184 Azotum
3124 2130 3236 2197 jam
3276 2130 3378 2195 illi,

1790 2220 1985 2275 urbem
2017 2218 2321 2276 Palaestinae
2351 2221 2646 2274 maximam
2696 2228 2750 2275 et
2781 2221 3238 2287 munitissimam,
3289 2238 3383 2277 eeo

1795 2313 2006 2380 pissent
2044 2329 2059 2366 :
2098 2324 2158 2366 ut
2190 2312 2498 2367 vicinorum
2544 2311 2705 2367 malis
2754 2312 3029 2379 deterriti,
3085 2313 3380 2383 desperato

1790 2418 2021 2472 prorsus
2059 2405 2313 2459 humanae
2340 2405 2467 2475 opis
2492 2415 2789 2470 momento,
2823 2405 2891 2459 ad
2920 2405 3209 2460 Dominum
3244 2421 3382 2461 con-

1794 2498 1935 2550 versi
1974 2496 2285 2563 ingruentia
2326 2495 2525 2551 damna
2566 2496 2782 2551 valeant
2815 2495 3078 2567 eﬂ‘ugerc.
3123 2496 3200 2553 Ita
3248 2514 3381 2554 vero

1791 2590 1855 2642 de
1886 2587 2009 2642 istis
2041 2587 2117 2640 ait
2141 2594 2197 2640 et
2228 2587 2452 2656 quidam
2487 2586 2793 2656 propheta:
2821 2606 2838 2637 ‹
2872 2586 2937 2640 Et
2965 2600 3085 2643 erat
3115 2591 3375 2659 Epliraim

1788 2679 2038 2733 columba
2090 2679 2253 2750 275
2319 2694 2528 2741 amens,
2578 2686 2633 2734 et
2671 2696 2866 2735 vecors
2918 2682 2983 2735 ”.
3022 2702 3041 2734 ι
3078 2681 3375 2754 ίΕεγριιιιιι

1787 2772 2082 2835 advocare,
2131 2781 2185 2825 et
2244 2771 2311 2825 ad
2363 2771 2621 2842 Assyrios
2679 2771 2982 2844 confugere
3050 2791 3158 2831 non
3214 2775 3379 2832 dubi-

1787 2864 1942 2917 tavit.

1858 2955 2001 3021 Quin
2027 2964 2079 3009 et
2115 2954 2280 3009 Isaias
2318 2964 2505 3010 noster
2554 2955 2629 3009 ita
2674 2955 2960 3025 loquitur:
3011 2976 3027 3010 ι
3066 2957 3157 3013 Vae
3188 2960 3281 3030 qui
3321 2963 3377 3014 in

1785 3046 2083 3118 Aigyptum
2128 3046 2317 3099 auxilii
2364 3062 2532 3100 causa
2568 3047 2931 3113 descendunt,
2963 3050 3057 3119 qui
3110 3050 3165 3105 in
3216 3053 3379 3120 equis

128 3129 400 3196 πποιθότες
432 3134 532 3186 καὶ
561 3134 647 3203 ἐφ’
680 3128 945 3203 ἅρμασιν.
983 3154 1001 3185 ο
1044 3134 1320 3191 Τανάθαν
1374 3136 1433 3191 δὲ
1478 3155 1681 3209 στρατ-

1791 3148 1838 3192 et
1885 3140 2141 3195 curribus
2178 3138 2469 3193 conﬁdunt
2500 3138 2565 3192 ³⁸.
2610 3158 2627 3188 ι
2668 3138 2792 3193 Fuit
2850 3148 3032 3196 autem
3094 3143 3377 3197 Tanai/ian

124 3218 227 3285 ητὸς
250 3222 331 3275 τοῦ
357 3223 465 3277 τῶν
506 3225 816 3296 Ἀσσυρίων
848 3225 1109 3296 βασιλέως
1159 3226 1421 3299 ὑπάρχων
1441 3226 1551 3284 εἷλε
1573 3230 1684 3300 τὴν

1791 3233 1997 3304 Assyrii
2059 3236 2353 3295 exercitus,
2405 3249 2435 3288 a
2485 3250 2595 3305 quo
2646 3235 2850 3290 Azotus
2901 3236 3020 3307 ipsa
3063 3247 3375 3308 expugnata

129 3310 354 3373 Ἄζωτον.
380 3318 515 3372 Τότε
551 3320 733 3373 τοίνυν
774 3322 803 3372 ό
835 3321 1117 3391 προφήτης
1150 3321 1229 3374 ἐνὶ
1250 3322 1515 3394 πρότερον
1543 3324 1685 3396 χρὼ-

129 3420 252 3471 μενος
279 3409 466 3481 ίματίῳ
489 3410 748 3483 τριχὼδει
767 3429 825 3464 τε
851 3412 946 3466 καὶ
970 3416 1134 3483 παχεῖ
1168 3414 1236 3467 δι’
1259 3416 1437 3486 ἄκραν
1466 3416 1683 3485 φιλοσο·

127 3499 240 3565 φίαν,
264 3504 348 3556 καὶ
371 3504 458 3559 δια
472 3508 535 3559 τὸ
555 3506 771 3559 πενθεῖν
806 3507 929 3569 τοὺς
982 3507 1313 3571 ἀσεϐοῦντας
1337 3510 1396 3560 ἐν
1438 3510 1677 3581 Ἰσραὴλ,

128 3591 449 3651 ἀποδύσασθαι
467 3601 572 3653 καὶ
597 3600 755 3652 τοῦτο
787 3601 1211 3670 προστάττεται,
1237 3602 1465 3671 γυμνός
1486 3619 1550 3656 τε
1571 3604 1671 3656 καὶ

128 3683 449 3757 ἀνυπόόετος
481 3696 828 3762 περινοστεῖν
858 3693 1215 3764 Ἰερουσαλὴμ
1240 3696 1321 3756 εἰς
1379 3694 1548 3747 τύπον
1579 3696 1677 3765 τῆς

132 3778 377 3853 μελλούσης
402 3784 722 3854 Αἰγυπτίοις
751 3787 1157 3857 αἰχμαλωσίας·
1189 3786 1250 3840 τὸ
1280 3788 1389 3857 γὰρ
1422 3788 1519 3855 τῆς
1550 3786 1676 3851 θέας

131 3872 407 3939 παράδοξον,
444 3877 609 3946 ψιλοῦ
638 3878 801 3946 λόγου
835 3880 1041 3948 μᾶλλον
1067 3879 1280 3950 ὑπῆρχε
1330 3880 1672 3949 πιστότερον,

130 3962 325 4035 ἐναργῶς
358 3986 415 4023 τε
436 3971 605 4041 φόϐον
636 3974 942 4044 εἰργάζετο,
971 3974 1064 4025 καὶ
1122 3972 1355 4042 μάλιστα
1394 3974 1507 4035 τοῖς
1545 3975 1671 4025 εἰω-

130 4054 218 4110 θόσι
246 4064 587 4137 προφητικῶν
616 4064 794 4134 λόγων
822 4066 1127 4137 ὑπερορᾷν,
1166 4064 1261 4118 καὶ
1299 4066 1411 4128 τοῖς
1460 4066 1672 4135 προφή-

133 4164 221 4213 ταις
244 4152 443 4223 λέγειν’
491 4158 669 4211 Ἀλλα
721 4160 853 4228 ἡμῖν
888 4156 1120 4219 λαλεῖτε,
1164 4157 1257 4210 καὶ
1308 4156 1670 4225 ἁναγγέλλετε

133 4242 232 4309 ἡμῖν
256 4248 433 4319 ἑτέραν
478 4251 752 4321 πλάνησιν
771 4268 785 4281 ·
808 4250 886 4313 ὡς
926 4249 992 4303 ἂν
1023 4249 1259 4321 ὁρῶντες
1308 4251 1409 4316 τὴν
1440 4248 1669 4304 ἀτοπίαν

136 4334 202 4386 τθῦ
227 4342 499 4410 σχήματος,
539 4343 692 4397 αὐτοὶ
718 4342 910 4396 τούτου
936 4341 1035 4413 τὴν
1059 4343 1238 4398 αἰτίαν
1285 4341 1665 4420 πυνθάνοιντο.

1786 3332 1891 3386 est,
1930 3324 2241 3394 praefertus.
2277 3325 2415 3380 Tum
2458 3341 2590 3397 ergo
2630 3327 2920 3396 propheta,
2966 3327 3061 3397 qui
3112 3344 3222 3382 uno
3250 3338 3377 3384 tan-

1788 3425 1899 3467 tum
1938 3416 2104 3485 pallio
2151 3426 2335 3483 antea,
2370 3432 2546 3487 eoque
2592 3418 2723 3470 trito
2763 3426 2818 3472 et
2858 3434 3051 3474 crasso
3093 3421 3371 3485 utebatur,

1786 3516 2009 3577 propter
2048 3523 2325 3562 summum
2368 3507 2655 3577 sapientia:
2693 3509 2967 3572 studium,
3001 3517 3057 3564 et
3095 3510 3370 3575 dolorem,

1781 3618 1891 3669 quo
1946 3600 2013 3655 de
2075 3598 2294 3655 lsraelis
2346 3600 2630 3669 impietate
2676 3600 2986 3671 angebatur
3027 3618 3040 3654 :
3089 3616 3155 3657 eo
3203 3603 3371 3658 etiam

1782 3708 1927 3744 IIIIIIC
1957 3706 2162 3746 exuere
2194 3706 2273 3754 se,
2315 3690 2593 3761 nudusque
2633 3700 2685 3744 et
2730 3691 2842 3745 sine
2885 3690 3104 3755 calceis.
3137 3708 3250 3762 quo
3286 3693 3375 3748 fu-

1780 3794 1916 3836 turae
1946 3782 2333 3854 {Egyptiorum
2371 3784 2703 3837 calamitatis
2739 3783 3021 3854 specimen
3051 3785 3201 3852 edat,
3242 3787 3371 3843 Ilie—

1778 3876 2111 3945 rnsnlymam
2152 3874 2332 3929 redire
2368 3874 2611 3943 jubetur.
2662 3875 2746 3930 Ad
2784 3883 2963 3931 metus
2993 3879 3140 3933 enim
3178 3880 3371 3937 ineus-

1776 3969 1988 4020 siom-m
2029 3966 2329 4021 inusitatus
2378 3966 2469 4021 hic
2516 3966 2758 4032 habitus,
2806 3968 2959 4023 nudo
3008 3985 3267 4027 sermone
3302 3974 3370 4025 iis

1777 4058 2050 4127 prmeipue
2080 4055 2302 4112 futurus
2342 4066 2459 4111 erat
2491 4056 2786 4124 elﬁcacior,
2831 4058 2931 4130 qui
2968 4061 3366 4131 prophetarum

1773 4151 1983 4204 inunita
2007 4153 2081 4203 ita
2116 4150 2269 4221 parvi
2318 4150 2641 4219 penderent,
2676 4158 2734 4204 ut
2769 4151 2939 4205 alium
2974 4168 3070 4208 eos
3117 4169 3365 4209 errorem

1772 4241 1876 4295 sibi
1902 4241 2240 4296 annuntiare
2283 4240 2567 4309 juberent,
2601 4258 2711 4311 quo
2752 4242 3050 4297 absurdam
3086 4243 3161 4299 illi
3187 4245 3363 4300 inusi-

1772 4339 2051 4402 tatamque
2096 4333 2333 4389 vestitus
2381 4332 2614 4386 formam
2660 4333 2869 4394 intuiti,
2904 4332 2971 4387 ad
3002 4333 3127 4403 ejus
3166 4346 3366 4405 postu-

134 4424 211 4477 Τὸν
242 4430 291 4483 δὲ
344 4436 685 4507 πςοφητικὸν
728 4433 1034 4505 θαυμάζειν
1068 4434 1219 4500 ἀξιον
1254 4433 1386 4504 βίον,
1422 4434 1549 4504 περὶ
1589 4426 1667 4487 ὧν

1791 4427 1986 4482 andam
2022 4441 2244 4480 causam
2281 4426 2671 4481 invitarentur.
2700 4425 2795 4481 Est
2819 4440 2954 4481 vero
2983 4427 3093 4479 vita
3122 4429 3364 4497 pr0phec

136 4534 261 4587 φησιν
291 4525 316 4576 ὁ
340 4527 475 4591 θεῖος
513 4528 861 4591 ’Δπόστολος·
885 4547 903 4578 ι
934 4528 1237 4599 Περιῆλθον
1265 4530 1324 4582 ὲν
1362 4527 1667 4597 μηλωταῖς,

1791 4535 1953 4573 .arum
1984 4520 2469 4590 dignaimprimis,
2492 4534 2615 4588 qua:
2635 4534 2735 4574 nos
2761 4520 2816 4571 in
2835 4519 2921 4574 sui
2940 4519 3363 4577 admirationem

134 4610 176 4660 ἐν
192 4614 386 4681 αἰγείοις
407 4619 695 4692 δέρμασιν.
712 4639 730 4673 ι
748 4620 862 4674 Καὶ
879 4621 954 4682 ὡς
974 4620 1091 4690 Θεῷ
1108 4620 1206 4690 μὲν
1227 4616 1366 4691 ἦσαν
1391 4620 1666 4683 εὐπειθεῖς

138 4705 274 4759 πᾶσαν
294 4709 343 4762 δὲ
368 4712 709 4784 ἀνθρωπίνην
744 4713 1146 4783 ὑπερενήχοντο
1176 4713 1349 4779 δόξαν.
1389 4713 1477 4777 Ὠς
1511 4714 1661 4767 Ἰου-

1766 4611 1948 4664 trahat
1988 4629 2000 4665 :
2034 4621 2149 4665 tum
2196 4612 2341 4677 quod
2389 4625 2485 4666 eos
2532 4611 2830 4678 Apostolus
2870 4611 3261 4668 cireumivisse
3306 4615 3361 4668 in

1768 4706 2006 4770 melutis,
2049 4706 2103 4758 in
2139 4704 2385 4774 caprinis
2431 4705 2669 4773 pellibus
2708 4703 2860 4757 dicat
2894 4703 2934 4734 ³¹
2982 4722 2995 4757 :
3045 4712 3158 4758 tum
3209 4707 3361 4775 quod

135 4791 320 4854 δαῖοιδὲ
344 4807 405 4875 τῇ
437 4806 547 4859 τῶν
566 4807 901 4876 Αίγυπτίων
937 4806 1204 4878 ἐθάρρουν
1238 4806 1485 4876 δυνάμει,
1516 4804 1662 4859 οὕτω

1791 4799 1879 4852 )eo
1914 4798 2042 4851 laeti
2074 4796 2542 4867 obtemperantes,
2581 4797 2729 4850 omni
2780 4798 3024 4851 lmmana
3056 4800 3233 4868 gloria
3264 4818 3359 4856 sn-

137 4884 209 4953 τὴν
227 4890 317 4944 τῶν
338 4896 958 4967 ΑίθιόπωνΑἱγύπτιοι.
991 4894 1091 4951 Ὧν
1116 4898 1267 4959 ἔθνος
1296 4898 1346 4950 οἱ
1376 4897 1684 4968 Βλέμμυες·

1791 4888 2013 4944 wriores
2060 4889 2362 4943 evaserint.
2412 4886 2686 4943 Caeterum
2733 4903 2839 4959 qua
2883 4890 3101 4946 ratione
3144 4889 3357 4964 Egyp-

138 4971 330 5050 εὔστοχοι
343 4985 547 5053 τοξόται
574 4988 670 5042 καὶ
699 4989 943 5058 χρίοντες
986 4989 1215 5059 ὀλεθρίῳ
1240 4987 1522 5059 φαρμάκῳ
1548 4988 1659 5041 τῶν

1791 4982 1959 5035 iorum
1985 4980 2185 5050 opibus
2207 4978 2389 5047 Judaei
2422 4980 2612 5035 eadem
2640 4990 2696 5037 et
2736 4980 3060 5053 Ᾱῖιίιὶοριιπι
3107 4980 3358 5056 Egypt“

141 5059 361 5138 βίλῶντὰς
377 5077 581 5143 ἀκίδας,
596 5080 686 5149 ὑφ’
701 5073 776 5133 ὧν
799 5081 848 5134 oi.
866 5078 1154 5151 βληθέντες
1165 5079 1238 5144 ὡς
1255 5079 1502 5151 ἑρπετῶν
1522 5079 1663 5134 ἰοϐό-

1791 5073 2190 5131 ,onﬂdentiores
2238 5083 2553 5130 evaserant.
2611 5074 2762 5131 Inter
2810 5075 3103 5149 Egyptios
3154 5076 3354 5132 deinde

138 5152 219 5209 λων
244 5163 550 5228 ἀπώλλυντο.
571 5172 774 5242 Τριετῆ
796 5174 853 5228 δὲ
870 5173 1060 5244 χρόνον
1098 5172 1306 5237 τούτοις
1330 5173 1663 5244 ἀμφοτέροις

1796 5176 1813 5217 ι
1862 5164 2170 5236 Blemmyes
2224 5166 2329 5236 ipsi
2391 5173 2778 5230 numerantur,
2830 5168 3038 5237 quibus
3094 5182 3349 5238 magnam

140 5256 538 5329 περικαθήμενος,
598 5275 741 5319 κατα
774 5266 940 5336 μέρος
987 5264 1265 5336 ἐχειροῦτο
1321 5264 1419 5328 τὰς
1478 5264 1661 5326 πόλεις

1791 5260 2056 5330 agittandi
2100 5258 2353 5329 peritiam
2390 5258 2596 5326 inesse,
2649 5274 2973 5330 venenoque
3019 5259 3347 5330 sagittarum

141 5338 222 5394 τῶν
251 5345 588 5423 Ἀσσυρίωνό
614 5357 884 5428 βασιλεὺς,
912 5358 985 5421 ὡς
1007 5358 1286 5428 θαυμᾶσαι
1316 5358 1444 5421 τοὺς
1473 5360 1653 5423 Λίγυ-

1791 5352 1968 5418 picula
2000 5352 2256 5417 oblinire,
2286 5363 2345 5405 ut
2368 5352 2462 5422 qui
2495 5352 2578 5407 eis
2611 5361 2902 5423 petuntur,
2937 5364 3198 5423 tanquam
3231 5368 3349 5409 ser-

143 5435 323 5504 πτίους.
347 5446 388 5495 εἰ
428 5454 513 5503 καὶ
529 5451 653 5513 τοὺς
677 5451 961 5515 Αἰθίοπας
988 5450 1214 5520 ἐδυνήθη
1262 5448 1653 5517 χειρώσασθαι.

1791 5457 1983 5497 lentum
2059 5443 2337 5499 morsibus
2407 5452 2672 5513 pereant,
2741 5445 3004 5500 usitatum
3092 5456 3343 5499 narrant.

145 5522 287 5591 05W;
312 5535 493 5603 ἀγαθὸν
520 5542 756 5606 ἐλπίζειν
790 5543 879 5594 ἐπὶ
908 5540 1109 5611 Κύριον
1143 5540 1368 5612 μᾶλλον,
1396 5539 1429 5609 ἢ
1464 5556 1651 5592 πεποι-

1791 5536 2010 5592 ”νίεηηίο
2067 5545 2247 5592 autem
2303 5552 2426 5591 cum
2477 5538 2545 5592 ab
2591 5539 2814 5607 Assyrio
2867 5538 3087 5608 utrique
3124 5537 3346 5593 obside-

146 5611 259 5672 ῥίναι
308 5627 383 5681 ἐπ’
428 5633 731 5705 ἄνθρωπον.
792 5636 902 5687 Καὶ
963 5611 1370 5705 ἐπικατάρατος
1428 5634 1526 5704 μὲν
1583 5633 1643 5696 ὃς

1791 5643 1967 5697 rntur,
2002 5629 2232 5700 singulis
2282 5629 2500 5684 tandem
2542 5628 2871 5700 expugnatis
2929 5627 3163 5685 urbibus
3209 5626 3341 5683 victi

204 5797 380 5863 "Osee
416 5826 508 5878 vn,
543 5813 626 5869 ll.
709 5815 751 5846 ³ο
797 5814 897 5869 lsa.
938 5829 1085 5876 ιχκι,
1122 5814 1169 5866 1.
1248 5812 1290 5847 ⁸¹
1325 5810 1489 5868 Ilebr.
1540 5826 1613 5876 xi,
1656 5808 1719 5863 57
