4020 6372
225 566 366 632 ειδι
1010 544 1036 569 ’
1405 574 1938 636 COMMENTARII
1974 575 2056 636 IN
2100 544 2387 635 ISMAM.
3363 571 3503 634 2162

224 683 372 738 οὕτω
405 685 768 740 διελεύσονται
789 688 904 756 τὴν
924 689 1149 759 ἔρημον
1181 688 1637 755 καθιππεύοντες,
1665 692 1812 746 ὠσα-

1924 695 2055 749 sisse
2091 695 2311 748 dixerit.
2355 692 2557 748 Volunt
2603 704 2784 747 autem
2835 707 3193 758 personarum
3244 694 3503 747 varietate

227 779 310 832 νεὶ
329 779 426 831 καὶ
452 781 671 850 ἀνέμων
695 783 947 850 καταιγὶς
980 783 1048 836 δι’
1073 782 1302 852 ἐρήμου
1317 783 1562 849 διέλθοι,
1585 784 1682 854 τὴν
1710 786 1802 838 κό-

1924 795 2238 856 praesentem
2297 787 2554 856 distingui
2609 786 2939 850 orationem,
2999 786 3229 856 ejusque
3297 784 3500 855 princi-

227 888 313 924 νιν
342 873 675 938 ὲξανιστᾶσα
704 876 798 929 καὶ
828 876 1136 946 συγχέουσα
1167 893 1286 939 πως
1303 877 1364 929 τὸ
1391 878 1518 930 πᾶν.

1924 877 2062 946 pium
2091 892 2118 928 a
2156 875 2431 945 Babylone
2463 875 2594 944 peti,
2631 891 2751 944 qum
2791 875 2993 929 auditis
3026 876 3132 929 sibi
3176 877 3489 944 impenden-

227 963 376 1017 tibus
424 966 607 1032 malis,
655 984 716 1020 ea
773 969 893 1038 ipsa
937 972 1188 1036 transire,
1231 979 1492 1042 tanquam
1546 973 1804 1043 spiritum
1844 990 1935 1040 per
1963 973 2252 1035 desertum,
2287 979 2532 1042 exoptat.
2579 971 2660 1025 Ad
2733 986 2966 1040 quorum
3013 971 3161 1025 enim
3235 971 3490 1024 auditqu

223 1063 622 1124 perterretnur,
685 1076 748 1114 ea
799 1076 923 1116 cum
976 1065 1213 1131 experiri
1239 1067 1555 1135 contigerit,
1589 1066 1724 1137 quid
1760 1067 2034 1120 facturum
2068 1053 2549 1135 putamus?Absit
2577 1065 2763 1136 igitur,
2795 1073 2853 1118 ut
2909 1064 3053 1134 quod
3097 1063 3237 1118 fama
3321 1065 3502 1133 jacta-

231 1153 350 1211 tur,
385 1163 444 1204 re
466 1150 837 1221 experiamur.
863 1151 1049 1208 Placet
1093 1170 1226 1209 vero
1265 1157 1549 1212 nonnullis
1604 1155 1951 1227 prepbetam,
1995 1156 2087 1210 tibi
2149 1171 2211 1211 ea
2290 1155 2497 1209 audivit
2576 1171 2606 1208 a
2654 1155 2800 1221 Deo,
2836 1172 2957 1226 quae
3005 1172 3098 1226 per
3159 1155 3341 1212 Medos
3387 1153 3492 1226 ipsi

220 1249 416 1296 essent
440 1250 731 1309 eventura,
764 1259 874 1314 quo
922 1260 1073 1300 more
1116 1256 1408 1301 ventorum
1453 1247 1692 1318 procella
1725 1248 1964 1303 excitato
1997 1247 2372 1317 perdesertum
2405 1249 2628 1317 pulvere
2693 1249 2971 1318 rebusque
3034 1248 3149 1304 fere
3211 1248 3492 1319 permistis

221 1335 482 1390 omnibus
532 1338 865 1405 pertransit;
914 1338 996 1391 sic
1039 1346 1093 1391 et
1127 1338 1392 1392 desertum
1443 1356 1808 1410 percussuros
1843 1358 1971 1398 esse
1991 1341 2205 1412 equites
2236 1340 2569 1412 signiﬁcare.

295 1427 651 1497 ’Ἆγηγγέλη
686 1427 754 1482 δέ
769 1447 892 1498 μοι,
923 1430 1170 1484 διατοῦτό
1201 1449 1384 1502 φησιν,
1414 1433 1646 1506 ἐπείπερ
1672 1433 1834 1503 ὁμοῦ,

219 1523 287 1592 τῇ
321 1520 421 1593 θέα
445 1521 669 1574 καὶτῶν
695 1522 1038 1592 πραγμάτων
1069 1525 1168 1593 τὴν
1216 1523 1445 1578 ἔκϐασιν
1475 1525 1808 1581 ὲδιδάσκετο.

220 1609 359 1665 Εἶτά
399 1627 582 1680 φησιν·
640 1612 700 1665 ’0
753 1613 980 1667 ἀθετῶν
1004 1614 1218 1668 ἀθετεῖ.
1252 1615 1682 1686 Ἀνεπίπληκτον
1707 1618 1816 1688 γὰρ

223 1704 340 1757 τῶν
368 1705 631 1758 ἐπιόντων
664 1704 724 1757 τὸ
781 1706 983 1774 Θράσος
1041 1709 1207 1777 μηδὲν
1259 1710 1396 1780 μήτε
1442 1710 1642 1780 μέτρου
1677 1711 1816 1780 μήτε

223 1794 451 1861 φειδοῦς
490 1793 862 1864 λογιζόμενον.
888 1796 1114 1864 Ἔλεγεν
1151 1798 1206 1850 δὲ
1235 1799 1332 1852 καὶ⁸
1360 1800 1417 1852 ὲν
1431 1802 1499 1870 τῇ
1525 1799 1671 1852 κατὰ
1705 1799 1816 1852 Βα-

219 1886 463 1948 ϐυλῶνος
491 1887 685 1956 ὁράσει
713 1903 729 1918 ο
771 1887 900 1940 Ἰδοὺ
932 1887 1042 1957 ἐγὼ
1073 1888 1264 1957 ἐπάγω
1282 1889 1410 1958 ὑμῖν
1437 1891 1562 1953 τοὺς
1579 1891 1816 1959 Μήδους,

216 1979 268 2030 οἳ
295 1979 358 2030 οὑ
388 1976 694 2046 λογίζονται
721 1978 1006 2050 ἀργύριον,
1028 1981 1150 2032 οὐδὲ
1173 1980 1399 2050 χρυσίου
1432 1982 1618 2051 χρείαν
1650 1981 1804 2051 ἔχου-

1990 1435 2327 1489 Annnntiata
2356 1445 2535 1490 autem
2562 1436 2664 1490 sibi
2694 1452 2817 1492 esse
2842 1435 2967 1490 ideo
2985 1434 3138 1501 dicit,
3163 1435 3308 1504 quod
3333 1436 3500 1493 simul

1917 1544 2040 1582 cum
2104 1527 2318 1583 visione
2377 1537 2431 1582 et
2484 1545 2665 1582 rerum
2729 1539 2985 1584 eventum
3041 1529 3161 1598 ipse
3220 1527 3499 1585 didicerit.

1919 1619 2124 1676 Deinde
2168 1620 2378 1689 adjicit,
2429 1633 2662 1676 evertens
2707 1624 2932 1685 evertit;
2968 1628 3026 1675 ut
3067 1621 3502 1690 imper-territant

1918 1725 2108 1764 eorum
2177 1711 2270 1780 qui
2347 1710 2634 1774 invadunt,
2703 1711 3043 1765 ferocitatem
3120 1709 3502 1768 demonstret:

1919 1803 2120 1872 quibus
2148 1818 2248 1858 nec
2279 1818 2504 1873 parcere
2525 1803 2805 1873 cuiquam,
2847 1819 2948 1857 nec
2996 1818 3158 1872 agere
3196 1801 3496 1871 quidquam

1923 1893 2198 1948 moderate
2247 1895 2475 1965 placeat.
2525 1893 2745 1948 Dicebat
2796 1909 2928 1948 vero
2992 1903 3047 1948 et
3103 1893 3158 1946 in
3204 1893 3498 1964 Babylonis

1916 1981 2122 2039 visione
2166 1984 2268 2037 boc
2305 1985 2466 2038 modo
2495 2001 2507 2038 :
2534 1986 2671 2040 Ecce
2713 2001 2813 2054 ego
2845 1983 3033 2039 Medos
3062 1985 3116 2038 in
3143 1998 3240 2038 vos
3273 1984 3496 2045 induco,

220 2089 296 2124 σι.
333 2069 656 2141 Τοξεύματα
684 2072 984 2125 νεανίσκων
1016 2074 1418 2145 συντρίψουσιν.
1442 2075 1556 2144 Τῆς
1595 2074 1802 2128 τούτων

1924 2076 2011 2144 qui
2043 2085 2326 2144 argentum
2376 2093 2482 2129 non
2523 2085 2736 2138 curant,
2771 2091 2870 2130 nec
2914 2091 3052 2130 auro
3099 2091 3236 2144 Opus
3273 2075 3495 2128 habent.

216 2160 315 2217 οὖν
349 2163 689 2232 καταιγίδος
727 2165 814 2218 ἐπ’
840 2165 938 2234 ἐμὲ
955 2165 1260 2236 χωρούσης,
1300 2169 1350 2218 τί
1378 2169 1584 2239 πράξω,
1618 2167 1808 2237 φησιν,

226 2256 266 2319 ἠ
316 2253 629 2320 Βαϐυλὼν,
661 2254 776 2308 ἀλλ’
822 2255 855 2327 ἢ
891 2257 1162 2322 στενάξω
1204 2263 1364 2328 μόνον
1402 2259 1644 2330 ἐμαυτὴν
1697 2275 1798 2312 πα-

210 2345 668 2416 ραμυθουμένη,
704 2349 738 2419 ἡ
782 2350 912 2419 πρὶν
938 2349 1306 2420 ὑπερήφανος.
1338 2351 1432 2404 καὶ
1482 2354 1597 2415 τοῖς
1628 2350 1810 2416 ἄλλοις

214 2443 502 2512 ἐπάγουσα
520 2445 889 2513 στεναγμούς;
919 2445 989 2499 Ἦ
1000 2447 1109 2517 γὰρ
1137 2447 1322 2515 ὀσφύς
1339 2465 1479 2515 μου,
1504 2449 1685 2519 φησὶν,
1705 2447 1810 2501 ὑπὸ

214 2536 321 2600 τῆς
349 2535 608 2604 ἀγγελίας
635 2536 952 2592 ἐκλέλυται
981 2540 1264 2607 γυναικὸς
1295 2543 1614 2609 τικτούσης
1630 2541 1804 2611 δίκην,

219 2629 252 2696 ἡ
289 2627 561 2697 πρότερον
599 2629 903 2700 ὲσφιγμένη
939 2645 998 2681 τε
1044 2630 1142 2683 καὶ
1167 2631 1414 2701 νεανική.
1455 2630 1612 2695 Τινὲς
1651 2631 1708 2683 δὲ
1732 2631 1807 2694 ὡς

218 2718 332 2771 ἀπὸ
355 2717 650 2789 προσώπου
681 2720 777 2772 τοῦ
800 2720 1064 2791 βασιλέως
1092 2722 1399 2794 Ἀσσυρίων
1423 2724 1672 2794 εἰρῆσθαί
1705 2740 1807 2793 φα-

222 2827 330 2870 σιν,
363 2810 611 2865 Ἀπτου.
653 2812 717 2866 '0
745 2813 974 2868 ἀθετῶν
1005 2814 1219 2869 ἀθετεῖ.
1248 2814 1370 2867 Εἴτε
1403 2815 1460 2867 δὲ
1496 2810 1669 2877 οὗτος,
1697 2815 1806 2869 εἴτε

218 2900 503 2967 Βαϐυλὼν,
534 2902 819 2972 Ἦδίκησα
843 2904 910 2957 τὸ
938 2905 1018 2974 μὴ
1035 2905 1312 2970 βλέπειν,
1339 2906 1524 2976 φησιν,
1548 2905 1803 2975 ὲνὲξομοο

221 2994 505 3066 λογήσεως
549 2996 758 3068 τρόπῳ.
797 2998 911 3051 Οὐκ
937 2999 1236 3068 ἠνειχόμην
1283 2999 1392 3069 γὰρ
1425 3000 1804 3069 παραινέσεως

221 3086 462 3157 σπουδὴν
495 3088 795 3158 ποιουμένη
818 3088 1016 3157 μηδὲν·
1029 3089 1287 3152 βλέπειν
1314 3089 1470 3159 ὀρθὸν
1486 3091 1654 3161 ἦγουν
1683 3107 1805 3143 ποι-

219 3175 472 3243 ούμενος.
490 3177 630 3230 Νυνὶ
648 3179 1291 3251 γυναικοπρεπὲςάφίησι
1322 3180 1575 3251 δάκρυον,
1609 3181 1800 3250 ἤγουνο

222 3272 504 3342 Δυσήκοος
554 3271 776 3340 γέγονα,
812 3273 913 3326 οὐκ
941 3271 1178 3337 ἀξιώσας
1237 3273 1455 3342 βλέπειν
1485 3272 1569 3335 τίς
1591 3273 1618 3324 ὁ
1645 3273 1805 3341 φύσει

1919 2169 2096 2222 Arcus
2124 2167 2387 2236 juvenum
2415 2177 2721 2220 conterent.
2750 2165 2955 2219 Horum
2984 2166 3152 2235 igitur
3184 2167 3234 2218 iu
3261 2183 3365 2228 tne,
3399 2165 3496 2241 ait,

1919 2263 2162 2315 irruente
2194 2268 2516 2328 tempestate,
2551 2260 2680 2332 quid
2704 2260 2849 2314 aliud
2869 2276 2969 2330 ego
3000 2259 3242 2330 Babylon
3277 2260 3497 2320 faciant,

1919 2368 2082 2422 quam
2101 2352 2246 2406 luctu
2264 2353 2516 2407 miserias
2535 2367 2682 2406 meas
2700 2351 3032 2414 consolabor,
3048 2366 3169 2421 qua:
3185 2351 3327 2405 elata
3347 2351 3499 2422 prius

1916 2457 1970 2502 et
1989 2447 2236 2502 fastuosa
2257 2448 2492 2516 gemitus
2511 2460 2734 2500 causam
2754 2447 2873 2500 aliis
2901 2444 3290 2515 suggerebant?
3307 2441 3500 2496 Lumbi

1915 2540 2061 2595 enim
2115 2541 2236 2600 mei,
2279 2539 2475 2608 inquit,
2515 2538 2618 2592 hoc
2665 2538 2880 2604 nuntio,
2933 2548 3188 2606 tanquam
3239 2536 3498 2602 parientis
3549 2608 3552 2610 η

1917 2630 2152 2682 mulieris
2187 2629 2353 2683 firma:
2393 2630 2545 2698 prius
2575 2639 2626 2683 et
2649 2630 2844 2683 robore
2887 2629 3220 2698 praestantis,
3246 2627 3497 2683 dissoluti

1915 2735 2066 2780 sunt.
2102 2724 2242 2779 Sunt
2274 2741 2403 2779 vero
2454 2725 2726 2789 nonnulli,
2778 2724 2870 2793 qui
2918 2735 3180 2792 tanquam
3216 2733 3501 2792 assumpta

1916 2818 2063 2887 regis
2097 2815 2310 2886 Assyrii
2344 2831 2600 2886 persona,
2627 2815 2789 2869 verba
2828 2815 2928 2870 ista
2958 2812 3312 2881 apprehende,
3357 2830 3503 2868 ever-

1915 2919 2029 2962 tens
2095 2917 2314 2973 evertat,
2375 2907 2546 2960 velint
2612 2906 2868 2975 intelligi.
2924 2905 3196 2959 Caeterum
3259 2904 3379 2960 sive
3431 2904 3498 2958 ad

1914 3014 2118 3068 regem,
2171 2999 2286 3052 sive
2325 2997 2391 3051 ad
2437 2997 2768 3068 Babylonem
2833 2995 3065 3060 referas,
3125 2994 3500 3051 confessionis

1913 3091 2076 3146 modo
2114 3098 2398 3160 usurpata,
2443 3097 2708 3160 tanquam
2766 3105 2846 3154 se,
2893 3104 2970 3143 ne.
3011 3089 3246 3151 videant,
3304 3089 3507 3156 injuste-

1911 3183 2097 3253 fecisse
2133 3182 2431 3248 fateantur,
2460 3182 2642 3236 dicere
2676 3182 2878 3238 valeas.
2907 3182 3085 3236 Ambo
3117 3182 3266 3236 enim
3292 3181 3500 3235 aditur—

1911 3273 2118 3328 tatione
2152 3274 2417 3343 neglecta,
2445 3283 2498 3328 et
2527 3289 2592 3327 eo
2623 3273 2770 3343 quod
2809 3284 3017 3328 rectum
3061 3284 3232 3337 esset,
3280 3271 3504 3327 videndo

219 3363 377 3428 Θεὸς.
409 3365 688 3420 Ἤκουσα
708 3366 815 3435 γὰρ
831 3365 930 3436 τὴν
965 3366 1236 3420 Ἰουδαίων
1262 3366 1516 3436 λατρείαν
1548 3367 1810 3437 ἐπιστρα-

1924 3382 2110 3436 parum
2165 3366 2388 3420 fuerunt
2462 3365 2713 3420 solliciti.
2787 3365 2976 3435 itaque
3037 3364 3285 3436 profusis
3357 3381 3506 3419 nune

220 3457 428 3520 τεύσας
455 3458 636 3520 αὐτοῖς
667 3459 765 3527 τήν
798 3476 856 3512 τε
901 3458 1055 3510 πόλιν
1086 3460 1366 3528 πορθήσας
1401 3459 1496 3511 καὶ
1547 3458 1638 3510 τὸν
1669 3458 1814 3514 ναόν.

235 3548 405 3602 Ἀλλὰ
427 3549 524 3602 καὶ
557 3549 738 3612 Ἰωνᾶς
771 3551 901 3619 ἡμῖν
929 3545 1061 3620 ἦλθε
1086 3548 1368 3624 κηρύττων
1393 3551 1702 3622 μετάνοιαν,
1725 3555 1820 3607 καὶ

227 3641 579 3713 μετανοήσας
617 3641 784 3694 πάλιν
821 3640 1077 3712 ἠδίκησα.

1927 3458 2185 3514 muliebri
2230 3474 2383 3513 more
2438 3459 2719 3529 lacrymis,
2758 3474 2787 3512 a
2833 3459 3072 3513 videndo
3141 3458 3508 3513 abhorruisse

1925 3564 2006 3614 se,
2037 3565 2138 3603 nec
2165 3549 2299 3619 quid
2325 3549 2467 3604 Deus
2501 3557 2695 3602 ruitura
2730 3549 3046 3614 exsisteret,
3076 3548 3280 3602 intueri
3310 3547 3507 3618 digna-

1924 3652 2010 3695 tos
2045 3657 2166 3696 esse
2211 3641 2564 3694 lamentatur.
2621 3639 2869 3711 Audisse;
2909 3657 3033 3696 eum
3075 3644 3140 3695 de
3189 3639 3506 3694 Judzeorum

227 3732 516 3804 religione,
562 3747 690 3787 cum
737 3731 874 3788 urbe
927 3743 1234 3802 expugnata
1287 3735 1489 3804 templo
1532 3734 1637 3802 ipsi
1693 3748 1804 3788 non
1846 3739 2231 3802 pepercerunt.
2272 3734 2386 3788 lino
2413 3740 2619 3786 etcum
2652 3729 2804 3786 Jona:
2867 3731 3052 3787 verbis
3123 3731 3191 3786 ad
3232 3731 3504 3801 poeniten-

226 3828 360 3880 tiam
414 3823 581 3894 279
634 3823 817 3888 tracti,
873 3822 940 3876 ad
999 3824 1338 3894 impietatem
1389 3825 1573 3880 statim
1632 3823 1930 3878 redierunt.

300 3919 449 3990 Πρὸς
475 3919 537 3972 τὸ
561 3919 832 3990 χρήσιμον
884 3919 942 3974 δὲ
975 3919 1083 3974 τῶν
1125 3920 1433 3974 ἀκουόντων
1473 3919 1628 3990 φίλον
1705 3920 1820 3972 ἐστὶ

225 4013 677 4083 προσωποποιεῖν
705 4014 770 4083 τῇ
805 4011 1018 4084 Γραφῇ.
1063 4011 1181 4082 Ἐφ’
1219 4009 1299 4075 οἷς
1332 4030 1492 4082 φησιν
1514 4029 1526 4042 ·
1556 4011 1822 4082 Ἑτοιμά-

226 4121 381 4158 σατε
414 4101 722 4171 τράπεζαν.
748 4103 920 4158 Τοῦτό
960 4121 1126 4175 φησιν
1155 4106 1182 4158 ὁ
1206 4107 1492 4176 προφήτης
1526 4105 1672 4174 σαφῆ
1717 4105 1820 4175 τῆς

229 4198 318 4250 ἐπ’
367 4197 553 4260 αὐτοῖς
596 4199 765 4269 ὀργῆς
811 4198 909 4269 τὴν
944 4199 1126 4252 αἰτίαν
1180 4198 1368 4261 ποιῶν,
1406 4197 1499 4252 τοῦ
1529 4199 1818 4270 Βαλτάσαρ

227 4287 292 4338 τὸ
318 4287 537 4340 δεῖπνον
586 4287 648 4341 τό
696 4290 849 4357 παρὰ
911 4289 1110 4358 Δανιὴλ
1158 4289 1552 4360 αἰνιττόμενος,
1583 4289 1673 4342 ὅτε
1707 4291 1818 4352 τοῖς

233 4377 495 4431 σκεύεσιν
541 4381 964 4450 ἐμπαροινήσας
1015 4383 1127 4444 τοῖς
1184 4382 1370 4451 ἱεροῖς,
1413 4383 1506 4434 καὶ
1542 4381 1616 4452 μὴ
1653 4365 1824 4449 ’γνοὺς

229 4471 316 4523 ὃτι
359 4470 501 4524 Θεοῦ
531 4470 756 4540 δυνάμει
813 4470 912 4542 τὴν
977 4472 1238 4527 Ἰουδαίαν
1289 4474 1635 4544 κεχείρωται,
1689 4476 1822 4528 ἁνα-

232 4563 349 4626 Οεὶς
376 4563 434 4630 δὲ’⁵
463 4562 563 4634 τὴν
585 4564 766 4617 αἰτίαν
813 4567 924 4628 τοῖς
960 4563 1158 4620 ἑαυτοῦ
1215 4565 1388 4629 Θεοῖς,
1441 4565 1540 4636 τὴν
1603 4568 1822 4636 γραφὴν

233 4647 378 4706 εἶδεν
408 4655 466 4705 ἐν
496 4651 574 4724 τῷ
594 4654 759 4725 τοίχῳ
819 4655 1192 4726 σημαίνουσαν
1231 4653 1378 4725 αύτῷ
1407 4654 1505 4726 τὴν
1537 4657 1634 4727 τῆς
1659 4656 1816 4725 βασι-

1991 3917 2084 3970 Est
2123 3930 2253 3971 vero
2307 3915 2627 3986 Scripturze,
2675 3917 2741 3969 ad
2803 3930 2997 3970 eorum
3040 3915 3361 3983 utilitatem,
3411 3917 3502 3986 qui

1919 4009 2167 4074 audiunt,
2205 4009 2401 4063 usitata
2437 4024 2798 4078 personarum
2831 4007 3003 4072 fictio.
3041 4008 3305 4079 Sequitur
3339 4009 3500 4066 dein-

1918 4117 2067 4172 ceps,
2095 4113 2282 4170 parate
2316 4116 2578 4165 ntensam;
2625 4100 2772 4169 quod
2803 4101 2880 4154 ait
2903 4101 3191 4170 propheta,
3219 4117 3277 4156 ut
3308 4102 3506 4157 divina:

1919 4192 1972 4244 in
2024 4207 2120 4247 eos
2172 4192 2265 4245 ira:
2307 4207 2528 4246 causam
2586 4189 2868 4256 ostendat,
2935 4191 3347 4262 Baltasarisque
3411 4208 3505 4261 per

1922 4283 2192 4338 Danielem
2223 4281 2486 4335 traditum
2515 4283 2828 4335 convivium
2864 4282 3080 4342 innuat,
3118 4285 3169 4336 in
3202 4300 3311 4352 quo
3368 4297 3505 4336 con-

1921 4375 2208 4429 tumeliose
2238 4382 2432 4428 sancta
2462 4388 2718 4428 vasorum
2752 4375 3096 4442 supellectile
3133 4391 3229 4428 rex
3273 4374 3501 4436 abusus,

1922 4482 2044 4521 cum
2087 4481 2196 4521 non
2257 4464 2498 4529 Domini,
2559 4465 2653 4518 sed
2721 4463 2955 4518 deorum
3013 4457 3260 4517 suorum
3302 4463 3505 4517 virtute

1919 4557 2108 4612 Judaea
2147 4574 2205 4612 se
2241 4557 2471 4626 potitum
2516 4557 2786 4621 crederet,
2813 4555 3147 4624 scripturam
3189 4556 3241 4608 iu
3272 4555 3502 4626 pariete.

1923 4665 2043 4720 quae
2075 4649 2223 4720 regni
2261 4658 2474 4702 notaret
2505 4649 2811 4708 interitum,
2866 4647 3276 4715 contemplatus
3321 4654 3406 4702 est
3435 4647 3502 4699 ³9.

231 4748 389 4809 λείας
412 4746 756 4820 καθαίρεσιν.
839 4749 928 4804 Ἐν
963 4748 1086 4821 ἤθει
1115 4750 1297 4802 τοίνυν
1335 4749 1520 4812 αὐτοῖς
1549 4752 1763 4822 τρυφᾷν
1791 4753 1815 4802 ὀ

1927 4743 2000 4796 De
2040 4757 2191 4794 more
2228 4741 2414 4809 itaque
2444 4755 2539 4794 eos
2575 4740 2705 4792 luxu
2738 4737 2988 4791 dililuere
3011 4737 3173 4806 jubet
3206 4737 3493 4808 prepheta.

233 4839 529 4910 προφήτης
561 4837 1023 4910 παρακελεύεται’
1044 4837 1140 4892 καὶ
1165 4837 1215 4889 τί
1254 4837 1312 4889 τὸ
1348 4838 1483 4906 μετὰ
1512 4838 1698 4902 τούτο;
1730 4839 1826 4890 πό-

231 4929 393 4999 λεμοι
423 4930 523 4999 τὴν
560 4931 871 5001 πανήγυριν
901 4930 1257 4994 διαδέξονται,
1282 4933 1357 4991 ὡς
1391 4928 1589 5000 μικροῦ
1625 4929 1734 4981 δεῖν
1766 4930 1825 4992 ἐξ

233 5020 406 5074 αὑτοῦ
466 5021 697 5090 δραμεῖν
741 5021 838 5073 τοῦ
872 5021 1038 5074 ποτοῦ
1073 5021 1206 5091 πρὸς
1265 5022 1424 5074 ὅπλα.
1457 5021 1611 5082 Τινὲς
1653 5021 1709 5074 δὲ
1743 5023 1823 5084 τὸ,

232 5113 599 5182 ἑτοιμάσατε
620 5112 931 5182 τράπεζαν,
956 5114 1016 5166 τὸ
1032 5115 1372 5182 προφητικὸν
1397 5112 1620 5182 πνεῦμα
1647 5113 1824 5179 λέγειν

236 5209 376 5276 φασὶ
392 5207 530 5278 πρὸς
546 5207 672 5270 τοὺς
691 5207 982 5278 μέλλοντας
1001 5208 1139 5260 ἑλεῖν
1157 5206 1468 5268 Βαϐυλῶνα,
1487 5203 1818 5274 Ἒλαμίτας,

237 5295 336 5348 καὶ
374 5293 645 5359 Μήδους,
673 5295 768 5347 καὶ
800 5295 926 5358 τοὺς
955 5295 1216 5366 πρέσϐεις
1245 5294 1515 5362 Περσῶν,
1553 5295 1822 5366 διεγεῖρον

237 5388 444 5446 αὖτοὺς
480 5386 619 5456 πρὸς
657 5386 748 5439 τὸν
776 5387 1012 5456 πόλεμον
1034 5389 1125 5439 καὶ
1161 5387 1258 5458 τὴν
1294 5388 1379 5439 ἐπ’
1417 5387 1601 5451 ἁδείας
1631 5389 1705 5450 ὼς
1733 5389 1825 5440 ἐπὶ

238 5477 368 5548 νίκῃ
404 5474 678 5548 μελλούσῃ
708 5479 946 5546 τρυφήν.
988 5475 1046 5529 Ὀ
1082 5478 1137 5530 δὲ
1172 5479 1232 5529 τὸ
1277 5477 1495 5548 πνεῦμα
1534 5480 1823 5549 προφήτης

238 5567 403 5637 ἔχων·
415 5565 603 5620 Ταῦτα
613 5567 780 5634 λέγω,
796 5568 1346 5637 φησὶν,Ἐπειδήπερ
1363 5570 1551 5635 οὕτως
1565 5567 1694 5624 εἷπε
1711 5574 1793 5623 Iit)
1805 5603 1822 5611 -

235 5679 370 5730 ριος
402 5661 555 5729 πρός
600 5677 698 5730 με’
738 5659 1004 5726 Βαδίσας
1035 5661 1272 5728 στῆσον
1308 5663 1540 5728 σεαυτῷ
1565 5669 1818 5718 σκοπόν·

244 5751 343 5803 καί
380 5749 412 5802 ὃ
444 5749 554 5803 ἐὰν
581 5750 680 5818 ἴδῃ
705 5751 1139 5820 ἀπαγγείλιὶτω,
1157 5753 1184 5804 ό
1210 5753 1409 5816 σκοπὸς
1436 5755 1696 5823 δηλονότι.
1715 5757 1823 5808 Καὶ

245 5841 405 5900 εἷσεν
432 5845 735 5912 ἀναϐάτας
756 5846 955 5913 ἱππεῖς
977 5844 1106 5918 δύο.
1159 5847 1216 5902 '0
1245 5846 1295 5900 δὲ
1319 5846 1610 5920 Σύμμαχος
1668 5849 1824 5919 ἅρμα

357 6023 402 6056 ³⁸
442 6020 579 6077 Dan.
617 6038 671 6084 ν,
704 6022 736 6074 '2’.
769 6037 918 6093 seqq.

1928 4832 2124 4888 Verum
2177 4831 2308 4902 quid
2359 4832 2585 4900 postea?
2631 4829 2779 4884 Bella
2822 4831 3004 4891 ludos,
3058 4830 3341 4902 festosque
3387 4829 3506 4886 dies

1922 4923 2071 4977 brevi
2115 4921 2253 4975 adeo
2288 4922 2718 4990 subsequentur,
2750 4929 2811 4974 ut
2861 4935 3058 4988 parum
3109 4921 3258 4975 absit
3289 4921 3441 4991 'quin
3470 4934 3501 4972 a
3532 4962 3544 4982 ,

1925 5016 2142 5085 poculis
2186 5013 2251 5067 ad
2305 5029 2455 5067 arma
2505 5029 2838 5068 concursum
2871 5030 2993 5068 esse
3041 5013 3324 5067 credatur.
3364 5011 3502 5066 Sunt

1925 5118 2213 5176 prteterea,
2264 5106 2360 5177 qui
2416 5117 2604 5174 parate
2657 5122 2912 5169 mensam,
2965 5107 3130 5160 verba
3191 5105 3497 5175 prophetici

1921 5201 2152 5271 Spiritus
2179 5200 2245 5254 ad
2284 5201 2573 5262 litamitas,
2613 5200 2818 5264 Medos,
2851 5199 3239 5270 Persarumque
3270 5199 3501 5269 legatos,

1922 5293 2014 5362 qui
2054 5294 2381 5364 Babylonem
2421 5294 2666 5347 invasuri
2701 5302 2850 5358 sunt,
2901 5304 2955 5348 et
3011 5294 3098 5347 liie
3150 5294 3217 5348 ad
3276 5293 3501 5356 bellum,

1923 5395 2239 5456 certantque
2268 5386 2462 5440 futurae
2497 5387 2741 5441 victoria!
2767 5403 2942 5456 spent,
2983 5404 3089 5441 non
3125 5403 3287 5442 secus
3337 5397 3502 5456 atque

1927 5479 1991 5533 ad
2019 5481 2303 5549 epularum
2332 5479 2602 5533 luxuriem
2640 5481 2970 5543 invitantur,
3005 5496 3126 5533 esse
3157 5481 3500 5534 existiment.

1935 5573 2002 5624 At
2035 5587 2134 5640 ego
2165 5572 2452 5640 propheta,
2488 5573 2581 5639 qui
2631 5571 2884 5640 spiritum
2930 5571 3125 5632 habeo,
3178 5572 3291 5625 hinc
3351 5573 3500 5634 dico,

1934 5665 2009 5714 ait
2046 5681 2056 5714 :
2095 5662 2356 5727 Quoniam
2399 5663 2472 5715 sic
2507 5664 2640 5715 dixit
2675 5662 2931 5715 Dominus
2966 5663 3034 5714 ad
3066 5680 3142 5716 nte
3175 5684 3185 5716 :
3225 5663 3502 5731 Profectus

1935 5759 2022 5809 tibi
2059 5759 2315 5810 constitue
2347 5744 2750 5824 speculatorem,
2793 5768 2839 5810 et
2869 5757 3007 5826 quod
3060 5757 3268 5821 viderit,
3314 5772 3502 5810 renun-

1934 5851 2044 5914 tiet,
2078 5852 2394 5919 speculatur
2445 5851 2676 5906 scilicet.
2728 5849 2789 5903 Et
2844 5849 2966 5903 vidit
3018 5867 3245 5904 sessores
3307 5851 3504 5918 equites
