4020 6372
236 497 381 562 2165

1371 509 1910 574 COMMENTARII
1946 514 2028 575 IN
2076 515 2361 578 ISAIAM.

3367 518 3508 582 2166

233 633 294 670 τε
322 615 609 683 πεσόντας,
658 619 756 674 καὶ
790 619 1095 693 ληφθέντας
1125 625 1420 699 ὠδύροντο.
1473 630 1698 696 Τούτοις
1735 631 1818 687 οὗι

1936 642 2078 691 rent.
2117 634 2274 702 Quod
2299 633 2495 691 deinde
2533 637 2700 706 ipsum
2742 637 2901 707 281
2939 638 3136 692 venisse
3175 635 3508 706 adjicitPer.

233 707 622 777 παραμυθίαν,
673 710 776 782 τὴν
814 712 927 766 τῶν
965 716 1164 778 αὐτοὺς
1189 719 1622 792 πεπορθηκότων
1651 726 1823 795 ἀπήγ-

231 797 381 867 γειλε
412 803 724 874 συμφοράν.
780 805 942 872 Τινές
993 808 1049 862 δὲ
1091 815 1673 884 καταλελειμμένους
1697 819 1825 882 τοὺς

234 891 312 961 μὴ
344 893 846 965 συμπλανηθέντας
897 903 962 973 τῇ
1016 902 1126 955 τῶν
1173 904 1348 959 ἄλλων
1379 907 1607 980 ἀσεϐείᾳ
1638 911 1822 977 φασὶν,

229 981 303 1075 οἳ*
326 983 554 1058 βραχεῖς
592 1006 739 1054 τινες
757 990 936 1060 ὄντες,
968 995 1099 1058 τοὺς
1129 997 1507 1067 πλανηθέντας
1532 1001 1826 1075 ὠδύροντο.

228 1069 327 1139 υἶς
360 1077 426 1148 δὴ
457 1079 551 1133 καί
586 1098 750 1151 φησιν
817 1085 1209 1157 ἀναγγεῖλλαι
1255 1089 1322 1144 τά
1353 1069 1701 1163 προλαϐόντα
1731 1097 1822 1150 τὸν

226 1167 613 1240 Κύριον,ὠσεὶ
634 1175 848 1244 ἔλεγεν·
886 1177 1050 1250 Ὑμῖν
1081 1179 1191 1252 γὰρ
1220 1181 1482 1253 ἐξέφηνεν
1512 1184 1589 1249 ὠς
1617 1186 1686 1240 δι’
1727 1189 1820 1260 ἐρ-

231 1263 456 1332 μηνέως
484 1265 644 1337 ἐμοῦ.
682 1268 854 1324 Τοῦτο
878 1271 980 1343 τῆς
1010 1273 1140 1344 περὶ
1167 1272 1449 1342 Αἴγυπτον
1480 1281 1824 1351 προφητείας

225 1353 289 1406 τό
314 1357 495 1422 τέλος.

1923 745 2038 783 sam
2068 737 2120 784 et
2150 728 2464 792 Elamitam,
2503 742 2598 784 aut
2621 747 2812 784 eorum
2844 732 3039 783 dum-sn
3079 731 3283 802 Cyrum
3318 731 3514 785 volunt

1921 822 2188 894 intelligi;
2223 833 2284 877 ut
2327 838 2452 876 cum
2500 822 2752 877 cecidisse
2790 816 3118 894 Babylonem
3149 824 3367 885 asserit.
3417 823 3514 879 Dei

1928 930 2114 971 vocem
2145 915 2436 971 exsistere.
2466 915 2736 972 Praeterea
2764 916 3138 971 dereliclorum
3177 918 3397 977 nomine
3417 935 3515 972 eos

1929 1008 2086 1076 ipsos
2117 1008 2412 1078 signiﬁcat,
2449 1008 2693 1076 quicum
2733 1009 2960 1079 reliquis
2993 1010 3219 1064 minime
3264 1010 3506 1073 abducti,

1932 1099 2208 1170 regionem
2236 1101 2407 1170 ipsam
2432 1109 2486 1153 et
2510 1101 2720 1163 urbem,
2749 1102 3145 1171 templumque,
3179 1109 3232 1155 et
3263 1109 3497 1156 caeteros

1931 1192 2096 1247 etiam
2129 1193 2400 1262 lugerent,
2429 1193 2521 1262 qui
2556 1194 2637 1248 vel
2675 1192 3012 1256 ceciderant,
3047 1194 3128 1246 vel
3159 1194 3215 1246 in
3251 1192 3496 1247 hostium

1934 1301 2130 1342 manus
2161 1295 2424 1340 venerant
2454 1285 2694 1355 :quibus
2724 1286 3164 1340 consolationem
3188 1287 3504 1348 denuntiat,

1935 1390 2059 1430 cum
2112 1391 2324 1440 eorum,
2372 1392 2403 1432 a
2453 1377 2656 1446 quibus
2701 1377 2913 1432 cladem
2969 1378 3130 1432 istam
3185 1388 3510 1439 senserunt,

224 1446 601 1505 calamitatem
638 1451 932 1522 signiﬁcat.
968 1452 1087 1511 Non
1121 1457 1320 1514 desunt
1354 1469 1535 1516 autem
1566 1463 1658 1533 qui
1695 1463 1976 1521 derelictos
2011 1482 2105 1522 eos
2133 1483 2260 1524 esse
2292 1470 2481 1534 velint,
2554 1469 2647 1540 qui
2714 1469 3015 1540 impietatis
3099 1470 3331 1523 aliorum
3417 1486 3514 1524 ne-

227 1552 506 1607 quaquam
541 1542 834 1611 participes
866 1544 1158 1614 (quamvis
1194 1551 1356 1619 pauci
1413 1552 1489 1608 illi
1544 1555 1764 1624 quidem
1793 1557 1810 1620 )

1926 1567 2083 1614 :teros
2112 1571 2361 1616 errantes
2440 1563 2685 1632 lugeant.
2770 1561 2984 1628 Quibus
3025 1574 3175 1618 certe
3217 1571 3272 1616 et
3328 1563 3515 1618 Domi-

231 1644 367 1728 num
392 1633 1056 1702 superioraannuntiasse
1081 1643 1180 1706 ait,
1214 1653 1476 1716 tanquam
1509 1647 1621 1705 illis
1684 1651 1984 1722 interprete
2071 1671 2130 1709 se
2212 1657 2386 1726 ipsum
2445 1657 2750 1711 innotuisse
2805 1657 3098 1728 signiticet.
3157 1660 3336 1728 Atque
3426 1655 3515 1714 hie

225 1722 460 1794 quidem
493 1724 716 1797 {Egypti
755 1732 1055 1801 prophetia:
1083 1733 1207 1791 ﬁnis
1241 1745 1349 1792 est.

541 1827 617 1877 ΤΟ
652 1827 898 1880 ΟΡΑΜΛ
933 1832 1072 1884 ΤΗΣ
1093 1834 1494 1889 ῙΔΟΥΜΑΙΑΣ.

300 1914 475 1980 ιιι-ιζ’.
507 1919 665 1984 Πρὸς
692 1919 799 1988 ἐμὲ
843 1920 1014 1976 κάλει
1038 1925 1199 1994 παρὰ
1222 1927 1328 1981 τοῦ
1350 1930 1546 1998 Σηείρ·
1571 1931 1818 1987 Φυλάσ-

223 2020 372 2061 σετε
401 2007 709 2076 ἐπάλξεις.
739 2011 1048 2094 Φυλίὲσσω
1063 2016 1130 2070 τὸ
1157 2018 1324 2085 πρωῒ,
1349 2019 1446 2073 καὶ
1464 2021 1579 2089 τὴν
1607 2025 1817 2076 νύκτα.

232 2093 380 2152 Ἐὰν
433 2099 614 2168 ζητῇς
665 2101 842 2169 ζήτει,
885 2107 982 2159 καὶ
1050 2110 1189 2188 παρ’
1233 2110 1359 2179 ἐμοὶ
1389 2112 1564 2167 οἴκει.
1609 2115 1705 2167 Ἐν
1743 2116 1823 2181 τῷ

217 2189 431 2262 δρυμῷ
465 2192 730 2262 ἑσπέρας
766 2198 1132 2269 κοιμηθήσῃ.
1186 2203 1300 2258 Ἐν
1333 2203 1408 2273 τῇ
1439 2205 1556 2272 ὀδῷ
1581 2207 1820 2273 Δαιδὰν,

218 2283 614 2354 συνάντησιν
641 2287 897 2357 διψῶντι
928 2293 1088 2364 ὕδωρ
1113 2296 1340 2365 φέρετε,
1375 2315 1429 2352 κ.
1461 2317 1513 2351 τ.
1551 2299 1603 2354 λ.

296 2380 412 2433 Καὶ
471 2375 619 2436 οὗτοι
662 2376 781 2447 τοῖς
819 2386 876 2452 ἐξ
925 2387 1144 2459 Ἰσραὴλ
1195 2386 1337 2462 ἦσαν
1392 2391 1669 2462 πολέμιοι,
1727 2395 1822 2449 καὶ

217 2469 470 2539 συνεχῶς
518 2471 703 2535 αὐτοῖς
733 2475 1045 2531 ἐπετίθεντο
1080 2493 1091 2505 ⁸
1134 2481 1228 2532 καὶ
1291 2481 1502 2550 μάρτυς
1539 2485 1703 2539 Δαϐὶδ
1729 2486 1820 2539 λέ-

215 2576 372 2627 γων·
411 2581 430 2613 ι
461 2564 616 2618 Κατά
672 2565 766 2618 σοῦ
800 2567 1066 2640 διαθήκην
1119 2571 1357 2626 διέθεντο
1387 2575 1456 2627 τὰ
1485 2575 1821 2648 σκηνώματα

212 2653 335 2706 τῶν
375 2654 711 2726 Ἰδουμαίων,
771 2661 865 2712 καὶ
918 2661 968 2712 οἱ
1010 2662 1382 2734 Ἰσραηλῖται,
1445 2667 1664 2732 Μωὰϐ,
1724 2670 1819 2723 καὶ

229 2745 538 2818 Ἀγαρηνοί
569 2788 584 2813 ,
639 2750 815 2805 Γεϐὰλ
859 2754 955 2806 καὶ
1021 2754 1278 2824 Ἀμμῶν,
1336 2759 1430 2811 καὶ
1501 2760 1815 2830 Ἀμαλήκ.»

215 2837 510 2907 Προΰταξε
543 2841 654 2911 γὰρ
674 2842 783 2895 τῶν
810 2845 985 2900 ἄλλων
1017 2847 1161 2914 τοὺς
1195 2847 1590 2919 Ἰδουμαίους.
1629 2853 1822 2918 Ἐθνος

213 2931 278 2985 δὲ
313 2931 472 2986 τοῦτο
509 2933 767 3003 μέγιστον
816 2937 962 3008 ἀμφὶ
1010 2940 1122 3010 τὴν
1158 2941 1371 3012 Πέτραν
1397 2944 1494 3012 τῆς
1539 2945 1820 3015 Ἀραϐίας.

213 3024 286 3076 ἐκ
333 3023 432 3077 τοῦ
477 3024 649 3080 Ἡσαῦ
709 3031 1106 3102 καταγόμενον,
1131 3032 1192 3096 ὃς
1246 3033 1427 3104 Ἐδὼμ
1471 3035 1697 3108 ἐκλήθη,
1730 3039 1820 3093 ὄσ·

212 3133 308 3180 τις
336 3118 709 3190 ἑρμηνεύεται
757 3122 968 3194 γήϊνος.
1007 3124 1266 3190 Τοιοῦτος
1295 3126 1406 3198 γὰρ
1444 3130 1471 3182 6
1505 3128 1619 3199 βίος
1647 3131 1815 3202 αὐτῷ.

212 3211 334 3269 Καὶ
358 3213 481 3266 ἀντὶ
529 3213 786 3284 βρώσεως
820 3218 972 3286 μιᾶς,
1007 3219 1238 3273 ἀπέδοτο
1274 3220 1344 3274 τὰ
1372 3223 1717 3293 πρωτοτόκια
1740 3225 1817 3294 τῷ

227 3303 436 3357 Ἰακὼϐ
470 3306 686 3379 ἀδελφῷ
712 3308 846 3373 δντι,
884 3308 944 3374 ὃς
979 3311 1073 3364 καὶ
1107 3311 1326 3383 Ἰσραὴλ
1357 3313 1692 3385 ὠνομάζετο.
1731 3317 1818 3382 Ἐξ

212 3389 282 3450 οὗ
307 3397 370 3450 τὸ
398 3397 508 3451 τῶν
544 3400 817 3454 Ἰουδαίων
872 3404 1144 3474 κατήγετο
1179 3404 1358 3473 γένος.
1409 3406 1678 3476 Ἀδελφῶν
1708 3409 1819 3478 γὰρ

213 3488 415 3550 παῖδες
447 3489 693 3543 Ἰουδαῖοι
721 3491 779 3556 ἐξ
812 3492 993 3562 Ἐδὼμ
1015 3493 1157 3547 οὕτω
1187 3495 1501 3567 λεγόμενοι.
1529 3498 1642 3552 Καὶ
1667 3499 1818 3569 ὅμως

212 3580 345 3633 οὖδέ
379 3579 546 3652 ψιλὴν
579 3582 816 3653 πάροδον
851 3581 910 3648 ἐξ
937 3585 1219 3653 Αἰγύπτου
1274 3588 1550 3659 παρέσχον
1597 3587 1819 3659 Ἰσραὴλ

214 3676 300 3736 εἰς
317 3674 427 3744 γῆν
451 3673 553 3743 τῆς
575 3675 904 3745 ἐπαγγελίας
931 3676 1085 3730 ἰόντι.
1113 3679 1221 3731 Καὶ
1247 3679 1386 3749 μετὰ
1411 3680 1586 3734 ταῦτα
1603 3680 1819 3752 πικρῶς

214 3767 366 3820 οὕτω
400 3767 668 3822 διέκειντο
699 3769 840 3839 πρὸς
869 3770 1092 3835 αὐτοὺς,
1120 3773 1195 3834 ῶς
1225 3774 1252 3824 6
1273 3775 1562 3844 προφήτης
1592 3775 1620 3826 6
1641 3772 1817 3841 λέγων

214 3854 406 3924 δηλοῖ·
452 3875 470 3906 ι
506 3855 634 3910 Ἐπὶ
667 3859 788 3922 ταῖς
835 3860 1017 3930 τρισὶν
1049 3861 1328 3926 ἀσεϐείαις
1367 3862 1694 3934 Ἰδουμαίας,
1723 3867 1818 3918 καὶ

217 3947 316 4000 ἐπὶ
345 3950 472 4011 ταῖς
497 3947 787 4020 τέτταρσιν
808 3951 908 4005 οὐκ
935 3953 1431 4025 ἀποστραφήσομαι
1453 3955 1670 4020 αὐτοὺς.
1703 3956 1817 4010 ἓνεο

216 4057 316 4093 κεν
343 4040 440 4094 τοῦ
467 4041 657 4108 διῶξαι
687 4043 885 4110 αὐτοὺς
914 4047 972 4098 ἐν
1007 4047 1255 4118 ῥομφαίᾳ
1305 4048 1395 4100 τὸν
1458 4049 1687 4118 ἀδελφὸν
1721 4051 1813 4104 αὑ.

215 4130 336 4198 τοῦ,
390 4134 491 4190 καὶ
538 4135 850 4206 ἐλυμήνατο
897 4137 1112 4211 πατέρα
1168 4140 1262 4194 ἐπὶ
1307 4142 1412 4210 γῆς
1439 4182 1454 4206 ,
1489 4162 1507 4193 ι
1564 4144 1706 4196 κατά
1758 4143 1816 4197 δέ

218 4223 526 4296 Σύμμαχον
557 4227 887 4298 σπλάγχνα
913 4229 1036 4284 ἴδια
1056 4245 1072 4262 °
1104 4230 1163 4297 ἐξ
1185 4232 1433 4304 ἀδελφῶν
1483 4234 1610 4307 γὰρ.
1639 4236 1713 4300 ὡς
1737 4238 1815 4290 εἴ-

220 4333 408 4387 ρηται,
447 4317 688 4388 γνησίων
719 4320 987 4389 ἐγένοντο.
1026 4323 1210 4378 Ἔοικε
1233 4325 1290 4379 δέ
1319 4328 1432 4392 τοῖς
1453 4327 1650 4385 ἐαυτοῦ
1683 4349 1817 4400 γνω-

219 4407 406 4478 ρίμοις
429 4409 459 4462 6
486 4408 620 4471 Θεὸς
659 4415 1004 4483 προσφωνεῖν
1030 4415 1240 4485 λέγων·
1270 4419 1430 4486 Πρός
1489 4419 1594 4490 ἐμὲ
1642 4423 1816 4477 κάλει

2409 1838 2615 1895 VISIO
2653 1840 3034 1896 IDUM/ExE.

1998 1928 2164 1986 Vens.
2200 1930 2382 1985 11-17.
2405 1931 2489 1984 Ad
2529 1949 2609 1987 me
2645 1950 2773 1988 voca
2803 1933 2867 1988 de
2897 1933 3014 1989 Seir
3045 1933 3364 1990 :Custodile
3391 1955 3511 2006 pro-

1923 2025 2242 2094 pugnacula.
2269 2023 2581 2080 Custodiam
2629 2044 2802 2092 mane,
2859 2038 2909 2082 et
2949 2039 3122 2083 nocte.
3164 2028 3222 2083 Si
3283 2030 3506 2097 quartis,

1923 2135 2118 2187 quwre,
2159 2130 2208 2172 et
2234 2119 2374 2188 apud
2408 2137 2486 2174 me
2515 2119 2733 2175 habita.
2756 2119 2825 2175 In
2851 2121 2998 2176 saltu
3033 2138 3238 2192 vespere
3259 2122 3510 2176 dormies.

1927 2211 1992 2266 In
2045 2213 2127 2266 vin
2181 2212 2489 2267 Dazdamiu
2540 2231 2824 2270 occursum
2885 2217 3086 2270 sitienti
3143 2215 3274 2284 [erle
3294 2232 3511 2286 aquam,

1923 2315 2031 2361 etc.

1993 2399 2158 2468 282
2189 2399 2255 2454 Et
2290 2401 2345 2455 hi
2378 2401 2544 2456 etiam
2567 2403 2943 2458 lsraelitarnm
2969 2404 3158 2460 hostes
3185 2412 3365 2467 erant,
3385 2417 3513 2475 per-

1926 2501 2198 2560 petuoque
2231 2492 2312 2548 eis
2343 2493 2772 2559 insidiabantur,
2799 2493 3004 2549 Davide
3034 2502 3196 2558 teste,
3232 2509 3358 2547 cum
3387 2492 3463 2546 ait
3490 2506 3505 2542 :

1930 2601 1946 2632 ι
1981 2582 2284 2636 Adversum
2312 2591 2362 2637 te
2381 2582 2562 2639 foedus
2588 2585 2831 2638 inierunt
2853 2585 3209 2639 tabernacula
3236 2582 3509 2638 ldumteo-
3540 2620 3542 2622 τ

1925 2689 2069 2736 rum,
2125 2684 2182 2728 et
2238 2673 2548 2738 lsmaelitae,
2598 2674 2776 2739 Moab,
2804 2685 2859 2730 et
2915 2674 3381 2746 Agareni,Gehal
3455 2685 3510 2730 et

1923 2766 2178 2829 Annuon,
2231 2776 2285 2820 et
2348 2765 2574 2822 Amalec
2602 2768 2668 2822 ⁸⁵.
2711 2786 2729 2818 ι
2784 2767 3048 2822 [dammas
3091 2770 3236 2822 enim
3261 2767 3508 2823 omnium

1927 2857 2135 2926 primos
2161 2857 2483 2912 nominavit.
2517 2857 2665 2913 Gens
2699 2866 2783 2912 est
2806 2869 2988 2912 autem
3030 2860 3145 2914 haec
3175 2859 3242 2914 ad
3292 2861 3510 2916 Arabiae

1925 2949 2142 3002 Petram
2179 2950 2440 3013 maxima,
2474 2951 2546 3003 ab
2575 2951 2714 3003 iisan
2746 2951 3002 3014 deducta,
3052 2955 3146 3021 qui
3182 2953 3357 3008 Edoni
3419 2955 3506 3008 di-

1925 3053 2072 3111 ctus,
2094 3044 2217 3100 ideo
2257 3056 2457 3100 terram
2491 3046 2792 3117 signiﬁcat,
2832 3045 2980 3116 quod
3015 3055 3236 3102 terreno
3262 3048 3387 3102 vitae
3415 3064 3506 3118 ge-

1927 3153 2058 3192 nere
2087 3138 2392 3194 delectatus
2419 3135 2629 3193 Jacobo
2665 3139 2818 3194 fratri
2837 3140 2947 3210 (cui
2985 3151 3041 3196 et
3073 3141 3506 3197 alterumlsrae-

1925 3228 1992 3283 lis
2024 3243 2222 3284 nomen
2247 3229 2373 3297 fuit,
2407 3230 2584 3299 deque
2609 3230 2774 3301 hujus
2809 3247 3007 3302 genere
3059 3241 3114 3286 et
3172 3233 3392 3288 nomine
3417 3248 3508 3286 vo—

1921 3322 2027 3376 cati
2059 3330 2401 3392 suntpostea
2447 3321 2668 3393 Judaei),
2728 3325 3178 3394 primogenitnrae
3237 3342 3352 3382 suae
3379 3341 3508 3396 pra:-

1922 3412 2236 3484 rogatiVam
2271 3413 2459 3469 edulio
2501 3416 2668 3470 unico
2704 3416 2975 3471 vendidit.
3028 3416 3181 3472 Licet
3239 3429 3419 3474 autem
3476 3436 3505 3471 a

1925 3502 2188 3558 fratribus
2251 3511 2487 3575 utraque
2507 3520 2644 3575 gens
2680 3513 2802 3560 orta
2844 3507 2938 3571 sit,
2970 3523 3253 3576 nunquam
3321 3519 3504 3565 tamen

1920 3597 2203 3652 lsraelitas
2233 3612 2331 3668 per
2363 3613 2530 3668 agros
2549 3612 2683 3653 suos
2711 3599 2796 3654 vel
2825 3599 3066 3670 simplici
3093 3600 3319 3666 itinere,
3377 3617 3503 3658 cum

1921 3691 1977 3746 in
2006 3690 2339 3762 promissam
2375 3690 2656 3758 regionem
2693 3693 3019 3762 migrarent,
3054 3691 3276 3748 Idumaei
3330 3702 3512 3751 trans-7.

1920 3785 2003 3839 ire
2023 3783 2175 3854 passi
2210 3791 2363 3839 sunt.
2385 3781 2560 3850 Quam
2595 3793 2779 3840 autem
2817 3784 3016 3840 acerbe
3048 3786 3101 3839 in
3159 3783 3384 3840 eosdem
3447 3802 3507 3841 se

1920 3883 2114 3946 postea
2168 3874 2466 3946 gesserint,
2527 3874 2611 3930 vel
2660 3874 2941 3946 prophetae
2970 3875 3152 3931 verbis
3201 3875 3502 3947 intelligas.

1921 3985 2047 4026 cum
2081 3969 2196 4025 ait:
2236 3988 2254 4021 ι
2292 3967 2352 4023 In
2395 3969 2571 4023 tribus
2598 3967 2980 4038 impietatibus
3032 3967 3302 4032 Numanae,
3347 3976 3401 4021 et
3449 3967 3503 4022 in

1920 4073 2186 4134 quatuor,
2219 4076 2332 4116 non
2366 4068 2688 4115 convertam
2723 4074 2843 4124 eos,
2875 4061 3138 4130 quoniam
3177 4061 3255 4115 illi
3286 4061 3341 4114 in
3384 4061 3502 4132 gla-

1919 4153 2012 4210 dio
2063 4153 2341 4226 persecuti
2380 4160 2512 4207 sunt
2557 4151 2782 4206 fratrem
2835 4166 3020 4214 suum,
3064 4161 3120 4204 et
3179 4159 3389 4221 patrem
3450 4152 3504 4204 in

1922 4257 2067 4304 terra
2100 4247 2361 4302 laeserunt
2392 4244 2460 4300 ⁸⁸.
2495 4263 2513 4297 ι
2542 4243 2644 4300 Ubi
2669 4258 2769 4314 pro
2797 4254 2973 4312 patre,
3025 4244 3230 4298 viscera
3260 4243 3504 4313 propria,

1919 4342 2050 4411 legit
2083 4338 2471 4411 Symmachus.
2503 4337 2674 4392 Erant
2705 4337 2852 4391 enim
2888 4344 2948 4390 ut
2979 4337 3190 4390 dictum
3263 4347 3370 4404 est,
3435 4352 3502 4392 ex

1920 4431 2199 4503 germanis
2251 4430 2524 4486 fratribus
2569 4428 2846 4499 prognati.
2881 4426 3116 4482 Videtur
3144 4436 3327 4483 autem
3374 4443 3504 4500 pro-

217 4499 382 4566 παρὰ
411 4500 518 4554 τοῦ
563 4504 738 4572 Σηεφ
774 4521 788 4534 ·
817 4504 851 4576 ἢ
883 4506 1026 4562 κατά
1054 4509 1182 4572 τοὺς
1211 4509 1455 4577 λοιποὺς,
1483 4513 1625 4580 τοὺς
1662 4516 1806 4583 φεύ-

1926 4499 2062 4577 bata:
2094 4522 2198 4577 sibi
2232 4531 2287 4575 et
2344 4521 2578 4591 cognitae
2633 4519 2757 4573 ﬁdei
2805 4519 3055 4590 aliquos,
3085 4518 3193 4583 vel,
3255 4527 3317 4574 ut
3377 4499 3504 4576 aliis

215 4608 442 4660 τοντας
461 4595 620 4664 παρὰ
645 4597 750 4650 τοῦ
785 4599 985 4668 Σηείρ.
1017 4599 1195 4674 Ὅπερ
1223 4597 1292 4674 ἦν
1317 4603 1443 4675 ὅρος
1468 4605 1526 4658 ἐν
1557 4606 1807 4680 Ἀραϐίᾳ,

1909 4614 2110 4685 placet,
2136 4611 2432 4683 fugientes,
2461 4627 2585 4665 eum
2625 4610 2695 4668 ad
2714 4627 2769 4665 se
2798 4608 2862 4668 de
2911 4608 3030 4668 Seir
3065 4609 3499 4680 clamarejubet,

215 4681 315 4735 τοῦ
331 4682 506 4738 Ἣσαῦ
540 4686 692 4752 πόλις
717 4705 776 4742 τε
797 4688 1051 4763 λαμπρὰ,
1084 4695 1210 4747 καθ’
1233 4695 1299 4767 ἢν
1323 4695 1490 4750 αὑτοῦ
1527 4699 1817 4752 συνίστατο

1926 4703 2180 4759 Dominus
2208 4681 2445 4771 alloqui.
2480 4699 2576 4756 Est
2602 4715 2732 4754 vero
2781 4698 2905 4753 Seir
2936 4713 3097 4753 mons
3142 4698 3267 4769 ejus
3318 4701 3504 4756 nomi-

215 4773 289 4826 τὰ
326 4773 598 4843 βασίλεια.
651 4778 808 4833 Οὕτω
839 4781 896 4833 δέ
921 4783 981 4836 τὸ
1012 4783 1137 4857 ὅρος
1165 4787 1464 4858 λεγόμενον
1494 4790 1665 4844 εἰσέτι
1699 4793 1814 4855 τοῖς

218 4868 549 4938 ἐπιχωρίοις
591 4871 935 4943 γνωρίζεται.
992 4877 1118 4942 Τοῖς
1141 4875 1234 4933 οὖν
1271 4881 1550 4948 ἀγωνιῶσι
1577 4885 1670 4935 τὸν
1701 4884 1816 4937 ἀπὸ

220 4960 344 5010 τῶν
394 4959 744 5030 Ἰδουμαίων
769 4963 956 5033 φόϐον,
984 4968 1120 5038 πρὸς
1147 4971 1247 5040 ἐμὲ
1281 4970 1454 5040 λέγει,
1482 4960 1817 5037 Σπεύδοντεξ

221 5047 408 5115 ἥκετε,
445 5051 542 5103 καὶ
565 5053 696 5124 παρ’
722 5055 848 5125 ἐμοὶ
899 5057 1208 5127 γενόμενοι,
1238 5060 1349 5127 τὰ.
1385 5062 1594 5115 ἑαυτῶν
1641 5063 1822 5118 emil-

225 5139 352 5204 ξεις
405 5141 780 5211 φυλάσσετε,
811 5150 958 5219 καμέ
988 5150 1207 5219 φύλακα
1244 5156 1436 5217 νυκτὸς
1481 5153 1696 5224 ἔχοντες
1724 5157 1820 5210 καὶ

225 5232 462 5304 ἡμέρας.
493 5236 733 5305 Ζητείτω
781 5239 959 5294 τοίνυν
1005 5243 1139 5313 παρ’
1181 5243 1321 5313 ἐμοῦ
1358 5245 1458 5315 τὴν
1508 5245 1762 5317 βοήθειαν
1793 5249 1820 5300 6

223 5323 434 5392 ταύτης
482 5326 726 5398 ἐπιδεὴς.
781 5332 1041 5386 υἱκείωτε
1076 5333 1104 5373 (ι
1169 5337 1300 5407 παρ’
1341 5338 1467 5407 ἐμοὶ
1521 5339 1629 5401 πᾶς
1658 5339 1685 5390 ὁ
1718 5339 1818 5408 τῆς

224 5415 430 5471 ἐαυτοῦ
461 5421 740 5490 σωτηρίας
782 5425 1186 5495 πεφροντικὼς.
1231 5428 1661 5498 Ἐπαγγέλλεται
1705 5429 1816 5498 γὰρ

226 5510 416 5573 αὐτοῖς
437 5511 538 5581 τὴν
568 5512 766 5567 ἐαυτοῦ
825 5515 1100 5589 βοήθειαν,
1136 5521 1293 5588 εἴπερ
1325 5521 1532 5576 ἐλοιντο
1562 5523 1817 5593 παραμέ-

227 5618 343 5656 νειν
369 5603 538 5673 αὐτῷ.
569 5604 650 5657 Τὸ.
673 5605 730 5659 δὲ
766 5607 890 5679 ἐξῆς
917 5611 945 5664 6
974 5615 1261 5686 προφήτης
1287 5615 1478 5686 ἑτέρας
1509 5615 1815 5678 ὑποθέσεως

300 5767 350 5801 ⁸⁸
380 5767 530 5822 Psal.
565 5785 772 5838 Lnxu,
801 5775 856 5841 7,
885 5775 941 5832 8.
1055 5775 1100 5809 “
1136 5777 1304 5833 Amos
1335 5795 1372 5845 ι,
1403 5778 1452 5832 l.

1915 4794 2005 4850 nis
2068 4793 2123 4847 in
2147 4790 2374 4854 Arabia,
2429 4798 2483 4845 et
2518 4789 2754 4844 illustris
2780 4788 2925 4844 Esau
2956 4788 3189 4854 civitas,
3251 4789 3500 4859 ejusdem

1916 4883 2046 4938 olim
2072 4881 2242 4950 regia,
2270 4877 2557 4947 montique
2589 4879 2691 4932 hoc
2720 4885 2970 4948 tempore
2993 4879 3097 4934 ista
3135 4879 3501 4934 manetetiam

1918 4972 2214 5043 appellatio
2250 4970 2447 5025 incolis
2475 4973 2700 5024 usitata.
2727 4969 2839 5025 Eos
2886 4969 3080 5038 igitur,
3107 4971 3198 5040 qui
3228 4967 3504 5026 Idumam-

1921 5081 2039 5117 rum
2093 5074 2242 5118 uictu
2298 5071 2603 5126 terrentur,
2635 5071 2693 5115 ut
2728 5063 2794 5115 ad
2830 5076 2890 5116 se
2943 5061 3211 5116 accedant
3242 5078 3496 5132 propere,

1918 5173 2131 5230 suaque
2163 5157 2236 5212 ibi
2279 5155 2682 5227 propugnacula
2737 5162 3010 5219 tueantur,
3054 5164 3210 5209 tanto
3266 5153 3500 5210 custode

1919 5259 2081 5305 nocte
2111 5256 2166 5304 et
2191 5247 2280 5306 die
2311 5247 2424 5307 usi,
2455 5251 2728 5301 hortatur.
2760 5244 2881 5302 Jam
2907 5261 3062 5317 ergo,
3105 5246 3204 5308 ait,
3250 5260 3361 5299 non
3428 5245 3498 5300 ab

1917 5344 2048 5408 alio,
2083 5357 2249 5412 quam
2284 5355 2312 5394 a
2346 5356 2456 5406 me,
2492 5341 2587 5411 qui
2627 5347 2773 5410 eget,
2808 5340 3076 5394 auxilium
3113 5346 3348 5410 quaerat.
3382 5335 3496 5393 Me-

1917 5449 2042 5490 eum
2101 5432 2333 5496 habitet,
2376 5431 2466 5501 qui
2506 5431 2704 5488 salutis
2735 5447 2850 5487 suae
2880 5446 3068 5487 curam
3126 5430 3313 5485 habet.
3383 5431 3498 5488 Illis

1921 5525 2068 5577 enim
2102 5537 2258 5578 suam
2282 5521 2401 5592 ipse
2429 5537 2676 5592 operam,
2715 5537 2990 5592 suumque
3042 5520 3307 5574 auxilium
3339 5521 3498 5590 polli-

1925 5627 2098 5682 cetur,
2132 5616 2179 5671 si
2222 5615 2364 5686 apud
2389 5630 2511 5671 cum
2541 5616 2708 5672 velint
2758 5629 3098 5687 permanere.
3145 5612 3278 5681 Quae
3339 5612 3498 5670 dein-

1516 5892 1743 5950 VARLE
1782 5893 2168 5952 LECTIONES

306 5974 335 6018 ά
366 5993 442 6052 γρ
515 5980 816 6036 οἱκειούτω.
