4020 6372
527 457 663 520 ἒ167
1008 458 1018 467 ’
1872 468 2112 528 PROCO

2218 468 2225 524 μ
2259 469 2502 527 BAL-lii
3653 472 3769 538 2m

526 597 654 646 seps
690 587 1020 648 sequuntur,
1065 590 1328 650 tanquam
1365 583 1598 638 alterius
1626 586 1739 638 sint
1766 584 2105 656 argumenti,

2218 582 2604 654 ἐπιλαϐόμενος
2633 583 2783 649 λέγει
2819 581 3043 652 ληφθεὶς
3083 580 3188 632 ὑπὸ
3216 579 3307 633 τοῦ
3336 579 3510 648 ἁγίου.
3551 581 3770 652 Πνεῦμα·

525 670 841 740 aggreditnr
891 671 1157 740 propheta
1218 671 1408 728 divino
1501 675 1711 745 Spiritu
1767 689 2110 745 correptus:

2218 690 2329 736 τος’
2357 673 2448 725 Διὸ
2475 673 2568 726 καὶ
2617 671 2827 740 λῆμμα
2877 671 2966 723 τὸν
3015 670 3174 737 λόγον
3218 669 3393 732 καλεῖ,
3420 669 3482 720 ού
3513 670 3634 739 περὶ
3675 670 3773 726 τῶν

525 759 671 815 unde
687 770 742 816 et
779 764 1169 831 assumptionis
1219 765 1446 820 nomine
1477 768 1786 821 orationem
1822 785 1978 823 suam
2017 784 2112 836 ap-

2229 764 2574 833 Ἰδουμαίων
2627 765 2856 831 λέγοντα
2913 763 3094 834 μόνον,
3126 759 3265 814 ἀλλά
3312 761 3406 813 καὶ
3441 759 3565 828 περὶ
3588 763 3773 816 πάντων

526 851 771 921 pellavit,
837 868 963 922 qua:
1018 868 1130 908 non
1195 853 1262 908 de
1291 854 1553 911 Idumwis
1614 868 1854 921 tantum,
1901 858 1998 914 sed
2047 859 2112 914 de

2218 858 2328 911 τῶν
2377 858 2493 926 τὴν
2556 857 2838 926 Ἀραϐίαν
2891 854 3229 918 οἰκούντων,
3281 853 3376 906 καὶ
3428 851 3774 920 πολεμούντων

523 943 784 999 uumibus
807 943 1026 1000 Arabia:
1058 944 1281 1011 incolis,
1320 947 1578 1019 bellaque
1609 951 1878 1006 adversus
1932 949 2113 1006 Israe-

527 1038 628 1088 lem
651 1037 969 1106 gerentibus
995 1037 1263 1107 loquitur,
1295 1057 1436 1110 quos
1468 1042 1648 1111 posita
1701 1043 1868 1095 animi
1906 1041 2112 1096 feroci-

528 1133 636 1178 :ate
702 1123 771 1178 ad
844 1127 1280 1193 impendentium
1327 1128 1711 1184 calamitatum
1770 1131 2110 1200 agnitionem

523 1214 688 1284 283
711 1214 985 1270 deducere
1004 1229 1262 1273 conatur.
1314 1220 1660 1276 lrrttentibus
1733 1224 1880 1277 enim
1916 1223 1968 1276 in
2016 1239 2113 1278 eos

526 1305 803 1369 hostibus,
831 1306 1094 1361 admonet
1130 1308 1276 1363 bello
1303 1311 1582 1381 perituros
1611 1329 1736 1368 esse
1766 1314 2072 1384 permultos
2096 1331 2112 1378 ;

525 1409 731 1462 paucos
783 1406 965 1453 autem
1031 1414 1299 1457 evasuros
1355 1421 1368 1458 :
1419 1403 1620 1474 quibus
1687 1405 1815 1474 fuga
1870 1416 2112 1476 metuque

522 1489 828 1558 dispalatis,
853 1501 900 1545 et
935 1494 1327 1558 laborantibus,
1381 1496 1484 1558 ipsi
1551 1495 1840 1572 prodibant
1908 1499 2113 1551 obviam

527 1575 874 1642 Themanitw,
936 1581 1186 1650 cibisque
1243 1582 1656 1650 perhumaniter
1711 1586 1931 1651 oblatis,
1973 1587 2115 1641 fame

525 1685 817 1743 pereuntes
874 1676 928 1730 in
988 1677 1226 1733 desertis
1275 1686 1331 1733 et
1363 1680 1619 1748 saltibus,
1659 1682 1974 1754 ubicunque
2005 1699 2111 1737 nox

521 1781 621 1824 eos
656 1771 966 1840 occuparit,
997 1773 1353 1828 recreabunt.

592 1858 758 1914 Addit
797 1876 928 1916 vero
957 1869 1014 1916 et
1039 1873 1252 1918 certum
1286 1864 1799 1932 interitustempus,
1853 1883 1979 1923 cum
2013 1885 2112 1922 eo-

2229 951 2472 1021 Ἰσραήλ.
2531 949 2636 1010 Οὓς
2702 949 2952 1020 βούλεται
3010 945 3404 1017 παυσαμένους
3450 945 3540 998 τοῦ
3572 945 3775 1014 θράσους

2217 1043 2517 1110 ἐπιγνῶναι
2565 1040 2767 1112 μᾶλλον
2817 1043 2917 1100 τὰς
2974 1038 3185 1092 ἑαυτῶν
3220 1036 3528 1108 συμφοράς.
3558 1037 3776 1108 Τιὶνγὰρ

2218 1134 2496 1205 πολεμίων
2542 1135 2809 1188 ἐπιόντων
2861 1132 3045 1194 αὐτοῖς
3095 1129 3481 1184 ἀποτελεῖσθαι
3547 1129 3638 1198 μὲν
3673 1131 3777 1192 τοῦς

2218 1228 2461 1290 πλείους,
2513 1226 2718 1293 ὀλίγοις
2740 1226 2795 1278 δὲ
2835 1221 2955 1278 οὖσι
3019 1224 3146 1290 τοῖς
3206 1224 3505 1293 φεύγουσι
3548 1224 3700 1292 φόϐῳ
3725 1240 3777 1276 τε

2215 1319 2576 1389 λελυμένοις
2614 1318 2714 1374 καὶ
2746 1320 2932 1386 κόπῳ,
2957 1313 3352 1385 προαπαντᾷν
3384 1314 3528 1381 τοὺς
3567 1314 3674 1368 ἀπὸ
3691 1317 3776 1369 Θε-

2211 1413 2337 1485 μὰν
2389 1411 2793 1485 φιλανθρώπως
2855 1411 3192 1470 ἐπιδιδόντας
3247 1407 3456 1481 τροφὴν
3515 1406 3778 1462 ἀποθανεῖν

2218 1503 2642 1565 κινδυνεύουσιν,
2709 1501 2948 1572 ἔνθαπερ
2997 1499 3210 1570 τύχοιεν
3267 1497 3565 1568 φεύγοντες
3589 1497 3640 1550 ἐν
3673 1499 3780 1569 ἐρη-

2222 1597 2372 1666 μίαις
2393 1613 2452 1648 τε
2477 1595 2571 1648 καὶ
2602 1593 2831 1665 δρυμοῖς
2855 1589 3271 1660 καταλαϐούσης
3301 1591 3566 1660 ἑσπέρας.

2291 1857 2396 1911 Τὸν
2448 1856 2506 1910 δὲ
2555 1857 2747 1928 χρόνον
2797 1857 2900 1926 τῆς
2943 1857 3224 1920 ἀπωλείας
3275 1859 3624 1930 προστίθησι,
3678 1868 3778 1933 μετ’

523 1964 648 2003 rum
705 1966 882 2016 more,
945 1954 1039 2022 qui
1092 1964 1252 2024 pacta
1313 1957 1568 2011 mercede
1627 1959 1852 2013 servitio
1881 1957 2106 2022 addicti,

2218 1947 2464 2004 ἐνιαυτὸν
2489 1947 2662 2002 εἰπὼν
2689 1949 2935 2022 ἀκριϐῶς
2959 1949 3367 2022 ἀριθμούμενον
3409 1952 3485 2015 ὡς
3511 1955 3778 2024 ἐπιμισθω-

523 2041 687 2097 auxie
713 2042 910 2100 diebus
947 2045 1184 2114 singulis
1215 2047 1616 2117 computando,
1661 2051 2107 2118 temporislinem

524 2144 875 2206 exspectant,
903 2151 1108 2191 annum
1129 2154 1188 2193 se
1203 2139 1338 2192 dicit
1369 2155 1681 2194 numerare.
1703 2139 1798 2195 Est
1827 2157 1957 2196 vero
1974 2141 2111 2194 Ara-

524 2229 841 2284 I-iaecivitas
861 2227 1056 2293 Cedar,
1092 2244 1260 2300 quam
1297 2247 1424 2286 cum
1457 2231 1582 2287 aliis
1636 2247 1860 2302 quoque
1891 2233 2106 2301 peritu-

525 2327 744 2387 ram,et
775 2336 842 2375 ex
877 2321 1154 2377 universis
1183 2322 1494 2378 incolumes
1524 2338 1797 2378 evasurus
1824 2340 1945 2379 esse
1971 2339 2107 2395 pau-

521 2429 618 2467 ens
672 2413 970 2484 significat.
1038 2414 1310 2485 Reperias
1341 2425 1524 2472 autem
1571 2425 1620 2472 ct
1651 2417 1984 2487 peculiarem
2039 2417 2109 2473 de

519 2505 716 2571 Cedar,
741 2506 920 2576 deque
954 2504 1226 2572 Idumam,
1285 2516 1341 2562 et
1379 2515 1565 2563 monte
1601 2509 1741 2568 Seir.
1774 2510 1916 2578 apud
1966 2509 2105 2564 Eze«

518 2597 750 2651 chielem
773 2598 1093 2666 prophetam
1117 2598 1182 2654 ⁸⁷.
1201 2599 1347 2665 Quin
1381 2611 1434 2655 et
1451 2598 1721 2656 .leremias
1748 2602 1864 2671 ipse
1885 2601 2106 2671 sapien-

521 2699 656 2741 tiam
688 2689 988 2758 quamdam
1024 2689 1393 2745 ldumaeorutu
1450 2692 1611 2747 nobis
1639 2692 1928 2753 describit,
1980 2707 2106 2746 cum

519 2781 641 2835 ait:
677 2799 696 2832 ι
735 2779 852 2836 Non
888 2782 992 2836 erit
1019 2783 1260 2852 amplius
1294 2784 1562 2854 sapientia
1607 2785 1662 2838 in
1709 2782 2106 2838 Theman.Pc--

520 2873 613 2928 riit
668 2872 986 2944 sapientum
1045 2875 1370 2931 concilium.
1442 2873 1652 2930 Defecit
1703 2876 1975 2945 sapientia
2015 2891 2109 2930 eo-

518 2981 640 3021 rum
666 2964 732 3021 ⁸⁸.
759 2984 779 3020 ι
805 2966 928 3031 ,δεά
958 2975 1013 3021 et
1040 2967 1222 3036 qualis
1249 2983 1442 3022 eorum
1474 2966 1700 3022 futurus
1725 2968 1796 3023 sit
1820 2971 2002 3022 exitus
2034 2968 2106 3022 ita

519 3055 809 3127 subiungit
842 3073 854 3108 :
883 3074 904 3108 ι
936 3056 1066 3112 Dedi
1101 3065 1155 3112 te
1180 3057 1236 3111 in
1268 3057 1528 3129 gentibus
1585 3057 1749 3112 facile
1800 3072 2106 3126 aspernati-

515 3149 648 3205 dum
676 3148 743 3202 ".
792 3168 813 3201 ι
871 3150 939 3206 Et
995 3167 1190 3206 rursus
1233 3167 1246 3203 :
1298 3171 1316 3204 ‹
1375 3150 1491 3205 Erit
1531 3150 1765 3206 ldumzea
1819 3152 1870 3204 in
1924 3150 2110 3204 deser-

519 3257 634 3299 tum
654 3244 726 3308 '°,
769 3263 790 3296 ι
829 3253 1143 3315 οκιετοηυο
1167 3260 1290 3314 quae
1351 3255 1680 3311 sequuntur.
1732 3241 1851 3297 Non
1886 3243 2105 3305 desunt,

516 3339 610 3409 qui
633 3337 969 3403 crudelitati,
1001 3313 1334 3407 quamiolitn
1384 3336 1771 3407 Hierosolyma
1819 3349 1981 3405 passa
2004 3344 2111 3396 est,
2137 3313 2182 3376 (ἶ

515 3440 573 3484 et
609 3427 712 3485 ista
748 3435 942 3496 putent
975 3427 1167 3498 adjici.
1195 3425 1520 3498 Expugnata
1555 3427 1702 3481 enim
1740 3440 1837 3496 per
1853 3425 2114 3497 Assyrios

519 3522 926 3593 Hierosolyma,
983 3529 1213 3590 totaque
1257 3520 1396 3576 adeo
1447 3519 1650 3576 Judane
1687 3521 1932 3591 regione,
1984 3535 2110 3573 cum

519 3617 674 3671 ferro
703 3616 1038 3671 cecidissent
1062 3616 1178 3680 alii,
1212 3616 1306 3670 alii
1339 3626 1521 3669 autem
1552 3617 1607 3669 in
1641 3631 1838 3668 manus
1866 3615 2110 3670 hostium

517 3711 828 3777 venissent,
883 3711 977 3778 qui
1031 3711 1234 3765 servati
1293 3711 1506 3766 cladem
1536 3711 1626 3762 vix
1679 3719 1994 3772 evaserunt,
2058 3711 2111 3761 in

519 3803 815 3859 ldnntteam
870 3805 1112 3859 vicinam
1137 3814 1191 3859 et
1226 3814 1519 3874 cognatam
1586 3821 1708 3859 sese
1738 3804 2110 3874 recipiebant.

522 3896 632 3952 Sed
689 3905 904 3951 tantum
950 3898 1128 3958 abest.
1184 3906 1244 3951 ut
1301 3897 1374 3952 ibi
1432 3901 1921 3965 servarentur,‘nt
1954 3898 2024 3951 ab
2049 3911 2111 3951 ea

522 3989 700 4044 multo
749 4005 915 4059 quam
957 3990 1027 4044 ab
1065 3990 1227 4045 hoste
1260 3991 1461 4046 saevius
1507 3991 1922 4060 exciperentur.
2000 3989 2111 4045 Ista

522 4083 608 4138 vel
638 4083 830 4138 Abdia:
861 4097 998 4138 voce
1019 4082 1281 4138 omnibus
1305 4083 1594 4154 patebunt.
1640 4101 1766 4137 cum
1801 4084 1877 4137 ait
1914 4104 1926 4138 :
1987 4104 2006 4134 ι
2047 4082 2112 4137 In

522 4178 615 4229 illa
648 4175 739 4232 die
774 4178 999 4247 perdam
1029 4177 1310 4246 sapientes
1357 4155 1424 4230 ex
1460 4176 1736 4242 Iduumea;
1802 4195 1819 4226 ι
1871 4192 2112 4246 quorum

523 4273 650 4339 post
682 4267 946 4323 nonnulla
982 4277 1036 4324 et
1070 4285 1237 4324 causa
1273 4268 1514 4335 additur,
1549 4269 1632 4322 his
1663 4268 1850 4324 verbis
1881 4285 1894 4321 :
1937 4290 1954 4321 ι
1981 4268 2114 4322 Prn-

524 4363 1104 4434 pterinternecionem
1137 4371 1192 4418 et
1237 4362 1581 4433 impietatem
1635 4378 1745 4432 qua
1782 4363 1834 4417 in
1884 4362 2114 4417 fratrem

521 4468 685 4508 suum
706 4450 882 4508 Jacob
913 4451 1001 4508 usi
1034 4461 1164 4508 sunt
1194 4454 1265 4507 δι.
1333 4471 1353 4505 ι
1421 4453 1490 4507 Ει
1546 4453 1714 4523 paulo
1777 4463 1901 4525 post
1936 4472 1994 4509 τ(
2050 4454 2114 4508 Ισὶι

521 4545 690 4601 alieni
753 4545 989 4617 ingressi
1028 4555 1157 4600 sunt
1187 4554 1378 4616 portas
1440 4545 1585 4616 ejus,
1616 4545 1748 4600 etin
1799 4544 2109 4601 Jerusalem

2217 2041 2312 2096 τοῦ
2345 2043 2784 2112 καραδοκοῦντος
2844 2041 3281 2112 ὲλευθερωθῆναι
3336 2043 3668 2113 μισθώσεως,
3703 2050 3776 2100 καὶ

2219 2133 2595 2205 καθ’ὴμέραν,
2621 2133 2696 2197 ώς
2726 2136 2922 2197 εἰπεῖν,
2961 2133 3324 2206 ἀριθμοῦντος
3348 2133 3442 2187 τὸν
3467 2136 3666 2205 χρόνον.
3695 2139 3777 2191 [16-

2217 2227 2299 2290 λις
2327 2227 2382 2281 δὲ
2411 2227 2509 2297 τῆς
2536 2226 2796 2298 Ἀραϐίας
2814 2227 3039 2295 Κηδὰρ,
3069 2227 3138 2296 ἣν
3175 2227 3315 2298 μετά
3343 2228 3456 2280 τῶν
3473 2228 3641 2282 ἄλλων
3666 2232 3776 2284 ἀπο-

2216 2320 2423 2374 λεῖσθαί
2475 2338 2661 2392 φησιν,
2684 2321 2760 2384 ώς
2803 2321 3019 2390 ὀλίγους
3073 2323 3136 2374 ἐκ
3188 2321 3409 2374 πάντων
3444 2323 3773 2393 σωθήσεσθαιο

2217 2414 2396 2485 εὕροις
2420 2415 2464 2468 δ’
2490 2415 2555 2468 ἂν
2587 2415 2682 2468 καὶ
2739 2415 2870 2484 παρ’
2911 2414 3174 2482 Ἰεζεκιὴλ
3235 2414 3550 2481 ἰδιάζουσαν
3591 2433 3776 2490 προφηο

2216 2509 2367 2562 τείαν
2396 2510 2525 2580 περὶ
2552 2508 2754 2577 Κηδὰρ
2784 2510 2880 2562 καὶ
2896 2508 3235 2576 Ἰδουμαίας
3282 2511 3378 2561 καὶ
3422 2510 3580 2579 ὅρους
3609 2511 3772 2578 Σηείρ.

2231 2603 2290 2656 '0
2319 2602 2378 2655 δὲ
2419 2603 2686 2672 Ἱερεμίας
2729 2603 2822 2654 καὶ
2872 2601 3065 2671 σοφίαν
3118 2602 3284 2655 οὖσαν
3346 2620 3470 2655 τινα
3529 2604 3776 2674 παράτοίς

2230 2695 2546 2765 Ἰδουμαίοις
2578 2695 2909 2767 παρίστησιν
2948 2695 3156 2765 λέγων’
3191 2714 3210 2747 ι
3236 2696 3351 2749 Ούκ
3379 2696 3523 2750 ἔστιν
3546 2697 3620 2750 ἔτι
3643 2698 3776 2765 σοφία

2216 2788 2275 2838 ὲν
2320 2786 2526 2857 Θεμάν.
2572 2785 2850 2839 Ἀπώλετο
2880 2787 2912 2857 ή
2948 2785 3110 2858 βουλὴ
3144 2789 3209 2840 ὲκ
3254 2787 3517 2841 συνετῶν.
3551 2789 3776 2859 ’ῼχετοή

2218 2878 2379 2948 σοφία
2435 2880 2635 2933 αὑτῶν.
2658 2900 2674 2930 ι
2705 2880 2778 2932 Τὸ
2806 2879 2862 2932 δὲ
2900 2880 3051 2941 τέλος
3079 2881 3262 2942 αὐτοῖς
3293 2875 3410 2932 οἷον
3439 2881 3609 2944 ἔσται,
3654 2897 3774 2947 παρ-

2220 2973 2396 3042 ίστησι
2426 2989 2438 3004 ο
2487 2992 2504 3022 ι
2533 2972 2754 3027 Δέδωκά
2793 2991 2854 3025 σε
2885 2975 2942 3026 ἐν
2964 2977 3077 3037 τοῖς
3136 2973 3348 3026 ἔθνεσιν
3404 2973 3777 3044 εὐκαταφρόνη-

2216 3085 2326 3121 τον.
2360 3086 2377 3118 t
2400 3068 2511 3119 Kal.
2533 3066 2695 3120 πάλιν
2718 3085 2731 3098 ο
2772 3086 2789 3118 t
2819 3069 3015 3121 Ἔσται
3045 3068 3077 3134 ἡ
3120 3067 3402 3137 Ἰδουμαία
3435 3070 3513 3130 εἰς
3537 3069 3769 3130 ᾰϐατον,ι

2218 3159 2314 3214 καὶ
2339 3159 2406 3212 τὰ
2440 3160 2533 3212 ἐπὶ
2581 3161 2814 3224 τούτοις.
2865 3160 3024 3223 Τινὲς
3053 3159 3108 3213 δὲ
3139 3160 3420 3229 λέγουσιν,
3473 3159 3546 3222 ὡς
3584 3160 3703 3230 πρὸς
3722 3160 3776 3228 τῇ

2218 3252 2387 3306 πάλαι
2415 3251 2537 3306 καθ’
2555 3252 2914 3322 Ἰερουσαλὴμ
2945 3252 3216 3324 ὠμότητι,
3253 3252 3337 3305 ἔτι
3375 3253 3471 3306 καὶ
3497 3252 3618 3306 τάδε
3645 3267 3777 3322 προσο

2219 3345 2445 3416 ἔθηκαν.
2487 3345 2750 3416 Ἀλούσης
2774 3348 2886 3416 γὰρ
2925 3345 3311 3418 Ἰερουσαλὴμ,
3361 3347 3457 3399 καὶ
3489 3347 3659 3415 πάσης
3697 3342 3779 3410 τῆς

2231 3436 2493 3501 Ἰουδαίας
2519 3437 2610 3490 ὑπ’
2652 3437 2979 3509 Ἀσσυρίων,
3027 3440 3122 3493 καὶ
3149 3439 3260 3492 τῶν
3295 3439 3400 3509 μὲν
3427 3436 3775 3511 ἀνῃρημένων,

2218 3531 2326 3584 τῶν
2353 3530 2411 3584 δὲ
2442 3530 3012 3601 ἀνδραποδιζομένων,
3037 3534 3085 3585 οἱ
3116 3533 3272 3603 μόλις
3300 3532 3587 3592 σωθέντες,
3619 3530 3686 3592 ώς
3715 3529 3778 3590 είς

2215 3625 2417 3696 ὅμορον
2442 3625 2542 3692 τὴν
2558 3624 2864 3694 Ἰδουμαίαν
2898 3625 2990 3678 καὶ
3018 3624 3301 3693 συγγενῶν
3338 3619 3506 3678 οὖσαν
3533 3623 3772 3692 κατέφευο

2218 3735 2336 3786 γον.
2361 3718 2424 3770 Oi
2455 3716 2513 3770 δὲ
2565 3716 2700 3787 πρὸς
2729 3715 2802 3784 τῷ
2835 3715 2910 3787 μὴ
2940 3715 3156 3780 σώζειν,
3202 3715 3428 3786 χείρους
3482 3715 3567 3768 ἐπ’
3623 3716 3777 3774 αὐτοῖς

2213 3809 2325 3863 τῶν
2375 3808 2649 3880 πολεμίων
2701 3809 2966 3875 ἐγένοντο.
3019 3809 3168 3879 Δῆλα
3199 3809 3464 3862 δὲταῦτα
3513 3809 3775 3877 πεποίηκεν

2229 3901 2439 3957 Ἀϐδιοῦ
2459 3901 2631 3971 λέγων
2653 3919 2665 3930 ·
2703 3921 2721 3952 ς
2745 3901 2834 3954 Ἐν
2855 3901 3040 3974 ἐκείνῃ
3075 3903 3140 3972 τῇ
3171 3903 3362 3973 ἡμέρᾳ
3395 3901 3580 3957 ἀπολῶ
3611 3898 3775 3968 σοροὺς

2217 4000 2281 4050 ἐκ
2314 3996 2415 4065 τῆς
2450 3995 2775 4065 Ἰδουμαίας.
2818 4014 2835 4046 ι
2890 3995 3002 4046 Καὶ
3067 3995 3188 4064 μεθ’
3223 3994 3396 4064 ἕτερα
3427 3994 3574 4047 δεινά
3604 3991 3777 4063 τὴναίο

2215 4092 2336 4144 τίαν
2385 4087 2694 4158 προσέθηκε
2747 4086 2956 4154 λέγων’
2996 4105 3014 4136 t
3043 4087 3144 4139 Διὰ
3199 4083 3298 4158 τὴν
3337 4083 3551 4154 σφαγὴν
3579 4083 3665 4136 καὶ
3697 4081 3775 4149 τὴν

2216 4179 2473 4232 ἀσέϐειαν
2503 4177 2600 4248 τὴν
2626 4178 2706 4240 είς
2737 4177 2831 4229 τὸν
2859 4176 3088 4245 ἀδελφόν
3121 4194 3213 4230 σου
3248 4175 3470 4230 Ἰακώϐ.
3500 4194 3518 4227 ι
3551 4174 3651 4228 Καὶ
3680 4171 3774 4242 μετ’

2216 4272 2372 4340 ὀλίγα
2395 4287 2409 4302 ο
2442 4289 2459 4321 ‹
2493 4270 2601 4322 Καὶ
2639 4267 2917 4338 ἀλλότριοι
2969 4267 3225 4338 εἰσῆλθον
3261 4270 3344 4332 είς
3393 4266 3565 4328 πύλας
3613 4260 3771 4316 αὑτοῦ.

2217 4362 2329 4415 Καὶ
2361 4361 2452 4414 ἐπὶ
2483 4359 2840 4430 Ἰερουσαλὴμ
2885 4358 3079 4410 ἔϐαλον
3120 4359 3379 4432 κλήρους.
3413 4359 3520 4411 Καὶ
3553 4359 3610 4409 συ
3633 4351 3692 4424 ἧς
3715 4354 3774 4415 t'u;

2216 4453 2298 4521 εἷς
2336 4455 2396 4522 ἐξ
2428 4455 2628 4510 αὐτῶν.
2653 4475 2672 4507 ι
2709 4455 2771 4508 Οἱ
2828 4458 3006 4508 τοίνυν
3051 4455 3332 4526 Ἀσσύριοι
3387 4454 3485 4525 τὴν
3548 4453 3772 4508 Ἰουδαίαν

2218 4550 2404 4619 φασὶν,
2468 4549 2686 4611 ἑλόντες
2744 4547 2882 4618 πρός
2915 4564 2974 4600 τε
3012 4547 3080 4600 τὰ
3122 4548 3260 4599 οἴκοι
3309 4545 3628 4618 χωροῦντες,
3673 4538 3769 4594 ὀδοῦ

522 4638 802 4694 miserunt
851 4646 1058 4702 sortes,
1105 4647 1160 4693 et
1223 4647 1279 4690 tu
1312 4652 1439 4693 eras
1501 4646 1767 4709 tanquam
1843 4655 1986 4693 unus
2042 4653 2108 4693 ex

2222 4643 2500 4712 πάρεργον
2554 4639 2834 4693 ἐποιοῦντο
2860 4641 2958 4708 τῆς
2993 4638 3300 4709 Ἰδουμαίας
3337 4639 3436 4709 τὴν
3464 4639 3669 4710 δῂωσιν,
3694 4632 3770 4686 καὶ

522 4731 607 4786 eis
635 4730 706 4784 ".
739 4748 758 4782 ι
781 4731 950 4785 Aiunt
975 4746 1129 4798 ergo,
1164 4729 1372 4794 Judma,
1427 4739 1611 4801 capta.
1649 4732 1932 4804 Assyrios,
1991 4748 2115 4787 cum

525 4823 760 4893 patriam
809 4833 1142 4891 repeterent,
1205 4823 1504 4879 ldumaaam
1563 4825 1744 4881 obiter
1789 4826 2112 4896 diripuisse,

525 4916 748 4988 sibique
769 4917 1102 4986 subiecisse.
1141 4917 1411 4973 Idumaeos
1445 4935 1610 4988 porro
1660 4921 1712 4972 in
1767 4921 1880 4974 h:ec
1950 4920 2115 4973 verha

523 5009 1055 5081 ailnqnitnrAhdias
1092 5027 1148 5064 ιι
1185 5010 1480 5078 Quomodo
1511 5012 1713 5077 fecisti,
1781 5013 1861 5067 sic
1908 5013 2013 5066 erit
2062 5021 2115 5064 γι

523 5105 646 5168 tihi,
684 5103 975 5158 retributio
1003 5116 1094 5159 tua
1131 5105 1186 5158 in
1212 5114 1378 5173 caput
1408 5115 1564 5158 tuum
1622 5103 1960 5157 redundabit
1985 5105 2050 5156 ⁵³.
2090 5123 2105 5154 γ

525 5197 764 5254 lttdecst
795 5198 984 5268 igitur,
1019 5197 1164 5268 quod
1205 5198 1526 5267 prophetam
1590 5197 1692 5251 hoc
1733 5197 1876 5259 loco,
1929 5200 1997 5249 ad
2063 5213 2117 5250 se

526 5305 723 5347 vocare
753 5289 921 5364 284
955 5291 1075 5346 Seir
1104 5291 1249 5346 Deus
1283 5291 1536 5360 imperat,
1604 5301 1868 5360 tanquam
1903 5289 1968 5342 ad
2027 5289 2116 5342 fn-

525 5401 650 5454 gam
691 5399 912 5457 paratos
937 5383 1160 5454 jamjam
1190 5384 1487 5455 signiticet,
1518 5400 1572 5440 et
1609 5384 1664 5438 in
1718 5384 1964 5438 Judaaam
2024 5382 2115 5437 fu~

525 5479 741 5547 gientes
767 5479 836 5534 ad
862 5494 1053 5550 preces
1077 5477 1380 5548 confugere
1418 5477 1610 5546 jubeat
1629 5518 1643 5541 ,
1683 5485 1744 5531 ut
1773 5476 1919 5530 sicut
1951 5486 2113 5531 antea

528 5571 694 5627 victis
729 5571 1138 5625 centumeliose
1161 5570 1524 5630 insultarunt,
1546 5577 1600 5623 et
1627 5568 1862 5639 ipsijam
1893 5569 1961 5623 ab
1993 5570 2098 5624 As-

528 5665 697 5734 syriis
721 5664 971 5734 superati
1007 5665 1317 5719 rideantur.
1355 5663 1460 5717 Eos
1498 5664 1685 5728 igitur,
1718 5662 1915 5718 adiectu
1977 5681 2114 5734 quo-

529 5757 655 5812 dam
711 5756 1143 5826 exprobratione
1198 5774 1351 5822 usus,
1399 5758 1603 5811 frustra
1657 5757 1868 5810 circum
1925 5773 2113 5812 muros

600 5869 882 5944 F_'_Ezech.
929 5888 1100 5938 xxvu,
1139 5875 1158 5927 1
1197 5889 1353 5944 seqq.
1469 5874 1508 5905 ⁸⁸
1541 5871 1742 5926 .lct'ezn.
1783 5888 1926 5938 λιιιι,
1951 5872 2003 5928 7.

532 5941 578 5979 ³³
605 5941 735 5999 ibid.
768 5942 848 5997 13.

2082 5873 2122 5905 η
2157 5873 2290 5929 ibid.
2328 5870 2410 5924 15.

2225 4737 2434 4798 πάντας
2490 4734 2690 4797 αὐτοὺς
2727 4732 3116 4804 ἐχειρώσαντο.
3153 4733 3296 4805 Πρὸς
3335 4732 3431 4795 οὓς
3473 4728 3769 4801 Ἰδουμαίους

2221 4830 2386 4901 φησὶν
2430 4827 2681 4890 Ἀϐδίαςο
2722 4846 2739 4878 t
2776 4829 2872 4879 Ὃν
2905 4827 3105 4896 τρόπον
3133 4825 3422 4896 ἐποίησας,
3459 4821 3768 4884 οὖτωςέσται

2222 4937 2324 4973 σοι·
2343 4919 2404 4972 τὸ
2432 4919 2786 4988 ἀνταπόδομᾶ
2803 4935 2896 4972 σου
2930 4918 3428 4986 ἀνταποδοθήσεται
3448 4918 3529 4979 εἰς
3558 4911 3767 4981 κεφαλήν

2221 5032 2334 5068 σου.
2366 5035 2382 5065 t
2415 5015 2506 5066 Διὸ
2529 5012 2643 5079 νῦν,
2675 5015 2808 5085 φησι
2830 5012 2908 5082 τῷ
2935 5013 3186 5083 προφήτῃ
3227 5011 3382 5074 Θεός’
3419 5011 3653 5078 Πρόςμε
3681 5004 3765 5056 κάς

2215 5110 2306 5157 λε’
2363 5103 2561 5173 Σηεὶρ,
2591 5104 2665 5166 ὼς
2711 5097 3012 5174 μελλόντων
3041 5103 3166 5155 ὅσον
3220 5100 3374 5154 οὔπω
3427 5094 3765 5170 τραπήσεσθαι

2218 5199 2356 5268 πρὸς
2397 5198 2600 5266 φυγήν.
2632 5197 2790 5250 Τοῦτ’
2820 5197 2989 5262 ἔστιν,
3029 5195 3348 5248 Ἠκέτωσαν
3379 5195 3471 5246 καὶ
3492 5193 3634 5244 αὐτοὶ
3661 5186 3764 5254 φεύ·

2215 5309 2402 5358 γοντες
2461 5292 2541 5354 εἰς
2570 5293 2666 5361 τὴν
2709 5290 2994 5356 Ἰουδαίαν,
3029 5288 3095 5342 ἵν’
3130 5289 3204 5350 ὡς
3234 5285 3578 5348 ὲπετῶθαζον
3622 5286 3762 5351 ἡττη-

2219 5385 2402 5453 μένοις
2435 5426 2450 5450 ,
2505 5382 2599 5436 καὶ
2649 5382 2800 5436 αὐτοὶ
2849 5381 3282 5450 γελασθήσονται
3332 5382 3442 5432 τῶν
3498 5375 3761 5444 ’Λσσυρίων

2215 5476 2409 5544 ἥττους
2438 5474 2741 5543 γενόμενοι.
2777 5473 2921 5544 Πρὸς
2957 5471 3052 5532 οὓς
3083 5475 3140 5523 ὲν
3164 5471 3284 5541 ἤθει
3317 5471 3422 5524 τινί
3460 5487 3614 5540 ῳησιν
3642 5467 3761 5516 ὀνει-

2216 5564 2398 5631 δίζων,
2416 5566 2492 5629 ώς
2525 5566 2784 5638 Ἀνόνητα
2807 5565 3057 5636 μοχθεῖτε
3075 5567 3200 5636 περὶ
3224 5565 3292 5619 τὰ
3316 5565 3488 5633 τείχη,
3514 5558 3760 5627 διαφυγεῖν

2223 5659 2350 5721 τοὺς
2395 5656 2648 5718 ἐπιόντας
2682 5656 3014 5722 ἐλπίζοντες,
3045 5659 3137 5710 καὶ
3163 5657 3236 5726 μὴ
3270 5657 3364 5726 τὴν
3404 5655 3548 5706 θείαν
3568 5664 3758 5718 συμμα-

2226 5754 2348 5822 χίαν
2381 5750 2712 5822 αἰτούμενοι.
2739 5749 2802 5803 Ui
2833 5750 2898 5820 δὴ
2922 5751 3014 5803 καί
3052 5767 3203 5821 φασι·
3227 5747 3526 5804 φοιίἁσσω
3549 5745 3610 5798 τὸ
3636 5737 3759 5807 πρωῒ

2527 5871 2571 5901 ⁵ο
2605 5868 2735 5924 ibid.
2777 5868 2860 5922 17.
2972 5870 3014 5900 ⁵¹
3079 5868 3186 5919 \‘-’
3273 5868 3358 5923 10.
3469 5856 3752 5919 "ihitl.ll.
