4020 6372
155 469 294 532 2169

1264 469 1797 532 COMMENTARII
1836 468 1913 530 IN
1957 470 2246 530 [SAL-illi.

3298 471 3440 533 2170

154 583 250 639 καί
271 584 392 650 τὴν
412 583 621 639 νύκτα.
646 584 810 650 Ἀλλ’,
824 601 841 635 ι
861 587 874 602 ‘
888 584 994 636 Εύιν
1017 584 1091 656 μὴ
1117 583 1320 654 Κύριος
1339 581 1550 655 φυλάξῃ
1573 583 1752 647 πόλιν,

1879 583 2076 639 tostilis
2099 583 2340 655 impetus
2374 584 2618 640 evitandi
2653 601 2771 656 spe,
2822 584 3176 638 Iahoratnros
3201 597 3326 639 esse
3365 587 3442 639 si-

154 679 234 740 είς
264 677 450 747 μάτην
477 678 877 748 ἡγρυπνησενό
897 677 1246 744 φυλάσσων.»
1269 677 1396 730 Ἐὰν
1422 675 1516 730 οῦν
1543 675 1751 747 βούλει,

156 768 344 839 φησιν,
382 769 710 839 ἐπικουρίαν
764 771 970 839 ζητεῖν,
1016 767 1172 840 ζήτει
1225 768 1432 840 ταύτην
1464 768 1752 840 παρ’ἐμοῦ

157 861 246 914 τοῦ
289 859 582 926 διασώζειν
618 861 918 930 ἰσχύοντος.
945 861 1056 916 Kal.
1083 863 1223 916 οἴκει
1267 861 1391 934 παρ’
1415 860 1562 930 ἐμοί.
1593 857 1754 914 Τοῦτ’

162 952 325 1015 ἔστιν,
360 951 527 1021 Ἐμὺς
583 949 697 1012 ἔσο,
750 953 845 1004 καὶ
907 951 1092 1022 φρόνει
1157 951 1312 1022 τάμὰ
1368 949 1478 1002 τῶν
1521 947 1756 1016 εἰδώλων

162 1042 456 1112 ἀφέμενος,
486 1043 624 1098 κατά
647 1043 709 1096 τό
730 1059 744 1073 ’
784 1062 801 1094 ι
841 1044 899 1097 Ὀ
930 1043 1030 1114 ἐμὲ
1053 1043 1308 1112 ἀγαπῶν,
1342 1042 1468 1112 ἐμοὶ
1523 1041 1758 1096 ἀκολου-

163 1137 340 1189 Θείτω.
376 1156 394 1187 ι
423 1135 550 1200 Καὶ,
579 1155 598 1186 ι
631 1137 808 1189 Ὅπου
843 1137 960 1206 εἰμὶ
1004 1135 1135 1205 ἐγὼ,
1160 1137 1277 1189 ἐκεῖ
1303 1137 1398 1190 καὶ
1417 1137 1445 1188 ὁ
1466 1135 1758 1198 διάκονοςὸ

162 1229 290 1298 ἐμὸς
352 1228 528 1282 ἔσται.
558 1248 577 1281 ι
616 1230 915 1283 Ἐπιόντων
947 1229 1003 1283 δέ
1043 1247 1125 1284 σοι
1177 1230 1286 1283 τῶν
1339 1229 1613 1300 πολεμίων
1653 1229 1760 1296 ἔξω

161 1323 374 1376 πόλεων
407 1321 499 1376 ἔσο
530 1323 626 1376 καὶ
655 1322 840 1388 οἴκων,
864 1323 1000 1392 ὁμοῦ
1033 1339 1093 1377 τε
1119 1325 1232 1386 τοῖς
1258 1321 1474 1392 ἀγρίοις
1511 1321 1760 1375 συναυλί-

161 1417 254 1481 ζου
309 1415 546 1488 θηρίοις.
591 1415 902 1478 ’Λποτίσεις
941 1416 1052 1486 γὰρ
1079 1416 1176 1470 τὴν
1218 1415 1342 1488 ίσην
1370 1417 1588 1487 ποινήν.
1615 1415 1758 1486 Πρου

160 1509 325 1564 τείνει
355 1527 412 1562 τε
442 1520 466 1549 ε
496 1510 680 1574 αὐτοῖς
713 1509 858 1581 ειπερ
893 1510 999 1562 ἔδει
1029 1511 1202 1563 ποιεῖν
1239 1512 1352 1574 τοῖς
1408 1509 1673 1578 φυγοῦσιν
1701 1507 1762 1573 ἐξ

174 1602 418 1672 Ἰσραήλ.
449 1601 649 1674 Ἐχρῆν
683 1602 814 1674 γὰρ,
836 1603 1021 1671 φησὶν,
1041 1603 1186 1672 ὑμᾶς
1212 1596 1256 1655 ὦ
1285 1602 1354 1655 ἐκ
1379 1603 1574 1672 Θεμὰν
1591 1602 1660 1655 ἐν
1688 1600 1760 1670 τῇ

164 1693 281 1759 ὀδῷ
303 1693 1003 1764 Δαιδάνπροαπαντῆσαι
1020 1694 1168 1762 ,τοῖς
1187 1696 1523 1764 φεύγουσιν
1541 1695 1605 1748 τὰ
1626 1695 1762 1768 πρὸς

161 1787 262 1856 τὴν
302 1786 496 1856 χρείαν
533 1787 921 1857 προτείνοντας
940 1805 954 1818 ·
978 1787 1005 1839 ὃ
1029 1789 1104 1857 μὴ
1133 1791 1461 1858 ποιήσαντες
1499 1786 1760 1840 πείσεσθε

165 1877 287 1946 μετ’
323 1878 608 1932 ἐνιαυτὸν
633 1878 702 1932 τὰ
720 1879 1023 1933 δεινότατα.
1048 1879 1184 1932 Θεοῦ
1203 1879 1311 1950 γὰρ
1330 1879 1596 1946 εἰπόντος,
1611 1880 1762 1933 ἔσται

164 1967 393 2031 πάντως
432 1968 501 2022 τὰ
547 1969 954 2040 προλεγόμενα.
999 1970 1235 2040 Ὁμοίως
1278 1969 1335 2022 δὲ
1373 1971 1614 2040 νοήσεις,
1664 1971 1759 2023 καὶ

161 2055 428 2126 διωγμῶν
485 2059 852 2128 ἐπικειμένων
895 2059 1247 2128 Ἑλληνικῶν,
1275 2061 1400 2123 τοὺς
1438 2061 1503 2113 ἐκ
1528 2059 1637 2112 τῶν
1669 2062 1758 2113 ai-

162 2147 374 2212 ρὲσεων
407 2151 522 2211 τοῖς
553 2148 689 2220 ὀρθὰ
713 2149 974 2221 φρονοῦσι
999 2149 1439 2203 συνεπιτίθεσθαι
1461 2148 1759 2212 δοκοῦντας

162 2236 307 2294 εἶναι
346 2241 738 2311 Χριστιανοὺς,
769 2241 863 2306 οὓς
890 2244 991 2296 ούκ
1035 2245 1115 2307 είς
1151 2242 1370 2315 μακρὰν
1402 2243 1436 2313 ἡ
1471 2242 1590 2296 Θεία
1634 2242 1757 2314 δίκη

164 2331 520 2403 μετέρχεται.

164 2425 270 2491 ipsi
305 2424 631 2496 patiamini.
664 2423 908 2480 Possunt
938 2435 990 2481 et
1020 2427 1137 2482 haec
1156 2426 1224 2483 de
1263 2427 1350 2481 his
1379 2426 1632 2498 intelligi,
1655 2428 1749 2497 qui
1791 2429 2053 2484 smviente
2106 2430 2162 2484 in
2215 2428 2525 2485 Ecclesium
2589 2432 3001 2502 persecutione,

1856 673 2102 744 gniﬁcat,
2137 675 2230 744 qui
2257 673 2503 730 divinum
2532 676 2801 730 auxilium
2834 692 2944 730 non
2977 683 3251 746 quaerant.
3272 676 3442 730 Aiunt

1857 769 1934 823 illi
1964 768 2496 839 quidem:Custodio
2529 786 2680 824 mane
2713 781 2761 825 et
2796 780 2970 825 nocte.
3045 771 3178 837 Sed,
3237 789 3257 822 ι
3323 769 3438 827 Nisi

1855 859 2123 916 Dominus
2154 859 2483 915 custodierit
2509 861 2816 925 civitatem,
2855 862 3064 916 frustra
3095 861 3311 931 vigilat,
3345 863 3438 932 qui

1858 954 2105 1010 custodit
2137 969 2258 1011 eam
2279 953 2347 1009 “.
2386 973 2407 1006 ι
2443 953 2498 1007 Si
2530 970 2684 1025 ergo,
2715 956 2815 1019 ait,
2842 955 3108 1009 auxilium
3153 966 3336 1024 petere
3357 965 3443 1012 est

1859 1047 2096 1107 animus.
2135 1045 2437 1116 hocipsum
2471 1060 2502 1098 a
2528 1062 2633 1110 me,
2657 1047 2752 1116 qui
2777 1061 3002 1101 servare
3048 1062 3194 1101 unus
3260 1048 3438 1108 valeo.

1860 1145 2154 1210 postulato.
2203 1140 2270 1193 Et
2320 1138 2467 1208 apud
2526 1139 2851 1200 mehabita;
2892 1137 2945 1191 id
2977 1145 3062 1192 est
3087 1153 3241 1194 meus
3295 1149 3439 1203 esto,

1863 1247 2060 1302 meque
2087 1233 2221 1301 ipse,
2249 1232 2556 1300 repudiatis
2597 1231 2786 1296 idolis,
2827 1230 3200 1300 amplectitor.
3227 1230 3441 1286 Scribi-

1860 1331 1952 1376 tur
2000 1323 2148 1376 enim
2188 1339 2202 1375 :
2243 1340 2260 1372 ι
2305 1321 2411 1387 Qui
2477 1337 2562 1375 me
2607 1321 2808 1392 diligit,
2872 1337 2960 1375 me
3011 1331 3278 1392 sequatur
3309 1322 3378 1376 ⁵⁸.
3420 1339 3440 1374 ι

1861 1413 2070 1470 Deinde
2105 1429 2118 1466 :
2183 1432 2203 1466 ι
2265 1411 2368 1468 Ubi
2408 1428 2528 1468 stitit
2560 1415 2683 1483 ego,
2745 1413 2859 1468 illic
2892 1423 2938 1467 et
2973 1414 3226 1470 minister
3290 1430 3446 1469 meus

1861 1509 1968 1561 crit
2007 1508 2076 1559 ³⁸.
2138 1525 2156 1558 ι
2193 1504 2250 1560 Si
2285 1522 2450 1576 porro
2503 1507 2556 1560 in
2585 1515 2638 1561 te
2673 1507 2867 1561 hostes
2894 1505 3136 1571 irruant,
3173 1508 3444 1576 egredere

1863 1617 1970 1655 non
2014 1600 2226 1656 uadibus
2275 1601 2474 1667 solum,
2537 1599 2632 1655 sed
2684 1600 2916 1656 urbibus
2961 1600 3154 1665 etiam,
3209 1616 3449 1669 cumque

1863 1694 2173 1764 agrestibus
2208 1693 2339 1748 feris
2373 1695 2542 1763 agito.
2584 1691 2778 1748 .Iuslas
2809 1694 2955 1746 enim
2992 1693 3274 1763 persolves
3330 1707 3450 1762 poe-

1864 1785 2478 1855 nas.Aperitveroqu:-e
2531 1783 2871 1856 fugientibus
2906 1784 3170 1840 lsraelitis
3187 1795 3451 1855 praestare

1867 1880 2148 1934 decuerat.
2182 1879 2288 1933 Vos
2318 1881 2487 1940 enim.
2535 1880 2634 1945 ait,
2703 1896 2732 1932 ο
2765 1878 3114 1943 Tltentanitw,
3160 1882 3214 1932 iu
3259 1881 3451 1932 itinere

1788 1955 1835 2012 B
1869 1964 2089 2019 Da'dam
2131 1965 2456 2036 fugientibus
2481 1968 2692 2022 obviam
2744 1969 2983 2038 prodire,
3015 1979 3069 2022 et
3105 1984 3194 2032 ea,
3244 1969 3451 2037 quibus

1863 2060 2112 2131 egebant,
2163 2060 2362 2116 oﬂcrre
2420 2062 2701 2131 oportuit;
2735 2063 2882 2133 quod
2934 2063 3301 2118 humanitatis
3333 2061 3451 2116 offi-

1861 2153 2008 2207 cium
2037 2170 2162 2208 cum
2192 2169 2224 2208 a
2251 2155 2408 2211 vobis
2431 2156 2739 2225 neglectum
2787 2157 2882 2220 sit,
2919 2173 3027 2210 non
3061 2156 3288 2210 dubiutn
3343 2165 3450 2221 est,

1863 2247 1995 2316 quin
2039 2263 2177 2300 anno
2207 2259 2610 2318 consequente,
2642 2248 2866 2320 quando
2899 2250 3100 2304 divinae
3124 2249 3442 2318 praedictio-

1875 2337 1959 2391 nis
1986 2347 2172 2393 manet
2207 2338 2521 2394 indubitata
2561 2340 2717 2403 ﬁdes,
2758 2340 2959 2394 damna
3002 2339 3330 2410 gravissima
3396 2345 3452 2392 et

3094 2430 3224 2484 dum
3291 2429 3454 2484 Chri-

163 2518 387 2573 stianos
446 2533 570 2574 esse
627 2535 687 2574 se
752 2519 1040 2583 simulant,
1075 2528 1223 2575 recte
1267 2520 1574 2577 sentientes
1638 2535 1764 2581 cum
1809 2521 2080 2579 haereticis
2157 2533 2500 2596 oppugnant,
2570 2539 2808 2594 quorum
2874 2523 3138 2593 ﬂagitium
3200 2539 3306 2577 non
3359 2522 3455 2577 diu

164 2621 362 2685 postea
383 2613 586 2668 divinae
601 2611 836 2685 justitia:
867 2614 1110 2669 vindicta
1157 2617 1342 2670 ultura
1369 2625 1474 2671 est.

773 2706 1024 2760 ΚΕΦΑΛ.
1051 2707 1179 2760 KB’.

369 2800 452 2853 T0
486 2800 735 2853 OPAMA
761 2801 915 2852 ΓΗΣ
945 2801 1340 2854 ΦΑΡΑΓΓΟΣ
1364 2803 1552 2858 ΣΙΩΝ.

231 2889 391 2942 ιιι-ιδ’.
424 2889 488 2942 Τί
526 2888 765 2957 ἐγένετό
812 2907 934 2953 σοι,
1002 2889 1092 2944 ὅτι
1119 2891 1238 2945 νῦν
1263 2891 1514 2959 cit-Mnes
1542 2890 1766 2957 πάντες

163 2985 253 3048 εις
268 2981 514 3051 δώματα
523 2982 744 3051 μάταια
758 2999 776 3046 ;
795 2983 1182 3051 Ἐνεπλήσθη
1201 2983 1238 3050 ἡ
1261 2986 1442 3050 πόλις
1453 2984 1759 3048 βοώντων.

159 3079 224 3129 Οἱ
250 3075 608 3145 τραυματίαι
651 3092 770 3130 σου
792 3115 806 3142 ,
839 3079 912 3132 οὐ
935 3079 1283 3146 τραυματίαι
1323 3077 1394 3130 ἐν
1417 3078 1765 3148 μαχαίραις.

167 3165 328 3222 οὐδὲ
343 3168 400 3220 οἱ
431 3166 634 3236 νεκροί
662 3182 800 3232 σου,
831 3167 1032 3233 νεκροὶ
1053 3167 1342 3236 πολέμου,
1376 3185 1431 3222 κ.
1457 3185 1508 3222 τ.
1539 3167 1592 3221 λ.

243 3257 786 3331 Είδωλολατροῦντες
868 3260 1000 3323 ῐσως
1064 3261 1125 3313 ἐν
1179 3259 1260 3330 τῷ
1319 3259 1500 3314 δοκεῖν
1552 3261 1770 3324 ἑαυτοῖς

169 3352 619 3424 ἐπιγραφόμενοι
633 3353 726 3406 τὸν
757 3353 888 3406 Θεὸν
911 3352 1178 3406 ἀνάλωτοι
1203 3353 1476 3424 διαμένειν
1492 3353 1766 3424 ἐνόμιζον.

2476 2702 2633 2757 CAP.
2674 2699 2843 2756 XXII.

2174 2793 2339 2866 285
2387 2791 2584 2848 VISIO
2639 2790 2900 2846 VALLIS
2937 2789 3146 2846 SION.

1947 2889 2112 2945 Vsus.
2160 2887 2312 2942 I-M.
2347 2885 2490 2952 Quid
2524 2886 2726 2954 factum
2765 2893 2843 2937 est
2885 2883 3002 2941 tibi.
3036 2883 3289 2952 quoniam
3318 2899 3458 2936 nunc

1873 2984 2192 3041 ascendistia
2247 2998 2428 3038 omnes
2455 2981 2511 3034 in
2550 2989 2691 3034 tecta
2721 2995 2862 3032 vana
2887 2978 2912 3031 Σ)
2944 2976 3113 3030 Plena
3135 2985 3214 3031 est
3267 2977 3458 3030 ciuitas

1874 3077 2231 3133 clamantibus
2299 3073 2580 3129 Vulnerati
2621 3073 2702 3126 tui
2740 3087 2846 3125 non
2911 3070 3175 3124 vulnerati
3238 3068 3458 3140 gladiis,

1874 3189 2035 3244 neque
2067 3171 2263 3225 mortui
2287 3170 2386 3232 tui,
2409 3167 2608 3222 mortui
2641 3165 2798 3230 bello,
2830 3172 2937 3220 etc.

1944 3266 2112 3337 286
2137 3265 2240 3330 Qui
2275 3264 2420 3318 idola
2446 3260 2726 3320 colebant,
2757 3273 2824 3311 eo
2856 3274 2915 3312 se
2943 3256 3130 3311 forsan
3164 3269 3462 3310 mansuros

1875 3356 2330 3428 inexpugnabiles
2383 3351 2833 3418 arbitrabantur,
2909 3349 3058 3420 quod
3123 3349 3228 3404 sibi
3288 3351 3460 3402 Deum

166 3446 380 3516 Διόπερ
421 3445 558 3514 φησι
590 3444 720 3515 περὶ
749 3445 849 3515 τῆς
878 3444 1238 3515 Ἰερουσαλὴμ.
1267 3444 1357 3498 διὰ
1389 3447 1574 3516 φωνῆς
1610 3448 1768 3517 Ἰερε-

1875 3451 2152 3508 ascribere
2203 3449 2558 3504 videbantur.
2593 3445 2834 3514 Ideoque
2886 3443 2956 3498 de
3005 3441 3315 3498 Jerusalem
3380 3443 3462 3496 sic

172 3538 303 3610 μίου
338 3537 477 3609 πρὸς
500 3538 697 3601 αὐτούς
716 3555 732 3569 ν
771 3557 788 3589 ι
819 3538 930 3590 Καὶ
960 3539 1034 3608 μὴ
1065 3536 1254 3604 λέγετε
1294 3538 1377 3592 ὅτι
1407 3539 1532 3602 ναὸς
1561 3540 1766 3609 Κυρίου

171 3631 353 3695 ἐστὶν,
389 3631 472 3684 ὃτι
500 3631 594 3684 ἐὰν
629 3631 704 3702 μὴ
745 3630 1089 3701 διορθοῦντες
1120 3629 1455 3702 διορθὼσητε
1485 3631 1584 3695 τὰς
1618 3631 1772 3694 ὀδοὺς

173 3722 358 3790 ὑμῶν,
395 3724 493 3776 καὶ
519 3721 590 3776 τά
617 3722 1031 3793 ἐπιτηδεύματα
1078 3722 1256 3791 ὑμῶν,
1311 3725 1405 3777 καὶ
1463 3723 1623 3778 δώσω
1681 3724 1773 3776 τὸν

174 3812 326 3871 οἷκον
386 3813 578 3868 τοῦτον
615 3815 806 3886 ὥσπερ
855 3815 1075 3887 Σηλώμ..
1105 3837 1124 3869 ι
1157 3816 1295 3886 Περὶ
1328 3817 1386 3870 δέ
1426 3815 1638 3870 τούτων
1679 3817 1775 3870 καὶ

175 3909 268 3963 διὰ
311 3907 567 3978 Μιχαίου
601 3908 793 3978 φησίνο
850 3928 868 3961 ι
891 3911 952 3962 0i.
977 3907 1274 3980 ἡγούμενοι
1303 3909 1475 3980 αὐτῆς
1505 3908 1643 3979 μετά
1669 3907 1772 3960 δώ-

179 4021 293 4074 ρων
327 4001 567 4072 ἔκρινον.
603 4003 712 4055 Καὶ
739 4001 787 4054 οἱ
831 4002 996 4072 ἱερεῖς
1028 4001 1200 4070 αὐτῆς
1233 4001 1374 4071 μετὰ
1425 4001 1620 4072 μισθοῦ
1669 4003 1776 4056 ἀπ-

179 4095 490 4166 εκρίνοντο.
520 4095 630 4148 Καὶ
671 4096 720 4147 οἱ
752 4095 1035 4165 προφῆται
1087 4096 1261 4165 αὐτῆς
1312 4096 1452 4166 μετά
1507 4096 1776 4167 ἀργυρίου

179 4191 568 4261 ἐμαντεύοντο,
603 4192 696 4244 καὶ
720 4191 816 4243 ἐπὶ
845 4189 936 4243 τὸν
978 4189 1184 4259 Κύριον
1243 4188 1656 4243 ἐπανεπαύοντο
1686 4189 1777 4243 λέ-

180 4301 392 4352 γοντες’
429 4283 569 4354 Οὐχὶ
617 4284 825 4353 Κύριος
859 4285 920 4335 ἐν
950 4285 1083 4353 ἡμῖν
1141 4284 1328 4348 ἐστιν;
1359 4283 1434 4335 Ού
1471 4283 1547 4354 μὴ
1571 4281 1775 4353 ἐπέλθῃ

181 4379 266 4446 ἐφ’
301 4378 458 4448 ἡμᾶς
500 4377 668 4431 κακά’
699 4397 718 4428 ι
754 4377 850 4430 καὶ
883 4375 952 4430 τά
979 4377 1120 4447 μετά
1149 4375 1344 4432 ταῦτα.
1393 4377 1484 4430 Διὸ
1542 4377 1636 4430 καὶ
1683 4375 1780 4430 νῦν

182 4469 642 4542 είδωλολατροῦσι
665 4469 926 4540 προλέγει
970 4469 1106 4532 Θεὸς
1139 4471 1326 4533 αὐτοῖς
1343 4469 1442 4540 τὴν
1477 4470 1779 4540 μέλλουσαν

182 4565 387 4618 ἅλωσιν
438 4563 549 4616 ὑπὸ
587 4563 696 4616 τῶν
731 4562 1038 4632 Ἀσσυρίων
1082 4562 1332 4631 Ἰεχονίου
1378 4561 1776 4632 βασιλεύοντος.

181 4648 314 4722 Ἦς,
341 4656 421 4720 ὡς
439 4657 637 4720 εἰπεῖν,
655 4655 960 4726 όρωμένης,
981 4657 1098 4710 δέον
1115 4658 1180 4709 ἐκ
1207 4656 1498 4726 μετανοίας
1524 4655 1781 4724 ἐπιστρέ-

182 4765 307 4818 φειν
344 4749 443 4802 ἐπὶ
461 4747 616 4812 Θεὸν,
644 4751 820 4801 ποιεῖν
833 4766 892 4802 τε
920 4749 1098 4803 πάντα
1127 4751 1225 4803 ὅσα
1261 4747 1512 4818 Μιχαίας
1542 4744 1776 4812 ἐπέταξε

1875 3563 1971 3600 eos
2023 3543 2275 3599 Ieremia:
2320 3557 2452 3595 voce
2503 3538 2806 3607 alloquitur
2837 3553 2852 3590 ε
2889 3555 2908 3588 ι
2939 3536 3022 3590 Ne
3068 3534 3203 3588 mihi
3262 3535 3464 3589 dicatis

1876 3639 2136 3711 quoniam
2169 3636 2429 3707 templum
2452 3642 2538 3689 est
2569 3631 2820 3686 Domini:
2869 3628 3323 3699 quandoquidem
3358 3627 3463 3680 nisi

1878 3738 2032 3786 recto
2083 3728 2282 3782 itinere
2342 3724 2398 3778 in
2448 3721 2650 3776 studiis
2690 3719 2892 3775 vestris
2927 3717 3244 3779 ambuletis,
3297 3717 3462 3771 etiam

1877 3832 2118 3879 vestram
2156 3819 2299 3874 hanc
2321 3817 2570 3879 domum,
2601 3825 2864 3884 tanquam
2896 3811 3011 3868 Silo
3044 3808 3459 3866 reddidero'h

1882 3915 1954 3970 De
1970 3915 2056 3970 his
2089 3913 2218 3968 item
2254 3912 2335 3966 sic
2359 3919 2412 3962 et
2443 3907 2586 3978 apud
2641 3905 2925 3961 Micbteam
2968 3922 2983 3960 :
3053 3922 3072 3955 ι
3135 3903 3312 3958 Duces
3342 3903 3465 3972 ejus

1881 4001 2126 4073 acceptis
2154 3998 2479 4055 muneribus
2535 3995 2896 4067 judicabant;
2953 3991 3273 4049 sacerdotes
3322 4008 3466 4046 non-

1883 4096 1991 4151 nisi
2067 4092 2350 4165 proposita
2385 4087 2644 4143 mercede
2699 4083 3150 4156 respondebant;
3181 4081 3466 4152 propheta:

1882 4191 1989 4261 ipsi
2014 4197 2245 4260 argento
2276 4184 2526 4252 corrupti
2553 4179 3028 4241 vaticinabantur,
3058 4186 3112 4231 et
3141 4176 3197 4229 in
3233 4173 3468 4228 Domino

1883 4281 2306 4354 requiescebant
2321 4279 2571 4334 dicentes
2607 4274 2844 4328 :Annon
2871 4281 2955 4327 est
2992 4271 3046 4324 in
3099 4269 3261 4323 nobis
3290 4267 3470 4320 Domi-

1883 4376 2026 4433 nus?
2085 4387 2438 4444 nequaquam
2479 4371 2533 4423 in
2570 4383 2674 4422 nos
2725 4364 3027 4420 ceciderint
3057 4362 3200 4416 mala
3222 4361 3298 4424 '3;
3329 4379 3348 4412 ι
3413 4366 3470 4412 et

1883 4487 2005 4543 qua:
2043 4476 2230 4540 postea
2259 4471 2587 4535 sequuntur.
2624 4459 2768 4514 Hinc
2796 4468 2878 4512 est
2910 4457 3096 4526 igitur,
3135 4454 3282 4524 quod
3312 4466 3466 4506 nunc

1887 4564 2032 4619 idola
2061 4559 2372 4616 colentibus
2403 4558 2614 4610 instare
2646 4567 2742 4621 per
2777 4551 3040 4620 Assyrios
3074 4547 3179 4603 sub
3201 4543 3469 4628 :Iechonia

1884 4655 2250 4724 direptionem
2282 4645 2866 4717 expugnationemque
2894 4639 3144 4710 praedicit
3176 4636 3466 4690 Dominus.

1885 4749 2056 4817 Cujus
2087 4741 2380 4805 admoniti,
2415 4754 2540 4792 cum
2569 4751 2724 4792 verso
2755 4734 2821 4788 ad
2863 4733 3030 4786 Deum
3074 4731 3260 4784 animo
3293 4728 3470 4797 putui-

181 4842 380 4910 λὲγων·
411 4858 432 4892 ι
480 4841 774 4908 Ἀγιάσατε
799 4842 1074 4913 νηστείαν,
1103 4841 1375 4910 κηρύξατε
1402 4833 1716 4909 Θεραπείαν,
1757 4859 1768 4891 ι

1889 4806 2024 4906 tere,
2051 4850 2224 4904 eaque
2242 4832 2425 4887 omnia
2465 4843 2588 4899 qua:
2612 4826 2863 4895 pra-cipit
2896 4823 3179 4887 Michwas,
3213 4820 3468 4888 exsequi,

183 4935 279 4988 καὶ
295 4933 366 4986 τὰ
377 4934 472 4988 ἐπὶ
487 4933 922 4998 τούτοις.Ταῦτα
947 4935 1044 5005 μὲν
1063 4935 1165 4987 οὐκ
1188 4935 1432 4998 ἐποίουν,
1449 4934 1555 4986 ἀπὸ
1576 4934 1632 4986 δὲ
1663 4932 1783 4986 τῶν

183 5025 504 5094 δογμάτων
524 5026 1008 5098 περισκοποῦντες,
1026 5028 1153 5087 τοὺς
1179 5027 1471 5100 πολεμίους
1489 5027 1784 5097 ὠδύροντο,

185 5116 327 5184 ὅπερ
355 5117 606 5187 ὑπῆρχεν
629 5103 912 5186 ἀνόνητον.
960 5118 1438 5190 Προετεονήκεσαν
1467 5119 1523 5171 δὲ
1549 5121 1644 5170 καὶ
1678 5118 1785 5188 πρὸ

189 5210 376 5280 μάχης
401 5211 574 5280 φόϐῳ,
631 5213 854 5265 κατὰτὸ
887 5213 1056 5279 εἰκὸς,
1093 5215 1187 5266 καὶ
1232 5212 1399 5282 λιμῷ,
1454 5212 1550 5265 καὶ
1579 5214 1644 5282 τῇ
1677 5212 1784 5264 τῶν

190 5302 406 5355 ὑδάτων
429 5304 630 5376 ἐνδείᾳ.
668 5305 903 5371 Εἰκότως
939 5306 1046 5377 ἄρα
1067 5306 1232 5376 φησὶν
1262 5305 1290 5356 ὁ
1317 5304 1504 5357 Δαϐίδο
1538 5323 1555 5354 ι
1582 5305 1777 5374 Κύριε,

191 5398 219 5448 ὁ
239 5395 375 5457 Θεὸς
401 5395 511 5450 τῶν
538 5397 846 5466 δυνάμεων,
886 5400 1153 5469 μακάριος
1177 5397 1463 5466 ἄνθρωπος
1489 5399 1516 5449 ὁ
1545 5395 1781 5459 ἐλπίζων

193 5488 288 5541 ἐπὶ
313 5489 394 5542 σέ.
423 5508 442 5541 ι
475 5490 752 5561 Φάραγγα
783 5492 838 5545 δέ
866 5491 1022 5545 Σιὼν
1066 5490 1325 5560 ὀνομάζει
1368 5491 1468 5558 τὴν
1507 5490 1779 5557 Ἰερουσα-

193 5581 326 5654 λὴμ,
347 5583 426 5647 ὡς
459 5585 828 5656 ὑποκειμένην
864 5588 986 5649 ταῖς
1022 5583 1324 5655 ὑπωρείαις
1356 5581 1528 5636 Σιών.
1565 5580 1781 5651 Ταύτης

296 5699 716 5768 “Psal.cxxvr,
757 5703 802 5755 Ι.
883 5699 1118 5757 ⁸³.1‹)ιιιι.
1176 5716 1275 5762 xu,
1317 5697 1409 5752 ‘26.
1523 5698 1570 5730 ⁵⁸
1601 5695 1733 5752 ibid.

197 5785 430 5833 tuitui,
464 5771 552 5825 15.

1833 5690 2116 5748 "Jerem.
2176 5707 2248 5756 vr,
2305 5689 2360 5755 4,
2416 5689 2504 5744 Μ.

1887 4935 1939 4989 id
1959 4938 2044 4988 est
2068 4928 2339 5000 jejunium
2366 4923 2732 4985 sanctificare,
2768 4935 2955 4973 verum
3009 4918 3216 4972 cultum
3253 4931 3471 4969 annun-

1886 5026 2046 5087 tiare,
2067 5028 2376 5086 caeteraque
2403 5015 2534 5075 alia,
2566 5029 2687 5084 qua:
2704 5021 3038 5082 sequuntur,
3083 5020 3346 5078 prmstarc
3376 5008 3470 5062 de.

1889 5114 2173 5176 huissent;
2208 5109 2274 5162 iis
2304 5107 2592 5178 neglectis,
2618 5103 2762 5173 quod
2794 5103 3002 5156 nullius
3037 5108 3156 5155 erat
3182 5099 3466 5162 utilitatis,

1890 5209 2077 5263 hostes
2123 5224 2150 5260 ε
2179 5205 2329 5260 tectis
2362 5205 2574 5258 circum
2614 5215 2673 5254 se
2720 5198 2931 5263 intuiti,
2997 5195 3464 5249 lamentabantm'.

1893 5300 1998 5353 Par
2023 5306 2308 5352 estautem
2346 5302 2518 5356 metu,
2569 5292 2847 5359 fameque,
2907 5296 2962 5342 et
2996 5288 3110 5351 siti,
3147 5285 3470 5354 priusquam

1889 5391 1955 5443 ad
1984 5403 2220 5459 pugnam
2253 5397 2474 5440 ventum
2508 5394 2676 5445 esset,
2719 5382 2971 5452 periisse.
3034 5379 3222 5447 Itaque
3281 5375 3472 5428 rectis-

1891 5483 2081 5538 simea
2116 5480 2314 5535 Itavide
2335 5478 2543 5532 dictum
2568 5493 2686 5531 esse
2710 5476 2943 5547 legimus
2982 5488 2995 5524 :
3066 5470 3296 5524 llontine
3326 5467 3473 5523 Deus

1891 5576 2253 5641 exercituum,
2325 5573 2521 5628 beattts
2561 5571 2724 5624 homo
2784 5570 2876 5637 qui
2933 5575 3138 5636 sperat,
3173 5564 3229 5618 in
3261 5570 3315 5617 te
3339 5561 3405 5616 δ’.
3447 5581 3466 5614 ι

2616 5687 2662 5721 ⁵⁸
2701 5683 2864 5740 Mirh.
2912 5699 2992 5748 ιιι,
3041 5683 3125 5735 Η.
3223 5679 3268 5713 ⁸⁸
3321 5676 3470 5734 I’sal.

1506 5863 1735 5921 VARIA‘I
1777 5851 2173 5916 LICC'I'IONISS.

272 5968 293 5994 ε
322 5956 408 6014 ῐσ.
431 5975 518 6020 γρ.
541 5958 620 6014 δέ.
