4020 6372
541 439 678 502 2171

1829 441 2179 504 PROCOPII
2239 442 2486 503 GAZAEI

3681 435 3804 502 2m

553 552 758 608 Vallem
781 561 965 612 autem
993 554 1116 612 ideo
1143 554 1516 628 Hierosolyma
1569 554 1842 623 nominat,
1864 555 2012 626 quod
2057 554 2122 610 ad

2245 555 2285 608 is
2337 555 2481 622 τοὺς
2538 554 2838 625 ἄρχοντας
2893 552 3255 625 πεφευγέναι
3303 567 3512 623 φησιν·
3563 552 3802 614 ἐπιόντων

546 647 730 704 Sirmio
762 647 976 706 radices
998 648 1104 705 sita
1132 649 1263 705 sint.
1297 648 1550 704 Civitatis
1602 647 1803 704 deinde
1861 649 2125 717 principes

548 743 618 796 oh
649 741 704 796 id
735 742 938 813 fugisse
966 742 1125 808 dicit,
1162 742 1307 812 quod
1342 741 1681 796 irruentibus
1741 741 1925 795 statim
1951 741 2129 795 hosti-

551 835 674 899 lms,
711 850 835 888 cum
875 835 1095 889 humani
1121 833 1314 889 auxilii
1341 849 1491 904 spem
1537 847 1756 887 omnem
1789 832 2128 894 amisissent,

549 927 716 982 veluti
740 928 832 998 qui
861 928 930 983 de
958 929 1080 982 navi
1107 935 1374 998 pereunte
1396 927 1449 980 in
1475 926 1610 979 mari
1655 923 1944 985 exsiliunt,
2002 922 2132 978 civi-

551 1022 683 1076 tatis
715 1022 990 1091 primores
1014 1022 1150 1075 urbe
1181 1021 1457 1074 exierunt.
1489 1018 1697 1088 Adjicit
1731 1024 1996 1087 praeterea
2017 1017 2134 1072 vin-

550 1123 664 1167 etas
723 1113 889 1182 fuisse
928 1113 1019 1182 qui
1081 1111 1223 1182 capti
1271 1117 1466 1165 essent.
1523 1108 1671 1180 Rege
1703 1109 1850 1164 enim
1903 1106 2132 1164 Sedecia

552 1206 716 1276 287
737 1220 862 1260 cum
884 1204 1072 1260 liberis
1095 1212 1256 1273 capto
1281 1243 1296 1269 ,
1326 1203 1493 1258 hosce
1514 1202 1734 1273 quidem
1760 1201 2132 1268 trucidarunt,

554 1306 765 1367 patrem
817 1304 998 1350 autem
1030 1293 1247 1350 ell'ossis
1289 1293 1465 1348 oculis
1524 1308 1711 1348 secum
1765 1291 2132 1357 abduxerunt,

557 1387 652 1458 qui
681 1386 890 1442 viribus
916 1387 1043 1442 olim
1068 1386 1311 1442 conlisus
1344 1385 1529 1441 fuerat
1554 1385 1602 1417 ⁸ο
1627 1425 1642 1449 ,
1674 1399 1852 1454 neque
1878 1383 2093 1440 dixerat
2117 1403 2133 1442 :

564 1497 584 1532 ι
627 1477 748 1534 Non
799 1481 853 1534 in
894 1494 1025 1532 arcu
1076 1493 1198 1534 meo
1229 1478 1504 1549 sperabo,
1565 1492 1666 1532 nec
1723 1478 1941 1549 gladius
1980 1493 2137 1533 meus

559 1573 800 1628 servabit
849 1589 937 1628 me
959 1575 1034 1640 ⁶¹;
1085 1592 1104 1625 ι
1161 1582 1219 1627 ιιι
1251 1581 1305 1628 et
1346 1573 1452 1628 ista
1507 1572 1766 1626 tandem:
1821 1589 1840 1623 ι
1898 1569 2135 1626 Salvasti

564 1679 664 1720 nos
695 1665 762 1720 de
786 1665 1154 1738 amigentibus
1196 1682 1317 1733 nos,
1358 1673 1412 1721 et
1441 1666 1688 1721 odientcs
1735 1679 1835 1720 nos
1883 1663 2138 1719 confudi-

563 1755 636 1811 sti
661 1756 742 1821 “,
779 1775 798 1808 ι
840 1768 1028 1827 posset
1062 1773 1348 1828 usurpare.

631 1849 812 1920 Atque
860 1849 989 1905 hinc
1045 1858 1130 1905 est
1175 1849 1323 1920 quod
1373 1849 1734 1905 insolabiliter
1789 1848 1972 1920 gentis
2023 1862 2139 1903 suae

564 1941 936 1996 calamitatem
967 1941 1166 1997 deﬂere
1193 1957 1251 1998 se
1279 1943 1540 2011 propheta
1574 1942 1845 2014 signiﬁcat
1871 1959 1883 1996 :
1915 1940 2136 1995 Manum

564 2033 706 2087 enim
745 2034 1007 2088 excelsam
1048 2036 1165 2105 quis
1221 2037 1456 2090 avertet?
1495 2034 1555 2091 Si
1607 2051 1832 2104 namque
1891 2039 2139 2090 adversus

565 2128 828 2184 hominem
861 2130 1134 2194 clauserit,
1174 2131 1292 2193 quis
1323 2131 1566 2199 aperiet?
1605 2129 1812 2186 Deinde
1861 2129 2004 2200 quod
2051 2145 2137 2184 se-

567 2220 756 2290 quitur
787 2237 802 2274 :
834 2216 1034 2273 Errant
1066 2221 1122 2272 in
1152 2219 1453 2284 montibus;
1479 2219 1564 2275 vel
1597 2217 1867 2290 fugientes
1893 2216 2140 2280 inducit;

566 2311 650 2366 vel
703 2320 872 2376 certe,
935 2311 1083 2381 quod
1133 2311 1199 2364 ad
1244 2326 1502 2379 proceras
1533 2320 1587 2365 et
1645 2326 1846 2381 opacas
1916 2310 2142 2363 arbores

569 2402 754 2460 facere
784 2413 1213 2470 consueverant,
1246 2405 1483 2459 excelsis
1515 2405 1654 2459 locis
1697 2415 1750 2459 et
1780 2404 1946 2459 editis
1979 2403 2144 2457 falsos

569 2497 704 2552 deos
763 2497 1023 2552 adorasse
1095 2497 1388 2566 signiﬁcat.
1465 2495 1918 2564 Quandoquidem
1997 2493 2143 2550 enim

570 2587 738 2644 Deum
761 2591 1088 2644 exercituum
1116 2590 1226 2645 illis
1270 2589 1547 2644 interitum
1599 2589 1776 2644 moliri
1805 2589 1966 2656 dixit,
2026 2588 2148 2658 ejus

569 2680 649 2734 rei
683 2694 904 2735 causam
958 2680 1147 2742 etiam,
1175 2691 1248 2734 ne
1287 2688 1494 2734 temere
1540 2677 1594 2733 id
1651 2679 1849 2733 fecisse
1895 2677 2148 2732 videatur

571 2771 770 2826 merito
823 2770 1052 2826 addidit.
1115 2769 1306 2840 Itaque
1355 2768 1496 2838 apud
1547 2767 1843 2824 Jeremiam
1895 2771 1975 2824 sic
2017 2770 2151 2838 legi-

2230 646 2341 716 γὰρ
2373 647 2476 717 ἤδη
2526 645 2636 701 τῶν
2667 646 2947 718 πολεμίων
2985 647 3168 700 πᾶσαν
3200 645 3471 716 βοήθειαν
3498 643 3801 713 ἀπογνόντες

2231 735 2598 809 ἀνθρωπίνην,
2648 735 2973 808 ἀπέδρασαν
2996 736 3047 790 oi
3071 734 3280 806 πρῶτοι
3336 733 3449 804 τῆς
3502 735 3807 806 πόλεως,ὡς

2230 829 2295 902 δὴ
2307 831 2434 902 νηὸς
2451 829 2860 901 βαπτιζομένης
2876 827 3356 899 ἀποπηδήσαντες.
3399 825 3554 892 Τοὺς
3567 826 3621 880 δέ
3644 826 3802 883 ἀλόγ-

2232 941 2341 988 τας
2361 921 2643 978 δεδέσθαι
2675 921 2811 992 φησί
2833 938 2847 953 ·
2869 920 2974 974 Τὸν
3001 920 3111 991 γὰρ
3131 919 3400 973 Σεδεκίαν
3423 917 3548 988 ἅμα
3567 921 3676 982 τοῖς
3693 935 3805 973 παι-

2235 1014 2288 1066 σὶ
2317 1012 2673 1076 συλλαϐόντες
2704 1009 3125 1079 οίΒαϐυλώνιοι,
3185 1011 3313 1074 τοὺς
3346 1009 3454 1081 μέν
3476 1009 3801 1081 ἀπέσφαξαν,

2232 1106 2324 1158 τὸν
2355 1105 2411 1158 δὲ
2435 1105 2544 1158 τῶν
2565 1105 2828 1176 ὀμμάτων
2851 1103 3190 1173 ἐκκόψαντες
3217 1100 3586 1172 ἀπεκόμισαν
3635 1105 3697 1174 τῇ
3726 1103 3805 1156 δν-

2235 1201 2397 1270 νάμει
2427 1199 2595 1254 πάλαι
2619 1199 2996 1272 θαρρήσαντα,
3052 1196 3149 1252 καὶ
3180 1196 3464 1269 μηδαμῶς
3493 1197 3670 1250 εἰπεῖν
3698 1198 3805 1251 ἀνα-

2238 1293 2518 1364 σχόμενον,
2550 1310 2569 1343 ι
2602 1293 2715 1346 Οὐκ
2746 1293 2839 1346 ἐπὶ
2866 1292 2944 1362 τῷ
2963 1291 3103 1362 τόξῳ
3137 1309 3238 1362 μου
3267 1289 3472 1362 ἐλπιῷ,
3525 1290 3622 1344 καὶ⁵
3643 1292 3676 1360 ἡ
3696 1291 3806 1362 ρομ-
3848 1323 3850 1330 ι

2238 1387 2373 1456 φαία
2399 1403 2500 1457 μου
2526 1386 2588 1440 ού
2620 1386 2784 1440 σώσει
2813 1403 2879 1456 με
2899 1403 2913 1418 ·
2945 1406 2964 1440 ι
2998 1387 3085 1441 ἵνα
3108 1386 3205 1440 καὶ
3233 1384 3452 1449 λέξειεν
3482 1399 3497 1412 ο
3527 1401 3548 1436 ι
3579 1383 3806 1448 Ἐσωσας

2237 1478 2346 1547 γὰρ
2373 1479 2522 1549 ἡμᾶς
2544 1480 2609 1532 ἐκ
2640 1478 2749 1538 τῶν
2780 1477 3071 1535 θλιϐόντων
3093 1480 3266 1551 ἡμᾶς,
3309 1477 3414 1532 καὶ
3443 1476 3576 1541 τοὺς
3610 1475 3811 1547 μισοῦν-

2237 1584 2339 1632 τας
2367 1568 2512 1638 ἡμᾶς
2542 1567 2913 1640 κατῄσχυνας.

2310 1835 2388 1889 Δι’
2406 1825 2551 1905 ὅπερ
2603 1830 2992 1904 ἀπαράκλητον
3044 1830 3189 1900 ἔχειν
3249 1829 3459 1894 πένθος
3489 1829 3519 1882 ὁ
3545 1832 3808 1901 προφήτης

2174 1903 2214 1956 Β
2242 1932 2376 2003 φησὶ
2399 1930 2458 1984 τὸ
2509 1903 2665 1998 γένος
2717 1903 3140 1995 δλοφυρόμενος·
3182 1922 3304 1992 Τὴν
3353 1925 3474 1994 γὰρ
3521 1923 3685 1993 χεῖρα
3707 1923 3807 1993 τὴν

2241 2021 2496 2093 ὑψηλὴν
2525 2021 2616 2087 τίς
2635 2016 3001 2086 ἀποστρέψει
3033 2034 3051 2080 ;
3093 2016 3228 2071 Ἐὰν
3253 2015 3368 2086 γὰρ
3416 2017 3636 2085 κλείσῃ
3681 2019 3806 2072 κατὰ

2241 2116 2557 2186 ἀνθρώπου
2574 2116 2666 2182 τίς
2686 2111 2952 2177 ἀνοίξει;
2985 2107 3119 2165 Εἶτά
3149 2127 3306 2182 φησι·
3334 2109 3688 2165 Πλανῶνται
3713 2112 3808 2166 ἀνὰ

2242 2213 2315 2268 τὰ
2329 2211 2460 2280 ὅρη,
2485 2210 2518 2281 ἢ
2543 2210 2854 2280 φεύγοντες,
2881 2208 2958 2271 ὡς
2983 2207 3268 2278 ἐλέγομεν,
3301 2206 3336 2277 ἢ
3365 2207 3427 2259 ὲν
3459 2204 3678 2276 ὑψηλοῖς
3702 2207 3806 2271 τοὺς

2241 2303 2628 2375 ψευδωνύμους
2659 2300 2816 2363 θεοὺς
2841 2299 3202 2361 ἱκετεύοντες·
3229 2300 3374 2370 ὅπερ
3401 2294 3473 2368 ἦν
3506 2297 3626 2360 ἔθος
3653 2297 3808 2360 αὐτοῖς

2244 2394 2612 2468 παρὰδένδρα
2647 2392 2857 2463 μεγάλα
2898 2393 3096 2445 ποιεῖν.
3166 2391 3323 2444 Ἐπεὶ
3382 2389 3498 2461 γὰρ
3554 2388 3654 2459 ἔφη
3714 2388 3807 2456 τήν·

2243 2484 2548 2541 ἀπώλειαν
2574 2482 2735 2552 παρὰ
2758 2483 2979 2551 Κυρίου
3021 2481 3266 2538 Σαϐαὼθ
3320 2478 3701 2550 ἐπιφέρεσθαι,
3729 2480 3810 2532 καὶ

2243 2578 2343 2651 τὴν
2399 2578 2577 2633 αἰτίαν
2620 2576 2842 2640 εἰκότως
2878 2577 3204 2646 ἐπήνεγκεν,
3229 2574 3306 2636 ὡς
3327 2572 3397 2625 ἂν
3431 2572 3557 2642 είκῆ
3585 2569 3709 2633 Θεὸς
3735 2572 3800 2640 μὴ

2244 2672 2608 2743 τιμωρεῖσθαι
2639 2665 2935 2740 νομίζοιτο.
2974 2666 3068 2720 Διό
3095 2681 3260 2734 φησιν
3297 2663 3598 2734 Ἱερεμίας·
3635 2682 3652 2714 ι
3675 2658 3804 2724 Εἶδες

2247 2763 2283 2820 ὃ.
2305 2763 2562 2834 ἐποίησέν
2614 2779 2706 2832 μοι
2732 2763 2766 2831 ἡ
2795 2759 3048 2814 κατοικία
3110 2757 3202 2812 τοῦ
3243 2756 3475 2827 Ἰσραήλ
3502 2756 3802 2825 ;⁹Επορεύθη

573 2879 700 2918 nius
733 2881 748 2919 :
783 2880 803 2914 ι
842 2860 1009 2918 Vides
1041 2877 1161 2932 qum
1193 2859 1320 2914 fecit
1350 2859 1486 2912 mihi
1533 2858 1730 2914 domus
1768 2856 1976 2914 Israel?
2004 2860 2146 2914 Abiit

2250 2855 2343 2908 ἐπὶ
2398 2855 2506 2908 πᾶν
2524 2853 2649 2924 ὅρος
2677 2849 2900 2922 ὑψηλὸν,
2929 2849 3025 2903 καὶ
3057 2848 3148 2902 ἐπί
3178 2847 3360 2901 πάντα
3387 2845 3579 2917 βουνὸν
3605 2845 3802 2915 ὑψηλὸν.

573 2956 630 3010 in
660 2968 877 3008 omnem
909 2961 1150 3006 montem
1185 2951 1491 3015 excelsum,
1523 2958 1578 3005 et
1620 2951 1674 3006 in
1704 2965 1922 3006 omnem
1956 2951 2151 3006 collem

573 3055 628 3103 et
663 3047 716 3102 in
745 3059 962 3101 omnem
998 3045 1203 3106 lucum,
1239 3043 1427 3111 ibique
1477 3042 1745 3097 fornicata
1795 3054 1878 3098 est
1921 3044 1987 3099 ⁸³.
2030 3061 2049 3095 ι
2087 3042 2154 3097 Et

569 3151 695 3204 qua:
734 3149 862 3187 mox
885 3133 959 3186 ita
987 3139 1340 3202 sequuntur:
1383 3148 1404 3182 ι
1447 3130 1620 3201 Ligno
1647 3130 1950 3188 dixerunt:
1985 3129 2150 3184 Pater

2251 2945 2347 2998 καὶ
2382 2945 2475 2996 ἐπὶ
2527 2941 2726 3004 παντὸς
2789 2939 2946 3006 ξύλου
3000 2941 3297 3005 ἁλσώδους,
3353 2943 3455 2996 καὶ
3510 2942 3809 3012 ἐπόρνευσεν

2251 3037 2384 3103 ἐκεῖ,
2409 3051 2430 3087 ι
2468 3035 2610 3088 κατὰ
2634 3034 2695 3087 τὸ
2716 3035 3005 3104 εἰρημένον
3027 3051 3042 3066 ο
3084 3054 3103 3087 ι
3123 3035 3214 3106 Τῷ
3250 3036 3399 3107 ξύλῳ
3429 3032 3612 3090 εἶπανο
3641 3035 3802 3106 Πατήρ

2255 3146 2358 3199 μου
2384 3123 2435 3182 εἴ
2454 3127 2540 3182 σύ.
2564 3128 2675 3181 Καὶ
2695 3127 2772 3198 τῷ
2798 3126 2954 3198 λίθῳ’
2985 3127 3057 3181 Σύ
3073 3146 3142 3198 με
3164 3129 3499 3200 ἐγέννησας.
3526 3148 3544 3181 ι
3577 3129 3680 3183 Καὶ
3701 3129 3806 3182 ούδέ

569 3240 732 3281 meus
761 3240 853 3291 es;
889 3225 1088 3280 deinde
1115 3224 1284 3295 lapidi
1323 3242 1336 3278 :
1370 3222 1453 3277 Me
1481 3224 1596 3292 ipse
1623 3223 1862 3293 genuisti
1887 3220 1952 3276 “.
1983 3239 2003 3274 ι
2039 3219 2146 3276 Nec

2257 3220 2450 3288 ὀλίγοι,
2474 3219 2629 3289 φησὶ,
2655 3218 2814 3271 τοῦτο
2838 3218 3194 3286 πεπόνθασιν,
3215 3221 3334 3274 ἀλλ’
3351 3221 3475 3277 ἀπὸ
3484 3221 3692 3291 μικροῦ
3711 3220 3801 3286 ἕως

567 3329 704 3370 vero
732 3325 838 3381 est,
876 3315 1020 3383 quod
1046 3329 1076 3368 a
1111 3315 1301 3384 paucis
1332 3313 1478 3368 istud
1522 3312 1722 3366 factum
1767 3312 1938 3368 fuisse
1968 3321 2152 3384 putes,

578 3411 705 3452 cum
735 3415 767 3452 a
797 3399 978 3467 parvis
1003 3399 1072 3453 ad
1098 3416 1316 3468 magno:
1354 3401 1494 3454 idem
1533 3415 1722 3456 omnes
1761 3402 1959 3459 fecisse
1981 3405 2156 3475 signi-

580 3488 726 3544 ficet.
765 3490 894 3544 lude
940 3491 1082 3561 apud
1136 3489 1429 3546 Jeremiam
1489 3491 1659 3547 Deum
1724 3493 1780 3548 in
1828 3494 1940 3550 haec
1990 3495 2154 3549 verba

577 3577 891 3650 loquentem
929 3583 1118 3635 audias
1152 3599 1166 3636 :
1202 3602 1220 3635 ι
1257 3583 1320 3636 Et
1346 3593 1402 3637 tu
1435 3600 1501 3638 ne
1527 3599 1622 3638 ora
1653 3600 1750 3654 pro
1782 3587 1983 3656 p0pulo
2026 3586 2154 3650 isto,

578 3671 841 3739 quoniam
892 3687 1000 3726 non
1053 3673 1418 3728 exauditurus
1452 3689 1595 3729 sum.
1656 3675 1851 3740 Qualia
1900 3677 2042 3730 enim
2090 3691 2154 3731 ea

578 3766 729 3826 sunt,
762 3775 882 3829 qua:
920 3761 1162 3830 ipsorum
1215 3762 1309 3815 lilii
1351 3761 1595 3816 faciunt?
1643 3761 1811 3833 Ligna
1862 3765 2153 3833 colligunt,

582 3859 638 3906 et
675 3863 860 3922 patres
911 3853 1093 3923 ignem
1149 3855 1478 3909 accendunt.
1536 3853 1746 3910 Uxores
1797 3855 1960 3909 etiam
2024 3857 2156 3925 ipsa:

579 3941 813 3997 farinam
868 3944 1149 4014 subigunt,
1192 3959 1300 4014 qua
1357 3945 1637 4014 placentas
1687 3945 1898 4000 cwlesti
1947 3945 2156 4001 militia:

578 4034 969 4092 conficiant".
1007 4055 1025 4088 ι
1065 4035 1185 4091 Non
1236 4035 1513 4091 immerito
1558 4036 1726 4107 igitur
1773 4037 2156 4106 expauduntur

579 4129 714 4184 retia
775 4130 1111 4186 volucribus.
1168 4129 1376 4185 Bellum
1447 4139 1631 4185 autem
1707 4129 1966 4200 deinceps
2028 4139 2156 4186 ante

576 4221 769 4277 oculos
803 4221 1047 4292 subjicit,
1110 4230 1171 4276 ut
1203 4234 1423 4292 propter
1456 4221 1719 4276 Elamitas
1747 4222 1802 4276 in
1850 4222 1984 4279 urbe
2010 4223 2156 4278 exsi-

577 4322 790 4370 stentes
821 4316 999 4370 territi
1030 4316 1388 4384 resipiscant,
1417 4316 1690 4386 uniusque
1729 4315 1908 4384 gentis
1936 4315 2157 4371 nomine

578 4404 765 4461 hostes
797 4422 1010 4470 omnes,
1040 4416 1093 4462 et
1119 4423 1371 4478 magnam
1404 4421 1595 4462 eorum
1618 4407 1832 4477 copiam
1862 4405 2153 4477 significat.

2251 3310 2540 3382 μεγάλου.
2564 3309 2726 3364 Ὅθεν
2751 3311 2886 3381 φησὶ
2914 3312 3051 3382 πρὸς
3082 3313 3470 3387 τὸνῚερεμίαν
3495 3313 3642 3378 Θεός·
3673 3331 3691 3364 ι
3711 3312 3799 3366 Καὶ

2259 3404 2323 3458 σὺ
2359 3403 2436 3474 μὴ
2460 3401 2764 3472 προσεύχου
2789 3404 2918 3474 περὶ
2943 3403 3039 3457 τοῦ
3073 3404 3206 3459 λαοῦ
3237 3406 3459 3470 τούτου,
3481 3407 3564 3460 ὅτι
3592 3404 3683 3459 οὐκ
3706 3405 3798 3456 εἰσ-

2255 3495 2581 3566 ακούσοματ.
2615 3488 2720 3548 Οἷα
2745 3495 2856 3565 γὰρ
2881 3494 3150 3562 ποιοῦσιν,
3185 3498 3377 3567 φησὶν,
3406 3499 3457 3552 οἱ
3486 3497 3591 3551 υἱοὶ
3615 3493 3795 3557 αύτῶνς

2257 3584 2572 3655 συλλέγουσι
2599 3585 2753 3651 ξύλα,
2783 3585 2878 3639 καὶ
2905 3587 2955 3640 oi
2984 3587 3223 3658 πατέρες
3252 3587 3439 3642 αὐτῶν
3465 3587 3669 3641 καίουσι
3688 3584 3794 3655 πῦρ,

2256 3678 2352 3733 καὶ
2379 3679 2437 3731 αι
2458 3681 2711 3747 γυναῖκες
2729 3678 2908 3732 αὐτῶν
2955 3677 3205 3750 τρίϐουσι
3231 3680 3366 3742 στᾶς
3391 3676 3412 3717 τ
3452 3677 3546 3732 τοῦ
3604 3675 3796 3744 ποιῆσαι

2255 3770 2511 3842 χαυῶνας
2557 3773 2626 3843 τῇ
2695 3771 2924 3842 στρατιᾷ
2979 3769 3075 3824 τοῦ
3137 3770 3396 3842 ούρανοῦ.
3456 3790 3474 3823 ι
3537 3770 3644 3823 Ούκ
3696 3768 3793 3835 εἰκῆ

2257 3863 2365 3934 γὰρ
2394 3857 2493 3916 οὖν.
2541 3861 2841 3919 ἐκτείνεται
2893 3861 3086 3917 δίκτυα
3132 3863 3460 3933 πτερωτοῖς.
3491 3861 3729 3914 Διατυποῖ
3750 3858 3794 3911 δὲ

2255 3955 2440 4008 λοιπὸν
2486 3953 2733 4008 ἐντεῦθεν
2780 3956 2859 4018 εἰς
2883 3953 3007 4025 ὄψιν
3058 3954 3208 4022 ἄγων
3235 3953 3328 4007 τὸν
3361 3955 3594 4024 πόλεμον
3629 3950 3678 4004 εί
3699 3966 3793 4011 πως

2257 4047 2643 4117 ἐπιστραφεῖεν
2663 4044 2991 4116 φοϐούμενοι
3017 4046 3117 4116 τῆς
3138 4045 3350 4110 πόλεως
3374 4044 3658 4115 γεγονότας
3675 4041 3793 4106 τοὺς

2256 4135 2600 4206 Ἐλαμίτας,
2631 4135 2886 4200 δεικνὺςς
2927 4136 2988 4202 ἐξ
3024 4137 3142 4200 ἐνὸς
3175 4138 3364 4202 ἔθνους
3395 4140 3518 4201 τοὺς
3542 4134 3790 4200 πολεμίους

2257 4229 2455 4300 δηλῶν,
2484 4229 2580 4284 καὶ
2604 4228 2665 4282 τὸ
2690 4228 2897 4298 πλῆθος
2926 4230 3224 4300 παριστὰς.
3247 4233 3316 4285 Al
3350 4226 3646 4301 φάραγτές
3677 4242 3788 4286 σου,

2259 4325 2444 4395 φησὶν,
2475 4321 2750 4392 ἁρμάτων
2783 4321 3270 4391 πλησθήσογται,
3304 4325 3399 4378 καὶ
3431 4323 3555 4394 περὶ
3581 4321 3674 4383 τὰς
3699 4316 3786 4369 ati-

2255 4419 2372 4483 Jac
2410 4417 2908 4488 στενοχωρούμενοι
2973 4418 3083 4471 τῶν
3117 4418 3299 4472 ἵππων
3349 4418 3496 4472 ἐνδον
3525 4412 3787 4470 ἀποϐάντες

588 4495 767 4553 Valle:
798 4509 926 4565 tute,
957 4499 1169 4569 adjicit,
1204 4499 1448 4562 curribus
1481 4498 1858 4567 implebantur,
1877 4507 1932 4554 et
1964 4498 2058 4569 qui
2086 4497 2146 4552 ad

2257 4507 2366 4574 τὰς
2412 4509 2604 4575 οἰκίας
2642 4509 3120 4581 διερευνήσονται.
3182 4511 3277 4564 καὶ
3336 4511 3465 4574 τοὺς
3518 4501 3787 4579 βασιλικοὺς

576 4597 760 4657 portas
798 4586 1031 4642 conferti
1063 4588 1360 4658 stipatique
1389 4587 1630 4653 fuerant,
1665 4589 1842 4669 equis‘
1859 4587 1973 4656 jam
2016 4589 2146 4643 desi-

2258 4573 2740 4669 ἀνακαλύψουσι-
2757 4573 2930 4673 θησαν
2938 4600 3085 4673 ρούς.
3099 4601 3270 4656 Τοῦτο
3283 4601 3394 4673 γὰρ
3409 4573 3498 4654 διὰ
3518 4573 3620 4666 τῆς
3635 4595 3786 4660 ἄκρας

579 4677 781 4733 lientes
815 4677 948 4734 urbe
1000 4679 1176 4734 media
1229 4678 1414 4734 domas
1463 4680 1982 4750 perscrutabuntur,
2035 4680 2155 4734 the-

579 4785 882 4840 saurosque
931 4772 1110 4844 regios
1157 4781 1433 4843 retegent:
1490 4772 1595 4828 hoc
1643 4772 1790 4826 enim
1848 4773 2023 4842 ipsum
2063 4789 2157 4842 per

582 4860 802 4917 Davidis
846 4880 1018 4930 arces,
1051 4879 1081 4918 a
1124 4880 1231 4934 quo
1265 4865 1438 4936 stirps
1469 4864 1588 4936 ipsa
1627 4881 1814 4936 regum
1847 4873 1951 4932 est,
1991 4865 2155 4921 intel-

579 4952 753 5024 ligere
785 4954 1023 5009 videtur.
1058 4953 1150 5010 Sic
1173 4964 1227 5010 et
1256 4956 1558 5012 invisibiles
1592 4955 1805 5020 hostes,
1837 4971 1962 5011 cum
1994 4971 2023 5008 a
2053 4971 2148 5010 no-

579 5044 713 5101 SIris
754 5044 1149 5116 cupiditatibus
1193 5046 1367 5116 adjuti
1399 5046 1454 5100 in
1506 5055 1720 5102 mentes
1766 5057 2150 5117 penetrarunt,

579 5133 895 5204 spirituales
925 5151 1056 5206 opes
1089 5136 1375 5207 diripiunt.
1433 5136 1592 5193 Unde
1621 5138 1790 5208 288
1831 5145 1919 5194 est
1974 5139 2105 5194 illud
2139 5153 2156 5192 :

585 5243 607 5278 ι
642 5225 700 5281 Si
733 5228 993 5284 ascendat
1047 5229 1100 5284 in
1175 5237 1228 5284 te
1280 5229 1507 5298 spiritus
1565 5229 1927 5293 dominantis,
1977 5231 2156 5286 locum

581 5327 735 5373 tuum
768 5336 840 5376 ne
869 5321 1184 5390 dimiseris;
1219 5323 1476 5393 quoniam
1507 5323 1718 5378 curatio
1739 5337 1961 5378 cessare
1995 5323 2160 5380 faciet

580 5422 803 5485 peccata
837 5414 905 5471 “.
943 5433 962 5467 ι
1000 5415 1136 5470 Cum
1185 5415 1329 5472 enim
1381 5415 1583 5470 fuerint
1624 5415 1896 5487 ejusmodi
1932 5426 2156 5472 resecta:

580 5505 930 5576 cupiditates,
961 5515 1217 5563 arescant
1249 5499 1473 5563 necesse
1507 5515 1612 5563 est.

654 5620 701 5695 ‘_°
731 5617 796 5673 IV
829 5620 961 5689 Reg.
1001 5639 1126 5695 xgx'v,
1158 5623 1416 5695 67seqq.;
1484 5622 1696 5695 Jerem:
1733 5624 1986 5695 xxxixLE’i
2015 5639 2168 5695 seqq.

583 5689 632 5724 ⁸⁸
660 5687 863 5746 Jerem.
899 5687 960 5745 ιι.
988 5693 1078 5747 27.
1114 5687 1122 5690 ’
1178 5694 1223 5726 ⁶¹
1251 5687 1452 5751 Jerem.
1499 5710 1598 5759 vu,
1632 5693 1719 5748 l7.

1823 5694 1869 5726 “
1901 5693 2080 5749 Eccle.
2096 5693 2106 5695 ⁷
2123 5693 2177 5763 i,
2222 5698 2276 5751 4.

2254 4690 2512 4762 δηλοῦται
2541 4691 2739 4746 Δαϐἰδ.
2778 4693 2868 4760 Ἐξ
2901 4693 3066 4748 αὐτοῦ
3084 4693 3192 4765 γὰρ
3221 4695 3270 4747 οἱ
3289 4691 3672 4764 βασιλεύοντες.
3697 4682 3785 4737 Oﬁ-

2253 4799 2331 4836 τω
2359 4782 2455 4836 καὶ
2486 4783 2667 4853 νοητοὶ
2687 4782 2776 4837 διὰ
2819 4783 2930 4837 τῶν
2957 4781 3147 4838 παθῶν
3198 4782 3358 4853 ἡμῶν
3407 4772 3783 4847 ἐπικρατοῦντες

2255 4875 2504 4946 πολέμιοι
2533 4875 2625 4928 τὸν
2677 4874 3044 4946 πνευματικὸν
3074 4873 3232 4945 ἡμῶν
3257 4871 3628 4946 ἀφαρπάζουσι
3652 4859 3784 4916 πλοῦο

2253 4984 2346 5022 τον
2375 4967 2466 5020 τὸν
2491 4965 2618 5021 νοῦν
2643 4966 2976 5030 είσδύνοντες
2994 4967 3023 5007 h
3051 4967 3143 5020 τὸν
3167 4965 3454 5037 ἡμέτερον.
3489 4959 3639 5014 Ὅθεν
3658 4953 3782 5023 εῑρητ

2253 5074 2367 5115 ταιο
2400 5077 2419 5110 ι
2452 5057 2578 5112 Ἐὰν
2604 5056 2822 5130 πνεῦμα
2846 5057 2942 5110 τοῦ
2969 5056 3378 5124 ἐξουσιάζοντος
3411 5050 3577 5119 ἀναϐῇ
3607 5044 3687 5100 ἐπὶ
3716 5039 3778 5099 ei.

2255 5153 2346 5206 τὸν
2369 5152 2534 5206 τόπον
2559 5168 2654 5205 σου
2689 5150 2764 5222 μὴ
2792 5151 2960 5223 ἀφῇς,
2993 5151 3076 5205 ὃτι
3122 5149 3259 5220 ταμα
3281 5143 3610 5203 καταπαύσει
3627 5138 3776 5207 ἀμαρ-

2253 5247 2396 5306 τίας.
2425 5264 2444 5298 ι
2490 5245 2928 5318 Ἀνακοπτόμενα
2959 5244 3069 5318 γὰρ
3097 5244 3166 5300 τὰ
3189 5243 3416 5299 τοιαῦτα
3439 5239 3579 5307 πάθη
3609 5225 3778 5305 μαραί-

2256 5358 2424 5394 νεται.

2284 5628 2326 5658 ⁸⁸
2361 5625 2508 5680 Psal.
2539 5640 2694 5692 nul,
2731 5627 2778 5680 7.
2902 5627 2946 5659 "
2974 5626 3106 5685 ibid.
3139 5627 3195 5682 8.
3309 5620 3354 5658 ⁸³
3399 5619 3591 5680 Jerem.
3615 5625 3686 5676 ut,
3722 5604 3762 5660 3-

1853 5788 2090 5846 vamas
2130 5791 2529 5850 LECTIONES.
2563 5853 2574 5864 ,

667 5880 686 5922 ί
725 5883 893 5948 σταῖς.
971 5893 995 5931 Β
1019 5882 1119 5954 ἄψ.
1152 5883 1216 5938 τὸ
1245 5883 1477 5950 δεικνύς.
1558 5885 1581 5926 h
1617 5902 1705 5955 γρ.
1737 5883 2029 5949 εἰσδύντες.
