3908 6530
67 545 200 610 2173
1237 560 1770 624 COMMENTARII
1807 561 1888 624 IN
1931 563 2219 626 ISAIAM.
2345 586 2347 588 ·
3230 570 3373 635 2174

125 660 236 772 Καὶ
269 662 540 772 ιδορναν,
576 671 775 772 ιρησὶν,
801 673 890 729 ὅτι
914 674 1164 742 πλείους
1180 678 1361 732 είσίν.
1387 678 1535 751 Πρὸς
1561 677 1686 742 τοὺς

1862 676 1934 733 Et
1965 679 2231 748 uiderunt,
2256 683 2354 750 ait,
2387 686 2527 756 quod
2557 687 2736 758 plures
2763 695 2924 754 sunt;
2956 701 3081 759 qua
3107 687 3269 742 verba
3306 685 3376 742 ad

63 753 344 850 οἰομένους
370 758 467 811 ὅτι
504 763 622 815 καὶ
655 765 802 835 μόνοι
830 766 940 822 τῶν
973 768 1249 840 πολεμίων
1281 770 1689 844 ἐπικρατήσω-

1799 784 1890 827 eos
1921 772 2259 843 referuntur,
2292 753 2482 848 qui-se
2525 753 2675 837 solos
2708 753 3126 837 hostibus-esse
3167 780 3375 850 potitu-

66 863 160 945 σιν·
191 847 270 945 pi)
301 849 426 945 γὰρ
453 853 546 945 Ῠᾶν
577 855 681 911 διὰ
735 860 1006 930 τοσαύτης
1065 861 1187 918 ὀδοῦ
1240 863 1376 931 πολύ
1400 880 1454 916 τι
1486 862 1693 933 πλῆθος

1799 879 1888 922 ros
1926 868 2262 936 credebant,
2302 886 2426 926 cum
2473 881 2583 927 tam
2619 873 2787 945 longo
2839 873 3036 928 itinere
3065 847 3246 927 tantas
3278 872 3377 926 ho-

66 940 334 1010 ωλεμίων
368 943 604 1001 ἐλθεῖν.
641 951 866 1020 Ἥγουν,
901 955 1085 1025 ἐπειδὴ
1127 956 1187 1009 τὸ
1229 956 1376 1010 κατά
1406 956 1506 1028 τὴν
1538 956 1691 1010 πόλιν

69 1035 198 1107 ὕδωρ
234 1038 316 1108 μὴ
338 1040 712 1111 νομίσαντες
745 1048 1003 1115 ἀρκέσειν
1023 1049 1208 1111 αὐτοῖς
1235 1048 1252 1086 ί
1278 1050 1360 1115 ὡς
1378 1049 1457 1116 δὴ
1491 1050 1692 1103 πλείο-

65 1138 158 1177 σιν
181 1126 568 1199 ὑπάρχουσιν
619 1136 892 1202 Ἰουδαῖοι,
923 1140 1290 1211 ὲστοχάσαντο
1313 1139 1403 1194 δὲὶ
1471 1141 1580 1208 τὰς
1608 1142 1691 1196 οι-

67 1218 188 1285 κιάς
253 1223 414 1278 κατὰ
482 1225 806 1300 Σύμμαχον
859 1228 1299 1303 ἀριθμήσαντες
1333 1275 1349 1300 ,
1375 1235 1403 1274 ¹ί
1462 1233 1530 1289 τό
1580 1234 1691 1304 τῆς

69 1313 307 1381 ἀρχαίας
337 1321 468 1371 κολ
477 1321 806 1391 υμϐἠθρας
820 1323 979 1394 ὕδωρ
997 1327 1087 1393 εἰς
1108 1327 1226 1395 τὴν
1247 1328 1430 1382 πόλιν
1447 1341 1692 1396 μετοχε-

71 1405 418 1474 τεύσαντες,
489 1410 634 1484 Θεῷ
697 1415 796 1485 μὲν
837 1417 900 1469 ού
953 1420 1261 1489 προσεῖχον,
1317 1417 1690 1490 ἀνθρωπίναις

69 1497 119 1550 δὲ
149 1506 566 1568 παρασκευαῖς
617 1506 1002 1564 ἐπεποίθεσαν.
1021 1509 1109 1574 Ὠς
1135 1511 1196 1564 ὲν
1217 1509 1338 1581 nec.
1362 1510 1472 1582 γὰρ
1506 1511 1691 1572 αὐτοῖς

71 1591 336 1658 ὀνειδίζων
367 1597 595 1666 φησὶν,
653 1599 737 1654 ὅτι
757 1600 820 1672 δὴ
843 1601 982 1674 πρὸς
1009 1603 1070 1657 τὸ
1102 1603 1308 1671 πλῆθος
1358 1603 1590 1669 ἑαυτῶν,
1621 1602 1690 1658 τὸ

1797 959 1964 1014 stium
2025 962 2216 1032 copias
2270 964 2534 1020 accedere
2567 981 2730 1036 posse
2786 981 2896 1020 non
2950 965 3372 1020 arbitrarentur.

1796 1049 1894 1105 Vel
1917 1050 2040 1106 ideo
2086 1052 2201 1107 haec
2233 1052 2384 1116 dicit,
2411 1055 2706 1125 quodcum
2753 1070 2951 1125 aquam
2985 1055 3039 1109 in
3070 1056 3206 1108 urbe
3230 1054 3377 1108 exsi-

1796 1152 2029 1224 stentem
2063 1146 2287 1202 minime
2315 1147 2421 1202 sibi
2471 1147 2643 1202 Judaei
2675 1147 2790 1217 (qui
2831 1147 3256 1208 numerosiores,
3292 1161 3377 1199 es-

1795 1235 1934 1308 sent)
1965 1235 2210 1293 sufﬁcere
2239 1254 2402 1310 posse
2434 1239 2802 1309 conjicerent,
2825 1237 3136 1293 Numeratis
3176 1253 3375 1294 secun-

1795 1325 1927 1383 dum
1961 1328 2375 1400 Symmachum,
2407 1330 2687 1394 Domibus,
2720 1330 2938 1400 piscinae
2959 1330 3147 1385 veteris
3179 1344 3373 1400 aquam

1794 1420 1854 1476 in
1911 1421 2093 1477 urbem
2120 1421 2382 1490 derivare,
2418 1423 2674 1479 humanae
2716 1423 2902 1493 potius
2968 1436 3133 1493 quam
3175 1421 3375 1476 divina:

1794 1513 1886 1584 opi
1918 1513 2277 1581 confidentes,
2304 1516 2426 1570 ausi
2453 1526 2604 1571 sunt.
2639 1513 2928 1585 Tanquam
2961 1514 3107 1568 enim
3137 1513 3376 1584 graviter

1795 1604 1979 1663 ferens
2006 1623 2200 1677 aquam
2245 1623 2354 1662 non
2390 1608 2457 1662 ad
2496 1623 2652 1662 suam
2688 1607 2840 1676 ipsos
2874 1614 3085 1660 tantum
3119 1605 3374 1660 multitu-

70 1685 214 1754 ὕδωρ
262 1703 406 1740 συνε
418 1691 796 1763 μετρήσαντο
841 1693 978 1765 πρὸς
1002 1695 1103 1766 τὴν
1161 1695 1487 1768 πολιορκίαν
1513 1693 1690 1759 οὕτως

77 1779 319 1848 ἀρκέσειν
344 1781 644 1852 οἰόμενοι,
677 1785 779 1840 κᾶν
801 1788 881 1851 εἰς
903 1789 1093 1859 χρόνον
1113 1789 1428 1852 ὲκτείνοιτο,
1459 1791 1554 1843 καὶ
1583 1791 1689 1855 τὰς

76 1872 253 1938 οίκίας
270 1875 683 1942 καταλύοντες
697 1881 1076 1953 ἀσφαλέστερα
1094 1882 1164 1935 τὰ
1176 1885 1341 1952 τείχη
1361 1883 1691 1937 κατεσκευά-

83 1961 247 2026 ζοντο·
279 1965 410 2019 δέον
444 1969 543 2032 εἰς
579 1969 720 2030 θεὸν
758 1974 890 2043 ὀρᾷν
919 1975 1014 2026 καὶ
1047 1973 1145 2045 τὴν
1173 1975 1328 2028 πόλιν
1360 1975 1686 2046 ποιήσαντα,

82 2058 354 2128 uitello;
379 2061 586 2134 ταύτῃ
611 2063 921 2135 γενόμενον.
955 2068 1130 2137 ιὈρη
1166 2067 1298 2137 γὰρ,
1332 2065 1692 2137 φησὶ,κύκλῳ
1725 2049 1764 2103 Β

84 2146 256 2218 αὐτῆς,
312 2150 418 2203 καὶ
480 2153 704 2224 Κύριος
725 2153 914 2225 κύκλῳ
963 2155 1056 2208 τοῦ
1088 2155 1220 2209 λαοῦ
1252 2157 1438 2210 αὑτοῦ.
1469 2175 1488 2207 ι
1521 2155 1694 2210 Τοῦτο

84 2241 163 2292 καὶ
183 2239 270 2294 διὰ
303 2246 622 2316 προφήτου
647 2247 834 2318 φωνῆς
864 2249 1289 2318 ἐπαγγέλλεταιο
1333 2269 1352 2301 ι
1395 2248 1536 2318 Ἐγὼ
1569 2248 1691 2301 ἔσο-

89 2348 174 2400 μαι
200 2333 372 2405 αὐτῇ,
403 2333 580 2404 λέγει
611 2337 841 2410 Κύριος,
867 2342 1046 2409 τεῖχος
1074 2340 1244 2410 πυρὸς
1271 2340 1556 2406 κυκλόθεν,
1597 2340 1694 2393 καὶ

88 2428 155 2488 είς
172 2426 327 2492 δόξαν
363 2427 590 2499 ἔσομαι
627 2432 688 2487 ἐν
719 2432 874 2504 μέσῳ
925 2433 1120 2503 αὐτῆς.
1157 2451 1175 2484 ι
1221 2427 1355 2486 Εἷτά
1403 2451 1592 2504 φησιν,
1615 2432 1691 2496 ὡς

85 2517 331 2572 κινδύνων
366 2521 586 2586 αὐτοῖς
607 2523 671 2577 ἐκ
699 2523 836 2576 Θεοῦ
871 2522 1140 2577 τοσούτων
1163 2522 1552 2592 ἐπικειμένων,
1575 2522 1690 2576 δέον

89 2608 235 2662 αὐτὸν
266 2610 684 2680 εύμενίζεσθαι
710 2613 858 2684 πάσῃ
897 2613 1125 2686 σπουδῇο
1160 2616 1210 2668 οἱ
1247 2614 1303 2666 δὲ
1332 2610 1349 2651 ι
1386 2613 1524 2682 πρὸς
1549 2614 1689 2666 ἀπό-

90 2715 271 2767 γνωσιν
298 2702 580 2768 ἐλθόντες
606 2705 1009 2777 ὲπανηγύριζον
1037 2706 1180 2760 κατά
1207 2706 1287 2758 τό·
1327 2725 1344 2758 ι
1368 2706 1538 2760 Ὅταν
1561 2704 1693 2778 ἔλθῃ

94 2792 276 2865 ἀσεϐὴς
315 2797 402 2860 είς
452 2797 678 2868 πλῆθος
711 2798 922 2864 κακῶν,
953 2800 1307 2870 καταφρονεῖ.
1334 2817 1354 2850 ι
1387 2796 1692 2869 Τοιγαροῦν

94 2887 418 2943 πεπόνθασιν
470 2892 568 2954 εἰς
613 2891 767 2955 τέλος
800 2893 947 2963 ἆπερ
974 2892 1085 2945 ἔδει
1115 2892 1253 2963 πρὸς
1281 2891 1463 2960 ὀλίγον
1493 2891 1692 2954 αὐτοὺς

99 2982 270 3035 παθεῖν
299 2983 397 3036 τὸν
428 2983 583 3038 Θεὸν
617 2984 962 3048 ἱκετεύοντας
996 2982 1135 3054 μετά
1157 2982 1409 3055 δακρύων
1435 2982 1532 3036 καὶ
1561 2981 1692 3035 πέν-

99 3073 224 3141 θους,
267 3078 365 3131 καὶ
405 3079 484 3134 τὰ
524 3077 620 3133 τοῦ
679 3077 843 3133 Δαϐὶδ
898 3078 1330 3148 ἀνακρὰζοντας·
1389 3096 1407 3130 ι
1433 3076 1540 3131 Ἴδε
1594 3076 1694 3146 τὴν

102 3169 418 3225 ταπείνωσιν
455 3189 491 3241 μ
509 3188 598 3236 ου,
617 3171 716 3226 καὶ
743 3171 834 3225 τὸν
857 3171 1029 3224 κόπον
1066 3189 1189 3240 μου,
1223 3170 1319 3224 καὶ
1343 3170 1480 3238 ἄφες
1511 3169 1694 3232 πάσας

104 3256 185 3322 τὰς
208 3259 500 3333 ἁμαρτίας
558 3279 684 3332 μου.
713 3281 731 3314 ι
789 3260 915 3325 Τοῖς
947 3263 1056 3334 γὰρ
1093 3260 1270 3314 ταῦτα
1294 3260 1514 3314 ποιοῦσι
1545 3258 1694 3314 καθὰ

108 3350 379 3422 Μιχαίαςω
410 3354 595 3427 φησί·
633 3374 652 3407 ι
694 3355 976 3425 Ἐλεήμιιιν
1036 3355 1129 3410 καὶ
1190 3355 1494 3427 οἰκτίρμων
1550 3353 1689 3419 ἐστὶ,

111 3447 451 3517 μακρόθυμος
509 3449 606 3502 καὶ
666 3449 956 3512 πολυέλεος
1003 3448 1098 3502 καὶ
1152 3447 1430 3518 μετανοῶν
1465 3447 1558 3500 ἐπὶ
1590 3463 1691 3500 κα-

113 3536 280 3601 κίαις)
313 3544 471 3595 nstri.
533 3543 769 3606 τούτοις.
813 3543 926 3611 Τὴν
986 3541 1358 3612 προκειμένην
1423 3540 1480 3594 δὲ
1533 3539 1693 3612 ῥῆσιν

112 3628 236 3684 οὕτω
278 3635 428 3698 τινὲς
493 3635 857 3706 ἐξηγήσαντο,
897 3634 972 3698 ὼς
1039 3634 1114 3705 μὴ
1155 3633 1636 3706 προσωπολήπτης
1665 3633 1696 3686 ὃ

115 3725 295 3797 Κύριος
327 3729 421 3783 τδν
452 3731 592 3801 περὶ
615 3730 714 3800 τῆς
748 3729 888 3782 Σιὼν
903 3729 1062 3798 λόγον
1092 3731 1149 3784 ὲν
1194 3728 1382 3800 μέσοις
1415 3731 1527 3791 τοῖς
1553 3725 1698 3782 κατά

116 3818 206 3872 τῶν
247 3822 573 3894 ἀλλοφύλων
628 3823 873 3894 ἐλέγχοις
930 3824 1215 3896 ἐνέθηκεν,
1257 3822 1333 3885 ὡς
1359 3820 1691 3889 ἀλλοφύλοις

120 3914 211 3976 τοῖς
223 3913 510 3980 Ἰουδαίοις
539 3916 906 3986 χρησάμενος,
940 3917 1078 3986 πρὸς
1109 3914 1204 3978 οὓς
1230 3931 1364 3986 φησι
1392 3914 1462 3967 δι’
1487 3912 1690 3984 Ἀμώς·

128 4003 256 4076 ιοῦχ
281 4005 355 4070 ὡς
383 4007 784 4062 υίοὶΔίθιόπων
812 4008 972 4078 ὑμεῖς
997 4007 1121 4061 ἐστέ
1146 4024 1258 4077 μοι,
1283 4005 1433 4074 λέγει
1467 4005 1694 4075 Κύριος,

126 4093 175 4146 ού
191 4096 271 4150 τὸν
301 4099 532 4172 Ἰσραὴλ
563 4101 839 4173 ἀνήγαγον
869 4103 934 4155 ὲκ
953 4101 1058 4172 γῆς
1086 4099 1395 4169 Αἰγύπτου,
1445 4100 1542 4152 καὶ
1568 4100 1696 4162 τοὺς

128 4186 432 4259 ἀλλοφύλους
464 4195 528 4246 ἐκ
557 4192 982 4260 Καππαδοκίας,
1045 4192 1143 4246 καὶ
1197 4193 1327 4255 τοὺς
1384 4191 1594 4261 Σύρους
1633 4191 1702 4243 ἐκ

131 4276 500 4352 βόθρουςΊδοὺ
535 4285 584 4339 ot
619 4284 894 4354 ὀφθαλμοὶ
949 4283 1160 4356 Κυρίου
1213 4284 1304 4336 ἐπὶ
1359 4282 1542 4346 πάσας
1598 4281 1698 4345 τὰς

135 4369 377 4442 βασιλείας
399 4379 504 4450 τῆς
551 4379 673 4450 γῆς.
701 4399 720 4432 ι
757 4378 920 4432 Ὅθεν
950 4377 1048 4430 νῦν
1077 4379 1178 4448 τὴν
1212 4376 1452 4447 παντελῆ
1481 4375 1696 4430 τούτων

134 4463 374 4542 ἀποϐολὴν
432 4470 711 4541 παριστῶν
734 4511 749 4534 ,
786 4472 899 4533 τοῖς
930 4468 1252 4538 ἀλλοφύλοις
1276 4469 1473 4532 αὐτοὺς
1498 4470 1699 4537 ἐγκατ-

137 4553 308 4623 έλεξεν.
339 4563 404 4616 -ο
439 4563 534 4616 καὶ
563 4561 820 4634 δηλοῦται
841 4561 929 4616 διὰ
959 4561 1073 4630 τῆς
1119 4561 1443 4632 φάραγγος,
1481 4562 1554 4614 0-3
1590 4560 1697 4632 γὰρ

138 4645 294 4715 ἁπλῶς
323 4648 448 4708 εἷπε
475 4653 649 4720 Σιὼν,
686 4653 824 4708 ἀλλά
875 4653 1154 4724 φάραγγα
1177 4693 1192 4718 ,
1225 4653 1324 4722 τὴν
1371 4652 1580 4707 πτῶσιν
1599 4651 1697 4723 δη-

1795 1696 1979 1754 dinem
2009 1713 2504 1764 commcnsurasse,
2545 1713 2654 1768 quo
2704 1707 2894 1768 posset
2947 1697 3015 1751 ad
3066 1695 3376 1751 obsidionis

1795 1789 2060 1860 longioris
2103 1799 2318 1860 tempus
2350 1791 2489 1844 satis
2519 1805 2680 1857 esse;
2710 1789 2807 1845 sed
2831 1788 3034 1844 dirutis
3067 1787 3236 1841 etiam
3273 1783 3375 1836 do—

1795 1881 1968 1935 mibus
2007 1897 2187 1936 muros
2225 1881 2379 1937 urbis
2428 1881 2733 1936 munivisse
2775 1880 3112 1952 exprobrat;
3153 1891 3278 1932 cum
3315 1874 3375 1930 in

1798 1974 1966 2030 Deum
1998 1991 2166 2030 unum
2202 1977 2406 2044 potius,
2446 1974 2600 2030 urbis
2633 1982 2804 2045 atque
2849 1985 3132 2028 murorum
3178 1967 3376 2025 condi-

1795 2077 1967 2124 torem
2016 2068 2220 2123 intueri
2261 2057 2560 2132 decuisset.
2619 2086 2638 2120 ι
2676 2067 2890 2123 Montes
2937 2066 3108 2130 enim,
3164 2063 3268 2128 ait,
3315 2063 3374 2117 in

1793 2161 2026 2215 circuitu
2087 2160 2249 2230 ejus,
2311 2167 2367 2215 et
2427 2159 2694 2215 Dominus
2754 2159 2810 2214 in
2879 2157 3116 2212 circuitu
3185 2152 3376 2226 populi

1793 2255 1880 2310 sui
1913 2255 1979 2309 ".
2015 2273 2034 2307 ι
2067 2254 2220 2321 Quod
2253 2255 2334 2310 vel
2368 2253 2650 2326 pr0pbetaa
2677 2267 2816 2308 voce
2845 2249 3107 2322 patuerit,
3136 2248 3232 2321 qui
3257 2248 3374 2303 ait:

1801 2365 1820 2398 ι
1857 2347 1972 2417 Ego
1997 2347 2070 2412 ei,
2104 2347 2241 2402 dicit
2273 2346 2564 2412 Dominus,
2611 2361 2707 2400 ero
2745 2360 2938 2400 murus
2971 2343 3117 2413 ignis
3157 2342 3214 2396 in
3262 2341 3376 2394 cir-

1794 2441 1943 2494 cuitu
1999 2448 2054 2493 et
2109 2439 2163 2493 in
2215 2437 2447 2510 gloriam
2491 2439 2546 2492 in
2600 2437 2783 2492 medio
2831 2436 2952 2505 ejus
3003 2435 3072 2488 ⁸⁸.
3137 2452 3156 2485 ι
3212 2431 3378 2488 Addit

1793 2531 1989 2587 deinde
2021 2532 2191 2586 tantis
2229 2531 2284 2586 in
2316 2546 2412 2586 eos
2457 2530 2844 2602 ingruentibus
2877 2543 2906 2582 a
2941 2527 3051 2582 Deo
3091 2525 3373 2596 periculis,

1792 2638 1919 2679 cum
1953 2624 2105 2678 omni
2158 2639 2294 2678 cura
2329 2622 2582 2679 eumdem
2623 2623 2841 2690 placare
2875 2620 3218 2682 debuissent,
3255 2625 3378 2669 tan-

1793 2731 1956 2782 quam
1987 2716 2274 2783 desperata
2307 2714 2485 2768 salute
2522 2713 2652 2766 luxu
2681 2710 2996 2766 dim’uentes
3040 2725 3162 2765 esse
3189 2707 3376 2762 leriari

1794 2808 2009 2870 solitos,
2049 2807 2204 2874 juxta
2235 2805 2368 2860 illud
2401 2823 2414 2859 :
2452 2824 2471 2857 ι
2519 2805 2659 2859 Cum
2701 2805 2851 2857 venit
2880 2803 3081 2871 impius
3117 2801 3175 2855 in
3207 2801 3380 2853 malo-

1796 2914 1916 2951 rum
1945 2895 2375 2961 multitudinem,
2419 2898 2732 2950 contemnit
2767 2895 2834 2950 ".
2875 2913 2895 2946 ι
2951 2891 3142 2962 Itaque
3191 2905 3381 2945 sense-

1795 2998 1929 3044 runt
1961 2990 2206 3054 tandem,
2240 3005 2364 3060 qua:
2419 2989 2568 3059 ipsos
2620 2987 2816 3042 merito
2869 3001 2977 3040 non
3024 2984 3097 3038 ita
3144 2983 3378 3038 multum

1796 3093 1985 3154 postea
2027 3083 2140 3152 pati
2186 3082 2396 3146 decuit,
2447 3097 2573 3136 cum
2607 3079 2774 3133 Deum
2811 3078 3090 3148 supplices
3121 3092 3228 3131 non
3259 3075 3382 3130 sine

1796 3177 2055 3247 lacrymis
2102 3190 2238 3230 voce
2288 3173 2508 3230 Davidis
2555 3174 2630 3229 ita
2685 3173 3096 3228 inclamarent:
3158 3187 3179 3220 ι
3248 3166 3381 3221 Vide

1796 3267 2158 3324 humilitatem
2200 3283 2400 3332 meam,
2450 3273 2506 3322 et
2559 3266 2802 3320 laborem
2840 3277 3045 3326 meum,
3079 3268 3134 3316 et
3156 3257 3382 3314 dimitte

1795 3361 1982 3418 omnia
2014 3367 2234 3431 peccata
2293 3375 2414 3417 mea
2465 3360 2534 3415 '°.
2572 3378 2591 3412 ι
2629 3358 2726 3414 Est
2779 3358 2925 3413 enim
2959 3357 3013 3411 in
3066 3371 3187 3420 eos,
3224 3353 3380 3410 Joele

1795 3460 2046 3518 auctore,
2073 3453 2167 3523 qui
2204 3453 2308 3509 ista
2340 3451 2548 3508 l‘aciunt
2584 3469 2604 3503 ι
2648 3449 2918 3521 benignus
2942 3457 2998 3502 et
3044 3445 3381 3508 misericors,

1795 3547 2013 3617 patiens
2043 3555 2099 3601 ct
2138 3546 2323 3601 multa:
2367 3544 2767 3609 miserationis,
2803 3542 3009 3612 quique
3055 3537 3384 3611 pmnitentia

1794 3654 1961 3709 super
1991 3640 2136 3695 malo
2167 3639 2402 3693 ducatur
2429 3639 2473 3670 "
2497 3677 2512 3701 ,
2559 3655 2578 3690 ι
2611 3646 2922 3706 οιειοιιιιιιιο
2973 3649 3097 3704 qua:
3142 3646 3388 3702 sequun-

1795 3739 1907 3786 tur.
1963 3729 2152 3800 Neque
2186 3747 2317 3786 vero
2355 3731 2579 3797 desunt,
2638 3729 2736 3800 qui
2787 3727 3070 3798 proposita
3107 3725 3276 3780 verba
3307 3723 3385 3777 ita

1796 3825 2097 3895 explicent.
2140 3835 2200 3878 ut
2241 3822 2564 3888 Dominum,
2616 3821 2745 3891 quia
2779 3833 3142 3892 personarum
3186 3815 3388 3871 discri-

1797 3917 1946 3971 mine
1991 3931 2100 3970 non
2131 3916 2385 3978 ducatur,
2417 3911 2735 3982 Judaeisqne
2767 3912 2974 3983 pariter
2998 3917 3165 3980 atque
3190 3917 3378 3963 exter-

1798 4009 1886 4065 nis
1915 4015 2120 4073 utatur,
2163 4021 2475 4063 sermonem
2523 4005 2593 4061 de
2628 4005 2795 4061 Sione
2842 4003 3037 4058 mediis
3085 4004 3386 4058 alienarum

1799 4103 2044 4173 gentium
2092 4098 2622 4171 reprehensionibus
2694 4097 3000 4153 inseruisse
3051 4096 3275 4150 velint:
3336 4090 3389 4146 ci

1799 4197 1905 4253 hoc
1955 4195 2177 4250 nomine
2235 4195 2401 4250 etiam
2456 4194 2508 4247 in
2563 4208 2659 4248 eos
2699 4193 2814 4246 haec
2882 4195 3048 4246 Amas
3107 4187 3435 4259 prophetm‘

1799 4290 1967 4346 verba
1996 4288 2266 4344 exsistere
2295 4309 2306 4343 :
2330 4285 2498 4356 289
2529 4305 2546 4337 ι
2586 4283 2848 4354 Nunquid
2876 4292 3136 4352 tanquam
3165 4280 3387 4336 Ethio-

1799 4397 1928 4450 pum
1985 4381 2081 4434 lilii
2135 4379 2272 4434 estis
2307 4377 2483 4431 mibi?
2517 4376 2593 4430 ait
2646 4375 2933 4429 Dominus.
2981 4372 3237 4442 Nunquid
3287 4384 3391 4441 ego

1801 4473 2062 4529 israelem
2098 4469 2260 4525 eduxi
2315 4468 2384 4524 de
2432 4477 2581 4522 terra
2634 4465 2883 4538 Egypti,
2941 4472 2998 4519 et
3053 4463 3390 4533 alienigenas

1799 4574 1994 4636 gentes
2039 4577 2070 4614 e
2103 4558 2480 4630 Cappadocia,
2508 4555 2820 4629 .Syrosque
2871 4554 2941 4610 de
2998 4552 3194 4608 fovea?
3248 4552 3391 4607 Ecce

1801 4656 1950 4712 oculi
1996 4653 2212 4709 Domini
2269 4652 2326 4706 in
2387 4649 2572 4704 omnia
2635 4664 2802 4719 regna
2857 4659 3018 4702 terra:
3060 4649 3128 4701 ".
3168 4663 3187 4696 ι
3235 4643 3392 4700 Unde

141 4739 227 4796 λῶν
268 4747 360 4815 τὴν
389 4749 451 4815 ἐξ
481 4748 652 4820 ὕψους
678 4746 773 4802 τοῦ
823 4747 1114 4811 θεοσεόοῦς
1169 4745 1568 4817 πολιτεύματος
1603 4747 1694 4798 καὶ¹

1805 4763 1972 4813 nunc,
2005 4761 2114 4817 quo
2145 4745 2310 4814 plane
2354 4741 2588 4813 reiectus
2633 4757 2758 4797 esse
2791 4739 3013 4803 doceat,
3065 4741 3212 4794 inter
3256 4737 3394 4792 alie-

141 4832 187 4884 ἐν
203 4837 396 4895 κοιλάσι
417 4843 514 4895 καὶ
536 4840 692 4912 βάθει
717 4839 819 4910 τῆς
845 4839 1047 4904 κακίας
1076 4839 1368 4909 κειμένους
1396 4839 1595 4902 αὐτοὺς
1617 4840 1700 4892 αίεσ

146 4931 444 5002 νιττόμενος.

1804 4842 2035 4912 nigenas
2066 4844 2334 4894 recenset.
2373 4835 2528 4901 Quod
2575 4845 2632 4889 ut
2665 4833 2839 4904 magis
2878 4833 3043 4889 etiam
3097 4831 3390 4902 signiﬁcet,

1807 4933 1961 4990 val-lis
2011 4945 2209 4986 nomen
2240 4927 2472 4984 addidit.
2521 4926 2712 4998 Neque
2741 4927 2885 4982 enim
2918 4925 3048 4982 Sion
3084 4924 3220 4980 dixit
3255 4925 3392 4980 sim-

148 5023 354 5092 pliciter.
389 5029 490 5085 sed
520 5029 712 5082 vallem
739 5027 1016 5096 adjunxit,
1060 5035 1118 5080 ut
1147 5028 1239 5097 pio
1267 5027 1360 5082 illo
1395 5037 1449 5082 et
1477 5027 1700 5082 excelso
1738 5028 1864 5082 vitae
1905 5042 2125 5098 genere,
2154 5042 2268 5098 quo
2295 5025 2591 5081 utebantur
2637 5034 2820 5092 antea,
2856 5018 3151 5085 excidisse,
3218 5026 3274 5073 et
3336 5021 3393 5075 in

152 5118 405 5185 profundis
437 5122 552 5191 jam
591 5122 849 5175 vitiorum
894 5121 1130 5175 vallibus
1157 5120 1341 5191 jacere
1377 5120 1595 5175 doceat.

207 5213 340 5268 Σιὼν
381 5205 490 5288 ῖιὲν
533 5215 642 5286 γὰρ
683 5215 808 5285 δρος
860 5215 1011 5268 ἐστὶν
1039 5214 1289 5288 [ὑψηλὸν]
1317 5217 1403 5282 ἐφ’
1433 5207 1493 5269 οὗ
1517 5217 1545 5268 ό
1565 5215 1701 5280 νεὼς

155 5301 230 5355 τοῦ
252 5305 372 5362 Θεοῦ
395 5309 713 5381 ᾠκοδόμητο
731 5325 744 5338 ·
773 5309 866 5363 Διό
896 5326 1066 5380 φησιν
1085 5325 1098 5338 ⁸
1132 5328 1151 5361 ι
1191 5309 1310 5363 Ἐπ’
1346 5309 1472 5380 ὅρος
1497 5309 1702 5380 ὑψηλὸν

156 5395 349 5470 ἀνάϐηθι
373 5405 401 5456 ὁ
428 5401 919 5472 εὐαγγελιζόμενος
951 5401 1114 5455 Σιών.
1145 5420 1163 5452 ι
1204 5400 1336 5454 Καί’
1370 5419 1388 5452 ι
1419 5401 1699 5472 Προσελη-

161 5486 320 5548 λύθατε
348 5496 484 5551 Σιὼν
509 5497 627 5568 ὄρει
651 5497 743 5549 καὶ
774 5496 929 5549 πόλει
961 5494 1098 5548 Θεοῦ
1126 5493 1703 5565 ζῶντοςῚερουσαλὴμ

159 5580 492 5662 tempszth
551 5591 852 5661 Σημκίνειν
907 5588 966 5644 δὲ
1008 5588 1105 5642 καὶ
1161 5587 1255 5640 τὸν
1330 5585 1690 5654 εύιγγελικὺν

167 5673 343 5747 ὶλέγετο
371 5683 546 5755 λόγον.
579 5686 641 5736 Οἱ
659 5683 716 5736 δὲ
734 5681 938 5753 ταύτης
966 5681 1066 5751 τῆς
1094 5679 1309 5742 ἐλπίδος
1338 5677 1696 5732 ἐκπεπτωκό-

1876 5213 1973 5268 Est
2011 5214 2156 5268 enim
2191 5211 2320 5268 Sion
2351 5226 2510 5266 mons
2561 5210 2828 5279 peraltus,
2873 5206 2929 5262 in
2980 5219 3089 5276 quo
3137 5209 3396 5257 constru-

1806 5320 1956 5363 CIuin
1997 5305 2207 5359 Domini
2259 5303 2522 5373 templum
2559 5303 2762 5365 fuerat,
2803 5298 2948 5355 unde
2978 5297 3180 5367 legitur
3213 5312 3226 5347 :
3267 5313 3285 5344 ι
3336 5293 3394 5349 lu

1809 5408 2050 5454 montem
2073 5398 2352 5453 excelsum
2377 5394 2640 5461 ascende,
2661 5395 2753 5466 qui
2777 5397 3120 5466 evangelizas
3135 5393 3266 5448 Sion
3287 5392 3354 5443 ’⁸.
3370 5410 3390 5442 ι

1810 5489 2019 5545 Deinde
2054 5508 2068 5545 :
2113 5508 2132 5540 ι
2169 5489 2426 5543 Accedite
2451 5488 2517 5541 ad
2549 5499 2787 5542 montem
2830 5486 2982 5551 Sion,
3011 5494 3063 5540 et
3097 5485 3163 5539 ad
3202 5485 3393 5540 urbem

1812 5583 1903 5638 Dei
1937 5581 2194 5644 viventis,
2227 5582 2508 5636 caelestem
2531 5579 2834 5634 Jerusalem
2857 5578 2924 5632 “.
2963 5597 2982 5630 ι
3016 5577 3236 5632 Dicatur
3265 5591 3396 5630 vero

1809 5687 1862 5732 ct
1891 5676 2268 5748 evangelicum
2321 5675 2545 5728 verbum
2593 5674 2844 5737 innucre,
2879 5686 2908 5724 a
2937 5670 3096 5742 cujus
3149 5669 3252 5724 title
3299 5668 3394 5740 qui

222 5795 258 5825 "
283 5795 415 5854 Psal.
445 5816 624 5860 cxxrv.
660 5799 714 5854 2.
791 5799 836 5833 ⁸⁸
863 5799 1030 5855 Zacb.
1063 5814 1122 5858 ιι.
1157 5796 1212 5852 5.
1291 5796 1335 5828 ⁸³
1365 5796 1524 5851 Prov.
1562 5811 1690 5851 xvtu

1799 5837 1800 5846 χ
1877 5793 1922 5825 ⁷⁸
1955 5792 2100 5848 Psal.
2154 5807 2308 5857 χειν,
2351 5789 2438 5846 18.
2468 5791 2511 5821 ’ί
2537 5788 2653 5845 Joel
2684 5805 2746 5854 ιι,
2774 5788 2863 5843 15.
2942 5788 2986 5819 ⁷³
3015 5790 3183 5843 Amos
3216 5803 3296 5852 Ix,
3331 5785 3390 5854 7,

174 5861 215 5916 8.
273 5869 436 5926 "Isa.
484 5888 574 5937 ιι,
615 5871 670 5926 9.
747 5872 796 5904 ⁷⁸
844 5871 1012 5926 Hebr.
1062 5884 1161 5934 xit,
1199 5867 1290 5923 22.

1400 5955 1635 6012 νΑιιικιῖ
1664 5953 2068 6010 LECTIONES.

233 6062 246 6091 ι
283 6071 358 6127 γρ.
385 6057 563 6122 αὐτοῖς
595 6055 632 6127 ἣ
656 6057 888 6122 ἑαυῖοίς.
982 6056 995 6108 ι
1036 6055 1140 6129 ἀφ.
1175 6055 1534 6127 ὲστοχάσαντο
1565 6052 1642 6108 δέ.

1755 6053 1780 6094 ιί
1811 6051 1970 6108 λείπ.
1999 6048 2112 6104 καί.

2220 6048 2232 6088 ι
2275 6067 2363 6120 γρ,
2401 6048 2520 6121 μέν.
2602 6055 2639 6079 ’³
2666 6063 2755 6115 rp.
2777 6043 2951 6118 Ἰωήλ,
3037 6055 3064 6085 υ
3089 6047 3150 6102 λ.
3171 6045 3264 6102 καὶ
3294 6045 3386 6104 τά.
