  <div class='ocr_page' id='page_1' title='image "/cluster/home/n/w/nwhite01/storage/ocr_20150623/87:2/hvd.32044019208008/327.png"; bbox 0 0 3908 6532; ppageno 0'>
   <div class='ocr_carea' id='block_1_1' title="bbox 548 541 690 612">
    <p class='ocr_par' dir='ltr' id='par_1_1' title="bbox 548 541 690 612">
     <span class='ocr_line' id='line_1_1' title="bbox 548 541 690 612; baseline 0.021 -6"><span class='ocrx_word' id='word_1_1' title='bbox 548 541 690 612; x_wconf 79' lang='grc'><strong>2175</strong></span> 
     </span>
    </p>
   </div>
   <div class='ocr_carea' id='block_1_2' title="bbox 1881 551 2529 615">
    <p class='ocr_par' dir='ltr' id='par_1_2' title="bbox 1881 551 2529 615">
     <span class='ocr_line' id='line_1_2' title="bbox 1881 551 2529 615; baseline -0.005 -1"><span class='ocrx_word' id='word_1_2' title='bbox 1881 551 2238 615; x_wconf 81' lang='lat' dir='ltr'><strong>PROCOPII</strong></span> <span class='ocrx_word' id='word_1_3' title='bbox 2283 551 2529 612; x_wconf 76' lang='lat' dir='ltr'><strong>GAZ/EI</strong></span> 
     </span>
    </p>
   </div>
   <div class='ocr_carea' id='block_1_3' title="bbox 3706 543 3829 612">
    <p class='ocr_par' dir='ltr' id='par_1_3' title="bbox 3706 543 3829 612">
     <span class='ocr_line' id='line_1_3' title="bbox 3706 543 3829 612; baseline 0.033 -4"><span class='ocrx_word' id='word_1_4' title='bbox 3706 543 3829 612; x_wconf 74' lang='lat'><strong>2176</strong></span> 
     </span>
    </p>
   </div>
   <div class='ocr_carea' id='block_1_4' title="bbox 549 661 2128 739">
    <p class='ocr_par' dir='ltr' id='par_1_4' title="bbox 549 661 2128 739">
     <span class='ocr_line' id='line_1_4' title="bbox 549 661 2128 739; baseline 0.005 -23"><span class='ocrx_word' id='word_1_5' title='bbox 549 661 913 728; x_wconf 78' lang='lat' dir='ltr'><strong>deﬂexerunt,</strong></span> <span class='ocrx_word' id='word_1_6' title='bbox 949 662 1007 717; x_wconf 90' lang='lat' dir='ltr'><strong>in</strong></span> <span class='ocrx_word' id='word_1_7' title='bbox 1039 663 1156 732; x_wconf 90' lang='lat' dir='ltr'><strong>ipsa</strong></span> <span class='ocrx_word' id='word_1_8' title='bbox 1179 663 1335 730; x_wconf 80' lang='lat' dir='ltr'><strong>valle,</strong></span> <span class='ocrx_word' id='word_1_9' title='bbox 1389 679 1512 734; x_wconf 69' lang='lat' dir='ltr'><strong>quae</strong></span> <span class='ocrx_word' id='word_1_10' title='bbox 1556 664 1709 721; x_wconf 85' lang='lat' dir='ltr'><strong>Sioni</strong></span> <span class='ocrx_word' id='word_1_11' title='bbox 1753 667 1970 736; x_wconf 88' lang='lat' dir='ltr'><strong>adjacet</strong></span> <span class='ocrx_word' id='word_1_12' title='bbox 2003 683 2128 739; x_wconf 85' lang='lat' dir='ltr'><strong>pro-</strong></span> 
     </span>
    </p>
   </div>
   <div class='ocr_carea' id='block_1_5' title="bbox 2231 661 3824 739">
    <p class='ocr_par' dir='ltr' id='par_1_5' title="bbox 2231 661 3824 736">
     <span class='ocr_line' id='line_1_5' title="bbox 2231 661 3824 736; baseline -0.003 -15"><span class='ocrx_word' id='word_1_13' title='bbox 2231 685 2325 732; x_wconf 89' lang='grc' dir='ltr'><strong>τες</strong></span> <span class='ocrx_word' id='word_1_14' title='bbox 2339 668 2409 721; x_wconf 73' lang='grc' dir='ltr'><strong><em>ἐν</em></strong></span> <span class='ocrx_word' id='word_1_15' title='bbox 2436 665 2696 736; x_wconf 73' lang='grc' dir='ltr'>φάραγγι</span> <span class='ocrx_word' id='word_1_16' title='bbox 2717 663 2830 733; x_wconf 84' lang='grc' dir='ltr'>τῆς</span> <span class='ocrx_word' id='word_1_17' title='bbox 2854 662 3009 718; x_wconf 72' lang='grc' dir='ltr'><strong>Σιὼν</strong></span> <span class='ocrx_word' id='word_1_18' title='bbox 3037 663 3278 736; x_wconf 82' lang='grc' dir='ltr'>παρακεὶ</span> <span class='ocrx_word' id='word_1_19' title='bbox 3289 678 3464 734; x_wconf 85' lang='grc' dir='ltr'>μενοι</span> <span class='ocrx_word' id='word_1_20' title='bbox 3495 661 3824 716; x_wconf 80' lang='grc' dir='ltr'>πεπτώκασι.</span> 
     </span>
    </p>
   </div>
   <div class='ocr_carea' id='block_1_6' title="bbox 550 754 2132 832">
    <p class='ocr_par' dir='ltr' id='par_1_6' title="bbox 550 754 2132 832">
     <span class='ocr_line' id='line_1_6' title="bbox 550 754 2132 832; baseline 0.003 -20"><span class='ocrx_word' id='word_1_21' title='bbox 550 757 708 812; x_wconf 86' lang='lat' dir='ltr'><strong>strati</strong></span> <span class='ocrx_word' id='word_1_22' title='bbox 759 764 909 811; x_wconf 91' lang='lat' dir='ltr'><strong>sunt.</strong></span> <span class='ocrx_word' id='word_1_23' title='bbox 950 754 1154 810; x_wconf 83' lang='lat' dir='ltr'><strong>Virtuti</strong></span> <span class='ocrx_word' id='word_1_24' title='bbox 1203 757 1351 812; x_wconf 91' lang='lat' dir='ltr'><strong>enim</strong></span> <span class='ocrx_word' id='word_1_25' title='bbox 1405 759 1636 815; x_wconf 88' lang='lat' dir='ltr'><strong>cuilibet</strong></span> <span class='ocrx_word' id='word_1_26' title='bbox 1667 761 1877 816; x_wconf 88' lang='lat' dir='ltr'><strong>malitia</strong></span> <span class='ocrx_word' id='word_1_27' title='bbox 1911 775 2132 832; x_wconf 84' lang='lat' dir='ltr'><strong>semper</strong></span> 
     </span>
    </p>
   </div>
   <div class='ocr_carea' id='block_1_7' title="bbox 549 847 2128 922">
    <p class='ocr_par' dir='ltr' id='par_1_7' title="bbox 549 847 2128 922">
     <span class='ocr_line' id='line_1_7' title="bbox 549 847 2128 922; baseline 0.004 -22"><span class='ocrx_word' id='word_1_28' title='bbox 549 847 785 916; x_wconf 84' lang='lat' dir='ltr'><strong>adjacet.</strong></span> <span class='ocrx_word' id='word_1_29' title='bbox 838 847 896 902; x_wconf 90' lang='lat' dir='ltr'><strong>in</strong></span> <span class='ocrx_word' id='word_1_30' title='bbox 946 850 1222 918; x_wconf 88' lang='lat' dir='ltr'><strong>istamque</strong></span> <span class='ocrx_word' id='word_1_31' title='bbox 1260 849 1550 904; x_wconf 88' lang='lat' dir='ltr'><strong>delabatur</strong></span> <span class='ocrx_word' id='word_1_32' title='bbox 1593 866 1823 907; x_wconf 83' lang='lat' dir='ltr'><strong>necesse</strong></span> <span class='ocrx_word' id='word_1_33' title='bbox 1872 863 1978 913; x_wconf 81' lang='lat' dir='ltr'><strong>est,</strong></span> <span class='ocrx_word' id='word_1_34' title='bbox 2036 855 2128 922; x_wconf 88' lang='lat' dir='ltr'><strong>qui</strong></span> 
     </span>
    </p>
   </div>
   <div class='ocr_carea' id='block_1_8' title="bbox 551 936 2130 1011">
    <p class='ocr_par' dir='ltr' id='par_1_8' title="bbox 551 936 2130 1011">
     <span class='ocr_line' id='line_1_8' title="bbox 551 936 2130 1011; baseline 0.006 -21"><span class='ocrx_word' id='word_1_35' title='bbox 551 937 643 991; x_wconf 87' lang='lat' dir='ltr'><strong>illa</strong></span> <span class='ocrx_word' id='word_1_36' title='bbox 676 936 918 992; x_wconf 77' lang='lat' dir='ltr'><strong>excidit:</strong></span> <span class='ocrx_word' id='word_1_37' title='bbox 957 939 1150 1006; x_wconf 87' lang='lat' dir='ltr'><strong>quales</strong></span> <span class='ocrx_word' id='word_1_38' title='bbox 1187 939 1485 1005; x_wconf 80' lang='lat' dir='ltr'><strong>exsistunt,</strong></span> <span class='ocrx_word' id='word_1_39' title='bbox 1531 942 1682 1011; x_wconf 91' lang='lat' dir='ltr'><strong>quia</strong></span> <span class='ocrx_word' id='word_1_40' title='bbox 1723 942 1828 998; x_wconf 87' lang='lat' dir='ltr'><strong>lide</strong></span> <span class='ocrx_word' id='word_1_41' title='bbox 1861 944 1916 999; x_wconf 88' lang='lat' dir='ltr'><strong>in</strong></span> <span class='ocrx_word' id='word_1_42' title='bbox 1950 944 2130 1000; x_wconf 90' lang='lat' dir='ltr'><strong>incre-</strong></span> 
     </span>
    </p>
   </div>
   <div class='ocr_carea' id='block_1_9' title="bbox 552 1029 2132 1105">
    <p class='ocr_par' dir='ltr' id='par_1_9' title="bbox 552 1029 2132 1105">
     <span class='ocr_line' id='line_1_9' title="bbox 552 1029 2132 1105; baseline 0.004 -21"><span class='ocrx_word' id='word_1_43' title='bbox 552 1029 864 1094; x_wconf 88' lang='lat' dir='ltr'><strong>dulitatem,</strong></span> <span class='ocrx_word' id='word_1_44' title='bbox 892 1029 1012 1099; x_wconf 89' lang='lat' dir='ltr'><strong>ipso</strong></span> <span class='ocrx_word' id='word_1_45' title='bbox 1034 1031 1295 1085; x_wconf 88' lang='lat' dir='ltr'><strong>nimirum</strong></span> <span class='ocrx_word' id='word_1_46' title='bbox 1326 1030 1603 1104; x_wconf 80' lang='lat' dir='ltr'><strong>Evangelii</strong></span> <span class='ocrx_word' id='word_1_47' title='bbox 1638 1033 1864 1105; x_wconf 80' lang='lat' dir='ltr'><strong>fastigio</strong></span> <span class='ocrx_word' id='word_1_48' title='bbox 1889 1036 2132 1091; x_wconf 71' lang='lat' dir='ltr'><strong>cmlesti-</strong></span> 
     </span>
    </p>
   </div>
   <div class='ocr_carea' id='block_1_10' title="bbox 549 1121 2131 1194">
    <p class='ocr_par' dir='ltr' id='par_1_10' title="bbox 549 1121 2131 1194">
     <span class='ocr_line' id='line_1_10' title="bbox 549 1121 2131 1194; baseline 0.008 -21"><span class='ocrx_word' id='word_1_49' title='bbox 549 1137 656 1192; x_wconf 88' lang='lat' dir='ltr'><strong>que</strong></span> <span class='ocrx_word' id='word_1_50' title='bbox 712 1121 874 1178; x_wconf 82' lang='lat' dir='ltr'><strong>Sione</strong></span> <span class='ocrx_word' id='word_1_51' title='bbox 929 1121 1213 1178; x_wconf 86' lang='lat' dir='ltr'><strong>deturbati</strong></span> <span class='ocrx_word' id='word_1_52' title='bbox 1248 1124 1392 1180; x_wconf 89' lang='lat' dir='ltr'><strong>inter</strong></span> <span class='ocrx_word' id='word_1_53' title='bbox 1443 1134 1634 1194; x_wconf 77' lang='lat' dir='ltr'><strong>gentes</strong></span> <span class='ocrx_word' id='word_1_54' title='bbox 1691 1137 1909 1184; x_wconf 80' lang='lat' dir='ltr'><strong>exteras</strong></span> <span class='ocrx_word' id='word_1_55' title='bbox 1956 1128 2131 1185; x_wconf 75' lang='lat' dir='ltr'><strong>Judaei</strong></span> 
     </span>
    </p>
   </div>
   <div class='ocr_carea' id='block_1_11' title="bbox 548 1219 2133 1286">
    <p class='ocr_par' dir='ltr' id='par_1_11' title="bbox 548 1219 2133 1286">
     <span class='ocr_line' id='line_1_11' title="bbox 548 1219 2133 1286; baseline 0.006 -18"><span class='ocrx_word' id='word_1_56' title='bbox 548 1224 942 1283; x_wconf 78' lang='lat' dir='ltr'><strong>numerantur;</strong></span> <span class='ocrx_word' id='word_1_57' title='bbox 972 1219 1067 1286; x_wconf 89' lang='lat' dir='ltr'><strong>qui</strong></span> <span class='ocrx_word' id='word_1_58' title='bbox 1099 1225 1283 1272; x_wconf 89' lang='lat' dir='ltr'><strong>tamen</strong></span> <span class='ocrx_word' id='word_1_59' title='bbox 1315 1220 1371 1273; x_wconf 94' lang='lat' dir='ltr'><strong>in</strong></span> <span class='ocrx_word' id='word_1_60' title='bbox 1412 1229 1522 1273; x_wconf 88' lang='lat' dir='ltr'><strong>tam</strong></span> <span class='ocrx_word' id='word_1_61' title='bbox 1561 1219 1769 1275; x_wconf 80' lang='lat' dir='ltr'><strong>infelici</strong></span> <span class='ocrx_word' id='word_1_62' title='bbox 1797 1236 1977 1276; x_wconf 89' lang='lat' dir='ltr'><strong>rerum</strong></span> <span class='ocrx_word' id='word_1_63' title='bbox 2005 1237 2133 1278; x_wconf 85' lang='lat' dir='ltr'><strong>suc-</strong></span> 
     </span>
    </p>
   </div>
   <div class='ocr_carea' id='block_1_12' title="bbox 546 1308 2131 1384">
    <p class='ocr_par' dir='ltr' id='par_1_12' title="bbox 546 1308 2131 1384">
     <span class='ocr_line' id='line_1_12' title="bbox 546 1308 2131 1384; baseline 0.003 -20"><span class='ocrx_word' id='word_1_64' title='bbox 546 1323 710 1364; x_wconf 80' lang='lat' dir='ltr'><strong>cessa</strong></span> <span class='ocrx_word' id='word_1_65' title='bbox 748 1308 820 1362; x_wconf 91' lang='lat' dir='ltr'><strong>ita</strong></span> <span class='ocrx_word' id='word_1_66' title='bbox 854 1318 1058 1365; x_wconf 79' lang='lat' dir='ltr'><strong>tenuere</strong></span> <span class='ocrx_word' id='word_1_67' title='bbox 1087 1311 1484 1380; x_wconf 89' lang='lat' dir='ltr'><strong>intumescunt,</strong></span> <span class='ocrx_word' id='word_1_68' title='bbox 1529 1321 1588 1367; x_wconf 91' lang='lat' dir='ltr'><strong>ut</strong></span> <span class='ocrx_word' id='word_1_69' title='bbox 1634 1330 1663 1367; x_wconf 92' lang='lat' dir='ltr'><strong>a</strong></span> <span class='ocrx_word' id='word_1_70' title='bbox 1715 1315 1985 1384; x_wconf 75' lang='lat' dir='ltr'><strong>propheta</strong></span> <span class='ocrx_word' id='word_1_71' title='bbox 2031 1331 2131 1369; x_wconf 87' lang='lat' dir='ltr'><strong>au-</strong></span> 
     </span>
    </p>
   </div>
   <div class='ocr_carea' id='block_1_13' title="bbox 545 1399 2130 1474">
    <p class='ocr_par' dir='ltr' id='par_1_13' title="bbox 545 1399 2130 1474">
     <span class='ocr_line' id='line_1_13' title="bbox 545 1399 2130 1474; baseline 0.004 -22"><span class='ocrx_word' id='word_1_72' title='bbox 545 1399 702 1454; x_wconf 87' lang='lat' dir='ltr'><strong>diant</strong></span> <span class='ocrx_word' id='word_1_73' title='bbox 732 1417 748 1454; x_wconf 92' lang='lat'><strong>:</strong></span> <span class='ocrx_word' id='word_1_74' title='bbox 799 1400 943 1467; x_wconf 83' lang='lat' dir='ltr'><strong>Quid</strong></span> <span class='ocrx_word' id='word_1_75' title='bbox 975 1402 1181 1470; x_wconf 83' lang='lat' dir='ltr'><strong>factum</strong></span> <span class='ocrx_word' id='word_1_76' title='bbox 1211 1412 1290 1457; x_wconf 80' lang='lat' dir='ltr'><strong>est</strong></span> <span class='ocrx_word' id='word_1_77' title='bbox 1341 1403 1457 1468; x_wconf 86' lang='lat' dir='ltr'><strong>tibi,</strong></span> <span class='ocrx_word' id='word_1_78' title='bbox 1492 1407 1622 1474; x_wconf 88' lang='lat' dir='ltr'><strong>quia</strong></span> <span class='ocrx_word' id='word_1_79' title='bbox 1656 1404 1974 1459; x_wconf 76' lang='lat' dir='ltr'><strong>ascendistis</strong></span> <span class='ocrx_word' id='word_1_80' title='bbox 2004 1421 2130 1458; x_wconf 74' lang='lat' dir='ltr'><strong>orn-</strong></span> 
     </span>
    </p>
   </div>
   <div class='ocr_carea' id='block_1_14' title="bbox 545 1494 2128 1563">
    <p class='ocr_par' dir='ltr' id='par_1_14' title="bbox 545 1494 2128 1563">
     <span class='ocr_line' id='line_1_14' title="bbox 545 1494 2128 1563; baseline 0.004 -17"><span class='ocrx_word' id='word_1_81' title='bbox 545 1508 637 1547; x_wconf 78' lang='lat' dir='ltr'><strong>nes</strong></span> <span class='ocrx_word' id='word_1_82' title='bbox 664 1494 719 1547; x_wconf 88' lang='lat' dir='ltr'><strong>in</strong></span> <span class='ocrx_word' id='word_1_83' title='bbox 751 1501 889 1548; x_wconf 85' lang='lat' dir='ltr'><strong>tecta</strong></span> <span class='ocrx_word' id='word_1_84' title='bbox 929 1511 1092 1557; x_wconf 78' lang='lat' dir='ltr'><strong>rana,</strong></span> <span class='ocrx_word' id='word_1_85' title='bbox 1126 1505 1180 1550; x_wconf 89' lang='lat' dir='ltr'><strong>et</strong></span> <span class='ocrx_word' id='word_1_86' title='bbox 1223 1496 1490 1552; x_wconf 86' lang='lat' dir='ltr'><strong>adversus</strong></span> <span class='ocrx_word' id='word_1_87' title='bbox 1525 1497 1809 1552; x_wconf 84' lang='lat' dir='ltr'><strong>Christum</strong></span> <span class='ocrx_word' id='word_1_88' title='bbox 1842 1517 1856 1552; x_wconf 89' lang='lat'><strong>:</strong></span> <span class='ocrx_word' id='word_1_89' title='bbox 1897 1516 1916 1550; x_wconf 81' lang='grc' dir='ltr'><strong>ι</strong></span> <span class='ocrx_word' id='word_1_90' title='bbox 1952 1497 2128 1563; x_wconf 91' lang='lat' dir='ltr'><strong>Tolle,</strong></span> 
     </span>
    </p>
   </div>
   <div class='ocr_carea' id='block_1_15' title="bbox 546 1585 2132 1668">
    <p class='ocr_par' dir='ltr' id='par_1_15' title="bbox 546 1585 2132 1668">
     <span class='ocr_line' id='line_1_15' title="bbox 546 1585 2132 1668; baseline 0.005 -30"><span class='ocrx_word' id='word_1_91' title='bbox 546 1585 695 1650; x_wconf 84' lang='lat' dir='ltr'><strong>tolle,</strong></span> <span class='ocrx_word' id='word_1_92' title='bbox 737 1586 1003 1656; x_wconf 88' lang='lat' dir='ltr'><strong>crucique</strong></span> <span class='ocrx_word' id='word_1_93' title='bbox 1046 1587 1248 1659; x_wconf 77' lang='lat' dir='ltr'><strong>alﬁgito</strong></span> <span class='ocrx_word' id='word_1_94' title='bbox 1276 1587 1323 1622; x_wconf 80' lang='grc'><strong>⁷⁵</strong></span> <span class='ocrx_word' id='word_1_95' title='bbox 1352 1631 1367 1655; x_wconf 92' lang='grc'><strong>,</strong></span> <span class='ocrx_word' id='word_1_96' title='bbox 1408 1610 1426 1642; x_wconf 77' lang='grc' dir='ltr'><strong>ι</strong></span> <span class='ocrx_word' id='word_1_97' title='bbox 1463 1590 1726 1668; x_wconf 82' lang='lat' dir='ltr'><strong>clamare,</strong></span> <span class='ocrx_word' id='word_1_98' title='bbox 1774 1590 1954 1660; x_wconf 85' lang='lat' dir='ltr'><strong>iisque</strong></span> <span class='ocrx_word' id='word_1_99' title='bbox 1982 1592 2132 1646; x_wconf 85' lang='lat' dir='ltr'><strong>voci-</strong></span> 
     </span>
    </p>
   </div>
   <div class='ocr_carea' id='block_1_16' title="bbox 544 1675 2127 1747">
    <p class='ocr_par' dir='ltr' id='par_1_16' title="bbox 544 1675 2127 1747">
     <span class='ocr_line' id='line_1_16' title="bbox 544 1675 2127 1747; baseline 0.003 -17"><span class='ocrx_word' id='word_1_100' title='bbox 544 1675 649 1730; x_wconf 88' lang='lat' dir='ltr'><strong>bus</strong></span> <span class='ocrx_word' id='word_1_101' title='bbox 679 1682 850 1730; x_wconf 85' lang='lat' dir='ltr'><strong>tutam</strong></span> <span class='ocrx_word' id='word_1_102' title='bbox 895 1677 1090 1731; x_wconf 84' lang='lat' dir='ltr'><strong>urbem</strong></span> <span class='ocrx_word' id='word_1_103' title='bbox 1144 1679 1357 1747; x_wconf 87' lang='lat' dir='ltr'><strong>replere</strong></span> <span class='ocrx_word' id='word_1_104' title='bbox 1409 1695 1519 1734; x_wconf 91' lang='lat' dir='ltr'><strong>non</strong></span> <span class='ocrx_word' id='word_1_105' title='bbox 1565 1677 1852 1735; x_wconf 84' lang='lat' dir='ltr'><strong>desiistis?</strong></span> <span class='ocrx_word' id='word_1_106' title='bbox 1902 1680 2127 1744; x_wconf 89' lang='lat' dir='ltr'><strong>Deinde,</strong></span> 
     </span>
    </p>
   </div>
   <div class='ocr_carea' id='block_1_17' title="bbox 545 1766 2130 1841">
    <p class='ocr_par' dir='ltr' id='par_1_17' title="bbox 545 1766 2130 1841">
     <span class='ocr_line' id='line_1_17' title="bbox 545 1766 2130 1841; baseline 0.003 -22"><span class='ocrx_word' id='word_1_107' title='bbox 545 1766 771 1832; x_wconf 88' lang='lat' dir='ltr'><strong>quando</strong></span> <span class='ocrx_word' id='word_1_108' title='bbox 816 1777 1102 1836; x_wconf 88' lang='lat' dir='ltr'><strong>peccatum</strong></span> <span class='ocrx_word' id='word_1_109' title='bbox 1138 1770 1204 1821; x_wconf 89' lang='lat' dir='ltr'><strong>ad</strong></span> <span class='ocrx_word' id='word_1_110' title='bbox 1236 1777 1468 1824; x_wconf 88' lang='lat' dir='ltr'><strong>mortem</strong></span> <span class='ocrx_word' id='word_1_111' title='bbox 1529 1769 1660 1823; x_wconf 90' lang='lat' dir='ltr'><strong>illud</strong></span> <span class='ocrx_word' id='word_1_112' title='bbox 1697 1778 1803 1837; x_wconf 92' lang='lat' dir='ltr'><strong>est,</strong></span> <span class='ocrx_word' id='word_1_113' title='bbox 1852 1785 1966 1840; x_wconf 90' lang='lat' dir='ltr'><strong>quo</strong></span> <span class='ocrx_word' id='word_1_114' title='bbox 2007 1787 2130 1841; x_wconf 87' lang='lat' dir='ltr'><strong>quae</strong></span> 
     </span>
    </p>
   </div>
   <div class='ocr_carea' id='block_1_18' title="bbox 544 1856 2129 1927">
    <p class='ocr_par' dir='ltr' id='par_1_18' title="bbox 544 1856 2129 1927">
     <span class='ocr_line' id='line_1_18' title="bbox 544 1856 2129 1927; baseline 0.002 -17"><span class='ocrx_word' id='word_1_115' title='bbox 544 1857 812 1927; x_wconf 85' lang='lat' dir='ltr'><strong>peccavit,</strong></span> <span class='ocrx_word' id='word_1_116' title='bbox 849 1856 1033 1911; x_wconf 88' lang='lat' dir='ltr'><strong>anima</strong></span> <span class='ocrx_word' id='word_1_117' title='bbox 1067 1858 1258 1911; x_wconf 82' lang='lat' dir='ltr'><strong>interit</strong></span> <span class='ocrx_word' id='word_1_118' title='bbox 1289 1859 1368 1924; x_wconf 77' lang='grc'><strong>⁷⁸,</strong></span> <span class='ocrx_word' id='word_1_119' title='bbox 1423 1859 1689 1914; x_wconf 80' lang='lat' dir='ltr'><strong>vulnerati</strong></span> <span class='ocrx_word' id='word_1_120' title='bbox 1740 1861 1839 1924; x_wconf 79' lang='lat' dir='ltr'><strong>tui,</strong></span> <span class='ocrx_word' id='word_1_121' title='bbox 1874 1877 1976 1913; x_wconf 88' lang='lat' dir='ltr'><strong>non</strong></span> <span class='ocrx_word' id='word_1_122' title='bbox 2009 1860 2129 1914; x_wconf 78' lang='grc' dir='ltr'><strong>υυι-</strong></span> 
     </span>
    </p>
   </div>
   <div class='ocr_carea' id='block_1_19' title="bbox 543 1947 2131 2023">
    <p class='ocr_par' dir='ltr' id='par_1_19' title="bbox 543 1947 2131 2023">
     <span class='ocr_line' id='line_1_19' title="bbox 543 1947 2131 2023; baseline 0.003 -23"><span class='ocrx_word' id='word_1_123' title='bbox 543 1950 717 2003; x_wconf 73' lang='lat' dir='ltr'><strong>iterati</strong></span> <span class='ocrx_word' id='word_1_124' title='bbox 747 1947 912 2017; x_wconf 82' lang='lat' dir='ltr'><strong>ferro,</strong></span> <span class='ocrx_word' id='word_1_125' title='bbox 951 1951 1050 2004; x_wconf 88' lang='lat' dir='ltr'><strong>ait.</strong></span> <span class='ocrx_word' id='word_1_126' title='bbox 1097 1949 1312 2006; x_wconf 79' lang='lat' dir='ltr'><strong>Rursus</strong></span> <span class='ocrx_word' id='word_1_127' title='bbox 1342 1953 1487 2021; x_wconf 88' lang='lat' dir='ltr'><strong>quod</strong></span> <span class='ocrx_word' id='word_1_128' title='bbox 1517 1954 1782 2023; x_wconf 77' lang='lat' dir='ltr'><strong>principes</strong></span> <span class='ocrx_word' id='word_1_129' title='bbox 1821 1969 1998 2007; x_wconf 78' lang='lat' dir='ltr'><strong>omnes</strong></span> <span class='ocrx_word' id='word_1_130' title='bbox 2040 1953 2131 2021; x_wconf 78' lang='lat' dir='ltr'><strong>fu-</strong></span> 
     </span>
    </p>
   </div>
   <div class='ocr_carea' id='block_1_20' title="bbox 544 2036 2201 2113">
    <p class='ocr_par' dir='ltr' id='par_1_20' title="bbox 544 2036 2201 2113">
     <span class='ocr_line' id='line_1_20' title="bbox 544 2036 2201 2113; baseline 0.001 -24"><span class='ocrx_word' id='word_1_131' title='bbox 544 2041 684 2108; x_wconf 75' lang='lat' dir='ltr'><strong>gisse</strong></span> <span class='ocrx_word' id='word_1_132' title='bbox 735 2040 909 2104; x_wconf 81' lang='lat' dir='ltr'><strong>dixit,</strong></span> <span class='ocrx_word' id='word_1_133' title='bbox 963 2039 1274 2094; x_wconf 73' lang='lat' dir='ltr'><strong>deturbatos</strong></span> <span class='ocrx_word' id='word_1_134' title='bbox 1326 2057 1441 2096; x_wconf 82' lang='lat' dir='ltr'><strong>esse</strong></span> <span class='ocrx_word' id='word_1_135' title='bbox 1504 2039 1868 2113; x_wconf 79' lang='lat' dir='ltr'><strong>Symmachus</strong></span> <span class='ocrx_word' id='word_1_136' title='bbox 1909 2041 2124 2111; x_wconf 83' lang='lat' dir='ltr'><strong>posuit,</strong></span> <span class='ocrx_word' id='word_1_137' title='bbox 2159 2036 2201 2091; x_wconf 86' lang='grc' dir='ltr'><strong><em>Β</em></strong></span> 
     </span>
    </p>
   </div>
   <div class='ocr_carea' id='block_1_21' title="bbox 547 2129 2134 2204">
    <p class='ocr_par' dir='ltr' id='par_1_21' title="bbox 547 2129 2134 2204">
     <span class='ocr_line' id='line_1_21' title="bbox 547 2129 2134 2204; baseline 0.001 -18"><span class='ocrx_word' id='word_1_138' title='bbox 547 2129 858 2187; x_wconf 84' lang='lat' dir='ltr'><strong>Theodotio</strong></span> <span class='ocrx_word' id='word_1_139' title='bbox 901 2144 1192 2187; x_wconf 77' lang='lat' dir='ltr'><strong>commotos</strong></span> <span class='ocrx_word' id='word_1_140' title='bbox 1215 2173 1229 2197; x_wconf 94' lang='lat'><strong>,</strong></span> <span class='ocrx_word' id='word_1_141' title='bbox 1263 2133 1412 2188; x_wconf 91' lang='lat' dir='ltr'><strong>unde</strong></span> <span class='ocrx_word' id='word_1_142' title='bbox 1446 2135 1670 2204; x_wconf 81' lang='lat' dir='ltr'><strong>regibus</strong></span> <span class='ocrx_word' id='word_1_143' title='bbox 1693 2133 1806 2203; x_wconf 85' lang='lat' dir='ltr'><strong>jam</strong></span> <span class='ocrx_word' id='word_1_144' title='bbox 1846 2140 1899 2188; x_wconf 92' lang='lat' dir='ltr'><strong>et</strong></span> <span class='ocrx_word' id='word_1_145' title='bbox 1922 2134 2134 2203; x_wconf 90' lang='lat' dir='ltr'><strong>princi-</strong></span> 
     </span>
    </p>
   </div>
   <div class='ocr_carea' id='block_1_22' title="bbox 545 2222 2128 2296">
    <p class='ocr_par' dir='ltr' id='par_1_22' title="bbox 545 2222 2128 2296">
     <span class='ocr_line' id='line_1_22' title="bbox 545 2222 2128 2296; baseline 0.003 -20"><span class='ocrx_word' id='word_1_146' title='bbox 545 2222 729 2293; x_wconf 90' lang='lat' dir='ltr'><strong>pibus,</strong></span> <span class='ocrx_word' id='word_1_147' title='bbox 763 2223 1229 2296; x_wconf 82' lang='lat' dir='ltr'><strong>pontiﬁcibusque</strong></span> <span class='ocrx_word' id='word_1_148' title='bbox 1257 2236 1312 2281; x_wconf 92' lang='lat' dir='ltr'><strong>et</strong></span> <span class='ocrx_word' id='word_1_149' title='bbox 1362 2227 1673 2296; x_wconf 84' lang='lat' dir='ltr'><strong>prOpbetis,</strong></span> <span class='ocrx_word' id='word_1_150' title='bbox 1709 2235 1764 2279; x_wconf 91' lang='lat' dir='ltr'><strong>et</strong></span> <span class='ocrx_word' id='word_1_151' title='bbox 1810 2225 2128 2290; x_wconf 66' lang='lat' dir='ltr'><strong>Pharisaais,</strong></span> 
     </span>
    </p>
   </div>
   <div class='ocr_carea' id='block_1_23' title="bbox 544 2316 2126 2384">
    <p class='ocr_par' dir='ltr' id='par_1_23' title="bbox 544 2316 2126 2384">
     <span class='ocr_line' id='line_1_23' title="bbox 544 2316 2126 2384; baseline 0 -12"><span class='ocrx_word' id='word_1_152' title='bbox 544 2326 599 2372; x_wconf 86' lang='lat' dir='ltr'><strong>et</strong></span> <span class='ocrx_word' id='word_1_153' title='bbox 630 2316 951 2374; x_wconf 65' lang='lat' dir='ltr'><strong>Sadducaeis</strong></span> <span class='ocrx_word' id='word_1_154' title='bbox 977 2319 1141 2372; x_wconf 86' lang='lat' dir='ltr'><strong>etiam</strong></span> <span class='ocrx_word' id='word_1_155' title='bbox 1182 2334 1375 2374; x_wconf 81' lang='lat' dir='ltr'><strong>carere</strong></span> <span class='ocrx_word' id='word_1_156' title='bbox 1423 2319 1628 2373; x_wconf 87' lang='lat' dir='ltr'><strong>innuit.</strong></span> <span class='ocrx_word' id='word_1_157' title='bbox 1663 2318 1767 2384; x_wconf 82' lang='lat' dir='ltr'><strong>Qui</strong></span> <span class='ocrx_word' id='word_1_158' title='bbox 1800 2334 1931 2374; x_wconf 86' lang='lat' dir='ltr'><strong>vero</strong></span> <span class='ocrx_word' id='word_1_159' title='bbox 1962 2321 2126 2373; x_wconf 88' lang='lat' dir='ltr'><strong>etiam</strong></span> 
     </span>
    </p>
   </div>
   <div class='ocr_carea' id='block_1_24' title="bbox 544 2411 2129 2484">
    <p class='ocr_par' dir='ltr' id='par_1_24' title="bbox 544 2411 2129 2484">
     <span class='ocr_line' id='line_1_24' title="bbox 544 2411 2129 2484; baseline 0.003 -22"><span class='ocrx_word' id='word_1_160' title='bbox 544 2426 692 2464; x_wconf 91' lang='lat' dir='ltr'><strong>nunc</strong></span> <span class='ocrx_word' id='word_1_161' title='bbox 719 2411 1027 2466; x_wconf 77' lang='lat' dir='ltr'><strong>animarum</strong></span> <span class='ocrx_word' id='word_1_162' title='bbox 1063 2419 1439 2484; x_wconf 70' lang='lat' dir='ltr'><strong>expugnatore</strong></span> <span class='ocrx_word' id='word_1_163' title='bbox 1465 2412 1615 2482; x_wconf 83' lang='lat' dir='ltr'><strong>capti</strong></span> <span class='ocrx_word' id='word_1_164' title='bbox 1656 2423 1808 2472; x_wconf 88' lang='lat' dir='ltr'><strong>sunt.</strong></span> <span class='ocrx_word' id='word_1_165' title='bbox 1839 2412 2038 2468; x_wconf 88' lang='lat' dir='ltr'><strong>misere</strong></span> <span class='ocrx_word' id='word_1_166' title='bbox 2064 2426 2129 2467; x_wconf 89' lang='lat' dir='ltr'><strong>ac</strong></span> 
     </span>
    </p>
   </div>
   <div class='ocr_carea' id='block_1_25' title="bbox 543 2503 2128 2575">
    <p class='ocr_par' dir='ltr' id='par_1_25' title="bbox 543 2503 2128 2575">
     <span class='ocr_line' id='line_1_25' title="bbox 543 2503 2128 2575; baseline 0.001 -18"><span class='ocrx_word' id='word_1_167' title='bbox 543 2503 760 2559; x_wconf 89' lang='lat' dir='ltr'><strong>duriter</strong></span> <span class='ocrx_word' id='word_1_168' title='bbox 792 2504 849 2559; x_wconf 91' lang='lat' dir='ltr'><strong>in</strong></span> <span class='ocrx_word' id='word_1_169' title='bbox 881 2505 1125 2559; x_wconf 83' lang='lat' dir='ltr'><strong>vinculis</strong></span> <span class='ocrx_word' id='word_1_170' title='bbox 1161 2505 1502 2560; x_wconf 77' lang='lat' dir='ltr'><strong>detinentur.</strong></span> <span class='ocrx_word' id='word_1_171' title='bbox 1557 2507 1628 2559; x_wconf 83' lang='lat' dir='ltr'><strong>At</strong></span> <span class='ocrx_word' id='word_1_172' title='bbox 1666 2521 1858 2560; x_wconf 88' lang='lat' dir='ltr'><strong>eorum</strong></span> <span class='ocrx_word' id='word_1_173' title='bbox 1906 2520 2128 2575; x_wconf 82' lang='lat' dir='ltr'><strong>gravem</strong></span> 
     </span>
    </p>
   </div>
   <div class='ocr_carea' id='block_1_26' title="bbox 541 2594 2130 2667">
    <p class='ocr_par' dir='ltr' id='par_1_26' title="bbox 541 2594 2130 2667">
     <span class='ocr_line' id='line_1_26' title="bbox 541 2594 2130 2667; baseline 0.002 -17"><span class='ocrx_word' id='word_1_174' title='bbox 541 2594 678 2651; x_wconf 86' lang='lat' dir='ltr'><strong>adeo</strong></span> <span class='ocrx_word' id='word_1_175' title='bbox 701 2611 893 2653; x_wconf 88' lang='lat' dir='ltr'><strong>casum</strong></span> <span class='ocrx_word' id='word_1_176' title='bbox 933 2596 1170 2652; x_wconf 88' lang='lat' dir='ltr'><strong>intuitus</strong></span> <span class='ocrx_word' id='word_1_177' title='bbox 1202 2598 1492 2667; x_wconf 86' lang='lat' dir='ltr'><strong>propheta,</strong></span> <span class='ocrx_word' id='word_1_178' title='bbox 1523 2598 1676 2652; x_wconf 87' lang='lat' dir='ltr'><strong>luctu</strong></span> <span class='ocrx_word' id='word_1_179' title='bbox 1703 2598 1771 2652; x_wconf 89' lang='lat' dir='ltr'><strong>ad</strong></span> <span class='ocrx_word' id='word_1_180' title='bbox 1797 2597 2130 2653; x_wconf 87' lang='lat' dir='ltr'><strong>calamitatis</strong></span> 
     </span>
    </p>
   </div>
   <div class='ocr_carea' id='block_1_27' title="bbox 543 2687 2127 2761">
    <p class='ocr_par' dir='ltr' id='par_1_27' title="bbox 543 2687 2127 2761">
     <span class='ocr_line' id='line_1_27' title="bbox 543 2687 2127 2761; baseline 0.001 -21"><span class='ocrx_word' id='word_1_181' title='bbox 543 2687 767 2742; x_wconf 89' lang='lat' dir='ltr'><strong>modum</strong></span> <span class='ocrx_word' id='word_1_182' title='bbox 824 2697 1152 2760; x_wconf 89' lang='lat' dir='ltr'><strong>temperato,</strong></span> <span class='ocrx_word' id='word_1_183' title='bbox 1191 2690 1372 2761; x_wconf 78' lang='lat' dir='ltr'><strong>gentis</strong></span> <span class='ocrx_word' id='word_1_184' title='bbox 1411 2691 1619 2746; x_wconf 89' lang='lat' dir='ltr'><strong>instare</strong></span> <span class='ocrx_word' id='word_1_185' title='bbox 1682 2706 1792 2746; x_wconf 91' lang='lat' dir='ltr'><strong>non</strong></span> <span class='ocrx_word' id='word_1_186' title='bbox 1839 2689 2127 2760; x_wconf 89' lang='lat' dir='ltr'><strong>repudium</strong></span> 
     </span>
    </p>
   </div>
   <div class='ocr_carea' id='block_1_28' title="bbox 545 2784 2130 2857">
    <p class='ocr_par' dir='ltr' id='par_1_28' title="bbox 545 2784 2130 2857">
     <span class='ocr_line' id='line_1_28' title="bbox 545 2784 2130 2857; baseline 0.003 -22"><span class='ocrx_word' id='word_1_187' title='bbox 545 2790 782 2850; x_wconf 89' lang='lat' dir='ltr'><strong>tantum,</strong></span> <span class='ocrx_word' id='word_1_188' title='bbox 814 2785 910 2840; x_wconf 90' lang='lat' dir='ltr'><strong>sed</strong></span> <span class='ocrx_word' id='word_1_189' title='bbox 961 2784 1116 2840; x_wconf 86' lang='lat' dir='ltr'><strong>urbis</strong></span> <span class='ocrx_word' id='word_1_190' title='bbox 1160 2784 1328 2839; x_wconf 89' lang='lat' dir='ltr'><strong>etiam</strong></span> <span class='ocrx_word' id='word_1_191' title='bbox 1364 2786 1854 2857; x_wconf 74' lang='lat' dir='ltr'><strong>expugnationem,</strong></span> <span class='ocrx_word' id='word_1_192' title='bbox 1885 2785 2130 2854; x_wconf 88' lang='lat' dir='ltr'><strong>trepida-</strong></span> 
     </span>
    </p>
   </div>
   <div class='ocr_carea' id='block_1_29' title="bbox 541 2873 2128 2945">
    <p class='ocr_par' dir='ltr' id='par_1_29' title="bbox 541 2873 2128 2945">
     <span class='ocr_line' id='line_1_29' title="bbox 541 2873 2128 2945; baseline 0.003 -21"><span class='ocrx_word' id='word_1_193' title='bbox 541 2873 773 2940; x_wconf 87' lang='lat' dir='ltr'><strong>tionem,</strong></span> <span class='ocrx_word' id='word_1_194' title='bbox 804 2875 1006 2930; x_wconf 85' lang='lat' dir='ltr'><strong>civium</strong></span> <span class='ocrx_word' id='word_1_195' title='bbox 1034 2876 1371 2930; x_wconf 83' lang='lat' dir='ltr'><strong>errationem</strong></span> <span class='ocrx_word' id='word_1_196' title='bbox 1414 2886 1469 2932; x_wconf 92' lang='lat' dir='ltr'><strong>et</strong></span> <span class='ocrx_word' id='word_1_197' title='bbox 1505 2877 1917 2932; x_wconf 87' lang='lat' dir='ltr'><strong>derelictionem</strong></span> <span class='ocrx_word' id='word_1_198' title='bbox 1951 2875 2128 2945; x_wconf 80' lang='lat' dir='ltr'><strong>signi-</strong></span> 
     </span>
    </p>
   </div>
   <div class='ocr_carea' id='block_1_30' title="bbox 541 2968 2133 3040">
    <p class='ocr_par' dir='ltr' id='par_1_30' title="bbox 541 2968 2133 3040">
     <span class='ocr_line' id='line_1_30' title="bbox 541 2968 2133 3040; baseline 0.001 -20"><span class='ocrx_word' id='word_1_199' title='bbox 541 2968 762 3032; x_wconf 76' lang='lat' dir='ltr'><strong>ﬁcavit.</strong></span> <span class='ocrx_word' id='word_1_200' title='bbox 803 2969 968 3040; x_wconf 77' lang='lat'><strong>290</strong></span> <span class='ocrx_word' id='word_1_201' title='bbox 1021 2969 1231 3024; x_wconf 89' lang='lat' dir='ltr'><strong>Deinde</strong></span> <span class='ocrx_word' id='word_1_202' title='bbox 1261 2968 1409 3039; x_wconf 89' lang='lat' dir='ltr'><strong>quod</strong></span> <span class='ocrx_word' id='word_1_203' title='bbox 1453 2968 1718 3024; x_wconf 81' lang='lat' dir='ltr'><strong>Elamitas</strong></span> <span class='ocrx_word' id='word_1_204' title='bbox 1747 2969 2015 3033; x_wconf 84' lang='lat' dir='ltr'><strong>nominat,</strong></span> <span class='ocrx_word' id='word_1_205' title='bbox 2067 2982 2133 3024; x_wconf 92' lang='lat' dir='ltr'><strong>eo</strong></span> 
     </span>
    </p>
   </div>
   <div class='ocr_carea' id='block_1_31' title="bbox 541 3058 2129 3133">
    <p class='ocr_par' dir='ltr' id='par_1_31' title="bbox 541 3058 2129 3133">
     <span class='ocr_line' id='line_1_31' title="bbox 541 3058 2129 3133; baseline 0.002 -21"><span class='ocrx_word' id='word_1_206' title='bbox 541 3058 596 3113; x_wconf 85' lang='lat' dir='ltr'><strong>id</strong></span> <span class='ocrx_word' id='word_1_207' title='bbox 622 3058 778 3124; x_wconf 75' lang='lat' dir='ltr'><strong>facit,</strong></span> <span class='ocrx_word' id='word_1_208' title='bbox 813 3068 872 3114; x_wconf 89' lang='lat' dir='ltr'><strong>ut</strong></span> <span class='ocrx_word' id='word_1_209' title='bbox 914 3060 1224 3118; x_wconf 86' lang='lat' dir='ltr'><strong>invisibiles</strong></span> <span class='ocrx_word' id='word_1_210' title='bbox 1268 3062 1612 3132; x_wconf 85' lang='lat' dir='ltr'><strong>hostilesque</strong></span> <span class='ocrx_word' id='word_1_211' title='bbox 1645 3069 1969 3133; x_wconf 87' lang='lat' dir='ltr'><strong>potestates,</strong></span> <span class='ocrx_word' id='word_1_212' title='bbox 2002 3062 2129 3131; x_wconf 88' lang='lat' dir='ltr'><strong>qui-</strong></span> 
     </span>
    </p>
   </div>
   <div class='ocr_carea' id='block_1_32' title="bbox 540 3149 2132 3224">
    <p class='ocr_par' dir='ltr' id='par_1_32' title="bbox 540 3149 2132 3224">
     <span class='ocr_line' id='line_1_32' title="bbox 540 3149 2132 3224; baseline 0.004 -21"><span class='ocrx_word' id='word_1_213' title='bbox 540 3149 645 3205; x_wconf 86' lang='lat' dir='ltr'><strong>bus</strong></span> <span class='ocrx_word' id='word_1_214' title='bbox 687 3168 714 3203; x_wconf 85' lang='lat' dir='ltr'><strong>a</strong></span> <span class='ocrx_word' id='word_1_215' title='bbox 751 3151 863 3207; x_wconf 86' lang='lat' dir='ltr'><strong>Deo</strong></span> <span class='ocrx_word' id='word_1_216' title='bbox 911 3153 1098 3208; x_wconf 83' lang='lat' dir='ltr'><strong>traditi</strong></span> <span class='ocrx_word' id='word_1_217' title='bbox 1129 3162 1284 3218; x_wconf 86' lang='lat' dir='ltr'><strong>sunt,</strong></span> <span class='ocrx_word' id='word_1_218' title='bbox 1336 3155 1607 3224; x_wconf 85' lang='lat' dir='ltr'><strong>designet,</strong></span> <span class='ocrx_word' id='word_1_219' title='bbox 1641 3155 1740 3224; x_wconf 93' lang='lat' dir='ltr'><strong>qui</strong></span> <span class='ocrx_word' id='word_1_220' title='bbox 1786 3161 1841 3208; x_wconf 94' lang='lat' dir='ltr'><strong>et</strong></span> <span class='ocrx_word' id='word_1_221' title='bbox 1884 3153 2132 3209; x_wconf 86' lang='lat' dir='ltr'><strong>nominis</strong></span> 
     </span>
    </p>
   </div>
   <div class='ocr_carea' id='block_1_33' title="bbox 539 3244 1854 3314">
    <p class='ocr_par' dir='ltr' id='par_1_33' title="bbox 539 3244 1854 3314">
     <span class='ocr_line' id='line_1_33' title="bbox 539 3244 1854 3314; baseline 0.004 -18"><span class='ocrx_word' id='word_1_222' title='bbox 539 3244 876 3313; x_wconf 85' lang='lat' dir='ltr'><strong>proprietate</strong></span> <span class='ocrx_word' id='word_1_223' title='bbox 959 3246 1083 3302; x_wconf 90' lang='lat' dir='ltr'><strong>ideo</strong></span> <span class='ocrx_word' id='word_1_224' title='bbox 1167 3255 1578 3314; x_wconf 82' lang='lat' dir='ltr'><strong>contemptores</strong></span> <span class='ocrx_word' id='word_1_225' title='bbox 1632 3255 1854 3308; x_wconf 88' lang='lat' dir='ltr'><strong>sonant,</strong></span> 
     </span>
    </p>
   </div>
   <div class='ocr_carea' id='block_1_34' title="bbox 542 3343 694 3388">
    <p class='ocr_par' dir='ltr' id='par_1_34' title="bbox 542 3343 694 3388">
     <span class='ocr_line' id='line_1_34' title="bbox 542 3343 694 3388; baseline 0 0"><span class='ocrx_word' id='word_1_226' title='bbox 542 3343 694 3388; x_wconf 90' lang='lat' dir='ltr'><strong>cant.</strong></span> 
     </span>
    </p>
   </div>
   <div class='ocr_carea' id='block_1_35' title="bbox 2233 754 3822 831">
    <p class='ocr_par' dir='ltr' id='par_1_35' title="bbox 2233 754 3822 831">
     <span class='ocr_line' id='line_1_35' title="bbox 2233 754 3822 831; baseline -0.002 -19"><span class='ocrx_word' id='word_1_227' title='bbox 2233 760 2391 831; x_wconf 81' lang='grc' dir='ltr'><strong>Πάσῃ</strong></span> <span class='ocrx_word' id='word_1_228' title='bbox 2419 759 2528 828; x_wconf 83' lang='grc' dir='ltr'>γὰρ</span> <span class='ocrx_word' id='word_1_229' title='bbox 2564 760 2734 830; x_wconf 83' lang='grc' dir='ltr'>ἀρετῇ</span> <span class='ocrx_word' id='word_1_230' title='bbox 2762 757 2932 811; x_wconf 81' lang='grc' dir='ltr'>κακία</span> <span class='ocrx_word' id='word_1_231' title='bbox 2966 757 3325 829; x_wconf 82' lang='grc' dir='ltr'>παράκειται,</span> <span class='ocrx_word' id='word_1_232' title='bbox 3363 757 3455 819; x_wconf 75' lang='grc' dir='ltr'>εἰς</span> <span class='ocrx_word' id='word_1_233' title='bbox 3481 754 3556 824; x_wconf 81' lang='grc' dir='ltr'><strong>ἣν</strong></span> <span class='ocrx_word' id='word_1_234' title='bbox 3586 754 3822 810; x_wconf 76' lang='grc' dir='ltr'>ἐκπίπτει</span> 
     </span>
    </p>
   </div>
   <div class='ocr_carea' id='block_1_36' title="bbox 2231 845 3824 922">
    <p class='ocr_par' dir='ltr' id='par_1_36' title="bbox 2231 845 3824 922">
     <span class='ocr_line' id='line_1_36' title="bbox 2231 845 3824 922; baseline -0.005 -16"><span class='ocrx_word' id='word_1_235' title='bbox 2231 869 2316 916; x_wconf 88' lang='grc' dir='ltr'><strong>τις</strong></span> <span class='ocrx_word' id='word_1_236' title='bbox 2340 852 2557 922; x_wconf 78' lang='grc' dir='ltr'>ἐκείνης</span> <span class='ocrx_word' id='word_1_237' title='bbox 2585 847 2928 921; x_wconf 86' lang='grc' dir='ltr'>διαμαρτὼν,</span> <span class='ocrx_word' id='word_1_238' title='bbox 2951 849 3026 912; x_wconf 84' lang='grc' dir='ltr'><strong>ὡς</strong></span> <span class='ocrx_word' id='word_1_239' title='bbox 3043 851 3070 902; x_wconf 90' lang='grc' dir='ltr'>ὁ</span> <span class='ocrx_word' id='word_1_240' title='bbox 3090 851 3168 912; x_wconf 84' lang='grc' dir='ltr'>εἰς</span> <span class='ocrx_word' id='word_1_241' title='bbox 3197 847 3483 901; x_wconf 76' lang='grc' dir='ltr'><strong>ἀπιστίαν</strong></span> <span class='ocrx_word' id='word_1_242' title='bbox 3497 848 3567 898; x_wconf 79' lang='grc' dir='ltr'><strong>ἐκ</strong></span> <span class='ocrx_word' id='word_1_243' title='bbox 3587 845 3824 898; x_wconf 74' lang='grc' dir='ltr'>πίστεως.</span> 
     </span>
    </p>
   </div>
   <div class='ocr_carea' id='block_1_37' title="bbox 2232 935 3828 1013">
    <p class='ocr_par' dir='ltr' id='par_1_37' title="bbox 2232 935 3828 1013">
     <span class='ocr_line' id='line_1_37' title="bbox 2232 935 3828 1013; baseline -0.004 -18"><span class='ocrx_word' id='word_1_244' title='bbox 2232 943 2327 1006; x_wconf 80' lang='grc' dir='ltr'><strong>Εἰς</strong></span> <span class='ocrx_word' id='word_1_245' title='bbox 2372 942 2442 1013; x_wconf 81' lang='grc' dir='ltr'><strong>ἢν</strong></span> <span class='ocrx_word' id='word_1_246' title='bbox 2470 942 2519 994; x_wconf 82' lang='grc' dir='ltr'>οἱ</span> <span class='ocrx_word' id='word_1_247' title='bbox 2544 941 2607 993; x_wconf 87' lang='grc' dir='ltr'><strong>ἐκ</strong></span> <span class='ocrx_word' id='word_1_248' title='bbox 2635 938 2939 1010; x_wconf 80' lang='grc' dir='ltr'><strong>περιτομῆς</strong></span> <span class='ocrx_word' id='word_1_249' title='bbox 2992 938 3429 1008; x_wconf 74' lang='grc' dir='ltr'><strong>κατηνέχθησαν</strong></span> <span class='ocrx_word' id='word_1_250' title='bbox 3467 936 3532 1002; x_wconf 80' lang='grc' dir='ltr'>ἐξ</span> <span class='ocrx_word' id='word_1_251' title='bbox 3565 935 3731 1003; x_wconf 60' lang='grc' dir='ltr'>ὕψους</span> <span class='ocrx_word' id='word_1_252' title='bbox 3751 937 3828 988; x_wconf 62' lang='grc' dir='ltr'><strong>εὖ-</strong></span> 
     </span>
    </p>
   </div>
   <div class='ocr_carea' id='block_1_38' title="bbox 2231 1028 3829 1104">
    <p class='ocr_par' dir='ltr' id='par_1_38' title="bbox 2231 1028 3829 1104">
     <span class='ocr_line' id='line_1_38' title="bbox 2231 1028 3829 1104; baseline -0.004 -18"><span class='ocrx_word' id='word_1_253' title='bbox 2231 1032 2524 1102; x_wconf 81' lang='grc' dir='ltr'>αγγελικοῦ</span> <span class='ocrx_word' id='word_1_254' title='bbox 2577 1034 2672 1087; x_wconf 79' lang='grc' dir='ltr'><strong>καὶ</strong></span> <span class='ocrx_word' id='word_1_255' title='bbox 2719 1032 2819 1104; x_wconf 87' lang='grc' dir='ltr'>τῆς</span> <span class='ocrx_word' id='word_1_256' title='bbox 2851 1032 3176 1102; x_wconf 75' lang='grc' dir='ltr'><strong>ἐπουρανίου</strong></span> <span class='ocrx_word' id='word_1_257' title='bbox 3210 1031 3393 1084; x_wconf 75' lang='grc' dir='ltr'><strong>Σιών.</strong></span> <span class='ocrx_word' id='word_1_258' title='bbox 3431 1028 3645 1098; x_wconf 82' lang='grc' dir='ltr'><strong>Διόπερ</strong></span> <span class='ocrx_word' id='word_1_259' title='bbox 3673 1029 3727 1080; x_wconf 87' lang='grc' dir='ltr'><strong>ἐν</strong></span> <span class='ocrx_word' id='word_1_260' title='bbox 3754 1028 3829 1080; x_wconf 80' lang='grc' dir='ltr'>ἀλ-</span> 
     </span>
    </p>
   </div>
   <div class='ocr_carea' id='block_1_39' title="bbox 2231 1117 3827 1195">
    <p class='ocr_par' dir='ltr' id='par_1_39' title="bbox 2231 1117 3827 1195">
     <span class='ocr_line' id='line_1_39' title="bbox 2231 1117 3827 1195; baseline -0.006 -17"><span class='ocrx_word' id='word_1_261' title='bbox 2231 1125 2481 1194; x_wconf 71' lang='grc' dir='ltr'>λοφύλοις</span> <span class='ocrx_word' id='word_1_262' title='bbox 2513 1123 2838 1195; x_wconf 80' lang='grc' dir='ltr'><strong>ἐτάχθησαν,</strong></span> <span class='ocrx_word' id='word_1_263' title='bbox 2866 1123 3001 1176; x_wconf 85' lang='grc' dir='ltr'><strong>ἀλλά</strong></span> <span class='ocrx_word' id='word_1_264' title='bbox 3030 1123 3124 1176; x_wconf 61' lang='grc' dir='ltr'><strong>καλ¹</strong></span> <span class='ocrx_word' id='word_1_265' title='bbox 3155 1122 3301 1175; x_wconf 75' lang='grc' dir='ltr'>οὕτω</span> <span class='ocrx_word' id='word_1_266' title='bbox 3354 1117 3827 1188; x_wconf 74' lang='grc' dir='ltr'>δυσπραγοῦντες,</span> 
     </span>
    </p>
   </div>
   <div class='ocr_carea' id='block_1_40' title="bbox 2232 1210 3826 1286">
    <p class='ocr_par' dir='ltr' id='par_1_40' title="bbox 2232 1210 3826 1286">
     <span class='ocr_line' id='line_1_40' title="bbox 2232 1210 3826 1286; baseline -0.004 -16"><span class='ocrx_word' id='word_1_267' title='bbox 2232 1216 2358 1286; x_wconf 79' lang='grc' dir='ltr'>εικῆ</span> <span class='ocrx_word' id='word_1_268' title='bbox 2389 1214 2721 1286; x_wconf 81' lang='grc' dir='ltr'>φυσιὼμενοι</span> <span class='ocrx_word' id='word_1_269' title='bbox 2757 1214 2912 1286; x_wconf 82' lang='grc' dir='ltr'>παρὰ</span> <span class='ocrx_word' id='word_1_270' title='bbox 2940 1216 3039 1284; x_wconf 82' lang='grc' dir='ltr'>τῆς</span> <span class='ocrx_word' id='word_1_271' title='bbox 3067 1212 3428 1284; x_wconf 75' lang='grc' dir='ltr'><strong>προφητείας</strong></span> <span class='ocrx_word' id='word_1_272' title='bbox 3458 1210 3746 1271; x_wconf 84' lang='grc' dir='ltr'>ἀκούουσι.</span> <span class='ocrx_word' id='word_1_273' title='bbox 3775 1214 3826 1264; x_wconf 89' lang='grc' dir='ltr'><strong>Τί</strong></span> 
     </span>
    </p>
   </div>
   <div class='ocr_carea' id='block_1_41' title="bbox 2230 1298 3829 1375">
    <p class='ocr_par' dir='ltr' id='par_1_41' title="bbox 2230 1298 3829 1375">
     <span class='ocr_line' id='line_1_41' title="bbox 2230 1298 3829 1375; baseline -0.006 -15"><span class='ocrx_word' id='word_1_274' title='bbox 2230 1306 2470 1375; x_wconf 73' lang='grc' dir='ltr'>ἐγένετό</span> <span class='ocrx_word' id='word_1_275' title='bbox 2489 1320 2609 1368; x_wconf 89' lang='grc' dir='ltr'>σοι,</span> <span class='ocrx_word' id='word_1_276' title='bbox 2628 1304 2718 1358; x_wconf 86' lang='grc' dir='ltr'>ὅτι</span> <span class='ocrx_word' id='word_1_277' title='bbox 2747 1303 3000 1372; x_wconf 81' lang='grc' dir='ltr'>ἀνέϐητε</span> <span class='ocrx_word' id='word_1_278' title='bbox 3045 1301 3269 1368; x_wconf 75' lang='grc' dir='ltr'>πάντες</span> <span class='ocrx_word' id='word_1_279' title='bbox 3297 1304 3402 1367; x_wconf 82' lang='grc' dir='ltr'>εἰς</span> <span class='ocrx_word' id='word_1_280' title='bbox 3457 1298 3706 1365; x_wconf 81' lang='grc' dir='ltr'>δώματα</span> <span class='ocrx_word' id='word_1_281' title='bbox 3731 1298 3829 1368; x_wconf 82' lang='grc' dir='ltr'><strong>μά-</strong></span> 
     </span>
    </p>
   </div>
   <div class='ocr_carea' id='block_1_42' title="bbox 2230 1389 3825 1469">
    <p class='ocr_par' dir='ltr' id='par_1_42' title="bbox 2230 1389 3825 1469">
     <span class='ocr_line' id='line_1_42' title="bbox 2230 1389 3825 1469; baseline -0.005 -16"><span class='ocrx_word' id='word_1_282' title='bbox 2230 1416 2396 1464; x_wconf 81' lang='grc' dir='ltr'>ταια;</span> <span class='ocrx_word' id='word_1_283' title='bbox 2422 1399 2520 1452; x_wconf 79' lang='grc' dir='ltr'>καὶ</span> <span class='ocrx_word' id='word_1_284' title='bbox 2557 1397 2702 1452; x_wconf 87' lang='grc' dir='ltr'>κατὰ</span> <span class='ocrx_word' id='word_1_285' title='bbox 2733 1396 2976 1469; x_wconf 77' lang='grc' dir='ltr'><strong>Χριστοῦ</strong></span> <span class='ocrx_word' id='word_1_286' title='bbox 3002 1396 3087 1459; x_wconf 82' lang='grc' dir='ltr'><strong>τὸ,</strong></span> <span class='ocrx_word' id='word_1_287' title='bbox 3126 1416 3145 1448; x_wconf 80' lang='grc' dir='ltr'><strong>ι</strong></span> <span class='ocrx_word' id='word_1_288' title='bbox 3168 1390 3328 1466; x_wconf 83' lang='grc' dir='ltr'>Αἶρε,</span> <span class='ocrx_word' id='word_1_289' title='bbox 3364 1389 3529 1465; x_wconf 78' lang='grc' dir='ltr'>αἶρε,</span> <span class='ocrx_word' id='word_1_290' title='bbox 3561 1393 3656 1446; x_wconf 87' lang='grc' dir='ltr'><strong>καί</strong></span> <span class='ocrx_word' id='word_1_291' title='bbox 3682 1394 3825 1446; x_wconf 82' lang='grc' dir='ltr'>σταύ-</span> 
     </span>
    </p>
   </div>
   <div class='ocr_carea' id='block_1_43' title="bbox 2234 1488 3825 1566">
    <p class='ocr_par' dir='ltr' id='par_1_43' title="bbox 2234 1488 3825 1566">
     <span class='ocr_line' id='line_1_43' title="bbox 2234 1488 3825 1566; baseline -0.003 -19"><span class='ocrx_word' id='word_1_292' title='bbox 2234 1511 2351 1566; x_wconf 90' lang='grc' dir='ltr'>ρου,</span> <span class='ocrx_word' id='word_1_293' title='bbox 2365 1513 2384 1546; x_wconf 73' lang='grc' dir='ltr'><strong>ι</strong></span> <span class='ocrx_word' id='word_1_294' title='bbox 2408 1493 2744 1565; x_wconf 85' lang='grc' dir='ltr'>βοησὰντων,</span> <span class='ocrx_word' id='word_1_295' title='bbox 2765 1493 2956 1564; x_wconf 82' lang='grc' dir='ltr'>φησὶν,</span> <span class='ocrx_word' id='word_1_296' title='bbox 2978 1492 3285 1563; x_wconf 82' lang='grc' dir='ltr'>ἐνεπλήσθη</span> <span class='ocrx_word' id='word_1_297' title='bbox 3304 1493 3343 1562; x_wconf 83' lang='grc' dir='ltr'><strong>ἡ</strong></span> <span class='ocrx_word' id='word_1_298' title='bbox 3372 1489 3549 1553; x_wconf 82' lang='grc' dir='ltr'>πόλις</span> <span class='ocrx_word' id='word_1_299' title='bbox 3575 1488 3825 1559; x_wconf 74' lang='grc' dir='ltr'>βοιὲιντων.</span> 
     </span>
    </p>
   </div>
   <div class='ocr_carea' id='block_1_44' title="bbox 2230 1581 3823 1660">
    <p class='ocr_par' dir='ltr' id='par_1_44' title="bbox 2230 1581 3823 1660">
     <span class='ocr_line' id='line_1_44' title="bbox 2230 1581 3823 1660; baseline -0.004 -20"><span class='ocrx_word' id='word_1_300' title='bbox 2230 1587 2340 1640; x_wconf 70' lang='grc' dir='ltr'><strong>Καὶ</strong></span> <span class='ocrx_word' id='word_1_301' title='bbox 2368 1587 2492 1640; x_wconf 73' lang='grc' dir='ltr'>ἐπεὶ</span> <span class='ocrx_word' id='word_1_302' title='bbox 2519 1586 2667 1640; x_wconf 77' lang='grc' dir='ltr'>ἔστιν</span> <span class='ocrx_word' id='word_1_303' title='bbox 2696 1585 2942 1660; x_wconf 78' lang='grc' dir='ltr'>ἁμαρτία</span> <span class='ocrx_word' id='word_1_304' title='bbox 2970 1586 3108 1657; x_wconf 80' lang='grc' dir='ltr'>πρὸς</span> <span class='ocrx_word' id='word_1_305' title='bbox 3132 1584 3397 1647; x_wconf 83' lang='grc' dir='ltr'>θάνατον,</span> <span class='ocrx_word' id='word_1_306' title='bbox 3435 1582 3572 1638; x_wconf 86' lang='grc' dir='ltr'>καθ’</span> <span class='ocrx_word' id='word_1_307' title='bbox 3604 1582 3674 1651; x_wconf 76' lang='grc' dir='ltr'><strong>ἣν</strong></span> <span class='ocrx_word' id='word_1_308' title='bbox 3698 1581 3823 1654; x_wconf 69' lang='grc' dir='ltr'>ψυχὴ</span> 
     </span>
    </p>
   </div>
   <div class='ocr_carea' id='block_1_45' title="bbox 2229 1677 3821 1752">
    <p class='ocr_par' dir='ltr' id='par_1_45' title="bbox 2229 1677 3821 1752">
     <span class='ocr_line' id='line_1_45' title="bbox 2229 1677 3821 1752; baseline -0.002 -18"><span class='ocrx_word' id='word_1_309' title='bbox 2229 1682 2640 1752; x_wconf 72' lang='grc' dir='ltr'><strong>ἁμαρτάνουσα,</strong></span> <span class='ocrx_word' id='word_1_310' title='bbox 2665 1681 2804 1752; x_wconf 79' lang='grc' dir='ltr'>αὐτὴ</span> <span class='ocrx_word' id='word_1_311' title='bbox 2834 1680 3208 1742; x_wconf 84' lang='grc' dir='ltr'>ἀποθανεῖται,</span> <span class='ocrx_word' id='word_1_312' title='bbox 3230 1681 3290 1732; x_wconf 81' lang='grc' dir='ltr'>αὶ</span> <span class='ocrx_word' id='word_1_313' title='bbox 3307 1677 3685 1746; x_wconf 75' lang='grc' dir='ltr'><strong>τραυματίαι</strong></span> <span class='ocrx_word' id='word_1_314' title='bbox 3704 1694 3821 1742; x_wconf 84' lang='grc' dir='ltr'>σου,</span> 
     </span>
    </p>
   </div>
   <div class='ocr_carea' id='block_1_46' title="bbox 2231 1768 3819 1844">
    <p class='ocr_par' dir='ltr' id='par_1_46' title="bbox 2231 1768 3819 1844">
     <span class='ocr_line' id='line_1_46' title="bbox 2231 1768 3819 1844; baseline -0.012 -16"><span class='ocrx_word' id='word_1_315' title='bbox 2231 1773 2417 1844; x_wconf 74' lang='grc' dir='ltr'>φησὶν,</span> <span class='ocrx_word' id='word_1_316' title='bbox 2448 1775 2521 1828; x_wconf 89' lang='grc' dir='ltr'>οὺ</span> <span class='ocrx_word' id='word_1_317' title='bbox 2564 1775 2914 1844; x_wconf 80' lang='grc' dir='ltr'><strong>τραυματίαι</strong></span> <span class='ocrx_word' id='word_1_318' title='bbox 2941 1774 3262 1842; x_wconf 79' lang='grc' dir='ltr'>μαχαίρας.</span> <span class='ocrx_word' id='word_1_319' title='bbox 3293 1771 3418 1823; x_wconf 73' lang='grc' dir='ltr'>Καὶ</span> <span class='ocrx_word' id='word_1_320' title='bbox 3450 1768 3702 1834; x_wconf 79' lang='grc' dir='ltr'>πάντες,</span> <span class='ocrx_word' id='word_1_321' title='bbox 3730 1787 3819 1839; x_wconf 71' lang='grc' dir='ltr'><strong>φη-</strong></span> 
     </span>
    </p>
   </div>
   <div class='ocr_carea' id='block_1_47' title="bbox 2233 1863 3821 1935">
    <p class='ocr_par' dir='ltr' id='par_1_47' title="bbox 2233 1863 3821 1935">
     <span class='ocr_line' id='line_1_47' title="bbox 2233 1863 3821 1935; baseline -0.003 -16"><span class='ocrx_word' id='word_1_322' title='bbox 2233 1867 2338 1931; x_wconf 71' lang='lat' dir='ltr'><strong>civ,</strong></span> <span class='ocrx_word' id='word_1_323' title='bbox 2362 1869 2418 1920; x_wconf 81' lang='grc' dir='ltr'>οἱ</span> <span class='ocrx_word' id='word_1_324' title='bbox 2447 1866 2736 1935; x_wconf 79' lang='grc' dir='ltr'>ἄρχοντές</span> <span class='ocrx_word' id='word_1_325' title='bbox 2785 1882 2902 1920; x_wconf 87' lang='grc' dir='ltr'>σου</span> <span class='ocrx_word' id='word_1_326' title='bbox 2963 1865 3370 1934; x_wconf 64' lang='grc' dir='ltr'>πεφεύγασιν.</span> <span class='ocrx_word' id='word_1_327' title='bbox 3414 1863 3587 1917; x_wconf 85' lang='grc' dir='ltr'>Κατά</span> <span class='ocrx_word' id='word_1_328' title='bbox 3613 1863 3668 1915; x_wconf 87' lang='grc' dir='ltr'><strong>δέ</strong></span> <span class='ocrx_word' id='word_1_329' title='bbox 3696 1863 3821 1932; x_wconf 78' lang='grc' dir='ltr'>Σύμ-</span> 
     </span>
    </p>
   </div>
   <div class='ocr_carea' id='block_1_48' title="bbox 2235 1955 3819 2029">
    <p class='ocr_par' dir='ltr' id='par_1_48' title="bbox 2235 1955 3819 2029">
     <span class='ocr_line' id='line_1_48' title="bbox 2235 1955 3819 2029; baseline -0.004 -17"><span class='ocrx_word' id='word_1_330' title='bbox 2235 1976 2406 2029; x_wconf 87' lang='grc' dir='ltr'>μαχον</span> <span class='ocrx_word' id='word_1_331' title='bbox 2426 1957 2956 2024; x_wconf 78' lang='grc' dir='ltr'>ἁνεστατώϐησαν,</span> <span class='ocrx_word' id='word_1_332' title='bbox 2989 1957 3134 2010; x_wconf 80' lang='grc' dir='ltr'>κατὰ</span> <span class='ocrx_word' id='word_1_333' title='bbox 3149 1957 3207 2010; x_wconf 82' lang='grc' dir='ltr'>δὲ</span> <span class='ocrx_word' id='word_1_334' title='bbox 3237 1955 3596 2009; x_wconf 79' lang='grc' dir='ltr'>Θεσδοτῖωνα</span> <span class='ocrx_word' id='word_1_335' title='bbox 3614 1971 3819 2024; x_wconf 79' lang='grc' dir='ltr'>μετεκι-</span> 
     </span>
    </p>
   </div>
   <div class='ocr_carea' id='block_1_49' title="bbox 2230 2045 3816 2118">
    <p class='ocr_par' dir='ltr' id='par_1_49' title="bbox 2230 2045 3816 2118">
     <span class='ocr_line' id='line_1_49' title="bbox 2230 2045 3816 2118; baseline -0.006 -12"><span class='ocrx_word' id='word_1_336' title='bbox 2230 2051 2530 2118; x_wconf 75' lang='grc' dir='ltr'><strong>νήθησαν.</strong></span> <span class='ocrx_word' id='word_1_337' title='bbox 2566 2051 2728 2104; x_wconf 87' lang='grc' dir='ltr'>Ὅθεν</span> <span class='ocrx_word' id='word_1_338' title='bbox 2775 2052 2874 2103; x_wconf 85' lang='grc' dir='ltr'><strong>ούκ</strong></span> <span class='ocrx_word' id='word_1_339' title='bbox 2921 2049 3002 2102; x_wconf 79' lang='grc' dir='ltr'>ἔτι</span> <span class='ocrx_word' id='word_1_340' title='bbox 3034 2049 3163 2118; x_wconf 82' lang='grc' dir='ltr'>παρ’</span> <span class='ocrx_word' id='word_1_341' title='bbox 3200 2049 3393 2110; x_wconf 80' lang='grc' dir='ltr'>αὐτοῖς</span> <span class='ocrx_word' id='word_1_342' title='bbox 3425 2090 3441 2113; x_wconf 93' lang='grc'><strong>,</strong></span> <span class='ocrx_word' id='word_1_343' title='bbox 3476 2047 3544 2098; x_wconf 81' lang='grc' dir='ltr'><strong>ού</strong></span> <span class='ocrx_word' id='word_1_344' title='bbox 3581 2045 3816 2115; x_wconf 77' lang='grc' dir='ltr'>βασιλεῖς,</span> 
     </span>
    </p>
   </div>
   <div class='ocr_carea' id='block_1_50' title="bbox 2231 2137 3818 2214">
    <p class='ocr_par' dir='ltr' id='par_1_50' title="bbox 2231 2137 3818 2214">
     <span class='ocr_line' id='line_1_50' title="bbox 2231 2137 3818 2214; baseline -0.008 -11"><span class='ocrx_word' id='word_1_345' title='bbox 2231 2146 2330 2214; x_wconf 73' lang='grc' dir='ltr'><strong>οὐχ</strong></span> <span class='ocrx_word' id='word_1_346' title='bbox 2387 2145 2704 2214; x_wconf 82' lang='grc' dir='ltr'>ἡγούμενοι,</span> <span class='ocrx_word' id='word_1_347' title='bbox 2761 2144 2859 2214; x_wconf 83' lang='grc' dir='ltr'><strong>οὐχ</strong></span> <span class='ocrx_word' id='word_1_348' title='bbox 2907 2145 3209 2212; x_wconf 85' lang='grc' dir='ltr'>ἀρχιερεῖς,</span> <span class='ocrx_word' id='word_1_349' title='bbox 3239 2142 3302 2195; x_wconf 82' lang='grc' dir='ltr'><strong>ού</strong></span> <span class='ocrx_word' id='word_1_350' title='bbox 3333 2140 3658 2209; x_wconf 75' lang='grc' dir='ltr'>προφῆται,</span> <span class='ocrx_word' id='word_1_351' title='bbox 3719 2137 3818 2192; x_wconf 73' lang='grc' dir='ltr'>ἀλλ’</span> 
     </span>
    </p>
   </div>
   <div class='ocr_carea' id='block_1_51' title="bbox 2230 2231 3816 2298">
    <p class='ocr_par' dir='ltr' id='par_1_51' title="bbox 2230 2231 3816 2298">
     <span class='ocr_line' id='line_1_51' title="bbox 2230 2231 3816 2298; baseline -0.004 -10"><span class='ocrx_word' id='word_1_352' title='bbox 2230 2237 2354 2290; x_wconf 78' lang='grc' dir='ltr'><strong>ούδέ</strong></span> <span class='ocrx_word' id='word_1_353' title='bbox 2405 2237 2688 2298; x_wconf 75' lang='grc' dir='ltr'>Φαρισαῖοι</span> <span class='ocrx_word' id='word_1_354' title='bbox 2745 2237 2840 2288; x_wconf 72' lang='grc' dir='ltr'><strong>καὶ</strong></span> <span class='ocrx_word' id='word_1_355' title='bbox 2885 2233 3262 2287; x_wconf 81' lang='grc' dir='ltr'>Σαδδουκαῖοι.</span> <span class='ocrx_word' id='word_1_356' title='bbox 3306 2234 3378 2285; x_wconf 77' lang='lat' dir='ltr'><strong>Oi</strong></span> <span class='ocrx_word' id='word_1_357' title='bbox 3413 2233 3476 2285; x_wconf 80' lang='grc' dir='ltr'>δὲ</span> <span class='ocrx_word' id='word_1_358' title='bbox 3524 2232 3694 2284; x_wconf 79' lang='grc' dir='ltr'>εἰσέτι</span> <span class='ocrx_word' id='word_1_359' title='bbox 3738 2231 3816 2282; x_wconf 75' lang='grc' dir='ltr'>νῦν</span> 
     </span>
    </p>
   </div>
   <div class='ocr_carea' id='block_1_52' title="bbox 2232 2321 3816 2396">
    <p class='ocr_par' dir='ltr' id='par_1_52' title="bbox 2232 2321 3816 2396">
     <span class='ocr_line' id='line_1_52' title="bbox 2232 2321 3816 2396; baseline -0.005 -15"><span class='ocrx_word' id='word_1_360' title='bbox 2232 2328 2452 2391; x_wconf 80' lang='grc' dir='ltr'>ἁλόντες</span> <span class='ocrx_word' id='word_1_361' title='bbox 2513 2327 2618 2380; x_wconf 76' lang='grc' dir='ltr'>ὑπὸ</span> <span class='ocrx_word' id='word_1_362' title='bbox 2658 2327 2753 2380; x_wconf 84' lang='grc' dir='ltr'>τοῦ</span> <span class='ocrx_word' id='word_1_363' title='bbox 2787 2326 2897 2378; x_wconf 83' lang='grc' dir='ltr'><strong>τῶν</strong></span> <span class='ocrx_word' id='word_1_364' title='bbox 2939 2325 3129 2396; x_wconf 72' lang='grc' dir='ltr'>ψυχῶν</span> <span class='ocrx_word' id='word_1_365' title='bbox 3191 2321 3579 2396; x_wconf 87' lang='grc' dir='ltr'>πολιορκητοῦ</span> <span class='ocrx_word' id='word_1_366' title='bbox 3629 2321 3816 2391; x_wconf 82' lang='grc' dir='ltr'>πικρῶς</span> 
     </span>
    </p>
   </div>
   <div class='ocr_carea' id='block_1_53' title="bbox 2231 2415 3813 2491">
    <p class='ocr_par' dir='ltr' id='par_1_53' title="bbox 2231 2415 3813 2491">
     <span class='ocr_line' id='line_1_53' title="bbox 2231 2415 3813 2491; baseline -0.007 -15"><span class='ocrx_word' id='word_1_367' title='bbox 2231 2421 2629 2476; x_wconf 79' lang='grc' dir='ltr'>καταδέδενται.</span> <span class='ocrx_word' id='word_1_368' title='bbox 2656 2421 2770 2491; x_wconf 77' lang='grc' dir='ltr'><strong>Τὴν</strong></span> <span class='ocrx_word' id='word_1_369' title='bbox 2793 2421 2850 2474; x_wconf 85' lang='grc' dir='ltr'><strong>δέ</strong></span> <span class='ocrx_word' id='word_1_370' title='bbox 2871 2420 3140 2490; x_wconf 81' lang='grc' dir='ltr'>τοσαύτην</span> <span class='ocrx_word' id='word_1_371' title='bbox 3177 2417 3364 2471; x_wconf 78' lang='grc' dir='ltr'>αὐτῶν</span> <span class='ocrx_word' id='word_1_372' title='bbox 3411 2415 3631 2470; x_wconf 83' lang='grc' dir='ltr'>πτῶσιν</span> <span class='ocrx_word' id='word_1_373' title='bbox 3655 2415 3682 2467; x_wconf 86' lang='grc' dir='ltr'>ὁ</span> <span class='ocrx_word' id='word_1_374' title='bbox 3703 2431 3813 2484; x_wconf 82' lang='grc' dir='ltr'>προ-</span> 
     </span>
    </p>
   </div>
   <div class='ocr_carea' id='block_1_54' title="bbox 2237 2505 3812 2584">
    <p class='ocr_par' dir='ltr' id='par_1_54' title="bbox 2237 2505 3812 2584">
     <span class='ocr_line' id='line_1_54' title="bbox 2237 2505 3812 2584; baseline -0.006 -18"><span class='ocrx_word' id='word_1_375' title='bbox 2237 2515 2416 2584; x_wconf 79' lang='grc' dir='ltr'>φήτης</span> <span class='ocrx_word' id='word_1_376' title='bbox 2452 2511 2594 2576; x_wconf 77' lang='grc' dir='ltr'>ἰδὼν,</span> <span class='ocrx_word' id='word_1_377' title='bbox 2649 2513 2957 2582; x_wconf 87' lang='grc' dir='ltr'>συμμετρεῖ</span> <span class='ocrx_word' id='word_1_378' title='bbox 2974 2510 3052 2581; x_wconf 84' lang='grc' dir='ltr'><strong>τῷ</strong></span> <span class='ocrx_word' id='word_1_379' title='bbox 3081 2509 3244 2563; x_wconf 80' lang='grc' dir='ltr'>πάθει</span> <span class='ocrx_word' id='word_1_380' title='bbox 3289 2508 3392 2561; x_wconf 82' lang='grc' dir='ltr'>τὸν</span> <span class='ocrx_word' id='word_1_381' title='bbox 3447 2507 3674 2576; x_wconf 84' lang='grc' dir='ltr'>θρῆνον,</span> <span class='ocrx_word' id='word_1_382' title='bbox 3730 2505 3812 2574; x_wconf 75' lang='grc' dir='ltr'>τὴν</span> 
     </span>
    </p>
   </div>
   <div class='ocr_carea' id='block_1_55' title="bbox 2235 2598 3809 2674">
    <p class='ocr_par' dir='ltr' id='par_1_55' title="bbox 2235 2598 3809 2674">
     <span class='ocr_line' id='line_1_55' title="bbox 2235 2598 3809 2674; baseline -0.006 -15"><span class='ocrx_word' id='word_1_383' title='bbox 2235 2606 2330 2659; x_wconf 82' lang='grc' dir='ltr'><strong>τοῦ</strong></span> <span class='ocrx_word' id='word_1_384' title='bbox 2358 2605 2549 2672; x_wconf 78' lang='grc' dir='ltr'>γένους</span> <span class='ocrx_word' id='word_1_385' title='bbox 2580 2604 2874 2674; x_wconf 80' lang='grc' dir='ltr'>ἀποϐολὴν,</span> <span class='ocrx_word' id='word_1_386' title='bbox 2899 2604 2993 2656; x_wconf 70' lang='grc' dir='ltr'><strong>καὶ</strong></span> <span class='ocrx_word' id='word_1_387' title='bbox 3024 2601 3125 2673; x_wconf 78' lang='grc' dir='ltr'>τὴν</span> <span class='ocrx_word' id='word_1_388' title='bbox 3150 2601 3356 2655; x_wconf 73' lang='grc' dir='ltr'>ἅλωσιν</span> <span class='ocrx_word' id='word_1_389' title='bbox 3381 2598 3715 2670; x_wconf 78' lang='grc' dir='ltr'>προϐλὲπων</span> <span class='ocrx_word' id='word_1_390' title='bbox 3727 2600 3809 2664; x_wconf 73' lang='grc' dir='ltr'>τῆς</span> 
     </span>
    </p>
   </div>
   <div class='ocr_carea' id='block_1_56' title="bbox 2237 2688 3808 2766">
    <p class='ocr_par' dir='ltr' id='par_1_56' title="bbox 2237 2688 3808 2766">
     <span class='ocr_line' id='line_1_56' title="bbox 2237 2688 3808 2766; baseline -0.007 -16"><span class='ocrx_word' id='word_1_391' title='bbox 2237 2695 2464 2761; x_wconf 88' lang='grc' dir='ltr'>πόλεως,</span> <span class='ocrx_word' id='word_1_392' title='bbox 2499 2693 2603 2755; x_wconf 81' lang='grc' dir='ltr'><strong>τάς</strong></span> <span class='ocrx_word' id='word_1_393' title='bbox 2622 2693 2960 2766; x_wconf 80' lang='grc' dir='ltr'>τεταραχὰς,</span> <span class='ocrx_word' id='word_1_394' title='bbox 2993 2694 3090 2747; x_wconf 75' lang='grc' dir='ltr'><strong>καὶ</strong></span> <span class='ocrx_word' id='word_1_395' title='bbox 3117 2692 3218 2764; x_wconf 83' lang='grc' dir='ltr'>τὴν</span> <span class='ocrx_word' id='word_1_396' title='bbox 3251 2691 3560 2762; x_wconf 84' lang='grc' dir='ltr'>πλάνησιν,</span> <span class='ocrx_word' id='word_1_397' title='bbox 3583 2689 3649 2760; x_wconf 79' lang='grc' dir='ltr'><strong>ἣν</strong></span> <span class='ocrx_word' id='word_1_398' title='bbox 3670 2688 3808 2740; x_wconf 81' lang='grc' dir='ltr'>ἐπλα-</span> 
     </span>
    </p>
   </div>
   <div class='ocr_carea' id='block_1_57' title="bbox 2237 2780 3799 2859">
    <p class='ocr_par' dir='ltr' id='par_1_57' title="bbox 2237 2780 3799 2859">
     <span class='ocr_line' id='line_1_57' title="bbox 2237 2780 3799 2859; baseline -0.006 -18"><span class='ocrx_word' id='word_1_399' title='bbox 2237 2788 2480 2859; x_wconf 80' lang='grc' dir='ltr'>νήθησαν</span> <span class='ocrx_word' id='word_1_400' title='bbox 2503 2785 2560 2824; x_wconf 64' lang='grc' dir='ltr'><strong>Ι*</strong></span> <span class='ocrx_word' id='word_1_401' title='bbox 2583 2785 3130 2857; x_wconf 80' lang='grc' dir='ltr'>ἐγκαταλειφθέντες.</span> <span class='ocrx_word' id='word_1_402' title='bbox 3167 2780 3302 2838; x_wconf 73' lang='grc' dir='ltr'>Εἶτα</span> <span class='ocrx_word' id='word_1_403' title='bbox 3333 2786 3476 2847; x_wconf 81' lang='grc' dir='ltr'>τοὺς</span> <span class='ocrx_word' id='word_1_404' title='bbox 3510 2781 3799 2851; x_wconf 78' lang='grc' dir='ltr'>Ἐλαμίτας</span> 
     </span>
    </p>
   </div>
   <div class='ocr_carea' id='block_1_58' title="bbox 2236 2864 3805 2946">
    <p class='ocr_par' dir='ltr' id='par_1_58' title="bbox 2236 2864 3805 2946">
     <span class='ocr_line' id='line_1_58' title="bbox 2236 2864 3805 2946; baseline -0.006 -16"><span class='ocrx_word' id='word_1_405' title='bbox 2236 2876 2430 2940; x_wconf 80' lang='grc' dir='ltr'>εἰπὼν,</span> <span class='ocrx_word' id='word_1_406' title='bbox 2487 2877 2716 2945; x_wconf 77' lang='grc' dir='ltr'>ἀφανεῖς</span> <span class='ocrx_word' id='word_1_407' title='bbox 2769 2876 3032 2946; x_wconf 80' lang='grc' dir='ltr'>δυνάμεις</span> <span class='ocrx_word' id='word_1_408' title='bbox 3095 2874 3247 2945; x_wconf 84' lang='grc' dir='ltr'>δηλοῖ</span> <span class='ocrx_word' id='word_1_409' title='bbox 3273 2875 3374 2928; x_wconf 65' lang='grc' dir='ltr'>καὶ</span> <span class='ocrx_word' id='word_1_410' title='bbox 3405 2871 3717 2942; x_wconf 80' lang='grc' dir='ltr'>πολεμίους,</span> <span class='ocrx_word' id='word_1_411' title='bbox 3741 2864 3805 2929; x_wconf 78' lang='grc' dir='ltr'>οἷς</span> 
     </span>
    </p>
   </div>
   <div class='ocr_carea' id='block_1_59' title="bbox 2239 2965 3799 3041">
    <p class='ocr_par' dir='ltr' id='par_1_59' title="bbox 2239 2965 3799 3041">
     <span class='ocr_line' id='line_1_59' title="bbox 2239 2965 3799 3041; baseline -0.004 -17"><span class='ocrx_word' id='word_1_412' title='bbox 2239 2971 2344 3024; x_wconf 77' lang='grc' dir='ltr'>ὑπὸ</span> <span class='ocrx_word' id='word_1_413' title='bbox 2371 2971 2508 3024; x_wconf 75' lang='grc' dir='ltr'>Θεοῦ</span> <span class='ocrx_word' id='word_1_414' title='bbox 2527 2969 2930 3041; x_wconf 85' lang='grc' dir='ltr'>παρεδόθησαν,</span> <span class='ocrx_word' id='word_1_415' title='bbox 2961 2969 3011 3022; x_wconf 80' lang='grc' dir='ltr'>οἳ</span> <span class='ocrx_word' id='word_1_416' title='bbox 3041 2969 3136 3022; x_wconf 71' lang='grc' dir='ltr'><strong>καὶ</strong></span> <span class='ocrx_word' id='word_1_417' title='bbox 3161 2967 3621 3040; x_wconf 76' lang='grc' dir='ltr'>παραδλέποντες</span> <span class='ocrx_word' id='word_1_418' title='bbox 3657 2965 3799 3034; x_wconf 75' lang='grc' dir='ltr'>ἐρμη·</span> 
     </span>
    </p>
   </div>
   <div class='ocr_carea' id='block_1_60' title="bbox 2237 3056 3801 3130">
    <p class='ocr_par' dir='ltr' id='par_1_60' title="bbox 2237 3056 3801 3130">
     <span class='ocr_line' id='line_1_60' title="bbox 2237 3056 3801 3130; baseline -0.006 -15"><span class='ocrx_word' id='word_1_419' title='bbox 2237 3061 2504 3127; x_wconf 88' lang='grc' dir='ltr'>νεύονται,</span> <span class='ocrx_word' id='word_1_420' title='bbox 2529 3061 2641 3113; x_wconf 79' lang='grc' dir='ltr'><strong>τῶν</strong></span> <span class='ocrx_word' id='word_1_421' title='bbox 2694 3059 3084 3130; x_wconf 71' lang='grc' dir='ltr'>ἀπολλυμένων</span> <span class='ocrx_word' id='word_1_422' title='bbox 3129 3058 3496 3130; x_wconf 77' lang='grc' dir='ltr'>παρορῶντες</span> <span class='ocrx_word' id='word_1_423' title='bbox 3523 3056 3624 3125; x_wconf 79' lang='grc' dir='ltr'>τὴν</span> <span class='ocrx_word' id='word_1_424' title='bbox 3652 3070 3801 3122; x_wconf 75' lang='grc' dir='ltr'>σωτη-</span> 
     </span>
    </p>
   </div>
   <div class='ocr_carea' id='block_1_61' title="bbox 2247 3153 3029 3228">
    <p class='ocr_par' dir='ltr' id='par_1_61' title="bbox 2247 3153 3029 3228">
     <span class='ocr_line' id='line_1_61' title="bbox 2247 3153 3029 3228; baseline -0.005 -18"><span class='ocrx_word' id='word_1_425' title='bbox 2247 3156 2392 3228; x_wconf 75' lang='grc' dir='ltr'>ρίαν,</span> <span class='ocrx_word' id='word_1_426' title='bbox 2433 3154 2740 3224; x_wconf 68' lang='grc' dir='ltr'>φειδόμενοι</span> <span class='ocrx_word' id='word_1_427' title='bbox 2780 3153 3029 3226; x_wconf 83' lang='grc' dir='ltr'>μηδενός.</span> 
     </span>
    </p>
   </div>
   <div class='ocr_carea' id='block_1_62' title="bbox 1933 3243 3798 3319">
    <p class='ocr_par' dir='ltr' id='par_1_62' title="bbox 1933 3243 3798 3319">
     <span class='ocr_line' id='line_1_62' title="bbox 1933 3243 3798 3319; baseline -0.005 -19"><span class='ocrx_word' id='word_1_428' title='bbox 1933 3245 2082 3316; x_wconf 88' lang='lat' dir='ltr'><strong>quod</strong></span> <span class='ocrx_word' id='word_1_429' title='bbox 2160 3251 2512 3319; x_wconf 84' lang='lat' dir='ltr'><strong>pereuntium</strong></span> <span class='ocrx_word' id='word_1_430' title='bbox 2571 3249 2806 3304; x_wconf 79' lang='lat' dir='ltr'><strong>Salutem</strong></span> <span class='ocrx_word' id='word_1_431' title='bbox 2871 3244 3150 3316; x_wconf 88' lang='lat' dir='ltr'><strong>aspernati</strong></span> <span class='ocrx_word' id='word_1_432' title='bbox 3211 3243 3486 3315; x_wconf 86' lang='lat' dir='ltr'><strong>cuiquam</strong></span> <span class='ocrx_word' id='word_1_433' title='bbox 3544 3255 3651 3296; x_wconf 88' lang='lat' dir='ltr'><strong>non</strong></span> <span class='ocrx_word' id='word_1_434' title='bbox 3693 3251 3798 3307; x_wconf 80' lang='lat' dir='ltr'><strong>par-</strong></span> 
     </span>
    </p>
   </div>
   <div class='ocr_carea' id='block_1_63' title="bbox 617 3421 2128 3498">
    <p class='ocr_par' dir='ltr' id='par_1_63' title="bbox 617 3423 2120 3496">
     <span class='ocr_line' id='line_1_63' title="bbox 617 3423 2120 3496; baseline 0.004 -18"><span class='ocrx_word' id='word_1_435' title='bbox 617 3423 712 3478; x_wconf 79' lang='lat' dir='ltr'><strong>ltli</strong></span> <span class='ocrx_word' id='word_1_436' title='bbox 759 3434 958 3488; x_wconf 80' lang='lat' dir='ltr'><strong>autem,</strong></span> <span class='ocrx_word' id='word_1_437' title='bbox 999 3426 1098 3490; x_wconf 90' lang='lat' dir='ltr'><strong>ait,</strong></span> <span class='ocrx_word' id='word_1_438' title='bbox 1157 3425 1524 3496; x_wconf 84' lang='lat' dir='ltr'><strong>iugredieutur</strong></span> <span class='ocrx_word' id='word_1_439' title='bbox 1573 3438 1754 3496; x_wconf 83' lang='lat' dir='ltr'><strong>portas</strong></span> <span class='ocrx_word' id='word_1_440' title='bbox 1794 3444 1970 3484; x_wconf 75' lang='lat' dir='ltr'><strong>suas:</strong></span> <span class='ocrx_word' id='word_1_441' title='bbox 2009 3443 2120 3484; x_wconf 88' lang='lat' dir='ltr'><strong>non</strong></span> 
     </span>
    </p>
   </div>
   <div class='ocr_carea' id='block_1_64' title="bbox 2231 3421 3792 3498">
    <p class='ocr_par' dir='ltr' id='par_1_64' title="bbox 2298 3421 3792 3498">
     <span class='ocr_line' id='line_1_64' title="bbox 2298 3421 3792 3498; baseline -0.01 -14"><span class='ocrx_word' id='word_1_442' title='bbox 2298 3425 2476 3485; x_wconf 81' lang='grc' dir='ltr'>Οὗτοι</span> <span class='ocrx_word' id='word_1_443' title='bbox 2507 3427 2597 3493; x_wconf 85' lang='grc' dir='ltr'>δὲ,</span> <span class='ocrx_word' id='word_1_444' title='bbox 2622 3425 3283 3498; x_wconf 72' lang='grc' dir='ltr'>φησὶν,εὶσελεύσονταί</span> <span class='ocrx_word' id='word_1_445' title='bbox 3313 3438 3437 3478; x_wconf 89' lang='grc' dir='ltr'>σου</span> <span class='ocrx_word' id='word_1_446' title='bbox 3467 3421 3577 3489; x_wconf 84' lang='grc' dir='ltr'>τὰς</span> <span class='ocrx_word' id='word_1_447' title='bbox 3603 3421 3792 3483; x_wconf 73' lang='grc' dir='ltr'>πύλας.</span> 
     </span>
    </p>
   </div>
   <div class='ocr_carea' id='block_1_65' title="bbox 541 3516 2130 3590">
    <p class='ocr_par' dir='ltr' id='par_1_65' title="bbox 541 3516 2130 3590">
     <span class='ocr_line' id='line_1_65' title="bbox 541 3516 2130 3590; baseline 0.004 -20"><span class='ocrx_word' id='word_1_448' title='bbox 541 3532 691 3570; x_wconf 89' lang='lat' dir='ltr'><strong>nunc</strong></span> <span class='ocrx_word' id='word_1_449' title='bbox 721 3517 961 3585; x_wconf 86' lang='lat' dir='ltr'><strong>quidem,</strong></span> <span class='ocrx_word' id='word_1_450' title='bbox 994 3516 1090 3572; x_wconf 91' lang='lat' dir='ltr'><strong>sed</strong></span> <span class='ocrx_word' id='word_1_451' title='bbox 1113 3516 1168 3570; x_wconf 86' lang='lat' dir='ltr'><strong>in</strong></span> <span class='ocrx_word' id='word_1_452' title='bbox 1196 3517 1282 3572; x_wconf 84' lang='lat' dir='ltr'><strong>die</strong></span> <span class='ocrx_word' id='word_1_453' title='bbox 1318 3517 1440 3583; x_wconf 77' lang='lat' dir='ltr'><strong>illa,</strong></span> <span class='ocrx_word' id='word_1_454' title='bbox 1498 3517 1552 3573; x_wconf 93' lang='lat' dir='ltr'><strong>id</strong></span> <span class='ocrx_word' id='word_1_455' title='bbox 1599 3528 1685 3574; x_wconf 88' lang='lat' dir='ltr'><strong>est</strong></span> <span class='ocrx_word' id='word_1_456' title='bbox 1737 3529 1987 3590; x_wconf 86' lang='lat' dir='ltr'><strong>tempore</strong></span> <span class='ocrx_word' id='word_1_457' title='bbox 2032 3535 2130 3590; x_wconf 87' lang='lat' dir='ltr'><strong>per</strong></span> 
     </span>
    </p>
   </div>
   <div class='ocr_carea' id='block_1_66' title="bbox 541 3607 2130 3680">
    <p class='ocr_par' dir='ltr' id='par_1_66' title="bbox 541 3607 2130 3680">
     <span class='ocr_line' id='line_1_66' title="bbox 541 3607 2130 3680; baseline 0.004 -19"><span class='ocrx_word' id='word_1_458' title='bbox 541 3608 886 3678; x_wconf 85' lang='lat' dir='ltr'><strong>prophetiam</strong></span> <span class='ocrx_word' id='word_1_459' title='bbox 924 3607 1246 3678; x_wconf 77' lang='lat' dir='ltr'><strong>designato;</strong></span> <span class='ocrx_word' id='word_1_460' title='bbox 1275 3617 1326 3664; x_wconf 85' lang='lat' dir='ltr'><strong>et</strong></span> <span class='ocrx_word' id='word_1_461' title='bbox 1369 3619 1601 3680; x_wconf 85' lang='lat' dir='ltr'><strong>retegent</strong></span> <span class='ocrx_word' id='word_1_462' title='bbox 1642 3611 1956 3666; x_wconf 83' lang='lat' dir='ltr'><strong>abscondita</strong></span> <span class='ocrx_word' id='word_1_463' title='bbox 1988 3615 2130 3668; x_wconf 80' lang='lat' dir='ltr'><strong>arcis</strong></span> 
     </span>
    </p>
   </div>
   <div class='ocr_carea' id='block_1_67' title="bbox 540 3701 2132 3775">
    <p class='ocr_par' dir='ltr' id='par_1_67' title="bbox 540 3701 2132 3775">
     <span class='ocr_line' id='line_1_67' title="bbox 540 3701 2132 3775; baseline 0.004 -21"><span class='ocrx_word' id='word_1_464' title='bbox 540 3701 738 3766; x_wconf 83' lang='lat' dir='ltr'><strong>David,</strong></span> <span class='ocrx_word' id='word_1_465' title='bbox 767 3702 920 3772; x_wconf 83' lang='lat' dir='ltr'><strong>regni</strong></span> <span class='ocrx_word' id='word_1_466' title='bbox 953 3702 1212 3757; x_wconf 85' lang='lat' dir='ltr'><strong>nimirum</strong></span> <span class='ocrx_word' id='word_1_467' title='bbox 1245 3703 1519 3774; x_wconf 87' lang='lat' dir='ltr'><strong>symbola,</strong></span> <span class='ocrx_word' id='word_1_468' title='bbox 1552 3713 1608 3760; x_wconf 87' lang='lat' dir='ltr'><strong>et</strong></span> <span class='ocrx_word' id='word_1_469' title='bbox 1636 3721 1760 3775; x_wconf 70' lang='lat' dir='ltr'><strong>qua:</strong></span> <span class='ocrx_word' id='word_1_470' title='bbox 1784 3706 1839 3760; x_wconf 93' lang='lat' dir='ltr'><strong>in</strong></span> <span class='ocrx_word' id='word_1_471' title='bbox 1872 3715 2132 3761; x_wconf 87' lang='lat' dir='ltr'><strong>sanctua-</strong></span> 
     </span>
    </p>
   </div>
   <div class='ocr_carea' id='block_1_68' title="bbox 540 3793 2132 3864">
    <p class='ocr_par' dir='ltr' id='par_1_68' title="bbox 540 3793 2132 3864">
     <span class='ocr_line' id='line_1_68' title="bbox 540 3793 2132 3864; baseline 0.004 -17"><span class='ocrx_word' id='word_1_472' title='bbox 540 3794 626 3848; x_wconf 89' lang='lat' dir='ltr'><strong>rio</strong></span> <span class='ocrx_word' id='word_1_473' title='bbox 660 3794 782 3864; x_wconf 90' lang='lat' dir='ltr'><strong>ipso</strong></span> <span class='ocrx_word' id='word_1_474' title='bbox 832 3793 1138 3859; x_wconf 86' lang='lat' dir='ltr'><strong>recondita,</strong></span> <span class='ocrx_word' id='word_1_475' title='bbox 1195 3811 1416 3852; x_wconf 88' lang='lat' dir='ltr'><strong>summo</strong></span> <span class='ocrx_word' id='word_1_476' title='bbox 1451 3804 1666 3852; x_wconf 88' lang='lat' dir='ltr'><strong>tantum</strong></span> <span class='ocrx_word' id='word_1_477' title='bbox 1713 3799 1992 3855; x_wconf 86' lang='lat' dir='ltr'><strong>sacerdoti</strong></span> <span class='ocrx_word' id='word_1_478' title='bbox 2041 3799 2132 3854; x_wconf 88' lang='lat' dir='ltr'><strong>in-</strong></span> 
     </span>
    </p>
   </div>
   <div class='ocr_carea' id='block_1_69' title="bbox 541 3885 2131 3962">
    <p class='ocr_par' dir='ltr' id='par_1_69' title="bbox 541 3885 2131 3962">
     <span class='ocr_line' id='line_1_69' title="bbox 541 3885 2131 3962; baseline 0.006 -25"><span class='ocrx_word' id='word_1_479' title='bbox 541 3885 744 3941; x_wconf 87' lang='lat' dir='ltr'><strong>tuenda</strong></span> <span class='ocrx_word' id='word_1_480' title='bbox 793 3886 1260 3944; x_wconf 88' lang='lat' dir='ltr'><strong>recondebantur.</strong></span> <span class='ocrx_word' id='word_1_481' title='bbox 1293 3887 1568 3944; x_wconf 70' lang='lat' dir='ltr'><strong>Caeterum</strong></span> <span class='ocrx_word' id='word_1_482' title='bbox 1617 3906 1717 3961; x_wconf 88' lang='lat' dir='ltr'><strong>pro</strong></span> <span class='ocrx_word' id='word_1_483' title='bbox 1752 3906 1819 3945; x_wconf 90' lang='lat' dir='ltr'><strong>eo</strong></span> <span class='ocrx_word' id='word_1_484' title='bbox 1849 3890 2026 3962; x_wconf 89' lang='lat' dir='ltr'><strong>quod,</strong></span> <span class='ocrx_word' id='word_1_485' title='bbox 2059 3890 2131 3947; x_wconf 79' lang='lat' dir='ltr'><strong>Et</strong></span> 
     </span>
    </p>
   </div>
   <div class='ocr_carea' id='block_1_70' title="bbox 541 3976 2130 4047">
    <p class='ocr_par' dir='ltr' id='par_1_70' title="bbox 541 3976 2130 4047">
     <span class='ocr_line' id='line_1_70' title="bbox 541 3976 2130 4047; baseline 0.005 -17"><span class='ocrx_word' id='word_1_486' title='bbox 541 3976 784 4030; x_wconf 73' lang='lat' dir='ltr'><strong>viderunt</strong></span> <span class='ocrx_word' id='word_1_487' title='bbox 816 3978 956 4047; x_wconf 85' lang='lat' dir='ltr'><strong>quod</strong></span> <span class='ocrx_word' id='word_1_488' title='bbox 983 3979 1166 4045; x_wconf 72' lang='lat' dir='ltr'><strong>plures</strong></span> <span class='ocrx_word' id='word_1_489' title='bbox 1196 3989 1344 4044; x_wconf 80' lang='lat' dir='ltr'><strong>sunt,</strong></span> <span class='ocrx_word' id='word_1_490' title='bbox 1377 3981 1648 4038; x_wconf 86' lang='lat' dir='ltr'><strong>habemus</strong></span> <span class='ocrx_word' id='word_1_491' title='bbox 1685 4001 1700 4037; x_wconf 87' lang='lat'>:</span> <span class='ocrx_word' id='word_1_492' title='bbox 1733 3981 1802 4036; x_wconf 80' lang='lat' dir='ltr'><strong>Et</strong></span> <span class='ocrx_word' id='word_1_493' title='bbox 1829 3984 1987 4038; x_wconf 83' lang='lat' dir='ltr'><strong>verba</strong></span> <span class='ocrx_word' id='word_1_494' title='bbox 2031 3985 2130 4039; x_wconf 87' lang='lat' dir='ltr'><strong>do-</strong></span> 
     </span>
    </p>
   </div>
   <div class='ocr_carea' id='block_1_71' title="bbox 543 4068 2128 4144">
    <p class='ocr_par' dir='ltr' id='par_1_71' title="bbox 543 4068 2128 4144">
     <span class='ocr_line' id='line_1_71' title="bbox 543 4068 2128 4144; baseline 0.008 -24"><span class='ocrx_word' id='word_1_495' title='bbox 543 4083 661 4121; x_wconf 81' lang='lat' dir='ltr'><strong>mus</strong></span> <span class='ocrx_word' id='word_1_496' title='bbox 707 4068 880 4122; x_wconf 83' lang='lat' dir='ltr'><strong>David</strong></span> <span class='ocrx_word' id='word_1_497' title='bbox 931 4070 1176 4126; x_wconf 78' lang='lat' dir='ltr'><strong>videbitis</strong></span> <span class='ocrx_word' id='word_1_498' title='bbox 1199 4075 1450 4142; x_wconf 84' lang='lat' dir='ltr'><strong>quoniam</strong></span> <span class='ocrx_word' id='word_1_499' title='bbox 1511 4074 1730 4144; x_wconf 76' lang='lat' dir='ltr'><strong>impleta</strong></span> <span class='ocrx_word' id='word_1_500' title='bbox 1771 4085 1918 4141; x_wconf 81' lang='lat' dir='ltr'><strong>sunt,</strong></span> <span class='ocrx_word' id='word_1_501' title='bbox 1955 4077 2128 4134; x_wconf 85' lang='lat' dir='ltr'><strong>inter-</strong></span> 
     </span>
    </p>
   </div>
   <div class='ocr_carea' id='block_1_72' title="bbox 543 4161 2128 4237">
    <p class='ocr_par' dir='ltr' id='par_1_72' title="bbox 543 4161 2128 4237">
     <span class='ocr_line' id='line_1_72' title="bbox 543 4161 2128 4237; baseline 0.008 -25"><span class='ocrx_word' id='word_1_502' title='bbox 543 4168 793 4228; x_wconf 87' lang='lat' dir='ltr'><strong>pretatur</strong></span> <span class='ocrx_word' id='word_1_503' title='bbox 820 4161 1212 4230; x_wconf 86' lang='lat' dir='ltr'><strong>Symmachus.</strong></span> <span class='ocrx_word' id='word_1_504' title='bbox 1246 4165 1377 4220; x_wconf 89' lang='lat' dir='ltr'><strong>Erat</strong></span> <span class='ocrx_word' id='word_1_505' title='bbox 1419 4181 1552 4222; x_wconf 85' lang='lat' dir='ltr'><strong>vero</strong></span> <span class='ocrx_word' id='word_1_506' title='bbox 1590 4168 1712 4237; x_wconf 89' lang='lat' dir='ltr'><strong>ipsa</strong></span> <span class='ocrx_word' id='word_1_507' title='bbox 1741 4169 1964 4236; x_wconf 77' lang='lat' dir='ltr'><strong>piscium</strong></span> <span class='ocrx_word' id='word_1_508' title='bbox 1992 4178 2128 4225; x_wconf 81' lang='lat' dir='ltr'><strong>vete-</strong></span> 
     </span>
    </p>
   </div>
   <div class='ocr_carea' id='block_1_73' title="bbox 539 4252 2125 4331">
    <p class='ocr_par' dir='ltr' id='par_1_73' title="bbox 539 4252 2125 4331">
     <span class='ocr_line' id='line_1_73' title="bbox 539 4252 2125 4331; baseline 0.009 -26"><span class='ocrx_word' id='word_1_509' title='bbox 539 4252 616 4306; x_wconf 80' lang='lat' dir='ltr'><strong>ris</strong></span> <span class='ocrx_word' id='word_1_510' title='bbox 638 4255 692 4306; x_wconf 87' lang='lat' dir='ltr'><strong>in</strong></span> <span class='ocrx_word' id='word_1_511' title='bbox 713 4253 840 4308; x_wconf 87' lang='lat' dir='ltr'><strong>urbe</strong></span> <span class='ocrx_word' id='word_1_512' title='bbox 877 4257 1185 4311; x_wconf 74' lang='lat' dir='ltr'><strong>exsistentis</strong></span> <span class='ocrx_word' id='word_1_513' title='bbox 1211 4275 1354 4328; x_wconf 77' lang='lat' dir='ltr'><strong>aqua</strong></span> <span class='ocrx_word' id='word_1_514' title='bbox 1384 4261 1518 4314; x_wconf 88' lang='lat' dir='ltr'><strong>nihil</strong></span> <span class='ocrx_word' id='word_1_515' title='bbox 1548 4261 1722 4327; x_wconf 89' lang='lat' dir='ltr'><strong>aliud,</strong></span> <span class='ocrx_word' id='word_1_516' title='bbox 1753 4277 1920 4331; x_wconf 88' lang='lat' dir='ltr'><strong>quam</strong></span> <span class='ocrx_word' id='word_1_517' title='bbox 1965 4261 2125 4318; x_wconf 87' lang='lat' dir='ltr'><strong>Scri-</strong></span> 
     </span>
    </p>
   </div>
   <div class='ocr_carea' id='block_1_74' title="bbox 541 4348 2125 4425">
    <p class='ocr_par' dir='ltr' id='par_1_74' title="bbox 541 4348 2125 4425">
     <span class='ocr_line' id='line_1_74' title="bbox 541 4348 2125 4425; baseline 0.01 -30"><span class='ocrx_word' id='word_1_518' title='bbox 541 4353 716 4411; x_wconf 64' lang='lat' dir='ltr'><strong>ptura:</strong></span> <span class='ocrx_word' id='word_1_519' title='bbox 743 4348 944 4402; x_wconf 78' lang='lat' dir='ltr'><strong>veteris</strong></span> <span class='ocrx_word' id='word_1_520' title='bbox 988 4358 1042 4402; x_wconf 93' lang='lat' dir='ltr'><strong>et</strong></span> <span class='ocrx_word' id='word_1_521' title='bbox 1073 4348 1344 4405; x_wconf 89' lang='lat' dir='ltr'><strong>divinitus</strong></span> <span class='ocrx_word' id='word_1_522' title='bbox 1388 4351 1676 4424; x_wconf 70' lang='lat' dir='ltr'><strong>inspirata:</strong></span> <span class='ocrx_word' id='word_1_523' title='bbox 1707 4369 1914 4422; x_wconf 89' lang='lat' dir='ltr'><strong>sermo,</strong></span> <span class='ocrx_word' id='word_1_524' title='bbox 1962 4370 2125 4425; x_wconf 88' lang='lat' dir='ltr'><strong>quem</strong></span> 
     </span>
    </p>
   </div>
   <div class='ocr_carea' id='block_1_75' title="bbox 539 4438 2126 4516">
    <p class='ocr_par' dir='ltr' id='par_1_75' title="bbox 539 4438 2126 4516">
     <span class='ocr_line' id='line_1_75' title="bbox 539 4438 2126 4516; baseline 0.01 -27"><span class='ocrx_word' id='word_1_525' title='bbox 539 4438 796 4504; x_wconf 86' lang='lat' dir='ltr'><strong>aversati,</strong></span> <span class='ocrx_word' id='word_1_526' title='bbox 853 4440 1090 4496; x_wconf 89' lang='lat' dir='ltr'><strong>alienam</strong></span> <span class='ocrx_word' id='word_1_527' title='bbox 1143 4459 1340 4514; x_wconf 84' lang='lat' dir='ltr'><strong>aquam</strong></span> <span class='ocrx_word' id='word_1_528' title='bbox 1401 4447 1810 4516; x_wconf 66' lang='lat' dir='ltr'><strong>quaesiverunt,</strong></span> <span class='ocrx_word' id='word_1_529' title='bbox 1863 4447 2126 4505; x_wconf 89' lang='lat' dir='ltr'><strong>docentes</strong></span> 
     </span>
    </p>
   </div>
   <div class='ocr_carea' id='block_1_76' title="bbox 537 4527 2126 4604">
    <p class='ocr_par' dir='ltr' id='par_1_76' title="bbox 537 4527 2126 4604">
     <span class='ocr_line' id='line_1_76' title="bbox 537 4527 2126 4604; baseline 0.012 -27"><span class='ocrx_word' id='word_1_530' title='bbox 537 4527 892 4600; x_wconf 84' lang='lat' dir='ltr'><strong>disciplinas,</strong></span> <span class='ocrx_word' id='word_1_531' title='bbox 929 4533 1194 4588; x_wconf 87' lang='lat' dir='ltr'><strong>mandata</strong></span> <span class='ocrx_word' id='word_1_532' title='bbox 1227 4535 1540 4604; x_wconf 88' lang='lat' dir='ltr'><strong>hominum,</strong></span> <span class='ocrx_word' id='word_1_533' title='bbox 1569 4548 1623 4594; x_wconf 93' lang='lat' dir='ltr'><strong>et</strong></span> <span class='ocrx_word' id='word_1_534' title='bbox 1663 4549 1974 4597; x_wconf 87' lang='lat' dir='ltr'><strong>evertentes</strong></span> <span class='ocrx_word' id='word_1_535' title='bbox 2003 4557 2126 4596; x_wconf 85' lang='lat' dir='ltr'><strong>ver-</strong></span> 
     </span>
    </p>
   </div>
   <div class='ocr_carea' id='block_1_77' title="bbox 536 4620 2127 4705">
    <p class='ocr_par' dir='ltr' id='par_1_77' title="bbox 536 4620 2127 4705">
     <span class='ocr_line' id='line_1_77' title="bbox 536 4620 2127 4705; baseline 0.009 -30"><span class='ocrx_word' id='word_1_536' title='bbox 536 4620 666 4675; x_wconf 87' lang='lat' dir='ltr'><strong>bum</strong></span> <span class='ocrx_word' id='word_1_537' title='bbox 698 4620 910 4676; x_wconf 90' lang='lat' dir='ltr'><strong>Domini</strong></span> <span class='ocrx_word' id='word_1_538' title='bbox 946 4635 1170 4694; x_wconf 88' lang='lat' dir='ltr'><strong>propter</strong></span> <span class='ocrx_word' id='word_1_539' title='bbox 1200 4627 1554 4684; x_wconf 86' lang='lat' dir='ltr'><strong>traditionem</strong></span> <span class='ocrx_word' id='word_1_540' title='bbox 1591 4646 1746 4686; x_wconf 87' lang='lat' dir='ltr'><strong>suam</strong></span> <span class='ocrx_word' id='word_1_541' title='bbox 1778 4634 1822 4664; x_wconf 85' lang='lat'><strong>&quot;</strong></span> <span class='ocrx_word' id='word_1_542' title='bbox 1854 4651 1868 4689; x_wconf 91' lang='lat'><strong>:</strong></span> <span class='ocrx_word' id='word_1_543' title='bbox 1912 4633 1981 4689; x_wconf 91' lang='lat' dir='ltr'><strong>de</strong></span> <span class='ocrx_word' id='word_1_544' title='bbox 2001 4635 2127 4705; x_wconf 89' lang='lat' dir='ltr'><strong>qui-</strong></span> 
     </span>
    </p>
   </div>
   <div class='ocr_carea' id='block_1_78' title="bbox 537 4715 2127 4797">
    <p class='ocr_par' dir='ltr' id='par_1_78' title="bbox 537 4715 2127 4797">
     <span class='ocr_line' id='line_1_78' title="bbox 537 4715 2127 4797; baseline 0.009 -29"><span class='ocrx_word' id='word_1_545' title='bbox 537 4715 644 4769; x_wconf 89' lang='lat' dir='ltr'><strong>bus</strong></span> <span class='ocrx_word' id='word_1_546' title='bbox 693 4716 768 4768; x_wconf 84' lang='lat' dir='ltr'><strong>ita</strong></span> <span class='ocrx_word' id='word_1_547' title='bbox 823 4725 910 4772; x_wconf 91' lang='lat' dir='ltr'><strong>cst</strong></span> <span class='ocrx_word' id='word_1_548' title='bbox 958 4717 1105 4787; x_wconf 87' lang='lat' dir='ltr'><strong>apud</strong></span> <span class='ocrx_word' id='word_1_549' title='bbox 1159 4717 1499 4776; x_wconf 83' lang='lat' dir='ltr'><strong>Jeremiam:</strong></span> <span class='ocrx_word' id='word_1_550' title='bbox 1556 4743 1577 4775; x_wconf 78' lang='grc' dir='ltr'><strong>ι</strong></span> <span class='ocrx_word' id='word_1_551' title='bbox 1642 4724 1725 4780; x_wconf 81' lang='lat' dir='ltr'><strong>Me</strong></span> <span class='ocrx_word' id='word_1_552' title='bbox 1779 4727 2127 4797; x_wconf 88' lang='lat' dir='ltr'><strong>reliquerunt</strong></span> 
     </span>
    </p>
   </div>
   <div class='ocr_carea' id='block_1_79' title="bbox 2232 3509 3788 3586">
    <p class='ocr_par' dir='ltr' id='par_1_79' title="bbox 2232 3509 3788 3586">
     <span class='ocr_line' id='line_1_79' title="bbox 2232 3509 3788 3586; baseline -0.005 -16"><span class='ocrx_word' id='word_1_553' title='bbox 2232 3517 2348 3570; x_wconf 85' lang='grc' dir='ltr'>ἀλλ’</span> <span class='ocrx_word' id='word_1_554' title='bbox 2382 3517 2504 3586; x_wconf 72' lang='grc' dir='ltr'>οὐχὶ</span> <span class='ocrx_word' id='word_1_555' title='bbox 2546 3516 2662 3581; x_wconf 78' lang='grc' dir='ltr'>νῦν,</span> <span class='ocrx_word' id='word_1_556' title='bbox 2707 3515 2824 3569; x_wconf 79' lang='grc' dir='ltr'>ἀλλ’</span> <span class='ocrx_word' id='word_1_557' title='bbox 2859 3515 2930 3569; x_wconf 74' lang='grc' dir='ltr'><strong>ἐν</strong></span> <span class='ocrx_word' id='word_1_558' title='bbox 2966 3515 3040 3584; x_wconf 73' lang='grc' dir='ltr'>τῇ</span> <span class='ocrx_word' id='word_1_559' title='bbox 3073 3514 3263 3584; x_wconf 72' lang='grc' dir='ltr'>ἡμέρᾳ</span> <span class='ocrx_word' id='word_1_560' title='bbox 3316 3514 3548 3580; x_wconf 79' lang='grc' dir='ltr'>ἐκείνῃ,</span> <span class='ocrx_word' id='word_1_561' title='bbox 3589 3509 3660 3580; x_wconf 84' lang='grc' dir='ltr'>τῷ</span> <span class='ocrx_word' id='word_1_562' title='bbox 3681 3526 3788 3578; x_wconf 80' lang='grc' dir='ltr'>προ·</span> 
     </span>
    </p>
   </div>
   <div class='ocr_carea' id='block_1_80' title="bbox 2232 3601 3791 3679">
    <p class='ocr_par' dir='ltr' id='par_1_80' title="bbox 2232 3601 3791 3679">
     <span class='ocr_line' id='line_1_80' title="bbox 2232 3601 3791 3679; baseline -0.006 -17"><span class='ocrx_word' id='word_1_563' title='bbox 2232 3611 2589 3679; x_wconf 77' lang='grc' dir='ltr'>φητευομένῳ</span> <span class='ocrx_word' id='word_1_564' title='bbox 2633 3608 2833 3679; x_wconf 82' lang='grc' dir='ltr'>καιρῷ,</span> <span class='ocrx_word' id='word_1_565' title='bbox 2869 3608 3349 3676; x_wconf 63' lang='grc' dir='ltr'>ἀποκαλύτψουονί</span> <span class='ocrx_word' id='word_1_566' title='bbox 3371 3623 3442 3660; x_wconf 86' lang='grc' dir='ltr'><strong>τε</strong></span> <span class='ocrx_word' id='word_1_567' title='bbox 3475 3604 3549 3658; x_wconf 79' lang='grc' dir='ltr'>τὰ</span> <span class='ocrx_word' id='word_1_568' title='bbox 3590 3601 3791 3671; x_wconf 74' lang='grc' dir='ltr'>κρυπτο</span> 
     </span>
    </p>
   </div>
   <div class='ocr_carea' id='block_1_81' title="bbox 2231 3693 3788 3772">
    <p class='ocr_par' dir='ltr' id='par_1_81' title="bbox 2231 3693 3788 3772">
     <span class='ocr_line' id='line_1_81' title="bbox 2231 3693 3788 3772; baseline -0.009 -14"><span class='ocrx_word' id='word_1_569' title='bbox 2231 3703 2344 3770; x_wconf 83' lang='grc' dir='ltr'>τῆς</span> <span class='ocrx_word' id='word_1_570' title='bbox 2374 3703 2565 3770; x_wconf 75' lang='grc' dir='ltr'>ἄκρας</span> <span class='ocrx_word' id='word_1_571' title='bbox 2589 3701 2769 3758; x_wconf 76' lang='grc' dir='ltr'>Δαϐὶδ</span> <span class='ocrx_word' id='word_1_572' title='bbox 2789 3701 2892 3772; x_wconf 82' lang='grc' dir='ltr'>τῆς</span> <span class='ocrx_word' id='word_1_573' title='bbox 2925 3700 3205 3771; x_wconf 83' lang='grc' dir='ltr'>βασιλείας</span> <span class='ocrx_word' id='word_1_574' title='bbox 3229 3699 3300 3754; x_wconf 82' lang='grc' dir='ltr'><strong>τὰ</strong></span> <span class='ocrx_word' id='word_1_575' title='bbox 3336 3698 3606 3772; x_wconf 79' lang='grc' dir='ltr'>σύμϐολα,</span> <span class='ocrx_word' id='word_1_576' title='bbox 3637 3693 3788 3749; x_wconf 74' lang='grc' dir='ltr'>καὶτά</span> 
     </span>
    </p>
   </div>
   <div class='ocr_carea' id='block_1_82' title="bbox 2230 3783 3790 3862">
    <p class='ocr_par' dir='ltr' id='par_1_82' title="bbox 2230 3783 3790 3862">
     <span class='ocr_line' id='line_1_82' title="bbox 2230 3783 3790 3862; baseline -0.01 -16"><span class='ocrx_word' id='word_1_577' title='bbox 2230 3795 2290 3846; x_wconf 84' lang='grc' dir='ltr'><strong>ἐν</strong></span> <span class='ocrx_word' id='word_1_578' title='bbox 2328 3792 2406 3862; x_wconf 87' lang='grc' dir='ltr'>τῷ</span> <span class='ocrx_word' id='word_1_579' title='bbox 2445 3792 2749 3862; x_wconf 86' lang='grc' dir='ltr'>ἁγιάσματι</span> <span class='ocrx_word' id='word_1_580' title='bbox 2811 3791 3050 3859; x_wconf 78' lang='grc' dir='ltr'>κείμενα</span> <span class='ocrx_word' id='word_1_581' title='bbox 3107 3789 3177 3843; x_wconf 83' lang='grc' dir='ltr'>τὰ</span> <span class='ocrx_word' id='word_1_582' title='bbox 3233 3791 3386 3861; x_wconf 83' lang='grc' dir='ltr'>μόνῳ</span> <span class='ocrx_word' id='word_1_583' title='bbox 3446 3788 3527 3858; x_wconf 82' lang='grc' dir='ltr'>τῷ</span> <span class='ocrx_word' id='word_1_584' title='bbox 3579 3783 3790 3854; x_wconf 80' lang='grc' dir='ltr'>ἀρχιερεῖ</span> 
     </span>
    </p>
   </div>
   <div class='ocr_carea' id='block_1_83' title="bbox 2231 3875 3784 3950">
    <p class='ocr_par' dir='ltr' id='par_1_83' title="bbox 2231 3875 3784 3950">
     <span class='ocr_line' id='line_1_83' title="bbox 2231 3875 3784 3950; baseline -0.001 -11"><span class='ocrx_word' id='word_1_585' title='bbox 2231 3886 2422 3941; x_wconf 87' lang='grc' dir='ltr'>θεατά.</span> <span class='ocrx_word' id='word_1_586' title='bbox 2456 3885 2602 3938; x_wconf 76' lang='grc' dir='ltr'>Ἀντὶ</span> <span class='ocrx_word' id='word_1_587' title='bbox 2630 3884 2686 3937; x_wconf 86' lang='grc' dir='ltr'>δὲ</span> <span class='ocrx_word' id='word_1_588' title='bbox 2710 3883 2828 3950; x_wconf 79' lang='grc' dir='ltr'>τοῦ,</span> <span class='ocrx_word' id='word_1_589' title='bbox 2855 3884 2960 3938; x_wconf 77' lang='grc' dir='ltr'><strong>Καὶ</strong></span> <span class='ocrx_word' id='word_1_590' title='bbox 2991 3883 3244 3938; x_wconf 80' lang='grc' dir='ltr'>εἴδοσαν</span> <span class='ocrx_word' id='word_1_591' title='bbox 3269 3884 3359 3938; x_wconf 88' lang='grc' dir='ltr'>ὅτι</span> <span class='ocrx_word' id='word_1_592' title='bbox 3400 3882 3648 3944; x_wconf 79' lang='grc' dir='ltr'>πλείους</span> <span class='ocrx_word' id='word_1_593' title='bbox 3669 3875 3784 3937; x_wconf 67' lang='grc' dir='ltr'>εἰσ).</span> 
     </span>
    </p>
   </div>
   <div class='ocr_carea' id='block_1_84' title="bbox 2229 3971 3787 4050">
    <p class='ocr_par' dir='ltr' id='par_1_84' title="bbox 2229 3971 3787 4050">
     <span class='ocr_line' id='line_1_84' title="bbox 2229 3971 3787 4050; baseline -0.009 -16"><span class='ocrx_word' id='word_1_594' title='bbox 2229 3980 2528 4050; x_wconf 81' lang='grc' dir='ltr'>Σύμμαχος</span> <span class='ocrx_word' id='word_1_595' title='bbox 2551 3980 2656 4050; x_wconf 78' lang='grc' dir='ltr'><strong>ἔφη</strong></span> <span class='ocrx_word' id='word_1_596' title='bbox 2683 3996 2698 4011; x_wconf 86' lang='grc'><strong>·</strong></span> <span class='ocrx_word' id='word_1_597' title='bbox 2727 3977 2840 4032; x_wconf 75' lang='grc' dir='ltr'><strong>Καὶ</strong></span> <span class='ocrx_word' id='word_1_598' title='bbox 2866 3977 2941 4031; x_wconf 86' lang='grc' dir='ltr'>τὰ</span> <span class='ocrx_word' id='word_1_599' title='bbox 2967 3977 3209 4046; x_wconf 79' lang='grc' dir='ltr'>ῥήματα</span> <span class='ocrx_word' id='word_1_600' title='bbox 3259 3977 3437 4032; x_wconf 80' lang='grc' dir='ltr'>οἴκου</span> <span class='ocrx_word' id='word_1_601' title='bbox 3476 3972 3645 4028; x_wconf 74' lang='grc' dir='ltr'><strong>Δαόὶδ</strong></span> <span class='ocrx_word' id='word_1_602' title='bbox 3673 3971 3787 4037; x_wconf 55' lang='grc' dir='ltr'>δέθε-</span> 
     </span>
    </p>
   </div>
   <div class='ocr_carea' id='block_1_85' title="bbox 2229 4065 3784 4139">
    <p class='ocr_par' dir='ltr' id='par_1_85' title="bbox 2229 4065 3784 4139">
     <span class='ocr_line' id='line_1_85' title="bbox 2229 4065 3784 4139; baseline -0.008 -13"><span class='ocrx_word' id='word_1_603' title='bbox 2229 4077 2360 4138; x_wconf 83' lang='grc' dir='ltr'>σθε,</span> <span class='ocrx_word' id='word_1_604' title='bbox 2397 4072 2484 4126; x_wconf 83' lang='grc' dir='ltr'>ὅτι</span> <span class='ocrx_word' id='word_1_605' title='bbox 2514 4071 2886 4139; x_wconf 77' lang='grc' dir='ltr'>ἐπληθύνθη.</span> <span class='ocrx_word' id='word_1_606' title='bbox 2919 4070 3105 4137; x_wconf 82' lang='grc' dir='ltr'>Ὕδωρ</span> <span class='ocrx_word' id='word_1_607' title='bbox 3126 4069 3182 4123; x_wconf 80' lang='grc' dir='ltr'>δὲ</span> <span class='ocrx_word' id='word_1_608' title='bbox 3217 4065 3288 4139; x_wconf 80' lang='grc' dir='ltr'>ἦν</span> <span class='ocrx_word' id='word_1_609' title='bbox 3310 4066 3578 4133; x_wconf 72' lang='grc' dir='ltr'>παλαιᾶς</span> <span class='ocrx_word' id='word_1_610' title='bbox 3597 4065 3784 4128; x_wconf 79' lang='grc' dir='ltr'>κολυμ-</span> 
     </span>
    </p>
   </div>
   <div class='ocr_carea' id='block_1_86' title="bbox 2230 4155 3778 4238">
    <p class='ocr_par' dir='ltr' id='par_1_86' title="bbox 2230 4155 3778 4238">
     <span class='ocr_line' id='line_1_86' title="bbox 2230 4155 3778 4238; baseline -0.024 0"><span class='ocrx_word' id='word_1_611' title='bbox 2230 4167 2448 4238; x_wconf 75' lang='grc' dir='ltr'>δήθρας</span> <span class='ocrx_word' id='word_1_612' title='bbox 2479 4168 2548 4221; x_wconf 76' lang='grc' dir='ltr'>ἐν</span> <span class='ocrx_word' id='word_1_613' title='bbox 2579 4164 2655 4235; x_wconf 71' lang='grc' dir='ltr'><strong>τῇ</strong></span> <span class='ocrx_word' id='word_1_614' title='bbox 2713 4167 2908 4228; x_wconf 75' lang='grc' dir='ltr'>πόλει.</span> <span class='ocrx_word' id='word_1_615' title='bbox 2963 4163 3076 4232; x_wconf 85' lang='grc' dir='ltr'>τῆς</span> <span class='ocrx_word' id='word_1_616' title='bbox 3130 4164 3400 4229; x_wconf 75' lang='grc' dir='ltr'>παλαιᾶς</span> <span class='ocrx_word' id='word_1_617' title='bbox 3456 4155 3778 4214; x_wconf 77' lang='grc' dir='ltr'>θεοπνεύστου</span> 
     </span>
    </p>
   </div>
   <div class='ocr_carea' id='block_1_87' title="bbox 2227 4245 3780 4330">
    <p class='ocr_par' dir='ltr' id='par_1_87' title="bbox 2227 4245 3780 4330">
     <span class='ocr_line' id='line_1_87' title="bbox 2227 4245 3780 4330; baseline -0.01 -17"><span class='ocrx_word' id='word_1_618' title='bbox 2227 4259 2455 4330; x_wconf 74' lang='grc' dir='ltr'>Γραφῆς</span> <span class='ocrx_word' id='word_1_619' title='bbox 2475 4260 2505 4312; x_wconf 84' lang='grc' dir='ltr'><strong>ὁ</strong></span> <span class='ocrx_word' id='word_1_620' title='bbox 2530 4260 2711 4327; x_wconf 88' lang='grc' dir='ltr'>λόγος,</span> <span class='ocrx_word' id='word_1_621' title='bbox 2745 4257 2806 4311; x_wconf 86' lang='grc' dir='ltr'><strong>ὃν</strong></span> <span class='ocrx_word' id='word_1_622' title='bbox 2836 4255 3308 4327; x_wconf 76' lang='grc' dir='ltr'>ἀποστραφέντες.</span> <span class='ocrx_word' id='word_1_623' title='bbox 3344 4255 3620 4324; x_wconf 78' lang='grc' dir='ltr'>ἀλλότριον</span> <span class='ocrx_word' id='word_1_624' title='bbox 3653 4245 3780 4309; x_wconf 82' lang='grc' dir='ltr'>ὕδωρ</span> 
     </span>
    </p>
   </div>
   <div class='ocr_carea' id='block_1_88' title="bbox 2228 4334 3776 4422">
    <p class='ocr_par' dir='ltr' id='par_1_88' title="bbox 2228 4334 3776 4422">
     <span class='ocr_line' id='line_1_88' title="bbox 2228 4334 3776 4422; baseline -0.01 -17"><span class='ocrx_word' id='word_1_625' title='bbox 2228 4353 2442 4415; x_wconf 79' lang='grc' dir='ltr'>ἑαυτοῖς</span> <span class='ocrx_word' id='word_1_626' title='bbox 2486 4351 2812 4422; x_wconf 84' lang='grc' dir='ltr'>ἐπενόησαν,</span> <span class='ocrx_word' id='word_1_627' title='bbox 2845 4349 3194 4412; x_wconf 85' lang='grc' dir='ltr'>διδάσκοντες</span> <span class='ocrx_word' id='word_1_628' title='bbox 3230 4346 3583 4416; x_wconf 74' lang='grc' dir='ltr'>διδασκαλίας</span> <span class='ocrx_word' id='word_1_629' title='bbox 3625 4334 3776 4393; x_wconf 79' lang='grc' dir='ltr'>ἐντάλ·</span> 
     </span>
    </p>
   </div>
   <div class='ocr_carea' id='block_1_89' title="bbox 2230 4425 3778 4516">
    <p class='ocr_par' dir='ltr' id='par_1_89' title="bbox 2230 4436 3778 4516">
     <span class='ocr_line' id='line_1_89' title="bbox 2230 4436 3778 4516; baseline -0.01 -17"><span class='ocrx_word' id='word_1_630' title='bbox 2230 4463 2375 4516; x_wconf 83' lang='grc' dir='ltr'>ματα</span> <span class='ocrx_word' id='word_1_631' title='bbox 2427 4443 2750 4515; x_wconf 82' lang='grc' dir='ltr'>ἀνθρώπων,</span> <span class='ocrx_word' id='word_1_632' title='bbox 2815 4441 3209 4514; x_wconf 84' lang='grc' dir='ltr'>ἁκυρὼσαντές</span> <span class='ocrx_word' id='word_1_633' title='bbox 3256 4458 3314 4494; x_wconf 87' lang='grc' dir='ltr'><strong>τε</strong></span> <span class='ocrx_word' id='word_1_634' title='bbox 3361 4440 3456 4492; x_wconf 80' lang='grc' dir='ltr'><strong>τὸν</strong></span> <span class='ocrx_word' id='word_1_635' title='bbox 3509 4436 3654 4502; x_wconf 85' lang='grc' dir='ltr'>λόγον</span> <span class='ocrx_word' id='word_1_636' title='bbox 3702 4444 3778 4481; x_wconf 71' lang='grc' dir='ltr'><strong>του</strong></span> 
     </span>
    </p>
   </div>
   <div class='ocr_carea' id='block_1_90' title="bbox 2227 4525 3774 4608">
    <p class='ocr_par' dir='ltr' id='par_1_90' title="bbox 2227 4525 3774 4608">
     <span class='ocr_line' id='line_1_90' title="bbox 2227 4525 3774 4608; baseline -0.006 -18"><span class='ocrx_word' id='word_1_637' title='bbox 2227 4537 2362 4591; x_wconf 79' lang='grc' dir='ltr'>Θεοῦ</span> <span class='ocrx_word' id='word_1_638' title='bbox 2385 4538 2486 4608; x_wconf 79' lang='grc' dir='ltr'><strong>τὴν</strong></span> <span class='ocrx_word' id='word_1_639' title='bbox 2513 4537 2815 4608; x_wconf 76' lang='grc' dir='ltr'>παράδοσιν</span> <span class='ocrx_word' id='word_1_640' title='bbox 2845 4536 3048 4590; x_wconf 83' lang='grc' dir='ltr'>αὐτῶν.</span> <span class='ocrx_word' id='word_1_641' title='bbox 3087 4536 3222 4600; x_wconf 79' lang='grc' dir='ltr'>Περὶ</span> <span class='ocrx_word' id='word_1_642' title='bbox 3259 4527 3334 4587; x_wconf 80' lang='grc' dir='ltr'><strong>ὧν</strong></span> <span class='ocrx_word' id='word_1_643' title='bbox 3361 4533 3498 4606; x_wconf 75' lang='grc' dir='ltr'>πρὸς</span> <span class='ocrx_word' id='word_1_644' title='bbox 3525 4529 3611 4582; x_wconf 82' lang='grc' dir='ltr'><strong>τὸν</strong></span> <span class='ocrx_word' id='word_1_645' title='bbox 3643 4525 3774 4593; x_wconf 83' lang='grc' dir='ltr'>Ἰερε·</span> 
     </span>
    </p>
   </div>
   <div class='ocr_carea' id='block_1_91' title="bbox 2232 4620 3772 4700">
    <p class='ocr_par' dir='ltr' id='par_1_91' title="bbox 2232 4620 3772 4700">
     <span class='ocr_line' id='line_1_91' title="bbox 2232 4620 3772 4700; baseline -0.005 -16"><span class='ocrx_word' id='word_1_646' title='bbox 2232 4632 2362 4700; x_wconf 79' lang='grc' dir='ltr'>μίαν</span> <span class='ocrx_word' id='word_1_647' title='bbox 2384 4629 2549 4700; x_wconf 80' lang='grc' dir='ltr'>φησίν</span> <span class='ocrx_word' id='word_1_648' title='bbox 2565 4647 2578 4661; x_wconf 89' lang='grc'><strong>·</strong></span> <span class='ocrx_word' id='word_1_649' title='bbox 2607 4649 2626 4680; x_wconf 79' lang='grc' dir='ltr'><strong>ι</strong></span> <span class='ocrx_word' id='word_1_650' title='bbox 2662 4630 2716 4682; x_wconf 86' lang='grc' dir='ltr'><strong>Ἐ</strong></span> <span class='ocrx_word' id='word_1_651' title='bbox 2726 4631 2792 4699; x_wconf 77' lang='grc' dir='ltr'>μὲ</span> <span class='ocrx_word' id='word_1_652' title='bbox 2811 4629 3170 4697; x_wconf 77' lang='grc' dir='ltr'>ἐγκατέλιπον</span> <span class='ocrx_word' id='word_1_653' title='bbox 3189 4628 3372 4697; x_wconf 77' lang='grc' dir='ltr'>πηγὴν</span> <span class='ocrx_word' id='word_1_654' title='bbox 3390 4627 3576 4686; x_wconf 75' lang='grc' dir='ltr'>ὕδατος</span> <span class='ocrx_word' id='word_1_655' title='bbox 3592 4620 3772 4685; x_wconf 76' lang='grc' dir='ltr'>ζῶντος,</span> 
     </span>
    </p>
   </div>
   <div class='ocr_carea' id='block_1_92' title="bbox 2231 4707 3768 4796">
    <p class='ocr_par' dir='ltr' id='par_1_92' title="bbox 2231 4707 3768 4796">
     <span class='ocr_line' id='line_1_92' title="bbox 2231 4707 3768 4796; baseline -0.012 -18"><span class='ocrx_word' id='word_1_656' title='bbox 2231 4725 2325 4778; x_wconf 62' lang='grc' dir='ltr'><strong>καὶ¹</strong></span> <span class='ocrx_word' id='word_1_657' title='bbox 2365 4723 2580 4796; x_wconf 78' lang='grc' dir='ltr'>ὤρυξαν</span> <span class='ocrx_word' id='word_1_658' title='bbox 2607 4725 2823 4784; x_wconf 82' lang='grc' dir='ltr'>ἑαυτοῖς</span> <span class='ocrx_word' id='word_1_659' title='bbox 2861 4722 3100 4784; x_wconf 82' lang='grc' dir='ltr'>λάκκους</span> <span class='ocrx_word' id='word_1_660' title='bbox 3146 4718 3677 4788; x_wconf 74' lang='grc' dir='ltr'>συντετριμμένους.)</span> <span class='ocrx_word' id='word_1_661' title='bbox 3712 4707 3768 4758; x_wconf 74' lang='grc' dir='ltr'>Τὸ</span> 
     </span>
    </p>
   </div>
   <div class='ocr_carea' id='block_1_93' title="bbox 541 4801 2128 4884">
    <p class='ocr_par' dir='ltr' id='par_1_93' title="bbox 541 4806 2122 4878">
     <span class='ocr_line' id='line_1_93' title="bbox 541 4806 2122 4878; baseline 0.011 -19"><span class='ocrx_word' id='word_1_662' title='bbox 541 4806 744 4861; x_wconf 82' lang='lat' dir='ltr'><strong>fontem</strong></span> <span class='ocrx_word' id='word_1_663' title='bbox 777 4823 934 4878; x_wconf 61' lang='lat' dir='ltr'><strong>aqua;</strong></span> <span class='ocrx_word' id='word_1_664' title='bbox 992 4811 1252 4874; x_wconf 85' lang='lat' dir='ltr'><strong>viventis.</strong></span> <span class='ocrx_word' id='word_1_665' title='bbox 1305 4823 1360 4870; x_wconf 90' lang='lat' dir='ltr'><strong>et</strong></span> <span class='ocrx_word' id='word_1_666' title='bbox 1409 4816 1669 4871; x_wconf 82' lang='lat' dir='ltr'><strong>foderunt</strong></span> <span class='ocrx_word' id='word_1_667' title='bbox 1723 4820 1829 4874; x_wconf 88' lang='lat' dir='ltr'><strong>sibi</strong></span> <span class='ocrx_word' id='word_1_668' title='bbox 1883 4823 2122 4878; x_wconf 83' lang='lat' dir='ltr'><strong>rimosas</strong></span> 
     </span>
    </p>
   </div>
   <div class='ocr_carea' id='block_1_94' title="bbox 2231 4801 3766 4884">
    <p class='ocr_par' dir='ltr' id='par_1_94' title="bbox 2231 4805 3766 4884">
     <span class='ocr_line' id='line_1_94' title="bbox 2231 4805 3766 4884; baseline -0.008 -13"><span class='ocrx_word' id='word_1_669' title='bbox 2231 4817 2285 4871; x_wconf 83' lang='grc' dir='ltr'><strong>δὲ</strong></span> <span class='ocrx_word' id='word_1_670' title='bbox 2318 4816 2467 4881; x_wconf 77' lang='grc' dir='ltr'>ξένον</span> <span class='ocrx_word' id='word_1_671' title='bbox 2488 4816 2644 4884; x_wconf 84' lang='grc' dir='ltr'>ὕδωρ</span> <span class='ocrx_word' id='word_1_672' title='bbox 2665 4814 2890 4883; x_wconf 78' lang='grc' dir='ltr'>μεταξὺ</span> <span class='ocrx_word' id='word_1_673' title='bbox 2922 4812 3042 4866; x_wconf 75' lang='grc' dir='ltr'><strong>τῶν</strong></span> <span class='ocrx_word' id='word_1_674' title='bbox 3080 4813 3192 4867; x_wconf 79' lang='grc' dir='ltr'><strong>δύο</strong></span> <span class='ocrx_word' id='word_1_675' title='bbox 3213 4813 3464 4880; x_wconf 75' lang='grc' dir='ltr'>τειχέων</span> <span class='ocrx_word' id='word_1_676' title='bbox 3487 4805 3766 4871; x_wconf 75' lang='grc' dir='ltr'>ἐπενόησαν·</span> 
     </span>
    </p>
   </div>
   <div class='ocr_carea' id='block_1_95' title="bbox 537 4898 2125 4982">
    <p class='ocr_par' dir='ltr' id='par_1_95' title="bbox 537 4898 2125 4982">
     <span class='ocr_line' id='line_1_95' title="bbox 537 4898 2125 4982; baseline 0.011 -31"><span class='ocrx_word' id='word_1_677' title='bbox 537 4898 811 4955; x_wconf 84' lang='lat' dir='ltr'><strong>cisternas</strong></span> <span class='ocrx_word' id='word_1_678' title='bbox 845 4899 915 4956; x_wconf 81' lang='grc'><strong>⁷⁸.</strong></span> <span class='ocrx_word' id='word_1_679' title='bbox 959 4921 977 4953; x_wconf 73' lang='grc' dir='ltr'><strong>ι</strong></span> <span class='ocrx_word' id='word_1_680' title='bbox 1015 4902 1139 4959; x_wconf 91' lang='lat' dir='ltr'><strong>ldeo</strong></span> <span class='ocrx_word' id='word_1_681' title='bbox 1171 4914 1352 4963; x_wconf 89' lang='lat' dir='ltr'><strong>autem</strong></span> <span class='ocrx_word' id='word_1_682' title='bbox 1389 4912 1737 4980; x_wconf 82' lang='lat' dir='ltr'><strong>peregrinam</strong></span> <span class='ocrx_word' id='word_1_683' title='bbox 1766 4929 1960 4982; x_wconf 83' lang='lat' dir='ltr'><strong>aquam</strong></span> <span class='ocrx_word' id='word_1_684' title='bbox 1986 4916 2125 4968; x_wconf 81' lang='lat' dir='ltr'><strong>inter</strong></span> 
     </span>
    </p>
   </div>
   <div class='ocr_carea' id='block_1_96' title="bbox 539 4990 2127 5070">
    <p class='ocr_par' dir='ltr' id='par_1_96' title="bbox 539 4990 2127 5070">
     <span class='ocr_line' id='line_1_96' title="bbox 539 4990 2127 5070; baseline 0.012 -29"><span class='ocrx_word' id='word_1_685' title='bbox 539 5005 720 5044; x_wconf 79' lang='lat' dir='ltr'><strong>muros</strong></span> <span class='ocrx_word' id='word_1_686' title='bbox 752 4990 820 5045; x_wconf 87' lang='lat' dir='ltr'><strong>ab</strong></span> <span class='ocrx_word' id='word_1_687' title='bbox 851 4992 931 5048; x_wconf 90' lang='lat' dir='ltr'><strong>eis</strong></span> <span class='ocrx_word' id='word_1_688' title='bbox 960 4995 1245 5063; x_wconf 70' lang='lat' dir='ltr'><strong>qumsitam</strong></span> <span class='ocrx_word' id='word_1_689' title='bbox 1306 4999 1602 5070; x_wconf 74' lang='lat' dir='ltr'><strong>signiﬁcat,</strong></span> <span class='ocrx_word' id='word_1_690' title='bbox 1645 5013 1704 5057; x_wconf 91' lang='lat' dir='ltr'><strong>ut</strong></span> <span class='ocrx_word' id='word_1_691' title='bbox 1735 5005 1864 5058; x_wconf 65' lang='lat' dir='ltr'><strong>vita:</strong></span> <span class='ocrx_word' id='word_1_692' title='bbox 1919 5015 2127 5061; x_wconf 80' lang='lat' dir='ltr'><strong>nostrae</strong></span> 
     </span>
    </p>
   </div>
   <div class='ocr_carea' id='block_1_97' title="bbox 537 5081 2126 5161">
    <p class='ocr_par' dir='ltr' id='par_1_97' title="bbox 537 5081 2126 5161">
     <span class='ocr_line' id='line_1_97' title="bbox 537 5081 2126 5161; baseline 0.011 -26"><span class='ocrx_word' id='word_1_693' title='bbox 537 5097 664 5136; x_wconf 91' lang='lat' dir='ltr'><strong>cum</strong></span> <span class='ocrx_word' id='word_1_694' title='bbox 701 5081 814 5138; x_wconf 91' lang='lat' dir='ltr'><strong>Deo</strong></span> <span class='ocrx_word' id='word_1_695' title='bbox 845 5086 1118 5142; x_wconf 87' lang='lat' dir='ltr'><strong>rationem</strong></span> <span class='ocrx_word' id='word_1_696' title='bbox 1164 5099 1424 5160; x_wconf 88' lang='lat' dir='ltr'><strong>tanquam</strong></span> <span class='ocrx_word' id='word_1_697' title='bbox 1458 5093 1624 5147; x_wconf 79' lang='lat' dir='ltr'><strong>muris</strong></span> <span class='ocrx_word' id='word_1_698' title='bbox 1667 5093 1896 5161; x_wconf 83' lang='lat' dir='ltr'><strong>duobus,</strong></span> <span class='ocrx_word' id='word_1_699' title='bbox 1937 5096 2126 5153; x_wconf 85' lang='lat' dir='ltr'><strong>Veteri</strong></span> 
     </span>
    </p>
   </div>
   <div class='ocr_carea' id='block_1_98' title="bbox 537 5173 2121 5255">
    <p class='ocr_par' dir='ltr' id='par_1_98' title="bbox 537 5173 2121 5255">
     <span class='ocr_line' id='line_1_98' title="bbox 537 5173 2121 5255; baseline 0.008 -27"><span class='ocrx_word' id='word_1_700' title='bbox 537 5173 750 5229; x_wconf 85' lang='lat' dir='ltr'><strong>scilicet</strong></span> <span class='ocrx_word' id='word_1_701' title='bbox 779 5183 834 5229; x_wconf 92' lang='lat' dir='ltr'><strong>et</strong></span> <span class='ocrx_word' id='word_1_702' title='bbox 872 5174 1024 5231; x_wconf 88' lang='lat' dir='ltr'><strong>Novo</strong></span> <span class='ocrx_word' id='word_1_703' title='bbox 1062 5176 1419 5236; x_wconf 87' lang='lat' dir='ltr'><strong>Testamento</strong></span> <span class='ocrx_word' id='word_1_704' title='bbox 1451 5181 1614 5236; x_wconf 90' lang='lat' dir='ltr'><strong>inniti</strong></span> <span class='ocrx_word' id='word_1_705' title='bbox 1642 5183 1848 5240; x_wconf 88' lang='lat' dir='ltr'><strong>debere</strong></span> <span class='ocrx_word' id='word_1_706' title='bbox 1883 5186 2121 5255; x_wconf 88' lang='lat' dir='ltr'><strong>doceat;</strong></span> 
     </span>
    </p>
   </div>
   <div class='ocr_carea' id='block_1_99' title="bbox 536 5271 2123 5345">
    <p class='ocr_par' dir='ltr' id='par_1_99' title="bbox 536 5271 2123 5345">
     <span class='ocr_line' id='line_1_99' title="bbox 536 5271 2123 5345; baseline 0.011 -27"><span class='ocrx_word' id='word_1_707' title='bbox 536 5282 774 5335; x_wconf 85' lang='lat' dir='ltr'><strong>quorum</strong></span> <span class='ocrx_word' id='word_1_708' title='bbox 811 5271 1063 5326; x_wconf 86' lang='lat' dir='ltr'><strong>neutrius</strong></span> <span class='ocrx_word' id='word_1_709' title='bbox 1124 5279 1258 5326; x_wconf 90' lang='lat' dir='ltr'><strong>sunt</strong></span> <span class='ocrx_word' id='word_1_710' title='bbox 1317 5274 1617 5345; x_wconf 88' lang='lat' dir='ltr'><strong>participes</strong></span> <span class='ocrx_word' id='word_1_711' title='bbox 1674 5276 1959 5332; x_wconf 88' lang='lat' dir='ltr'><strong>seniorum</strong></span> <span class='ocrx_word' id='word_1_712' title='bbox 2013 5279 2123 5335; x_wconf 67' lang='lat' dir='ltr'><strong>illa:</strong></span> 
     </span>
    </p>
   </div>
   <div class='ocr_carea' id='block_1_100' title="bbox 538 5357 2126 5441">
    <p class='ocr_par' dir='ltr' id='par_1_100' title="bbox 538 5357 2126 5441">
     <span class='ocr_line' id='line_1_100' title="bbox 538 5357 2126 5441; baseline 0.01 -31"><span class='ocrx_word' id='word_1_713' title='bbox 538 5357 888 5426; x_wconf 86' lang='lat' dir='ltr'><strong>traditiones,</strong></span> <span class='ocrx_word' id='word_1_714' title='bbox 944 5377 1184 5431; x_wconf 90' lang='lat' dir='ltr'><strong>quarum</strong></span> <span class='ocrx_word' id='word_1_715' title='bbox 1249 5365 1472 5419; x_wconf 89' lang='lat' dir='ltr'><strong>nomine</strong></span> <span class='ocrx_word' id='word_1_716' title='bbox 1527 5378 1786 5425; x_wconf 88' lang='lat' dir='ltr'><strong>auctores</strong></span> <span class='ocrx_word' id='word_1_717' title='bbox 1829 5369 1930 5440; x_wconf 89' lang='lat' dir='ltr'><strong>ipsi</strong></span> <span class='ocrx_word' id='word_1_718' title='bbox 1979 5371 2126 5441; x_wconf 89' lang='lat' dir='ltr'><strong>apud</strong></span> 
     </span>
    </p>
   </div>
   <div class='ocr_carea' id='block_1_101' title="bbox 538 5451 2127 5528">
    <p class='ocr_par' dir='ltr' id='par_1_101' title="bbox 538 5451 2127 5528">
     <span class='ocr_line' id='line_1_101' title="bbox 538 5451 2127 5528; baseline 0.01 -26"><span class='ocrx_word' id='word_1_719' title='bbox 538 5463 636 5502; x_wconf 88' lang='lat' dir='ltr'><strong>cos</strong></span> <span class='ocrx_word' id='word_1_720' title='bbox 669 5451 1021 5522; x_wconf 80' lang='lat' dir='ltr'><strong>superbiant.</strong></span> <span class='ocrx_word' id='word_1_721' title='bbox 1056 5452 1267 5510; x_wconf 88' lang='lat' dir='ltr'><strong>Deinde</strong></span> <span class='ocrx_word' id='word_1_722' title='bbox 1295 5455 1448 5511; x_wconf 90' lang='lat' dir='ltr'><strong>aliud</strong></span> <span class='ocrx_word' id='word_1_723' title='bbox 1489 5459 1660 5515; x_wconf 90' lang='lat' dir='ltr'><strong>etiam</strong></span> <span class='ocrx_word' id='word_1_724' title='bbox 1695 5461 1838 5528; x_wconf 89' lang='lat' dir='ltr'><strong>ausi,</strong></span> <span class='ocrx_word' id='word_1_725' title='bbox 1892 5464 2127 5518; x_wconf 76' lang='lat' dir='ltr'><strong>civitatis</strong></span> 
     </span>
    </p>
   </div>
   <div class='ocr_carea' id='block_1_102' title="bbox 541 5544 2128 5613">
    <p class='ocr_par' dir='ltr' id='par_1_102' title="bbox 541 5544 2128 5613">
     <span class='ocr_line' id='line_1_102' title="bbox 541 5544 2128 5613; baseline 0.009 -17"><span class='ocrx_word' id='word_1_726' title='bbox 541 5544 729 5601; x_wconf 79' lang='lat' dir='ltr'><strong>domos</strong></span> <span class='ocrx_word' id='word_1_727' title='bbox 783 5548 842 5602; x_wconf 81' lang='lat' dir='ltr'><strong>in</strong></span> <span class='ocrx_word' id='word_1_728' title='bbox 900 5551 1045 5604; x_wconf 84' lang='lat' dir='ltr'><strong>muri</strong></span> <span class='ocrx_word' id='word_1_729' title='bbox 1109 5550 1198 5606; x_wconf 88' lang='lat' dir='ltr'><strong>sui</strong></span> <span class='ocrx_word' id='word_1_730' title='bbox 1243 5554 1720 5610; x_wconf 80' lang='lat' dir='ltr'><strong>construCtionem</strong></span> <span class='ocrx_word' id='word_1_731' title='bbox 1785 5565 2128 5613; x_wconf 89' lang='lat' dir='ltr'><strong>everterunt.</strong></span> 
     </span>
    </p>
   </div>
   <div class='ocr_carea' id='block_1_103' title="bbox 548 5636 2130 5721">
    <p class='ocr_par' dir='ltr' id='par_1_103' title="bbox 548 5636 2130 5721">
     <span class='ocr_line' id='line_1_103' title="bbox 548 5636 2130 5721; baseline 0.004 -24"><span class='ocrx_word' id='word_1_732' title='bbox 548 5636 855 5712; x_wconf 80' lang='lat' dir='ltr'><strong>Usurpatas</strong></span> <span class='ocrx_word' id='word_1_733' title='bbox 879 5643 1025 5699; x_wconf 90' lang='lat' dir='ltr'><strong>enim</strong></span> <span class='ocrx_word' id='word_1_734' title='bbox 1071 5644 1372 5716; x_wconf 81' lang='lat' dir='ltr'><strong>Scriptura:</strong></span> <span class='ocrx_word' id='word_1_735' title='bbox 1410 5659 1615 5704; x_wconf 71' lang='lat' dir='ltr'><strong>sancta:</strong></span> <span class='ocrx_word' id='word_1_736' title='bbox 1646 5665 1813 5707; x_wconf 90' lang='lat' dir='ltr'><strong>voces</strong></span> <span class='ocrx_word' id='word_1_737' title='bbox 1846 5651 2130 5721; x_wconf 79' lang='lat' dir='ltr'><strong>excogita-</strong></span> 
     </span>
    </p>
   </div>
   <div class='ocr_carea' id='block_1_104' title="bbox 614 5798 1908 5877">
    <p class='ocr_par' dir='ltr' id='par_1_104' title="bbox 614 5798 1908 5877">
     <span class='ocr_line' id='line_1_104' title="bbox 614 5798 1908 5877; baseline 0.006 -22"><span class='ocrx_word' id='word_1_738' title='bbox 614 5800 662 5831; x_wconf 82' lang='grc'>⁷⁸</span> <span class='ocrx_word' id='word_1_739' title='bbox 700 5798 859 5856; x_wconf 80' lang='lat' dir='ltr'><strong>Joan.</strong></span> <span class='ocrx_word' id='word_1_740' title='bbox 898 5817 1014 5864; x_wconf 72' lang='lat' dir='ltr'><strong>xm,</strong></span> <span class='ocrx_word' id='word_1_741' title='bbox 1081 5803 1166 5857; x_wconf 80' lang='grc'><strong>15.</strong></span> <span class='ocrx_word' id='word_1_742' title='bbox 1274 5806 1319 5839; x_wconf 73' lang='grc'>⁷⁸</span> <span class='ocrx_word' id='word_1_743' title='bbox 1357 5806 1370 5860; x_wconf 94' lang='grc' dir='ltr'><strong>Ι</strong></span> <span class='ocrx_word' id='word_1_744' title='bbox 1407 5805 1571 5863; x_wconf 82' lang='lat' dir='ltr'><strong>Joan.</strong></span> <span class='ocrx_word' id='word_1_745' title='bbox 1607 5809 1908 5877; x_wconf 72' lang='lat' dir='ltr'><strong>v,16,l7.</strong></span> 
     </span>
    </p>
   </div>
   <div class='ocr_carea' id='block_1_105' title="bbox 2230 4890 3766 4979">
    <p class='ocr_par' dir='ltr' id='par_1_105' title="bbox 2230 4890 3766 4979">
     <span class='ocr_line' id='line_1_105' title="bbox 2230 4890 3766 4979; baseline -0.008 -16"><span class='ocrx_word' id='word_1_746' title='bbox 2230 4912 2344 4965; x_wconf 81' lang='grc' dir='ltr'>Δύο</span> <span class='ocrx_word' id='word_1_747' title='bbox 2374 4910 2430 4962; x_wconf 85' lang='grc' dir='ltr'><strong>δέ</strong></span> <span class='ocrx_word' id='word_1_748' title='bbox 2455 4911 2621 4978; x_wconf 81' lang='grc' dir='ltr'>τείχη</span> <span class='ocrx_word' id='word_1_749' title='bbox 2653 4910 2752 4979; x_wconf 84' lang='grc' dir='ltr'>τῆς</span> <span class='ocrx_word' id='word_1_750' title='bbox 2787 4909 2926 4961; x_wconf 75' lang='grc' dir='ltr'>κατὰ</span> <span class='ocrx_word' id='word_1_751' title='bbox 2984 4908 3116 4959; x_wconf 75' lang='grc' dir='ltr'>Θεὸν</span> <span class='ocrx_word' id='word_1_752' title='bbox 3169 4906 3453 4969; x_wconf 80' lang='grc' dir='ltr'>πολιτείας</span> <span class='ocrx_word' id='word_1_753' title='bbox 3480 4905 3570 4974; x_wconf 81' lang='grc' dir='ltr'>ἦτε</span> <span class='ocrx_word' id='word_1_754' title='bbox 3594 4890 3766 4952; x_wconf 71' lang='grc' dir='ltr'>Παλαιᾶ</span> 
     </span>
    </p>
   </div>
   <div class='ocr_carea' id='block_1_106' title="bbox 2229 4985 3763 5073">
    <p class='ocr_par' dir='ltr' id='par_1_106' title="bbox 2229 4985 3763 5073">
     <span class='ocr_line' id='line_1_106' title="bbox 2229 4985 3763 5073; baseline -0.014 -16"><span class='ocrx_word' id='word_1_755' title='bbox 2229 5009 2326 5057; x_wconf 73' lang='grc' dir='ltr'><strong>καὶ</strong></span> <span class='ocrx_word' id='word_1_756' title='bbox 2351 5003 2528 5073; x_wconf 82' lang='grc' dir='ltr'>Καινὴ</span> <span class='ocrx_word' id='word_1_757' title='bbox 2559 5001 2827 5072; x_wconf 84' lang='grc' dir='ltr'>Διαθήκη,</span> <span class='ocrx_word' id='word_1_758' title='bbox 2857 4995 2932 5056; x_wconf 84' lang='grc' dir='ltr'><strong>ὧν</strong></span> <span class='ocrx_word' id='word_1_759' title='bbox 2967 5000 3255 5070; x_wconf 74' lang='grc' dir='ltr'>οὐδετέρας</span> <span class='ocrx_word' id='word_1_760' title='bbox 3277 5000 3335 5051; x_wconf 75' lang='grc' dir='ltr'>αἱ</span> <span class='ocrx_word' id='word_1_761' title='bbox 3365 4999 3474 5052; x_wconf 84' lang='grc' dir='ltr'>τῶν</span> <span class='ocrx_word' id='word_1_762' title='bbox 3508 4985 3763 5066; x_wconf 75' lang='grc' dir='ltr'>πρεσϐντέο</span> 
     </span>
    </p>
   </div>
   <div class='ocr_carea' id='block_1_107' title="bbox 2232 5075 3758 5166">
    <p class='ocr_par' dir='ltr' id='par_1_107' title="bbox 2232 5075 3758 5166">
     <span class='ocr_line' id='line_1_107' title="bbox 2232 5075 3758 5166; baseline -0.014 -17"><span class='ocrx_word' id='word_1_763' title='bbox 2232 5113 2343 5166; x_wconf 88' lang='grc' dir='ltr'>ρων</span> <span class='ocrx_word' id='word_1_764' title='bbox 2411 5095 2700 5164; x_wconf 75' lang='grc' dir='ltr'>μετέχουσι</span> <span class='ocrx_word' id='word_1_765' title='bbox 2747 5093 3078 5164; x_wconf 85' lang='grc' dir='ltr'>παραδόσεις</span> <span class='ocrx_word' id='word_1_766' title='bbox 3136 5093 3221 5159; x_wconf 83' lang='grc' dir='ltr'><strong>ἐφ’</strong></span> <span class='ocrx_word' id='word_1_767' title='bbox 3263 5091 3330 5155; x_wconf 80' lang='grc' dir='ltr'><strong>ἂς</strong></span> <span class='ocrx_word' id='word_1_768' title='bbox 3391 5093 3438 5144; x_wconf 82' lang='grc' dir='ltr'>οξ</span> <span class='ocrx_word' id='word_1_769' title='bbox 3481 5075 3758 5152; x_wconf 66' lang='grc' dir='ltr'>δευτερωταὶ</span> 
     </span>
    </p>
   </div>
   <div class='ocr_carea' id='block_1_108' title="bbox 2229 5166 3757 5256">
    <p class='ocr_par' dir='ltr' id='par_1_108' title="bbox 2229 5166 3757 5256">
     <span class='ocr_line' id='line_1_108' title="bbox 2229 5166 3757 5256; baseline -0.01 -18"><span class='ocrx_word' id='word_1_770' title='bbox 2229 5187 2513 5256; x_wconf 84' lang='grc' dir='ltr'>λεγόμενοι</span> <span class='ocrx_word' id='word_1_771' title='bbox 2548 5184 2680 5254; x_wconf 77' lang='grc' dir='ltr'>παρ’</span> <span class='ocrx_word' id='word_1_772' title='bbox 2743 5184 2976 5247; x_wconf 82' lang='grc' dir='ltr'>ἐκείνοις</span> <span class='ocrx_word' id='word_1_773' title='bbox 3009 5182 3448 5248; x_wconf 62' lang='grc' dir='ltr'>ἀλαζονεύονται,</span> <span class='ocrx_word' id='word_1_774' title='bbox 3480 5181 3565 5234; x_wconf 67' lang='grc' dir='ltr'><strong>καὶ</strong></span> <span class='ocrx_word' id='word_1_775' title='bbox 3592 5166 3757 5228; x_wconf 74' lang='grc' dir='ltr'>ἄλλοδέ</span> 
     </span>
    </p>
   </div>
   <div class='ocr_carea' id='block_1_109' title="bbox 2229 5264 3752 5348">
    <p class='ocr_par' dir='ltr' id='par_1_109' title="bbox 2229 5264 3752 5348">
     <span class='ocr_line' id='line_1_109' title="bbox 2229 5264 3752 5348; baseline -0.003 -18"><span class='ocrx_word' id='word_1_776' title='bbox 2229 5296 2282 5330; x_wconf 89' lang='grc' dir='ltr'><strong>τι</strong></span> <span class='ocrx_word' id='word_1_777' title='bbox 2314 5278 2711 5348; x_wconf 86' lang='grc' dir='ltr'>τολμήσαντες,</span> <span class='ocrx_word' id='word_1_778' title='bbox 2741 5275 2851 5344; x_wconf 83' lang='grc' dir='ltr'>τῆς</span> <span class='ocrx_word' id='word_1_779' title='bbox 2879 5278 3112 5341; x_wconf 70' lang='grc' dir='ltr'>πόλεως</span> <span class='ocrx_word' id='word_1_780' title='bbox 3139 5274 3283 5340; x_wconf 87' lang='grc' dir='ltr'>τοὺς</span> <span class='ocrx_word' id='word_1_781' title='bbox 3311 5275 3534 5339; x_wconf 81' lang='grc' dir='ltr'>οἴκους.</span> <span class='ocrx_word' id='word_1_782' title='bbox 3564 5271 3629 5328; x_wconf 70' lang='grc' dir='ltr'><strong>είς</strong></span> <span class='ocrx_word' id='word_1_783' title='bbox 3644 5264 3752 5315; x_wconf 67' lang='grc' dir='ltr'>οἷκο·</span> 
     </span>
    </p>
   </div>
   <div class='ocr_carea' id='block_1_110' title="bbox 2230 5357 3752 5437">
    <p class='ocr_par' dir='ltr' id='par_1_110' title="bbox 2230 5357 3752 5437">
     <span class='ocr_line' id='line_1_110' title="bbox 2230 5357 3752 5437; baseline -0.015 -17"><span class='ocrx_word' id='word_1_784' title='bbox 2230 5367 2402 5437; x_wconf 84' lang='grc' dir='ltr'>δομὴν</span> <span class='ocrx_word' id='word_1_785' title='bbox 2425 5365 2521 5418; x_wconf 79' lang='grc' dir='ltr'>τοῦ</span> <span class='ocrx_word' id='word_1_786' title='bbox 2553 5364 2682 5418; x_wconf 81' lang='grc' dir='ltr'>ἰδίου</span> <span class='ocrx_word' id='word_1_787' title='bbox 2717 5367 2958 5434; x_wconf 83' lang='grc' dir='ltr'>τείχους</span> <span class='ocrx_word' id='word_1_788' title='bbox 2983 5365 3310 5419; x_wconf 81' lang='grc' dir='ltr'>κατέλυσαν.</span> <span class='ocrx_word' id='word_1_789' title='bbox 3347 5364 3430 5417; x_wconf 64' lang='lat' dir='ltr'><strong>Ta</strong></span> <span class='ocrx_word' id='word_1_790' title='bbox 3450 5363 3550 5434; x_wconf 74' lang='grc' dir='ltr'>γὰρ</span> <span class='ocrx_word' id='word_1_791' title='bbox 3579 5357 3752 5429; x_wconf 73' lang='grc' dir='ltr'>ῥήματα</span> 
     </span>
    </p>
   </div>
   <div class='ocr_carea' id='block_1_111' title="bbox 2229 5444 3748 5541">
    <p class='ocr_par' dir='ltr' id='par_1_111' title="bbox 2229 5444 3748 5541">
     <span class='ocr_line' id='line_1_111' title="bbox 2229 5444 3748 5541; baseline -0.001 -28"><span class='ocrx_word' id='word_1_792' title='bbox 2229 5461 2330 5530; x_wconf 83' lang='grc' dir='ltr'>τῆς</span> <span class='ocrx_word' id='word_1_793' title='bbox 2347 5460 2497 5524; x_wconf 84' lang='grc' dir='ltr'>θείας</span> <span class='ocrx_word' id='word_1_794' title='bbox 2522 5458 2747 5530; x_wconf 80' lang='grc' dir='ltr'>Γραφῆς</span> <span class='ocrx_word' id='word_1_795' title='bbox 2773 5459 3273 5528; x_wconf 75' lang='grc' dir='ltr'>ἀπολαμϐάνοντες,</span> <span class='ocrx_word' id='word_1_796' title='bbox 3297 5457 3396 5522; x_wconf 73' lang='grc' dir='ltr'><strong>τὰς</strong></span> <span class='ocrx_word' id='word_1_797' title='bbox 3417 5456 3603 5512; x_wconf 74' lang='grc' dir='ltr'>οἰκείας</span> <span class='ocrx_word' id='word_1_798' title='bbox 3631 5444 3748 5541; x_wconf 58' lang='grc' dir='ltr'><strong>μυσῖ</strong></span> 
     </span>
    </p>
   </div>
   <div class='ocr_carea' id='block_1_112' title="bbox 2231 5537 3748 5624">
    <p class='ocr_par' dir='ltr' id='par_1_112' title="bbox 2231 5537 3748 5624">
     <span class='ocr_line' id='line_1_112' title="bbox 2231 5537 3748 5624; baseline -0.009 -18"><span class='ocrx_word' id='word_1_799' title='bbox 2231 5553 2420 5622; x_wconf 82' lang='grc' dir='ltr'>λογίας</span> <span class='ocrx_word' id='word_1_800' title='bbox 2472 5553 2925 5624; x_wconf 74' lang='grc' dir='ltr'>περιτειχίςουσι,</span> <span class='ocrx_word' id='word_1_801' title='bbox 2965 5551 3041 5624; x_wconf 81' lang='grc' dir='ltr'>μὴ</span> <span class='ocrx_word' id='word_1_802' title='bbox 3093 5553 3529 5622; x_wconf 65' lang='grc' dir='ltr'>προσεσχηκότες</span> <span class='ocrx_word' id='word_1_803' title='bbox 3571 5537 3669 5608; x_wconf 82' lang='grc' dir='ltr'><strong>Θεῷ</strong></span> <span class='ocrx_word' id='word_1_804' title='bbox 3691 5550 3748 5599; x_wconf 73' lang='grc' dir='ltr'>τῳ</span> 
     </span>
    </p>
   </div>
   <div class='ocr_carea' id='block_1_113' title="bbox 2243 5626 3743 5716">
    <p class='ocr_par' dir='ltr' id='par_1_113' title="bbox 2243 5637 3743 5716">
     <span class='ocr_line' id='line_1_113' title="bbox 2243 5637 3743 5716; baseline -0.001 -16"><span class='ocrx_word' id='word_1_805' title='bbox 2243 5647 2564 5716; x_wconf 80' lang='grc' dir='ltr'>πεποιηκότι</span> <span class='ocrx_word' id='word_1_806' title='bbox 2593 5645 2692 5715; x_wconf 83' lang='grc' dir='ltr'>τὴν</span> <span class='ocrx_word' id='word_1_807' title='bbox 2733 5645 2971 5698; x_wconf 80' lang='grc' dir='ltr'>παλαιὰν</span> <span class='ocrx_word' id='word_1_808' title='bbox 2999 5645 3108 5696; x_wconf 79' lang='grc' dir='ltr'><strong>τῶν</strong></span> <span class='ocrx_word' id='word_1_809' title='bbox 3145 5644 3514 5698; x_wconf 84' lang='grc' dir='ltr'>θεοπνεύστων</span> <span class='ocrx_word' id='word_1_810' title='bbox 3546 5637 3743 5707; x_wconf 62' lang='grc' dir='ltr'><strong>Γρίφων*</strong></span> 
     </span>
    </p>
   </div>
   <div class='ocr_carea' id='block_1_114' title="bbox 2008 5808 3084 5872">
    <p class='ocr_par' dir='ltr' id='par_1_114' title="bbox 2008 5808 3084 5872">
     <span class='ocr_line' id='line_1_114' title="bbox 2008 5808 3084 5872; baseline -0.002 -8"><span class='ocrx_word' id='word_1_811' title='bbox 2008 5811 2052 5842; x_wconf 86' lang='grc'><strong>⁷⁷</strong></span> <span class='ocrx_word' id='word_1_812' title='bbox 2107 5810 2301 5865; x_wconf 86' lang='lat' dir='ltr'><strong>Matth.</strong></span> <span class='ocrx_word' id='word_1_813' title='bbox 2345 5828 2434 5872; x_wconf 82' lang='lat' dir='ltr'><strong>xv,</strong></span> <span class='ocrx_word' id='word_1_814' title='bbox 2473 5810 2525 5864; x_wconf 83' lang='lat'><strong>6.</strong></span> <span class='ocrx_word' id='word_1_815' title='bbox 2559 5811 2605 5843; x_wconf 83' lang='grc'><strong>⁷⁸</strong></span> <span class='ocrx_word' id='word_1_816' title='bbox 2645 5808 2846 5866; x_wconf 76' lang='lat' dir='ltr'><strong>Jet&#39;cm.</strong></span> <span class='ocrx_word' id='word_1_817' title='bbox 2891 5826 2953 5870; x_wconf 83' lang='lat' dir='ltr'><strong>ll.</strong></span> <span class='ocrx_word' id='word_1_818' title='bbox 3002 5810 3084 5866; x_wconf 80' lang='grc'><strong>15.</strong></span> 
     </span>
    </p>
   </div>
   <div class='ocr_carea' id='block_1_115' title="bbox 1815 5932 2502 5993">
    <p class='ocr_par' dir='ltr' id='par_1_115' title="bbox 1815 5932 2502 5993">
     <span class='ocr_line' id='line_1_115' title="bbox 1815 5932 2502 5993; baseline 0 -5"><span class='ocrx_word' id='word_1_819' title='bbox 1815 5935 2052 5991; x_wconf 68' lang='lat' dir='ltr'><strong>VARUS</strong></span> <span class='ocrx_word' id='word_1_820' title='bbox 2095 5932 2393 5993; x_wconf 81' lang='lat' dir='ltr'><strong>LECTION</strong></span> <span class='ocrx_word' id='word_1_821' title='bbox 2404 5934 2502 5990; x_wconf 76' lang='lat' dir='ltr'><strong>ES.</strong></span> 
     </span>
    </p>
   </div>
   <div class='ocr_carea' id='block_1_116' title="bbox 651 6009 1307 6087">
    <p class='ocr_par' dir='ltr' id='par_1_116' title="bbox 651 6009 1307 6087">
     <span class='ocr_line' id='line_1_116' title="bbox 651 6009 1307 6087; baseline 0.026 -30"><span class='ocrx_word' id='word_1_822' title='bbox 651 6009 693 6057; x_wconf 85' lang='grc' dir='ltr'>ι·</span> <span class='ocrx_word' id='word_1_823' title='bbox 727 6031 816 6084; x_wconf 64' lang='grc' dir='ltr'><strong>π).</strong></span> <span class='ocrx_word' id='word_1_824' title='bbox 839 6015 1307 6087; x_wconf 76' lang='grc' dir='ltr'>πλανηθήσονται.</span> 
     </span>
    </p>
   </div>
  </div>
