4020 6372
189 200 335 266 2177

1353 200 1884 266 COMMENTARII
1943 201 2024 260 IN
2066 201 2356 262 ISAIAM.

3333 205 3480 272 2178

191 314 592 388 κολυμδὴθραν
619 317 719 388 τὴν
773 317 882 371 ἀπὸ
933 317 1128 390 πηγῶν
1151 317 1247 371 τοῦ
1289 317 1433 370 θείου
1467 317 1786 388 Πνεύματος

1895 315 1968 370 tis
2001 330 2030 367 a
2059 328 2119 369 se
2141 313 2367 381 ,lahulis
2403 312 2786 376 muniverunt,
2820 313 2962 368 nihil
2995 315 3224 370 omnino
3270 315 3340 372 de
3369 316 3483 374 Deo

192 409 598 481 προχεομένην.
648 411 709 464 '0
748 413 849 483 μὲν
894 407 989 466 οὖν
1047 411 1179 474 Θεὸς
1219 411 1294 482 μὴ
1330 410 1656 481 βουλόμενος
1694 409 1787 462 τὸν

187 505 427 560 Θάνατον
481 506 576 559 τοῦ
632 507 984 578 ἁμαρτωλοῦ,
1021 507 1096 571 ὡς
1135 508 1236 578 τὴν
1271 506 1566 576 μετάνοιαν
1596 505 1784 570 αὐτοῦ,

187 597 420 667 Θρηνεῖν
450 599 648 662 αὐτοὺς
671 598 1073 668 παρεκελεύετο
1095 599 1194 671 τὴν
1223 599 1358 652 ἰδὲαν
1387 598 1684 654 ἀπώλειαν.
1723 598 1788 651 0f.

185 684 247 736 δὲ
275 684 612 751 τούναντίον,
757 689 1142 756 ἀπεγνωκότες
1189 691 1289 759 τὴν
1337 689 1547 742 ἑαυτῶν
1610 705 1789 755 σωτη-

195 776 339 845 ρίαν,
397 776 641 840 ἐποίουν,
693 776 795 848 τὴν
830 778 972 848 μετὰ
1024 776 1241 831 τουτονὶ
1273 779 1366 830 τὸν
1391 777 1507 848 βίον
1535 775 1630 828 τοῦ
1651 774 1787 829 Θεοῦ

194 865 380 937 κρίσιν
417 865 480 919 οὐ
538 866 913 939 λογισάμενοι.
981 868 1073 922 Διὸ
1123 871 1236 932 τοῖς
1298 870 1482 940 ῥητοῖς
1513 870 1542 921 ὁ
1576 865 1790 930 Παῦλος

197 960 545 1028 χρησάμενος
585 956 740 1012 εἶπεν
761 976 774 990 ο
813 979 830 1012 ι
851 961 916 1013 Εἰ
949 962 1138 1032 νεκροὶ
1175 963 1276 1015 οὐκ
1305 961 1634 1032 ἐγείρονται,
1672 959 1787 1028 ερα-

195 1067 394 1118 τωμεν
430 1052 530 1104 καὶ
564 1052 812 1120 πίωμεν.
844 1052 1067 1120 Αὔριον
1095 1053 1204 1123 γὰρ
1247 1051 1733 1122 ἀποθνήσκομεν.
1767 1069 1785 1102 ι

211 1142 296 1205 Ὠς
319 1143 382 1196 δὲ
413 1143 601 1215 δεσμῷ
635 1145 769 1198 Θεοῦ
828 1146 1225 1217 καταδεθείσης
1276 1146 1456 1199 αὐτῶν
1485 1147 1583 1216 τῆς
1605 1147 1791 1217 ἁμαρ-

195 1235 316 1298 τίας
367 1236 588 1304 ἐπάγει·
641 1237 750 1291 Καὶ
797 1240 907 1292 οὐκ
949 1237 1318 1307 ἀφεθήσεται
1354 1237 1511 1308 αὐτῇ
1540 1240 1578 1307 ἡ
1608 1241 1794 1308 ἀμαρ-

197 1329 295 1382 τία
330 1327 502 1398 ὑμῶν
550 1328 661 1394 ἕως
687 1329 764 1382 ἂν
790 1328 1156 1397 ἀποθάνητε.
1190 1331 1302 1384 Καὶ
1339 1332 1444 1400 ὅρα
1473 1330 1534 1384 τὸ
1563 1331 1792 1400 μέγεθος

196 1424 296 1493 τῆς
348 1423 582 1493 ἀπειλῆς
613 1423 710 1476 τοῦ
755 1422 913 1487 Θεοῦ,
943 1424 1039 1476 καὶ
1065 1424 1141 1486 ὡς
1167 1423 1408 1495 οὐδαμοῦ
1437 1441 1529 1477 τον
1548 1422 1676 1476 λαὸν
1705 1424 1792 1476 ἐπ’

195 1515 620 1587 εἰδωλολατρείᾳ
662 1514 932 1580 διέϐαλεν,
965 1517 1048 1568 ὃτι
1077 1515 1134 1568 δὲ
1187 1519 1275 1582 εἰς
1304 1515 1544 1586 δώματα
1573 1515 1795 1583 ἀνέϐη-

194 1623 323 1661 σαν
345 1606 588 1676 μάταια,
621 1607 715 1659 καὶ
743 1605 881 1672 βοῶν
932 1607 1264 1679 ἐπλήρωσαν
1316 1609 1416 1680 τὴν
1459 1610 1665 1674 πόλιν,
1696 1607 1792 1660 καὶ

1909 405 2158 470 solliciti,
2196 419 2226 458 a
2256 420 2367 474 quo
2393 419 2490 474 per
2532 410 2760 460 sanctos
2793 403 3046 460 homines
3078 403 3369 476 Scriptura
3395 424 3486 464 ve-

1894 507 2010 563 tus,
2043 499 2162 568 ipsa
2197 497 2459 552 nimirum
2493 497 2560 553 de
2591 496 2834 567 Spiritus
2866 500 3047 551 sancti
3093 497 3340 554 fontibus
3368 503 3485 570 pis-

1892 592 2017 646 cina
2055 591 2306 661 proﬂuit.
2374 591 2518 648 Deus
2573 606 2726 662 ergo,
2794 590 3123 662 resipiscere
3173 591 3482 663 improbum

1892 683 2073 753 magis
2123 699 2288 755 quam
2357 683 2587 740 interire
2645 682 2798 754 cupit
2854 685 2937 750 ⁷⁸,
3005 686 3362 753 quantumvis
3416 686 3486 741 ad

1893 792 2053 833 suum
2077 777 2230 847 ipsos
2256 777 2541 833 interitum
2563 778 2861 848 lugendum
2884 777 3140 834 hortatus
3167 779 3262 845 sit,
3291 788 3485 834 contra

1893 869 1970 925 illi
2024 871 2273 936 omnino,
2323 878 2585 942 tanquam
2640 873 2876 941 propriae
2936 872 3156 934 salutis,
3193 881 3250 926 et
3290 871 3486 941 judicii

1893 961 2068 1024 illius,
2100 963 2244 1032 quod
2280 970 2409 1033 post
2451 965 2593 1016 hanc
2627 963 2794 1017 vitam
2826 962 3072 1017 futurum
3117 971 3225 1028 est,
3270 965 3486 1032 objecta

1893 1055 2110 1110 ratione
2139 1055 2389 1112 fecerunt
2429 1056 2706 1127 :ideoqne
2731 1059 2983 1126 contigit,
3027 1065 3086 1110 ut
3130 1057 3234 1111 ista
3280 1056 3486 1113 Paulus

1897 1149 2196 1217 usurparit.
2243 1167 2262 1198 ι
2300 1147 2359 1202 Si
2391 1151 2591 1204 mortui
2642 1166 2750 1204 non
2803 1157 3127 1219 resurgunt,
3170 1149 3391 1204 edamus
3435 1160 3487 1205 et

1895 1239 2184 1294 bibamus:
2213 1241 2372 1312 291
2399 1259 2520 1297 cras
2551 1243 2690 1296 enim
2724 1243 2987 1296 morimur
3013 1243 3078 1295 ⁸ο.
3124 1261 3142 1293 ι
3185 1243 3482 1309 Caeterum,
3561 1239 3574 1258 “

1897 1341 2157 1402 tanquam
2205 1333 2298 1386 Dei
2325 1334 2437 1404 jam
2487 1334 2706 1388 vinculo
2760 1333 3004 1404 ipsorum
3047 1333 3358 1388 constricta
3404 1341 3489 1389 te-

1897 1427 2415 1498 neatur-iniquitas,
2467 1427 2669 1483 addit:
2710 1426 2782 1482 Et
2825 1444 2928 1482 non
2982 1427 3282 1480 dimittetur
3340 1428 3486 1482 vobis

1895 1519 1992 1573 hoc
2057 1531 2375 1589 peccatum,
2416 1521 2582 1576 donec
2645 1521 2973 1576 moriemini.
3035 1519 3253 1576 Intuere
3323 1535 3491 1590 porro

1899 1609 1993 1666 Dei
2021 1613 2319 1680 ttninarum
2375 1614 2746 1684 gravitatem,
2811 1621 2866 1668 et
2933 1611 3156 1666 adverte
3222 1612 3486 1681 populum

194 1701 348 1766 ξένον
382 1701 540 1769 ὕδωρ
597 1698 822 1772 ἐξεῦρον
890 1701 1006 1769 τὴν
1068 1700 1339 1756 παλαιὰν
1368 1701 1786 1772 κολυμϐήθραν

1901 1719 2009 1759 non
2062 1705 2393 1762 idololatriae
2441 1708 2664 1763 nomine
2694 1705 3048 1776 reprehendi,
3100 1704 3196 1761 sed
3254 1704 3397 1775 quod
3432 1705 3486 1758 in

187 1796 665 1864 ἀποστραφέντες,
697 1794 794 1847 καὶ
841 1796 1248 1865 συνεστήσαντο
1273 1794 1501 1874 ’τεῖχος
1542 1795 1686 1861 τοὺς
1707 1796 1792 1849 οῖ-

187 1905 346 1953 κους
366 1886 728 1951 καθελόντες
754 1885 867 1954 τῆς
899 1888 1158 1953 πόλεως.
1191 1888 1304 1942 Καὶ
1330 1889 1485 1942 αὐτοὶ
1516 1889 1615 1958 μὲν
1642 1890 1794 1942 ἀναι-

187 1979 414 2050 σθήτως
479 1980 574 2032 ἐπὶ
630 1978 845 2041 τούτοις
899 1977 1188 2035 διέκειντο.
1256 1980 1315 2034 ’0
1368 1982 1426 2035 δὲ
1493 1981 1791 2050 προφήτης

185 2073 516 2127 ἀπέκλαιεν.
569 2070 692 2126 Τῶν
729 2071 784 2124 δὲ
845 2071 1066 2142 πικρῶν
1102 2073 1358 2145 δακρύων
1392 2076 1424 2145 ή
1455 2076 1788 2145 πρόφασιςή

185 2167 314 2218 κατ’
347 2164 534 2219 αὐτῶν
563 2163 763 2235 ἀπειλὴ
796 2165 898 2234 τὴν
935 2165 1216 2236 ἁμαρτίαν
1241 2166 1444 2238 ταύτην
1476 2167 1552 2238 μὴ
1579 2183 1791 2238 συγχωο

187 2257 538 2329 ρηθήσεσθαι
567 2258 834 2327 λέγουσαν
863 2255 957 2311 ’³*.

1888 1795 2074 1852 domos
2105 1815 2270 1854 uanas
2300 1799 2622 1867 ascenderit,
2647 1801 2931 1868 urbemque
2957 1798 3137 1855 bubus
3167 1798 3484 1868 repleverit;

1890 1890 2090 1946 deinde
2139 1892 2281 1962 quod
2335 1893 2685 1964 peregrinam
2741 1908 2959 1962 aquam,
3008 1892 3256 1963 neglecta
3315 1899 3482 1944 vetere

1883 1981 2488 2052 piscina,quaasiverit;
2548 1985 2695 2057 quod
2768 1983 3146 2050 muros,item
3202 1983 3486 2037 destructis

1886 2073 2053 2143 ipsius
2088 2077 2234 2130 urbis
2267 2078 2499 2144 tedibus,
2560 2078 2906 2144 muniverit;
2958 2075 3106 2148 quod
3145 2075 3285 2130 nihil
3326 2073 3486 2128 deni-

1885 2182 1993 2236 que
2023 2167 2338 2224 istiusmodi
2368 2187 2552 2226 rerum
2592 2187 2759 2227 sensu
2778 2172 3093 2226 commotus
3119 2171 3220 2236 sit,
3250 2183 3486 2241 quarum

1908 2260 2115 2317 intuitu
2142 2264 2293 2335 luget
2335 2264 2624 2335 pr0pheta.
2660 2265 3120 2338 Complectuntur
3157 2281 3290 2320 vero
3331 2279 3486 2318 ama-

185 2367 377 2404 rarum
415 2352 785 2423 lacrymaruui
818 2369 1040 2409 causam
1088 2354 1257 2411 verba
1305 2353 1422 2418 illa,
1455 2353 1662 2424 quibus
1689 2367 2043 2424 nequaquam
2105 2356 2188 2412 eis
2237 2356 2529 2415 dimissum
2608 2359 2673 2414 iri
2753 2371 3042 2432 peccatum
3095 2360 3244 2417 istud
3330 2375 3485 2417 com—

186 2447 465 2501 minatur.

257 2537 445 2592 ts-xe'.
482 2537 629 2593 Τάδε
655 2537 818 2609 λέγει
860 2541 1078 2608 Κύριος
1099 2539 1344 2595 Σαϐαὼθ
1368 2555 1382 2569 ο
1410 2539 1678 2608 Πορεύου
1697 2540 1786 2604 εἰς

183 2630 252 2683 τὸ
279 2630 770 2701 παστοφορεῖον,
803 2634 955 2701 πρὸς
995 2632 1239 2703 Σομνὰν
1275 2633 1386 2685 τὸν
1419 2633 1655 2702 ταμίαν,
1685 2632 1784 2685 καὶ

181 2723 367 2776 εἷπον
392 2723 576 2790 αὐτῷ·
609 2723 672 2779 Τί
696 2742 794 2778 σοι
823 2719 974 2789 ὦὸε;
1005 2725 1104 2779 καὶ
1131 2725 1190 2778 τί
1209 2739 1310 2778 σοι
1335 2719 1452 2779 ὧδέ
1474 2725 1668 2790 ἐστιν,
1692 2723 1784 2776 ὅτι

183 2817 579 2886 ἑλατόμησας
607 2817 844 2882 σεαυτῷ
871 2813 988 2872 ὧδε
1010 2818 1328 2888 μνημεῖον,
1360 2818 1460 2871 καὶ
1488 2817 1784 2885 ἐποίησας

77 2935 96 2950 ς
183 2906 432 2974 σεαυτῷ
450 2908 522 2962 ἐν
540 2908 760 2978 ὑψηλῷ
782 2910 1100 2980 μνημεῖον,
1120 2911 1218 2963 καὶ
1249 2911 1515 2979 ἔγραψας
1546 2908 1782 2974 σεαυτῷ

186 2999 260 3052 ἐν
291 3002 486 3072 πέτρᾳ
511 3003 795 3070 σκηνήν;
827 3021 881 3056 κ.
921 3021 973 3058 τ.
1007 3003 1054 3056 λ.

260 3094 504 3163 Σομνὰς
549 3095 652 3148 καὶ
694 3096 1017 3166 Ἐλιακείμ,
1067 3090 1142 3151 ὧν
1191 3096 1425 3150 ἐνταῦθα
1485 3097 1782 3167 μέμνηται,

190 3186 490 3257 σύγχρονοι
517 3189 807 3256 γεγόνασιν
832 3190 1052 3261 Ἐζεκίᾳ
1066 3188 1144 3260 τῷ
1173 3189 1406 3259 βασιλεῖ,
1431 3189 1570 3259 ὅπερ
1597 3190 1660 3241 ἐκ
1684 3190 1784 3260 τῆς

1958 2537 2121 2608 292
2160 2538 2330 2595 Vens.
2384 2537 2576 2596 15-25.
2629 2539 2757 2595 "rec
2785 2541 2915 2594 dicit
2971 2539 3233 2595 Dominus
3279 2541 3486 2594 exerci-

1891 2639 2082 2683 tuum:
2114 2631 2235 2696 Abi,
2269 2633 2540 2703 ingredere
2585 2635 2637 2687 in
2679 2634 3081 2703 pastophorium
3129 2633 3199 2687 ad
3230 2631 3488 2688 Somnum

1887 2733 2228 2792 quwstorem.
2273 2735 2324 2779 et
2367 2725 2453 2779 dic
2484 2727 2532 2780 ei
2565 2743 2583 2780 :
2619 2726 2762 2794 Quid
2799 2725 2894 2781 tibi
2928 2726 3050 2780 hic?
3100 2725 3169 2781 Et
3220 2726 3348 2797 quid
3393 2729 3488 2780 tibi

1887 2815 1973 2869 hic
2019 2826 2120 2883 est,
2177 2819 2317 2887 quod
2365 2819 2618 2873 excidisti
2673 2819 2771 2872 tibi
2818 2829 3215 2874 monumentum
3256 2819 3380 2873 hic?
3416 2817 3488 2870 Et

1890 2908 2067 2980 fecisti
2094 2913 2147 2963 in
2180 2911 2390 2964 excelso
2419 2911 2861 2964 monumentum?
2895 2909 2965 2963 Et
2998 2910 3264 2978 scripsisti
3291 2909 3385 2962 tibi
3433 2909 3487 2962 in

1888 3010 2042 3069 petra
2068 3003 2517 3058 tabernaculum?
2547 3010 2659 3058 etc.

1961 3094 2190 3150 Somnus
2219 3106 2268 3149 et
2300 3095 2555 3158 Eliacim,
2587 3112 2822 3167 quorum
2855 3095 2947 3152 hic
2989 3095 3262 3162 meminit,
3293 3094 3487 3151 eadem

1891 3203 2015 3242 cum
2063 3189 2299 3242 Ezechia
2333 3188 2599 3243 vixerunt
2629 3197 2815 3252 aetate,
2851 3171 3118 3260 quantum
3153 3203 3221 3243 ex
3252 3187 3487 3243 historia

190 3277 442 3346 ἱστορίας
469 3277 587 3330 ἐστι
619 3279 832 3349 μαθεῖν.
875 3280 937 3333 Oi
969 3281 1064 3334 καὶ
1096 3281 1318 3351 ἐξῆλθον
1358 3281 1496 3350 πρὸς
1521 3281 1612 3333 τὸν
1658 3281 1782 3333 Ἀσ-

1895 3279 2012 3334 licet
2045 3280 2342 3350 colligere;
2374 3280 2468 3351 qui
2495 3282 2662 3336 etiam
2698 3280 2768 3335 ad
2792 3280 3105 3352 Assyrium,
3132 3293 3258 3334 cum
3293 3277 3487 3333 urbem

189 3371 384 3440 σύριον
410 3372 711 3426 ἐπιστάντα
736 3377 802 3444 τῇ
831 3374 1004 3440 πόλει,
1035 3374 1178 3428 καθά
1201 3374 1290 3426 διὰ
1313 3373 1422 3427 τῶν
1449 3373 1574 3444 ἑξῆς
1597 3375 1624 3427 ὁ
1649 3390 1785 3444 προ-

189 3464 377 3534 φήτης
435 3464 622 3534 φησίν.
676 3464 778 3522 Τὸν
829 3465 886 3519 δὲ
937 3465 1180 3535 Σομνὰν
1212 3465 1399 3534 ἔλεγεν
1446 3467 1476 3518 ὁ
1536 3465 1785 3537 Ἐϐραῖος

187 3558 434 3627 ἄσεμνον
462 3576 523 3611 τε
576 3560 670 3612 καὶ
711 3559 948 3623 ἀλαζόνα
982 3560 1238 3628 γενέσθαι
1291 3563 1388 3615 καὶ
1439 3558 1784 3632 ἁϐροδίαιτον

189 3651 484 3722 ἀρχιερέα,
524 3653 897 3722 αὐτομολῆσαξ
926 3670 987 3705 τε
1022 3654 1161 3725 πρὸς
1188 3655 1420 3724 Σενναχε
1434 3656 1566 3725 ρεὶμ
1589 3653 1784 3724 προδε-

188 3742 408 3797 δωκότα
463 3744 556 3798 τὸν
593 3744 741 3798 λαόν.
789 3748 930 3815 Πρὲος
985 3746 1044 3799 ὃν
1096 3749 1124 3799 ὁ
1163 3750 1452 3818 προφήτης
1498 3746 1784 3800 κελεύεται

191 3834 438 3904 βαδίζειν
485 3837 578 3889 ἐπὶ
605 3837 670 3889 τὸ
701 3840 1135 3907 παστοφόριον.
1170 3835 1280 3892 Ἦν
1312 3839 1373 3893 δὲ
1405 3839 1586 3910 χῶρος
1620 3840 1677 3891 ὲν
1706 3837 1784 3910 τῷ

191 3928 326 3999 ναῷ.
371 3927 515 3982 Ἀνθ’
545 3924 607 3983 οὗ
642 3930 939 4000 Σύμμαχος
976 3930 1083 3983 τὸν
1119 3931 1630 3998 σκηνοποιοῦνται,
1675 3949 1784 4002 φη-

192 4021 297 4075 σίν.
337 4021 398 4074 '0
452 4020 511 4074 δὲ
554 4020 788 4083 Ἀκύλας
836 4020 941 4090 τρν
970 4022 1339 4090 σκηνοῦντα.
1387 4022 1693 4092 Μνημεῖον
1723 4021 1783 4076 δὲ

189 4113 338 4168 κατὰ
371 4114 596 4181 πέτρας
615 4098 872 4182 ’ὑψηλὸν
900 4114 1096 4167 ἑαυτοῦ
1123 4112 1477 4182 λατοιίήσας
1503 4113 1782 4184 ἐπέγραψε

192 4205 376 4276 τούτῳ
417 4205 646 4273 σκηνὴ,
680 4205 757 4270 ὡς
792 4205 856 4276 δὴ
892 4205 1233 4274 σκηνώσων
1257 4207 1315 4258 ὲν
1343 4205 1492 4276 αὐτῷ
1523 4206 1659 4277 μετὰ
1686 4207 1783 4260 θά-

189 4315 376 4360 νατον,
412 4296 625 4366 πρέπον
654 4296 712 4350 δὲ
736 4295 1005 4365 σύμϐολον
1034 4298 1134 4368 τῆς
1164 4297 1360 4351 ἑαυτοῦ
1392 4298 1631 4362 διανοίας
1686 4300 1785 4350 ἐπ-

191 4389 460 4461 έγραψεν,
477 4388 554 4452 ὡς
587 4389 655 4442 τὰ
688 4388 792 4453 ἔξω
819 4389 978 4459 μόνον
1001 4390 1262 4460 ὑπάρχων
1291 4389 1562 4460 λαμπρός.
1589 4390 1785 4460 Μάτην

187 4483 245 4536 δὲ
276 4482 463 4548 τοῦτο,
495 4487 652 4554 φησι,
701 4481 1001 4551 λατομεῖς.
1035 4483 1108 4534 Οὐ
1146 4483 1253 4552 γὰρ
1304 4481 1552 4552 μεθέξεις
1593 4483 1783 4537 αὐτοῦ.

1885 3371 2176 3428 obsidione
2234 3382 2528 3444 premeret,
2564 3375 2708 3428 sicut
2759 3383 2844 3428 est
2898 3388 2926 3426 a
2981 3371 3246 3443 propheta
3292 3378 3483 3441 postea

1885 3462 2280 3534 signiﬁcatum,
2314 3466 2521 3536 egressi
2547 3474 2678 3521 sunt
2705 3467 2772 3520 εί.
2809 3465 3024 3519 llebrtei
3063 3479 3196 3519 vero
3229 3461 3486 3518 Somnum

1886 3553 2136 3610 [teditate
2185 3564 2240 3610 et
2290 3558 2582 3626 superbia,
2636 3558 2875 3627 vitaeque
2935 3555 3152 3609 deliciis
3213 3554 3487 3623 insignem

1883 3653 2115 3700 narrant
2171 3648 2551 3720 pontiﬁcatum
2593 3648 2867 3717 gessisse,
2909 3655 2962 3701 et
3001 3646 3070 3700 ad
3118 3634 3489 3702 Senuacheris

1886 3753 2064 3801 mum,
2099 3740 2187 3792 cui
2233 3739 2492 3808 populum
2539 3739 2880 3809 prodiderat,
2936 3738 3208 3794 defecisse
3255 3784 3266 3796 .
3321 3755 3486 3810 quem

1886 3845 2033 3883 nunc
2076 3830 2141 3883 ad
2193 3832 2599 3899 pastoplrorium
2634 3831 2868 3902 (certum
2908 3846 3105 3899 nempe
3155 3833 3212 3886 in
3273 3833 3484 3902 templo

1885 3921 2099 3987 locum,
2147 3939 2245 3993 pro
2281 3940 2392 3993 quo
2432 3925 2901 3978 tabernaculorum
2932 3927 3287 3994 confectorem
3321 3925 3484 3996 Sym-

1888 4013 2142 4078 machus,
2204 4015 2547 4070 tabernacula
2608 4017 2852 4086 ﬁgentem
2915 4017 3146 4087 Aquilus
3196 4031 3486 4085 expresse-

1890 4106 2038 4176 runt)
2071 4107 2239 4176 ijubet
2299 4108 2595 4178 proﬁcisci.
2644 4108 2959 4175 Sepulcrum
3001 4117 3182 4163 autem
3235 4109 3289 4161 in
3334 4118 3482 4174 petra

1890 4200 2158 4254 excelsum
2202 4201 2321 4256 cum
2376 4202 2551 4255 excidi
2603 4203 2708 4257 sibi
2759 4209 3050 4266 Curasset,
3103 4211 3363 4270 tanquam
3409 4201 3483 4256 ibi

1888 4293 2214 4362 quieturus,
2266 4294 2478 4350 Somno:
2531 4295 2930 4349 tabernaculum
2976 4295 3356 4364 inscripseral.
3391 4291 3484 4346 Di-

1897 4401 2063 4455 gnum
2120 4396 2268 4442 certe
2303 4389 2541 4442 hominis
2593 4396 2773 4443 mente
2827 4388 3158 4459 symbolum,
3207 4386 3482 4456 dignaque

1887 4478 2203 4549 inscriptio,
2236 4480 2329 4550 qui
2367 4481 2530 4535 rebus
2559 4482 2806 4536 externis
2843 4490 3058 4535 tantmn
3092 4481 3278 4535 clarus
3308 4489 3476 4534 esset.

190 4575 365 4628 Τοῦτο
408 4575 519 4646 γὰρ
560 4573 642 4642 τὸ,
675 4574 731 4628 τί
757 4575 862 4629 σοί
881 4574 1053 4628 ἐστιν
1081 4568 1218 4638 ὧδε,
1253 4573 1425 4645 δηλοῖ.
1461 4575 1786 4642 Συντρίψει

1895 4569 2094 4627 Verum
2136 4573 2190 4627 id
2219 4572 2424 4628 frustra
2485 4574 2538 4627 in
2581 4581 2758 4642 petra,
2802 4573 2900 4638 ait,
2943 4571 3196 4634 exscidis,
3241 4585 3350 4640 quo
3379 4585 3478 4624 ne-

189 4668 300 4738 γάρ
351 4669 380 4721 ὁ
417 4667 623 4738 Κύριος
675 4665 886 4735 ἄνδρα,
943 4665 1228 4738 ἀπῴχοντο
1285 4666 1393 4736 γὰρ
1445 4666 1783 4736 αἰχμάλωτοι

196 4757 335 4823 μετά
378 4757 488 4810 τῶν
517 4754 790 4825 άγελαίων
830 4756 880 4809 οἱ
906 4755 1292 4811 δυνατώτατοι.
1351 4755 1679 4826 Κομισθήσῃ
1723 4753 1782 4807 δὲ

193 4849 288 4902 καὶ
317 4850 384 4903 σὺ
424 4845 643 4919 μακράν
673 4848 771 4918 τῆς
795 4847 953 4914 ἀξίας
994 4848 1376 4918 ἀφῃρημένος,
1416 4851 1510 4900 καὶ
1537 4847 1780 4912 στάσεως

196 4943 291 5012 τῆς
313 4942 460 4997 κατὰ
489 4942 566 5014 τῷ
598 4941 719 5013 Θεῷ
753 4942 1106 5014 λειτουργεῖν.

1889 4679 2168 4734 quaquam
2212 4665 2289 4720 sis
2360 4666 2658 4736 potiturus.
2712 4664 2789 4719 Ita
2837 4665 2983 4720 enim
3060 4664 3326 4729 futurum,
3381 4677 3481 4718 cur

1889 4757 2016 4828 quid
2049 4756 2144 4812 tibi
2173 4766 2251 4812 est
2278 4757 2398 4812 hic?
2423 4758 2710 4829 quan-itur,
2733 4758 3065 4813 ostenditur.
3094 4756 3280 4812 Virum
3307 4757 3477 4822 enim,

1890 4850 2063 4916 addit,
2107 4859 2340 4906 conteret
2369 4849 2673 4915 Dominus;
2716 4851 2938 4921 quando
2972 4865 3096 4905 cum
3125 4849 3285 4921 293
3323 4849 3481 4922 plebe

1889 4940 2008 5012 ipsa
2041 4944 2380 5013 potentiores
2406 4941 2571 4998 etiam
2604 4942 2658 4996 in
2694 4942 2872 4998 hostis
2915 4950 3244 5012 potestatem
3284 4952 3479 4997 ventu-

198 5053 285 5094 ros
335 5054 480 5107 esse,
532 5029 892 5110 captivosque
936 5039 1172 5104 futuros,
1223 5045 1276 5092 le
1312 5044 1493 5092 autem
1546 5038 1704 5108 longe
1789 5052 1819 5090 a
1895 5039 2160 5112 dignitate
2211 5041 2542 5114 spoliatum,
2598 5040 2884 5112 divinique
2945 5040 3241 5098 ministerii
3305 5040 3478 5110 gradu

196 5127 571 5195 deturbatum,
601 5131 767 5202 longe
797 5139 1142 5202 asportatum
1173 5131 1240 5186 iri
1270 5138 1483 5186 certum
1515 5139 1618 5186 est.

261 5220 326 5272 Ti
360 5216 456 5273 οὖν
478 5219 587 5274 ἔδει
615 5237 697 5274 σοι
724 5220 895 5290 τύφου
922 5222 1014 5273 καὶ
1044 5223 1346 5293 χρημάτων
1382 5221 1476 5274 καὶ
1501 5221 1779 5291 ἃρματοςς

193 5313 444 5383 oin-{ip
493 5312 602 5367 τοῦ
633 5311 928 5383 ἄρχοντος
977 5313 1014 5383 ἠ
1060 5313 1212 5379 δόξα
1264 5313 1780 5382 καθαιρεθήσεται.

261 5472 309 5506 τ’
349 5472 556 5527 Ezech.
605 5486 762 5537 xvttt,
797 5471 887 5527 52.
965 5471 1012 5504 ⁸ο
1049 5469 1226 5528 lCor.
1262 5488 1348 5538 xv,
1390 5471 1481 5529 52.

1965 5219 2108 5287 Quid
2144 5222 2244 5277 tibi
2287 5222 2454 5293 igitur
2484 5220 2684 5290 fastus,
2719 5222 2851 5295 quid
2884 5222 3150 5294 pecuniae,
3190 5219 3322 5291 quid
3353 5233 3481 5272 eur-

1894 5330 1989 5370 rus
2039 5315 2279 5386 denique
2330 5313 2674 5386 profuerint;
2726 5332 2850 5373 cum
2907 5327 2960 5371 et
3000 5315 3112 5384 ipsa
3166 5330 3192 5366 a
3243 5312 3480 5383 principe

1563 5473 1607 5506 ⁸⁸
1632 5472 1832 5530 Ezech.
1863 5488 2049 5534 xxxiv.
2075 5472 2101 5525 1
2133 5487 2286 5543 seqq.

1469 5583 1705 5641 VARIA‘Z
1745 5582 2164 5641 LECTIONES.

263 5677 335 5714 ιι*
364 5695 453 5748 γρ.
488 5677 744 5745 λέγουσα.
823 5686 849 5713 τι
885 5695 972 5748 rp.
1003 5676 1114 5732 καὶ.
