4020 6372
621 174 763 241 2179
1915 189 2158 252 PROCO

2260 191 2268 251 ί
2307 191 2544 254 θΑΖίΕΙ

3719 209 3833 282 2180

618 290 897 361 auferatur
917 292 1126 363 gloria?
1158 309 1280 352 cum
1307 296 1448 354 male
1471 297 1857 357 administrate
1875 303 2158 374 pontiﬁcat

2260 331 2272 362 ι
2299 303 2412 375 Τὴν
2440 304 2549 374 γὰρ
2575 303 2674 375 τῆς
2715 305 3126 379 ἀρχιερωσύνης
3157 309 3392 377 ἀναξίως
3425 315 3681 388 μετῆλθες
3717 324 3833 379 οἰκο-

613 384 780 457 judex
813 386 1033 458 iniquus
1061 390 1350 446 evaseris?
1379 391 1447 444 At
1482 393 1718 448 amicum
1757 402 1910 449 tuum
1936 394 2158 450 Eliacint

2309 396 2526 467 νομίαν,
2567 397 2764 470 κριτὴς
2791 400 3084 470 γενόμενος
3112 401 3314 468 ἄδικος.
3339 384 3447 460 Τὸν
3463 408 3518 460 δὲ
3549 384 3633 462 σὺν
3657 412 3832 488 ἑταῖρον

615 495 777 551 quem
810 479 918 536 sibi
955 498 1165 536 servum
1206 498 1332 539 esse
1381 485 1550 540 voluit
1601 485 1889 554 Dominus,
1933 489 1989 544 in
2040 499 2158 546 tuut

2301 487 2603 559 Ἐλιακείμ
2650 489 2880 546 δοῦλον
2909 494 3103 547 ἑαυτοῦ
3133 495 3439 566 δοκιμάσας
3466 479 3834 576 εἷναιΘεδςίεξς

616 571 758 627 idem
800 571 1008 635 locum,
1061 573 1206 642 quod
1244 575 1520 643 subjectos
1549 577 1783 632 ﬁliorum
1827 579 1946 634 loco
1982 579 2158 637 habitu

2296 584 2398 654 τὴν
2431 583 2530 655 σὴν
2571 585 2735 639 αὐτὸν
2764 589 3171 662 καταστήσεται
3206 591 3397 662 χώραν
3430 595 3543 657 τοῖς
3567 595 3665 649 ὑπὸ
3705 571 3832 674 χεῖρέ

616 679 712 719 rus
745 664 836 729 sit,
875 665 1068 720 subire
1097 664 1280 720 faciet.
1312 667 1428 721 Erit
1453 669 1596 723 enim
1623 686 1730 724 non
1776 671 1972 742 ingrati
2003 675 2158 727 aniur

2304 677 2516 749 πατρὸς
2545 677 2808 748 ὲφέξοντα
2837 679 3013 746 τάξιν.
3050 682 3241 736 Ἔσται
3267 686 3379 756 γάρ
3410 685 3513 738 οὐκ
3534 664 3830 760 αὐθάδη-ς,ὐὸ

612 762 710 806 aut
758 756 1105 824 arrOgantis;
1153 759 1246 812 sed
1299 759 1370 811 ita
1423 759 1645 814 humani
1699 769 1754 816 et
1808 763 2091 828 moderati,
2136 782 2158 818 υ

2287 768 2588 840 βάσκανος.
2619 771 2801 843 Πρᾶος
2849 773 2907 826 δέ
2951 791 3036 838 τις
3086 773 3182 837 ὢν,
3223 775 3337 842 τὴν
3393 776 3586 841 δόξαν
3614 756 3724 844 ἔξει
3757 785 3831 839 τοῦ

615 842 838 898 Davidt's
895 849 1325 903 mansuetissimi
1386 851 1614 921 gloriam
1662 854 1834 923 possit
1883 856 2158 926 adaequare

2295 863 2604 933 πραοτάτου
2630 842 2828 920 Δαϐἰό.
2865 866 3057 935 Ἀρξει
3084 868 3148 920 δὲ
3191 869 3329 937 μετά
3374 869 3577 940 πολλῆς
3603 842 3829 946 ἐξουσίας,

613 935 905 1007 Imperabit
937 953 1103 1008 porro
1127 947 1234 994 tam
1268 957 1460 1012 magna
1486 959 1608 998 cum
1640 954 1930 1015 potestate,
1967 957 2027 1001 ut
2062 965 2158 1002 con

2293 955 2368 1017 ὼς
2407 954 2481 1026 μὴ
2519 955 2664 1020 ἕξειν
2713 959 2820 1011 τόν
2858 935 3271 1028 ἀντιλέγοντα.
3322 961 3437 1014 Καὶ
3481 935 3690 1032 κράτός
3725 935 3830 1036 ἒξείί

613 1031 956 1085 tradlcentem
984 1031 1180 1087 habeat
1208 1035 1504 1088 neminem.
1543 1034 1773 1092 Habebit
1803 1046 1855 1092 et
1878 1042 2158 1108 potentiae:

2292 1047 2451 1100 Τοῦτ’
2483 1049 2596 1102 ἔστι
2626 1049 2688 1104 τὺ
2723 1050 2984 1105 δύνασθαι
3009 1055 3231 1122 κρατεῖν
3255 1054 3366 1106 τῶν
3396 1055 3501 1109 ὑπὸ
3528 1059 3674 1129 χεῖρα
3695 1031 3828 1119 λαίῖιν.

611 1120 664 1174 id
697 1129 804 1182 est,
846 1125 1084 1192 populos
1118 1124 1222 1178 sibi
1271 1126 1550 1195 subjectos
1577 1143 1832 1185 coercere
1860 1137 1916 1184 et
1951 1133 2158 1188 retiner

2290 1140 2398 1194 Καὶ
2429 1140 2584 1195 ἔσται
2617 1141 2852 1213 βεϐαίων
2883 1151 2908 1180 °
2945 1120 3233 1216 ἱδρυμένος
3279 1147 3376 1200 ἐπὶ
3425 1120 3712 1219 τὴν-*αότοῦ
3744 1153 3830 1208 λει.

609 1212 832 1280 poterit.
893 1211 1010 1267 Erit
1074 1213 1312 1284 denique
1367 1217 1598 1272 ﬁrmiter
1650 1218 1716 1273 ad
1770 1236 1928 1275 suum
1985 1239 2153 1278 munu

2288 1234 2568 1304 τουργίαν.
2607 1211 2777 1288 Τοῦτο
2825 1235 2935 1306 γὰρ
2988 1211 3140 1306 δηλοῖ
3191 1237 3270 1303 τὸ,
3316 1241 3416 1292 Ἐν
3473 1211 3632 1307 τόπῳ
3672 1249 3830 1313 πιστῷ

608 1303 921 1359 obeundum
956 1306 1255 1363 Stahilitus.
1285 1307 1424 1362 Nihil
1451 1310 1596 1364 enim
1637 1312 1801 1374 aliud,
1831 1328 1953 1366 cum
1987 1324 2099 1369 tuto
2134 1319 2158 1371 i:

2287 1303 2538 1378 ἑστάναι
2571 1324 2685 1393 τὴν·
2734 1303 2931 1396 ἀρχὴκ
2978 1303 3321 1384 ἀσάλευτον
3374 1303 3617 1401 ἔχοντα.
3648 1337 3744 1406 Τῆς
3785 1303 3827 1394 6i

607 1393 721 1450 loco
743 1397 1128 1452 collocuturum
1153 1415 1213 1454 se
1241 1401 1398 1459 dixit.
1427 1417 1589 1471 quam
1618 1402 1900 1458 immotum
1934 1422 1990 1460 se
2015 1407 2157 1477 impe

2285 1417 2476 1470 τούτου
2509 1393 2844 1490 κηδεμονίας
2872 1421 3171 1491 ἠρτημένοι
3204 1393 3424 1486 πάντες,
3452 1393 3750 1497 γενήσοντάι
3768 1433 3826 1497 ὡς

613 1490 757 1544 rium
789 1498 844 1544 et
873 1491 1066 1546 stabile
1091 1491 1415 1546 eﬁecturum
1452 1496 1802 1564 signiﬁcavit.
1840 1497 2010 1552 Erunt
2043 1516 2158 1569 pra“

2286 1509 2375 1561 ἐπ’
2403 1510 2594 1582 ἀγαθῷ
2648 1490 3121 1578 πεποιθότες.ίΔιά
3159 1515 3214 1570 δὲ
3257 1490 3471 1570 τούτων
3523 1490 3825 1594 μανθάνομεν

604 1589 753 1634 terea
803 1595 1014 1646 omnes,
1067 1582 1162 1652 qui
1217 1583 1284 1636 ab
1337 1582 1458 1652 ejus
1514 1600 1646 1638 cura
1709 1594 1761 1640 et
1812 1588 2158 1644 sollicitudint

2288 1603 2362 1674 μὴ
2393 1604 2720 1674 χαυνοῦσθαι
2779 1606 3090 1679 δυναστείᾳ,
3122 1609 3257 1678 μηδὲ
3303 1612 3404 1679 τῆς
3435 1582 3664 1682 κρίσεως
3685 1582 3824 1688 alii”.

605 1669 864 1740 pendent,
887 1649 1148 1742 tanquam
1175 1673 1318 1729 bono
1339 1649 1698 1732 conﬁdentes.
1715 1677 1871 1733 Unde
1887 1679 2156 1739 discimus

2288 1649 2362 1674 στ’-ι
2394 1649 2720 1674 Α“”ν“*“’·*
2781 1649 2941 1660 "'""
2957 1649 3090 1679 ""3"
3122 1649 3257 1678 τ’·ϊσυ
3313 1649 3402 1679 "i‘
3437 1649 3660 1682 "l""""'0
3685 1649 3824 1688 *ΡΠΓ

2289 1699 2468 1766 μονεῖν
2491 1696 2584 1749 τοῦ
2609 1696 2762 1751 Θεοῦ.
2783 1699 3018 1762 Εἰκότως
3040 1700 3095 1754 δὲ
3127 1702 3399 1771 συνῆπται
3415 1702 3588 1758 ταῦτα
3605 1709 3706 1770 τοῖς
3724 1713 3824 1779 περὶ

603 1762 810 1834 adepto
844 1779 946 1819 nos
974 1765 1026 1818 in
1058 1765 1196 1819 alios
1221 1766 1526 1834 dominatu,
1559 1783 1656 1824 nec
1689 1769 1868 1826 inﬂari
1905 1782 2157 1842 oportere

2284 1790 2568 1861 φάραγγος
2598 1789 2736 1845 Σιὼν
2763 1791 2856 1845 τοῦ
2888 1793 3159 1864 σωτηρί’.υ
3191 1795 3397 1859 πάθους
3432 1797 3524 1849 ἐπὶ
3554 1798 3642 1851 τὸν
3669 1803 3822 1874 καιῴν

603 1870 707 1909 nec
740 1855 909 1910 divini
929 1856 1122 1926 judicii
1147 1858 1421 1915 oblivisci.
1455 1855 1621 1918 Recte
1646 1872 1829 1920 autem
1855 1868 1922 1923 ad
1946 1884 2032 1932 ea,
2058 1886 2158 1940 qua

2281 1855 2616 1952 ἀναγόμενα,
2657 1882 2782 1938 καθ’
2832 1884 2892 1938 ὃν
2918 1855 3141 1938 οἱκατὰ
3194 1889 3441 1956 Σομνάν
3481 1890 3724 1956 ἀλαζόνες
3747 1855 3820 1948 καὶ

601 1944 671 2000 de
706 1945 892 2000 Sionis
925 1948 1066 2002 valle
1098 1949 1244 2004 dicta
1273 1960 1424 2017 sunt,
1479 1961 1533 2008 et
1573 1953 1678 2008 ista
1706 1971 1924 2028 quoque
1965 1959 2158 2016 addun

2282 1944 2702 2044 φιλοχρήματοι,
2745 1973 2888 2028 κατά
2925 1975 3017 2029 τὸν
3062 1944 3305 2040 Μωσέωσς
3352 1977 3522 2048 νόμον
3561 1944 3820 2051 ίενρατεὺονέ

601 2045 694 2090 tttr
749 2038 950 2106 quibus
997 2039 1066 2095 ad
1101 2039 1398 2098 Dominiea:
1431 2045 1706 2114 passionis
1737 2056 1953 2118 tempus
1995 2052 2158 2107 relati:

2278 2080 2368 2126 τες
2421 2065 2769 2132 σωματικῶς,
2828 2065 3273 2120 ὲκπεπτὼκασιν.
3328 2069 3467 2137 Περὶ
3515 2061 3589 2122 ὧν
3639 2073 3692 2124 ἐν
3731 2077 3820 2137 τοῖς

600 2129 694 2198 qui
726 2138 864 2197 tum,
895 2132 1064 2186 veluti
1100 2131 1330 2190 Somnas
1384 2137 1508 2204 iste,
1546 2154 1654 2193 nou
1687 2142 1908 2211 superbi
1938 2144 2099 2199 modo
2125 2161 2156 2200 e

2280 2129 2587 2226 ἔμπροσθεν
2615 2157 2804 2226 ἔλεγεν
2830 2160 2858 2212 ό
2889 2158 3179 2229 προφήτης
3217 2159 3338 2230 μετ’
3371 2129 3551 2214 ἄλλων
3583 2162 3715 2216 ὅσων
3747 2129 3820 2220 καί

599 2231 956 2293 arrogantes,
989 2225 1083 2280 sed
1125 2228 1299 2289 avari,
1341 2244 1409 2284 ex
1463 2230 1710 2287 Mosaica:
1745 2235 1878 2306 legis
1927 2236 2158 2292 institutt

2275 2225 2358 2316 τό,
2402 2225 2746 2318 Ἃγαπῶντες
2764 2225 2947 2322 δῶρα,
2965 2225 3059 2304 καὶ
3085 2251 3164 2314 τὸ,
3195 2253 3456 2323 ὀρφανοῖς
3476 2253 3536 2305 οὐ
3559 2255 3816 2326 κρίνοντες.

600 2313 891 2366 sacerdotii
937 2323 1187 2370 moneret
1214 2316 1578 2388 fungebantur
1604 2325 1984 2393 corporaliter,
2031 2329 2148 2382 exci

2279 2313 2370 2396 καὶ
2405 2313 2585 2414 κρίσιν
2615 2345 2790 2416 χήρας
2828 2313 2888 2399 όὺ
2922 2313 3303 2416 ττροσέχοντες.
3335 2313 3448 2398 Καὶ.
3495 2313 3737 2414 φονευτάς

600 2402 838 2468 derunt;
875 2405 941 2459 de
981 2408 1182 2476 quibus
1209 2419 1366 2464 antea
1409 2411 1624 2467 locutus
1665 2416 1930 2484 propheta
1957 2417 2026 2481 θ’,
2052 2433 2156 2472 cun

2275 2436 2352 2497 ὡς
2379 2402 2786 2504 κυριοκτόνόιις,
2824 2402 3129 2490 ἐκάλεσενῗ
3145 2431 3238 2500 Οἷς
3285 2437 3384 2490 καὶ
3417 2437 3705 2504 ταλανίζων
3727 2440 3816 2494 ἐλε-

2275 2544 2369 2595 γεν
2393 2529 2420 2580 ὁ
2446 2529 2658 2599 Σωτήρ·
2697 2548 2714 2580 ι
2739 2529 2849 2581 Καὶ
2879 2530 3128 2602 ἀφήκατε
3157 2531 3225 2584 τὰ
3246 2530 3529 2603 βαρύτερα
3545 2532 3634 2586 τοῦ
3659 2533 3811 2602 νόμον,

2275 2619 2373 2690 τὴν
2387 2619 2588 2688 κρίσιν,
2619 2619 2714 2673 καὶ
2739 2619 2800 2673 τὸ
2815 2619 2982 2686 ἔλεος,
3005 2625 3100 2675 καὶ
3123 2623 3224 2692 τὴν
3255 2622 3464 2678 πίστιν.
3490 2641 3510 2675 ι
3540 2624 3810 2695 Προετύπον

2273 2711 2330 2765 δὲ
2365 2713 2583 2776 τούτους
2614 2713 2642 2766 ὁ
2674 2713 2928 2782 Σομνάς.
2946 2714 3005 2768 '0
3025 2715 3082 2768 δὲ
3101 2713 3431 2787 Ἐλιακείμ,
3464 2717 3595 2771 6εοῦ
3622 2718 3813 2772 ἀνάστα.

601 2496 773 2550 tnulta
821 2497 925 2551 alia
967 2499 1346 2568 exprobraret,
1377 2503 1598 2558 eosdem
1647 2517 1981 2578 conquestus
2009 2519 2094 2566 est
2125 2521 2179 2565 et

595 2589 740 2642 dona
777 2603 984 2652 amare,
1017 2598 1071 2644 et
1095 2592 1464 2661 orphanorutn
1496 2598 1895 2670 viduarumque
1920 2603 2045 2672 jura
2082 2621 2177 2674 pa-

593 2680 1001 2751 trociniumque
1059 2685 1366 2756 negligere,
1432 2688 1741 2747 homicidas
1784 2693 2062 2766 denique,
2120 2709 2177 2752 ut

595 2771 810 2827 Domini
848 2790 1034 2829 necem
1072 2786 1305 2842 notaret,
1331 2782 1598 2839 exsistere
1632 2802 1646 2840 :
1677 2802 1815 2856 quos
1840 2795 1893 2842 et
1925 2790 2158 2844 Salvatol

2277 2821 2360 2868 σις
2399 2805 2860 2875 ἑρμηνευόμενος,
2911 2806 3180 2877 σύμϐολον
3220 2808 3322 2877 τῆς
3355 2809 3486 2873 νέας
3529 2809 3620 2863 καὶ
3653 2809 3809 2881 καινῆς

593 2865 757 2920 etiam
807 2878 1125 2924 exsecratus
1157 2881 1275 2938 est;
1305 2887 1427 2926 cum
1460 2891 1582 2944 quae
1610 2886 1739 2932 sunt
1768 2879 1822 2934 in
1872 2875 1989 2953 le'ge
2036 2899 2158 2954 gra-

2277 2865 2575 2967 ἱερωσύνης
2603 2865 2858 2965 ἐγένετο,
2876 2897 2942 2969 ἣν
3029 2897 3123 2952 τοῦ
3149 2865 3403 2971 Σωτηρος
3429 2865 3586 2971 ἡμῶν
3610 2865 3808 2955 avexi;
3875 2953 3891 2972 ,

593 2958 746 3012 viora
768 3001 782 3025 ,
813 2958 1108 3028 judicium,
1135 2965 1590 3035 miscricordiam,
1620 2979 1676 3024 ct
1707 2972 1864 3027 Iidem
1900 2976 2158 3046 negligere

2276 2958 2360 3051 σις
2386 2991 2444 3042 ὲν
2472 2958 2542 3060 τῇ,
2559 2958 2762 3043 ⁷ἑαυτοῦ
2807 2958 3108 3062 Ἐκκλησία
3134 2991 3257 3044 καθ’
3288 2958 3425 3062 Em}
3451 2958 3556 3062 τῆς
3590 2994 3806 3063 οἰκουμέιι

590 3050 799 3107 diceret
827 3052 894 3107 ⁸³.
940 3053 1070 3108 Erat
1097 3071 1226 3110 vero
1260 3059 1488 3114 istorum
1521 3061 1574 3115 in
1613 3061 1810 3118 Somno
1843 3076 2005 3138 typus
2027 3083 2158 3138 pra:-

2269 3099 2367 3152 νης
2399 3050 2785 3148 συνεστήσατο.
2829 3050 3107 3152 Κέκληται
3143 3083 3252 3154 γάρ
3275 3050 3656 3153 Χρίστὸςνάντ
3686 3050 3800 3139 ἐκεί-

589 3142 814 3208 missus;
847 3144 900 3198 in
924 3143 1133 3199 Eliacin
1163 3158 1342 3203 autem
1378 3151 1558 3219 (cujus
1593 3155 1954 3222 appellatione
1975 3171 2161 3212 resur-

588 3235 760 3289 rectio
796 3235 1157 3310 signiﬁcatur)
1200 3240 1490 3296 sacerdotii
1515 3246 1749 3300 recentis
1793 3249 2163 3318 adumbratio,

588 3325 736 3394 quod
761 3341 789 3378 a
817 3326 1119 3382 Salvatorts
1139 3333 1562 3399 resurrectione,
1587 3342 1697 3389 tota
1716 3353 1812 3408 per
1826 3340 2011 3395 orbem
2036 3343 2160 3396 uni-

587 3431 810 3472 versum
833 3417 1077 3473 Ecclesia
1108 3433 1351 3475 creatum
1374 3434 1478 3479 est.
1499 3423 1568 3478 Ut
1586 3427 1728 3480 enim
1754 3428 1917 3502 294
1946 3431 2162 3489 Somnia

587 3508 860 3564 successit
883 3507 1145 3578 Eliacim;
1170 3517 1250 3568 sic
1267 3516 1319 3568 in
1338 3516 1553 3571 illorum
1585 3520 1764 3574 locum
1784 3523 1952 3577 subiit
1974 3525 2160 3581 Chris-

586 3608 700 3665 tus,
751 3617 1001 3659 summus
1048 3605 1292 3675 pontifex
1329 3609 1650 3678 appellatus.
1688 3629 1708 3663 ι
1742 3608 1860 3666 Non
1908 3616 2086 3681 enim,
2134 3635 2154 3668 ι

596 3699 822 3747 auctore
861 3693 1159 3762 Apostolo,
1197 3714 1216 3748 ι
1250 3696 1372 3764 ζείιιί
1423 3698 1712 3768 quisquam
1767 3702 1936 3754 sumit
1984 3702 2160 3757 hono-

589 3798 736 3849 rem;
789 3784 886 3840 sed
926 3787 1020 3856 qui
1056 3796 1283 3845 vocatus
1317 3799 1402 3846 est
1430 3805 1460 3844 a
1507 3790 1635 3846 Deo.
1686 3792 2156 3858 Quemadmodum

583 3876 838 3930 Christus
885 3893 994 3932 non
1031 3880 1274 3950 seipsum
1324 3882 1667 3949 clariﬁcavit,
1704 3893 1762 3940 ut
1790 3884 2030 3955 pontifex
2067 3887 2160 3941 ﬁe-

581 3973 705 4034 ret;
735 3966 828 4022 sed
854 3969 947 4037 qui
985 3969 1204 4026 locutus
1239 3979 1322 4028 est
1357 3974 1424 4029 ad
1470 3990 1594 4029 eum
1634 3993 1647 4028 ι
1681 3973 1763 4030 Tu
1791 3992 1852 4032 es
1897 3979 2157 4034 sacerdos

582 4057 638 4112 in
668 4067 933 4114 aeternum
966 4062 1269 4117 secundum
1305 4066 1555 4120 ordinem
1593 4067 1990 4122 Mclrhisedecb
2024 4069 2089 4123 ⁸³.
2132 4087 2151 4122 ι

583 4148 795 4205 Dicitur
839 4162 1021 4209 autem
1071 4165 1126 4210 et
1173 4155 1391 4211 Davidis
1425 4158 1674 4228 gloriam,
1727 4160 1779 4214 id
1834 4169 1939 4225 est,
1992 4162 2151 4233 impe-

2265 3192 2372 3228 νων
2400 3175 2714 3246 ἀρχιερεὺς,
2738 3175 2814 3237 ὡς
2831 3174 3132 3246 Ἐλιακείμ
3158 3177 3279 3229 ἀντὶ
3307 3175 3530 3247 Σομνά.
3551 3178 3691 3231 Κατά
3713 3178 3800 3249 γάρ

2264 3267 2356 3320 τὸν
2397 3265 2740 3331 ’Λπόστολον,
2768 3284 2788 3316 ι
2819 3266 2930 3336 Οὐχ
2952 3267 3131 3338 ἐαυτῷ
3158 3284 3241 3330 τις
3262 3268 3503 3336 ἁρπάζει
3532 3270 3624 3337 τὴν
3647 3268 3802 3338 τιμὴν,

2263 3357 2398 3414 ἀλλὰ
2427 3357 2756 3426 καλούμενος
2779 3357 2884 3410 ὑπὸ
2912 3356 3004 3409 τοῦ
3031 3355 3186 3411 Θεοῦ.
3213 3357 3414 3421 Καθὼς
3440 3359 3469 3410 ό
3495 3360 3706 3430 Χριστὸς
3722 3359 3800 3429 οὐχ

2264 3451 2454 3504 ἑαυτὸν
2492 3448 2746 3514 ἐδόξασεν
2777 3450 2859 3513 είς
2904 3449 2966 3502 τὺ
2997 3449 3293 3521 γενηθῆναι
3327 3451 3610 3522 ἀρχιερέα,
3647 3451 3744 3503 ἀλλ’
3775 3451 3798 3502 ό

2261 3540 2496 3611 λαλήσας
2525 3541 2656 3611 πρδς
2681 3540 2864 3602 αὐτὸν,
2892 3559 2910 3592 ι
2938 3541 3009 3592 Σὺ
3028 3536 3079 3594 εἷ
3108 3541 3285 3611 ἱερεὺς
3309 3545 3388 3605 είς
3415 3543 3669 3597 τὺναίὦνα
3686 3541 3799 3596 κατά

2259 3634 2358 3703 τὴν
2395 3635 2546 3699 τάξιν
2589 3634 2944 3702 Μελχισεδέκ.
2978 3653 2996 3683 ι
3028 3634 3228 3687 Λαϐεῖν
3257 3635 3315 3687 δὲ
3358 3636 3572 3703 λέγεται
3602 3638 3682 3687 καὶ
3709 3633 3797 3701 τὴν

2261 3728 2454 3790 Δόξαν
2498 3726 2603 3779 τοῦ
2639 3726 2835 3792 Δαϐὶδ,
2887 3724 3031 3778 τοῦτ’
3076 3725 3190 3778 ἐστι
3236 3727 3336 3797 τὴν
3384 3729 3475 3780 ἐπὶ
3525 3728 3611 3780 τὸν
3642 3727 3795 3796 νοητὸν

2272 3819 2485 3888 Ἰσραὴλ
2529 3819 2703 3888 ἀρχήν
2745 3835 2802 3870 τε
2831 3819 2924 3871 καὶ
2956 3817 3260 3887 βασιλείαν·
3299 3837 3318 3870 ι
3358 3821 3433 3873 Οὐ
3483 3819 3586 3890 γάρ
3630 3819 3794 3881 πάντες

2259 3912 2443 3980 φησιν,
2473 3911 2521 3963 οἱ
2651 3902 3048 3979 Ίσραὴλ,οὗτοι
3069 3911 3166 3964 καὶ
3193 3911 3438 3981 Ἰσραὴλ,
3469 3931 3488 3963 ι
3525 3912 3614 3965 καὶ
3641 3909 3700 3962 τὰ
3721 3909 3793 3961 ἐπὶ

2257 4002 2483 4065 τούτοις.
2524 4003 2795 4073 Ἀρχιερεῖ
2830 4001 2886 4053 δὲ
2923 4002 3165 4069 γεγονότι
3204 4003 3427 4072 Χριστῷ
3475 4005 3583 4057 οὐκ
3633 4003 3790 4062 ἔσται.

2257 4094 2440 4162 φησιν,
2480 4097 2511 4147 ὀ
2549 4095 2895 4161 ἀντιλέγων.
2931 4111 2950 4143 ι
2989 4094 3062 4146 Οὐ
3094 4095 3202 4165 γὰρ
3241 4094 3512 4164 ὠφελήσει
3551 4094 3720 4164 ἐχθρὸς
3747 4093 3791 4144 ἐν

2257 4184 2423 4254 αὐτῷ,
2449 4185 2543 4237 καὶ
2571 4185 2682 4247 υίὸς
2716 4185 2916 4253 ἄνομος
2938 4184 2998 4237 οὐ
3032 4186 3330 4252 προσθήσει
3353 4187 3448 4240 τοῦ
3470 4188 3698 4239 κακῶσαι
3715 4184 3788 4235 αὑ-

581 4244 724 4300 rium
772 4254 827 4302 et
873 4263 1100 4319 regnum
1146 4249 1201 4305 in
1254 4250 1510 4307 Israelem
1559 4254 1875 4324 adepturus.
1914 4273 1933 4308 ι
1969 4254 2155 4326 Neque

2260 4276 2370 4330 τόν.
2405 4295 2422 4327 ι
2455 4276 2563 4328 Καὶ
2599 4277 2774 4340 ἄλλως
2801 4275 2879 4339 δὲ,
2927 4277 2975 4328 εἰ
3027 4278 3121 4328 καὶ
3162 4276 3378 4348 Ἰσραὴλ
3404 4275 3732 4339 ἀντεῖπεν,τά
3754 4271 3790 4328 δ’

577 4339 726 4394 enim
769 4353 983 4404 omnes.
1035 4341 1133 4407 ait,
1187 4343 1280 4413 qui
1321 4360 1386 4400 ex
1433 4345 1602 4401 Israel
1644 4357 1698 4402 et
1745 4348 1845 4417 ipsi
1896 4357 2026 4402 sunt
2071 4349 2152 4404 ls-

2262 4365 2354 4421 οὖν
2399 4365 2524 4437 ἔθνη
2577 4366 2868 4436 ὑπέκυψεν.
2922 4367 3012 4419 Διὸ
3065 4367 3192 4437 περὶ
3242 4339 3347 4438 μὲν
3397 4369 3598 4422 ἐκείνου
3649 4364 3784 4433 φησί’

578 4431 690 4485 rael
711 4431 791 4497 ης
829 4450 849 4484 ι
885 4441 940 4487 et
962 4447 1084 4502 qua:
1117 4443 1308 4503 postea
1352 4447 1681 4507 sequuntur.
1716 4437 1939 4495 Christo
1971 4449 2154 4498 autem

2260 4481 2278 4513 ι
2327 4431 2523 4514 Ῥὖσαί
2557 4477 2620 4531 με
2654 4459 2714 4524 ἐξ
2756 4431 3064 4528 ἀντιλογίας
3095 4431 3262 4515 λαοῦ.-
3291 4480 3310 4514 ι
3343 4463 3473 4532 Περὶ
3501 4461 3555 4514 δὲ
3584 4431 3784 4513 satiatur“

578 4523 842 4592 pontiﬁci,
885 4525 1058 4589 addit,
1116 4523 1241 4580 Non
1270 4529 1392 4592 erit,
1427 4530 1517 4600 qui
1567 4532 1918 4586 contradicat.
1968 4551 1990 4586 ι
2039 4533 2153 4589 Νοιι

2260 4573 2276 4601 ι
2309 4523 2686 4622 Καταστησεις
2737 4569 2804 4621 με
2840 4553 2920 4616 εἰς
2947 4523 3190 4622 κειραλὴν
3229 4523 3436 4607 ἐθνῶν..
3458 4551 3597 4614 Λαὸς
3632 4549 3683 4603 ὃν
3706 4545 3786 4600 οὐκ

577 4635 724 4691 enim
755 4636 1004 4704 proﬁciet
1039 4638 1296 4696 inimicus
1320 4642 1374 4696 in
1404 4642 1544 4714 ipso,
1587 4660 1686 4700 nec
1717 4645 1862 4701 ﬁlius
1891 4646 2152 4716 iniquita-

2260 4642 2415 4712 ἔγνω,
2466 4642 2780 4696 ἐδούλευσεν
2826 4661 2939 4714 μοι.
2981 4644 3076 4708 Εἰς
3125 4644 3295 4712 ἀκοὴν
3342 4644 3503 4698 ὠτίου
3547 4636 3782 4712 ὑπήκουσὲ

578 4727 650 4781 tis
683 4739 920 4800 apponet
966 4745 1169 4786 nocere
1205 4731 1257 4788 ei
1298 4732 1366 4788 ⁸⁸.
1411 4753 1431 4786 ι
1465 4735 1616 4788 Alias
1645 4742 1849 4798 autem,
1894 4738 1941 4792 si
1989 4735 2153 4791 etiam

2260 4751 2378 4806 μουο
2417 4754 2435 4786 ι
2467 4736 2562 4788 καὶ
2588 4734 2715 4802 περὶ
2739 4735 2962 4788 ἐκείνων
2984 4731 3160 4799 αὖθις,
3190 4754 3210 4786 ι
3240 4735 3360 4789 Υἱοὶ
3383 4735 3636 4806 ἀλλότριοι
3655 4728 3782 4800 ill/eti-

575 4818 919 4875 contradicat
946 4818 1137 4888 Israel,
1172 4823 1306 4894 ipsae
1329 4825 1522 4896 jugum
1569 4825 1754 4882 subire
1802 4839 1990 4897 gentes
2039 4843 2150 4882 non

2260 4824 2414 4878 σαντό
2443 4840 2552 4894 μοι.
2595 4841 2614 4874 ι
2651 4823 2791 4876 Καί⁶
2832 4841 2851 4876 ι
2890 4824 3010 4876 Ὅτι
3044 4823 3465 4897 ὲπαλαιὼθησαν
3490 4825 3579 4876 καὶ
3607 4819 3778 4892 axem-

575 4905 932 4961 recusabunt.
999 4906 1236 4981 Ideoque
1285 4913 1356 4969 de
1411 4914 1509 4970 illo
1563 4915 1785 4986 quidem
1841 4917 2072 4988 legimus
2133 4935 2148 4974 :

575 4993 772 5050 Libera
803 5013 888 5053 me
918 5013 948 5052 a
979 5003 1415 5060 contradictione
1447 5006 1634 5076 populi
1663 5007 1729 5061 ⁸⁷.
1769 5025 1788 5060 ι
1836 5006 1911 5063 De
1942 5007 2027 5063 his
2062 5023 2155 5063 au-

557 5095 684 5144 -tem
722 5106 737 5143 :
774 5111 794 5144 ι
834 5092 1153 5152 Constitues
1186 5113 1272 5153 me
1299 5097 1355 5153 in
1398 5107 1564 5170 caput
1596 5100 1858 5170 gentium.
1907 5101 2150 5173 Populus

571 5197 736 5251 quem
769 5199 876 5239 non
913 5187 1143 5257 cognovi
1178 5189 1405 5245 servivit
1446 5191 1613 5258 mihi,
1656 5193 1710 5247 in
1769 5193 1959 5249 auditu
1998 5195 2148 5250 auris

571 5271 818 5330 obedivit
865 5277 999 5332 mihi
1055 5279 1122 5333 ⁸⁸.
1179 5298 1198 5332 ι
1253 5278 1329 5337 De
1363 5282 1472 5338 illis
1516 5299 1736 5340 rursum
1790 5295 1920 5340 sunt
1969 5286 2072 5340 ista
2130 5301 2144 5339 :

641 5385 688 5467 ς
719 5387 824 5467 lsa.
867 5405 906 5454 ι,
941 5391 1194 5467 H__seqq_._
1241 5395 1314 5467 fi
1337 5395 1540 5467 Matth.
1576 5415 1730 5467 χχιιι,
1766 5400 1857 5456 25.

571 5456 616 5489 ³⁷
643 5455 785 5514 Psal.
814 5475 947 5528 XVII,
986 5461 1074 5516 44.
1116 5455 1129 5464 ’
1151 5455 1197 5497 ⁵⁸
1239 5464 1370 5521 ibid.
1405 5467 1492 5523 45.

1954 5400 1999 5432 ⁸⁸
2038 5399 2204 5456 Hebr.
2236 5416 2291 5463 ν,
2345 5398 2465 5464 4-6,

2249 4933 2345 4970 ναν
2378 4916 2485 4968 ἀπὸ
2520 4914 2628 4968 τῶν
2671 4915 2878 4986 τρίϐων
2932 4915 3134 4971 αὐτῶν.
3169 4934 3188 4969 ι
3221 4916 3628 4972 Πεπαλαίωνται
3670 4908 3775 4978 γὰρ.

2249 5008 2342 5063 καὶ
2381 5008 2546 5077 ἐγγὺς
2578 5006 2864 5076 γεγόνασιν
2907 5007 3219 5080 ἀφανισμοῦ
3260 5008 3628 5080 κεκλασμένην
3665 5001 3778 5060 τέως

2250 5100 2647 5170 περιεσχήκασι
2675 5099 2773 5171 τὴν
2799 5098 3039 5154 διάνοιαν
3064 5102 3172 5154 υἱοὶ
3209 5101 3495 5171 γεγονότες
3524 5095 3772 5163 ἀλλότριοι.

2253 5192 2428 5246 Πάλαι
2452 5191 2559 5262 γὰρ
2581 5190 2656 5243 ὢν
2677 5191 3018 5261 πρωτότοκος
3051 5193 3286 5263 Ἰσραὴλ,
3311 5195 3400 5248 ὅτε
3422 5185 3773 5259 κατεψεύσαντο

2254 5283 2346 5336 τοῦ
2375 5281 2634 5354 Χριστοῦ,
2680 5282 2967 5351 γεγόνασιν
2998 5283 3288 5356 ἀλλότριοι,
3330 5283 3593 5342 ἀπωλείας
3621 5272 3772 5329 λοιπὸν

2564 5397 2610 5429 ⁸⁸
2650 5396 2805 5454 Hom.
2864 5415 2940 5465 ix,
2991 5399 3043 5454 6.
3143 5397 3361 5456 "Psal.
3420 5385 3764 5457 ιιιιτιιιι,ἳ5-

1850 5560 1930 5616 V.\
1943 5561 2082 5617 “UE
2119 5558 2519 5617 LECTIONES.

645 5654 668 5678 ο
684 5645 769 5710 ῂρ.
803 5638 1031 5709 βεϐαίως
