4020 6372
239 174 378 243 2181
1411 180 1953 245 COMMENTARII
1990 177 2072 244 IN
2109 185 2400 247 ISAIAM.
3162 184 3163 187 “
3387 189 3533 255 2182

234 298 408 351 τέκνα
431 296 527 351 καὶ
554 298 784 371 γεέννης
811 300 1161 372 καλούμενον
1193 297 1308 354 ἀνθ’
1332 291 1407 355 ὧν
1429 301 1563 372 ἡμῖν
1591 300 1800 366 ἀνέδειξ

1939 319 1958 354 ι
1995 300 2119 357 Filii
2142 302 2306 359 alieni
2325 304 2543 359 mentiti
2564 311 2696 362 sunt
2721 303 2889 361 mihi:
2915 314 2970 361 et
2998 303 3463 375 inveteraverunt,
3482 317 3540 366 et

235 390 348 445 τὸν
369 389 697 463 Ἐλιακείμ.
718 397 815 460 Ὃς
836 395 929 450 καί
956 410 1144 467 φησιν.
1182 413 1202 447 ί
1244 393 1376 449 Ἀπὸ
1404 394 1507 463 τῆς
1547 395 1800 449 ταλαιπω

1924 394 2376 450 claudicaverunt
2394 410 2425 450 a
2445 396 2657 453 semitis
2678 396 2896 453 ευίε⁶⁹.ι
2912 396 3536 469 Inveteraveruntenim,

243 482 366 553 ρίας
391 481 503 535 τῶν
528 485 763 555 πτωχῶν
796 487 893 539 καὶ
918 484 1014 539 τοῦ
1065 484 1376 556 στεναγμοῦ
1415 485 1525 539 τῶν
1573 486 1800 557 πενήτωε

1926 501 2026 543 nec
2041 487 2109 542 ab
2122 486 2317 543 exsilio
2334 487 2492 561 longe
2506 490 2605 544 abl
2606 497 2824 554 uerunt,
2843 490 2934 561 qui
2960 489 3276 559 praefractas
3297 499 3428 547 tunc
3447 508 3540 564 ge-

234 574 333 628 νῦν
352 575 761 648 ἀναστήσομαι,
788 576 1173 649 λέγειΚύριος.
1189 596 1206 631 ι
1231 578 1321 631 Ἐν
1345 577 1402 631 δὲ
1418 579 1484 649 τῇ
1503 577 1800 649 Ἐκκλησία

1927 588 2111 636 rentes
2136 580 2354 635 animos
2381 580 2435 634 in
2479 580 2619 636 ﬁlios
2644 592 2939 638 evaserunt
2964 584 3195 639 alienos.
3220 581 3360 639 Olim
3387 585 3538 639 enim

234 663 316 730 τῷ
348 666 499 735 οἴκῳ
535 668 643 723 τοῦ
668 668 895 737 πατρὸς
924 670 1112 735 αὑτοῦ,
1143 668 1265 737 πᾶς
1288 670 1481 735 ἔσται,
1517 670 1703 741 φησὶν,
1729 668 1800 723 ἐκ

1928 669 2323 740 primogenitus
2339 671 2557 741 quidem
2584 672 2748 727 Israel
2774 673 3076 729 exsistebat
3094 674 3149 731 P"
3176 690 3191 727 :
3217 673 3312 731 sed
3334 690 3400 730 ex
3428 690 3539 746 quo

232 759 401 826 αὐτῷ
429 761 727 829 πεποιθὼς
756 762 965 830 ἔνδοξός
995 781 1057 817 τε
1081 764 1173 817 καὶ
1206 764 1424 836 μικρὸς,
1458 764 1598 818 κατὰ
1626 763 1798 835 κόσμο

1935 764 1991 819 in
2012 761 2290 817 Christum
2316 763 2527 817 mentiti
2550 772 2699 826 sunt,
2716 764 2876 819 alieni
2901 766 3084 820 statim
3105 766 3538 838 perditionisque

234 850 407 922 φημί.
455 853 945 927 Προσωπολήπτης
989 854 1101 926 γὰρ
1152 856 1254 909 οὐκ
1298 856 1447 909 ἔστιν
1475 857 1504 909 ὁ
1546 854 1657 907 τῶν
1692 854 1800 910 ὃλω

1936 864 1991 909 et
2016 855 2281 926 gehennae
2310 855 2441 911 facti
2469 857 2849 926 nominatiqne
2876 870 3005 912 sunt
3037 878 3049 913 :
3077 874 3308 927 quorum
3354 859 3409 914 in
3456 860 3537 913 lo-

230 949 389 1015 Θεός.
442 953 679 1025 Νοήσεις
722 955 779 1009 δὲ
818 955 980 1010 τοῦτο
1037 957 1135 1010 καὶ
1182 952 1325 1009 κατὰ
1378 952 1574 1024 μέτρον
1617 946 1800 1019 ἡλικία

1939 959 2064 1001 cum
2113 945 2274 1001 nobis
2316 961 2439 1001 eum
2471 945 2725 1018 designat
2761 946 3026 1013 Eliacim,
3070 949 3163 1018 qui
3215 949 3377 1003 etiam
3410 948 3484 1002 ait
3517 965 3533 1003 :

244 1046 656 1116 πνευματικῆς.

240 1149 392 1192 nunc
443 1155 736 1211 exsurgam
775 1182 792 1207 ,

859 1141 1000 1197 dixit
1060 1140 1326 1195 Dominus
1389 1139 1459 1196 θ’.
1523 1156 1542 1187 ι
1606 1135 1845 1200 Deinde,

1945 1056 1963 1091 ι
1996 1035 2227 1106 Propter
2262 1038 2484 1109 inopum
2517 1040 2816 1104 miseriam,
2849 1052 2902 1096 et
2931 1042 3191 1111 gemitum
3223 1056 3523 1111 pauperum

1912 1133 2059 1204 quod
2116 1133 2171 1189 in
2225 1133 2492 1200 Eeclesm,
2571 1150 2735 1207 qnam
2790 1146 3025 1204 paternae
3075 1136 3263 1190 domus
3311 1137 3533 1192 nomine

232 1230 537 1297 intellexit,
606 1232 800 1288 Omnes
850 1236 909 1289 in
979 1251 1101 1289 eum
1156 1231 1475 1303 conﬁdentes
1527 1230 1645 1286 fore
1696 1230 1855 1295 dixit,
1895 1231 2105 1286 clarum
2142 1229 2352 1284 scilicet
2390 1238 2444 1285 et
2474 1229 2809 1295 obscurum;
2861 1232 3061 1287 usitata
3138 1230 3270 1287 illud
3353 1231 3532 1287 homi-

231 1337 366 1378 num
400 1323 700 1394 mundique
754 1327 967 1379 ratione
1020 1325 1280 1395 usurpari
1329 1321 1657 1379 crediderim
1694 1340 1706 1377 :
1740 1337 1865 1377 cum
1934 1335 2292 1392 personarum
2359 1330 2615 1393 acceptor
2640 1338 2749 1378 non
2785 1322 2857 1377 sit
2885 1325 3265 1378 universorum
3296 1322 3527 1382 Deus“.

229 1413 563 1486 Quanquam
599 1423 652 1470 et
704 1414 839 1471 illud
884 1416 1049 1471 etiam
1080 1432 1147 1472 ex
1198 1415 1505 1489 spiritualis
1542 1414 1721 1470 aetatis
1763 1412 1978 1469 ratione
2016 1420 2070 1468 et
2102 1426 2361 1468 mensura
2383 1413 2588 1467 dictum
2621 1428 2744 1469 esse
2772 1424 2934 1483 queat
2957 1412 3205 1485 intelligi.

823 1511 1081 1568 ΚΕΦΑΛ.
1120 1512 1249 1568 KP.

702 1607 782 1659 ἸῸ
819 1608 1060 1661 OPAMA
1109 1607 1345 1662 ΤΥΡΟΥ.

194 1690 201 1695 ’
302 1717 343 1754 α
361 1704 488 1771 -ιη⁹.
508 1695 869 1763 Ὀάολύζετε,
896 1696 1081 1752 πλοῖα
1109 1697 1518 1767 Καρχηδόνος,
1568 1695 1659 1751 ὅτι
1708 1696 1823 1751 ἀπ-

226 1791 441 1855 ώλετο,
474 1790 575 1844 καὶ
615 1791 732 1844 οὐκ
768 1789 861 1843 ἐτι
910 1791 1214 1859 ἔρχονται.
1246 1791 1349 1844 Ἐκ
1371 1788 1485 1860 γῆς
1542 1789 1821 1844 Κιτιαίων

224 1880 406 1955 ἦκται
436 1881 836 1952 αιχμάλωτος·
857 1882 978 1936 τίνι
1010 1882 1201 1952 ὅμοιοι
1233 1883 1562 1951 γεγόνασιν
1584 1883 1639 1935 οι
1661 1881 1817 1934 ἐνοι-

220 1976 481 2042 κοῦντες
526 1976 599 2029 ὲν
653 1974 731 2043 τῇ
780 1974 952 2042 νήσῳ
996 1973 1318 2044 μετάϐολοι
1354 1976 1656 2042 Φοινίκης,
1690 1973 1816 2029 δια-

222 2067 528 2137 περῶντες
547 2064 660 2135 τήν
683 2065 1012 2122 θάλασσαν
1028 2067 1098 2121 ἐν
1127 2066 1299 2121 ὕδατι
1320 2065 1530 2131 πολλῷ
1544 2082 1561 2129 ;
1576 2066 1816 2136 Σπέρμα

217 2163 591 2233 μεταϐόλων,
609 2161 686 2227 ὡς
708 2161 940 2231 ἀμητοῦ
957 2161 1409 2234 εἰσφερομένου,
1423 2164 1477 2216 οὶ
1491 2162 1815 2233 μετάϐολοι

218 2255 347 2311 τῶν
384 2255 599 2310 ἐθνῶν.
628 2273 683 2311 κ.
712 2273 767 2309 τ.
797 2260 848 2309 λ.

292 2352 371 2406 Οὐ
404 2352 537 2424 περὶ
562 2351 907 2423 πραγμάτων
948 2350 1108 2421 μόνον
1146 2350 1249 2421 ήδη
1290 2348 1567 2404 λαϐόντων
1599 2346 1696 2419 τὴν
1721 2347 1812 2401 ἐκ·

220 2442 388 2495 ϐασιν
423 2446 524 2513 τῆς
575 2442 662 2495 ἐπ’
712 2430 901 2504 αὐτοῖς
947 2440 1335 2514 προρρήσεως,
1375 2442 1431 2494 αἱ
1482 2439 1812 2511 προφητεῖαι

218 2548 422 2600 φασιν·
459 2532 603 2587 οὕτω
637 2533 745 2602 γὰρ
788 2532 855 2587 ἂν
888 2531 1065 2597 ἔδοξεν
1098 2532 1251 2585 οὐδὲν
1283 2526 1424 2585 εἶναι
1470 2533 1646 2585 ταῦτα
1675 2532 1810 2602 πρὸς

218 2622 392 2693 ἡμᾶς,
433 2625 481 2677 εἰ
511 2626 606 2679 καὶ
633 2624 703 2677 τὰ
727 2623 964 2694 μάλιστα
993 2623 1083 2677 διὰ
1108 2622 1316 2676 τούτων
1344 2622 1576 2692 ἀψευδὲς
1600 2621 1813 2692 θαυμά-

217 2714 338 2779 ζειν
368 2718 542 2789 ἐχρῆν
573 2717 666 2773 τὸν
697 2718 850 2772 Θεόν.
882 2718 1021 2770 Νυνὶ
1052 2715 1111 2770 δὲ
1147 2717 1208 2770 οὐ
1252 2714 1682 2786 προθεσπίζουσι
1711 2716 1809 2786 μό·-

215 2824 312 2861 νον
334 2809 433 2862 ἐπὶ
458 2810 573 2874 τοῖς
602 2808 838 2875 ἔθνεσιν,
866 2808 1005 2863 ἀλλὰ
1028 2812 1126 2862 καὶ⁵
1145 2807 1269 2861 καθ’
1290 2807 1531 2877 ἑκάστην
1552 2806 1751 2872 διαζων
1780 2816 1810 2857 P

214 2900 447 2972 φέρεται
477 2902 681 2973 τρόπος
704 2901 990 2973 θεοσεϐείᾳ
1016 2901 1314 2972 προσήκων
1333 2918 1347 2933 ο
1376 2899 1452 2964 ὡς
1481 2902 1540 2953 ὲν
1568 2900 1646 2970 τῷ
1671 2918 1795 2971 προ-

211 2989 400 3060 λέγειν
428 2993 553 3064 .τὴν
594 2992 914 3057 Βαϐυλῶνος
955 2992 1301 3062 καθαίρεσιν,
1346 2993 1479 3064 περὶ
1514 2992 1809 3063 καθολικῆς

210 3085 309 3138 τοῦ
342 3084 486 3139 Θεοῦ
526 3085 818 3141 διείλεκται
867 3087 1127 3159 κρίσεως.
1173 3086 1231 3140 '0
1280 3088 1411 3158 περὶ
1445 3087 1723 3156 Αἰγύπτου
1751 3088 1809 3141 δὲ

208 3178 374 3247 λόγος
423 3178 815 3251 θυσιαστήριον
854 3180 1075 3234 ἔσεσθαι
1119 3178 1256 3233 Θεοῦ
1303 3180 1425 3234 κατ’
1463 3183 1635 3253 αὐτήν
1664 3199 1797 3253 φησι

209 3270 491 3326 θεοσεὸὦν
516 3289 577 3325 τε
611 3273 813 3341 πλῆθος
842 3273 1072 3345 ἀνδρῶν.
1122 3273 1179 3328 '0
1203 3273 1260 3327 δὲ
1287 3273 1417 3345 περὶ
1440 3274 1636 3337 Μωὰὸ,
1676 3275 1801 3327 Ἐκ-

206 3364 446 3436 κλησίαν
480 3381 540 3418 τε
564 3366 660 3419 καὶ
693 3364 883 3437 θρόνον
917 3367 974 3420 ἐν
1005 3366 1141 3438 αὐτῇ
1185 3366 1445 3435 γενέσθαι
1474 3365 1634 3428 Θεοῦ,
1664 3383 1803 3420 παυ-

207 3459 465 3529 σαμένης
492 3458 569 3523 ὡς
611 3461 669 3513 ἐν
706 3458 973 3527 Αἰγύπτου
1020 3461 1123 3513 κὰν
1177 3459 1352 3532 ταύτῃ
1385 3460 1485 3531 τῆς
1520 3458 1797 3513 είδωλολα⁹

203 3551 420 3623 τρείας.
463 3550 521 3606 Ὃ
560 3551 616 3606 δὲ
657 3554 784 3622 περὶ
830 3552 1147 3620 Δαμασκοῦ,
1195 3553 1534 3624 ἐπιστροφὴν
1581 3552 1801 3605 ἔσεσθαί

203 3662 342 3715 φησι
370 3645 483 3699 τῶν
511 3645 680 3699 πάλαι
710 3646 800 3698 τὸν
828 3645 962 3699 Θεὸν
986 3644 1350 3713 ἀγνοούντων.
1388 3645 1447 3698 Ὀ
1464 3646 1521 3698 δὲ
1547 3644 1642 3697 νῦν
1670 3646 1800 3715 περὶ

205 3738 426 3807 Τύρου,
456 3738 595 3809 πρὸς
618 3741 730 3803 τοῖς
754 3738 925 3809 αὐτῆς
955 3737 1209 3801 πάθεσιν,
1231 3737 1549 3809 προσφορὰς
1576 3740 1633 3790 ἐν
1660 3739 1796 3809 αὐτῇ

204 3830 575 3902 προαγορεύει
602 3832 792 3903 Κυρίῳ
834 3832 1177 3905 γενήσεσθαι.
1206 3834 1396 3896 Εἴποις
1422 3832 1466 3886 δ’
1493 3832 1560 3886 ἂν
1589 3835 1682 3886 καὶ
1707 3832 1799 3886 ἄλ-

202 3920 332 3985 λως,
372 3921 645 3991 ὠφελείας
689 3922 855 3977 ἕνεκα
879 3923 988 3976 τῶν
1015 3926 1076 3989 ἐξ
1111 3924 1348 3997 Ἰσραὴλ,
1380 3924 1480 3987 τὰς
1513 3927 1640 3996 περὶ
1687 3924 1795 3977 τῶν

205 4013 377 4067 ἐθνῶν
411 4014 776 4086 προλέγεσθαι
805 4018 1161 4087 προφητείας,
1192 4018 1268 4082 ὡς
1301 4018 1368 4072 ἂν
1398 4020 1595 4086 γνοῖεν,
1632 4017 1707 4081 ὡς
1732 4017 1794 4070 οὐ

204 4105 388 4176 μόνων
414 4107 597 4160 αὐτῶν
622 4106 754 4172 Θεός
775 4110 920 4163 ἐστιν
944 4112 971 4164 ὁ
991 4110 1143 4175 Θεὸς,
1174 4111 1291 4164 ἀλλ’
1320 4114 1402 4165 ὅτι
1432 4112 1526 4165 καὶ
1552 4111 1639 4165 διὰ
1665 4112 1796 4166 πάνυ

201 4213 309 4253 των
337 4200 371 4271 ἡ
399 4201 596 4253 τούτου
625 4199 901 4272 διέρχεται
936 4203 1183 4273 πρόνοια,
1222 4204 1415 4266 ποινὰς
1443 4204 1529 4257 ἀεὶ
1568 4205 1669 4268 τὰς
1699 4205 1792 4258 ἐπὶ

199 4294 322 4355 ταῖς
354 4293 639 4359 ἀσεϐείαις
664 4296 758 4348 καὶ
788 4296 902 4358 τοῖς
938 4294 1150 4350 ἔθνεσιν
1189 4296 1441 4369 παροῦσα
1468 4308 1498 4348 (1
1528 4300 1641 4361 τοῖς
1677 4297 1791 4351 λοι-

200 4387 357 4448 ποῖς·
390 4386 471 4449 ὡς
495 4386 593 4440 καὶ
620 4385 716 4441 νῦν
748 4388 996 4457 Τυρίοις,
1027 4389 1109 4441 ὅτι
1147 4389 1243 4443 atati.
1268 4389 1347 4460 τῷ
1380 4390 1473 4443 τοῦ
1515 4388 1649 4443 Θεοῦ
1676 4390 1789 4461 λαῷ

199 4474 433 4529 παθόντι
481 4477 669 4540 κακῶς
708 4477 1074 4545 ὲπετώθαξον,
1108 4480 1209 4551 οὐχ
1262 4480 1339 4544 ὡς
1391 4480 1462 4535 δι’
1511 4481 1789 4554 ἁμαρτίας

2554 1507 2706 1564 CAP.
2734 1507 2928 1563 XXIII.

2520 1600 2727 1657 VISIO
2765 1600 2957 1658 TYRI.

1944 1680 1945 1687 ‘
2001 1691 2164 1763 295
2186 1691 2348 1750 Vens.
2374 1694 2524 1749 l-IS.
2550 1693 2790 1761 Ululate,
2820 1711 2979 1749 naves
3003 1694 3368 1766 Carthaginis,
3395 1695 3520 1766 quia

1927 1786 2218 1854 perierunt,
2258 1803 2420 1856 neque
2458 1789 2689 1857 amplius
2727 1789 2965 1843 veniunt.
3010 1787 3090 1841 De
3134 1798 3278 1841 terra
3315 1788 3517 1844 Citien-

1918 1877 2057 1929 sium
2086 1877 2222 1931 venit
2256 1879 2512 1948 captivus.
2548 1878 2643 1935 Cui
2676 1880 2874 1935 similes
2919 1882 3051 1951 [acti
3090 1892 3212 1937 sunt
3264 1884 3355 1954 qui
3413 1884 3513 1937 ha-

1918 1968 2085 2023 bitant
2113 1970 2169 2023 in
2202 1970 2386 2024 insula
2416 1973 2767 2041 negotiatores
2802 1972 3094 2028 Phoenicia:
3115 2015 3131 2041 ,
3178 1986 3514 2032 transeuntes

1918 2079 2069 2117 mare
2106 2063 2160 2117 in
2216 2064 2383 2135 296
2434 2081 2577 2135 aqua
2618 2065 2828 2120 multa?
2885 2067 3072 2122 Semen
3124 2071 3514 2140 negotiatorum

1915 2159 2069 2227 quasi
2096 2158 2281 2213 messis
2322 2168 2689 2227 comportatw,
2724 2161 3075 2231 negotiatores
3105 2163 3360 2232 gentium.
3392 2171 3504 2217 etc.

1983 2329 2102 2387 Non
2147 2332 2214 2388 de
2259 2334 2424 2390 rebus
2472 2344 2706 2399 tantum,
2757 2353 2880 2407 quae
2905 2355 3017 2393 sure
3051 2341 3234 2395 statim
3272 2341 3507 2412 praedic--

1912 2422 2081 2478 tionis
2125 2438 2379 2481 eventum
2433 2430 2761 2493 sortiuntur,
2811 2432 3111 2499 prophetia:
3167 2433 3491 2502 loquuntur.

1912 2512 1990 2570 lta
2043 2517 2189 2571 enim
2242 2518 2377 2572 nihil
2423 2520 2489 2573 ad
2539 2535 2643 2575 nos
2699 2519 2819 2575 ista:
2867 2523 3141 2590 pertinere
3190 2523 3504 2589 videantur,

1910 2621 2143 2677 quarum
2194 2610 2527 2664 certitudine
2584 2622 2765 2664 tamen
2814 2612 2868 2665 in
2927 2612 3019 2667 Dei
3073 2614 3504 2671 admirationem

1892 2700 2031 2770 rapi
2063 2715 2173 2755 non
2206 2700 2388 2757 decet.
2424 2700 2583 2757 Nunc
2635 2713 2841 2771 autem,
2882 2721 3006 2775 qua:
3041 2706 3298 2776 gentibus
3338 2723 3506 2762 even-

1922 2798 2047 2846 tura
2083 2792 2195 2847 sint
2221 2807 2327 2849 non
2359 2794 2737 2863 prmdicnntur
2758 2796 2944 2863 modo,
2964 2801 3058 2852 sed
3090 2798 3502 2869 singulisetiam

1914 2883 2231 2953 peculiaris,
2255 2884 2554 2954 pietatique
2582 2885 2896 2942 conducens
2929 2886 3123 2941 modus
3158 2887 3500 2958 adjungitur.

1926 2975 2000 3032 Ut
2039 2992 2163 3030 cum
2197 2976 2252 3030 in
2292 2976 2589 3048 Babylonis
2622 2980 2841 3033 interitu
2880 2979 3222 3048 praedicendo
3257 2995 3504 3037 versare-

1910 3076 2019 3135 tur,
2044 3069 2208 3123 etiam
2237 3068 2304 3123 de
2328 3071 2589 3125 universo
2618 3080 2672 3126 et
2704 3086 2921 3127 summo
2954 3070 3046 3127 Dei
3066 3072 3282 3141 judicio
3306 3073 3501 3143 dispu-

1910 3157 2065 3211 tavit.
2088 3158 2221 3211 Cum
2252 3174 2445 3214 rursus
2473 3160 2541 3214 de
2577 3159 2813 3232 Aigypto
2850 3162 3072 3217 loculus
3104 3171 3210 3230 est,
3240 3173 3295 3219 et
3325 3166 3501 3222 altare

1910 3253 2073 3306 etiam
2110 3252 2162 3306 in
2200 3253 2316 3321 ipsa
2353 3253 2624 3315 futurum,
2657 3258 2875 3325 piisqne
2915 3256 3226 3312 hominibus
3258 3258 3502 3313 abunda-

1909 3352 2084 3397 tnram
2134 3344 2368 3399 addidit.
2425 3344 2560 3400 Cum
2601 3348 2728 3401 item
2775 3348 2843 3402 de
2879 3347 3134 3403 Moabitis
3182 3350 3361 3419 dixit,
3409 3366 3499 3406 su-

1914 3435 2067 3490 blato
2122 3436 2251 3492 inde
2283 3438 2427 3492 sicut
2457 3438 2526 3493 ab
2554 3438 2820 3509 IEgyplo,
2874 3439 3143 3494 idolorum
3177 3444 3350 3509 cultu,
3379 3442 3497 3497 fore

1904 3527 1957 3582 in
1993 3545 2056 3584 ea
2087 3527 2179 3584 Dei
2232 3529 2533 3585 Ecclesiam
2582 3533 2955 3602 tlironnmque
2998 3534 3310 3587 allirmavil.
3353 3534 3490 3589 Cum

1904 3621 2139 3691 denique
2167 3622 2234 3677 de
2282 3624 2548 3679 Damasco
2578 3625 2871 3691 disseruit,
2909 3625 3149 3680 futuram
3181 3626 3248 3681 ad
3296 3624 3490 3692 Deum,

1900 3714 1994 3783 qui
2034 3714 2162 3767 olim
2226 3714 2404 3784 ipsum
2461 3718 2801 3785 nesciebant,
2853 3719 3269 3776 conversionem
3321 3720 3490 3791 297

1899 3804 2251 3875 signiﬁcavit.
2283 3807 2352 3859 At
2380 3806 2525 3876 quod
2557 3823 2704 3862 nunc
2725 3807 2793 3863 de
2824 3811 2958 3879 Tyro
3006 3810 3224 3874 scribit,
3262 3819 3492 3881 pra-tera

1898 3913 2061 3969 quam
2083 3899 2231 3968 quod
2257 3899 2606 3955 imminentes
2634 3909 2789 3956 notat
2811 3902 3176 3971 calamitates,
3208 3906 3262 3959 in
3296 3904 3487 3960 eadem

1896 3992 2059 4046 etiam
2090 3990 2320 4047 Domino
2356 3991 2572 4048 futuras
2611 3994 2821 4049 hostias
2845 3995 3117 4067 praedicit.
3152 3995 3315 4053 Dicas
3349 4013 3487 4053 vero

1895 4091 1950 4140 et
1998 4085 2157 4140 aliter
2203 4085 2259 4139 in
2299 4085 2670 4141 lsraelitarum
2706 4089 3001 4145 utilitatem
3035 4091 3223 4144 futura
3255 4089 3324 4146 de
3350 4105 3487 4162 gen-

1894 4176 2047 4232 tibus
2077 4178 2372 4233 ostendere
2407 4179 2749 4249 prophetias,
2782 4195 2893 4250 quo
2933 4179 3104 4234 Deum
3135 4183 3485 4237 meminerint

1892 4291 2003 4331 non
2027 4291 2189 4331 suum
2218 4284 2430 4331 tantum
2456 4278 2764 4344 exsistere;
2798 4278 2893 4334 sed
2918 4278 3163 4349 ejusdem
3188 4280 3325 4334 obiri
3357 4295 3484 4351 pro-

1893 4368 2133 4425 videntia
2186 4371 2413 4437 omnia,
2470 4387 2797 4442 semperque
2849 4386 3040 4442 poenas
3090 4371 3395 4442 impietatis
3448 4388 3481 4427 a

1893 4463 2124 4534 reliquis
2148 4463 2317 4519 etiam
2373 4464 2630 4533 gentibus
2674 4478 3007 4534 reposcere;
3057 4462 3204 4519 sicut
3252 4478 3399 4519 nunc
3447 4478 3481 4520 a

200 4567 492 4634 παθοῦσιν,
519 4568 635 4623 ἀλλ’
657 4568 735 4633 ὡς
763 4570 856 4623 τοῦ
893 4569 1159 4636 σώζοντος
1182 4573 1383 4637 αὐτοὺς
1415 4572 1776 4644 ἡσθενηκότος

1910 4558 2098 4629 I‘yriis,
2125 4558 2222 4630 qui
2248 4558 2302 4613 in
2333 4556 2428 4613 Dei
2463 4557 2760 4628 populum,
2789 4571 2898 4610 non
2933 4564 3193 4627 tanquam
3239 4570 3342 4612 suo
3366 4571 3482 4611 sce-

198 4658 351 4716 Θεοῦ.
385 4663 480 4716 Διὸ
522 4663 622 4717 σὺν
664 4663 1022 4735 Ἰερουσαλὴμ
1059 4665 1329 4740 παθούσῃ,
1365 4668 1566 4732 πάντες
1603 4671 1652 4722 οἱ
1684 4669 1783 4723 κύ-

201 4752 310 4826 κλῳ
350 4754 692 4810 πεπόνθασιν
715 4755 919 4811 ἐθνικοὶ
948 4758 1048 4828 τὴν
1079 4758 1250 4831 αὐτὴν
1282 4761 1533 4829 Τυρίοις,
1552 4761 1783 4834 ἐσχηκό-

200 4863 286 4911 τες
314 4848 664 4920 προαίρεσιν,
690 4847 983 4907 ἀνάστατοι
1013 4850 1214 4917 πάντες
1237 4851 1330 4906 ὑπ’
1372 4852 1670 4925 Ἀσσυρίων
1699 4872 1783 4924 γε-

196 4937 432 5009 νόμενοι.

262 5203 405 5267 Τοὺς
453 5204 974 5272 συνεπαναστάντας
1013 5207 1072 5262 δὲ
1109 5206 1189 5280 τῷ
1221 5208 1337 5280 ἰδίῳ
1384 5208 1519 5280 λαῷ,
1551 5212 1675 5265 καθ’
1720 5211 1783 5266 ὃν

203 5294 452 5367 ἡλίσκετο
478 5297 687 5369 χρόνον,
718 5298 1120 5372 ἀπαριθμεῖται
1151 5301 1319 5358 Δαὸὶδ
1372 5301 1548 5367 οὕτως
1583 5303 1772 5359 εἰπών·

287 5480 333 5512 ⁸⁸
372 5477 522 5534 Psal.
554 5495 689 5547 xvn,
740 5479 832 5538 46.
923 5482 972 5515 "
1006 5480 1180 5539 Exod.
1232 5500 1308 5554 tv,
1354 5485 1446 5539 22.

1890 4652 2004 4708 lere
2035 4652 2401 4715 laborantem,
2449 4650 2543 4707 sed
2594 4648 2688 4704 Dei
2727 4647 3071 4720 impotentia,
3122 4662 3151 4701 a
3183 4662 3291 4719 quo
3337 4647 3482 4704 salu-

1888 4754 1997 4802 tem
2030 4752 2440 4814 exspectarent.
2469 4743 2869 4799 contumeliose
2919 4742 3289 4798 insultabant.
3322 4740 3477 4797 Unde

1887 4842 2096 4895 factum
2128 4846 2232 4902 est,
2266 4845 2328 4892 ut
2352 4836 2570 4893 aﬂlictis
2592 4835 3100 4908 Hierosolymorum
3127 4834 3294 4891 rebus
3320 4843 3478 4905 quot-

1882 4941 2017 5001 quot
2052 4931 2248 4987 vicinae
2292 4930 2502 4986 circum
2544 4938 2757 5001 gentes,
2794 4928 2988 4985 eodem
3028 4929 3080 4984 in
3122 4942 3244 4984 eam
3284 4927 3473 4982 animo
3570 4930 3573 4933 ’

1886 5040 2010 5080 cum
2041 5023 2225 5095 Tyriis
2261 5022 2503 5091 fuerant,
2559 5026 2630 5079 ab
2666 5021 2911 5094 Assyriis
2963 5029 3021 5078 et
3068 5021 3201 5092 ipsa;
3253 5034 3473 5090 qucque

1885 5132 2075 5173 omnes
2096 5117 2289 5172 deleta:
2315 5116 2446 5173 sint.

1958 5206 2159 5263 Verum
2200 5210 2429 5280 quinam
2461 5208 2595 5275 sint,
2626 5209 2718 5280 qui
2747 5211 2802 5264 in
2831 5206 3161 5278 peculiarem
3204 5201 3469 5275 populum

1890 5302 2227 5373 captivitatis
2261 5311 2506 5374 tempore
2548 5302 2832 5376 insurgere
2862 5300 2983 5357 ausi
3025 5307 3173 5366 sunt,
3204 5294 3467 5351 Davidem

1538 5485 1576 5517 οι
1614 5482 1757 5539 Psal.
1797 5501 1853 5549 ιι,
1880 5484 1931 5537 6.
2009 5484 2055 5516 ’³⁵
2088 5485 2307 5544 Coloss.
2338 5498 2428 5552 Ill,
2457 5486 2548 5542 25.

1489 5574 1722 5632 VARI/IS
1765 5575 2166 5637 LECTIONES.

279 5670 311 5714 Ρ
338 5682 427 5733 εγ).
472 5664 713 5731 suam.
774 5675 802 5717 ς
831 5683 921 5739 γρ.
961 5666 1342 5740 παρασχοῦσα.
