4020 6372
600 191 740 255 9.183

1920 179 2272 244 PROCOPII
2308 179 2553 240 GAZ/‘EI

3717 183 3829 252 218i

604 308 984 356 numerantem
1029 297 1336 352 audiamus.
1382 313 1398 343 ι
1436 293 1600 354 Deus,
1627 289 1827 360 inquit,
1877 291 2003 359 quis
2039 289 2192 344 sinti—

2311 291 2370 342 Ὀ
2397 290 2552 354 Θεὸς,
2595 289 2676 353 τίς
2710 287 3105 358 ὀμοιωθήσεταί
3151 303 3268 353 σοις
3313 289 3386 358 μὴ
3447 290 3692 362 σιγήσῃς,
3725 302 3832 368 μηδὲ

603 395 672 451 lis
703 394 836 449 tibi?
870 409 936 448 ne
971 403 1176 456 taceas,
1198 405 1374 459 neque
1405 385 1800 456 compescat-is,
1838 384 2002 440 Deus.
2035 384 2186 450 Quo-

602 487 750 541 niam
782 501 907 541 ecce
948 483 1159 538 inimici
1197 483 1275 535 lui
1308 485 1657 541 sonuerunt;
1696 485 1752 532 et
1790 478 1884 547 qui
1948 476 2188 532 oderunt

603 589 656 635 te
696 580 1010 634 extulerunt
1041 585 1228 646 caput.
1267 573 1444 643 Super
1485 573 1748 642 populum
1788 582 1943 624 tuum
2001 578 2187 625 astute

603 674 1052 742 excogitaverunt
1078 667 1394 732 consilium,
1425 675 1477 720 et
1508 665 1964 720 cmisultaverunt
1993 663 2188 717 adver-

605 782 700 819 sus
731 774 954 819 sanctos
1014 771 1161 817 tuos.
1206 757 1754 817 DixeruntzVenite;
1808 756 2191 826 disperdamus

601 875 698 914 eos
731 859 796 912 de
830 864 1011 926 gente,
1051 863 1105 910 et
1137 870 1248 908 non
1291 864 1628 909 memoretur
1661 867 1860 906 nomen
1899 851 2068 904 lsrael
2104 851 2188 902 ul-

606 962 708 1004 tra.
738 949 1008 1016 Quoniam
1043 949 1500 1018 conspiraverunt
1528 944 1882 1005 unanimiter,
1908 943 2070 996 simul
2095 944 2192 996 ad-

603 1055 796 1095 versus
832 1049 884 1093 te
916 1039 1094 1093 fmdus
1129 1039 1372 1092 inierunt
1399 1035 1752 1091 tabernacula
1780 1033 2144 1087 ldumakornm
2174 1071 2189 1097 ,

601 1140 654 1185 et
677 1130 991 1194 Ismaelitze,
1009 1130 1191 1194 Moab,
1219 1139 1271 1184 et
1296 1129 1555 1199 Agarcni,
1585 1127 1776 1193 Gebal,
1795 1129 2113 1189 etAmtnon,
2137 1134 2191 1179 et

602 1227 848 1291 Amalec,
872 1233 924 1280 et
943 1223 1418 1294 alienigenze,cum
1455 1221 1832 1276 habitantibus
1861 1218 2066 1289 Tyrum
2083 1220 2184 1274 ".p

606 1321 698 1375 Ait
744 1335 878 1374 vero
924 1329 975 1374 et
1006 1317 1294 1386 cujusdam
1342 1317 1733 1386 prophetarum
1794 1329 1927 1370 voce
1985 1316 2130 1371 Deus
2177 1334 2189 1367 :

611 1434 629 1466 ‹
666 1414 810 1480 Quid
846 1413 977 1467 mihi
1013 1411 1320 1472 vobiscum,
1354 1408 1496 1480 Tyre
1553 1417 1607 1464 et
1643 1408 1813 1465 Sidon
1848 1451 1863 1476 ,
1917 1419 1973 1465 et
2011 1411 2192 1466 omnis

605 1504 830 1558 Galilma
863 1499 1349 1572 alienigenarum?
1413 1515 1598 1553 annon
1636 1500 2060 1555 retributionem
2093 1516 2192 1556 vos

607 1593 913 1649 retribuitis
949 1593 1079 1645 mihi
1116 1601 1211 1645 aut
1248 1603 1485 1660 acceptae
1527 1607 1554 1643 a
1593 1606 1679 1646 me
1714 1590 1932 1659 injuriae
1981 1607 2192 1648 memo~

607 1701 696 1742 res
726 1685 896 1740 estis?
934 1685 1150 1739 Acerbe
1175 1722 1190 1746 ,
1222 1691 1279 1738 et
1312 1683 1425 1736 cito
1457 1683 1690 1752 gratiam
1728 1683 1889 1738 istam
1929 1685 1981 1737 in
2012 1685 2194 1754 capita

607 1785 791 1834 vestra
824 1776 1133 1832 redundare
1174 1775 1374 1829 faciam
1430 1775 1528 1844 qui
1562 1789 1756 1828 aurum
1797 1785 2198 1846 argentumque

609 1887 787 1927 meum
822 1871 1037 1934 tollere,
1092 1868 1184 1938 qui
1243 1868 1601 1922 lectissimam
1656 1868 2200 1938 pulcherrimamque

609 1963 1008 2035 supellectilem
1035 1961 1090 2014 in
1118 1959 1348 2014 delubra
1388 1967 1575 2014 vestra
1605 1958 1855 2028 deferre;
1888 1960 2200 2030 Judmaeque

609 2069 662 2111 et
719 2055 1224 2126 Hierosolymorum
1281 2053 1515 2118 incolas,
1575 2060 1636 2106 ut
1693 2054 1810 2109 suis
1865 2055 2199 2124 pellerentur

611 2150 838 2213 ﬁnibus,
869 2149 1112 2219 gentium
1171 2147 1296 2200 ﬁliis
1325 2147 1559 2201 vendere
1581 2162 1690 2201 non
1739 2148 2039 2202 dubitastis
2070 2145 2134 2180 τ’*-
2175 2167 2192 2198 ι

611 2242 752 2297 Sunt
794 2249 849 2296 et
904 2242 1010 2295 ista
1048 2239 1213 2294 etiam
1251 2237 1344 2293 Dei
1386 2238 1528 2308 apud
1593 2238 1931 2295 Ezechielem
1985 2242 2146 2294 verba
2181 2251 2195 2293 ξ

620 2351 640 2383 ι
676 2329 779 2384 Fili
826 2330 1067 2386 hominis
1097 2370 1112 2393 ,
1166 2326 1676 2384 Nabuchodonosor
1735 2345 1834 2384 rex
1908 2329 2200 2402 Babylonis

612 2425 914 2479 exercitum
947 2438 1105 2477 suum
1140 2421 1393 2491 improbo
1424 2422 1490 2474 ad
1521 2419 1728 2491 Tyrum
1750 2458 1765 2482 ,
1797 2427 2060 2491 tanquam
2081 2435 2200 2476 ser-

612 2535 712 2574 vos
736 2559 750 2581 ,
824 2518 1012 2572 labore
1046 2515 1267 2586 defungi
1309 2515 1459 2569 fecit.
1490 2514 1708 2568 Nullum
1740 2531 1848 2568 non
1881 2515 2008 2570 inde
2034 2517 2198 2570 crini-

613 2606 719 2660 bus
741 2604 1068 2659 exhaustum
1106 2612 1270 2673 caput
1304 2643 1320 2667 ,
1363 2604 1546 2659 nullus
1572 2620 1678 2660 non
1721 2606 1954 2660 detritus
2006 2606 2199 2661 hume-

616 2712 711 2753 rus
745 2739 760 2761 ,
793 2712 894 2752 nec
927 2698 977 2751 ei
1013 2706 1223 2761 tamen,
1265 2707 1360 2751 aut
1389 2697 1512 2768 ejus
1568 2699 1864 2766 exercitui,
1899 2697 2066 2769 298
2101 2713 2200 2768 pro

612 2789 752 2843 dura
778 2790 914 2844 adeo
945 2788 1013 2842 ad
1047 2790 1251 2861 Tyrum
1280 2791 1512 2845 tolerata
1551 2792 1823 2846 servitute
1859 2807 2073 2847 merces
2096 2806 2197 2845 ex-

613 2881 774 2936 stitit.
805 2881 888 2935 Ob
922 2881 977 2936 id
1027 2882 1150 2936 dedi
1197 2883 1245 2936 ci
1285 2893 1486 2936 terram
1543 2882 1765 2955 IEgypti
1797 2884 1861 2937 ’⁸.
1902 2903 1920 2936 ι
1958 2883 2200 2955 Contigit

2292 383 2708 453 καταπραΰνῃς,
2738 383 2766 434 ὁ
2808 381 2942 442 Θεός
2965 399 2978 413 ·
3027 381 3109 434 ὅτι
3137 380 3244 434 ἰδοὺ
3302 382 3349 433 οἱ
3402 380 3589 452 ἐχθροί
3621 388 3832 462 σου

2293 494 2414 541 σαν,
2468 476 2640 529 κοιὶοὶ
2696 473 2979 544 μισοῦντές
3025 490 3084 526 σε
3116 468 3258 544 ἦραν
3289 474 3534 544 κεφαλήν
3562 491 3576 505 ο
3629 477 3714 531 ἐπὶ
3763 487 3835 536 τὸν

2291 567 2419 620 λαόν
2451 584 2545 620 σου
2578 565 3200 636 κατεπανουργεύσαντο
3221 562 3474 632 γνώμην,
3510 565 3606 616 καὶ
3623 566 3833 626 ἐϐουλεύο

2295 677 2455 714 σαντο
2512 658 2653 711 κατὰ
2705 657 2814 711 τῶν
2877 657 3041 711 ὁσίων
3082 674 3177 710 σου
3213 672 3229 687 ο
3275 651 3472 709 Εἶπανο
3539 658 3694 714 Δεῦτε
3765 671 3852 720 aut

2292 749 2767 819 ὲξολοθρεύσωμεν
2805 748 3004 812 αὐτοὺς
3035 751 3093 814 ἐξ
3141 748 3346 812 ἔθνους,
3385 749 3486 802 καὶ
3537 750 3599 802 οὐ
3629 751 3697 822 μὴ
3731 771 3839 827 μνη.

2294 845 2394 915 cor]
2421 845 2479 894 τὸ
2501 842 2676 912 ὄνομα
2714 841 2930 912 Ἰσραὴλ
2973 840 3053 893 ἔτι
3103 842 3504 896 ἐϐουλεύσαντο
3563 843 3618 894 ὲν
3657 846 3839 920 ὁμονοίᾳ

2292 937 2384 987 ἐπὶ
2413 933 2476 987 τὸ
2499 935 2632 987 αὐτὸ
2659 977 2673 998 ,
2708 933 2851 986 κατὰ
2884 931 2978 985 σοῦ
3006 932 3276 1002 διαθήκην
3306 933 3661 988 διέθεντο.Τά
3674 941 3842 1008 exquir-

2299 1043 2445 1095 ματα
2473 1026 2585 1079 τῶν
2638 1023 2973 1094 Ἰδουμαίων,
3035 1023 3130 1076 καὶ
3188 1025 3237 1076 οἱ
3278 1024 3646 1096 Ἰσμαηλῖται,
3699 1029 3839 1085 Μωὲώ

2295 1124 2390 1172 καὶ
2436 1119 2749 1189 Ἀγαρηνοὶ,
2784 1117 2980 1181 Γεϐὰλ,
3015 1117 3110 1170 καὶ
3173 1113 3422 1188 Ἄμμων,
3487 1119 3584 1171 καὶ
3614 1119 3841 1192 ’Δμαλὴη

2295 1213 2579 1282 ἀλλόφυλοι
2615 1212 2754 1282 μετὰ
2780 1197 2888 1264 τῶν
2907 1210 3310 1265 κατοικούντων
3362 1210 3561 1283 Τύρον.
3615 1214 3760 1282 Λέγει
3797 1219 3841 1273 δὲ

2295 1310 2393 1361 καὶ
2421 1306 2490 1359 δι’
2523 1305 2643 1370 ἐνὸς
2670 1305 2779 1359 τῶν
2811 1305 3108 1377 προφητῶν
3142 1307 3170 1356 ὁ
3215 1305 3348 1368 Θεός
3381 1321 3395 1335 ο
3433 1324 3453 1356 ι
3507 1307 3616 1358 Καὶ
3640 1308 3690 1360 τί
3715 1311 3842 1379 ὑμεῖς

2295 1402 2441 1472 ἐμοὶ,
2458 1399 2634 1471 Τύρος
2655 1401 2747 1453 καὶ
2761 1397 2952 1464 Σιδὼν,
2971 1400 3068 1452 καὶ
3093 1401 3241 1452 πᾶσα
3259 1397 3522 1452 Γαλιλαὲα
3539 1399 3838 1470 alloquitur;

2299 1494 2374 1565 μὴ
2429 1492 2783 1562 ἀνταπόδομα
2841 1494 2998 1562 ὑμεῖς
3053 1491 3444 1546 ἀνταποδίδοτέ
3541 1509 3648 1560 μοι,
3683 1493 3713 1562 ἢ
3746 1511 3844 1566 μνη.

2301 1589 2580 1642 σικακεῖτε
2610 1587 2768 1656 ὑμεῖς
2795 1585 2882 1638 ἐπ’
2915 1585 3074 1654 ἐμοίς
3127 1584 3324 1652 Ὀξέως
3351 1587 3451 1639 καὶ
3487 1585 3692 1654 ταχέως
3741 1589 3840 1643 άντ-

2307 1683 2574 1736 αποδώσω
2608 1682 2670 1735 τὸ
2733 1682 3085 1752 ἀνταπόδομα
3115 1681 3266 1750 ὑμῶν
3299 1683 3381 1744 εἰς
3416 1681 3660 1750 κεφαλὰς
3704 1683 3840 1751 ὑμῶν,

2302 1773 2420 1826 ἀνθ’
2445 1767 2520 1826 ὧν
2547 1773 2608 1826 τὸ
2632 1772 2898 1844 ἀργύριόν
2932 1790 3033 1843 μου
3058 1775 3150 1826 κοιλ⁸
3174 1773 3236 1826 τὸ
3264 1772 3493 1844 χρυσίον
3509 1789 3610 1843 μου
3638 1773 3838 1840 ἐλάϐετε,

2302 1869 2399 1920 καὶ
2437 1868 2504 1921 τὰ
2530 1866 2795 1920 ἐπίλεκτά
2851 1885 2975 1937 μου,
3000 1866 3096 1920 καὶ
3124 1867 3192 1920 τὰ
3219 1866 3361 1920 καλὰ
3393 1866 3740 1938 εἰσηνέγκατε
3819 1888 3841 1934 ς

2301 1961 2429 2025 τοὺς
2477 1963 2640 2023 ναοὺς
2664 1961 2838 2031 ὑμῶν,
2880 1961 3132 2024 καὶτοὺς
3187 1960 3336 2024 υἱοὺς
3377 1959 3578 2025 Ἰούδα,
3609 1961 3696 2014 καὶ
3744 1963 3841 2027 τοὺς

2301 2055 2452 2120 υἱοὺς
2497 2054 2857 2126 Ἰερουσαλὴμ
2885 2053 3155 2108 ἀπέδοσθε
3197 2055 3309 2115 τοῖς
3342 2054 3485 2117 υἱοῖς
3533 2055 3640 2107 τῶν
3686 2055 3839 2126 Ἑλλήο

2301 2167 2431 2214 νων,
2463 2149 2612 2212 ὅπως
2634 2149 2874 2220 ὲξώσητε
2903 2148 3102 2212 αὐτοὺς
3134 2149 3199 2202 ὲκ
3236 2149 3346 2202 τῶν
3388 2148 3558 2218 ὁρίων
3606 2149 3780 2204 αὐτῶν.
3822 2170 3838 2202 ι

2301 2241 2440 2311 Φησὶ
2473 2240 2530 2294 δὲ
2561 2241 2656 2295 καὶ
2689 2241 2824 2313 πρὸς
2860 2239 3331 2312 ’Ῑεςεκιὴλὸθεός.
3373 2261 3394 2292 ι
3428 2241 3527 2294 Υἱὲ
3558 2241 3838 2312 ἀνθρώπου,

2302 2331 2796 2402 Ναϐουχοδονόσωρ
2858 2331 3115 2402 βασιλεὺς
3178 2332 3502 2396 Βαϐυλῶνος
3554 2335 3840 2388 κατεδουλώ-

2301 2441 2433 2476 σατο
2457 2423 2552 2494 τὴν
2578 2423 2808 2493 δύναμιν
2871 2422 3038 2477 αὐτοῦ
3061 2423 3278 2494 δουλείᾳ
3319 2424 3534 2494 μεγάλῃ
3569 2425 3659 2477 ἐπὶ
3679 2425 3835 2497 Τύρον.

2303 2517 2460 2568 Πᾶσα
2517 2515 2729 2586 κεφαλὴ
2771 2515 3122 2586 φαλάκρωμα
3173 2517 3266 2570 καὶ
3327 2519 3436 2577 πᾶς
3473 2511 3621 2586 ὦμος
3674 2517 3836 2588 μαδὼν,

2300 2610 2397 2663 καὶ
2421 2608 2612 2679 μισθὸς
2637 2610 2736 2662 οὐκ
2754 2608 2988 2679 ἐγενήθη
3014 2609 3184 2680 αὐτῷ,
3213 2609 3306 2662 καὶ
3332 2613 3399 2681 τῇ
3429 2609 3654 2680 δυνάμει
3686 2611 3835 2671 αὑτοῦ.

2301 2702 2424 2755 ἀντὶ
2446 2702 2546 2772 τῆς
2573 2701 2817 2765 δουλείας
2844 2703 2944 2771 τῆς
2998 2703 3244 2772 σκληρᾶς
3293 2697 3360 2774 ἧς
3423 2703 3724 2756 ἐδούλευσεν
3765 2705 3836 2756 ἐπὶ

2303 2789 2498 2860 Τύρον.
2545 2791 2689 2844 Ἀντὶ
2718 2792 2906 2845 τούτου
2934 2791 3142 2846 δέδωκα
3197 2793 3350 2862 αὐτῷ
3376 2794 3482 2863 γῆν
3527 2794 3831 2862 Αἰγύπτου.ι

2305 2881 2432 2936 Ὅτε
2459 2884 2638 2936 τοίνυν
2661 2883 2700 2950 ἠ
2738 2885 2917 2954 Τύρος
2946 2883 3043 2956 τὴν
3066 2885 3242 2955 ἄκραν
3277 2884 3574 2956 ὑπέμεινεν
3625 2885 3834 2955 ἐρημίαν,

614 2974 807 3045 igitur,
839 2990 962 3027 cum
1001 2991 1208 3029 meram
1239 2976 1594 3030 solitudinem
1651 2985 1930 3045 pateretur
1974 2975 2147 3046 Tyrus
2181 3015 2196 3039 ,

2304 2973 2589 3026 συνέϐαινε
2622 2974 2749 3037 τοὺς
2781 2975 3076 3044 οἰκήτορας
3143 2975 3344 3046 μηκέτι
3396 2978 3464 3047 τῇ
3509 2976 3714 3046 συνήθει
3735 2992 3834 3028 ναν·

611 3075 666 3122 et
689 3068 839 3136 ipsos
865 3068 1034 3122 etiam
1067 3067 1221 3122 urbis
1252 3069 1481 3133 incolas,
1514 3067 1958 3138 navigationibus
1992 3083 2189 3123 assue-

612 3170 700 3213 tos
745 3175 772 3213 a
826 3167 1134 3213 mercatura
1191 3160 1491 3215 abstinere.
1557 3160 1800 3230 Indeque
1869 3170 1996 3223 est,
2049 3159 2196 3230 quod

613 3251 960 3322 Carthaginis
1007 3268 1165 3305 naves
1221 3250 1376 3320 jubet
1427 3251 1658 3306 ululare.
1721 3251 1818 3306 Est
1879 3254 2029 3306 enim
2079 3253 2196 3322 ipsa

611 3346 812 3400 Africa:
847 3345 1120 3416 Carthago
1155 3347 1442 3418 Tyriorum
1491 3346 1712 3401 colonia
1748 3388 1763 3411 ,
1818 3363 1941 3417 qua:
1980 3346 2046 3401 ad
2103 3361 2197 3404 eos

622 3435 856 3491 ﬂorente
891 3437 1042 3490 urbis
1077 3446 1248 3501 statu,
1282 3455 1492 3494 merces
1536 3453 1664 3492 snas
1700 3436 2002 3493 deferebat.

683 3526 835 3594 Quos
871 3539 1054 3583 autem
1089 3529 1346 3583 Citienses
1379 3531 1530 3592 dicit,
1566 3529 1795 3585 Chetiim
1823 3531 2193 3600 interpretan-

613 3629 706 3674 tur
736 3620 982 3694 reliqui,
1034 3623 1392 3692 Cyprumque
1436 3622 1701 3686 insulam,
1767 3625 1820 3675 in
1867 3640 1972 3692 qua
1999 3622 2199 3676 Citium

612 3714 838 3768 nomine
862 3713 1123 3783 oppidum
1154 3753 1169 3777 ,
1204 3730 1300 3784 per
1361 3716 1504 3784 quod
1533 3715 1672 3786 Tyro
1732 3717 2027 3771 redeuntes
2096 3717 2200 3771 iter

615 3804 822 3868 facere,
859 3805 1042 3873 aliqua
1093 3805 1350 3869 fortasse,
1393 3822 1516 3875 qua:
1538 3808 1604 3860 ad
1641 3816 2007 3862 mercaturam
2038 3823 2200 3878 spec-

613 3905 798 3950 tarent
817 3897 950 3950 inibi
974 3901 1218 3952 curaturi
1240 3937 1255 3960 ,
1296 3899 1593 3966 signiﬁcari
1621 3908 1832 3970 putant.
1862 3899 2048 3970 Tyrios
2069 3915 2200 3970 ergo

614 3998 972 4042 mercaturam
1002 3991 1238 4058 amplius
1273 4006 1380 4044 non
1421 3991 1663 4046 facturos
1700 3991 1959 4056 aﬁirmat,
1991 3995 2084 4062 qui
2125 3994 2198 4047 ita

614 4079 670 4136 in
706 4081 1031 4136 servitutem
1067 4083 1176 4136 acti
1207 4083 1498 4152 perierint,
1543 4093 1600 4137 ut
1660 4083 1845 4137 nullos
1882 4082 1996 4152 pati
2045 4082 2199 4136 simi-

615 4172 687 4227 lia
715 4173 1033 4245 contigerit.
1071 4173 1178 4229 Pro
1203 4190 1270 4230 ρο
1299 4188 1484 4229 autem
1518 4175 1684 4245 quod,
1722 4175 1808 4228 cui
1837 4174 2040 4231 similes
2070 4175 2201 4244 [acti

614 4273 762 4330 sunt,
792 4267 1048 4336 queritur
1073 4310 1087 4333 ,
1119 4268 1305 4322 Tacete
1341 4269 1562 4338 quidem
1580 4268 1833 4338 Aquilas,
1872 4268 2038 4324 Silete
2067 4285 2199 4324 vero

613 4361 704 4430 qui
741 4333 998 4416 habitatis
1045 4360 1322 4427 insulam,
1361 4333 1727 4433 Symmachus
1778 4333 2198 4431 interpretatur.
2234 4333 2275 4387 θ

617 4453 791 4506 Antea
831 4453 978 4507 enim
1011 4451 1340 4508 ferocientes
1365 4470 1488 4509 cum
1522 4455 1707 4509 verbis
1736 4462 2024 4509 uterentur
2054 4469 2205 4509 arro-

616 4545 900 4614 gantibus,
943 4560 1091 4598 nunc
1129 4545 1376 4614 abjectos
1409 4554 1462 4599 et
1494 4547 1787 4615 depressos
1841 4557 2016 4601 tacere
2051 4547 2206 4616 jubet

616 4637 822 4692 oratio.
859 4637 1023 4691 Tales
1082 4637 1418 4692 exstiterunt
1473 4636 1754 4692 Phwnicia:
1807 4639 2159 4710 negotiatores
2190 4679 2205 4702 ,

618 4731 709 4799 qui
740 4730 1038 4786 cumulatis
1069 4731 1288 4784 abunde
1317 4731 1535 4799 Opibus,
1580 4740 1805 4802 propter
1858 4731 2192 4800 negotiatio-

619 4824 725 4887 nis,
771 4825 821 4878 id
855 4833 981 4890 est,
1019 4813 1208 4879 eorum
1251 4825 1631 4879 celebritatem
1679 4834 1731 4879 et
1785 4822 2147 4893 frequentiam
2185 4863 2200 4884 ,

616 4917 714 4989 qui
753 4917 884 4970 illuc
922 4915 1163 4985 undique
1211 4924 1541 4970 mercatura:
1575 4930 1743 4968 causa
1797 4913 2198 4969 conveniebant

617 5011 778 5066 messi
814 5018 1228 5079 comparantur.
1261 5009 1331 5061 At
1361 5007 1446 5062 his
1471 5008 1583 5077 jam
1619 5007 1863 5076 privatos
1892 5005 2199 5060 commodis

617 5123 744 5161 cum
781 5106 958 5160 vicina
987 5103 1184 5157 Sidone
1216 5102 1233 5173 (
1263 5102 1426 5171 cujus
1479 5100 1682 5170 Tyrum
1711 5098 1986 5154 coloniam
2017 5099 2195 5153 exsis-

621 5212 736 5254 tere
772 5197 926 5251 aiunt
958 5197 977 5268 )
1018 5214 1178 5266 quam
1231 5197 1305 5250 ita
1345 5211 1468 5250 cttm
1521 5202 1696 5247 matre
1735 5200 1958 5263 promer
1988 5191 2200 5244 mariti-

620 5307 764 5348 mam
800 5291 1099 5362 potentiam
1134 5289 1316 5345 elierri
1346 5297 1401 5345 et
1427 5286 1712 5358 superbire
1740 5284 1988 5356 contigit,
2015 5287 2202 5352 lugere

618 5385 822 5441 debere
849 5384 1146 5451 signiﬁcat.
1183 5381 1292 5438 Nec
1323 5396 1457 5436 vero
1480 5381 1706 5445 desunt,
1737 5378 1833 5446 qui
1868 5377 2031 5432 verba
2067 5378 2194 5440 iStu,

622 5477 905 5544 Erubesce,
933 5476 1099 5532 Sidon
1129 5516 1144 5543 ,
1178 5475 1308 5545 Tyri
1341 5489 1464 5530 esse
1521 5472 1768 5527 Sidonem
1825 5469 2155 5539 alloqucntis
2181 5509 2194 5532 ,

1254 5657 1412 5718 1-8.

694 5662 1185 5727 “l‘saLLxxxu,
1254 5657 1412 5718 1-8.
1491 5659 1534 5692 ³⁸
1609 5655 1724 5711 Jocl
1796 5672 1893 5716 ιιι.
1964 5653 2097 5710 4-6.

2299 3069 2486 3130 τικοὺς
2515 3067 2676 3128 ὄντας
2695 3067 2964 3139 ἑμπορείᾳ
2983 3067 3306 3138 κεχρῆσθαι.
3327 3067 3420 3122 Διό
3437 3085 3618 3139 φησιν’
3646 3068 3835 3122 Ὀλολύο

2275 3157 2452 3228 ιζετε,
2486 3157 2670 3212 πλοῖα
2699 3159 3106 3228 Καρχηδόνος.
3144 3161 3402 3215 Ἀποικοι
3434 3161 3544 3232 γὰρ
3579 3161 3833 3228 Τυρίωνοὶ

2298 3250 2691 3320 Καρχηδόνιοι
2708 3250 2807 3322 τὴν
2831 3241 3234 3314 νῦνόὶκοῦντες
3257 3257 3354 3322 τῆς
3377 3254 3641 3325 Ἀφρικῆς
3672 3252 3836 3336 καλου]

2303 3343 2472 3414 μένην
2504 3345 2916 3416 Καρταγένναν,
2945 3346 3106 3416 οἵπερ
3135 3348 3216 3409 εἰς
3251 3347 3430 3417 Τύρον
3460 3346 3540 3399 ἔτι
3569 3346 3831 3417 σωζομέπν
3907 3405 3912 3410 ,

2298 3434 2398 3498 τὰς
2429 3436 2730 3506 ὲμπορείας
2761 3436 3017 3507 ἐκόμιζον
3045 3452 3061 3468 ο

2373 3527 2446 3579 Τὸ
2498 3527 2555 3580 δὲ
2625 3529 2920 3592 Κιτιαίων,
2983 3531 3216 3601 Χετιεὶμ
3277 3531 3547 3596 ἐξέδωκαν
3590 3533 3636 3585 οἱ
3687 3529 3824 3585 λοπυί.

2301 3618 2535 3685 Λέγεται
2561 3619 2616 3671 δὲ
2641 3620 2864 3691 Κύπρος
2891 3621 3033 3676 οὕτω
3066 3623 3378 3693 δηλοῦσθαι,
3407 3625 3504 3678 καὶ
3523 3625 3707 3679 Κίτιον
3719 3618 3828 3676 εἶναι

2301 3710 2456 3774 πόλις
2481 3713 2538 3763 ὲν
2567 3712 2726 3782 αὐτῇ,
2751 3712 2820 3765 δι’
2863 3709 3045 3786 ἧσπερ
3093 3714 3286 3768 ἔπλεον
3338 3721 3387 3771 οἱ
3441 3717 3547 3772 ἀπὸ
3567 3716 3660 3784 τῆς
3679 3716 3825 3783 Τύρου

2301 3803 2724 3872 ναυτιλλόμενοι,
2752 3805 2892 3875 τάχα
2915 3823 2967 3859 τι
3003 3809 3098 3860 καὶ
3132 3809 3241 3860 τῶν
3264 3811 3400 3878 πρὸς
3468 3807 3747 3880 ὲμπορείαν
3781 3807 3826 3858 ἐν

2291 3893 2474 3964 ,ταύτῃ
2506 3894 2895 3966 διατιθέμενοι,
2924 3899 3120 3952 Ούκέτι
3152 3899 3330 3954 τοίνυν
3367 3902 3609 3969 ἔμποροι
3645 3901 3823 3966 Τύριοι,

2303 3987 2455 4055 φησι.
2542 3987 2846 4042 Ἀπώλοντο
2911 3992 3041 4061 γὰρ,
3128 3993 3224 4046 καὶ
3305 3995 3441 4067 πρὸς
3501 3985 3825 4064 αἰχμαλωσίαν

2273 4069 2653 4149 ἀπήχθησαν,
2681 4079 2754 4144 ὡς
2779 4081 3014 4152 μηδένας
3062 4084 3257 4139 παθεῖν
3304 4089 3673 4158 παραπλήσια.
3709 4084 3822 4136 Ἀντὶ

2302 4171 2359 4222 δὲ
2376 4171 2493 4233 τοῦ,
2523 4172 2640 4225 τίνι
2672 4173 2862 4242 ὅμοιοι
2893 4179 3241 4246 γεγόνασητ
3265 4181 3292 4232 ὁ
3333 4180 3432 4250 μὲν
3473 4179 3704 4240 Ἀκύλας,
3723 4192 3823 4230 σιω‹

2304 4265 2558 4334 πήσατεο
2607 4267 2636 4319 ὁ
2666 4266 2722 4320 δὲ
2751 4266 3068 4340 Σύμμαχος,
3112 4270 3409 4340 σιγήσατε
3459 4269 3823 4332 κατοικοῦντες

2303 4356 2643 4425 τὴννῆσον,
2661 4360 2965 4430 εἰρήκασιν.
2983 4362 3174 4431 Λόγοις
3195 4363 3304 4435 γὰρ
3324 4364 3653 4429 ἀλαζονικοῖς
3667 4359 3821 4431 ἐχρῶν·

2302 4452 2365 4504 τό
2396 4468 2525 4504 ποτε
2583 4453 3004 4522 φρυαττόμενοι.
3049 4453 3210 4508 Ἀλλὰ
3261 4455 3696 4524 σιωπᾷναύτοῦς
3744 4469 3819 4504 71-

2303 4540 2667 4603 πεινωθέντας
2715 4544 2743 4595 ὀ
2799 4541 2955 4610 λόγος
3007 4544 3475 4615 παρακελεύεται.
3527 4545 3585 4597 0i
3631 4538 3814 4596 αύτοὶδὲ

2299 4627 2440 4703 ἦσαν
2494 4650 2624 4685 ποτε
2685 4635 2966 4702 Φοινίκης
3023 4636 3360 4704 μετάϐολοι,
3425 4636 3643 4691 πλοῦτον
3687 4632 3816 4684 πολὺν

2303 4724 2658 4794 σωρεύοντες,
2717 4725 2793 4787 ὡς
2855 4726 3058 4797 ἀμητῷ
3115 4724 3737 4798 παραϐάλλεσθαιαύτῶν
3770 4721 3814 4774 τδ

2303 4818 2507 4889 πλῆθος
2533 4822 2631 4890 τῆς
2665 4821 3065 4891 πραγματείας,
3124 4824 3292 4893 ἤγουν
3331 4825 3392 4876 τὸ
3442 4823 3631 4892 πλῆθος
3675 4815 3812 4872 αὐτῶν

2301 4913 2406 4966 τῶν
2436 4917 2502 4985 τῇ
2532 4914 2801 4984 ἐμπορεία
2821 4915 3140 4985 χρωμένων.
3188 4918 3230 4968 Τ
3236 4917 3310 4969 ὧν
3339 4918 3394 4970 δὲ
3427 4915 3633 4987 ἀγαθῶν
3650 4909 3809 4965 τούτων

2299 5005 2710 5076 ἐστερημένους
2740 5007 2940 5070 αὐτοὺς
2971 5009 3275 5077 αἰσχύνην
3301 5010 3465 5081 φησὶν
3497 5002 3808 5076 καταχέασθαι

2293 5099 2404 5152 δεῖν
2436 5098 2574 5168 μετὰ
2602 5097 2698 5168 τῆς
2735 5098 3059 5168 ἐγγειτόνων
3085 5101 3352 5168 Σιδόνος,
3386 5097 3453 5173 ἦς
3477 5117 3612 5164 τινες
3635 5099 3807 5151 ἀποικι-

2299 5189 2492 5259 σθῆναι
2514 5188 2631 5257 thr
2659 5189 2845 5258 Τύρον
2869 5191 3051 5260 φασὶν,
3082 5192 3156 5256 ὠς
3183 5193 3274 5246 ἐπὶ
3308 5192 3535 5266 θυγατρί
3566 5207 3618 5244 τε
3645 5181 3807 5258 μεγάλα

2308 5284 2527 5351 φρονεῖν
2561 5282 2831 5353 τοσαύτην
2864 5284 3062 5356 ἐχούσῃ
3098 5282 3242 5340 κατὰ
3296 5288 3556 5342 Θάλατταν
3605 5283 3804 5348 δύναμιν.

2304 5374 2461 5436 Τινὲς
2487 5373 2545 5425 δὲ
2567 5373 2640 5436 ὡς
2679 5376 2785 5428 ἀπὸ
2821 5376 2929 5442 τῆς
2961 5381 3146 5445 Τύρου
3198 5379 3334 5451 πρὸς
3375 5382 3489 5450 τὴν
3547 5376 3729 5434 Σιδιῖνίι
3764 5370 3806 5418 τὸ

2301 5467 2688 5533 Αἰσκύνθητίν
2742 5467 2948 5534 Σιδὼν,
2975 5470 3182 5540 ἔειςεκσσιν
3209 5472 3481 5529 λέγεσθαι.
3514 5471 3607 5526 Καὶ
3637 5468 3685 5522 σέ
3728 5462 3802 5531 τὰς

2180 5657 2222 5686 ⁹⁵
2274 5653 2471 5709 Ezech.
2525 5669 2670 5720 xm,
2720 5655 2798 5716 ις,
2844 5655 2921 5707 20.
