4020 6372
213 347 353 416 2185

1423 346 1952 409 COMMENTARII
2006 348 2089 411 IN
2132 349 2414 410 ISAIAM.

3333 348 3476 412 2186
3585 421 3589 425 _

213 468 248 535 η
277 460 417 535 ὀργὴ
445 461 837 533 καταλήψεται.
866 464 1009 533 Πρὸς
1066 461 1238 535 αὐτὴν
1283 459 1379 515 οὖν
1431 463 1484 514 el
1524 459 1786 531 νησιῶται

1921 478 2148 535 anquam
2177 462 2254 517 ira
2287 474 2505 531 quoque
2539 458 2712 529 ipsam
2739 458 2993 514 invasnra
3023 458 3115 523 sil,
3165 459 3477 517 voluerunt.

213 554 459 626 (τούτους
474 554 583 626 γὰρ
600 550 719 608 εἷπε
735 553 1099 625 θάλασσαν).
1120 554 1356 625 ἀλούσης
1380 554 1567 621 Τύρου
1588 552 1754 622 φασίν
1776 566 1789 581 ·

227 643 501 698 Ἀπόλωλέ
528 662 623 698 σου
656 645 718 698 τὸ
750 644 1038 717 φρύαγμα.
1086 645 1233 717 Αὐτὴ
1256 646 1314 699 δὲ
1353 647 1390 714 ἠ
1428 645 1610 712 Τύρος
1661 637 1797 696 οῦσα

213 736 325 806 τῆς
370 735 693 803 θαλάσσης
726 736 942 805 ίσχὺς,
970 739 1070 809 τὴν
1102 737 1305 806 ἑαυτῆς
1358 735 1594 806 ἐρημίαν
1612 733 1799 787 ἰδοῦσα

215 829 382 900 φησίν
410 843 423 857 ⁸
468 828 559 883 Ἐν
590 830 692 898 ἴσῳ
718 828 922 898 γέγονα.
973 831 1095 891 ταῖς
1157 826 1233 899 μὴ
1295 824 1590 888 τεκούσαις
1636 824 1796 887 ὅλως,

210 917 365 988 μηδὲ
431 917 563 987 μὴν
648 916 1101 985 ἀναθρεψάσαις
1167 916 1206 983 ἢ
1272 915 1637 980 νεανίσκους
1661 951 1676 977 ,
1756 911 1797 982 ἢ

215 1009 573 1079 παρθένους.
594 1010 751 1072 Τινὲς
790 1009 847 1061 δὲ
894 1008 1337 1075 προσωποποιίαν
1351 1006 1561 1075 ἔφασαν
1609 1020 1799 1076 μονον-

214 1101 337 1170 ουχὶ
392 1101 484 1153 καὶ
552 1100 655 1170 τῆς
725 1098 1044 1166 θαλάσσης
1097 1098 1267 1170 αὐτῆς
1311 1099 1496 1169 φωνὴν
1546 1095 1802 1166 ἀφιείσης

217 1194 313 1246 καὶ
357 1192 663 1264 θρηνοῦσης
721 1191 941 1257 αὐτοὺς,
988 1190 1077 1245 διὰ
1132 1190 1193 1244 τὸ
1243 1190 1442 1260 μηκέτι
1508 1189 1653 1259 ἔχειν
1707 1186 1802 1247 οὓς

220 1286 477 1357 θρέψειεν
529 1285 898 1350 νεανίσκους
970 1282 1069 1337 καῖ
1155 1280 1527 1351 παρθένους,
1590 1280 1673 1333 ὅτι
1741 1276 1803 1330 τὸ

220 1377 454 1432 παλαιὸν
505 1376 696 1448 ὥσπερ
756 1376 1035 1445 θαλάσσης
1083 1374 1237 1437 ὄντες
1309 1374 1655 1444 γεννήματα.
1710 1369 1803 1423 ὑπ’

218 1471 395 1541 αὐτῆς
438 1470 763 1541 ἐστρέφοντο
794 1477 841 1507 τ’
892 1468 990 1522 νῦν
1013 1469 1072 1522 δὲ
1110 1466 1456 1530 ἀπολωλότας
1511 1465 1711 1527 αὐτοὺς
1769 1463 1803 1534 ἡ

220 1564 470 1618 θάλασσα
516 1563 611 1616 καὶ
660 1560 928 1632 ήταύτης
980 1561 1134 1631 ἰσχὺς
1174 1560 1372 1622 αὐτοῦς
1417 1555 1799 1613 ἀποκλαίεται.

233 1654 455 1724 Ἀγονιᾷ
474 1652 533 1706 δὲ
562 1653 655 1706 καὶ
686 1653 1018 1723 Αιγυπτος,
1047 1652 1123 1723 μὴ
1153 1651 1299 1721 πάθη
1328 1649 1395 1702 τὰ
1425 1647 1802 1719 παραπλήσια.

295 1744 443 1816 Πρὸς
462 1744 522 1798 δὲ
557 1745 807 1813 Τυρίους
826 1744 918 1797 τὸν
943 1742 1104 1812 λόγον
1135 1742 1457 1813 μεταφέρων
1486 1741 1672 1810 φησὶν,
1727 1738 1805 1803 ὡς

1903 555 1984 609 Ad
2015 570 2134 611 eam
2172 553 2340 624 igitur
2369 550 2665 616 iusulares,
2698 565 2837 620 quos
2870 551 3033 604 maris
3060 550 3281 605 nomine
3313 554 3481 610 intelo

1904 647 2077 715 lexit;
2112 646 2253 717 Tyro
2281 645 2398 715 jam
2445 654 2629 715 capto,
2662 643 2955 709 accedunt,
3013 649 3068 699 et
3124 643 3329 702 fastum
3358 648 3481 718 ejus

1904 737 2332 807 superbiamque
2358 743 2576 790 movent
2602 734 2943 789 concidisse:
2971 748 3096 789 cum
3134 738 3322 806 Tyrus,
3363 756 3482 793 ma-

1904 828 1981 882 ris
2009 827 2175 881 robur
2239 827 2481 898 alioquin
2541 839 2697 880 suam
2754 826 2870 895 ipsa
2929 827 3243 882 vastitatem
3282 828 3478 884 intuita

1906 931 2015 971 non
2044 916 2272 971 meliore
2313 914 2633 971 conditione
2669 929 2796 971 esse
2837 929 2897 970 se
2928 952 2945 978 ,
3000 930 3162 986 quam
3204 932 3326 988 quae
3361 934 3483 974 om-

1906 1009 2041 1063 nino
2079 1024 2171 1062 nec
2197 1009 2512 1077 pepererint,
2540 1023 2643 1064 nec
2666 1007 2884 1076 juvenes
2933 1017 3025 1062 aut
3066 1010 3294 1080 virgines
3348 1011 3482 1066 edu-

1905 1102 2103 1165 xerint,
2140 1100 2398 1155 fateatur.
2429 1098 2689 1155 Nonnulli
2748 1108 2933 1155 tamen
3002 1116 3250 1172 personae
3309 1103 3486 1160 ﬁctio-

1910 1210 2033 1249 nem
2060 1202 2115 1249 et
2137 1209 2301 1264 quam
2335 1194 2500 1248 maris
2544 1194 2695 1263 ipsos
2734 1192 2975 1264 lugentis
3004 1232 3021 1259 ,
3075 1194 3223 1265 quod
3273 1196 3485 1266 juveni-

1910 1286 2008 1340 bus
2035 1294 2087 1340 et
2113 1286 2406 1357 virginibus
2449 1284 2615 1355 299
2661 1283 2948 1348 destituta,
2980 1299 3118 1354 quos
3149 1286 3278 1340 olim
3335 1287 3485 1343 velut

1909 1395 1941 1435 a
2003 1395 2062 1435 se
2121 1388 2440 1450 procreatos
2494 1379 2741 1433 enutrire
2791 1377 3049 1441 solebat,
3098 1393 3244 1433 nunc
3300 1388 3484 1435 autem

1912 1472 2236 1544 profligatos
2265 1474 2382 1543 ipsa
2419 1472 2627 1527 viribus
2683 1468 2954 1526 exhausta
2996 1469 3350 1535 lamentatur,
3385 1486 3487 1528 vo-

1909 1581 2030 1622 cem
2054 1582 2177 1623 esse
2217 1569 2429 1622 volunt.
2458 1564 2677 1620 Timore
2717 1578 2915 1635 magno
2947 1562 3145 1619 deinde
3176 1564 3294 1634 ipsa
3322 1564 3488 1621 etiam

1912 1656 2202 1730 Egyptus,
2231 1674 2299 1713 ne
2320 1657 2519 1713 similia
2559 1657 2831 1726 patiatur,
2871 1655 3108 1726 angitur.

1983 1749 2249 1805 Caeterum
2284 1749 2547 1803 translato
2577 1747 2645 1802 ad
2693 1746 2882 1818 Tyrios
2917 1762 3194 1813 sermone,
3220 1761 3316 1803 eos
3350 1745 3491 1803 inte-

218 1835 371 1890 οὕτω
429 1835 635 1889 τούτων
690 1835 1024 1907 γενομένων,
1074 1836 1188 1890 ὅσοι
1264 1835 1459 1903 φυγεῖν
1511 1831 1667 1902 ὑμῶν
1714 1830 1809 1885 τὸν

1921 1843 2037 1908 rint,
2067 1842 2194 1896 dum
2246 1841 2351 1894 ista
2374 1839 2456 1896 sic
2485 1839 2595 1908 geri
2654 1838 2983 1910 contigerit,
3031 1847 3304 1909 quotquot
3337 1840 3491 1895 inco-

219 1927 447 1999 ὄλεθρον
480 1927 791 1999 ἐδυνήθητε,
818 1926 958 1998 πρὸς
987 1927 1113 1991 τοὺς
1150 1926 1412 1989 ἀποίκους
1442 1926 1524 1988 είς
1580 1925 1807 1995 Καρχη-

218 2022 383 2086 δόνας
423 2021 551 2085 τοὺς
607 2020 930 2093 ὑμετέρους,
993 2022 1042 2074 εί
1094 2019 1320 2075 δυνατὸν
1380 2020 1530 2088 ὑμῖν,
1562 2017 1809 2081 ἐλθόντες

218 2112 487 2185 ὀδύρεσθε
524 2114 623 2185 τὴν
652 2113 887 2186 πατρίδα
929 2113 1040 2166 τῶν
1063 2111 1383 2184 συμφορῶν.
1413 2112 1525 2182 υὺχ
1558 2111 1806 2181 ἑτέρους,

220 2205 366 2259 ἀλλά
399 2204 499 2277 τὴν
521 2204 729 2259 ἑαυτῶν
759 2203 1145 2277 ὑπερηφανίαν
1167 2204 1263 2257 καὶ
1315 2202 1471 2276 ὓϐριν
1514 2200 1811 2257 καταιτιώ-

225 2313 409 2367 μενοι,
428 2297 496 2351 δι’
524 2299 592 2370 ήν
613 2297 706 2352 τοῦ
747 2297 969 2369 Ἰσραὴλ
1024 2297 1123 2351 καὶ
1174 2295 1268 2349 τοῦ
1305 2295 1444 2349 Θεοῦ
1504 2294 1810 2366 κατεπῄρε-

225 2389 353 2445 σθε.
408 2390 713 2459 Λογίσασθε
768 2391 949 2445 τοίνυν
969 2389 1063 2444 τδν
1144 2391 1514 2458 ὲπενεγκοντα
1558 2387 1694 2441 Θεὸν
1741 2388 1808 2457 τῇ

224 2479 398 2553 Τύρῳ
422 2480 524 2545 τὰς
555 2481 841 2553 συμφορὰς
894 2482 972 2553 μὴ
1011 2480 1354 2551 ειμαρμένης
1381 2478 1621 2550 ἀνάγκη.
1683 2476 1808 2549 μηδ’

220 2572 369 2643 ὀργῇ
421 2589 567 2637 τινος
631 2572 741 2626 τῶν
790 2571 1197 2644 ψευδωνύμων,
1226 2570 1365 2625 θεῶν
1400 2570 1574 2623 ταῦτα
1615 2571 1811 2624 παθεῖν

220 2663 593 2735 ἡγησάμενοι.
657 2662 861 2735 Κύριος
928 2662 1038 2735 γάρ
1090 2662 1321 2717 Σαϐαὼθ
1363 2664 1392 2717 ὁ
1444 2663 1599 2733 παρὰ
1628 2662 1813 2732 μόνοις

239 2756 521 2829 Ἑϐραίοις
554 2756 976 2827 θεολογούμενος
998 2756 1170 2811 ταῦτα
1207 2756 1532 2828 πεποίηκεν,
1560 2754 1623 2808 οὑ
1645 2756 1814 2824 μόνης

233 2849 428 2919 Τύρου
466 2851 739 2903 ταπεινῶν
758 2850 859 2920 τὴν
887 2849 1290 2922 ὑπερηφανίαν,
1331 2850 1429 2902 καὶ
1460 2846 1642 2918 ὓϐριν,
1677 2846 1813 2899 ἀλλά

226 2943 465 2998 καὶτῶν
514 2942 717 2995 λοιπῶν
763 2942 939 2995 ἀθέων
966 2940 1161 3009 ἐθνῶν,
1195 2940 1319 2994 καθ’
1364 2934 1440 2994 ὧν
1470 2939 1571 3011 ἤδη
1603 2938 1815 3009 φθάσας

229 3037 500 3108 ἐξήνεγκε
522 3036 621 3105 τήν
667 3034 943 3104 ἀπόφασιν
972 3035 1029 3087 έν
1057 3037 1179 3098 ταῖς
1236 3031 1642 3103 προλαϐοῦσαις
1681 3031 1815 3103 όρά·

1911 1935 2084 1990 lumes
2112 1934 2352 2004 eﬂ‘ugere
2388 1933 2631 1993 dabitur,
2671 1934 2738 1985 ad
2781 1946 2936 1987 suam
2970 1947 3030 1987 se
3056 1973 3071 1997 ,
3127 1932 3172 1985 si
3225 1931 3442 2000 possint
3472 1968 3490 1992 ,

1911 2026 2434 2097 Carthaginiensium
2475 2023 2749 2080 coloniam
2783 2022 3052 2093 recipere,
3087 2035 3141 2078 et
3173 2021 3247 2076 ibi
3298 2020 3491 2092 patrias
3537 2080 3543 2086 ,

1908 2120 2189 2176 interitum
2227 2119 2431 2188 lugere,
2470 2132 2647 2187 neque
2685 2116 2848 2170 aliam
2906 2116 3017 2185 jam
3052 2154 3069 2181 ,
3122 2130 3287 2186 quam
3332 2128 3489 2169 suam

1910 2215 2061 2284 ipsos
2101 2213 2156 2267 in
2191 2213 2358 2267 Deum
2396 2220 2451 2267 et
2498 2209 2755 2265 lsraelem
2820 2208 3137 2279 superbiam
3205 2213 3496 2263 contume-

1912 2307 2150 2376 liamque
2190 2304 2447 2360 incusare
2485 2303 2744 2358 admonet
2771 2340 2787 2364 ,
2832 2300 3165 2369 tandemque
3206 2298 3495 2352 advertere

1911 2400 2257 2455 calamitates
2289 2398 2424 2451 istas
2475 2397 2528 2449 iu
2563 2394 2865 2466 Tyriorum
2906 2392 3088 2463 capita
3120 2406 3231 2446 non
3274 2389 3369 2444 fati
3400 2403 3499 2444 ne-

1911 2492 2169 2547 cessitate
2195 2529 2210 2554 ,
2243 2491 2323 2545 vel
2357 2490 2437 2543 ira
2472 2488 2594 2544 falsi
2637 2487 2906 2552 numinis,
2938 2485 3033 2541 sed
3070 2485 3219 2554 justa
3246 2482 3339 2539 Dei
3371 2484 3498 2537 vin-

1911 2583 2057 2638 dicta
2092 2582 2423 2639 redundare.
2464 2580 2575 2637 Ista
2605 2580 2749 2635 enim
2786 2580 2855 2633 ab
2889 2578 3234 2633 exercituum
3266 2572 3497 2629 Domino
3526 2618 3529 2619 ν

1912 2676 2076 2744 cujus
2131 2674 2395 2729 divinitas
2459 2674 2601 2743 apud
2638 2672 2789 2727 solos
2838 2670 3059 2727 Iudaeos
3113 2669 3335 2740 cognita
3391 2666 3500 2722 fuit

1916 2776 2130 2835 patrata
2154 2780 2302 2829 esse,
2333 2780 2440 2819 non
2475 2774 2534 2819 ut
2596 2763 2727 2835 Tyri
2782 2765 2949 2818 unius
3011 2761 3271 2830 superbia
3304 2760 3389 2816 vel
3440 2767 3501 2815 ut

1916 2859 2252 2929 reliquarum
2288 2859 2457 2913 etiam
2496 2856 2786 2927 impiarum
2819 2854 3089 2925 gentium,
3124 2854 3177 2908 in
3212 2869 3352 2923 quas
3399 2868 3499 2909 su-

1918 2949 2225 3020 perioribus
2273 2948 2385 3019 jam
2441 2946 2751 3001 visionibus
2841 2945 2951 2998 lata
3033 2942 3137 2996 fuit
3188 2942 3501 3009 sententia,

1918 3043 2096 3099 fastus
2127 3042 2479 3106 retundatur;
2514 3054 2639 3093 cum
2691 3038 2861 3092 Deum
2911 3035 3165 3107 superbis
3223 3035 3502 3096 resistere.

227 3147 377 3184 σεσι.
401 3129 535 3193 Θεὸς
577 3129 685 3201 γάρ
713 3130 861 3181 ἐστιν
905 3127 1282 3199 ὑπερηφάνοις
1328 3125 1809 3195 ἀντιτασσόμενος,

1921 3137 2219 3192 humilibus
2273 3141 2456 3189 autem
2517 3133 2748 3205 gratiam
2820 3130 3008 3201 largiri
3064 3136 3274 3184 certum
3308 3126 3381 3184 sit
3430 3126 3503 3181 ⁹⁶.

225 3224 513 3286 ταπεινοῖς
532 3222 590 3276 δὲ
616 3220 1001 3293 χάρινδιδούς.
1050 3220 1299 3275 Χαλεπὸν
1348 3218 1455 3291 ἄρα
1505 3219 1566 3273 τὸ
1615 3234 1811 3289 μαστι⁶

228 3315 529 3388 γουμένοις
560 3314 916 3388 ιπεμϐαίνειν
947 3314 1148 3383 ἀγίοις,
1198 3312 1233 3385 ἢ
1289 3312 1391 3383 τὴν
1420 3312 1509 3366 del.
1533 3310 1812 3376 σώζουσαν

177 3409 435 3473 ’.αὐτοὺς
461 3408 671 3462 ἀτονεῖν
702 3406 911 3461 οἴεσθαι
936 3408 1119 3477 χεῖρα,
1157 3405 1253 3459 καὶ
1284 3404 1361 3476 μὴ
1384 3404 1526 3457 νοεῖν
1587 3401 1813 3474 μᾶλλον,

176 3488 189 3503 ’
227 3502 309 3567 ὡς
337 3499 481 3555 Θεοῦ
530 3500 792 3565 πολλάκις
822 3499 1069 3571 ἐφιέντος
1112 3498 1484 3570 πειράζονται.
1535 3496 1661 3559 Τοῖς
1706 3495 1816 3563 γὰρ

235 3593 578 3668 παρανόμοις
630 3592 875 3647 λεκτέονο
917 3608 938 3644 ι
1000 3589 1094 3663 Μὴ
1136 3575 1476 3661 παρανομεῖν
1512 3601 1529 3618 ο
1562 3587 1659 3640 καὶ
1700 3588 1817 3648 τοῖς

386 3685 618 3763 ρτάνουσι
636 3698 651 3713 °
676 3683 770 3754 Μὴ
800 3682 996 3754 ὑψοῦτε
1029 3691 1053 3720 ⁶
1104 3682 1295 3751 κέρας,
1330 3680 1465 3752 μηδὲ
1493 3678 1707 3734 ἀδικίαν
1734 3678 1818 3741 είς

487 3776 688 3831 λαλεῖν.
724 3793 746 3828 ι
782 3776 881 3831 Διά
907 3774 1068 3829 τοῦτο
1094 3776 1203 3847 γὰρ
1244 3774 1421 3847 me;
1444 3775 1507 3827 ὲκ
1531 3770 1690 3841 δόξης
1737 3769 1821 3833 είς

238 3872 470 3942 ἀτιμίαν
504 3869 898 3941 μετεκομίσθη.
934 3868 1034 3938 Μὴ
1077 3864 1172 3923 οὖν
1208 3864 1498 3937 ἐπαίρου,
1537 3866 1694 3937 φησὶ,
1740 3864 1820 3933 τῷ

240 3962 463 4035 πλούτῳ
484 3964 550 4016 ὲκ
584 3960 902 4029 θαλάττης,
945 3959 1346 4016 ταπεινωθεῖσα
1414 3960 1474 4013 δὲ
1526 3961 1822 4030 πρόσκεισο

240 4054 511 4126 γεωργίᾳ.
543 4052 627 4107 Τὰ
652 4054 762 4124 γὰρ
792 4054 859 4107 ὲκ
878 4050 1183 4120 ’θαλάττης
1213 4051 1492 4106 πέπαυται
1532 4050 1720 4122 κέρδη,
1750 4045 1827 4103 δι’

237 4148 386 4220 ᾇπερ
417 4142 563 4218 ἦσθα
619 4144 829 4216 σοϐαρά
859 4144 955 4199 καὶ
981 4145 1231 4215 νεανικὴ,
1265 4145 1394 4208 τοὺς
1451 4143 1638 4216 κύκλῳ
1666 4143 1823 4216 βασι-

235 4242 353 4305 λεῖς
385 4237 784 4312 παροξύνουσα,
809 4238 906 4292 καὶ
938 4239 1005 4309 ἢν
1022 4237 1226 4309 ἠδίκεις
1252 4238 1443 4291 Σιδόνα
1459 4238 1560 4309 τὴν
1583 4238 1824 4307 γείτονα.

235 4333 355 4403 Τῆς
384 4330 445 4385 δὲ
467 4328 675 4385 τούτων
707 4328 922 4394 ἀδικίας
953 4330 988 4401 ή
1016 4330 1127 4382 τῶν
1163 4328 1351 4383 κακῶν
1399 4328 1568 4400 πεῖρά
1590 4345 1650 4383 σε
1682 4329 1828 4382 παύ-

1920 3230 2097 3286 Grave
2133 3228 2303 3300 igitur
2340 3238 2394 3283 et
2449 3226 2821 3297 periculosum
2892 3222 3101 3279 sanctis
3160 3220 3295 3292 ipsis
3324 3259 3339 3284 ,
3378 3233 3503 3275 cum

1918 3323 2285 3391 flagellantur,
2317 3323 2609 3388 insurgere
2632 3316 2713 3373 vel
2740 3331 2862 3388 qua:
2906 3314 3057 3385 ipsos
3100 3326 3317 3381 semper
3362 3311 3508 3365 tueri

1941 3413 2270 3478 consuevit,
2322 3426 2543 3466 manum
2615 3407 2910 3478 defatigari
2978 3413 3034 3461 et
3085 3403 3505 3460 imbecilliorem

1926 3507 2038 3562 ﬁeri
2074 3515 2269 3577 putare
2302 3545 2317 3569 ,
2347 3519 2458 3558 non
2501 3509 2682 3556 autem
2713 3502 2894 3571 potius
2926 3512 2957 3553 a
2994 3496 3106 3552 Deo
3138 3511 3382 3567 persarpe
3406 3493 3508 3569 ad-

1925 3612 2082 3654 versa
2114 3596 2445 3651 imtnittente
2491 3592 2694 3648 tentari
2726 3591 2971 3646 credere.
3004 3590 3146 3644 Sunt
3195 3586 3341 3657 enim
3399 3583 3511 3641 ini-

1925 3692 2049 3761 quis
2096 3690 2202 3744 ista
2268 3685 2681 3758 respondentia:
2730 3703 2751 3737 ι
2809 3683 2984 3738 Nolite
3040 3682 3227 3752 inique
3292 3692 3454 3749 agere
3486 3692 3505 3730 ι

1925 3791 1981 3836 et
2010 3780 2463 3851 delinquentibus
2495 3796 2508 3835 :
2539 3776 2721 3833 Nolite
2750 3774 3005 3831 attollere
3062 3788 3270 3838 cornu,
3325 3776 3508 3841 neque

1928 3875 2137 3946 iniusta
2188 3873 2243 3927 in
2280 3872 2450 3927 altum
2518 3868 2669 3940 loqui
2698 3867 2790 3920 ’τι
2836 3884 2855 3919 ι
2921 3880 3046 3919 cum
3095 3878 3160 3919 ea
3219 3863 3286 3919 de
3341 3874 3511 3917 causa

1929 3968 2058 4042 Tyri
2091 3967 2371 4039 splendor,
2404 3965 2459 4020 in
2494 3963 2737 4019 dedecus
2774 3969 2828 4017 et
2874 3956 3234 4031 ignominiam
3279 3969 3508 4009 conver-

1931 4078 2028 4117 sus
2056 4061 2150 4116 sit.
2198 4056 2321 4114 Noli
2353 4057 2523 4129 igitur
2546 4055 2622 4110 ait
2651 4094 2667 4121 ,
2700 4053 2868 4108 maris
2905 4050 3102 4121 opibus
3155 4045 3339 4101 attolli
3366 4088 3380 4112 ,
3416 4043 3511 4100 sed

1930 4152 2172 4209 demissa
2204 4150 2555 4220 agricultura:
2583 4144 2907 4200 incumbito.
2930 4142 3165 4197 Cessant
3194 4140 3340 4194 enim
3362 4138 3515 4192 lucra

1932 4258 2056 4314 quae
2092 4256 2158 4297 ex
2200 4240 2341 4293 mari
2381 4246 2541 4293 antea
2577 4236 2810 4290 collecta
2843 4232 3170 4289 insolentem
3203 4236 3258 4285 te
3282 4229 3419 4284 adeo
3460 4237 3516 4283 et

1933 4335 2229 4407 superbam
2270 4332 2572 4387 reddebant
2598 4371 2614 4396 ,
2636 4337 2695 4382 ut
2744 4341 2903 4397 reges
2930 4323 3173 4394 undique
3207 4330 3514 4392 provocare

236 4442 408 4480 σειεν.
448 4423 620 4480 Ἔνθα
671 4423 718 4478 δ’
747 4423 813 4478 ἂν
862 4422 1152 4493 ἀπέλθῃς,
1183 4423 1282 4493 οὑχ
1319 4420 1463 4487 ἔξεις
1505 4422 1812 4492 καταφυγὴπ

1933 4437 1989 4482 et
2016 4425 2209 4480 vicinae
2238 4423 2428 4480 Sidoni
2474 4422 2737 4492 iniuriam
2783 4417 2989 4474 inferre
3043 4431 3151 4471 non
3208 4413 3515 4470 dubitares.

238 4517 666 4584 ἀναπαύσεως,
702 4515 838 4570 Θεοῦ
893 4533 954 4569 σε
977 4514 1255 4585 πανταχοῦ
1317 4518 1509 4579 κακοῖς
1560 4516 1812 4585 περιϐἀλ‹

1936 4517 2125 4588 Neque
2147 4531 2278 4571 vero
2305 4529 2531 4585 quoquo
2588 4511 2803 4576 abieris,
2844 4509 3035 4580 quietis
3087 4513 3171 4562 est
3198 4502 3508 4576 perfugium

240 4616 451 4674 λοντος,
470 4610 564 4663 καὶ
588 4609 699 4662 τῶν
730 4608 840 4663 σῶν
875 4608 1181 4679 συμμάχων
1211 4608 1562 4662 Χαναναίων
1588 4607 1812 4677 ἠρημω-

1930 4617 1986 4665 et
2021 4614 2240 4679 portum
2276 4606 2530 4661 habitura
2563 4603 2674 4660 Deo
2699 4614 2752 4659 te
2779 4602 2941 4679 malis
2962 4596 3208 4669 undique
3230 4604 3514 4667 premente

235 4701 462 4773 μένων.
481 4702 833 4773 ’Δρνήσονται
859 4700 914 4755 δέ
944 4717 1006 4754 σε
1040 4701 1138 4755 καὶ
1174 4702 1361 4756 Κίτιοι
1389 4702 1641 4771 συνήθεις
1655 4700 1827 4754 παλαι

238 4793 627 4863 τυγχάνοντες.

315 4973 440 5028 Κᾶν
470 4974 552 5037 είς
580 4972 919 5040 Χαλδαίους
948 4973 1366 5044 αὑτομολήσεις,
1392 4972 1561 5043 ἤγουν
1579 4971 1827 5045 ἀπέλθῃς

243 5066 616 5136 αἰχμάλωτος,
661 5066 729 5120 τὰ
784 5068 849 5120 ὲκ
911 5065 1137 5137 Περσῶν
1181 5065 1278 5118 καὶ
1331 5065 1532 5132 Μήδων
1574 5065 1829 5136 εὑρήσεις

244 5158 658 5227 κακά,ἔρημόν
684 5175 742 5211 τε
779 5157 879 5229 τὴν
913 5157 1231 5221 Βαϐυλῶνα,
1266 5157 1336 5211 δι’
1362 5158 1506 5227 ὅπερ
1539 5155 1832 5224 ἠλαζονεύ-

1931 4702 2325 4769 sociorumque
2354 4698 2784 4754 Chananeorum
2812 4666 3035 4766 r’me
3084 4694 3389 4747 devastata.
3436 4685 3516 4744 Te

1934 4794 2067 4850 Citii
2116 4793 2243 4863 ipsi,
2302 4791 2419 4847 noti
2484 4791 2688 4846 dudum
2743 4798 2799 4845 et
2855 4787 3193 4851 fataiiliares,
3246 4797 3518 4854 pernega-

1935 4888 2093 4943 bunL

2006 4976 2163 5047 Quod
2210 4976 2255 5033 si
2288 4976 2354 5032 ad
2384 4974 2665 5032 Chalda'os
2699 4970 3036 5043 transfugias
3060 5011 3076 5036 ,
3129 4970 3186 5025 in
3220 4969 3514 5041 captivita-

1927 5086 2037 5129 tem
2076 5070 2332 5127 videlicet
2366 5070 2592 5134 abieris,
2632 5082 2660 5120 a
2692 5064 2880 5121 Persis
2911 5065 3016 5129 ibi,
3042 5075 3097 5120 et
3121 5063 3292 5119 Medis
3329 5063 3514 5116 illatas

1928 5166 2116 5221 clades
2150 5205 2165 5230 ,
2199 5164 2545 5232 deletamque
2596 5171 2649 5216 et
2708 5169 2977 5214 vastatam
3033 5167 3254 5230 propter
3308 5154 3510 5210 fastum

248 5266 402 5303 σατο.
443 5249 724 5303 Πέπτωκε
745 5249 854 5320 γὰρ
878 5248 1049 5318 αὐτῆς
1073 5251 1106 5302 ὁ
1127 5249 1350 5317 τοῖχος.
1377 5246 1536 5300 Οῦτω
1575 5247 1632 5299 δὲ
1678 5246 1807 5301 καλε

1932 5255 2289 5328 Babyloniam
2322 5263 2628 5323 repertum.
2663 5250 2865 5308 Cecidit
2902 5251 3046 5305 enim
3088 5248 3251 5319 300
3327 5260 3512 5300 murus

244 5342 313 5395 τὸ
340 5341 539 5410 τεῖχος
573 5344 605 5414 ἢ
645 5345 659 5379 ι
698 5343 796 5414 τὴν
820 5341 1048 5410 δύναμιν
1076 5341 1246 5411 αὐτῆς
1266 5342 1366 5411 τὴν
1426 5340 1734 5412 βασιλικὴν,
1762 5341 1837 5394 δι’

184 5432 187 5435 ’
242 5434 311 5508 ἧς
340 5435 605 5507 ὠχύρωτο
632 5437 915 5506 πρότερον.
937 5435 1029 5487 Διό
1062 5450 1121 5486 σε
1157 5434 1490 5504 θρηνήσουσι
1522 5433 1828 5502 Καρχηδό-

316 5575 363 5607 ¹⁵⁶
400 5572 414 5624 Ι
448 5570 591 5626 Petr.
657 5588 710 5636 v,
774 5572 827 5627 5.
903 5572 949 5604 ’⁷
996 5569 1142 5624 Psal.
1187 5588 1368 5625 Lxxtv.
1399 5571 1453 5633 5,
1503 5570 1557 5627 6.

1930 5344 2089 5413 ejus;
2133 5357 2243 5412 quo
2283 5350 2609 5413 potestatem
2649 5340 2853 5411 regiam
2881 5380 2897 5404 ,
2931 5355 3037 5410 qua
3106 5340 3343 5406 primum
3390 5351 3513 5389 mu-

1935 5437 2227 5503 niebatur,
2277 5434 2590 5505 significare
2629 5433 2865 5488 videtur.
2906 5432 3042 5487 llinc
3085 5438 3193 5495 est,
3228 5431 3326 5495 ait,
3367 5426 3514 5498 quod

1525 5683 1756 5739 VARle
1801 5679 2204 5736 LECTIONES.

306 5817 326 5847 τ
364 5828 450 5879 ηρ.
477 5808 791 5879 ἐτρέφοντο.
857 5817 877 5843 θ
904 5823 989 5874 rp.
1023 5803 1277 5872 ὑψοῦσῦε.

495 5900 772 5959 Ριιτιιοι..
812 5899 928 5959 Gtt.
983 5896 1203 5955 LXXX
1219 5895 1256 5954 Υ
1273 5896 1345 5953 ll.

1360 5806 1376 5839 ‘
1412 5805 1514 5871 (79.
1543 5804 1604 5856 τὸ
1632 5805 1805 5871 τεῖχος

3105 5891 3182 5950 69
