4020 6372
562 270 702 334 2187
1896 270 2246 332 PROCOPII
2279 271 2521 336 GAZAZI
3654 269 3768 337 2188

566 396 619 440 te
650 383 1117 456 Carthaginienses
1153 398 1249 454 spe
1285 381 1485 440 salutis
1536 384 1763 439 omnino
1818 385 2140 441 destitutam

2262 406 2361 445 νἰοι
2382 394 2564 447 πᾶσαν
2579 394 2923 451 ἀπολέσασαν
2947 393 3229 465 σωτηρίας
3252 391 3462 454 ἐλπίῗα.
3520 390 3613 461 τὴν
3635 392 3772 447 πάλαι

570 480 855 549 lugebant,
888 480 941 534 iu
985 495 1091 550 qua
1127 493 1240 533 suae.
1283 476 1559 549 quondam
1594 477 1905 547 prtesidium
1973 477 2146 535 fuisse

2262 485 2457 540 τούτων
2515 480 2683 541 οὖσαν
2710 488 3008 556 ὀχύρωμα.
3041 484 3387 555 Παιδευθήσῃ
3432 483 3491 537 δὲ
3519 483 3776 538 τοσοῦτον

566 572 897 626 collocatum
957 569 1411 625 recordabuntur.
1473 572 1676 625 Tandiu
1745 579 1925 628 autem
1978 573 2146 628 casti-

570 666 787 734 gaberis
825 704 840 729 ,
898 663 1141 733 quandiu
1195 664 1327 719 urbs
1353 663 1467 734 ipsa
1526 664 1634 720 Deo
1674 676 2015 722 consecrata.
2087 666 2145 721 In

571 772 732 826 quam
764 756 889 825 quia
917 756 1289 819 insui-resisti,
1310 758 1549 827 aequales
1564 773 1689 814 cum
1718 775 1780 814 ea
1799 774 1989 831 poenas
2010 775 2148 830 quo-

570 866 677 920 que
706 850 907 903 luitura
935 864 1015 904 es.
1051 848 1251 920 Jugum
1304 851 1448 905 enim
1480 852 1761 908 servitutis
1789 861 1843 908 et
1897 856 2015 923 ipsa
2051 870 2149 907 an-

573 958 666 995 nos
695 943 1026 1012 septuaginta
1056 957 1218 1012 passa
1255 952 1360 999 est.
1407 942 1673 999 Humana:
1725 954 1984 1014 praeterea
2028 946 2150 1002 vita:

581 1044 783 1099 tempus
814 1041 1040 1087 auctore
1074 1034 1298 1100 Davide,
1318 1037 1656 1106 septuaginta
1680 1053 1942 1091 annorum
1972 1040 2149 1109 spatio

571 1124 941 1179 concluditur.
980 1124 1122 1180 Dicit
1148 1126 1331 1182 enim:
1366 1146 1383 1179 ι
1424 1127 1547 1183 Dies
1594 1143 1863 1183 annorum
1903 1144 2147 1185 meorum

574 1218 625 1271 in
664 1216 800 1287 ipsis
835 1216 964 1271 anni
997 1220 1348 1290 septuaginta
1381 1220 1447 1274 ⁸⁸.
1488 1238 1507 1271 ι
1542 1219 1691 1275 Idem
1738 1237 1871 1277 vero
1912 1230 1967 1277 et
2002 1222 2151 1292 regni

571 1308 880 1379 longissimi
917 1318 1117 1377 tempus
1147 1319 1253 1365 est.
1303 1310 1459 1376 Quod
1499 1310 1543 1366 si
1594 1311 1647 1365 in
1683 1312 2008 1381 quibusdam
2052 1314 2150 1368 de-

575 1403 762 1456 linitur
785 1416 813 1456 a
850 1400 981 1467 Deo,
1015 1418 1122 1456 non
1154 1410 1339 1457 tamen
1364 1404 1697 1474 adimpletur
1731 1421 2016 1460 numerus.
2041 1404 2153 1461 Nec

575 1504 628 1547 te
664 1487 736 1548 ὁὶ)
764 1494 815 1548 id
840 1493 1174 1549 commoveri
1201 1508 1417 1564 aequum
1464 1503 1582 1550 est:
1648 1511 1773 1550 cum
1840 1496 1985 1553 Deus
2038 1512 2153 1555 sua:

574 1601 684 1641 non
715 1586 998 1656 subjaceat
1040 1585 1411 1656 praedictionis
1444 1588 1713 1644 terminis.
1773 1588 1959 1645 Bonus
2006 1589 2151 1644 enim

574 1694 701 1734 cum
735 1679 848 1743 sit,
889 1686 942 1733 et
978 1689 1222 1750 tempora
1255 1680 1477 1745 deﬁnit,
1533 1690 1588 1735 et
1625 1682 1811 1738 clades
1866 1682 2154 1737 minitatur

576 1786 684 1827 non
711 1783 970 1842 tanquam
1008 1772 1263 1829 illaturus
1298 1788 1487 1827 revera
1524 1790 1539 1838 ;
1589 1775 1685 1829 sed
1734 1784 1794 1830 ut
1855 1776 2053 1832 timore
2087 1776 2153 1831 ad

576 1868 701 1923 vit-.c
744 1865 1125 1936 pmnitentiam
1155 1864 1361 1936 adigat.
1396 1864 1554 1932 Quod
1583 1882 1650 1922 ex
1708 1867 1928 1923 decreto
1980 1883 2157 1924 anno-

577 1974 699 2012 rum
740 1958 1090 2030 septuaginta
1116 1957 1384 2014 adversus
1417 1957 1679 2028 prraim
1744 1976 1974 2016 numero
2010 1961 2157 2031 apud

577 2048 772 2103 Isaiam
807 2049 1155 2118 perspicuum
1185 2047 1372 2113 fuerit,
1403 2050 1495 2119 qui
1516 2058 1602 2105 est
1629 2050 1695 2105 ad
1719 2051 1942 2122 triginta
1972 2064 2158 2122 postea

578 2150 891 2195 revocatus.
932 2140 1136 2196 Deinde
1195 2149 1249 2195 et
1291 2140 1478 2197 Daniel
1541 2142 1704 2213 ipse,
1767 2159 1894 2198 cum
1951 2146 2157 2215 captivi

576 2236 763 2306 populi
794 2236 1058 2289 malitiam
1080 2236 1268 2306 augeri
1298 2236 1629 2301 intueretur,
1659 2235 1953 2291 Dominum
1988 2255 2057 2293 ne
2090 2238 2158 2293 ad

578 2326 863 2381 delinitum
894 2326 946 2380 in
987 2341 1084 2382 eos
1138 2342 1409 2381 annorum
1448 2344 1738 2383 numerum
1788 2328 1991 2399 aliquid
2029 2330 2162 2400 adji-

578 2424 753 2482 ceret,
786 2417 1117 2487 deprecatus
1154 2428 1236 2472 est
1267 2417 1333 2469 ’⁸.
1366 2416 1511 2473 Deus
1540 2418 1684 2471 enim
1714 2434 1813 2485 pro
1832 2422 1955 2473 vita:
1983 2422 2160 2490 paeni-

578 2508 749 2564 tentia
802 2509 885 2563 vel
943 2509 1368 2578 pervicacitate,
1419 2509 1656 2566 decretis
1696 2511 2039 2587 temporibus
2077 2513 2162 2567 vel

578 2601 772 2671 adjicit
810 2601 895 2655 vel
926 2600 1141 2655 adimit.
1175 2601 1364 2672 Itaque
1403 2600 1515 2658 Noe
1562 2611 1724 2658 aetate
1752 2644 1767 2669 ,
1805 2617 1929 2658 cum
1981 2604 2161 2659 homi-

579 2709 714 2750 num
742 2695 909 2749 vitam
936 2696 1159 2748 centum
1193 2704 1245 2748 et
1312 2694 1501 2764 viginti
1560 2709 1830 2750 annorum
1887 2694 2004 2750 fore
2051 2704 2165 2750 sta-

581 2785 782 2841 tuisset
815 2786 853 2851 ',
894 2800 993 2855 pro
1017 2799 1117 2840 sua
1162 2784 1217 2839 in
1267 2799 1363 2840 eos
1404 2774 1786 2841 benevolentia
1850 2786 2162 2843 breviorem

581 2889 769 2948 postea
799 2892 922 2933 esse
965 2878 1170 2942 voluit,
1197 2885 1254 2931 ut
1282 2878 1630 2934 calamitates
1658 2879 1976 2949 ingruentes
2011 2895 2170 2933 aver-

583 2977 723 3023 teret
779 2977 1197 3038 prazsentesque
1258 2969 1524 3037 temporis
1579 2985 1869 3040 progressu
1929 2970 2166 3040 majores

2247 579 2492 649 χρόνον,
2526 581 2651 633 ὅσον
2676 580 2710 651 ή
2734 579 2815 651 τῷ
2841 578 2963 650 Θεῷ
2987 579 3145 642 πόλις
3177 576 3532 645 ἀνακειμένη,
3571 573 3684 627 καθ’
3723 571 3777 647 ἧς

2249 670 2559 741 ἐπαρθεῖσα
2584 670 2685 743 τὴν
2734 670 2857 741 ἴσην
2906 670 3063 742 δίκην
3094 669 3352 731 ἐκτίσεις.
3396 666 3645 721 Κάκεῖνοι
3694 668 3781 738 γὰρ

2248 760 2698 831 ἑϐδομηκοστὸν
2772 763 2831 814 ἐν
2884 760 3234 831 αἰχμαλωσίᾳ
3294 754 3614 827 παρέτειναν
3654 756 3781 821 ἔτος.

2262 852 2593 921 Ἀνθρώπου
2645 852 2705 906 δέ
2731 851 2879 921 ζωῆς
2913 854 3157 921 χρόνος,
3177 851 3303 917 ἐτη,
3339 847 3595 902 καὶκατὰ
3626 848 3781 912 Δαόὶδ,

2250 944 2399 1000 ἔστιν
2442 943 2874 1013 ἐϐδομήκοντα.
2923 944 3086 1013 Λέγει
3143 941 3271 1013 γάρ·
3324 959 3343 992 ι
3380 940 3663 1010 Αἰήμέραι
3699 940 3785 994 τῶν

2251 1037 2390 1091 ἐτῶν
2414 1038 2574 1108 ἡμῶν
2606 1038 2666 1090 ἐν
2699 1036 2886 1100 αὐτοῖς
2940 1035 3311 1106 ἐϐδομήκοντα
3350 1032 3467 1102 ἔτη.
3513 1050 3531 1084 ι
3562 1032 3718 1085 Tauro
3743 1032 3788 1087 ἃ

2250 1132 2412 1185 τοῦτο
2442 1131 2539 1186 καὶ
2557 1131 2890 1196 βασιλείας
2916 1130 3137 1199 χρόνος
3180 1125 3499 1190 πολυετοῦς.
3534 1125 3618 1177 Ἐν
3661 1120 3789 1188 οίςδέ

2254 1220 2473 1288 χρόνος
2500 1220 2743 1292 ὁρισθεὶς
2773 1219 2850 1291 μὴ
2881 1218 3188 1289 πληροῦται
3218 1216 3373 1288 παρὰ
3396 1215 3554 1277 Θεοῦ,
3599 1215 3666 1285 μὴ
3712 1234 3789 1267 σα-

2251 1315 2469 1386 λευθῇς.
2503 1317 2577 1369 Ού
2611 1316 2718 1386 γὰρ
2755 1316 3044 1369 ὑπόκειται
3068 1314 3202 1377 Θεὸς
3239 1315 3349 1376 τοῖς
3365 1313 3464 1382 τῆς
3495 1310 3791 1382 προαγορεύ-

2257 1425 2397 1471 σεως
2468 1407 2638 1461 αὐτοῦ
2682 1407 2851 1481 ὅροις.
2895 1406 3127 1475 Ἀγαθὸς
3177 1406 3286 1477 γαρ
3335 1403 3432 1469 ὢν,
3505 1402 3595 1457 καὶ
3639 1404 3792 1473 χρόνον

2252 1498 2449 1569 ὁρίζει,
2496 1498 2591 1551 καὶ
2620 1495 2927 1551 ἀπειλείτά
2946 1496 3117 1559 δεινὰ,
3132 1496 3231 1565 οὐχ
3246 1495 3322 1558 ὼς
3353 1496 3571 1557 πάντως
3594 1494 3793 1557 ἐπάξων,

2255 1588 2371 1642 ἀλλ’
2402 1587 2480 1650 ὡς
2514 1586 2846 1657 ἐπιστρέψαι
2884 1586 3205 1656 βουλόμενος
3239 1602 3252 1616 ·
3287 1585 3429 1654 ὅπερ
3460 1584 3574 1636 ἐστὶ
3601 1584 3683 1636 καὶ
3711 1584 3795 1638 ἀπὸ

2258 1679 2366 1732 τῶν
2437 1680 2703 1749 ἐξήκοντα
2760 1680 2898 1732 ἐτῶν
2934 1678 3045 1733 τῶν
3066 1678 3134 1732 δι’
3170 1678 3400 1732 Ἡσαΐου
3434 1676 3556 1729 κατ’
3592 1676 3797 1746 Ἐφραίμ

2258 1768 2582 1840 ὁρισθέντων
2618 1767 2829 1840 μαθεῖν.
2871 1768 3183 1837 Συνεστάλη
3236 1769 3346 1839 γὰρ
3398 1768 3481 1830 εἰς
3520 1766 3795 1837 τριάκοντα.

2260 1863 2371 1916 Καὶ
2403 1862 2602 1931 Δανιὴλ
2633 1862 2690 1915 δέ
2713 1861 2821 1915 τῶν
2845 1863 2903 1916 ἐν
2946 1862 3298 1934 αἰχμαλωσίᾳ
3323 1862 3425 1931 τὴν
3453 1862 3643 1915 κακίαν
3664 1861 3798 1926 adﬁc-

2258 1958 2492 2028 νομένην
2504 1956 2667 2028 ὁρῶν,
2682 1954 3003 2009 δεῖταιΘεοῦ
3022 1954 3097 2026 μὴ
3117 1956 3435 2025 προσθεῖναι
3451 1956 3561 2017 τοῖς
3575 1954 3799 2025 ὁρισθείσι

2261 2049 2382 2103 κατ’
2428 2050 2609 2103 αὐτῶν
2654 2048 2849 2102 ἔτεσιν.
2899 2048 2957 2101 '0
3004 2047 3139 2112 Θεὸς
3196 2047 3371 2119 γὰρῆ
3440 2046 3801 2117 μετανοούντων

2263 2141 2543 2212 ύποτέμνῃ
2564 2147 2592 2175 ’³
2613 2140 2703 2195 τὸν
2749 2140 2895 2211 ὅρον,
2928 2140 2962 2211 ἢ
2992 2142 3113 2203 ταῖς
3166 2138 3446 2201 ἀσεϐείαις
3475 2137 3802 2207 ἐπιμενόντων

2263 2234 2640 2304 προστίθησιν.
2665 2232 2969 2302 Τοιγαροῦν
2999 2233 3108 2297 τοῖς
3134 2232 3228 2285 ἐπὶ
3256 2232 3380 2285 Νῶε
3412 2230 3502 2283 τὸν
3522 2231 3623 2283 τῶν
3644 2231 3803 2283 ἑκατὸν

2263 2325 2468 2377 εἴκοσιν
2499 2322 2635 2375 ἐτῶν
2662 2320 2861 2390 ὥρισεν
2888 2318 3140 2390 ἀριθμὸν,
3171 2318 3206 2373 ἃ
3239 2317 3631 2389 φιλανθρώπως
3651 2318 3805 2370 ὲπέτε·

2267 2434 2387 2488 μεν,
2444 2414 2607 2469 ἱστῶν
2634 2414 2819 2478 αὐτοῖς
2877 2414 2943 2467 τὰ
2995 2413 3160 2479 κακὰ,
3216 2414 3311 2465 καὶ
3357 2411 3611 2472 κωλύσας
3667 2411 3806 2481 μείζω

2264 2510 2546 2581 γινόμενα.
2606 2508 2922 2570 Νινευῖταις
2983 2507 3039 2560 δὲ
3092 2506 3427 2577 μεταγνοῦσι
3481 2506 3581 2576 τῆς
3612 2504 3803 2571 ἀπειλῆς

2263 2604 2356 2655 τὸν
2381 2602 2572 2672 χρόνον
2603 2600 2838 2667 διέλυσε,
2876 2599 3133 2671 καθάπερ
3168 2599 3350 2670 ἰατρὸς
3384 2600 3489 2654 κᾶν
3525 2616 3574 2651 τι
3606 2598 3805 2670 προείπῃ

2267 2695 2394 2765 περὶ
2418 2692 2666 2755 καύσεως
2693 2691 2727 2763 ἢ
2775 2692 2952 2761 τομῆς
2998 2691 3198 2762 μηκέτι
3228 2691 3388 2745 τοῦτο
3444 2690 3585 2762 δρῶν
3606 2689 3806 2759 μεταϐα-

2265 2787 2447 2849 λόντος
2502 2786 2595 2838 ἐπὶ
2634 2784 2694 2838 τὸ
2747 2788 2996 2857 κρεῖττον
3023 2784 3117 2838 τοῦ
3160 2784 3438 2854 σώματος.
3474 2778 3607 2835 Εἶτά
3626 2782 3808 2852 φησινὸ

2268 2880 2579 2951 προφήτης,
2608 2879 2682 2942 ὡς
2700 2878 2789 2931 Ἐν
2825 2878 3036 2941 τούτοις
3063 2878 3189 2945 τοῖς
3225 2879 3432 2931 ἔτεσιν
3453 2870 3612 2946 ᾆσμα
3640 2876 3808 2945 γενήσῃ

2269 2973 2524 3041 καθάπερ
2545 2989 2628 3033 τις
2668 2972 2804 3040 γυνὴ
2835 2972 2933 3041 τῆς
2965 2972 3100 3034 ἰδίας
3164 2970 3480 3024 ἐκπεσοῦσα
3506 2968 3681 3038 τιμῆς.
3702 2968 3808 3020 Τότε

573 3061 698 3145 ~fieri
746 3061 1082 3132 prohiberet.
1119 3059 1164 3115 A
1209 3058 1470 3118 Ninivitis
1503 3071 1684 3119 autem
1729 3079 1856 3118 cum
1890 3066 2161 3133 poeniten-

2269 3066 2547 3132 περιέλθε
2586 3061 2920 3132 ῥεμϐομένη
2978 3064 3143 3117 τόπον
3189 3065 3257 3116 ἐκ
3297 3063 3469 3116 τόπου
3496 3062 3571 3124 εἰς
3597 3060 3659 3114 τὰ
3678 3060 3809 3114 λοιπὰ

580 3155 715 3211 tiam
766 3156 1050 3224 egissent,
1090 3172 1199 3209 non
1257 3157 1362 3209 alia
1423 3159 1641 3212 ratione
1701 3157 1953 3214 decretas
2015 3168 2161 3213 certo

2264 3156 2372 3209 τῶν
2394 3154 2564 3205 ἐθνῶν
2590 3154 3020 3222 ἐκπορνεύουσα,
3046 3154 3120 3216 ὡς
3153 3156 3219 3209 ἂν
3264 3153 3661 3221 ὲπιλησθεῖσα
3681 3151 3809 3220 παρὰ

582 3247 799 3301 dierum
834 3245 1013 3315 spatio
1051 3245 1232 3299 minas
1263 3247 1497 3302 removit
1534 3247 1580 3311 ',
1626 3262 1793 3316 quam
1823 3249 1965 3302 solet
1996 3247 2163 3302 medi-

583 3352 685 3392 cus
747 3352 776 3388 a
820 3335 1127 3407 signiﬁcata
1168 3344 1297 3390 ante
1355 3336 1440 3392 vel
1509 3340 1756 3393 sectione
1810 3336 1895 3391 vel
1954 3336 2170 3392 ustione

586 3429 889 3493 abstinere,
926 3445 1050 3483 cum
1114 3428 1255 3484 facta
1285 3439 1372 3485 est
1401 3430 1652 3502 corporis
1682 3429 1737 3484 in
1767 3429 1964 3486 melius
1993 3438 2172 3482 muta-

589 3528 689 3577 tio.
730 3521 857 3578 Istis
884 3521 1083 3577 deinde
1112 3523 1294 3587 annis,
1332 3523 1409 3577 ait
1446 3524 1740 3594 preplieta,
1768 3522 1866 3578 lies
1902 3524 2171 3577 canticum

585 3629 697 3670 non
735 3614 894 3669 aliter
921 3628 1085 3684 quam
1126 3631 1249 3683 qua‘
1279 3617 1503 3686 proprio
1544 3616 1757 3671 honore
1787 3614 1995 3670 excidit
2047 3630 2174 3668 mu-

586 3706 841 3760 liercula.
885 3703 1042 3759 Tunc
1073 3706 1324 3775 reliquas
1360 3713 1553 3776 gentes
1585 3705 1811 3759 mutatis
1833 3704 2067 3760 subinde
2092 3705 2174 3759 lo-

584 3798 687 3861 cis,
725 3805 984 3868 tanquam
1013 3812 1042 3849 a
1077 3796 1186 3851 Deo
1240 3796 1489 3851 oblivioni
1517 3796 1717 3850 tradita
1748 3804 1970 3867 propter
2015 3795 2173 3850 adul-

586 3888 787 3943 terium
826 3886 1101 3941 excideris
1131 3927 1145 3950 ,
1189 3904 1322 3959 vaga
1361 3888 1547 3941 circui.
1579 3888 1690 3943 lmo
1739 3888 1783 3943 si
1822 3896 1978 3957 potes
2011 3926 2027 3951 ,
2083 3903 2176 3940 as-

583 3986 794 4043 sumpta
826 3975 982 4045 301
1025 3975 1233 4029 cit/tam
1262 4017 1276 4039 ,
1316 3992 1426 4033 non
1485 3976 1797 4032 meretricio
1857 3993 2007 4031 more
2045 3991 2165 4029 am-

2270 3246 2441 3303 Θεοῦ.
2476 3244 2625 3299 Εἰδέ
2658 3245 2882 3299 δύνασαι
2928 3247 3202 3301 λαϐοῦσα
3243 3246 3341 3317 τὴν
3394 3248 3624 3319 σεαυτῆς
3678 3246 3809 3301 auﬁd—

2262 3357 2400 3410 ραν,
2451 3337 2649 3409 μηκέτι
2694 3338 2994 3409 πορνικῶς,
3050 3339 3170 3409 μετ’
3224 3341 3540 3410 ἐπιστήμης
3580 3340 3632 3393 δέ
3678 3338 3812 3410 apo-3o

2271 3449 2362 3487 σον
2397 3431 2458 3485 τὸ
2482 3431 2714 3501 ὄργανον
2741 3430 2828 3484 διὰ
2862 3430 3130 3484 πλείστων
3187 3432 3364 3502 εὐχῶν
3411 3432 3505 3485 τὸν
3548 3431 3671 3484 Θεὸν
3720 3432 3811 3483 ἰκε-

2269 3523 2522 3578 τεύουσα.
2548 3520 2706 3575 Οῦτω
2728 3523 2840 3593 γάρ
2867 3539 2961 3575 σου
2988 3522 3363 3594 μνησθήσεται
3399 3522 3644 3590 κιθάρας
3684 3522 3811 3591 δίκην

2270 3616 2385 3678 τοῖς
2410 3612 2599 3683 μέλεσι
2633 3613 2730 3668 καί
2773 3616 2887 3678 τοῖς
2918 3615 3301 3687 αἰσθητηρίοις
3353 3611 3810 3689 χρησαμένηςκξοῦ

2274 3703 2550 3773 σώματος,
2601 3703 2987 3795 καλῶὶταῦτα
3009 3706 3098 3759 διὰ
3128 3708 3229 3777 τῆς
3249 3706 3609 3779 σωφροσύνης
3639 3692 3809 3776 ἁρμότ-

2272 3812 2441 3849 τουσα
2479 3804 2529 3849 ν.
2587 3796 2716 3858 Θεὸς
2776 3795 2885 3866 γὰρ
2958 3796 3172 3861 τούτοις
3231 3798 3556 3867 ἀρέσκεται,
3605 3795 3809 3850 καὶτοῦ

2271 3886 2567 3956 μνησθεὶς
2587 3885 3078 3953 ἀποκαταστήσει
3107 3887 3295 3941 πάλιν
3333 3888 3434 3941 ἐπὶ
3476 3890 3546 3940 τὰ
3576 3888 3809 3954 πρότερα,

2271 3975 2365 4030 τοῦ
2394 3974 2591 4028 καθ’ὂν
2620 3973 2947 4044 ἐπαιδεύθης
3006 3975 3202 4047 χρόνου
3246 3977 3695 4050 πεπληρωμένοι).

584 4068 751 4139 plius,
785 4068 882 4124 sed
913 4068 1051 4123 scite
1084 4079 1135 4123 et
1179 4070 1350 4138 perite
1385 4108 1399 4132 ,
1438 4070 1625 4125 multis
1680 4069 1748 4123 ad
1803 4068 1968 4123 Deum
2005 4068 2143 4126 fusis
2183 4070 2439 4139 precibus
2467 4108 2483 4133 ,
2515 4083 2781 4139 organum
2847 4069 3083 4137 pulsato.
3154 4069 3226 4124 lta
3271 4072 3419 4125 enim
3463 4071 3539 4125 tui
3595 4068 3809 4125 recorda-

587 4162 759 4223 bitur,
837 4160 885 4215 si
939 4162 1188 4230 corporis
1235 4162 1497 4217 membris
1548 4162 1931 4235 sentiendiqnc
1978 4164 2200 4235 organis

2278 4170 2539 4233 tanquam
2572 4161 2779 4215 cithara
2832 4162 3209 4231 temperantia:
3270 4165 3386 4236 lege
3450 4166 3584 4223 bene
3617 4179 3809 4223 concor-

585 4252 748 4308 dibus
774 4267 871 4306 usa
905 4251 1117 4318 fueris;
1170 4252 1377 4307 talibus
1425 4253 1572 4308 enim
1631 4255 1774 4311 Deus
1809 4255 2154 4310 delectatur:
2194 4252 2386 4323 tuique
2420 4267 2620 4306 memor
2645 4262 2771 4322 post
2794 4252 2981 4322 elapsa
3045 4253 3265 4309 tandem
3315 4257 3675 4327 correptionis
3724 4265 3810 4311 tua‘.

586 4358 857 4418 tempora,
889 4347 945 4400 in
970 4347 1255 4417 pristinum
1287 4358 1336 4401 te
1366 4350 1631 4403 restituet.

660 4440 767 4496 Sed
803 4456 911 4496 non
943 4440 1165 4505 desunt,
1198 4442 1289 4511 qui
1316 4457 1404 4507 eo,
1434 4443 1581 4512 quod
1606 4450 1868 4512 tanquam
1889 4442 2161 4500 canticum

2343 4437 2423 4489 Τὰ
2450 4436 2507 4490 δέ
2526 4436 2602 4500 ὡς
2624 4436 2754 4506 περὶ
2778 4445 2805 4473 ι
2835 4437 3063 4505 πόρνης
3110 4434 3253 4491 οὕτω
3292 4436 3441 4501 τινὲς
3479 4437 3805 4508 ἐξηγήσαντο,

520 4542 527 4553 ⁵
588 4535 845 4590 adultera:
873 4534 1039 4600 dixit,
1064 4536 1411 4590 meretricem
1438 4536 1615 4591 forma
1641 4537 1771 4591 olim
1814 4546 2165 4608 praestantem

586 4628 754 4684 velint
781 4627 1105 4698 signiﬁcari,
1132 4644 1271 4698 qum,
1290 4629 1415 4699 quia
1449 4628 1709 4699 decerpto
1730 4630 1904 4684 aetatis
1934 4627 2068 4683 ﬂore
2096 4628 2168 4684 ab

588 4719 939 4774 amatoribus
963 4718 1240 4774 deseritur
1268 4760 1283 4784 ,
1309 4721 1637 4791 excogitatis
1665 4736 1761 4777 eos
1789 4720 2082 4776 cantilenis
2111 4728 2167 4775 et

587 4812 809 4866 cithara:
839 4827 977 4867 sono
1009 4812 1076 4866 ad
1106 4813 1307 4867 veteris
1341 4814 1544 4869 amoris
1570 4814 2014 4869 recordationem
2047 4828 2165 4883 per-

588 4918 731 4983 saepe
748 4911 987 4957 revocat.
1018 4903 1213 4969 Qualia
1235 4920 1360 4960 cum
1387 4904 1674 4960 admiserit
1702 4903 1898 4975 Tyrus,
1930 4903 2022 4957 vix
2045 4902 2165 4973 ejus

588 4997 736 5051 inter
792 4995 1055 5051 mortales
1095 4996 1413 5051 memoriam
1448 4994 1564 5053 fore
1598 4996 1891 5067 signiﬁcat.
1934 4994 2036 5052 Ubi
2065 5013 2165 5051 au-

586 5095 694 5142 tem
738 5086 1111 5156 correptionis
1158 5086 1280 5156 ejus
1337 5094 1584 5158 tempora
1638 5087 1953 5142 eﬂluxerint
1982 5127 1997 5150 ,
2048 5088 2167 5142 fore

586 5192 783 5232 rursus
817 5184 871 5232 et
894 5177 1048 5231 orbis
1079 5176 1325 5232 universi
1366 5176 1729 5246 Emporium;
1780 5193 1846 5233 eo
1898 5178 2163 5233 nimirum

589 5280 837 5341 tempore
858 5286 984 5324 cum
1019 5278 1268 5324 resecata
1299 5277 1542 5323 veterum
1576 5271 1846 5326 malorum
1880 5271 2163 5333 memoria,

586 5378 697 5420 non
724 5363 1012 5418 daemoniis
1038 5362 1277 5433 amplius
1319 5364 1713 5433 negotiationis
1745 5364 2039 5434 primitias,
2068 5363 2167 5419 sed

658 5505 705 5540 ⁸⁸
761 5506 1142 5573 Psal.i.xxxtx,
1184 5508 1269 5563 l0.
1343 5506 1388 5537 ⁹⁹
1414 5506 1547 5560 Dan.
1589 5523 1638 5561 Ix
1675 5550 1689 5573 ,
1741 5507 1774 5560 4
1816 5522 1973 5577 seqq.

2054 5508 2069 5539 ¹
2130 5505 2267 5561 Gcn.
2316 5524 2393 5570 vi,
2450 5509 2503 5563 5.

2267 4529 2528 4593 πολλάκις
2556 4528 2807 4592 εἰπόντες
2836 4530 3029 4601 ἑταίρα
3054 4547 3139 4594 τις
3180 4531 3238 4583 ἐν
3283 4530 3406 4603 ὥρᾳ
3430 4531 3684 4603 γενομένη
3716 4531 3805 4584 δια-

2265 4622 2506 4695 πρεπὴς,
2535 4622 2905 4692 παυσαμένων
2933 4623 3105 4693 αὐτῆς
3130 4624 3267 4693 μετὰ
3292 4625 3393 4692 τὴν
3413 4623 3561 4697 ὥραν
3578 4625 3677 4677 τῶν
3705 4626 3807 4694 ἐρα-

2267 4716 2431 4779 στῶν,
2456 4714 2597 4787 ᾠδὰς
2628 4714 2741 4769 ἐσθ’
2767 4715 2857 4768 ὅτε
2902 4718 2995 4769 καὶ
3023 4716 3275 4784 κιθάραν
3312 4719 3524 4772 ἐπινοεῖ
3560 4716 3648 4772 τοῦ
3673 4718 3805 4770 πάλαι

2265 4808 2431 4863 πόθου
2480 4808 2700 4874 τούτους
2744 4810 3253 4881 ὑπομιμνήσκουσα.
3305 4810 3544 4866 Τοιαῦτα
3590 4810 3807 4878 ποιούσης

2265 4902 2365 4973 τῆς
2390 4903 2589 4974 Τύρου,
2625 4903 2781 4974 μόλις
2806 4904 2976 4974 αὐτῆς
3009 4902 3167 4973 μνεία
3195 4904 3253 4955 ἐν
3285 4902 3592 4975 ἀνθρώποις
3616 4905 3805 4974 γενήσε-

2265 5009 2376 5046 ται.
2411 4993 2526 5046 ”Οτ’
2556 4992 2622 5046 ἂν
2651 4992 2708 5044 δέ
2732 5009 2830 5045 σου
2871 4991 3118 5064 παρέλθῃ
3142 4992 3243 5062 τῆς
3276 4994 3527 5057 παιδείας
3569 4995 3596 5047 ό
3630 4993 3803 5063 χρόνος,

2264 5085 2555 5155 ἐμπόριον
2607 5082 2765 5151 αὖθις
2820 5089 3002 5157 πάσης
3052 5087 3262 5160 γενήσῃ
3312 5089 3408 5160 τῆς
3446 5090 3567 5160 γῆς,
3600 5089 3679 5142 ὅτε
3719 5085 3803 5138 τῶν

2267 5177 2396 5247 πρὶν
2433 5178 2756 5250 μεμνημένη
2801 5177 3009 5242 κακῶν,
3042 5178 3227 5232 οὐκέτι
3266 5178 3592 5251 δαιμονίοις,
3642 5174 3803 5247 Θεῷδὲ

2267 5269 2469 5340 μᾶλλον
2496 5271 2810 5342 προσοίσεις
2841 5271 2942 5342 τῆς
2990 5273 3260 5343 ἐμπορίας
3303 5274 3402 5338 τὰς
3446 5272 3701 5345 ἀπαρχὰς,
3730 5267 3803 5322 καὶ

2266 5362 2528 5434 πρόσοδον
2557 5364 2591 5435 ἠ
2621 5363 2716 5418 τοῦ
2742 5362 2879 5418 Θεοῦ
2910 5380 2971 5417 σε
3003 5365 3290 5437 ποιήσεται
3313 5366 3486 5432 πόλις.
3520 5368 3711 5435 Ὥσπερ
3730 5360 3802 5415 οὖν

2568 5511 2594 5554 .‘
2628 5508 2799 5574 Jonze,
2835 5525 2915 5574 Ill,
2955 5511 2977 5565 l
3016 5527 3171 5583 seqq.

1862 5617 2096 5673 VARIIE
2136 5616 2538 5677 LECTIONES.

659 5746 683 5773 υ
714 5753 805 5804 γρ.
842 5735 1158 5806 ύποτέμνει.
1237 5737 1365 5795 Vitr.
1412 5736 1762 5809 ἁρμόττουσι.
1844 5744 1867 5770 ⁸
1900 5753 1989 5805 π).
2027 5728 2200 5804 ᾆσμα.
