4020 6372
238 364 380 430 2189

1393 366 1929 429 COMMENTARII
1970 369 2053 431 IN
2102 372 2387 434 ISAIAM.

241 482 337 537 καὶ
365 482 460 536 επὶ
489 482 584 537 τοῦ
608 483 826 555 Χειρᾶμ
865 482 1151 555 ἱστόρησεν
1197 483 1231 553 ἠ
1274 483 1488 555 Γραφή.
1530 484 1608 553 Τῇ
1641 482 1697 536 δὲ
1740 482 1829 536 διὰ

1937 484 2045 540 Deo
2081 487 2265 556 potius
2295 493 2672 558 eonsecrabit,
2703 504 3087 567 quaestumque
3122 512 3241 552 eam
3265 513 3390 553 esse
3431 499 3523 555 Dei

239 574 549 644 κρείττονος
580 577 844 646 μουσικῆς
875 575 1134 646 μετανοίᾳ
1158 573 1366 646 πρέπον
1393 576 1458 628 ἂν
1485 576 1570 644 εἴη
1597 574 1697 645 τὴν
1728 576 1821 628 ἐπὶ

238 666 481 733 Χριστοῦ
523 667 801 720 πολιτείαν
839 668 999 721 νοεῖν.
1056 666 1135 719 Δι’
1167 666 1305 736 ὅπερ
1339 667 1596 730 Ἀκύλας,
1629 669 1722 720 καὶ
1762 667 1824 721 τὸ

251 757 564 827 Ἐϐραῖκὸν,
618 758 747 812 ἄνευ
791 757 899 812 τῶν
936 759 1156 829 ἄρθρων
1177 760 1272 812 καὶ
1314 757 1408 812 τοῦ
1442 758 1630 824 πᾶσα,
1666 760 1822 829 φασὶ,

240 850 337 901 καὶ
366 848 539 902 ἔσται
567 848 853 917 ἐμπόριον
880 848 1090 917 αὐτῆς,
1121 850 1217 903 καὶ
1240 851 1519 919 μίσθωμα
1544 851 1829 920 ἡγιασμέ-

239 938 452 1004 νοντῷ
483 942 699 1009 Κυρίῳ.
723 942 796 993 Οὐ
825 940 931 1012 γὰρ
965 944 1070 995 πᾶν
1104 941 1166 994 τὸ
1193 943 1454 1013 ἐμπόριον
1494 943 1685 1013 αὐτῆς,
1708 944 1829 997 οὐδὲ

237 1030 301 1081 τὸ
327 1029 588 1101 μίσθωμα
612 1033 740 1093 πᾶν,
782 1034 842 1086 ἒν
867 1033 1130 1103 ἀπαρχῶν
1167 1035 1223 1087 δὲ
1272 1035 1414 1106 λόγῳ
1454 1038 1621 1107 μέρος
1671 1038 1831 1104 ἁγια-

242 1120 525 1191 σθήσεται.
574 1122 747 1177 Τοῦτο
780 1126 871 1177 καὶ
914 1124 1011 1179 νῦν
1050 1126 1109 1179 ὲν
1153 1127 1506 1196 Ἐκκλησίαις
1545 1128 1681 1182 Θεοῦ
1710 1133 1833 1195 ταῖς

239 1213 361 1264 ἐκεῖ
389 1213 707 1281 γινομέναις
736 1215 890 1268 ἐστὶν
934 1218 1211 1288 ὁσημέραι
1243 1218 1566 1274 θεάσασθαι.
1614 1221 1742 1288 Τοῖς
1774 1222 1833 1275 δὲ

240 1304 638 1359 κατοικοῦσιν
681 1307 886 1361 ἔναντι
928 1309 1147 1375 Κυρίου
1191 1310 1579 1380 προσάγεται,
1629 1311 1833 1383 δηλαδὴ

232 1396 354 1457 τοῖς
392 1394 679 1466 προέδροις
708 1395 801 1448 τοῦ
834 1396 1247 1470 θυσιαστηρίου,
1274 1401 1371 1453 τοῦ
1412 1401 1618 1473 Κυρίου
1647 1402 1835 1457 διατά-

241 1485 435 1549 ξαντας
482 1488 597 1549 τοῖς
645 1486 706 1539 τὸ
757 1487 1092 1557 Εὑαγγέλιον
1142 1494 1607 1562 καταγγέλλουσιν
1653 1496 1717 1549 ὲκ
1741 1495 1835 1549 τοῦ

239 1576 579 1645 Εὑαγγελίου
628 1576 749 1648 ζῇν.
788 1580 895 1633 Καὶ
946 1582 996 1633 οἱ
1049 1581 1127 1653 τῷ
1157 1581 1538 1658 θυσιαστηρίῳ
1586 1588 1643 1641 δὲ
1692 1606 1839 1660 παρ-

1930 578 2129 634 civitas
2202 582 2586 651 existimabit;
2650 587 2797 642 sicut
2846 587 2898 643 in
2941 590 3169 646 Hiramo
3222 590 3525 663 contigisse

1931 667 2226 740 Scriptura
2263 680 2499 729 testatur
2527 676 2568 731 ⁸.
2594 676 2713 751 Non
2747 678 2914 733 fuerit
2945 688 3129 735 autem
3163 696 3226 737 ea
3255 684 3528 754 poeniten-

1932 763 2005 816 tia
2045 764 2357 835 indignum,
2400 783 2523 838 quae
2547 770 2759 825 musica
2793 773 3191 842 praestantiore
3222 774 3523 842 excitatur,

1934 852 2307 912 Christianam
2354 860 2481 915 vitae
2530 863 2801 917 rationem
2857 864 3191 934 intelligere.
3239 865 3428 936 Itaque
3471 877 3526 924 et

1934 948 2167 1017 Aquilas
2191 949 2327 1019 ipse,
2355 960 2409 1005 et
2438 951 2709 1008 llebraica
2742 954 2933 1021 lectio,
2959 957 3111 1010 nulla
3134 957 3523 1026 articulorum,

1935 1041 2204 1110 verbique
2238 1044 2421 1099 omnis
2468 1044 2609 1100 facta
2658 1048 2952 1104 mentione.
2987 1048 3058 1103 Et
3091 1052 3189 1105 erit
3232 1055 3526 1120 emporium

1935 1131 2073 1194 eius,
2090 1141 2138 1186 et
2170 1149 2363 1188 merces
2385 1144 2571 1189 sancta
2598 1135 2845 1202 Domino,
2871 1139 3148 1196 dixerunt.
3174 1142 3359 1215 Neque
3377 1145 3523 1200 enim

1936 1229 2111 1278 totum
2145 1225 2269 1294 ejus
2295 1229 2631 1298 emporimn,
2656 1245 2834 1300 neque
2860 1247 3072 1289 merces
3099 1243 3232 1300 leta,
3271 1236 3365 1291 sed
3397 1253 3526 1308 pars

1940 1317 2313 1385 primitiarum
2357 1320 2578 1376 nomine
2600 1324 3018 1377 consecrabitur
3052 1341 3065 1377 :
3100 1327 3245 1398 quod
3273 1328 3354 1384 vel
3382 1346 3529 1385 nunc

1940 1407 1994 1460 in
2034 1407 2125 1462 Dei
2177 1408 2465 1479 Ecclesiis,
2499 1429 2621 1484 quas
2667 1414 2745 1471 ibi
2779 1416 3080 1484 habentur,
3114 1421 3362 1489 quotidie
3400 1424 3528 1478 licet

1941 1500 2167 1558 intueri.
2202 1504 2555 1561 Adducuntur
2594 1517 2776 1564 autem
2817 1510 2908 1573 iis,
2931 1512 3023 1582 qui
3068 1529 3251 1569 coram
3298 1515 3527 1573 Domino

1940 1598 2304 1665 habitant;id
2336 1610 2419 1657 est
2450 1604 2612 1659 altari
2654 1605 2966 1676 praefectis;
3008 1625 3133 1664 cum
3184 1609 3401 1667 Domini
3428 1615 3528 1669 de-

238 1669 561 1741 εδρεύοντες
586 1670 664 1741 τῷ
695 1669 1068 1746 θυσιαστηρίῳ
1108 1678 1565 1749 συμμερίζονται.
1616 1681 1833 1745 τούτοις

1943 1701 2096 1745 creto
2120 1702 2389 1749 statutum
2441 1698 2534 1762 sit,
2584 1707 2640 1751 ut
2671 1700 2762 1769 qui
2798 1700 3151 1771 Evangelium
3196 1704 3417 1774 docent,
3459 1708 3528 1764 de

238 1763 532 1830 ἐπάγεται·
563 1762 736 1817 Πᾶσα
762 1764 800 1832 ἡ
822 1763 1075 1835 ἐμπορία
1098 1768 1290 1836 αὐτῆς
1318 1770 1533 1841 φαγεῖν
1562 1772 1661 1826 καὶ
1684 1774 1833 1828 πιεῖν

1944 1780 2245 1856 Evangelio
2282 1787 2473 1842 vivant
2507 1797 2599 1843 :et
2623 1791 2714 1860 qui
2748 1791 2909 1846 altari
2943 1793 3288 1859 deserviunt,
3333 1798 3526 1855 altaris

238 1853 346 1906 καί
395 1852 822 1922 ἐμπλησθῆναι
898 1859 987 1923 εὶς
1050 1860 1394 1937 συμϐολὴν,
1436 1866 1833 1932 μνημόσυνον

1946 1875 2079 1930 ﬁant
2106 1852 2409 1948 participes
2445 1880 2487 1934 ⁸.
2533 1852 2797 1954 Sequitur
2831 1884 3133 1955 deinceps:
3172 1852 3357 1943 Omnis
3409 1852 3524 1961 ejus

237 1942 453 1996 ἔναντι
505 1945 749 2011 Κυρίου.
816 1945 882 1999 Ὃ
928 1946 993 2019 δὴ
1045 1951 1230 2018 σαφῶς
1276 1952 1509 2018 ἐξέδωκε
1541 1955 1838 2028 Σύμμαχος

235 2032 449 2086 εἰπών·
511 2034 642 2101 Τοῖς
688 2036 800 2104 γὰρ
852 2040 1246 2094 κατοικοῦσιν
1298 2041 1560 2098 ἐνώπιον
1609 2048 1836 2115 Κυρίου

236 2125 419 2180 ἔσται
462 2127 500 2194 ἡ
553 2129 806 2199 ἐμπορία
839 2133 1030 2200 αὐτῆς
1081 2134 1297 2203 φαγεῖν
1324 2138 1412 2203 είς
1442 2140 1835 2209 πλησμονὴν,

237 2220 346 2273 καὶ
376 2223 803 2289 περιϐαλέσθαι
823 2228 911 2292 εὶς
939 2225 1007 2279 τὸ
1050 2227 1411 2285 παλαιῶσαι.
1475 2231 1535 2285 Ὀ
1567 2233 1623 2286 δὲ
1671 2233 1837 2287 Ἀκύ-

237 2311 382 2374 λας·
430 2312 551 2380 Τοῖς
582 2315 941 2385 καθημένοις
1002 2320 1090 2384 εις
1140 2319 1208 2373 τὸ
1236 2324 1565 2388 πρόσωπον
1611 2325 1837 2392 Κυρίου

236 2407 420 2461 ἔσται
476 2408 765 2480 ἐμπόριον
811 2411 1003 2480 αὐτῆς
1041 2414 1146 2468 τοῦ
1185 2416 1401 2485 φαγεῖν
1443 2421 1531 2486 εις
1564 2424 1839 2491 πλησμο-

237 2500 385 2569 νὴν,
412 2504 501 2567 είς
552 2503 815 2567 ἕσθησιν
857 2506 1227 2575 μετάρσεως.
1293 2508 1351 2562 Ὀ
1398 2510 1453 2562 δὲ
1507 2511 1833 2567 Θεοδοτίωνο

240 2594 357 2647 Kal
386 2595 809 2663 περιϐαλέσθαι
846 2600 935 2663 εἰς
967 2601 1329 2656 παλαίωσιν.
1366 2604 1428 2656 Ol
1459 2604 1516 2657 δὲ
1567 2605 1837 2679 Ἐϐδομή-

239 2702 411 2738 κοντα
432 2703 445 2717 '
468 2686 580 2740 Kal
601 2688 735 2757 περὶ
760 2689 879 2744 τῶν
904 2695 1372 2762 προσφερόντων
1399 2694 1620 2753 αὐτῶν.
1655 2698 1741 2762 Ὠς
1778 2701 1836 2752 ὲν

237 2778 561 2850 εύκτηρίοις
600 2782 985 2854 ἑστιωμένων,
1022 2786 1136 2839 ἀλλ’
1182 2787 1242 2839 οὐ
1293 2787 1547 2859 καθάπερ
1582 2790 1641 2844 ὲν
1685 2791 1838 2845 εἰδω-

237 2871 414 2937 λείοις
440 2874 499 2926 τὸ
526 2874 791 2948 πρότερον
818 2876 937 2940 ταῖς
968 2877 1230 2950 εὐωχίαις
1260 2880 1688 2952 ὲπανηγύριζον.

849 3187 1102 3244 ΚΕΦΑΛ.
1141 3189 1266 3245 ΚΔθ.

308 3287 507 3349 (ι’-κγ’.
550 3281 696 3335 Ἰδοὺ
740 3282 955 3351 Κύριος
997 3281 1373 3350 καταφθείρει
1412 3280 1529 3350 τὴν
1561 3283 1834 3351 οικουμε-
1860 3311 1903 3370 C

233 3392 381 3441 νην,
423 3374 522 3427 καὶ
568 3373 859 3444 ἐρημώσει
909 3372 1125 3441 αὐτὴν,
1186 3373 1287 3427 καὶ
1345 3374 1728 3441 ἀνακαλύψω
1766 3373 1830 3427 τὸ

232 3471 573 3537 πρόσωπον
593 3466 806 3535 αὐτῆς,
828 3466 923 3520 καὶ
949 3465 1266 3534 ὃιασπερεῖ
1280 3465 1423 3530 τοὺς
1446 3464 1834 3532 ἐνοικοῦντας

231 3560 306 3612 ἐν
334 3556 517 3626 αὐτῇ.
552 3556 659 3611 Καὶ
682 3557 854 3612 ἔσται
884 3560 917 3611 ό
937 3557 1203 3623 λαὸς,ὼς
1229 3557 1423 3625 ἱερεύς
1441 3572 1454 3586 ⁸
1478 3556 1577 3609 καὶ
1610 3560 1643 3610 ό
1667 3556 1830 3621 παῖς,

229 3649 318 3713 ὡς
353 3651 388 3701 ό
407 3648 610 3714 κύριος
629 3648 770 3705 ’.καὶ
802 3648 840 3716 ἡ
876 3647 1224 3714 θεράπαινα,
1253 3649 1333 3715 ὡς
1348 3650 1386 3718 ἠ
1417 3648 1596 3717 κυρία
1619 3668 1634 3683 ·
1661 3650 1833 3704 ἔσται

230 3743 269 3794 ὀ
298 3737 629 3807 ἀγοράζων,
661 3739 742 3806 ὠς
781 3742 814 3793 ό
843 3739 1083 3803 πωλῶν,
1117 3758 1170 3793 κ.
1203 3758 1254 3793 τ.
1282 3739 1335 3794 λ.

310 3831 398 3884 Τὰ
428 3831 762 3903 καταμέρος,
822 3832 1008 3901 φασὶν,
1056 3833 1323 3904 εἰρημένα
1375 3834 1505 3904 περὶ
1557 3835 1832 3907 διαφόρων

232 3922 438 3988 ἐθνῶν,
466 3922 560 3976 νῦν
594 3923 668 3985 ῶς
696 3925 753 3977 ὲν
779 3923 1061 3994 κεφαλαίῳ
1101 3924 1414 3995 περιλαϐὼν
1442 3966 1457 3990 ,
1498 3928 1833 3996 οὶκουμενι-

231 4017 367 4085 κήν
399 4016 655 4087 ὀνομάζει
686 4018 915 4087 φθορὰν
940 4018 1040 4088 τὴν
1068 4018 1208 4070 κατὰ
1241 4018 1453 4071 πολλῶν
1473 4019 1645 4072 ἐθνῶν
1674 4038 1829 4089 γενο-

232 4108 439 4177 μένην.
482 4107 877 4175 Ἀνακαλύψει
910 4107 966 4160 δὲ
995 4106 1204 4177 ταύτης
1237 4107 1302 4161 τὸ
1325 4110 1653 4177 πρόσωπον
1678 4111 1833 4176 δίκας

232 4200 610 4269 εἰσπράττων,
646 4200 739 4252 καὶ
787 4198 887 4269 τὴν
928 4198 1297 4253 λανθάνουσαν
1330 4201 1498 4255 πάλαι
1542 4202 1833 4274 διελέγχων

232 4291 501 4344 ἀσέϐειαν
522 4291 815 4359 πρόσωπον
836 4286 1004 4344 οὖσαν
1044 4292 1143 4361 τῆς
1172 4292 1405 4345 ἑκάστου
1434 4293 1641 4347 τούτων
1664 4295 1829 4367 ζωῆς.

232 4383 378 4437 Θεοῦ
405 4383 515 4455 γὰρ
542 4383 681 4455 όργὴ
726 4382 822 4456 τὴν
852 4383 961 4436 τῶν
992 4384 1312 4454 πασχόντων
1362 4384 1520 4450 ἀξίαν
1559 4386 1832 4457 παρίστη-

235 4495 350 4539 σιν,
383 4475 509 4530 καθ’
534 4476 602 4548 ἣν
624 4476 982 4548 ὑπερέχοντες
1019 4496 1078 4531 τε
1106 4479 1199 4532 καὶ
1225 4480 1477 4532 ταπεινοὶ
1518 4480 1719 4541 πάντες
1746 4480 1830 4547 γί-

234 4587 425 4624 νονται
468 4570 863 4641 παραπλήσιοι.
920 4571 1031 4639 Τὴν
1075 4572 1183 4643 γὰρ
1216 4570 1373 4637 ἀξίαν
1424 4570 1531 4624 τῶν
1589 4571 1832 4640 λογάδων

1934 1971 2242 2039 negotiatio,
2274 1982 2329 2026 ut
2370 1973 2637 2039 comedat,
2663 1988 2708 2030 et
2745 1977 2913 2042 bibat,
2949 1988 2999 2032 et
3029 1981 3307 2049 expleatur
3335 1986 3405 2038 ad
3432 2003 3527 2040 sa-

1936 2063 2210 2118 turitatem
2244 2065 2297 2119 in
2339 2069 2719 2123 monimentum
2764 2069 3010 2139 Domino,
3035 2076 3180 2144 quod
3210 2087 3401 2147 aperte
3423 2094 3525 2133 ex.

1937 2156 2061 2210 tulit
2107 2156 2473 2229 Symmachus
2515 2160 2601 2217 his
2643 2163 2826 2219 verbis
2863 2181 2877 2218 :
2914 2164 3017 2220 His
3037 2167 3130 2236 qui
3159 2168 3404 2223 habitant
3436 2187 3527 2225 co-

1936 2262 2052 2299 ram
2078 2246 2329 2314 Domino,
2358 2251 2456 2304 erit
2488 2252 2603 2319 ejus
2636 2253 2951 2323 negotiatio,
2974 2265 3031 2310 ut
3064 2256 3226 2327 302
3258 2258 3327 2312 ad
3359 2263 3526 2315 satie-

1937 2346 2102 2392 tatem
2161 2339 2464 2407 comedant,
2521 2353 2570 2397 et
2614 2346 2911 2399 vestiantur
2955 2358 3011 2400 ut
3064 2359 3413 2408 vetcrascant.
3449 2354 3524 2409 lla

1936 2440 2120 2485 autem
2175 2433 2404 2502 Aquilas
2435 2452 2450 2489 :
2489 2435 2588 2490 His
2619 2438 2709 2508 qui
2740 2440 2795 2491 in
2832 2438 3051 2494 Domini
3086 2442 3283 2511 faciem
3318 2445 3523 2511 sedent,

1932 2524 2033 2577 erit
2057 2528 2350 2594 emporium
2376 2529 2512 2598 ejus,
2548 2541 2605 2584 ut
2654 2531 2725 2585 ad
2754 2536 3095 2589 saturitatem
3138 2539 3440 2603 comedunt,
3476 2550 3525 2595 et
3555 2532 3563 2538 ’

1936 2620 2241 2672 mutatoriis
2274 2622 2590 2677 vestiantur.
2627 2622 2936 2679 Theodotio
2952 2643 3082 2683 vero
3115 2648 3127 2683 :
3162 2640 3222 2683 ut
3254 2632 3525 2686 amiciun-

1937 2715 2024 2758 tur
2047 2708 2118 2760 ad
2152 2717 2486 2763 vetustatem.
2522 2712 2853 2783 lnterpretes
2894 2729 3073 2770 autem
3123 2717 3521 2791 Septuaginta;

1933 2810 1983 2854 et
2012 2799 2075 2854 de
2110 2801 2178 2853 iis
2208 2802 2364 2869 ipsis,
2389 2804 2480 2873 qui
2511 2805 2742 2874 o/ferunt
2779 2824 2791 2860 :
2828 2816 3091 2877 tanquam
3119 2808 3185 2864 de
3216 2810 3307 2866 his
3331 2814 3526 2868 intelli-

1936 2903 2089 2964 gant,
2124 2896 2219 2964 qui
2253 2896 2305 2949 in
2333 2896 2470 2952 locis
2500 2899 2741 2953 orationi
2776 2903 3139 2965 consecratis,
3170 2905 3319 2959 velut
3343 2907 3523 2975 epulis

1934 3001 2058 3043 sese
2100 2989 2476 3056 oblectabant,
2513 3006 2694 3062 neque
2714 2992 2852 3062 jam,
2886 3005 2944 3049 ut
2978 2996 3136 3065 prius
3187 2997 3243 3051 in
3275 2998 3522 3058 delubris

1939 3078 2212 3134 idolorum
2238 3097 2436 3153 magna
2466 3084 2793 3138 celebritate
2819 3087 3073 3142 convivia
3107 3089 3411 3159 agitabant.

2524 3175 2676 3232 CAP.
2730 3176 2925 3233 XXIV.

2010 3265 2175 3324 Vens.
2210 3268 2362 3323 1-23.
2414 3267 2549 3323 Ecce
2592 3269 2850 3326 Dominus
2876 3284 3175 3341 corrumpet
3227 3276 3425 3343 orbem,
3467 3266 3559 3333 ιδ’

1937 3361 2169 3413 vastabit
2215 3376 2356 3421 eum,
2396 3373 2441 3414 et
2469 3361 2719 3416 reuelabit
2751 3366 2943 3434 faciem
2981 3367 3120 3436 ejus,
3167 3378 3216 3423 et
3255 3369 3521 3441 disperget

1935 3451 2262 3506 habitatores
2289 3455 2426 3522 ejus.
2456 3453 2522 3506 Et
2543 3455 2642 3507 erit
2666 3458 2912 3526 populus,
2944 3470 3198 3530 tanquam
3245 3466 3517 3534 sacerdos,

1934 3552 1981 3596 et
2033 3561 2214 3598 servus
2264 3554 2518 3615 tanquam
2557 3546 2842 3613 dominus,
2879 3561 2927 3604 et
2975 3553 3205 3622 fantula,
3261 3566 3518 3628 tanquam

1937 3634 2189 3692 Domina.
2231 3635 2299 3691 Et
2330 3640 2420 3709 qui
2440 3643 2586 3705 emit,
2619 3650 2871 3711 tanquam
2908 3647 2997 3715 qui
3027 3647 3221 3713 vendit,
3250 3659 3354 3703 etc.

2004 3817 2169 3891 304
2220 3819 2353 3886 Quae
2387 3820 2667 3892 sigillatim
2710 3822 2777 3877 de
2827 3825 3017 3882 multis
3064 3828 3325 3898 gentibus
3370 3830 3517 3886 dicta

1935 3921 2086 3974 sunt,
2126 3928 2189 3966 ea
2215 3930 2361 3968 nunc
2388 3917 2557 3969 veluti
2589 3917 2920 3988 compendio
2943 3923 3358 3991 compleantur,
3384 3924 3517 3980 dum

1934 4017 2034 4071 per
2080 4004 2223 4057 orbis
2279 4007 2673 4075 corruptionem
2730 4010 2981 4067 nationes
3031 4014 3231 4067 multas
3272 4016 3517 4073 universi

1933 4094 2160 4151 nomine
2186 4098 2619 4167 comprehensas
2645 4103 2946 4173 signiﬁcat.
2973 4104 3131 4169 Quod
3168 4116 3351 4162 autem
3398 4110 3519 4180 ejus

1934 4204 1993 4243 se
2013 4190 2209 4259 faciem
2252 4193 2606 4249 revelaturum
2639 4199 2797 4263 dicit,
2847 4216 3041 4269 ptenas
3074 4213 3423 4269 exacturum,
3464 4215 3519 4260 et

1936 4284 2295 4353 impietatem,
2340 4304 2462 4356 quae
2489 4291 2618 4344 olim
2654 4292 2756 4346 sub
2798 4294 3071 4362 cujusque
3120 4295 3244 4349 vitze
3282 4314 3517 4366 persona

1936 4375 2163 4440 latebat,
2212 4378 2561 4447 proditurum
2620 4388 2675 4436 et
2712 4383 3138 4452 redarguturum
3184 4401 3243 4440 se
3289 4388 3521 4442 demon-

1937 4476 2101 4523 strat.
2134 4467 2229 4523 Dei
2276 4469 2466 4525 furore
2503 4471 2774 4542 siquidem
2808 4475 3028 4529 illorum
3072 4476 3251 4531 nobis.
3290 4478 3384 4548 qui
3420 4494 3519 4548 pa-

1938 4561 2152 4614 tinntur
2174 4562 2428 4616 meritum
2452 4564 2783 4630 ostenditur,
2804 4582 2912 4636 quo
2937 4583 3154 4632 omnes,
3177 4570 3292 4623 sive
3312 4571 3517 4626 excelsi

232 4661 545 4732 διακρίνειν
567 4662 666 4714 οὐκ
695 4657 803 4715 οἶδε
847 4661 1125 4733 πολέμιος.
1171 4664 1283 4734 Τῆς
1332 4663 1390 4716 δὲ
1424 4664 1591 4718 πάλαι
1620 4665 1831 4732 τάξεως

1939 4654 2052 4715 illi,
2107 4655 2222 4709 sive
2276 4654 2511 4712 lmtniles
2555 4659 2868 4713 exstiterint
2901 4697 2919 4723 ,
2966 4661 3176 4715 similes
3221 4661 3515 4721 habentur.

234 4755 620 4825 ἀπεργάζεται
647 4754 928 4825 σύγχυσιν,
977 4757 1075 4810 καὶ
1104 4756 1205 4818 τὰς
1250 4739 1485 4820 ἁλούσας
1518 4756 1704 4823 πόλεις
1732 4758 1827 4811 καὶ

233 4848 427 4919 χώρας
457 4847 869 4917 καταλαμϐάνει
900 4851 1175 4921 κατήφεια
1200 4850 1289 4904 διὰ
1317 4851 1414 4921 τῆς
1464 4851 1825 4923 ἐρημώσεως,

234 4938 306 5009 ἣν
332 4936 401 5008 δὴ
436 4936 529 4989 καὶ
548 4935 771 5002 πένθος
798 4937 1078 4991 ἐκάλεσεν.
1107 4938 1227 4991 Τῶν
1263 4938 1484 5009 ὑψηλῶν
1515 4940 1572 4993 δὲ
1609 4942 1703 4996 καὶ
1734 4960 1828 4995 πε-

232 5026 654 5100 ριφανεστέρων
681 5027 1022 5082 καθάπτεται
1053 5029 1215 5082 πλέον
1244 5030 1278 5100 ὴ
1314 5031 1589 5102 συμφορὰ,
1613 5032 1708 5085 διὰ
1728 5031 1827 5103 τὴν

235 5122 334 5189 ἀφ’
365 5117 441 5174 ὧν
468 5121 847 5192 ἐστερήθησαν
870 5122 1008 5192 πρὸς
1037 5122 1297 5175 τάναντία
1317 5124 1646 5196 μεταϐολήν.
1668 5127 1827 5179 Ἀνο-

234 5213 434 5283 μῆσαι
459 5213 517 5266 δέ
546 5230 679 5284 φησι
707 5214 822 5281 τὴν
850 5213 987 5284 γῆν,
1029 5213 1175 5268 τοῦτ’
1218 5214 1333 5269 ἔστι
1356 5216 1482 5280 τοὺς
1512 5218 1831 5271 κατοικοῦν-

237 5324 360 5369 τας,
384 5306 462 5371 ὡς
482 5307 578 5361 καὶ
602 5307 754 5372 πόλις
774 5308 971 5379 ἄνομος
993 5308 1231 5377 λέγεται.
1267 5308 1339 5361 Τὸ
1365 5309 1474 5379 γὰρ
1498 5309 1707 5364 δίκαιον
1732 5312 1832 5382 τῆς

236 5400 515 5470 τιμωρίας
571 5402 808 5463 δεικνὺς,
860 5403 1202 5473 προσεπάγει
1250 5400 1485 5466 τούτοις,
1526 5402 1677 5457 διότι
1722 5406 1830 5457 τὸν

237 5489 433 5557 νόμον
484 5489 858 5557 παρέϐησαν,
910 5491 1450 5561 συμπεριλαμϐάνων
1496 5495 1609 5557 τοῖς
1650 5493 1831 5547 ἔθνεσι

238 5578 364 5640 τοὺς
392 5578 513 5648 ἃμα
552 5578 826 5643 παθόντας
867 5582 1050 5645 αὐτοῖς
1095 5581 1384 5645 Ἰουδαίους
1404 5625 1417 5648 ,
1441 5584 1547 5636 Καὶ
1578 5584 1835 5653 παρέϐη-

244 5684 390 5733 σαν,
425 5668 627 5736 λέγων,
664 5668 961 5739 διαθήκην
1016 5670 1275 5727 αἰώνιον.
1331 5672 1556 5726 Πάντων
1618 5674 1675 5726 δὲ
1723 5675 1834 5727 τῶν

312 5845 336 5876 ³
373 5843 413 5898 ΙΙ
445 5842 583 5915 Reg.
635 5862 687 5912 v,
732 5844 831 5911 ll;
874 5842 893 5896 1
931 5844 1112 5902 Paral.
1157 5862 1264 5912 xw,
1303 5847 1349 5901 l.

1928 4748 2273 4803 Eximiornm
2317 4750 2462 4803 enim
2502 4758 2559 4805 et
2594 4759 2911 4822 magnetem
2944 4754 3213 4808 rationem
3238 4772 3347 4809 non
3378 4757 3517 4811 solet

1909 4838 2109 4894 hostis
2138 4840 2340 4896 habere
2378 4860 2392 4897 :
2426 4842 2521 4896 sed
2549 4842 2817 4898 usitatum
2845 4845 2975 4898 olim
3000 4846 3252 4901 ordinem
3281 4847 3520 4903 confun-

1928 4927 2082 4985 dere.
2115 4930 2293 4986 Urbes
2339 4930 2552 4998 adhaec,
2582 4940 2637 4987 et
2672 4935 2928 5005 regiones
2970 4940 3161 5002 etiam,
3185 4953 3313 4994 cum
3343 4956 3518 5009 expu-

1929 5032 2189 5091 gnantur,
2213 5024 2471 5079 vastitate
2514 5025 2743 5080 multum
2777 5026 3199 5096 deprimuntur;
3254 5031 3397 5101 quod
3432 5032 3517 5085 ιιι-

1929 5118 2088 5188 gendi
2129 5117 2295 5173 verbo
2326 5118 2699 5189 signiﬁcatur.
2748 5119 2856 5177 Sed
2899 5124 3148 5179 excelsos
3185 5132 3240 5179 et
3270 5124 3515 5182 illustres

1932 5212 2158 5281 gravius
2187 5212 2311 5267 ideo
2340 5213 2509 5267 allicit
2533 5213 2843 5278 calamitas,
2873 5216 3018 5286 quod
3038 5232 3229 5271 eorum
3261 5225 3366 5281 est,
3390 5220 3517 5288 qni-

1931 5303 2034 5357 bus
2100 5304 2295 5373 privati
2345 5315 2496 5367 sunt,
2537 5306 2591 5359 in
2651 5310 2929 5363 Contraria
2983 5311 3235 5367 mutatio.
3289 5314 3516 5377 Deinde.

1932 5396 2079 5465 quod
2136 5406 2334 5451 terram
2365 5398 2529 5465 impie
2566 5401 2735 5471 egisse
2763 5401 2923 5465 dixit,
2955 5405 3075 5474 ejus
3104 5404 3318 5461 incolas
3351 5407 3519 5478 signi-

1933 5488 2114 5544 ticavit
2147 5489 2338 5546 eadem
2363 5491 2524 5561 plane
2562 5493 2797 5557 ratione,
2826 5509 2891 5550 ac
2930 5495 2977 5549 si
3025 5497 3092 5552 de
3121 5497 3255 5554 urbe
3290 5499 3519 5569 loquen-

1947 5591 2049 5646 tes,
2079 5582 2305 5653 impiam
2327 5584 2686 5654 appellemus.
2723 5584 2792 5641 Ut
2828 5588 2976 5642 enim
3008 5589 3216 5659 justam
3249 5607 3370 5649 esse
3400 5593 3521 5648 vin-

1934 5671 2139 5729 dictam
2180 5676 2483 5747 judicaret,
2514 5666 2678 5749 legem
2710 5679 2947 5749 primum
2988 5699 3102 5737 esse
3134 5687 3517 5753 pra’varicatos

1436 5850 1455 5877 ⁸
1490 5848 1507 5901 l
1540 5848 1664 5905 Cor.
1705 5864 1779 5915 ll,
1826 5850 1917 5917 l5,
1960 5852 2041 5907 Μ.

3383 380 3525 443 9190
3612 437 3616 442 ,
