4020 6372
574 273 710 342 2191

1867 260 2217 327 PROCOPH
2278 261 2523 325 GAZIEI

3670 261 3780 328 9.192

576 393 737 446 dixit.
790 387 1019 446 Deinde.
1074 396 1131 440 nt
1177 399 1302 440 cum
1349 383 1607 456 gentibus
1650 381 1886 438 aliiictos
1927 395 2149 452 quoque

2263 380 2519 442 ἁλόντων,
2580 377 2775 448 ὀλίγοι
2825 377 2924 448 μὲν
2963 377 3020 431 ἐν
3053 379 3170 438 ταῖς
3219 375 3422 448 χώραις
3470 377 3783 448 exclusam}-

583 484 794 540 ludteos
832 479 1342 556 comprehenderet,
1372 477 1755 546 sempiternum
1787 473 1949 546 305
1969 479 2152 529 'testa-

578 586 815 632 mentum
848 582 1211 644 transgressos
1233 584 1359 626 esse
1389 566 1590 639 adjecit
1624 566 1865 637 :quibus
1898 564 2074 634 captis
2101 569 2155 618 et

577 668 850 744 superatis
870 665 1147 732 omnibus,
1169 663 1327 733 pauci
1343 659 1406 717 τη
1428 660 1749 738 regionibus
1762 657 2146 728 relinquentur.

577 765 754 833 Agent
777 773 907 815 vero
934 758 1101 811 vitam
1133 763 1188 809 et
1210 753 1288 809 illi
1322 753 1378 808 in
1395 751 1764 814 mendicitate,
1787 746 2010 819 quando
2028 761 2154 800 cum

577 850 904 924 pwttitentia
951 863 1093 919 opus
1143 857 1314 910 esset,
1368 860 1476 900 non
1534 857 1699 900 secus
1751 850 1918 910 atque
1959 835 2158 900 Judaei,

576 939 949 1016 voluptatibus
977 937 1344 1008 indulgentes:
1368 934 1638 990 «Edamus
1660 943 1712 988 et
1735 931 2010 993 bibamus,
2033 943 2161 982 cras

575 1033 720 1090 enim
752 1030 1023 1086 morimur
1055 1032 1098 1095 ⁸,
1140 1047 1158 1082 ι
1203 1028 1486 1083 dixerunt.
1521 1025 1596 1081 De
1628 1025 1717 1080 his
1760 1031 1816 1079 et
1845 1019 1972 1078 aliis
2008 1020 2156 1075 hunc

577 1123 632 1178 in
666 1121 888 1177 modum
927 1119 1173 1190 loquitur
1212 1117 1475 1189 propheta
1517 1132 1533 1169 :
1573 1135 1592 1167 ι
1627 1113 1733 1181 Qui
1771 1110 2058 1168 dormiunt
2097 1107 2153 1163 in

578 1216 736 1271 lectis
811 1211 1110 1274 eburneis,
1159 1211 1367 1281 quique
1416 1207 1716 1263 lasciviunt
1755 1206 1799 1259 ⁸.
1869 1221 1888 1256 ι
1952 1200 2156 1258 Deinde

575 1307 767 1379 paucis
811 1305 1168 1375 interiectis:
1206 1321 1225 1355 ι
1273 1302 1340 1357 Et
1393 1301 1532 1358 nihil
1587 1299 1942 1370 patiebantur
1986 1309 2156 1365 super

576 1398 908 1457 contritione
937 1395 1168 1469 Ioseph.
1216 1413 1236 1449 ›
1275 1393 1406 1448 lnde
1450 1391 1758 1459 estigitur,
1786 1388 1935 1460 quod
1979 1387 2156 1441 lactu-

2252 486 2493 526 σονται·
2532 471 2684 540 μετὰ
2725 469 3019 536 πτωχείας
3063 467 3122 522 δὲ
3173 465 3589 538 βιωτεύσουσιν,
3635 471 3786 544 ἐπειδὴ

2256 562 2590 634 μετανοῆσαι
2623 560 2767 623 δέον,
2795 559 3156 630 προσέκειντο
3196 561 3318 622 ταῖς
3342 560 3571 629 τρυφαῖς
3592 595 3607 621 ,
3636 559 3787 634 ῶσπερ

2261 652 2546 716 Ἰουδαῖοι,
2588 669 2606 704 ι
2640 651 2906 720 Φάγωμεν
2930 649 3026 703 καὶ
3060 647 3593 720 πίωμεν,λέγοντες,
3634 649 3788 722 αὔριον

2253 743 2363 814 γὰρ
2388 742 2834 813 ἀποθνήσκομεν.
2871 761 2889 794 ι
2925 741 3062 814 Περί⁵
3089 733 3166 796 ὧν
3191 740 3378 812 ἕτερος
3407 742 3681 812 προφήτης
3707 761 3789 816 φη-

2255 835 2338 890 σίν
2360 851 2376 867 ·
2417 854 2435 887 ι
2494 835 2558 888 Οἰ
2591 833 2947 897 καθεύδοντες
2993 833 3087 888 ἐπὶ
3122 833 3319 886 κλινῶν
3345 831 3689 900 ἐλεφαντίνων
3717 836 3789 889 καὶ

2259 925 2815 990 κατασπαταλῶντες.
2856 945 2876 978 ι
2923 925 3034 980 Καὶ
3087 923 3206 996 μετ’
3237 923 3396 992 ὀλίγα
3418 938 3432 952 ⁸
3491 940 3510 976 ι
3571 925 3668 976 Καὶ
3711 927 3790 980 οὐκ

2259 1018 2496 1090 ἔπασχον
2521 1017 2678 1074 οὐδὲν
2713 1019 2806 1072 ἐπὶ
2843 1020 2910 1090 τῇ
2946 1017 3212 1089 συντριϐῇ
3251 1017 3473 1087 Ἰωσήφ.
3504 1034 3523 1067 ι
3553 1016 3645 1070 Διὰ
3664 1016 3790 1073 τοῦτό

2261 1110 2394 1180 φησί
2420 1108 2750 1175 πενθήσειν
2769 1108 2878 1163 τὸν
2905 1105 3074 1163 οἶνον
3098 1124 3113 1140 ο
3142 1105 3288 1160 τοῦτ’
3325 1105 3493 1170 ἐστιν,
3522 1106 3570 1158 οἰ
3599 1110 3791 1176 τρυφαῖς

2259 1201 2357 1257 καὶ
2379 1201 2522 1275 μέθῃ
2553 1200 2948 1273 προσκείμενοι
2973 1199 3072 1271 τὴν
3098 1198 3392 1272 περίεργον
3417 1197 3700 1252 ἀπόλαυσιν
3717 1198 3791 1254 τοῦ

2261 1291 2516 1356 πλούτου.
2567 1292 2663 1347 καὶ
2712 1295 2811 1362 τὴν
2839 1291 3094 1346 ἐντεῦθεν
3142 1289 3453 1353 δεικνύντες
3495 1289 3792 1358 ἀλαζονείαν,

2261 1385 2645 1456 πενθήσουσιν.

576 1513 696 1551 rum
749 1495 963 1558 vinum,
1006 1491 1200 1562 adjicit
1239 1509 1254 1544 :
1303 1505 1399 1545 eos
1445 1487 1755 1550 nimirum,
1809 1487 1904 1555 qui
1962 1480 2180 1540 deliciis
2213 1481 2758 1552 ebrietatiquedediti
2781 1479 2944 1536 anxia
2971 1489 3027 1536 et
3055 1478 3275 1535 curiosa
3335 1477 3640 1533 divitiarum
3690 1480 3797 1535 irai-

577 1595 729 1650 tione
767 1591 1136 1656 delectantur,
1178 1599 1447 1654 suamque
1480 1583 1609 1640 inde
1650 1581 1892 1654 produnt
1935 1579 2300 1637 temeritatem
2337 1587 2394 1634 et
2421 1579 2756 1649 superbiam.

650 1683 990 1755 Exprimitur
1045 1679 1307 1748 deinceps
1355 1677 1626 1730 victorum
1671 1673 1975 1729 crudelitas
2002 1711 2018 1738 ,
2065 1667 2159 1741 qui
2193 1674 2236 1728 Β

573 1790 768 1832 omnes
812 1772 878 1829 ad
930 1786 1099 1825 unum
1145 1767 1229 1824 vei
1273 1767 1507 1820 alterum
1548 1764 1614 1818 ad
1661 1764 2013 1824 servitutem,
2065 1765 2160 1814 aut

577 1880 793 1926 necent.
826 1878 934 1919 non
973 1861 1136 1916 aliter
1171 1864 1639 1930 perscrutantur,
1679 1869 1845 1925 quam
1878 1853 1972 1924 qui
2008 1851 2160 1906 oleas

576 1959 867 2030 colligunt,
899 1954 1029 2010 dum
1063 1949 1320 2007 excussis
1349 1948 1404 2002 in
1433 1955 1638 2002 terram
1678 1946 1829 2004 aliis.
1863 1959 1894 1999 a
1929 1939 2160 2012 reliquis

579 2051 734 2123 prius
781 2062 889 2103 non
930 2045 1235 2105 abstinent,
1282 2054 1447 2110 quam
1505 2038 1656 2093 nulla
1697 2036 1936 2108 amplius
1981 2047 2161 2088 rema-

579 2151 765 2206 nrnte,
800 2145 859 2194 ut
890 2137 1069 2192 solent
1108 2133 1202 2203 qui
1236 2131 1643 2186 racemationem
1697 2126 2016 2187 absolvunt,
2064 2137 2160 2178 ex-

579 2229 898 2290 sultabuudi
934 2241 1109 2282 vocem
1135 2224 1407 2279 emittant.
1445 2222 1525 2276 ita
1557 2219 1705 2273 enim
1744 2217 2066 2289 plerumojte
2091 2211 2161 2268 ab

580 2327 670 2386 iis,
699 2321 793 2392 qui
834 2333 970 2375 uvas
1012 2316 1305 2386 colligunt.
1346 2313 1462 2368 ﬁeri
1493 2307 1805 2366 consuevit.
1836 2305 1943 2361 Sed
1976 2319 2072 2360 eos
2101 2304 2158 2358 in

579 2419 760 2473 minas
787 2415 946 2479 istas,
986 2411 1081 2482 qui
1115 2411 1373 2481 pietatem
1401 2407 1618 2467 colunt,
1641 2404 1930 2458 incurrere
1962 2413 2161 2467 nequa-

580 2525 743 2582 quam
791 2505 1002 2578 patitur
1053 2501 1345 2556 Dominus.
1393 2497 1507 2552 Etsi
1544 2495 1690 2550 enim
1737 2491 1940 2562 impios
1968 2488 2159 2545 eadem

581 2579 874 2657 invasuros
898 2609 1022 2652 esse
1059 2592 1281 2654 asserit,
1323 2605 1434 2644 non
1460 2588 1640 2659 juslos
1675 2593 1854 2640 tamen
1894 2595 2018 2636 cum
2059 2579 2162 2633 im-

583 2691 690 2760 piis
737 2687 1064 2760 perditurus
1097 2692 1184 2740 est
1231 2680 1522 2742 Dominus,
1572 2676 1714 2748 quod
1755 2681 1810 2729 et
1857 2670 2161 2728 Ezechielis

583 2799 716 2839 voce
761 2780 1057 2836 didicimus
1112 2790 1240 2831 cum
1288 2775 1411 2828 ait:
1456 2791 1474 2824 ι
1517 2770 1618 2826 Fili
1647 2767 1886 2824 hominis
1913 2805 1928 2830 ,
1956 2763 2159 2835 inquit,

584 2889 731 2933 terra
764 2875 819 2929 in
873 2887 982 2944 qua
1024 2885 1126 2940 ego
1169 2866 1436 2940 judicium
1467 2863 1689 2928 induco,
1724 2858 2014 2931 sanguinis
2052 2863 2159 2912 est.

583 2966 741 3036 Quod
783 2967 827 3020 si
867 2965 922 3018 in
956 2960 1138 3017 medio
1169 2973 1362 3016 eorum
1395 2956 1601 3011 fuerint
1626 2954 1743 3010 Noe
1766 2963 1822 3009 et
1862 2951 2072 3016 Daniel,
2104 2955 2160 3005 et

581 3021 822 3125 Ῑοι),ιιιῑ
845 3054 1066 3126 quidem
1102 3067 1201 3124 pro
1234 3065 1332 3106 sua
1354 3048 1613 3120 aequitate
1638 3045 2036 3109 servabuntur;
2061 3040 2156 3097 sed
2185 3021 2228 3080 (ἶ

586 3164 729 3208 terra
772 3149 878 3204 erit
915 3148 971 3202 in
1000 3142 1353 3201 interitum’.
1400 3161 1419 3196 ι
1459 3140 1608 3196 idem
1638 3138 1804 3195 etiam
1851 3133 2053 3190 aliCubi
2090 3133 2160 3188 ad

587 3245 736 3299 viros
761 3257 856 3296 sex
890 3241 980 3308 qui
1013 3237 1412 3307 sequebantur,
1451 3233 1612 3302 eique
1635 3229 1768 3284 adeo
1792 3226 1884 3297 qui
1918 3224 2160 3281 securim

588 3333 837 3405 gestabat
873 3347 888 3386 :
928 3347 948 3381 ι
986 3327 1253 3390 Scindite,
1283 3323 1487 3395 inquit,
1527 3335 1627 3376 nec
1650 3318 1858 3390 parcite
1877 3316 1920 3371 ⁸.
1947 3334 1967 3368 ι
1999 3314 2162 3369 Dein-

587 3455 656 3509 de
688 3450 813 3506 aliis
836 3443 1180 3515 interjectis:
1215 3457 1233 3492 ι
1272 3437 1352 3493 Ad
1384 3447 1576 3492 omnes
1612 3442 1796 3488 autem
1835 3444 2001 3502 super
2023 3441 2163 3498 quos

588 3549 808 3617 signum
851 3549 960 3606 est,
1004 3551 1074 3593 ne
1119 3531 1399 3590 accedatis
1426 3531 1470 3585 ’.
1512 3547 1532 3582 ι
1583 3527 1854 3582 Caeterum
1905 3539 2002 3594 per
2029 3520 2162 3587 Noe,

591 3614 696 3695 tide
734 3635 996 3708 probatos
1037 3639 1091 3686 et
1130 3636 1316 3700 gratos
1353 3620 1657 3688 intellexit;
1708 3633 1804 3689 per
1857 3614 2162 3676 Danieiem,

590 3705 888 3802 prudentes
936 3732 993 3779 et
1023 3719 1402 3791 perspicaces;
1437 3721 1496 3768 ut
1538 3727 1634 3768 eos
1675 3725 1769 3782 per
1808 3708 2030 3774 Jobum,
2067 3705 2164 3777 qui

590 3796 815 3878 manent
851 3814 1091 3871 infracto
1140 3812 1409 3866 adversus
1440 3805 1624 3862 omnia
1672 3801 1893 3858 animo:
1917 3797 2038 3870 qui,
2071 3796 2164 3853 ubi

592 3919 823 3968 mortem
858 3904 1172 3978 effugerint,
1197 3916 1318 3954 eum
1350 3907 1480 3953 tunc
1516 3895 1889 3956 iaudabunt,a
1912 3906 2020 3962 quo
2035 3897 2166 3947 sunt

592 4002 826 4058 salutem
873 3993 1180 4052 consecuti.
1232 3986 1556 4044 Turbabitur
1613 3993 1822 4048 autem,
1881 3981 1979 4044 ait,
2025 3996 2163 4051 aqua

592 4095 794 4158 maris;
837 4091 956 4163 ipsa
1002 4085 1257 4142 nimirum
1296 4080 1542 4152 gentium
1595 4074 1940 4132 multitudo:
1995 4081 2058 4128 ιιι
2098 4087 2167 4128 ex

595 4184 800 4241 Davide
825 4193 1024 4252 magno
1051 4175 1301 4246 colligas,
1339 4172 1431 4228 ubi
1465 4187 1479 4224 :
1526 4188 1545 4221 ι
1576 4167 1690 4223 iloc
1723 4181 1871 4222 mare
1902 4178 2164 4236 magnum

590 4284 646 4331 et
672 4273 975 4347 spatiosum
996 4267 1061 4334 '°,
1087 4283 1106 4317 ι
1136 4273 1444 4332 οωιοτοηυο
1471 4258 1635 4330 306
1653 4256 1742 4312 illa
1781 4269 1903 4326 qua:
1923 4269 2165 4326 sequun-

2349 1666 2508 1740 Ἑξῆς
2541 1667 2598 1722 δὲ
2631 1666 2739 1720 τῶν
2766 1666 2995 1721 ἑλόντων
3017 1665 3218 1728 αὐτοὺς
3248 1663 3525 1735 πολεμίων
3543 1663 3800 1734 παραδηλοῖ

2260 1761 2360 1832 τὴν
2398 1761 2680 1831 ὠμότητα,
2745 1761 2839 1814 καὶ
2891 1759 3054 1830 μέχρι
3103 1757 3265 1828 μόνον
3294 1755 3417 1820 ένδς
3447 1756 3481 1826 ἢ
3503 1755 3660 1819 δυεῖν,
3698 1757 3800 1818 soi»;

2260 1856 2341 1919 εἰς
2369 1853 2604 1924 σφαγήν,
2637 1853 2671 1924 ἢ
2706 1853 2833 1916 τοὺς
2866 1850 3252 1923 αἰχμαλώτους
3298 1848 3589 1919 ἐσομένους
3623 1847 3798 1918 διερευ-

2261 1946 2498 2010 νώντων,
2529 1944 2737 2000 ὡσανεὶ
2758 1943 3069 2016 τρυγῶντες
3098 1941 3286 1996 ἐλαίαν
3319 1940 3633 2010 ἐτύγχανον,
3660 1941 3704 1992 οἰ
3727 1942 3801 1993 καί

2260 2038 2370 2094 τῶν
2398 2039 2498 2110 μὲν
2528 2037 2798 2110 κειμένων
2817 2076 2833 2102 ,
2878 2035 2985 2089 τῶν
3011 2035 3070 2088 δέ
3107 2033 3446 2106 ληφθέντων,
3495 2031 3588 2086 καὶ
3613 2029 3801 2101 μηδενὸς

2260 2129 2340 2183 ἔτι
2382 2127 2730 2199 λειπομένου,
2781 2125 3134 2194 ,Borjaovatr
3183 2124 3549 2189 ἀλαλάζοντες
3573 2163 3590 2188 ,
3637 2121 3804 2175 ὡσανεὶ

2261 2221 2594 2291 τρυγῶντες
2613 2219 2945 2274 ἐπαύσαντο.
2971 2218 3143 2274 Τοῦτο
3173 2218 3281 2289 γάρ
3309 2215 3426 2270 ἔσθ’
3447 2215 3535 2269 ὅτε
3565 2214 3704 2284 φίλον
3715 2217 3802 2278 τοῖς

2259 2314 2506 2387 τρυγῶσι
2534 2312 2894 2384 καθέστηκεν.
2927 2311 3055 2366 Ἐπὶ
3101 2311 3158 2365 δὲ
3206 2311 3329 2374 ταῖς
3365 2309 3617 2371 ἀπειλαῖς
3649 2308 3806 2378 οὒκέᾷ

2259 2408 2388 2472 τοὺς
2423 2404 2782 2471 εὑσεϐοὓντας
2830 2406 3192 2460 καταπεσεῖν.
3241 2403 3305 2457 Εἰ
3360 2403 3474 2474 γὰρ
3509 2402 3601 2456 καὶ
3643 2400 3803 2460 ταῦτα.

2263 2501 2421 2573 φησί,
2467 2500 2596 2564 τοὺς
2653 2499 2892 2570 ἀνόμους
2938 2496 3239 2563 ἐκδέξεται,
3269 2496 3412 2567 πλὴν
3465 2481 3563 2549 οὐκ
3587 2494 3803 2547 ἀπολέσει

2261 2594 2468 2664 Κύριος
2495 2593 2634 2665 μετά
2655 2591 2766 2647 τῶν
2802 2590 3150 2647 ἀσεϐούντων
3170 2589 3263 2644 τὸν
3291 2589 3524 2644 δίκαιον.
3553 2590 3616 2643 ⁴¹0
3642 2587 3725 2641 καὶ
3753 2583 3804 2640 δι’

2278 2685 2540 2758 Ἰεζεκιήλ
2569 2702 2735 2757 φησιν
2773 2686 2801 2738 ὁ
2839 2683 2970 2749 Θεός
2989 2697 3006 2714 ⁸
3038 2701 3059 2736 ι
3094 2683 3188 2737 Υἱὲ
3213 2681 3529 2752 ἀνθρώπου,
3555 2680 3730 2750 λέγων,
3749 2678 3807 2748 γῆ

2262 2782 2347 2850 ἐφ’
2373 2780 2442 2856 ἢν
2493 2781 2685 2849 ἐπάγω
2724 2781 2924 2851 κρῖμα,
2975 2778 3230 2849 αἵματος.
3262 2776 3383 2831 Κᾶν
3439 2768 3572 2830 ῶσιν
3603 2776 3657 2830 ἐν
3683 2772 3806 2843 μέσῳ

2262 2873 2444 2928 αὐτῶν
2485 2873 2634 2935 Νῶε,
2687 2872 2782 2925 καὶ
2833 2869 3052 2941 Δανιὴλ,
3079 2870 3176 2924 καὶ
3218 2869 3360 2934 Ἰὼδ,
3395 2863 3542 2923 οὗτοι
3566 2867 3620 2920 ἐν
3663 2868 3720 2935 τῇ
3742 2863 3806 2916 δι-

2265 2964 2526 3035 καιοσύνῃ
2549 2962 2730 3016 αὐτῶν
2765 2962 3139 3033 σωθήσονται·
3170 2960 3287 3032 ήδέ
3319 2961 3391 3031 γῆ
3437 2957 3589 3012 ἔσται
3620 2958 3694 3021 εἰς
3711 2954 3806 3010 δλε-

2263 3059 2412 3130 θρον.
2455 3077 2474 3110 ι
2510 3055 2622 3110 Καὶ
2651 3054 2887 3125 ἀλλαχοῦ
2935 3054 3072 3126 πρὸς
3116 3054 3243 3118 τοὺς
3300 3050 3601 3122 ἑπομένους
3641 3048 3697 3113 ἐξ
3735 3048 3809 3102 άν-

2261 3152 2414 3224 δρας,
2445 3150 2521 3222 τῷ
2554 3151 2646 3205 τὸν
2678 3150 2890 3203 πέλυκα
2935 3149 3158 3220 φέροντι
3179 3162 3193 3177 ’
3248 3165 3266 3199 ι
3299 3145 3549 3200 Κόπτετε
3575 3183 3590 3204 ,
3636 3143 3721 3196 καί
3749 3140 3809 3211 μή

2263 3244 2532 3314 φείδεσθε.
2575 3261 2593 3295 ι
2645 3244 2755 3298 Καὶ
2791 3242 2912 3313 μεθ’
2945 3243 3142 3312 ’ἑτερα’
3182 3259 3200 3294 ι
3253 3241 3381 3294 Ἐπὶ
3413 3239 3473 3292 δὲ
3499 3238 3712 3300 πάντας,
3739 3236 3809 3302 ἐφ’

2262 3336 2355 3401 οὓς
2384 3339 2499 3390 ἐστι
2519 3337 2580 3390 τὸ
2603 3339 2850 3407 σημεῖον,
2884 3336 2960 3408 μὴ
2987 3335 3269 3406 ἐγγίσητε.
3311 3351 3331 3386 ι
3363 3333 3534 3403 Δηλοῖ
3551 3331 3606 3383 δὲ
3632 3329 3711 3382 διά
3729 3327 3808 3399 μὲν

2262 3428 2385 3482 Νῶε
2410 3428 2538 3493 τοὺς
2573 3426 3008 3499 εύαρεστοῦντας
3039 3425 3189 3496 αύτῷ
3211 3425 3299 3479 διὰ
3331 3424 3570 3487 πίστεως
3587 3439 3600 3452 ο
3625 3422 3738 3484 τοὺς
3763 3419 3808 3472 δὲ

2265 3521 2467 3590 σοφούς
2490 3539 2549 3574 τε
2577 3520 2672 3574 καὶ
2695 3520 3038 3591 διορατικοὺς
3073 3517 3164 3572 διά
3182 3517 3278 3572 τοῦ
3307 3514 3532 3586 Δανιήλ.
3553 3514 3646 3567 Διά
3667 3512 3716 3566 δὲ
3734 3509 3810 3564 τοῦ

2277 3613 2423 3676 Ἰὼϐ,
2457 3613 2585 3676 τοὺς
2639 3611 3046 3683 καρτεροῦντας
3075 3611 3133 3663 ἐν
3163 3609 3359 3664 ἅπασι.
3392 3604 3742 3676 Διαφυγόντες
3761 3602 3808 3656 δὲ

2263 3706 2357 3760 τὸν
2376 3703 2598 3776 ὄλεθρον
2629 3703 2719 3757 τὸν
2750 3701 3030 3757 σεσωκότα
3049 3701 3363 3766 δοξάσουσι.
3419 3699 3496 3752 Τὸ
3522 3698 3578 3751 δὲ
3617 3695 3708 3764 τῆς
3733 3696 3812 3748 θα-

2262 3796 2488 3863 λάττης
2510 3795 2687 3863 ὕδωρ,
2737 3812 2812 3865 φη
2823 3795 2895 3857 at,
2929 3792 3392 3862 ταραχθήσεται,
3423 3791 3486 3845 τὸ
3514 3788 3704 3860 πλῆθος
3724 3785 3811 3839 τῶν

2265 3889 2438 3943 ἐθνῶν
2465 3890 2834 3958 αἰνιττόμενος
2855 3903 2869 3918 ο
2900 3886 2974 3950 ὡς
3003 3887 3099 3940 καὶ
3127 3886 3292 3939 Δαὸἰδ
3322 3887 3350 3940 ό
3396 3884 3591 3956 μέγαςο
3621 3901 3638 3933 ι
3670 3877 3809 3951 Αὕτη,

2264 3982 2467 4052 λέγων,
2521 3983 2555 4053 ή
2607 3981 2852 4038 θάλασσα
2907 3981 2940 4052 ή
3001 3980 3214 4049 μεγάλη
3276 3979 3372 4033 καί
3421 3976 3747 4051 εὐρύχωρος,
3790 3989 3806 4022 ⁸

2265 4074 2362 4127 καὶ
2388 4073 2456 4126 τὰ
2476 4071 2625 4142 ἑξῆς.
2660 4071 2734 4126 οὐ
2763 4071 2874 4144 γὰρ
2903 4070 3102 4144 ἰχθύων
3131 4069 3306 4124 ἐθέλει
3343 4068 3526 4138 λέγειν
3555 4062 3808 4134 διαφοράς⁹

2267 4165 2381 4219 ἀλλ’
2433 4165 2555 4218 οὐδὲ
2618 4163 2888 4235 δράκοντα
2955 4165 3069 4227 τοῖς
3127 4161 3314 4216 ὕδασιν
3380 4144 3812 4232 ἐννηχόμενον,ᾦ

2267 4257 2399 4312 Θεὸν
2425 4256 2717 4330 ἐμπαίζειν
2745 4255 2904 4326 φησί.
2938 4257 3100 4327 Δηλοῖ
3128 4255 3185 4309 δὲ
3216 4253 3421 4326 μᾶλλον
3469 4251 3577 4306 τῶν
3599 4248 3686 4302 τοῦ
3716 4245 3809 4316 βίον

591 4339 712 4434 ων,
741 4363 1005 4435 reperias.
1030 4357 1218 4428 Neque
1247 4353 1390 4411 enim
1423 4351 1658 4423 piscium
1681 4347 2044 4412 diﬂerentias,
2070 4363 2164 4403 nc-

2269 4347 2614 4420 πραγμάτων
2636 4347 2727 4402 τὸν
2758 4348 2941 4408 σάλον,
2967 4347 3038 4401 δι’
3074 4339 3150 4400 ὧν
3175 4347 3206 4399 ὁ
3230 4344 3422 4418 νοητὸς
3441 4343 3652 4416 δράκων
3679 4352 3812 4412 μετα·

591 4473 698 4529 que
743 4457 1038 4512 draconem
1077 4449 1230 4503 illum
1273 4444 1434 4516 aquis
1468 4443 1839 4506 innatantem,
1871 4438 1960 4494 cui
1991 4437 2162 4494 Deum

2270 4440 2433 4511 φοιτᾷ
2458 4439 2554 4493 καὶ
2590 4440 2778 4511 χωρεῖ.

595 4528 822 4610 iiludere
854 4547 1007 4611 dicit,
1054 4543 1164 4612 sed
1199 4556 1381 4598 rerum
1413 4543 1466 4594 in
1509 4537 1621 4592 vita
1656 4541 2012 4606 tempestates
2039 4531 2618 4604 perturbationesque,
2693 4545 2926 4602 quarum
2993 4529 3048 4585 in
3097 4528 3304 4596 medio,
3371 4537 3558 4585 mente
3621 4536 3812 4591 concep-

592 4657 684 4703 tus
711 4643 882 4698 draco
918 4645 1165 4710 vagatur,
1196 4632 1508 4690 describere
1537 4628 1730 4684 voluit.

665 4733 854 4790 Possis
887 4729 1086 4787 deinde
1123 4741 1218 4800 per
1261 4727 1491 4788 insulas,
1530 4727 1628 4776 aut
1673 4719 1841 4775 urbes
1865 4717 2038 4789 ipsas,
2077 4725 2171 4771 aut

597 4823 1071 4900 perturbationum
1117 4818 1375 4873 victrices
1415 4814 1652 4877 animas,
1690 4813 1744 4867 in
1774 4810 1981 4882 quibus
2024 4807 2170 4862 inest

595 4919 769 4994 gloria
815 4913 1053 4980 Domini,
1089 4919 1353 4980 tanquam
1394 4906 1464 4960 ad
1512 4904 1799 4961 Christum
1855 4914 2167 4958 sermonem

599 5009 886 5086 prophetia
909 5001 1570 5070 transierat,intelligere.
1604 4998 1684 5053 Ex
1708 5011 1819 5067 quo
1849 4995 1995 5050 enim
2021 5001 2168 5048 terra

598 5083 762 5160 idolis
794 5108 851 5156 et
882 5095 1044 5152 malis
1086 5093 1315 5149 liberata
1349 5097 1457 5154 est,
1489 5087 1692 5157 quibus
1717 5083 2073 5150 abundabat;
2101 5098 2166 5138 ex

598 5209 708 5264 quo
736 5203 958 5247 rursum
995 5184 1165 5240 variis
1188 5191 1317 5238 sunt
1335 5179 1594 5236 mortales
1623 5173 1861 5246 repressi
1883 5171 2172 5229 calamita-

600 5287 749 5343 tibus
784 5283 852 5338 iis
871 5282 990 5353 ipsa
1020 5277 1132 5349 jam
1164 5273 1369 5331 Christi
1400 5269 1707 5327 Salvator-is
1732 5267 1908 5338 gloria
1933 5264 2169 5330 refulsit,

600 5379 692 5451 qui
727 5376 796 5431 ab
830 5373 1108 5430 idolorum
1141 5369 1289 5426 cultu
1318 5363 1524 5421 servati
1559 5362 1799 5430 fuerant,
1831 5374 1972 5432 quos
2001 5359 2170 5415 divini

603 5469 948 5542 baptismatis
977 5464 1179 5520 auxilio
1209 5460 1377 5515 fretos
1409 5457 1717 5511 futurorum
1749 5453 2015 5508 bonorum
2049 5466 2174 5519 spes

603 5565 693 5618 illa
737 5569 972 5620 recreat,
1002 5573 1104 5626 qua
1131 5569 1254 5610 cum
1283 5551 1508 5606 Christo
1539 5546 1682 5616 apud
1714 5543 1932 5599 Patrem
1963 5545 2016 5597 in
2050 5543 2168 5611 glo—

675 5753 692 5781 ⁵
724 5751 827 5801 isa.
875 5763 1006 5810 xw,
1052 5746 1133 5799 13.
1213 5743 1421 5794 δΑιιιος
1451 5754 1524 5801 γι,
1566 5738 1617 5791 lo.

1729 5735 1747 5765 ⁷
1781 5733 1973 5790 Ειρςιι.
2005 5748 2113 5796 xiv,
2151 5732 2337 5787 15-16.

2345 4711 2538 4780 Λέγοις
2578 4708 2625 4763 δ’
2663 4709 2728 4764 ἃν
2755 4709 2850 4762 καὶ
2893 4705 3129 4774 νήσους
3164 4705 3264 4769 τὰς
3303 4705 3508 4771 πόλεις,
3556 4699 3703 4775 ήτὰς
3731 4696 3809 4770 τῆς

2273 4805 2456 4875 ἅλμης
2487 4802 2598 4856 τῶν
2625 4801 2814 4855 παθῶν
2845 4797 3288 4871 ύπερανεχούσας
3319 4794 3618 4868 ἀνθρώπων
3649 4790 3807 4862 ψυχᾶς.

2273 4899 2331 4949 ἐν
2361 4893 2447 4959 αἶς
2473 4898 2588 4948 ἐστι
2617 4893 2767 4958 δόξα
2797 4893 3042 4960 Kvpiov,
3081 4893 3183 4961 τῆς
3213 4888 3552 4960 προφητείας
3589 4885 3673 4938 ἐπὶ
3704 4884 3810 4952 xli“

2273 4990 2399 5043 στὸν
2431 4989 2534 5060 ήδη
2591 4986 2935 5059 μεταγούσης
2984 4985 3076 5039 τὸν
3111 4983 3294 5052 λόγον.
3349 4981 3466 5051 Τῆς
3495 4979 3600 5049 γὰρ
3637 4976 3724 5046 γῆς
3762 4974 3811 5024 ἐκ

2271 5083 2380 5138 τῶν
2408 5081 2644 5136 εἰδώλων
2675 5079 2770 5134 καὶ
2799 5079 2988 5132 κακῶν
3030 5075 3423 5147 ἐρημωθείσης
3455 5073 3565 5127 τῶν
3586 5074 3641 5124 ἐν
3680 5067 3809 5134 αὐτῇ,

2268 5179 2364 5231 καὶ
2389 5174 2673 5246 διαφόροις
2721 5172 3036 5243 συμφοραῖς
3064 5170 3174 5223 τῶν
3215 5166 3518 5239 ἀνθρώπων
3563 5159 3810 5217 πεπαιδευο

2274 5269 2474 5338 μένων,
2505 5267 2540 5337 ή
2584 5262 2826 5337 Χριστοῦ
2874 5261 2970 5315 τοῦ
3005 5259 3256 5330 Σωτῆρος
3286 5258 3437 5322 δόξα
3493 5259 3602 5317 τοῖς
3629 5251 3709 5306 ἐπὶ
3727 5247 3809 5316 γῆς

2270 5360 2606 5415 ἀνατέταλκε
2625 5361 2739 5420 τοῖς
2767 5357 2832 5410 ἐκ
2860 5355 2960 5426 τῆς
2992 5351 3438 5424 εἰδωλολατρείας
3469 5341 3807 5410 καταλειφθεί·

2274 5470 2379 5515 σιν,
2407 5451 2501 5514 οὓς
2528 5450 2616 5504 διά
2640 5447 2736 5503 τοῦ
2759 5447 2905 5501 θείου
2949 5445 3329 5517 βαπτίσματος
3351 5443 3407 5496 αἰ
3432 5458 3496 5494 πε
3509 5439 3560 5510 pl
3590 5435 3685 5488 τῶν
3702 5433 3806 5517 ara:

2275 5541 2383 5592 ϐῶν
2410 5541 2517 5593 τῶν
2545 5537 2846 5608 μελλόντων
2877 5515 3094 5597 ἐλπίδες
3114 5532 3502 5603 εὐφραίνουσιν
3522 5571 3537 5593 ,
3563 5529 3636 5581 ὅτι
3748 5515 3805 5586 Ti?

2416 5731 2435 5757 "
2480 5725 2675 5782 ίῐιυιίι.
2714 5742 2789 5792 ix,
2829 5726 2880 5778 5.
2962 5726 2981 5755 ⁸
3019 5723 3151 5778 ibid.
3204 5723 3256 5776 6.
3341 5722 3382 5752 ¹⁰
3429 5716 3568 5771 [‘.-:tl.
3603 5702 3798 5765 0111.355.
