4020 6372
515 340 657 409 2195
1852 355 2097 415 PROCO

2202 357 2208 413 ζ
2257 356 2499 418 GAZ/EI

3660 365 3797 432 2196

524 476 656 516 vero
688 460 757 516 ab
800 460 918 532 ipsa
950 463 1136 517 mundi
1163 464 1463 531 creatione,
1498 465 1568 521 ad
1595 465 1904 525 Saivatoris
1938 486 2097 540 usqm

2218 471 2405 536 αὐτοῖς
2428 473 2509 536 εἰς
2537 470 2637 542 τὴν
2666 471 2904 527 ἄϐυσσον
2936 472 3214 528 ἀπελθεῖν.
3259 468 3421 530 Οὗτοι
3463 476 3521 530 δέ
3562 478 3658 531 καὶ
3697 483 3801 535 ἀπὸ

518 552 837 619 adventum,
869 552 1138 609 adversus
1169 552 1263 610 Dei
1292 556 1520 625 gloriam
1557 559 1759 614 bellum
1784 576 1979 630 gerere
2008 577 2097 614 un-

2217 564 2451 627 κτίσεως
2474 563 2709 632 κόσμου
2736 568 2803 635 τῇ
2824 564 2920 618 τοῦ
2947 565 3084 619 Θεοῦ
3111 568 3475 638 πολεμοῦντες
3499 568 3678 638 δόξῃ.
3716 573 3804 641 μέ-

519 658 687 711 quatu
721 653 1047 710 cessarunt;
1084 646 1259 702 donec
1309 666 1403 718 per
1433 652 1604 706 multa
1633 654 1837 708 «ecula
1860 654 2097 707 animad-

2216 674 2308 728 χρι
2335 658 2434 727 τῆς
2461 657 2556 710 τοῦ
2589 658 2841 729 Σωτῆρος
2862 660 3159 730 ἐπιδημίας
3193 663 3548 733 παρέτειναν,
3587 665 3676 717 ὅτε
3709 665 3801 721 διὰ

520 735 784 788 ersionem
823 750 1034 803 passm,
1074 736 1130 791 in
1179 753 1452 794 carcerem
1511 752 1567 798 et
1631 746 1767 815 ipsa?
1829 747 2097 818 conjecta

2212 747 2465 803 πολλῶν
2506 749 2727 818 γενεῶν
2772 751 3116 820 ἐπισκοπῆς
3146 754 3401 824 τυχόντες
3444 758 3535 822 εἰς
3578 756 3803 825 δεσμω-

518 825 654 878 sint.
693 825 984 879 Assimilat
1012 835 1194 881 autem
1222 845 1374 884 muro
1407 832 1694 890 Satanam.
1729 834 1822 890 Est
1853 838 2001 894 enim
2038 843 2097 895 ad

2212 842 2424 909 τήριον
2449 842 2840 913 ἐνεδλήθησαν.
2880 844 3216 914 Παρεικάζει
3261 846 3319 900 δὲ
3354 849 3540 915 τείχει
3578 848 3672 901 τὸν
3706 849 3804 903 Σα-

517 916 899 971 obsistendum
946 929 1291 989 praepotens,
1336 932 1389 976 ct
1427 926 1588 981 urbis
1633 929 1814 983 instar
1868 932 2097 1003 alicujus

2209 936 2399 988 τανᾶν.
2427 934 2609 998 Δεινὸς
2646 934 2756 1005 γὰρ
2785 937 2865 999 εἰς
2889 937 3232 1003 ἀντίστασιν,
3268 942 3363 993 καὶ
3386 938 3545 1003 πόλις
3578 935 3696 993 οἷον
3718 941 3803 993 εύ-

518 1006 946 1075 munitissimzc;
992 1010 1088 1064 sed
1128 1024 1327 1081 captus
1366 1022 1550 1071 tamen
1591 1026 1647 1072 et
1681 1020 1818 1088 ipse,
1850 1021 2097 1079 Christo-

2214 1029 2538 1097 πυργοτάτη
2566 1043 2580 1057 ο
2609 1027 2726 1080 ἀλλ’
2757 1028 2873 1098 ἥλω
2897 1029 2993 1082 καὶ
3035 1030 3295 1083 πέπτωκε
3346 1031 3589 1103 Χριστοῦ
3634 1050 3801 1085 κατα-

518 1112 625 1167 qne
649 1109 1033 1158 commovente
1074 1103 1321 1174 dejectus
1345 1116 1447 1162 est.
1487 1107 1661 1163 llabet
1689 1114 1836 1166 enim
1867 1115 1921 1168 in
1951 1131 2097 1172 more

2206 1120 2514 1182 σείσαντος.
2553 1118 2718 1183 Ἔθος
2739 1120 2849 1191 γὰρ
2869 1123 2935 1192 τῇ
2966 1121 3157 1194 Γραφῇ
3186 1122 3317 1187 τοὺς
3358 1123 3497 1191 ἄγαν
3547 1124 3803 1195 ἰσχυροὺς

519 1189 839 1261 Scriptura,
896 1203 954 1249 ut
1003 1196 1162 1253 valde
1216 1208 1470 1269 potentes
1540 1219 1692 1257 muro
1757 1205 2097 1277 urbibusque

2204 1212 2568 1282 παρεικάζειν
2599 1212 2783 1282 τείχει
2818 1189 2935 1268 ⁷κιιί
2962 1189 3173 1270 πόλεσῖ.
3197 1215 3332 1280 Θεὸς
3366 1189 3499 1284 γοῦν
3528 1189 3801 1287 1:ch3]:-

517 1294 820 1352 comparet.
864 1283 1052 1353 Itaque
1079 1298 1133 1343 et
1170 1288 1465 1348 .Ieremiam
1500 1294 1586 1348 his
1630 1295 1815 1351 verbis
1850 1295 1992 1353 Deus
2020 1300 2097 1351 al-

2206 1303 2405 1374 ρεμίαν
2437 1303 2644 1374 φησίν·
2690 1323 2708 1356 ι
2760 1304 2891 1359 Ἰδοὺ
2948 1305 3171 1362 τέθεικά
3221 1325 3284 1361 σε
3332 1283 3392 1363 ἐν
3441 1313 3508 1381 τῇ
3561 1283 3802 1381 σήμερον

518 1374 767 1443 loquitur
825 1396 839 1432 :
884 1378 1051 1450 308
1086 1401 1103 1433 ι
1156 1382 1317 1450 Ecce,
1380 1386 1539 1454 posui
1589 1396 1642 1441 te
1687 1388 1795 1442 hoc
1848 1390 1966 1458 ipso
2011 1392 2097 1447 die

2202 1394 2391 1466 ἡμέρᾳ
2421 1395 2497 1459 ὡς
2525 1395 2685 1449 πόλιν
2717 1395 2943 1467 ὀχυρὰν,
2972 1398 3068 1452 καὶ
3092 1398 3169 1463 ὡς
3195 1401 3377 1470 τεῖχος
3408 1374 3655 1471 χαλκοῦν
3677 1374 3804 1471 6'11)-

521 1469 711 1524 ttrbem
743 1472 1001 1541 validam,
1030 1484 1608 1547 murumque'azneum
1645 1481 2021 1539 ﬁrmissimum
2040 1484 2096 1539 in

2208 1489 2303 1558 ρὸν
2335 1490 2511 1543 ἅπασι
2542 1491 2657 1554 τοῖς
2691 1489 2973 1560 βασιλεῦσι
3006 1493 3109 1564 τῆς
3147 1469 3803 1565 γῆς,καίγπολεμήσουσι

518 1578 712 1620 omnes
735 1580 891 1637 rcges
922 1578 1119 1635 terrai;
1149 1581 1204 1627 et
1233 1573 1522 1629 bellabunt
1546 1576 1841 1633 adversum
1880 1591 1950 1643 te,
1992 1597 2095 1636 nec

2202 1600 2287 1646 σε,
2318 1583 2415 1637 καὶ
2442 1584 2502 1637 ού
2535 1583 2609 1655 μὴ
2635 1582 2899 1639 δύνωνται
2934 1586 3072 1659 πρὸς
3115 1588 3197 1652 σὲ,
3220 1588 3356 1641 διότι
3380 1587 3519 1658 μετὰ
3555 1586 3656 1640 σοῦ
3692 1589 3801 1657 εἰμι

518 1654 819 1725 quidquam
865 1668 1124 1728 poterunt
1180 1671 1407 1731 tamen;
1446 1669 1709 1735 quoniam
1746 1670 1841 1725 tibi
1874 1669 2093 1734 adsum,

2204 1675 2303 1730 τοῦ
2333 1654 2670 1745 ἐξαιρεῖσθαι
2703 1693 2786 1743 σε,
2818 1654 3232 1750 λέγει’Κύριος.
3264 1697 3284 1731 ›
3336 1654 3526 1734 Ταῦτα
3565 1654 3803 1749 προετύ-

519 1754 577 1799 ιιι
629 1762 727 1816 per
765 1765 852 1805 me
898 1752 1177 1822 eripiat-is,
1219 1758 1293 1809 ait
1346 1756 1619 1815 Dominus
1656 1760 1722 1814 ".
1762 1779 1783 1813 ι
1824 1760 1929 1815 Ista
1968 1773 2095 1817 ante

2204 1787 2306 1823 που
2358 1770 2454 1823 καὶ
2503 1770 2532 1822 6
2565 1770 2661 1823 τοῦ
2700 1770 2859 1841 Ναυὴ
2904 1770 3139 1841 Ἰησοῦς,
3170 1771 3299 1833 τοὺς
3340 1773 3505 1824 πέντε
3560 1770 3805 1841 βασιλεῖς

517 1835 885 1894 adumbrarat
934 1851 989 1897 et
1020 1842 1152 1899 Jesu
1193 1845 1365 1911 Nave,
1398 1863 1524 1902 cum
1567 1865 1723 1920 reges
1759 1852 2007 1923 quinque
2048 1854 2097 1908 vi

2209 1859 2559 1932 κατακράτος
2591 1859 2728 1914 ἐλὼν
2756 1828 2859 1915 καὶ.
2880 1828 3229 1932 ἐμύαλωνείς
3345 1828 3635 1930 σπήλαιον.
3659 1828 3805 1932 Πλὴν

516 1942 711 1999 captos
750 1935 1014 2004 spelunca
1047 1940 1325 1995 conclusit
1361 1940 1424 1996 ¹⁸.
1468 1943 1723 1998 Concidit
1767 1960 1900 1999 vero
1945 1946 2097 2002 malis

2207 1955 2289 2009 ὅτι
2310 1958 2432 2019 ταῖς
2463 1958 2729 2027 πονηραῖς
2754 1956 3020 2027 δυνάμεσι
3050 1956 3145 2011 καὶ
3176 1956 3239 2009 τὸ
3278 1955 3557 2028 ἄρρηκτον
3606 1953 3805 2021 τεῖχος

517 2027 889 2093 potestatibus
918 2036 975 2084 et
1004 2029 1121 2099 ipse
1138 2032 1306 2086 etiam
1335 2032 1829 2101 infractusmurus,
1864 2037 2097 2095 Satanas

2208 2046 2605 2115 συμπέπτωκε.
2640 2046 2804 2100 Τοῦτ’
2828 2046 2978 2101 ἔστιν
3008 2050 3038 2102 6
3067 2027 3332 2111 Σατανᾶς,
3378 2046 3478 2115 τῆς
3511 2045 3805 2099 εἰδωλολα-

516 2115 803 2185 nimirum,
822 2121 1045 2176 sublato
1067 2123 1138 2177 ab
1160 2125 1475 2182 hominibus
1509 2127 1782 2184 idolorum
1808 2134 1962 2186 cultu
1992 2147 2103 2203 quo

517 2218 764 2279 tempore
802 2210 1065 2267 Dominus
1096 2215 1149 2269 in
1181 2214 1313 2269 Sion
1345 2220 1607 2285 regnavit,
1634 2222 1751 2274 etin
1774 2221 2098 2277 Jerusalem.

518 2302 755 2370 Specula
788 2307 959 2374 enim,
994 2310 1262 2380 pacisque
1293 2312 1435 2366 visio
1486 2313 1605 2383 ipsa
1635 2314 1842 2371 Christi
1878 2326 1965 2371 est
1993 2314 2102 2371 Ec-

513 2394 708 2453 clesia.

586 2484 743 2551 Quod
772 2496 958 2544 autem
994 2506 1175 2546 coram
1206 2494 1505 2551 senioribus
1532 2496 1696 2563 dixit,
1728 2497 2100 2569 perfecturum

512 2586 748 2634 mentem
775 2580 1105 2653 designavit,
1134 2586 1298 2656 cujus
1325 2588 1472 2655 acies
1517 2591 1571 2644 in
1598 2593 1991 2662 mysteriorum
2021 2593 2102 2646 al-

511 2670 807 2727 titudinem
836 2684 1087 2744 penetret
1118 2695 1132 2730 :
1156 2694 1295 2748 quos
1317 2682 1397 2735 sic
1419 2688 1473 2735 et
1494 2680 1740 2738 Joannes
1758 2684 2096 2754 alloquitur:

517 2778 536 2811 ι
583 2759 785 2817 Scriho
828 2765 1009 2831 vobis,
1042 2764 1235 2824 Patres
1258 2807 1275 2833 ,
1316 2772 1580 2841 quoniam
1614 2789 1740 2828 cum
1782 2776 1876 2844 qui
1910 2785 1996 2830 est
2029 2774 2101 2830 ab

510 2850 691 2915 initio,
709 2856 1047 2923 cognovistis
1073 2858 1171 2911 “.i
1201 2858 1482 2916 Christum
1502 2877 1634 2918 vero
1661 2863 1988 2934 gloriﬁcant,
2006 2864 2099 2936 qui

509 2958 662 3008 eum,
695 2954 959 3016 tanquam
986 2947 1539 3023 Deum,'agnoscnnt.
1581 2954 1689 3012 Sed
1729 2973 1839 3012 non
1880 2960 2099 3023 desunt,

509 3036 605 3106 qui
644 3038 915 3110 integram
952 3042 1113 3098 istam
1143 3046 1438 3102 verborum
1470 3049 1669 3105 seriem
1698 3053 1764 3104 ad
1786 3054 2099 3122 generalem

2203 2138 2391 2205 τρείας
2421 2135 2480 2202 ἐξ
2508 2136 2813 2208 ἀνθρώπων
2834 2138 3215 2211 ἀνῃρημένης,
3267 2140 3356 2193 ὅτε
3408 2139 3507 2192 καὶ
3547 2138 3807 2202 ,βεϐασί-

2204 2233 2390 2285 λευκε
2414 2232 2630 2300 Κύριος
2659 2232 2730 2285 ἐν
2762 2231 2920 2285 Σιὼν
2947 2232 3046 2285 καὶ
3096 2232 3169 2285 ἐν
3217 2229 3633 2300 Ἰερουσαλήμ.
3674 2230 3806 2283 2m-

2207 2321 2504 2393 πευτήριον
2560 2322 2692 2394 γὰρ,
2740 2324 2837 2376 καὶ
2886 2323 3114 2395 εἰρήνης
3161 2323 3376 2394 ὅρασις,
3421 2324 3456 2394 ή
3497 2320 3805 2392 Ἐκκλησία

2204 2414 2468 2479 Χριστοῦ.

2288 2505 2579 2561 Ἐνώπιον
2605 2507 2662 2562 δὲ
2698 2508 3123 2577 πρεσϐυτέρων
3141 2507 3289 2576 λέγει
3316 2508 3428 2561 τῶν
3453 2505 3686 2561 τελείων
3705 2504 3802 2576 τὴν

2204 2598 2397 2670 φρένα,
2427 2598 2497 2654 δι’
2523 2595 2591 2673 ἧς
2638 2600 2808 2673 ὁρῶσι
2861 2600 2975 2654 τῶν
3021 2600 3151 2672 περὶ
3172 2598 3341 2655 αὐτοῦ
3388 2598 3717 2670 μυστηρίων
3743 2598 3803 2651 τὸ

2205 2691 2391 2761 βάθος.
2433 2691 2576 2762 Πρὸς
2596 2690 2689 2755 οὓς
2714 2708 2881 2761 φησιν
2918 2692 3202 2762 Ἰωάννης·
3235 2711 3254 2739 ι
3278 2691 3479 2761 Γράφω
3508 2691 3672 2759 ὑμῖν,
3695 2689 3804 2741 Πα-

2201 2782 2381 2855 τέρες,
2403 2782 2486 2836 ὅτι
2507 2782 2783 2854 ἐγνώκατε
2807 2780 2899 2836 τὸν
2928 2781 3025 2835 ἀπ’
3047 2781 3243 2854 ἀρχῆς.
3257 2799 3275 2832 ι
3296 2781 3401 2834 Τὸν
3424 2779 3537 2851 γὰρ
3557 2778 3803 2849 Χριστὸν

2201 2873 2279 2938 ὡς
2334 2874 2470 2928 Θεὸν
2501 2874 2805 2943 ἐγνωκότες
2852 2873 3196 2939 δοξάζουσι.
3261 2871 3373 2944 Τὴν
3410 2869 3802 2943 δέγπαρούσαν

2203 2966 2425 3019 ἅπασαν
2473 2965 2631 3036 ῥῆσίν
2683 2981 2832 3023 τινες
2867 2964 2997 3036 περὶ
3036 2964 3138 3033 τῆς
3190 2962 3418 3016 καθόλου
3472 2958 3800 3020 συντελείας

2202 3055 2460 3122 ἐξέλαϐον
2488 3057 2764 3126 λέγοντες.
2816 3057 2891 3120 ὡς
2927 3058 2985 3109 ἐν
3024 3055 3183 3128 μέρει
3216 3054 3344 3125 περὶ
3398 3054 3510 3107 τῶν
3542 3050 3727 3105 ἐθνῶν
3773 3051 3804 3103 6

510 3136 1046 3190 consummationem
1062 3138 1329 3194 referant.
1350 3139 1562 3196 Putant
1591 3144 1738 3197 enim
1772 3148 2097 3215 prophetam

2206 3152 2497 3222 προφήτης
2534 3148 2724 3212 εἰπὼν,
2778 3147 3090 3212 ἀκολούθως
3141 3146 3238 3203 νῦν
3286 3147 3416 3217 περὶ
3464 3145 3652 3213 πάσης
3699 3143 3804 3214 τῆς

512 3234 874 3295 posteaquam
915 3230 987 3283 de
1022 3230 1259 3300 singulis
1298 3233 1558 3301 gentibus
1597 3234 1927 3305 disputavit,
1963 3255 2100 3293 con-

509 3325 805 3384 sequenter
855 3320 968 3389 jam
1024 3321 1093 3377 de
1157 3332 1272 3378 toto
1331 3327 1467 3382 orbe
1548 3330 1833 3399 (quoniam
1884 3330 2102 3387 Domini

512 3416 655 3462 terra
710 3411 805 3475 sit,
852 3422 910 3468 ct
977 3415 1270 3485 plenitudo
1310 3421 1431 3488 ejus
1472 3421 1560 3474 ὀι
1612 3423 1863 3477 omnium
1905 3425 2104 3481 deinde

509 3514 705 3554 curam
738 3506 941 3575 gerat),
975 3505 1155 3577 deque
1186 3508 1375 3563 futuro
1407 3512 1501 3565 illo
1525 3512 1761 3582 judicio,
1791 3517 1939 3586 quod
1983 3532 2103 3572 om-

511 3608 610 3647 nes
644 3598 1069 3664 complexurum
1104 3603 1198 3664 sit,
1225 3614 1276 3657 et
1318 3604 1373 3658 in
1405 3622 1520 3676 quo
1551 3608 1770 3663 ucculta
1814 3611 2101 3666 hominutn

505 3681 858 3750 judicaturus
909 3700 991 3744 est
1042 3689 1351 3760 Dominus,
1400 3712 1712 3755 sermonem
1766 3701 2100 3771 instituere;

512 3772 699 3842 itaque
749 3776 1025 3834 nullarum
1083 3785 1321 3853 amplius
1369 3789 1613 3857 gentium
1660 3791 1967 3863 sigillatim,
2004 3799 2101 3855 sed

511 3868 655 3923 orbis
693 3880 908 3929 tantum
953 3878 1185 3934 universi
1227 3886 1568 3943 meminisse.
1623 3887 1887 3947 Mundum
1930 3897 2101 3966 enim,

511 3960 643 4028 quia
688 3963 1021 4036 principium
1078 3969 1287 4039 habuit,
1326 3984 1382 4031 et
1414 3980 1578 4035 linem
1630 3983 1822 4049 etiam,
1860 3985 2005 4042 facta
2043 3960 2100 4044 in

509 4055 710 4111 melius
759 4063 1154 4133 conversione,
1226 4068 1430 4128 habere
1481 4090 1713 4133 necesse
1768 4088 1896 4147 est;
1944 4099 2097 4150 cum,

510 4147 687 4205 Paulo
738 4162 896 4217 teste,
940 4171 969 4209 a
1002 4161 1377 4231 corruptionis
1409 4168 1680 4225 servitute
1714 4172 1769 4225 in
1819 4174 2004 4243 gloriae
2036 4176 2101 4229 Ii-

511 4244 775 4300 hertatem
832 4248 1070 4305 ﬁliorum
1120 4251 1213 4308 Dei
1263 4268 1573 4314 creaturam
1617 4266 1791 4319 asscri
1840 4266 1922 4333 ";
1972 4284 2096 4322 cum

508 4352 708 4392 rursus
748 4344 1115 4412 corruptibile
1159 4347 1285 4415 hoc,
1327 4351 1832 4423 incorruptionem,
1859 4366 1913 4410 et
1951 4374 2097 4413 mor-

2207 3243 2534 3313 οἰκουμένης
2564 3241 2869 3295 ἐκτίθεται*
2900 3240 3088 3312 ἐπειδὴ
3118 3240 3213 3293 τοῦ
3246 3239 3457 3308 Κυρίου
3490 3237 3532 3305 ἡ
3570 3236 3650 3306 γῆ
3703 3236 3801 3289 καὶ

2205 3332 2267 3386 τὸ
2297 3333 2574 3402 πλήρωμα
2603 3332 2771 3401 αὐτῆς
2790 3348 2804 3363 ·
2833 3332 2928 3385 καὶ
2951 3333 3169 3385 πάντων
3191 3330 3510 3401 κηδόμενος,
3533 3329 3664 3399 περὶ
3695 3326 3801 3396 τῆς

2209 3423 2513 3495 μελλούσης
2564 3424 2762 3487 αὐτοὺς
2809 3422 3218 3494 καταλήψεσθαι
3273 3423 3509 3493 κρίσεως
3554 3421 3800 3473 ποιεῖται

2204 3516 2295 3570 τὸν
2328 3516 2487 3585 λόγον
2517 3517 2576 3570 ὲν
2633 3516 2818 3588 ἡμέρᾳ
2874 3516 2933 3571 ἐν
3049 3515 3223 3588 κρίνει
3260 3514 3287 3568 6
3310 3513 3442 3577 Θεὸς
3471 3513 3542 3566 τὰ
3570 3509 3798 3582 κρυπτὰ

2204 3608 2313 3661 τῶν
2330 3608 2657 3680 τάνθρώπων.
2685 3610 2884 3674 Διόπερ
2914 3609 3007 3664 νῦν
3029 3609 3242 3673 οὐδενὸς
3270 3608 3352 3661 ἔτι
3378 3609 3659 3678 μέμνηται
3685 3607 3797 3659 τῶν

2205 3678 2348 3754 κατᾶ
2390 3678 2556 3771 μέρος
2582 3701 2777 3754 ἐθνῶν
2838 3702 2969 3772 περί
3020 3701 3071 3754 δὲ
3106 3700 3207 3770 τῆς
3253 3698 3615 3768 οἰκουμένης
3641 3695 3797 3751 dard-

2204 3809 2344 3861 σης.
2375 3793 2523 3847 Ἔδει
2546 3793 2653 3865 γὰρ
2676 3794 2850 3866 ἀρχὴν
2876 3793 3136 3863 εἰληφότα
3157 3793 3248 3847 τὸν
3273 3794 3475 3862 κόσμον
3498 3791 3595 3843 καὶ
3621 3791 3797 3860 πέρας

2203 3883 2371 3954 ἔχειν,
2402 3883 2611 3955 τροπῆς
2667 3886 2759 3938 ἐπὶ
2808 3885 2870 3936 τὸ
2890 3886 3137 3954 κρεῖττον
3170 3883 3571 3952 γενησομένης.
3621 3900 3641 3934 ι
3668 3882 3793 3934 Ὀτι

2204 3979 2300 4030 καὶ
2332 3977 2470 4048 αὕτη
2501 3979 2534 4048 ἡ
2564 3978 2740 4041 κτίσις
2770 3977 3266 4048 ἐλευθερωθήσεται
3288 3976 3397 4029 ἀπὸ
3425 3978 3523 4046 τῆς
3545 3974 3792 4035 δουλείας

2202 4068 2301 4137 τῆς
2327 4068 2538 4138 φθορᾶς
2569 4070 2651 4131 είς
2682 4068 2781 4141 τὴν
2809 4067 3122 4138 ἐλευθερίαν
3144 4068 3245 4137 τῆς
3267 4066 3427 4138 δόξης
3440 4066 3552 4119 τῶν
3578 4065 3792 4118 τέκνων

2200 4160 2294 4213 τοῦ
2312 4160 2470 4213 Θεοῦ.
2486 4179 2504 4211 ι
2525 4161 2635 4214 Kal
2661 4161 2822 4214 πάλιν
2839 4160 2994 4231 φησί’
3032 4180 3050 4213 ι
3078 4163 3169 4214 Δεῖ
3190 4161 3296 4231 γὰρ
3307 4160 3369 4214 τὸ
3380 4160 3617 4229 φθαρτὴν
3632 4156 3793 4211 τοῦτο

2201 4251 2526 4307 ἐνδύσασθαι
2556 4252 2890 4323 ἀφθαρσίαν,
2921 4254 3021 4306 καὶ
3051 4252 3111 4305 τὸ
3162 4252 3355 4323 θνητὸν
3383 4251 3541 4305 τοῦτο
3567 4249 3792 4303 ἐνδύσα-

2202 4345 2326 4398 σθαι
2343 4344 2664 4400 ἁθανασίαν.
2696 4364 2715 4397 ι
2742 4344 2852 4399 Kal
2872 4344 3100 4399 naltw't
3126 4345 3373 4415 Παράγει
3396 4341 3503 4411 γὰρ
3519 4342 3579 4395 τὸ
3600 4341 3789 4411 σχῆμα

508 4428 615 4483 tale
654 4429 759 4485 hoc
810 4433 1045 4490 induere
1100 4437 1567 4498 immortalitatem
1626 4446 1703 4512 “;
1762 4463 1886 4502 cum
1926 4449 2094 4518 hujus

2202 4437 2292 4490 τοῦ
2308 4438 2519 4508 κόσμου
2537 4437 2747 4493 τούτου.
2764 4457 2781 4489 ι
2808 4440 2918 4491 Kal
2938 4440 2967 4491 6
2989 4438 3181 4509 Σωτὴρ
3196 4437 3254 4490 δέ
3281 4452 3463 4506 φησιν’
3489 4453 3509 4487 ι
3540 4434 3787 4504 ὐούρα-

505 4522 697 4576 mundi
740 4523 979 4595 denique
1008 4528 1238 4597 ﬁguram
1271 4537 1515 4589 transire
1570 4540 1914 4606 oporteat”.
1957 4540 2088 4596 (Ζω-

2202 4530 2281 4588 νὸς
2306 4530 2401 4582 καὶ
2417 4531 2450 4596 ἠ
2483 4528 2556 4598 γῆ
2581 4527 2994 4598 παρελεύσεται.
3024 4547 3044 4581 ι
3064 4529 3314 4582 Διδάσκει
3338 4527 3518 4581 τοίνυν
3537 4519 3628 4579 οἷα
3659 4526 3787 4588 τοὺς

505 4612 617 4666 lum
651 4615 863 4679 adluec,
891 4625 1209 4693 terramque
1250 4622 1422 4693 ipsam
1450 4628 1752 4683 transitura
1782 4646 1906 4686 esse
1928 4635 2087 4689 nobis

2202 4622 2425 4691 ὶγαθοὺς
2447 4622 2541 4674 καὶ
2569 4621 2851 4684 δυσσεϐεῖς
2885 4620 3220 4687 διαδέξεται,
3250 4621 3360 4674 ἀπὸ
3389 4620 3503 4673 τῶν
3533 4620 3785 4689 σκυθρω-

506 4702 761 4760 Salvator
811 4712 1049 4765 asseruit
1094 4714 1160 4765 “.
1218 4713 1349 4781 Quae
1381 4733 1514 4789 ergo
1541 4719 1647 4788 piis
1665 4728 1719 4774 et
1762 4721 1948 4791 impiis
1986 4740 2085 4778 cx-

505 4800 803 4866 spectanda
857 4802 993 4867 sint,
1034 4814 1254 4877 sumpto
1292 4825 1323 4863 a
1370 4810 1629 4867 tristibus
1679 4812 1860 4881 initio,
1910 4826 1969 4869 ut
2017 4818 2085 4872 ad

504 4888 626 4942 laeta
670 4892 979 4959 perveniat,
1008 4895 1370 4955 demonstrat.
1414 4900 1510 4956 Est
1540 4919 1670 4958 vero
1705 4904 1849 4960 orbis
1891 4924 2083 4961 corru-

502 4981 670 5048 ptioni
695 4993 743 5037 et
765 4988 1004 5041 vastitati
1029 5004 1138 5044 non
1178 4992 1318 5045 male
1350 5007 1681 5063 congruum,
1710 5000 1855 5067 quod
1889 5000 1944 5052 in
1979 5000 2083 5053 Ba-

505 5074 721 5145 bylonis
748 5077 985 5143 visione,
1009 5081 1077 5134 ad
1103 5082 1355 5137 eumdem
1386 5084 1795 5156 proﬂigandutn
1821 5099 2086 5147 venturos

502 5190 628 5229 esse
660 5185 905 5231 armatos
931 5178 1089 5233 dixit.
1117 5177 1375 5248 Ejusdem
1403 5182 1624 5251 generis
1641 5191 1824 5238 exstat
1846 5193 1900 5240 ct
1921 5185 2085 5243 illud:

512 5283 531 5314 ι
567 5265 692 5322 Dies
735 5266 949 5324 Domini
983 5272 1125 5325 venit
1161 5272 1327 5343 309
1356 5275 1748 5344 implacabilis,
1788 5278 1992 5334 furoris
2036 5292 2091 5336 ct

504 5354 624 5417 irae,
662 5366 722 5411 ut
756 5358 946 5415 orbem
979 5360 1252 5423 devastat,
1306 5371 1362 5417 et
1396 5371 1726 5432 peccatores
1772 5368 1966 5434 perdat
2017 5370 2087 5423 ab

502 5465 568 5505 eo
608 5451 711 5505 ²⁸.›
754 5454 1020 5510 Homines
1056 5455 1201 5509 enim
1240 5456 1365 5523 quia
1396 5456 1720 5527 alloquitur,
1740 5456 1807 5513 de
1851 5460 2089 5517 homini-

502 5542 610 5599 bus
642 5552 854 5599 tantmn
889 5548 1224 5602 mentionem
1260 5548 1415 5615 facit,
1437 5549 1675 5615 caeteris,
1709 5566 1831 5621 qua:
1878 5554 2090 5610 ratione

577 5746 619 5776 ’⁷
652 5743 855 5801 Jerem.
890 5764 925 5803 ι.
958 5748 1041 5802 18.
1124 5751 1165 5780 ¹¹¹
1196 5748 1384 5815 .losuc,
1414 5770 1463 5815 ιι,
1496 5753 1579 5807 18.
1666 5754 1705 5785 ’³
1739 5752 1756 5806 l
1791 5752 1949 5808 .loan.
1977 5770 2036 5812 ll.
2086 5754 2162 5806 l5.

502 5831 594 5882 xv,
632 5816 720 5871 55.

2191 4714 2308 4768 πῶν
2324 4714 2654 4787 ἀρξάμενος,
2674 4713 2750 4776 ὡς
2769 4712 2834 4766 ἂν
2852 4715 3166 4788 καταντήσῃ
3185 4713 3322 4783 πρὸς
3340 4713 3406 4765 τὰ
3418 4713 3780 4784 χρηστότερα.

2190 4810 2268 4881 Τῇ
2290 4809 2347 4863 δὲ
2367 4808 2477 4875 τῆς
2506 4806 2863 4877 οἰκουμένης
2890 4805 3185 4876 ἐρημώσει
3212 4823 3276 4860 τε
3299 4806 3395 4859 καὶ
3424 4802 3617 4873 φθορᾷ
3646 4803 3784 4871 σύμ-ι

2192 4921 2370 4971 φωνον
2415 4903 2476 4956 τὸ
2532 4902 2694 4971 ῥηθὲν
2742 4904 2799 4955 ἐν
2862 4903 3051 4975 ὁράσει
3119 4904 3187 4971 τῇ
3246 4901 3375 4970 περὶ
3435 4897 3778 4959 Βαϐυλῶνος,

2189 4994 2341 5067 ἥξειν
2397 4993 2747 5065 ὁπλομάχους
2781 4992 3148 5063 καταφθεῖραι
3174 4993 3354 5045 πᾶσαν
3394 4991 3493 5059 τὴν
3521 4988 3780 5058 οἰκουμέ-

2187 5104 2306 5159 νην.
2337 5087 2448 5141 Kal
2482 5086 2543 5139 τό
2563 5102 2579 5118 ⁸
2612 5105 2630 5138 ι
2671 5085 2892 5156 Ἡμέρα
2914 5085 3122 5156 Κυρίου
3153 5082 3376 5154 ἔρχεται
3419 5082 3661 5145 ἀνίατος,
3689 5080 3780 5132 θυ-

2192 5178 2293 5249 μοῦ
2322 5178 2416 5232 καὶ
2471 5178 2659 5249 ὀργῆς,
2692 5176 2866 5229 θεῖναι
2914 5174 3014 5247 τὴν
3043 5174 3378 5244 οἰκουμένην
3417 5172 3650 5243 ἔρημον.
3680 5172 3772 5224 nl

2187 5272 2316 5334 τοὺς
2339 5268 2700 5340 ἁμαρτωλοὺς
2730 5267 2997 5321 ἀπολέσαι
3030 5267 3090 5331 ἐξ
3139 5266 3330 5337 αὐτῆς.
3372 5282 3390 5316 ι
3445 5261 3778 5334 ’Δνθρώποις

2191 5363 2301 5433 γὰρ
2326 5362 2733 5433 διαλεγόμενος,
2775 5361 2906 5433 περὶ
2950 5359 3256 5432 ἀνθρώπων
3295 5358 3456 5431 μόνον
3492 5357 3623 5426 ἔφη,
3653 5355 3777 5425 περὶ

2189 5457 2300 5510 τῶν
2324 5455 2526 5509 λοιπῶν
2546 5454 2783 5523 λογικῶν
2825 5454 2979 5508 οὐδὲν
3015 5451 3389 5525 μεμνημένος.
3428 5448 3775 5520 Κρινομένων

2192 5551 2250 5604 δὲ
2275 5549 2385 5603 τῶν
2433 5548 2529 5601 ἐπὶ
2583 5548 2709 5617 γῆς,
2749 5550 2843 5602 καὶ
2881 5545 3325 5621 μετατιθεμένων
3376 5544 3457 5607 εἰς
3488 5542 3656 5613 ἔτερα
3682 5540 3775 5611 τῆς

3494 5755 3539 5785 ⁸³
3591 5751 3609 5805 l
3647 5752 3768 5807 Cor.

2266 5756 2309 5785 ’θ
2344 5754 2483 5809 Psal.
2518 5770 2673 5819 χχιιι,
2711 5755 2760 5809 1.
2884 5756 2924 5787 ²¹
2969 5753 3123 5808 Rom.
3149 5768 3265 5820 vui,
3307 5750 3395 5805 2!.

799 5819 879 5873 "l
911 5819 1039 5876 Cor.
1070 5837 1163 5889 vn,
1211 5823 1297 5880 ὖί.
1378 5824 1577 5880 “Luc.
1624 5841 1736 5893 χιι,
1778 5827 1865 5881 55.
1944 5828 1989 5858 ’⁸
2021 5827 2268 5897 b‘ophnn.
2310 5843 2345 5891 t,
2405 5826 2586 5881 15-17.
