4020 6372
228 371 370 438 219Ἰ

1324 370 1854 434 COMMENTARII
1921 366 2005 427 IN
2038 364 2323 427 ISAIAM.

3342 354 3489 420 2198⁷

224 484 560 558 οἰκουμένης
592 484 792 558 χωρία,
815 483 1154 557 ἐρημοῦσθαι
1174 484 1236 541 τδ
1262 489 1367 559 τῆς
1384 488 1487 560 γῆς
1512 486 1804 542 ἀκόλουθον

1926 482 2229 546 ιοιῐιιιιιιιτ,
2278 473 2690 549 praetermissis.
2734 472 2805 531 lis
2849 478 3067 539 autem,
3110 471 3203 543 qui
3240 471 3295 526 in
3336 479 3482 526 terra

224 571 301 647 ἦν
325 576 668 649 οἰκητήριον,
698 576 809 629 τῶν
835 577 1193 631 ἐνοικούντων
1229 578 1405 631 ἀλλων
1445 578 1636 632 ἄλλοσε
1684 577 1805 630 δια·-

230 668 551 741 σπαρέντων
578 670 658 733 εἰς
680 668 846 739 ἑτερα
865 667 959 721 τοῦ
996 668 1203 739 κόσμου
1233 669 1440 740 χωρία,
1471 669 1612 722 κατὰ
1644 667 1806 735 λόγον

227 758 341 812 τῶν
371 758 604 813 ἑκάστου
637 758 910 829 πράξεων.
939 759 1138 812 Πολλαὶ
1169 758 1279 831 γὰρ
1330 759 1493 828 μοναὶ
1541 758 1695 829 παρά
1728 755 1807 828 τῷ

230 847 429 917 Πατρὶ,
477 848 615 917 πρός
672 864 731 900 τε
763 847 862 919 τὴν
912 849 1167 904 ἁπάντων
1213 849 1502 921 ὑποδοχὴν,
1558 850 1653 903 καὶ⁹
1695 848 1807 901 τῶν

232 937 455 992 πώποτε
490 940 798 1011 γενομένων
845 942 874 995 6
918 942 1123 1012 κόσμος
1160 942 1341 1013 ἀρκεῖ,
1369 942 1661 996 σκοτεινῶν
1707 941 1807 1012 μὲν

231 1031 451 1101 χωρίων
501 1031 913 1103 ὑποδεχομένων
931 1032 1058 1097 τοὺς
1087 1034 1327 1101 ἀσεΰεῖς,
1364 1033 1505 1088 κατά
1541 1034 1603 1087 τό
1626 1050 1640 1064 ·
1677 1033 1807 1087 Εἰσ-

231 1122 552 1177 ελεύσονται
570 1124 653 1186 είς
672 1122 741 1176 τὰ
759 1122 1052 1178 κατώτατα
1077 1126 1175 1196 τῆς
1195 1126 1319 1196 γῆς,
1338 1124 1808 1197 παραδοθήσονται

229 1213 311 1276 εἰς
332 1216 521 1284 χεῖρας
542 1214 833 1285 ῥομφαίας.
857 1215 1091 1288 Μερίδες
1114 1218 1415 1273 ἀλωπέκων
1436 1216 1675 1281 ἔσονται,
1700 1216 1809 1270 τῶν

229 1301 289 1356 δὲ
340 1302 585 1357 εὐσεϐῶν
614 1306 1093 1377 ἀρπαγησομένων
1115 1308 1175 1361 ὲν
1217 1308 1492 1377 νεφέλαις,
1524 1309 1608 1372 εις
1631 1309 1809 1361 ἀπάν-

228 1410 394 1463 τησιν
444 1394 538 1448 τοῦ
576 1394 781 1466 Κυρίου
811 1395 891 1459 είς
923 1396 1087 1466 ἀέρα,
1136 1397 1232 1451 καὶ
1277 1397 1421 1452 οῦτω
1450 1399 1685 1454 πάντοτε
1712 1398 1811 1454 σὺν

230 1484 425 1556 Κυρίῳ
454 1486 853 1554 γενησομένων.

303 1658 640 1726 Πρόσωπον
683 1658 739 1713 δὲ
768 1659 879 1728 τῆς
920 1656 1032 1731 γῆς
1072 1660 1172 1733 τὴν
1232 1662 1555 1731 ἐπιφάνειαν
1604 1662 1810 1734 ταύτης

1906 579 2059 635 sunt,
2089 569 2376 641 judicatis,
2402 567 2529 623 etin
2559 567 2695 622 alias
2721 565 2872 620 orbis
2894 564 3147 635 regiones
3178 563 3484 629 translatis,

1907 660 2086 733 ipsum
2134 661 2303 716 etiam
2346 668 2506 715 terrae
2548 657 2890 713 domicilium
2939 656 3219 711 desertum
3265 669 3487 709 manere

1906 767 2137 809 necesse
2165 758 2273 817 est,
2321 748 2545 820 quando
2583 749 2676 818 qui
2714 746 2851 802 illud
2893 745 3210 800 incolebant
3243 745 3299 800 in
3346 745 3483 800 alias

1908 855 2073 914 atque
2109 843 2248 898 alias
2277 842 2541 912 regiones
2564 880 2578 905 ,
2628 853 2729 909 pro
2776 837 3045 907 cujusque
3094 836 3367 892 factorum
3396 852 3486 892 ra-

1907 938 2076 1003 tione,
2116 935 2361 1007 dispergi
2390 934 2645 1003 contigit.
2690 930 2872 986 Multae
2905 931 3052 986 euim
3087 929 3232 1001 apud
3266 930 3482 985 Patrem

1908 1028 2221 1084 mansiones
2248 1028 2296 1059 ³⁸
2333 1044 2347 1081 :
2383 1033 2439 1081 et
2470 1025 2538 1080 ad
2573 1037 2790 1089 omnes,
2820 1031 3091 1094 quotquot
3118 1038 3357 1093 unquam
3386 1039 3484 1078 ex-

1910 1123 2196 1186 stiterunt,
2222 1119 2598 1190 excipiendos,
2635 1116 2875 1171 mundus
2900 1116 3020 1184 ipse
3048 1116 3191 1171 satis
3222 1123 3306 1170 est
3334 1133 3347 1169 :
3385 1130 3485 1185 pa-

1911 1214 2046 1270 ratis
2075 1213 2295 1284 quidem
2323 1210 2392 1267 ad
2415 1210 2712 1281 impiorum
2744 1208 2907 1263 sedes
2954 1207 3220 1272 tenebris,
3250 1222 3389 1276 quos
3428 1209 3481 1261 in

1911 1305 2127 1362 intimas
2164 1312 2329 1359 terra;
2352 1309 2540 1374 partes
2574 1301 2846 1364 abituros,
2883 1298 3051 1369 inque
3091 1312 3292 1352 manus
3321 1297 3484 1366 gladii

1913 1397 2144 1453 traditos
2167 1395 2415 1466 vulpium
2444 1401 2629 1463 partes
2662 1391 2782 1446 fore
2812 1389 3081 1461 scriptum
3113 1396 3201 1443 est
3218 1389 3284 1441 π.
3312 1385 3485 1443 Justis

1911 1497 2092 1545 autem
2129 1489 2185 1543 in
2222 1488 2398 1543 nubes
2430 1484 2751 1555 assumptis,
2784 1492 2846 1537 ut
2883 1481 2940 1536 in
2982 1495 3092 1536 aere
3130 1478 3361 1534 Domino
3390 1494 3488 1533 oc-

1911 1588 2198 1638 currentes
2227 1594 2354 1634 cum
2386 1576 2578 1634 eodem
2610 1582 2876 1646 perpetuo
2906 1573 3109 1644 degant
3134 1571 3202 1624 ³³.

1982 1674 2139 1742 Quod
2170 1673 2371 1729 deinde
2403 1682 2558 1726 terra:
2596 1669 2787 1740 {aciem
2816 1665 2976 1731 dixit,
3012 1663 3258 1734 ejusdem
3294 1678 3489 1734 super-

230 1749 519 1806 ἑκάλεσεν.
570 1753 1079 1807 Ἀνακαλύπτεται
1120 1754 1179 1808 δὲ
1206 1754 1315 1808 τῶν
1361 1756 1419 1809 ἑν
1472 1757 1609 1827 αὐτῇ
1640 1773 1807 1809 κεκαο

1926 1768 2091 1823 iciem
2124 1762 2458 1836 designavit,
2498 1774 2620 1831 qute
2668 1767 2781 1813 tum
2828 1755 3051 1811 revelari
3085 1755 3319 1818 dicetur,
3361 1768 3486 1808 cum

229 1839 527 1911 λυμμένων
561 1843 915 1913 ἀναγομένων
940 1844 1022 1907 είς
1051 1843 1168 1913 φῶς
1201 1845 1342 1899 κατὰ
1377 1846 1475 1918 τὴν
1505 1847 1569 1899 ἑκ
1599 1846 1811 1917 νεκρῶν

231 1933 552 2000 ἀναϐίωσιν,
583 1934 706 2005 μεθ’
749 1934 816 2005 ἢν
842 1936 1081 2000 ἅπαντες
1122 1936 1200 2007 τῷ
1238 1938 1334 1991 τοῦ
1362 1937 1602 2009 Χριστοῦ
1636 1956 1815 2009 παρα-

235 2027 532 2097 στήσονται
562 2026 794 2097 βήματι,
822 2026 1036 2093 δικαίας
1056 2028 1236 2101 ψήφου
1263 2032 1625 2100 τυγχάνοντες
1646 2033 1815 2103 χωρὶς

231 2117 702 2187 προσωποληψίας
729 2118 838 2173 τῶν
868 2121 926 2173 ἑν
974 2120 1281 2193 ἀξιώμασιν
1315 2125 1349 2195 ἢ
1376 2124 1591 2196 πλούτῳ
1616 2126 1815 2195 διαφα-

231 2210 370 2264 νῶν.
402 2209 476 2264 T‘o
498 2211 606 2282 γὰρ
630 2213 746 2266 ἴσον
769 2212 925 2268 ἔσται
973 2216 1107 2270 πᾶσι
1136 2219 1473 2289 κρινομένων
1501 2220 1680 2289 μόνων
1708 2220 1816 2275 τῶν

230 2300 513 2370 λογισμῶν
538 2319 597 2356 τε
621 2303 717 2356 καὶ.
739 2303 1015 2373 πράξεων.
1059 2307 1172 2361 Καὶ
1213 2307 1332 2361 ’1ὼό
1362 2309 1422 2363 δέ
1466 2294 1629 2381 φησι⁶
1669 2328 1688 2363 ι
1711 2312 1819 2365 Μι-

233 2395 373 2467 κρὸς
394 2394 489 2450 καὶ
515 2395 688 2467 μέγας
726 2397 843 2450 ἐκεῖ
869 2398 1007 2463 ἐστι,
1042 2398 1138 2453 καὶ
1175 2399 1433 2472 θεράπων
1463 2402 1524 2456 οὐ
1562 2402 1818 2467 δεδοικὼς

235 2489 333 2540 τδν
360 2488 563 2558 Κύριον
590 2488 778 2546 αὐτοῦ.
810 2509 829 2542 ι
851 2490 984 2558 Γῆν
1010 2491 1066 2545 δὲ
1097 2492 1519 2562 φθαρήσεσθαι
1539 2510 1671 2564 φησι
1691 2496 1818 2557 τοὺς

236 2579 303 2633 τὸ
331 2580 534 2649 γεῶδες
575 2581 797 2652 ἔχοντας
831 2584 1109 2655 φρόνημα,
1144 2586 1287 2641 κατὰ
1321 2588 1382 2640 τό
1403 2604 1417 2619 ·
1458 2605 1476 2638 ι
1500 2587 1578 2658 Γῆ
1619 2582 1690 2653 εἴ,
1722 2588 1820 2643 καὶ⁹

238 2673 325 2736 εἰς
354 2671 463 2742 γῆν
493 2671 789 2746 ἀπελεύσῃ.
818 2692 837 2726 ι
870 2675 982 2729 Καὶ
1014 2675 1100 2728 τόο
1145 2695 1164 2729 ι
1186 2677 1245 2730 '0
1278 2677 1493 2748 πρῶτος
1532 2677 1821 2749 ἄνθρωπος

238 2764 307 2818 ἑκ
335 2765 439 2834 γῆς
470 2765 719 2835 χοῖκὺς,ὀ
750 2766 1001 2839 δεύτερος
1037 2768 1098 2833 ἑξ
1125 2768 1355 2840 ούρανοῦ
1382 2771 1766 2841 πνευματικὸς,
1796 2789 1816 2823 ι

240 2860 344 2910 καὶ
374 2856 440 2910 τὰ
479 2856 640 2928 ἑξῆς·
689 2858 810 2930 μεθ’
839 2859 875 2913 ἆ
905 2877 1069 2930 φησιο
1111 2879 1130 2913 ι
1162 2860 1310 2931 Σὰρξ
1352 2864 1449 2917 καὶ
1486 2857 1629 2933 αἷμα
1662 2863 1822 2935 βασι-

237 2946 395 3002 λείαν
422 2947 558 3001 Θεοῦ
586 2947 989 3020 κληρονομῆσαι
1008 2951 1069 3004 ού
1092 2950 1405 3007 δύνανται.»
1430 2953 1492 3007 Oi
1509 2953 1567 3007 δὲ
1590 2956 1822 3009 τοιοῦτοι

237 3042 309 3110 τῇ
340 3039 550 3093 ἑαυτῶν
595 3038 786 3111 φθορᾷ
823 3042 1255 3111 φθαρήσονται.
1301 3044 1518 3115 Σειρατς
1574 3045 1682 3118 γὰρ
1712 3048 1822 3103 τῶν

1912 1859 2101 1917 cuncti
2129 1859 2185 1914 in
2208 1857 2387 1912 lucem
2413 1848 2841 1910 resurrectionis
2861 1856 3106 1918 tempore
3131 1846 3485 1918 prodeuntes,

1911 1950 2137 2008 Christo
2171 1949 2227 2002 in
2259 1944 2525 2002 tribunali
2569 1943 2820 2007 sedente,
2861 1940 3009 1994 nulla
3042 1938 3127 1991 vel
3158 1936 3487 2007 dignitatum

1913 2044 2001 2098 vel
2030 2043 2347 2097 divitiarum
2386 2037 2569 2092 habita
2605 2036 2841 2096 ratione,
2878 2031 3087 2102 justam
3117 2028 3239 2099 ejus
3268 2034 3491 2082 senten-

1913 2133 2046 2188 tiam
2091 2129 2334 2186 audituri
2373 2137 2502 2185 sunt
2534 2127 2602 2179 ’³.
2651 2123 2768 2178 Erit
2808 2122 2953 2177 enim
2998 2120 3188 2176 eadem
3233 2117 3491 2173 omnibus

1915 2224 2184 2290 conditio,
2215 2222 2353 2279 solis
2396 2219 2565 2275 animi
2608 2225 2664 2273 et
2708 2214 2963 2284 corporis
3006 2213 3062 2267 in
3091 2210 3283 2280 judicii
3324 2209 3494 2263 ratio-

1916 2330 2043 2371 nem
2084 2312 2431 2369 venientibus
2478 2306 2816 2364 actionibus.
2860 2304 2939 2359 De
2984 2317 3043 2357 re
3081 2304 3185 2357 ista
3225 2300 3305 2354 sic
3347 2297 3492 2368 apud

1916 2407 2113 2463 Jobum
2138 2406 2404 2476 legimus:
2434 2421 2453 2455 ι
2480 2401 2712 2471 Magnus
2732 2406 2787 2453 et
2811 2410 3017 2468 parvus
3047 2393 3120 2448 ibi
3144 2398 3364 2457 sunt,ct
3386 2405 3493 2444 ser-

1918 2515 2022 2555 vus
2046 2512 2156 2553 non
2177 2496 2377 2551 timens
2402 2491 2692 2547 Dominum
2712 2505 2875 2545 suum
2891 2488 2959 2541 ⁸⁸.
2985 2505 3004 2539 ι
3037 2485 3109 2539 At
3129 2482 3271 2553 quod
3297 2492 3493 2535 terram

1919 2599 2226 2659 corruptam
2271 2587 2340 2641 iri
2388 2584 2550 2648 dixit,
2579 2598 2679 2639 eos
2720 2582 2813 2653 qui
2861 2591 3080 2635 terrena
3123 2575 3366 2645 sapiunt,
3399 2571 3494 2627 de-

1922 2681 2189 2753 signavit;
2228 2680 2385 2747 juxta
2418 2676 2552 2731 illud
2582 2694 2595 2730 :
2626 2692 2648 2727 ι
2679 2674 2848 2729 Terra
2878 2686 2960 2736 es,
2998 2677 3052 2724 et
3086 2668 3142 2722 in
3174 2676 3377 2721 terram
3412 2677 3496 2717 re-

1921 2774 2152 2830 verteris
2184 2773 2251 2827 ³⁸.
2299 2790 2318 2823 ι
2384 2768 2590 2825 Deinde
2630 2785 2644 2821 :
2692 2786 2712 2818 ι
2744 2765 2964 2820 Primus
3012 2760 3179 2815 homo
3230 2757 3298 2812 de
3353 2764 3496 2810 terra

1925 2872 2211 2928 terrenus,
2263 2861 2546 2919 secundus
2597 2866 2782 2913 autem
2842 2854 2911 2908 de
2962 2852 3105 2906 cmlo
3154 2847 3395 2905 caelestis
3427 2846 3495 2909 ",

1923 2963 2253 3026 ceteraque,
2280 2969 2404 3024 quae
2431 2958 2759 3022 sequuntur.
2790 2946 3004 3013 Quibus
3034 2942 3225 3011 adjicit
3252 2958 3267 2995 :
3306 2958 3325 2991 ι
3356 2937 3498 2994 Caro

1925 3057 1980 3105 et
2009 3048 2237 3119 sanguis
2265 3059 2496 3114 regnum
2529 3042 2623 3097 Dei
2660 3038 2940 3111 possidere
2971 3049 3080 3090 non
3115 3038 3349 3104 possunt
3371 3030 3436 3083 ⁸³.
3473 3048 3493 3082 ι

240 3128 446 3183 ἑαυτοῦ
478 3131 891 3203 ἁμαρτημάτων
920 3133 1146 3198 ἕκαστος
1182 3134 1491 3204 σφίγγεται.
1534 3136 1625 3201 Ὠς
1651 3140 1761 3210 γὰρ
1789 3140 1822 3209 ή

1929 3140 2034 3206 Qui
2089 3140 2256 3209 igitur
2306 3133 2583 3205 ejusmodi
2663 3136 2814 3191 sunt,
2854 3141 2955 3183 sua
3010 3124 3112 3195 ipsi
3166 3121 3501 3190 corruptione

240 3221 402 3290 σὰρξ
433 3221 524 3291 ὑφ’
549 3216 719 3292 οὗπερ
764 3222 824 3288 ἑξ
850 3224 1022 3295 αὐτῆς
1073 3226 1245 3297 ἀνῆψε
1281 3227 1520 3297 πυρετοῦ
1558 3229 1823 3300 διαφθεί-

233 3330 442 3383 ρεται,
495 3314 668 3378 οὕτως
713 3317 763 3369 οἱ
799 3316 1231 3386 θησαυρίσαντες
1277 3321 1488 3385 ἑαυτοῖς
1542 3322 1711 3394 ὀργὴν
1766 3326 1824 3377 ἑν

241 3404 432 3477 ἡμέρᾳ
479 3406 653 3478 ὀργῆς
699 3407 1080 3477 διεφθορότος
1118 3410 1218 3474 τὰς
1247 3410 1447 3483 ψυχὰς,
1504 3417 1570 3485 τῇ
1616 3415 1825 3468 ἑαυτῶν

244 3497 644 3570 παραδοθέντες
674 3498 865 3569 φθορᾷ
894 3500 1345 3573 κολασθήσονται,
1380 3503 1538 3574 δίκην
1564 3506 1828 3575 εἰσπρατ-

244 3591 494 3661 τομένων
554 3594 651 3646 καὶ⁵
702 3592 985 3665 δυνάμεών
1038 3610 1237 3661 τινων,
1300 3595 1356 3649 αἱ
1408 3594 1618 3667 δημίων
1670 3597 1828 3666 λόγον

248 3683 561 3752 ἐπέχουσιν,
591 3684 641 3737 οἳ
675 3685 987 3755 προνομήν
1016 3703 1151 3740 τινα
1179 3686 1540 3755 ποιήσονται
1582 3688 1831 3757 διαρπά-

249 3772 453 3841 ζοντες
484 3776 662 3829 αὐτῶν
706 3777 805 3842 τὰς
836 3777 1035 3850 ψυχὰς.
1065 3779 1155 3832 ὅτε
1191 3781 1284 3834 καὶ
1324 3782 1744 3849 πενθήσουσιν
1780 3784 1830 3837 οἱ

250 3867 485 3932 πένθους
516 3868 642 3936 ἀξια
664 3870 992 3938 πράξαντες.
1029 3873 1140 3944 Τὴν
1167 3873 1464 3946 εἰρημένην
1494 3875 1549 3927 δὲ
1578 3874 1833 3929 πενθοῦ-

250 3975 376 4013 σαν
401 3961 497 4013 καὶ
525 3962 867 4030 φθαρεῖσαν
894 3963 1137 4035 ἐδήλωσε
1167 3964 1294 4034 γῆν,
1325 3962 1497 4019 εἰπὼν
1529 3965 1833 4033 stud-13.201

250 4048 364 4118 τῆς
404 4050 553 4131 τῆς·
579 4051 802 4116 τούτους
830 4054 939 4124 γὰρ
972 4053 1103 4117 Θεὸς
1136 4054 1347 4125 μέτεισι
1377 4055 1615 4126 μάλιστα
1639 4057 1831 4129 (ὑπερ-

248 4140 483 4209 ηφάνοις
516 4141 625 4215 γὰρ
659 4143 1093 4216 ἀντιτάσσεται)·
1128 4146 1177 4199 οἳ
1230 4145 1326 4199 καὶ
1358 4145 1707 4217 ἀνομοῦντες,
1735 4145 1834 4218 τὴν

250 4237 357 4305 γῆν
388 4236 717 4306 ἐπλήρωσαν
750 4237 998 4307 αἱμάτων
1028 4237 1123 4292 καὶ
1154 4237 1342 4309 φόνου.

339 4328 413 4382 Ἡ
451 4325 529 4397 γῆ
558 4328 689 4399 γὰρ,
743 4330 909 4399 φησὶν
963 4331 992 4382 6
1034 4330 1355 4401 Σύμμαχος,
1381 4329 1832 4399 ἐφονοκτονήθη

256 4419 380 4474 ὑπὸ
443 4418 563 4474 τῶν
611 4423 1050 4476 κατοικούντων
1098 4423 1309 4489 αὐτ-ἠν.
1373 4424 1486 4477 Καὶ
1542 4422 1641 4493 τῆς
1704 4422 1835 4492 φθο-

260 4512 362 4581 ρᾶς
416 4510 517 4582 τὴν
570 4512 751 4566 αἰτίαν
806 4513 1132 4582 ἐπήνεγκεν,
1177 4513 1266 4568 ὅτι
1324 4511 1680 4582 παρέϐησαν
1726 4513 1834 4567 τὸν

258 4604 468 4674 νόμον.
500 4604 605 4657 Τὸν
636 4604 867 4673 φυσικὸν
919 4604 1029 4677 γὰρ
1067 4606 1159 4659 τὸν
1209 4604 1434 4659 δοθέντα
1467 4607 1602 4659 πᾶσι
1649 4607 1839 4675 νόμον

259 4694 616 4764 παρέϐησαν
659 4695 943 4764 ἅπαντες,
975 4698 1067 4751 τδν
1112 4696 1459 4768 ἐγγραφέντα
1490 4700 1611 4762 ταῖς
1659 4698 1840 4753 αὐτῶν

260 4788 547 4854 διανοίαις,
575 4787 721 4844 καθά
755 4807 918 4860 φησιν
950 4792 978 4845 6
1023 4789 1255 4853 Παῦλοςδ
1284 4790 1433 4844 ι”Οτ’
1460 4788 1526 4844 ἂν
1574 4788 1681 4862 γὰρ
1711 4787 1838 4860 ἔθνη

260 4879 328 4933 τὰ
360 4879 437 4952 μή
487 4882 652 4951 νόμον
702 4880 893 4951 ἔχοντα
940 4876 1099 4950 φύσει
1137 4881 1206 4934 τά
1247 4878 1344 4934 τοῦ
1385 4879 1551 4951 νόμου
1592 4879 1840 4947 ποιῶσιν,

263 4963 409 5025 οὗτοι
460 4971 624 5033 νόμον
658 4971 735 5043 μὴ
770 4971 1025 5045 ἔχοντες,
1079 4973 1295 5035 ἑαυτοῖς
1355 4973 1495 5026 εἰσιν
1534 4970 1717 5043 νόμος.
1744 4971 1839 5024 Οἶ-

262 5079 407 5126 τινες
441 5062 810 5117 ἐνδείκνυνται
842 5063 904 5116 τὸ
932 5062 1092 5133 ἔργον
1125 5062 1219 5117 τοῦ
1261 5062 1428 5133 νόμου
1486 5062 1729 5132 γραπτὸν
1784 5063 1842 5115 ἑν

263 5156 381 5218 ταῖς
411 5152 667 5226 καρδίαις
700 5154 898 5209 αὐτῶν.
933 5174 951 5207 ι
986 5153 1160 5208 Τοῦτο
1186 5154 1242 5208 δὲ
1277 5154 1374 5209 καὶ
1407 5152 1497 5206 διὰ
1530 5153 1626 5220 τῆς
1659 5152 1842 5207 Ἰωάν-

266 5263 356 5299 νου
384 5245 642 5315 δηλοῦται
674 5247 858 5316 φωνῆς
880 5247 1170 5319 εἰρημένον
1214 5246 1344 5317 περὶ
1385 5243 1481 5298 τοῦ
1521 5242 1845 5315 μονογενοῦς

268 5339 400 5393 Υίοῦ
428 5338 525 5393 τοῦ
557 5339 715 5405 Θεοῦ,
739 5340 822 5393 ὃτι
845 5334 912 5410 ῆν
936 5340 996 5393 τὸ
1030 5340 1145 5408 φῶς
1173 5339 1232 5391 τὸ
1258 5336 1511 5408 ἀληθινὸν
1529 5379 1544 5403 ,
1566 5336 1594 5391 ὃ
1619 5335 1843 5406 φωτίζει

269 5432 449 5486 πάντα
475 5431 764 5506 ἄνθρωπον
814 5432 1106 5504 ἐρχόμενον
1156 5433 1237 5495 εἰς
1268 5432 1361 5486 τὸν
1403 5430 1628 5501 κόσμον.
1668 5430 1841 5485 Τοῦτο

267 5522 322 5576 δὲ
356 5525 450 5577 καὶ
480 5524 624 5578 κατὰ
645 5524 737 5577 τὸν
774 5523 877 5595 τῆς
911 5522 1205 5597 ἐπιδημίας
1231 5522 1423 5592 γέγονε
1452 5520 1661 5592 χρόνον,
1692 5520 1834 5574 κατὰ

336 5708 563 5766 "Joan.
587 5710 768 5773 m,9..
842 5712 887 5743 ”
922 5710 1214 5775 Psal.t.xn,
1257 5711 1342 5765 ll.
1418 5710 1464 5742 ’⁸
1490 5708 1505 5763 l
1531 5708 1725 5764 Thess.
1758 5725 1830 5769 ιν,
1868 5706 1952 5762 16.

272 5782 312 5813 ³¹
344 5781 360 5835 1
394 5782 519 5836 Cor.
552 5798 641 5848 xv,
676 5782 763 5837 47.
841 5783 884 5815 ⁸³
917 5783 1047 5837 ibid.
1080 5783 1166 5837 50.
1245 5782 1289 5812 ³⁸
1319 5781 1434 5835 Jun.
1470 5797 1540 5845 ιν,
1573 5780 1636 5845 6',
1680 5781 1697 5835 l
1732 5779 1874 5835 l’ctr.
1912 5795 1962 5841 ν,
1996 5779 2046 5831 5.

1926 3240 2354 3297 corrumpentur,
2387 3240 2511 3282 cum
2543 3223 2662 3278 suis
2693 3233 2968 3291 quemque
2997 3222 3345 3287 peccatorum
3374 3211 3503 3266 vin-

1926 3325 2071 3381 culis
2105 3320 2410 3390 constringi
2443 3325 2655 3372 certum
2688 3316 2777 3370 sit.
2812 3311 2885 3369 Ut
2917 3311 3061 3367 enim
3094 3324 3218 3364 caro
3256 3323 3286 3361 a
3328 3304 3500 3369 febre,

1928 3430 2093 3486 quam
2152 3430 2220 3468 ex
2287 3428 2347 3467 se
2395 3408 2645 3465 accendit
2691 3403 3088 3472 corrumpitur,
3141 3400 3222 3456 sic
3260 3397 3356 3468 qui
3393 3394 3501 3452 sibi

1930 3485 2066 3561 iram
2100 3506 2153 3559 iu
2184 3503 2279 3558 illo
2306 3503 2402 3558 ira
2434 3500 2521 3555 die
2558 3498 2933 3559 cumularunt,
2978 3492 3107 3562 quia
3146 3489 3361 3544 animas
3391 3485 3497 3541 sibi

1930 3605 2297 3666 corruperunt,
2328 3603 2382 3650 et
2412 3608 2526 3649 suae
2557 3591 2659 3661 ipsi
2702 3586 3031 3658 corruptiani
3074 3580 3263 3638 traditi
3310 3592 3502 3649 punias

1933 3691 2002 3745 iis
2023 3686 2389 3759 patestatibus
2412 3683 2644 3746 dabunt,
2668 3695 2788 3750 quae
2810 3686 3069 3732 tortorum
3092 3674 3290 3735 instar,
3312 3685 3504 3727 eorum

1932 3785 2149 3839 animas
2194 3780 2464 3843 diripient,
2493 3791 2620 3832 cum
2658 3782 2714 3830 et
2756 3774 2861 3843 ipsi
2908 3768 3174 3840 lugebant,
3214 3766 3303 3836 qui
3354 3765 3505 3819 luctu

1933 3876 2098 3944 digna
2132 3881 2439 3943 patrarunt.
2469 3869 2625 3936 Quod
2663 3876 2847 3922 autem
2886 3863 3051 3933 310
3084 3870 3237 3914 terra:
3276 3857 3506 3914 excelsas

1934 3965 2165 4030 addidit,
2208 3979 2329 4020 eam
2374 3978 2539 4033 quam
2575 3962 2750 4030 lugere
2779 3966 2830 4012 et
2866 3965 3171 4024 cormptam
3200 3966 3325 4007 esse
3361 3950 3507 4004 dixi-

1934 4074 2082 4123 mus,
2119 4065 2325 4111 terram
2360 4051 2711 4124 signiﬁcavit.
2747 4047 2857 4103 Hos
2897 4045 3043 4101 enim
3094 4041 3368 4113 pracipue
3399 4041 3509 4093 Do-

1938 4148 2117 4203 minus
2170 4144 2424 4216 superbis
2475 4142 2736 4199 resistere
2791 4138 3011 4200 solitus,
3058 4134 3152 4204 qui
3197 4131 3410 4188 scelere
3455 4139 3512 4185 et

1936 4238 2206 4310 sanguine
2242 4248 2446 4292 terram
2482 4234 2859 4305 repleverunt,
2895 4227 3148 4282 adoritur
3180 4224 3247 4279 “.

2009 4335 2175 4390 Terra
2204 4332 2373 4390 enim.
2403 4330 2481 4383 ait
2508 4326 2891 4398 Symmachus,
2918 4338 2951 4375 a
2985 4321 3096 4374 suis
3120 4315 3509 4373 habitatoribus

1937 4424 2078 4480 crede
2121 4420 2484 4476 contaminata
2527 4424 2627 4471 est.
2661 4414 2836 4484 Cujus
2875 4426 2978 4466 nec
3006 4422 3231 4464 causam
3264 4404 3509 4465 reticuit.

1937 4531 2061 4572 cum
2106 4514 2267 4583 legem
2288 4525 2401 4564 esse
2447 4518 2807 4573 transgressos
2859 4498 3092 4554 addidit.
3135 4495 3323 4566 Legem
3363 4494 3511 4548 enim

1937 4615 2149 4661 natura:
2173 4601 2433 4658 omnibus
2467 4598 2748 4661 traditam,
2775 4602 2829 4649 et
2858 4592 3129 4647 mentibus
3155 4589 3312 4659 ipsis,
3344 4586 3513 4641 Paulo

1938 4706 2098 4760 teste,
2147 4695 2495 4763 inscriptam,
2550 4703 2711 4744 nemo
2761 4695 2868 4752 est,
2922 4686 3013 4755 qui
3072 4700 3175 4739 non
3222 4684 3293 4738 sit
3340 4691 3518 4737 trans-

1937 4805 2167 4861 gressus.
2201 4806 2220 4839 ι
2245 4787 2382 4841 Cum
2408 4783 2555 4839 enim
2580 4789 2795 4853 gentes,
2813 4795 2935 4850 qua:
2958 4778 3130 4848 legem
3158 4792 3267 4831 non
3289 4776 3512 4838 habent,

1942 4889 2136 4934 natura
2165 4877 2328 4939 duce,
2353 4891 2476 4945 quae
2498 4874 2637 4945 legis
2660 4881 2813 4938 sunt,
2834 4871 3071 4937 faciant;
3104 4869 3219 4940 lege
3240 4874 3514 4928 carentes,

1938 4971 2025 5026 lex
2060 4970 2191 5040 ipsae
2223 4969 2329 5024 sibi
2362 4974 2514 5030 sunt,
2546 4982 2669 5021 cum
2702 4965 2836 5035 legis
2867 4978 3009 5032 opus
3040 4962 3161 5016 suis
3190 4960 3515 5027 inscriptum

1938 5061 2200 5116 cordibus
2252 5057 2545 5114 ostendant
2590 5056 2657 5110 ³⁸.
2694 5075 2713 5108 ι
2775 5053 2833 5109 Id
2884 5068 3015 5109 vero
3072 5052 3240 5107 etiam
3287 5047 3517 5103 Joannis

1940 5154 2265 5210 testimonio
2322 5149 2583 5221 patuerit,
2623 5148 2717 5218 qui
2775 5146 2842 5201 de
2897 5142 3181 5215 unigenito
3234 5139 3326 5194 Dei
3377 5136 3517 5192 Filio

1942 5243 2196 5313 loquens,
2224 5254 2412 5295 verum
2442 5239 2628 5293 lumen
2659 5236 2952 5300 exsistere,
2980 5244 3313 5301 omnemque
3345 5226 3519 5282 homi-

1950 5350 2073 5389 nem
2107 5334 2159 5387 in
2193 5333 2341 5387 hunc
2377 5328 2640 5384 mundum
2674 5326 3030 5397 prodeuntem
3067 5324 3344 5379 illustrare
3372 5334 3521 5374 asse-

1948 5435 2032 5482 rat
2061 5427 2126 5481 ³⁸.
2176 5446 2193 5478 ι
2235 5424 2389 5492 Quod
2439 5425 2561 5494 ipso
2602 5422 2768 5477 etiam
2818 5414 3224 5474 incarnationis
3275 5421 3520 5494 tempore

1944 5520 2149 5577 factum
2202 5486 2310 5583 es},
2354 5486 2509 5588 juxia
2565 5515 2699 5571 illud
2738 5533 2752 5569 ς
2791 5531 2809 5565 ι
2849 5512 2907 5571 tn
2957 5510 3155 5567 diebus
3202 5509 3334 5573 illis,
3379 5486 3518 5562 dixit

2030 5709 2075 5739 ὀ
2107 5704 2263 5759 Rern.
2302 5719 2410 5770 xlv,
2442 5702 2528 5757 ιθ.
2605 5702 2650 5733 ³⁸
2683 5699 2786 5756 Job
2822 5716 2900 5765 ιιι,
2929 5699 3016 5753 l9.
3093 5696 3286 5753 "Gen.
3314 5712 3393 5762 ιιι,
3431 5696 3502 5751 l9.

2127 5776 2170 5808 sa
2208 5775 2363 5829 ειμιιι,
2398 5789 2459 5838 ιι,
2495 5773 2576 5828 15.
2658 5773 2701 5805 ³⁸
2730 5771 2887 5827 Joan.
2928 5788 2964 5833 ι.
3007 5770 3058 5824 9-

3574 414 3603 443 ‘
3642 420 3646 425 ι
