4020 6372
208 366 337 434 2201

1264 372 1803 438 COMMENTARII
1849 372 1929 433 IN
1960 372 2244 434 ISAIAM.

206 486 293 539 τὸν
318 483 433 553 τῆς
466 483 676 549 ἐλαίας
706 482 1038 554 τρυγῶντες
1070 482 1307 554 καρπὸν,
1343 482 1637 555 καλάμοις
1662 483 1780 538 διαο

1890 498 2054 538 sensu
2098 481 2396 550 expressit,
2436 483 2529 551 qni
2579 493 2833 553 tanquam
2879 484 3093 547 racemi,
3138 486 3185 540 si
3237 488 3474 556 confecta

204 574 517 647 κρούοντες,
542 578 639 631 καὶ
676 577 841 649 μέχρι
873 577 1023 646 μιᾶς,
1054 574 1213 629 εῐπου
1252 579 1403 649 φωνῇ
1433 588 1483 643 ο,
1509 576 1783 631 natalia).-

203 666 412 719 λουσιν·
447 664 594 720 οὕτω
619 666 727 720 τῶν
756 666 973 721 ἀσεϐῶν
995 665 1193 731 οὐδεὶς,
1220 666 1572 737 διαφεύξεται
1595 668 1787 738 ὥσπερ

202 758 294 812 καὶ
325 756 425 812 ἐπὶ
452 756 573 813 τῶν
602 758 882 829 βοτρύων
908 758 1225 823 ὲπανίοντές
1248 776 1419 824 τινες.
1454 760 1551 816 καὶ
1574 761 1702 824 τοὺς
1727 760 1788 815 τὸ

204 850 418 923 πρῶτον
438 851 707 916 λαθόντας
738 852 1117 921 συλλέγουσιν.
1140 855 1251 909 Καὶ
1274 852 1434 908 τοῦτο
1458 854 1788 927 παρίστησιν

203 945 230 999 ὁ
265 944 464 1016 Σωτὴρ
501 949 567 1017 τῇ
606 947 736 1018 περὶ
769 945 873 1017 τῆς
919 947 1168 1019 σαγήνης
1209 948 1497 1021 παραϐολῇ
1524 948 1634 1004 τῶν
1683 964 1784 1001 σα-

204 1038 357 1109 πρῶν
390 1039 498 1108 ἔξω
555 1041 923 1113 βαλλομένων.
987 1042 1128 1097 Ἀλλ’
1179 1043 1381 1097 ἐκείνοι
1442 1044 1547 1116 μὲν
1609 1040 1787 1098 ταῦτα

202 1128 506 1188 σπείσονται.

1888 575 2050 645 fuerit
2103 575 2398 640 vindemia,
2446 575 2606 629 dixit.
2655 575 2886 641 Deinde,
2936 579 3085 631 velut
3126 591 3157 632 a
3201 578 3476 649 principio

1887 665 1995 719 alio
2029 680 2204 719 vocem
2239 663 2315 717 illi
2350 679 2507 718 suam
2542 665 2819 730 extollent,
2855 662 3041 722 statim
3075 667 3330 739 adjttnxit
3356 686 3371 723 :
3395 669 3474 723 ita

1885 757 2057 821 enim,
2092 771 2262 812 sensu
2314 755 2382 809 ad
2434 756 2616 826 priora
2672 758 2864 821 relato,
2904 759 3163 825 reddidit,
3201 760 3365 831 312
3415 770 3477 816 ιιι

1887 868 1994 923 qua
2025 850 2239 906 ratione
2267 850 2361 919 qtti
2390 850 2533 904 oleas
2563 851 2841 921 colligunt,
2865 852 3085 907 easdem
3121 852 3475 908 arundinibus

1892 944 2234 1000 decutientes
2291 958 2360 997 ne
2416 943 2590 999 solam
2641 944 2897 1013 quidem,
2950 944 3129 1000 sicubi
3186 958 3473 1016 appareat.

1892 1046 2104 1093 restare
2131 1037 2450 1106 patiuntur,
2492 1036 2569 1089 ita
2607 1050 2706 1090 nec
2741 1035 3035 1106 impiorum
3081 1036 3318 1107 aliquem
3350 1051 3477 1093 eva-

1891 1144 2083 1186 surum
2127 1126 2463 1199 signiﬁcaret
2512 1144 2528 1183 :
2576 1128 2723 1198 quod
2775 1127 2831 1183 in
2880 1129 3106 1183 racemis
3145 1128 3313 1184 etiam
3357 1128 3473 1184 lleri

201 1223 478 1290 videmus,
506 1223 635 1280 dum
664 1227 761 1295 qui
790 1227 966 1297 prima
1011 1230 1129 1287 vice
1160 1233 1482 1305 colligentes
1525 1232 1799 1302 fugerant,
1833 1223 2004 1280 altera
2044 1225 2455 1291 decerpuntur;
2498 1223 2644 1293 quod
2678 1222 2797 1291 ipsa
2832 1224 2996 1278 etiam
3029 1238 3244 1296 sagenat
3273 1224 3473 1281 simili-

200 1318 412 1384 tudine,
434 1320 566 1375 dum
601 1320 748 1378 foras
789 1323 883 1394 qui
929 1326 1057 1380 mali
1097 1338 1228 1383 sunt
1271 1331 1453 1399 pisces
1513 1328 1836 1395 eiicinntnr,
1869 1320 2093 1376 edocuit
2124 1318 2381 1375 Salvator
2406 1317 2474 1375 “.

269 1402 433 1465 Οὗτοι
453 1410 514 1464 δὲ
546 1410 840 1481 ἐπαροῦσι
888 1415 1101 1485 φωνὴν
1150 1418 1370 1487 αὐτῶν,
1417 1420 1581 1490 δῆλον
1628 1421 1704 1484 ῶς
1734 1420 1785 1472 oi

197 1503 293 1558 τοῦ
325 1504 638 1577 κρείττονος
669 1505 973 1576 τάγματος.
1022 1509 1190 1564 Ὅθεν
1216 1512 1518 1582 ἐπήγαγενο
1571 1513 1777 1582 Ἀγαλ-

195 1596 519 1653 λιὰσονται
549 1596 621 1651 ὲν
652 1596 733 1664 τῷ
770 1598 1218 1670 ἐνδοξασθῆναι
1249 1604 1491 1671 Κύριον.
1542 1604 1702 1659 Κατά
1727 1603 1785 1658 δὲ

195 1688 751 1761 τοὺςἝδδομήκοντα
768 1707 784 1723 ο
816 1694 882 1745 Ol
903 1693 1143 1761 ἀσεϐεῖς
1166 1696 1465 1765 τρυγητὸν
1491 1700 1788 1762 παθόντες

195 1782 485 1852 ἔσχατον,
501 1782 704 1852 φωνὰς
729 1783 1141 1853 ἀποδώσουσι,
1169 1788 1402 1856 βοιῖιντες
1432 1789 1492 1841 ἐν
1516 1788 1597 1859 τῷ
1623 1789 1786 1844 κολά-

1958 1412 2064 1468 Ista
2086 1428 2218 1483 ergo
2237 1413 2314 1469 illi
2349 1411 2648 1483 patientur,
2670 1427 2845 1465 vocem
2873 1426 3005 1466 vero
3036 1410 3113 1467 illi
3133 1429 3288 1468 suam
3318 1416 3475 1471 attol-

1885 1503 2013 1571 lent,
2048 1511 2310 1574 tanquam
2346 1504 2609 1559 nimirum
2658 1501 2924 1559 felicioris
2972 1506 3247 1561 exsistant
3296 1509 3477 1577 agmi-

1883 1595 1996 1650 nis.
2035 1597 2215 1665 Atque
2265 1595 2393 1650 hinc
2438 1603 2525 1650 est
2568 1593 2715 1663 quod
2761 1593 2815 1647 in
2862 1592 3216 1664 gloriﬁcantia
3248 1595 3473 1653 Domino

1882 1686 2247 1741 multaturos
2280 1687 2501 1756 adjecit.
2546 1683 2705 1751 Quod
2745 1686 2792 1741 si
2827 1684 3188 1757 Septuaginta
3224 1688 3473 1744 virorum

1890 1778 2410 1849 interpretationem
2446 1793 2753 1850 sequimur.
2789 1778 2990 1849 impios
3030 1779 3341 1851 signiﬁcare
3375 1798 3476 1853 pu-

196 1873 392 1939 ζεσθαι
418 1889 433 1903 ·
460 1876 511 1928 0i
542 1872 601 1927 δὲ
632 1874 833 1943 ἀγαθοὶ
867 1875 1336 1947 εὐφρανθήσονται
1373 1877 1495 1947 ἅμα
1528 1876 1603 1947 τῇ
1629 1878 1784 1948 δόξῃ

1896 1874 2122 1930 tandum
2154 1882 2262 1940 est,
2296 1875 2389 1946 qui
2420 1874 2550 1929 dum
2586 1874 2905 1928 vindemiam
2943 1885 3234 1930 extremam
3262 1880 3472 1945 patietu-

194 1969 443 2037 Κυρίου,
472 1968 562 2022 ὅτε
580 1969 610 2023 δ
648 1969 851 2041 Κύριος
880 1969 1159 2026 ἐλεύσεται
1198 1972 1256 2024 ἑν
1281 1974 1349 2044 τῇ
1372 1972 1500 2043 δόξῃ
1535 1972 1634 2026 τοῦ
1678 1975 1789 2028 lla-

192 2058 327 2130 τρὸς
359 2058 548 2123 αὐτοῦ,
579 2058 720 2128 μετὰ
748 2058 1033 2130 δυνάμεως
1072 2058 1167 2113 καὶ
1187 2059 1347 2128 δόξης
1386 2057 1610 2129 πολλῆς.
1641 2059 1789 2115 Ἀντὶ

191 2148 256 2203 δι
305 2149 428 2215 τοῦ,
482 2150 929 2221 Ταραχθήσετιιι
979 2151 1047 2205 τὸ
1094 2150 1250 2219 ὕδωρ
1282 2152 1393 2220 τῆς
1444 2149 1788 2218 θαλάσσης,

197 2241 488 2310 Ἥχησαν
507 2241 699 2296 ὕδατα
737 2240 1079 2311 θαλάσσης,
1102 2242 1397 2297 Θεοδοτίων
1425 2243 1785 2313 ἐρμήνευσεν,

190 2334 378 2405 δηλῶν
413 2334 476 2389 τὸ
508 2334 740 2405 μέγεθος
764 2335 860 2405 τῆς
888 2335 1021 2407 βοῆς
1052 2336 1163 2389 τῶν
1188 2334 1521 2401 δοξαςόντων
1555 2334 1786 2406 Κύριον.

189 2426 451 2495 Νήσους
482 2426 542 2481 δὲ
566 2426 664 2490 τάς
707 2426 1041 2496 Ἑκκλησίας
1071 2426 1207 2496 φησι
1234 2426 1333 2490 τὰς
1366 2427 1426 2480 ὲν
1446 2426 1523 2496 τῷ
1554 2427 1785 2496 παρόντι

190 2518 323 2591 βίῳ,
355 2519 455 2572 καὶ
479 2517 586 2590 πρὸ
611 2518 715 2590 τῆς
744 2519 983 2589 κρίσεως
1009 2520 1069 2573 ὲν
1105 2520 1256 2590 μέσῳ
1287 2519 1399 2572 τῶν
1432 2519 1701 2585 ἀπίστων,
1726 2521 1786 2572 ἐν

192 2612 356 2682 μέσῳ
389 2611 713 2679 θαλάσσης
736 2611 1183 2683 ἀπειλημμένας,
1212 2611 1299 2683 ἐφ’
1326 2610 1396 2674 ἃς
1424 2611 1463 2678 ή
1498 2610 1603 2665 τοῦ
1634 2611 1787 2667 Θεοῦ

185 2701 425 2772 λάμψει
450 2702 603 2769 δόξα
629 2703 771 2758 κατά
804 2704 897 2758 τὸν
927 2704 1101 2759 αἰῶνα
1130 2704 1223 2756 τὸν
1250 2702 1537 2773 μέλλοντα.
1575 2702 1787 2773 Διόπερ

187 2797 222 2849 ὁ
253 2796 414 2862 λόγος
467 2796 559 2849 τὸν
585 2795 745 2850 τοῦτο
772 2797 1074 2867 ποιήσοντα
1121 2795 1256 2850 Θεὸν
1301 2796 1535 2866 ἀνυμνεῖ
1570 2794 1745 2863 λέγων
1764 2811 1780 2828 ο

189 2888 371 2957 Κύριε
399 2889 434 2942 ὁ
473 2888 619 2955 Θεὸς
632 2887 1029 2957 Ἰσραὴλ,ὼύ
1054 2886 1174 2941 τῶν
1197 2887 1508 2956 πτερύγιον
1529 2885 1640 2954 τῆς
1671 2885 1784 2956 γῆς

186 2977 413 3047 τέρατα
451 2980 824 3050 ἠκούσαμεν.
862 2979 1008 3034 Ἀντὶ
1036 2980 1095 3033 δὲ
1122 2977 1216 3034 τοῦ
1240 2978 1476 3048 τέρατα,
1502 2978 1784 3048 ψαλμοὺς

185 3072 489 3127 Θεοδοτίων
522 3072 839 3144 ἑρμηνεύει,
864 3072 958 3128 καὶ
997 3072 1316 3144 Σύμμαχος.
1361 3071 1419 3126 '0
1445 3071 1504 3125 δὲ
1520 3071 1780 3137 Ἀκύλας,

182 3164 521 3234 μελῳδίας.
550 3165 614 3218 Oi
641 3164 751 3236 γὰρ
770 3165 869 3235 τῆς
905 3165 1125 3235 μερίδος
1148 3164 1248 3219 τοῦ
1277 3163 1415 3217 Θεοῦ
1447 3163 1547 3235 τὴν
1570 3163 1784 3219 δικαίαν

1893 1978 2002 2035 tur,
2031 1983 2223 2040 magno
2265 1968 2405 2023 inter
2443 1983 2625 2037 poenas
2656 1966 2886 2022 clamore
2916 1967 3272 2025 vociferaturl
3304 1977 3472 2038 sunt;

1889 2061 2022 2118 boni
2053 2070 2237 2117 autem
2269 2077 2389 2115 cum
2420 2061 2595 2131 gloria
2627 2059 2841 2114 Domini
2871 2061 3224 2125 essttltatnri,
3256 2075 3381 2116 cum
3416 2060 3472 2115 in

1887 2152 2070 2209 Patris
2118 2154 2205 2210 sui
2250 2154 2448 2225 gloria.
2487 2153 2659 2207 multa
2710 2167 2838 2206 cum
2888 2161 3163 2223 potestate
3204 2161 3473 2208 venturus

1886 2256 1975 2303 est
2004 2247 2273 2302 Dominus
2302 2246 2373 2302 “.
2400 2244 2604 2301 Verum
2653 2261 2763 2314 quo
2816 2246 2936 2301 loco
2989 2246 3291 2299 turbabitur
3334 2261 3475 2316 aqua

1887 2340 2054 2393 maris
2090 2337 2340 2406 legimus,
2373 2352 2542 2406 aquas
2584 2336 2751 2390 maris
2793 2338 3024 2389 sonitum
3061 2334 3294 2390 edidisse
3330 2336 3475 2404 apud

1885 2429 2328 2486 'l'lteotlotionem
2383 2428 2655 2498 reperias,
2689 2437 2749 2482 ut
2791 2443 3004 2493 eorum,
3038 2429 3130 2498 qui
3183 2427 3473 2483 Dominum

1884 2523 2201 2594 gloriﬁcant
2231 2522 2382 2576 vocis
2412 2521 2845 2592 magnitudinem
2877 2520 3233 2592 exprimeret.
3268 2520 3476 2575 Deinde

1884 2614 2187 2669 insularum
2222 2615 2443 2670 nomine
2476 2614 2753 2671 Ecclesias
2804 2614 3084 2685 intelligit.
3117 2629 3240 2685 qua:
3279 2613 3334 2668 itt
3365 2614 3474 2667 vita

1886 2706 2010 2769 bac,
2043 2716 2099 2762 et
2126 2707 2471 2774 antejudicii
2504 2716 2740 2778 tempus,
2778 2708 2923 2762 inter
2954 2706 3177 2777 impios,
3210 2715 3474 2776 tanquam

1884 2799 2064 2855 medio
2099 2800 2154 2853 in
2192 2799 2333 2852 mari
2362 2799 2590 2862 relicta,
2627 2797 2721 2854 Dei
2750 2799 2924 2870 gloria
2951 2799 3005 2854 in
3038 2798 3228 2853 futuro
3256 2798 3350 2851 illo
3383 2811 3477 2852 ste-

1883 2892 2011 2947 culo
2040 2890 2381 2945 illustrauda:
2411 2899 2552 2943 sunt.
2595 2891 2774 2960 Atque
2809 2889 2937 2946 hinc
2966 2897 3070 2953 est,
3096 2889 3243 2959 quod
3282 2887 3473 2952 Deum’,

1884 2983 1980 3052 qui
2037 2983 2163 3047 ista,
2204 2983 2453 3036 facturus
2502 2982 2595 3047 sit,
2634 2983 2882 3036 oratione
2924 2980 3173 3051 sequenti
3221 2979 3292 3033 ita
3335 2994 3474 3050 pra:-

1884 3076 2033 3131 dicat
2070 3094 2083 3131 :
2122 3075 2346 3130 Domine
2379 3074 2521 3129 Deus
2557 3073 2750 3138 Israel,
2812 3073 2876 3127 ab
2911 3072 3014 3127 alis
3047 3084 3203 3126 terra:
3231 3080 3476 3139 portenta

1886 3169 2212 3223 audivimus.
2263 3167 2381 3224 Nisi
2426 3167 2596 3238 quod,
2629 3183 2729 3237 pro
2756 3181 2866 3235 quo
2900 3176 3148 3236 portenta
3187 3165 3473 3226 habemus,

187 3256 362 3311 αὑτοῦ
407 3256 592 3328 κρίσιν
637 3256 1150 3328 ἀποθαυμάζοντες,
1196 3257 1618 3327 εὐφραινόμενοι
1661 3255 1783 3327 ἅμα

1890 3262 2119 3331 psalmos
2162 3261 2467 3318 Tlteodotio
2510 3258 2567 3315 et
2601 3260 2989 3333 Symmachus,
3027 3259 3255 3331 Aquilas
3289 3263 3473 3309 autent

187 3348 265 3420 τῇ
289 3349 449 3417 δόξῃ
481 3349 707 3419 Κυρίου
740 3349 971 3420 ὕμνους
1000 3348 1150 3421 αὐτῷ
1176 3350 1271 3403 καὶ
1301 3348 1658 3419 ψαλμφδίας
1690 3350 1785 3403 εὑ-

187 3443 595 3516 χαριστηρίους
642 3441 939 3511 ἀνάγουσιν
970 3441 1313 3513 πανταχόθεν
1346 3441 1502 3505 ὅντες
1529 3441 1631 3512 τῆς
1657 3443 1783 3512 γῆς.

194 3536 265 3592 ’0
305 3536 373 3608 δὴ
410 3537 507 3591 καὶ
528 3535 559 3589 δ
590 3536 880 3607 προφήτης
908 3534 1247 3605 ἐθαύμασεν,
1276 3535 1469 3606 ὑμνεῖν
1495 3534 1664 3597 αὺτάς
1693 3534 1788 3589 τὸν

188 3629 333 3684 Θεὸν
368 3627 640 3699 ἠξιῶσθαι
691 3628 901 3700 μαθών.
946 3631 1011 3683 ’0
1042 3629 1108 3699 δὴ
1134 3629 1230 3682 καὶ
1252 3625 1579 3696 τερατῶδες
1608 3628 1787 3681 ἐδόκει

189 3721 344 3777 κατὰ
377 3722 509 3785 τοὺς
546 3722 979 3794 Ἐϐδομήκοντα,
1029 3722 1079 3775 εί
1116 3722 1217 3792 τὴν
1261 3720 1527 3793 πατρῴαν
1574 3720 1787 3791 πλάνην

191 3816 466 3879 ἐάσαντες
499 3815 594 3869 τὸν
620 3816 728 3869 τῶν
755 3814 1054 3887 προφητῶν
1088 3814 1348 3884 ὑμνοῦσι
1387 3816 1538 3868 Θεὸν
1574 3815 1655 3875 εἰς
1685 3814 1785 3866 πέ-

194 3923 306 3977 ρας
344 3905 533 3969 αὐτοῖς
582 3905 686 3974 τῆς
717 3904 934 3961 ἐλπίδος
981 3905 1245 3975 ὲκὸἀσης.
1291 3904 1416 3957 Ἐπὶ
1446 3904 1555 3974 γὰρ
1596 3906 1662 3974 τῇ
1692 3901 1787 3957 τοῦ

192 3997 338 4052 Θεοῦ
390 3998 766 4070 δικαιοκρισίᾳ
795 3999 1040 4069 ἐπῆκται
1069 3998 1153 4062 τὸ,
1182 3997 1357 4064 ἐλπὶς
1395 3996 1476 4063 τῷ
1527 3996 1785 4061 εὐσεϐεῖ,

193 4090 307 4146 κᾶν
359 4091 662 4161 ἀλλόφυλος
718 4088 753 4165 ᾖ
793 4091 1064 4163 δηλονότι,
1116 4092 1221 4145 κᾶν
1262 4089 1288 4130 ιι
1360 4090 1646 4162 ἀλλότριος
1694 4089 1793 4144 τοῦ

194 4184 529 4255 σπέρματος
568 4184 841 4255 Ἀϐραάμ.

1884 3353 2144 3409 melodias
2172 3352 2553 3409 reddiderunt.
2581 3354 2685 3419 Qui
2712 3353 2857 3406 enim
2890 3352 2982 3407 Dei
3016 3360 3200 3421 partes
3228 3364 3477 3420 sequun-

1882 3452 1996 3508 tur,
2020 3444 2234 3514 justum
2273 3444 2450 3513 ipsius
2476 3444 2751 3513 judicium
2782 3442 3060 3506 admirati,
3092 3443 3216 3496 lmto
3239 3449 3292 3495 et
3316 3438 3476 3494 hilari

1881 3537 2067 3591 animo
2099 3553 2219 3590 cum
2248 3535 2462 3591 Domini
2489 3536 2661 3607 gloria
2686 3534 2866 3590 ubivis
2895 3542 3169 3589 terrarum
3194 3531 3476 3588 exsisten-

1882 3637 1968 3684 tos
1997 3627 2221 3699 hymnos
2280 3628 2456 3683 eidem
2490 3638 2543 3682 et
2572 3630 2811 3697 psalmos
2853 3627 3052 3698 ingrati
3093 3626 3263 3681 animi
3301 3623 3479 3696 signi-

1887 3720 2195 3776 ﬁcationem
2241 3721 2520 3777 oderunt:
2556 3736 2679 3791 quae
2723 3736 2810 3775 res
2842 3720 3123 3790 prophetae
3160 3718 3352 3784 etiam,
3385 3717 3478 3787 qui

1884 3814 2083 3884 dignos
2110 3830 2207 3870 eos
2232 3815 2419 3869 haberi
2468 3815 2621 3882 vidit,
2655 3830 2682 3867 a
2724 3814 2924 3883 quibus
2966 3811 3280 3866 laudaretur
3307 3810 3477 3874 Deus,

1886 3923 1996 3963 non
2022 3918 2231 3963 tantum
2253 3909 2607 3963 admirationi
2635 3908 2766 3975 fuit;
2796 3908 2889 3963 sed
2913 3906 3155 3977 prodigio
3179 3905 3402 3969 similis,
3423 3909 3482 3958 ut

1889 3997 2247 4071 Septuaginta
2281 4001 2457 4071 placet
2482 4001 2898 4070 interpretibus,
2935 3999 3097 4070 313
3125 3996 3272 4069 qttod
3303 3995 3479 4065 majo—

1888 4107 2010 4146 rum
2043 4106 2269 4147 suorum
2300 4108 2488 4147 errore
2523 4093 2796 4163 deposito,
2828 4092 3039 4163 ﬁdeque
3071 4091 3137 4145 ad
3165 4100 3479 4146 extremum

1891 4198 2065 4253 usque
2111 4184 2397 4254 perducta,
2433 4187 2823 4255 prophetarum
2873 4182 3040 4237 Deum
3087 4181 3333 4236 laudibus
3362 4179 3479 4249 aﬂ‘i-

194 4288 399 4335 cerent.
427 4277 618 4350 Neque
647 4279 794 4334 enim
825 4278 931 4333 alia
958 4277 1027 4333 de
1053 4292 1219 4336 causa
1247 4294 1363 4350 spes
1386 4277 1533 4348 iusto
1559 4277 1782 4349 adjecit,
1825 4276 1946 4332 sive
1992 4279 2321 4350 alienigena,
2359 4280 2474 4335 sive
2521 4279 2589 4335 ab
2634 4279 2756 4351 ipso
2803 4277 3037 4334 Abrahae
3107 4276 3320 4332 semine
3382 4289 3479 4330 ex-

195 4378 382 4441 sistat,
431 4391 597 4447 quam
634 4385 696 4430 ut
734 4375 942 4446 justam
991 4374 1083 4431 Dei
1126 4376 1180 4431 in
1218 4374 1522 4446 judicando
1562 4374 1893 4431 sententiam
1927 4386 2052 4428 esse
2083 4374 2509 4429 demonstraret.

284 4469 406 4538 Ἐφ’
436 4464 543 4534 οἷς,
574 4467 715 4523 κατὰ
745 4468 1063 4541 Σύμμαχον,
1098 4468 1337 4540 εἴρηται*
1373 4470 1483 4524 Καὶ
1514 4465 1688 4523 εἶπεν
1718 4467 1786 4521 τὸ

1971 4465 2235 4537 Sequitur
2265 4467 2525 4536 deinceps
2547 4482 2613 4521 ex
2644 4464 3098 4537 interpretatione
3122 4463 3437 4537 Symmachi
3461 4483 3478 4523 :

191 4562 542 4635 μυστήριόν
585 4580 703 4632 μου
740 4563 902 4632 ἐμοί’
955 4563 1024 4617 τὸ
1070 4561 1414 4631 μυστήριόν
1464 4578 1585 4632 μου
1636 4559 1789 4631 ἐμοί.

198 4653 325 4707 Τῶν
353 4652 468 4724 γὰρ
499 4652 798 4723 προφητῶν
831 4653 923 4706 ἐπὶ
970 4651 1049 4723 τῷ
1096 4651 1392 4724 παραδόξῳ
1421 4652 1514 4705 τὸν
1540 4650 1677 4705 Θεὸν
1708 4651 1795 4704 δο-

199 4746 511 4810 ᾃσάντιον,
540 4744 1039 4816 μνημονευσάντων
1062 4745 1119 4799 δὲ
1139 4748 1234 4799 καὶ
1263 4744 1369 4813 τῆς
1398 4745 1651 4812 ἐλπίδος
1675 4744 1800 4800 τῶν

198 4835 501 4902 δύσεσῶν,
554 4836 631 4908 μή
675 4837 978 4908 εἰρηκότων
1034 4839 1092 4892 δὲ
1140 4838 1265 4893 τινα
1309 4840 1405 4893 καὶ
1444 4842 1574 4894 ποῖα
1625 4836 1795 4913 ἦντά

201 4927 570 4997 ἐλπιζόμενα,
606 4926 920 4981 ποθούντων
968 4928 1027 4982 δὲ
1083 4928 1277 5000 μαθεῖν
1325 4930 1361 4983 ἃ
1410 4929 1712 5001 ἡτοίμασεν
1763 4929 1793 4984 δ

202 5020 335 5084 Θεὸς
388 5021 511 5081 τοῖς
560 5018 853 5087 ἀγαπῶσιν
886 5021 1072 5085 αὐτὸν,
1124 5022 1337 5098 σιωπᾷν
1377 5022 1576 5085 αὐτοὺς
1600 5023 1629 5075 ὁ
1661 5023 1799 5087 Θεὸς

205 5110 653 5185 παρακελεύεται
682 5112 887 5181 λέγων*
922 5114 994 5169 Τὸ
1026 5116 1370 5183 μυστήριόν
1396 5132 1519 5185 μου
1546 5115 1705 5185 ἐμοί’
1726 5115 1798 5169 τὸ

200 5203 550 5274 μυστήριόν
610 5222 731 5274 μου
785 5205 937 5275 ἐμοί.
1005 5206 1079 5260 Ού
1126 5207 1235 5276 γὰρ
1277 5206 1405 5270 νῦν,
1454 5209 1641 5279 φησιν,
1704 5208 1795 5261 ἐκ·

208 5299 430 5366 φαίνειν
456 5298 666 5369 καιρὸς,
691 5316 711 5351 ι
739 5298 777 5353 ἀ
798 5298 1076 5369 ὀφθαλμὸς
1102 5300 1202 5353 οὐκ
1237 5296 1401 5367 εἶδεν,
1434 5302 1529 5354 καὶ
1558 5295 1659 5364 οὖς
1696 5301 1796 5354 οὐκ

210 5389 476 5458 ήκουσεν,
506 5392 603 5442 καὶ¹
645 5389 739 5442 ἐπὶ
788 5389 1021 5461 καρδίαν
1048 5392 1344 5462 ἀνθρώπου
1390 5392 1491 5445 οὐκ
1544 5391 1734 5463 ἀνέϐη,
1761 5394 1797 5446 δ.

210 5478 517 5550 ήτοὲμασεν
536 5480 566 5533 ό
584 5479 721 5543 Θεὸς
748 5481 861 5544 τοῖς
894 5480 1189 5549 ἀγαπῶσιν
1220 5482 1404 5536 αὐτόν.
1432 5500 1451 5536 ι
1491 5481 1549 5536 '0
1575 5481 1632 5535 δὲ
1664 5498 1799 5552 προ·

1896 4561 1964 4616 Et
2003 4560 2179 4613 dixit:
2205 4558 2520 4628 Mysterium
2560 4573 2730 4610 meum
2762 4558 2933 4610 mihi:
2970 4557 3276 4625 mysterium
3307 4571 3481 4611 meum

1892 4654 2044 4710 mihi.
2079 4653 2215 4705 Cum
2250 4650 2396 4704 enim
2439 4649 2717 4718 prophetae
2750 4650 3021 4703 miraculo
3052 4648 3276 4703 adducti
3312 4648 3480 4705 Deum

1892 4748 2203 4807 laudarent,
2232 4743 2606 4814 justorumque
2657 4742 2767 4812 spei
2817 4743 3153 4796 mentionem
3200 4740 3479 4807 lacerent;

1891 4854 2072 4909 neque
2120 4844 2302 4891 tamen
2350 4850 2491 4904 qme,
2534 4842 2589 4889 et
2636 4834 2819 4904 qualia
2862 4840 3072 4900 essent,
3112 4847 3235 4903 quae
3292 4848 3480 4903 spera-

1892 4942 2103 4995 rentur,
2132 4929 2432 4998 eﬁ‘errent;
2464 4930 2558 4986 sed
2591 4945 2657 4984 ea
2687 4931 2852 4993 scire,
2882 4945 3003 5001 quae
3035 4944 3095 4985 se
3126 4928 3483 5000 diligentibus

1894 5026 2223 5098 prmparavit
2282 5023 2462 5091 Dens,
2517 5032 2873 5093 emptorem;
2933 5039 3029 5078 eos
3082 5022 3265 5077 verbis
3324 5021 3481 5086 istis,

1899 5117 2213 5190 Mysterium
2270 5133 2443 5171 meum
2500 5116 2687 5170 mihi:
2743 5110 3055 5186 mysterium
3100 5130 3271 5168 meum
3330 5112 3480 5174 mihi.

1897 5220 2080 5265 tacere
2110 5209 2265 5279 jubet
2306 5208 2594 5263 Dominus.
2625 5207 2879 5263 Nondum
2927 5208 3097 5271 enim,
3132 5208 3252 5261 ait:
3295 5225 3313 5258 ι
3351 5206 3484 5274 Quae

1900 5316 2001 5355 nec
2047 5299 2186 5354 vidit
2244 5299 2463 5364 oculus,
2513 5315 2611 5355 nec
2664 5299 2815 5355 auris
2862 5298 3095 5363 audivit,
3145 5312 3244 5352 nec
3288 5296 3340 5349 in
3389 5312 3485 5349 cor

1902 5393 2142 5448 hominis
2177 5392 2447 5457 ascendit,
2478 5407 2601 5463 quae
2642 5392 2972 5464 praeparavit
3017 5392 3160 5445 Deus
3201 5388 3483 5460 diligentia

1902 5485 2004 5538 bus
2038 5500 2098 5539 se
2117 5481 2186 5550 “,
2221 5502 2240 5534 ι
2270 5483 2532 5555 prodendi
2560 5491 2777 5558 tempus
2797 5491 2901 5540 est.
2935 5477 3006 5538 Ut
3033 5489 3216 5537 autem
3264 5488 3485 5552 propter

285 5636 336 5671 ιδ
366 5636 562 5693 Matth.
593 5652 711 5703 χιιι,
745 5635 836 5695 ιι.
910 5639 956 5672 δ’
992 5638 1185 5695 Matth.
1216 5637 1307 5706 25,
1341 5638 1432 5695 5i.
1511 5641 1555 5675 “
1586 5644 1691 5699 lsn.
1728 5656 1788 5696 LI

1919 5642 1979 5706 4,
2014 5643 2031 5696 1
2062 5643 2192 5698 Cor.
2231 5659 2291 5709 ιι,
2322 5644 2375 5698 9.

1498 5762 1733 5821 VARI/I5
1763 5762 2174 5821 LEC'l'lONES.

289 5865 309 5895 ι
346 5872 436 5924 γρ,
472 5857 633 5925 φανῇ.
710 5852 736 5893 ἀ
766 5854 853 5909 ἵσ.
887 5854 1014 5911 ὰπὸ.

3328 375 3472 441 290‘?-
3570 436 3597 461 κ
