4020 6372
557 325 699 391 2203

1894 330 2247 393 PROCOPII
2272 331 2518 393 GAZEI

3678 301 3801 394 seu

559 440 760 511 φήτης.
791 438 868 506 ὡς
908 441 1129 508 ἐδόξασα
1159 441 1256 497 τδν
1309 441 1445 498 Θεδν
1484 443 1578 499 ἐπὶ
1608 442 1684 513 τῇ
1730 442 1850 498 τῶν
1901 442 2140 514 ἀγαθῶν

2251 444 2502 499 iustorum
2529 459 2671 513 spem
2702 443 2873 499 Deum
2905 440 3150 498 laudavit
3180 441 3446 514 propheta
3475 458 3491 497 :
3527 439 3602 496 ita
3632 440 3799 499 huma-

560 532 781 587 ἐλπίδι.
840 532 1027 598 Οὕτως
1083 536 1150 588 ἐκ
1217 534 1634 607 φιλανθρωπίας
1685 535 1817 600 τοὺς
1868 537 2142 607 πονηροὺς

560 623 919 679 ἁποκλαίεται
946 625 1124 694 λέγων
1144 642 1158 657 ·
1192 626 1336 681 Οὐαὶ
1368 627 1495 695 τοῖς
1517 627 1861 683 ἀθετοῦσιν.
1905 628 2048 682 ’Δνθ⁹
2080 622 2141 683 οὖ

575 714 809 780 Ἀκύλας
846 716 949 783 μὲν
1005 717 1111 788 ἔφη
1134 734 1149 748 ο
1184 720 1252 773 Ὦ
1271 718 1426 788 εἵμοι
1452 731 1476 760 θ
1522 720 1879 786 ἀθετοῦντες
1926 719 2142 789 ἠθέτη-

562 822 706 862 σαν.
740 809 798 862 '0
825 809 883 863 δὲ
913 808 1232 881 Σύμμαχος·
1273 812 1423 866 Οὐαί
1459 830 1563 883 μοι
1603 812 1959 880 ἀθετοῦντες
2007 813 2142 882 ἠθέ-

563 917 792 967 τηνται·
817 903 1071 970 Θυρίδας
1099 904 1155 957 δὲ
1181 906 1443 973 adparat?
1464 906 1606 961 κατὰ
1630 907 1732 978 τὴν
1761 906 2141 978 προλαϐοῦσαν

563 993 783 1063 νοήσεις
803 994 1087 1067 ἐξήγησιν.
1126 997 1467 1063 Ἐπεξιόντος
1487 1000 1596 1068 γὰρ
1622 1003 1738 1063 τοῖς
1765 1000 2141 1071 ἁμαρτάνουσι

561 1082 658 1135 τοῦ
688 1084 847 1149 Θεοῦ,
882 1088 943 1139 αἱ
974 1086 1081 1142 τοῦ
1108 1089 1371 1156 οὐρανοῦ
1418 1090 1655 1158 θυρίδες
1694 1091 2143 1147 ἀναπετάννυν·

563 1190 680 1239 ται,
709 1174 811 1245 τῆς
836 1177 921 1242 εἰς
959 1178 1160 1244 αὐτοὺς
1204 1182 1515 1253 ἐπισκοπῆς
1543 1185 1857 1254 γινομένης.
1891 1184 2056 1248 Εἰκὸς
2085 1184 2143 1238 δὲ

563 1265 739 1345 οὕτως
777 1269 1034 1341 εἰρῆσθαι
1074 1273 1205 1345 περὶ
1238 1267 1313 1328 ὧν
1344 1292 1515 1347 φησιν
1545 1277 1573 1329 ὁ
1624 1278 1824 1329 Δαϐίδ·
1880 1297 1900 1331 ι
1938 1280 2143 1350 ΙἈρατε

564 1357 760 1424 πύλας,
796 1360 847 1413 oi
886 1361 1169 1432 ἄρχοντες,
1196 1364 1374 1436 ὑμῶν.
1418 1383 1438 1418 ι
1475 1366 1608 1419 Τότε
1641 1367 1739 1437 μὲν
1778 1365 1872 1422 οὖν
1922 1369 2144 1439 ἀνοιγή-

567 1465 755 1504 σονται
786 1454 959 1507 πᾶσαι
996 1455 1090 1508 ἐπὶ
1115 1456 1216 1526 τῆς
1271 1456 1368 1511 τοῦ
1417 1458 1626 1527 Κυρίου
1662 1458 1963 1530 βασιλείας,
1995 1461 2145 1525 ὅπως

564 1539 633 1595 δι’
664 1541 845 1597 αὐτῶν
887 1545 1246 1618 είσέρχωνται
1290 1550 1340 1602 οἱ
1392 1548 1826 1621 βασιλευόμενοι.
1883 1553 2036 1607 Νυνὶ
2088 1553 2145 1607 δὲ

564 1636 971 1707 ἀνοιγομένων
993 1641 1046 1694 τί
1074 1642 1283 1710 γίνεται
1304 1660 1319 1710 ;
1339 1644 1759 1714 Σεισθήσεται,
1773 1646 1933 1717 φησὶ,
1956 1647 2028 1702 τὰ
2045 1652 2144 1703 θε-

560 1725 741 1793 μέλια
781 1725 893 1796 τῆς
922 1726 1057 1797 γῆς,
1091 1731 1189 1783 καὶ
1230 1730 1668 1801 ταραχθήσεται
1705 1735 1742 1802 ὴ
1776 1734 1884 1804 γῆο
1911 1735 2038 1799 τοὺς
2062 1736 2143 1787 οὶ-

2242 536 2410 591 nitate
2449 535 2719 590 adductus
2751 534 2925 589 malos
2962 533 3134 604 luget,
3173 534 3301 588 dum
3333 549 3408 588 me
3446 533 3802 603 prmariceto-

2241 626 2409 691 ribus,
2439 624 2538 691 ait,
2573 620 2832 695 pro'quo,
2868 639 2945 679 υιτ
2974 623 3135 688 mihi,
3171 625 3591 692 praearicantes
3624 639 3803 693 prma-

2241 716 2400 770 ricati
2427 726 2571 780 sunt,
2598 714 2826 785 Aquilas
2866 722 2913 769 et
2954 713 3318 784 Symmachus
3363 714 3801 783 interpretantur.

2240 808 2445 864 Deinde
2477 808 2620 878 quod
2658 807 2723 862 ad
2747 808 2948 877 januas
2983 808 3102 862 ειειί
3132 808 3350 873 attinet,
3378 806 3435 861 id
3469 805 3540 861 ad
3572 809 3803 877 superius

2242 900 2536 970 assignata:
2599 899 2984 969 explicationis
3047 914 3274 955 sensum
3342 898 3628 953 retuleris.
3686 898 3804 955 Cum

2240 997 2386 1053 enim
2448 996 2747 1054 sceleratos
2806 993 3098 1050 ulciscitur
3157 991 3463 1058 Dominus,
3520 999 3653 1045 tunc
3705 992 3806 1047 cati

2232 1090 2441 1161 janutr,
2492 1098 2553 1142 ut
2603 1089 2657 1144 in
2705 1102 2800 1143 eos
2848 1087 2942 1140 ﬁat
2997 1082 3441 1149 animadversio,
3498 1084 3806 1151 aperiuntur.

2243 1180 2483 1242 Possunt
2541 1189 2597 1236 et
2649 1179 2755 1233 illae
2808 1178 3066 1239 fortasse,
3111 1175 3181 1231 de
3224 1176 3427 1245 quibus
3473 1174 3695 1229 locutus
3738 1184 3809 1232 est

2246 1273 2437 1340 David,
2465 1288 2628 1328 cum:
2655 1272 2901 1327 Attollite
2920 1278 3131 1341 portas,
3151 1268 3460 1340 principes,
3492 1275 3702 1323 vestras
3721 1268 3760 1300 "
3788 1289 3804 1321 ι

2244 1366 2407 1430 dixit,
2442 1364 2697 1434 intelligi.
2736 1361 2876 1417 Tum
2919 1376 3063 1433 ergo
3092 1374 3287 1415 omnes
3330 1360 3675 1430 aperientur,
3702 1373 3809 1414 cum

2246 1456 2461 1514 Domini
2523 1471 2747 1526 regnum
2807 1453 3124 1514 advenerit,
3186 1458 3247 1506 ut
3310 1465 3408 1520 per
3471 1464 3573 1505 cas
3628 1449 3811 1504 subditi

2247 1551 2421 1621 ipsius
2453 1547 2852 1619 ingrediantur.
2906 1543 3014 1600 Sed
3047 1543 3177 1615 quid
3200 1544 3319 1610 jam
3348 1542 3555 1612 apertis
3589 1543 3811 1596 futurum

2246 1642 2374 1699 est?
2415 1640 2800 1695 Concutientur
2830 1638 2927 1704 ait,
2970 1647 3125 1693 terra:
3172 1636 3528 1705 fundamenta
3562 1644 3613 1689 et
3652 1636 3812 1689 turba-

2248 1734 2392 1789 bitur
2431 1744 2606 1797 terra,
2648 1742 2708 1787 ut
2759 1733 2834 1786 ita
2876 1730 2996 1799 ejus
3035 1728 3245 1784 incolas
3284 1737 3551 1796 tanquam
3587 1740 3618 1779 ει
3661 1726 3814 1780 malo-

567 1816 847 1888 κήσαντας
872 1820 1076 1891 ταύτην
1113 1820 1310 1891 δηλῶν,
1352 1822 1429 1886 ὡς
1459 1823 1567 1877 ἀπὸ
1600 1825 1787 1878 κακῶν
1834 1826 2009 1897 μέθης
2044 1843 2142 1880 σα-

2251 1844 2366 1884 rum
2400 1828 2664 1883 ebrietate
2698 1825 2962 1896 agitatum
3012 1821 3080 1877 iri
3118 1820 3337 1876 doceat.
3380 1820 3503 1874 Erit
3533 1834 3664 1874 vero
3691 1830 3811 1874 terra

564 1908 908 1981 λευομένους.
930 1912 994 1965 Ἦ
1014 1913 1072 1965 δὲ
1096 1915 1339 1983 τοιαύτη
1356 1914 1433 1985 γῆ
1453 1917 1563 1970 τῶν
1582 1918 1795 1971 ἀσεϐῶν
1815 1913 1951 1973 οὖσα
1971 1919 2140 1990 ψυχὴ,

563 2004 647 2071 ὡς
695 2006 1190 2077 ὀπωροφυλὰκιον
1226 2009 1400 2066 ἔσται.
1438 2011 1610 2066 Τοῦτο
1654 2013 1712 2066 δὲ
1762 2014 1857 2067 καὶ
1903 2015 1992 2069 διὰ
2034 2016 2144 2068 τῶν

566 2097 879 2171 ἔμπροσθεν
898 2102 1135 2173 ἐρημίαν
1158 2103 1368 2174 ἐδήλου,
1396 2106 1454 2157 ἐν
1472 2100 1554 2169 οἷς
1580 2105 1799 2174 ἐλέγετο
1824 2126 1837 2138 ο
1862 2126 1882 2159 ι
1909 2107 2048 2163 Σιὼν
2068 2109 2145 2173 ὡς

566 2188 734 2258 ἀγρὸς
765 2190 1247 2262 ἅροτριαθήσεται,
1282 2194 1377 2247 καὶ
1430 2193 1791 2268 Ἰερουσαλὴμ
1822 2197 1897 2262 ὡς
1926 2198 2143 2270 ὀπωρο-

566 2278 829 2347 φυλάκιον
868 2279 1045 2335 ἔσται.
1059 2300 1078 2333 ›

636 2369 825 2425 Ταῦτα
851 2370 910 2424 δὲ
955 2373 1170 2442 γέγονε,
1210 2377 1325 2439 τοῖς
1369 2378 1580 2432 οἰκοῦσι
1613 2380 1714 2451 τὴν
1736 2381 1859 2451 γῆν,
1910 2382 2145 2454 ἐπείπερ

564 2463 945 2532 κατίσχυσεν
979 2464 1073 2519 ἐπ’
1111 2467 1339 2535 αὐτοὺς
1394 2470 1434 2538 ἡ
1485 2471 1737 2540 ἀνομία,
1773 2473 1856 2527 διὸ
1884 2474 1977 2530 ἐπὶ
2001 2474 2144 2528 τέλει

564 2552 659 2607 τοῦ
688 2552 851 2623 λόγου
880 2556 1033 2625 φησί.
1055 2558 1164 2611 Καὶ
1212 2560 1503 2626 πεσεῖται,
1561 2562 1658 2617 καὶ
1684 2564 1746 2617 ού
1804 2565 1879 2635 μὴ
1921 2565 2145 2637 δύνηται

564 2644 926 2715 ἀναστῆναι.
964 2648 1147 2716 Ἀπαξ
1188 2649 1288 2721 μὲν
1316 2652 1426 2724 γὰρ
1460 2654 1708 2710 πεσοῦσα
1735 2655 1879 2711 κατὰ
1919 2659 2025 2729 τὴν
2048 2657 2144 2712 τοῦ

568 2735 764 2808 θνητοῦ
819 2737 936 2809 βίου
974 2741 1231 2814 τελευτὴν
1265 2745 1303 2813 ἠ
1338 2744 1438 2814 γῆ,
1481 2746 1620 2819 σὰρξ
1664 2742 1799 2801 οὖσα
1836 2747 2069 2821 γεώδης,
2106 2750 2140 2822 ἢ

567 2828 947 2900 φιλοσώματος
972 2831 1140 2904 ψυχὴ,
1178 2833 1210 2903 ἢ
1245 2836 1295 2888 oi
1345 2836 1514 2891 πάλαι
1562 2839 1662 2905 τὴν
1698 2840 1803 2911 γῆν
1841 2840 2142 2909 οἰκοῦντες,

564 2923 665 2993 τῆς
715 2922 1014 2995 καθολικῆς
1062 2925 1418 2991 ἀναστάσεως
1456 2928 1760 2997 τεύξονται,
1795 2933 2144 3003 παραστῆναι

566 3014 646 3085 τῷ
686 3015 949 3087 δικαστῇ,
1002 3016 1098 3072 καὶ
1157 3017 1265 3072 τῶν
1316 3021 1455 3090 πρὸς
1494 3020 1652 3086 ἀξίαν
1698 3004 1907 3093 τυχεῖν.
1948 3023 2144 3078 Ἐπειδ’

568 3100 637 3155 ἂν
687 3101 745 3156 δὲ
795 3103 1112 3174 κριθέντες,
1171 3106 1273 3176 τῆς
1333 3108 1545 3180 ἀγαθῆς
1588 3110 1805 3177 ἐλπίδος
1863 3115 2142 3168 ἐκπέσωσι

565 3194 965 3265 παραδοθέντες
999 3196 1308 3263 κολάσεσιν,
1351 3199 1679 3265 ἐκπεσόντες
1712 3203 1835 3256 τότε
1862 3205 2021 3269 Θεοῦ,
2047 3206 2148 3259 οὐκ

567 3286 650 3341 ἔτι
695 3286 882 3342 λοιπὸν
954 3288 1295 3356 ἀναστῆναι
1343 3291 1685 3362 δυνήσονται.
1749 3295 1886 3366 Περὶ
1942 3295 2000 3349 δὲ
2052 3296 2152 3367 τῆς

568 3376 684 3449 γῆς
752 3379 1043 3452 αὐτάρκως
1094 3381 1307 3446 είπὼν,
1368 3384 1512 3439 τοῦτ’
1576 3386 1693 3440 ἐστι
1770 3387 1881 3441 τῶν
1933 3389 2152 3458 οἰκητό-

573 3487 682 3542 ρων
713 3471 812 3541 τῆς
848 3471 984 3542 γῆς,
1034 3474 1127 3527 ἐπὶ
1152 3475 1261 3528 τὸν
1298 3477 1562 3546 οὐρανὸν
1591 3478 1909 3548 μεταϐαίνει
1942 3480 2037 3535 καὶ
2081 3481 2153 3535 τὰ

569 3560 839 3628 οὐράνια,
869 3560 1073 3631 λέγων·
1103 3561 1188 3631 Τῇ
1217 3564 1408 3634 ἡμέρᾳ
1435 3566 1660 3637 ἐκείνῃ,
1686 3568 1765 3639 τῷ
1786 3568 1887 3638 τῆς
1915 3570 2154 3639 κρίσεως

569 3648 818 3719 δηλονότι
851 3652 1049 3723 καιρῷ,
1070 3653 1279 3720 ἐπάξει
1304 3658 1337 3710 ὀ
1360 3658 1505 3724 Θεὸς
1527 3657 1625 3711 ἐπὶ
1660 3658 1768 3712 τὸν
1789 3663 2023 3729 κόσμον
2046 3659 2153 3715 τοῦ

572 3741 834 3809 οὐρανοῦ
856 3742 973 3811 τὴν
1001 3744 1193 3814 χεῖρα,
1215 3747 1313 3818 τὴν
1337 3749 1649 3803 συντέλειαν
1679 3750 1855 3820 δηλῶν
1886 3751 1981 3805 τοῦ
2016 3769 2152 3805 παν-

572 3831 684 3897 τὸς,
720 3833 845 3886 καθ’
876 3833 945 3906 ἦν
996 3836 1225 3909 οὐρανὸς
1272 3840 1368 3893 καὶ
1422 3840 1493 3911 γῆ
1541 3841 1961 3913 παρελεύσεται,
2018 3841 2094 3907 ὡς
2125 3846 2155 3898 ό

574 3921 765 3996 Σωτήρ
795 3941 969 3996 φησι·
1002 3928 1096 3981 καὶ
1122 3946 1140 3980 ι
1188 3927 1245 3983 Ὀ
1284 3930 1439 4004 ἥλιος
1490 3932 1942 4004 σκοτισθήσεται,
1991 3936 2087 3989 καὶ
2121 3936 2155 4007 ή

577 4013 777 4088 σελήνη
811 4016 871 4069 ού
909 4016 1073 4071 δώσει
1108 4020 1168 4074 τὸ
1217 4022 1419 4092 φέγγος
1452 4025 1645 4096 αὐτῆς,
1682 4026 1777 4079 καὶ
1814 4028 1861 4080 οἱ
1924 4027 2157 4098 ἀστέρες

572 4106 668 4160 τοῦ
701 4108 932 4181 ούρανοῦ
953 4112 1266 4176 πεσοῦνται,
1281 4135 1299 4168 ι
1332 4116 1427 4171 καὶ
1446 4118 1514 4171 τὰ
1540 4120 1634 4171 ἐπὶ
1657 4119 1891 4183 τούτοις.
1915 4121 2159 4190 Κόσμον

574 4197 634 4252 δὲ
665 4200 949 4268 οὐρανοῦ,
988 4204 1116 4268 τοὺς
1150 4208 1448 4277 φωστῆρας
1478 4208 1620 4261 κατὰ
1646 4210 1736 4263 τὸν
1761 4211 1967 4265 Μωσέα
2002 4211 2159 4265 καλεῖ

576 4288 836 4360 λέγοντα·
876 4295 1117 4367 «Ἔπεχε
1164 4297 1238 4368 μή
1287 4299 1595 4369 ἀναϐλέψας
1630 4303 1710 4365 είς
1765 4301 1856 4354 τὸν
1907 4302 2155 4373 οὐρανὸν,

577 4383 673 4436 καὶ
711 4382 834 4438 ίδὼν
858 4385 950 4439 τὸν
970 4387 1143 4457 ἥλιον,
1179 4389 1275 4443 καὶ
1302 4391 1400 4462 τὴν
1434 4392 1686 4463 σελήνην,
1715 4394 1963 4458 καὶτοὺς
1992 4394 2155 4447 ἁστέοο

2247 1918 2352 1974 ista
2382 1918 2565 1989 (cujus
2603 1916 2827 1971 nomine
2861 1912 3153 1981 impiorum
3187 1902 3383 1966 anima:
3422 1908 3813 1979 intelliguntur)

2249 2021 2500 2082 tanquam
2543 2009 2836 2080 tugurium.
2869 2008 3003 2072 Quae
3039 2019 3148 2069 res,
3180 2004 3271 2058 illa
3301 2002 3469 2058 etiam
3503 2002 3810 2069 vastatione,

2246 2119 2368 2175 quae
2396 2102 2652 2173 superius
2685 2108 2877 2155 notata
2910 2107 3015 2163 est,
3040 2097 3177 2151 satis
3205 2093 3403 2165 patuit,
3429 2107 3559 2148 cum
3588 2092 3811 2155 Sionem,

2246 2208 2509 2268 tanquam
2566 2209 2756 2265 agrum
2813 2201 3027 2245 aratum
3078 2187 3242 2261 315
3278 2188 3368 2251 iri,
3403 2196 3463 2242 et
3508 2184 3809 2253 Jerusalem,

2246 2302 2506 2360 tauquam
2544 2286 2825 2356 tugurium
2862 2283 3103 2338 futuram
3136 2281 3347 2337 monuit
3378 2280 3448 2334 “.

2316 2381 2497 2449 Atque
2545 2377 2660 2431 haec
2710 2373 2931 2444 quidem
2979 2371 3187 2425 ideirco
3233 2379 3394 2425 terra:
3429 2368 3656 2434 incolis,
3684 2366 3809 2438 quod

2245 2476 2303 2528 in
2331 2488 2418 2528 eos
2450 2468 2732 2540 prwvalm‘t
2766 2465 3041 2536 iniquitas,
3080 2464 3404 2519 acciderunt
3432 2481 3446 2516 :
3480 2461 3709 2531 ideoque
3731 2476 3814 2513 ex-

2247 2577 2419 2622 trema
2445 2564 2663 2619 tandem
2691 2562 2943 2617 oratione
2969 2561 3043 2615 ita
3069 2559 3356 2622 ruituram,
3373 2566 3433 2612 ut
3463 2573 3546 2611 res
3571 2571 3813 2627 resurgere

2245 2671 2356 2711 non
2402 2663 2586 2725 queat,
2623 2652 2843 2722 adjecit.
2902 2648 3087 2704 Semel
3132 2648 3279 2703 enim
3328 2648 3452 2717 ipso
3505 2646 3631 2701 vitae
3671 2646 3812 2713 hujus

2245 2758 2515 2811 extremo,
2565 2760 2689 2801 cum
2749 2756 2915 2805 terra,
2964 2754 3095 2796 caro
3144 2739 3399 2795 videlicet
3460 2746 3641 2794 terrea
3684 2738 3811 2793 exsi-

2248 2852 2421 2906 stens,
2450 2848 2542 2895 aut
2574 2852 2803 2908 corpore
2834 2837 3105 2891 oblectata
3140 2834 3345 2895 anima,
3377 2843 3473 2886 aut
3504 2832 3599 2901 qui
3632 2838 3809 2885 terram

2247 2934 2379 2989 olim
2444 2929 2786 2991 habitabant,
2838 2924 3161 2990 ceciderint,
3217 2922 3590 2976 universalem
3642 2933 3810 2973 resur-

2248 3023 2548 3080 rectiOnem
2598 3017 2843 3074 habituri
2883 3029 3037 3080 sunt,
3075 3023 3136 3069 ut
3168 3012 3340 3083 judici
3380 3015 3675 3075 sistantur,
3704 3009 3808 3079 jus-

2251 3125 2475 3185 tamque
2507 3113 2687 3168 ferant
2726 3126 2825 3181 pro
2868 3108 3187 3164 meritorum
3234 3106 3455 3160 ratione
3508 3102 3810 3158 mercedem.

2256 3209 2457 3264 Verum
2505 3209 2595 3263 uhi
2648 3207 2891 3263 damnati
2945 3204 3137 3269 semel,
3181 3203 3475 3273 panisque
3515 3198 3695 3254 traditi
3731 3213 3811 3269 spe

2253 3300 2396 3354 bona
2451 3297 2793 3363 exciderint;
2834 3302 2950 3349 tum
2991 3292 3213 3348 demum
3255 3292 3367 3347 Deo
3415 3290 3621 3361 privati
3661 3304 3815 3341 resur-

2252 3404 2373 3459 gere
2426 3388 2690 3457 deinceps
2751 3385 2992 3457 amplius
3050 3398 3160 3438 non
3222 3382 3511 3437 valebunt.
3568 3380 3809 3435 (laterum

2254 3492 2609 3552 posteaquam
2651 3480 2719 3535 de
2756 3491 2921 3545 terra,
2957 3477 3010 3532 id
3046 3483 3131 3532 est
3177 3474 3245 3530 de
3281 3485 3437 3529 terra:
3485 3472 3697 3537 incolis,
3733 3469 3812 3523 ab-

2255 3571 2402 3627 unde
2431 3572 2569 3625 dixit
2602 3589 2617 3624 :
2656 3569 2722 3624 In
2767 3570 2955 3624 caelum
3004 3568 3139 3638 jam,
3177 3574 3343 3636 atque
3394 3565 3538 3619 adeo
3585 3562 3805 3625 caelestia,

2257 3665 2343 3720 his
2372 3665 2556 3720 verbis
2592 3663 2876 3728 ascendit;
2916 3661 3001 3715 die
3027 3660 3148 3725 illa,
3182 3662 3302 3730 ipso
3346 3659 3613 3713 nimirum
3642 3655 3809 3726 judicii

2258 3767 2523 3827 tempore,
2572 3756 2781 3810 inducet
2818 3755 2958 3809 Deus
2994 3770 3212 3808 manum
3244 3754 3297 3806 in
3332 3762 3584 3806 ornatum
3613 3748 3737 3812 mli,
3764 3753 3810 3798 ut

2258 3847 2499 3903 uniiversi
2552 3846 3085 3903 consummationem
3142 3860 3249 3914 qua
3309 3844 3518 3899 cmlum
3578 3849 3631 3895 et
3686 3847 3809 3892 terra

2258 3937 2564 3991 transitura
2612 3944 2776 4001 sunt,
2840 3933 3112 3989 indicaret
3150 3932 3218 3985 ι’.
3274 3928 3729 3998 Quemadmodum
3766 3933 3810 3979 et

2261 4028 2515 4084 Salvator
2557 4029 2770 4082 monuit
2801 4028 2869 4089 "°,
2907 4026 2999 4081 ubi
3054 4026 3225 4082 solem
3274 4023 3688 4079 obtenehratnm
3735 4016 3807 4081 iri,

2260 4137 2441 4192 neque
2489 4121 2678 4174 lunam
2725 4120 2907 4175 lumen
2949 4135 3108 4174 suum
3155 4118 3436 4182 daturam,
3472 4116 3658 4170 stellas
3698 4114 3809 4166 istas

2259 4213 2457 4271 deinde
2504 4212 2573 4268 de
2621 4213 2760 4268 cmlo
2808 4226 3059 4276 casuras,
3098 4220 3406 4280 caeteraque
3454 4209 3547 4262 illa
3594 4220 3705 4273 qua:
3735 4219 3807 4259 se-

2260 4317 2526 4377 quuntur,
2567 4304 2919 4375 signiﬁcavit.
2978 4302 3110 4357 Caeli
3169 4310 3352 4356 autem
3403 4308 3667 4361 amatum,
3705 4309 3806 4349 cum

2261 4397 2412 4454 Mose
2446 4395 2740 4451 luminaria
2780 4392 3107 4457 nominavit,
3136 4392 3252 4456 ubi,
3288 4409 3307 4443 ι
3347 4392 3512 4457 Cave,
3547 4388 3730 4458 inquit,
3754 4398 3807 4437 ne

581 4491 702 4545 ρας,
733 4476 829 4528 καὶ
858 4478 1038 4532 πάντα
1062 4480 1155 4533 τον
1190 4482 1394 4551 κόσμον
1427 4483 1522 4537 τοῦ
1554 4484 1808 4555 ούρανοῦ,
1853 4485 2149 4556 πλανηθεὶς

2261 4488 2460 4547 Ctelum
2509 4484 2838 4555 suspiciens,
2878 4493 2932 4538 et
2981 4484 3173 4538 videns
3212 4483 3406 4547 solem,
3443 4489 3502 4537 et
3541 4481 3731 4539 lunam,
3765 4482 3808 4529 et

579 4570 981 4639 προσκυνήσεις
1009 4572 1212 4636 αὐτοῖς.
1242 4592 1261 4625 ι
1310 4574 1491 4629 Ταῦτα
1516 4576 1625 4650 γὰρ
1666 4578 1760 4631 καὶ
1788 4579 1816 4631 ὁ
1867 4580 2156 4649 προφήτης

580 4655 758 4728 δηλῶν
806 4660 1078 4731 ἐπιφέρει·
1131 4664 1239 4718 Καὶ
1288 4666 1617 4731 τακήσεται
1658 4670 1696 4737 ἠ
1741 4669 2017 4736 πλίνθος,
2059 4670 2158 4723 καὶ

582 4748 849 4803 πεσεῖται
878 4750 944 4805 τὸ
995 4754 1212 4824 τεῖχος.
1252 4756 1397 4810 Ἀνθ’
1426 4752 1489 4813 οὗ
1528 4758 1825 4831 Σύμμαχος
1857 4777 2014 4832 φησι·
2046 4760 2155 4816 Καὶ

581 4839 1021 4911 ἐντραπήσεται
1075 4846 1115 4914 ἠ
1165 4848 1425 4918 σελήνη,
1466 4849 1565 4904 καὶ
1612 4854 2085 4921 αἰσχυνθήσεται
2129 4855 2162 4907 d

583 4930 777 5000 ἣλιος,
797 4935 893 4989 καὶ
923 4938 973 4990 οἱ
996 4937 1175 4992 λοιποὶ⁹
1202 4940 1259 4993 δέ
1286 4942 1356 4995 τὰ
1387 4942 1571 5012 ὅμοια.
1603 4942 1782 5013 "Amp
1803 4945 1851 4996 οἱ
1891 4943 2161 5016 Ἐϐδομή-

582 5042 746 5079 κοντα
778 5029 1183 5100 συνεκάλυψαν,
1207 5032 1284 5095 ὡς
1301 5033 1561 5102 Ἕλλησιν
1580 5034 1877 5099 ἐκδιδόντες
1902 5036 2000 5106 τὴν
2020 5052 2161 5107 γρα-

583 5116 689 5190 φὴν
715 5118 803 5173 διὰ
833 5120 895 5174 τὸ
927 5123 1275 5194 ἀπεμφαῖνον
1303 5127 1401 5198 τῆς
1448 5126 1667 5207 λέξεως.
1721 5128 1840 5196 Τὴν
1867 5124 1960 5183 οὖν
1993 5129 2163 5198 χεῖρα

582 5212 817 5278 τούτοις
869 5213 1135 5284 ἐπιφέρει
1199 5218 1343 5286 Θεὸς
1394 5220 1703 5273 συντέλειαν
1772 5218 2161 5292 ἐργαζόμενος.

586 5306 885 5373 βασιλέας
910 5307 967 5361 δὲ
996 5308 1109 5380 γῆς
1153 5313 1694 5383 συγκλειομένους,
1720 5315 1831 5368 νόει
1847 5312 1940 5368 τοῦ
1968 5313 2164 5377 αίῶνος

581 5394 775 5450 τούτου
793 5399 920 5465 τοὺς
937 5400 1226 5474 ἄρχοντας.
1269 5404 1356 5469 Ὠς
1393 5407 1489 5459 καὶ
1532 5405 1776 5478 Γαϐριήλ
1798 5423 1965 5478 φησιν
1997 5407 2056 5459 ἐν
2085 5403 2165 5479 τῷ

2257 4581 2466 4644 stellas,
2518 4587 2571 4633 et
2624 4585 2880 4631 ornatmn
2939 4575 3064 4631 coeli
3120 4590 3362 4638 omnem,
3410 4572 3718 4643 decipiaris,
3760 4573 3805 4620 et

2259 4670 2457 4726 adores
2490 4685 2553 4724 ea
2585 4671 2653 4723 ⁸η.
2690 4687 2709 4721 ι
2748 4668 2872 4723 Haec
2906 4668 3052 4722 enim
3097 4678 3151 4724 et
3186 4671 3304 4737 ipse
3338 4668 3600 4738 propheta
3628 4658 3804 4733 signiti-

2258 4770 2370 4827 cat,
2393 4775 2517 4814 cunt
2550 4759 2740 4827 adjicit
2768 4777 2781 4812 :
2814 4757 2883 4811 Et
2914 4757 3139 4813 tabescet
3174 4759 3331 4820 later,
3363 4768 3409 4811 et
3429 4755 3581 4810 cadet
3614 4763 3800 4811 mum;

2259 4866 2494 4922 quorum
2532 4850 2676 4914 loco,
2704 4858 2755 4903 et
2784 4847 3051 4903 erubescet
3091 4848 3241 4913 luna,
3269 4857 3318 4901 et
3350 4844 3695 4917 confundetur
3718 4839 3800 4902 sai,

2261 4956 2370 4997 non
2403 4940 2771 5011 Symmachus
2802 4946 3037 5002 tantum,
3072 4937 3173 5003 sed
3214 4936 3411 5006 reliqui
3458 4935 3616 4991 etiam
3656 4933 3798 4984 inter-

2261 5040 2443 5103 pretes
2471 5030 2861 5095 reddiderunt;
2893 5044 3014 5100 quae
3039 5028 3418 5100 Septuaginta,
3441 5041 3565 5081 cum
3592 5018 3800 5094 profanis

2260 5124 2590 5193 scripturam
2614 5131 2805 5191 aperto
2828 5135 3082 5175 sermone
3109 5119 3244 5173 tradi
3274 5118 3505 5183 nollent,
3523 5115 3687 5171 celare
3707 5123 3798 5163 ina-

2261 5216 2502 5270 lueruut.
2538 5212 2595 5269 ln
2622 5228 2717 5269 eos
2745 5228 2877 5283 ergo
2909 5220 3041 5266 tunc
3067 5227 3283 5265 manum
3312 5210 3521 5264 inducet
3558 5205 3796 5266 Dominus,

2260 5324 2386 5364 cum
2414 5306 2945 5364 consummationem
2975 5304 3316 5374 operabitur.
3345 5303 3522 5357 Terra:
3546 5308 3708 5355 autem
3732 5307 3797 5346 re-

2261 5420 2349 5475 ges
2386 5406 2663 5455 conclusos
2690 5398 2855 5469 hujus
2891 5395 3075 5451 saeculi
3106 5394 3383 5466 principes
3410 5392 3645 5463 intellige
3665 5402 3678 5418 ·
3707 5395 3794 5455 quo

655 5533 700 5565 "
730 5530 877 5590 Psal.
908 5554 1068 5605 χχιιι,
1102 5538 1153 5593 7.
1231 5541 1275 5572 ⁸⁸
1305 5539 1468 5599 Mich.
1499 5558 1583 5610 tu,
1612 5542 1697 5597 12.
1773 5543 1817 5575 θ’
1848 5542 1983 5597 Luc.
2014 5557 2131 5610 ιιι,

2251 5584 2253 5596 .
2330 5541 2377 5574 ⁵ο
2412 5538 2606 5594 Matth.
2651 5552 2798 5601 xxrv,
2832 5533 2923 5589 29.
3000 5535 3045 5567 ⁵¹
3085 5532 3243 5589 Deut.
3278 5547 3352 5599 tv,
3396 5529 3483 5586 19.

1857 5677 2091 5739 νΑῐζυΕ
2114 5677 2523 5738 LECTIONES.

663 5786 685 5814 ο
719 5774 802 5828 ἵσ.
838 5773 958 5827 οὐαί
994 5791 1103 5844 μοι.
