4020 6372
238 380 342 439 205

1326 376 1863 440 COMMENTARII
1910 378 1990 440 IN
2034 376 2321 439 ISAIAM.

3326 370 3468 437 2206

196 491 397 565 Δανιὴλ
420 506 436 522 ⁶
466 490 581 546 Καὶ
625 488 848 561 ἐξῆλθεν
870 487 951 553 εἰς
972 487 1297 558 σύναντησίν
1330 507 1432 560 μου
1463 490 1648 562 ἄρχων
1683 490 1779 561 βα·
1805 538 1816 549 ,

1918 499 1933 544 ι
1964 506 2115 546 more
2145 487 2288 560 apud
2326 485 2603 543 Danielem
2637 484 2878 557 loquitur
2909 483 3149 549 Gabriel,
3184 481 3313 537 dum
3362 483 3467 538 sibi

198 587 406 651 σιλείας
439 582 689 655 Περσῶν,
722 581 816 635 καὶ
845 581 1031 651 ἄρχων
1056 580 1333 651 βασιλείας
1365 582 1590 653 Μήδιον.
1633 582 1787 636 Ἀκό⁶

197 677 395 733 λουθον
424 675 535 747 γὰρ
558 671 628 747 ἦν
656 672 897 746 Χριστοῦ
921 672 1108 726 λοιπὸν
1137 672 1516 744 βασιλεύοντος
1543 676 1601 728 ἐν
1635 675 1792 728 αἰῶνι

200 771 329 840 νέῳ,
364 769 493 832 τοὺς
539 765 816 829 ἐναντίους
842 763 1149 829 ,βασιλέας
1188 766 1269 825 εἰς
1308 766 1475 820 τόπον
1519 767 1794 837 καταὸλη-

205 862 365 931 θῆναι
422 860 514 913 τὸν
567 858 866 930 πρέποντα.
920 855 1024 910 Δύο
1053 855 1073 894 ί
1121 856 1420 928 Σύμμαχὸς
1474 875 1645 928 φησι·
1683 852 1794 913 Καὶ

206 949 719 1020 ἁθροισθήσονται
761 947 1094 1017 ἀθροισμὸν
1120 947 1376 1018 δεσμίου
1418 951 1507 1014 εἰς
1530 948 1790 1016 λάκκον,

207 1045 307 1098 καὶ
343 1040 933 1110 συγκλεισθήσονται
965 1042 1053 1106 εἰς
1091 1042 1529 1111 συγκλεισμόν.
1573 1042 1793 1096 Ἐνέπε-

210 1154 302 1191 σον
332 1133 443 1203 γὰρ
466 1135 547 1197 εἰς
570 1133 629 1186 ὃν
660 1131 986 1203 εἰργάσαντο
1031 1132 1259 1196 λάκκον,
1297 1133 1495 1203 μηκέτι
1537 1136 1651 1198 τοῖς
1689 1135 1794 1188 ὑπὸ

208 1224 451 1295 Χοριστοῦ
482 1222 920 1295 βασιλευομένοις
940 1223 1466 1295 παρενοχλήσοντες.
1494 1224 1795 1296 Σεσίγηται

210 1316 270 1370 δὲ
296 1316 489 1385 φασιν,
511 1315 587 1378 ὼς
609 1316 947 1387 ἀπόρρητον,
970 1315 1077 1369 ὑπὸ
1106 1316 1252 1378 τίνος
1275 1317 1308 1386 ἡ
1334 1316 1613 1388 ἐπισκοπὴ
1639 1317 1796 1372 ἐσται

211 1407 417 1469 αὐτῶν,
453 1406 487 1478 ἢ
517 1406 659 1459 κατὰ
677 1407 803 1468 τοὺς
832 1405 1077 1471 λοιποὺς,
1110 1405 1633 1477 ἐπισκεφθήσονται,
1658 1407 1796 1461 Θεοῦ

212 1498 480 1568 δηλονότι.
532 1496 1053 1566 Ἐντραπήσεσθαι
1081 1497 1140 1551 δέ
1169 1514 1337 1568 φησιν
1394 1497 1575 1565 ἥλιόν
1602 1516 1667 1553 τε
1693 1499 1794 1553 καί

212 1590 515 1656 σελήνην,
557 1588 711 1652 δίκας
742 1588 992 1643 διδόντων
1024 1588 1132 1642 τῶν
1161 1589 1254 1643 ὑπ’
1294 1589 1469 1658 αὐγὰς
1499 1590 1680 1643 αὐτῶν
1709 1608 1799 1660 γε-

214 1681 479 1749 γονότων,
512 1680 589 1744 ὡς
617 1680 668 1733 οἰ
692 1679 1041 1734 Δεσποτικῶν
1080 1680 1245 1734 οίκων
1273 1680 1469 1751 μακρῷ
1492 1681 1669 1752 χρόνῳ
1700 1698 1798 1750 γε-

216 1773 441 1840 γονότες
475 1772 782 1843 ἐπίτροποι,
838 1773 1164 1837 ἐπιστάντος
1203 1774 1299 1827 τοῦ
1345 1776 1640 1841 Δεσπότου,
1670 1777 1798 1840 τοὺς

218 1866 315 1964 ύπ’
363 1866 548 1964 adrui;
593 1866 919 1929 τελέσαντας
955 1865 1349 1936 κολαζομένους
1390 1866 1672 1937 θεώμενοι,
1722 1868 1796 1939 μὴ
1830 1905 1871 1964 Β

219 1954 543 2024 δυνηθέντες
568 1957 974 2025 συνεισενέγκαι
1002 1973 1053 2009 τι
1083 1958 1294 2021 τούτοις
1320 1960 1397 2022 εἰς
1426 1961 1646 2030 ἀρετήν.
1679 1959 1793 2029 Ἐφ’

218 2043 304 2113 οἷς
344 2050 699 2119 ἐπιφέρεται·
752 2050 1116 2105 Βασιλεύσει
1168 2052 1386 2120 Κύριος
1432 2052 1504 2106 ἐν
1558 2051 1639 2118 τῷ
1677 2052 1798 2123 ὄρει

220 2138 398 2193 Σιιὶιν.
429 2139 679 2208 Ἔπρεπε
709 2138 819 2209 γὰρ
860 2139 939 2210 τῷ
988 2141 1119 2210 περὶ
1168 2140 1475 2204 συντελείας
1510 2142 1652 2213 λόγῳ
1700 2143 1798 2215 τὴν

224 2229 533 2301 μέλλουσαν
556 2229 877 2302 ἐπουράνιον
899 2232 1138 2302 Χριστοῦ
1163 2231 1437 2302 βασιλείαν
1463 2235 1637 2288 εἰπεῖν
1663 2235 1799 2304 μετὰ

220 2324 322 2394 τὴν
352 2325 463 2377 τῶν
487 2325 745 2378 ἐναντίων
775 2327 1058 2398 τυράννων
1088 2327 1426 2397 καθαίρεσιν.
1458 2328 1595 2382 Σιὼν
1619 2329 1676 2382 δὲ
1707 2330 1801 2383 καὶ

237 2415 602 2487 Ἰερουσαλὴμ
652 2416 752 2480 τὰς
780 2417 923 2470 κατὰ
970 2418 1185 2473 Παῦλον
1226 2419 1319 2472 τὸν
1352 2420 1525 2490 μέγαν
1569 2422 1804 2491 ἐπουραο

219 2509 375 2572 νίους
407 2508 598 2580 φησὶν,
622 2510 679 2563 ἐν
710 2503 798 2573 αἷς
825 2510 1328 2583 καταξιωθήσονται
1357 2512 1456 2583 τῆς
1492 2512 1657 2567 αὐτοῦ
1688 2512 1805 2566 θεόο

220 2617 391 2671 τητος
423 2602 475 2653 οἰ
507 2599 717 2671 κυρίως
745 2602 1134 2674 πρεσϐύτεροι.

807 2696 1057 2750 ΚΕΦΑΛ.
1103 2696 1230 2749 ΚΕ’.

294 2792 437 2858 α-η’.
476 2787 693 2854 Κύριος
725 2788 759 2840 δ
804 2787 949 2851 Θεός
974 2803 1119 2854 μου,
1152 2784 1393 2850 δοξάσω
1429 2801 1525 2851 σε,
1558 2786 1810 2856 ὑμνήσω

225 2880 293 2933 τὸ
330 2878 519 2949 ὄνομά
542 2895 681 2942 σου,
705 2878 795 2931 ὅτι
817 2878 1114 2944 ἐποίησας
1154 2877 1469 2946 θαυμαστὰ
1497 2878 1812 2947 πράγματα

220 2970 473 3040 ,βουλὴν
506 2971 763 3041 ἀρχαίαν
802 2971 1152 3037 ἀληθεινήν.
1197 2970 1465 3034 Γένοιτο,
1488 2971 1683 3039 Κύριε,
1723 2969 1813 3023 ὅτι

227 3065 457 3131 ἔθηκας
511 3065 723 3129 πόλεις
758 3064 847 3129 εἰς
906 3061 1095 3132 χῶμα,
1150 3064 1360 3128 πόλεις
1406 3062 1650 3131 ὀχυρὰς,
1704 3062 1813 3118 τοῦ

229 3153 453 3208 πεσεῖν
479 3152 681 3207 αὐτῶν
699 3153 770 3207 τὰ
794 3153 1058 3222 θεμέλια.
1085 3153 1206 3208 Τῶν⁵
1237 3152 1473 3207 ἀσεϐῶν
1494 3154 1672 3222 πόλις
1707 3154 1815 3209 τὸν

228 3245 422 3301 αἰῶνα
445 3246 519 3299 οὐ
537 3243 624 3315 μὴ
651 3244 1042 3314 οἰκοδομηθῇ,
1070 3262 1123 3299 κ.
1143 3261 1199 3299 τ.
1230 3244 1281 3298 λ.

305 3338 443 3410 Περὶ
466 3337 571 3407 τῆς
602 3336 833 3391 καθόλου
866 3337 1101 3407 κρίσεως
1131 3337 1237 3391 τῶν
1269 3335 1484 3390 ἀσεϐῶν
1511 3353 1572 3389 τε
1610 3336 1709 3389 καὶ
1740 3335 1817 3389 διο

234 3431 411 3485 καίων
448 3428 644 3495 εἰπὼν,
671 3423 739 3501 ἧς
776 3429 930 3493 τέλος
963 3424 1031 3500 ἦν
1060 3430 1093 3499 ἡ
1139 3428 1377 3496 Χριστοῦ
1409 3426 1680 3498 βασιλεία,
1714 3427 1822 3483 τὸν

235 3523 391 3577 Θεὸν
414 3521 507 3574 ἐπὶ
538 3519 752 3583 τούτοις
772 3518 1031 3589 ἀνυμνεῖ
1045 3518 1143 3573 καί
1171 3517 1427 3583 δοξάζει.
1460 3519 1823 3590 ΙΙληροφορη-

232 3614 356 3677 θεὶς
390 3612 502 3684 γὰρ
532 3611 664 3682 περὶ
690 3610 900 3665 τούτων
933 3610 1085 3683 παρὰ
1128 3610 1286 3677 Θεοῦ,
1314 3610 1412 3665 καὶ
1441 3611 1534 3664 τὸν
1570 3610 1695 3664 νοῦν
1723 3611 1824 3664 οὐκ

234 3706 384 3775 ἔχων
416 3704 665 3775 ἄκαρπον
695 3702 968 3774 φοιτώσης
993 3705 1093 3773 τῆς
1118 3703 1339 3773 χάριτος
1380 3702 1468 3756 ἐπ’
1508 3702 1692 3766 αὐτὸν,
1727 3702 1826 3756 άν-

235 3796 716 3868 τιλαμὸανόμενός
747 3813 809 3849 τε
858 3794 970 3849 τῶν
1021 3794 1177 3865 παρᾲ
1222 3793 1316 3847 τοῦ
1350 3792 1510 3860 Θεοῦ,
1570 3795 1668 3848 καὶ
1719 3793 1828 3848 τῶν

242 3889 395 3943 ἰδίων
419 3887 515 3942 τοῦ
545 3887 640 3942 νοῦ
672 3885 1015 3957 κινημάτων,
1051 3882 1453 3955 ἀποθαυμάζει
1479 3885 1570 3938 τὸν
1594 3884 1831 3956 εὐεργέ-

239 4000 349 4051 την
380 3980 535 4044 Θεὸν,
570 3980 647 4044 ὡς
672 3979 772 4033 ἐπὶ
804 3978 1105 4048 θαυμασία
1130 3994 1194 4032 τε
1221 3978 1321 4031 καί
1350 3977 1570 4047 ἀρχαίᾳ
1598 3976 1826 4047 βουλῇ.

242 4074 325 4128 Τὸ
349 4074 409 4127 δὲ
436 4072 645 4142 ταύτης
672 4073 899 4143 ἀρχαῖον
930 4070 1204 4141 ἐδήλωσεν
1238 4071 1268 4123 ὁ
1292 4068 1531 4141 Χριστός
1549 4082 1563 4098 ο
1597 4086 1616 4121 ι
1641 4068 1829 4135 Δεῦτε,

244 4167 446 4234 λέγων,
461 4166 513 4219 οἱ
546 4163 903 4234 εὐλογημένοι
935 4162 1030 4216 τοῦ
1064 4160 1277 4233 Πατρὸς
1297 4200 1314 4227 ,
1381 4161 1831 4234 κληρονομήσατε

244 4260 351 4329 τὴν
399 4257 819 4330 ἡτοιμασμένην
874 4257 1003 4326 ύμῖν
1048 4253 1328 4325 βασιλείαν
1378 4254 1488 4308 ἀπὸ
1525 4253 1832 4324 καταϐολῆς

246 4352 481 4422 κόσμου.
518 4369 536 4402 ι
586 4349 698 4403 Καὶ
726 4351 756 4402 ὁ
790 4348 933 4411 θεῖος
980 4346 1039 4400 δὲ
1090 4345 1306 4410 Παῦλος
1354 4345 1606 4401 ἐντεῦθεν
1649 4344 1834 4417 ὁρμώ-

249 4459 416 4514 μενος
470 4442 748 4513 γέγραφε·
785 4458 803 4492 ι
831 4437 1027 4503 Καθὼς
1073 4435 1356 4503 ἐξελέξατο
1395 4439 1542 4508 ἡμᾶς
1583 4438 1643 4490 ἐν
1687 4435 1835 4506 αὐτῷ

246 4535 359 4606 πρὸ
389 4533 703 4603 καταόολῆς
724 4532 932 4601 κόσμου
963 4526 1105 4585 εἶναι
1143 4531 1292 4600 ἡμᾶς
1322 4531 1511 4598 ἁγίους
1552 4530 1646 4583 καὶ
1679 4528 1835 4600 ἀμώ-

248 4644 392 4697 μους
428 4627 552 4679 κατ⁹
579 4625 810 4679 ἐνώπιον
838 4623 1005 4677 αὐτοῦ
1038 4626 1096 4676 ἐν
1120 4624 1335 4695 ἀγάπῃ,
1364 4622 1663 4693 προορίσας
1686 4622 1836 4692 ἡμᾶς

246 4721 329 4781 είς
348 4716 629 4770 υἱοθεσίαν
652 4717 712 4768 ἐν
730 4713 899 4785 αὐτῷ.
926 4734 946 4768 ι
972 4713 1131 4767 Κατὰ
1157 4713 1214 4767 δὲ
1238 4714 1365 4777 τοὺς
1387 4712 1642 4781 λέγοντας
1667 4711 1843 4765 ταῦτα

247 4809 383 4879 περὶ
414 4808 517 4877 τῆς
550 4806 851 4877 ἐπιδημίας
888 4806 1164 4877 εἰρῆσθαι,
1196 4806 1263 4859 τὸ
1289 4803 1544 4874 ἀρχαῖον
1566 4801 1675 4869 τῆς
1693 4803 1844 4867 βου-

246 4901 371 4969 λῆς
402 4900 700 4970 παρίστησι
723 4898 951 4969 Συμεὼν
980 4896 1176 4953 εἰπών·
1211 4917 1229 4949 ι
1257 4897 1378 4951 Ὀτι
1399 4891 1539 4950 εἶδον
1554 4895 1604 4947 οἰ
1636 4894 1843 4964 ὀφθαλ-

251 4992 347 5063 μοί
371 5008 479 5062 μου
510 4990 573 5044 τὸ
615 4990 883 5061 σωτήριόν
931 5007 1050 5055 σου,
1084 4989 1113 5042 ὃ
1142 4988 1447 5060 ἡτοίμασας
1497 4987 1640 5042 κατὰ
1668 4985 1839 5058 πρόσ-

249 5101 410 5139 ωπον
463 5086 685 5136 πάντων
717 5082 829 5136 τῶν
886 5082 1054 5137 λαῶν.
1090 5102 1111 5134 ι
1143 5082 1253 5135 Καὶ
1298 5080 1575 5151 Ζαχαρίας
1629 5079 1803 5147 λέγων
1826 5093 1840 5108 ⁸

259 5194 278 5227 ι
304 5174 423 5228 Καὶ
472 5174 663 5244 ἦγειρε
702 5173 873 5245 κέρας
925 5173 1202 5244 σωτηρίας
1230 5172 1363 5242 ημῖν
1394 5172 1453 5225 ὲν
1505 5170 1639 5239 οἴκῳ
1670 5168 1836 5222 Δασὶδ

253 5266 353 5321 τοῦ
370 5265 562 5330 παιδος
589 5265 782 5333 αὐτοῦ,
807 5265 989 5330 καθὼς
1023 5266 1284 5336 ἐλάλησεν
1313 5265 1403 5318 διὰ
1427 5263 1695 5335 στόματος
1726 5261 1836 5316 τῶν

257 5358 439 5426 ἁγίων
473 5358 581 5410 τῶν
616 5357 713 5412 ἀπ’
746 5358 939 5422 αἰῶνος
969 5356 1270 5428 προφητῶν
1303 5355 1492 5411 αὐτοῦ.
1532 5375 1552 5407 ι
1598 5352 1840 5423 Ἀρχαία

263 5447 366 5519 μὲν
392 5444 487 5501 οὖν
505 5446 594 5501 διὰ
613 5447 773 5501 τοῦτο
796 5465 809 5478 ·
838 5446 1096 5516 ἀληθινὴ
1123 5447 1202 5515 δὲ,
1231 5446 1368 5501 διότι
1406 5446 1498 5501 zeal.
1535 5444 1645 5515 πρὸ
1674 5443 1840 5497 ἑσπέ-

374 5565 422 5596 ⁵¹
456 5563 589 5618 Dan.
621 5579 678 5625 ι.
716 5564 804 5620 15.
917 5563 966 5598 ⁸³
1011 5562 1190 5619 Galat.
1227 5578 1302 5631 Iv,
1336 5562 1429 5619 26.

266 5633 314 5668 "’
348 5632 487 5689 Luc.
519 5650 559 5702 ι,
592 5636 683 5700 69,
714 5634 802 5690 70.

348 5821 365 5859 ί
407 5838 495 5886 πρ.
527 5819 625 5877 διό.

1543 5560 1590 5595 ⁸⁸
1642 5558 1834 5614 Matth.
1876 5572 2003 5612 xxv.
2043 5553 2133 5607 ⁸54.

1892 583 2110 639 obviam
2172 581 2322 651 regni
2387 579 2702 644 Persarum,
2750 585 2805 633 et
2859 577 3137 634 Medorum
3192 576 3471 647 principes

1893 676 2093 732 exiisse
2119 672 2595 731 commemorat".
2615 669 2986 733 Decuitenim,
3004 668 3225 724 Christo
3247 667 3300 721 in
3329 682 3474 721 novo

1894 765 2114 827 saeculo,
2139 771 2399 833 regnante
2423 761 2777 818 adversantes
2804 759 2966 830 315
3005 775 3149 830 reges
3179 758 3232 812 in
3270 758 3472 812 idonea

1895 856 2011 910 loca
2041 853 2280 911 detrudi.
2309 851 2497 922 Itaque
2523 852 2605 907 sic
2638 852 3033 922 interpretatur
3060 848 3427 922 Symmachus
3452 866 3469 905 :

1896 948 1965 1003 Et
1993 947 2308 1018 colligantur
2335 944 2643 1000 collectione
2668 944 2829 999 uincti
2859 943 2915 997 in
2947 943 3146 1009 lacum,
3175 951 3224 996 et
3255 939 3474 995 conclu~

1894 1044 2084 1098 dentur
2111 1043 2165 1095 in
2191 1054 2477 1094 carcerem.
2501 1038 2562 1093 In
2591 1036 2807 1092 foveam
2832 1036 2979 1091 enim
3005 1051 3166 1105 quam
3199 1033 3472 1097 fecerunt,

1894 1150 2243 1206 nequaquam
2276 1134 2384 1188 illis
2416 1130 2672 1201 amplius,
2707 1130 2799 1199 qui
2849 1128 2953 1185 sub
2982 1127 3206 1183 Christo
3246 1126 3473 1197 degunt,

1896 1226 2215 1298 importuni,
2263 1223 2503 1295 prolapsi
2559 1230 2710 1277 sunt.
2756 1220 3026 1274 Cmterum
3065 1231 3165 1288 per
3189 1232 3351 1287 quem
3386 1214 3477 1269 lu-

1896 1324 2020 1370 tura
2044 1316 2116 1370 sit
2135 1313 2379 1369 visitatio
2408 1312 2529 1367 ideo
2555 1326 2663 1366 non
2692 1308 2926 1374 addidit,
2952 1319 3012 1361 ut
3041 1320 3299 1361 arcanam
3329 1320 3475 1369 esse,

1896 1408 2003 1472 vel,
2035 1415 2094 1460 ut
2140 1404 2233 1459 alii
2282 1404 2515 1465 malunt.
2547 1417 2644 1471 per
2676 1401 2844 1455 Deum
2893 1398 3010 1452 fore
3050 1396 3294 1451 doceret.
3338 1393 3478 1450 Fore

1897 1506 2081 1554 autem
2111 1496 2267 1559 dicit,
2300 1503 2360 1548 ut
2392 1494 2474 1547 sol
2504 1502 2551 1555 et
2588 1492 2716 1546 luna
2765 1487 3096 1553 erubescant,
3129 1495 3349 1555 propter
3385 1499 3480 1539 eo-

1897 1602 2020 1643 rum
2072 1599 2289 1657 paanas.
2335 1584 2538 1654 quibus
2580 1582 2905 1645 illuxerunt,
2952 1592 3060 1631 non
3107 1576 3266 1630 aliter
3314 1589 3478 1643 quam

1899 1681 2098 1742 solent,
2140 1678 2234 1749 qui
2273 1676 2429 1731 herili
2464 1675 2628 1729 domo
2656 1673 2748 1726 diu
2778 1669 3187 1732 administrata,
3212 1681 3328 1727 eos,
3358 1664 3480 1735 qui-

1900 1772 2006 1828 bus
2035 1768 2375 1840 prazfuerint,
2401 1780 2524 1820 cum
2554 1763 2691 1818 nihil
2721 1762 2801 1816 eis
2837 1761 2903 1816 ad
2935 1760 3189 1814 virtutem
3224 1755 3479 1811 conferre

1901 1866 2223 1933 potuerunt,
2269 1858 2401 1912 hero
2450 1853 2701 1911 redeunti
2754 1866 2946 1923 poenas
2992 1852 3121 1904 dare
3171 1849 3478 1903 intuentur.

1901 1952 2162 2023 Sequitur
2202 1947 2399 2004 deinde
2447 1943 2683 2016 regnabit
2724 1942 2983 1996 Dominus
3020 1940 3076 1995 in
3115 1948 3288 1993 monte
3327 1936 3479 1992 Sion.

1901 2041 2093 2098 Decuit
2138 2039 2285 2096 enim
2338 2037 2586 2092 habitum
2628 2033 2696 2088 de
2741 2030 3215 2087 consummatione
3263 2042 3475 2081 sermo-

1902 2151 2024 2193 nem
2079 2133 2324 2188 futurum
2372 2128 2575 2184 Christi
2630 2140 2897 2197 regnum,
2954 2120 3184 2178 sublatis
3225 2118 3339 2189 jam
3389 2114 3484 2188 qui

1902 2231 2341 2291 adversabantur
2381 2225 2658 2299 tyrannis,
2697 2222 2860 2279 etiam
2907 2220 3214 2276 nominare.
3257 2215 3476 2272 Sionem

1905 2335 2087 2382 autem
2119 2334 2171 2379 et
2202 2320 2529 2381 Jerusalem,
2562 2332 2690 2370 eum
2722 2328 2919 2384 magno
2944 2311 3111 2366 Paulo
3131 2310 3197 2374 ⁸³,
3231 2308 3487 2363 caelestes

1907 2420 2029 2475 illas
2073 2414 2352 2485 intelligit,
2386 2411 2440 2465 in
2474 2408 2677 2480 quibus
2720 2406 2871 2462 illius
2915 2403 3020 2474 ipsi
3063 2400 3366 2466 divinitate,
3393 2399 3487 2470 qui

1906 2510 2126 2584 proprie
2153 2522 2315 2564 senes
2344 2504 2643 2567 exsistunt,
2678 2497 2978 2573 participes
3011 2493 3181 2549 futuri
3228 2501 3379 2549 sunt.

2363 2680 2528 2752 εις
2599 2674 2753 2734 CAP.
2798 2670 2967 2729 xxv.

1983 2779 2150 2835 Vens.
2180 2775 2289 2832 ιοε.
2338 2773 2564 2828 Domine
2634 2769 2770 2822 Deus
2820 2781 3001 2829 meus,
3057 2760 3366 2833 gloriﬁcabo
3420 2765 3493 2823 te.

1916 2868 2143 2924 laudabo
2175 2878 2361 2919 nomen
2427 2870 2602 2921 tuum,
2634 2855 2881 2926 quoniam
2935 2849 3107 2920 fecisti
3153 2844 3493 2903 admirabiles

1914 2977 2021 3025 res,
2050 2955 2329 3013 consilium
2362 2951 2639 3018 antiquum
2667 2961 2843 2999 rerum
2870 2957 2888 2997 :
2923 2943 3018 3011 ﬁat
3046 2978 3062 3003 ,
3094 2939 3331 2994 Domine.
3354 2937 3495 3003 Quia

1916 3050 2145 3126 posuisti
2189 3046 2429 3102 civitates
2466 3041 2522 3095 in
2579 3036 2866 3097 tumulum,
2912 3033 3147 3087 civitates
3193 3030 3381 3100 fortes,
3437 3037 3495 3081 ut

1921 3144 2167 3202 caderent
2211 3137 2561 3210 fundamenta
2602 3146 2809 3186 earum.
2867 3124 3162 3195 Impiorum
3216 3122 3403 3176 civitas
3442 3121 3499 3174 in

1845 3260 1886 3316 ε
1919 3236 2176 3294 swculum
2204 3248 2309 3287 non
2344 3224 2731 3298 a'diﬁcabitur,
2754 3228 2863 3276 etc.

1991 3327 2259 3384 Absoluta
2316 3318 2698 3391 disputatione
2748 3315 2817 3370 de
2869 3313 3129 3367 universo
3179 3307 3393 3380 piortun
3449 3312 3503 3359 et

1921 3422 2218 3492 impiorum
2246 3415 2484 3486 judicio,
2527 3410 2689 3479 cujus
2719 3408 2882 3463 linem
2911 3404 3118 3460 Christi
3155 3414 3378 3471 regnum
3412 3413 3505 3453 se-

1921 3521 2113 3569 cutum
2137 3517 2258 3573 est;
2301 3507 2355 3561 in
2388 3504 2476 3559 his
2503 3502 2669 3556 Deum
2698 3496 2925 3552 laudare
2955 3506 3002 3549 et
3038 3492 3343 3564 gloriﬁcare
3375 3501 3503 3557 pro-

1926 3608 2122 3680 phetes
2157 3599 2494 3674 aggreditur.
2535 3594 2610 3648 De
2643 3591 2731 3645 his
2781 3588 2932 3643 enim
2966 3583 3184 3640 abunde
3217 3597 3243 3635 ο
3285 3579 3399 3633 Deo
3425 3578 3508 3631 in-

1924 3672 2403 3761 structus,vanimo
2424 3687 2619 3763 deinde
2637 3682 2906 3740 venientis
2924 3680 2975 3733 in
2991 3694 3049 3734 se
3064 3676 3251 3748 gratiae
3274 3672 3506 3727 fructum

1926 3791 2258 3865 percipiens,
2296 3791 2431 3839 nutu
2466 3780 2705 3849 denique
2740 3775 2953 3838 divino,
2987 3780 3156 3841 atque
3188 3767 3352 3823 etiam
3384 3779 3512 3833 prn—

1928 3855 2049 3956 prio
2086 3855 2382 3949 impulsus,
2422 3872 2518 3929 Dei
2559 3869 2977 3940 benignitatem,
3034 3871 3300 3932 tanquam
3342 3872 3405 3911 ea
3440 3855 3505 3908 de

1931 3949 2175 4029 mirabili
2227 3967 2551 4036 antiquaque
2602 3957 2826 4015 consilio
2878 3952 3133 4024 prodeat,
3187 3949 3510 4003 demiralur.

1929 4063 2103 4135 Cujus
2144 4057 2525 4129 antiquitatem
2561 4049 2804 4121 ignorari
2837 4045 3106 4101 Christus
3145 4055 3257 4094 non
3307 4050 3509 4107 passus

1932 4127 2038 4223 est,
2097 4167 2222 4209 cum
2258 4127 2440 4204 dixit:
2484 4163 2503 4196 ι
2546 4140 2763 4204 Venite,
2825 4131 3098 4191 benedicti
3153 4127 3330 4184 Patris
3383 4127 3510 4189 mei,

1935 4245 2207 4320 possidete
2248 4251 2476 4310 regnum
2515 4232 2660 4305 quod
2688 4229 2845 4285 vobis
2882 4232 3131 4297 paratum
3186 4226 3334 4319 est'a
3376 4229 3513 4270 con-

1937 4305 2222 4397 stittttione
2249 4305 2435 4388 mundi
2466 4328 2535 4382 “.
2566 4345 2584 4378 ι
2610 4324 2675 4378 Et
2701 4322 2828 4377 hinc
2864 4319 2955 4374 illa
2982 4317 3145 4373 etiam
3196 4305 3515 4382 pro'dierunt.

1938 4428 2048 4485 divi
2089 4425 2246 4480 Pauli
2286 4420 2451 4476 verba
2484 4436 2498 4472 :
2537 4433 2557 4467 ι
2599 4415 2756 4470 Sicut
2803 4418 2857 4464 et
2887 4406 3053 4477 elegit
3114 4417 3217 4457 nos
3276 4399 3330 4454 in
3391 4400 3511 4471 ipsa

1941 4517 2128 4573 mundi
2161 4509 2583 4569 constitutione,
2630 4512 2691 4558 ut
2740 4499 2916 4558 sancti
2961 4508 3017 4553 et
3063 4492 3400 4551 immaculati
3459 4491 3514 4546 in

1867 4598 1911 4654 Ῑ)
1941 4614 2246 4677 conspectu
2298 4602 2419 4672 ejus
2464 4609 2714 4653 essemus
2752 4593 2806 4647 in
2858 4589 3175 4645 charitate:
3231 4582 3334 4650 Qui
3372 4597 3515 4653 pra:-

1943 4672 2242 4756 destihavit
2286 4706 2386 4745 nos
2421 4690 2475 4743 in
2506 4686 2743 4740 ﬁliorum
2770 4679 3121 4751 adoptionem
3154 4675 3209 4729 in
3235 4676 3354 4745 ipso
3387 4672 3453 4723 ⁸³.
3490 4689 3510 4721 ι

1939 4786 2094 4856 Quod
2126 4788 2171 4842 si
2199 4798 2296 4840 eos
2323 4779 2594 4848 sequaris,
2625 4774 2718 4846 qui
2746 4772 2813 4826 ad
2846 4770 3051 4826 Christi
3085 4768 3381 4822 adventum
3411 4766 3515 4817 ista

1940 4854 2283 4942 retulerunt;
2308 4870 2522 4927 consilii
2549 4864 2930 4936 antiquitatem
2958 4858 3234 4931 expressit
3266 4854 3516 4915 Simeon,

1940 4975 2071 5031 dum
2136 4970 2259 5023 ait:
2298 4986 2317 5019 ι
2378 4963 2517 5031 Quia
2577 4959 2835 5014 viderunt
2899 4952 3045 5008 oculi
3100 4949 3206 5004 mei
3274 4947 3515 5002 salutare

1942 5079 2121 5128 tuum.
2154 5059 2302 5133 quod
2358 5054 2564 5128 parasti
2615 5058 2742 5105 ante
2774 5046 2970 5102 faciem
3003 5043 3249 5098 omnium
3285 5036 3517 5108 populo-

1945 5174 2069 5216 rum
2109 5128 2189 5207 ":
2216 5172 2234 5205 ι
2298 5151 2365 5204 Ει
2419 5144 2716 5201 Zacharias
2764 5139 2853 5194 his
2886 5136 3117 5201 verbis:
3152 5151 3170 5184 ι
3229 5130 3292 5183 Et
3342 5128 3518 5183 erexit

1944 5267 2120 5312 cornu
2143 5245 2338 5303 salutis
2375 5240 2536 5313 317
2578 5236 2756 5296 nobis.
2810 5232 2866 5287 in
2913 5230 3076 5283 domo
3131 5221 3300 5278 David
3361 5219 3515 5290 pueri

1947 5346 2057 5411 sui,
2091 5342 2236 5399 sicut
2289 5338 2507 5391 locutus
2560 5338 2645 5384 est
2685 5340 2781 5398 per
2834 5338 2898 5376 os
2945 5327 3283 5376 sanctorum,
3343 5310 3437 5381 qui
3488 5323 3518 5361 a

1949 5408 2152 5496 saeculo
2186 5439 2316 5488 sunt
2342 5425 2730 5498 prephetaruxn
2758 5415 2879 5487 ejus
2907 5413 2978 5467 ⁸⁷.
3027 5428 3046 5462 ι
3095 5408 3190 5463 Est
3230 5419 3360 5475 ergo
3390 5416 3521 5473 pro-

2275 5546 2324 5581 ⁸⁸
2363 5543 2560 5612 Ενιιοε.
2597 5555 2635 5608 ι,
2663 5536 2779 5593 4-5.
2895 5532 2941 5564 ⁸⁸
2978 5528 3113 5585 Luc.
3234 5539 3296 5591 ιι,
3328 5523 3516 5589 50,51.

1554 5716 1787 5777 VARUS
1822 5705 2229 5772 LECTIONES.
