4020 6372
546 324 683 388 “2207

1874 319 2222 382 PROCOPII
2263 320 2503 382 GAZ/El

3644 335 3764 400 2208

555 454 674 508 ptcl'
703 438 819 492 haec
840 435 1126 506 antiquum
1155 435 1474 493 consilium.
1512 435 1620 493 Sed
1647 453 1826 492 verum
1852 438 2121 494 exsistere

2232 455 2324 511 ρας
2377 438 2695 509 ἐκϐήσεται,
2729 436 2896 493 ὲπειδ’
2954 436 3021 493 ἂν
3052 438 3118 513 θῇ
3151 438 3360 507 πάντας
3400 443 3529 510 τοὺς
3567 448 3765 521 ἐχθροὺς

548 530 673 586 ideo
724 531 986 602 potuerit,
1031 528 1180 599 quod
1232 538 1360 584 ante
1410 543 1718 597 vesperam,
1766 530 1858 585 ubi
1889 537 2123 586 cunctos

549 629 735 679 hostes
767 622 886 678 suis
920 621 1151 692 pedibus
1181 620 1482 691 subiecerit
1510 621 1579 686 ⁸⁸,
1616 622 1708 677 ubi
1744 636 1904 678 omne
1946 622 2118 692 impe-

548 712 714 779 riutn,
761 726 978 767 omnem
1026 718 1381 781 potestatem,
1446 724 1640 767 omnes
1673 712 1865 782 copias
1901 725 2121 767 cessare

548 806 761 870 fecerit,
799 804 1117 874 proditurus
1144 814 1251 859 est.

621 894 760 949 Tum
800 895 1021 950 demum
1072 893 1251 961 enim,
1283 894 1436 949 omni
1471 908 1699 965 prorsus
1738 892 1996 964 nequitia:
2028 908 2127 965 ge-

2229 526 2397 582 αύτοῢ
2447 528 2552 582 ὑπὸ
2600 530 2725 592 τοὺς
2762 529 2925 591 πόδας
2978 529 3181 584 αὐτοῦ’
3222 532 3301 587 ὅτ’
3354 534 3425 589 ἀν
3470 542 3767 615 καταργήσῃ

2222 622 2405 674 πᾶσαν
2438 619 2613 692 ἀρχὴν
2649 622 2743 676 καὶ
2771 621 3019 687 ἐξουσίαν
3046 622 3140 676 καὶ
3160 622 3413 696 δύναμιν.

2289 888 2429 942 Τότε
2472 887 2583 960 γάρ
2623 888 2804 959 πάσης
2836 889 3035 955 κακίας
3085 891 3152 945 ἐκ
3183 890 3360 946 ποδῶν
3388 891 3668 964 ἀρθείσης,
3694 898 3775 951 καὶ

551 1000 701 1050 nere,
735 986 1040 1055 ultimoque
1075 985 1266 1049 hoste,
1310 994 1490 1041 morte
1537 985 1809 1050 videlicet,
1864 1002 1895 1041 e
1943 988 2125 1041 medio

2232 976 2317 1031 τοῦ
2348 977 2586 1047 ἐσχάτου
2640 977 2837 1049 ἐχθροῦ
2890 978 2987 1032 τοῦ
3018 979 3255 1035 θανάτου
3281 982 3774 1053 καταργηθέντος,ό

550 1076 809 1140 sublatis,
840 1076 1023 1131 omnia
1060 1076 1204 1132 Deus
1231 1077 1324 1131 [iet
1363 1078 1417 1132 iu
1445 1077 1705 1133 omnibus
1733 1079 1799 1140 ",
1844 1076 2123 1132 Salvator-

550 1182 659 1235 que
691 1177 899 1233 noster,
953 1167 1079 1222 novi
1132 1168 1320 1223 saeculi
1359 1183 1585 1247 regnum
1627 1168 2019 1223 administrans
2070 1168 2125 1221 in

551 1270 847 1329 conspectu
888 1260 1190 1323 seniorum,
1221 1261 1314 1330 qui
1348 1276 1474 1315 cum
1508 1276 1575 1315 eo
1630 1262 1685 1316 in
1728 1262 1839 1315 vita
1903 1272 2129 1317 sancto-

554 1369 676 1408 rum
730 1354 1009 1425 regnaturi
1066 1363 1217 1419 sunt,
1266 1354 1681 1427 gloriﬁcabitur.
1745 1354 1954 1411 Horum
2000 1370 2131 1411 vero

552 1446 818 1499 bonorum
879 1456 1139 1499 eventum
1170 1446 1300 1516 quia
1350 1462 1517 1516 quam
1570 1448 1863 1502 celerrime
1920 1447 2129 1502 intueri

551 1538 725 1606 cupit,
754 1538 871 1605 ﬁat,
911 1537 1148 1603 Domine,
1189 1538 1537 1608 deprecatur.
1575 1540 1847 1593 Nimirum
1879 1540 2007 1610 quia
2060 1540 2130 1595 de

553 1629 644 1692 iis,
683 1643 806 1697 qua:
837 1629 1081 1682 nondum
1109 1638 1428 1694 evenerant,
1459 1629 1635 1698 fecisti
1677 1630 1901 1684 verbum
1956 1644 2132 1685 usur—

556 1728 734 1787 parat,
774 1729 832 1773 ut
882 1719 999 1775 fore
1048 1734 1240 1775 revera
1280 1721 1529 1784 doceret,
1586 1722 1753 1776 etiam
1792 1723 1836 1776 si
1880 1721 2127 1776 nondum

552 1812 694 1864 facta
719 1820 925 1875 eSSent,
958 1812 1077 1879 ﬁat,
1119 1810 1361 1877 Domine,
1394 1812 1614 1882 adjecit.
1654 1811 1916 1867 Precatur
1944 1822 2129 1866 autem

553 1918 744 1958 eorum
770 1904 1011 1965 nomine,
1037 1905 1131 1974 qui
1158 1905 1501 1960 beatitudine
1526 1906 1683 1976 potiti
1710 1914 1872 1969 sunt;
1901 1906 1970 1961 de
1996 1907 2127 1960 reli-

557 1998 719 2067 quis,
756 1997 851 2067 qui
890 1998 941 2051 iu
975 1998 1192 2051 mortali
1241 1999 1347 2050 vita
1394 2007 1521 2052 ante
1569 1997 1982 2067 prmterierunt,
2031 2014 2131 2066 po-

555 2087 714 2139 suisti
744 2087 979 2139 civitates
1014 2088 1069 2139 in
1103 2085 1363 2139 tumulum
1387 2085 1691 2156 adjiciens;
1727 2099 1783 2141 ut
1812 2103 1936 2142 eum
1964 2089 2128 2143 etiam

560 2177 682 2232 ideo
733 2178 999 2242 laudaret,
1059 2179 1206 2248 quod
1260 2179 1457 2248 impias
1505 2179 1792 2234 atheorum
1850 2181 2131 2234 hominum

555 2268 813 2323 civitates
861 2269 1151 2335 everterit;
1213 2270 1352 2323 mala
1402 2285 1593 2325 eorum
1646 2286 1813 2340 opera
1873 2270 2126 2339 fortasse,

559 2361 815 2431 ipsasque
864 2362 1215 2417 adversarias
1262 2369 1566 2431 potestates
1614 2362 1823 2416 urbium
1886 2364 2131 2434 appella-

561 2454 707 2508 tione
730 2454 1068 2524 signiﬁcans,
1097 2469 1235 2524 quas
1268 2470 1476 2507 murum
1504 2463 1555 2509 et
1592 2436 1775 2508 urbem
1803 2470 1945 2524 saepe
1967 2469 2130 2511 voca-

560 2545 636 2596 vit
664 2556 883 2613 propter
912 2546 1118 2611 robur;
1157 2559 1257 2598 nec
1291 2543 1496 2598 dudum
1541 2544 1698 2609 adeo,
1722 2560 1848 2599 cum
1913 2548 1985 2599 ita
2036 2561 2131 2602 eas

558 2635 838 2690 Christum
869 2634 1211 2704 deiecturum
1270 2636 1433 2704 dixit,
1474 2645 1536 2690 ut
1574 2652 1683 2691 non
1740 2638 2123 2693 excitarentur

561 2712 1056 2788 iterum.‘Quorum
1089 2724 1312 2793 quidem
1345 2726 1437 2794 qui
1473 2740 1688 2790 manus,
1724 2725 1778 2779 id
1805 2737 1890 2781 est
1933 2726 2132 2797 impios

561 2814 815 2869 homines
844 2814 1154 2885 eliugerint,
1197 2816 1292 2869 tibi
1342 2815 1692 2871 benedicent:
1746 2819 1851 2883 vel,
1914 2827 1974 2874 ut
2037 2819 2129 2874 alii

560 2908 1010 2975 interpretantur,
1048 2916 1096 2960 te
1116 2906 1510 2977 gloriﬁcabunt.
1559 2908 1797 2978 Populus
1837 2909 1929 2964 ille
1973 2909 2134 2964 nimi-

561 3015 704 3064 rum,
742 2999 833 3070 qui
861 3002 1146 3069 superiore
1189 3002 1392 3055 saecuio
1448 3011 1834 3070 paupertatem,
1892 3010 1988 3056 tuo
2035 3016 2132 3057 no-

561 3093 708 3146 mine
741 3108 962 3162 passus,
992 3093 1133 3146 idem
1168 3093 1236 3146 ab
1282 3093 1466 3162 impiis
1525 3092 1978 3162 persecutoribus
2021 3091 2130 3148 ini-

2226 1068 2326 1138 μὲν
2353 1067 2486 1131 Θεὸς
2528 1068 2680 1122 ἔσται
2736 1069 2915 1122 πάντα
2952 1071 3012 1123 ἐν
3041 1072 3209 1126 πᾶσιν
3228 1086 3244 1102 ⁸
3274 1072 3305 1125 ό
3333 1071 3389 1125 δὲ
3422 1072 3614 1144 Σωτὴρ
3639 1076 3775 1144 ἡμῶν

2223 1160 2319 1213 τοῦ
2347 1160 2469 1214 νέου
2518 1159 2815 1230 βασιλεύων
2843 1160 3039 1226 αἰῶνος
3073 1163 3305 1216 ἐνώπιον
3341 1164 3454 1217 τῶν
3499 1164 3775 1234 πρεσϐυτέο

2232 1269 2339 1324 ρων
2369 1251 2836 1319 δοξασθήσεται,
2890 1253 3399 1324 συμϐασιλευόντων
3444 1256 3506 1309 ὲν
3534 1254 3643 1327 ζωῇ
3686 1259 3778 1312 τῶν

2227 1343 2399 1412 ἀγίων
2424 1342 2591 1413 αύτῷ.
2626 1344 2701 1397 Τὸ
2728 1343 2787 1397 δὲ
2830 1345 2939 1399 τῶν
2969 1344 3192 1414 ἀγαθῶν
3220 1344 3373 1410 τέλος
3416 1345 3548 1399 ίδεῖν
3637 1348 3779 1418 τάχος

2229 1428 2534 1498 ἐπιθυμῶν,
2557 1430 2869 1501 ἐπεύχεταιο
2889 1431 3159 1497 Γένοιτο.
3180 1435 3598 1504 Κύριε.”ῐίγουν
3615 1438 3778 1508 ἐπειδὴ

2228 1524 2361 1596 περὶ
2408 1525 2518 1580 τῶν
2560 1527 2729 1597 μήπω
2770 1528 3073 1597 γεγονότων
3123 1529 3221 1596 τὸ,
3252 1529 3576 1598 ἐποίησας,
3625 1532 3777 1601 ελεγι,

2225 1617 2441 1682 δεικνὺς
2475 1619 2552 1682 ὡς
2586 1619 2736 1673 ἔσται
2774 1621 3011 1687 πάντως,
3044 1621 3096 1674 εί
3139 1621 3236 1677 καλ⁵
3275 1621 3352 1693 μὴ
3383 1623 3598 1692 γέγονα,
3631 1641 3779 1695 προσ-

2229 1708 2392 1779 έθηκε
2425 1709 2507 1763 τοο
2528 1710 2797 1772 Feretro.
2825 1714 3023 1780 Κύριε.
3061 1712 3202 1767 Ἀλλ’
3226 1714 3521 1785 ἐπεύχεται
3552 1716 3651 1786 μὲν
3670 1720 3781 1788 περὶ

2227 1800 2338 1854 τῶν
2362 1802 2702 1872 τευξομένων
2730 1804 3163 1875 μακαριότητος.
3208 1807 3344 1878 Περὶ
3384 1807 3443 1861 δὲ
3474 1808 3587 1861 τῶν
3618 1809 3673 1862 ἐν
3712 1812 3781 1881 τῷ

2162 1868 2204 1923 Β
2230 1891 2407 1962 θνητῷ
2447 1868 2547 1963 βίω
2575 1894 2682 1963 πρὸ
2709 1868 3165 1966 παρεληλυθότων
3194 1868 3442 1967 ἐπιλέγει
3468 1899 3562 1963 τὸ,
3583 1868 3781 1970 suum}

2231 1984 2289 2036 ὲν
2310 1983 2387 2053 τῷ
2411 1983 2591 2055 θνητῷ
2615 1988 2640 2026 ⁸
2670 1988 2881 2053 πόλεις
2910 1989 2998 2054 είς
3030 1987 3218 2057 χῶμα,
3247 1988 3492 2055 δοξάζων
3523 1991 3680 2046 αὐτὸν
3703 1997 3779 2047 καὶ

2230 2074 2316 2144 ἐφ’
2341 2070 2423 2142 οἷς
2448 2077 2549 2140 τὰς
2575 2077 2794 2143 ἀσεϐεῖς
2819 2079 2930 2133 τῶν
2957 2080 3136 2135 ἀθέων
3171 2081 3454 2147 πολιτείας
3486 2084 3779 2149 κατέλυσεν,

2230 2169 2401 2240 ἀσεϐῆ
2436 2187 2497 2224 τε
2546 2170 2751 2225 τούτων
2795 2172 3208 2244 οἰκοδομήματα
3250 2178 3394 2248 τάχα
3434 2178 3660 2243 πόλεις,
3702 2181 3780 2234 καὶ

2230 2264 2331 2327 τάς
2381 2264 2767 2336 ἀντικειμένας
2815 2265 3076 2337 δυνάμεις
3121 2266 3320 2337 δηλῶν.
3399 2271 3505 2333 ’Λς
3568 2271 3654 2326 se
3697 2272 3787 2340 τὴν

2236 2356 2412 2426 ίσχὺν,
2442 2356 2642 2425 τεῖχος
2682 2358 2780 2412 καὶ
2831 2358 3015 2412 ,πόλιν
3054 2358 3240 2413 καλεῖν
3270 2359 3415 2425 ἔθος,
3460 2361 3539 2425 ὡς
3591 2362 3780 2431 ἐλέγετο

2233 2448 2520 2519 πρότερον,
2548 2447 2613 2511 ἃς
2648 2448 2894 2502 καθελὼν
2949 2451 2978 2503 ό
3014 2450 3250 2521 Χριστὸς
3288 2453 3591 2522 ἀναστῆναι
3639 2455 3779 2509 πάλιν

2232 2539 2293 2591 ού
2322 2540 2752 2609 συγχωρήσειεν.
2787 2541 2919 2608 Οἴγε
2953 2541 3062 2611 μὴν
3099 2541 3282 2595 αὐτῶν
3307 2543 3660 2614 διαφυγόντες
3698 2547 3779 2611 τάς

2233 2632 2441 2702 χεῖρας,
2480 2633 2647 2702 ἤγουν
2674 2633 2738 2685 ὲκ
2773 2633 2883 2685 τῶν
2930 2633 3279 2689 ἀσεϐούντων
3306 2636 3615 2706 ἀνθρώπων
3640 2639 3685 2692 oi
3710 2655 3781 2691 σε·

2235 2722 2525 2792 σωσμένοι,
2566 2721 3025 2791 εὐλογήσουσίν
3065 2738 3160 2789 σε,
3213 2726 3251 2795 ἢ
3287 2725 3623 2791 δοξάσουσι
3660 2730 3781 2783 κατὰ

2231 2815 2357 2878 τοὺς
2386 2814 2626 2879 λοιπούς.
2651 2816 2773 2868 Εἰσὶ
2799 2815 2857 2869 δὲ
2902 2810 3051 2871 οὗτοι
3077 2818 3229 2883 λαός
3258 2820 3293 2873 ό
3322 2817 3423 2873 διὰ
3447 2819 3525 2873 σὲ
3550 2822 3778 2888 attexui.

2232 2919 2349 2972 σας
2379 2905 2519 2959 κατά
2542 2907 2632 2960 τὸν
2666 2906 2930 2978 πρότερον
2953 2908 3146 2976 αίῶνα,
3182 2910 3276 2963 καὶ
3298 2910 3359 2964 ὃν
3382 2912 3435 2964 oi
3461 2910 3681 2965 διῶκται
3700 2912 3781 2982 τῆς

2234 2996 2547 3062 οεοσεϐείας
2574 2998 2865 3071 ἠδίκησαν.
2904 3002 3118 3068 Ἤγουν
3149 3004 3201 3056 oi
3241 3003 3410 3058 πάλαι
3456 3005 3659 3075 πτωχοὶ
3696 3006 3781 3057 πάι

2234 3106 2335 3160 σης
2369 3089 2593 3159 ἀρετῆς,
2625 3090 2732 3145 τῶν
2763 3093 2916 3163 παρά
2947 3093 3043 3146 σοῦ
3073 3095 3455 3164 χαρισμάτων,
3484 3090 3561 3151 ὧν
3592 3096 3779 3168 Ἰσραὴλ

558 3186 825 3253 quitatem
851 3185 1136 3239 sustinuit.
1173 3182 1276 3248 Illi,
1313 3183 1563 3252 inquam,
1600 3183 1692 3251 qui
1720 3184 1871 3237 omni
1898 3198 2126 3252 prorsus

2236 3179 2399 3247 μόνος
2429 3179 2700 3234 ἀπέλαυεν
2722 3196 2736 3211 ·
2769 3182 2968 3251 γυμνοί
2999 3199 3057 3235 τε
3094 3183 3197 3253 τῆς
3232 3183 3439 3237 ἀνωθεν
3483 3185 3681 3255 σκέπης
3703 3202 3778 3252 γε·

556 3292 623 3331 ex
654 3284 706 3328 te
745 3276 875 3327 olim
909 3282 1168 3329 manante
1204 3274 1409 3328 virtute
1455 3280 1512 3328 et
1555 3274 1741 3336 donis,
1805 3288 1928 3343 quae
1978 3274 2133 3330 solus

2235 3270 2467 3341 νόμενοι.
2494 3272 2712 3326 Τούτων
2734 3272 2842 3344 γάρ
2870 3274 2900 3314 h
2924 3274 3143 3329 πάντων
3172 3275 3255 3340 είς
3284 3276 3598 3330 τούναντίον
3623 3277 3779 3339 αὐτοῖς

563 3365 897 3436 percipiebat
929 3363 1114 3425 Israel,
1151 3364 1413 3433 omnique
1469 3361 1609 3416 adeo
1661 3361 1953 3417 desursum
2010 3377 2138 3433 pro-

563 3458 802 3513 tectione
837 3455 1084 3510 destituti
1117 3463 1170 3508 et
1207 3453 1403 3523 privati
1451 3453 1768 3522 iacuerunt.
1826 3451 2040 3518 Quibus
2074 3452 2130 3507 in

560 3550 902 3604 contrarium
955 3548 1066 3617 jam
1122 3545 1444 3600 cedentibus
1504 3545 1783 3610 omnibus,
1832 3544 2032 3600 merito
2079 3544 2133 3599 in

561 3643 700 3712 grati
722 3642 889 3696 animi
912 3640 1363 3710 signiﬁcationem
1390 3638 1638 3693 carmina
1666 3647 1720 3693 et
1738 3636 1927 3694 laudes
1948 3638 2138 3694 edunt.

562 3736 699 3788 (ium
727 3735 875 3787 enim
912 3734 1111 3793 tristes.
1145 3741 1200 3786 et
1252 3731 1495 3801 languidi
1552 3732 1754 3797 animo,
1815 3746 2138 3802 suumaaque

563 3830 807 3883 onmium
858 3830 1103 3898 periuria,
1140 3843 1262 3897 qua:
1295 3827 1361 3881 ad
1417 3827 1543 3881 vita).
1586 3825 1813 3880 delicias
1862 3836 2134 3895 spectant,

564 3919 709 3971 inter
731 3916 1028 3971 sceleratos
1067 3916 1252 3984 agitati
1283 3916 1618 3979 laborarent,
1661 3922 1720 3967 tu
1747 3922 1799 3967 te
1829 3914 1996 3983 318
2028 3914 2132 3981 eis,

568 4008 819 4073 Domine,
894 4007 1269 4060 auxiliatorem
1319 4014 1770 4075 protectoremque
1832 4003 2136 4076 praebuisti.

566 4098 680 4153 lmo
709 4114 816 4168 quo
851 4106 1098 4166 tempore
1130 4097 1199 4151 ita
1230 4097 1322 4151 siti
1354 4097 1768 4166 premebantur,
1821 4104 1880 4149 ut
1912 4095 2137 4152 Davidis

568 4190 702 4245 illud
739 4207 754 4245 :
795 4210 813 4241 ι
855 4188 1038 4244 Sitivit
1071 4189 1255 4242 anima
1299 4203 1421 4241 mea
1464 4187 1531 4242 ad
1580 4185 1748 4241 Deum
1804 4186 2010 4243 ίοιιιοιιι
2065 4190 2145 4243 vi-

2238 3364 2642 3433 μεταστάντων,
2682 3365 3076 3437 χαριστηρίους
3114 3368 3347 3431 εἰκότως
3377 3369 3527 3439 ᾠδάς
3564 3370 3777 3440 ἀναπέμο

2232 3473 2451 3512 πουσιν.
2480 3457 2589 3512 Καὶ
2617 3460 2708 3513 ὅτε
2741 3458 2852 3530 γὰρ
2874 3455 3016 3531 ἦσαν
3050 3460 3317 3515 ταπεινοί
3344 3461 3444 3515 nat
3492 3463 3550 3515 ὲν
3580 3461 3776 3530 ἀθυμίᾳ,

2234 3549 2450 3622 τρυφῆς
2471 3569 2533 3605 τε
2558 3552 2740 3622 πάσης
2767 3552 2949 3624 ἐνδείᾳ
2972 3554 3083 3608 τῶν
3115 3553 3338 3622 φαύλων
3376 3554 3438 3607 ἐν
3476 3555 3622 3625 μέσῳ
3652 3570 3779 3624 στρε-

2239 3642 2486 3712 φόμενοι,
2524 3647 2589 3700 σὺ
2616 3647 2821 3702 τούτων
2851 3644 3016 3720 ἦσθα,
3060 3647 3325 3712 Δέσποτα,
3349 3648 3583 3717 ,βοηθός
3605 3663 3665 3701 τε
3699 3645 3780 3699 καί

2236 3738 2458 3803 σκέπη.
2503 3738 2663 3791 Ἀλλά
2706 3740 2799 3792 καὶ
2854 3741 2976 3794 κατ’
3008 3742 3187 3793 ἐκεῖνο
3229 3739 3424 3809 διψῶσι
3485 3737 3687 3808 καιροῦ,
3718 3736 3779 3798 ὡς

2222 3830 2433 3895 ίλέγειν·
2482 3848 2501 3882 ι
2525 3831 2811 3902 Ἐδίψησέν
2842 3849 2925 3886 σοι
2954 3834 2988 3903 ἠ
3014 3833 3159 3903 ψυχή
3206 3850 3308 3902 μου
3366 3832 3508 3903 πρὸς
3560 3832 3645 3885 τὸν
3669 3829 3779 3882 Θεὸν

2237 3922 2328 3975 τὸν
2357 3922 2580 3992 ίσχυρὸν
2603 3922 2697 3975 τὸν
2728 3921 2927 3987 ζῶντα,
2970 3940 2988 3974 ι
3029 3926 3092 3977 σὺ
3135 3923 3298 3976 πάλιν
3330 3918 3479 3995 ἦσθα
3510 3920 3671 3993 πηγὴ,
3700 3936 3778 3971 ποο

2237 4010 2401 4073 τίζων
2433 4012 2632 4075 αὐτοὺς
2654 4013 2883 4084 ἐπιρροῇ
2916 4016 2983 4084 τῇ
3011 4014 3119 4067 τοῦ
3149 4015 3517 4083 πνεύματος,
3550 4012 3655 4083 τῆς
3683 4012 3777 4065 ὀλι-

2239 4101 2540 4171 τοψυχιας
2562 4103 2760 4168 αὐτοὺς
2790 4104 3195 4175 ἀνακτώμενος,
3222 4107 3493 4178 ἐνισχύων
3521 4106 3703 4169 αὐτοὺς
3723 4108 3776 4175 τῇ

2248 4191 2343 4244 τοῦ
2378 4194 2701 4262 μονογενοῦς
2735 4211 2833 4248 σου
2862 4196 3037 4265 Λόγου
3069 4197 3319 4270 δυνάμει.
3655 4202 3673 4220 ’

565 4300 693 4339 vum
726 4284 793 4348 ⁸⁸,
837 4300 856 4335 ι
886 4291 1106 4352 possent
1132 4294 1437 4350 usurpare;
1472 4288 1531 4334 tu
1563 4294 1660 4336 eos
1689 4289 1954 4351 tanquam
2003 4282 2129 4338 fons
2166 4282 2389 4356 aliquis,
2420 4290 2639 4358 spiritus
2679 4290 2820 4345 unda
2863 4289 3176 4361 adaquasti,
3252 4301 3307 4349 et
3365 4292 3778 4363 pusillaniutitm

567 4377 810 4445 deiectos
842 4372 1106 4445 unigeniti
1142 4371 1306 4428 Verbi
1340 4375 1539 4428 virtute
1568 4373 1852 4428 recreasti.

640 4469 721 4524 Ac
752 4482 820 4521 ne
846 4466 914 4521 de
946 4480 1007 4519 se
1037 4464 1143 4518 ista
1181 4464 1437 4533 usurpari
1464 4471 1724 4534 putarent
1753 4464 1955 4528 Judaei,
2008 4478 2137 4535 gra-
2173 4473 2217 4531 ι)

567 4563 721 4625 tiam,
758 4577 880 4630 qua:
902 4560 954 4613 in
978 4570 1206 4613 caeteras
1262 4566 1439 4629 gentes
1475 4557 1678 4614 diffusa
1703 4568 1810 4623 est,
1844 4560 1930 4615 his
1958 4559 2145 4614 verbis

472 4716 489 4733 ε
568 4655 757 4725 adjicit
785 4670 798 4707 :
834 4650 901 4705 Et
937 4652 1097 4721 faciet
1131 4651 1384 4706 Dominus
1414 4649 1651 4706 Sabaoth
1681 4652 1923 4705 omnibus
1965 4653 2138 4722 genti-

568 4749 663 4802 bus
688 4763 844 4816 super
872 4756 1097 4800 montem
1121 4745 1301 4799 istum.
1333 4742 1599 4799 Czeterutn
1630 4745 1755 4813 quid
1783 4743 1964 4813 faciet,
1997 4761 2144 4798 com-

570 4839 893 4904 potationem
916 4838 1141 4907 quidem"
1164 4836 1360 4906 reliqui
1391 4838 1756 4905 interpretes;
1785 4836 2141 4905 Septuaginta

570 4941 785 4997 autem,
829 4930 1100 4985 Bibituros
1143 4928 1420 4993 lcetitiam,
1462 4926 1722 4981 bibituros
1756 4928 1955 4990 vinum,
2008 4928 2143 4995 adji-

570 5026 744 5080 ciunt.
765 5023 954 5094 Neque
975 5038 1104 5077 vero
1130 5020 1420 5075 Dominum
1449 5019 1553 5089 ipsi
1583 5027 1793 5072 tantum
1826 5016 2139 5072 Judaaorum

575 5118 796 5191 populo,
824 5115 918 5173 sed
947 5116 1187 5187 gentibus
1218 5115 1384 5170 etiam
1418 5110 1681 5173 omnibus,
1720 5125 1825 5163 non
1879 5110 1933 5165 in
1977 5111 2145 5165 valli—

576 5212 699 5273 bus,
733 5225 840 5264 nou
872 5210 926 5263 in
955 5206 1188 5277 campis,
1230 5220 1339 5260 non
1372 5203 1428 5258 in
1470 5203 1660 5256 multis
1690 5201 1979 5263 montibus,
2035 5217 2144 5256 non

575 5304 628 5355 in
661 5301 768 5357 alio
790 5300 988 5371 quovis
1008 5297 1270 5367 denique,
1297 5295 1391 5350 sed
1424 5292 1477 5349 in
1502 5308 1614 5348 uno
1644 5294 1758 5357 illo,
1780 5310 1941 5363 quem
1966 5297 2147 5352 verbis

575 5392 741 5461 istis,
780 5410 938 5461 super
991 5401 1218 5445 montem
1273 5387 1430 5451 hunc,
1488 5384 1800 5455 designavit
1854 5388 2144 5440 convivium

574 5500 698 5541 esse
729 5495 1050 5554 paraturttm
1083 5479 1438 5553 signiﬁcavit.
1482 5475 1682 5531 Verum
1710 5492 1871 5544 quem
1913 5481 2129 5533 tandem

691 5600 737 5632 ⁸⁸
768 5598 930 5653 llebr.
963 5615 1017 5664 χ,
1049 5598 1117 5651 13
1191 5598 1236 5629 ⁸⁸
1265 5595 1480 5649 Coloss.
1513 5609 1594 5655 ιιι,
1641 5593 1727 5648 ll.

2326 4467 2416 4531 Ὦς
2447 4467 2515 4522 ἂν
2545 4467 2604 4523 δὲ
2644 4468 2719 4540 μὴ
2747 4469 2875 4540 περὶ
2903 4470 3084 4525 αὐτῶν
3116 4471 3370 4543 είρῆσθαι
3412 4472 3585 4527 ταῦτα
3620 4472 3777 4537 παῖδες

2253 4557 2526 4613 Ἰουδαίων
2548 4558 2834 4629 νομίσωσι,
2852 4561 2950 4631 τὴν
2978 4561 3059 4625 είς
3086 4562 3267 4617 πάντα
3289 4562 3363 4616 τὰ
3384 4562 3536 4630 ἔθνη
3561 4564 3777 4632 χυθεῖσαν

2239 4651 2401 4724 χάριν
2434 4654 2755 4722 παρίστησι·
2790 4652 2897 4708 καί
2925 4654 3165 4720 ποιήσει
3185 4693 3202 4718 ,
3233 4655 3431 4723 λέγων,
3462 4658 3666 4725 Κύριος
3690 4658 3774 4708 Za-

2242 4742 2400 4799 ὄαὼθ
2428 4745 2581 4799 πᾶσι
2606 4746 2731 4811 τοῖς
2761 4745 3009 4799 ἔθνεσιν
3028 4746 3126 4799 ἐπὶ
3156 4746 3223 4798 τὸ
3253 4745 3387 4813 ὅρος
3428 4748 3621 4801 τοῦτο.
3647 4745 3703 4798 Τί
3730 4744 3775 4796 δὲ.

2239 4836 2481 4905 ποιήσει
2500 4853 2518 4897 ,°
2538 4836 2691 4891 Κατὰ
2723 4836 2820 4906 μὲν
2841 4837 2967 4899 τοὺς
2999 4835 3217 4900 λοιποὺς
3240 4837 3599 4908 ὲρμηνευτάς,
3623 4837 3778 4891 ποτιῗν

2226 4930 2371 4999 sea;
2405 4931 2652 4999 εἴρηται·
2681 4929 2822 4982 κατὰ
2868 4929 2926 4983 δὲ
2951 4930 3077 4992 τοὺς
3122 4929 3545 5000 Ἑϐδομήκοντα,
3576 4931 3775 4984 alarm

2244 5020 2657 5087 εὐφροσύνην,
2676 5021 2913 5073 σείονται
2942 5015 3131 5074 οἶνον.
3160 5020 3274 5074 Ούκ
3297 5021 3405 5091 άρα
3430 5022 3510 5091 τῷ
3546 5019 3775 5074 Ἰουδαίων

2244 5110 2360 5181 λαῷ
2383 5110 2447 5163 τὸ
2470 5112 2839 5180 συμπόσιον,
2869 5109 3022 5167 πᾶσι
3066 5112 3124 5164 δὲ
3151 5111 3279 5178 τοῖς
3305 5112 3510 5168 ἔθνεσι
3541 5114 3672 5181 λέγει
3696 5126 3775 5163 na-

2251 5202 2615 5272 ρασκευάσειν
2655 5203 2746 5255 τὸν
2782 5202 3005 5275 Κύριον.
3074 5204 3189 5256 Οὐκ
3233 5206 3294 5257 ὲν
3347 5203 3640 5275 φάραγξιν,
3687 5200 3773 5254 οὐδ’

2246 5295 2305 5346 ἐν
2350 5294 2577 5359 πεδίοις,
2607 5294 2717 5348 οὐδ’
2756 5296 2816 5347 ὲν
2869 5295 3083 5358 πολλοῖς
3112 5295 3316 5366 ὄρεσιν,
3353 5296 3463 5349 οὐδ’
3509 5298 3579 5360 ὼς
3620 5294 3773 5362 ἔτυχεν

2249 5388 2340 5439 ὲπί
2374 5403 2519 5449 τινος
2548 5386 2743 5453 ὄχους.
2778 5387 2893 5441 ἀλλ’
2922 5386 3011 5441 ἐπ’
3046 5390 3222 5441 ἐκεῖνο
3275 5390 3401 5459 περὶ
3442 5384 3603 5459 οὗπερ
3634 5386 3772 5456 {una

2237 5478 2544 5541 δεικτικῶς,
2579 5478 2678 5533 ἐπὶ
2707 5479 2771 5533 τὸ
2813 5480 2949 5549 ὅρος
2977 5479 3170 5535 τοῦτο.
3220 5481 3377 5535 Ποῖον
3396 5520 3412 5539 .
3435 5481 3469 5554 ἢ
3495 5482 3551 5535 τὸ
3575 5476 3771 5549 δηλωθὲν

1877 5595 1922 5625 ⁴⁹
1957 5594 2100 5650 Psal.
2133 5611 2243 5658 xu,
2273 5597 2324 5648 5.

1838 5685 2071 5743 VARLE
2105 5684 2509 5742 LECTIONES.

654 5765 676 5803 ε
703 5759 807 5829 ἄρ.
844 5763 899 5812 ἐν
930 5758 1004 5826 τῷ
1026 5758 1219 5827 Θνητῴ.
1298 5760 1323 5794 ³³
1353 5757 1436 5809 ἴσ.
1465 5751 1574 5817 οὖν,
1602 5755 1653 5819 ἢ,
1680 5754 1753 5811 δέ.
