  <div class='ocr_page' id='page_1' title='image "/cluster/home/n/w/nwhite01/storage/ocr_20150623/87:2/hvd.32044019208008/344.png"; bbox 0 0 4020 6372; ppageno 0'>
   <div class='ocr_carea' id='block_1_1' title="bbox 211 316 350 379">
    <p class='ocr_par' dir='ltr' id='par_1_1' title="bbox 211 316 350 379">
     <span class='ocr_line' id='line_1_1' title="bbox 211 316 350 379; baseline 0 0"><span class='ocrx_word' id='word_1_1' title='bbox 211 316 350 379; x_wconf 69' lang='grc'><strong>2209</strong></span> 
     </span>
    </p>
   </div>
   <div class='ocr_carea' id='block_1_2' title="bbox 204 428 1569 502">
    <p class='ocr_par' dir='ltr' id='par_1_2' title="bbox 204 428 1569 502">
     <span class='ocr_line' id='line_1_2' title="bbox 204 428 1569 502; baseline 0.003 -19"><span class='ocrx_word' id='word_1_2' title='bbox 204 433 261 483; x_wconf 77' lang='grc' dir='ltr'><strong>ἐν</strong></span> <span class='ocrx_word' id='word_1_3' title='bbox 323 429 404 501; x_wconf 81' lang='grc' dir='ltr'>τῷ</span> <span class='ocrx_word' id='word_1_4' title='bbox 472 428 810 491; x_wconf 87' lang='grc' dir='ltr'>Βασιλεύσει,</span> <span class='ocrx_word' id='word_1_5' title='bbox 836 428 1040 501; x_wconf 81' lang='grc' dir='ltr'>Κύριος</span> <span class='ocrx_word' id='word_1_6' title='bbox 1093 432 1150 485; x_wconf 76' lang='grc' dir='ltr'><strong>ἐν</strong></span> <span class='ocrx_word' id='word_1_7' title='bbox 1215 431 1332 502; x_wconf 81' lang='grc' dir='ltr'>δρει</span> <span class='ocrx_word' id='word_1_8' title='bbox 1401 433 1569 497; x_wconf 74' lang='grc' dir='ltr'>Σιὼνς</span> 
     </span>
    </p>
   </div>
   <div class='ocr_carea' id='block_1_3' title="bbox 201 521 1786 595">
    <p class='ocr_par' dir='ltr' id='par_1_3' title="bbox 201 521 1786 595">
     <span class='ocr_line' id='line_1_3' title="bbox 201 521 1786 595; baseline 0.002 -20"><span class='ocrx_word' id='word_1_9' title='bbox 201 524 315 585; x_wconf 74' lang='grc' dir='ltr'>τοῖς</span> <span class='ocrx_word' id='word_1_10' title='bbox 370 521 550 575; x_wconf 72' lang='grc' dir='ltr'>ἔθνεσι</span> <span class='ocrx_word' id='word_1_11' title='bbox 610 522 673 574; x_wconf 80' lang='grc' dir='ltr'><strong>τὸ</strong></span> <span class='ocrx_word' id='word_1_12' title='bbox 722 523 1045 592; x_wconf 84' lang='grc' dir='ltr'>συμπόσιον,</span> <span class='ocrx_word' id='word_1_13' title='bbox 1091 525 1188 577; x_wconf 55' lang='grc' dir='ltr'><strong>καί⁸</strong></span> <span class='ocrx_word' id='word_1_14' title='bbox 1230 524 1292 578; x_wconf 83' lang='grc' dir='ltr'><strong>τὸ</strong></span> <span class='ocrx_word' id='word_1_15' title='bbox 1340 524 1443 595; x_wconf 81' lang='grc' dir='ltr'>τῆς</span> <span class='ocrx_word' id='word_1_16' title='bbox 1485 524 1786 589; x_wconf 75' lang='grc' dir='ltr'><strong>ἀθανασίας</strong></span> 
     </span>
    </p>
   </div>
   <div class='ocr_carea' id='block_1_4' title="bbox 201 606 1789 687">
    <p class='ocr_par' dir='ltr' id='par_1_4' title="bbox 201 606 1789 687">
     <span class='ocr_line' id='line_1_4' title="bbox 201 606 1789 687; baseline 0.003 -21"><span class='ocrx_word' id='word_1_17' title='bbox 201 615 399 679; x_wconf 68' lang='grc' dir='ltr'>ποτὸν,</span> <span class='ocrx_word' id='word_1_18' title='bbox 462 614 596 685; x_wconf 74' lang='grc' dir='ltr'>περὶ</span> <span class='ocrx_word' id='word_1_19' title='bbox 635 606 699 667; x_wconf 78' lang='grc' dir='ltr'>οὗ</span> <span class='ocrx_word' id='word_1_20' title='bbox 762 632 926 685; x_wconf 75' lang='grc' dir='ltr'>φησιν</span> <span class='ocrx_word' id='word_1_21' title='bbox 974 616 1004 669; x_wconf 88' lang='lat'><strong>6</strong></span> <span class='ocrx_word' id='word_1_22' title='bbox 1071 614 1325 681; x_wconf 81' lang='grc' dir='ltr'>Παῦλος⁶</span> <span class='ocrx_word' id='word_1_23' title='bbox 1384 636 1403 669; x_wconf 88' lang='grc' dir='ltr'><strong>ι</strong></span> <span class='ocrx_word' id='word_1_24' title='bbox 1446 614 1789 687; x_wconf 78' lang='grc' dir='ltr'>Προσεληλύ-</span> 
     </span>
    </p>
   </div>
   <div class='ocr_carea' id='block_1_5' title="bbox 203 706 1787 781">
    <p class='ocr_par' dir='ltr' id='par_1_5' title="bbox 203 706 1787 781">
     <span class='ocr_line' id='line_1_5' title="bbox 203 706 1787 781; baseline 0.003 -23"><span class='ocrx_word' id='word_1_25' title='bbox 203 709 331 760; x_wconf 70' lang='grc' dir='ltr'>σιατε</span> <span class='ocrx_word' id='word_1_26' title='bbox 390 706 527 762; x_wconf 84' lang='grc' dir='ltr'>Σιὼν</span> <span class='ocrx_word' id='word_1_27' title='bbox 574 708 693 779; x_wconf 81' lang='grc' dir='ltr'>δρει</span> <span class='ocrx_word' id='word_1_28' title='bbox 742 710 840 762; x_wconf 80' lang='grc' dir='ltr'>καὶ</span> <span class='ocrx_word' id='word_1_29' title='bbox 902 710 1052 762; x_wconf 79' lang='grc' dir='ltr'>πόλει</span> <span class='ocrx_word' id='word_1_30' title='bbox 1088 709 1223 763; x_wconf 90' lang='grc' dir='ltr'>Θεοῦ</span> <span class='ocrx_word' id='word_1_31' title='bbox 1282 710 1483 774; x_wconf 81' lang='grc' dir='ltr'>ζῶντος</span> <span class='ocrx_word' id='word_1_32' title='bbox 1515 711 1787 781; x_wconf 86' lang='grc' dir='ltr'>Ἰερουσα-</span> 
     </span>
    </p>
   </div>
   <div class='ocr_carea' id='block_1_6' title="bbox 202 794 1789 870">
    <p class='ocr_par' dir='ltr' id='par_1_6' title="bbox 202 794 1789 870">
     <span class='ocr_line' id='line_1_6' title="bbox 202 794 1789 870; baseline 0.003 -21"><span class='ocrx_word' id='word_1_33' title='bbox 202 798 315 869; x_wconf 73' lang='grc' dir='ltr'>λὴμ</span> <span class='ocrx_word' id='word_1_34' title='bbox 346 798 679 870; x_wconf 79' lang='grc' dir='ltr'>ἐπουρανίῳ.</span> <span class='ocrx_word' id='word_1_35' title='bbox 710 818 730 852; x_wconf 71' lang='grc' dir='ltr'><strong>ι</strong></span> <span class='ocrx_word' id='word_1_36' title='bbox 764 801 855 853; x_wconf 74' lang='grc' dir='ltr'>Ὶιίν</span> <span class='ocrx_word' id='word_1_37' title='bbox 898 794 982 863; x_wconf 74' lang='grc' dir='ltr'>οἷς</span> <span class='ocrx_word' id='word_1_38' title='bbox 1026 802 1076 853; x_wconf 79' lang='lat' dir='ltr'><strong>oi</strong></span> <span class='ocrx_word' id='word_1_39' title='bbox 1126 802 1234 856; x_wconf 79' lang='grc' dir='ltr'><strong>ἀπὸ</strong></span> <span class='ocrx_word' id='word_1_40' title='bbox 1270 798 1391 854; x_wconf 79' lang='grc' dir='ltr'><strong>τῶν</strong></span> <span class='ocrx_word' id='word_1_41' title='bbox 1439 800 1631 854; x_wconf 76' lang='grc' dir='ltr'>ἐθνῶν</span> <span class='ocrx_word' id='word_1_42' title='bbox 1662 816 1789 853; x_wconf 77' lang='grc' dir='ltr'>κατ-</span> 
     </span>
    </p>
   </div>
   <div class='ocr_carea' id='block_1_7' title="bbox 204 891 1788 963">
    <p class='ocr_par' dir='ltr' id='par_1_7' title="bbox 204 891 1788 963">
     <span class='ocr_line' id='line_1_7' title="bbox 204 891 1788 963; baseline -0.001 -19"><span class='ocrx_word' id='word_1_43' title='bbox 204 891 523 963; x_wconf 76' lang='grc' dir='ltr'>αξιούμενοι</span> <span class='ocrx_word' id='word_1_44' title='bbox 561 892 672 944; x_wconf 82' lang='grc' dir='ltr'>τῶν</span> <span class='ocrx_word' id='word_1_45' title='bbox 711 891 1075 960; x_wconf 77' lang='grc' dir='ltr'><strong>ἐπαγγελιῶν,</strong></span> <span class='ocrx_word' id='word_1_46' title='bbox 1119 893 1357 945; x_wconf 80' lang='grc' dir='ltr'>πίονται</span> <span class='ocrx_word' id='word_1_47' title='bbox 1378 891 1788 960; x_wconf 67' lang='grc' dir='ltr'>εὐφροσύνην,</span> 
     </span>
    </p>
   </div>
   <div class='ocr_carea' id='block_1_8' title="bbox 203 975 1792 1055">
    <p class='ocr_par' dir='ltr' id='par_1_8' title="bbox 203 975 1792 1055">
     <span class='ocr_line' id='line_1_8' title="bbox 203 975 1792 1055; baseline 0.001 -18"><span class='ocrx_word' id='word_1_48' title='bbox 203 984 305 1037; x_wconf 71' lang='grc' dir='ltr'><strong>καί</strong></span> <span class='ocrx_word' id='word_1_49' title='bbox 340 984 582 1038; x_wconf 68' lang='grc' dir='ltr'>πίον-ται</span> <span class='ocrx_word' id='word_1_50' title='bbox 608 985 718 1052; x_wconf 80' lang='grc' dir='ltr'>τῆς</span> <span class='ocrx_word' id='word_1_51' title='bbox 746 984 1004 1055; x_wconf 80' lang='grc' dir='ltr'><strong>ἀληθινῆς</strong></span> <span class='ocrx_word' id='word_1_52' title='bbox 1035 981 1206 1038; x_wconf 74' lang='grc' dir='ltr'>οἶνον</span> <span class='ocrx_word' id='word_1_53' title='bbox 1245 984 1516 1054; x_wconf 76' lang='grc' dir='ltr'>ἀμπέλου.</span> <span class='ocrx_word' id='word_1_54' title='bbox 1566 985 1703 1054; x_wconf 73' lang='grc' dir='ltr'>Περὶ</span> <span class='ocrx_word' id='word_1_55' title='bbox 1728 975 1792 1038; x_wconf 71' lang='grc' dir='ltr'><strong>οὗ</strong></span> 
     </span>
    </p>
   </div>
   <div class='ocr_carea' id='block_1_9' title="bbox 201 1073 1793 1147">
    <p class='ocr_par' dir='ltr' id='par_1_9' title="bbox 201 1073 1793 1147">
     <span class='ocr_line' id='line_1_9' title="bbox 201 1073 1793 1147; baseline -0.002 -18"><span class='ocrx_word' id='word_1_56' title='bbox 201 1077 233 1129; x_wconf 98' lang='lat'><strong>6</strong></span> <span class='ocrx_word' id='word_1_57' title='bbox 256 1076 450 1147; x_wconf 77' lang='grc' dir='ltr'>Σωτὴρ</span> <span class='ocrx_word' id='word_1_58' title='bbox 480 1076 698 1145; x_wconf 71' lang='grc' dir='ltr'>ἔλεγεν*</span> <span class='ocrx_word' id='word_1_59' title='bbox 740 1078 816 1130; x_wconf 83' lang='grc' dir='ltr'><strong>Οὐ</strong></span> <span class='ocrx_word' id='word_1_60' title='bbox 852 1077 925 1147; x_wconf 83' lang='grc' dir='ltr'>μὴ</span> <span class='ocrx_word' id='word_1_61' title='bbox 953 1076 1063 1129; x_wconf 98' lang='grc' dir='ltr'><strong>πίω</strong></span> <span class='ocrx_word' id='word_1_62' title='bbox 1089 1077 1242 1139; x_wconf 75' lang='grc' dir='ltr'>αὐτὸ,</span> <span class='ocrx_word' id='word_1_63' title='bbox 1282 1078 1387 1139; x_wconf 83' lang='grc' dir='ltr'><strong>ἐως</strong></span> <span class='ocrx_word' id='word_1_64' title='bbox 1429 1075 1496 1129; x_wconf 84' lang='grc' dir='ltr'><strong>ἂν</strong></span> <span class='ocrx_word' id='word_1_65' title='bbox 1523 1076 1634 1127; x_wconf 88' lang='grc' dir='ltr'><strong>πίω</strong></span> <span class='ocrx_word' id='word_1_66' title='bbox 1661 1073 1793 1127; x_wconf 73' lang='grc' dir='ltr'>αὐτὸ</span> 
     </span>
    </p>
   </div>
   <div class='ocr_carea' id='block_1_10' title="bbox 204 1163 1795 1238">
    <p class='ocr_par' dir='ltr' id='par_1_10' title="bbox 204 1163 1795 1238">
     <span class='ocr_line' id='line_1_10' title="bbox 204 1163 1795 1238; baseline -0.002 -19"><span class='ocrx_word' id='word_1_67' title='bbox 204 1167 397 1220; x_wconf 79' lang='grc' dir='ltr'>καινὸν</span> <span class='ocrx_word' id='word_1_68' title='bbox 428 1167 549 1237; x_wconf 74' lang='grc' dir='ltr'>μεθ’</span> <span class='ocrx_word' id='word_1_69' title='bbox 580 1167 737 1235; x_wconf 80' lang='grc' dir='ltr'>ὑμῶν</span> <span class='ocrx_word' id='word_1_70' title='bbox 759 1169 815 1220; x_wconf 90' lang='grc' dir='ltr'><strong>ἐν</strong></span> <span class='ocrx_word' id='word_1_71' title='bbox 834 1169 901 1234; x_wconf 79' lang='grc' dir='ltr'>τῇ</span> <span class='ocrx_word' id='word_1_72' title='bbox 928 1166 1179 1238; x_wconf 76' lang='grc' dir='ltr'><strong>βασιλείᾳ</strong></span> <span class='ocrx_word' id='word_1_73' title='bbox 1198 1164 1307 1218; x_wconf 85' lang='grc' dir='ltr'><strong>τῶν</strong></span> <span class='ocrx_word' id='word_1_74' title='bbox 1331 1165 1599 1235; x_wconf 78' lang='grc' dir='ltr'>οὐρανῶν.</span> <span class='ocrx_word' id='word_1_75' title='bbox 1632 1163 1795 1217; x_wconf 83' lang='grc' dir='ltr'>Ἀλλά</span> 
     </span>
    </p>
   </div>
   <div class='ocr_carea' id='block_1_11' title="bbox 205 1256 1793 1329">
    <p class='ocr_par' dir='ltr' id='par_1_11' title="bbox 205 1256 1793 1329">
     <span class='ocr_line' id='line_1_11' title="bbox 205 1256 1793 1329; baseline -0.001 -18"><span class='ocrx_word' id='word_1_76' title='bbox 205 1260 300 1311; x_wconf 75' lang='grc' dir='ltr'><strong>καὶ</strong></span> <span class='ocrx_word' id='word_1_77' title='bbox 343 1259 665 1328; x_wconf 80' lang='grc' dir='ltr'>χρίσονται</span> <span class='ocrx_word' id='word_1_78' title='bbox 708 1258 934 1328; x_wconf 81' lang='grc' dir='ltr'>μῦρον,</span> <span class='ocrx_word' id='word_1_79' title='bbox 978 1258 1164 1311; x_wconf 78' lang='grc' dir='ltr'>οὐκέτι</span> <span class='ocrx_word' id='word_1_80' title='bbox 1212 1260 1304 1311; x_wconf 82' lang='grc' dir='ltr'><strong>τὸν</strong></span> <span class='ocrx_word' id='word_1_81' title='bbox 1352 1256 1650 1329; x_wconf 71' lang='grc' dir='ltr'>ἀρραϐῶνα</span> <span class='ocrx_word' id='word_1_82' title='bbox 1697 1256 1793 1310; x_wconf 92' lang='grc' dir='ltr'><strong>τοῦ</strong></span> 
     </span>
    </p>
   </div>
   <div class='ocr_carea' id='block_1_12' title="bbox 205 1350 1797 1424">
    <p class='ocr_par' dir='ltr' id='par_1_12' title="bbox 205 1350 1797 1424">
     <span class='ocr_line' id='line_1_12' title="bbox 205 1350 1797 1424; baseline -0.001 -17"><span class='ocrx_word' id='word_1_83' title='bbox 205 1353 521 1423; x_wconf 81' lang='grc' dir='ltr'>πνεύματος</span> <span class='ocrx_word' id='word_1_84' title='bbox 540 1352 853 1424; x_wconf 77' lang='grc' dir='ltr'>ληψόμενοι,</span> <span class='ocrx_word' id='word_1_85' title='bbox 871 1351 988 1406; x_wconf 84' lang='grc' dir='ltr'>ἀλλ’</span> <span class='ocrx_word' id='word_1_86' title='bbox 1004 1351 1167 1405; x_wconf 83' lang='grc' dir='ltr'>αὐτοῦ</span> <span class='ocrx_word' id='word_1_87' title='bbox 1184 1352 1279 1406; x_wconf 85' lang='grc' dir='ltr'><strong>τοῦ</strong></span> <span class='ocrx_word' id='word_1_88' title='bbox 1304 1350 1669 1424; x_wconf 83' lang='grc' dir='ltr'><strong>πληρώματος</strong></span> <span class='ocrx_word' id='word_1_89' title='bbox 1694 1351 1797 1421; x_wconf 81' lang='grc' dir='ltr'>τῆς</span> 
     </span>
    </p>
   </div>
   <div class='ocr_carea' id='block_1_13' title="bbox 204 1442 1799 1516">
    <p class='ocr_par' dir='ltr' id='par_1_13' title="bbox 204 1442 1799 1516">
     <span class='ocr_line' id='line_1_13' title="bbox 204 1442 1799 1516; baseline 0 -19"><span class='ocrx_word' id='word_1_90' title='bbox 204 1443 469 1514; x_wconf 77' lang='grc' dir='ltr'><strong>θεότητος</strong></span> <span class='ocrx_word' id='word_1_91' title='bbox 500 1444 821 1516; x_wconf 77' lang='grc' dir='ltr'><strong>μεθέξοντες</strong></span> <span class='ocrx_word' id='word_1_92' title='bbox 846 1444 940 1498; x_wconf 88' lang='grc' dir='ltr'><strong>τοῦ</strong></span> <span class='ocrx_word' id='word_1_93' title='bbox 970 1442 1102 1497; x_wconf 82' lang='grc' dir='ltr'>Υίοῦ</span> <span class='ocrx_word' id='word_1_94' title='bbox 1135 1444 1229 1497; x_wconf 90' lang='grc' dir='ltr'><strong>τοῦ</strong></span> <span class='ocrx_word' id='word_1_95' title='bbox 1263 1444 1421 1497; x_wconf 92' lang='grc' dir='ltr'>Θεοῦ.</span> <span class='ocrx_word' id='word_1_96' title='bbox 1460 1444 1573 1499; x_wconf 71' lang='grc' dir='ltr'><strong>Οὐκ</strong></span> <span class='ocrx_word' id='word_1_97' title='bbox 1611 1445 1675 1497; x_wconf 76' lang='grc' dir='ltr'><strong>ἐκ</strong></span> <span class='ocrx_word' id='word_1_98' title='bbox 1709 1443 1799 1513; x_wconf 74' lang='grc' dir='ltr'>μέ·</span> 
     </span>
    </p>
   </div>
   <div class='ocr_carea' id='block_1_14' title="bbox 209 1536 1797 1609">
    <p class='ocr_par' dir='ltr' id='par_1_14' title="bbox 209 1536 1797 1609">
     <span class='ocr_line' id='line_1_14' title="bbox 209 1536 1797 1609; baseline -0.001 -19"><span class='ocrx_word' id='word_1_99' title='bbox 209 1552 344 1607; x_wconf 83' lang='grc' dir='ltr'>ρους</span> <span class='ocrx_word' id='word_1_100' title='bbox 376 1537 456 1590; x_wconf 74' lang='grc' dir='ltr'><strong>ἐτι</strong></span> <span class='ocrx_word' id='word_1_101' title='bbox 480 1538 866 1606; x_wconf 82' lang='grc' dir='ltr'><strong>γινώσκοντες,</strong></span> <span class='ocrx_word' id='word_1_102' title='bbox 887 1539 982 1593; x_wconf 72' lang='grc' dir='ltr'>καὶ</span> <span class='ocrx_word' id='word_1_103' title='bbox 1004 1540 1069 1592; x_wconf 80' lang='grc' dir='ltr'><strong>ἐκ</strong></span> <span class='ocrx_word' id='word_1_104' title='bbox 1102 1539 1302 1609; x_wconf 79' lang='grc' dir='ltr'>μέρους</span> <span class='ocrx_word' id='word_1_105' title='bbox 1333 1536 1797 1609; x_wconf 76' lang='grc' dir='ltr'>προφητεύοντες,</span> 
     </span>
    </p>
   </div>
   <div class='ocr_carea' id='block_1_15' title="bbox 205 1628 1799 1702">
    <p class='ocr_par' dir='ltr' id='par_1_15' title="bbox 205 1628 1799 1702">
     <span class='ocr_line' id='line_1_15' title="bbox 205 1628 1799 1702; baseline 0.001 -20"><span class='ocrx_word' id='word_1_106' title='bbox 205 1628 328 1682; x_wconf 82' lang='grc' dir='ltr'>ἀλλ’</span> <span class='ocrx_word' id='word_1_107' title='bbox 368 1630 435 1683; x_wconf 84' lang='grc' dir='ltr'><strong>ἐκ</strong></span> <span class='ocrx_word' id='word_1_108' title='bbox 479 1630 572 1684; x_wconf 89' lang='grc' dir='ltr'><strong>τοῦ</strong></span> <span class='ocrx_word' id='word_1_109' title='bbox 604 1630 815 1683; x_wconf 79' lang='grc' dir='ltr'>τελείου</span> <span class='ocrx_word' id='word_1_110' title='bbox 871 1631 1088 1702; x_wconf 83' lang='grc' dir='ltr'><strong>μέτοχοι</strong></span> <span class='ocrx_word' id='word_1_111' title='bbox 1113 1630 1399 1699; x_wconf 90' lang='grc' dir='ltr'>γενόμενοι</span> <span class='ocrx_word' id='word_1_112' title='bbox 1427 1630 1523 1684; x_wconf 89' lang='grc' dir='ltr'><strong>τοῦ</strong></span> <span class='ocrx_word' id='word_1_113' title='bbox 1564 1629 1799 1701; x_wconf 80' lang='grc' dir='ltr'>Χριστοῦ</span> 
     </span>
    </p>
   </div>
   <div class='ocr_carea' id='block_1_16' title="bbox 206 1720 1800 1791">
    <p class='ocr_par' dir='ltr' id='par_1_16' title="bbox 206 1720 1800 1791">
     <span class='ocr_line' id='line_1_16' title="bbox 206 1720 1800 1791; baseline -0.001 -18"><span class='ocrx_word' id='word_1_114' title='bbox 206 1721 286 1783; x_wconf 82' lang='grc' dir='ltr'>ὡς</span> <span class='ocrx_word' id='word_1_115' title='bbox 338 1724 438 1773; x_wconf 83' lang='grc' dir='ltr'><strong>καὶ</strong></span> <span class='ocrx_word' id='word_1_116' title='bbox 498 1721 697 1784; x_wconf 76' lang='grc' dir='ltr'>αὐτοὺς</span> <span class='ocrx_word' id='word_1_117' title='bbox 754 1721 1139 1791; x_wconf 81' lang='grc' dir='ltr'>ἀποφανθῆναι</span> <span class='ocrx_word' id='word_1_118' title='bbox 1196 1723 1487 1791; x_wconf 79' lang='grc' dir='ltr'>χριστοὺς,</span> <span class='ocrx_word' id='word_1_119' title='bbox 1545 1720 1681 1774; x_wconf 83' lang='grc' dir='ltr'>Θεοῦ</span> <span class='ocrx_word' id='word_1_120' title='bbox 1739 1736 1800 1773; x_wconf 91' lang='grc' dir='ltr'><strong>τε</strong></span> 
     </span>
    </p>
   </div>
   <div class='ocr_carea' id='block_1_17' title="bbox 1312 319 2300 382">
    <p class='ocr_par' dir='ltr' id='par_1_17' title="bbox 1312 319 2300 382">
     <span class='ocr_line' id='line_1_17' title="bbox 1312 319 2300 382; baseline 0.002 -2"><span class='ocrx_word' id='word_1_121' title='bbox 1312 321 1523 381; x_wconf 80' lang='lat' dir='ltr'><strong>COMM</strong></span> <span class='ocrx_word' id='word_1_122' title='bbox 1535 319 1682 381; x_wconf 85' lang='lat' dir='ltr'><strong>ENT</strong></span> <span class='ocrx_word' id='word_1_123' title='bbox 1696 320 1859 380; x_wconf 76' lang='lat' dir='ltr'><strong>ARN</strong></span> <span class='ocrx_word' id='word_1_124' title='bbox 1891 320 1971 381; x_wconf 72' lang='lat' dir='ltr'><strong>IN</strong></span> <span class='ocrx_word' id='word_1_125' title='bbox 2010 321 2300 382; x_wconf 80' lang='lat' dir='ltr'><strong>ISAIAM.</strong></span> 
     </span>
    </p>
   </div>
   <div class='ocr_carea' id='block_1_18' title="bbox 3320 320 3463 386">
    <p class='ocr_par' dir='ltr' id='par_1_18' title="bbox 3320 320 3463 386">
     <span class='ocr_line' id='line_1_18' title="bbox 3320 320 3463 386; baseline 0.014 -2"><span class='ocrx_word' id='word_1_126' title='bbox 3320 320 3463 386; x_wconf 77' lang='lat'><strong>2210</strong></span> 
     </span>
    </p>
   </div>
   <div class='ocr_carea' id='block_1_19' title="bbox 1648 432 3466 505">
    <p class='ocr_par' dir='ltr' id='par_1_19' title="bbox 1648 432 3466 505">
     <span class='ocr_line' id='line_1_19' title="bbox 1648 432 3466 505; baseline 0.004 -19"><span class='ocrx_word' id='word_1_127' title='bbox 1648 434 1797 487; x_wconf 79' lang='grc' dir='ltr'>Ἐκεῖ</span> <span class='ocrx_word' id='word_1_128' title='bbox 1823 444 1867 500; x_wconf 77' lang='grc' dir='ltr'><strong>Α</strong></span> <span class='ocrx_word' id='word_1_129' title='bbox 1901 443 2101 504; x_wconf 65' lang='lat' dir='ltr'><strong>praeter</strong></span> <span class='ocrx_word' id='word_1_130' title='bbox 2127 433 2351 487; x_wconf 83' lang='lat' dir='ltr'><strong>Sionem</strong></span> <span class='ocrx_word' id='word_1_131' title='bbox 2392 432 2560 487; x_wconf 88' lang='lat' dir='ltr'><strong>alium</strong></span> <span class='ocrx_word' id='word_1_132' title='bbox 2592 450 2606 487; x_wconf 90' lang='lat'><strong>:</strong></span> <span class='ocrx_word' id='word_1_133' title='bbox 2642 436 2696 488; x_wconf 87' lang='lat' dir='ltr'><strong>in</strong></span> <span class='ocrx_word' id='word_1_134' title='bbox 2733 446 2842 503; x_wconf 88' lang='lat' dir='ltr'><strong>quo</strong></span> <span class='ocrx_word' id='word_1_135' title='bbox 2880 440 3237 505; x_wconf 78' lang='lat' dir='ltr'><strong>regnaturum</strong></span> <span class='ocrx_word' id='word_1_136' title='bbox 3279 435 3466 493; x_wconf 86' lang='lat' dir='ltr'><strong>Domi-</strong></span> 
     </span>
    </p>
   </div>
   <div class='ocr_carea' id='block_1_20' title="bbox 1891 520 3464 596">
    <p class='ocr_par' dir='ltr' id='par_1_20' title="bbox 1891 520 3464 596">
     <span class='ocr_line' id='line_1_20' title="bbox 1891 520 3464 596; baseline 0.004 -21"><span class='ocrx_word' id='word_1_137' title='bbox 1891 536 2020 575; x_wconf 89' lang='lat' dir='ltr'><strong>mnn</strong></span> <span class='ocrx_word' id='word_1_138' title='bbox 2054 520 2337 576; x_wconf 82' lang='lat' dir='ltr'><strong>asseruit?</strong></span> <span class='ocrx_word' id='word_1_139' title='bbox 2367 520 2442 574; x_wconf 83' lang='lat' dir='ltr'><strong>Ilii</strong></span> <span class='ocrx_word' id='word_1_140' title='bbox 2490 521 2748 591; x_wconf 74' lang='lat' dir='ltr'><strong>gentibus</strong></span> <span class='ocrx_word' id='word_1_141' title='bbox 2795 522 3137 587; x_wconf 78' lang='lat' dir='ltr'><strong>convivium,</strong></span> <span class='ocrx_word' id='word_1_142' title='bbox 3169 534 3464 596; x_wconf 80' lang='lat' dir='ltr'><strong>.potusque</strong></span> 
     </span>
    </p>
   </div>
   <div class='ocr_carea' id='block_1_21' title="bbox 1891 612 3465 684">
    <p class='ocr_par' dir='ltr' id='par_1_21' title="bbox 1891 612 3465 684">
     <span class='ocr_line' id='line_1_21' title="bbox 1891 612 3465 684; baseline 0.004 -17"><span class='ocrx_word' id='word_1_143' title='bbox 1891 612 1983 667; x_wconf 88' lang='lat' dir='ltr'><strong>ille</strong></span> <span class='ocrx_word' id='word_1_144' title='bbox 2020 612 2369 676; x_wconf 88' lang='lat' dir='ltr'><strong>immortalis,</strong></span> <span class='ocrx_word' id='word_1_145' title='bbox 2403 612 2471 667; x_wconf 92' lang='lat' dir='ltr'><strong>de</strong></span> <span class='ocrx_word' id='word_1_146' title='bbox 2504 628 2615 682; x_wconf 87' lang='lat' dir='ltr'><strong>quo</strong></span> <span class='ocrx_word' id='word_1_147' title='bbox 2667 613 2897 683; x_wconf 84' lang='lat' dir='ltr'><strong>loquens</strong></span> <span class='ocrx_word' id='word_1_148' title='bbox 2931 614 3226 684; x_wconf 72' lang='lat' dir='ltr'><strong>Apostolus</strong></span> <span class='ocrx_word' id='word_1_149' title='bbox 3252 656 3266 671; x_wconf 95' lang='lat'><strong>.</strong></span> <span class='ocrx_word' id='word_1_150' title='bbox 3302 636 3321 669; x_wconf 87' lang='grc' dir='ltr'><strong>ι</strong></span> <span class='ocrx_word' id='word_1_151' title='bbox 3356 620 3465 673; x_wconf 80' lang='lat' dir='ltr'><strong>Ac-</strong></span> 
     </span>
    </p>
   </div>
   <div class='ocr_carea' id='block_1_22' title="bbox 1890 704 3467 773">
    <p class='ocr_par' dir='ltr' id='par_1_22' title="bbox 1890 704 3467 773">
     <span class='ocr_line' id='line_1_22' title="bbox 1890 704 3467 773; baseline 0.004 -16"><span class='ocrx_word' id='word_1_152' title='bbox 1890 704 2093 772; x_wconf 84' lang='lat' dir='ltr'><strong>cedite,</strong></span> <span class='ocrx_word' id='word_1_153' title='bbox 2132 704 2330 773; x_wconf 91' lang='lat' dir='ltr'><strong>inquit,</strong></span> <span class='ocrx_word' id='word_1_154' title='bbox 2357 706 2422 757; x_wconf 89' lang='lat' dir='ltr'><strong>ad</strong></span> <span class='ocrx_word' id='word_1_155' title='bbox 2454 712 2696 760; x_wconf 84' lang='lat' dir='ltr'><strong>montem</strong></span> <span class='ocrx_word' id='word_1_156' title='bbox 2729 706 2883 770; x_wconf 90' lang='lat' dir='ltr'><strong>Sion,</strong></span> <span class='ocrx_word' id='word_1_157' title='bbox 2924 716 2980 761; x_wconf 90' lang='lat' dir='ltr'><strong>et</strong></span> <span class='ocrx_word' id='word_1_158' title='bbox 3012 708 3202 763; x_wconf 86' lang='lat' dir='ltr'><strong>urbem</strong></span> <span class='ocrx_word' id='word_1_159' title='bbox 3250 709 3341 764; x_wconf 90' lang='lat' dir='ltr'><strong>Dei</strong></span> <span class='ocrx_word' id='word_1_160' title='bbox 3385 712 3467 764; x_wconf 82' lang='lat' dir='ltr'><strong>vi-</strong></span> 
     </span>
    </p>
   </div>
   <div class='ocr_carea' id='block_1_23' title="bbox 1890 794 3464 870">
    <p class='ocr_par' dir='ltr' id='par_1_23' title="bbox 1890 794 3464 870">
     <span class='ocr_line' id='line_1_23' title="bbox 1890 794 3464 870; baseline 0.004 -19"><span class='ocrx_word' id='word_1_161' title='bbox 1890 797 2095 861; x_wconf 80' lang='lat' dir='ltr'><strong>ventis,</strong></span> <span class='ocrx_word' id='word_1_162' title='bbox 2131 797 2414 851; x_wconf 74' lang='lat' dir='ltr'><strong>cmlestem</strong></span> <span class='ocrx_word' id='word_1_163' title='bbox 2446 794 2751 851; x_wconf 81' lang='lat' dir='ltr'><strong>Jerusalem</strong></span> <span class='ocrx_word' id='word_1_164' title='bbox 2782 798 2847 863; x_wconf 78' lang='lat'><strong>“,</strong></span> <span class='ocrx_word' id='word_1_165' title='bbox 2885 816 2903 849; x_wconf 74' lang='grc' dir='ltr'><strong>ι</strong></span> <span class='ocrx_word' id='word_1_166' title='bbox 2945 798 3087 853; x_wconf 90' lang='lat' dir='ltr'><strong>inter</strong></span> <span class='ocrx_word' id='word_1_167' title='bbox 3114 814 3236 865; x_wconf 93' lang='lat' dir='ltr'><strong>eos,</strong></span> <span class='ocrx_word' id='word_1_168' title='bbox 3271 802 3365 870; x_wconf 92' lang='lat' dir='ltr'><strong>qui</strong></span> <span class='ocrx_word' id='word_1_169' title='bbox 3394 802 3464 857; x_wconf 88' lang='lat' dir='ltr'><strong>de</strong></span> 
     </span>
    </p>
   </div>
   <div class='ocr_carea' id='block_1_24' title="bbox 1891 886 3464 957">
    <p class='ocr_par' dir='ltr' id='par_1_24' title="bbox 1891 886 3464 957">
     <span class='ocr_line' id='line_1_24' title="bbox 1891 886 3464 957; baseline 0.004 -16"><span class='ocrx_word' id='word_1_170' title='bbox 1891 886 2124 957; x_wconf 79' lang='lat' dir='ltr'><strong>gentium</strong></span> <span class='ocrx_word' id='word_1_171' title='bbox 2165 901 2396 940; x_wconf 81' lang='lat' dir='ltr'><strong>numero</strong></span> <span class='ocrx_word' id='word_1_172' title='bbox 2424 886 2572 956; x_wconf 88' lang='lat' dir='ltr'><strong>digni</strong></span> <span class='ocrx_word' id='word_1_173' title='bbox 2608 888 3070 957; x_wconf 90' lang='lat' dir='ltr'><strong>promissionibus</strong></span> <span class='ocrx_word' id='word_1_174' title='bbox 3103 889 3272 945; x_wconf 84' lang='lat' dir='ltr'><strong>habiti</strong></span> <span class='ocrx_word' id='word_1_175' title='bbox 3306 901 3464 956; x_wconf 89' lang='lat' dir='ltr'><strong>sunt,</strong></span> 
     </span>
    </p>
   </div>
   <div class='ocr_carea' id='block_1_25' title="bbox 1893 982 3467 1051">
    <p class='ocr_par' dir='ltr' id='par_1_25' title="bbox 1893 982 3467 1051">
     <span class='ocr_line' id='line_1_25' title="bbox 1893 982 3467 1051; baseline 0.004 -16"><span class='ocrx_word' id='word_1_176' title='bbox 1893 982 2076 1035; x_wconf 77' lang='lat' dir='ltr'><strong>bibent</strong></span> <span class='ocrx_word' id='word_1_177' title='bbox 2102 991 2151 1035; x_wconf 85' lang='lat' dir='ltr'><strong>et</strong></span> <span class='ocrx_word' id='word_1_178' title='bbox 2188 983 2292 1051; x_wconf 80' lang='lat' dir='ltr'><strong>ipsi</strong></span> <span class='ocrx_word' id='word_1_179' title='bbox 2332 983 2602 1047; x_wconf 71' lang='lat' dir='ltr'><strong>lwtitiam,</strong></span> <span class='ocrx_word' id='word_1_180' title='bbox 2647 982 2820 1038; x_wconf 79' lang='lat' dir='ltr'><strong>bibent</strong></span> <span class='ocrx_word' id='word_1_181' title='bbox 2846 993 2896 1038; x_wconf 82' lang='lat' dir='ltr'><strong>et</strong></span> <span class='ocrx_word' id='word_1_182' title='bbox 2927 1000 3067 1039; x_wconf 68' lang='lat' dir='ltr'><strong>verae</strong></span> <span class='ocrx_word' id='word_1_183' title='bbox 3104 986 3231 1041; x_wconf 81' lang='lat' dir='ltr'><strong>vitis</strong></span> <span class='ocrx_word' id='word_1_184' title='bbox 3283 988 3467 1041; x_wconf 78' lang='lat' dir='ltr'><strong>vinum</strong></span> 
     </span>
    </p>
   </div>
   <div class='ocr_carea' id='block_1_26' title="bbox 1894 1074 3464 1145">
    <p class='ocr_par' dir='ltr' id='par_1_26' title="bbox 1894 1074 3464 1145">
     <span class='ocr_line' id='line_1_26' title="bbox 1894 1074 3464 1145; baseline 0.004 -19"><span class='ocrx_word' id='word_1_185' title='bbox 1894 1074 2051 1136; x_wconf 88' lang='lat' dir='ltr'><strong>illud,</strong></span> <span class='ocrx_word' id='word_1_186' title='bbox 2082 1075 2233 1144; x_wconf 88' lang='lat' dir='ltr'><strong>quod</strong></span> <span class='ocrx_word' id='word_1_187' title='bbox 2273 1091 2332 1131; x_wconf 90' lang='lat' dir='ltr'><strong>se</strong></span> <span class='ocrx_word' id='word_1_188' title='bbox 2362 1092 2470 1129; x_wconf 92' lang='lat' dir='ltr'><strong>non</strong></span> <span class='ocrx_word' id='word_1_189' title='bbox 2503 1076 2656 1145; x_wconf 92' lang='lat' dir='ltr'><strong>prius</strong></span> <span class='ocrx_word' id='word_1_190' title='bbox 2682 1075 3007 1140; x_wconf 85' lang='lat' dir='ltr'><strong>bibitnrum,</strong></span> <span class='ocrx_word' id='word_1_191' title='bbox 3038 1077 3214 1131; x_wconf 89' lang='lat' dir='ltr'><strong>donec</strong></span> <span class='ocrx_word' id='word_1_192' title='bbox 3260 1093 3464 1133; x_wconf 76' lang='lat' dir='ltr'><strong>novum</strong></span> 
     </span>
    </p>
   </div>
   <div class='ocr_carea' id='block_1_27' title="bbox 1894 1167 3468 1235">
    <p class='ocr_par' dir='ltr' id='par_1_27' title="bbox 1894 1167 3468 1235">
     <span class='ocr_line' id='line_1_27' title="bbox 1894 1167 3468 1235; baseline 0.003 -15"><span class='ocrx_word' id='word_1_193' title='bbox 1894 1181 2020 1220; x_wconf 87' lang='lat' dir='ltr'><strong>cum</strong></span> <span class='ocrx_word' id='word_1_194' title='bbox 2052 1168 2323 1235; x_wconf 84' lang='lat' dir='ltr'><strong>apostolis</strong></span> <span class='ocrx_word' id='word_1_195' title='bbox 2351 1167 2403 1220; x_wconf 91' lang='lat' dir='ltr'><strong>in</strong></span> <span class='ocrx_word' id='word_1_196' title='bbox 2439 1183 2605 1235; x_wconf 84' lang='lat' dir='ltr'><strong>regno</strong></span> <span class='ocrx_word' id='word_1_197' title='bbox 2628 1168 2894 1222; x_wconf 63' lang='lat' dir='ltr'><strong>caelorum</strong></span> <span class='ocrx_word' id='word_1_198' title='bbox 2920 1177 3183 1230; x_wconf 88' lang='lat' dir='ltr'><strong>sumeret,</strong></span> <span class='ocrx_word' id='word_1_199' title='bbox 3208 1168 3468 1225; x_wconf 85' lang='lat' dir='ltr'><strong>Christus</strong></span> 
     </span>
    </p>
   </div>
   <div class='ocr_carea' id='block_1_28' title="bbox 1896 1257 3469 1329">
    <p class='ocr_par' dir='ltr' id='par_1_28' title="bbox 1896 1257 3469 1329">
     <span class='ocr_line' id='line_1_28' title="bbox 1896 1257 3469 1329; baseline 0.004 -19"><span class='ocrx_word' id='word_1_200' title='bbox 1896 1258 2187 1312; x_wconf 80' lang='lat' dir='ltr'><strong>nilirmavit</strong></span> <span class='ocrx_word' id='word_1_201' title='bbox 2214 1259 2279 1314; x_wconf 86' lang='lat'><strong>“.</strong></span> <span class='ocrx_word' id='word_1_202' title='bbox 2313 1257 2595 1328; x_wconf 81' lang='lat' dir='ltr'><strong>Unguento</strong></span> <span class='ocrx_word' id='word_1_203' title='bbox 2638 1274 2770 1312; x_wconf 80' lang='lat' dir='ltr'><strong>vero</strong></span> <span class='ocrx_word' id='word_1_204' title='bbox 2798 1268 2851 1312; x_wconf 80' lang='lat' dir='ltr'><strong>et</strong></span> <span class='ocrx_word' id='word_1_205' title='bbox 2889 1259 2992 1328; x_wconf 90' lang='lat' dir='ltr'><strong>ipsi</strong></span> <span class='ocrx_word' id='word_1_206' title='bbox 3030 1269 3309 1329; x_wconf 73' lang='lat' dir='ltr'><strong>augentur.</strong></span> <span class='ocrx_word' id='word_1_207' title='bbox 3359 1278 3469 1317; x_wconf 93' lang='lat' dir='ltr'><strong>non</strong></span> 
     </span>
    </p>
   </div>
   <div class='ocr_carea' id='block_1_29' title="bbox 1893 1351 3473 1423">
    <p class='ocr_par' dir='ltr' id='par_1_29' title="bbox 1893 1351 3473 1423">
     <span class='ocr_line' id='line_1_29' title="bbox 1893 1351 3473 1423; baseline 0.004 -19"><span class='ocrx_word' id='word_1_208' title='bbox 1893 1351 2007 1421; x_wconf 86' lang='lat' dir='ltr'><strong>jam</strong></span> <span class='ocrx_word' id='word_1_209' title='bbox 2046 1352 2278 1423; x_wconf 90' lang='lat' dir='ltr'><strong>spiritus</strong></span> <span class='ocrx_word' id='word_1_210' title='bbox 2312 1352 2638 1406; x_wconf 72' lang='lat' dir='ltr'><strong>arrabonem</strong></span> <span class='ocrx_word' id='word_1_211' title='bbox 2679 1352 2983 1421; x_wconf 90' lang='lat' dir='ltr'><strong>accepturi,</strong></span> <span class='ocrx_word' id='word_1_212' title='bbox 3019 1362 3113 1407; x_wconf 86' lang='lat' dir='ltr'><strong>sed</strong></span> <span class='ocrx_word' id='word_1_213' title='bbox 3146 1356 3473 1410; x_wconf 67' lang='lat' dir='ltr'><strong>cumulatis-</strong></span> 
     </span>
    </p>
   </div>
   <div class='ocr_carea' id='block_1_30' title="bbox 1897 1442 3474 1513">
    <p class='ocr_par' dir='ltr' id='par_1_30' title="bbox 1897 1442 3474 1513">
     <span class='ocr_line' id='line_1_30' title="bbox 1897 1442 3474 1513; baseline -0.001 -15"><span class='ocrx_word' id='word_1_214' title='bbox 1897 1445 2050 1499; x_wconf 74' lang='lat' dir='ltr'><strong>simte</strong></span> <span class='ocrx_word' id='word_1_215' title='bbox 2078 1443 2200 1513; x_wconf 82' lang='lat' dir='ltr'><strong>ejus</strong></span> <span class='ocrx_word' id='word_1_216' title='bbox 2230 1443 2560 1505; x_wconf 79' lang='lat' dir='ltr'><strong>divinitatis,</strong></span> <span class='ocrx_word' id='word_1_217' title='bbox 2611 1458 2733 1511; x_wconf 77' lang='lat' dir='ltr'><strong>qua:</strong></span> <span class='ocrx_word' id='word_1_218' title='bbox 2761 1451 2846 1496; x_wconf 82' lang='lat' dir='ltr'><strong>est</strong></span> <span class='ocrx_word' id='word_1_219' title='bbox 2890 1442 2943 1495; x_wconf 92' lang='lat' dir='ltr'><strong>in</strong></span> <span class='ocrx_word' id='word_1_220' title='bbox 2979 1442 3070 1497; x_wconf 83' lang='lat' dir='ltr'><strong>Dei</strong></span> <span class='ocrx_word' id='word_1_221' title='bbox 3108 1443 3265 1506; x_wconf 88' lang='lat' dir='ltr'><strong>Filio,</strong></span> <span class='ocrx_word' id='word_1_222' title='bbox 3296 1446 3474 1513; x_wconf 89' lang='lat' dir='ltr'><strong>parti-</strong></span> 
     </span>
    </p>
   </div>
   <div class='ocr_carea' id='block_1_31' title="bbox 1894 1532 3469 1605">
    <p class='ocr_par' dir='ltr' id='par_1_31' title="bbox 1894 1532 3469 1605">
     <span class='ocr_line' id='line_1_31' title="bbox 1894 1532 3469 1605; baseline -0.004 -15"><span class='ocrx_word' id='word_1_223' title='bbox 1894 1535 2053 1605; x_wconf 89' lang='lat' dir='ltr'><strong>cipes</strong></span> <span class='ocrx_word' id='word_1_224' title='bbox 2087 1534 2285 1598; x_wconf 71' lang='lat' dir='ltr'><strong>futuri;</strong></span> <span class='ocrx_word' id='word_1_225' title='bbox 2319 1550 2427 1587; x_wconf 90' lang='lat' dir='ltr'><strong>non</strong></span> <span class='ocrx_word' id='word_1_226' title='bbox 2455 1549 2520 1588; x_wconf 76' lang='lat' dir='ltr'><strong>ex</strong></span> <span class='ocrx_word' id='word_1_227' title='bbox 2555 1542 2711 1603; x_wconf 90' lang='lat' dir='ltr'><strong>parte</strong></span> <span class='ocrx_word' id='word_1_228' title='bbox 2741 1532 2919 1587; x_wconf 89' lang='lat' dir='ltr'><strong>adhuc</strong></span> <span class='ocrx_word' id='word_1_229' title='bbox 2960 1546 3379 1601; x_wconf 84' lang='lat' dir='ltr'><strong>cognoscentes.</strong></span> <span class='ocrx_word' id='word_1_230' title='bbox 3412 1542 3469 1588; x_wconf 89' lang='lat' dir='ltr'><strong>et</strong></span> 
     </span>
    </p>
   </div>
   <div class='ocr_carea' id='block_1_32' title="bbox 1898 1622 3471 1697">
    <p class='ocr_par' dir='ltr' id='par_1_32' title="bbox 1898 1622 3471 1697">
     <span class='ocr_line' id='line_1_32' title="bbox 1898 1622 3471 1697; baseline -0.001 -16"><span class='ocrx_word' id='word_1_231' title='bbox 1898 1642 1965 1681; x_wconf 76' lang='lat' dir='ltr'><strong>ex</strong></span> <span class='ocrx_word' id='word_1_232' title='bbox 2005 1638 2162 1697; x_wconf 80' lang='lat' dir='ltr'><strong>parte</strong></span> <span class='ocrx_word' id='word_1_233' title='bbox 2196 1626 2591 1695; x_wconf 72' lang='lat' dir='ltr'><strong>proplietantes</strong></span> <span class='ocrx_word' id='word_1_234' title='bbox 2623 1624 2702 1691; x_wconf 84' lang='grc'><strong>⁶³;</strong></span> <span class='ocrx_word' id='word_1_235' title='bbox 2732 1622 2827 1678; x_wconf 90' lang='lat' dir='ltr'><strong>sed</strong></span> <span class='ocrx_word' id='word_1_236' title='bbox 2869 1624 2923 1677; x_wconf 93' lang='lat' dir='ltr'><strong>in</strong></span> <span class='ocrx_word' id='word_1_237' title='bbox 2973 1633 3147 1677; x_wconf 86' lang='lat' dir='ltr'><strong>totum</strong></span> <span class='ocrx_word' id='word_1_238' title='bbox 3188 1624 3263 1678; x_wconf 85' lang='lat' dir='ltr'><strong>ita</strong></span> <span class='ocrx_word' id='word_1_239' title='bbox 3308 1624 3471 1679; x_wconf 82' lang='lat' dir='ltr'><strong>Chri-</strong></span> 
     </span>
    </p>
   </div>
   <div class='ocr_carea' id='block_1_33' title="bbox 1903 1714 3476 1786">
    <p class='ocr_par' dir='ltr' id='par_1_33' title="bbox 1903 1714 3476 1786">
     <span class='ocr_line' id='line_1_33' title="bbox 1903 1714 3476 1786; baseline 0.001 -14"><span class='ocrx_word' id='word_1_240' title='bbox 1903 1727 1991 1772; x_wconf 88' lang='lat' dir='ltr'><strong>sto</strong></span> <span class='ocrx_word' id='word_1_241' title='bbox 2025 1718 2274 1786; x_wconf 87' lang='lat' dir='ltr'><strong>potituri,</strong></span> <span class='ocrx_word' id='word_1_242' title='bbox 2308 1722 2365 1768; x_wconf 93' lang='lat' dir='ltr'><strong>ut</strong></span> <span class='ocrx_word' id='word_1_243' title='bbox 2393 1724 2446 1770; x_wconf 91' lang='lat' dir='ltr'><strong>et</strong></span> <span class='ocrx_word' id='word_1_244' title='bbox 2476 1715 2675 1769; x_wconf 75' lang='lat' dir='ltr'><strong>rhristi</strong></span> <span class='ocrx_word' id='word_1_245' title='bbox 2713 1715 2814 1779; x_wconf 89' lang='lat' dir='ltr'><strong>illi,</strong></span> <span class='ocrx_word' id='word_1_246' title='bbox 2845 1730 2900 1769; x_wconf 83' lang='lat' dir='ltr'><strong>et</strong></span> <span class='ocrx_word' id='word_1_247' title='bbox 2937 1714 3031 1769; x_wconf 81' lang='lat' dir='ltr'><strong>lilii</strong></span> <span class='ocrx_word' id='word_1_248' title='bbox 3066 1714 3184 1783; x_wconf 87' lang='lat' dir='ltr'><strong>Dei,</strong></span> <span class='ocrx_word' id='word_1_249' title='bbox 3210 1717 3476 1773; x_wconf 78' lang='lat' dir='ltr'><strong>lueredes-</strong></span> 
     </span>
    </p>
   </div>
   <div class='ocr_carea' id='block_1_34' title="bbox 207 1799 1805 1883">
    <p class='ocr_par' dir='ltr' id='par_1_34' title="bbox 207 1812 1796 1883">
     <span class='ocr_line' id='line_1_34' title="bbox 207 1812 1796 1883; baseline 0.001 -19"><span class='ocrx_word' id='word_1_250' title='bbox 207 1813 391 1876; x_wconf 74' lang='grc' dir='ltr'>υίοὺς,</span> <span class='ocrx_word' id='word_1_251' title='bbox 431 1814 528 1867; x_wconf 78' lang='grc' dir='ltr'><strong>καὶ</strong></span> <span class='ocrx_word' id='word_1_252' title='bbox 572 1812 947 1883; x_wconf 80' lang='grc' dir='ltr'>κληρονόμους</span> <span class='ocrx_word' id='word_1_253' title='bbox 974 1812 1140 1876; x_wconf 88' lang='grc' dir='ltr'>Θεοῦ,</span> <span class='ocrx_word' id='word_1_254' title='bbox 1183 1814 1277 1866; x_wconf 83' lang='grc' dir='ltr'>καὶ</span> <span class='ocrx_word' id='word_1_255' title='bbox 1322 1812 1796 1882; x_wconf 76' lang='grc' dir='ltr'>συγκληρονόμους</span> 
     </span>
    </p>
   </div>
   <div class='ocr_carea' id='block_1_35' title="bbox 1906 1799 3466 1883">
    <p class='ocr_par' dir='ltr' id='par_1_35' title="bbox 1906 1808 3466 1881">
     <span class='ocr_line' id='line_1_35' title="bbox 1906 1808 3466 1881; baseline 0.001 -18"><span class='ocrx_word' id='word_1_256' title='bbox 1906 1824 2026 1881; x_wconf 84' lang='lat' dir='ltr'><strong>que,</strong></span> <span class='ocrx_word' id='word_1_257' title='bbox 2059 1818 2221 1879; x_wconf 79' lang='lat' dir='ltr'><strong>atque</strong></span> <span class='ocrx_word' id='word_1_258' title='bbox 2248 1809 2410 1863; x_wconf 82' lang='lat' dir='ltr'><strong>etiam</strong></span> <span class='ocrx_word' id='word_1_259' title='bbox 2451 1808 2653 1862; x_wconf 77' lang='lat' dir='ltr'><strong>Christi</strong></span> <span class='ocrx_word' id='word_1_260' title='bbox 2686 1808 2999 1863; x_wconf 73' lang='lat' dir='ltr'><strong>cobzeredes</strong></span> <span class='ocrx_word' id='word_1_261' title='bbox 3033 1809 3372 1878; x_wconf 82' lang='lat' dir='ltr'><strong>appellentur</strong></span> <span class='ocrx_word' id='word_1_262' title='bbox 3396 1810 3466 1865; x_wconf 78' lang='lat'><strong>“.</strong></span> 
     </span>
    </p>
   </div>
   <div class='ocr_carea' id='block_1_36' title="bbox 210 1904 1799 1977">
    <p class='ocr_par' dir='ltr' id='par_1_36' title="bbox 210 1904 1799 1977">
     <span class='ocr_line' id='line_1_36' title="bbox 210 1904 1799 1977; baseline -0.001 -19"><span class='ocrx_word' id='word_1_263' title='bbox 210 1904 477 1976; x_wconf 80' lang='grc' dir='ltr'>Χριστοῦ.</span> <span class='ocrx_word' id='word_1_264' title='bbox 512 1906 670 1960; x_wconf 78' lang='grc' dir='ltr'>Κατὰ</span> <span class='ocrx_word' id='word_1_265' title='bbox 700 1906 759 1960; x_wconf 85' lang='grc' dir='ltr'><strong>δέ</strong></span> <span class='ocrx_word' id='word_1_266' title='bbox 786 1906 911 1968; x_wconf 83' lang='grc' dir='ltr'>τοὺς</span> <span class='ocrx_word' id='word_1_267' title='bbox 945 1907 1075 1977; x_wconf 69' lang='grc' dir='ltr'>περὶ</span> <span class='ocrx_word' id='word_1_268' title='bbox 1100 1906 1198 1976; x_wconf 89' lang='grc' dir='ltr'>τῆς</span> <span class='ocrx_word' id='word_1_269' title='bbox 1224 1905 1519 1976; x_wconf 74' lang='grc' dir='ltr'>ἐπιδημίας</span> <span class='ocrx_word' id='word_1_270' title='bbox 1543 1904 1799 1976; x_wconf 82' lang='grc' dir='ltr'>είρῆσθαι</span> 
     </span>
    </p>
   </div>
   <div class='ocr_carea' id='block_1_37' title="bbox 208 1990 1797 2066">
    <p class='ocr_par' dir='ltr' id='par_1_37' title="bbox 208 1990 1797 2066">
     <span class='ocr_line' id='line_1_37' title="bbox 208 1990 1797 2066; baseline -0.001 -19"><span class='ocrx_word' id='word_1_271' title='bbox 208 1994 496 2063; x_wconf 79' lang='grc' dir='ltr'>λέγοντας,</span> <span class='ocrx_word' id='word_1_272' title='bbox 521 1995 659 2064; x_wconf 80' lang='grc' dir='ltr'>ὄρος</span> <span class='ocrx_word' id='word_1_273' title='bbox 690 1996 789 2066; x_wconf 73' lang='grc' dir='ltr'><strong>μὲν</strong></span> <span class='ocrx_word' id='word_1_274' title='bbox 819 1996 852 2065; x_wconf 78' lang='grc' dir='ltr'>ἡ</span> <span class='ocrx_word' id='word_1_275' title='bbox 886 1996 1186 2066; x_wconf 82' lang='grc' dir='ltr'>Ἐκκλησία</span> <span class='ocrx_word' id='word_1_276' title='bbox 1214 1990 1347 2049; x_wconf 84' lang='grc' dir='ltr'>οὖσα</span> <span class='ocrx_word' id='word_1_277' title='bbox 1378 1995 1797 2064; x_wconf 83' lang='grc' dir='ltr'>σκοπευτήριον,</span> 
     </span>
    </p>
   </div>
   <div class='ocr_carea' id='block_1_38' title="bbox 211 2084 1799 2156">
    <p class='ocr_par' dir='ltr' id='par_1_38' title="bbox 211 2084 1799 2156">
     <span class='ocr_line' id='line_1_38' title="bbox 211 2084 1799 2156; baseline -0.002 -17"><span class='ocrx_word' id='word_1_278' title='bbox 211 2088 311 2139; x_wconf 79' lang='grc' dir='ltr'>καὶ</span> <span class='ocrx_word' id='word_1_279' title='bbox 339 2086 535 2155; x_wconf 84' lang='grc' dir='ltr'>ὅρασις</span> <span class='ocrx_word' id='word_1_280' title='bbox 581 2086 829 2156; x_wconf 75' lang='grc' dir='ltr'>εἰρήνης,</span> <span class='ocrx_word' id='word_1_281' title='bbox 859 2085 949 2139; x_wconf 81' lang='grc' dir='ltr'><strong>διὰ</strong></span> <span class='ocrx_word' id='word_1_282' title='bbox 1011 2085 1073 2138; x_wconf 80' lang='grc' dir='ltr'><strong>τὸ</strong></span> <span class='ocrx_word' id='word_1_283' title='bbox 1132 2085 1240 2138; x_wconf 85' lang='grc' dir='ltr'><strong>τῶν</strong></span> <span class='ocrx_word' id='word_1_284' title='bbox 1269 2085 1556 2155; x_wconf 79' lang='grc' dir='ltr'>δογμάτων</span> <span class='ocrx_word' id='word_1_285' title='bbox 1597 2084 1799 2155; x_wconf 74' lang='grc' dir='ltr'>ὑψηλὸν</span> 
     </span>
    </p>
   </div>
   <div class='ocr_carea' id='block_1_39' title="bbox 211 2172 1796 2248">
    <p class='ocr_par' dir='ltr' id='par_1_39' title="bbox 211 2172 1796 2248">
     <span class='ocr_line' id='line_1_39' title="bbox 211 2172 1796 2248; baseline -0.002 -17"><span class='ocrx_word' id='word_1_286' title='bbox 211 2178 311 2231; x_wconf 84' lang='grc' dir='ltr'>καὶ</span> <span class='ocrx_word' id='word_1_287' title='bbox 334 2178 446 2230; x_wconf 81' lang='grc' dir='ltr'><strong>τῶν</strong></span> <span class='ocrx_word' id='word_1_288' title='bbox 482 2176 674 2247; x_wconf 77' lang='grc' dir='ltr'>ψυχῶν</span> <span class='ocrx_word' id='word_1_289' title='bbox 705 2177 767 2230; x_wconf 86' lang='grc' dir='ltr'>τὺ</span> <span class='ocrx_word' id='word_1_290' title='bbox 813 2177 1120 2248; x_wconf 68' lang='grc' dir='ltr'>ἀτάραχον*</span> <span class='ocrx_word' id='word_1_291' title='bbox 1152 2172 1317 2238; x_wconf 73' lang='grc' dir='ltr'>οἶνος</span> <span class='ocrx_word' id='word_1_292' title='bbox 1358 2177 1417 2230; x_wconf 78' lang='grc' dir='ltr'>δὲ</span> <span class='ocrx_word' id='word_1_293' title='bbox 1451 2176 1543 2229; x_wconf 74' lang='grc' dir='ltr'>καὶ</span> <span class='ocrx_word' id='word_1_294' title='bbox 1579 2175 1796 2244; x_wconf 78' lang='grc' dir='ltr'>μῦρον,</span> 
     </span>
    </p>
   </div>
   <div class='ocr_carea' id='block_1_40' title="bbox 212 2260 1796 2338">
    <p class='ocr_par' dir='ltr' id='par_1_40' title="bbox 212 2260 1796 2338">
     <span class='ocr_line' id='line_1_40' title="bbox 212 2260 1796 2338; baseline -0.003 -17"><span class='ocrx_word' id='word_1_295' title='bbox 212 2267 409 2337; x_wconf 78' lang='grc' dir='ltr'>σαφῶς</span> <span class='ocrx_word' id='word_1_296' title='bbox 437 2267 500 2320; x_wconf 81' lang='grc' dir='ltr'><strong>τὸ</strong></span> <span class='ocrx_word' id='word_1_297' title='bbox 548 2267 811 2338; x_wconf 78' lang='grc' dir='ltr'>μυστικὸν</span> <span class='ocrx_word' id='word_1_298' title='bbox 852 2268 1086 2337; x_wconf 82' lang='grc' dir='ltr'>χρίσμα,</span> <span class='ocrx_word' id='word_1_299' title='bbox 1120 2266 1215 2319; x_wconf 79' lang='grc' dir='ltr'>καὶ</span> <span class='ocrx_word' id='word_1_300' title='bbox 1242 2267 1304 2318; x_wconf 86' lang='grc' dir='ltr'><strong>τὸ</strong></span> <span class='ocrx_word' id='word_1_301' title='bbox 1358 2266 1624 2335; x_wconf 85' lang='grc' dir='ltr'>σωτήριον</span> <span class='ocrx_word' id='word_1_302' title='bbox 1657 2260 1796 2335; x_wconf 81' lang='grc' dir='ltr'>αἷμα</span> 
     </span>
    </p>
   </div>
   <div class='ocr_carea' id='block_1_41' title="bbox 211 2358 1793 2433">
    <p class='ocr_par' dir='ltr' id='par_1_41' title="bbox 211 2358 1793 2433">
     <span class='ocr_line' id='line_1_41' title="bbox 211 2358 1793 2433; baseline -0.001 -21"><span class='ocrx_word' id='word_1_303' title='bbox 211 2359 586 2433; x_wconf 67' lang='grc' dir='ltr'>παρέστησεν.</span> <span class='ocrx_word' id='word_1_304' title='bbox 626 2360 833 2432; x_wconf 73' lang='grc' dir='ltr'>Γράφει</span> <span class='ocrx_word' id='word_1_305' title='bbox 876 2359 986 2431; x_wconf 79' lang='grc' dir='ltr'><strong>γάρ</strong></span> <span class='ocrx_word' id='word_1_306' title='bbox 1013 2360 1107 2413; x_wconf 78' lang='grc' dir='ltr'><strong>καὶ</strong></span> <span class='ocrx_word' id='word_1_307' title='bbox 1152 2361 1181 2411; x_wconf 90' lang='lat'><strong>6</strong></span> <span class='ocrx_word' id='word_1_308' title='bbox 1220 2359 1485 2430; x_wconf 82' lang='grc' dir='ltr'>μακάριος</span> <span class='ocrx_word' id='word_1_309' title='bbox 1521 2358 1793 2428; x_wconf 78' lang='grc' dir='ltr'>Ἰωάννης·</span> 
     </span>
    </p>
   </div>
   <div class='ocr_carea' id='block_1_42' title="bbox 218 2446 1798 2523">
    <p class='ocr_par' dir='ltr' id='par_1_42' title="bbox 218 2446 1798 2523">
     <span class='ocr_line' id='line_1_42' title="bbox 218 2446 1798 2523; baseline -0.001 -21"><span class='ocrx_word' id='word_1_310' title='bbox 218 2470 241 2502; x_wconf 73' lang='grc' dir='ltr'><strong>ι</strong></span> <span class='ocrx_word' id='word_1_311' title='bbox 269 2451 387 2505; x_wconf 71' lang='grc' dir='ltr'><strong>Καὶ</strong></span> <span class='ocrx_word' id='word_1_312' title='bbox 413 2452 576 2522; x_wconf 79' lang='grc' dir='ltr'>ὑμεῖς</span> <span class='ocrx_word' id='word_1_313' title='bbox 615 2451 823 2522; x_wconf 88' lang='grc' dir='ltr'>χρίσμα</span> <span class='ocrx_word' id='word_1_314' title='bbox 864 2451 1017 2523; x_wconf 82' lang='grc' dir='ltr'>εχετε</span> <span class='ocrx_word' id='word_1_315' title='bbox 1064 2450 1175 2504; x_wconf 81' lang='grc' dir='ltr'>ἀπὸ</span> <span class='ocrx_word' id='word_1_316' title='bbox 1205 2450 1301 2503; x_wconf 88' lang='grc' dir='ltr'><strong>τοῦ</strong></span> <span class='ocrx_word' id='word_1_317' title='bbox 1343 2446 1574 2517; x_wconf 69' lang='grc' dir='ltr'>ἀγίουτι</span> <span class='ocrx_word' id='word_1_318' title='bbox 1611 2449 1798 2520; x_wconf 83' lang='grc' dir='ltr'>Τούτῳ</span> 
     </span>
    </p>
   </div>
   <div class='ocr_carea' id='block_1_43' title="bbox 212 2542 1802 2616">
    <p class='ocr_par' dir='ltr' id='par_1_43' title="bbox 212 2542 1802 2616">
     <span class='ocr_line' id='line_1_43' title="bbox 212 2542 1802 2616; baseline -0.001 -19"><span class='ocrx_word' id='word_1_319' title='bbox 212 2544 329 2616; x_wconf 79' lang='grc' dir='ltr'><strong>γάρ</strong></span> <span class='ocrx_word' id='word_1_320' title='bbox 361 2544 415 2598; x_wconf 81' lang='lat' dir='ltr'><strong>oi.</strong></span> <span class='ocrx_word' id='word_1_321' title='bbox 455 2544 842 2615; x_wconf 76' lang='grc' dir='ltr'>βαπτιζόμενοι</span> <span class='ocrx_word' id='word_1_322' title='bbox 876 2544 1149 2614; x_wconf 87' lang='grc' dir='ltr'>χρίονται,</span> <span class='ocrx_word' id='word_1_323' title='bbox 1186 2542 1459 2613; x_wconf 74' lang='grc' dir='ltr'>σύμϐολον</span> <span class='ocrx_word' id='word_1_324' title='bbox 1496 2542 1591 2595; x_wconf 92' lang='grc' dir='ltr'><strong>τοῦ</strong></span> <span class='ocrx_word' id='word_1_325' title='bbox 1636 2559 1802 2612; x_wconf 87' lang='grc' dir='ltr'>μετα-</span> 
     </span>
    </p>
   </div>
   <div class='ocr_carea' id='block_1_44' title="bbox 213 2635 1797 2708">
    <p class='ocr_par' dir='ltr' id='par_1_44' title="bbox 213 2635 1797 2708">
     <span class='ocr_line' id='line_1_44' title="bbox 213 2635 1797 2708; baseline 0 -18"><span class='ocrx_word' id='word_1_326' title='bbox 213 2638 410 2707; x_wconf 79' lang='grc' dir='ltr'>λαχείν</span> <span class='ocrx_word' id='word_1_327' title='bbox 435 2637 532 2692; x_wconf 88' lang='grc' dir='ltr'><strong>τοῦ</strong></span> <span class='ocrx_word' id='word_1_328' title='bbox 562 2636 709 2691; x_wconf 89' lang='grc' dir='ltr'>θείου</span> <span class='ocrx_word' id='word_1_329' title='bbox 762 2637 1081 2708; x_wconf 78' lang='grc' dir='ltr'>ἰινεύματος</span> <span class='ocrx_word' id='word_1_330' title='bbox 1106 2637 1167 2690; x_wconf 83' lang='grc' dir='ltr'><strong>τὸ</strong></span> <span class='ocrx_word' id='word_1_331' title='bbox 1210 2638 1421 2707; x_wconf 86' lang='grc' dir='ltr'>χρίσμα</span> <span class='ocrx_word' id='word_1_332' title='bbox 1461 2635 1797 2706; x_wconf 78' lang='grc' dir='ltr'>ποιούμενοι.</span> 
     </span>
    </p>
   </div>
   <div class='ocr_carea' id='block_1_45' title="bbox 231 2726 1798 2799">
    <p class='ocr_par' dir='ltr' id='par_1_45' title="bbox 231 2726 1798 2799">
     <span class='ocr_line' id='line_1_45' title="bbox 231 2726 1798 2799; baseline 0 -19"><span class='ocrx_word' id='word_1_333' title='bbox 231 2726 375 2780; x_wconf 77' lang='grc' dir='ltr'>Ἀλλ’</span> <span class='ocrx_word' id='word_1_334' title='bbox 400 2728 525 2780; x_wconf 77' lang='grc' dir='ltr'>ἐπεὶ</span> <span class='ocrx_word' id='word_1_335' title='bbox 568 2726 771 2781; x_wconf 84' lang='grc' dir='ltr'>τούτων</span> <span class='ocrx_word' id='word_1_336' title='bbox 797 2727 1012 2792; x_wconf 79' lang='grc' dir='ltr'>ἀνάξιος</span> <span class='ocrx_word' id='word_1_337' title='bbox 1046 2728 1262 2799; x_wconf 83' lang='grc' dir='ltr'>Ἰσραήλ</span> <span class='ocrx_word' id='word_1_338' title='bbox 1282 2743 1296 2757; x_wconf 90' lang='grc'><strong>·</strong></span> <span class='ocrx_word' id='word_1_339' title='bbox 1322 2726 1591 2796; x_wconf 80' lang='grc' dir='ltr'>Παράδος</span> <span class='ocrx_word' id='word_1_340' title='bbox 1620 2727 1798 2793; x_wconf 83' lang='grc' dir='ltr'>αὐτὰ,</span> 
     </span>
    </p>
   </div>
   <div class='ocr_carea' id='block_1_46' title="bbox 216 2817 1805 2891">
    <p class='ocr_par' dir='ltr' id='par_1_46' title="bbox 216 2817 1805 2891">
     <span class='ocr_line' id='line_1_46' title="bbox 216 2817 1805 2891; baseline 0.002 -20"><span class='ocrx_word' id='word_1_341' title='bbox 216 2817 383 2887; x_wconf 78' lang='grc' dir='ltr'>φησὶ,</span> <span class='ocrx_word' id='word_1_342' title='bbox 408 2818 531 2882; x_wconf 83' lang='grc' dir='ltr'>τοῖς</span> <span class='ocrx_word' id='word_1_343' title='bbox 570 2819 835 2885; x_wconf 69' lang='grc' dir='ltr'>ἔθνεσιν,</span> <span class='ocrx_word' id='word_1_344' title='bbox 884 2817 1076 2889; x_wconf 82' lang='grc' dir='ltr'>ὥσπερ</span> <span class='ocrx_word' id='word_1_345' title='bbox 1104 2836 1189 2882; x_wconf 92' lang='grc' dir='ltr'><strong>τις</strong></span> <span class='ocrx_word' id='word_1_346' title='bbox 1232 2819 1705 2891; x_wconf 76' lang='grc' dir='ltr'>παρακαταθήκην</span> <span class='ocrx_word' id='word_1_347' title='bbox 1745 2822 1805 2874; x_wconf 83' lang='grc' dir='ltr'><strong>ἐν</strong></span> 
     </span>
    </p>
   </div>
   <div class='ocr_carea' id='block_1_47' title="bbox 220 2906 1808 2981">
    <p class='ocr_par' dir='ltr' id='par_1_47' title="bbox 220 2906 1808 2981">
     <span class='ocr_line' id='line_1_47' title="bbox 220 2906 1808 2981; baseline -0.001 -20"><span class='ocrx_word' id='word_1_348' title='bbox 220 2909 513 2979; x_wconf 81' lang='grc' dir='ltr'>μυστηρίῳ</span> <span class='ocrx_word' id='word_1_349' title='bbox 576 2908 937 2981; x_wconf 77' lang='grc' dir='ltr'>παραδίδωσι.</span> <span class='ocrx_word' id='word_1_350' title='bbox 986 2908 1079 2960; x_wconf 82' lang='grc' dir='ltr'><strong>Διὸ</strong></span> <span class='ocrx_word' id='word_1_351' title='bbox 1142 2908 1237 2960; x_wconf 75' lang='grc' dir='ltr'><strong>καὶ</strong></span> <span class='ocrx_word' id='word_1_352' title='bbox 1293 2906 1610 2977; x_wconf 82' lang='grc' dir='ltr'>θαυμαστὰ</span> <span class='ocrx_word' id='word_1_353' title='bbox 1635 2946 1651 2973; x_wconf 90' lang='grc'><strong>,</strong></span> <span class='ocrx_word' id='word_1_354' title='bbox 1710 2907 1808 2961; x_wconf 76' lang='grc' dir='ltr'>καὶ</span> 
     </span>
    </p>
   </div>
   <div class='ocr_carea' id='block_1_48' title="bbox 211 3001 1559 3073">
    <p class='ocr_par' dir='ltr' id='par_1_48' title="bbox 211 3001 1559 3073">
     <span class='ocr_line' id='line_1_48' title="bbox 211 3001 1559 3073; baseline 0.001 -18"><span class='ocrx_word' id='word_1_355' title='bbox 211 3001 467 3069; x_wconf 69' lang='grc' dir='ltr'><strong>βουλὴν</strong></span> <span class='ocrx_word' id='word_1_356' title='bbox 497 3002 760 3070; x_wconf 77' lang='grc' dir='ltr'>ἀρχαίαν</span> <span class='ocrx_word' id='word_1_357' title='bbox 793 3001 982 3070; x_wconf 76' lang='grc' dir='ltr'>ἔλεγεν</span> <span class='ocrx_word' id='word_1_358' title='bbox 1003 3002 1033 3053; x_wconf 92' lang='lat'><strong>6</strong></span> <span class='ocrx_word' id='word_1_359' title='bbox 1073 3001 1364 3073; x_wconf 71' lang='grc' dir='ltr'>προφήτης</span> <span class='ocrx_word' id='word_1_360' title='bbox 1397 3002 1559 3057; x_wconf 82' lang='grc' dir='ltr'>αὐτά.</span> 
     </span>
    </p>
   </div>
   <div class='ocr_carea' id='block_1_49' title="bbox 292 3158 1803 3232">
    <p class='ocr_par' dir='ltr' id='par_1_49' title="bbox 292 3158 1803 3232">
     <span class='ocr_line' id='line_1_49' title="bbox 292 3158 1803 3232; baseline -0.001 -16"><span class='ocrx_word' id='word_1_361' title='bbox 292 3162 371 3216; x_wconf 82' lang='grc' dir='ltr'><strong>Οὐ</strong></span> <span class='ocrx_word' id='word_1_362' title='bbox 394 3161 507 3232; x_wconf 75' lang='grc' dir='ltr'>γὰρ</span> <span class='ocrx_word' id='word_1_363' title='bbox 535 3160 724 3230; x_wconf 83' lang='grc' dir='ltr'>ὥσπερ</span> <span class='ocrx_word' id='word_1_364' title='bbox 744 3162 771 3213; x_wconf 86' lang='grc' dir='ltr'><strong>ό</strong></span> <span class='ocrx_word' id='word_1_365' title='bbox 790 3160 958 3213; x_wconf 84' lang='grc' dir='ltr'>πάλαι</span> <span class='ocrx_word' id='word_1_366' title='bbox 985 3158 1145 3229; x_wconf 85' lang='grc' dir='ltr'>νόμος</span> <span class='ocrx_word' id='word_1_367' title='bbox 1178 3159 1246 3213; x_wconf 84' lang='grc' dir='ltr'>δι’</span> <span class='ocrx_word' id='word_1_368' title='bbox 1269 3160 1519 3229; x_wconf 84' lang='grc' dir='ltr'>ἀγγέλων</span> <span class='ocrx_word' id='word_1_369' title='bbox 1548 3160 1803 3232; x_wconf 71' lang='grc' dir='ltr'>λαληθεὶς</span> 
     </span>
    </p>
   </div>
   <div class='ocr_carea' id='block_1_50' title="bbox 221 3252 1803 3325">
    <p class='ocr_par' dir='ltr' id='par_1_50' title="bbox 221 3252 1803 3325">
     <span class='ocr_line' id='line_1_50' title="bbox 221 3252 1803 3325; baseline -0.001 -17"><span class='ocrx_word' id='word_1_370' title='bbox 221 3254 380 3324; x_wconf 79' lang='grc' dir='ltr'>ἐδόθη</span> <span class='ocrx_word' id='word_1_371' title='bbox 412 3255 562 3324; x_wconf 83' lang='grc' dir='ltr'>μόνῳ</span> <span class='ocrx_word' id='word_1_372' title='bbox 591 3253 668 3322; x_wconf 84' lang='grc' dir='ltr'>τῷ</span> <span class='ocrx_word' id='word_1_373' title='bbox 699 3252 941 3325; x_wconf 78' lang='grc' dir='ltr'>Ἰσραὴλ,</span> <span class='ocrx_word' id='word_1_374' title='bbox 978 3253 1117 3307; x_wconf 85' lang='grc' dir='ltr'>ἀλλὰ</span> <span class='ocrx_word' id='word_1_375' title='bbox 1144 3252 1378 3324; x_wconf 81' lang='grc' dir='ltr'>Χριστὸς</span> <span class='ocrx_word' id='word_1_376' title='bbox 1408 3255 1517 3307; x_wconf 86' lang='grc' dir='ltr'><strong>τῶν</strong></span> <span class='ocrx_word' id='word_1_377' title='bbox 1559 3255 1729 3307; x_wconf 82' lang='grc' dir='ltr'>ἐθνῶν</span> <span class='ocrx_word' id='word_1_378' title='bbox 1769 3256 1803 3325; x_wconf 84' lang='grc' dir='ltr'><strong>ἡ</strong></span> 
     </span>
    </p>
   </div>
   <div class='ocr_carea' id='block_1_51' title="bbox 223 3343 1799 3417">
    <p class='ocr_par' dir='ltr' id='par_1_51' title="bbox 223 3343 1799 3417">
     <span class='ocr_line' id='line_1_51' title="bbox 223 3343 1799 3417; baseline -0.002 -18"><span class='ocrx_word' id='word_1_379' title='bbox 223 3345 545 3417; x_wconf 72' lang='grc' dir='ltr'>προσδοκία·</span> <span class='ocrx_word' id='word_1_380' title='bbox 568 3343 712 3398; x_wconf 82' lang='grc' dir='ltr'>κατὰ</span> <span class='ocrx_word' id='word_1_381' title='bbox 727 3344 807 3397; x_wconf 73' lang='grc' dir='ltr'>τό*</span> <span class='ocrx_word' id='word_1_382' title='bbox 844 3362 863 3397; x_wconf 87' lang='grc' dir='ltr'><strong>ι</strong></span> <span class='ocrx_word' id='word_1_383' title='bbox 895 3344 1007 3397; x_wconf 75' lang='grc' dir='ltr'>Καὶ</span> <span class='ocrx_word' id='word_1_384' title='bbox 1024 3343 1109 3397; x_wconf 81' lang='grc' dir='ltr'>ἐπ’</span> <span class='ocrx_word' id='word_1_385' title='bbox 1141 3343 1289 3414; x_wconf 85' lang='grc' dir='ltr'>αύτῷ</span> <span class='ocrx_word' id='word_1_386' title='bbox 1306 3343 1435 3415; x_wconf 78' lang='grc' dir='ltr'>ἑονη</span> <span class='ocrx_word' id='word_1_387' title='bbox 1452 3344 1747 3398; x_wconf 81' lang='grc' dir='ltr'>ἐλπιοῦσιν.</span> <span class='ocrx_word' id='word_1_388' title='bbox 1780 3363 1799 3396; x_wconf 78' lang='grc' dir='ltr'><strong>ι</strong></span> 
     </span>
    </p>
   </div>
   <div class='ocr_carea' id='block_1_52' title="bbox 223 3432 1809 3509">
    <p class='ocr_par' dir='ltr' id='par_1_52' title="bbox 223 3432 1809 3509">
     <span class='ocr_line' id='line_1_52' title="bbox 223 3432 1809 3509; baseline -0.001 -19"><span class='ocrx_word' id='word_1_389' title='bbox 223 3437 369 3491; x_wconf 81' lang='grc' dir='ltr'>Τδδὲ</span> <span class='ocrx_word' id='word_1_390' title='bbox 387 3438 547 3501; x_wconf 80' lang='grc' dir='ltr'>αὐτὸ,</span> <span class='ocrx_word' id='word_1_391' title='bbox 569 3438 760 3508; x_wconf 73' lang='grc' dir='ltr'>φησὶν,</span> <span class='ocrx_word' id='word_1_392' title='bbox 777 3432 907 3509; x_wconf 75' lang='grc' dir='ltr'>ἦθος</span> <span class='ocrx_word' id='word_1_393' title='bbox 923 3436 953 3489; x_wconf 88' lang='lat'><strong>6</strong></span> <span class='ocrx_word' id='word_1_394' title='bbox 978 3436 1264 3508; x_wconf 72' lang='grc' dir='ltr'>προφήτης</span> <span class='ocrx_word' id='word_1_395' title='bbox 1284 3435 1549 3506; x_wconf 80' lang='grc' dir='ltr'>ἐφύλαξεν</span> <span class='ocrx_word' id='word_1_396' title='bbox 1568 3452 1582 3467; x_wconf 77' lang='grc' dir='ltr'><strong><em>ο</em></strong></span> <span class='ocrx_word' id='word_1_397' title='bbox 1601 3435 1677 3499; x_wconf 84' lang='grc' dir='ltr'><strong>ὡς</strong></span> <span class='ocrx_word' id='word_1_398' title='bbox 1699 3437 1809 3504; x_wconf 72' lang='grc' dir='ltr'><strong>γὰρ</strong></span> 
     </span>
    </p>
   </div>
   <div class='ocr_carea' id='block_1_53' title="bbox 223 3528 1810 3603">
    <p class='ocr_par' dir='ltr' id='par_1_53' title="bbox 223 3528 1810 3603">
     <span class='ocr_line' id='line_1_53' title="bbox 223 3528 1810 3603; baseline -0.003 -19"><span class='ocrx_word' id='word_1_399' title='bbox 223 3528 724 3603; x_wconf 84' lang='grc' dir='ltr'>παραμυθούμενος</span> <span class='ocrx_word' id='word_1_400' title='bbox 765 3529 891 3592; x_wconf 78' lang='grc' dir='ltr'>τοὺς</span> <span class='ocrx_word' id='word_1_401' title='bbox 932 3528 997 3594; x_wconf 81' lang='grc' dir='ltr'><strong>ἐξ</strong></span> <span class='ocrx_word' id='word_1_402' title='bbox 1029 3528 1279 3601; x_wconf 77' lang='grc' dir='ltr'>Ἰσραὴλ,</span> <span class='ocrx_word' id='word_1_403' title='bbox 1325 3530 1420 3583; x_wconf 74' lang='grc' dir='ltr'>καὶ</span> <span class='ocrx_word' id='word_1_404' title='bbox 1469 3528 1582 3582; x_wconf 87' lang='grc' dir='ltr'><strong>τῶν</strong></span> <span class='ocrx_word' id='word_1_405' title='bbox 1632 3528 1810 3582; x_wconf 78' lang='grc' dir='ltr'>ἄλλων</span> 
     </span>
    </p>
   </div>
   <div class='ocr_carea' id='block_1_54' title="bbox 223 3618 1811 3693">
    <p class='ocr_par' dir='ltr' id='par_1_54' title="bbox 223 3618 1811 3693">
     <span class='ocr_line' id='line_1_54' title="bbox 223 3618 1811 3693; baseline -0.006 -14"><span class='ocrx_word' id='word_1_406' title='bbox 223 3624 401 3679; x_wconf 80' lang='grc' dir='ltr'>ἐθνῶν</span> <span class='ocrx_word' id='word_1_407' title='bbox 426 3623 579 3691; x_wconf 74' lang='grc' dir='ltr'>ἔλεγε</span> <span class='ocrx_word' id='word_1_408' title='bbox 606 3621 706 3693; x_wconf 81' lang='grc' dir='ltr'>τὴν</span> <span class='ocrx_word' id='word_1_409' title='bbox 740 3621 1017 3677; x_wconf 87' lang='grc' dir='ltr'>ἀπώλειαν</span> <span class='ocrx_word' id='word_1_410' title='bbox 1044 3620 1451 3691; x_wconf 81' lang='grc' dir='ltr'>διικνουμένων,</span> <span class='ocrx_word' id='word_1_411' title='bbox 1480 3618 1566 3672; x_wconf 76' lang='grc' dir='ltr'>διὰ</span> <span class='ocrx_word' id='word_1_412' title='bbox 1594 3618 1811 3673; x_wconf 86' lang='grc' dir='ltr'>πάντων</span> 
     </span>
    </p>
   </div>
   <div class='ocr_carea' id='block_1_55' title="bbox 223 3710 1812 3785">
    <p class='ocr_par' dir='ltr' id='par_1_55' title="bbox 223 3710 1812 3785">
     <span class='ocr_line' id='line_1_55' title="bbox 223 3710 1812 3785; baseline -0.003 -17"><span class='ocrx_word' id='word_1_413' title='bbox 223 3714 324 3769; x_wconf 86' lang='grc' dir='ltr'><strong>τοῦ</strong></span> <span class='ocrx_word' id='word_1_414' title='bbox 355 3714 493 3768; x_wconf 75' lang='grc' dir='ltr'>Θεοῦ</span> <span class='ocrx_word' id='word_1_415' title='bbox 523 3713 783 3767; x_wconf 85' lang='grc' dir='ltr'>δεικνύων</span> <span class='ocrx_word' id='word_1_416' title='bbox 826 3712 925 3785; x_wconf 78' lang='grc' dir='ltr'>τὴν</span> <span class='ocrx_word' id='word_1_417' title='bbox 969 3714 1248 3784; x_wconf 81' lang='grc' dir='ltr'>πρόνοιαν.</span> <span class='ocrx_word' id='word_1_418' title='bbox 1267 3711 1595 3783; x_wconf 77' lang='grc' dir='ltr'>Ὠλιγιὶιρουν</span> <span class='ocrx_word' id='word_1_419' title='bbox 1624 3710 1733 3782; x_wconf 85' lang='grc' dir='ltr'><strong>γὰρ</strong></span> <span class='ocrx_word' id='word_1_420' title='bbox 1762 3711 1812 3764; x_wconf 87' lang='grc' dir='ltr'><strong>οί</strong></span> 
     </span>
    </p>
   </div>
   <div class='ocr_carea' id='block_1_56' title="bbox 226 3798 1829 3878">
    <p class='ocr_par' dir='ltr' id='par_1_56' title="bbox 226 3798 1829 3878">
     <span class='ocr_line' id='line_1_56' title="bbox 226 3798 1829 3878; baseline -0.005 -16"><span class='ocrx_word' id='word_1_421' title='bbox 226 3808 289 3874; x_wconf 76' lang='grc' dir='ltr'><strong>ἐξ</strong></span> <span class='ocrx_word' id='word_1_422' title='bbox 316 3806 553 3878; x_wconf 80' lang='grc' dir='ltr'>Ἰσραὴλ,</span> <span class='ocrx_word' id='word_1_423' title='bbox 582 3806 857 3877; x_wconf 83' lang='grc' dir='ltr'>συνεχέσιν</span> <span class='ocrx_word' id='word_1_424' title='bbox 888 3805 1129 3875; x_wconf 81' lang='grc' dir='ltr'>ἐλέγχοις</span> <span class='ocrx_word' id='word_1_425' title='bbox 1157 3805 1251 3857; x_wconf 80' lang='grc' dir='ltr'>καὶ</span> <span class='ocrx_word' id='word_1_426' title='bbox 1272 3804 1547 3867; x_wconf 86' lang='grc' dir='ltr'>παιδείαις</span> <span class='ocrx_word' id='word_1_427' title='bbox 1577 3798 1829 3875; x_wconf 79' lang='grc' dir='ltr'>δρῶντες</span> 
     </span>
    </p>
   </div>
   <div class='ocr_carea' id='block_1_57' title="bbox 229 3896 1813 3971">
    <p class='ocr_par' dir='ltr' id='par_1_57' title="bbox 229 3896 1813 3971">
     <span class='ocr_line' id='line_1_57' title="bbox 229 3896 1813 3971; baseline -0.003 -17"><span class='ocrx_word' id='word_1_428' title='bbox 229 3901 416 3964; x_wconf 81' lang='grc' dir='ltr'>αὐτοῖς</span> <span class='ocrx_word' id='word_1_429' title='bbox 460 3898 812 3971; x_wconf 87' lang='grc' dir='ltr'>ἐπικείμενον</span> <span class='ocrx_word' id='word_1_430' title='bbox 838 3897 930 3951; x_wconf 79' lang='grc' dir='ltr'>τὸν</span> <span class='ocrx_word' id='word_1_431' title='bbox 958 3899 1114 3963; x_wconf 85' lang='grc' dir='ltr'>Θεὸν,</span> <span class='ocrx_word' id='word_1_432' title='bbox 1140 3899 1203 3951; x_wconf 86' lang='grc' dir='ltr'><strong>ού</strong></span> <span class='ocrx_word' id='word_1_433' title='bbox 1232 3896 1642 3967; x_wconf 80' lang='grc' dir='ltr'>φιλανθρωπίας</span> <span class='ocrx_word' id='word_1_434' title='bbox 1675 3896 1813 3951; x_wconf 86' lang='grc' dir='ltr'>Θεοῦ</span> 
     </span>
    </p>
   </div>
   <div class='ocr_carea' id='block_1_58' title="bbox 229 3987 1815 4063">
    <p class='ocr_par' dir='ltr' id='par_1_58' title="bbox 229 3987 1815 4063">
     <span class='ocr_line' id='line_1_58' title="bbox 229 3987 1815 4063; baseline -0.003 -17"><span class='ocrx_word' id='word_1_435' title='bbox 229 3992 407 4047; x_wconf 89' lang='grc' dir='ltr'>ταῦτα</span> <span class='ocrx_word' id='word_1_436' title='bbox 457 3991 741 4054; x_wconf 85' lang='grc' dir='ltr'>δοκοῦντες</span> <span class='ocrx_word' id='word_1_437' title='bbox 773 3993 1068 4063; x_wconf 78' lang='grc' dir='ltr'>τεκμήρια,</span> <span class='ocrx_word' id='word_1_438' title='bbox 1102 3990 1201 4061; x_wconf 82' lang='grc' dir='ltr'>τῆς</span> <span class='ocrx_word' id='word_1_439' title='bbox 1249 3988 1305 4042; x_wconf 84' lang='grc' dir='ltr'>δὲ</span> <span class='ocrx_word' id='word_1_440' title='bbox 1357 3988 1493 4052; x_wconf 80' lang='grc' dir='ltr'>ιδίας</span> <span class='ocrx_word' id='word_1_441' title='bbox 1539 3987 1815 4052; x_wconf 78' lang='grc' dir='ltr'>ἀπωλείας</span> 
     </span>
    </p>
   </div>
   <div class='ocr_carea' id='block_1_59' title="bbox 231 4080 1813 4155">
    <p class='ocr_par' dir='ltr' id='par_1_59' title="bbox 231 4080 1813 4155">
     <span class='ocr_line' id='line_1_59' title="bbox 231 4080 1813 4155; baseline -0.002 -20"><span class='ocrx_word' id='word_1_442' title='bbox 231 4080 505 4155; x_wconf 81' lang='grc' dir='ltr'>ἐνθηκηνὶ</span> <span class='ocrx_word' id='word_1_443' title='bbox 549 4084 611 4136; x_wconf 84' lang='grc' dir='ltr'><strong>ἐν</strong></span> <span class='ocrx_word' id='word_1_444' title='bbox 654 4081 938 4155; x_wconf 79' lang='grc' dir='ltr'>ἐλευθερίᾳ</span> <span class='ocrx_word' id='word_1_445' title='bbox 967 4083 1173 4150; x_wconf 83' lang='grc' dir='ltr'>διάγειν</span> <span class='ocrx_word' id='word_1_446' title='bbox 1202 4080 1273 4135; x_wconf 76' lang='grc' dir='ltr'>τὰ</span> <span class='ocrx_word' id='word_1_447' title='bbox 1302 4080 1428 4151; x_wconf 75' lang='grc' dir='ltr'>ἔθνη</span> <span class='ocrx_word' id='word_1_448' title='bbox 1477 4080 1813 4150; x_wconf 79' lang='grc' dir='ltr'>νομίζοντες,</span> 
     </span>
    </p>
   </div>
   <div class='ocr_carea' id='block_1_60' title="bbox 231 4168 1818 4241">
    <p class='ocr_par' dir='ltr' id='par_1_60' title="bbox 231 4168 1818 4241">
     <span class='ocr_line' id='line_1_60' title="bbox 231 4168 1818 4241; baseline 0.001 -20"><span class='ocrx_word' id='word_1_449' title='bbox 231 4170 306 4229; x_wconf 81' lang='grc' dir='ltr'>ὡς</span> <span class='ocrx_word' id='word_1_450' title='bbox 333 4169 404 4223; x_wconf 79' lang='grc' dir='ltr'>ἂν</span> <span class='ocrx_word' id='word_1_451' title='bbox 429 4169 509 4241; x_wconf 80' lang='grc' dir='ltr'>μὴ</span> <span class='ocrx_word' id='word_1_452' title='bbox 532 4168 661 4222; x_wconf 77' lang='grc' dir='ltr'>ὄντα</span> <span class='ocrx_word' id='word_1_453' title='bbox 685 4170 789 4223; x_wconf 74' lang='grc' dir='ltr'>ὑπὸ</span> <span class='ocrx_word' id='word_1_454' title='bbox 812 4170 964 4224; x_wconf 86' lang='grc' dir='ltr'>Θεόν.</span> <span class='ocrx_word' id='word_1_455' title='bbox 992 4170 1145 4241; x_wconf 86' lang='grc' dir='ltr'>Μηδέ</span> <span class='ocrx_word' id='word_1_456' title='bbox 1167 4169 1275 4241; x_wconf 83' lang='grc' dir='ltr'>γὰρ</span> <span class='ocrx_word' id='word_1_457' title='bbox 1298 4170 1454 4240; x_wconf 79' lang='grc' dir='ltr'>δίκην</span> <span class='ocrx_word' id='word_1_458' title='bbox 1498 4170 1697 4233; x_wconf 81' lang='grc' dir='ltr'>αὐτοὺς</span> <span class='ocrx_word' id='word_1_459' title='bbox 1719 4170 1788 4239; x_wconf 82' lang='grc' dir='ltr'>ἐφ</span> <span class='ocrx_word' id='word_1_460' title='bbox 1804 4170 1818 4191; x_wconf 88' lang='grc'>’</span> 
     </span>
    </p>
   </div>
   <div class='ocr_carea' id='block_1_61' title="bbox 230 4256 1818 4332">
    <p class='ocr_par' dir='ltr' id='par_1_61' title="bbox 230 4256 1818 4332">
     <span class='ocr_line' id='line_1_61' title="bbox 230 4256 1818 4332; baseline -0.001 -17"><span class='ocrx_word' id='word_1_461' title='bbox 230 4256 312 4325; x_wconf 75' lang='grc' dir='ltr'>οἷς</span> <span class='ocrx_word' id='word_1_462' title='bbox 347 4261 742 4332; x_wconf 80' lang='grc' dir='ltr'>ἐπλημμέλουν</span> <span class='ocrx_word' id='word_1_463' title='bbox 774 4260 1225 4332; x_wconf 85' lang='grc' dir='ltr'>εἰσπράττεσθαι.</span> <span class='ocrx_word' id='word_1_464' title='bbox 1284 4259 1442 4314; x_wconf 82' lang='grc' dir='ltr'>Οῦτω</span> <span class='ocrx_word' id='word_1_465' title='bbox 1475 4260 1570 4312; x_wconf 80' lang='grc' dir='ltr'>καὶ</span> <span class='ocrx_word' id='word_1_466' title='bbox 1603 4258 1699 4313; x_wconf 85' lang='grc' dir='ltr'><strong>νῦν</strong></span> <span class='ocrx_word' id='word_1_467' title='bbox 1729 4259 1818 4313; x_wconf 82' lang='grc' dir='ltr'>διὰ</span> 
     </span>
    </p>
   </div>
   <div class='ocr_carea' id='block_1_62' title="bbox 227 4351 1821 4426">
    <p class='ocr_par' dir='ltr' id='par_1_62' title="bbox 227 4351 1821 4426">
     <span class='ocr_line' id='line_1_62' title="bbox 227 4351 1821 4426; baseline -0.002 -18"><span class='ocrx_word' id='word_1_468' title='bbox 227 4356 340 4408; x_wconf 66' lang='grc' dir='ltr'>τών</span> <span class='ocrx_word' id='word_1_469' title='bbox 394 4356 781 4426; x_wconf 84' lang='grc' dir='ltr'>χρηστοτέρων</span> <span class='ocrx_word' id='word_1_470' title='bbox 815 4354 913 4422; x_wconf 80' lang='grc' dir='ltr'>τὴν</span> <span class='ocrx_word' id='word_1_471' title='bbox 940 4355 1023 4418; x_wconf 85' lang='grc' dir='ltr'><strong>είς</strong></span> <span class='ocrx_word' id='word_1_472' title='bbox 1052 4354 1302 4415; x_wconf 74' lang='grc' dir='ltr'>ἅπαντας</span> <span class='ocrx_word' id='word_1_473' title='bbox 1340 4351 1672 4424; x_wconf 82' lang='grc' dir='ltr'>κηδεμονίαν</span> <span class='ocrx_word' id='word_1_474' title='bbox 1699 4351 1821 4423; x_wconf 85' lang='grc' dir='ltr'>ἐδή-</span> 
     </span>
    </p>
   </div>
   <div class='ocr_carea' id='block_1_63' title="bbox 1899 1899 3473 1968">
    <p class='ocr_par' dir='ltr' id='par_1_63' title="bbox 1899 1899 3473 1968">
     <span class='ocr_line' id='line_1_63' title="bbox 1899 1899 3473 1968; baseline -0.001 -12"><span class='ocrx_word' id='word_1_475' title='bbox 1899 1901 2121 1964; x_wconf 71' lang='lat' dir='ltr'><strong>Verum,</strong></span> <span class='ocrx_word' id='word_1_476' title='bbox 2147 1901 2193 1956; x_wconf 87' lang='lat' dir='ltr'><strong>si</strong></span> <span class='ocrx_word' id='word_1_477' title='bbox 2224 1915 2322 1955; x_wconf 90' lang='lat' dir='ltr'><strong>eos</strong></span> <span class='ocrx_word' id='word_1_478' title='bbox 2352 1899 2629 1964; x_wconf 87' lang='lat' dir='ltr'><strong>audimus,</strong></span> <span class='ocrx_word' id='word_1_479' title='bbox 2666 1899 2760 1968; x_wconf 91' lang='lat' dir='ltr'><strong>qui</strong></span> <span class='ocrx_word' id='word_1_480' title='bbox 2790 1899 2858 1953; x_wconf 89' lang='lat' dir='ltr'><strong>ad</strong></span> <span class='ocrx_word' id='word_1_481' title='bbox 2888 1900 3319 1955; x_wconf 86' lang='lat' dir='ltr'><strong>incarnationem</strong></span> <span class='ocrx_word' id='word_1_482' title='bbox 3370 1901 3473 1955; x_wconf 86' lang='lat' dir='ltr'><strong>ista</strong></span> 
     </span>
    </p>
   </div>
   <div class='ocr_carea' id='block_1_64' title="bbox 1894 1991 3471 2063">
    <p class='ocr_par' dir='ltr' id='par_1_64' title="bbox 1894 1991 3471 2063">
     <span class='ocr_line' id='line_1_64' title="bbox 1894 1991 3471 2063; baseline -0.002 -15"><span class='ocrx_word' id='word_1_483' title='bbox 1894 1993 2171 2056; x_wconf 77' lang='lat' dir='ltr'><strong>referunt;</strong></span> <span class='ocrx_word' id='word_1_484' title='bbox 2209 2007 2302 2061; x_wconf 86' lang='lat' dir='ltr'><strong>per</strong></span> <span class='ocrx_word' id='word_1_485' title='bbox 2331 2000 2558 2047; x_wconf 78' lang='lat' dir='ltr'><strong>montem</strong></span> <span class='ocrx_word' id='word_1_486' title='bbox 2589 1991 2831 2061; x_wconf 85' lang='lat' dir='ltr'><strong>quidem,</strong></span> <span class='ocrx_word' id='word_1_487' title='bbox 2868 1992 3170 2046; x_wconf 88' lang='lat' dir='ltr'><strong>Eeclesiam</strong></span> <span class='ocrx_word' id='word_1_488' title='bbox 3210 1992 3471 2063; x_wconf 83' lang='lat' dir='ltr'><strong>designa-</strong></span> 
     </span>
    </p>
   </div>
   <div class='ocr_carea' id='block_1_65' title="bbox 1900 2084 3480 2154">
    <p class='ocr_par' dir='ltr' id='par_1_65' title="bbox 1900 2084 3480 2154">
     <span class='ocr_line' id='line_1_65' title="bbox 1900 2084 3480 2154; baseline 0.003 -17"><span class='ocrx_word' id='word_1_489' title='bbox 1900 2090 2010 2147; x_wconf 82' lang='lat' dir='ltr'><strong>vit,</strong></span> <span class='ocrx_word' id='word_1_490' title='bbox 2049 2099 2170 2152; x_wconf 71' lang='lat' dir='ltr'><strong>qua:</strong></span> <span class='ocrx_word' id='word_1_491' title='bbox 2208 2095 2265 2137; x_wconf 91' lang='lat' dir='ltr'><strong>et</strong></span> <span class='ocrx_word' id='word_1_492' title='bbox 2311 2085 2555 2152; x_wconf 71' lang='lat' dir='ltr'><strong>specula,</strong></span> <span class='ocrx_word' id='word_1_493' title='bbox 2592 2096 2639 2138; x_wconf 86' lang='lat' dir='ltr'><strong>et</strong></span> <span class='ocrx_word' id='word_1_494' title='bbox 2690 2085 2843 2152; x_wconf 86' lang='lat' dir='ltr'><strong>pacis</strong></span> <span class='ocrx_word' id='word_1_495' title='bbox 2894 2084 3052 2148; x_wconf 86' lang='lat' dir='ltr'><strong>visio,</strong></span> <span class='ocrx_word' id='word_1_496' title='bbox 3099 2094 3323 2154; x_wconf 72' lang='lat' dir='ltr'><strong>promer</strong></span> <span class='ocrx_word' id='word_1_497' title='bbox 3378 2086 3480 2140; x_wconf 84' lang='lat' dir='ltr'><strong>do-</strong></span> 
     </span>
    </p>
   </div>
   <div class='ocr_carea' id='block_1_66' title="bbox 1897 2178 3482 2248">
    <p class='ocr_par' dir='ltr' id='par_1_66' title="bbox 1897 2178 3482 2248">
     <span class='ocr_line' id='line_1_66' title="bbox 1897 2178 3482 2248; baseline 0.002 -19"><span class='ocrx_word' id='word_1_498' title='bbox 1897 2187 2137 2248; x_wconf 79' lang='lat' dir='ltr'><strong>gmntum</strong></span> <span class='ocrx_word' id='word_1_499' title='bbox 2198 2178 2577 2243; x_wconf 80' lang='lat' dir='ltr'><strong>altitudinem,</strong></span> <span class='ocrx_word' id='word_1_500' title='bbox 2615 2178 3032 2247; x_wconf 87' lang='lat' dir='ltr'><strong>animarumque</strong></span> <span class='ocrx_word' id='word_1_501' title='bbox 3098 2178 3332 2246; x_wconf 80' lang='lat' dir='ltr'><strong>quietem</strong></span> <span class='ocrx_word' id='word_1_502' title='bbox 3385 2194 3482 2232; x_wconf 87' lang='lat' dir='ltr'><strong>vo-</strong></span> 
     </span>
    </p>
   </div>
   <div class='ocr_carea' id='block_1_67' title="bbox 1897 2268 3483 2340">
    <p class='ocr_par' dir='ltr' id='par_1_67' title="bbox 1897 2268 3483 2340">
     <span class='ocr_line' id='line_1_67' title="bbox 1897 2268 3483 2340; baseline 0.001 -16"><span class='ocrx_word' id='word_1_503' title='bbox 1897 2281 2057 2324; x_wconf 87' lang='lat' dir='ltr'><strong>catur</strong></span> <span class='ocrx_word' id='word_1_504' title='bbox 2106 2286 2120 2323; x_wconf 90' lang='lat'>:</span> <span class='ocrx_word' id='word_1_505' title='bbox 2172 2268 2274 2322; x_wconf 79' lang='lat' dir='ltr'><strong>Per</strong></span> <span class='ocrx_word' id='word_1_506' title='bbox 2327 2270 2502 2323; x_wconf 73' lang='lat' dir='ltr'><strong>vinum</strong></span> <span class='ocrx_word' id='word_1_507' title='bbox 2558 2277 2739 2324; x_wconf 90' lang='lat' dir='ltr'><strong>autem</strong></span> <span class='ocrx_word' id='word_1_508' title='bbox 2789 2278 2844 2323; x_wconf 92' lang='lat' dir='ltr'><strong>et</strong></span> <span class='ocrx_word' id='word_1_509' title='bbox 2900 2280 3262 2339; x_wconf 77' lang='lat' dir='ltr'><strong>unguentum,</strong></span> <span class='ocrx_word' id='word_1_510' title='bbox 3295 2272 3483 2340; x_wconf 82' lang='lat' dir='ltr'><strong>mysti-</strong></span> 
     </span>
    </p>
   </div>
   <div class='ocr_carea' id='block_1_68' title="bbox 1898 2360 3476 2431">
    <p class='ocr_par' dir='ltr' id='par_1_68' title="bbox 1898 2360 3476 2431">
     <span class='ocr_line' id='line_1_68' title="bbox 1898 2360 3476 2431; baseline 0.001 -17"><span class='ocrx_word' id='word_1_511' title='bbox 1898 2377 2017 2414; x_wconf 76' lang='lat' dir='ltr'><strong>cam</strong></span> <span class='ocrx_word' id='word_1_512' title='bbox 2052 2363 2385 2424; x_wconf 80' lang='lat' dir='ltr'><strong>unctionem,</strong></span> <span class='ocrx_word' id='word_1_513' title='bbox 2414 2371 2468 2415; x_wconf 88' lang='lat' dir='ltr'><strong>et</strong></span> <span class='ocrx_word' id='word_1_514' title='bbox 2496 2360 2787 2415; x_wconf 86' lang='lat' dir='ltr'><strong>salutarem</strong></span> <span class='ocrx_word' id='word_1_515' title='bbox 2834 2362 3173 2431; x_wconf 87' lang='lat' dir='ltr'><strong>sanguinem.</strong></span> <span class='ocrx_word' id='word_1_516' title='bbox 3204 2361 3294 2416; x_wconf 89' lang='lat' dir='ltr'><strong>Sic</strong></span> <span class='ocrx_word' id='word_1_517' title='bbox 3331 2365 3476 2416; x_wconf 90' lang='lat' dir='ltr'><strong>enim</strong></span> 
     </span>
    </p>
   </div>
   <div class='ocr_carea' id='block_1_69' title="bbox 1901 2450 3480 2523">
    <p class='ocr_par' dir='ltr' id='par_1_69' title="bbox 1901 2450 3480 2523">
     <span class='ocr_line' id='line_1_69' title="bbox 1901 2450 3480 2523; baseline 0.001 -18"><span class='ocrx_word' id='word_1_518' title='bbox 1901 2452 2042 2522; x_wconf 84' lang='lat' dir='ltr'><strong>apud</strong></span> <span class='ocrx_word' id='word_1_519' title='bbox 2076 2450 2341 2507; x_wconf 79' lang='lat' dir='ltr'><strong>Joannem</strong></span> <span class='ocrx_word' id='word_1_520' title='bbox 2370 2454 2533 2508; x_wconf 89' lang='lat' dir='ltr'><strong>etiam</strong></span> <span class='ocrx_word' id='word_1_521' title='bbox 2568 2453 2800 2523; x_wconf 83' lang='lat' dir='ltr'><strong>legimus</strong></span> <span class='ocrx_word' id='word_1_522' title='bbox 2836 2470 2851 2507; x_wconf 89' lang='lat'><strong>:</strong></span> <span class='ocrx_word' id='word_1_523' title='bbox 2890 2472 2909 2505; x_wconf 85' lang='grc' dir='ltr'><strong>ι</strong></span> <span class='ocrx_word' id='word_1_524' title='bbox 2947 2452 3011 2507; x_wconf 86' lang='grc' dir='ltr'>Ει</span> <span class='ocrx_word' id='word_1_525' title='bbox 3039 2469 3136 2508; x_wconf 83' lang='lat' dir='ltr'><strong>vos</strong></span> <span class='ocrx_word' id='word_1_526' title='bbox 3165 2456 3480 2509; x_wconf 88' lang='lat' dir='ltr'><strong>unctionem</strong></span> 
     </span>
    </p>
   </div>
   <div class='ocr_carea' id='block_1_70' title="bbox 1904 2541 3483 2616">
    <p class='ocr_par' dir='ltr' id='par_1_70' title="bbox 1904 2541 3483 2616">
     <span class='ocr_line' id='line_1_70' title="bbox 1904 2541 3483 2616; baseline 0.001 -21"><span class='ocrx_word' id='word_1_527' title='bbox 1904 2543 2121 2599; x_wconf 88' lang='lat' dir='ltr'><strong>habetis</strong></span> <span class='ocrx_word' id='word_1_528' title='bbox 2180 2558 2210 2595; x_wconf 88' lang='lat' dir='ltr'><strong>a</strong></span> <span class='ocrx_word' id='word_1_529' title='bbox 2255 2552 2451 2598; x_wconf 84' lang='lat' dir='ltr'><strong>sancto</strong></span> <span class='ocrx_word' id='word_1_530' title='bbox 2486 2544 2553 2597; x_wconf 77' lang='lat'><strong>“.</strong></span> <span class='ocrx_word' id='word_1_531' title='bbox 2610 2561 2633 2595; x_wconf 71' lang='grc' dir='ltr'><strong>ι</strong></span> <span class='ocrx_word' id='word_1_532' title='bbox 2682 2541 2790 2598; x_wconf 86' lang='lat' dir='ltr'><strong>Ista</strong></span> <span class='ocrx_word' id='word_1_533' title='bbox 2839 2544 2984 2599; x_wconf 87' lang='lat' dir='ltr'><strong>enim</strong></span> <span class='ocrx_word' id='word_1_534' title='bbox 3036 2546 3126 2615; x_wconf 87' lang='lat' dir='ltr'><strong>qui</strong></span> <span class='ocrx_word' id='word_1_535' title='bbox 3170 2545 3483 2616; x_wconf 85' lang='lat' dir='ltr'><strong>tinguntur,</strong></span> 
     </span>
    </p>
   </div>
   <div class='ocr_carea' id='block_1_71' title="bbox 1905 2634 3485 2704">
    <p class='ocr_par' dir='ltr' id='par_1_71' title="bbox 1905 2634 3485 2704">
     <span class='ocr_line' id='line_1_71' title="bbox 1905 2634 3485 2704; baseline 0.001 -16"><span class='ocrx_word' id='word_1_536' title='bbox 1905 2634 2211 2697; x_wconf 88' lang='lat' dir='ltr'><strong>liniuntur;</strong></span> <span class='ocrx_word' id='word_1_537' title='bbox 2268 2642 2529 2702; x_wconf 88' lang='lat' dir='ltr'><strong>tanquam</strong></span> <span class='ocrx_word' id='word_1_538' title='bbox 2577 2634 2888 2704; x_wconf 84' lang='lat' dir='ltr'><strong>symbolum</strong></span> <span class='ocrx_word' id='word_1_539' title='bbox 2937 2635 3107 2689; x_wconf 89' lang='lat' dir='ltr'><strong>divini</strong></span> <span class='ocrx_word' id='word_1_540' title='bbox 3158 2637 3386 2704; x_wconf 84' lang='lat' dir='ltr'><strong>spiritus</strong></span> <span class='ocrx_word' id='word_1_541' title='bbox 3427 2636 3485 2690; x_wconf 92' lang='lat' dir='ltr'><strong>in</strong></span> 
     </span>
    </p>
   </div>
   <div class='ocr_carea' id='block_1_72' title="bbox 1904 2721 3484 2795">
    <p class='ocr_par' dir='ltr' id='par_1_72' title="bbox 1904 2721 3484 2795">
     <span class='ocr_line' id='line_1_72' title="bbox 1904 2721 3484 2795; baseline 0.001 -18"><span class='ocrx_word' id='word_1_542' title='bbox 1904 2738 1962 2777; x_wconf 88' lang='lat' dir='ltr'><strong>se</strong></span> <span class='ocrx_word' id='word_1_543' title='bbox 1994 2722 2151 2777; x_wconf 78' lang='lat' dir='ltr'><strong>ell‘usi</strong></span> <span class='ocrx_word' id='word_1_544' title='bbox 2181 2724 2494 2776; x_wconf 88' lang='lat' dir='ltr'><strong>unctionem</strong></span> <span class='ocrx_word' id='word_1_545' title='bbox 2524 2722 2753 2778; x_wconf 81' lang='lat' dir='ltr'><strong>faciant.</strong></span> <span class='ocrx_word' id='word_1_546' title='bbox 2795 2721 3008 2788; x_wconf 83' lang='lat' dir='ltr'><strong>Quibus</strong></span> <span class='ocrx_word' id='word_1_547' title='bbox 3043 2724 3325 2795; x_wconf 85' lang='lat' dir='ltr'><strong>indignum</strong></span> <span class='ocrx_word' id='word_1_548' title='bbox 3359 2740 3484 2779; x_wconf 92' lang='lat' dir='ltr'><strong>cum</strong></span> 
     </span>
    </p>
   </div>
   <div class='ocr_carea' id='block_1_73' title="bbox 1906 2813 3487 2884">
    <p class='ocr_par' dir='ltr' id='par_1_73' title="bbox 1906 2813 3487 2884">
     <span class='ocr_line' id='line_1_73' title="bbox 1906 2813 3487 2884; baseline -0.001 -15"><span class='ocrx_word' id='word_1_549' title='bbox 1906 2830 1965 2869; x_wconf 85' lang='lat' dir='ltr'><strong>se</strong></span> <span class='ocrx_word' id='word_1_550' title='bbox 1993 2830 2088 2884; x_wconf 77' lang='lat' dir='ltr'><strong>pra</strong></span> <span class='ocrx_word' id='word_1_551' title='bbox 2107 2815 2309 2868; x_wconf 67' lang='lat' dir='ltr'><strong>stiterit</strong></span> <span class='ocrx_word' id='word_1_552' title='bbox 2336 2813 2529 2877; x_wconf 86' lang='lat' dir='ltr'><strong>Israel,</strong></span> <span class='ocrx_word' id='word_1_553' title='bbox 2575 2827 2686 2867; x_wconf 90' lang='lat' dir='ltr'><strong>non</strong></span> <span class='ocrx_word' id='word_1_554' title='bbox 2740 2814 2900 2867; x_wconf 90' lang='lat' dir='ltr'><strong>aliter</strong></span> <span class='ocrx_word' id='word_1_555' title='bbox 2952 2830 3115 2883; x_wconf 86' lang='lat' dir='ltr'><strong>quam</strong></span> <span class='ocrx_word' id='word_1_556' title='bbox 3152 2816 3245 2883; x_wconf 92' lang='lat' dir='ltr'><strong>qui</strong></span> <span class='ocrx_word' id='word_1_557' title='bbox 3295 2814 3487 2869; x_wconf 88' lang='lat' dir='ltr'><strong>arcani</strong></span> 
     </span>
    </p>
   </div>
   <div class='ocr_carea' id='block_1_74' title="bbox 1905 2904 3485 2975">
    <p class='ocr_par' dir='ltr' id='par_1_74' title="bbox 1905 2904 3485 2975">
     <span class='ocr_line' id='line_1_74' title="bbox 1905 2904 3485 2975; baseline -0.001 -16"><span class='ocrx_word' id='word_1_558' title='bbox 1905 2905 2110 2975; x_wconf 88' lang='lat' dir='ltr'><strong>aliquid</strong></span> <span class='ocrx_word' id='word_1_559' title='bbox 2148 2906 2377 2960; x_wconf 84' lang='lat' dir='ltr'><strong>alterius</strong></span> <span class='ocrx_word' id='word_1_560' title='bbox 2409 2904 2534 2960; x_wconf 85' lang='lat' dir='ltr'><strong>ﬁdei</strong></span> <span class='ocrx_word' id='word_1_561' title='bbox 2567 2906 2881 2970; x_wconf 88' lang='lat' dir='ltr'><strong>committit,</strong></span> <span class='ocrx_word' id='word_1_562' title='bbox 2914 2906 3121 2960; x_wconf 83' lang='lat' dir='ltr'><strong>tradere</strong></span> <span class='ocrx_word' id='word_1_563' title='bbox 3154 2907 3260 2959; x_wconf 77' lang='lat' dir='ltr'><strong>ista</strong></span> <span class='ocrx_word' id='word_1_564' title='bbox 3316 2907 3485 2975; x_wconf 82' lang='lat' dir='ltr'><strong>genti-</strong></span> 
     </span>
    </p>
   </div>
   <div class='ocr_carea' id='block_1_75' title="bbox 1906 2997 3492 3067">
    <p class='ocr_par' dir='ltr' id='par_1_75' title="bbox 1906 2997 3492 3067">
     <span class='ocr_line' id='line_1_75' title="bbox 1906 2997 3492 3067; baseline -0.001 -14"><span class='ocrx_word' id='word_1_565' title='bbox 1906 2999 2000 3053; x_wconf 80' lang='lat' dir='ltr'><strong>bus</strong></span> <span class='ocrx_word' id='word_1_566' title='bbox 2030 2998 2297 3067; x_wconf 71' lang='lat' dir='ltr'><strong>praecipit.</strong></span> <span class='ocrx_word' id='word_1_567' title='bbox 2324 2998 2502 3066; x_wconf 85' lang='lat' dir='ltr'><strong>Atque</strong></span> <span class='ocrx_word' id='word_1_568' title='bbox 2527 2997 2647 3051; x_wconf 71' lang='lat' dir='ltr'><strong>hare</strong></span> <span class='ocrx_word' id='word_1_569' title='bbox 2679 2997 2898 3066; x_wconf 84' lang='lat' dir='ltr'><strong>quidem</strong></span> <span class='ocrx_word' id='word_1_570' title='bbox 2930 3006 3082 3061; x_wconf 89' lang='lat' dir='ltr'><strong>sunt,</strong></span> <span class='ocrx_word' id='word_1_571' title='bbox 3107 3012 3228 3067; x_wconf 66' lang='lat' dir='ltr'><strong>quae</strong></span> <span class='ocrx_word' id='word_1_572' title='bbox 3257 2998 3492 3051; x_wconf 85' lang='lat' dir='ltr'><strong>admira-</strong></span> 
     </span>
    </p>
   </div>
   <div class='ocr_carea' id='block_1_76' title="bbox 1832 3087 3489 3189">
    <p class='ocr_par' dir='ltr' id='par_1_76' title="bbox 1832 3087 3489 3189">
     <span class='ocr_line' id='line_1_76' title="bbox 1832 3087 3489 3189; baseline 0 -47"><span class='ocrx_word' id='word_1_573' title='bbox 1832 3126 1879 3189; x_wconf 65' lang='grc' dir='ltr'>ο</span> <span class='ocrx_word' id='word_1_574' title='bbox 1911 3089 2063 3147; x_wconf 84' lang='lat' dir='ltr'><strong>bitia,</strong></span> <span class='ocrx_word' id='word_1_575' title='bbox 2102 3102 2223 3156; x_wconf 70' lang='lat' dir='ltr'><strong>qua:</strong></span> <span class='ocrx_word' id='word_1_576' title='bbox 2251 3087 2535 3141; x_wconf 75' lang='lat' dir='ltr'><strong>consilium</strong></span> <span class='ocrx_word' id='word_1_577' title='bbox 2564 3088 2863 3155; x_wconf 76' lang='lat' dir='ltr'><strong>antiquum,</strong></span> <span class='ocrx_word' id='word_1_578' title='bbox 2892 3089 3154 3157; x_wconf 77' lang='lat' dir='ltr'><strong>propheta</strong></span> <span class='ocrx_word' id='word_1_579' title='bbox 3178 3088 3489 3157; x_wconf 88' lang='lat' dir='ltr'><strong>appellavit.</strong></span> 
     </span>
    </p>
   </div>
   <div class='ocr_carea' id='block_1_77' title="bbox 1979 3178 3495 3252">
    <p class='ocr_par' dir='ltr' id='par_1_77' title="bbox 1979 3178 3495 3252">
     <span class='ocr_line' id='line_1_77' title="bbox 1979 3178 3495 3252; baseline 0.003 -20"><span class='ocrx_word' id='word_1_580' title='bbox 1979 3180 2143 3252; x_wconf 76' lang='lat'><strong>319</strong></span> <span class='ocrx_word' id='word_1_581' title='bbox 2175 3178 2360 3248; x_wconf 83' lang='lat' dir='ltr'><strong>Neque</strong></span> <span class='ocrx_word' id='word_1_582' title='bbox 2395 3180 2564 3241; x_wconf 88' lang='lat' dir='ltr'><strong>enim,</strong></span> <span class='ocrx_word' id='word_1_583' title='bbox 2590 3187 2648 3234; x_wconf 89' lang='lat' dir='ltr'><strong>ut</strong></span> <span class='ocrx_word' id='word_1_584' title='bbox 2684 3187 2841 3235; x_wconf 85' lang='lat' dir='ltr'><strong>vetus</strong></span> <span class='ocrx_word' id='word_1_585' title='bbox 2877 3180 2967 3232; x_wconf 89' lang='lat' dir='ltr'><strong>illa</strong></span> <span class='ocrx_word' id='word_1_586' title='bbox 3004 3181 3323 3251; x_wconf 83' lang='lat' dir='ltr'><strong>angelorum</strong></span> <span class='ocrx_word' id='word_1_587' title='bbox 3361 3196 3495 3236; x_wconf 85' lang='lat' dir='ltr'><strong>voce</strong></span> 
     </span>
    </p>
   </div>
   <div class='ocr_carea' id='block_1_78' title="bbox 1910 3270 3495 3342">
    <p class='ocr_par' dir='ltr' id='par_1_78' title="bbox 1910 3270 3495 3342">
     <span class='ocr_line' id='line_1_78' title="bbox 1910 3270 3495 3342; baseline -0.001 -17"><span class='ocrx_word' id='word_1_588' title='bbox 1910 3272 2251 3342; x_wconf 80' lang='lat' dir='ltr'><strong>promulgata</strong></span> <span class='ocrx_word' id='word_1_589' title='bbox 2310 3270 2418 3334; x_wconf 79' lang='lat' dir='ltr'><strong>lex,</strong></span> <span class='ocrx_word' id='word_1_590' title='bbox 2471 3270 2572 3324; x_wconf 89' lang='lat' dir='ltr'><strong>soli</strong></span> <span class='ocrx_word' id='word_1_591' title='bbox 2626 3271 2934 3326; x_wconf 86' lang='lat' dir='ltr'><strong>Israelitico</strong></span> <span class='ocrx_word' id='word_1_592' title='bbox 2965 3273 3167 3342; x_wconf 79' lang='lat' dir='ltr'><strong>papulo</strong></span> <span class='ocrx_word' id='word_1_593' title='bbox 3198 3273 3325 3328; x_wconf 87' lang='lat' dir='ltr'><strong>data</strong></span> <span class='ocrx_word' id='word_1_594' title='bbox 3373 3282 3495 3341; x_wconf 87' lang='lat' dir='ltr'><strong>est;</strong></span> 
     </span>
    </p>
   </div>
   <div class='ocr_carea' id='block_1_79' title="bbox 1909 3359 3495 3431">
    <p class='ocr_par' dir='ltr' id='par_1_79' title="bbox 1909 3359 3495 3431">
     <span class='ocr_line' id='line_1_79' title="bbox 1909 3359 3495 3431; baseline 0.001 -15"><span class='ocrx_word' id='word_1_595' title='bbox 1909 3362 2004 3416; x_wconf 85' lang='lat' dir='ltr'><strong>sed</strong></span> <span class='ocrx_word' id='word_1_596' title='bbox 2031 3370 2114 3417; x_wconf 90' lang='lat' dir='ltr'><strong>est</strong></span> <span class='ocrx_word' id='word_1_597' title='bbox 2141 3360 2400 3416; x_wconf 87' lang='lat' dir='ltr'><strong>Christus</strong></span> <span class='ocrx_word' id='word_1_598' title='bbox 2431 3359 2548 3428; x_wconf 88' lang='lat' dir='ltr'><strong>ipse</strong></span> <span class='ocrx_word' id='word_1_599' title='bbox 2573 3360 2819 3429; x_wconf 89' lang='lat' dir='ltr'><strong>gentium</strong></span> <span class='ocrx_word' id='word_1_600' title='bbox 2846 3360 3189 3431; x_wconf 78' lang='lat' dir='ltr'><strong>exspectatio</strong></span> <span class='ocrx_word' id='word_1_601' title='bbox 3213 3379 3229 3429; x_wconf 87' lang='lat'><strong>;</strong></span> <span class='ocrx_word' id='word_1_602' title='bbox 3254 3361 3309 3416; x_wconf 92' lang='lat' dir='ltr'><strong>in</strong></span> <span class='ocrx_word' id='word_1_603' title='bbox 3334 3377 3495 3431; x_wconf 89' lang='lat' dir='ltr'><strong>quem</strong></span> 
     </span>
    </p>
   </div>
   <div class='ocr_carea' id='block_1_80' title="bbox 1909 3452 3494 3524">
    <p class='ocr_par' dir='ltr' id='par_1_80' title="bbox 1909 3452 3494 3524">
     <span class='ocr_line' id='line_1_80' title="bbox 1909 3452 3494 3524; baseline 0.001 -16"><span class='ocrx_word' id='word_1_604' title='bbox 1909 3452 2193 3524; x_wconf 87' lang='lat' dir='ltr'><strong>Scriptura</strong></span> <span class='ocrx_word' id='word_1_605' title='bbox 2224 3459 2365 3507; x_wconf 88' lang='lat' dir='ltr'><strong>teste</strong></span> <span class='ocrx_word' id='word_1_606' title='bbox 2397 3452 2465 3513; x_wconf 83' lang='lat'><strong>“,</strong></span> <span class='ocrx_word' id='word_1_607' title='bbox 2504 3461 2635 3506; x_wconf 90' lang='lat' dir='ltr'><strong>sunt</strong></span> <span class='ocrx_word' id='word_1_608' title='bbox 2673 3465 2866 3507; x_wconf 87' lang='lat' dir='ltr'><strong>omnes</strong></span> <span class='ocrx_word' id='word_1_609' title='bbox 2910 3460 3102 3521; x_wconf 83' lang='lat' dir='ltr'><strong>gentes</strong></span> <span class='ocrx_word' id='word_1_610' title='bbox 3167 3464 3494 3524; x_wconf 73' lang='lat' dir='ltr'><strong>speratum.</strong></span> 
     </span>
    </p>
   </div>
   <div class='ocr_carea' id='block_1_81' title="bbox 1909 3543 3497 3615">
    <p class='ocr_par' dir='ltr' id='par_1_81' title="bbox 1909 3543 3497 3615">
     <span class='ocr_line' id='line_1_81' title="bbox 1909 3543 3497 3615; baseline -0.001 -13"><span class='ocrx_word' id='word_1_611' title='bbox 1909 3545 2055 3602; x_wconf 82' lang='lat' dir='ltr'><strong>Idem</strong></span> <span class='ocrx_word' id='word_1_612' title='bbox 2095 3553 2304 3612; x_wconf 91' lang='lat' dir='ltr'><strong>autem,</strong></span> <span class='ocrx_word' id='word_1_613' title='bbox 2346 3543 2524 3608; x_wconf 88' lang='lat' dir='ltr'><strong>aiunt,</strong></span> <span class='ocrx_word' id='word_1_614' title='bbox 2559 3544 2838 3614; x_wconf 86' lang='lat' dir='ltr'><strong>ingenium</strong></span> <span class='ocrx_word' id='word_1_615' title='bbox 2888 3545 3255 3615; x_wconf 82' lang='lat' dir='ltr'><strong>eumdemque</strong></span> <span class='ocrx_word' id='word_1_616' title='bbox 3288 3560 3497 3601; x_wconf 91' lang='lat' dir='ltr'><strong>morem</strong></span> 
     </span>
    </p>
   </div>
   <div class='ocr_carea' id='block_1_82' title="bbox 1912 3633 3499 3708">
    <p class='ocr_par' dir='ltr' id='par_1_82' title="bbox 1912 3633 3499 3708">
     <span class='ocr_line' id='line_1_82' title="bbox 1912 3633 3499 3708; baseline 0 -17"><span class='ocrx_word' id='word_1_617' title='bbox 1912 3637 2177 3708; x_wconf 88' lang='lat' dir='ltr'><strong>propheta</strong></span> <span class='ocrx_word' id='word_1_618' title='bbox 2209 3635 2453 3691; x_wconf 87' lang='lat' dir='ltr'><strong>retinuit.</strong></span> <span class='ocrx_word' id='word_1_619' title='bbox 2490 3635 2560 3691; x_wconf 91' lang='lat' dir='ltr'><strong>Ut</strong></span> <span class='ocrx_word' id='word_1_620' title='bbox 2587 3635 2735 3690; x_wconf 90' lang='lat' dir='ltr'><strong>enim</strong></span> <span class='ocrx_word' id='word_1_621' title='bbox 2775 3650 2899 3690; x_wconf 86' lang='lat' dir='ltr'><strong>cum</strong></span> <span class='ocrx_word' id='word_1_622' title='bbox 2928 3633 3205 3692; x_wconf 88' lang='lat' dir='ltr'><strong>lsraelitas</strong></span> <span class='ocrx_word' id='word_1_623' title='bbox 3235 3638 3499 3691; x_wconf 86' lang='lat' dir='ltr'><strong>consola-</strong></span> 
     </span>
    </p>
   </div>
   <div class='ocr_carea' id='block_1_83' title="bbox 1913 3725 3504 3798">
    <p class='ocr_par' dir='ltr' id='par_1_83' title="bbox 1913 3725 3504 3798">
     <span class='ocr_line' id='line_1_83' title="bbox 1913 3725 3504 3798; baseline -0.003 -14"><span class='ocrx_word' id='word_1_624' title='bbox 1913 3735 2086 3791; x_wconf 90' lang='lat' dir='ltr'><strong>retur,</strong></span> <span class='ocrx_word' id='word_1_625' title='bbox 2116 3727 2350 3782; x_wconf 89' lang='lat' dir='ltr'><strong>aliarum</strong></span> <span class='ocrx_word' id='word_1_626' title='bbox 2378 3725 2545 3780; x_wconf 89' lang='lat' dir='ltr'><strong>etiam</strong></span> <span class='ocrx_word' id='word_1_627' title='bbox 2585 3725 2830 3796; x_wconf 83' lang='lat' dir='ltr'><strong>gentium</strong></span> <span class='ocrx_word' id='word_1_628' title='bbox 2855 3725 3141 3782; x_wconf 88' lang='lat' dir='ltr'><strong>interitum</strong></span> <span class='ocrx_word' id='word_1_629' title='bbox 3174 3726 3397 3798; x_wconf 89' lang='lat' dir='ltr'><strong>attigit;</strong></span> <span class='ocrx_word' id='word_1_630' title='bbox 3442 3736 3504 3781; x_wconf 93' lang='lat' dir='ltr'><strong>ut</strong></span> 
     </span>
    </p>
   </div>
   <div class='ocr_carea' id='block_1_84' title="bbox 1913 3814 3503 3887">
    <p class='ocr_par' dir='ltr' id='par_1_84' title="bbox 1913 3814 3503 3887">
     <span class='ocr_line' id='line_1_84' title="bbox 1913 3814 3503 3887; baseline -0.003 -13"><span class='ocrx_word' id='word_1_631' title='bbox 1913 3818 2009 3874; x_wconf 85' lang='lat' dir='ltr'><strong>Dei</strong></span> <span class='ocrx_word' id='word_1_632' title='bbox 2066 3818 2123 3873; x_wconf 91' lang='lat' dir='ltr'><strong>in</strong></span> <span class='ocrx_word' id='word_1_633' title='bbox 2178 3817 2441 3873; x_wconf 86' lang='lat' dir='ltr'><strong>omnibus</strong></span> <span class='ocrx_word' id='word_1_634' title='bbox 2492 3815 2890 3887; x_wconf 88' lang='lat' dir='ltr'><strong>providentiam</strong></span> <span class='ocrx_word' id='word_1_635' title='bbox 2923 3815 3264 3871; x_wconf 88' lang='lat' dir='ltr'><strong>ostenderet.</strong></span> <span class='ocrx_word' id='word_1_636' title='bbox 3301 3814 3503 3872; x_wconf 87' lang='lat' dir='ltr'><strong>Gentes</strong></span> 
     </span>
    </p>
   </div>
   <div class='ocr_carea' id='block_1_85' title="bbox 1912 3905 3505 3978">
    <p class='ocr_par' dir='ltr' id='par_1_85' title="bbox 1912 3905 3505 3978">
     <span class='ocr_line' id='line_1_85' title="bbox 1912 3905 3505 3978; baseline -0.003 -15"><span class='ocrx_word' id='word_1_637' title='bbox 1912 3909 2061 3966; x_wconf 88' lang='lat' dir='ltr'><strong>enim</strong></span> <span class='ocrx_word' id='word_1_638' title='bbox 2094 3907 2376 3971; x_wconf 75' lang='lat' dir='ltr'><strong>lsraelitze,</strong></span> <span class='ocrx_word' id='word_1_639' title='bbox 2411 3906 2465 3961; x_wconf 90' lang='lat' dir='ltr'><strong>in</strong></span> <span class='ocrx_word' id='word_1_640' title='bbox 2492 3920 2633 3978; x_wconf 88' lang='lat' dir='ltr'><strong>quas</strong></span> <span class='ocrx_word' id='word_1_641' title='bbox 2664 3906 2833 3961; x_wconf 90' lang='lat' dir='ltr'><strong>Deum</strong></span> <span class='ocrx_word' id='word_1_642' title='bbox 2861 3905 3040 3976; x_wconf 88' lang='lat' dir='ltr'><strong>plagis</strong></span> <span class='ocrx_word' id='word_1_643' title='bbox 3069 3914 3123 3961; x_wconf 88' lang='lat' dir='ltr'><strong>et</strong></span> <span class='ocrx_word' id='word_1_644' title='bbox 3151 3905 3505 3965; x_wconf 80' lang='lat' dir='ltr'><strong>animadvor-</strong></span> 
     </span>
    </p>
   </div>
   <div class='ocr_carea' id='block_1_86' title="bbox 1915 3996 3503 4067">
    <p class='ocr_par' dir='ltr' id='par_1_86' title="bbox 1915 3996 3503 4067">
     <span class='ocr_line' id='line_1_86' title="bbox 1915 3996 3503 4067; baseline -0.003 -11"><span class='ocrx_word' id='word_1_645' title='bbox 1915 4000 2169 4058; x_wconf 87' lang='lat' dir='ltr'><strong>sionibus</strong></span> <span class='ocrx_word' id='word_1_646' title='bbox 2210 3998 2475 4053; x_wconf 89' lang='lat' dir='ltr'><strong>continue</strong></span> <span class='ocrx_word' id='word_1_647' title='bbox 2523 3996 2846 4052; x_wconf 88' lang='lat' dir='ltr'><strong>incumbere</strong></span> <span class='ocrx_word' id='word_1_648' title='bbox 2895 3997 3216 4058; x_wconf 88' lang='lat' dir='ltr'><strong>cernebant,</strong></span> <span class='ocrx_word' id='word_1_649' title='bbox 3256 3996 3503 4067; x_wconf 84' lang='lat' dir='ltr'><strong>neglige-</strong></span> 
     </span>
    </p>
   </div>
   <div class='ocr_carea' id='block_1_87' title="bbox 1917 4089 3505 4161">
    <p class='ocr_par' dir='ltr' id='par_1_87' title="bbox 1917 4089 3505 4161">
     <span class='ocr_line' id='line_1_87' title="bbox 1917 4089 3505 4161; baseline -0.006 -11"><span class='ocrx_word' id='word_1_650' title='bbox 1917 4096 2081 4161; x_wconf 85' lang='lat' dir='ltr'><strong>bant;</strong></span> <span class='ocrx_word' id='word_1_651' title='bbox 2108 4108 2206 4149; x_wconf 83' lang='lat' dir='ltr'><strong>nec</strong></span> <span class='ocrx_word' id='word_1_652' title='bbox 2237 4091 2437 4146; x_wconf 62' lang='lat' dir='ltr'><strong>divinae</strong></span> <span class='ocrx_word' id='word_1_653' title='bbox 2471 4091 2575 4146; x_wconf 92' lang='lat' dir='ltr'><strong>ista</strong></span> <span class='ocrx_word' id='word_1_654' title='bbox 2610 4089 2976 4145; x_wconf 89' lang='lat' dir='ltr'><strong>humanitatis</strong></span> <span class='ocrx_word' id='word_1_655' title='bbox 2998 4104 3122 4144; x_wconf 85' lang='lat' dir='ltr'><strong>esse</strong></span> <span class='ocrx_word' id='word_1_656' title='bbox 3152 4099 3505 4159; x_wconf 79' lang='lat' dir='ltr'><strong>argumenta,</strong></span> 
     </span>
    </p>
   </div>
   <div class='ocr_carea' id='block_1_88' title="bbox 1916 4179 3505 4250">
    <p class='ocr_par' dir='ltr' id='par_1_88' title="bbox 1916 4179 3505 4250">
     <span class='ocr_line' id='line_1_88' title="bbox 1916 4179 3505 4250; baseline -0.004 -9"><span class='ocrx_word' id='word_1_657' title='bbox 1916 4185 2014 4241; x_wconf 87' lang='lat' dir='ltr'><strong>sed</strong></span> <span class='ocrx_word' id='word_1_658' title='bbox 2047 4200 2163 4241; x_wconf 70' lang='lat' dir='ltr'><strong>sute</strong></span> <span class='ocrx_word' id='word_1_659' title='bbox 2203 4182 2279 4238; x_wconf 91' lang='lat' dir='ltr'><strong>ita</strong></span> <span class='ocrx_word' id='word_1_660' title='bbox 2322 4181 2566 4236; x_wconf 85' lang='lat' dir='ltr'><strong>libertati</strong></span> <span class='ocrx_word' id='word_1_661' title='bbox 2602 4180 2863 4250; x_wconf 92' lang='lat' dir='ltr'><strong>relinqui,</strong></span> <span class='ocrx_word' id='word_1_662' title='bbox 2900 4180 3045 4250; x_wconf 88' lang='lat' dir='ltr'><strong>quod</strong></span> <span class='ocrx_word' id='word_1_663' title='bbox 3104 4179 3193 4234; x_wconf 90' lang='lat' dir='ltr'><strong>Dei</strong></span> <span class='ocrx_word' id='word_1_664' title='bbox 3225 4194 3359 4233; x_wconf 82' lang='lat' dir='ltr'><strong>cura</strong></span> <span class='ocrx_word' id='word_1_665' title='bbox 3395 4194 3505 4234; x_wconf 89' lang='lat' dir='ltr'><strong>non</strong></span> 
     </span>
    </p>
   </div>
   <div class='ocr_carea' id='block_1_89' title="bbox 1918 4271 3502 4348">
    <p class='ocr_par' dir='ltr' id='par_1_89' title="bbox 1918 4271 3502 4348">
     <span class='ocr_line' id='line_1_89' title="bbox 1918 4271 3502 4348; baseline -0.008 -13"><span class='ocrx_word' id='word_1_666' title='bbox 1918 4282 2261 4348; x_wconf 76' lang='lat' dir='ltr'><strong>regerentur,</strong></span> <span class='ocrx_word' id='word_1_667' title='bbox 2298 4287 2403 4329; x_wconf 88' lang='lat' dir='ltr'><strong>nec</strong></span> <span class='ocrx_word' id='word_1_668' title='bbox 2451 4288 2549 4327; x_wconf 88' lang='lat' dir='ltr'><strong>eos</strong></span> <span class='ocrx_word' id='word_1_669' title='bbox 2598 4273 2895 4342; x_wconf 82' lang='lat' dir='ltr'><strong>attingeret</strong></span> <span class='ocrx_word' id='word_1_670' title='bbox 2928 4271 3196 4326; x_wconf 73' lang='lat' dir='ltr'><strong>scelerum</strong></span> <span class='ocrx_word' id='word_1_671' title='bbox 3235 4271 3502 4334; x_wconf 87' lang='lat' dir='ltr'><strong>vindicta,</strong></span> 
     </span>
    </p>
   </div>
   <div class='ocr_carea' id='block_1_90' title="bbox 1919 4360 3505 4432">
    <p class='ocr_par' dir='ltr' id='par_1_90' title="bbox 1919 4360 3505 4432">
     <span class='ocr_line' id='line_1_90' title="bbox 1919 4360 3505 4432; baseline -0.004 -9"><span class='ocrx_word' id='word_1_672' title='bbox 1919 4368 2355 4423; x_wconf 84' lang='lat' dir='ltr'><strong>arbitrabantur.</strong></span> <span class='ocrx_word' id='word_1_673' title='bbox 2389 4362 2483 4417; x_wconf 89' lang='lat' dir='ltr'><strong>Sic</strong></span> <span class='ocrx_word' id='word_1_674' title='bbox 2510 4362 2623 4432; x_wconf 89' lang='lat' dir='ltr'><strong>jam</strong></span> <span class='ocrx_word' id='word_1_675' title='bbox 2661 4377 2757 4432; x_wconf 89' lang='lat' dir='ltr'><strong>per</strong></span> <span class='ocrx_word' id='word_1_676' title='bbox 2799 4362 3047 4427; x_wconf 87' lang='lat' dir='ltr'><strong>meliora,</strong></span> <span class='ocrx_word' id='word_1_677' title='bbox 3082 4375 3271 4414; x_wconf 90' lang='lat' dir='ltr'><strong>curam</strong></span> <span class='ocrx_word' id='word_1_678' title='bbox 3327 4375 3387 4415; x_wconf 90' lang='lat' dir='ltr'><strong>se</strong></span> <span class='ocrx_word' id='word_1_679' title='bbox 3435 4360 3505 4416; x_wconf 89' lang='lat' dir='ltr'><strong>de</strong></span> 
     </span>
    </p>
   </div>
   <div class='ocr_carea' id='block_1_91' title="bbox 228 4444 1805 4524">
    <p class='ocr_par' dir='ltr' id='par_1_91' title="bbox 228 4444 1805 4517">
     <span class='ocr_line' id='line_1_91' title="bbox 228 4444 1805 4517; baseline -0.003 -16"><span class='ocrx_word' id='word_1_680' title='bbox 228 4446 431 4501; x_wconf 79' lang='grc' dir='ltr'>λωσεν.</span> <span class='ocrx_word' id='word_1_681' title='bbox 468 4446 544 4499; x_wconf 85' lang='grc' dir='ltr'>Ού</span> <span class='ocrx_word' id='word_1_682' title='bbox 573 4445 682 4517; x_wconf 90' lang='grc' dir='ltr'><strong>γάρ</strong></span> <span class='ocrx_word' id='word_1_683' title='bbox 706 4448 814 4508; x_wconf 79' lang='grc' dir='ltr'>τοῖς</span> <span class='ocrx_word' id='word_1_684' title='bbox 843 4445 1020 4499; x_wconf 72' lang='grc' dir='ltr'>ἔθνεσι</span> <span class='ocrx_word' id='word_1_685' title='bbox 1051 4444 1225 4499; x_wconf 86' lang='grc' dir='ltr'>ταῦτα</span> <span class='ocrx_word' id='word_1_686' title='bbox 1262 4444 1598 4516; x_wconf 82' lang='grc' dir='ltr'>περινοστῶν</span> <span class='ocrx_word' id='word_1_687' title='bbox 1628 4445 1656 4497; x_wconf 89' lang='lat'><strong>6</strong></span> <span class='ocrx_word' id='word_1_688' title='bbox 1684 4461 1805 4514; x_wconf 80' lang='grc' dir='ltr'>προ·</span> 
     </span>
    </p>
   </div>
   <div class='ocr_carea' id='block_1_92' title="bbox 1906 4444 3507 4524">
    <p class='ocr_par' dir='ltr' id='par_1_92' title="bbox 1921 4450 3507 4524">
     <span class='ocr_line' id='line_1_92' title="bbox 1921 4450 3507 4524; baseline -0.004 -12"><span class='ocrx_word' id='word_1_689' title='bbox 1921 4459 2179 4513; x_wconf 90' lang='lat' dir='ltr'><strong>omnibus</strong></span> <span class='ocrx_word' id='word_1_690' title='bbox 2210 4456 2415 4512; x_wconf 88' lang='lat' dir='ltr'><strong>habere</strong></span> <span class='ocrx_word' id='word_1_691' title='bbox 2437 4453 2731 4524; x_wconf 87' lang='lat' dir='ltr'><strong>signiticat.</strong></span> <span class='ocrx_word' id='word_1_692' title='bbox 2759 4451 2945 4522; x_wconf 85' lang='lat' dir='ltr'><strong>Neque</strong></span> <span class='ocrx_word' id='word_1_693' title='bbox 2975 4450 3119 4506; x_wconf 90' lang='lat' dir='ltr'><strong>enim</strong></span> <span class='ocrx_word' id='word_1_694' title='bbox 3151 4450 3219 4505; x_wconf 91' lang='lat' dir='ltr'><strong>de</strong></span> <span class='ocrx_word' id='word_1_695' title='bbox 3250 4451 3507 4520; x_wconf 85' lang='lat' dir='ltr'><strong>gentibus</strong></span> 
     </span>
    </p>
   </div>
   <div class='ocr_carea' id='block_1_93' title="bbox 231 4536 1819 4610">
    <p class='ocr_par' dir='ltr' id='par_1_93' title="bbox 231 4536 1819 4610">
     <span class='ocr_line' id='line_1_93' title="bbox 231 4536 1819 4610; baseline -0.009 -6"><span class='ocrx_word' id='word_1_696' title='bbox 231 4541 415 4610; x_wconf 77' lang='grc' dir='ltr'>φήτης</span> <span class='ocrx_word' id='word_1_697' title='bbox 443 4537 787 4609; x_wconf 72' lang='grc' dir='ltr'>ἀπήγγελλεν</span> <span class='ocrx_word' id='word_1_698' title='bbox 811 4554 826 4568; x_wconf 77' lang='grc'><strong><em>⁵</em></strong></span> <span class='ocrx_word' id='word_1_699' title='bbox 862 4536 999 4592; x_wconf 83' lang='grc' dir='ltr'><strong>ἀλλά</strong></span> <span class='ocrx_word' id='word_1_700' title='bbox 1019 4539 1146 4601; x_wconf 79' lang='grc' dir='ltr'>τοὺς</span> <span class='ocrx_word' id='word_1_701' title='bbox 1170 4537 1452 4601; x_wconf 85' lang='grc' dir='ltr'>Ἰουδαίους</span> <span class='ocrx_word' id='word_1_702' title='bbox 1479 4536 1730 4590; x_wconf 85' lang='grc' dir='ltr'>ἐπαίδευε</span> <span class='ocrx_word' id='word_1_703' title='bbox 1751 4536 1819 4589; x_wconf 82' lang='grc' dir='ltr'>τὰ</span> 
     </span>
    </p>
   </div>
   <div class='ocr_carea' id='block_1_94' title="bbox 233 4628 1821 4701">
    <p class='ocr_par' dir='ltr' id='par_1_94' title="bbox 233 4628 1821 4701">
     <span class='ocr_line' id='line_1_94' title="bbox 233 4628 1821 4701; baseline -0.003 -18"><span class='ocrx_word' id='word_1_704' title='bbox 233 4631 380 4699; x_wconf 83' lang='grc' dir='ltr'><strong>μετά</strong></span> <span class='ocrx_word' id='word_1_705' title='bbox 432 4631 722 4693; x_wconf 86' lang='grc' dir='ltr'>πλείστους</span> <span class='ocrx_word' id='word_1_706' title='bbox 769 4630 1108 4700; x_wconf 78' lang='grc' dir='ltr'>γενητόμενα</span> <span class='ocrx_word' id='word_1_707' title='bbox 1157 4628 1416 4701; x_wconf 87' lang='grc' dir='ltr'>χρόνους,</span> <span class='ocrx_word' id='word_1_708' title='bbox 1460 4628 1821 4698; x_wconf 85' lang='grc' dir='ltr'>πιστούμενος</span> 
     </span>
    </p>
   </div>
   <div class='ocr_carea' id='block_1_95' title="bbox 230 4721 1821 4793">
    <p class='ocr_par' dir='ltr' id='par_1_95' title="bbox 230 4721 1821 4793">
     <span class='ocr_line' id='line_1_95' title="bbox 230 4721 1821 4793; baseline -0.003 -17"><span class='ocrx_word' id='word_1_709' title='bbox 230 4725 375 4777; x_wconf 60' lang='grc' dir='ltr'>αὐτὰ</span> <span class='ocrx_word' id='word_1_710' title='bbox 405 4723 495 4775; x_wconf 67' lang='grc' dir='ltr'><strong>διὰ</strong></span> <span class='ocrx_word' id='word_1_711' title='bbox 517 4722 628 4775; x_wconf 86' lang='grc' dir='ltr'>τῶν</span> <span class='ocrx_word' id='word_1_712' title='bbox 649 4724 773 4775; x_wconf 83' lang='grc' dir='ltr'>ὅσον</span> <span class='ocrx_word' id='word_1_713' title='bbox 800 4721 955 4776; x_wconf 80' lang='grc' dir='ltr'>οῦπω</span> <span class='ocrx_word' id='word_1_714' title='bbox 972 4724 1354 4793; x_wconf 81' lang='grc' dir='ltr'>γενησομένων</span> <span class='ocrx_word' id='word_1_715' title='bbox 1374 4721 1467 4775; x_wconf 79' lang='grc' dir='ltr'><strong>ὑπ’</strong></span> <span class='ocrx_word' id='word_1_716' title='bbox 1499 4721 1821 4791; x_wconf 81' lang='grc' dir='ltr'>Ἀσσυρίων.</span> 
     </span>
    </p>
   </div>
   <div class='ocr_carea' id='block_1_96' title="bbox 234 4811 1822 4885">
    <p class='ocr_par' dir='ltr' id='par_1_96' title="bbox 234 4811 1822 4885">
     <span class='ocr_line' id='line_1_96' title="bbox 234 4811 1822 4885; baseline -0.003 -17"><span class='ocrx_word' id='word_1_717' title='bbox 234 4816 362 4877; x_wconf 86' lang='grc' dir='ltr'><strong>Ιιῶς</strong></span> <span class='ocrx_word' id='word_1_718' title='bbox 411 4815 471 4867; x_wconf 80' lang='grc' dir='ltr'>δὲ</span> <span class='ocrx_word' id='word_1_719' title='bbox 517 4813 768 4880; x_wconf 79' lang='grc' dir='ltr'>τεύξεται</span> <span class='ocrx_word' id='word_1_720' title='bbox 816 4815 1026 4867; x_wconf 88' lang='grc' dir='ltr'>τούτων</span> <span class='ocrx_word' id='word_1_721' title='bbox 1077 4814 1147 4867; x_wconf 86' lang='grc' dir='ltr'><strong>τὰ</strong></span> <span class='ocrx_word' id='word_1_722' title='bbox 1190 4813 1250 4878; x_wconf 80' lang='grc' dir='ltr'><strong>ἐξ</strong></span> <span class='ocrx_word' id='word_1_723' title='bbox 1297 4814 1471 4885; x_wconf 78' lang='grc' dir='ltr'>ἀρχῆς</span> <span class='ocrx_word' id='word_1_724' title='bbox 1501 4811 1822 4877; x_wconf 77' lang='grc' dir='ltr'>ἀσεϐοῦντα,</span> 
     </span>
    </p>
   </div>
   <div class='ocr_carea' id='block_1_97' title="bbox 235 4902 1825 4978">
    <p class='ocr_par' dir='ltr' id='par_1_97' title="bbox 235 4902 1825 4978">
     <span class='ocr_line' id='line_1_97' title="bbox 235 4902 1825 4978; baseline -0.004 -17"><span class='ocrx_word' id='word_1_725' title='bbox 235 4907 579 4977; x_wconf 85' lang='grc' dir='ltr'>παρίστησιν</span> <span class='ocrx_word' id='word_1_726' title='bbox 604 4907 733 4977; x_wconf 74' lang='grc' dir='ltr'>ἔθνη</span> <span class='ocrx_word' id='word_1_727' title='bbox 761 4906 850 4960; x_wconf 83' lang='grc' dir='ltr'>διὰ</span> <span class='ocrx_word' id='word_1_728' title='bbox 880 4905 1119 4978; x_wconf 83' lang='grc' dir='ltr'>Χριστοῦ</span> <span class='ocrx_word' id='word_1_729' title='bbox 1152 4906 1391 4975; x_wconf 73' lang='grc' dir='ltr'>φυγόντα</span> <span class='ocrx_word' id='word_1_730' title='bbox 1418 4905 1516 4975; x_wconf 85' lang='grc' dir='ltr'><strong>τῆς</strong></span> <span class='ocrx_word' id='word_1_731' title='bbox 1550 4902 1825 4957; x_wconf 80' lang='grc' dir='ltr'>εἰδωλολα-</span> 
     </span>
    </p>
   </div>
   <div class='ocr_carea' id='block_1_98' title="bbox 233 4993 1822 5074">
    <p class='ocr_par' dir='ltr' id='par_1_98' title="bbox 233 4993 1822 5074">
     <span class='ocr_line' id='line_1_98' title="bbox 233 4993 1822 5074; baseline -0.004 -20"><span class='ocrx_word' id='word_1_732' title='bbox 233 5002 434 5074; x_wconf 87' lang='grc' dir='ltr'>τρείας</span> <span class='ocrx_word' id='word_1_733' title='bbox 481 5002 589 5055; x_wconf 81' lang='grc' dir='ltr'><strong>τὸν</strong></span> <span class='ocrx_word' id='word_1_734' title='bbox 633 5002 911 5064; x_wconf 76' lang='grc' dir='ltr'>θάνατον,</span> <span class='ocrx_word' id='word_1_735' title='bbox 946 5000 1031 5071; x_wconf 81' lang='grc' dir='ltr'><strong>ἐφ’</strong></span> <span class='ocrx_word' id='word_1_736' title='bbox 1056 4993 1099 5068; x_wconf 79' lang='grc' dir='ltr'>ᾧ</span> <span class='ocrx_word' id='word_1_737' title='bbox 1134 5000 1201 5054; x_wconf 86' lang='grc' dir='ltr'>ἂν</span> <span class='ocrx_word' id='word_1_738' title='bbox 1226 5001 1370 5054; x_wconf 86' lang='grc' dir='ltr'>αύτά</span> <span class='ocrx_word' id='word_1_739' title='bbox 1409 5017 1491 5062; x_wconf 90' lang='grc' dir='ltr'><strong>τις</strong></span> <span class='ocrx_word' id='word_1_740' title='bbox 1526 4998 1822 5068; x_wconf 84' lang='grc' dir='ltr'>ἐδάκρυσεν</span> 
     </span>
    </p>
   </div>
   <div class='ocr_carea' id='block_1_99' title="bbox 234 5087 1825 5167">
    <p class='ocr_par' dir='ltr' id='par_1_99' title="bbox 234 5087 1825 5167">
     <span class='ocr_line' id='line_1_99' title="bbox 234 5087 1825 5167; baseline -0.005 -20"><span class='ocrx_word' id='word_1_741' title='bbox 234 5094 444 5158; x_wconf 73' lang='grc' dir='ltr'>ὄνειδος</span> <span class='ocrx_word' id='word_1_742' title='bbox 470 5093 660 5165; x_wconf 74' lang='grc' dir='ltr'>ἔχοντα</span> <span class='ocrx_word' id='word_1_743' title='bbox 690 5094 789 5167; x_wconf 83' lang='grc' dir='ltr'><strong>τὴν</strong></span> <span class='ocrx_word' id='word_1_744' title='bbox 818 5087 1209 5148; x_wconf 82' lang='grc' dir='ltr'>άσέὸειαν.Ἦν</span> <span class='ocrx_word' id='word_1_745' title='bbox 1246 5091 1303 5146; x_wconf 77' lang='grc' dir='ltr'>δὲ</span> <span class='ocrx_word' id='word_1_746' title='bbox 1329 5090 1395 5144; x_wconf 83' lang='grc' dir='ltr'>τὸ</span> <span class='ocrx_word' id='word_1_747' title='bbox 1427 5090 1693 5157; x_wconf 78' lang='grc' dir='ltr'>δάκρυον</span> <span class='ocrx_word' id='word_1_748' title='bbox 1716 5087 1825 5140; x_wconf 85' lang='grc' dir='ltr'>τῶν</span> 
     </span>
    </p>
   </div>
   <div class='ocr_carea' id='block_1_100' title="bbox 231 5178 1827 5257">
    <p class='ocr_par' dir='ltr' id='par_1_100' title="bbox 231 5178 1827 5257">
     <span class='ocr_line' id='line_1_100' title="bbox 231 5178 1827 5257; baseline -0.006 -16"><span class='ocrx_word' id='word_1_749' title='bbox 231 5187 327 5241; x_wconf 81' lang='grc' dir='ltr'>διὰ</span> <span class='ocrx_word' id='word_1_750' title='bbox 349 5184 766 5257; x_wconf 81' lang='grc' dir='ltr'>φιλανθρωπίαν</span> <span class='ocrx_word' id='word_1_751' title='bbox 780 5184 881 5256; x_wconf 81' lang='grc' dir='ltr'>τὴν</span> <span class='ocrx_word' id='word_1_752' title='bbox 901 5184 1009 5239; x_wconf 86' lang='grc' dir='ltr'><strong>τῶν</strong></span> <span class='ocrx_word' id='word_1_753' title='bbox 1032 5184 1304 5237; x_wconf 89' lang='grc' dir='ltr'>τοσούτων</span> <span class='ocrx_word' id='word_1_754' title='bbox 1325 5182 1514 5253; x_wconf 73' lang='grc' dir='ltr'>ψυχῶν</span> <span class='ocrx_word' id='word_1_755' title='bbox 1536 5178 1827 5233; x_wconf 87' lang='grc' dir='ltr'>ἀποκλαιο-</span> 
     </span>
    </p>
   </div>
   <div class='ocr_carea' id='block_1_101' title="bbox 239 5270 1825 5348">
    <p class='ocr_par' dir='ltr' id='par_1_101' title="bbox 239 5270 1825 5348">
     <span class='ocr_line' id='line_1_101' title="bbox 239 5270 1825 5348; baseline -0.006 -14"><span class='ocrx_word' id='word_1_756' title='bbox 239 5277 426 5348; x_wconf 75' lang='grc' dir='ltr'>μένων</span> <span class='ocrx_word' id='word_1_757' title='bbox 474 5278 754 5332; x_wconf 85' lang='grc' dir='ltr'>ἀπώλειαν</span> <span class='ocrx_word' id='word_1_758' title='bbox 801 5277 906 5332; x_wconf 81' lang='grc' dir='ltr'>ὑπὸ</span> <span class='ocrx_word' id='word_1_759' title='bbox 932 5277 1027 5331; x_wconf 85' lang='grc' dir='ltr'><strong>τοῦ</strong></span> <span class='ocrx_word' id='word_1_760' title='bbox 1057 5276 1307 5331; x_wconf 81' lang='grc' dir='ltr'>διαῦόλου</span> <span class='ocrx_word' id='word_1_761' title='bbox 1334 5273 1731 5345; x_wconf 82' lang='grc' dir='ltr'>γεγενημένην,</span> <span class='ocrx_word' id='word_1_762' title='bbox 1766 5270 1825 5336; x_wconf 85' lang='grc' dir='ltr'><strong>δς</strong></span> 
     </span>
    </p>
   </div>
   <div class='ocr_carea' id='block_1_102' title="bbox 1916 4540 3509 4617">
    <p class='ocr_par' dir='ltr' id='par_1_102' title="bbox 1916 4540 3509 4617">
     <span class='ocr_line' id='line_1_102' title="bbox 1916 4540 3509 4617; baseline -0.006 -12"><span class='ocrx_word' id='word_1_763' title='bbox 1916 4550 2023 4606; x_wconf 84' lang='lat' dir='ltr'><strong>ista</strong></span> <span class='ocrx_word' id='word_1_764' title='bbox 2052 4547 2229 4604; x_wconf 90' lang='lat' dir='ltr'><strong>obiter</strong></span> <span class='ocrx_word' id='word_1_765' title='bbox 2277 4552 2540 4617; x_wconf 85' lang='lat' dir='ltr'><strong>evagatus</strong></span> <span class='ocrx_word' id='word_1_766' title='bbox 2583 4543 2847 4612; x_wconf 86' lang='lat' dir='ltr'><strong>propheta</strong></span> <span class='ocrx_word' id='word_1_767' title='bbox 2884 4542 3110 4608; x_wconf 88' lang='lat' dir='ltr'><strong>retulit;</strong></span> <span class='ocrx_word' id='word_1_768' title='bbox 3144 4540 3262 4604; x_wconf 89' lang='lat' dir='ltr'><strong>sed,</strong></span> <span class='ocrx_word' id='word_1_769' title='bbox 3308 4551 3366 4593; x_wconf 92' lang='lat' dir='ltr'><strong>ut</strong></span> <span class='ocrx_word' id='word_1_770' title='bbox 3411 4555 3509 4610; x_wconf 87' lang='lat' dir='ltr'><strong>per</strong></span> 
     </span>
    </p>
   </div>
   <div class='ocr_carea' id='block_1_103' title="bbox 1916 4633 3508 4710">
    <p class='ocr_par' dir='ltr' id='par_1_103' title="bbox 1916 4633 3508 4710">
     <span class='ocr_line' id='line_1_103' title="bbox 1916 4633 3508 4710; baseline -0.004 -15"><span class='ocrx_word' id='word_1_771' title='bbox 1916 4658 2002 4704; x_wconf 81' lang='lat' dir='ltr'><strong>ea,</strong></span> <span class='ocrx_word' id='word_1_772' title='bbox 2039 4655 2162 4710; x_wconf 66' lang='lat' dir='ltr'><strong>quae</strong></span> <span class='ocrx_word' id='word_1_773' title='bbox 2188 4639 2258 4693; x_wconf 90' lang='lat' dir='ltr'><strong>ab</strong></span> <span class='ocrx_word' id='word_1_774' title='bbox 2291 4638 2530 4707; x_wconf 81' lang='lat' dir='ltr'><strong>Assyriis</strong></span> <span class='ocrx_word' id='word_1_775' title='bbox 2560 4635 2788 4705; x_wconf 82' lang='lat' dir='ltr'><strong>jamjaiu</strong></span> <span class='ocrx_word' id='word_1_776' title='bbox 2817 4636 3110 4698; x_wconf 86' lang='lat' dir='ltr'><strong>instarent,</strong></span> <span class='ocrx_word' id='word_1_777' title='bbox 3147 4634 3217 4688; x_wconf 86' lang='lat' dir='ltr'><strong>de</strong></span> <span class='ocrx_word' id='word_1_778' title='bbox 3251 4633 3356 4695; x_wconf 92' lang='lat' dir='ltr'><strong>his,</strong></span> <span class='ocrx_word' id='word_1_779' title='bbox 3385 4648 3508 4703; x_wconf 66' lang='lat' dir='ltr'><strong>tiliae</strong></span> 
     </span>
    </p>
   </div>
   <div class='ocr_carea' id='block_1_104' title="bbox 1922 4724 3505 4802">
    <p class='ocr_par' dir='ltr' id='par_1_104' title="bbox 1922 4724 3505 4802">
     <span class='ocr_line' id='line_1_104' title="bbox 1922 4724 3505 4802; baseline -0.004 -17"><span class='ocrx_word' id='word_1_780' title='bbox 1922 4733 2084 4802; x_wconf 88' lang='lat' dir='ltr'><strong>longo</strong></span> <span class='ocrx_word' id='word_1_781' title='bbox 2128 4741 2319 4801; x_wconf 87' lang='lat' dir='ltr'><strong>postea</strong></span> <span class='ocrx_word' id='word_1_782' title='bbox 2353 4738 2601 4798; x_wconf 83' lang='lat' dir='ltr'><strong>tempore</strong></span> <span class='ocrx_word' id='word_1_783' title='bbox 2630 4726 2814 4780; x_wconf 79' lang='lat' dir='ltr'><strong>futura</strong></span> <span class='ocrx_word' id='word_1_784' title='bbox 2859 4733 3070 4789; x_wconf 88' lang='lat' dir='ltr'><strong>essent,</strong></span> <span class='ocrx_word' id='word_1_785' title='bbox 3100 4724 3306 4780; x_wconf 59' lang='lat' dir='ltr'><strong>Judmis</strong></span> <span class='ocrx_word' id='word_1_786' title='bbox 3342 4726 3505 4780; x_wconf 88' lang='lat' dir='ltr'><strong>tidem</strong></span> 
     </span>
    </p>
   </div>
   <div class='ocr_carea' id='block_1_105' title="bbox 1919 4816 3509 4887">
    <p class='ocr_par' dir='ltr' id='par_1_105' title="bbox 1919 4816 3509 4887">
     <span class='ocr_line' id='line_1_105' title="bbox 1919 4816 3509 4887; baseline -0.005 -10"><span class='ocrx_word' id='word_1_787' title='bbox 1919 4823 2145 4878; x_wconf 80' lang='lat' dir='ltr'><strong>faceret.</strong></span> <span class='ocrx_word' id='word_1_788' title='bbox 2176 4821 2445 4875; x_wconf 73' lang='lat' dir='ltr'><strong>Caeterum</strong></span> <span class='ocrx_word' id='word_1_789' title='bbox 2466 4818 2812 4873; x_wconf 87' lang='lat' dir='ltr'><strong>demonstrat</strong></span> <span class='ocrx_word' id='word_1_790' title='bbox 2837 4831 2946 4887; x_wconf 88' lang='lat' dir='ltr'><strong>qua</strong></span> <span class='ocrx_word' id='word_1_791' title='bbox 2982 4817 3193 4870; x_wconf 84' lang='lat' dir='ltr'><strong>ratione</strong></span> <span class='ocrx_word' id='word_1_792' title='bbox 3212 4823 3404 4887; x_wconf 89' lang='lat' dir='ltr'><strong>gentes</strong></span> <span class='ocrx_word' id='word_1_793' title='bbox 3438 4816 3509 4869; x_wconf 89' lang='lat' dir='ltr'><strong>ab</strong></span> 
     </span>
    </p>
   </div>
   <div class='ocr_carea' id='block_1_106' title="bbox 1924 4907 3510 4980">
    <p class='ocr_par' dir='ltr' id='par_1_106' title="bbox 1924 4907 3510 4980">
     <span class='ocr_line' id='line_1_106' title="bbox 1924 4907 3510 4980; baseline -0.005 -13"><span class='ocrx_word' id='word_1_794' title='bbox 1924 4914 2081 4967; x_wconf 89' lang='lat' dir='ltr'><strong>initio</strong></span> <span class='ocrx_word' id='word_1_795' title='bbox 2134 4910 2399 4980; x_wconf 86' lang='lat' dir='ltr'><strong>impietati</strong></span> <span class='ocrx_word' id='word_1_796' title='bbox 2442 4911 2515 4964; x_wconf 88' lang='lat' dir='ltr'><strong>ita</strong></span> <span class='ocrx_word' id='word_1_797' title='bbox 2552 4909 2771 4974; x_wconf 63' lang='lat' dir='ltr'><strong>deditae,</strong></span> <span class='ocrx_word' id='word_1_798' title='bbox 2801 4920 2860 4963; x_wconf 93' lang='lat' dir='ltr'><strong>nt</strong></span> <span class='ocrx_word' id='word_1_799' title='bbox 2906 4907 3179 4978; x_wconf 85' lang='lat' dir='ltr'><strong>ejusmodi</strong></span> <span class='ocrx_word' id='word_1_800' title='bbox 3208 4908 3510 4979; x_wconf 90' lang='lat' dir='ltr'><strong>opprobrio</strong></span> 
     </span>
    </p>
   </div>
   <div class='ocr_carea' id='block_1_107' title="bbox 1924 4996 3511 5067">
    <p class='ocr_par' dir='ltr' id='par_1_107' title="bbox 1924 4996 3511 5067">
     <span class='ocr_line' id='line_1_107' title="bbox 1924 4996 3511 5067; baseline -0.007 -11"><span class='ocrx_word' id='word_1_801' title='bbox 1924 5009 2145 5055; x_wconf 84' lang='lat' dir='ltr'><strong>notatas</strong></span> <span class='ocrx_word' id='word_1_802' title='bbox 2179 4999 2378 5052; x_wconf 89' lang='lat' dir='ltr'><strong>merito</strong></span> <span class='ocrx_word' id='word_1_803' title='bbox 2408 4996 2827 5067; x_wconf 85' lang='lat' dir='ltr'><strong>quis-lacrymis</strong></span> <span class='ocrx_word' id='word_1_804' title='bbox 2856 5003 3247 5065; x_wconf 85' lang='lat' dir='ltr'><strong>prosequatur,</strong></span> <span class='ocrx_word' id='word_1_805' title='bbox 3285 4996 3385 5047; x_wconf 70' lang='lat' dir='ltr'><strong>ista</strong></span> <span class='ocrx_word' id='word_1_806' title='bbox 3417 5008 3511 5061; x_wconf 88' lang='lat' dir='ltr'><strong>per</strong></span> 
     </span>
    </p>
   </div>
   <div class='ocr_carea' id='block_1_108' title="bbox 1924 5085 3505 5154">
    <p class='ocr_par' dir='ltr' id='par_1_108' title="bbox 1924 5085 3505 5154">
     <span class='ocr_line' id='line_1_108' title="bbox 1924 5085 3505 5154; baseline -0.006 -8"><span class='ocrx_word' id='word_1_807' title='bbox 1924 5090 2206 5147; x_wconf 77' lang='lat' dir='ltr'><strong>Christum</strong></span> <span class='ocrx_word' id='word_1_808' title='bbox 2237 5087 2560 5142; x_wconf 71' lang='lat' dir='ltr'><strong>idololatriae</strong></span> <span class='ocrx_word' id='word_1_809' title='bbox 2583 5086 3013 5149; x_wconf 72' lang='lat' dir='ltr'><strong>mortedevitata</strong></span> <span class='ocrx_word' id='word_1_810' title='bbox 3046 5085 3321 5154; x_wconf 66' lang='lat' dir='ltr'><strong>adepturze</strong></span> <span class='ocrx_word' id='word_1_811' title='bbox 3352 5094 3505 5138; x_wconf 87' lang='lat' dir='ltr'><strong>sunt.</strong></span> 
     </span>
    </p>
   </div>
   <div class='ocr_carea' id='block_1_109' title="bbox 1923 5174 3509 5249">
    <p class='ocr_par' dir='ltr' id='par_1_109' title="bbox 1923 5174 3509 5249">
     <span class='ocr_line' id='line_1_109' title="bbox 1923 5174 3509 5249; baseline -0.004 -14"><span class='ocrx_word' id='word_1_812' title='bbox 1923 5180 2181 5249; x_wconf 79' lang='lat' dir='ltr'><strong>lntelligit</strong></span> <span class='ocrx_word' id='word_1_813' title='bbox 2244 5186 2426 5233; x_wconf 87' lang='lat' dir='ltr'><strong>autem</strong></span> <span class='ocrx_word' id='word_1_814' title='bbox 2497 5193 2594 5233; x_wconf 91' lang='lat' dir='ltr'><strong>eos</strong></span> <span class='ocrx_word' id='word_1_815' title='bbox 2655 5177 3020 5247; x_wconf 78' lang='lat' dir='ltr'><strong>lacrymarum</strong></span> <span class='ocrx_word' id='word_1_816' title='bbox 3092 5174 3347 5235; x_wconf 89' lang='lat' dir='ltr'><strong>nomine,</strong></span> <span class='ocrx_word' id='word_1_817' title='bbox 3415 5176 3509 5243; x_wconf 89' lang='lat' dir='ltr'><strong>qui</strong></span> 
     </span>
    </p>
   </div>
   <div class='ocr_carea' id='block_1_110' title="bbox 1924 5266 3507 5333">
    <p class='ocr_par' dir='ltr' id='par_1_110' title="bbox 1924 5266 3507 5333">
     <span class='ocr_line' id='line_1_110' title="bbox 1924 5266 3507 5333; baseline -0.006 -7"><span class='ocrx_word' id='word_1_818' title='bbox 1924 5270 2413 5327; x_wconf 85' lang='lat' dir='ltr'><strong>commiseratione</strong></span> <span class='ocrx_word' id='word_1_819' title='bbox 2442 5268 2727 5333; x_wconf 88' lang='lat' dir='ltr'><strong>commoti,</strong></span> <span class='ocrx_word' id='word_1_820' title='bbox 2772 5276 2849 5322; x_wconf 89' lang='lat' dir='ltr'><strong>tot</strong></span> <span class='ocrx_word' id='word_1_821' title='bbox 2881 5266 3190 5321; x_wconf 85' lang='lat' dir='ltr'><strong>animarum</strong></span> <span class='ocrx_word' id='word_1_822' title='bbox 3226 5266 3507 5319; x_wconf 86' lang='lat' dir='ltr'><strong>interitum</strong></span> 
     </span>
    </p>
   </div>
   <div class='ocr_carea' id='block_1_111' title="bbox 301 5422 3507 5513">
    <p class='ocr_par' dir='ltr' id='par_1_111' title="bbox 301 5422 3507 5513">
     <span class='ocr_line' id='line_1_111' title="bbox 301 5422 3507 5513; baseline -0.004 -25"><span class='ocrx_word' id='word_1_823' title='bbox 301 5434 548 5513; x_wconf 52' lang='lat' dir='ltr'><strong>“Hebr.</strong></span> <span class='ocrx_word' id='word_1_824' title='bbox 572 5451 665 5498; x_wconf 71' lang='lat' dir='ltr'><strong>sit,</strong></span> <span class='ocrx_word' id='word_1_825' title='bbox 692 5434 783 5490; x_wconf 71' lang='lat'><strong>22.</strong></span> <span class='ocrx_word' id='word_1_826' title='bbox 842 5438 903 5513; x_wconf 37' lang='lat'><strong>1&#39;</strong></span> <span class='ocrx_word' id='word_1_827' title='bbox 943 5434 1133 5491; x_wconf 72' lang='lat' dir='ltr'><strong>Matth.</strong></span> <span class='ocrx_word' id='word_1_828' title='bbox 1165 5453 1311 5499; x_wconf 76' lang='lat' dir='ltr'><strong>mn,</strong></span> <span class='ocrx_word' id='word_1_829' title='bbox 1345 5436 1437 5504; x_wconf 66' lang='lat'><strong>29,</strong></span> <span class='ocrx_word' id='word_1_830' title='bbox 1514 5435 1559 5466; x_wconf 79' lang='grc'>⁸³</span> <span class='ocrx_word' id='word_1_831' title='bbox 1592 5436 1611 5489; x_wconf 93' lang='lat' dir='ltr'><strong>l</strong></span> <span class='ocrx_word' id='word_1_832' title='bbox 1651 5434 1777 5490; x_wconf 90' lang='lat' dir='ltr'><strong>Cor.</strong></span> <span class='ocrx_word' id='word_1_833' title='bbox 1810 5449 1926 5513; x_wconf 71' lang='lat' dir='ltr'><strong>_Xlll,</strong></span> <span class='ocrx_word' id='word_1_834' title='bbox 1970 5430 2054 5485; x_wconf 92' lang='lat' dir='ltr'><strong>l9.</strong></span> <span class='ocrx_word' id='word_1_835' title='bbox 2133 5430 2178 5461; x_wconf 77' lang='lat'><strong>“</strong></span> <span class='ocrx_word' id='word_1_836' title='bbox 2209 5432 2370 5485; x_wconf 80' lang='lat' dir='ltr'><strong>Rom.</strong></span> <span class='ocrx_word' id='word_1_837' title='bbox 2404 5442 2521 5493; x_wconf 82' lang='lat' dir='ltr'><strong>vni,</strong></span> <span class='ocrx_word' id='word_1_838' title='bbox 2558 5428 2643 5483; x_wconf 84' lang='lat' dir='ltr'><strong>l7.</strong></span> <span class='ocrx_word' id='word_1_839' title='bbox 2728 5428 2772 5459; x_wconf 79' lang='lat'><strong>°&#39;</strong></span> <span class='ocrx_word' id='word_1_840' title='bbox 2809 5427 2824 5479; x_wconf 94' lang='grc' dir='ltr'><strong>Ι</strong></span> <span class='ocrx_word' id='word_1_841' title='bbox 2856 5425 3018 5480; x_wconf 83' lang='lat' dir='ltr'><strong>Joan.</strong></span> <span class='ocrx_word' id='word_1_842' title='bbox 3052 5440 3113 5488; x_wconf 89' lang='grc' dir='ltr'><strong>ιι,</strong></span> <span class='ocrx_word' id='word_1_843' title='bbox 3140 5423 3232 5478; x_wconf 75' lang='grc'><strong>20.</strong></span> <span class='ocrx_word' id='word_1_844' title='bbox 3315 5423 3358 5453; x_wconf 70' lang='grc'><strong>⁸⁸</strong></span> <span class='ocrx_word' id='word_1_845' title='bbox 3401 5422 3507 5476; x_wconf 81' lang='lat' dir='ltr'><strong>lsa.</strong></span> 
     </span>
    </p>
   </div>
   <div class='ocr_carea' id='block_1_112' title="bbox 241 5504 921 5573">
    <p class='ocr_par' dir='ltr' id='par_1_112' title="bbox 241 5504 921 5573">
     <span class='ocr_line' id='line_1_112' title="bbox 241 5504 921 5573; baseline 0 -12"><span class='ocrx_word' id='word_1_846' title='bbox 241 5524 325 5568; x_wconf 77' lang='grc' dir='ltr'>ιι,</span> <span class='ocrx_word' id='word_1_847' title='bbox 360 5507 461 5573; x_wconf 76' lang='grc' dir='ltr'><strong>ως</strong></span> <span class='ocrx_word' id='word_1_848' title='bbox 512 5504 671 5561; x_wconf 75' lang='lat' dir='ltr'><strong>Rom.</strong></span> <span class='ocrx_word' id='word_1_849' title='bbox 711 5522 798 5569; x_wconf 77' lang='lat' dir='ltr'><strong>xv,</strong></span> <span class='ocrx_word' id='word_1_850' title='bbox 836 5509 921 5561; x_wconf 72' lang='lat' dir='ltr'><strong>l2.</strong></span> 
     </span>
    </p>
   </div>
   <div class='ocr_carea' id='block_1_113' title="bbox 1525 5612 2207 5670">
    <p class='ocr_par' dir='ltr' id='par_1_113' title="bbox 1525 5612 2207 5670">
     <span class='ocr_line' id='line_1_113' title="bbox 1525 5612 2207 5670; baseline -0.006 0"><span class='ocrx_word' id='word_1_851' title='bbox 1525 5615 1759 5670; x_wconf 58' lang='lat' dir='ltr'><strong>VARI/13</strong></span> <span class='ocrx_word' id='word_1_852' title='bbox 1803 5612 2092 5670; x_wconf 79' lang='lat' dir='ltr'><strong>LECTIO‘N</strong></span> <span class='ocrx_word' id='word_1_853' title='bbox 2102 5612 2207 5667; x_wconf 86' lang='lat' dir='ltr'><strong>ES.</strong></span> 
     </span>
    </p>
   </div>
   <div class='ocr_carea' id='block_1_114' title="bbox 327 5716 694 5782">
    <p class='ocr_par' dir='ltr' id='par_1_114' title="bbox 327 5716 694 5782">
     <span class='ocr_line' id='line_1_114' title="bbox 327 5716 694 5782; baseline -0.005 -17"><span class='ocrx_word' id='word_1_854' title='bbox 327 5717 342 5757; x_wconf 69' lang='grc' dir='ltr'>δ</span> <span class='ocrx_word' id='word_1_855' title='bbox 380 5734 467 5782; x_wconf 60' lang='grc' dir='ltr'><strong>ηαδ.</strong></span> <span class='ocrx_word' id='word_1_856' title='bbox 492 5716 574 5765; x_wconf 77' lang='grc' dir='ltr'>Ξνε</span> <span class='ocrx_word' id='word_1_857' title='bbox 586 5733 639 5765; x_wconf 69' lang='grc' dir='ltr'><strong>κε</strong></span> <span class='ocrx_word' id='word_1_858' title='bbox 651 5732 694 5767; x_wconf 81' lang='grc' dir='ltr'><strong>ν.</strong></span> 
     </span>
    </p>
   </div>
  </div>
