3908 6508
550 360 688 432 2211

1872 352 2240 419 PROCOPII
2272 349 2518 413 GAZ/EI

3681 347 3800 412 2219.

547 476 1018 540 lamentabantur,
1054 488 1176 545 qua:
1222 486 1319 543 per
1352 468 1632 526 diabolum
1663 469 1854 523 mortis
1891 466 2135 537 appella-

2238 462 2336 518 καὶ
2386 459 2643 526 θάνατος
2688 457 3102 531 είρηται.”οσον
3133 455 3235 528 μὲν
3263 451 3355 512 οὖν
3396 448 3536 527 ἧκεν
3581 457 3656 520 εἰς
3696 462 3800 525 τοὺς

551 572 703 625 tione
727 568 1097 641 significatum
1125 568 1425 637 perierant.
1444 563 1734 621 Perierant
1757 560 1953 633 igitur,
1968 575 2145 630 quan-

550 674 668 718 tum
706 663 948 716 humana
1003 660 1318 732 patiebatur
1367 658 1614 713 conditio
1660 674 1675 713 :
1718 656 1812 713 sed
1866 662 1997 712 sunt
2044 651 2139 707 Dei

551 754 896 824 benignitate
942 753 1122 823 turpis
1182 752 1347 821 hujus
1408 758 1463 805 et
1515 749 1804 806 diabolica!
1856 745 2140 803 servitutis

551 845 849 915 opprobrio
880 844 1118 898 liberati.
1161 843 1322 898 Dicas
1348 857 1479 898 vero
1503 849 1558 897 et
1602 841 1670 896 ad
1723 837 1975 911 mysterii
2024 846 2141 891 tra-

551 936 836 1001 ditionem,
857 935 1031 1005 ipsam
1059 949 1278 1004 quoque
1306 944 1651 988 mortuorum
1670 929 2137 986 resurrectionem

553 1026 878 1096 tempeStive
923 1026 1193 1095 adjectam
1240 1040 1387 1090 esse,
1434 1024 1671 1094 indeque
1697 1036 1802 1077 nos
1834 1019 2020 1075 carnis
2051 1033 2141 1073 re-

551 1118 949 1172 surrectionem
985 1116 1150 1188 320
1186 1117 1305 1186 ipso
1351 1115 1698 1186 baptismatis
1723 1121 1970 1180 tempore
2010 1124 2141 1181 pro-

554 1207 717 1271 fiteri,
745 1215 1068 1278 mortemque
1099 1223 1197 1278 per
1230 1206 1504 1261 Adamum
1547 1206 1601 1259 in
1637 1219 1811 1274 genus
1836 1202 2138 1256 humanum

551 1310 893 1370 grassantem
928 1299 972 1330 °'
1015 1298 1471 1353 lamentatiouum
1516 1305 1572 1351 et
1621 1295 1983 1366 lacrymarum
2033 1305 2139 1346 no-

554 1392 638 1446 bis
661 1391 1020 1446 occasionem
1066 1390 1370 1460 praebuisse
1417 1430 1432 1444 .
1479 1388 1642 1457 cujus
1681 1385 1866 1456 fugam
1898 1384 1990 1439 illa
2017 1391 2143 1453 post

551 1497 665 1539 tres
704 1483 823 1539 dies
854 1482 1196 1537 resurrectio
1233 1481 1563 1547 Salvatoris,
1595 1478 1688 1550 qui
1740 1475 2140 1549 primogenitus

548 1592 615 1631 ex
637 1575 874 1631 mortuis
890 1575 956 1639 ⁸⁸,
975 1583 1027 1629 et
1044 1574 1445 1629 dormientium
1475 1572 1731 1644 primitiae
1762 1585 1887 1627 vere
1917 1570 1960 1603 ⁶⁹
1994 1584 2141 1624 nun-

550 1679 809 1737 cupatur,
881 1668 1045 1724 nobis
1098 1669 1337 1739 peperit.
1398 1666 1682 1722 Primitias
1740 1672 1923 1719 autem
1975 1672 2141 1732 atque

551 1763 690 1817 adeo
753 1761 1015 1831 primum,
1079 1770 1373 1830 sequentes
1416 1774 1613 1815 omnes
1642 1798 1657 1823 .
1706 1757 1811 1828 ipsi
1860 1755 2138 1821 videlicet,

549 1867 994 1922 consequemur;
1046 1867 1185 1923 quos
1236 1866 1400 1907 sacco
1452 1852 1678 1921 dirupto
1704 1850 1751 1883 "
1800 1864 1864 1904 ea
1920 1848 2131 1903 circum

551 1944 737 2000 laetitia
775 1943 1029 2008 munivit,
1064 1951 1124 1998 ut
1158 1943 1243 1999 his
1274 1943 1458 1998 verbis
1489 1942 1545 1997 in
1578 1948 1810 1997 mortem
1837 1953 1947 1994 non
1970 1936 2135 1996 dubi-

2243 552 2596 625 ἀνθρώπους,
2625 550 2946 607 ἀπώλοντο·
2977 552 3013 621 ἠ
3056 549 3115 604 δὲ
3160 547 3255 602 τοῦ
3282 550 3423 602 Θεοῦ
3458 548 3799 619 φιλανθρωπία

2239 646 2333 700 τὸν
2373 643 2683 714 ὀνειδισμὸν
2722 642 2907 697 αὐτῶν
2934 641 3039 711 τῆς
3076 640 3413 712 ἐφυϐρίστου
3443 640 3683 707 δουλείας
3725 643 3799 698 τοῦ

2241 738 2491 793 διαϐόλου
2524 735 2801 806 ἀφείλετο.
2833 736 3028 799 Εῐποις
3072 734 3118 788 δ’
3143 733 3233 795 ἂν,
3265 736 3361 787 καὶ
3408 734 3490 796 ὡς
3524 734 3613 786 ἐπὶ
3641 738 3799 806 δωροῦ

2241 833 2411 896 πάνυ,
2438 833 2506 901 τῇ
2552 829 2647 883 τοῦ
2697 828 3004 899 μυστηρίου
3053 826 3352 899 παραδόσει
3389 826 3488 879 καὶ
3519 828 3547 879 ό
3571 827 3689 897 περὶ
3726 828 3800 893 τῆς

2241 923 2597 984 ἀναστάσεως
2623 920 2734 973 τῶν
2763 918 2977 989 νεκρῶν
3010 920 3540 988 συνεισκεκόμισται
3557 918 3717 987 λόγος.
3732 921 3802 972 Διὸ

2242 1017 2340 1071 καὶ
2369 1015 2573 1088 σαρκὸς
2596 1014 2897 1068 ἀνάστασιν
2926 1014 2985 1065 ἐν
3011 1010 3091 1083 τῷ
3113 1011 3210 1065 τοῦ
3245 1010 3625 1080 βαπτίσματος
3648 1014 3801 1082 ὁμολο-

2241 1107 2448 1178 γοῦμεν
2501 1103 2701 1175 καιρῷ,
2726 1103 2824 1158 καὶ
2866 1102 2943 1166 ὼς
2992 1102 3082 1157 διά
3127 1102 3222 1156 τοῦ
3259 1102 3439 1173 ’Δδάμ
3478 1105 3802 1175 καταδραμὼν

2239 1201 2337 1256 τοῦ
2368 1200 2560 1268 γένους
2591 1198 2702 1251 τῶν
2735 1195 3041 1268 ἀνθρώπων
3067 1199 3101 1251 ὁ
3135 1195 3421 1262 θάνατος,
3454 1197 3665 1268 θρήνων
3700 1201 3803 1270 ἡμῖν

2240 1292 2527 1356 ὑποθέσεις
2549 1292 2645 1345 καὶ
2675 1289 2959 1357 δακρύων
2978 1291 3311 1360 παρέσχετο.
3344 1291 3557 1343 Τούτου
3578 1292 3632 1344 δέ
3663 1293 3805 1364 φυγὴν

2239 1389 2275 1460 ἡ
2305 1386 2607 1458 τριήμερπ
2633 1382 2881 1454 παρέσχε
2901 1382 2999 1435 τοῦ
3023 1382 3281 1454 Σωτῆρος
3308 1382 3612 1447 ἀνάστασις
3633 1402 3804 1458 πρωτο-

2241 1479 2403 1533 τόκου
2446 1477 2735 1546 γεγονότος
2776 1477 2843 1529 ἐκ
2884 1475 2997 1529 τῶν
3045 1475 3258 1546 νεκρῶν
3302 1476 3401 1530 καὶ
3454 1477 3700 1547 ἀπαρχῆς
3724 1479 3805 1531 τῶν

2242 1564 2929 1640 κεκοιμημένων.Ἕψεται
2956 1564 3011 1619 δὲ
3041 1568 3108 1637 τῇ
3146 1566 3381 1638 ἀπαρχῇ
3420 1567 3519 1620 καὶ
3547 1568 3731 1639 πρώτῳ
3756 1570 3806 1623 τὰ

2246 1662 2385 1733 μετά
2427 1659 2625 1724 ταῦτα,
2655 1658 2802 1713 τοῦτ’
2825 1657 2973 1713 ἔστιν
3014 1660 3209 1729 ἡμεῖς,
3251 1659 3351 1724 οὓς
3400 1660 3697 1733 διαρρήξας
3737 1662 3808 1715 τὸν

2245 1756 2452 1809 σάκκον
2489 1751 2824 1825 πριέζωσεν
2855 1751 3221 1823 εὐφροσύνην,
3256 1752 3332 1817 ὡς
3366 1754 3713 1824 ἐπεμϐαίνειν
3750 1755 3807 1825 τῷ

2240 1845 2478 1915 θανάτῳ.
2509 1862 2529 1895 ι
2568 1841 2732 1913 Ποῦή
2758 1842 2882 1914 νίκη
2938 1860 3057 1912 σου,
3099 1843 3340 1910 θάνατε;
3384 1845 3498 1899 Ποῦ
3538 1845 3597 1898 τὸ
3625 1846 3807 1918 κέντρον

2244 1954 2361 2003 σου,
2385 1936 2521 2009 ᾆδη;
2550 1934 2625 1988 Τδ
2639 1934 2697 1987 δὲ
2728 1935 2953 2007 κέντρον
2981 1934 3076 1989 τοῦ
3107 1935 3343 1992 θανάτου
3384 1939 3422 2008 ἡ
3449 1938 3707 2009 ἁμαρτία.
3736 1956 3751 1988 ι

551 2047 730 2094 tennis
768 2038 1092 2107 insurgere;
1133 2056 1153 2089 ι
1193 2037 1296 2094 [lbi
1330 2048 1432 2105 est,
1467 2053 1639 2103 mors,
1664 2034 1899 2091 victoria
1927 2032 2061 2089 tua?
2084 2032 2200 2099 ubi,
2223 2030 2460 2097 inferne,
2497 2026 2761 2087 stimulus
2786 2030 2958 2085 tuus?
2982 2026 3251 2087 Stimulus
3274 2039 3466 2087 autem
3498 2030 3683 2088 mortis
3708 2046 3807 2103 pec.

549 2143 734 2187 catum
766 2138 852 2186 est
885 2131 953 2183 7‘.
997 2145 1020 2180 ι

621 2230 666 2279 Α
716 2223 877 2279 nobis
926 2222 1095 2291 igitur
1121 2216 1292 2273 omnis
1339 2214 1552 2271 sublata
1599 2220 1676 2268 est
1744 2211 2009 2282 lacryma,
2051 2210 2146 2280 qui

2318 2208 2450 2265 Πᾶν
2471 2205 2573 2265 οὖν.
2590 2214 2747 2285 ἡμῶν
2767 2214 3069 2285 ἀφῄρηται
3097 2217 3387 2285 δάκρυον,
3414 2217 3507 2273 διὰ
3530 2216 3627 2288 τὴν
3651 2217 3803 2275 ἐλπίδι

550 2324 785 2386 speratae
868 2306 1294 2368 resurrectionis
1370 2304 1636 2363 beneficio
1704 2312 1815 2359 non
1882 2301 2135 2357 immode-

2244 2300 2348 2371 τῆς
2377 2303 2728 2370 ἀναστάσεως
2751 2308 2812 2360 οὐ
2839 2309 3200 2380 λυπουμένων
3226 2311 3515 2382 ἀμέτρως,
3545 2310 3619 2373 ὡς
3647 2312 3729 2364 καὶ
3766 2311 3803 2363 oi

551 2417 674 2462 rato
722 2403 913 2459 dolore
950 2400 1210 2472 amplius,
1256 2407 1318 2454 ut
1345 2398 1527 2453 caeteri
1571 2411 1668 2467 qut
1725 2411 1879 2466 spem
1911 2411 2020 2450 non
2052 2394 2150 2448 ha—

2245 2393 2425 2449 λοιποὶ
2467 2398 2515 2449 oi
2566 2398 2641 2468 μὴ
2690 2398 2909 2469 ἔχοντες
2953 2400 3459 2468 ἐλπίδα.’ονειδος
3482 2401 3539 2454 δέ
3567 2418 3690 2472 φησι
3717 2402 3800 2455 τοῦ

550 2496 680 2552 bent
742 2495 828 2559 τ’,
901 2491 1212 2561 dejicimur.
1289 2485 1463 2543 Vocat
1543 2494 1725 2542 autem
1809 2484 2135 2554 opprobrium

2245 2487 2400 2542 λαοῦ
2452 2487 2560 2543 τὸν
2606 2489 2886 2558 θάνατον,
2920 2493 2995 2556 ὡς
3035 2495 3100 2547 ἐκ
3127 2495 3227 2564 τῆς
3259 2494 3422 2565 ἡμῶν
3475 2494 3803 2563 παραϐάσεως

550 2586 758 2658 populi,
786 2592 1007 2637 mortem
1034 2582 1219 2643 istam.
1247 2588 1511 2649 tanquam
1546 2594 1667 2651 qua:
1690 2593 1719 2633 a
1749 2576 2146 2648 transgressio-

553 2678 719 2734 nibus
775 2675 983 2730 nostris
1040 2673 1312 2743 originem
1367 2671 1664 2737 habuerit;
1717 2671 1803 2727 vel
1853 2678 2141 2741 peccatum

551 2769 740 2829 etiam,
795 2781 824 2820 a
876 2778 986 2835 quo
1042 2762 1160 2833 ipsa
1212 2762 1456 2817 manavit
1512 2762 1815 2832 corruptio.
1867 2759 2139 2815 Caeterum

552 2860 811 2931 quoniam
882 2871 913 2910 a
982 2853 1273 2926 permultis
1344 2853 1777 2910 resurrectionis
1838 2848 2139 2923 mysterio,

550 2966 746 3009 revera
778 2948 1117 3013 admirabili,
1154 2946 1288 3003 fides
1323 2961 1432 3001 non
1470 2946 1835 3002 adhibebatur
1868 2963 1882 2999 :
1919 2942 1992 3001 Os
2027 2941 2134 2998 Do-

536 3044 681 3099 mini
715 3043 949 3097 locutum
979 3057 1094 3096 esse
1124 3040 1342 3111 adjecit.
1380 3039 1478 3095 Vel
1516 3039 1569 3095 id
1616 3039 1741 3095 ideo
1779 3046 1929 3094 certe
1969 3052 2134 3093 usur-

553 3135 724 3207 pavit,
753 3134 900 3205 qnod
932 3142 1122 3203 gentes
1150 3146 1341 3187 errore
1371 3128 1591 3185 liberari
1618 3143 1781 3184 nemo
1810 3128 1971 3184 facile
2009 3144 2134 3185 cre-

550 3226 809 3282 didisset.
866 3223 1056 3295 Neque
1110 3237 1242 3278 vero
1293 3221 1493 3275 mirum
1554 3220 1815 3290 cuiquam
1860 3220 2134 3285 videatur,

551 3316 698 3390 quod
753 3316 936 3371 cultus
992 3314 1265 3369 idolorum
1318 3310 1568 3380 quaedam
1605 3310 1786 3365 adhuc
1837 3318 2139 3380 supersunt

552 3408 820 3477 reliquiae.
889 3405 1083 3460 Decuit
1130 3404 1277 3459 enim
1329 3402 1518 3457 doceri
1563 3417 1668 3458 nos
1712 3416 1741 3455 a
1786 3402 1989 3472 quibus
2034 3419 2137 3459 nos

552 3499 884 3569 Redemptor
934 3499 1054 3568 ipse
1099 3496 1385 3563 exemerit,
1429 3511 1555 3551 cum
1597 3496 1801 3552 liberos
1835 3510 1970 3552 suos
2002 3497 2135 3552 olim

555 3594 805 3649 homines
846 3592 900 3646 in
942 3590 1270 3646 sacrificium
1311 3598 1619 3645 mactarent
1680 3590 2026 3647 daemonibus
2064 3590 2132 3646 ⁷⁸.

554 3683 634 3738 Ita
666 3683 866 3739 deinde
910 3692 965 3738 et
994 3683 1113 3753 ipsa
1144 3682 1444 3738 voluntatis
1475 3691 1678 3738 nostra:
1706 3682 1935 3739 libertas
1969 3698 2137 3754 appa-

551 3777 683 3831 ruit.
713 3775 783 3829 At
809 3775 956 3846 quod
976 3776 1026 3829 in
1057 3782 1280 3830 montem
1296 3773 1453 3839 dixit,
1481 3776 1785 3831 secundum
1806 3776 2135 3847 interpretes

550 3869 817 3939 reliquos,
868 3883 1090 3923 sensum
1125 3869 1295 3924 alium
1348 3869 1569 3924 astruit.
1613 3868 1693 3922 ita
1739 3868 1887 3923 enim
1946 3879 2135 3940 aperte

550 3960 791 4015 reddidit
822 3959 1187 4028 Symmachus
1218 3978 1232 4015 :
1266 3960 1334 4015 Et
1357 3962 1681 4031 praecipitem
1707 3961 1855 4015 dabit
1881 3962 1938 4015 in
1960 3971 2134 4017 monte

548 4051 653 4105 ista
682 4049 872 4119 [aciem
900 4050 1257 4106 dominatoris
1280 4093 1294 4117 ,
1322 4054 1411 4123 qui
1438 4054 1490 4105 in
1522 4069 1699 4107 omnes
1735 4064 1915 4123 gentes
1960 4053 2133 4108 domi-

548 4152 710 4196 natur
743 4158 762 4195 :
791 4152 840 4197 et
859 4140 1149 4211 judicium,
1173 4145 1312 4214 quod
1333 4146 1388 4198 in
1424 4161 1603 4198 omnes
1635 4155 1810 4215 gentes
1822 4145 2130 4213 judicatum

547 4243 646 4297 est,
680 4234 951 4290 absorberi
997 4235 1157 4305 faciet
1184 4247 1404 4291 mortem
1447 4239 1501 4291 in
1534 4238 1690 4306 ﬁnem
1717 4253 1736 4291 :
1768 4247 1820 4291 et
1865 4238 2129 4310 absterget

548 4329 805 4384 Dominus
853 4328 993 4384 Deus
1022 4346 1055 4383 a
1088 4329 1226 4398 facie
1256 4346 1466 4384 omnem
1496 4330 1789 4401 lacrymam
1814 4347 1833 4385 :
1864 4341 1913 4385 et
1936 4347 2130 4400 oppro-

2246 2579 2521 2649 ἐσχηκότα
2563 2581 2665 2653 τὴν
2710 2582 2930 2652 γένεσιν
2953 2599 2968 2615 ·
3018 2584 3051 2655 ἢ
3093 2584 3191 2638 καὶ
3220 2585 3321 2654 τὴν
3351 2585 3647 2657 ἁμαρτίαν,
3672 2585 3731 2639 δι’
3749 2581 3800 2656 ἦς

2241 2672 2546 2742 ἐκϐέϐηκεν
2593 2676 2627 2746 η
2677 2674 2877 2747 φθορά.
2894 2675 3039 2729 Ἀλλ’
3058 2677 3187 2730 ἐπεὶ
3232 2676 3457 2740 πολλοῖς
3488 2678 3702 2732 ἄπιστον
3725 2677 3801 2746 τῆς

2237 2765 2592 2831 ἀναστάσεως
2615 2767 2679 2821 τὸ
2700 2769 3027 2840 μυστήριον,
3046 2769 3217 2833 δντως
3238 2770 3491 2840 ὑπάρχον
3509 2767 3794 2840 παράδοξον,

2243 2861 2444 2931 φησιν,
2494 2861 2577 2915 ὅτι
2648 2862 2717 2916 Ti)
2760 2865 2959 2932 στόμα
3003 2864 3226 2932 Κυρίου
3290 2862 3798 2930 manualium

2236 2949 2426 3025 ἐπειδὴ
2480 2952 2605 3008 λίαν
2647 2949 2718 3027 ἦν
2764 2954 3018 3020 ἄπιστον,
3049 2956 3114 3009 ἐκ
3158 2954 3269 3011 τῶν
3303 2956 3482 3009 ἐθνῶν
3521 2954 3795 3011 ἀπολεῖσθαι

2236 3044 2338 3116 τὴν
2384 3044 2615 3116 πλάνην,
2650 3045 2880 3110 εἰκότως
2921 3046 3082 3101 τοῦτο
3127 3047 3499 3120 προσέθηκεν.
3527 3048 3589 3100 Ei
3629 3047 3683 3101 δέ
3720 3046 3797 3113 τῆς

2241 3139 2693 3210 είδωλολατρείας
2744 3141 2825 3195 ἔτι
2879 3141 3115 3207 σώζεται
3176 3142 3475 3214 λείψανον,
3528 3140 3795 3213 θαυμαστὸν

2238 3235 2570 3289 οὐδέν.¹¹Εδει
2603 3235 2713 3307 γὰρ
2744 3235 3056 3290 δείκνυσθαι
3094 3237 3256 3291 τίνων
3297 3238 3450 3307 ἡμᾶς
3478 3238 3505 3291 ό
3536 3232 3792 3303 Λυτρωτὴς

2239 3326 2584 3399 ἠλευθέρωσε
2617 3326 2787 3381 πάλαι
2816 3327 2927 3381 τῶν
2962 3328 3272 3400 ἀνθρώπων
3306 3328 3503 3382 θυσίαν
3552 3327 3615 3381 τὰ
3658 3329 3790 3379 τέκνα

2239 3418 2626 3490 προσαγόντων
2654 3421 2766 3483 τοῖς
2794 3418 3035 3491 δαίμοσι.
3069 3422 3177 3474 Καὶ
3202 3422 3263 3474 τὸ
3294 3423 3381 3490 ἐφ’
3402 3424 3536 3493 ἡμῖν
3560 3421 3612 3474 δέ
3650 3418 3790 3479 οὕτως

2239 3511 2304 3563 ἐκ
2332 3510 2430 3581 τῆς
2471 3510 2824 3575 αὑτεξουσίου
2861 3513 3087 3586 γνώμης
3118 3514 3419 3569 ἐδείκνυτο.
3455 3513 3528 3566 Τὸ
3555 3513 3607 3565 δὲ
3631 3511 3713 3565 ἐπὶ
3743 3511 3790 3563 τὸ

2239 3602 2395 3671 ὄρος,
2428 3604 2571 3657 κατά
2590 3604 2716 3667 τοὺς
2745 3604 2970 3669 λοιποὺς
2997 3607 3340 3677 ἐρμηνευτάς
3368 3606 3609 3661 διάνοιαν
3631 3606 3789 3675 ἑτέραν

2237 3694 2559 3766 παρίστησι.
2594 3696 2790 3765 Σαφῶς
2841 3696 2951 3769 γὰρ
3004 3697 3178 3762 οὕτως
3227 3699 3463 3766 ἐξέδωκε
3496 3698 3787 3769 Σύμμαχος’

2236 3787 2640 3841 Καταποντιεῖ
2657 3787 2727 3840 ἐν
2760 3787 2840 3855 τῷ
2871 3789 2994 3858 ὄρει
3022 3792 3212 3857 τούτῳ
3236 3794 3568 3861 πρόσωπον
3600 3791 3693 3846 τοῦ
3713 3791 3787 3853 ἐξ·

2235 3878 2569 3933 ουσιαστοῦ
2597 3878 2706 3934 τοῦ
2737 3880 3193 3949 ἐξουσιάζοντος
3213 3883 3461 3939 πάντων
3486 3884 3599 3938 τῶν
3612 3883 3782 3945 ἐθνῶν,

2234 3970 2334 4023 καὶ
2382 3972 2420 4040 ἡ
2464 3970 2713 4041 χρῆσιςὶ
2773 3974 2812 4041 ἡ
2857 3973 3175 4045 κεκριμένη
3229 3979 3383 4031 κατὰ
3424 3979 3653 4031 πάντων
3691 3973 3783 4027 τῶν

2233 4064 2444 4129 ἐθνῶν,
2467 4066 2879 4135 καταποθῆναι
2913 4068 3153 4135 ποιήσει
3187 4070 3294 4123 τὸν
3321 4072 3581 4126 θάνατον
3606 4074 3681 4136 είς
3713 4068 3783 4121 τέ-

2231 4159 2364 4221 λος.
2386 4154 2507 4210 Καὶ
2531 4157 2844 4228 ἐξαλείψει
2872 4161 3087 4229 Κύριος
3114 4164 3146 4215 ὁ
3174 4162 3317 4229 Θεὸς
3349 4163 3471 4218 ἀπὸ
3499 4161 3780 4232 προσώπου

2232 4247 2357 4304 πᾶν
2390 4249 2656 4320 δάκρυον
2680 4252 2778 4306 καὶ
2816 4253 2882 4306 τὸ
2916 4252 3151 4320 ὄνειδος
3182 4255 3288 4309 τοῦ
3315 4257 3473 4311 λαοῦ
3506 4254 3676 4312 αὐτοῦ
3699 4268 3778 4306 πε·

2224 4342 2417 4411 ριελεῖ
2450 4343 2569 4398 ἀπὸ
2598 4342 2806 4411 πάσης
2832 4343 2943 4413 τῆς
2976 4344 3109 4416 γῆς,
3131 4346 3220 4400 ὅτι
3248 4349 3464 4417 Κύριος
3491 4348 3772 4414 ἐλάλησεν.

545 4420 716 4474 brium
739 4419 921 4489 populi
942 4420 1026 4474 sui
1057 4419 1205 4473 tollet
1229 4420 1293 4473 ab
1328 4420 1472 4473 omni
1502 4432 1682 4483 terra;
1703 4419 1830 4490 quia
1861 4417 2125 4475 Dominus

2238 4429 2329 4497 Οἷς
2375 4434 2608 4499 Ἀκύλας
2650 4436 2743 4488 καὶ
2801 4436 3095 4493 Θεοδοτίων
3146 4442 3456 4511 συμφώνως
3509 4441 3771 4506 ἐξέδωκαν,

545 4512 749 4566 locutus
770 4521 865 4566 est.
882 4510 1259 4582 3leuihus
1278 4512 1461 4567 verbis
1482 4512 1741 4567 concordi
1768 4512 2130 4569 translatione

543 4600 847 4655 Theodotio
873 4608 927 4655 et
946 4600 1173 4669 Aquilus
1189 4602 1588 4666 assentiuntur,
1616 4602 1907 4659 innuentes
1944 4601 2130 4657 Domi-

543 4703 695 4751 num,
720 4683 942 4757 quando
964 4689 1254 4743 convivium
1288 4691 1344 4743 in
1374 4701 1551 4745 monte
1582 4692 1845 4762 praedicto
1872 4693 2128 4764 gentibus

542 4786 801 4847 apponet,
832 4794 973 4849 quas
1011 4782 1233 4836 arcanis
1264 4782 1383 4837 suis
1423 4785 1702 4854 mysteriis
1733 4783 1929 4855 dignas
1966 4796 2125 4855 puta-

540 4868 654 4934 bit;
686 4876 799 4922 tum
833 4869 1051 4924 demum
1081 4873 1416 4941 pra'cipitata
1440 4875 1790 4931 dominatori:
1817 4878 1974 4948 facie,
1998 4895 2121 4934 eum

540 4959 729 5035 etiam,
781 4958 873 5029 qui
927 4959 982 5014 in
1044 4970 1232 5029 gentes
1287 4978 1481 5019 omnes
1536 4964 1848 5021 dominatur
1907 4969 1985 5038 (id
2041 4977 2127 5025 est

542 5060 793 5117 mortem,
821 5066 943 5121 quae
972 5067 1121 5107 nunc
1147 5052 1371 5123 quidem
1422 5055 1711 5121 dominari,
1752 5060 1821 5113 ab
1857 5060 2124 5130 Apostolo

540 5151 721 5196 autem
773 5141 841 5196 ab
896 5143 1017 5213 ipso
1054 5144 1263 5199 Adamo
1311 5144 1378 5200 ad
1427 5145 1629 5203 Mosein
1681 5166 1855 5222 usque
1893 5167 2123 5225 regnare

539 5232 743 5289 dicitur
782 5236 851 5303 ⁷⁸)
880 5235 1295 5308 proﬂigaturum
1329 5248 1385 5294 et
1425 5241 1790 5310 perditurum.
1848 5244 1955 5299 ista
1990 5261 2120 5318 ergo

538 5338 647 5380 non
697 5327 994 5394 immerito,
1048 5330 1177 5401 quia
1231 5340 1414 5387 cessat
1452 5349 1594 5389 mors
1647 5334 1822 5393 hostis
1852 5338 2119 5408 ultimus,

608 5505 652 5538 "
696 5507 853 5563 Rom.
887 5524 941 5573 v,
973 5510 1063 5566 l7.

1155 5512 1203 5544 “
1239 5510 1455 5585 Col_o_ss.
1489 5528 1528 5576 ι,
1552 5514 1663 5585 is;
1699 5515 1871 5585 Apoc.
1904 5532 1944 5575 ι.
1981 5516 2067 5573 15.

540 5575 630 5643 55,
652 5576 740 5632 56.

849 5580 895 5610 "
936 5580 955 5634 l
984 5580 1184 5639 Thess.
1215 5597 1292 5650 ιν,
1318 5582 1408 5636 12.
1522 5583 1565 5615 ⁷³
1605 5580 1864 5653 Ρδαιξον,
1891 5587 1982 5642 37.

2182 5519 2226 5602 to
2268 5521 2283 5575 |
2319 5519 2461 5602 Cor._
2484 5538 2575 5602 xv,
2603 5525 2694 5582 20.
2771 5528 2817 5561 "
2852 5529 2995 5588 Psal.
3028 5547 3179 5602 xxix,
3216 5533 3310 5591 l2.

2080 5589 2127 5622 ⁷⁸
2167 5592 2326 5645 iiutn.
2351 5609 2405 5658 ν,
2443 5593 2529 5650 14.

2227 4523 2512 4595 δηλοῦντες
2544 4527 2619 4590 ὡς
2644 4527 2720 4580 ὅτ’
2755 4529 2821 4581 ἂν
2852 4529 2918 4582 τὸ
2954 4534 3305 4600 συμπόσιον
3328 4534 3400 4587 ἐν
3428 4535 3546 4603 ὄρει
3572 4532 3641 4603 τῷ
3664 4546 3769 4602 προ-

2228 4616 2506 4689 ειρημένῳ
2555 4619 2773 4689 ποιήσει
2832 4622 2948 4685 τοῖς
2998 4620 3179 4676 ἔθνεσι
3230 4624 3476 4696 Κύριος,
3526 4623 3769 4697 μετασχεῖν

2225 4707 2465 4773 ἀξιώσας
2514 4710 2623 4762 τῶν
2670 4711 2930 4783 ἀρρήτων
2975 4714 3142 4769 αὑτοῦ
3192 4720 3528 4790 μυστηρίων,
3556 4717 3610 4770 τὸ
3645 4731 3763 4785 τηνι-

2226 4799 2402 4855 καῦτα
2435 4802 2542 4856 τοῦ
2564 4802 2971 4867 ἐξουσιαστοῦ
3012 4807 3079 4860 τὸ
3110 4811 3443 4877 πρόσωπον
3462 4806 3764 4866 καταποντί-

2230 4907 2368 4959 σας,
2391 4893 2596 4962 ἀφανὲς
2617 4896 2874 4963 γενέσθαι
2903 4899 3185 4970 ποιήσειεν
3210 4904 3317 4958 τοῦ
3339 4905 3760 4968 ἐξουσιάσαντος

2229 4985 2449 5038 πάντων
2482 4986 2590 5040 τῶν
2633 4986 2800 5042 ἐθνῶν
2823 5030 2838 5055 ,
2874 4991 3018 5046 τοῦτ’
3042 4992 3155 5048 ἔστι
3198 4996 3293 5049 τοῦ
3329 4998 3556 5053 θανάτου
3582 4995 3663 5049 νῦν
3686 4992 3759 5063 μὲν

2225 5075 2632 5140 ἑξουσιαστοῦ
2663 5080 2939 5151 ῥηθέντος,
2967 5086 3119 5156 παρὰ
3142 5088 3199 5141 δέ
3229 5089 3613 5161 τῷἈποστόλῳ
3641 5088 3757 5156 βιαιο

2229 5165 2390 5231 λέως,
2421 5169 2741 5224 ἐϐασίλευσε
2781 5172 3031 5243 λέγοντος
3059 5178 3085 5233 ό
3115 5180 3344 5246 θάνατος
3376 5184 3481 5237 ἀπὸ
3516 5182 3662 5248 Ἀδὰμ
3684 5175 3756 5246 μέ·

2229 5274 2320 5326 χρι
2350 5258 2613 5323 Μωσέως.
2633 5261 2785 5315 Ἐπεὶ
2815 5265 2994 5317 τοίνυν
3036 5266 3262 5338 ἔσχατος
3291 5269 3481 5342 ἐχθρὸς
3512 5270 3751 5335 καταρῖεί·

2228 5362 2320 5399 ται
2362 5349 2395 5400 ὀ
2435 5347 2712 5417 θάνατος,
2745 5351 2971 5419 είκότως
3012 5355 3187 5411 ταῦτά
3217 5357 3562 5430 φησιν.Ἀντὶ
3600 5355 3647 5409 δὲ
3682 5350 3750 5404 τοῦ

3403 5536 3447 5570 ⁷⁸
3484 5536 3504 5590 l
3526 5533 3635 5590 Cor.
3678 5543 3745 5591 xv,

1835 5702 2069 5801 γᾼιιιίε
2108 5706 2513 5765 LECTIO‘NES.

614 5782 630 5835 i
673 5800 765 5854 γρ.
802 5784 1004 5858 κρίσις.
