4020 6372
200 302 341 369 2213

1351 309 1891 371 COMMENTARII
1930 307 2011 368 IN
2049 306 2339 367 ISAIAM.

3318 304 3462 372 22M

198 416 529 484 προσώπου
579 415 689 471 τοῦ
730 415 1157 483 ἐξουσιαστοῦ,
1198 417 1266 472 τὸ
1305 420 1634 487 πρόσωπον
1672 419 1782 487 τῆς

1897 417 2189 487 isurpavit.
2240 414 2347 472 Sed
2402 414 2840 486 praetereundum
2896 430 3006 471 non
3039 424 3146 482 est,
3194 432 3295 489 pro
3321 420 3462 488 [acie

197 511 449 576 arrodat;
471 508 771 580 Σύμμαχός
791 526 852 564 τε
878 509 973 565 καὶ
996 510 1291 564 Θεοδοτίων
1321 512 1615 578 ἐξέδωκαν,
1638 511 1781 566 οὕτω

194 601 486 672 δηλοῦντες
535 603 599 656 τὸ
642 603 884 671 ἀφεγγές
925 620 985 657 τε
1032 604 1127 657 καὶ
1176 604 1401 668 σκότους
1434 604 1642 675 πλῆρες
1685 604 1782 657 τοῦ

199 691 431 745 θανάτου
478 692 697 763 χωρίον.
725 693 858 747 Τότε
890 693 1092 759 τοίνυν,
1125 694 1328 764 ὅτεπερ
1360 695 1409 747 oi
1461 693 1609 761 ἆγιοι
1640 710 1784 764 συμ-

199 784 567 838 δασιλεύσωσι
598 785 675 857 τῷ
700 785 944 856 Χριστῷ,
985 788 1013 839 ό
1049 787 1260 849 πάντας
1294 787 1646 840 καταπίνων
1675 803 1783 840 κα-

198 876 606 942 ταποθήσεται
637 876 911 942 θάνατος.
938 878 1012 932 Τδ
1039 878 1096 931 δὲ
1129 880 1305 932 αίτιον
1332 880 1365 951 ἡ
1400 879 1601 950 χρίσις,
1632 878 1700 932 δι’
1719 879 1786 950 ἦν

198 968 301 1021 ούκ
354 970 437 1021 ἐτι
488 968 705 1042 Θανάτῳ
749 969 1340 1043 δουλεύσουσιν.’Δπερ
1369 972 1725 1043 ὠφελημένος
1762 973 1792 1026 ό

198 1060 343 1123 θεῖος
387 1061 709 1126 ’Δπόστολος
733 1062 962 1131 ἔφασκεο
988 1083 1006 1116 ι
1044 1066 1137 1118 Δεῖ
1158 1063 1267 1136 γὰρ
1286 1066 1349 1117 τὸ
1375 1064 1615 1135 φθαρτὸν
1630 1062 1790 1117 τοῦτο

198 1151 529 1206 ἐνδύσασθαι
550 1154 885 1225 ἀφθαρσίαν,
917 1173 937 1209 ι
964 1155 1061 1210 καὶ
1092 1156 1162 1209 τὰ
1202 1156 1291 1209 ἐπ’
1314 1156 1658 1220 αύτοῖς.”οτε
1694 1153 1789 1209 καὶ

200 1243 325 1302 πᾶν
367 1245 597 1313 ὄνειδος
628 1247 1388 1316 ἀφαιρεθήσεται.”ονειδος
1414 1247 1525 1319 γὰρ
1564 1242 1634 1318 ἦν
1677 1248 1791 1309 τοῖς

200 1340 323 1390 κατ’
349 1339 534 1392 εἰκόνα
560 1338 698 1393 Θεοῦ
727 1342 1120 1413 πεποιημένοις
1151 1342 1482 1414 ἀνθρώποις,
1538 1341 1599 1395 τὸ
1624 1341 1795 1393 ἐκπε-

202 1433 315 1484 σεῖν
352 1432 455 1502 τῆς
490 1432 709 1485 αἰωνίου
748 1431 914 1504 ζωῆς.

1878 510 2272 573 dominatoris;
2329 510 2659 564 tenebrarum
2711 508 2906 579 [aciem
2958 507 3347 580 Symmachum
3406 520 3462 567 et

1878 601 2311 658 Theodotionem
2356 599 2680 669 reddidisse,
2733 609 2793 654 ut
2839 600 3072 671 caligine
3112 609 3168 655 et
3219 601 3463 657 tenebris

1879 693 2075 747 mortis
2121 693 2304 747 locum
2365 692 2628 764 docerent
2685 692 2990 747 abundare.
3047 691 3166 758 Quo
3216 702 3471 762 tempore

1879 784 2069 856 igitur,
2096 800 2222 839 cum
2250 784 2473 840 Christo
2504 786 2783 858 regnaturi
2816 786 2991 841 sancti
3028 795 3177 851 sunt,
3224 796 3336 839 tum
3369 787 3464 843 de-

1882 892 2032 931 mum
2060 893 2183 947 qua:
2212 892 2405 933 omnes
2446 886 2573 934 aute
2610 878 2822 934 solebat
2853 879 3152 939 absorbere.
3194 894 3338 933 mors
3367 878 3466 932 ab-

1881 968 2200 1024 sorbebitur.
2231 967 2411 1037 Atque
2442 968 2607 1038 hujus
2630 968 2847 1038 quidem
2887 969 2967 1024 rei
2998 984 3217 1023 causam
3267 969 3457 1023 unctio

1882 1059 1995 1124 illa,
2022 1075 2119 1129 per
2139 1074 2303 1129 quam
2337 1060 2497 1116 morti
2524 1076 2630 1114 non
2663 1060 2902 1114 servient
2931 1061 3193 1129 amplius,
3218 1060 3459 1130 praebue-

1882 1154 1984 1217 rit;
2018 1167 2125 1222 qua
2153 1162 2348 1211 auctus
2377 1153 2701 1223 Apostolus,
2730 1151 3087 1221 corruptibile
3122 1154 3227 1207 hoc
3273 1152 3459 1208 incor-

1884 1246 2223 1313 ruptionem,
2257 1252 2313 1303 et
2343 1245 2575 1301 mortale
2608 1246 2712 1299 hoc
2746 1245 3212 1299 immortalitatem
3238 1245 3465 1301 indutu-

1883 1352 2027 1401 rum,
2059 1347 2366 1409 caeteraque
2416 1337 2507 1392 illa
2538 1353 2662 1409 quae
2707 1344 3032 1406 sequuntur,
3081 1335 3369 1391 aﬁirmavit
3395 1338 3467 1393 "'.

1883 1426 2023 1482 Tum
2079 1426 2301 1484 demum
2361 1427 2525 1483 etiam
2579 1427 2915 1497 opprobrium
2964 1444 3115 1482 omne
3171 1428 3466 1495 auferetur.

201 1523 333 1579 Erat
361 1525 508 1581 enim
550 1540 660 1580 non
703 1525 818 1581 leve
846 1527 1161 1586 hominibus
1189 1528 1550 1602 opprobrium,
1576 1524 1671 1599 qui
1706 1524 1774 1580 ad
1812 1522 1909 1577 Dei
1962 1522 2258 1595 imaginem
2335 1522 2465 1577 iacti
2514 1531 2727 1589 essent,
2774 1523 2884 1578 vita
2937 1528 3271 1596 setnpiterna
3320 1522 3471 1580 exci-

202 1618 371 1672 disse.

272 1712 439 1783 θ’-ιβ⁹.
458 1714 565 1768 Καί
584 1715 791 1786 ἐροῦσι
819 1718 895 1789 τῇ
917 1718 1110 1789 ἡμέρᾳ
1141 1716 1344 1784 ἐκείνῃ
1362 1733 1376 1749 ο
1406 1712 1567 1771 Ἰδοὺ
1594 1715 1628 1768 d
1650 1709 1795 1775 Θεὸς

1963 1704 2127 1777 322
2159 1700 2327 1757 Vens.
2360 1702 2511 1757 9-12.
2554 1701 2625 1756 Et
2663 1702 2840 1758 dicent
2871 1703 2971 1757 illa
3001 1702 3087 1759 die
3116 1719 3135 1757 :
3168 1703 3302 1759 Ecce
3333 1704 3471 1761 Deus

202 1802 399 1872 ἡμῶν,
434 1806 530 1876 ἐφ’
554 1807 629 1861 ὸν
655 1807 1003 1881 ἠλπίζομεν.
1038 1808 1147 1863 Kal
1174 1805 1613 1877 ἡγαλλιώμεθα,
1641 1803 1788 1859 ἀνά-

202 1912 444 1951 παυσιν
482 1898 661 1954 δώσει
686 1905 720 1955 δ
743 1902 887 1967 Θεὸς
913 1900 1012 1955 ἐπὶ
1050 1900 1118 1954 τὸ
1145 1900 1284 1967 ὄρος
1314 1898 1515 1953 τοῦτο.
1549 1896 1657 1952 Kal
1688 1912 1793 1951 κα-

202 1990 694 2059 ταπατηθήσεται
716 1993 755 2061 ή
785 1993 1101 2061 Μωαϐῖτις,
1131 1992 1205 2047 ὸν
1236 1992 1460 2061 τρόπον
1490 1990 1791 2047 πατοῦσιν

203 2082 411 2138 ἅλωνα
440 2084 511 2138 ἐν
534 2084 810 2156 ἀμάξαις,
844 2105 900 2142 κ.
926 2104 978 2141 τ.
1009 2086 1059 2144 λ.

275 2263 702 2329 Καταποθέντος
742 2265 838 2320 τοῦ
889 2267 1125 2323 θανάτου
1173 2268 1317 2324 κατὰ
1347 2269 1440 2323 τὸν
1466 2268 1658 2340 καιρὸν
1690 2272 1789 2340 τῆς

203 2354 597 2423 ἀναστάσεως,
629 2357 680 2410 oi
728 2357 824 2411 τοῦ
872 2359 994 2413 νέου
1036 2360 1232 2424 αἰῶνος
1282 2361 1389 2413 υίοὶ
1437 2361 1787 2432 χαριστήριον

203 2445 431 2517 ᾄσουσιν
457 2447 599 2518 ᾠδὴν
618 2449 710 2502 τὸν
736 2449 946 2503 ἑαυτῶν
974 2452 1204 2522 Σωτῆρα
1229 2451 1495 2522 θεώμενοι
1516 2452 1783 2521 λέγοντες·

217 2536 379 2591 Ἰδοὺ
406 2541 440 2593 ό
466 2539 609 2605 Θεὸς
634 2540 805 2611 ἡμῶν
834 2541 928 2611 ἐφ’
956 2536 1004 2609 ᾧ
1029 2542 1375 2613 ἠλπίζομεν,
1405 2542 1497 2597 τὸν
1540 2543 1670 2614 πρὶν
1696 2543 1785 2596 ἐλ-

204 2630 475 2685 πισθέντα
507 2632 602 2687 νῦν
644 2634 881 2705 ὁρῶντες
904 2636 1165 2707 ἡδόμεθα,
1208 2639 1279 2691 τὰ
1310 2637 1534 2691 ἐπιόντα
1567 2635 1787 2707 λυπηρὰ

202 2724 273 2777 δι’
304 2725 471 2779 αὑτὸν
500 2730 1119 2799 καρτερήσαντες.Ἀνθ’
1144 2723 1219 2785 ὧν
1269 2731 1327 2784 ἐν
1364 2729 1444 2801 τῷ
1484 2729 1587 2799 τῆς
1628 2729 1785 2800 βασι-

204 2816 359 2881 λείας
388 2818 531 2887 ὄρει,
558 2821 667 2873 τῶν
693 2821 1118 2893 ἐπηγγελμένων
1147 2822 1371 2891 ἀγαθῶν
1393 2821 1783 2876 ἀπολαύσουσι.

220 2911 286 2965 Ἡ
313 2912 372 2966 δέ
401 2914 716 2980 Μωαϐῖτις,
752 2916 897 2969 κατὰ
927 2915 983 2969 δὲ
1008 2917 1109 2987 τὴν
1148 2914 1412 2988 Ἐϐραῖδα
1452 2915 1652 2977 Μωὰϐ,
1686 2912 1784 2983 τῆς

205 3002 471 3067 ἀσεϐείας
514 3004 703 3073 ὑφέξει
748 3008 849 3077 τὴν
871 3006 1047 3079 δίκην.
1068 3006 1215 3060 Ἀντὶ
1240 3006 1298 3060 δε
1330 3006 1425 3060 τοῦ
1446 3003 1783 3073 αλοηθήσε-

1890 1806 2092 1861 noster,
2130 1794 2188 1849 in
2218 1811 2370 1862 quem
2405 1811 2705 1863 speramus,
2735 1806 2783 1851 et
2814 1797 3045 1851 salvabit
3085 1813 3202 1852 nos.
3230 1795 3341 1852 Iste
3369 1796 3475 1853 Do-

1887 1874 2106 1951 νήπιε,
2124 1888 2478 1942 sustinuimus
2512 1903 2632 1941 eum
2675 1896 2726 1941 et
2778 1887 3185 1950 exsultabimus,
3234 1898 3285 1942 et
3326 1889 3477 1944 lana-

1889 1984 2066 2038 bimur
2112 1983 2168 2036 in
2216 1983 2391 2038 salute
2425 1991 2632 2036 nostra.
2667 1981 2916 2051 Requiem
2956 1982 3103 2036 dabit
3142 1982 3278 2039 Deus
3319 1999 3476 2051 super

1888 2087 2120 2132 montem
2149 2075 2311 2130 hunc.
2351 2074 2422 2130 Et
2453 2075 2857 2130 conculcabitur
2890 2073 3172 2141 Moabitis,
3212 2076 3474 2147 quomodo

1891 2169 2102 2224 calcant
2129 2183 2311 2222 aream
2341 2170 2622 2238 plaustris,
2653 2179 2760 2227 etc.

1956 2282 2229 2355 Absorpta
2258 2294 2457 2351 morte,
2487 2285 2607 2357 ipso
2634 2287 3062 2344 resurrectionis
3090 2296 3359 2360 tempore,
3378 2286 3473 2357 qui
3499 2304 3509 2332 ι

1887 2375 2077 2431 saeculi
2120 2378 2362 2433 recentis
2390 2377 2484 2433 ﬁlii
2518 2380 2813 2441 exsistent.
2846 2380 3189 2435 Salvatorem
3228 2387 3479 2435 contem-

1887 2470 2045 2541 plati,
2079 2469 2257 2526 eidem
2286 2472 2341 2527 in
2375 2475 2589 2543 accepti
2617 2474 2871 2529 beneﬁcii
2905 2474 3225 2529 memoriam
3252 2487 3477 2527 carmen

1887 2561 1977 2616 bis
1999 2562 2187 2617 verbis
2221 2562 2597 2619 decantabnnt
2624 2582 2638 2619 :
2668 2564 2802 2620 Ecce
2830 2565 2971 2620 Deus
3012 2574 3213 2628 noster,
3246 2565 3299 2619 in
3326 2578 3479 2633 quem

1886 2652 2256 2719 sperabamus,
2278 2670 2441 2723 quem
2466 2654 2572 2709 ﬁde
2593 2663 2776 2718 antea,
2812 2672 2959 2711 nunc
2991 2657 3127 2725 ipsis
3160 2655 3335 2711 oculis
3372 2655 3476 2710 laeti

1888 2741 2208 2810 aspicimus,
2226 2745 2319 2815 qui
2341 2744 2557 2801 labores
2572 2756 2628 2801 et
2648 2747 2929 2801 molestias
2946 2753 3043 2817 per
3060 2762 3181 2802 eum
3206 2745 3484 2817 superavi-

1887 2847 2033 2887 mus.
2052 2833 2297 2900 Quorum
2316 2836 2435 2891 vice
2460 2836 2749 2907 promissis
2766 2838 2991 2892 bonisin
3011 2838 3164 2909 regni
3183 2847 3356 2892 monte
3382 2852 3481 2908 po-

1886 2924 2117 2980 tientur.
2137 2927 2207 2980 At
2227 2927 2345 2998 ipsa
2358 2926 2635 2995 Hoabitis,
2652 2930 2737 2984 vel
2762 2928 2995 2994 Moab,si
3016 2929 3363 2985 Hebraeorum
3384 2929 3478 2985 lit-

1890 3024 2063 3071 teram
2119 3018 2444 3088 sequimur,
2496 3019 2794 3089 impietatis
2848 3034 3038 3090 poenas
3078 3035 3191 3075 non
3236 3019 3476 3090 eﬁ‘ugiet.

208 3112 327 3155 rm,
362 3095 662 3168 Σύμμαχος
710 3098 973 3165 ἐξέδωκεν
1024 3099 1392 3169 ἀλοήσομεν.
1438 3098 1595 3161 Τίνες
1638 3097 1696 3151 δέ
1747 3096 1795 3149 οί

1897 3108 2100 3165 Verum
2140 3086 2252 3180 quo
2291 3111 2410 3166 loco
2439 3086 2784 3166 triturabitur
2817 3086 3082 3168 habemus
3110 3086 3482 3165 tritarabimss

209 3189 507 3254 ἁλοῶντες,
541 3190 671 3261 ἑξῆς
700 3191 955 3263 ἐπιφέρει
992 3192 1197 3261 λέγων’
1247 3191 1358 3246 Kal
1404 3190 1795 3259 πατήσουσιν

1897 3200 2088 3271 agendi
2120 3201 2523 3272 signiﬁcatione
2552 3201 2792 3258 reddidit
2822 3202 3206 3274 Symmachus.
3225 3200 3335 3258 Nec
3356 3200 3484 3271 qui-

212 3281 406 3336 αὺτὸν
436 3282 619 3350 πόδες
644 3284 877 3353 πραέων
904 3284 1006 3339 καὶ
1040 3283 1337 3339 ταπεινῶν
1366 3282 1631 3352 βήματα.
1666 3280 1798 3335 Νόει

1897 3308 2022 3347 nam
2044 3297 2400 3349 trituratores
2417 3292 2792 3349 futuriessent
2809 3291 3198 3353 dissimulavit,
3218 3305 3343 3345 cum
3365 3305 3485 3344 eum

210 3372 272 3425 δὲ
299 3371 507 3437 Μωὰϐ,
536 3372 630 3427 τὸν
677 3373 829 3444 παρὰ
871 3374 1203 3440 Μωαϐίταις
1230 3370 1542 3443 τιμώμενον
1569 3369 1798 3439 δαίμονα

1897 3392 2297 3437 mansuetorum
2327 3376 2572 3453 pedibus,
2605 3383 2993 3453 ltumiliamque
3034 3381 3267 3451 vestigiis
3305 3380 3485 3434 calca-

217 3465 362 3519 κατὰ
389 3464 529 3520 Θεοῦ
561 3464 661 3537 μὲν
685 3467 995 3536 ἐπαρθέντα
1013 3507 1028 3531 ,
1065 3465 1433 3536 συντρίψαντα
1460 3464 1519 3518 δὲ
1541 3463 1670 3525 τοὺς
1698 3460 1798 3529 ὑφ’

1899 3487 2009 3531 tum
2055 3477 2217 3549 323
2273 3478 2344 3531 iri
2378 3475 2609 3530 addidit.
2648 3474 2927 3545 lntelligas
2962 3483 3145 3530 autem
3182 3472 3340 3528 Moab
3381 3487 3485 3527 nu-

221 3559 425 3625 ἐαυτῷ,
456 3561 551 3613 καὶ
578 3560 743 3614 αὐτὸν
770 3560 826 3614 δὲ
855 3561 950 3614 τὸν
982 3558 1201 3630 Ἰσραὴλ
1243 3557 1321 3629 τῷ
1361 3554 1689 3625 Βεελφεγὼρ
1716 3570 1798 3607 τε-

1902 3572 2048 3626 mine
2074 3571 2282 3624 cultum
2317 3567 2462 3637 apud
2495 3564 2791 3631 Moabitae,
2820 3572 2875 3622 et
2902 3565 2957 3619 in
2987 3563 3159 3619 Deum
3200 3579 3321 3620 sese
3357 3562 3489 3618 elle—

221 3650 485 3720 λεσθῆναι
525 3650 858 3722 ποιήσαντα·
886 3652 979 3704 καὶ
1004 3650 1062 3705 ἐν
1087 3648 1214 3720 τῇδε
1263 3647 1393 3718 περὶ
1421 3644 1595 3701 Μωὰϐ
1618 3643 1798 3712 ἔλεγεν

1903 3671 2116 3717 rentem
2179 3659 2509 3723 daemonem,
2556 3656 2651 3727 qui
2690 3656 2794 3711 sibi
2832 3655 3088 3711 subditos
3139 3652 3484 3724 opprimebat

224 3744 437 3814 ὁράσει,
466 3744 551 3797 ὄτι
581 3743 722 3816 ἤρθη
754 3745 788 3815 ή
818 3742 1106 3815 συμμαχία
1137 3759 1228 3796 σου
1253 3784 1267 3807 ,
1294 3741 1388 3795 καὶ
1418 3741 1446 3792 ό
1468 3738 1652 3809 ἄρχων
1695 3736 1798 3789 ἀπ-

1902 3760 1958 3808 et
1988 3752 2248 3824 p0pulum
2280 3749 2641 3806 lsraeliticum
2672 3747 3023 3817 Beelphegori
3072 3744 3283 3801 initiari
3323 3759 3490 3816 coge-

226 3836 396 3891 ὠλετο
415 3838 797 3891 όκαταπατῶν
828 3837 924 3889 ἐπὶ
951 3836 1052 3906 τῆς
1076 3834 1351 3906 γῆς.Περὶ
1378 3827 1440 3887 ob
1471 3833 1564 3887 καὶ⁵
1586 3832 1615 3884 ό
1644 3830 1798 3901 Ἰερε-

1906 3846 2089 3902 bat".
2143 3843 2439 3914 Superiora
2491 3849 2758 3913 praeterea
2799 3840 2855 3893 in
2901 3836 3252 3893 Moabitidem
3281 3836 3490 3892 visione

233 3930 360 3997 μίας
398 3929 570 4000 φησί’
617 3948 636 3981 ι
664 3930 775 3982 Καὶ
802 3927 1145 3993 ἐξελεύσεται
1175 3925 1382 3998 Χαμὼς
1417 3927 1473 3978 ἐν
1503 3923 1752 3993 ἀποικίᾳ.
1782 3938 1798 3972 ι

1907 3942 2026 4008 ejus
2068 3939 2355 4000 auxilium,
2390 3944 2445 3991 et
2485 3934 2811 4005 principem,
2841 3931 2936 4001 qui
2971 3931 3026 3985 in
3056 3937 3201 3984 terra
3237 3928 3490 3984 calcabat

231 4024 341 4075 Kal.
371 4021 537 4075 πάλιν
555 4036 569 4049 '
609 4039 627 4071 ι
662 4022 769 4073 Καὶ
796 4018 1331 4099 καταισχυνθήσεται
1362 4014 1537 4071 Μωὰὅ
1561 4014 1670 4067 ἀπὸ
1698 4014 1798 4067 Χα‹

1908 4034 2143 4105 periisse
2202 4029 2509 4085 atlirmavit.
2567 4026 2641 4079 De
2678 4024 2869 4079 eodem
2920 4019 3188 4077 Jeremias
3240 4020 3360 4091 ipse
3408 4020 3491 4076 sic

230 4113 370 4184 μὼς.
420 4133 438 4165 ι
494 4108 619 4177 Οἴος
674 4113 731 4167 δὲ
772 4109 864 4182 ἦν,
890 4112 1041 4182 δηλοῖ
1087 4110 1295 4180 λέγων’
1326 4129 1345 4163 ι
1386 4109 1583 4179 Ἐγγὺς
1628 4109 1798 4180 ἡμέρα

1912 4128 2157 4197 loquitur
2190 4142 2204 4179 :
2243 4141 2262 4175 ι
2306 4124 2368 4176 Ει
2395 4120 2564 4176 abibit
2595 4118 2833 4172 Chamos
2867 4115 2921 4169 in
2954 4113 3323 4184 captivitatem
3354 4112 3422 4167 "'.
3463 4129 3484 4162 ι

226 4207 429 4271 Μωὰὁ,
481 4209 578 4261 καὶ
616 4208 852 4277 πονηρία
908 4204 1073 4261 αὐτοῦ
1122 4207 1316 4277 ταχεῖα
1369 4205 1597 4275 σφόδρα.
1628 4222 1646 4254 ι
1702 4202 1798 4257 Kal

1914 4221 2155 4289 Itemque
2178 4232 2192 4267 :
2219 4236 2238 4269 ι
2261 4215 2328 4270 Ει
2354 4213 2593 4286 pudeﬁet
2615 4210 2775 4266 Moab
2803 4224 2835 4263 a
2863 4208 3101 4263 Chamos
3135 4206 3202 4259 ⁷⁸.
3242 4224 3263 4258 ι
3297 4204 3489 4269 Qualis

229 4299 398 4353 πάλιν
419 4316 434 4328 θ
471 4298 669 4351 «Ἴδετε
718 4299 836 4362 πῶς
875 4297 1166 4368 συνετρίϐη
1200 4296 1475 4368 βακτηρία
1504 4296 1756 4366 εὐκλεής.
1788 4314 1798 4348 l

1915 4323 2096 4370 autem
2143 4318 2293 4366 esset
2323 4307 2521 4379 aperit,
2570 4319 2694 4359 cum
2739 4303 2817 4357 ait
2848 4318 2863 4354 :
2901 4318 2921 4353 ι
2958 4301 3134 4355 Instat
3161 4299 3281 4355 dics
3308 4298 3489 4365 Moab,

228 4393 344 4447 Kal.
377 4392 540 4447 πάλιν
566 4408 580 4423 '
623 4411 642 4445 ι
673 4391 968 4462 Κατεάχθη
1005 4391 1175 4461 κέρας
1207 4389 1414 4454 Μωὰσ,
1442 4391 1535 4442 καὶ
1577 4388 1639 4442 τὸ
1689 4388 1798 4440 ἐπί-

1915 4417 1968 4462 et
2007 4404 2213 4459 malitia
2246 4401 2368 4470 ejus
2411 4398 2559 4453 celer
2594 4394 2752 4448 valde
2782 4394 2851 4445 ⁷⁸.
2894 4410 2913 4444 ι
2951 4390 3018 4443 Et
3052 4390 3246 4443 iterum
3281 4406 3297 4442 :
3339 4406 3358 4439 ι
3397 4387 3491 4442 Vi-

230 4502 417 4556 χειρον
446 4483 614 4537 αὑτοῦ
650 4484 961 4555 συνετρίϐη,
992 4484 1126 4555 φησὶ
1144 4482 1367 4552 Κύριος.
1391 4483 1602 4554 Δήσατε
1627 4481 1811 4546 αὑτὸν,

227 4581 313 4632 ὅτι
335 4580 431 4631 ἐπὶ
453 4578 660 4646 Κύριον
689 4577 1043 4648 ἐμεγάλυνεν.
1071 4596 1091 4629 ι
1120 4578 1230 4631 Kal.
1254 4579 1445 4632 πάλιν·
1483 4594 1501 4628 ι
1530 4577 1640 4629 Kal.
1663 4574 1817 4628 ἔσται

230 4672 307 4733 είς
336 4670 559 4739 γέλωτα
604 4670 698 4723 καὶ
738 4669 922 4733 αὐτὸς,
952 4668 1139 4740 ἐπειδὴ
1174 4670 1253 4733 είς
1284 4667 1609 4738 γελοιασμὸν
1637 4662 1706 4738 ἦν
1735 4684 1818 4720 σοι

243 4763 489 4835 Ἰσραήλ.
519 4783 536 4816 ι
582 4763 694 4818 Καὶ
719 4763 846 4833 ἑξῆς
862 4779 877 4795 ⁸
909 4765 1210 4828 «Ἤκουσα,
1229 4763 1415 4831 φησιν,
1436 4762 1595 4833 ὓϐριν
1618 4759 1818 4826 Μωὰὸ,

231 4855 465 4926 ὕσρισεν
515 4855 719 4925 σφόδρα
754 4854 816 4907 τὸ
849 4854 984 4926 ὕψος
1026 4856 1120 4909 καὶ
1166 4855 1533 4924 ὑπερηφανία.
1562 4871 1581 4907 ι
1602 4851 1821 4924 Ἐπειδὴ

231 4944 325 5001 οὖν
363 4946 598 5017 φοϐερὸς
632 4948 903 5011 Ἰουδαίοις
931 4947 1219 5017 νενόμιστο
1241 4989 1255 5013 ,
1291 4946 1621 5019 παρίστησιν
1652 4944 1816 5000 αὐτοῦ

231 5042 333 5111 τὴν
391 5043 452 5093 ἐν
499 5042 578 5109 τῷ
631 5040 879 5110 μέλλοντι
932 5040 1133 5110 κρίσιν.
1151 5039 1298 5093 Ἀντὶ
1330 5040 1388 5093 δὲ
1429 5038 1523 5092 τοῦ
1550 5080 1564 5104 ,
1597 5040 1705 5093 Kal
1754 5038 1822 5093 τὸ

234 5133 401 5202 ὕψος
430 5131 545 5201 τῆς
572 5131 922 5202 καταφυγῆς
964 5130 1071 5186 τοῦ
1113 5132 1284 5187 οἴκου
1306 5146 1424 5187 σου
1449 5132 1821 5197 ταπεινώσει,

235 5226 311 5279 Σύ
321 5244 362 5295 μ
369 5241 567 5295 μαχος,
588 5224 696 5278 Kal
720 5224 787 5277 τὸ
811 5224 1086 5293 ὀχύρωμα
1110 5224 1217 5278 τοῦ
1254 5224 1455 5293 ὕψους
1476 5223 1595 5277 τῶν
1612 5222 1825 5292 τειχῶν

237 5333 361 5373 σου
394 5318 595 5385 redibat,
618 5316 769 5387 φησί.
817 5318 1016 5386 Τεῖχος
1051 5316 1108 5371 δὲ
1138 5316 1231 5371 καὶ
1274 5318 1550 5387 ὀχύρωμα
1578 5319 1634 5371 al
1660 5318 1824 5371 δυνάο

244 5428 370 5480 μεις
399 5405 542 5479 ἦσαν
576 5407 765 5473 αὐτοῦ,
791 5402 881 5471 αἷς
912 5408 1205 5478 ὠχύρωτο.
1234 5409 1467 5478 Νοήσεις
1492 5408 1549 5463 δὲ
1582 5408 1649 5461 δι’
1679 5408 1818 5471 ἐνὸς,

238 5497 335 5557 οἷα
363 5501 647 5555 πείσονται
676 5501 768 5554 καὶ
790 5500 840 5553 οί
868 5501 938 5553 τὰ
965 5500 1125 5554 λοιπὰ
1153 5500 1262 5553 τῶν
1291 5500 1461 5554 ἐθνῶν
1502 5502 1821 5572 ἀπατήσαν-

316 5682 361 5714 ’⁵
406 5681 421 5733 Ι
460 5681 589 5737 Cor.
619 5700 709 5746 xv,
762 5682 851 5737 55.
982 5684 1030 5716 ⁷⁸
1069 5684 1210 5739 Psal.
1242 5702 1326 5749 (ιν,
1356 5687 1448 5742 28.

247 5751 289 5781 "
320 5753 453 5807 ibid.
491 5754 586 5821 25,
617 5755 705 5809 26.
780 5754 825 5786 ⁸²
855 5754 987 5809 ibid.
1025 5755 1113 5809 ΞΤ.
1176 5754 1224 5787 ⁸³
1259 5755 1395 5812 Ibid.
1421 5756 1507 5812 29.

1555 5689 1597 5718 ’⁷
1631 5686 1833 5741 Jcrcm.
1868 5700 2058 5749 xu'ltt,
2097 5685 2147 5740 7.

1912 4505 2035 4560 dcte
2068 4492 2347 4567 quomodo
2372 4488 2692 4545 confractus
2713 4492 2798 4539 est
2827 4483 3053 4538 baculus
3085 4479 3245 4535 fortis
3271 4479 3339 4534 ⁸⁸.
3379 4497 3399 4532 ι
3422 4476 3491 4532 Et

1913 4604 2132 4648 rursum
2187 4602 2252 4639 ει
2305 4582 2593 4636 Resectum
2638 4584 2723 4631 est
2764 4588 2936 4628 cornu
2996 4569 3171 4634 Moab,
3217 4576 3271 4624 et
3326 4569 3491 4623 robur

1915 4683 2037 4753 ejus
2064 4675 2472 4738 conculcatum,
2498 4670 2573 4724 ait
2594 4668 2878 4723 Dominus.
2913 4664 3099 4735 Ligate
3129 4664 3329 4733 ipsum,
3354 4677 3494 4731 qno-

1913 4752 2063 4829 niam
2116 4770 2171 4825 in
2209 4765 2498 4822 Dominum
2532 4757 2821 4831 magniﬁce
2850 4772 2909 4813 se
2938 4756 3135 4811 extulit
3178 4755 3248 4807 ".
3293 4772 3312 4806 ι
3348 4752 3496 4809 Prte-

1914 4876 2106 4923 terea:
2142 4882 2161 4917 ι
2204 4864 2271 4916 Et
2290 4861 2396 4917 erit
2418 4860 2475 4913 in
2510 4856 2684 4912 risum
2720 4854 2885 4910 etiam
2918 4853 3055 4922 ipse,
3086 4850 3217 4921 quia
3263 4848 3317 4902 in
3350 4847 3496 4902 deri-

1919 4975 2040 5015 sum
2077 4955 2175 5010 tibi
2203 4952 2329 5017 iuit,
2358 4965 2393 5006 ο
2422 4948 2592 5006 Israel
2614 4948 2683 5002 ⁸¹.
2722 4964 2742 4999 ι
2778 4943 3019 5013 Denique
3050 4959 3065 4996 :
3095 4957 3115 4992 ι
3144 4938 3365 5003 Audivi,
3394 4936 3492 5001 ait,

1920 5047 2235 5119 superbiam
2272 5041 2450 5098 Moab.
2500 5038 2740 5109 Injnrius
2789 5036 2892 5091 fuit
2936 5033 3114 5097 valde,
3142 5045 3406 5101 arrogans
3440 5036 3495 5083 et

1921 5140 2205 5196 iastnosus
2235 5136 2303 5189 ³³.
2364 5154 2382 5186 ι
2430 5131 2700 5198 Quoniam
2740 5142 2871 5199 ergo
2921 5124 3125 5180 Iudaeis
3171 5119 3495 5176 metuendus

1920 5231 2242 5291 videbatur,
2278 5225 2522 5281 futurum
2554 5221 2815 5289 deinceps
2860 5217 2983 5287 ejus
3012 5213 3280 5286 judicium
3322 5225 3494 5281 appo-

1922 5338 2055 5378 nere
2092 5320 2271 5375 libuit.
2325 5317 2593 5375 Caeterum
2630 5326 2740 5383 quo
2777 5311 2899 5365 loco
2940 5318 2991 5363 et
3036 5303 3365 5360 altitudinem
3407 5316 3495 5355 re-

1926 5415 2062 5486 fugii
2106 5412 2296 5466 domus
2336 5420 2442 5465 tua:
2473 5406 2795 5469 humiliabit,
2847 5403 3111 5458 habemus
3156 5414 3173 5452 :
3220 5394 3286 5449 Et
3324 5394 3500 5448 muni-

1928 5518 2161 5562 mentum
2178 5504 2480 5560 altitudinis
2496 5517 2769 5557 murorum
2792 5510 3002 5554 tuorum
3018 5492 3286 5551 concidere
3314 5490 3497 5560 faciet,

2257 5685 2304 5717 τι
2344 5646 2477 5739 ibid.
2528 5683 2615 5738 ιδ.
2720 5682 2767 5715 ν’
2809 5680 2941 5736 ibid.
2982 5676 3066 5733 t6.
3142 5677 3192 5709 ³ο
3232 5676 3360 5731 ibid.
3400 5672 3491 5726 Π.
