4020 6372
592 257 738 325 2215
1933 252 2179 316 PROCO

2279 254 2294 314 [
2332 253 2579 315 ΟΑΖᾹΞΙ
3714 252 3829 318 2216

597 377 999 443 luterpn-tatus
1053 377 1137 424 est
1169 365 1565 440 Symmachus.
1618 365 1787 422 Erant
1819 380 1954 421 vero
2004 380 2179 419 manu

2293 382 2389 429 τες
2423 364 2699 437 δαίμονες.
2742 362 2914 418 Τοῦτο
2951 362 3063 436 γὰρ
3100 364 3235 436 ἡμῖν
3271 363 3300 416 ὁ
3338 363 3617 435 προφήτης
3651 365 3831 420 κατελι-

594 472 646 517 et
699 460 1080 516 munimentum
1134 460 1279 514 vires
1332 459 1499 529 ejus,
1563 460 1766 529 quibus
1830 458 2190 512 muniebatur.
2296 470 2421 510 πεν.

594 553 788 611 Discas
822 569 991 625 porro
1037 552 1109 608 ab
1156 569 1290 615 uno,
1325 553 1510 623 qualia
1554 554 1837 610 daemones
1867 551 1971 623 ipsi
2001 550 2193 614 etiam,
2232 547 2324 617 qui
2354 547 2599 619 reliquas
2626 558 2817 620 gentes
2848 548 2904 605 in
2934 545 3187 605 fraudem
3241 545 3605 611 deduxerunt,
3655 554 3831 617 passuri

594 653 746 702 sunt.
786 643 843 698 Id
874 644 1022 699 enim
1054 642 1424 714 colligendum
1464 645 1625 700 nobis
1651 642 1886 714 relinqui
1917 639 2183 711 propheta
2220 636 2417 693 voluit.

1173 738 1327 793 CAP.
1363 738 1555 795 XXVI.

2858 731 3114 786 κεοΑΛ.
3156 732 3303 799 κεῖν.

664 832 834 889 Vens.
863 833 980 887 1-8.
1023 830 1121 887 Die
1167 832 1266 886 illa
1304 833 1598 887 cantabunt
1640 834 1909 887 canticum
1942 831 2089 885 istud
2139 828 2179 883 ir

2364 831 2524 897 αι-η’,
2569 823 2649 895 Τῇ
2671 823 2862 895 ἡμέρᾳ
2882 824 3087 892 ἐκείνῃ
3124 822 3378 891 dvorsus
3411 820 3476 874 τὸ
3504 814 3661 891 ᾆσμα
3691 823 3833 880 τοῦτο

598 937 747 983 terra
774 921 1003 985 Iudicas,
1038 922 1273 978 dicentes
1308 940 1322 977 :
1372 922 1505 978 Ecce
1538 925 1726 979 civitas
1760 924 1992 987 munita,
2022 932 2074 976 et
2104 936 2179 975 sa-

2287 918 2389 973 ἐπὶ
2443 918 2558 988 τῆς
2604 915 2715 986 τῆς
2766 917 3087 981 Ἰουδαίας,
3143 914 3450 984 λέγοντες·
3515 916 3663 971 Ἰδοὺ
3689 921 3834 984 πόλις

597 1014 778 1069 tutare
829 1022 1070 1069 nostrum
1130 1025 1289 1083 ponet
1350 1032 1601 1084 murum,
1655 1026 1705 1071 et
1753 1014 2179 1079 circummurale,

2292 1008 2505 1081 ὀχυρὰ,
2540 1011 2639 1065 καὶ
2664 1009 2965 1078 σωτήριον
3009 1006 3179 1078 ἡμῶν
3218 1007 3391 1074 θήσει
3428 1007 3497 1061 τὸ
3524 1010 3726 1077 τεῖχος,
3756 1013 3831 1067 καὶ

594 1106 797 1174 aperite
826 1114 1034 1176 portas.
1062 1104 1410 1177 Ingrediatur
1445 1110 1673 1178 populus
1706 1110 2011 1166 custodiens
2027 1108 2179 1178 justi-

2290 1104 2650 1172 περιτειχος.
2669 1100 2967 1165 Ἀνοίξατε
2994 1102 3215 1166 abduc,
3242 1098 3562 1154 εἰσελθέτω
3588 1101 3725 1167 λαὸς
3741 1120 3833 1171 py.

593 1200 749 1265 tiam,
779 1208 889 1256 etc.

2287 1195 2547 1251 ,πάσσων
2573 1194 2991 1260 δικαιοσύνην,
3030 1211 3087 1247 κ.
3118 1210 3172 1247 τ.
3203 1192 3253 1248 λ.

662 1295 733 1349 At
761 1293 873 1350 illis
902 1292 1105 1350 deletis
1132 1294 1386 1366 regnabit
1419 1296 1473 1351 in
1507 1310 1645 1353 suos
1670 1295 1950 1363 Christus,
1978 1294 2034 1349 in
2068 1306 2179 1349 cm-

2358 1287 2515 1345 Μετὰ
2549 1287 2606 1342 δὲ
2637 1286 2738 1358 τὴν
2763 1285 2972 1339 τούτων
2997 1285 3273 1340 ἀπώλειαν
3294 1282 3532 1355 Χριστοῦ
3563 1283 3833 1353 βασιλεύον-

593 1383 715 1439 lesti
770 1386 863 1439 illa
893 1382 1227 1451 Jerusalem,
1262 1401 1426 1457 quam
1466 1386 1669 1443 Iudaeae
1704 1387 1928 1441 nomine
1974 1384 2179 1440 vocavit

2285 1399 2379 1446 τος
2405 1381 2432 1422 ι
2482 1381 2591 1434 τῶν
2639 1380 2729 1449 ὑφ’
2755 1379 2907 1449 αὑτῷ
2935 1379 3078 1433 κατὰ
3109 1379 3211 1449 τὴν
3248 1379 3573 1450 ἐπουράνιον
3606 1379 3835 1449 Ἰερουσα-

594 1478 748 1531 urbis
778 1477 1197 1547 amplitudinem
1223 1478 1487 1535 innuens.
1526 1479 1778 1550 Appellat
1810 1493 1941 1535 vero
1975 1486 2031 1533 et
2056 1476 2179 1531 civil

2285 1475 2421 1547 λὴμ,
2449 1475 2517 1546 ἢν
2552 1472 2809 1529 Ἰουδαίαν
2835 1472 2999 1528 καλεί
3038 1473 3097 1526 τὸ
3141 1473 3347 1535 πλάτος
3388 1472 3607 1543 ἐκείνης
3650 1472 3833 1541 μηνύων

594 1576 756 1621 tatem
792 1566 889 1622 Dei
920 1576 1241 1624 sanctorum
1276 1570 1329 1624 in
1362 1585 1428 1625 ea
1455 1571 1776 1643 degentium
1809 1571 1932 1626 vita:
1964 1570 2179 1625 institu¢

2289 1567 2393 1638 τῆς
2422 1567 2631 1630 πόλεως
2654 1582 2668 1599 ⁸
2718 1565 2778 1619 τὸ
2824 1565 2881 1619 δὲ
2924 1568 2985 1619 ἐν
3026 1566 3165 1637 αὐτῇ
3194 1565 3304 1618 τῶν
3336 1566 3512 1634 ἁγίων
3544 1565 3832 1637 πολίτευμα,

591 1666 731 1723 tum,
755 1673 1001 1729 congrue
1030 1659 1097 1714 ad
1130 1663 1411 1731 regionem
1434 1669 1673 1718 terrenae
1696 1662 1844 1719 illius
1871 1662 2176 1719 Jerusalem

2286 1661 2470 1715 πόλιν
2493 1658 2662 1724 Θεοῦ,
2693 1656 3002 1722 ἀκολούθως
3022 1661 3089 1729 τῇ
3118 1658 3273 1729 χώρᾳ
3293 1659 3392 1730 τῆς
3416 1659 3511 1712 ἐπὶ
3538 1658 3641 1727 γῆς
3673 1659 3835 1729 Ἰιρουο

592 1752 897 1821 respiciens
927 1767 942 1804 :
978 1753 1173 1823 partim
1194 1753 1439 1824 quidem,
1463 1764 1523 1809 ut
1544 1771 1729 1811 rerum
1746 1756 2031 1811 veritatem
2049 1756 2179 1811 sub-

2292 1753 2498 1825 σαλὴμ,
2517 1753 2636 1823 ἆμα
2649 1715 2765 1823 ’μὲν
2788 1715 3497 1822 ὑποδηλῶνπῖινιάλήθειαν,
3663 1751 3715 1805 δέ
3735 1715 3835 1813 τοὺς

590 1843 834 1909 iudicet;
870 1844 1068 1914 partim
1102 1845 1270 1900 etiam
1312 1854 1371 1899 ut
1415 1844 1636 1905 Judmos
1675 1846 2021 1911 consolatus,
2051 1861 2179 1902 eos-

2294 1846 2585 1908 Ἰουδαίους
2616 1843 3118 1915 παραμυθούμενος
3160 1842 3301 1915 [καὶ]
3333 1843 3413 1906 είς
3440 1842 3543 1914 τὴν
3584 1841 3688 1895 τῶν
3724 1860 3834 1915 προ-

591 1934 715 1989 dem
766 1924 933 1989 etiam
985 1936 1054 1990 ad
1107 1936 1524 2007 prapositorum
1575 1954 1727 2010 spem
1766 1947 2048 2010 provocet,
2084 1941 2179 2010 qui

2280 1937 2557 2006 κειμένων
2587 1936 2779 1990 ἐλπίδα
2816 1935 3172 2007 προτρέπων,
3199 1935 3248 1989 οἳ
3279 1936 3538 2006 τυχόντες
3565 1934 3669 1988 τῶν
3691 1937 3834 2003 ἐπαγ-

591 2026 877 2096 promissis
916 2027 1077 2097 potiti
1108 2030 1389 2085 canticum
1445 2032 1671 2088 caeleste
1702 2033 2031 2089 cantabunt.
2082 2034 2179 2090 Est

2282 2028 2481 2099 γελιῶν
2518 2028 2741 2101 ᾄδουσιν
2774 2024 2928 2100 ᾆσμα
2977 2028 3040 2081 τὸ
3083 2027 3429 2099 ἐπουράνιον.
3470 2026 3545 2080 Τὸ
3574 2026 3629 2081 δὲ
3676 2019 3828 2096 ἆσμα·

590 2124 773 2171 autem
824 2118 1093 2172 Canticum
1139 2120 1458 2190 hujusmodi
1504 2140 1520 2179 :
1569 2122 1709 2178 Ecce
1753 2126 1941 2179 civitas
1973 2127 2179 2180 munita

2288 2122 2452 2180 Ἵδοὺ
2479 2122 2655 2189 πόλις
2680 2123 2869 2191 ὀχυρὰ
2888 2120 2954 2175 τὸ
2982 2120 3283 2189 σωτήριον
3298 2119 3491 2191 ἡμῶν.
3507 2121 3568 2173 Ἥ
3589 2120 3726 2174 κάτω
3748 2119 3833 2192 γὰρ

587 2207 827 2264 salutare
852 2220 1120 2266 nostrum.
1153 2211 1342 2284 Neque
1362 2215 1512 2271 enim
1555 2218 1767 2272 munita
1798 2218 2031 2274 inferior
2075 2218 2181 2275 ista

587 2299 644 2355 in
684 2300 869 2366 terris,
897 2302 947 2356 vi
980 2312 1142 2374 capta
1189 2307 1396 2378 saepius
1425 2316 1479 2363 et
1499 2320 1845 2381 expugnata;
1890 2312 1987 2367 sed
2018 2309 2185 2384 326

588 2394 845 2462 superior
880 2395 995 2461 illa,
1046 2405 1106 2451 et
1151 2399 1362 2453 munita
1413 2410 1469 2455 et
1507 2400 1749 2456 salutare
1799 2402 1969 2473 (quod
2021 2401 2182 2459 Iesus

588 2484 860 2540 vocabulo
907 2487 1053 2557 apud
1103 2487 1370 2547 Hebraeos
1420 2492 1789 2565 signiﬁcatur)
1842 2495 1952 2550 dici
1994 2504 2179 2565 queat.

590 2575 687 2631 Est
719 2577 867 2634 enim
892 2578 1012 2649 ipse
1032 2579 1321 2637 beatorum
1353 2583 1636 2651 Salvator,
1655 2586 1862 2651 civitas,
1890 2603 2096 2652 inuras,
2131 2595 2185 2643 et

586 2670 1028 2727 circummurale.
1057 2672 1231 2744 Cujus
1252 2684 1532 2743 portarum
1554 2679 2001 2748 appellationem,
2028 2695 2186 2735 man-

588 2764 803 2820 sionem
823 2764 1027 2820 ibidem
1056 2767 1449 2822 exsistentium
1476 2768 1666 2826 aditus
1689 2784 1791 2826 uos
1822 2771 1979 2828 decet
2018 2772 2179 2827 intel-

2285 2776 2542 2847 τυχοῦσιν
2590 2773 2802 2840 ἁπλῶς,
2837 2773 3021 2844 μόνοις
3066 2772 3123 2826 δέ
3171 2774 3285 2834 τοῖς
3326 2770 3735 2836 δικαιοσύνην,
3763 2770 3838 2821 καὶ

589 2855 786 2925 ligere;
808 2857 953 2927 quod
980 2872 1090 2913 uon
1106 2856 1332 2925 Iudaeis,
1359 2876 1468 2916 non
1496 2860 1707 2929 lsraeli,
1734 2864 1819 2918 vel
1841 2865 2179 2933 quibuslibet

2286 2867 2604 2934 ἀλήθειαν,
2631 2866 2727 2920 καὶ
2772 2866 3027 2934 εἰρήνην
3067 2863 3470 2934 φυλάττουσι.
3503 2861 3637 2933 Περὶ
3663 2854 3730 2916 ὧν
3753 2863 3838 2924 πᾶς

588 2947 715 3004 aliis
737 2947 1087 3018 simpliciter,
1120 2948 1217 3005 sed
1261 2950 1331 3005 iis
1366 2961 1603 3017 tantum,
1641 2955 1734 3024 qui
1756 2956 2058 3024 justitiam,
2092 2959 2179 3028 qui

2290 2962 2407 3035 ἐρεῖ
2431 2961 2719 3031 θεοφιλήςο
2758 2958 3074 3024 «Ἀνοίξατέ
3129 2975 3219 3027 μοι
3272 2956 3453 3021 πύλας
3504 2956 3835 3027 δικαιοσύνηςο

587 3042 883 3106 veritatem,
911 3048 966 3096 et
1004 3056 1189 3111 pacem
1236 3042 1445 3107 colunt,
1483 3045 1688 3115 aperiri
1720 3046 1898 3117 jubet.
1943 3046 2017 3105 De
2053 3051 2179 3120 qui-

2290 3054 2550 3109 είσελθὼν
2608 3053 2668 3106 ἐν
2714 3052 2908 3116 αὐταῖς
2956 3050 3423 3121 ἐξομολογήσομαι
3467 3050 3549 3120 τῷ
3599 3050 3781 3120 Κυρίῳ.
3820 3068 3834 3098 ι

588 3134 694 3191 bus
737 3133 993 3205 quisquis
1027 3133 1120 3190 Dei
1150 3149 1341 3191 amore
1374 3137 1719 3203 accenditur,
1754 3138 1891 3193 illud
1937 3155 2179 3213 usurpa-

2301 3147 2661 3217 Ἆνοίγονται
2698 3143 2757 3198 δέ
2790 3144 3010 3207 αὐτοῖς,
3054 3143 3357 3214 ἐπειδήπερ
3407 3140 3513 3195 ἐπὶ
3556 3139 3653 3195 σοι
3689 3139 3837 3208 ἤλπι-

589 3226 670 3281 Ιιιι
721 3242 738 3280 :
776 3242 797 3278 ι
840 3225 1067 3296 Aperite
1103 3234 1296 3296 portas
1337 3227 1597 3296 justitiae;
1644 3231 1931 3302 ingressus
1985 3234 2043 3287 in
2091 3249 2179 3291 eas

2287 3255 2411 3294 σαν
2435 3239 2545 3305 ἕως
2574 3236 2682 3293 τοῦ
2703 3235 2942 3302 αἰῶνος,
2964 3235 3023 3299 δς
3046 3234 3295 3297 καθεῖλες
3317 3234 3465 3300 τοὺς
3492 3232 3840 3297 ἐνοικοῦντος

586 3317 892 3372 conﬁtebor
922 3315 1154 3372 Domino
1181 3318 1246 3356 “-
1285 3337 1305 3372 ι
1338 3318 1468 3374 Ideo
1498 3330 1683 3375 autem
1724 3322 1808 3377 eis
1843 3324 2179 3393 aperiantur,

2285 3333 2357 3386 ἐν
2381 3330 2643 3401 ὑψηλοῖς
2675 3331 2767 3384 καὶ
2796 3329 2897 3393 τὰς
2942 3329 3129 3392 πόλεις
3159 3327 3362 3388 αὐτῶν,
3396 3326 3645 3389 καθεῖλες
3670 3322 3708 3390 ι,
3738 3342 3837 3377 συν-

584 3411 713 3481 quia
737 3410 795 3464 iu
826 3418 873 3464 te
898 3418 1243 3479 speraverant
1279 3426 1447 3481 usque
1478 3411 1535 3467 in
1567 3415 1973 3484 sempiternum,
2000 3420 2095 3489 qui
2126 3426 2179 3476 et

2286 3425 2502 3479 τέλειαν
2523 3424 2618 3478 τοῦ
2643 3422 2843 3495 θνητοῦ
2873 3422 3246 3493 ποιησάμενος
3295 3421 3436 3491 βίου,
3469 3420 3504 3491 ἢ
3534 3419 3632 3483 τὰς
3658 3417 3838 3479 ἀσεϐεῖς

585 3504 887 3558 habitantes
922 3504 979 3557 in
1002 3503 1248 3569 excelsis,
1298 3513 1354 3559 et
1396 3505 1655 3562 civitates
1682 3522 1875 3563 eorum
1903 3510 1989 3565 vel
2022 3511 2179 3568 abso-

2286 3518 2468 3575 αὐτῶν
2507 3517 2787 3581 πολιτείας
2820 3516 3093 3587 ὴφάνισας
3110 3526 3173 3570 ιιι.

2284 2216 2380 2270 ἐπὶ
2408 2216 2511 2284 γῆς
2535 2215 2637 2269 οὐκ
2662 2214 2851 2283 ὀχυρὰ
2883 2213 3150 2278 πολλάκις
3179 2213 3407 2268 ἁλοῦσα.
3425 2212 3492 2267 Ἦ
3522 2212 3580 2267 δέ
3607 2212 3738 2278 ἄνω,
3763 2214 3837 2266 καὶ

2283 2308 2494 2378 ὀχυρὰ,
2521 2307 2616 2362 καὶ
2645 2305 2967 2376 σωτήριον,
2985 2307 3124 2377 ὅπερ
3152 2305 3398 2374 Ἰησοῦς
3415 2307 3450 2372 ἠ
3472 2305 3583 2359 τῶν
3607 2305 3837 2376 Ἐϐραίων

2284 2402 2391 2473 ἔφη
2423 2402 2602 2472 φωνή.
2629 2400 2799 2465 Αὐτὸς
2823 2401 2933 2472 γὰρ
2958 2399 3073 2454 τῶν
3106 2399 3399 2470 μακαρίων
3430 2398 3645 2469 Σωτὴρ.
3668 2400 3834 2465 πόλις,

2282 2496 2481 2567 τεῖχός
2520 2512 2603 2563 τε,
2649 2495 2746 2550 καὶ
2788 2495 3149 2565 περίτειχος.
3182 2492 3402 2562 Ταύτης
3433 2491 3495 2545 δέ
3527 2493 3732 2556 πύλας,
3758 2492 3836 2553 τὰς

2282 2589 2579 2661 διαφόρους
2625 2590 2735 2642 τῶν
2777 2588 2969 2642 αὐτόθι
3004 2586 3183 2658 μονῶν
3217 2586 3459 2650 εἰσόδους
3493 2586 3763 2655 νοήσομεν,
3785 2583 3836 2646 ἃς

2284 2680 2571 2753 ἀνοιγῆναι
2601 2698 2767 2751 φησιν
2799 2681 2900 2734 οὐκ
2934 2680 3235 2744 Ἰουδαίοις,
3263 2679 3297 2749 ἢ
3330 2678 3409 2749 τῷ
3442 2676 3676 2748 Ἰσραὴλ,
3697 2677 3726 2746 ἢ
3749 2678 3838 2739 toi;

586 3598 700 3649 luta
732 3595 983 3652 mortalis
1012 3595 1139 3650 vitze
1167 3597 1679 3661 consummatione,
1715 3598 1799 3654 vel
1848 3599 2021 3672 impio
2047 3602 2188 3659 civi-

585 3698 762 3742 tatum
793 3702 988 3743 eorum
1018 3696 1168 3743 statu
1196 3688 1404 3755 deleto,
1439 3690 1765 3748 sustuleris.

655 3778 1009 3834 Conveniunt
1041 3795 1169 3835 vero
1199 3780 1303 3835 ista
1328 3796 1454 3836 cum
1479 3782 1784 3852 pradictis,
1818 3782 1912 3839 ubi
1942 3785 2184 3843 munitas

583 3874 837 3929 civitates
884 3874 939 3928 in
980 3873 1252 3928 tumulum
1298 3873 1372 3927 ita
1410 3883 1462 3929 te
1511 3876 1822 3944 positurum
1854 3877 2080 3945 dixisti,
2122 3889 2183 3935 ut

585 3985 613 4019 a
662 3965 1039 4021 fundamentis
1091 3973 1362 4019 eruantur
1394 3965 1466 4021 ⁸⁸.
1526 3966 1598 4020 At
1647 3975 1771 4023 tuos
1821 3968 1973 4024 viros
2022 3986 2180 4025 man~

2358 3780 2579 3851 Συνῳδὰ
2611 3778 2787 3833 ταῦτα
2816 3780 2929 3842 τοῖς
2954 3774 3289 3849 εἰρημένοις.
3317 3774 3402 3829 ὅτι
3447 3774 3649 3846 ἔθηκας
3685 3773 3834 3837 πόλεις

2283 3877 2365 3941 είς
2390 3874 2575 3947 χῶμα,
2606 3873 2795 3937 πόλεις
2812 3870 3041 3943 ὀχυρὰς,
3066 3868 3161 3923 τοῦ
3194 3870 3387 3922 πεσεῖν
3415 3869 3599 3922 αὐτῶν
3620 3869 3683 3923 τὰ
3706 3868 3835 3939 θεμέ-

2283 3968 2401 4023 λια·
2432 3968 2562 4031 τοὺς
2590 3968 2648 4021 δέ
2676 3966 2803 4032 σοὺς
2836 3963 3048 4034 πραεῖς
3069 3962 3296 4033 ἄνδρας,
3323 3960 3418 4024 οὒς
3453 3961 3592 4032 ἔφης
3618 3961 3833 4033 κληρονο-

584 4066 783 4120 suetos,
831 4055 1045 4126 (quales
1080 4064 1283 4110 terram
1321 4070 1688 4126 possessuros
1724 4056 2032 4130 allirmasti)
2077 4061 2179 4115 Iut-

584 4151 737 4205 miles
788 4150 966 4220 prius,
1023 4149 1147 4220 ipso
1194 4148 1332 4218 justi
1364 4148 1563 4219 judicii
1609 4158 1855 4219 tempore
1888 4151 2177 4218 exaltabis,

580 4244 835 4314 elataque
865 4242 1021 4311 prius
1053 4242 1422 4311 superborum
1447 4242 1631 4313 capita
1656 4240 1827 4298 facies
1844 4245 2176 4312 concalcare,

582 4337 710 4391 cd'lu
739 4335 951 4398 piorum
980 4335 1148 4389 etiam
1200 4333 1309 4396 via,
1345 4334 1501 4388 nullo
1544 4335 1843 4403 superstite
1869 4335 1964 4406 qui
2004 4336 2179 4405 impe-

2286 4060 2457 4131 μῆσαι
2476 4059 2576 4129 τὴν
2598 4058 2723 4129 γῆν,
2753 4054 3072 4122 ταπεινοὺς
3101 4054 3263 4117 ὄντας
3289 4052 3562 4125 πρότερον
3579 4095 3594 4120 ,
3621 4054 3745 4108 κατὰ
3763 4054 3831 4107 τὸν

2280 4150 2383 4220 τῆς
2417 4149 2815 4221 δικαιοκρισίας
2847 4167 2942 4203 σου
2968 4149 3160 4221 καιρὸν
3187 4148 3527 4225 dﬂigi-Imag-
3543 4195 3559 4218 ,
3582 4164 3830 4217 mralpa-

2281 4244 2409 4298 τεῒν
2434 4244 2633 4307 αὐτοὺς
2660 4243 2773 4297 τῶν
2806 4243 2974 4298 πάλαι
3004 4248 3241 4317 ποιήσας
3264 4246 3635 4319 ὑπερηφάνων
3656 4244 3740 4305 τὰς
3759 4258 3830 4295 κε-

2281 4335 2476 4405 φαλὰς,
2510 4337 2602 4390 ὅτε
2630 4337 2723 4390 καὶ
2751 4337 2785 4407 ὴ
2812 4336 2920 4390 τῶν
2959 4337 3246 4392 ἀσεϐῶνη
3285 4338 3427 4404 ὁδὸς
3456 4336 3667 4401 εὐθεῖα,
3701 4332 3828 4404 μηδε-

583 4427 717 4491 diat,
752 4436 897 4479 recta
931 4424 1118 4493 futura
1150 4433 1251 4479 est.
1288 4422 1403 4479 Nec
1444 4434 1527 4481 est
1571 4426 1695 4495 ejus
1728 4427 1805 4481 rei
1840 4427 1969 4493 alia,
2010 4443 2175 4498 quam

2281 4430 2373 4494 νὸς
2399 4432 2586 4494 αὐτοῖς
2612 4432 2677 4484 ἐκ
2712 4431 2891 4486 ποδῶν
2924 4430 3005 4486 ἔτι
3036 4432 3407 4497 καθεστῶτος,
3445 4429 3613 4503 οὗπερ
3634 4427 3824 4494 αἰτιονή

580 4521 717 4589 iusti
767 4520 865 4574 Dei
905 4519 1103 4589 judicii
1159 4534 1331 4573 causa
1367 4519 1770 4591 investiganda.
1824 4520 1963 4576 Sunt
1994 4532 2176 4578 autem

584 4615 677 4685 qui
726 4614 1006 4685 prmmissa
1056 4614 1226 4668 verba
1269 4612 1337 4669 de
1385 4612 1691 4670 Salvatoris
1723 4614 1963 4670 adventu
2014 4616 2177 4670 intel-

586 4708 676 4778 ligi
708 4708 1024 4760 Voluerunt.
1051 4706 1187 4760 Eum
1220 4707 1368 4761 enim
1402 4707 1496 4777 qui
1528 4722 1730 4763 arcana
1780 4707 1873 4762 illa
1903 4709 2175 4779 symbols,

584 4801 653 4854 de
684 4799 888 4870 quibus
924 4798 1144 4853 locutus
1173 4810 1282 4865 est,
1323 4799 1670 4865 tradidisset,
1718 4799 1885 4855 Deum
1930 4815 2057 4855 vere
2108 4800 2177 4854 ab

587 4893 803 4958 iisdem,
833 4892 924 4963 qui
955 4892 1046 4946 illa
1080 4891 1318 4962 amplexi
1351 4898 1540 4946 essent
1594 4894 1849 4961 quamvis
1906 4891 1960 4944 in
2010 4905 2177 4967 carne

2274 4522 2369 4576 τοῦ
2421 4523 2571 4577 Θεοῦ
2606 4523 3027 4593 δικαιοκρισία.
3062 4524 3173 4596 Τὴν
3205 4526 3262 4578 δέ
3307 4525 3673 4597 προκειμένην
3700 4519 3825 4593 ρἧἔν

2274 4627 2417 4673 τινες
2449 4610 2545 4662 ἐπὶ
2585 4610 2685 4680 τῆς
2725 4610 2819 4665 τοῦ
2854 4612 3108 4684 Σωτῆρος
3138 4614 3437 4685 ἐπιδημίας
3463 4613 3720 4679 ἐξέλαϐον.
3745 4608 3825 4662 Τὸν

2274 4702 2387 4772 γὰρ
2412 4704 2482 4756 τὰ
2514 4702 2761 4775 σύμϐολα
2792 4706 3221 4777 παραδεδωκότα
3246 4708 3315 4762 τὰ
3344 4709 3585 4779 μυστικὰ
3602 4750 3618 4773 ,
3641 4697 3823 4775 περὶῶν

2275 4795 2485 4864 ἔλεγεν,
2518 4796 2653 4851 Θεὸν
2684 4798 2819 4853 δντα
2849 4798 3159 4869 γνώσεσθαι
3200 4805 3328 4868 τοὺς
3370 4803 3550 4858 ταῦτα
3582 4802 3819 4861 λαόόντας.

2275 4888 2325 4939 εί
2348 4887 2442 4941 καὶ
2469 4889 2699 4957 γέγονεν
2730 4892 2788 4943 ἐν
2821 4891 3006 4961 σαρκί.
3028 4893 3131 4946 Τὸν
3159 4894 3215 4947 δέ
3242 4894 3399 4964 λόγον
3422 4896 3704 4968 ἁρμόττειν
3720 4892 3821 4961 φασὶ

584 4996 753 5050 esset,
785 4986 1065 5056 cognitum
1098 4985 1193 5039 iri.
1229 4983 1555 5038 Sermonem
1588 4998 1719 5037 vero
1747 4981 1936 5037 lsraeli
1984 4983 2175 5037 volunt

2279 4981 2385 5044 τοῖς
2417 4980 2477 5044 ἐξ
2510 4981 2751 5051 Ἰσραὴλ,
2781 4983 2832 5037 οἳ
2878 4984 2976 5038 καὶ
3026 4986 3374 5053 προσεδόκων
3432 4988 3613 5051 αὑτὸν,
3646 4989 3703 5039 ἐκ
3739 4982 3821 5036 τῶν

585 5073 905 5135 convenire,
936 5088 965 5125 a
997 5088 1113 5141 quo
1133 5072 1304 5143 (velut
1331 5086 1361 5125 e
1389 5068 1696 5139 Scripturis
1725 5071 2013 5138 didicerat)
2038 5086 2171 5125 ven-

2272 5073 2506 5144 Γραφῶν
2528 5076 2605 5140 ὠς
2652 5077 2775 5147 ἥξει
2813 5079 3078 5148 μαθόντες
3097 5096 3112 5112 ο
3144 5080 3221 5144 ὡς
3266 5070 3502 5153 ἐδήλωσε
3534 5079 3738 5151 Συμεών
3756 5093 3818 5137 τε,

586 5172 745 5220 turus
783 5161 1236 5235 exspectabatur;
1282 5163 1447 5233 idque
1479 5162 1769 5233 Symeouis
1797 5174 1852 5219 et
1886 5162 2168 5220 Zachariaa

2279 5167 2367 5219 καὶ
2388 5167 2687 5239 Ζαχαρίας,
2715 5169 2791 5233 ὡς
2819 5170 3058 5242 εἴρηται,
3086 5174 3341 5243 τυχόντες
3371 5169 3439 5247 ἧς
3467 5170 3611 5245 εἶχον
3626 5170 3817 5243 ἐλπίδος,

584 5256 851 5325 exemplo,
886 5255 1031 5310 sicut
1058 5253 1170 5323 jam
1201 5254 1411 5308 dictum
1459 5263 1567 5320 est,
1617 5255 1711 5324 qui
1748 5270 1849 5310 sua
1880 5269 1979 5324 spe
2007 5255 2163 5325 petiti

2279 5259 2333 5312 Οί
2366 5259 2423 5313 δὲ
2456 5261 2691 5314 τοιοῦτοι
2725 5264 3227 5334 προσομολογοῦσιν
3257 5265 3354 5319 ἐπὶ
3402 5266 3471 5320 τὸ
3515 5265 3644 5333 ὄρος
3678 5260 3819 5316 τοῦτο

587 5356 736 5411 sunt,
767 5348 944 5417 palam
978 5346 1116 5400 lieri.
1157 5346 1319 5400 Tales
1349 5345 1443 5415 qui
1475 5347 1775 5410 exsistunt,
1806 5347 1973 5400 monti
2014 5348 2163 5416 huic,

648 5488 695 5522 ⁸⁸
737 5487 879 5542 Psal.
913 5500 1084 5551 cxx",
1121 5485 1209 5539 l9.
1283 5486 1329 5517 ⁸⁸
1371 5485 1475 5540 lsa.
1512 5500 1636 5550 xxv,
1669 5486 1689 5539 l
1732 5501 1887 5557 scqq.

2274 5350 2497 5406 δώσειν
2522 5353 2906 5410 ἁναπαύσειν
2928 5359 3035 5410 τὸν
3057 5358 3225 5424 Θεὸν,
3253 5358 3495 5428 δηλονότι
3515 5358 3607 5430 τὴν
3634 5351 3819 5419 Ἐκκλη-

1839 5597 2075 5653 νλιιιλΕ
2106 5595 2512 5653 LECTiONES.

666 5720 690 5758 δι
720 5736 806 5786 γρ.
830 5718 1059 5788 Χριστος
1095 5720 1422 5788 βασιλεύσει.
1508 5718 1523 5757 ¹
1554 5720 1654 5787 ἄρ.
1683 5718 1949 5783 καθεῖλες.

2027 5729 2065 5755 οι
2115 5736 2202 5786 ῃ).
2240 5718 2533 5788 ἀφανίσας.

2613 5728 2637 5754 η
2671 5738 2756 5789 γρ.
2779 5721 3040 5777 εὐσεϐῶν.
