4020 6372
232 381 369 444 9217

1366 381 1901 446 COMMENTARII
1941 379 2017 440 IN
2072 379 2350 441 lSAIAM.

3353 380 3497 442 2218

233 499 377 562 σίαν,
413 499 508 552 καὶ
533 496 768 568 Χριστὸς
793 498 902 569 γὰρ
926 498 1056 553 ἐϐόα
1080 515 1094 530 '
1133 517 1152 551 ι
1181 500 1343 554 Δεῦτε
1377 502 1512 572 πρός
1539 516 1605 571 με
1637 499 1687 553 oi
1711 515 1800 552 κο-

1911 497 1964 551 id
1993 503 2078 553 est
2105 496 2390 560 Ecclesiae,
2423 496 2651 566 requiem
2683 493 2938 548 daturum
2965 493 3496 567 Deumproliteutur.

229 587 466 650 πιῶντες
498 587 592 640 καὶ
620 589 1066 660 πεφορτισμένοι,
1093 590 1249 660 κάγὼ
1274 591 1578 646 ἀναπαύσω
1605 591 1802 661 ὑμᾶς.»

229 679 306 732 Δι’
330 677 500 732 αὐτοῦ
525 677 635 749 γὰρ
678 679 997 748 ἀπεθέμεθα
1028 680 1090 734 τὸ
1117 684 1216 753 τῆς
1259 681 1534 753 ἁμαρτίας
1565 683 1806 751 φορτίον,

230 771 324 825 καὶ
351 770 448 823 τοῦ
482 770 649 840 φόϐοι.
700 771 810 825 τῶν
839 772 934 825 ἐπὶ
964 771 1141 845 ταύτῃ
1168 773 1462 828 κολάσεων.
1488 772 1809 843 Προστίθει-

230 880 316 916 ται
345 862 403 914 δέ
434 863 530 916 καὶ¹
560 861 628 916 τὰ
657 862 713 917 ἐν
737 862 950 916 ἐλπίσιν
980 865 1182 932 ἀγαθά.
1207 865 1520 938 Γέγραπται
1547 866 1655 937 γάρ
1680 864 1809 936 περὶ

230 954 338 1007 τῶν
389 953 584 1022 ἁγίων,
615 955 698 1008 ὅτι
753 954 1060 1028 εὐφροσύνη
1107 954 1324 1020 αἰώνιος
1372 957 1510 1028 ὑπὲρ
1566 957 1808 1029 κεφαλῆς

232 1046 432 1101 αὐτῶν.
465 1041 597 1101 Εἶτα
622 1046 860 1099 δείκνυσι
897 1045 996 1117 τὴν
1035 1048 1129 1100 ἐπὶ
1160 1051 1226 1120 τῇ
1255 1048 1363 1102 τῶν
1391 1049 1669 1119 μυστικῶν
1700 1065 1808 1100 πα-

233 1139 452 1209 ραδόσει
482 1140 582 1209 τῆς
607 1137 1044 1211 είδωλολατρείας
1071 1140 1367 1195 κατάλυσιν
1391 1180 1407 1206 ,
1436 1142 1550 1203 τοῖς
1574 1143 1683 1193 τῶν
1711 1155 1807 1192 πι-

234 1232 530 1284 στευόντων
557 1231 713 1284 ποσὶν
745 1232 1193 1303 ύπενηνεγμένου
1223 1233 1315 1287 τοῦ
1347 1233 1580 1295 Σατανᾶ,
1608 1232 1694 1286 διὰ
1713 1231 1807 1285 τὸν

229 1321 392 1375 δόντα
422 1323 615 1374 πατεῖν
647 1321 831 1385 αὐτοῖς
857 1322 1040 1377 ἐπάνω
1062 1322 1239 1393 ὄφεων
1271 1323 1366 1377 καὶ
1393 1323 1686 1394 σκορπίων,
1711 1327 1806 1376 καὶ

231 1415 323 1466 ἐπὶ
359 1415 540 1468 πᾶσαν
566 1413 665 1484 τὴν
700 1413 930 1484 δύναμιν
954 1414 1048 1469 τοῦ
1080 1415 1297 1487 ἐχθροῦ.
1331 1416 1430 1470 Διά
1464 1417 1594 1486 μιᾶς
1619 1415 1676 1469 δὲ
1703 1413 1807 1485 χώ·

232 1523 331 1576 ρας
372 1504 862 1577 είδωλολατρούσης
883 1545 899 1571 ,
929 1507 1108 1571 πάσας
1135 1507 1422 1579 ἐδήλωσεν.
1460 1509 1572 1573 Τὰς
1598 1507 1654 1561 δέ
1684 1507 1806 1576 χεῖ-

223 1614 338 1665 ρας
365 1597 603 1664 ἀνήσει,
639 1597 829 1669 φησὶν,
860 1599 889 1653 6
918 1598 1019 1670 τῆς
1061 1599 1505 1671 είδωλολατρείας
1558 1599 1804 1671 εὑρετὴς,

229 1687 568 1758 ἐγλυομένης
594 1689 760 1742 αὐτοῦ
784 1691 882 1761 τῆς
901 1691 1202 1761 δυνάμεως,
1229 1690 1296 1744 δι’
1317 1685 1386 1762 ἦς
1411 1690 1694 1744 ἐταπείνου
1714 1690 1806 1746 τὸν

228 1778 535 1849 ἄνθρωπον.
555 1781 701 1834 Ἀντὶ
732 1781 829 1834 δὲο
856 1782 957 1851 τῆς
1005 1781 1284 1850 ἐνεργείας
1316 1781 1432 1850 τὴν
1470 1781 1636 1850 χεῷα
1667 1799 1806 1853 παρ·

1913 589 2192 644 Christum
2223 588 2370 644 enim
2423 587 2500 641 ita
2544 588 2874 643 inclamasse
2918 586 3150 658 legimus
3199 605 3214 643 :
3266 606 3286 640 ι
3322 587 3500 644 Acce-

1915 680 2026 734 dite
2057 681 2122 734 ad
2159 694 2266 745 me,
2302 678 2396 750 qui
2429 679 2693 736 laboratis
2727 687 2782 734 et
2829 679 3042 734 onerati
3075 678 3233 744 estis,
3285 687 3341 734 et
3396 693 3500 751 ego

1913 769 2158 826 reﬁciam
2193 785 2294 825 vos
2321 771 2387 823 ⁸³.
2443 787 2462 821 ι
2513 768 2618 825 Per
2655 784 2780 823 eum
2818 769 3086 840 siquidem
3143 777 3495 840 peccatorum

1914 877 2083 918 onere
2138 876 2244 918 non
2303 861 2467 917 levati
2517 861 2704 927 modo,
2752 863 2848 916 sed
2895 862 3078 918 debita
3121 863 3286 918 etiam
3335 877 3496 934 praua

1913 956 2132 1011 liberati
2158 971 2371 1010 sumus.
2404 954 2669 1023 Adjunxit
2709 953 2871 1024 325
2913 968 3044 1010 vero
3092 963 3149 1010 et
3181 953 3493 1010 futurorum

1913 1045 2184 1102 bonorum
2231 1059 2406 1116 spem.
2455 1043 2733 1099 Seribitur
2775 1044 2922 1099 enim
2968 1044 3038 1099 de
3083 1045 3314 1111 sanctis,
3363 1044 3495 1115 quia

1919 1155 1939 1190 ι
1974 1137 2162 1192 laztitia
2203 1136 2534 1207 sempiterna
2565 1151 2732 1206 super
2760 1144 2923 1205 caput
2971 1150 3161 1191 eorum
3192 1137 3258 1192 ⁸⁷.
3301 1153 3320 1188 ι
3353 1135 3496 1192 Insi-

1915 1235 2050 1281 nuat
2098 1226 2293 1282 deinde
2339 1240 2668 1280 arcanarum
2747 1240 2932 1280 rerum
2986 1226 3278 1281 traditione
3326 1226 3496 1280 idolo-

1913 1319 2091 1375 latriae
2145 1318 2468 1384 interitum,
2529 1318 2780 1388 subjecto
2845 1318 3188 1374 credentium
3260 1321 3492 1392 pedibus

1913 1412 2120 1468 Satana
2154 1427 2250 1483 per
2277 1427 2402 1468 eum
2437 1411 2530 1482 qui
2559 1419 2846 1483 serpentes
2892 1420 2946 1466 et
2979 1412 3300 1482 scorpiones
3335 1414 3492 1484 pedi-

1913 1503 2015 1559 bus
2043 1504 2260 1558 calcare
2285 1503 2356 1568 ⁸⁸,
2404 1519 2735 1573 omnemque
2760 1503 2936 1560 hostis
2983 1502 3282 1573 potentiam
3324 1519 3492 1575 supe-

1911 1609 2036 1649 rare
2060 1593 2212 1649 facit.
2232 1593 2436 1650 Deinde
2464 1594 2631 1649 unius
2654 1593 2958 1649 idololatra:
2991 1594 3235 1666 regionis
3268 1598 3491 1652 nomine

1911 1693 2143 1742 cunctas
2169 1686 2464 1758 signiﬁcat.
2499 1685 2580 1740 Ad
2610 1686 2747 1752 haec,
2769 1686 2915 1757 quod
2939 1685 3265 1742 idololatriae
3297 1695 3492 1744 aucto-

1913 1793 2026 1832 rem
2079 1794 2270 1833 manus
2326 1794 2455 1832 suas
2517 1779 2864 1833 remissurum
2904 1778 3060 1844 dicit,
3115 1777 3184 1834 de
3235 1778 3486 1850 adempta

228 1872 442 1942 είληφε,
469 1875 536 1927 δι’
557 1868 624 1946 ἦς
657 1874 924 1939 ὑπέταξεν
964 1874 1143 1944 ἐαυτῷ
1175 1875 1303 1937 τοὺς
1331 1875 1418 1928 ἐπ’
1445 1874 1626 1945 ἔργοις
1663 1875 1800 1943 ἀγα-

1909 1877 2200 1938 potestate,
2257 1885 2364 1941 qua
2425 1869 2702 1924 hominem
2765 1869 3143 1940 deprimebat,
3211 1869 3485 1941 intelligit.

226 1961 344 2026 θοῖς
376 1963 729 2034 ἐκτισμένους
757 1963 862 2016 ὑπὸ
884 1962 1041 2017 Θεοῦ.
1073 1963 1217 2035 Πρὸς
1245 1964 1414 2034 αὐτὴν
1444 1965 1502 2018 δὲ
1530 1964 1622 2018 τὸν
1646 1964 1804 2033 λόγον

227 2053 579 2124 ἀποστρέψας
619 2052 718 2124 τὴν
760 2051 1077 2116 Μωαϐῖτιν,
1103 2052 1262 2121 ὕψος
1304 2052 1653 2121 καταφυγῆς
1696 2051 1804 2106 τοῦ

224 2145 436 2213 τοίχου
470 2143 535 2198 τὸ
568 2143 1036 2211 ταπεινούμενον
1067 2143 1228 2196 αὐτόν
1257 2160 1390 2213 φησι
1423 2142 1513 2197 τὸν
1537 2142 1637 2214 τῆς
1662 2141 1803 2196 ἀπά-

221 2252 326 2304 της
365 2235 460 2289 καὶ
495 2234 596 2305 τῆς
633 2233 1070 2305 είδωλολατρείας
1112 2235 1517 2306 προεστηκότα.
1560 2275 1575 2289 .
1622 2276 1634 2288 .
1679 2276 1690 2288 .

294 2405 450 2461 θ-ιε’.
499 2405 874 2474 Ἠνιπίσαμεν
900 2403 1004 2459 ἐπὶ
1029 2405 1110 2470 τῷ
1139 2405 1385 2475 ὀνόματί
1417 2421 1553 2462 σου.
1580 2406 1677 2459 καὶ
1703 2405 1802 2460 ἐπὶ

219 2498 296 2566 τῇ
327 2499 506 2568 μνείᾳ
526 2491 565 2569 ᾗ
591 2499 868 2565 ἐπεθύμει
891 2496 930 2564 ἡ
960 2497 1128 2567 ψυχή
1157 2515 1295 2567 μου.
1314 2500 1416 2551 Ἐκ
1451 2498 1671 2565 νυκτὸς
1704 2500 1802 2568 ὀρ-

222 2589 401 2658 θρίζει
437 2589 505 2643 τὸ
528 2588 763 2658 πνεῦμά
786 2605 907 2657 μου
940 2587 1091 2655 πρὸς
1122 2588 1218 2656 σὲ,
1239 2591 1274 2643 δ
1301 2589 1466 2654 Θεὸς,
1493 2589 1646 2643 διότι
1675 2589 1801 2658 φῶς

218 2686 296 2739 τὰ
324 2683 754 2754 προστάγματα
793 2700 910 2738 σου
951 2684 1054 2737 ἐπι
1092 2682 1201 2753 τῆς
1231 2684 1365 2754 τῆς.
1402 2686 1803 2752 Δικαιοσύνην

212 2775 458 2846 μάθετε,
484 2778 538 2830 οι
557 2775 933 2842 ἐνοικοῦντες
955 2774 1056 2829 ἐπὶ
1077 2774 1187 2846 τῆς
1202 2775 1335 2847 γῆς.
1362 2776 1665 2831 Πέπαυται
1692 2777 1803 2847 γὰρ

215 2867 254 2920 ὀ
279 2865 538 2933 ἀσεϐὴς,
566 2881 622 2919 κ.
651 2882 704 2922 τ.
738 2865 767 2917 λ

352 2991 370 3008 .
414 2991 432 3008 .
469 2955 552 3018 είς
577 2954 676 3025 τὴν
703 2955 960 3008 ἐπιοῦσαν
990 2953 1445 3026 ὴμέραν.Ὢσπερ
1469 2955 1526 3008 δέ
1549 2955 1607 3008 ἐν
1643 2955 1802 3009 παντὶ

216 3047 434 3118 ῥήματι
478 3045 612 3100 Θεοῦ
656 3045 920 3117 τρέφεται
949 3046 988 3114 ἠ
1028 3045 1225 3114 ψυχὴ,
1255 3045 1396 3099 οῦτω
1426 3047 1521 3100 καὶ
1553 3047 1612 3100 ἐν
1637 3047 1802 3100 παντὶ

214 3136 603 3208 προστάγματι
628 3134 1051 3203 καταυγάζεται.
1077 3134 1286 3206 Σπουδὴ
1318 3133 1496 3188 τοίνυν
1521 3135 1661 3188 ἔστω
1688 3132 1803 3203 τὴν

211 3226 620 3294 δικαιοσύνην
654 3224 884 3296 μαθεῖν.
912 3225 1170 3280 Διδακτὸν
1202 3225 1311 3296 γὰρ
1340 3225 1402 3279 οὺ
1441 3226 1697 3295 φυσικὸν,
1729 3225 1803 3291 ὡς

211 3319 276 3370 τὸ
307 3318 446 3389 ὁρᾷν
477 3333 536 3370 τε
562 3317 656 3370 καὶ
681 3316 902 3371 ἀκούειν
922 3355 940 3381 ,
992 3317 1349 3387 μυσταγωγὸς
1379 3317 1436 3370 δὲ
1469 3319 1609 3389 πρὸς
1648 3318 1808 3372 τοῦτο

212 3409 478 3479 Χριστὸς,
506 3409 589 3478 ἐφ’
610 3403 670 3464 οῦ
697 3408 916 3477 λέγεται
939 3408 1023 3462 τό’
1050 3408 1305 3463 Ἔσονται
1337 3409 1537 3474 πάντες
1562 3408 1807 3463 διδακτοὶ⁹

209 3498 377 3553 Θεοῦ.
409 3499 583 3553 Τοῦτο
610 3499 666 3553 δὲ
690 3500 784 3554 καὶ
810 3498 906 3554 νῦν
929 3501 1041 3564 τοῖς
1071 3501 1138 3553 ἐκ
1173 3500 1280 3555 τῶν
1308 3501 1478 3557 ἐθνῶν
1511 3519 1803 3556 πεπιστευ-

213 3593 370 3646 κόσιν
415 3594 446 3646 6
479 3594 766 3663 προφήτης
808 3593 1266 3664 παρακελεύεται,
1297 3595 1436 3665 ὅπερ
1485 3595 1630 3650 ἔοικε
1681 3596 1797 3666 τῷο

219 3701 240 3735 ι
263 3681 567 3737 Ἀκούσατε
593 3683 786 3751 ταῦτα,
813 3684 992 3739 πάντα
1007 3685 1076 3739 τὰ
1091 3684 1242 3755 ἔθνη·
1275 3686 1624 3752 ἐνωτίσασθε,
1657 3688 1798 3741 πάν-

213 3793 311 3840 τες
353 3776 405 3829 οί
456 3775 838 3840 κατοικοῦντες
883 3777 983 3847 τὴν
1031 3776 1382 3849 οἰκουμένην.
1410 3779 1520 3832 Καὶ
1549 3779 1644 3832 νῦν
1689 3779 1798 3853 γὰρ

209 3870 243 3922 6
282 3869 577 3939 προφήτης
607 3869 814 3932 πάντας
840 3869 996 3923 καλεῖ
1020 3869 1154 3942 πρὸς
1192 3870 1293 3939 τὴν
1321 3870 1686 3943 εὐαγγελικὴν
1712 3873 1800 3927 δι-

213 3960 558 4026 καιοσύνην
592 3961 717 4023 τοὺς
746 3960 848 4014 ἀνὰ
890 3961 1070 4015 πᾶσαν
1108 3961 1393 4026 οἰκοῦντας
1442 3964 1540 4032 τὴν
1580 3965 1704 4035 γῆν,
1737 3965 1798 4017 οῦ

211 4049 342 4110 τοὺς
370 4049 433 4114 ἐξ
467 4049 680 4120 Ἰσραὴλ
707 4051 899 4120 μόνους
919 4092 932 4114 ,
965 4052 1042 4116 ὡς
1068 4051 1163 4105 τοῦ
1195 4055 1436 4119 Μωσέως
1461 4057 1488 4108 6
1514 4056 1672 4127 νόμος
1694 4075 1707 4088 ·
1739 4057 1799 4111 τὸ

210 4140 270 4193 δὲ
302 4140 551 4194 ἀπειθεῖν
587 4141 685 4196 οὐκ
722 4142 975 4213 ἀζήμιον.
1023 4144 1327 4200 Πέπαυτιιι
1363 4148 1470 4216 γὰρ
1509 4151 1542 4203 ὁ
1570 4150 1798 4218 ἀσεϐὴς

212 4231 501 4302 οἰχόμενος
543 4233 678 4304 πρὸς
721 4232 1013 4299 ἀπώλειαν,
1057 4237 1166 4299 πᾶς
1200 4235 1257 4300 ὃς
1296 4238 1362 4290 ἂν
1386 4238 1471 4307 μὴ
1500 4239 1662 4310 μάθῃ
1708 4241 1797 4294 δι-

213 4321 574 4389 καιοσύνην,
608 4321 758 4390 μηδὲ
789 4322 1015 4392 ποιήσῃ
1073 4326 1383 4392 ἀλήθειαν,
1414 4330 1513 4400 τὴν
1542 4331 1600 4383 ἐν
1638 4330 1798 4384 πνεύ-

215 4428 351 4480 ματι
399 4413 494 4465 καὶ⁸
533 4412 760 4485 ἀληθείᾳ.
784 4415 1025 4486 δηλονότι
1052 4416 1308 4488 λατρείαν
1334 4437 1390 4474 τε
1427 4426 1520 4474 καὶ
1552 4423 1793 4493 προσκύ-

1907 1960 2130 2016 Manum
2177 1963 2322 2017 enim
2351 1977 2451 2033 pro
2480 1962 2532 2017 vi
2567 1961 2656 2016 illa
2688 1961 2906 2031 agendi,
2939 1975 3048 2031 qua
3095 1961 3201 2018 sibi
3235 1962 3488 2018 homines

1906 2053 1976 2108 ad
2004 2055 2146 2109 bona
2193 2068 2357 2123 opera
2393 2062 2611 2110 creatos
2646 2054 2982 2124 subiugavit,
3012 2057 3318 2125 usurpavit.
3346 2055 3487 2111 Con-

1906 2161 2067 2202 verso
2114 2145 2312 2201 deinde
2358 2146 2426 2202 ad
2471 2145 2817 2201 Moabitidem
2863 2160 3153 2212 sermone,
3207 2161 3304 2217 per
3345 2146 3487 2216 deje-

1903 2247 2047 2292 etam
2099 2238 2439 2293 altitudinem
2493 2240 2633 2292 muri
2688 2238 2902 2310 refugii,
2954 2239 3136 2310 ipsum
3173 2239 3383 2296 fraudis
3430 2246 3486 2295 et

1905 2330 2232 2386 idololatriae
2274 2331 2558 2400 prmsidem
2584 2331 2930 2387 deturbatum
2959 2333 3024 2387 iri
3051 2332 3343 2404 signiticat.
3373 2371 3388 2388 .
3415 2371 3434 2390 .
3465 2369 3481 2384 .

1977 2420 2142 2478 Vens.
2179 2421 2332 2477 9-15.
2369 2422 2708 2490 Sperauimus
2737 2423 2792 2477 iit
2822 2425 3032 2478 nomine
3072 2434 3184 2490 tuo,
3210 2433 3260 2479 et
3289 2425 3341 2478 in
3373 2441 3483 2479 me-

1906 2513 2074 2567 moria
2094 2528 2251 2583 quam
2272 2511 2598 2567 desideravit
2634 2514 2816 2568 anima
2849 2531 2985 2569 mea.
3024 2515 3097 2570 De
3123 2525 3271 2569 nocte
3300 2515 3483 2586 uigilat

1905 2605 2124 2673 spiritus
2170 2620 2316 2658 meus
2350 2603 2420 2657 ad
2472 2613 2539 2669 te,
2578 2603 2740 2670 Deus,
2769 2607 2896 2674 quia
2947 2607 3041 2660 tua:
3077 2607 3291 2676 judicia
3319 2606 3485 2678 326

1906 2709 1998 2752 tua
2020 2713 2178 2767 super
2201 2695 2711 2751 terramJustitiam
2733 2698 2941 2765 discite,
2968 2701 3060 2769 qui
3087 2701 3343 2756 habitatis
3379 2710 3485 2754 ter-

1906 2803 2043 2842 ram.
2079 2785 2320 2841 Cessavit
2343 2803 2484 2841 emm
2512 2787 2727 2856 impius,
2755 2798 2861 2843 etc.

1980 3005 1991 3016 .
2037 3006 2048 3016 .
2089 3009 2102 3020 .
2148 3003 2162 3016 .
2208 3003 2220 3017 .
2262 2963 2319 3018 ln
2373 2965 2517 3020 diem
2579 2966 2905 3022 crastinum.
2963 2965 3034 3024 Ut
3092 2976 3274 3023 autem
3327 2969 3479 3024 omni

1907 3056 2072 3111 verbo
2118 3057 2211 3112 Dei
2264 3059 2508 3112 nutritur
2542 3059 2758 3125 anima,
2799 3059 2881 3114 sic
2929 3061 3175 3130 quolibet
3209 3071 3481 3131 praecepto

1907 3149 2240 3205 illustratur.
2287 3147 2568 3204 Iustitiam
2595 3164 2726 3221 ergo
2770 3149 2969 3205 discere
3014 3167 3148 3207 cura
3186 3155 3287 3221 sit;
3317 3169 3478 3224 quam

1910 3241 2221 3310 disciplina,
2271 3255 2378 3296 non
2434 3249 2632 3294 natura
2699 3240 2954 3312 largitur,
2993 3251 3052 3298 ut
3101 3243 3371 3312 auditum,
3423 3255 3482 3302 ut

1907 3332 2107 3386 visum.
2137 3330 2240 3387 Sed
2269 3339 2356 3387 est
2383 3329 2549 3402 hujus
2578 3330 2888 3401 disciplina:
2917 3342 3122 3405 mystes
3154 3347 3208 3393 et
3235 3335 3483 3391 initiator

1904 3424 2176 3488 Christus,
2233 3423 2288 3478 in
2341 3439 2502 3493 quem
2557 3422 2691 3478 illud
2739 3431 2845 3488 est,
2895 3425 3042 3494 quod
3087 3441 3278 3481 omnes
3307 3441 3336 3480 a
3371 3425 3482 3485 Deo

1904 3513 2180 3568 docendos
2213 3527 2339 3567 esse
2386 3512 2656 3567 scribitur
2685 3512 2752 3565 ".
2799 3511 2953 3567 Istud
3007 3529 3138 3568 vero
3172 3515 3282 3570 illis
3312 3516 3479 3571 etiam

1904 3621 2053 3659 nunc
2093 3603 2347 3675 praecipit
2377 3604 2670 3673 propheta,
2716 3605 2808 3675 qui
2858 3605 2925 3659 de
2974 3606 3217 3675 gentium
3248 3622 3481 3662 numero

1904 3696 2062 3750 [idem
2089 3695 2322 3765 amplexi
2346 3705 2513 3750 sunt:
2551 3696 2862 3765 cujusmodi
2895 3704 2982 3751 est
3010 3697 3186 3753 illud:
3223 3716 3242 3750 ι
3279 3697 3481 3754 Audite

1901 3786 2040 3850 haec,
2071 3801 2263 3842 omnes
2295 3798 2516 3858 gentes;
2547 3789 2838 3854 attendite,
2871 3803 3063 3845 omnes
3086 3790 3180 3861 qui
3215 3790 3477 3846 habitatis

1900 3889 2104 3933 terram
2138 3881 2205 3933 ".
2259 3879 2394 3933 Nam
2445 3889 2500 3934 et
2552 3880 2657 3935 isto
2718 3881 2839 3935 loco
2891 3882 3155 3951 propheta
3206 3882 3479 3938 universa:

1901 3981 2059 4026 terra:
2080 3972 2309 4038 incolas,
2331 3989 2437 4027 non
2461 3972 2683 4028 Judteos
2711 3983 2946 4039 tantum,
2975 3984 3034 4028 ut
3053 3973 3220 4030 Mosis
3244 3976 3334 4029 illa
3368 3977 3476 4042 lex,

1899 4065 1966 4118 ad
1997 4065 2365 4134 evangelicum
2394 4065 2666 4134 justitiam
2715 4065 2946 4131 invitat;
2996 4082 3027 4119 a
3075 4082 3182 4136 qua
3233 4069 3326 4137 qui
3376 4069 3478 4122 ab-

1901 4159 2239 4222 horruerint,
2297 4158 2521 4227 impune
2578 4172 2687 4210 non
2747 4157 3016 4212 tulerunt.
3051 4158 3286 4213 Cessavit
3334 4161 3474 4213 enim

1897 4248 2090 4318 impius
2120 4249 2335 4302 delatus
2375 4248 2441 4302 ad
2491 4248 2808 4314 interitum;
2849 4248 3028 4301 omnis
3078 4249 3337 4303 nimirum
3377 4252 3470 4320 qu'

1890 4343 2166 4413 justitiam
2191 4357 2295 4394 non
2344 4341 2524 4404 discit,
2573 4355 2735 4410 neque
2781 4343 3052 4394 veritatem
3084 4341 3231 4408 fecit,
3273 4342 3325 4395 id
3365 4354 3471 4408 est,

1897 4434 1991 4503 qui
2024 4434 2262 4503 positum
2295 4432 2349 4486 in
2379 4433 2576 4502 spiritu
2607 4441 2660 4486 et
2683 4433 2913 4486 veritate
2952 4434 3161 4487 cultum
3191 4435 3474 4489 adoratio-

212 4516 394 4600 νησιν.
429 4501 596 4554 Σκιὰν
623 4504 730 4574 γὰρ
765 4499 911 4575 εἶχεν
944 4508 972 4559 6
1001 4507 1164 4577 νόμος
1187 4510 1296 4562 τῶν
1325 4511 1629 4582 μελλόντων
1652 4517 1791 4584 ἁγα-

1904 4499 2134 4593 nemque
2170 4538 2278 4576 non
2325 4499 2601 4576 observat.
2657 4519 2915 4574 Umbram
2957 4523 3103 4576 enim
3160 4521 3469 4577 futurorum

214 4588 347 4643 θῶν.
381 4591 615 4660 Χριστὸς
647 4593 703 4645 δὲ
741 4595 900 4663 μόνος
917 4596 1189 4665 ἀλήθεια,
1216 4599 1273 4663 ὃς
1303 4603 1395 4654 καὶ
1415 4603 1640 4671 γέγονεν
1663 4609 1792 4676 ἡμῖν

1904 4588 2168 4670 bonorum
2201 4615 2284 4670 lex
2311 4615 2498 4668 habuit
2529 4614 2594 4667 ⁸⁸.
2617 4613 2722 4668 Sed
2753 4612 3005 4669 Christus
3027 4630 3169 4670 unus
3193 4617 3469 4679 veritas",

214 4683 369 4753 παρὰ
401 4684 497 4736 τοῦ
533 4686 769 4756 Πατέρος
797 4686 1172 4758 δικαιοσύνη,
1204 4693 1300 4745 καὶ
1341 4693 1377 4747 ἃ
1409 4695 1490 4748 δεῖ
1515 4706 1542 4746 P
1576 4716 1790 4769 παραγ-

212 4773 396 4842 γέλλει
430 4773 780 4845 δικαιοσύνη
811 4779 870 4832 τέ
903 4781 1019 4834 ἐστι
1050 4784 1142 4835 καὶ
1166 4784 1438 4852 ἀλήθεια.
1460 4788 1696 4858 Αἵρεται
1726 4791 1794 4844 δὲ

212 4869 243 4918 ό
273 4867 526 4935 ἀσεϐὴς,
547 4870 646 4923 ἵνα
673 4870 758 4939 μὴ
789 4871 885 4940 ιδῃ
911 4872 1023 4941 τὴν
1044 4873 1229 4939 δόξαν
1247 4879 1632 4952 Κυριόυ.Φησὶ
1661 4884 1789 4952 γάρ·

218 4975 235 5006 ι
260 4958 390 5010 Ἐὰν
421 4959 500 5029 μὴ
535 4961 858 5033 πιστεύσητε
904 4965 986 5017 ὅτι
1033 4966 1143 5033 ἐγώ
1169 4967 1305 5037 εἰμι,
1341 4971 1400 5023 ἐν
1444 4975 1566 5035 ταῖς
1610 4975 1790 5046 ἁμαρ-

209 5052 356 5114 τίαις
388 5051 542 5122 ὑμῶν
575 5055 955 5112 ἀποθανεῖσθε.
979 5077 998 5110 ι
1029 5059 1139 5112 Καὶ
1167 5060 1330 5116 πάλιν
1350 5078 1364 5092 ·
1395 5081 1414 5115 ι
1436 5063 1494 5117 '0
1515 5061 1790 5120 πιστεύων

209 5145 292 5204 εἰς
312 5145 406 5197 τὸν
435 5145 586 5209 Υίδν,
615 5148 674 5199 ού
701 5151 966 5218 κρίνεται’
998 5153 1026 5204 6
1053 5151 1111 5204 δὲ
1138 5152 1213 5225 μὴ
1239 5156 1532 5222 πιστεύων,
1561 5160 1663 5230 ἤδη
1691 5161 1783 5214 κέ-

210 5253 420 5304 κριται.
452 5255 470 5288 ι
521 5238 611 5308 Μὴ
643 5240 817 5293 συνὼν
843 5243 950 5314 γάρ
981 5244 1220 5316 Χριστῷ,
1260 5247 1379 5312 πῶς
1422 5249 1632 5318 ὄψεται
1676 5252 1789 5321 τὴν

209 5327 401 5392 δόξαν
429 5330 593 5382 αὑτοῦ
616 5347 630 5395 ;
676 5329 1025 5401 Λαμὸἆνεται
1057 5335 1116 5387 δὲ
1153 5335 1304 5390 τοῦτο
1332 5341 1428 5394 καὶ
1456 5342 1536 5406 είς
1560 5344 1651 5396 τὸν
1679 5346 1787 5399 διά-

281 5511 330 5582 'f
364 5509 552 5565 Matth.
593 5526 673 5578 at,
698 5511 788 5567 28.
863 5511 908 5543 ⁸⁷
947 5512 1052 5569 lsa.
1082 5531 1193 5582 ut,
1225 5519 1275 5570 7.

212 5581 255 5610 "
293 5581 432 5635 Joan
499 5598 612 5647 ιιν,
645 5583 699 5638 6.
774 5583 822 5614 ’³
892 5582 1052 5640 Joau.
1082 5604 1199 5651 vm,
1228 5590 1320 5644 2L

1351 5518 1398 5551 ’³⁸
1428 5519 1558 5574 Luc.
1593 5539 1645 5585 ι,
1683 5522 1766 5578 l9.
1834 5524 1879 5555 ⁸9
1913 5521 2166 5587 Joan.vr,
2197 5523 2266 5578 ιδ

1418 5593 1464 5623 ⁸⁸
1499 5591 1659 5648 Joan.
1689 5610 1773 5661 ιιι,
1807 5595 1891 5650 t8.

1898 4709 2038 4763 idem
2067 4708 2222 4763 uobis
2254 4723 2283 4761 a
2318 4707 2478 4762 Patre
2496 4707 2719 4776 justitia
2748 4709 2986 4770 exsistit,
3016 4715 3072 4761 et
3101 4725 3219 4777 qum
3250 4725 3471 4763 annun-

1897 4800 2017 4861 tiat,
2040 4798 2258 4868 justitia
2285 4807 2414 4851 sunt
2445 4805 2500 4850 et
2533 4797 2747 4851 veritas.
2780 4796 3012 4850 Tollitur
3045 4807 3226 4859 autem
3252 4799 3468 4867 impius,

1896 4907 1960 4944 ne
1983 4889 2154 4943 videat
2183 4889 2411 4957 gloriam
2437 4886 2552 4940 Dei.
2585 4887 2674 4940 Ait
2694 4887 2838 4941 enim
2868 4905 2881 4941 :
2919 4905 2936 4938 ι
2969 4885 3081 4942 Nisi
3123 4888 3470 4944 credideritis

1891 4981 2036 5050 quod
2065 4994 2166 5049 ego
2193 4993 2338 5041 sum,
2382 4978 2436 5032 in
2471 4977 2710 5046 peccatis
2755 4979 2956 5033 vestris
2993 4979 3302 5034 moriemini
3337 4979 3404 5032 ”.
3444 4998 3463 5030 ι

1895 5071 2095 5126 Deinde
2129 5087 2144 5124 :
2183 5087 2201 5121 ι
2222 5068 2328 5136 Qui
2357 5069 2531 5123 credit
2558 5068 2612 5122 in
2643 5065 2865 5135 Filium,
2897 5085 3002 5126 non
3035 5070 3345 5140 iudicatur;
3371 5075 3468 5142 qui

1890 5174 2071 5218 autem
2104 5177 2213 5217 non
2243 5162 2440 5224 credit,
2470 5161 2581 5229 jam
2606 5160 2898 5230 judicatus
2921 5171 3006 5218 est
3030 5162 3098 5217 “.
3133 5182 3150 5215 ι
3189 5162 3290 5228 Qui
3320 5163 3467 5216 enim

1901 5253 2100 5310 Christi
2126 5253 2375 5323 gloriam,
2401 5254 2492 5323 qui
2526 5268 2652 5307 cum
2679 5253 2899 5310 Christo
2928 5269 3037 5309 non
3073 5254 3256 5319 luerit,
3295 5253 3470 5308 uidere

1893 5347 2107 5416 possit?
2158 5345 2344 5401 Potest
2389 5359 2521 5400 vero
2560 5355 2615 5400 et
2661 5345 2832 5412 istud,
2863 5346 2920 5401 in
2951 5345 3229 5402 diabolum
3272 5358 3468 5401 vecor-

2392 5521 2439 5554 ⁹⁹
2476 5519 2622 5578 Psal.
2657 5537 2846 5588 sum,
2879 5525 2913 5577 2
3029 5523 3070 5554 "
3109 5522 3266 5583 llebr.
3329 5540 3385 5590 ι,
3416 5524 3463 5579 ι.

1478 5709 1564 5764 γλ
1575 5710 1714 5767 ΒΙτΕ
1752 5710 2156 5771 LECTIONES.

286 5801 312 5827 °
342 5809 431 5863 rp.
459 5794 589 5863 γάρ.
665 5802 694 5842 ι)
717 5811 804 5862 γρ.
831 5794 921 5862 δή.

550 5885 823 5943 ΡΑτιιυι..
869 5887 984 5946 Gn.
1035 5886 1134 5944 LX
1153 5886 1395 5946 XXVII.

3079 5898 3150 5956 70
