4020 6372
583 365 724 431 2219

1884 361 2237 425 PROCOPII
2281 362 2527 426 GAZEI

3686 364 3804 432 2220

578 482 785 552 desque
811 477 1033 534 Judaeos
1068 475 1344 547 usurpari.
1375 474 1513 532 Cum
1544 475 1706 547 327
1728 475 1877 532 enim
1912 477 1980 534 iis
2015 476 2157 534 Deus

2264 476 2440 543 6ολον,
2473 475 2570 531 καὶ
2608 477 2739 541 τοὺς
2778 474 3104 548 ἀγνώμονας
3144 474 3451 540 Ἰουδαίους.
3469 476 3807 546 Ἀπειλοῦντος

578 575 883 639 minitetur,
925 572 1017 642 qui
1036 570 1307 641 justitiam
1339 584 1444 623 non
1472 568 1797 637 didicerunt,
1832 584 1896 625 ea
1925 570 2163 641 prophe-

577 670 667 725 tae,
702 675 823 731 quae
868 660 937 714 ab
988 658 1372 713 incredulitate
1408 654 1724 713 Iudaeorum
1768 659 2015 730 prolecta
2054 665 2158 725 est,

578 755 634 808 in
682 749 1124 806 recordationem
1179 750 1329 805 subit
1380 750 1674 820 ignoratio.
1735 749 1826 807 Dei
1885 750 2160 822 siquidem

578 842 784 907 Filius,
836 840 1015 895 Patris
1058 838 1355 905 brachium,
1387 854 1498 910 quo
1523 846 1722 895 cuncta
1771 838 1961 896 enecta
2010 849 2159 905 sunt,

574 934 881 1005 appellatus
906 932 976 998 ”,
1012 930 1246 1001 ideoque
1286 932 1607 986 incarnatus
1657 940 1717 987 ut
1750 940 1912 987 terra:
1954 932 2162 988 incolas

574 1043 672 1098 per
699 1026 860 1081 (idem
888 1024 1243 1095 justifiearet,
1268 1039 1330 1079 ea
1355 1040 1480 1095 quae
1513 1031 1768 1079 naturam
1804 1034 1859 1080 et
1892 1025 2161 1080 rationem

573 1120 930 1183 exsuperant,
966 1110 1033 1166 ad
1068 1111 1376 1166 divinitatis
1409 1127 1523 1167 suae
1554 1112 1935 1181 probationem
1970 1129 2167 1185 opera-

571 1205 757 1262 batur.
809 1205 1052 1276 Indeque
1099 1213 1186 1261 est
1235 1203 1385 1275 quod
1436 1204 1621 1260 aiebat
1663 1224 1677 1261 :
1732 1223 1751 1257 ι
1791 1204 1849 1261 Si
1880 1221 1992 1263 non
2023 1206 2165 1263 facio

571 1312 741 1368 opera
765 1296 947 1353 Patris
992 1297 1123 1363 mei,
1152 1297 1323 1353 nolite
1371 1295 1506 1351 mihi
1537 1296 1765 1354 credere
1790 1298 1858 1352 ⁸⁸.
1917 1315 1936 1351 ι
1990 1297 2166 1355 ϐείο-

571 1406 692 1445 rum
754 1397 1121 1461 praeterquam
1181 1389 1369 1460 quod,
1425 1390 1522 1461 qui
1573 1389 1833 1446 videbant
1894 1398 1950 1447 et
2003 1390 2167 1448 doce-

571 1483 814 1548 bantur,
877 1496 984 1538 non
1048 1482 1379 1548 credebant,
1448 1480 1852 1536 Samaritanum
1914 1483 1990 1546 ⁸⁷,
2059 1482 2168 1537 daa-

570 1574 932 1637 moniacum,
996 1574 1359 1629 temulentum
1421 1572 1509 1639 '3,
1575 1571 1827 1643 fabrique
1894 1572 2063 1629 filium
2122 1575 2168 1608 "

569 1668 974 1726 contumeliose
1015 1669 1309 1724 vocabant.
1348 1668 1464 1724 imo
1508 1675 1564 1724 et
1598 1669 1837 1726 servatis
1886 1670 2145 1740 gentibus

570 1776 697 1819 cum
718 1761 840 1818 zelo
870 1761 1165 1832 ﬂagrarent
1199 1759 1475 1831 improbo,
1517 1760 1637 1831 igne
1676 1761 1862 1831 potius
1887 1732 2167 1831 ⁷εοιιειιιιιὶξ

2266 569 2378 641 γὰρ
2415 569 2509 624 τοῦ
2551 568 2689 624 Θεοῦ
2736 571 2852 633 τοῖς
2886 567 2972 639 μὴ
3018 566 3397 640 μανθάνουσι
3429 567 3806 639 δικαιοσύνην,

2269 663 2350 725 εἰς
2377 661 2693 732 ἀνάμνησιν
2722 662 2751 715 ὁ
2775 661 3061 732 προφήτης
3099 655 3232 731 ἦλθε
3276 658 3375 729 τῆς
3416 659 3509 713 τοῦ
3542 660 3740 733 Ἰσραήλ
3763 664 3809 729 ἐξ

2267 752 2551 816 ἀπειθείας
2572 750 2816 821 ἀγνοίας.
2834 752 2891 806 Ὀ
2910 750 3009 821 μὲν
3024 749 3133 819 γάρ
3159 748 3253 803 τοῦ
3277 748 3412 803 Θεοῦ
3435 749 3561 814 Υἱδς
3574 751 3812 822 ,ϐραχίων

2267 844 2560 914 λεγόμενος
2584 841 2678 897 τοῦ
2704 841 2966 913 Πατέρος,
2991 841 3057 895 δι’
3081 834 3143 895 οῦ
3168 841 3236 895 τά
3268 844 3447 896 πάντα
3475 841 3686 911 γέγονε,
3706 861 3813 915 σαρ-

2268 935 2468 999 κωθεὶς
2504 936 2591 988 ἴνα
2618 932 2887 1009 δικαιώσῃ
2924 934 3049 998 τοὺς
3086 933 3179 985 ἐπὶ
3205 933 3307 1003 τῆς
3331 933 3436 1004 γῆς
3467 933 3556 987 διά
3586 934 3809 1001 πίστεως.

2269 1028 2337 1083 τὰ
2366 1028 2507 1098 ὑπὲρ
2544 1028 2708 1097 φύσιν
2742 1035 2835 1082 καὶ
2866 1026 3024 1095 λόγον
3049 1026 3367 1097 εἰργάζετο,
3401 1026 3492 1080 διά
3512 1026 3723 1094 τούτων,
3752 1031 3812 1095 ὡς

2269 1121 2403 1186 Θεὸς
2428 1121 2511 1192 εἴη
2529 1161 2545 1187 ,
2573 1120 2807 1185 δεικνύς.
2842 1120 3041 1192 Διόπερ
3073 1119 3346 1190 ἔφασκεν·
3388 1138 3408 1172 ι
3439 1120 3503 1174 Ei
3526 1119 3589 1174 οὐ
3610 1122 3737 1175 ποιῶ
3759 1127 3813 1177 τὰ

2270 1212 2409 1285 ἔργα
2454 1211 2549 1267 τοῦ
2586 1212 2829 1285 Πατέρος
2861 1230 2988 1285 μου,
3024 1212 3102 1285 μὴ
3150 1212 3440 1268 πιστεύετὲ
3486 1229 3599 1285 μοι.
3630 1231 3648 1265 ι
3683 1216 3737 1269 Οί
3770 1216 3815 1270 δὲ

2269 1304 2503 1375 ὁρῶντες
2554 1304 2648 1358 καὶ
2688 1303 3101 1375 διδασκόμενοι,
3128 1304 3267 1376 πρὸς
3307 1303 3386 1374 τῷ
3434 1302 3511 1375 μὴ
3554 1304 3814 1375 πιστεύειν,

2272 1396 2640 1470 Σαμαρείτην,
2660 1396 2756 1451 καὶ
2777 1397 3137 1468 δαιμονῶντα,
3154 1398 3249 1452 καὶ
3268 1396 3523 1469 μέθυσον,
3540 1398 3637 1451 καὶ
3655 1398 3813 1453 τέκτο-

2274 1506 2365 1552 νος
2387 1488 2620 1544 ἐκάλουν
2652 1488 2787 1543 υἱόν.
2825 1488 3154 1558 Σωζομὲνων
3181 1488 3238 1543 δὲ
3268 1487 3377 1542 τῶν
3407 1487 3599 1550 ἐθνῶν,
3625 1490 3816 1561 πονηρῴ

2274 1581 2558 1653 καιόμενοι
2585 1581 2756 1654 ζήλῳ,
2786 1582 3187 1651 πυρίκαυστοι
3207 1580 3467 1650 γενέσθαι
3504 1579 3694 1650 μᾶλλον
3716 1580 3818 1651 {30:-

2272 1673 2386 1736 λον,
2411 1674 2445 1745 ἢ
2476 1671 2651 1727 ταῦτα
2682 1672 2901 1745 βλέπειν
2929 1674 3234 1745 σωζόμενα.
3264 1671 3436 1726 Τοῦτο
3467 1672 3525 1726 δέ
3549 1673 3641 1726 καὶ
3663 1674 3744 1727 ἐπὶ
3762 1678 3813 1743 τῇ

2275 1765 2369 1820 τοῦ
2422 1765 2678 1837 Σωτῆρος
2731 1765 2987 1835 γεννήσει
3042 1762 3369 1819 πεπονθέναι
3405 1764 3574 1835 φησὶν
3603 1763 3817 1829 αὐτοὺςό

571 1866 739 1924 quam
790 1851 846 1907 in
884 1851 1106 1908 easdem
1139 1858 1393 1906 servatas
1429 1849 1633 1906 intueri
1668 1851 1966 1908 malebant.
2002 1850 2157 1918 Quod

2264 1858 2576 1931 προφήτης,
2613 1858 2698 1913 ὅτι
2734 1856 2950 1913 παιδίον
2986 1856 3254 1929 ἐγεννήθη
3292 1857 3425 1929 ήμϊν
3464 1854 3611 1920 Υἱός.

572 1944 629 2000 in
660 1943 782 2014 ipso
801 1941 1105 1998 Salvatoris
1131 1948 1257 1996 ortu
1280 1955 1477 2011 passos
1498 1956 1646 2006 esse,
1672 1943 1801 2014 quia
1834 1959 1971 2013 puer
2002 1952 2163 2000 natus

570 2044 719 2095 esset
750 2036 910 2092 nobis
940 2035 1133 2100 Filius,
1165 2034 1435 2105 propheta
1466 2035 1799 2107 significavit
1837 2039 1879 2093 ⁸.

640 2128 770 2185 inde
799 2136 886 2185 est
916 2129 1101 2201 igitur,
1134 2127 1304 2198 quod,
1337 2142 1607 2184 conversa
1649 2128 1718 2184 ad
1763 2127 1983 2186 Patrem
2028 2146 2160 2186 ora-

570 2222 741 2283 tione,
797 2221 1051 2277 eumdem
1103 2222 1183 2277 sic
1234 2221 1578 2291 alloquitur:
1616 2220 1868 2289 Domine,
1896 2222 2165 2279 excelsum

571 2312 847 2368 brachium
881 2321 1051 2378 tuum,
1088 2320 1139 2366 et
1168 2310 1493 2374 nesciebant,
1535 2312 1666 2382 quia
1709 2312 1975 2368 nimirum
2036 2324 2162 2371 tan.

572 2420 735 2475 quam
790 2402 1067 2475 vulgarem
1124 2402 1362 2472 aliquem
1438 2401 1719 2457 hominem
1778 2403 2159 2475 despicerent,

571 2509 733 2565 quem
763 2493 834 2548 ab
863 2492 1127 2564 operibus
1176 2507 1514 2564 cognoscere
1554 2491 1881 2549 debuerant.
1936 2495 2008 2550 At
2044 2495 2161 2565 jam

570 2586 900 2649 mitescent,
955 2584 1167 2655 adjicit,
1229 2584 1353 2654 ejus
1403 2598 1434 2638 a
1469 2592 1647 2639 morte
1697 2587 2161 2643 resurrectionem

571 2678 787 2745 intuiti;
816 2692 928 2748 quo
977 2685 1220 2747 tempore
1266 2676 1499 2747 pecunia
1531 2676 1800 2734 militibus
1848 2689 2160 2745 numerata,

571 2784 640 2824 ne
668 2769 735 2824 ad
766 2784 959 2825 omnes
990 2769 1068 2824 rei
1107 2768 1250 2823 fama
1288 2768 1620 2839 perveniret,
1654 2770 1923 2842 impedire
1953 2772 2160 2829 frustra

571 2863 753 2917 conati
794 2870 944 2918 sunt.
980 2860 1299 2915 Erubescent
1350 2876 1568 2917 rursum
1610 2863 1697 2918 vel
1743 2873 1858 2919 tum
1892 2865 2158 2931 maxime,

572 2967 697 3009 cum
726 2954 779 3007 in
822 2951 1003 3008 Patris
1028 2951 1204 3024 gloria
1240 2952 1549 3008 venientem
1581 2952 1993 3022 intuebuntur;
2031 2970 2156 3011 cum

574 3045 775 3117 Sponsi
834 3046 1114 3109 thalamo,
1165 3046 1284 3100 solo
1336 3054 1553 3114 patrum
1614 3047 1840 3103 nomine
1897 3052 2156 3118 (quorum

571 3145 730 3193 erant
761 3136 1178 3208 promissiones,
1222 3145 1276 3191 et
1308 3136 1603 3206 legislatio,
1632 3146 1686 3192 et
1722 3140 2155 3211 testamentum),

2344 2123 2434 2177 Διὸ
2482 2123 2621 2195 πρὸς
2660 2123 2752 2177 τὸν
2784 2123 3004 2194 ῐῐατὲρα
3058 2124 3225 2195 φησὶν
3244 2125 3273 2178 ό
3303 2124 3623 2196 προφήτηςο
3647 2127 3813 2193 Κύριε.

2269 2202 2508 2285 ὑψηλός
2544 2231 2662 2270 σου
2683 2219 2717 2270 ό
2752 2216 3044 2286 βραχίων,
3079 2216 3181 2270 καί
3202 2218 3314 2286 οὐχ
3342 2216 3616 2286 ᾔδεισαν.
3662 2216 3742 2280 Ὠς
3765 2216 3816 2289 δή

2270 2303 2454 2358 κοινοῦ
2485 2322 2630 2368 τινος
2662 2305 3045 2376 ὑπερορῶντες
3075 2306 3390 2378 ἀνθρώπου,
3419 2305 3514 2359 διά
3538 2306 3641 2359 τῶν
3657 2306 3813 2377 Enim:

2269 2395 2433 2450 αὑτὸν
2490 2396 2881 2466 ἐπιγινώσκειν
2937 2396 3532 2467 ὀφείλοντες.οΓνόντες
3578 2397 3633 2451 δέ
3678 2397 3816 2453 αὑτοῦ

2267 2487 2368 2559 τήν
2397 2488 2462 2542 ἐκ
2483 2488 2693 2559 νεκρῶν
2720 2488 3047 2556 ἀναϐίωσιν,
3068 2491 3614 2559 αισχυνθήσονται,
3642 2491 3721 2545 ὅτε
3740 2493 3816 2544 καὶ

2270 2580 2510 2653 ἀργύρια
2534 2582 2697 2636 ἱκανά
2728 2584 2841 2646 τοῖς
2865 2581 3228 2653 στρατιώταις
3256 2582 3492 2646 ἔδωκαν,
3541 2582 3615 2644 ώς
3656 2583 3717 2636 ἄν
3756 2583 3816 2652 μή

2269 2673 2439 2725 πᾶσιν
2486 2671 2757 2727 ἔκπυστον
2804 2673 3053 2745 γένηται.
3084 2674 3617 2743 Αίσχυνθήσονται
3661 2675 3710 2729 δὲ
3744 2678 3819 2729 καὶ

2269 2763 2345 2817 ὅτ’
2384 2763 2452 2817 ἂν
2474 2763 2659 2819 ἴδωσιν
2688 2764 2853 2820 αὑτὸν
2882 2766 3179 2837 ἐρχόμενον
3201 2769 3258 2819 ἐν
3296 2768 3361 2838 τῇ
3400 2767 3532 2837 δόξῃ
3556 2766 3646 2819 τοῦ
3677 2768 3819 2821 Πατέ-

2269 2874 2386 2929 ρος,
2416 2858 2502 2911 ὅτε
2534 2859 2623 2910 καὶ
2638 2856 2731 2910 τοῦ
2762 2857 3051 2928 νυμφῶνος
3079 2858 3417 2912 ἐκκλείονται
3476 2861 3524 2913 οί
3590 2859 3674 2913 διὰ
3714 2861 3818 2921 τοὺς

2268 2950 2512 3020 πατέρας
2537 2952 2912 3021 τετιμημένοι.
2946 2948 3137 3003 Αὐτῶν
3155 2949 3264 3020 γὰρ
3292 2952 3348 3003 αἱ
3372 2949 3715 3019 ἐπαγγελίαι,
3742 2950 3818 3002 καὶ

2268 3043 2300 3113 ή
2337 3042 2650 3113 νομοθεσία,
2683 3042 2831 3114 καὶὴ
2863 3041 3123 3114 διαθήκη,
3164 3041 3260 3095 νῦν
3280 3041 3337 3096 δέ
3363 3042 3461 3095 καὶ
3491 3045 3612 3095 τότε
3633 3048 3695 3096 τὰ
3713 3044 3817 3112 ἔθνη

2267 3134 2611 3201 ζηλώσουσι
2693 3135 2827 3204 πυρὶ
2907 3133 2985 3205 τῷ
3052 3133 3257 3205 αἰωνίῳ
3328 3136 3815 3206 παραπεμπόμειιοι.

572 3228 1041 3284 commendabiles
1071 3228 1457 3283 excludentur.
1503 3228 1659 3283 Nunc
1688 3240 1897 3298 autem,
1943 3240 1998 3285 et
2029 3240 2157 3285 tunc

2274 3227 2480 3280 ιΑύτοὶ
2541 3226 2671 3297 γὰρ,
2716 3226 2870 3297 φησὶ,
2922 3225 3326 3297 παρεξήλωσάν
3360 3244 3428 3296 με
3453 3228 3546 3280 ἐπ’
3599 3228 3656 3280 οὐ
3700 3226 3814 3295 Θεῷ,

572 3322 739 3379 etiam
786 3329 979 3390 gentes
1039 3319 1461 3386 azmutabuntur,
1530 3334 1657 3376 cum
1717 3321 1831 3392 igni
1892 3331 2159 3392 perpetuo

574 3412 883 3469 tradentur.
915 3430 934 3464 ι
979 3412 1084 3483 Ipsi
1116 3413 1289 3477 enim,
1328 3412 1610 3478 scribitur,
1645 3414 1711 3469 ad
1752 3415 2157 3472 aemulationem

574 3521 664 3561 me
695 3512 1137 3576 provocas-erunt
1187 3506 1242 3559 in
1283 3519 1350 3560 eo
1390 3505 1540 3577 quod
1571 3521 1680 3561 non
1709 3515 1830 3561 erat
1868 3507 2034 3575 Deus,
2062 3508 2159 3565 sed

574 3611 672 3653 eos
693 3596 813 3667 ipse
841 3597 895 3650 in
922 3610 1033 3651 non
1074 3602 1236 3667 gente
1272 3596 1581 3666 provocabo
1614 3599 1655 3653 ³.
1710 3615 1729 3649 s
1769 3595 2019 3653 Postulat
2059 3612 2159 3652 au-

577 3698 686 3743 tem
740 3689 1007 3759 pr0pheta
1059 3702 1092 3741 a
1149 3688 1280 3753 Deo,
1333 3698 1392 3743 ut
1428 3689 1511 3745 eis
1568 3688 1685 3759 ipse
1731 3705 1919 3745 secum
1975 3706 2157 3760 pacem

578 3782 864 3851 largiatur.
897 3779 975 3834 Ita
1002 3780 1150 3836 enim
1182 3781 1514 3835 cumulatam
1563 3790 1618 3837 et
1673 3781 1972 3852 perfectam
2023 3798 2053 3837 a
2103 3792 2159 3839 te

578 3873 833 3946 gratiam,
865 3872 1063 3943 inquit,
1100 3871 1386 3936 inibimus,
1423 3872 1517 3942 qui
1541 3876 1710 3927 tantis
1736 3888 1767 3927 a
1796 3883 1848 3928 te
1874 3873 2156 3930 beneficiis

576 3980 677 4035 per
710 3972 891 4034 patres
919 3964 1097 4020 affecti
1139 3979 1352 4019 sumus.
1388 3963 1577 4020 Potest
1604 3973 1657 4020 et
1693 3965 1839 4020 istud
1880 3965 1949 4020 ad
1979 3982 2039 4021 se
2066 3983 2156 4023 re-

576 4055 772 4112 tulisse
804 4057 1070 4127 propheta
1109 4057 1304 4123 videri,
1335 4058 1493 4127 quasi
1548 4058 1690 4113 inter
1729 4060 1900 4114 multa
1953 4059 2047 4115 Dei
2100 4060 2153 4117 in

577 4161 638 4201 se
676 4146 962 4211 beneﬁcia,
992 4153 1048 4202 et
1100 4148 1245 4202 istud
1292 4162 1511 4218 quoque
1550 4150 1948 4219 permaximum
1990 4150 2156 4221 proii-

577 4246 775 4303 teatur,
814 4240 861 4294 si
894 4239 1044 4308 genti
1107 4238 1224 4295 sive
1272 4254 1455 4306 pacem
1499 4239 1570 4295 ab
1617 4242 1809 4296 eodem
1858 4242 2152 4312 impetret;

569 4338 728 4398 Juxta
775 4329 904 4384 illud
944 4346 958 4385 :
1002 4346 1021 4381 ι
1070 4327 1361 4385 Justilicati
1405 4330 1573 4401 328
1607 4330 1774 4400 igitur
1806 4347 1874 4387 ex
1918 4332 2023 4388 fide
2056 4349 2155 4402 pa-

572 4438 689 4478 cem
728 4423 993 4477 habemus
1032 4421 1176 4492 apud
1223 4422 1415 4488 Deum,
1460 4438 1558 4493 per
1605 4422 1897 4479 Dominum
1928 4434 1981 4481 et
2032 4424 2154 4481 Sal-

572 4523 814 4569 vatorem
837 4513 1021 4570 Iesum
1057 4513 1327 4571 Christum
1350 4516 1391 4571 ³.
1434 4534 1451 4567 ι
1486 4517 1644 4583 Quod
1670 4525 1819 4573 certe
1843 4534 1967 4573 cum
2003 4521 2151 4574 acci-

2261 3320 2418 3388 κάγὼ
2448 3319 2831 3391 παραζηλώσω
2858 3320 3057 3383 αὐτοὺς
3107 3319 3202 3373 ἐπὶ
3225 3319 3325 3373 οὐκ
3340 3318 3508 3374 ἐθνει.
3540 3338 3559 3372 ι
3600 3319 3752 3388 ’Υπὲρ
3774 3319 3818 3372 δὲ

2258 3412 2465 3466 τούτων
2496 3415 2640 3467 αἰτεῖ
2664 3413 2757 3467 τὸν
2779 3414 2912 3467 Θεὸν
2941 3414 2971 3466 ὁ
3029 3413 3317 3485 προφήτης
3356 3412 3457 3484 τὴν
3524 3413 3658 3484 πρὸς
3684 3412 3819 3467 αὐτὴν

2258 3504 2509 3573 είρήνην
2540 3504 2751 3569 τούτοις
2773 3504 3147 3577 δωρήσασθαι.
3164 3504 3321 3559 Οῦτω
3350 3504 3464 3575 γὰρ
3491 3505 3671 3575 πλήρη
3696 3506 3818 3574 παρὰ

2261 3598 2357 3651 σοῦ
2390 3598 2488 3670 τὴν
2539 3598 2699 3670 χάριν
2728 3598 3035 3670 ληψόμεθα,
3072 3598 3309 3653 τοσαῦτα
3337 3598 3431 3652 διὰ
3454 3599 3582 3662 τοὺς
3605 3600 3816 3669 πατέρας

2257 3692 2634 3762 τετιμημένοι.
2658 3691 2769 3744 Καὶ
2788 3691 2918 3763 περὶ
2943 3692 3137 3745 ἐαυτοῦ
3160 3692 3219 3745 δὲ
3240 3690 3398 3745 τοῦτο
3420 3691 3573 3761 λέγοι
3592 3692 3656 3746 ἄν
3675 3693 3819 3761 ὁπρο.

2258 3785 2436 3857 φήτης
2462 3785 2766 3855 ὁμολογῶν,
2788 3785 2865 3849 ὡς
2887 3785 3090 3849 πολλὰς
3110 3784 3264 3856 παρὰ
3287 3784 3382 3838 σοῦ
3413 3785 3599 3838 λαϐὼν
3626 3784 3815 3855 εύεργεο

2258 3875 2399 3940 σίας,
2430 3876 2638 3947 ταύτην
2667 3879 2932 3949 μεγίστην
2977 3878 3298 3949 ὁμολογήσω
3326 3876 3426 3949 τὴν
3460 3876 3595 3949 πρὸς
3642 3877 3699 3929 σέ
3741 3873 3816 3927 τοῦ

2257 3968 2446 4033 ἔθνους
2481 3969 2751 4038 είρήνην.
2809 3971 2970 4025 Κατὰ
3013 3971 3110 4024 τόο
3148 3990 3166 4023 ι
3202 3971 3600 4034 Δικαιωθέντες
3642 3968 3726 4023 οῦν
3766 3969 3816 4020 ὲκ

2257 4061 2496 4125 πίστεως
2525 4062 2751 4134 είρήνην
2780 4062 2979 4134 ἔχομεν
3004 4063 3144 4135 πρὸς
3176 4065 3268 4117 τδν
3315 4064 3449 4117 Θεὸν
3501 4063 3588 4117 διά
3611 4061 3698 4116 τοῦ
3723 4062 3811 4112 Κυ-

2256 4153 2375 4225 ρίου
2422 4154 2581 4226 ήμῶν
2631 4157 2725 4209 καὶ
2752 4155 3007 4228 Σωτῆρος
3036 4156 3243 4223 ἰησοῦ
3280 4157 3564 4225 Χριστοῦ.
3606 4175 3623 4208 ι
3672 4149 3739 4209 Oh
3763 4152 3815 4221 δὴ

2256 4246 2556 4313 γεγονότος,
2585 4247 2779 4315 κτῆσις
2806 4246 3045 4316 ἐσόμεθα
3072 4248 3167 4300 καὶ
3189 4248 3388 4319 κλῆρος
3443 4246 3605 4313 Θεοῦ,
3629 4246 3817 4300 οὐδέν-ιι

2255 4334 2450 4391 ἄλλον
2492 4337 2734 4404 ειδότες,
2786 4338 2862 4409 τῷ
2910 4339 2989 4410 σῷ
3042 4340 3194 4410 νόμῳ
3248 4341 3565 4412 πειθόμενοι
3613 4342 3810 4410 λέγοντιο

2261 4446 2281 4480 ε
2310 4428 2515 4502 Κύριον
2542 4431 2634 4484 τὸν
2650 4431 2784 4484 Θεόν
2815 4448 2913 4485 σου
2944 4433 3363 4503 προσκυνήσεις,
3393 4434 3491 4486 καὶ
3520 4433 3663 4504 αύτῷ
3691 4432 3811 4503 μόνῳ

2254 4521 2598 4593 λατρεύσεις.
2615 4542 2633 4575 ι
2660 4523 2825 4593 Λέγοι
2852 4525 2898 4578 δ’
2921 4525 2988 4579 ἂν
3007 4525 3258 4595 εἰρήνην
3282 4526 3493 4581 καὶτὸν
3523 4527 3647 4599 περὶ
3664 4520 3719 4581 οῦ
3734 4524 3809 4577 λέ-

570 4605 733 4669 derit,
773 4605 828 4659 in
865 4606 956 4661 Dei
991 4612 1195 4661 sortem
1230 4613 1285 4661 et
1330 4610 1734 4676 possessionem
1766 4610 2153 4679 transibimus,

2264 4610 2470 4679 λεκται,
2497 4629 2518 4662 ι
2550 4612 2725 4676 Αύτδς
2746 4614 2859 4685 γάρ
2884 4616 3034 4667 ἐστιν
3066 4616 3100 4685 ή
3133 4615 3329 4686 εἰρήνη
3352 4615 3533 4687 ήμῶν.
3574 4635 3593 4670 ι

569 4693 776 4748 nullum
822 4696 991 4748 alium
1042 4706 1401 4767 agnoscentes,
1438 4698 1534 4753 sed
1591 4698 1792 4754 divinae
1840 4699 1968 4771 legi,
2020 4715 2141 4771 qua:
2181 4700 2471 4756 Dominum
2509 4701 2677 4758 Deum
2708 4704 2960 4773 adorare,
2990 4703 3154 4776 eique
3203 4706 3306 4761 soli
3372 4708 3586 4763 servire
3650 4701 3810 4776 praeci-

570 4785 650 4855 pit
696 4784 751 4851 ‘,
802 4787 1145 4845 obedientes.
1181 4789 1377 4844 Pacem
1422 4804 1617 4847 rursus
1650 4799 1705 4846 et
1766 4806 1893 4847 eum
1966 4792 2219 4860 fortasse,
2262 4794 2330 4851 de
2355 4809 2466 4866 quo
2502 4813 2516 4852 :
2554 4814 2573 4849 ι
2614 4795 2737 4867 ipse
2768 4796 2917 4851 enim
2953 4804 3037 4851 est
3064 4811 3169 4868 pas
3207 4806 3397 4854 nostra
3427 4801 3481 4867 ',
3527 4817 3548 4853 ι
3590 4797 3805 4869 legimus.

568 4880 884 4952 appellavit.

640 4972 867 5037 Deinde,
907 4970 1053 5042 quod
1088 4972 1267 5027 omnia
1316 4973 1598 5030 reddidisti
1640 4975 1799 5041 dixit,
1832 4976 1901 5033 de
1948 4990 2147 5047 pecca-

566 5076 750 5123 torum
800 5066 1004 5135 ptenis.
1056 5082 1195 5137 quas
1241 5065 1407 5138 digne
1463 5069 1833 5138 pertulerunt,
1897 5069 2149 5125 nonnulli

565 5158 897 5227 intelligunt.
926 5156 1039 5214 Illis
1068 5160 1239 5222 enim,
1271 5159 1449 5226 aiunt,
1482 5161 1682 5215 merito
1710 5160 1869 5218 nobis
1901 5160 2145 5227 inﬂictis,

565 5266 688 5307 eum
720 5258 777 5304 tu
804 5248 966 5305 nobis
997 5249 1148 5314 dato,
1174 5250 1269 5321 qui
1299 5252 1454 5308 solus
1481 5252 1609 5307 odio
1639 5261 1732 5307 tuo
1756 5252 1989 5308 liberare
2014 5268 2143 5323 pos-

565 5346 660 5401 sit.
712 5340 953 5400 Ratione
1002 5343 1276 5415 siquidem
1334 5345 1565 5402 dominii
1611 5348 1792 5401 omnia
1846 5353 1941 5401 tua
1996 5355 2147 5402 sunt.

2326 4973 2399 5029 Τδ
2425 4974 2503 5039 δὲ,
2536 4973 2735 5028 πάντα
2756 4973 2866 5044 γὰρ
2893 4973 3205 5042 ἀπέδωκας
3233 4973 3397 5044 ἡμῖν,
3429 4974 3564 5045 φασί
3587 4993 3715 5039 τινες
3733 4974 3805 5044 δην

2256 5065 2383 5120 λοῦν
2406 5066 2506 5135 τὴν
2532 5067 2656 5119 κατ’
2676 5064 2835 5132 ἀξίαν
2862 5065 2973 5119 τῶν
3012 5066 3435 5137 ἁμαρτημάτων
3459 5065 3618 5138 δίκην
3652 5065 3802 5125 αὐτοῖς

2256 5155 2609 5227 ἐπαχθεῖσαν.
2656 5154 2913 5209 Ἐκείνων
2945 5156 3054 5227 γάρ
3098 5155 3324 5221 δικαίως
3350 5166 3380 5206 τι
3413 5156 3548 5227 ἡμῖν
3573 5153 3802 5225 ἐπαχθέν-

2248 5267 2380 5316 των,
2408 5249 2496 5312 δδς
2522 5249 2613 5302 τὸν
2647 5249 2809 5318 μόνον
2844 5248 3156 5314 ἀπαλλάξαι
3199 5249 3302 5319 τῆς
3353 5250 3492 5321 πρὸς
3541 5249 3600 5303 σὲ
3636 5248 3802 5316 δυσμε-

2257 5342 2408 5405 νείας
2434 5340 2753 5411 δυνάμενον.
2782 5339 2948 5411 Λόγῳ
2977 5341 3077 5413 μὲν
3098 5350 3119 5379 ³
3142 5340 3455 5406 δεσποτείας
3473 5340 3696 5397 ἅπαντα
3714 5337 3795 5393 σά.

634 5528 681 5562 ’⁸
723 5527 855 5581 Luc.
894 5542 932 5591 ι,
963 5524 1054 5581 5i.
1086 5520 1311 5577 "Joan.
1334 5537 1387 5583 ι,
1408 5523 1498 5578 '57.
1531 5522 1577 5556 ’⁷
1600 5520 1761 5578 Joan.
1794 5540 1889 5588 vn,
1913 5523 2194 5591 20:10am
2219 5540 2337 5590 vm,
2369 5522 2574 5587 48,52.
2626 5522 2900 5577 “Matth.
2934 5538 3012 5587 ιι,
3040 5520 3144 5587 i9;
3182 5522 3317 5577 an.
3338 5536 3436 5585 vn,
3453 5522 3540 5577 54.
3592 5516 3791 5591 "Marc.

566 5614 641 5663 vr,
668 5600 723 5653 5.
800 5599 815 5629 ³
859 5586 965 5652 lsa.
1003 5612 1060 5651 ιι
1118 5593 1173 5650 6.
1254 5591 1455 5653 'Deut.
1491 5608 1666 5665 um,
1706 5595 1799 5651 21.
1873 5586 1894 5628 ⁸
1926 5586 2083 5651 Rom.
2116 5612 2157 5659 v1

2326 5586 2359 5627 ’⁵
2388 5586 2548 5651 Deut.
2586 5608 2669 5663 vI,
2709 5596 2815 5665 i3;
2843 5586 3039 5650 Matth.
3076 5586 3154 5660 tv,
3181 5594 3272 5653 to.
3359 5595 3382 5628 ⁸
3407 5593 3605 5664 Ephes.
3631 5606 3686 5656 ιι,
3723 5586 3789 5640 li-

1874 5712 2108 5771 VARIE
2143 5710 2550 5771 LECTIONES.

633 5808 661 5847 ιι
692 5802 750 5853 λ.
790 5801 879 5858 τσ.
910 5802 1065 5873 φασί.
1146 5812 1166 5839 τ
1194 5804 1254 5856 λ.
1288 5802 1375 5856 ἷσ.
1408 5802 1536 5874 γάρ.
