4020 6372
230 459 368 523 2221

1336 452 1870 516 COMMENTARII
1926 450 2005 512 IN
2043 451 2328 516 ISAIAM.

3347 458 3492 522 22°22

228 575 446 628 Γένοιτο
470 572 528 627 δὲ
561 571 650 626 διὰ
683 569 924 642 Χριστοῦ
954 570 1053 624 καὶ
1095 569 1474 641 λυτρωθέντας
1520 574 1666 643 ἡμᾶς
1718 573 1810 644 τῆς

1920 568 2138 625 Utinam
2175 585 2304 626 vero
2335 577 2391 624 et
2427 583 2526 623 nos
2559 584 2654 639 per
2687 568 2969 622 Christum
3009 582 3040 622 a
3078 571 3285 638 peccati
3325 587 3491 629 morte

225 670 284 720 ὲν
318 664 617 735 ἁμαρτίαις
659 662 1027 732 νεκρώσεως,
1050 663 1330 716 οἰκειωσιν
1364 664 1514 729 ἔχειν
1543 664 1644 732 τήν
1691 663 1810 733 σὴν,

224 758 315 811 ὅτε
363 758 460 810 καὶ
481 755 640 810 τίνων
677 754 1024 826 ὲρῤύσθημεν
1056 754 1280 816 εἰδότες,
1321 753 1517 807 ἄλλον
1569 756 1680 808 οὐκ
1725 754 1813 808 ἔτι

223 850 594 919 γνωσόμεθα.
619 847 682 899 Ol
707 847 763 899 δὲ
789 849 810 876 ⁸
832 848 900 916 τῇ
930 846 1187 917 στερήσει
1208 845 1305 915 τῆς
1327 843 1568 912 ζωτικῆς
1582 844 1814 899 δικαιω·

223 942 424 1007 σύν-ης
470 937 857 1008 ἐμμείναντες,
899 937 994 990 καὶ
1041 938 1436 1004 νεκρωθέντες
1490 936 1686 990 διὰτάί
1737 937 1813 1008 τῷ

223 1032 366 1098 Θεῷ,
386 1029 842 1102 μένουσινοῦτως,
862 1030 961 1082 οὐκ
978 1029 1191 1100 ἔχοντες
1204 1029 1393 1094 ἴασιν,
1412 1029 1599 1099 μηδενὶ
1614 1028 1720 1081 τῶν
1736 1029 1810 1082 ἱᾶ-

225 1122 352 1177 σθαι
376 1121 692 1192 δυναμένων
715 1119 1104 1189 πνευματικῶν
1121 1118 1457 1173 διδασκάλων
1478 1118 1810 1190 πειθόμενοι.

225 1216 320 1268 Διὸ
352 1214 677 1284 φειδόμενος
715 1211 918 1276 αὐτῶν,
944 1211 1278 1265 ἀπελέσθαι
1327 1212 1684 1279 πεποίηκας,
1737 1209 1813 1281 μὴ

184 1306 524 1378 ’παριδὼνιι
573 1305 634 1357 ὲν
681 1303 851 1374 κακία
918 1303 1108 1374 χρόνον
1139 1301 1399 1372 ὲπιζῆσαι
1452 1303 1810 1374 μακρότερον,

219 1399 298 1463 ὠς
335 1399 402 1451 ἂν
429 1397 505 1469 μὴ
541 1397 758 1468 χείρους
786 1391 918 1450 ὦσιν
948 1397 1008 1448 ὲν
1029 1397 1143 1458 τοῖς
1169 1397 1269 1464 τῆς
1294 1394 1570 1465 ἁμαρτίας
1615 1395 1811 1464 γεννή-

223 1507 416 1562 μασιν,
453 1491 532 1552 ὼς
579 1491 672 1543 ἐπὶ
705 1489 801 1542 τοῦ
848 1486 1236 1558 κατακλυσμοῦ
1287 1487 1356 1541 τὰ
1406 1493 1489 1557 ρκ’
1518 1487 1812 1557 συνέτεμεν

218 1584 342 1653 ἐτη,
371 1584 464 1636 καὶ
483 1583 551 1635 τά
582 1581 623 1646 ξ’
657 1581 725 1634 τά
752 1580 838 1633 διὰ
864 1579 958 1632 τοῦ
997 1579 1264 1650 παρόντος
1293 1578 1561 1649 εἰρημένα
1598 1578 1813 1650 προφή.

219 1693 340 1738 του,
383 1673 686 1744 συμφώνως
716 1668 802 1736 οἷς
847 1675 876 1725 ὁ
929 1671 1014 1735 νζ¹
1051 1671 1199 1739 λέγει
1249 1669 1484 1741 ψαλμός·
1524 1689 1547 1722 ι
1583 1671 1811 1741 Ἀνδρες

219 1767 475 1837 αἱμάτων
490 1765 583 1818 καὶ
610 1763 773 1816 δόλιοι
793 1763 854 1816 ού
888 1763 962 1833 μὴ
993 1760 1357 1833 ήμισεύσουσι
1387 1760 1486 1824 τὰς
1507 1761 1745 1832 ἡμέρας.
1784 1777 1804 1812 ι

220 1861 334 1913 Καὶ
357 1859 520 1912 πάλιν
543 1874 558 1890 ·
593 1876 612 1909 ι
658 1857 750 1926 Μὴ
770 1856 1055 1926 ἀναγάγῃς
1085 1871 1152 1925 με
1187 1856 1246 1907 ὲν
1284 1852 1472 1924 ἡμίσει
1507 1852 1750 1923 ήμερῶν.
1784 1870 1803 1904 ι

1922 662 2186 732 redempti
2235 662 2514 717 consortio
2563 669 2658 716 tuo
2703 662 2996 732 potiamur,
3029 662 3338 732 quietiam,
3373 668 3496 735 qni-

1922 755 2154 810 busnam
2185 754 2397 810 liberati
2450 769 2642 810 sumus
2689 753 2913 809 minime
2960 754 3296 825 ignorantes,
3325 758 3493 811 alium

1921 846 2155 916 amplius
2187 862 2291 900 non
2339 861 2520 899 sumus
2559 846 2812 917 agnituri.
2864 846 2968 912 Qui
3016 846 3160 901 enim
3209 847 3265 903 in
3310 849 3494 919 priva-

1922 938 2068 992 tione
2095 938 2273 992 vitalis
2297 938 2528 1007 justitice
2573 938 2960 1003 immorantur,
3007 939 3224 1010 Deoque
3274 951 3496 1012 propter

1919 1039 2143 1100 peccata
2172 1032 2370 1084 mortui
2395 1040 2540 1096 sunt,
2577 1031 2655 1085 ita
2678 1031 2758 1086 illi
2790 1031 2912 1086 ideo
2943 1043 3164 1088 manent
3200 1034 3492 1104 deplorati,

1920 1123 2065 1190 quod
2100 1123 2267 1178 nullis
2298 1122 2674 1192 spiritualibus
2733 1124 2974 1190 medicis,
3023 1125 3225 1194 quibus
3261 1125 3494 1180 sanandi

1920 1211 2160 1268 facultas
2214 1213 2427 1279 fuerat,
2486 1213 2927 1282 obtemperantes
2979 1231 3098 1271 esse
3155 1217 3491 1271 voluerunt:

1919 1306 2155 1376 indeque
2182 1316 2286 1371 est,
2311 1306 2458 1377 quod
2482 1321 2716 1375 parcens
2747 1306 2849 1370 eis,
2872 1308 3040 1373 perire
3072 1308 3248 1376 fecisti
3287 1309 3492 1374 intulit,

1919 1399 2014 1469 qui
2043 1407 2254 1468 tempus
2300 1397 2368 1452 ad
2422 1398 2650 1452 sceleris
2702 1398 3184 1468 amplificationem
3219 1415 3326 1454 non
3362 1416 3492 1470 pro-

1919 1492 2149 1556 duxisti,
2170 1482 2242 1546 ne
2258 1491 2308 1546 ei
2335 1500 2389 1546 et
2418 1492 2522 1560 ipsi
2546 1489 2850 1546 deteriores
2881 1491 3229 1547 cumulandis
3255 1495 3495 1562 peccatis

1918 1584 2217 1641 evaderent
2252 1603 2266 1639 :
2303 1591 2366 1638 ut
2414 1599 2539 1638 cum
2595 1584 2650 1637 in
2680 1582 2886 1638 diluvio
2925 1583 3029 1638 120
3058 1600 3254 1650 annos,
3286 1594 3339 1638 et
3371 1586 3496 1639 illos

1919 1677 2119 1733 deinde
2167 1676 2255 1741 70,
2317 1674 2479 1746 cujus
2537 1682 2729 1730 noster
2763 1674 2851 1728 hic
2887 1676 3152 1744 propheta
3209 1675 3492 1736 meminit,

1919 1767 2226 1832 contraxit;
2251 1766 2406 1834 juxta
2433 1765 2577 1836 quod
2608 1765 2818 1835 psalmo
2861 1781 3006 1831 Lvu,
3053 1765 3108 1820 in
3161 1767 3275 1821 luec
3329 1770 3494 1824 verba

1919 1859 2158 1928 legitur:
2195 1876 2214 1910 ι
2250 1857 2364 1912 Viri
2413 1857 2742 1928 sanguinum
2783 1865 2836 1911 et
2867 1857 3064 1922 dolosi,
3100 1873 3210 1912 non
3240 1859 3495 1915 dimidia-

220 1952 383 2014 Τινὲς
407 1951 466 2004 δέ
501 1966 633 2019 φασι
663 1946 924 2002 δύνασθαι
963 1949 1105 2001 νοεῖν
1132 1945 1386 2014 νεκροὺς
1417 1945 1513 1998 καὶ
1543 1943 1634 2007 οὒς
1660 1944 1810 2014 ήγει-

1920 1952 2049 2006 bunt
2074 1951 2190 2006 dies
2219 1966 2351 2006 suos
2380 1950 2422 2004 ⁸.
2485 1969 2504 2003 ι
2540 1951 2607 2004 Ει
2638 1965 2858 2004 rursum
2888 1967 2902 2004 :
2955 1967 2974 2000 ι
3013 1948 3092 2006 Ne
3145 1966 3372 2008 revoces
3409 1970 3495 2006 me.

218 2062 316 2114 ρεν
348 2046 376 2096 ό
407 2041 662 2113 Χριστὸς,
721 2040 798 2104 ὡς
835 2040 928 2092 τὸν
959 2039 1209 2109 Λάζαρον
1235 2054 1247 2067 ·
1275 2036 1366 2100 οὒς
1387 2037 1489 2090 ούκ
1514 2035 1581 2090 ἂν
1622 2036 1808 2107 ἕτερος

214 2136 566 2202 ἀνέστησεν
595 2133 812 2200 ἱατρός.
845 2132 1024 2197 Ὅπερ
1084 2130 1192 2182 ἔδει
1225 2129 1530 2182 σκοποῦντα
1591 2127 1680 2180 τὸν
1706 2127 1809 2179 Ἰσ-

220 2226 384 2298 ραὴλ.
405 2225 539 2278 Θεὸν
562 2223 896 2295 ὁμολογῆσαι
924 2221 1184 2291 Χριστόν.
1201 2218 1371 2272 Τοῦτο
1385 2218 1441 2271 δὲ
1460 2218 1535 2288 μὴ
1552 2218 1805 2288 ποιήσας,

213 2319 516 2374 ἀπώλετο.
536 2317 680 2386 Πλὴν
697 2316 796 2371 οὐκ
809 2315 996 2385 ἄρδην.
1021 2313 1298 2370 Σέσωσται
1311 2311 1420 2380 γὰρ
1432 2311 1492 2363 τὸ
1509 2310 1808 2381 κατάλειμ-

218 2410 454 2481 μα.Πᾶν
482 2408 537 2461 δὲ
571 2408 759 2476 ἄρσεν
798 2404 977 2458 αὐτῶν
1003 2405 1143 2467 ἐστι,
1174 2403 1237 2455 τὸ
1275 2404 1576 2471 ἡγούμενον
1596 2401 1804 2470 τάγμα.

217 2503 294 2556 Τὸ
315 2502 424 2573 γὰρ
441 2501 621 2569 appar
635 2501 849 2569 ήγείται
864 2496 957 2550 τοῦ
982 2496 1208 2568 θήλεως.
1230 2496 1412 2558 Εἶποις
1424 2494 1468 2546 δ’
1486 2494 1550 2547 ἂν
1572 2493 1806 2556 καὶτοὺς

214 2597 276 2648 ὲν
307 2595 524 2649 συνέσει
543 2596 607 2663 τῇ
626 2591 720 2645 τοῦ
739 2592 904 2661 νόμου
918 2590 1200 2649 νεανικοὺς
1215 2591 1354 2642 κατὰ
1375 2587 1438 2640 τὸ
1468 2584 1806 2656 προφητικὸν

214 2690 308 2742 τό·
346 2686 697 2758 Πορεύσομαι
727 2685 863 2755 πρὸς
887 2684 1016 2746 τοὺς
1057 2683 1278 2752 ἁδροὺς,
1303 2681 1398 2732 καὶ
1426 2679 1643 2750 λαλήσω
1670 2680 1806 2750 πρὸς

215 2778 449 2841 αὐτούς.
495 2777 606 2831 Καὶ
679 2777 790 2830 ἰδοὺ
845 2772 1193 2844 ὁμοθυμαδὸν
1239 2771 1568 2840 συνέτριψαν
1619 2770 1804 2836 ζυγὸν,

209 2870 514 2942 διέρρηξαν
544 2868 798 2939 δεσμούς.
844 2865 1102 2932 Τοιοῦτον
1136 2864 1232 2917 καὶ
1283 2863 1342 2917 τό
1374 2881 1385 2894 ⁸
1429 2882 1447 2915 ι
1483 2863 1618 2915 Οὐαὶ
1649 2862 1801 2932 ὑμῖν,

212 2963 578 3033 Γραμματεῖς
610 2960 706 3013 καὶ
764 2960 1047 3028 Φαρισαῖοι
1102 2954 1402 3026 ὑποκριταί
1430 2969 1444 2984 °
1479 2973 1498 3006 ι
1552 2949 1632 3016 οἷς
1663 2953 1807 3005 αἰτεῖ

213 3053 633 3124 προστεθῆναι
696 3052 879 3107 κακά.
912 3050 989 3104 Οὐ
1022 3049 1184 3120 μόνον
1209 3048 1322 3118 γὰρ
1351 3046 1453 3117 τῆς
1483 3046 1618 3119 πρὸς
1672 3045 1805 3099 Θεὸν

211 3148 480 3212 ἐξέπεσον
511 3147 861 3214 οἰκειότητος,
895 3143 963 3196 δι’
995 3135 1068 3195 ὦν
1093 3143 1172 3204 εις
1211 3140 1373 3195 αὑτὸν
1407 3139 1798 3210 ἐπαρῴνησαν,

1915 2041 1970 2096 in
2019 2041 2250 2096 dimidio
2303 2041 2514 2096 dierum
2563 2055 2804 2095 nieorum
2836 2040 2878 2095 ⁷.
2928 2058 2948 2092 ι
2986 2041 3153 2095 Aiunt
3195 2057 3322 2096 vero
3353 2058 3494 2096 non-

1915 2134 2045 2189 nulli
2077 2149 2171 2189 eos
2200 2133 2368 2189 etiam
2400 2133 2490 2187 hic
2517 2147 2682 2203 posse
2723 2141 2962 2188 mortuos
3004 2133 3256 2206 intelligi,
3289 2135 3404 2204 qui,
3438 2145 3494 2189 ut

1913 2224 2180 2289 Lazarus,
2214 2233 2403 2280 essent
2432 2239 2461 2278 a
2489 2224 2710 2280 Christo
2751 2225 2805 2278 in
2839 2225 3007 2280 vitam
3046 2227 3320 2292 revocati;
3353 2241 3493 2296 quos

1913 2317 2042 2388 quia
2105 2317 2293 2372 nullus
2334 2317 2601 2370 suscitare
2654 2318 2886 2371 medicus
2949 2318 3258 2387 potuisset,
3325 2319 3389 2372 ad
3441 2319 3492 2371 id

1911 2407 2168 2466 lsraelem
2196 2409 2499 2471 advertere,
2527 2418 2579 2464 et
2607 2409 2887 2464 Christum
2922 2409 3172 2463 confiteri
3202 2410 3456 2465 debuisse
3475 2449 3491 2473 ,

1912 2501 2059 2572 quod
2084 2518 2207 2558 cum
2236 2501 2385 2557 facer
2406 2502 2731 2565 enotuisset,
2753 2502 2943 2571 paucis
2970 2503 3215 2570 exceptis
3242 2504 3496 2572 (servatae

1911 2594 2059 2648 enim
2108 2593 2354 2663 reliquitn
2388 2592 2657 2664 aliqua-9)
2718 2593 2895 2664 ipsum
2959 2594 3197 2662 periisse.
3264 2593 3497 2648 Mascuti

1913 2699 2082 2756 porro
2113 2686 2356 2752 nomine,
2385 2685 2664 2754 principes
2707 2693 2760 2737 et
2803 2684 2976 2739 duces
3027 2685 3150 2739 ideo
3200 2685 3492 2748 intellexit,

1911 2777 2057 2848 quod
2097 2775 2313 2831 femina:
2347 2775 2541 2831 debeat
2566 2777 2836 2828 masculus
2865 2776 3098 2830 anteire.
3128 2777 3286 2833 Dicas
3313 2785 3365 2831 et
3397 2778 3500 2838 hos

1911 2870 2101 2934 etiam,
2140 2868 2235 2938 qui
2269 2868 2526 2933 consilio,
2559 2877 2615 2923 et
2648 2868 2782 2938 legis
2816 2869 3194 2939 intelligentia,
3234 2880 3494 2942 tanquam

1906 2956 2137 3026 juvenes
2171 2957 2367 3012 robore
2408 2958 2696 3027 pollerent,
2727 2956 2887 3026 juxta
2931 2958 3314 3027 propheticum
3363 2961 3496 3014 illud

1910 3048 2212 3119 significari
2251 3065 2264 3103 :
2296 3048 2465 3118 329
2516 3047 2720 3102 Vadam
2772 3049 2837 3103 ad
2894 3049 3186 3119 primores,
3224 3059 3276 3106 et
3310 3051 3492 3113 dicant

1910 3141 1991 3196 eis
2023 3157 2036 3194 :
2075 3141 2144 3194 Et
2181 3155 2309 3195 ecce
2347 3141 2681 3194 unanimiter
2711 3143 3093 3196 contriverunt
3118 3143 3333 3213 jugum,
3364 3162 3498 3198 con-

209 3237 356 3290 ἀλλά
403 3237 500 3289 καὶ
545 3238 664 3299 ταῖς
712 3237 775 3288 ὲκ
808 3233 919 3287 τῶν
970 3232 1252 3302 πολεμίων
1301 3229 1584 3283 ἀπώλοντο
1643 3245 1787 3299 συμ-

1920 3230 2188 3301 [regerunt
2212 3231 2428 3285 vincula
2452 3232 2495 3284 °.
2531 3249 2550 3282 ι
2583 3229 2714 3286 Tale
2738 3240 2898 3287 estet
2927 3232 3058 3286 illud
3085 3251 3110 3285 -ε
3143 3253 3160 3285 ι
3195 3235 3284 3288 Vae
3313 3238 3493 3301 vobis,

214 3329 442 3398 φοραῖς.
490 3326 628 3389 Τοὺς
681 3324 739 3377 δὲ
765 3324 1021 3393 ἄρῤενας
1054 3321 1336 3392 ῥηθέντας,
1386 3320 1480 3372 καὶ
1508 3317 1802 3384 ἐνδόξους

1920 3322 2121 3378 Scribat
2147 3332 2202 3378 et
2254 3321 2519 3378 Pharisaii
2570 3323 2613 3354 ¹⁶
2641 3362 2655 3385 ,
2697 3341 2715 3373 ι
2750 3332 2859 3378 etc.
2925 3324 3128 3380 Deinde
3175 3326 3319 3380 mala
3369 3327 3496 3380 addi

214 3421 505 3482 ἐκάλεσεν,
528 3418 601 3482 ὡς
615 3419 723 3470 τῶν
746 3416 950 3470 λοιπῶν
974 3415 1367 3485 ὑπερέχοντας,
1391 3411 1580 3481 ὥσπερ
1608 3406 1699 3464 οὖν
1714 3409 1808 3463 καὶ

1920 3413 2192 3482 postulat:
2221 3427 2329 3466 non
2361 3412 2536 3467 solum
2564 3414 2708 3468 enim
2745 3413 2834 3467 Dei
2857 3413 3251 3482 familiaritate,
3278 3432 3500 3488 propter

213 3513 399 3576 κακὰ,
417 3510 488 3564 τά
511 3511 813 3565 κακωτικά.
832 3510 917 3572 Ὠς
935 3508 1015 3573 τὸ,
1049 3527 1068 3560 ι
1098 3507 1155 3560 Ὀ
1180 3507 1378 3570 κτίζων
1396 3506 1561 3560 κακά.
1577 3523 1592 3554 ι
1606 3504 1715 3558 Καὶ
1728 3503 1808 3567 τὸ,

1920 3506 2308 3561 contumeliam
2346 3521 2508 3575 quam
2555 3507 2656 3575 ipsi
2695 3508 3017 3573 intulerunt,
3043 3509 3502 3575 cxciderunt,sed

217 3627 240 3660 ι
273 3607 393 3660 υύκ
411 3605 528 3660 ἔστι
549 3605 719 3660 κακία
741 3606 805 3658 ὲκ
835 3604 1008 3667 πόλει,
1035 3603 1103 3672 ήν
1126 3596 1328 3673 Κύριος
1349 3600 1450 3652 οὐκ
1475 3599 1754 3667 ἐποίησεν.
1786 3616 1804 3649 ι

1920 3599 2086 3654 variis
2116 3599 2281 3653 etiam
2331 3598 2572 3654 hostium
2623 3599 2839 3668 injuriis
2878 3601 3116 3669 graviter
3156 3601 3340 3655 afllicti
3375 3618 3502 3672 per-

215 3705 430 3760 ierunt.
485 3702 756 3757 Masculus
801 3714 1045 3762 rursum,
1104 3697 1252 3768 quod
1303 3696 1558 3766 superius
1603 3694 1760 3760 dixit,
1803 3695 2023 3750 eosdem
2098 3711 2222 3752 esse
2284 3695 2569 3767 gloriosos,
2619 3702 2878 3766 tanquam
2939 3698 3167 3767 reliquis
3249 3701 3498 3769 superio-

213 3817 312 3857 res
345 3819 362 3855 :
392 3808 454 3854 ut
486 3800 630 3853 mala
651 3799 841 3861 etiam,
875 3811 999 3868 quas
1030 3793 1298 3850 inferendi
1334 3792 1462 3846 mali
1523 3791 1838 3846 facultatem
1881 3792 2141 3859 habeant,
2214 3793 2449 3863 appellat
2480 3809 2496 3858 ;
2526 3792 2684 3860 cujus
2724 3793 2941 3861 generis
2989 3803 3072 3846 est
3115 3793 3248 3847 illud
3278 3814 3289 3848 :
3338 3814 3355 3845 ι
3397 3797 3499 3861 Qui

210 3894 434 3950 creavit
475 3893 620 3947 mala
668 3892 735 3944 “.
774 3909 793 3942 ι
827 3890 895 3944 Ει
934 3889 1069 3944 illud
1107 3906 1122 3943 :
1159 3906 1178 3939 ι
1218 3885 1338 3941 Νοιι
1374 3893 1458 3941 est
1505 3887 1708 3940 malum
1752 3885 1808 3938 in
1849 3885 2090 3950 civitate,
2118 3886 2264 3956 quod
2293 3901 2402 3940 non
2449 3884 2640 3940 fecerit
2677 3886 2944 3942 Dominus
2981 3889 3048 3942 ¹².
3085 3906 3103 3938 ι

285 3985 469 4054 ις-ιθσ.
508 3984 706 4051 Κύριε,
725 3982 795 4036 ἐν
813 3982 1013 4050 θλίψει
1037 3977 1427 4049 ἐμνήσθημεν
1442 3995 1580 4032 σουο
1600 3977 1672 4031 ἐν
1687 3977 1815 4030 θ.ὶί-

213 4085 326 4151 ςτι
347 4075 532 4148 μικρᾷ
558 4077 595 4144 ἡ
615 4073 857 4128 παιδεία
889 4089 1006 4127 σου
1032 4071 1196 4140 ἡμῖν.
1218 4071 1325 4124 Kal
1348 4070 1490 4124 ὡσεὶ
1510 4069 1814 4123 ὠδίνουσα

213 4169 436 4240 ἐγγίζει
456 4168 563 4222 τοῦ
581 4165 801 4228 τεκεῖν,
838 4163 1054 4218 καὶέπὶ
1081 4160 1157 4230 τῇ
1183 4161 1348 4214 ὠδῖνι
1366 4159 1814 4229 αὑτῆς-ἐκέκρα-

218 4267 356 4330 ξεν,
382 4262 574 4326 οὕτως
611 4257 976 4328 ἐγενήθημεν
998 4255 1078 4320 τῷ
1115 4251 1399 4324 ἀγαπητῷ
1423 4271 1564 4317 σου,
1596 4269 1650 4306 κ.
1681 4270 1729 4305 τ.
1761 4252 1810 4304 λ.

311 4353 532 4408 Ὧσανεὶ
563 4350 845 4420 παροῦσαν
870 4351 970 4419 τὴν
996 4347 1230 4401 καθόλου
1254 4345 1435 4416 κρίσιν
1463 4347 1490 4398 ό
1521 4347 1812 4416 προφήτης

218 4450 396 4522 ὁρῶν,
433 4447 530 4501 καὶ
577 4445 657 4515 τῷ
686 4443 782 4497 τοῦ
813 4442 951 4496 Θεοῦ
986 4439 1400 4512 παριστάμενος
1435 4439 1660 4510 βήματι,
1689 4437 1817 4489 ποτὲ

223 4543 331 4612 μὲν
369 4538 801 4608 ὲξομολογεῖται,
825 4535 955 4588 ποτὲ
996 4533 1053 4586 δὲ
1111 4531 1372 4595 ἱκετεύει,
1404 4531 1536 4584 ποτὲ
1571 4531 1626 4583 δὲ
1656 4531 1819 4600 εύχα-

225 4633 430 4704 ριστεῖ.
465 4630 575 4684 Καὶ
611 4628 742 4681 ποτὲ
803 4626 901 4697 μὲν
951 4623 1246 4692 καταλέγει
1280 4623 1378 4687 τὰς
1426 4625 1491 4676 ἐκ
1534 4623 1672 4676 Θεοῦ
1707 4624 1818 4684 τοῖς

222 4725 461 4793 ἀγαθοῖς
495 4719 750 4792 ἀμοιϐὰς,
783 4717 914 4772 ποτὲ
941 4717 998 4770 δὲ
1018 4716 1117 4779 τὰς
1145 4717 1266 4770 κατ’
1302 4715 1483 4769 αὐτῶν
1529 4714 1819 4782 καταλέγει

1992 3977 2159 4036 Vens.
2180 3979 2367 4034 16-19.
2393 3978 2635 4045 Domine,
2659 3980 2710 4032 in
2737 3980 3015 4050 aﬁlirtione
3033 3982 3297 4035 recordau
3321 4000 3502 4038 sumus

1919 4076 2038 4129 tui:
2083 4078 2136 4129 in
2169 4076 2516 4130 tribulatione
2561 4093 2726 4145 parva
2781 4075 3029 4129 doctrina
3083 4088 3174 4130 tua
3225 4080 3393 4131 nobis.
3433 4079 3501 4132 Et

1917 4168 2057 4222 sicut
2093 4170 2394 4237 parturiens
2441 4171 2826 4238 appropinquat
2862 4168 2931 4221 ad
2969 4179 3205 4236 partum,
3240 4179 3290 4222 et
3313 4171 3368 4222 in
3399 4172 3500 4223 do-

1920 4259 2032 4314 lore
2069 4277 2165 4314 suo
2200 4262 2423 4327 clamat,
2467 4262 2544 4315 sic
2594 4260 2728 4329 facti
2775 4277 2959 4314 sumus
3008 4261 3202 4315 dilecto
3247 4271 3357 4326 tuo,
3391 4271 3496 4317 etc.

1990 4351 2109 4406 Non
2151 4353 2310 4408 aliter
2335 4369 2500 4424 quam
2553 4353 2597 4408 si
2654 4367 2894 4422 prmsens
2931 4351 3201 4420 judicium
3252 4355 3498 4408 omnium

1916 4445 2196 4501 intueatur
2239 4447 2528 4516 prepheta,
2563 4456 2782 4516 stetque
2822 4454 2951 4500 ante
2981 4445 3158 4516 ipsum
3194 4444 3286 4501 Dei
3325 4447 3500 4500 tribu-

1917 4537 2028 4606 nal,
2061 4537 2355 4608 aliquando
2380 4537 2601 4608 quidem
2633 4537 3006 4605 confessione,
3044 4539 3339 4608 aliquando
3365 4554 3498 4593 vero

1919 4628 2199 4698 precibus,
2225 4629 2520 4701 aliquando
2546 4629 2710 4684 etiam
2735 4630 3034 4700 gratiarum
3059 4631 3276 4686 actione
3303 4631 3498 4688 utitur.

1919 4721 2032 4775 Imo
2059 4736 2192 4777 vero
2225 4722 2556 4792 quandoque
2585 4723 2784 4777 collata
2818 4722 2872 4776 in
2903 4722 3080 4778 bonos
3120 4738 3150 4777 ιι
3195 4724 3304 4779 Deo
3329 4724 3498 4779 bene-

223 4815 529 4886 τιμωρίας,
568 4815 748 4866 πάντα
800 4809 1101 4864 παιδεύων
1165 4810 1313 4880 ήμᾶς
1365 4806 1508 4878 ἀπερ
1553 4800 1713 4869 αὐτὸς
1753 4807 1810 4859 ὲκ

1923 4812 2066 4877 ficia,
2101 4814 2431 4884 quandoque
2478 4815 2644 4868 etiam
2678 4816 2948 4870 malorum
2987 4829 3180 4885 poenas
3210 4825 3498 4879 recenset;

223 4913 323 4966 τοῦ
357 4910 680 4981 Πνεύματος
712 4907 1081 4962 ἐπαιδεύετο.
1137 4907 1305 4977 Φησὶν
1333 4901 1425 4959 οῦν
1466 4905 1540 4968 ὡς
1569 4906 1659 4958 ὅτε
1693 4921 1817 4957 και-

227 5011 324 5080 ρὸς
343 5007 436 5080 ἦν,
466 5007 567 5076 τὴν
602 5006 795 5075 στενὴν
839 5004 932 5058 καὶ
964 5003 1335 5072 τεθλιμμένην
1385 5002 1524 5071 ὑπὲρ
1569 5000 1679 5054 τῶν
1718 4998 1820 5069 τῆς

225 5102 519 5163 εῦσεὸείας
563 5099 789 5168 ἀγώνων
843 5096 1138 5161 ὁδεύοντες,
1191 5094 1295 5148 ὑπὸ
1325 5094 1424 5164 τῆς
1475 5094 1574 5163 σῆς
1631 5093 1818 5146 ἐδυνα-

230 5197 336 5267 μού
346 5195 490 5268 μεθα
535 5194 803 5264 μνήμης,
828 5191 904 5255 ὥς
924 5209 983 5244 τε
1018 5190 1222 5258 λέγειν,
1260 5189 1594 5259 θλιϐόμενοι,
1614 5188 1727 5240 ἀλλ’
1752 5186 1811 5239 ού

230 5287 754 5359 στενοχωρούμενοι.
783 5284 1138 5355 Διωκόμενοι,
1167 5281 1281 5336 ἀλλ’
1303 5282 1401 5335 οὐκ
1423 5278 1814 5349 ἐγκαταλειπό-

232 5397 411 5452 μενοι.
436 5375 935 5446 Καταϐαλλόμενοι,
959 5374 1073 5428 ἀλλ’
1092 5375 1195 5428 οὐκ
1217 5371 1599 5442 ἀπολλύμενοι.
1620 5369 1816 5425 Ἐπαί-

225 5470 416 5525 δευεν
459 5467 568 5540 γὰρ
615 5469 763 5538 ἡμᾶς
814 5466 854 5533 ἡ
907 5464 1133 5534 θλίψις,
1165 5463 1372 5526 εἰδότας
1407 5463 1487 5516 ὅτι
1531 5461 1590 5514 ὃν
1628 5461 1819 5532 ἀγαπᾷ

306 5646 329 5678 ⁸
359 5644 508 5700 Psal.
544 5657 653 5707 LIV,
695 5640 786 5696 2i.

235 5717 281 5748 “
319 5715 418 5772 lsa.
458 5731 582 5782 χιν,
624 5715 678 5768 7.
753 5715 797 5746 "
837 5711 1004 5766 Amos
1047 5727 1105 5766 ιιι
1138 5751 1153 5778 ,
1183 5709 1237 5765 6.

894 5642 915 5673 ⁷
948 5639 1093 5695 Psal.
1148 5654 1200 5693 ει
1228 5681 1242 5705 ,
1276 5639 1369 5695 25.
1399 5638 1420 5670 ⁸
1453 5637 1560 5694 lsa.
1613 5655 1667 5704 χ,
1722 5638 1828 5706 22;
1862 5640 2018 5694 Rom.
2057 5654 2134 5704 Ix,
2171 5639 2262 5695 ‘27.

1922 4913 1983 4959 ut
2026 4919 2129 4961 nos
2164 4905 2274 4960 illis
2304 4905 2585 4970 omnibus,
2635 4906 2780 4961 sicut
2809 4907 2960 4976 prius
2995 4921 3024 4960 a
3057 4904 3264 4975 Spiritu
3322 4907 3502 4961 fuerat

1918 4997 2154 5062 edoctus,
2188 4999 2419 5052 erudiat.
2451 4998 2615 5069 330
2663 4996 2753 5052 Sic
2798 4999 2964 5068 igitur
3003 4999 3291 5066 loquentes
3337 4997 3502 5051 indu-

1919 5090 1996 5144 cit
2022 5106 2038 5144 :
2068 5089 2203 5145 Cum
2244 5105 2367 5145 sese
2395 5091 2715 5145 obtulerunt
2747 5100 3013 5158 tempora,
3045 5091 3185 5143 viam
3211 5097 3498 5157 angustam

1921 5190 1976 5237 et
2017 5183 2200 5238 tritam
2242 5198 2342 5254 pro
2376 5183 2657 5254 religionis
2699 5183 3096 5238 certaminibus
3149 5182 3502 5237 ambulantes

1922 5282 2136 5329 tantum
2171 5276 2248 5330 tui
2275 5275 2643 5330 recordatione
2689 5274 2987 5344 potuimus,
3031 5283 3092 5328 ut
3139 5288 3240 5328 nos
3271 5273 3502 5327 afllictos

1923 5367 2142 5437 quidem
2175 5366 2371 5432 fuisse,
2403 5367 2496 5423 sed
2543 5382 2653 5422 non
2707 5381 3036 5437 oppressos;
3091 5365 3502 5436 persecutiones

1922 5474 2141 5530 passos,
2178 5461 2272 5516 sed
2303 5475 2409 5515 non
2462 5459 2793 5524 derelictos;
2838 5458 3102 5529 dejectos,
3134 5458 3230 5514 sed
3273 5472 3382 5512 non
3421 5458 3504 5512 in-

2362 5641 2382 5674 ’
2410 5638 2614 5697 Jerem.
2655 5654 2710 5704 ν,
2749 5638 2801 5695 5.
2907 5637 2949 5668 ¹⁰
2982 5636 3170 5694 Matth.
3205 5651 3338 5691 χχιιι
3364 5676 3380 5701 ,
3413 5635 3494 5689 13.

1509 5822 1746 5879 vanus
1781 5824 2186 5883 LECTIONES.
2295 5798 2300 5802 ’

309 5937 330 5965 ³
358 5927 446 5984 id.
470 5926 602 6000 γὰρ.
683 5926 702 5963 ί
730 5942 819 5994 γρ.
859 5923 1251 5996 ἁμαρτήματα.
1334 5935 1358 5961 ιι
1393 5921 1674 5994 παραδούς
