3908 6502
532 518 678 582 2223

1828 511 2178 573 PROCOPII
2218 496 2460 571 o'Azm
3620 513 3732 579 mi

537 632 834 696 teremptos
859 622 1044 679 dicere
1073 619 1382 676 valeamus.
1413 618 1522 675 Nos
1542 620 1686 674 enim
1715 618 1833 691 ipsa
1851 622 2115 677 erudiebat

2224 623 2429 694 Κύριος
2488 619 2753 676 παιδεύει.
2783 620 2876 692 Τῷ
2909 619 3020 693 γὰρ
3071 618 3148 691 σῷ
3185 619 3334 691 πόθῳ
3385 622 3528 675 πᾶσα
3567 627 3735 697 θλίψις

538 718 789 790 (:ﬂlictio;
818 714 911 787 qui
943 728 1067 769 eum
1110 727 1140 767 a
1168 711 1398 767 Domino
1428 712 1620 780 amari,
1650 727 1812 782 quem
1856 714 2110 785 castigat,

2216 715 2390 785 μικρά
2416 732 2500 779 τις
2521 714 2655 784 ἡμῖν
2689 713 2971 784 ἐνομίζετο
2987 711 3381 783 λογιζομένοις,
3401 712 3475 777 ὡς
3496 715 3607 769 οὐκ
3625 717 3737 782 ἄξια

535 828 644 867 non
662 811 1039 881 ignoraremus
1066 805 1283 861 “.Cum
1306 813 1402 860 tuo
1430 804 1700 875 siquidem
1721 804 1778 861 in
1801 821 1901 861 nos
1927 820 2113 862 amore

536 903 734 958 collata
765 899 973 971 quaevis
1002 898 1218 969 aﬂlietio
1252 912 1418 966 parva
1457 896 1619 953 nobis
1658 897 1971 964 videbatur,
2016 896 2109 967 qui

533 994 972 1065 noncondignas
993 992 1157 1064 hujus
1184 991 1369 1047 saeculi
1404 990 1691 1062 passiones
1732 990 1796 1045 ad
1826 997 2109 1046 venturam

494 1096 505 1105 “
533 1088 784 1162 gloriam,
812 1102 933 1157 quae
963 1085 1297 1142 revelabitur
1333 1084 1389 1138 in
1422 1083 1583 1138 nobis
1614 1082 1658 1115 “
1680 1120 1697 1147 ,
1729 1096 1852 1137 esse
1881 1088 2108 1152 putare-

536 1194 677 1234 mus.
733 1176 871 1233 llinc
924 1186 1011 1233 est
1048 1177 1238 1248 igitur,
1293 1173 1438 1245 quod
1493 1173 1642 1229 omni
1690 1174 1924 1228 tolerata
1980 1172 2114 1243 affli-

533 1271 722 1334 ctione,
758 1266 1094 1339 praegnanti,
1147 1264 1483 1336 jamjamque
1521 1261 1842 1331 parturienti
1889 1259 2108 1315 mulieri

533 1362 743 1417 similes
770 1358 946 1415 ell’ecti
984 1373 1209 1424 sumus;
1246 1355 1338 1426 qui
1391 1353 1643 1409 dilectum
1690 1360 1859 1417 tuum,
1918 1351 1972 1406 id
2025 1357 2111 1406 est

533 1452 876 1524 unigenitum
917 1448 1173 1515 Verbum,
1203 1455 1256 1502 et
1284 1446 1592 1502 immissum
1632 1445 1792 1500 nobis
1826 1442 2112 1514 religionis

534 1554 640 1599 tuae
670 1544 907 1597 timorem
945 1541 1095 1595 intus
1143 1539 1464 1603 retinentes,
1509 1535 1723 1591 fortiter
1762 1534 1890 1589 olim
1940 1532 2110 1588 susti-

534 1636 779 1697 nuimus,
828 1632 990 1688 veriti
1048 1630 1282 1694 scilicet,
1335 1643 1404 1684 ne
1454 1634 1768 1698 utrumque,
1811 1626 1958 1696 quod
2007 1623 2111 1694 ipsi

536 1739 991 1796 conceperamus,
1031 1722 1088 1777 in
1145 1721 1303 1777 nobis
1355 1720 1711 1775 abortiretur.
1769 1716 1892 1773 Non
1942 1716 2114 1788 igitur

500 1820 634 1887 "spe
661 1815 991 1880 excidimus,
1024 1813 1117 1885 qui
1144 1812 1306 1869 linem
1342 1811 1655 1876 amborum,
1684 1809 1913 1864 salutem
1953 1807 2113 1879 spitio

542 1918 622 1961 tus
670 1906 869 1973 nostri,
906 1905 1230 1961 habeamus.
1267 1902 1346 1957 Ex
1379 1917 1489 1971 quo
1529 1901 1674 1957 enim
1716 1900 1869 1956 illum
1902 1899 2110 1970 peperi-

2211 807 2284 861 τὰ
2301 806 2623 877 παθήματα
2645 805 2751 860 τοῦ
2772 804 2891 860 νῦν
2905 803 3117 873 καιροῦ
3138 804 3287 873 πρὸς
3306 804 3422 872 τὴν
3432 804 3739 874 μέλλουσαν

2210 895 2399 961 δόξαν
2412 894 2950 950 ἀποκαλύπτεσθαι
2965 895 3056 960 εἰς
3074 890 3257 963 ἡμᾶς.
3270 893 3364 947 Διὸ
3380 895 3554 948 πᾶσαν
3574 895 3742 967 timui.

2210 1004 2394 1052 νοντες
2420 987 2653 1056 θλίψιν,
2684 986 2953 1057 ἐῴκειμεν
2989 986 3227 1057 κυούσῃ
3258 985 3498 1054 γυναικὶ,
3529 985 3618 1038 καὶ
3643 988 3742 1040 ὅσον

2211 1076 2364 1132 οὔπω
2400 1076 2671 1150 μελλούσῃ
2695 1078 2896 1133 τεκεῖν.
2929 1077 3041 1130 Καὶ
3058 1076 3150 1130 τὸν
3177 1075 3289 1147 γὰρ
3323 1076 3624 1146 ἀγαπητόν
3651 1093 3743 1132 σου

2211 1169 2309 1224 καὶ¹
2339 1167 2605 1240 μονογενῆ
2630 1168 2804 1236 Λόγον
2838 1167 3056 1240 ἔχοντες
3088 1168 3258 1232 ἔνδον,
3288 1166 3385 1222 καὶ¹
3410 1168 3501 1221 τὸν
3527 1168 3647 1237 ἡμῖν
3669 1185 3744 1221 κα-

2210 1259 2564 1331 τώπαρέντα
2600 1260 2791 1329 φόϐον
2814 1259 2914 1330 τῆς
2955 1259 3058 1329 σῆς
3092 1258 3379 1322 εὐσεϐείας
3408 1256 3572 1312 πάλαι
3614 1261 3746 1329 ἐκαρ-

2210 1351 2481 1423 τεροῦμεν
2532 1351 2820 1419 γενναίως,
2879 1351 3109 1415 δεδιότες
3176 1350 3526 1423 ὲξαμδλῶναι
3578 1350 3661 1402 τὸν
3704 1352 3747 1401 ὲν

2211 1441 2345 1511 ἡμῖν
2377 1439 2663 1511 ἀγαπητόν
2702 1457 2796 1494 σου
2831 1441 3157 1512 κυούμενον,
3193 1441 3287 1494 καὶ
3328 1439 3426 1493 τὸν
3474 1437 3629 1507 φόδον
3676 1440 3747 1491 τὸν

2212 1532 2329 1587 σόν.
2353 1530 2657 1601 Τοιγαροῦν
2700 1532 2800 1586 οὐκ
2848 1532 3163 1604 ἐσφάλημεν
3216 1532 3314 1602 τῆς
3358 1528 3604 1593 ἐλπίδος,
3629 1530 3751 1591 τέλος

2211 1624 2413 1695 ἀμφοῖν
2462 1623 2560 1694 τὴν
2593 1623 2893 1691 σωτηρίαν
2908 1623 3016 1678 τοῦ
3037 1622 3378 1693 πνεύματος
3403 1620 3497 1674 τοῦ
3523 1621 3752 1693 ἡμετέρου

2212 1712 2569 1784 κτησάμενοι.
2622 1712 2794 1766 Τοῦτο
2820 1714 2929 1785 γὰρ
2982 1711 3512 1782 ἀπογεννῆσαι-τες
3558 1712 3754 1780 φανερὸν

2210 1804 2339 1872 τοῖς
2365 1805 2464 1860 ἐπὶ
2495 1805 2600 1876 γῆς
2634 1804 3071 1875 κατεστήσαμεν,
3104 1803 3182 1866 ὡς
3234 1802 3303 1857 ἂν
3356 1801 3635 1873 ζηλοῦντες
3679 1801 3754 1869 γέ-

2212 1886 2389 1950 νοιντο
2402 1893 2794 1965 παραπλήσιοι.
2822 1894 2916 1965 Μὴ
2948 1891 3204 1957 λαὸόντες
3222 1893 3333 1964 γὰρ
3359 1892 3547 1947 τοῦτον
3571 1893 3756 1961 τὸν-φό-

539 2014 678 2064 mus,
700 2015 789 2053 eos
813 1996 906 2067 qui
934 2004 1224 2052 versantur
1251 1994 1306 2048 in
1334 2003 1476 2047 terra
1500 1992 1546 2048 si
1569 1992 1817 2048 aemulari
1837 1991 2115 2057 studeant,

2224 1988 2351 2049 θον,
2370 1985 2526 2058 μηδὲ
2547 1985 2820 2052 τεκόντες
2845 1987 2911 2039 τὸ
2940 1984 3177 2056 πνεῦμα
3198 1982 3313 2053 τῆς
3327 1986 3634 2052 σωτηρίας,
3655 1984 3755 2051 ἄγο-

540 2091 701 2146 uobis
732 2106 840 2147 non
877 2088 996 2144 fore
1038 2085 1343 2142 dissimiles
1394 2091 1583 2156 aperte
1632 2082 1944 2148 docuimus,
1995 2095 2119 2136 nam

540 2184 632 2253 qui
666 2182 908 2235 timorem
936 2178 1083 2234 hunc
1114 2193 1219 2232 non
1266 2176 1585 2246 acceperint,
1644 2189 1825 2245 neque
1869 2172 2120 2243 spiritum

542 2272 735 2329 salutis
758 2270 1071 2341 pepererint,
1105 2266 1203 2323 sed
1230 2266 1368 2327 sine
1414 2263 1547 2319 fretu
1584 2269 1641 2320 et
1675 2262 1858 2319 fructu
1890 2276 2115 2318 reman-

540 2365 750 2430 serint;
786 2377 884 2433 spe
914 2360 1026 2427 illa,
1057 2374 1180 2430 quae
1222 2372 1251 2413 a
1282 2366 1338 2412 te
1366 2364 1472 2423 est,
1501 2355 1782 2421 excident,
1815 2354 1907 2426 qui
1938 2363 2117 2409 autem

542 2466 668 2510 tuas
718 2460 901 2524 partes
956 2451 1154 2515 secuti,
1205 2449 1464 2520 quamvis
1518 2446 1587 2501 ad
1654 2454 1889 2501 mortem
1944 2456 2120 2514 usque

543 2552 728 2598 contra
758 2548 1043 2613 peccatum
1072 2537 1482 2603 decerclarint;
1518 2552 1581 2592 ea
1615 2546 1794 2591 tamen
1816 2549 2117 2605 nunquam,

542 2651 664 2706 quae
692 2643 794 2689 ate
823 2642 930 2696 est,
952 2631 1060 2685 vita
1080 2630 1467 2701 privabuntur.
1488 2626 1777 2700 Resurgent
1804 2626 1946 2682 enim
1971 2641 2115 2680 mor-

544 2729 622 2781 tui
636 2741 654 2781 :
668 2724 775 2793 vel,
795 2724 1094 2779 secundum
1112 2721 1343 2793 Aquilae,
1361 2719 1698 2794 Symmachi,
1715 2728 1770 2774 et
1786 2716 2118 2774 Theodotio-

544 2819 630 2874 nis
683 2816 1207 2887 interpretationem,
1252 2813 1418 2867 vivent
1460 2810 1656 2865 mortui
1695 2811 1793 2865 tui.
1836 2807 1942 2865 Sed
1972 2808 2115 2864 enim

542 2917 876 2963 mortuorum
913 2906 1036 2977 ejus
1074 2905 1317 2970 nomine,
1350 2916 1618 2975 quosnam
1655 2910 1852 2973 praeter
1895 2900 2117 2956 sanctbs

545 3000 719 3070 ipsius
753 2998 1049 3069 intelligas,
1101 2997 1194 3067 qui
1231 3003 1361 3052 sunt
1413 3009 1446 3051 a
1502 2993 1834 3065 supradictis
1885 2990 2117 3047 mortuis

543 3094 630 3145 alii
656 3091 681 3146 τ
705 3090 808 3158 Qui
842 3091 988 3146 enim
1021 3090 1219 3143 mortui
1266 3096 1417 3155 sunt,
1440 3086 1607 3143 vitam
1636 3086 1839 3141 habere
1879 3099 1987 3139 non
2023 3100 2116 3139 va-

2222 2094 2303 2132 νοι
2338 2078 2396 2132 δὲ
2414 2079 2509 2132 καὶ
2526 2078 2767 2149 ἄκαρποι
2801 2077 3106 2148 μείναντες,
3131 2075 3348 2139 ἐλπίδος
3398 2074 3757 2131 ἐκπεσοῦνται

2220 2172 2323 2243 τῆς
2354 2170 2507 2240 παρὰ
2544 2169 2664 2224 σοῦ.
2695 2170 2762 2223 Ol
2789 2169 2847 2223 δὲ
2873 2168 2973 2239 τῆς
3016 2167 3116 2238 σῆς
3162 2167 3316 2231 ὄντες
3353 2166 3585 2238 μερίδος,
3615 2166 3656 2218 εί
3685 2166 3758 2217 καὶ

2222 2264 2386 2334 μέχρι
2420 2261 2654 2317 θανάτου
2702 2260 2838 2332 πρὸς
2880 2260 2984 2331 τὴν
3015 2260 3299 2331 ἁμαρτίαν
3358 2258 3757 2325 διαγωνίσαιντο,

2218 2353 2321 2424 τῆς
2354 2352 2507 2425 παρὰ
2558 2354 2648 2407 σοὶ
2690 2352 2838 2423 ζωῆς
2862 2353 2963 2406 οὐκ
2995 2349 3407 2407 ἁποπεσοῦνταί
3441 2366 3589 2404 ποτε.
3627 2350 3757 2403 ’Ara-

2218 2445 2552 2516 στήσονται
2578 2444 2686 2516 γὰρ
2707 2446 2762 2499 al
2792 2444 2995 2513 νεκροί
3016 2458 3031 2473 °
3058 2443 3092 2515 ἢ
3122 2442 3264 2497 κατὰ
3278 2444 3376 2498 τὸν
3400 2442 3646 2505 Ἀκύλαν,
3684 2440 3758 2506 (ri-

2216 2553 2432 2592 σονται
2481 2540 2537 2592 ol
2570 2535 2889 2603 τεθνεῶτός
2912 2553 3053 2593 σου.
3083 2537 3155 2591 Ἦ
3184 2536 3328 2591 κατὰ
3362 2535 3646 2607 Σύμμαχον
3686 2535 3759 2587 καὶ

2216 2629 2567 2696 Θεοδοτίωνα,
2606 2627 2883 2695 (domat
2945 2631 3000 2684 οι
3058 2628 3260 2698 νεκροί
3302 2643 3441 2683 σου
3495 2626 3687 2696 Νεκροί
3717 2625 3760 2678 δὲ

2216 2722 2382 2778 αὐτοῦ
2410 2722 2555 2785 τίνες
2588 2721 2656 2777 ἂν
2694 2715 2825 2789 εἷεν,
2852 2722 2887 2794 ἢ
2926 2724 2976 2776 ol
3001 2721 3149 2792 ἅγιοι
3179 2722 3351 2778 αὑτοῦ
3382 2722 3647 2794 μάρτυρες
3669 2720 3761 2773 ἕτε-

2217 2831 2302 2887 ροι
2333 2814 2485 2878 ὄντες
2512 2813 2664 2885 παρὰ
2687 2815 2811 2878 τοὺς
2841 2813 2952 2867 ἄνω
2970 2813 3258 2885 λεχθέντας
3275 2813 3564 2884 νεκροὺς-ς
3596 2814 3655 2867 οι
3678 2811 3760 2865 δὲ*

2213 2904 2413 2975 νεκροί
2453 2904 2601 2976 ζωὴν
2646 2905 2709 2960 ού
2768 2906 2844 2977 μὴ
2895 2907 3099 2974 ῐδωσιν,
3144 2906 3221 2972 ὡς
3252 2906 3630 2979 ἡμαρτηκότες
3653 2906 3762 2975 πρὸς

2216 2997 2461 3053 θάνατον.
2487 2998 2697 3069 Νεκροί
2718 2999 2773 3053 δὲ
2788 3000 3010 3070 Κυρίου,
3038 3002 3086 3054 οί
3102 3001 3277 3054 πάντα
3299 3000 3370 3055 δι’
3388 3000 3549 3055 αὑτὸν
3576 2995 3765 3067 ὑπομεί-

2214 3104 2403 3152 ναντες
2433 3090 2584 3160 (περὶ
2619 3081 2695 3148 ὧν
2713 3089 2774 3141 οὐ
2804 3089 3209 3157 τεθνηκότων,
3238 3089 3358 3144 ἀλλ’
3387 3089 3465 3154 ὡς
3492 3087 3766 3159 κοιμηθέν-

545 3183 715 3245 leant,
748 3183 795 3237 si
833 3188 1011 3236 morte
1060 3181 1223 3251 digna
1280 3178 1653 3235 admiserint:
1700 3184 1885 3231 contra
1935 3185 2114 3231 autem

2216 3197 2334 3234 των
2355 3179 2622 3244 ἐξέδωκαν
2654 3182 2704 3234 οἱ
2733 3179 2929 3252 λοιποὶ)
2971 3181 3109 3235 κατὰ
3150 3181 3251 3253 μὲν
3292 3182 3356 3235 τὸ
3402 3182 3629 3253 πρῶτον,
3662 3178 3766 3243 ἐξυ-

544 3273 744 3327 mortui
794 3270 1029 3338 Domini,
1084 3272 1176 3340 qui
1224 3270 1410 3325 omnia
1458 3264 1683 3340 propter
1733 3269 1911 3339 ipsum
1968 3269 2113 3338 passi

2219 3272 2511 3326 πνίσεσθε
2540 3285 2567 3313 ι
2591 3273 2640 3326 οἱ
2671 3275 2727 3325 ὲν
2763 3274 2876 3337 τοῖς
2907 3273 3196 3345 μνημείοις
3220 3291 3234 3305 θ
3266 3274 3413 3329 κατὰ
3449 3274 3507 3326 δὲ
3535 3274 3593 3327 τὸ
3616 3269 3767 3326 δεύτε-

548 3374 675 3422 suut
695 3380 710 3430 ;
731 3365 798 3418 de
826 3364 1026 3433 quibus
1047 3379 1156 3417 non
1187 3370 1445 3433 tanquam
1471 3362 1716 3425 mortuis,
1748 3360 1844 3415 sed
1860 3369 2115 3430 tanquam

2226 3382 2341 3439 ρον,
2382 3367 2441 3420 Ἀ
2450 3366 2901 3435 γαμιάσονται,
2943 3365 3358 3437 ἢαίνέσουσιν
3378 3366 3518 3419 κατὰ
3537 3366 3621 3419 τὸν
3644 3361 3767 3417 Ἀκύυ

547 3472 576 3510 a
651 3453 1040 3511 dormientibus
1125 3454 1464 3523 reliquorum
1549 3460 1636 3507 est
1700 3448 2122 3520 interpretatio;

544 3546 728 3616 priore
780 3543 1000 3614 quidem
1051 3542 1280 3606 ratione,
1330 3541 1697 3610 expergeﬁent,
1750 3538 1842 3609 qui
1897 3548 2027 3593 sunt
2066 3538 2122 3594 in

544 3634 945 3698 monumentis;
971 3632 1128 3702 331
1162 3632 1331 3685 altera
1352 3646 1479 3687 vero
1498 3630 1863 3693 exsultabunt,
1890 3637 1982 3684 aut
2004 3631 2123 3683 lau-

540 3728 768 3787 dabunt,
796 3726 1096 3780 secumlum
1128 3723 1377 3794 Aquilam
1412 3741 1427 3777 :
1454 3722 1891 3792 autjubilabunt,
1919 3736 2122 3777 secun-

541 3820 670 3874 dum
690 3817 1147 3872 leodotionem.
1170 3814 1436 3870 Dormitio
1458 3815 1603 3871 enim
1633 3822 1952 3870 sanctorum
1970 3830 2112 3868 mors

538 3910 867 3978 appella'ur.
914 3912 979 3961 At
1032 3908 1197 3963 fuerit
1228 3908 1309 3962 eis
1339 3907 1766 3963 resurrectionis
1800 3920 1970 3963 causa
2024 3922 2113 3961 ros

540 4000 632 4054 ille
671 4009 824 4064 tuus,
854 3999 905 4053 id
942 4007 1026 4055 est
1067 4014 1097 4053 a
1132 4009 1183 4054 te
1227 3998 1457 4054 ellusum
1486 3998 1722 4054 Verbum
1755 3998 1888 4054 illud
1924 3998 2114 4069 unige-

542 4093 739 4159 nitum,
776 4089 920 4161 quod
949 4089 1196 4145 viviﬁcas
1228 4097 1413 4161 guttas
1442 4104 1573 4146 suas
1596 4089 1652 4145 in
1685 4090 1941 4160 proprios
1972 4105 2117 4145 mor-

541 4193 662 4238 tuos
693 4183 992 4248 instillans,
1024 4180 1215 4237 eadem
1250 4196 1415 4251 opera
1444 4190 1500 4237 et
1530 4195 1745 4246 eorum,
1770 4197 1893 4252 qua
1922 4182 2119 4237 huma-

539 4276 690 4330 nitus
716 4273 1080 4337 admiserunt,
1130 4272 1398 4328 medelam
1432 4272 1659 4343 all‘eret;
1694 4281 1749 4329 et
1789 4289 2001 4342 eorum,
2025 4274 2120 4347 qui

540 4368 597 4423 in
649 4376 795 4421 terra
844 4366 1080 4437 dispersi
1137 4376 1286 4432 sunt,
1340 4367 1779 4422 resurrectionem
1826 4382 2121 4438 corporum

540 4460 810 4530 largitur:
846 4474 951 4515 non
986 4459 1149 4514 aliter
1182 4474 1345 4529 quam
1370 4476 1457 4514 ros
1492 4458 1583 4515 ille
1621 4460 1761 4515 solet
1782 4460 1958 4515 oculis
1989 4460 2121 4517 sub-

536 4550 740 4621 jectus,
778 4566 939 4621 quem
981 4552 1246 4621 paulatim
1297 4551 1442 4606 coelo
1470 4551 1773 4607 demissum
1819 4552 2113 4608 commissa

2222 3458 2340 3523 λαν,
2371 3457 2404 3530 ἢ
2432 3457 2833 3525 ἁλαλάξουσι,
2856 3458 2997 3511 κατὰ
3026 3457 3117 3512 τὸν
3138 3457 3497 3513 Θεοδοτίωνα.
3532 3457 3765 3526 Κοίμησις

2221 3550 2333 3621 γὰρ
2361 3548 2685 3619 ὀνομάζεται
2715 3548 2824 3602 τῶν
2846 3550 3020 3617 ἁγίων
3057 3551 3091 3602 ό
3126 3546 3410 3613 θάνατος.
3447 3546 3604 3601 Δίτία
3624 3546 3672 3597 δὲ
3692 3546 3767 3611 τῆς

2220 3642 2569 3704 ἀναστάσεως
2609 3641 2793 3703 αὐτοῖς
2842 3641 2880 3708 ἡ
2933 3639 3092 3708 παρὰ
3141 3638 3259 3693 σοῦ
3305 3638 3551 3707 δρόσος,
3580 3640 3606 3691 ὁ
3638 3653 3766 3706 μονο-

2218 3733 2381 3804 γενής
2427 3748 2521 3784 σου
2554 3729 2725 3799 Λόγος
2756 3728 2977 3800 δηλαδὴ,
3006 3728 3064 3791 ὃς
3095 3728 3400 3794 ὲπιστάξας
3463 3728 3555 3791 τὰς
3607 3724 3767 3779 ἑαυτοῦ

2219 3821 2520 3886 ζωοποιοὺς
2558 3817 2823 3887 σταγόνας
2877 3819 2988 3879 τοῖς
3033 3815 3201 3870 αὑτοῦ
3247 3815 3511 3884 νεκροῖς,
3544 3812 3665 3883 ὁμοῦ
3690 3811 3767 3881 μὲν

2221 3917 2369 3969 τασιν
2394 3912 2502 3965 τῶν
2530 3908 2886 3981 ἀνθρωπίνως
2912 3907 3094 3970 αὐτοῖς
3116 3906 3532 3978 ἡμαρτημένων
3550 3901 3764 3974 παρέξει.

2218 4003 2353 4076 ὁμοῦ
2378 4003 2435 4057 δὲ
2460 4002 2801 4060 ἀνάστασιν
2826 4000 2934 4055 τῶν
2957 4000 3051 4053 ἐπὶ
3071 4000 3176 4070 γῆς
3196 3999 3563 4071 δσπαρμένων
3617 3993 3767 4065 σωμά-

2217 4113 2348 4162 των,
2373 4096 2449 4158 ὡς
2475 4097 2514 4164 ἡ
2541 4094 2761 4163 δρόσος
2818 4095 2852 4164 ἠ
2902 4090 3137 4163 αἰσθητὴ
3159 4091 3342 4163 ἡμέρα
3380 4090 3633 4144 κατιοῦσα
3656 4085 3766 4157 πρὸς

2218 4190 2346 4260 γῆν,
2390 4187 2678 4259 ἐκτρέφειν
2732 4186 2828 4240 καὶ
2877 4184 3062 4251 αὔξειν
3096 4188 3240 4239 ποιεῖ
3279 4185 3350 4237 τὰ
3403 4181 3763 4248 ἑναποκείμενα

2223 4283 2536 4353 σπέρματα.
2582 4279 2724 4334 Ἀλλ’
2752 4279 2812 4333 ού
2836 4278 2905 4332 τὰ
2933 4278 3041 4331 τῶν
3073 4275 3287 4331 ἀσεϐῶν
3313 4274 3560 4329 τοιαῦτα.
3594 4265 3761 4326 Πεσεῖ-

2222 4383 2319 4423 ται
2365 4368 2476 4437 γὰρ
2531 4367 2711 4422 αὐτῶν
2742 4366 2781 4433 ἠ
2812 4366 2911 4436 γῆ.
2975 4367 3061 4430 Ὠς
3113 4364 3207 4419 οὖν
3247 4365 3611 4428 ἐκπεσόντες
3627 4354 3759 4417 Θεοῦ.

2227 4460 2411 4524 αὐτοῖς
2444 4461 2661 4532 σώμασι
2687 4460 2781 4513 καὶ
2807 4459 3007 4530 ψυχαῖς
3051 4460 3131 4523 είς
3170 4456 3447 4528 τιμωρίαν
3489 4451 3762 4528 παραδοθή-

2223 4569 2385 4607 σοντα
2395 4572 2430 4609 ι.

544 4654 701 4699 terrae
723 4645 930 4699 semina
961 4643 1170 4699 nutrire
1194 4654 1250 4699 et
1280 4658 1480 4715 augere
1516 4643 1787 4700 videmus.
1811 4643 2005 4709 Qualia
2037 4644 2105 4699 de
2143 4644 2328 4724 impiis
2382 4644 2490 4700 dici
2537 4654 2688 4701 certe
2735 4660 2843 4700 non
2887 4653 3140 4715 possunt.
3219 4642 3388 4699 Cadet
3448 4643 3610 4705 enim,
3683 4639 3759 4693 εει.

542 4736 787 4806 ipsorum
832 4746 975 4791 terra
1003 4753 1022 4792 :
1054 4739 1305 4809 ideoque.
1373 4746 1633 4825 tanquam
1682 4738 1792 4794 Deo
1836 4740 2150 4806 exciderint,
2216 4756 2344 4797 cum
2410 4741 2701 4800 animabus
2749 4742 2888 4813 ipsis
2939 4748 2995 4796 et
3051 4740 3377 4810 corporibus
3416 4754 3610 4810 prensis
3661 4748 3759 4791 esse

542 4827 781 4884 luituros
810 4830 1163 4901 signiﬁcavit.
1204 4859 1266 4902 $.-

620 4923 726 4978 Setl
760 4939 869 4979 non
907 4924 1129 4989 desunt,
1165 4925 1263 4993 qui
1292 4923 1457 4979 verba
1486 4924 1602 4979 haec
1630 4923 1704 4978 ita
1747 4924 2112 4997 interpreten-

2287 4920 2443 4983 Τινὲς
2465 4918 2523 4974 δὲ
2548 4918 2647 4991 τὴν
2670 4919 2831 4991 ῥῆσιν
2861 4918 3036 4983 οὕτως
3073 4920 3445 4992 ἑρμήνευσαν·
3478 4919 3571 4973 Ἐκ
3591 4912 3758 4983 πολλῆς

542 5025 668 5072 tur:
706 5016 810 5083 Qui
846 5016 1018 5071 multo
1049 5018 1103 5071 in
1135 5015 1307 5069 Deum
1360 5030 1548 5072 amore
1581 5015 1847 5073 adversus
1877 5019 2116 5074 scelera-

542 5118 627 5163 tos
667 5106 982 5162 Iudaeorum
1025 5121 1220 5162 rursus
1260 5107 1526 5178 propheta
1558 5109 1831 5164 excitatus
1869 5111 1945 5165 eis
1973 5112 2118 5166 ntala

540 5199 671 5252 addi
714 5197 1062 5268 postularat;
1119 5211 1245 5252 cum
1289 5211 1478 5251 eorum
1518 5196 1633 5266 jam
1678 5200 1898 5255 nomine
1950 5198 2116 5256 Deum

538 5289 821 5359 deprecari
869 5287 1117 5353 deberet,
1164 5288 1211 5344 si
1260 5290 1392 5359 quid
1442 5289 1551 5345 illis
1599 5291 1951 5359 condoleret;
1994 5308 2114 5347 eam

537 5382 648 5448 jam
674 5396 773 5450 pro
803 5380 889 5436 sui
922 5378 1242 5436 defensione
1269 5380 1557 5435 utilitatem
1593 5385 1867 5455 proponit,
1899 5399 2023 5454 quas
2049 5400 2115 5439 ex

538 5470 750 5525 dunntis
774 5482 821 5526 et
853 5471 1260 5526 calamitatibus
1291 5470 1556 5526 divinitus
1587 5471 1852 5529 immissis
1880 5474 2117 5546 percipi-

544 5574 662 5626 tur;
712 5562 891 5619 solere
940 5563 1063 5635 ejus
1094 5563 1147 5619 in
1176 5562 1339 5619 nobis
1377 5563 1471 5619 Dei
1506 5564 1925 5620 recordationem
1963 5548 2115 5620 exci-

610 5734 652 5765 ⁸³
686 5732 848 5788 llebr.
884 5750 978 5801 xu,
1013 5734 1068 5790 6.
1144 5736 1186 5767 “
1212 5733 1374 5789 Rom.
1424 5751 1542 5799 vm,
1573 5737 1656 5789 l8.

2221 5015 2251 5069 δ
2276 5012 2567 5086 πρθφήτης
2597 5012 2876 5082 φιλοθεῖας
2908 5012 3054 5068 κατὰ
3089 5013 3197 5067 τῶν
3245 5012 3557 5067 Ἰουδαϊκῶν
3588 5009 3755 5079 τολμη-

2225 5107 2412 5178 μάτων
2434 5104 2703 5178 κινηθεὶς,
2736 5106 2834 5160 καὶ
2862 5107 3059 5178 φήσας,
3092 5107 3362 5175 Πρόσθες
3387 5104 3589 5170 αὐτοῖς
3613 5097 3754 5162 κακὰ,

2223 5200 2420 5269 Κύριε·
2449 5199 2570 5253 δέον
2592 5199 2733 5271 ὑπὲρ
2774 5199 2955 5253 αὐτῶν
3000 5199 3341 5273 παρακαλεῖν
3372 5201 3465 5253 τὸν
3489 5198 3630 5259 Θεὸν,
3664 5194 3753 5260 εἴτε

2222 5293 2435 5357 τούτοις
2486 5292 2818 5363 συνέπασχε,
2859 5291 2922 5346 τὸ
2978 5291 3089 5347 τῶν
3148 5291 3492 5347 κακωτικῶν
3530 5292 3754 5357 θλίψεων

2221 5383 2360 5455 πρὸς
2385 5383 2682 5453 ἀπολογίαν
2705 5385 2977 5453 ἐπήνεγκε
3016 5385 3287 5455 χρήσιμον
3306 5424 3321 5448 ,
3371 5384 3447 5448 ὡς
3478 5380 3606 5436 Θεοῦ
3626 5375 3751 5449 μνή-

2216 5493 2344 5545 μην
2382 5476 2593 5545 πέφυκε
2650 5477 2818 5531 πᾶσιν
2874 5477 3228 5548 ἐργάζεσθαι,
3283 5476 3474 5547 ὥσπερ
3509 5468 3596 5527 οὖν
3616 5467 3754 5539 λήθην

2220 5563 2333 5622 οἶδε
2370 5570 2538 5621 ποιεῖν
2561 5568 2858 5641 εύροοῦντα
2887 5569 2958 5623 τὰ
2985 5568 3313 5641 πράγματα.
3330 5568 3433 5623 Ἔν
3461 5565 3648 5635 θλίψει
3670 5558 3753 5632 γὰρ

1844 5833 2073 5891 VARIJE
2102 5833 2504 5895 LECTIONES.

610 5941 637 5972 ν
666 5952 751 6004 Γρ-
783 5936 911 6007 γὰρ.
992 5952 1017 5981 κ
1052 5957 1121 6008 yp
1178 5937 1575 6004 ἐξυπνίσονται.
