3908 6502
183 361 340 430 ΞΞΞΒ
1312 361 1845 429 COMMENTARII
1881 363 1961 425 IN
1996 365 2257 425 ISAIAM
2269 413 2279 424 .
3295 361 3436 424 2226

176 499 375 550 μικρᾳ
399 482 818 553 παιδευόμεθα,
856 482 992 536 Θεοῦ
1031 482 1130 550 τὴν
1165 481 1338 553 ὀργὴν
1373 481 1719 553 συγκεραννύ

1897 495 2010 545 are,
2047 493 2167 549 qua:
2207 479 2372 534 rebus
2412 477 2689 548 prosperis
2714 484 2768 532 et
2801 477 2864 531 ad
2897 475 3230 532 voluntatem
3269 477 3438 530 lluien-

181 589 286 634 τος
321 575 492 627 πᾶσιν
538 573 782 645 ἡμέρως.
837 575 928 641 Ἐξ
982 575 1204 644 ἀγάπης
1237 575 1346 644 ἀρα
1376 575 1458 634 τὸ.
1499 573 1724 641 Πρόσθε

1899 571 2018 624 ibus
2054 569 2398 624 obliteratur.
2439 568 2550 624 Nos
2603 568 2748 622 enim
2790 581 2956 634 parva
2989 565 3163 620 erudit
3204 567 3437 636 afﬂictio,

182 662 426 729 αὐτοῖς,
457 662 588 734 εφη,
613 663 786 718 κακά.
805 663 1136 734 Προαιρέσει
1162 664 1270 732 γὰρ
1305 663 1540 734 ἀκάρπῳ
1553 662 1725 715 λυσιτε

1898 662 2087 730 ιιιοιὶεε
2125 661 2264 715 iram
2313 661 2423 715 Deo
2455 658 2882 714 mansuetudine
2914 668 3222 728 temperare
3244 659 3298 712 in
3324 673 3441 712 om-

183 753 433 818 λούντως
477 755 692 826 ἀνάγκη
743 755 1133 826 προσφέρεται.
1190 753 1446 808 Τοιοῦτον
1475 757 1536 808 τό
1561 770 1576 786 ο
1613 771 1634 806 ι
1685 756 1726 807 Ἐ

1898 767 1972 807 les
2019 752 2202 807 libuit.
2252 753 2348 807 Est
2393 751 2560 823 igitur
2604 749 3000 806 benevolentiae
3035 757 3091 804 et
3130 748 3441 812 charitatis,

186 845 363 916 κημῷ
397 846 496 899 καὶ⁵
525 845 731 916 χαλινῷ
778 846 878 910 τὰς
933 847 1191 915 σιαγόνας
1219 847 1397 900 αὐτῶν
1428 846 1614 914 ἄγξεις
1664 845 1729 900 τιῖ

1900 843 2015 909 mod
2055 845 2130 898 eis
2159 843 2304 897 mata
2323 843 2488 912 adjici
2517 841 2778 911 propheta
2807 839 3143 908 postulavit;
3175 853 3300 894 cum
3321 837 3443 890 nul-

189 938 275 1006 μὴ
329 938 666 1006 ἐγγιζόντων
717 941 854 1008 πρὸς
886 938 967 992 σέ.
1007 956 1026 990 ι
1068 938 1212 991 Ἀλλ’
1259 937 1359 1007 οὐχ
1383 939 1569 1007 ἡμεῖς,
1615 935 1732 1006 φησ¹

1900 938 1979 992 ius
2013 936 2185 1007 frugis
2216 936 2483 992 voluntati
2513 936 2724 991 utiliter
2751 934 2870 1004 ipsa
2887 933 2970 988 vis
3003 931 3228 988 accedat
3259 945 3443 987 neces-

190 1027 319 1080 κατ’
345 1028 588 1090 ἐκείνους
618 1029 713 1082 ἐπὶ
739 1027 818 1099 τῷ
846 1026 1131 1098 ἀναπητῷ
1156 1042 1274 1083 σου
1301 1029 1621 1097 διετέθημεν
1648 1026 1733 1097 uti}

1903 1030 2073 1086 italis.
2109 1029 2244 1084 Tale
2262 1029 2395 1084 illud
2425 1039 2504 1084 est
2539 1044 2554 1081 :
2601 1047 2620 1079 ι
2654 1027 2711 1080 In
2742 1041 2901 1081 camo
2923 1033 2978 1081 et
3010 1025 3164 1080 freno
3194 1023 3442 1078 maxillas

185 1118 352 1187 δίκην
385 1119 447 1170 δὲ
503 1119 705 1190 μᾶλλον
753 1119 1092 1188 ὼδινούσης
1146 1119 1424 1188 γυναικὸς,
1461 1119 1572 1171 τῶν
1600 1117 1728 1171 ταῦτ

1893 1137 2062 1179 :orum
2093 1121 2431 1191 constringe,
2465 1119 2560 1190 qui
2590 1134 2698 1173 non
2728 1117 3115 1188 approximant
3160 1114 3229 1169 ad
3262 1125 3315 1169 te
3341 1115 3436 1168 ¹³.ι

187 1208 527 1278 τολμώντων
584 1209 1004 1281 κατεϐοήσαμεν
1050 1210 1148 1280 τὴν
1192 1209 1375 1279 ψυχὴν
1424 1208 1728 1278 ὀδυνώμενο

1898 1223 1943 1269 ιι
1970 1229 2092 1278 nos,
2122 1214 2219 1278 ait,
2260 1221 2321 1266 ut
2362 1213 2460 1277 illi,
2496 1224 2844 1281 nequaquam
2880 1209 2936 1262 in
2970 1207 3224 1262 dilectum
3275 1206 3441 1258 lilium

188 1301 460 1365 Τοιοῦτος
507 1302 736 1366 ⁹Ησαῖας
782 1302 957 1368 βοῶν·
1014 1321 1032 1355 ι
1079 1303 1268 1372 Ὑμεῖς
1306 1302 1362 1354 δὲ
1393 1301 1731 1371 προσαγάγοι

1901 1323 2027 1362 uum
2060 1320 2252 1361 sumus
2275 1304 2454 1358 aﬂectl
2507 1303 2640 1372 quin
2671 1301 2854 1371 potius
2883 1300 3233 1367 parturientis
3268 1298 3444 1350 instar

188 1385 321 1453 ὦδε,
353 1393 463 1445 υἱοὶ
489 1392 699 1462 ἄνομοι,
728 1393 954 1464 σπέρμα
1005 1394 1210 1464 μοιχῶν
1259 1394 1356 1445 καὶ
1397 1393 1623 1464 πόρνης.
1686 1394 1731 1446 Ἐ

1902 1399 2140 1462 nulieris,
2179 1397 2396 1452 illorum
2449 1403 2704 1457 conatus,
2754 1393 2848 1463 qui
2890 1392 2994 1445 ista
3047 1401 3208 1455 sunt,
3249 1403 3445 1456 magno

187 1485 300 1536 τίνι
333 1485 770 1556 ἑνετρυφήσατε,
798 1487 892 1540 καὶ¹
925 1486 1016 1539 ἐπὶ
1061 1486 1169 1538 τίνι
1201 1485 1453 1556 ὴνοίξατε
1504 1486 1566 1539 τὺ
1600 1488 1730 1555 στόμ

1896 1490 2041 1544 mimi
2081 1489 2267 1542 dolore
2300 1485 2668 1542 vociferantes
2711 1485 3014 1553 arguimus.
3047 1481 3232 1535 Talem
3272 1495 3439 1549 agno-

191 1576 390 1645 ὐμῶνς
433 1595 453 1628 ι
513 1579 646 1647 Περὶ
687 1573 764 1632 ὧν
797 1577 1001 1647 1ἔφασκε
1034 1578 1131 1630 καὶ⁵
1177 1577 1372 1630 Δαϐίδο
1422 1595 1440 1628 ι
1477 1577 1734 1647 Σκοτισθή

1905 1594 1996 1633 cas
2026 1579 2248 1643 Isaiam,
2282 1578 2373 1632 ubi
2415 1579 2492 1631 ita
2530 1577 2785 1630 inclamat
2822 1591 2834 1626 :
2874 1593 2892 1625 ι
2931 1572 3042 1628 Vos
3075 1581 3255 1626 autem
3286 1585 3445 1624 acce-

195 1683 388 1719 σονται
427 1668 478 1718 oi
499 1666 979 1737 ὀφθαλμοὶ-αὐτῶν
998 1665 1093 1719 τοῦ
1123 1665 1200 1737 μὴ
1224 1665 1463 1735 βλέπειν,
1503 1684 1524 1718 s
1555 1666 1648 1718 καὶ
1683 1664 1738 1718 τὸ

1902 1672 1986 1727 lite
2011 1672 2142 1736 huc,
2167 1671 2287 1732 lilii.
2313 1685 2501 1726 semen
2529 1668 2906 1723 adulterorum
2937 1675 2990 1721 et
3021 1664 3354 1720 fornicariaz.
3387 1663 3445 1716 In

193 1756 365 1810 νῶτον
403 1758 584 1812 αὐτῶν
607 1758 696 1811 διά
732 1758 936 1822 παντὸς
979 1757 1323 1828 σύγκαμψον.
1361 1755 1518 1819 Τινὲς
1553 1755 1611 1809 δὲ
1651 1758 1736 1810 θλι

1905 1777 1985 1830 [uo
2011 1776 2112 1817 vos
2145 1761 2387 1816 deliciati
2429 1760 2608 1816 estis?
2645 1767 2701 1815 et
2739 1760 2794 1813 in
2815 1773 2924 1828 quo
2949 1756 3242 1827 aperuistis
3271 1769 3334 1809 os
3359 1768 3448 1808 ve-

193 1852 309 1916 ψιν
353 1853 616 1918 μικρὰν,
666 1851 767 1922 τὴν
821 1851 896 1922 μὴ
942 1849 1226 1922 χωροῦσαν
1277 1849 1358 1912 είς
1409 1848 1548 1918 ἔργα
1609 1847 1736 1916 φασὶ

1908 1863 2053 1908 trum
2085 1853 2177 1906 “2
2213 1873 2232 1905 ι
2272 1851 2347 1908 De
2374 1853 2458 1907 his
2481 1860 2536 1908 et
2556 1853 2647 1906 illa
2675 1861 2806 1906 sunt
2839 1849 3061 1904 Davidis
3105 1865 3120 1902 :
3159 1865 3178 1899 ι
3213 1845 3448 1901 Obtene-

196 1940 460 2011 ἀπειλήν.
490 1941 894 2012 Ψιλανθρὼπως
914 1943 1024 2014 7&9
1053 1939 1267 1996 ἀπειλεῖ
1292 1939 1447 2004 Θεὸς,
1483 1937 1634 2008 φόϐῳ
1668 1938 1739 1991 τῶ

1903 1953 2102 2000 ιιειιιιιτ
2122 1959 2313 2000 eorum
2346 1943 2490 1998 oculi
2542 1959 2611 1998 ne
2645 1941 2895 2006 videant;
2927 1940 3088 2011 332
3128 1946 3184 1993 et
3223 1937 3446 1992 dorsum

199 2033 392 2087 κακῶν
415 2035 673 2105 ἀπεῖρξαι
705 2034 1051 2104 βουλόμενος.
1102 2033 1178 2086 Οὐ
1231 2032 1380 2103 μισεῖ
1424 2031 1535 2101 γὰρ
1560 2030 1622 2084 τὸ
1647 2030 1742 2084 rem

1907 2051 2064 2091 orum
2098 2050 2318 2106 semper
2343 2035 2571 2089 incurva
2603 2035 2669 2089 ι’.
2705 2052 2724 2086 ι
2766 2032 3003 2099 Quidam
3036 2044 3168 2085 vero
3206 2028 3448 2098 aﬁlictio-

201 2123 455 2193 πλάσμα,
484 2127 610 2180 οὐδὲ
667 2128 986 2197 παρήγαγεν
1018 2133 1044 2172 1
1072 2124 1147 2186 ὼς
1178 2123 1244 2178 ἀν
1283 2122 1685 2194 τιμωρήσηται.
1715 2122 1744 2174 li

1904 2143 1990 2182 rem
2023 2143 2269 2196 parvam,
2296 2141 2390 2183 eas
2418 2135 2634 2181 tantum
2671 2125 2850 2180 minas
2873 2123 3209 2188 intelligunt,
3239 2135 3361 2190 quae
3381 2118 3447 2172 ad

201 2213 307 2284 7&9
327 2209 402 2286 ἦν
430 2216 692 2279 τοιοῦτος,
727 2218 853 2287 ἐνῆν
885 2214 1036 2284 αὐτῷ
1059 2214 1153 2268 καὶ
1175 2213 1354 2283 σιωπῇ
1380 2211 1480 2283 τὴν
1504 2213 1744 2282 τιμωρία

1907 2231 2015 2287 ιρυε
2055 2231 2232 2288 usque
2254 2232 2364 2272 non
2390 2225 2695 2272 excurrunt
2721 2230 2879 2270 :cum
2920 2228 3018 2283 pro
3053 2225 3152 2266 sua
3186 2212 3241 2264 in
3274 2207 3450 2262 homi-

195 2306 558 2374 ἐργάζεσθαι.
593 2307 707 2361 Νῦν
744 2307 803 2360 δὲ
828 2306 1022 2370 σώζειν
1061 2304 1260 2358 ἐθέλων
1291 2303 1637 2373 προαπειλεῖ.

1908 2327 1976 2367 les
2019 2312 2400 2366 benevolentia
2444 2312 2547 2366 hoc
2587 2319 2798 2364 tantum
2847 2308 2976 2373 line,
3021 2314 3082 2360 ut
3104 2319 3200 2361 eos
3233 2319 3264 2358 a
3292 2299 3451 2358 malis

194 2407 408 2463 arceat,
444 2398 589 2455 Deus
628 2399 933 2453 minitetur.
972 2395 1092 2456 Non
1125 2399 1268 2449 enim
1300 2409 1460 2449 suum
1496 2393 1612 2462 ipse
1655 2396 1771 2450 odit
1809 2398 2164 2471 ﬁgmentum;
2194 2417 2393 2471 neque,
2427 2408 2486 2454 ut
2509 2401 2830 2463 ulciscatur,
2858 2398 2914 2452 in
2979 2397 3155 2452 lucem
3229 2391 3450 2455 educit;

193 2490 338 2553 quod
370 2492 644 2560 alioquin,
674 2495 720 2548 si
753 2495 881 2549 talis
910 2503 1076 2559 esset,
1097 2492 1275 2548 eidem
1300 2492 1385 2547 vel
1411 2506 1518 2546 non
1544 2497 1901 2562 praemonenti
1930 2497 2142 2553 liceret.
2173 2497 2242 2550 At
2267 2509 2415 2550 nuiic
2487 2494 2667 2549 minas
2733 2490 3038 2562 praemittit,
3110 2495 3171 2543 ut
3235 2499 3456 2542 servare

194 2598 254 2638 se
287 2585 429 2640 velle
467 2587 681 2642 doceat.

286 2680 446 2732 Ἐπεὶ
483 2679 668 2732 τοίνυν
701 2679 835 2748 φησὶ
885 2678 952 2732 τὰ
984 2677 1228 2749 ἡμέτερα
1271 2676 1496 2732 τοιαῦτα
1535 2676 1778 2746 γέγονεν,

1948 2697 2218 2766 Quoniam
2249 2697 2434 2767 igitur,
2470 2694 2566 2760 ait,
2603 2708 2670 2748 eo
2710 2707 2800 2747 res
2843 2699 3044 2746 nostra
3089 2685 3453 2749 reciderunt,

195 2777 269 2840 ὡς
295 2777 392 2830 διὰ.
416 2775 672 2846 μεγάλων
693 2773 974 2845 τιμωριῶν
1002 2773 1063 2825 τὸ
1084 2772 1243 2842 χρέος
1274 2770 1601 2834 ὲκτιννύναι,
1620 2771 1738 2842 χρεί

1910 2799 1938 2844 ιι
1965 2789 2177 2860 magnis
2217 2787 2524 2842 ultionibus
2569 2782 2817 2838 debitum
2852 2780 3013 2835 nobis
3044 2777 3301 2832 luendum
3334 2775 3408 2830 sit
3441 2793 3453 2829 :

195 2868 300 2922 τοῦ
333 2867 457 2922 σοῦ
491 2865 803 2936 ἀγαπητοῦ
835 2865 932 2928 τὰς
961 2868 1247 2934 συμφορὰς
1295 2864 1428 2933 ἡμῖν
1470 2862 1738 2916 ὃιαλύοντι

1915 2879 2068 2934 ilecto
2099 2887 2211 2945 tuo,
2261 2878 2355 2947 qui
2393 2875 2564 2946 gratis
2611 2873 2958 2928 calamitates
3006 2876 3228 2924 nostras
3265 2867 3454 2927 tollat,

197 2962 416 3032 χάριτι..
455 2961 574 3027 Ἀφ’
603 2953 666 3013 οὗ
699 2959 806 3028 γὰρ
839 2959 980 3011 κατά
1018 2957 1116 3028 τὴν
1140 2957 1475 3028 προφητείαν
1506 2959 1540 3028 ἡ
1573 2957 1740 3026 παρθί

1916 2989 2013 3042 pus
2037 2978 2142 3026 est.
2198 2968 2394 3023 Statim
2435 2967 2582 3023 enim
2617 2981 2682 3020 ex
2710 2979 2842 3034 quo,
2878 2961 3180 3018 secundum
3227 2958 3459 3029 prophe-

197 3071 284 3117 νος
307 3053 534 3120 λέγεται
565 3050 866 3110 τετοκέναι,
892 3049 1170 3119 πανταχοῦ
1205 3049 1535 3118 εὐαφόρμως
1564 3065 1740 3118 μνημο

1914 3064 2034 3128 iam,
2063 3060 2216 3127 virgo
2249 3056 2525 3127 peperisse
2551 3056 2735 3108 audita
2757 3062 2866 3118 est,
2905 3058 3212 3121 opportune
3255 3049 3457 3117 ubique

197 3143 344 3198 νεύει
374 3142 478 3196 τοῦ
499 3142 735 3197 παιδίου.
766 3142 830 3195 Ol
859 3140 915 3194 δὲ
947 3139 1199 3208 λέγοντες
1225 3140 1290 3192 ὲκ
1318 3138 1596 3208 φιλοθετας
1623 3137 1740 3207 γενέ

1915 3148 2039 3204 ιυειί
2081 3147 2415 3204 mentionem
2444 3145 2593 3200 facit.
2635 3145 2702 3197 At
2735 3143 2827 3212 qui
2859 3157 2919 3198 se
2956 3140 3268 3194 divinitatis
3301 3153 3458 3192 amo-

200 3239 325 3292 σθαι
350 3235 434 3301 τῷ
450 3235 736 3305 ἀγαπητῷ
761 3233 855 3288 τοῦ
877 3233 1116 3304 Πατέρος
1139 3233 1277 3304 ὅπερ
1299 3233 1603 3287 ὠδίνουσα
1621 3233 1743 3300 γυνθ

1917 3257 1946 3297 e
1975 3240 2169 3296 dilecto
2200 3239 2373 3308 patris
2408 3237 2586 3292 instar
2626 3233 2874 3290 mulieris
2897 3231 3245 3303 parturientis
3286 3230 3460 3284 fuisse

201 3329 506 3399 ιμμένουσι
533 3330 600 3397 τῇ
627 3327 827 3397 τροπῇ,
853 3323 1151 3391 σωτηρίας
1189 3323 1442 3391 λέγοντες
1475 3321 1742 3390 πνεύματ

1915 3335 2096 3399 licunt,
2129 3330 2304 3387 eidem
2339 3329 2600 3402 loquendi
2635 3329 2824 3402 ligurte
2852 3327 3144 3390 insistunt,
3179 3323 3309 3379 dum
3346 3325 3458 3392 spi—

200 3420 397 3475 τεκεῖγ
428 3418 555 3485 τοῖς
597 3419 696 3473 ἐπὶ
740 3416 853 3486 τῆς
898 3414 1047 3485 τῆς·
1087 3416 1226 3486 ὅπερ
1255 3413 1516 3486 ἁρμόττει
1570 3414 1743 3485 προφή

1918 3425 2050 3479 itum
2079 3423 2272 3479 salutis
2303 3423 2396 3487 iis,
2424 3422 2519 3493 qui
2546 3428 2678 3477 sunt
2707 3421 2762 3473 in
2793 3429 2956 3486 terra,
2993 3419 3256 3488 peperisse
3279 3432 3340 3472 se
3373 3415 3461 3470 in-

204 3529 348 3577 ταις,
391 3509 716 3573 ἀποστόλοις
763 3526 822 3562 τε
868 3509 965 3561 καὶ
1015 3506 1454 3575 εὐαγγελισταῖς.
1512 3504 1626 3575 Τῆς
1675 3505 1747 3573 γά

1921 3525 2113 3585 erunt;
2159 3515 2306 3586 quod
2353 3513 2635 3586 prophetis
2665 3513 2824 3584 ipsis,
2874 3512 3254 3582 apostolisque
3296 3517 3464 3578 atque

205 3603 354 3666 θείας
403 3601 794 3673 μυσταγωγίας
851 3600 1059 3655 ἀνωθεν
1099 3598 1460 3662 πλουτοῦντες
1499 3597 1569 3652 τὰ
1615 3597 1748 3667 σπέρ

1923 3610 2024 3664 deo
2052 3607 2408 3678 evangelistis
2431 3605 2705 3670 convenit,
2737 3605 2832 3679 qui
2869 3604 3066 3657 divinae
3111 3601 3463 3674 mystagogia:

208 3714 378 3767 ματα,
407 3698 520 3758 τοῖς
546 3694 644 3749 ἐπὶ
666 3692 776 3762 τῆς
804 3693 918 3763 γῆς
964 3691 1201 3762 πνεῦμα
1241 3691 1541 3759 σωτηρίας
1589 3688 1751 3754 ὲεέτε

1920 3699 2194 3758 eminibus
2225 3715 2462 3768 superne
2507 3698 2700 3761 delati,
2735 3698 2804 3753 iis
2835 3697 2930 3766 qui
2953 3705 3083 3750 sunt
3110 3695 3166 3747 in
3193 3703 3336 3747 terra
3369 3710 3463 3746 sa-

209 3807 338 3852 κον,
387 3788 488 3857 τὴν
527 3788 584 3840 ὲν
634 3785 907 3854 πνεύματι
939 3784 1182 3853 δηλονότι
1221 3780 1592 3836 διδασκαλίαν.
1632 3779 1752 3833 Φίλο

1920 3794 2016 3847 utis
2054 3793 2323 3862 spiritum,
2357 3791 2410 3846 id
2438 3799 2522 3846 est
2553 3789 2857 3860 spiritalem
2883 3789 3217 3850 doctrinam,
3251 3799 3463 3854 peperc-

209 3881 315 3950 7&9
365 3882 435 3950 τῇ
488 3879 676 3950 Γραφῇ
727 3877 965 3947 πνεῦμα
997 3875 1184 3930 καλεῖν
1214 3873 1329 3928 ἐσθ’
1357 3874 1448 3928 ὅτε
1476 3872 1580 3935 τάς
1624 3889 1752 3926 τινω

1921 3894 2034 3938 unt.
2065 3882 2162 3938 Est
2183 3884 2330 3938 enim
2356 3881 2656 3953 Scripturze
2687 3881 2971 3943 usitatum,
2997 3887 3056 3934 ut
3094 3876 3463 3948 quorumdam

214 3971 560 4043 συγγραφὰς,
589 3970 733 4024 κατά
762 3970 821 4024 τό
840 3986 855 4001 ο
895 3987 912 4021 ι
952 3967 1285 4038 Δοκιμάζετε
1313 3966 1382 4020 τά
1421 3965 1712 4035 πνεύματα
1741 3981 1757 4016 ε

1926 3975 2189 4046 liquando
2241 3975 2468 4046 scripta,
2506 3973 2726 4042 spiritus
2777 3971 3148 4042 appellatione
3187 3968 3463 4040 dignetur,

215 4066 276 4117 ἐκ
306 4063 400 4116 τοῦ
437 4061 583 4116 θείου
624 4060 780 4115 είσίν.
815 4078 833 4112 ι
871 4068 894 4096 ι
927 4057 1210 4130 Πνεῦματι
1236 4056 1344 4129 γὰρ
1361 4055 1503 4127 ἁγίῳ
1525 4055 1587 4109 τὸ
1615 4054 1758 4126 σωτή

1918 4063 2052 4132 [uale
2080 4063 2309 4120 estillud
2337 4065 2351 4116 ζ
2386 4081 2404 4114 ι
2433 4060 2669 4115 Probate
2687 4061 2917 4130 spiritus
2932 4074 2999 4112 an
3015 4074 3078 4112 ex
3097 4056 3207 4111 Deo
3231 4054 3461 4110 sunt“.s

219 4172 328 4226 ριον
349 4155 612 4225 κήρυγμα
640 4151 882 4221 λέγεται,
913 4147 1165 4220 κοσμικῷ
1192 4148 1272 4212 δὲ,
1303 4145 1373 4201 τὰ
1400 4145 1576 4216 τούτῳ
1618 4143 1758 4216 μαχό

1924 4156 2069 4226 lpera
2124 4155 2397 4227 siquidem
2448 4151 2690 4222 Spiritus
2747 4151 2923 4206 sancti
2969 4149 3152 4204 editur
3206 4145 3467 4201 salutaris

218 4263 374 4317 μενα.
407 4245 499 4298 Διό
531 4261 697 4314 φησιν
719 4245 747 4296 ὁ
769 4243 978 4305 Παῦλος
999 4255 1011 4269 °
1041 4260 1060 4294 ι
1107 4241 1171 4293 Ἦ
1180 4242 1298 4310 μείς
1320 4239 1376 4292 δὲ
1410 4238 1470 4291 οὐ
1491 4238 1552 4292 τὸ
1573 4235 1761 4306 πνεῦμε

1923 4248 2243 4314 ιιαιιίίοαιίο;
2265 4244 2523 4300 mundani
2543 4253 2746 4306 autem,
2772 4257 2895 4312 qua;
2917 4241 3045 4295 huic
3071 4240 3466 4294 adversantur.

217 4337 307 4391 τοῦ
339 4337 550 4406 κόσμου
578 4336 770 4388 τούτου
808 4334 1094 4403 ἐλάϐομεν,
1131 4331 1264 4386 ἀλλά
1298 4330 1360 4384 τδ
1383 4328 1600 4399 πνεῦμα
1629 4329 1691 4381 τὸ
1728 4329 1760 4380 ὲε

1926 4340 2040 4395 inde
2064 4346 2194 4394 sunt
2226 4347 2280 4393 et
2314 4337 2406 4391 illa
2444 4336 2600 4390 Pauli
2641 4353 2656 4390 :
2695 4353 2713 4386 ι
2743 4333 3048 4387 Nosautem
3082 4329 3335 4398 spiritum
3367 4327 3469 4380 liu-

218 4431 309 4484 τοῦ
337 4429 497 4484 Θεοῦ.
534 4448 552 4481 ι
588 4428 830 4496 Πνεῦμα
861 4425 1040 4478 τοίνυν
1074 4422 1392 4493 σωτηρίας,
1423 4421 1482 4474 τὸ
1508 4417 1761 4488 εὑαγγελι

1925 4446 1985 4487 us
2009 4429 2200 4486 mundi
2231 4445 2340 4483 non
2365 4428 2701 4498 accepimus,
2732 4425 2825 4480 sed
2867 4424 3119 4493 spiritum
3148 4422 3241 4491 qui
3269 4435 3336 4474 ex
3361 4419 3468 4474 Deo

220 4522 311 4575 κὺν
356 4521 587 4575 ἐκάλεσε
621 4521 885 4590 κήρυγμα
918 4517 1016 4586 τὴν
1042 4514 1260 4570 αἰώνιον
1299 4512 1444 4583 ζωὴν
1473 4510 1763 4584 προξενοῦν

1925 4532 1983 4576 :st
2018 4523 2086 4577 ¹⁹.
2123 4539 2142 4572 ι
2171 4520 2326 4575 Patet
2370 4521 2556 4588 itaque
2590 4517 2837 4586 spiritum
2870 4514 3063 4568 salutis
3098 4510 3468 4580 evangelicam

222 4613 373 4677 Τινὲς
407 4613 466 4666 δέ
498 4629 662 4681 φασιν
691 4611 792 4680 τὴν
818 4611 881 4662 ὲκ
904 4609 1003 4676 τῆς
1029 4605 1262 4676 ἀπειλῆς
1297 4604 1564 4670 ὠφέλειαν
1595 4601 1764 4672 ὲμφαί

1925 4613 2046 4666 llam
2082 4609 2548 4682 praedicationem,
2568 4622 2687 4677 quae
2711 4607 2877 4660 vitam
2906 4612 3164 4658 a'ternam
3187 4600 3468 4666 conciliat,

221 4722 351 4759 νειν.
404 4704 493 4766 Ὦς
523 4701 728 4771 ἀγαθὸν
751 4700 860 4772 γὰρ
893 4699 1115 4769 σπέρμα
1141 4696 1249 4749 τὸν
1293 4695 1410 4748 σὺν
1434 4695 1623 4763 φόϐον
1646 4693 1764 4758 δεξὰ

1937 4701 2227 4772 ppellasse.
2251 4699 2418 4754 Aiunt
2449 4715 2582 4754 vero
2619 4698 2890 4762 nonnulli,
2913 4711 3056 4761 eam,
3088 4711 3208 4765 qua:
3225 4709 3286 4748 ex
3312 4693 3473 4747 minis

229 4814 396 4866 μενοι,
419 4796 514 4849 καί
541 4793 730 4848 τοῦτον
759 4791 1222 4862 κυοφορήσαντες,
1252 4789 1310 4839 ὲν
1327 4785 1504 4857 καιρῷ
1533 4783 1609 4856 τῷ
1628 4785 1772 4838 δέοντ

1927 4793 2100 4858 ιιὶιυι,
2125 4790 2416 4846 utilitatem
2445 4788 3068 4861 significari.Tanquam
3094 4787 3239 4842 enim
3264 4800 3470 4852 semen,

229 4890 529 4958 σωτηρίαν
559 4884 1028 4959 ἐκαρπωσάμεθα.
1057 4883 1177 4936 Ἔτι
1216 4879 1324 4951 7&9
1351 4874 1500 4933 οὖσιν
1539 4879 1672 4948 ἡμῖν
1710 4877 1772 4931 ἑτι

1929 4885 2178 4956 nquiunt,
2207 4893 2405 4937 metum
2433 4892 2582 4936 tuum
2606 4882 2904 4952 complexi,
2936 4889 2990 4936 et
3019 4896 3083 4935 eo
3104 4887 3472 4950 prmgnantes,

230 4982 325 5052 γῆς
355 4981 550 5052 καιρὸν
588 4979 880 5050 μετανοίας
923 4976 1164 5048 ἐχαρίσω
1189 5015 1204 5040 ,
1264 4975 1339 5046 μὴ
1388 4969 1702 5043 προανελὼν
1734 4976 1773 5023 τέ

1933 4977 2100 5032 doneo
2149 4983 2399 5045 tempore
2428 4973 2659 5029 salutem
2701 4973 3072 5042 percepimus.
3118 4969 3254 5024 Nam
3298 4969 3476 5023 adhuc

233 5075 342 5127 κατ’
371 5073 530 5138 ἀξίαν
555 5071 835 5143 δίκῃ,ἀλλ⁹
879 5069 1065 5133 ἐνδοὺς
1105 5066 1491 5138 ὲπιστραφεῖσι
1543 5063 1776 5134 σωθῆναι

1928 5085 1959 5123 ιι
1995 5077 2144 5124 terra
2167 5067 2495 5139 degentibus
2533 5066 2835 5138 paenitendi
2861 5065 3097 5134 spatium
3145 5061 3471 5133 prorogasti,

235 5167 338 5218 Καὶ
368 5164 569 5232 νεκροὶ
597 5165 769 5230 ὄντες
799 5164 913 5226 τοῖς
942 5157 1380 5229 παραπτώμασι,
1431 5155 1528 5210 νῦν
1563 5155 1772 5224 ὲγερθη

1932 5176 2029 5215 um
2056 5160 2224 5215 dilata
2261 5169 2436 5215 morte
2477 5157 2660 5229 justas
2696 5158 2763 5213 de
2809 5157 2964 5212 nobis
2998 5170 3183 5226 poenas
3221 5164 3334 5206 tum
3367 5167 3475 5205 non

233 5263 454 5329 σόμεθα
484 5259 557 5322 ὡς
587 5259 694 5312 ἀπὸ
722 5255 1004 5328 μνημείων
1035 5252 1376 5323 ἀντιλήψεως
1415 5250 1671 5320 τυχόντες
1709 5249 1774 5318 τῆ

1931 5252 2226 5322 .umpsisti;
2267 5250 2363 5306 sed
2412 5251 2774 5322 resipiscendi
2820 5259 3053 5319 tempus;
3098 5255 3156 5325 ιιι
3206 5261 3474 5306 serVurcs,

237 5351 380 5420 παρὰ
417 5349 531 5403 σοῦ.
573 5347 692 5418 Ὑφ’
746 5344 782 5419 ἦ
833 5346 1136 5408 τελοῦντες,
1181 5341 1675 5414 ἀγαλλιασόμεθα
1701 5340 1776 5393 τῶ

1935 5341 2208 5397 ndulsisti.
2249 5341 2352 5408 Qui
2392 5342 2545 5411 prius
2577 5355 2706 5411 ergo
2753 5347 2979 5411 propter
3022 5345 3244 5407 peccata
3284 5335 3478 5387 mortui

237 5442 415 5495 κακῶν
446 5443 624 5512 ἔργων
665 5440 1057 5510 ἀπεσχημένοι.
1107 5438 1212 5491 Τὸν
1243 5435 1335 5489 σὺν
1383 5433 1493 5504 γὰρ
1539 5432 1686 5486 ἔλεον
1733 5431 1778 5485 ὡ

1938 5447 2140 5498 ramus,
2177 5446 2327 5487 nunc
2365 5442 2622 5504 tanquam
2667 5433 2734 5489 dc
2782 5429 2941 5501 333
2985 5426 3355 5482 niunumcntis
3400 5441 3478 5479 re-

312 5597 354 5628 "
381 5598 526 5654 Psal.
581 5615 732 5662 xxxi,
779 5598 834 5653 9.
913 5601 956 5632 ¹⁶
1001 5599 1106 5656 lsa.
1163 5616 1298 5666 ιρι-ιι,
1355 5603 1410 5665 5,
1449 5604 1502 5658 4.
1581 5602 1625 5633 ’⁷
1677 5599 1818 5654 Psal.

1758 5599 1818 5653 al.
1862 5613 2050 5664 vam,
2099 5598 2191 5654 2i.
2270 5599 2310 5631 ’⁸
2354 5598 2368 5652 l
2400 5597 2558 5652 Joan.
2594 5612 2670 5660 IV,
2703 5596 2752 5649 l.
2831 5593 2874 5624 "
2910 5588 2928 5643 1
2962 5588 3090 5644 Cor.
3129 5601 3188 5650 ιι,
3220 5587 3301 5638 li.

1553 5719 1782 5774 VARIJ’.
1824 5715 2222 5774 LEC'I'IONES.

308 5820 331 5858 ι·
361 5811 445 5866 ἴσ.
477 5815 536 5865 .1.
571 5811 649 5874 εἰς
680 5811 816 5881 φῶς.
899 5823 918 5851 ι
955 5813 1041 5866 ἷσ.
1072 5813 1229 5869 itu.
