3908 6510
519 343 658 406 2227

593 390 651 406 ul
760 400 776 412 ,

1810 342 2164 405 PROCOPII
2201 343 2446 405 GAL‘EI

3613 346 3739 411 2228

519 468 794 525 surgemus
837 458 931 508 tua
967 467 1070 524 ope
1112 452 1309 525 adiuti,
1354 453 1411 508 in
1439 466 1547 523 qua
1596 452 1859 525 degentes
1905 462 1961 510 et
1987 453 2091 525 ipsi

2206 454 2418 523 δρόσον
2444 437 2538 523 ἐφ’
2572 455 2721 527 ἡμᾶς
2770 452 3077 527 ἐκπέμπεις
3115 454 3350 523 iunxi";
3397 453 3512 509 τῶν
3557 457 3746 514 dastith

521 548 681 603 malis
720 548 983 618 operibus
1029 547 1242 602 liberati
1289 545 1695 602 exsultabintus.
1727 544 2086 603 Pereuntibus

519 640 666 694 enim
696 640 904 709 impiis,
946 646 1095 693 tuam
1120 638 1175 693 in
1205 652 1307 693 nos
1329 637 1450 707 ipse
1482 638 1901 694 miserationem
1934 638 2086 693 velut

518 747 693 786 rorem
735 731 806 786 ad
856 729 1115 784 medelam
1160 728 1435 785 demittes.
1484 726 1673 784 Utitur
1702 743 1833 784 vero
1868 736 2085 783 natura:

518 822 993 879 consentientibus
1015 822 1082 876 ad
1113 820 1191 876 rei
1222 820 1594 892 cognitionem
1624 819 1916 891 exemplis.
1936 818 2081 886 Quin

516 924 573 970 et
597 914 738 984 apud
777 912 1142 976 Ezechielem,
1174 926 1298 966 cum
1329 925 1481 981 spem
1502 909 1675 966 Judzi
1696 919 1920 981 propter
1941 918 2087 966 tem-

518 1006 667 1076 poris
715 1005 1129 1062 diuturnitatem
1172 1002 1495 1074 abjlcerent,
1531 1003 1713 1074 ipsum
1751 1003 1821 1060 de
1859 1001 2089 1075 captivi-

517 1105 627 1153 tate
651 1096 908 1161 reditum,
932 1096 1221 1166 ipsamque
1248 1094 1385 1150 adeo
1413 1094 1600 1165 templi
1622 1095 2091 1153 instaurationem

518 1188 661 1243 Deus
686 1195 1033 1251 ostensurus,
1076 1200 1204 1240 ossa
1245 1194 1587 1240 mortuorum
1614 1184 1735 1255 ipsa
1764 1186 1931 1242 etiam
1964 1203 2093 1259 pro-

2190 544 2600 615 ἀπολλυμένων.
2648 546 2773 609 Τοῖς
2814 544 2975 615 φύσει
3021 542 3080 598 δὲ
3116 544 3481 614 συμδαίνουσι
3520 547 3749 615 παραδεί-

2190 650 2363 705 γματι
2393 644 2423 672 α
2442 636 2643 706 χρῆται
2669 635 2806 706 πρὸς
2838 635 3185 705 κατανόησιν.
3210 635 3321 688 Καὶ
3349 636 3484 706 παρ’
3514 634 3748 708 Ἰεζεκιὴλ

2189 726 2247 780 δὲ
2276 726 2386 780 τῶν
2421 726 2689 781 Ἰουδαίων
2708 728 3093 798 ἀπειρηκότων
3123 729 3172 780 εί
3201 727 3288 779 διά
3313 726 3531 797 μακρὸν
3562 728 3746 796 χρόνον,

2188 816 2289 886 τὴν
2318 818 2386 871 ἐκ
2412 818 2513 887 τῆς
2543 819 2924 889 αἰχμαλωσίας
2954 819 3239 883 ἐπάνοδον,
3265 820 3356 875 καὶ
3385 819 3489 873 τοῦ
3524 821 3647 874 ναοῦ
3667 824 3751 891 τὴν

2190 914 2537 987 οἰκοδόμησιν
2562 918 2590 970 ό
2619 915 2753 980 Θεὸς
2778 916 3127 970 ὑποδείκνυσι
3156 916 3234 986 τῷ
3260 918 3545 988 προφήτῃ,
3566 920 3753 987 νεκρῶν

2192 1009 2332 1063 ὀστᾶ
2374 1010 2469 1062 καὶ
2520 1008 2609 1062 διά
2654 1007 3010 1081 κηρύγματος
3042 1007 3138 1061 τοῦ
3184 1008 3472 1079 προφήτου
3502 1008 3755 1072 ζωοποιεῖ-

2198 1098 2324 1153 σθαι
2352 1098 2587 1164 κελεύει,
2619 1099 2892 1170 ζωπυριῖη
2913 1098 2992 1169 τῷ
3030 1097 3145 1169 λαῷ
3168 1098 3269 1162 τάς
3296 1098 3529 1162 ἐλπίδας
3558 1099 3642 1151 διά
3672 1100 3755 1169 τῆς

2196 1193 2306 1248 τῶν
2338 1194 2786 1265 ἀπεγνωσμένων
2823 1191 3199 1258 ἀναϐιώσεως.

516 1283 691 1351 Ph!"a3
726 1281 1111 1354 Ρτωάίοθίίοηθ
1136 1280 1197 1334 in
1220 1278 1391 1335 νίιδω
1420 1278 1591 1349 iussn
1616 1282 1864 1337 revocari
1897 1284 1979 1352 “;
2015 1293 2075 1341 ut
2112 1290 2295 1359 populi
2312 1290 2873 1347 dubitantisanimum
2934 1304 3027 1359 per
3084 1302 3279 1343 eorum
3334 1287 3757 1353 suscitationetn,

520 1392 641 1449 qua:
668 1376 960 1445 desperata
980 1372 1327 1439 videbantur,
1357 1372 1415 1428 in
1444 1387 1595 1443 spem
1624 1374 1915 1432 excitaret.

591 1473 682 1527 Sic
720 1477 901 1526 autem
967 1468 1243 1537 explicant
1296 1468 1570 1523 nonnulli.
1623 1468 2083 1538 Quandoquidem

520 1564 769 1633 spiritum
816 1561 1006 1615 salutis
1042 1562 1096 1614 in
1142 1572 1284 1615 terra
1312 1562 1615 1631 periturum
1651 1561 1825 1630 dixit;
1856 1574 2088 1620 mortem

520 1663 702 1710 autem
747 1654 838 1717 iis,
870 1653 969 1723 qui
1022 1653 1077 1707 in
1118 1660 1266 1708 terra
1302 1653 1505 1725 degunt
1542 1655 1721 1709 adhuc
1761 1671 1885 1712 esse
1930 1671 2091 1726 supe-

517 1746 718 1800 riorem
747 1754 1001 1813 apparet;
1038 1749 1301 1813 tanquam
1332 1744 1564 1799 exsistat
1598 1746 1822 1815 aliquis.
1852 1746 1946 1816 qui
1993 1746 2087 1801 ubi

520 1838 593 1891 sit
617 1836 915 1906 evangelici
960 1837 1221 1905 praeconii
1252 1835 1482 1899 utilitas,
1512 1837 1601 1890 ubi
1638 1837 1836 1892 salutis
1867 1838 2090 1905 spiritus

519 1934 766 1997 quaerat;
803 1924 1126 1981 defensione
1162 1925 1399 1980 adducta
1428 1934 1821 1981 resurrecturos
1858 1935 2092 1980 mortuos

521 2016 816 2087 signiﬁcat.
846 2013 1101 2071 Omnium
1124 2015 1271 2069 enim
1301 2014 1543 2080 nomine,
1576 2016 1758 2083 inquit
1774 2015 2091 2085 Apostolus,

522 2116 752 2161 mortem
778 2105 1016 2175 gustavit
1035 2104 1290 2160 Christus
1317 2107 1361 2138 “
1388 2122 1404 2172 ;
1436 2106 1529 2176 qui
1568 2114 1626 2159 ut
1649 2103 1827 2160 factus
1857 2115 1940 2160 est
1966 2105 2096 2160 dor-

524 2193 811 2248 mientium
845 2194 1089 2248 omnium
1121 2192 1377 2261 primitias
1402 2194 1448 2226 υ
1473 2236 1495 2261 ,,
1522 2195 1595 2247 ita
1630 2194 1902 2248 revocatis
1936 2193 1990 2246 in
2022 2192 2097 2247 vi-

524 2294 632 2338 tam
695 2281 973 2348 omnibus,
1004 2283 1200 2338 mortis
1252 2282 1548 2352 imperium
1571 2322 1587 2346 ,
1618 2283 1968 2353 quantumvis
2003 2296 2099 2337 ex-

525 2383 771 2447 spectato
788 2376 1214 2432 resurrectionis
1239 2384 1485 2447 tempore
1499 2378 1673 2449 ipsius
1690 2378 1901 2449 legibus
1913 2376 2100 2447 subia-

525 2480 770 2530 ceamus,
807 2465 1025 2519 irritum
1070 2465 1262 2529 faciet;
1296 2482 1407 2535 quo
1454 2476 1701 2539 tempore
1735 2476 1866 2524 sunt
1906 2484 2100 2525 omnes

524 2556 912 2611 resurrecturi.
944 2555 1216 2611 Caeterum
1252 2558 1379 2627 quis
1408 2558 1638 2614 modus?
1670 2561 1787 2629 ipse
1816 2576 1905 2613 ros
1954 2569 2098 2622 tuus,

532 2645 735 2701 medela
782 2647 925 2717 ipsis.
944 2656 1049 2703 est.
1079 2648 1257 2718 Ipsam
1302 2663 1436 2705 vero
1468 2650 1668 2704 viviﬁci
1707 2648 1947 2721 Spiritus
1992 2651 2098 2705 vim

528 2741 612 2793 sic
639 2749 815 2803 vocat,
848 2754 944 2808 per
964 2753 1127 2809 quam
1153 2740 1519 2795 resurrecturi
1553 2749 1720 2806 sunt;
1745 2741 1811 2797 de
1839 2756 1947 2812 qua
1974 2749 2103 2797 sunt

529 2829 636 2883 ista
680 2828 936 2885 Davidis:
977 2847 999 2881 ι
1042 2829 1120 2883 Te
1166 2830 1314 2884 enim
1358 2828 1554 2885 faciem
1608 2841 1754 2885 tuam
1799 2840 2100 2897 avertente,

532 2920 927 2983 turbabuntur,
967 2928 1023 2975 et
1062 2920 1119 2975 in
1164 2924 1444 2991 pulverem
1488 2939 1648 2978 suum
1686 2932 2100 2981 convertentur.

532 3008 763 3065 Etnittes
794 3010 1047 3079 spiritqu
1094 3018 1269 3077 tuum,
1305 3020 1359 3067 et
1404 3013 1757 3075 creabuntur,
1781 3024 1833 3069 et
1868 3029 2104 3068 renova-

2262 1469 2424 1533 Τινὲς
2456 1467 2515 1523 δέ
2544 1483 2736 1539 φασιν,
2766 1466 3004 1539 ἐπείπερ
3036 1464 3143 1536 ἔφη
3178 1465 3422 1535 πνεῦμα
3448 1466 3645 1520 τεκεῖν
3676 1464 3759 1520 ἐπί

2192 1562 2306 1633 τῆς
2332 1560 2446 1633 τῆς
2470 1560 2791 1630 σωτηρίας,
2824 1560 3020 1631 ὁρᾶται
3046 1558 3105 1613 δὲ
3136 1558 3248 1613 τῶν
3272 1558 3366 1612 ἐπὶ
3402 1558 3515 1627 γῆς
3549 1557 3628 1611 ἐτι
3654 1575 3764 1613 κατ-

2194 1652 2393 1724 ισχύων
2415 1652 2445 1705 ό
2466 1652 2717 1715 θάνατος,
2732 1649 2807 1714 ὥς
2829 1666 2975 1713 τινος
3002 1647 3315 1720 ζητοῦντος,
3339 1646 3452 1701 ποῦ
3481 1647 3593 1700 τῶν
3617 1648 3763 1716 εύαγ-

2192 1743 2428 1813 γελικῶν
2451 1740 2827 1815 κηρυγμάτων
2847 1740 2881 1810 ἡ
2911 1738 3116 1809 ὕνησις.
3154 1736 3267 1791 Ποῦ
3286 1736 3344 1791 δὲ
3364 1738 3469 1807 τῆς
3490 1740 3765 1805 σωτηρίας

2191 1836 2262 1892 τὸ
2289 1834 2564 1905 «reﬁgit;
2595 1833 2697 1904 τὴν
2730 1832 3031 1902 ἀπολογίαν
3060 1831 3286 1901 ἐπάγων
3310 1831 3503 1901 φησὶν.
3523 1831 3764 1898 ἀναστή-

2192 1941 2406 1981 σονται
2429 1926 2485 1980 oi
2505 1924 2735 1993 νεκροί.
2772 1922 2949 1995 ’Υπὲρ
2990 1921 3194 1986 παντὸς
3219 1922 3352 1993 γὰρ,
3385 1921 3537 1976 καθά
3558 1939 3713 1992 φησιν
3742 1925 3766 1976 ὸ

2206 2016 2553 2083 Ἀπόστολος,
2586 2014 2850 2085 ἐγεύσατο
2880 2014 3113 2068 θανάτου
3144 2014 3409 2084 Χριστὸς,
3442 2014 3540 2067 καὶ
3569 2015 3763 2067 πάντων

2194 2108 2304 2163 τῶν
2328 2106 2751 2178 κεκοιμημένων
2778 2105 3003 2175 γέγονεν
3026 2104 3271 2176 ἀπαρχὴ,
3298 2105 3397 2159 καὶ
3423 2105 3646 2159 πάντων
3667 2105 3765 2157 ἀνι-

2196 2200 2481 2271 σταμένων
2514 2197 2611 2253 τοῦ
2642 2198 2875 2253 θανάτου
2918 2195 2980 2251 τὸ
3020 2196 3221 2267 κράτος
3276 2196 3761 2266 καταργηθήσεται,

2197 2289 2247 2343 εί
2270 2289 2366 2343 καὶ
2393 2288 2493 2344 νῦν
2518 2287 2602 2343 ἔτι
2629 2288 2962 2361 Θνήσκομεν,
2988 2288 3155 2359 μήπω
3178 2287 3275 2342 τοῦ
3294 2291 3397 2358 τῆς
3433 2288 3764 2349 ἀναστάσεως

2198 2381 2465 2454 παρόντος
2494 2380 2713 2453 καιροῦ.
2757 2380 2893 2434 Τότε
2949 2380 3060 2452 γὰρ
3107 2380 3517 2451 ἀναστήσονται
3560 2382 3758 2443 πάντες.

2199 2474 2313 2529 Καὶ
2341 2474 2427 2537 τίς
2454 2475 2484 2528 ὁ
2512 2474 2754 2544 τρόπος;
2793 2473 2856 2530 Ἡ
2892 2471 3118 2541 δρόσος
3146 2473 3180 2543 ἡ
3210 2472 3366 2543 παρὰ
3393 2471 3493 2526 σοῦ
3525 2471 3661 2541 lupa
3678 2473 3763 2525 αύ-

2198 2567 2311 2631 τοῖς
2332 2565 2497 2619 ἐστίν.
2519 2563 2632 2635 Τὴν
2656 2564 2714 2618 δὲ
2745 2562 3011 2629 ζωοποιδν
3032 2560 3128 2617 τοῦ
3155 2563 3475 2634 πνεύματος
3506 2563 3761 2632 ἐνέργειαν

2199 2655 2345 2711 οὕτω
2375 2654 2551 2718 καλεῖ,
2583 2653 2651 2708 δι’
2680 2649 2749 2725 ἦς
2778 2653 3198 2726 ἀναστήσονται.
3238 2654 3350 2707 Καὶ
3383 2653 3483 2708 τοῦ
3515 2653 3673 2707 Δαὸὶδ
3691 2652 3762 2703 λέ-

2200 2763 2406 2817 γοντος·
2436 2765 2462 2797 ι
2499 2744 2972 2816 ’,ἀποστρέψαντος
2994 2744 3103 2816 γάρ
3132 2762 3227 2798 σου
3249 2745 3313 2799 τδ
3333 2744 3649 2816 πρόσωπον,
3678 2761 3759 2796 τα-

2204 2836 2588 2908 ραχθήσονται,
2618 2834 2717 2889 καὶ
2742 2835 2823 2897 είς
2847 2832 2937 2888 τὸν
2957 2833 3088 2905 χοῦν
3132 2834 3313 2888 αὐτῶν
3335 2832 3759 2905 ἐπιστρέφουσιν.

2215 2926 2628 2993 Ἐξαποστελεῐς
2655 2924 2719 2979 τὸ
2746 2924 2970 2997 πνεῦμά
2998 2942 3115 2992 σου,
3139 2926 3233 2979 καὶ
3256 2925 3659 2994 κτισθήσονται,
3684 2922 3762 2977 καὶ

2202 3017 2542 3081 ἀνακαινιεῖς
2564 3016 2627 3070 τδ
2656 3016 2946 3088 πρόσωπον
2975 3017 3076 3086 τῆς
3098 3017 3228 3087 γῆς.
3262 3034 3281 3067 ι
3320 3016 3467 3070 Ἀλλ’
3507 3016 3556 3068 0i
3596 3015 3686 3085 μὲν
3704 3013 3764 3065 ἐν

532 3102 618 3157 bis
652 3100 845 3156 faciem
884 3108 1043 3156 terrae
1062 3100 1165 3155 "‘ﬁ
1206 3120 1225 3154 ι
1260 3099 1464 3157 Verum
1500 3103 1593 3172 qui
1624 3104 1678 3156 in
1711 3113 1855 3157 terra
1891 3105 2096 3159 cecide-

2206 3105 2285 3176 τῇ
2320 3105 2577 3168 πεσόντες
2621 3104 3053 3161 ἀναϐιώσονται·
3087 3108 3123 3173 ἡ
3155 3106 3211 3159 δὲ
3252 3107 3328 3176 Tn"
3368 3106 3638 3162 πεσεῖται
3662 3101 3763 3156 τῶν

533 3192 668 3258 rint,
696 3192 1027 3247 reviviscent
1060 3210 1073 3247 :
1100 3193 1218 3263 ipsa
1242 3202 1421 3247 autem
1452 3195 1731 3263 impiorum
1756 3206 1895 3249 terra
1913 3195 2101 3261 cadet;

534 3287 679 3357 quod
714 3296 865 3341 certe
890 3284 1205 3342 Judatorum
1234 3294 1463 3353 terram,
1486 3303 1606 3358 quae
1634 3289 1686 3341 in
1713 3288 2015 3357 Christum,
2049 3298 2103 3344 et

535 3393 631 3434 eos
676 3379 768 3449 qui
814 3379 1061 3448 spiritum
1096 3378 1291 3434 salutis
1351 3379 1406 3433 in
1436 3388 1580 3435 terra
1610 3390 1938 3450 pepererunt,
1966 3395 2105 3437 conv

538 3470 828 3525 tumeliosa
864 3470 989 3533 fuit,
1025 3479 1247 3527 constat
1278 3472 1594 3540 pertulisse.

605 3560 769 3632 335
785 3560 949 3616 Vens.
975 3562 1068 3625 20,
1090 3560 1152 3614 2|
1167 3598 1182 3615 .
1218 3560 1380 3623 Vade,
1400 3564 1623 3631 papulas
1655 3579 1798 3617 meus
1820 3581 1839 3617 :
1866 3563 2105 3635 ingrede-

536 3669 593 3707 re
627 3654 683 3706 in
717 3652 1020 3707 cubiculum
1062 3662 1212 3706 tuum
1246 3668 1265 3706 :
1301 3654 1490 3709 claude
1525 3656 1720 3708 ostium
1752 3664 1899 3709 tuum
1931 3671 1949 3709 :
1983 3655 2101 3711 abs-

536 3745 760 3800 condere
779 3746 1057 3814 paululum
1078 3744 1614 3817 quantulumcunque,
1636 3746 1800 3803 donec
1826 3755 2103 3817 pertrans-

534 3848 619 3892 eat
641 3840 725 3891 ira
748 3838 982 3904 Domini,
1008 3845 1118 3893 etc.

607 3927 769 3999 335
816 3926 948 3983 Post
992 3928 1211 3983 allatam
1255 3928 1324 3983 de
1365 3936 1704 3984 mortuorum
1744 3928 2106 3986 suscitatione

536 4015 867 4082 doctrinam,
893 4031 1016 4071 cum
1046 4018 1101 4072 in
1126 4017 1269 4072 idem
1287 4028 1509 4074 sanctos
1529 4020 1783 4083 coivisse,
1806 4020 1974 4074 altera
2003 4033 2105 4073 au-

538 4118 651 4164 tem
674 4123 740 4163 ex
771 4116 926 4178 parte
949 4109 1086 4163 iram
1108 4109 1293 4165 animo
1318 4119 1635 4181 conceptam
1677 4111 1872 4181 impios
1898 4110 2105 4165 adoriri

538 4200 895 4270 propheticus
924 4200 1132 4257 videret
1162 4202 1429 4273 spiritus;
1463 4210 1690 4258 sanctos
1725 4204 1792 4258 ad
1828 4204 2103 4258 modicum

538 4298 753 4360 tempus
798 4289 1075 4358 secedere,
1107 4307 1177 4348 ne
1198 4300 1253 4347 et
1287 4292 1393 4363 ipsi
1427 4307 1617 4348 eorum
1648 4293 1870 4349 videant
1910 4293 2104 4349 interi-

540 4392 676 4446 tum,
732 4395 866 4436 voce
905 4381 1178 4437 hortatur.
1225 4383 1484 4455 intelligit
1522 4391 1702 4438 autem
1746 4381 2105 4438 cubiculorum

2207 3194 2462 3250 ἀσεϐῶν.
2496 3197 2563 3250 '0
2580 3196 2661 3251 δεῖ
2684 3196 2713 3237 δ
2737 3196 2930 3251 παθεῖν
2951 3199 3017 3267 τῇ
3041 3198 3151 3250 τῶν
3187 3197 3460 3251 Ἰουδαίων
3489 3194 3638 3266 χώρᾳ⁵
3657 3210 3760 3246 συν-

2207 3287 2327 3359 έ6η.
2357 3288 2801 3358 Πεπαρῳνήκασι
2832 3287 2943 3359 γὰρ
2985 3291 3065 3347 είς
3098 3288 3352 3359 Χριστὸν,
3380 3288 3481 3342 καὶ
3510 3287 3632 3350 τοὺς
3674 3282 3762 3350 τῆς

2208 3382 2509 3453 σωτηρίας
2533 3383 2820 3450 τεκόντας
2845 3379 3083 3453 πνεῦμα
3114 3380 3239 3447 τοῖς
3268 3379 3367 3435 ἐπὶ
3392 3379 3527 3452 τῆς.

2284 3567 2353 3624 κ’,
2375 3564 2484 3613 καν.
2504 3556 2732 3625 Βάδιζε,
2760 3558 2913 3626 λαός
2931 3572 3074 3628 μουο
3096 3557 3314 3611 ἔσελθε
3339 3557 3428 3623 είς
3458 3555 3525 3610 τὸ
3544 3552 3756 3624 ταμεῖόν

2210 3668 2349 3718 σου,
2399 3651 2775 3705 ἀπόκλεισον
2822 3649 2939 3718 τὴν
2974 3650 3162 3718 θύραν
3208 3664 3347 3704 σου.
3396 3645 3759 3714 Ἀποκρύὄηθι

2207 3741 2424 3812 μικρὸν
2455 3741 2606 3796 ὅσον
2635 3741 2809 3809 ὅσον,
2840 3740 2951 3809 ἕως
2972 3739 3048 3795 ἂν
3070 3739 3341 3809 παρέλθῃ
3386 3740 3427 3808 ἠ
3456 3734 3619 3812 ,ὀργὴ
3663 3736 3757 3788 Κν-

2203 3804 2362 3903 ρίοι),
2386 3852 2442 3888 κ.
2464 3850 2517 3888 τ.
2543 3832 2595 3889 λ.
2792 3804 2803 3809 ⁷
2926 3804 2941 3809 ⁷
3150 3804 3169 3809 ν
3311 3804 3339 3807 Π
3414 3804 3425 3808 ἡ
3456 3804 3485 3859 \

2282 3925 2439 3977 Μετά
2467 3922 2566 3994 τὴν
2593 3922 2939 3977 διδασκαλίαν
2970 3922 3068 3995 τῆς
3111 3922 3174 3976 ἐκ
3201 3918 3411 3986 νεκρῶν
3438 3915 3755 3975 ἀναστάσεως

2210 4016 2272 4070 τὸ
2300 4015 2517 4087 πνεῦμα
2541 4014 2601 4068 τδ
2622 4013 2965 4085 προφητικὸν
2987 4014 3129 4085 ὁρῶν
3151 4012 3277 4075 τοὺς
3300 4010 3492 4080 ἁγίους
3514 4008 3601 4063 ἐπὶ
3618 4005 3756 4060 ταύτὸ

2214 4107 2606 4177 συνηγμένους,
2629 4106 2729 4177 τήν
2763 4123 2822 4159 τε
2847 4104 3108 4158 ἐπιοῦσαν
3134 4101 3193 4168 ἐξ
3225 4104 3414 4174 ἑτέρου
3443 4103 3635 4172 μέρους
3662 4096 3757 4156 τοῖς

2213 4197 2439 4252 ἀσεϐέσι
2476 4197 2818 4265 κατανοῆσαν
2852 4194 3043 4266 ὀργὴν,
3099 4193 3413 4263 προσφωνεῖ
3458 4193 3568 4253 τοῖς
3605 4184 3755 4255 ἁγίοις

2212 4290 2515 4360 ἀναχωρεῖν
2545 4286 2681 4359 πρὸς
2713 4285 2910 4357 βραχὺ,
2953 4284 3088 4355 μηδὲ
3141 4284 3378 4355 Θεωροὺς
3411 4280 3654 4353 γενέσθαι
3674 4276 3755 4342 τῆς

2212 4378 2320 4431 τῶν
2352 4376 2567 4430 ἀσεϐῶν
2594 4374 2891 4438 ἀπωλείας.
2929 4372 3139 4442 Ταμεῖα
3170 4372 3226 4425 δὲ
3274 4372 3479 4437 αὐτῶν,
3509 4371 3565 4424 ai
3591 4364 3753 4421 πολλύ

539 4471 779 4536 nomine,
798 4474 1115 4529 mansiones
1137 4488 1255 4539 eas,
1274 4489 1397 4544 quae
1420 4474 1563 4545 apud
1588 4472 1805 4531 Patrem
1835 4475 2022 4529 multa:
2041 4476 2096 4527 ".

2215 4468 2369 4541 παρά
2402 4466 2481 4539 τῷ
2513 4466 2716 4537 Πατέρι
2746 4466 3073 4537 τυγχάνουσι
3127 4464 3287 4537 μοναὶ
3342 4464 3569 4526 δικαίως
3611 4460 3753 4558 ἅπασι

537 4562 771 4631 singulis
804 4577 905 4632 pro
952 4564 1135 4619 meriti
1162 4565 1373 4620 ratione
1411 4566 1628 4621 tributae
1667 4575 1837 4634 sunt;
1882 4566 1937 4621 in
1973 4582 2096 4637 quat

2208 4560 2603 4631 διαιρούμεναι,
2633 4558 2712 4621 είς
2736 4556 2804 4621 ἀς
2832 4555 3144 4621 εἰσελθὼν,
3178 4555 3338 4625 φησὶ,
3372 4553 3447 4625 μὴ
3494 4553 3751 4620 περιεργᾰο

540 4653 833 4722 ingressus,
867 4654 997 4725 quid
1026 4670 1193 4726 porro
1219 4670 1345 4712 cum
1378 4658 1563 4729 impiis
1596 4670 1811 4729 agatur,
1843 4674 1951 4714 non
1994 4660 2111 4714 val-

2211 4654 2305 4718 ζου
2333 4652 2406 4706 τά
2428 4653 2619 4723 πόρρω
2644 4652 2756 4713 τοῖς
2786 4647 3009 4703 ἀσεϐέσι
3038 4648 3322 4717 γινόμενα.
3354 4641 3752 4713 Παρελθούσης

538 4742 606 4796 de
648 4746 985 4812 curandum;
1031 4746 1133 4801 sed
1171 4763 1296 4803 cum
1340 4750 1425 4803 ira
1470 4750 1860 4818 pertransierit,
1904 4751 2096 4818 apertis

2208 4743 2266 4797 δὲ
2294 4744 2405 4812 τῆς
2456 4740 2658 4813 ὀργῆς,
2701 4740 3046 4803 ἀναπετάσας
3097 4738 3205 4791 τῶν
3233 4738 3342 4790 σῶν
3372 4735 3641 4806 ταμιείων
3663 4726 3749 4790 τὰς

541 4832 770 4889 cubiculi
794 4836 980 4903 jauuis
1016 4852 1215 4908 magna
1245 4853 1370 4893 cum
1402 4847 1667 4910 potestate
1700 4841 1768 4895 ad
1802 4840 1927 4897 novi
1959 4842 2096 4898 illius

2207 4834 2412 4901 θύρας,
2455 4832 2594 4902 μετά
2622 4829 2824 4900 πολλῆς
2852 4829 3099 4895 ἐξουσίας
3146 4827 3332 4897 πρόῖθι
3372 4826 3464 4879 τὸν
3504 4825 3616 4880 νέον
3648 4822 3749 4910 ino-

540 4922 747 4987 saeculi,
779 4926 1042 4995 regnique
1076 4941 1107 4980 a
1146 4926 1256 4982 Deo
1289 4909 1542 4997 promissi
1589 4931 2096 5001 contemplationem

2214 4924 2428 4979 πτεύων
2452 4923 2645 4989 αίῶνα,
2666 4922 2762 4976 καὶ
2786 4920 2884 4992 τὴν
2918 4920 3337 4991 ἐπηγγελμένην
3379 4935 3463 4971 σοι
3509 4909 3746 5001 βασιλείαν

542 5012 921 5083 prodeundum
980 5025 1187 5073 monet.
1238 5017 1379 5073 Sunt
1416 5029 1595 5076 tamen
1648 5021 1742 5090 qui
1778 4998 1972 5076 dicanti
2016 5022 2096 5077 De}

2214 5017 2308 5072 τοῦ
2334 5017 2492 5071 Θεοῦ.
2528 5015 2684 5079 Τινὲς
2711 5015 2768 5069 δέ
2792 5031 2978 5084 φασιν,
3006 5013 3083 5077 ὡς
3122 5012 3353 5083 ἐπείπερ
3386 5009 3611 5083 ἤμελλον
3637 5003 3678 5057 oi
3700 4998 3748 5052 τὸ

540 5119 834 5174 personam
862 5120 956 5162 eos
985 5108 1397 5165 demulcentem
1427 5110 1732 5178 introduci,
1752 5113 1845 5182 qui
1875 5113 2096 5167 salvato-

2218 5110 2487 5180 σωτήριον
2522 5106 2745 5177 πνεῦμα
2771 5108 2905 5160 πᾶσι
2938 5104 3399 5175 καταγγέλλοντες
3426 5105 3536 5166 τοῖς
3559 5098 3641 5152 ἐπὶ
3664 5092 3745 5162 γῆς

540 5211 655 5250 rem
715 5197 969 5266 spiritum
1021 5198 1237 5255 cunctis
1289 5187 1682 5257 annuntiantes
1734 5202 1996 5272 gravibus
2054 5202 2096 5256 ir

2217 5201 2410 5262 δεινοῖς
2434 5199 2756 5269 ἀνηκέστοις
2794 5197 2890 5250 καὶ
2929 5195 3146 5266 θανάτῳ
3190 5196 3527 5265 περιπεσεῖν,
3560 5187 3744 5243 τούτους

540 5298 708 5352 terra,
742 5289 1350 5362 immedicabilibusque
1380 5292 1562 5357 malis,
1594 5296 1866 5363 mortique
1888 5293 1990 5363 ipsi
2024 5292 2096 5347 fu-

2220 5289 2512 5360 ὲπαλεῖφον
2539 5288 2599 5342 τὺ
2621 5288 2715 5343 τοῦ
2744 5288 2879 5341 Θεοῦ
2921 5288 3209 5358 πρόσωπον
3228 5287 3571 5354 ὲπεισάγεται
3597 5278 3737 5344 λέγον·

544 5379 655 5434 turi
683 5387 842 5435 erant
876 5380 1125 5447 obnoxii,
1156 5398 1457 5455 omnesque
1480 5384 1646 5441 unius
1681 5385 1906 5440 nomine
1927 5383 2096 5439 verbis

2208 5383 2465 5437 Εἰσελθε
2520 5383 2609 5448 είς
2651 5379 2722 5435 τὰ
2775 5378 2985 5451 musici
3037 5396 3177 5446 σου,
3212 5378 3282 5431 τά
3317 5376 3572 5450 μνήματά
3616 5382 3738 5441 φασιν

614 5529 661 5561 ’⁸
700 5530 897 5587 Ezcclt.
939 5535 1120 5596 Lvu,i
1160 5550 1313 5605 seqq.
1388 5536 1430 5565 "
1456 5533 1622 5591 Hebr.
1648 5552 1708 5601 ιι,
1749 5536 1803 5592 9.
1878 5538 1920 5568 "
1954 5536 1969 5589 I
1999 5533 2127 5589 Cor.
2155 5552 2246 5601 xv,
2279 5535 2370 5590 ευ.
2446 5537 2526 5569 ⁸³*
2554 5537 2699 5593 t‘sal.
2728 5551 2845 5599 CIII,
2868 5534 2955 5601 29,
2988 5534 3079 5589 50.
3154 5533 3198 5565 "
3221 5530 3382 5588 JOuD.
3408 5547 3517 5594 stv,
3545 5526 3593 5581 ἰ.

1813 5650 2042 5708 VAle
2082 5650 2463 5709 LECTIONES

617 5747 645 5777 ι
677 5740 1213 5811 γρ.παραδείγμασι.
1295 5742 1322 5781 ι’
1359 5759 1445 5811 γγ).
1485 5740 1569 5812 δὴ.
