4020 6372
272 270 411 334 2329

1388 272 1920 338 COMMENTARII
1963 275 2047 337 IN
2090 244 2375 337 IsAIAM.

3365 275 3508 340 2230

266 388 401 441 τάπὶ
428 386 535 457 γῆς
554 385 815 458 εὐφήμως
840 386 985 442 οὕτω
1006 386 1209 453 καλῶν,
1235 391 1630 462 παραγγέλλων
1660 394 1719 445 ὲν
1739 392 1839 463 ίσῳ

1942 389 2098 456 istis,
2132 387 2405 460 ingredere
2431 387 2485 441 in
2518 386 2765 443 cubicula
2787 395 2901 451 tua,
2934 385 3287 456 compellare,
3323 392 3510 458 sepul-

264 478 376 539 τοις
408 476 917 547 ἀποκρυπτομένοις
938 477 1286 532 ἀποκλείειν
1322 479 1427 545 τὰς
1452 481 1640 549 θύρας
1662 481 1839 551 μέχρι

263 567 530 637 παρέλθῃ
556 567 595 637 ἠ
627 566 773 638 ὀργὴ
798 569 1039 638 Κυρίου.
1065 569 1267 641 Εῐρητο
1288 571 1385 642 μὲν
1403 570 1513 643 γὰρ
1533 574 1611 644 τῷ
1642 574 1837 645 Ἀδάμ·

270 677 287 708 ι
318 658 397 727 Γῆ
426 653 499 721 εἳ,
533 657 627 712 καὶ
654 660 736 720 είς
768 657 874 727 γῆν
902 658 1203 730 ἀπελεύση.
1252 678 1272 711 ι
1312 660 1622 733 Δυθήσεται
1653 662 1710 717 δὲ
1738 664 1839 735 τῆς

262 748 326 801 ὲκ
357 747 608 819 κατάρας
636 749 845 821 φθορᾶς
883 750 941 803 ὲν
968 752 1035 821 τῇ
1062 750 1343 824 συντελείᾳ
1391 753 1837 825 καταργουμένου

261 842 515 896 θανάτου.
543 844 614 896 Συ
623 842 906 914 μσουλεύει
927 844 1107 899 τοίνυν
1128 846 1459 916 ἀνασχέσθαι
1485 847 1580 901 τοῦ
1606 848 1838 903 θανάτου

254 931 431 1003 μέχρι
452 933 745 1004 παρέλθῃ,
767 934 872 989 κάν
895 936 1387 1007 μυπαγωγοῦντας
1421 938 1664 1011 συμϐαίη
1682 939 1840 994 τοῦτο

260 1024 457 1078 παθεῖν
484 1024 621 1096 πρὸς
647 1026 760 1078 τῶν
788 1026 1092 1096 μισούντων
1128 1027 1226 1098 τὴν
1247 1027 1339 1080 ὕπ’
1366 1027 1545 1082 αὐτῶν
1571 1044 1840 1100 κηρυττο-

261 1119 433 1186 μένην
472 1117 752 1188 ἀλήθειαν.
807 1117 1050 1183 Ἐπάξει
1078 1120 1188 1190 γὰρ
1234 1120 1418 1183 αὐτοῖς
1447 1120 1518 1185 ἐξ
1539 1123 1710 1191 ἁγίου
1740 1121 1840 1192 τὴν

258 1210 578 1281 πρέπουσαν
624 1210 812 1281 ὀργὴν
860 1214 894 1267 δ
936 1212 1099 1278 Θεός.
1152 1213 1226 1265 Τδ
1258 1212 1336 1277 δὲ,
1371 1214 1515 1279 Θεὸς
1546 1214 1618 1279 ἐξ
1644 1215 1839 1283 ἁγίου.

258 1302 445 1373 ὅμοιον
469 1303 564 1374 τῷο
592 1322 609 1355 ι
640 1303 867 1375 Ἐὗρεξε
885 1303 1088 1375 Κύριος
1116 1302 1265 1375 παρά
1284 1304 1487 1375 Κυρίου
1514 1304 1608 1358 ἐπὶ
1631 1305 1840 1375 Σόδομα

258 1394 397 1467 πῦρ,
421 1396 515 1450 καὶ
546 1394 711 1461 θεῖον,
743 1414 762 1446 ι
798 1395 826 1446 ὁ
852 1396 980 1459 Υἱὸς
1013 1396 1121 1450 ἀπδ
1151 1395 1245 1449 τοῦ
1271 1396 1553 1468 Πατέρος··
1589 1416 1609 1450 ι
1650 1397 1715 1450 '0
1731 1397 1839 1469 γὰρ

258 1486 474 1557 Πατήρ,
506 1488 661 1556 φησὶ,
688 1486 864 1558 κρίνει
894 1487 1104 1553 οὐδένα,
1132 1488 1269 1542 ἀλλά
1292 1488 1393 1557 τήν
1434 1489 1615 1560 κρίσιν
1658 1490 1840 1545 πᾶσαν

255 1577 494 1631 δέδωκεν
536 1579 614 1650 τῷ
652 1579 786 1650 Υίῷ.
828 1599 847 1633 ι
903 1579 1015 1647 Τῆς
1060 1575 1155 1635 οὖν
1184 1588 1189 1591 ’
1214 1580 1399 1650 ὀργῆς
1463 1581 1839 1653 ἐπαγομένης

256 1669 405 1724 κατά
443 1671 551 1725 τῶν
599 1673 715 1736 τοῖς
768 1672 1126 1744 ἡγιασμένοις
1178 1674 1595 1742 ὲπενεγκάντων
1650 1677 1841 1746 χεῖρας

1939 493 2031 534 cra
2058 478 2278 543 deinde,
2307 492 2430 549 quae
2456 476 2512 535 in
2542 487 2688 534 terra
2718 485 2870 546 sunt,
2892 478 2970 534 ita
3001 478 3199 536 leniter
3224 481 3511 550 appellan-

1939 570 2032 633 do,
2068 584 2166 640 per
2193 569 2446 625 cubicula
2496 569 2830 641 significare,
2875 579 2930 625 et
2977 570 3059 625 eis
3091 584 3160 626 ex
3205 586 3385 642 aequo,
3415 570 3513 641 qui

1938 662 2307 726 occultantur,
2357 669 2417 717 ut
2437 668 2667 717 eatenus
2705 662 2845 716 ostia
2885 660 3161 727 claudant,
3188 665 3352 717 donec
3396 678 3515 731 per-

1938 761 2179 807 transeat
2211 752 2297 807 ira
2334 750 2570 817 Domini,
2612 752 2931 821 pracipere.
2979 751 3197 807 Dictum
3236 753 3383 808 enim
3426 762 3514 809 est

1937 845 2151 899 Adamo
2187 863 2208 898 ι
2252 862 2268 900 :
2302 844 2473 900 Terra
2502 859 2583 909 es,
2612 852 2675 900 et
2708 846 2761 900 in
2803 845 2970 916 336
3017 854 3219 900 terram
3265 854 3512 901 reverte-

1940 938 2019 994 ris
2058 938 2125 995 “.
2166 957 2186 992 ι
2232 936 2340 993 Sed
2385 953 2449 993 ea
2494 946 2608 993 tum
2646 938 2863 993 demum
2917 939 3293 1009 corruptione,
3345 954 3513 1009 quam

1940 1029 2128 1085 intulit
2158 1029 2490 1095 maledictio,
2525 1030 2875 1093 liberabitur,
2907 1044 3034 1085 cum
3069 1031 3124 1086 in
3156 1046 3513 1086 consumma-

1939 1123 2112 1188 tione,
2142 1123 2348 1179 mortis-
2370 1124 2515 1178 vires
2542 1121 3126 1192 esstinctmjacebuut.
3162 1122 3366 1179 Suadct
3384 1138 3515 1193 ergo

1940 1225 2170 1271 mortem
2239 1217 2478 1272 tolerare
2518 1216 2683 1270 donec
2731 1224 3109 1284 pertranseat,
3159 1215 3514 1285 quantumvis

1941 1323 2268 1364 arcanorum
2312 1309 2565 1364 doctores
2608 1307 2660 1362 id
2694 1308 2805 1378 pati
2841 1308 2910 1361 ab
2939 1307 3021 1362 eis
3050 1307 3362 1376 contingat,
3392 1306 3515 1376 qui-

1940 1400 2045 1457 bus
2081 1415 2249 1457 exosa
2272 1400 2479 1455 veritas
2514 1399 2902 1453 annuntiatur.
2935 1395 3159 1453 lnducet
3182 1398 3328 1455 enim
3358 1412 3516 1466 super

1922 1507 2027 1555 eos
2056 1492 2304 1546 meritam
2333 1492 2472 1545 iram
2502 1490 2566 1544 de
2588 1500 2777 1545 sancto
2815 1488 3099 1544 Dominus.
3127 1487 3325 1544 Verum
3364 1487 3513 1559 quod

1943 1580 2031 1635 hic
2080 1580 2145 1635 de
2192 1590 2377 1634 sancto
2411 1579 2667 1634 Dominus
2716 1580 2941 1643 dicitur,
2990 1578 3038 1633 ei
3085 1577 3358 1633 dissimile
3404 1594 3514 1633 non

1940 1681 2048 1736 est,
2103 1673 2156 1727 in
2188 1687 2299 1743 quo
2342 1672 2574 1727 habetur
2626 1690 2642 1727 :
2692 1671 2841 1726 Pluit
2890 1669 3158 1726 Dominus
3202 1685 3232 1724 a
3285 1669 3517 1725 Domino

255 1762 513 1831 φονικὰς,
547 1764 619 1818 οὑ
649 1765 1016 1834 κατακρύψει
1045 1764 1185 1831 τοὺς
1208 1765 1629 1833 ἀνῃρημένους
1667 1768 1707 1836 ἠ
1737 1766 1836 1837 γῆ.

1942 1770 2117 1837 ignem
2145 1767 2198 1820 in
2242 1764 2560 1829 Sodomam,
2592 1772 2647 1819 et
2672 1765 2908 1833 sulphur
2938 1765 2983 1796 "‘
3020 1781 3041 1817 ι
3073 1762 3246 1818 Filius
3277 1778 3307 1817 a
3332 1761 3513 1817 Patre.

257 1856 423 1911 Τοῦτ’
456 1858 593 1923 ἐστι,
624 1857 732 1911 Τοῦ
767 1857 901 1912 Θεοῦ
924 1860 1024 1930 τὴν
1055 1859 1236 1930 κρίσιν
1284 1859 1434 1914 οὐδὲν
1471 1859 1839 1929 διαφεύξεται,

255 1946 372 2001 τῶν
391 1947 561 2015 ἁγίων
594 1949 886 2020 μαρτύρων
920 1950 977 2004 ὲν
1004 1950 1193 2027 μνήμῃ
1224 1952 1493 2021 κειμένων
1520 1951 1705 2006 αὐτοῦ,
1730 1953 1841 2006 Καὶ

254 2036 467 2114 Μωσῆς
500 2038 609 2115 γὰρ
630 2045 755 2115 ἔφη,
786 2047 860 2099 Τὸ
892 2042 1030 2118 αἷμα
1052 2048 1160 2101 τῶν
1187 2042 1315 2101 υἱῶν
1348 2040 1514 2101 αὐτοῦ
1541 2056 1590 2097 ο.
1634 2043 1842 2111 Ἥγουν

252 2134 395 2204 φησι
426 2136 631 2205 μηδένα
663 2136 846 2191 λαθεῖν
871 2138 976 2193 τῶν
1016 2140 1074 2191 ὲν
1107 2142 1173 2211 τῇ
1225 2143 1296 2211 γῇ
1337 2139 1507 2194 πάλαι
1536 2142 1638 2205 τὰς
1661 2135 1842 2211 ψυχὰς

250 2227 621 2299 ἀνῃρημένων
667 2229 757 2283 διὰ
806 2230 915 2285 τῶν
972 2231 1108 2302 πρὸς
1134 2232 1366 2287 θάνατον
1393 2234 1837 2305 ἁμαρτημάτων,

247 2318 431 2387 ὀργῆς
452 2319 539 2373 ἐπ’
563 2321 759 2385 αὐτοὺς
780 2323 1087 2395 φερομένης
1110 2324 1310 2398 δηλαδὴ
1333 2324 1440 2379 τῶν
1462 2325 1519 2378 ὲν
1540 2327 1661 2390 ταῖς
1682 2326 1842 2380 κολά-

252 2426 379 2462 σεσι
406 2410 839 2482 διακονουμένων
866 2412 1137 2481 ἀγγέλων,
1173 2416 1317 2469 κατά
1345 2416 1406 2468 τὸ
1438 2414 1603 2485 ῥηθὲν
1632 2416 1719 2468 ἐπ’
1746 2416 1841 2469 Δί-

248 2502 505 2571 γυπτίων
524 2518 538 2533 ⁸
575 2520 595 2555 ι
640 2503 984 2557 Ἀπέστειλεν
1014 2504 1100 2559 ἐπ’
1132 2504 1326 2570 αὐτοὺς
1350 2505 1519 2578 ὀργὴν
1548 2509 1643 2560 καὶ
1671 2505 1841 2575 θυμὸν

250 2593 355 2645 καὶ
384 2590 563 2662 θλίψιν
617 2594 920 2665 ἀποστολήν
950 2594 1019 2648 δι’
1073 2596 1320 2665 ἀγγέλων
1354 2597 1629 2669 πονηρῶν.
1657 2616 1677 2649 ι
1721 2597 1833 2651 Καὶ

251 2681 467 2751 ἑκάστη
488 2682 543 2736 δὲ
559 2681 705 2754 ψυχὴ
725 2684 932 2756 γεώδης
948 2685 1043 2739 καὶ
1072 2685 1470 2757 φιλοσώματος,
1498 2688 1571 2741 τὰ
1591 2688 1832 2756 αἵματα,

244 2771 403 2827 τοῦτ’
431 2774 547 2829 ἐστι
583 2776 652 2830 τά
704 2776 841 2848 πρὸς
887 2778 1119 2833 θάνατον
1152 2778 1335 2851 ἑαυτῇ,
1372 2779 1836 2853 πλημμεληθέντα

248 2867 725 2940 ἐξομολογουμένη
761 2869 979 2935 πάντως
1010 2871 1450 2941 ἀποκαλύψειε.

1947 1880 1965 1913 ι
2008 1859 2194 1929 Neque
2231 1859 2377 1914 enim
2415 1857 2598 1920 Pater;
2634 1858 2732 1921 ait,
2776 1857 2989 1927 judicat
3030 1871 3387 1928 quemquam,
3419 1855 3513 1910 sed

1936 1952 2205 2025 judicium
2231 1966 2396 2006 omne
2421 1949 2571 2006 dedit
2599 1949 2738 2005 Filio
2773 1950 2842 2005 ".
2879 1967 2898 2002 ι
2926 1949 3065 2004 Cum
3094 1949 3235 2003 iram
3265 1948 3433 2020 igitur
3452 1948 3514 2001 in

1942 2058 2038 2100 eos
2086 2042 2379 2098 exseruerit
2411 2058 2429 2097 :
2458 2041 2552 2112 qui
2601 2042 2821 2111 piorum
2857 2039 3128 2109 sanguine
3160 2052 3360 2093 manus
3409 2036 3515 2093 sibi

1941 2136 2409 2200 contaminarunt,
2444 2151 2548 2189 non
2576 2133 2859 2188 abscondet
2885 2132 3193 2202 interfectos
3223 2140 3365 2187 terra
3406 2148 3425 2185 .'
3459 2131 3513 2186 id

1938 2241 2044 2298 est,
2069 2233 2205 2288 nihil
2234 2228 2325 2288 Dei
2346 2226 2615 2301 judicium
2637 2224 2878 2302 effugiet,
2902 2224 2993 2299 qui
3017 2231 3337 2283 sanctorum
3365 2237 3514 2299 niar~

1937 2331 2117 2395 tyrum
2158 2338 2438 2391 nunquam
2477 2323 2846 2388 obliviscitur,
2892 2321 3329 2391 sauguinemque
3376 2321 3515 2374 lilio-

1936 2430 2056 2469 rum
2090 2429 2338 2477 suorum,
2388 2413 2535 2469 Mose
2582 2422 2722 2470 teste
2764 2415 2833 2480 ⁸⁷,
2876 2413 3197 2469 ulciscatur.
3230 2411 3327 2467 νει
3366 2420 3514 2467 certe

1936 2521 2127 2562 eorum
2171 2507 2444 2562 neminem
2495 2508 2668 2563 latere
2720 2523 2886 2577 posse
2929 2507 3226 2576 signiﬁcat,
3259 2506 3349 2574 qui
3381 2520 3514 2559 suas

1937 2600 2212 2671 quondam
2259 2601 2315 2654 in
2354 2601 2518 2655 terris
2558 2601 2774 2656 animas
2800 2600 3041 2669 peccatis
3063 2598 3128 2653 ad
3163 2607 3392 2653 mortem
3432 2596 3515 2650 iu-

1940 2691 2312 2756 tcrfecerunt;
2352 2704 2478 2745 cum
2504 2706 2643 2746 iram
2677 2690 2731 2745 iu
2756 2705 2853 2747 eos
2884 2705 3161 2753 exserere,
3195 2700 3250 2743 et
3294 2688 3515 2758 angelo-

1941 2797 2063 2837 rum
2095 2781 2405 2837 ministerio
2447 2782 2515 2837 ad
2555 2782 2932 2836 ulciscendum
2974 2781 3050 2836 uti
3083 2780 3313 2835 Domino
3342 2780 3517 2848 place-

1942 2874 2046 2942 bit,
2084 2874 2247 2945 quale
2292 2873 2426 2928 illud
2469 2883 2555 2929 est
2599 2874 2653 2928 in
2681 2876 2968 2945 Egyptios
2994 2872 3201 2927 dictum
3238 2889 3254 2926 :
3285 2871 3430 2924 Misit
3459 2869 3513 2921 in

249 2961 410 3031 ipsos
449 2964 609 3028 iram,
634 2970 689 3018 et
722 2963 986 3029 furorem,
1027 2972 1083 3019 et
1136 2964 1504 3029 alllictionem,
1540 2965 1913 3022 immissiones
1939 2982 2035 3038 per
2062 2966 2284 3038 angelos
2344 2967 2519 3023 malos
2553 2967 2621 3022 ’⁸.
2661 2985 2679 3019 ι
2752 2968 2949 3020 Anima
3008 2973 3270 3035 praeterea
3328 2962 3518 3034 quaeli-

251 3057 371 3121 bet,
405 3072 529 3124 quae
568 3072 627 3112 se
656 3058 889 3113 terrenis
929 3057 1288 3128 corporisque
1308 3058 1687 3129 voluptatibus
1710 3060 2017 3125 oblectarit,
2056 3059 2101 3115 si
2133 3059 2447 3130 sanguinem
2478 3075 2653 3128 suum,
2696 3061 2747 3114 id
2789 3068 2896 3124 est,
2955 3074 3077 3130 qua:
3138 3065 3313 3112 morte
3352 3057 3515 3126 digna

252 3150 531 3219 peccavit,
572 3150 921 3215 conﬁteatur,
959 3150 1194 3205 revelare
1239 3150 1425 3219 procul
1469 3149 1637 3205 dubio
1677 3150 1912 3208 dicatur.

326 3239 489 3303 Τινὲς
517 3239 576 3292 δὲ
603 3238 779 3304 οὕτως
807 3239 1162 3311 ἐξηγήσαντο·
1202 3241 1349 3311 Πρὸς
1379 3240 1447 3294 τά
1478 3242 1536 3294 ἐν
1568 3239 1713 3311 ψυχῇ
1749 3258 1835 3294 κε-

2012 3239 2118 3294 Alii
2156 3248 2340 3294 tamen
2374 3240 2447 3294 ita
2478 3241 2794 3312 explicant;
2826 3250 2884 3295 ut
2923 3240 2991 3296 ad
3032 3254 3127 3296 eas
3162 3239 3353 3303 velint,
3392 3256 3516 3309 quae

249 3331 554 3403 κρυμμένα
599 3332 879 3403 κινήματα
940 3333 1073 3398 Θεὸς
1117 3333 1543 3405 ὲφαρμόττεται.
1613 3333 1833 3405 Ἐπειδὴ

1942 3334 2117 3389 latent
2145 3334 2199 3387 in
2242 3333 2446 3401 animo,
2472 3335 2832 3404 cogitationes
2866 3337 3034 3390 Deum
3066 3348 3186 3389 sese
3209 3347 3520 3387 accommo-

250 3425 387 3495 γὰρ,
402 3423 535 3477 ποτὲ
566 3424 663 3494 μὲν
681 3424 915 3495 ἠπείλει,
947 3426 1081 3479 ποτὲ
1108 3424 1166 3479 δὲ
1185 3426 1429 3495 χρηστὰς
1451 3424 1671 3488 ἐλπίδας
1699 3441 1837 3495 παρ-

252 3516 459 3586 είχετο,
495 3516 555 3580 ἐξ
592 3508 667 3570 ὧν
700 3515 1078 3588 ἐθορυϐοῦντο,
1116 3518 1191 3589 μὴ
1222 3517 1422 3581 εἰδότες
1452 3516 1481 3571 ὃ
1520 3516 1835 3588 πράξουσιν,

250 3611 487 3673 εἰκότως
513 3609 848 3681 ἐπιστροφὴν
868 3612 935 3680 τῇ
962 3609 1107 3680 ψυχῇ
1126 3608 1513 3680 ἐργαζόμενος,
1534 3611 1733 3681 χωρεῖν
1754 3609 1833 3671 είς

248 3700 453 3773 ἑαυτὴν
476 3701 711 3769 κελεύει,
733 3702 868 3774 ἔργα
879 3719 938 3756 τε
961 3702 1361 3756 ἐποπτεύειντά
1375 3702 1502 3766 ἴδια,
1516 3703 1576 3755 ού
1600 3701 1838 3773 μεταδα-

248 3795 382 3865 τικῇ
426 3795 660 3862 κινήσει,
694 3796 760 3864 τῇ
786 3793 840 3846 δὲ
863 3793 973 3847 τῶν
1006 3793 1281 3863 λογισμῶν
1305 3794 1587 3864 ἀνακρίσει
1610 3810 1836 3865 πορευο-

252 3887 456 3954 μένων,
490 3888 566 3950 ὼς
597 3888 665 3940 ἂν
702 3885 1117 3956 προφθάσαντες
1147 3885 1240 3937 τὸν
1277 3885 1585 3956 μηνυθέντα
1615 3884 1833 3958 κριτὴν,

249 3980 355 4033 εἴτι
381 3978 485 4048 μὲν
518 3978 778 4050 πονηρὸν,
810 3977 886 4042 ὡς
934 3977 1065 4050 ὓλην
1096 3977 1340 4047 ὑπάρχον
1385 3976 1555 4049 πυρὸς
1590 3978 1835 4049 δαπανή-

252 4086 415 4135 σωσι,
447 4069 765 4139 φυλάττοιεν
790 4068 850 4122 δὲ
872 4067 941 4121 τά
975 4065 1190 4138 χρηστὰ
1234 4065 1393 4136 δίκην
1437 4065 1662 4138 χρυσίου
1691 4066 1836 4119 δοκι-

254 4161 563 4232 μαζόμενα.
604 4158 839 4230 Ὁμοίως
866 4158 963 4213 καὶ
992 4160 1022 4212 ὁ
1049 4157 1239 4230 Σωτὴρ
1268 4158 1705 4229 παρακελεύεται
1727 4158 1834 4212 τοῦ

250 4254 520 4321 ταμιείου
548 4250 747 4305 κλείειν
778 4251 874 4315 ιάς
906 4249 1077 4322 θύρας
1102 4248 1238 4320 ὁμοῦ
1277 4249 1376 4319 μὲν
1418 4251 1517 4313 τὰς
1544 4246 1831 4321 αἰσθητάς,

250 4345 390 4414 ὁμοῦ
411 4346 471 4399 δὲ
504 4344 774 4398 παιδεύων
801 4345 901 4414 τῆς
945 4343 1055 4397 τῶν
1082 4343 1355 4413 περιττῶν
1393 4340 1834 4398 ἀπαλλάττεσθαι

253 4437 655 4509 προσπαθείας,
680 4435 755 4499 ὡς
781 4435 847 4489 ἀν
869 4436 1009 4506 ὀρῶν
1033 4435 1162 4501 Θεὸς
1195 4434 1560 4506 σχολάζουσαν
1591 4434 1691 4504 τήν
1716 4433 1834 4488 διά-

250 4546 427 4594 νοιαν,
458 4527 535 4592 ὡς
580 4530 660 4591 είς
700 4526 943 4599 καθαρόν
985 4543 1111 4581 τινα
1158 4526 1363 4581 πίνακα
1410 4525 1478 4578 τά
1506 4525 1615 4579 ἴδια
1644 4524 1834 4597 γράφῃ

1938 3425 2093 3481 dare.
2140 3424 2596 3496 Quandoquidem
2633 3427 2779 3480 enim
2819 3425 2998 3481 minas
3042 3425 3153 3479 illis
3197 3425 3516 3495 aliquando,

1939 3518 2235 3589 aliquando
2289 3520 2453 3574 etiam
2504 3519 2702 3574 bonam
2742 3533 2895 3590 spem
2941 3518 3085 3574 Deus
3133 3518 3513 3589 proponebat;

1940 3609 2083 3664 unde
2108 3625 2350 3679 persaepe
2374 3610 2502 3679 quid
2534 3619 2760 3681 agerent
2786 3609 2993 3680 ignaris
3029 3610 3352 3664 tumultuari
3383 3624 3516 3665 con-

1940 3700 2183 3770 tingebat
2212 3719 2226 3769 ;
2272 3703 2473 3757 merito
2500 3703 2609 3773 jam
2641 3703 3062 3757 conversionem
3100 3703 3297 3757 anima:
3322 3717 3517 3772 opera-
3578 3761 3587 3769 ,ν

1939 3800 2048 3860 lus,
2088 3794 2141 3849 in
2182 3811 2242 3851 se
2286 3795 2643 3860 descendere,
2682 3806 2735 3851 et
2775 3812 2874 3851 sua
2921 3810 3088 3867 opera
3131 3795 3515 3866 contemplari,

1938 3900 2123 3954 neque
2157 3887 2299 3941 ullos
2328 3887 2563 3942 rationis
2602 3899 2783 3944 motus
2806 3887 3109 3959 praeterire,
3137 3885 3233 3942 sed
3265 3886 3337 3941 ita
3365 3886 3512 3956 diju-

1938 3980 2134 4035 dicatis
2167 3981 2399 4051 singulis
2429 3979 2746 4052 procedere,
2784 3980 2943 4035 utvel
2977 3980 3104 4034 irati
3140 3978 3343 4050 judicis
3377 3994 3515 4049 prm-

1937 4085 2203 4143 occupato
2230 4074 2438 4138 animo,
2484 4074 2530 4129 si
2568 4073 2696 4127 mali
2731 4073 2863 4144 quid
2909 4072 3060 4136 insit,
3092 4079 3352 4142 tanquam
3389 4073 3513 4141 igne

1938 4163 2106 4234 ligna,
2151 4170 2542 4231 consumatur;
2580 4164 2720 4217 bona
2765 4171 2968 4227 autem,
3001 4175 3110 4215 non
3143 4161 3309 4214 aliter
3346 4174 3511 4229 quam

1937 4268 2131 4307 aurum
2171 4254 2487 4324 probatum,
2534 4252 2938 4306 custodiantur.
2983 4240 3184 4305 Eadem
3220 4249 3381 4319 plane
3418 4262 3513 4301 ra-

1936 4344 2084 4400 tione
2123 4352 2179 4407 et
2217 4345 2474 4399 Salvator
2513 4344 2631 4413 ipse
2670 4343 2903 4397 cubiculi
2927 4341 3129 4412 januas
3161 4342 3357 4412 partim
3389 4342 3513 4409 qui-

1936 4435 2058 4491 dem
2101 4434 2285 4491 sensui
2324 4436 2568 4507 olijectas
2602 4435 2767 4506 337
2801 4434 3076 4498 claudere,
3107 4433 3303 4503 partim
3344 4432 3510 4486 etiam

1937 4541 2121 4583 rerum
2163 4526 2561 4597 superﬂuarum
2601 4527 2832 4581 aliectus
2882 4531 3170 4595 amputare
3212 4522 3508 4594 praecepit;

252 4620 625 4692 βουλεύματα.
659 4618 846 4681 Οὕτως
877 4618 1182 4682 ὲννοοῦντος
1230 4617 1498 4689 Ἰερεμίου
1530 4617 1598 4671 τά
1636 4618 1833 4686 Ἡσαΐᾳ

1941 4626 2002 4674 ut
2039 4619 2396 4689 tranquillum
2427 4618 2671 4672 animum
2712 4616 2856 4672 Deus
2896 4616 3150 4679 intuitus,
3188 4616 3243 4669 in
3273 4628 3359 4679 eo,
3391 4624 3482 4668 tau

254 4713 572 4783 προφήταις
622 4728 682 4764 τε
738 4711 946 4774 λοιποῖς
994 4710 1315 4782 πραχθέντα
1354 4709 1505 4781 παρά
1549 4709 1658 4764 τῶν
1700 4710 1838 4763 Ἰου-

249 4801 448 4864 δαίων,
500 4800 597 4855 καὶ
647 4800 1059 4872 προσδοκῶντος
1112 4800 1402 4852 πείσεσθαι
1452 4800 1694 4871 χείρονα,
1743 4799 1839 4854 καὶ

253 4892 357 4959 τῆς
401 4890 539 4953 ίδίας
567 4891 802 4961 κρείττω
824 4890 1130 4962 δυνάμεως,
1162 4890 1300 4961 πρὸς
1329 4890 1500 4944 ταῦτα
1534 4891 1632 4961 τῆς
1659 4889 1839 4963 ψυχῆς

250 4981 423 5035 αὐτοῦ
462 4982 531 5035 τὰ
561 4984 840 5053 κινήματά
893 4999 1060 5054 φησιν
1096 4982 1125 5035 ὁ
1174 4981 1306 5046 Θεός
1331 4999 1344 5013 ·
1377 4986 1423 5046 ει
1460 4982 1837 5055 Πολεμήσουσί

259 5090 347 5137 σε,
372 5073 468 5126 καλ⁸
503 5074 564 5127 οὐ
608 5074 683 5146 μὴ
711 5074 973 5129 δύνωνται
1000 5075 1137 5148 πρὸς
1175 5075 1255 5129 σέ.
1287 5093 1305 5125 ι
1342 5075 1486 5129 Διότι
1515 5076 1655 5146 μετά
1677 5075 1770 5129 τοῦ
1806 5075 1834 5116 ἀ

258 5165 376 5234 ἐγώ
408 5168 527 5237 εἰμι
558 5165 652 5220 τοῦ
686 5166 1017 5239 ἐξαιρεῖσθαι
1053 5183 1134 5232 σε,
1158 5165 1308 5235 λέγει
1350 5166 1574 5238 Κύριος.
1619 5166 1837 5237 Ὀργὴν

259 5259 332 5312 δὲ
359 5259 742 5329 ἐπαγομένην
758 5260 875 5315 ἀπὸ
907 5260 1148 5329 Κυρίου,
1180 5259 1244 5312 οὺ
1276 5259 1373 5330 τὴν
1406 5262 1471 5313 ὲκ
1502 5258 1674 5330 θυμοῦ
1705 5260 1838 5330 φησι

258 5351 472 5421 τροπὴν
504 5351 732 5423 (ἀπαθὲς
763 5351 871 5423 γὰρ
900 5350 962 5404 τὸ
994 5350 1160 5423 θεῖον)
1190 5349 1291 5422 τὴν
1338 5349 1397 5405 δὲ
1443 5351 1581 5423 πρὸς
1607 5350 1674 5405 τὰ
1706 5351 1837 5423 παρ’

335 5472 383 5503 ⁸⁵
406 5471 544 5527 Gen.
585 5486 670 5538 Ill,
709 5473 798 5531 l9.
871 5476 918 5507 ⁸⁸
942 5474 1079 5530 ch.
1105 5490 1220 5540 χιι,
1246 5475 1338 5530 2i.
1413 5477 1460 5509 "
1481 5473 1638 5532 Joan.
1664 5493 1718 5540 ν,
1756 5478 1850 5532 9.9..

265 5557 304 5608 t,
338 5544 429 5598 i9.

1936 4724 2101 4782 quam
2144 4709 2198 4763 in
2235 4724 2383 4774 rasa,
2419 4708 2778 4778 nondumque
2823 4708 3111 4777 inquinata
3161 4705 3369 4773 tabula,
3413 4720 3510 4761 sua

1936 4796 2056 4867 ipse
2110 4796 2342 4852 consilia
2385 4795 2663 4865 depingat.
2712 4793 2805 4850 Sic
2853 4806 2908 4850 et
2944 4793 3198 4850 Jeremiae
3247 4794 3511 4864 cogitanti

1936 4911 2059 4967 quze
2090 4909 2213 4950 cum
2253 4894 2392 4950 Isaia
2444 4888 3106 4963 reliquisque'pmphclis
3147 4905 3247 4962 per
3292 4889 3512 4944 Judaaos

1937 4995 2059 5042 acta
2087 4992 2289 5054 essent,
2315 4985 2472 5054 quasi
2503 4983 2754 5054 graviora
2780 4993 2833 5038 et
2850 4983 3058 5037 viribus
3081 4996 3272 5037 eorum
3303 4980 3512 5049 majora

1941 5094 2208 5150 passuros
2242 5077 2606 5139 existimaret,
2637 5075 2704 5130 ad
2738 5075 3011 5145 ejusmodi
3043 5074 3406 5145 cogitationes
3435 5073 3514 5126 sic

1946 5168 2239 5240 respondet
2264 5167 2411 5223 Deus
2439 5187 2452 5224 :
2496 5187 2515 5221 ι
2552 5167 2702 5223 Bello
2734 5178 2785 5222 te
2808 5166 3024 5237 quidem
3059 5165 3395 5229 adorientur,
3421 5164 3513 5217 sed

1946 5264 2001 5317 in
2038 5271 2091 5318 te
2142 5263 2280 5317 nihil
2312 5270 2572 5332 poterunt
2609 5279 2623 5315 :
2659 5262 2787 5331 quia
2816 5274 2919 5328 ego
2958 5267 3135 5313 tecum
3176 5272 3319 5323 sum,
3362 5265 3420 5310 ut
3462 5264 3516 5310 te

1946 5370 2157 5422 eruam,
2185 5354 2323 5410 dicit
2354 5354 2618 5411 Dominus
2656 5354 2723 5408 ".
2756 5372 2773 5403 ι
2816 5353 2883 5405 At
2912 5352 3073 5417 iram,
3110 5366 3227 5420 qua:
3255 5366 3286 5402 a
3329 5347 3511 5401 Domi-

1926 5479 2150 5535 "Dcut.
2192 5497 2341 5547 xxxi,
2375 5480 2464 5536 45.
2547 5478 2593 5512 ’⁸
2617 5474 2760 5531 Psal.
2796 5489 3006 5539 Lxxvn,
3076 5469 3166 5525 49.
3242 5463 3511 5520 "Jercm.

1557 5640 1791 5699 VAleE
1832 5642 2240 5701 LECTIONES.

342 5745 362 5769 ε
398 5732 484 5787 ίσ.
513 5736 573 5788 λ.
605 5731 922 5787 ὲκδικείται.
999 5729 1025 5771 ἀ
1045 5748 1134 5801 πρ.
1165 5730 1304 5802 μετά
1328 5748 1442 5784 σου.
