4020 6372
548 252 684 317 E231
1846 248 2203 312 PROCOPII
2228 248 2474 312 GALEI
3651 230 3776 295 εἴθ

550 382 620 421 no
656 361 952 431 inducitur,
973 375 1081 417 non
1107 360 1565 419 excandescentis
1593 359 1763 415 animi
1781 357 2125 416 aﬂeetionem

2238 358 2387 431 Ιιμιῖιν
2415 354 2882 430 πλημμεληθέντα
2906 352 3067 427 δίκην
3098 349 3481 423 ὀφειλομένην,
3503 346 3571 419 ἢν
3602 347 3778 413 ἐπάγει

553 453 663 524 (est
685 453 833 508 enim
864 451 1340 523 perturbationum
1371 466 1569 522 expers
1600 448 1788 522 Deus),
1812 449 1911 507 sed
1937 463 2131 521 poenas

2238 451 2286 507 n’r
2326 449 2465 522 πρὸς
2488 448 2617 515 τοὺς
2638 446 3059 519 παροικοῦντας,
3079 445 3218 500 ἀλλὰ
3248 438 3674 503 κατοικοῦντας
3692 436 3779 492 ἐπὶ

556 544 799 616 peccatis
825 545 1034 601 nostris
1060 544 1278 600 debitas
1304 542 1590 615 intelligit;
1638 556 1778 613 quas
1804 556 1914 596 non
1940 540 1997 595 in
2029 538 2132 595 ad-

2238 541 2340 612 τῆς
2366 540 2504 612 τῆς,
2561 541 2611 594 οἱ
2651 539 2747 595 τοῦ
2782 540 3054 612 παρόντος
3088 537 3284 600 αἰῶνος
3336 534 3497 605 μόνον
3544 530 3649 585 elei
3695 530 3781 594 τὰς

560 627 749 703 venas,
782 636 878 693 sed
903 638 957 690 in
990 644 1147 692 terra:
1172 636 1526 703 habitatores,
1559 635 1652 707 qui
1684 633 1979 707 praetentis
2001 641 2129 686 tan-

2238 634 2366 708 ιτρὸς
2386 632 2451 688 τὸ
2483 631 2676 704 μέλλον
2699 630 2923 696 ἐλπίδας
2955 630 3175 695 ἁπάσας
3205 626 3592 699 ἀπειρηκότες,
3619 621 3785 691 λὲγονο

555 739 674 786 tum
713 729 903 785 muli
938 728 1220 799 voluptate
1256 728 1534 795 delectati,
1585 726 1738 782 omni
1789 724 1933 795 ejus.
1982 721 2130 793 quod

2238 740 2354 790 τεςο
2381 742 2401 778 ι
2435 724 2706 794 Φάγωμεν
2731 722 2827 777 καὶ
2864 721 3112 792 πίωμεν·
3166 716 3361 791 αῦριον
3412 716 3525 785 γὰρ
3572 712 3785 783 ἀποθνήα

554 820 804 876 futurum
848 828 961 886 est,
1008 835 1108 890 spe
1142 819 1378 890 abiecta,
1419 838 1439 873 ι
1480 818 1721 875 Edamus
1748 823 1805 872 et
1852 813 2130 879 bibamus,

2238 832 2454 888 σκομεν.
2496 833 2518 868 ι
2572 809 2670 880 Οἷς
2720 813 2939 869 ἐναντία
2968 812 3078 867 τῶν
3122 808 3539 883 παροικούντων
3588 803 3677 857 ἐπὶ
3701 804 3788 875 τῆς

476 898 485 905 ’
554 925 682 966 eras
713 910 859 965 enim
887 911 1159 965 morimur
1183 911 1252 976 ³⁸,
1294 929 1317 964 ι
1363 909 1621 981 inquiunt
1653 926 1668 963 :
1701 906 1904 978 quibus
1936 918 2129 962 eorum

2238 910 2334 981 γῆς
2362 909 2398 980 ἠ
2417 905 2683 971 διάθεσις.
2706 907 2820 976 Τῆς
2840 906 2897 961 δὲ
2923 905 3080 974 δίκης
3112 902 3468 975 ἐπαχθείσης,
3487 898 3560 952 τὰ
3580 897 3787 951 ἑκάστου

552 1002 717 1074 plane
736 1001 1058 1058 contrarius
1079 1009 1163 1057 est
1183 1002 1428 1069 animus,
1450 1000 1544 1072 qui
1574 1010 1632 1055 ut
1656 999 1883 1054 advena:
1900 996 1954 1052 in
1978 1003 2129 1052 terra

2238 996 2381 1053 κακὰ
2411 994 2657 1067 πρόδηλα
2708 994 2958 1062 γίνεται,
3006 992 3151 1064 ἅπερ
3203 985 3691 1062 μακροθυμοῦντος
3721 983 3789 1074 ἐτι

550 1073 872 1150 versantur.
912 1092 1186 1150 Caeterum
1233 1110 1357 1150 eum
1390 1108 1567 1165 pinnae
1608 1090 1965 1155 inducentur,
2000 1096 2132 1144 tunc

2238 1086 2324 1142 τοῦ
2356 1083 2493 1141 Θεοῦ
2524 1082 2989 1154 σνγκαλύπτεται.
3017 1082 3159 1136 [ἰᾶσι
3179 1080 3289 1151 γὰρ
3316 1078 3477 1148 δῆλον
3516 1073 3791 1144 ἐπαγομέ-

558 1196 750 1257 nperta
790 1187 923 1243 ﬂent
948 1187 1292 1259 singulorum
1314 1186 1549 1259 ﬂagitia;
1574 1200 1698 1256 qua:
1721 1183 1829 1239 Deo
1859 1181 2134 1253 patienter

2238 1196 2346 1248 νης
2371 1174 2558 1247 ὁρτῆς
2592 1174 2668 1239 ὡς
2699 1175 2734 1247 ὴ
2763 1174 2891 1244 δίκη
2927 1171 3183 1243 πονηρῶν
3215 1172 3332 1224 ἐστι
3357 1167 3615 1261 πρόξεων
3638 1180 3791 1261 τιμω-

557 1251 614 1336 θι
638 1279 832 1336 leviter
851 1251 1070 1351 agente:
1104 1279 1284 1335 adhuc
1294 1251 1663 1335 occultantur.
1679 1251 1962 1332 Neminem
1981 1272 2128 1330 enim

2238 1267 2346 1340 ρδς,
2377 1268 2427 1321 εί
2452 1265 2546 1320 καὶ
2585 1262 2782 1335 πρώην
2808 1260 3120 1317 ἐλάνθανον.
3170 1257 3343 1312 Τοῦτο
3377 1255 3470 1311 καὶ
3526 1253 3612 1323 ἐφ’
3657 1251 3793 1351 ὑμῶν

557 1384 683 1425 cum
716 1371 802 1426 ira
837 1340 1141 1436 inducetur,
1177 1372 1353 1428 latere
1396 1371 1623 1442 poterit,
1670 1368 1944 1440 justitiam
1986 1379 2131 1432 esse,

2238 1359 2413 1424 ἐσται,
2433 1356 2592 1428 φησι,
2614 1354 2895 1410 θυσάντων
2922 1352 2992 1406 τὰ
3018 1351 3183 1406 τέκνα
3205 1350 3318 1413 τοῖς
3344 1344 3667 1442 δαιμονίοις.
3697 1340 3793 1442 Καὶ

557 1474 682 1529 qua
711 1475 938 1531 operum
970 1430 1294 1533 pravitatem
1321 1430 1621 1518 ulciscatur
1643 1430 2043 1529 {quantumvis
2068 1430 2135 1511 ea

2238 1443 2377 1515 αῦτη
2405 1442 2587 1498 τοίνυν
2610 1441 2767 1513 ὑμῶν
2794 1441 2834 1508 ἡ
2859 1437 2938 1509 τῆ
2976 1436 3349 1533 κατηγορήΩσει
3385 1432 3660 1505 δεξαμένη
3690 1430 3796 1484 τού-

557 1550 715 1620 prius
752 1550 1053 1621 ignoretur.
1092 1551 1231 1607 illud
1256 1551 1422 1607 etiam
1458 1550 1526 1607 de
1549 1550 1706 1605 vob‘is
1740 1547 1985 1603 futurum
2022 1551 2126 1611 est,

2235 1554 2345 1592 των
2382 1535 2457 1591 τὰ
2488 1536 2731 1606 αἵματα.
2759 1533 2871 1589 Καὶ
2893 1531 3065 1586 ταῦτα
3088 1530 3187 1600 μὲν
3222 1523 3391 1585 οὗτοι.

560 1613 658 1709 ait,
694 1613 800 1715 qui
827 1645 968 1700 ﬁlios
1007 1651 1225 1699 vestros
1263 1642 1553 1698 dremoniis
1591 1639 1902 1697 mactastis.
1930 1635 1999 1694 Et
2028 1648 2133 1691 vos
2168 1629 2336 1702 igitur
2373 1628 2492 1699 ipsa
2529 1625 2820 1684 accusabit
2842 1634 3151 1696 terra,qu.'e
3202 1619 3520 1694 sanguinem
3568 1613 3795 1672 ipsorum

560 1736 859 1808 exceperit.
892 1736 1074 1807 Atque
1099 1734 1216 1790 haec
1237 1734 1454 1805 quidem
1492 1733 1592 1788 illi.

1151 1824 1306 1879 CAP.
1330 1822 1547 1878 XXVII.

633 1917 801 1973 Vens.
831 1915 990 1971 i-ll.
1020 1915 1115 1970 Die
1154 1916 1252 1971 illa
1299 1915 1508 1969 inducet
1551 1913 1691 1969 Deus
1730 1910 1968 1984 gladium
2010 1923 2136 1964 san-

561 2019 724 2073 etum,
743 2019 791 2063 et
821 2023 1069 2080 magnum
1099 2017 1150 2063 et
1171 2008 1404 2064 validum
1434 2022 1590 2075 super
1634 2015 1919 2075 serpentem
1946 2001 2137 2055 draco-

562 2118 678 2156 nem
710 2072 1016 2171 fugientem,
1034 2116 1190 2168 super
1215 2072 1508 2155 draconem
1527 2072 1800 2154 colubrum
1838 2096 2134 2156 sinuosum,

2238 2080 2348 2149 ρὰν
2382 2074 2481 2130 ἐπὶ
2526 2072 2635 2128 τὸν

560 2206 609 2249 et
632 2194 911 2264 interﬁciat
942 2202 1254 2263 serpentem,
1285 2202 1394 2248 etc.

631 2366 735 2434 Qui
760 2376 938 2422 autem
969 2367 1074 2423 ista
1101 2366 1169 2423 de
1197 2366 1669 2423 consummatione
1689 2363 1798 2420 dici
1821 2361 2131 2424 voluerunt,

561 2466 617 2515 et
657 2457 725 2513 ad
754 2458 1023 2528 judicium
1058 2457 1215 2521 illud,
1243 2456 1390 2529 quod
1424 2457 1479 2512 in
1513 2471 1575 2510 ea
1612 2459 1857 2511 futurum
1904 2458 2010 2518 est,
2041 2465 2134 2508 re-

563 2547 716 2614 ferri,
751 2547 1135 2618 significaram.
1178 2546 1296 2605 fore
1323 2557 1403 2612 ut,
1458 2547 1569 2603 illis
1611 2543 1945 2617 adimpletis,
1984 2556 2135 2599 mors

564 2637 683 2708 ipsa
713 2638 829 2710 (qui
862 2638 1092 2695 ultimus
1116 2645 1203 2693 est
1227 2638 1471 2693 omnium
1504 2635 1703 2708 hostis)
1731 2634 2134 2691 conﬁceretur:

564 2730 753 2801 itaque
786 2730 915 2787 inde
951 2745 1098 2797 esse,
1129 2729 1274 2801 quod
1304 2732 1358 2785 in
1392 2730 1514 2801 ipso
1548 2744 1732 2785 rerum
1760 2727 2002 2783 omnium
2038 2739 2136 2781 ex-

563 2834 758 2889 tremo,
796 2822 1307 2893 consummatisque
1351 2821 1609 2877 omnibus
1657 2820 1732 2887 (id
1776 2820 1920 2876 enim
1961 2819 2016 2873 in
2049 2816 2137 2872 die

562 2916 663 2970 illa
699 2916 993 2987 signiﬁcat)
1031 2916 1274 2988 gladium
1318 2926 1561 2970 sanctum
1592 2914 1805 2980 (durum
1845 2911 2002 2967 aiunt
2045 2910 2133 2965 in-

564 3014 834 3078 terpretes
871 3008 1094 3079 reliqui)
1129 3017 1177 3062 et
1221 3006 1457 3062 calidum
1505 3007 1642 3061 Deus
1687 3006 1757 3061 sit
1795 3002 2132 3070 indicaturus,

563 3101 657 3169 qui
703 3102 757 3158 in
805 3103 1019 3158 nullum
1067 3101 1236 3157 alium
1274 3101 1521 3156 inductus
1558 3116 1830 3158 mensura:
1877 3097 2133 3170 maligni-

2818 1794 3074 1851 ΚΕΦΑΛ.
3102 1795 3252 1861 κεῖν.

2309 1899 2473 1951 α-ιαν.
2524 1890 2606 1960 Τῇ
2632 1888 2823 1961 ἡμέρᾳ
2850 1888 3054 1955 ἐκείνῃ
3080 1883 3289 1949 ἐπάξει
3321 1885 3356 1938 d
3385 1880 3536 1946 Θεὸς
3561 1878 3675 1947 τήν
3706 1878 3799 1949 pa

2235 2001 2453 2059 χαιραν
2471 1980 2586 2051 τὴν
2605 1981 2800 2051 ἁγίαν,
2820 1977 2919 2032 καὶ
2942 1974 3057 2045 τὴν
3067 1973 3360 2046 μεγάλην,
3385 1970 3481 2026 καί
3509 1969 3627 2037 τὴν
3650 1971 3801 2039 ισχυ-

2679 2068 2980 2139 δρὰκοντα
3014 2066 3124 2120 τὸν
3166 2064 3308 2135 ὄφιν
3332 2063 3636 2133 φεύγοντα
3657 2076 3671 2090 ·
3714 2059 3799 2112 ἐπὶ

2234 2147 2343 2222 τὸν
2365 2163 2667 2235 δράκοντα
2696 2159 2836 2231 ὄφιν
2855 2154 3133 2220 σκολινὸ,
3160 2155 3261 2208 καί
3295 2149 3511 2207 ἀνελεῖ
3529 2149 3641 2204 τὸν
3674 2147 3801 2217 δρά-

2235 2272 2443 2321 κοντα,
2474 2271 2531 2308 κ.
2568 2269 2622 2308 τ.
2647 2251 2701 2308 λ.
3552 2253 3557 2259 ’

2306 2350 2371 2405 Ol
2413 2346 2472 2402 δέ
2523 2344 2654 2417 περὶ
2702 2342 2808 2414 τῆς
2863 2336 3177 2403 συντελείας
3206 2334 3459 2409 εἰρῆσθαι
3488 2331 3688 2395 ταῦτα,
3716 2330 3801 2384 καὶ

2232 2442 2335 2514 τῆς
2365 2439 2459 2494 ἐπὶ
2481 2437 2658 2512 ταύτῃ
2685 2434 3006 2508 νομίσαντες
3037 2430 3298 2506 κρίσεως,
3340 2428 3572 2499 ἐῴασαν,
3604 2424 3677 2488 ὡς
3695 2424 3800 2478 τού-

2232 2551 2341 2590 των
2372 2528 2830 2586 ἐπιτελεσθέντων
2872 2526 3102 2598 ἔσχατος
3148 2522 3342 2595 ἐχθρὸς
3398 2520 3749 2590 καταργεῖται
3772 2516 3798 2568 ὸ

2235 2626 2488 2687 θάνατος.
2526 2621 2619 2675 Διὸ
2675 2619 2770 2675 ἐπὶ
2820 2618 2967 2673 τέλει
3000 2616 3109 2672 τῶν
3144 2615 3302 2680 ὅλων,
3332 2612 3428 2668 καὶ
3459 2612 3607 2682 μετὰ
3640 2609 3799 2662 πάντα

2235 2716 2413 2790 (τοῦτο
2441 2714 2552 2789 γάρ
2588 2714 2705 2767 ἐστι
2724 2708 2901 2779 τὸ,τῇ
2928 2708 3115 2780 ἡμέρᾳ
3144 2703 3596 2778 ἐκείνῃ)ὲπάξει
3619 2703 3650 2756 d
3672 2700 3799 2767 Θεὸς

2233 2808 2351 2879 τὴν
2371 2808 2676 2879 μάχαιραν
2695 2802 2810 2873 τὴν
2829 2802 3008 2873 ἁγίαν
3044 2800 3143 2855 καί
3174 2800 3290 2870 τὴν
3326 2797 3593 2868 ίσχυρὰν
3629 2793 3750 2865 μήτι
3776 2803 3798 2832 ε

2234 2902 2290 2957 δὲ
2316 2899 2411 2955 τοῦ
2440 2897 2558 2967 τὴν
2624 2896 2836 2966 ἁγίαν,
2877 2890 3159 2962 σκληρὰν
3198 2890 3470 2956 ἐξέδωκαν
3524 2886 3577 2940 oi
3617 2883 3799 2951 λοιποὶ)

2232 2993 2356 3065 ἦτις
2388 2990 2579 3064 μηδενὶ
2610 2987 2720 3043 τῶν
2764 2976 2949 3043 ’ἄλλων
3001 2982 3334 3055 ἐπειχθεῖσα
3380 2981 3635 3052 ἐτηρεῖτο
3664 2977 3683 3017 ί
3713 2977 3801 3047 τῆς

2235 3083 2404 3143 αὐτοῦ
2440 3082 2660 3149 κακίας,
2692 3078 2969 3149 ἀναλόγως
3008 3075 3088 3149 τῷ
3113 3075 3206 3130 τδν
3244 3073 3415 3144 ’Δδὰμ
3439 3073 3502 3126 ἐν
3535 3070 3618 3143 τῷ
3643 3086 3801 3141 παρα.

566 3150 700 3249 t'atis
733 3192 856 3263 ejus
889 3193 1257 3249 servabatur:
1289 3192 1527 3262 qualiter
1567 3199 1623 3247 et
1666 3191 1717 3245 ei
1759 3150 2135 3263 contigitfqui

2238 3176 2401 3249 δείσῳ
2433 3173 2765 3263 σκελίσαντιὲ
2786 3170 2883 3225 καὶ
2904 3167 3148 3233 στάσεως
3164 3164 3528 3263 καταϐαλόντι
3543 3161 3645 3234 τῆς
3667 3158 3801 3263 παρὰ

566 3281 835 3337 Adamum
880 3281 937 3338 in
984 3282 1241 3354 paradiso
1288 3280 1683 3354 supplantavit,
1720 3295 1896 3351 eoque
1943 3279 2135 3353 gradu,

564 3387 729 3443 quem
759 3380 877 3429 erat
909 3371 1053 3445 apud
1079 3371 1251 3430 Deum
1282 3380 1635 3435 consecutus.
1670 3370 2005 3427 deturbavit.
2040 3368 2140 3426 Ille

564 3466 851 3529 nimirum,
891 3466 963 3524 de
1011 3482 1121 3539 quo
1166 3466 1430 3524 scribitur
1464 3482 1480 3523 :
1515 3464 1645 3520 Erat
1688 3472 1868 3521 autem
1912 3479 2138 3534 serpens

576 3557 1039 3627 prudentissimus
1100 3556 1266 3629 338
1342 3556 1643 3611 bestiarum
1709 3554 1953 3609 omnium
2020 3569 2142 3625 quae

568 3656 698 3704 sunt
729 3649 784 3704 in
820 3658 964 3706 terra
994 3650 1076 3717 ⁹¹;
1117 3669 1135 3701 ι
1174 3650 1285 3714 ille,
1311 3648 1557 3719 inquam,
1589 3648 1678 3717 qui
1714 3647 1907 3718 primis
1939 3661 2139 3719 paren-

568 3740 740 3803 tibus,
773 3747 829 3793 et
864 3754 1052 3794 eorum
1094 3740 1418 3811 posteritate
1450 3753 1549 3810 per
1594 3737 1838 3794 fraudem
1873 3737 2139 3808 deceptis,

571 3832 957 3898 percommode
1013 3845 1224 3899 serpens
1274 3828 1398 3885 ideo
1448 3827 1766 3884 nominatus
1818 3834 1939 3893 est,
1992 3825 2141 3897 quod

572 3919 722 3973 humi
752 3934 966 3990 repere,
992 3918 1388 3991 hominumque
1412 3919 1644 3991 pedibus
1670 3919 1917 3976 insidiari
1944 3919 2138 3987 soleat,

574 4019 634 4066 ut
701 4010 908 4083 injecto
957 4027 1167 4068 veneno
1193 4013 1261 4069 de
1287 4021 1437 4069 recta
1469 4011 1535 4067 ad
1569 4011 1734 4068 Deum
1762 4012 1846 4067 via
1881 4011 2138 4082 depellat.

572 4122 594 4156 s
628 4100 753 4175 Ipse
782 4102 928 4159 enim
961 4110 1209 4159 conteret
1248 4110 1414 4174 caput
1447 4111 1624 4168 tuum,
1657 4101 1734 4157 ait
1772 4100 2040 4157 Dominus
2068 4101 2138 4166 υ,

565 4204 617 4250 et
662 4203 719 4249 tu
769 4193 893 4264 ejus
945 4195 1209 4250 calcaneo
1260 4192 1635 4250 insidiaberis.
1678 4212 1696 4245 ι
1746 4190 1925 4247 Moses
1974 4191 2140 4263 igitur

565 4284 818 4341 fraudem
850 4283 973 4355 ejus
1006 4284 1267 4341 recitasse
1302 4291 1618 4349 contentus,
1654 4282 1784 4354 quid
1833 4296 1958 4338 eum
2003 4296 2140 4354 sup-

566 4377 715 4446 plicii
747 4386 994 4432 maneret
1027 4375 1397 4447 praetermisit,
1426 4377 1573 4446 quod
1618 4390 1767 4430 nunc
1795 4388 1825 4428 a
1872 4373 2138 4445 propheta

2235 3267 2315 3341 τῷ
2334 3266 2477 3340 Θεῷ.
2514 3264 2653 3336 Περὶ
2703 3255 2768 3318 οῦ
2818 3259 3008 3333 φησιν,
3038 3278 3058 3313 ι
3105 3258 3165 3313 '0
3196 3257 3256 3312 δὲ
3281 3257 3407 3327 δφις
3435 3250 3509 3327 ἦν
3539 3250 3801 3326 φρονιμώ-

2239 3378 2399 3433 τερος
2453 3358 2674 3415 πάντων
2724 3354 2835 3409 τῶν
2878 3352 3086 3424 θηρίων
3125 3350 3235 3405 τῶν
3263 3350 3356 3404 ἐπὶ
3380 3349 3484 3420 τῆς
3518 3347 3645 3418 γῆς.
3680 3364 3699 3397 ι
3750 3344 3800 3397 '0

2244 3454 2383 3527 μετὰ
2433 3452 2562 3517 τοὺς
2615 3447 3074 3522 πρωτοπλάστους
3127 3443 3224 3499 καὶ
3270 3441 3399 3505 τοὺς
3445 3439 3511 3506 ἐξ
3552 3438 3724 3494 αὐτῶν
3742 3437 3800 3490 δι’

2239 3544 2456 3615 ἀπάτης
2481 3540 2637 3605 ἐλὼν,
2673 3536 2969 3612 προσφυῶς
2997 3536 3136 3607 ὄφις
3182 3532 3391 3608 ῥηθεὶς,
3432 3531 3513 3596 ὡς
3547 3530 3726 3603 ἐρπων
3748 3544 3799 3581 τε

2239 3636 2418 3711 χαμαὶ
2449 3633 2547 3690 καὶ
2569 3635 2681 3697 τοῖς
2708 3631 2820 3686 τῶν
2843 3627 3148 3701 ἀνθρώπων
3180 3624 3488 3698 ἐφεδρεύων
3532 3624 3710 3686 ποσὶν,
3734 3622 3799 3686 ὡς

2241 3729 2311 3786 ἂν
2336 3728 2518 3793 αὐτοῖς
2547 3727 2640 3780 τδν
2672 3725 2751 3780 ίδν
2781 3723 3035 3795 ἐμϐαλὼν
3065 3722 3168 3794 τῆς
3214 3720 3383 3792 ὀρθῆς
3423 3718 3524 3773 καὶ
3568 3717 3701 3788 πρὸς
3724 3716 3800 3769 τὸν

2240 3821 2378 3877 Θεδν
2404 3817 2645 3891 ἀγούσης
2678 3814 2979 3872 καταδάλοι
3015 3812 3263 3886 πορείας.
3296 3831 3317 3865 ι
3356 3811 3533 3876 Αὐτὸς
3570 3811 3676 3881 γάρ
3696 3825 3799 3869 σου.

2244 3914 2397 3987 φησὶ,
2451 3912 2685 3985 τηρήσει
2738 3912 2766 3951 8
2826 3908 3097 3979 κεφαλὴν,
3135 3905 3324 3961 καὶσὺ
3351 3905 3618 3977 τηρήσεις
3652 3900 3798 3956 αὐτοῦ

2241 4005 2505 4078 πτέρναν.
2542 4022 2563 4057 ι
2600 4004 2807 4075 Μωσῆς
2836 4001 2934 4074 μὲν
2961 3996 3054 4055 οῦν
3076 3998 3175 4071 τὴν
3204 3997 3263 4065 ἐξ
3299 3994 3463 4052 αὐτοῦ
3489 3995 3651 4066 μόνον
3676 3993 3794 4049 ἁπά-

2240 4115 2342 4170 την
2374 4095 2565 4163 είπὼν,
2591 4094 2692 4167 τὴν
2724 4096 2988 4166 μένουσαν
3027 4091 3190 4147 αὑτὸν
3216 4089 3371 4158 δίκην
3403 4088 3720 4160 παρέλιπεν,
3743 4087 3797 4155 ἢν

2238 4192 2268 4245 ὁ
2294 4188 2488 4262 παρὼν
2530 4189 2822 4260 προφήτης
2877 4184 3141 4252 ἐδίδαξεν.
3178 4182 3242 4238 Ἦ
3289 4182 3387 4253 μέν
3420 4176 3515 4236 οῦν
3563 4179 3657 4234 τοῦ
3679 4174 3797 4232 Θεοῦ

2241 4282 2437 4355 ῥάὸδος
2477 4279 2661 4335 εὐθεῖά
2712 4296 2796 4343 τις
2845 4273 2979 4333 οὖσα
3016 4277 3111 4331 καὶ
3158 4272 3501 4344 παιδευτικὴ,
3530 4271 3673 4327 κατὰ
3715 4269 3797 4322 τό’

2247 4392 2268 4427 s
2312 4371 2539 4437 Ῥάὸδος
2569 4370 2887 4441 εὐθύτητος,
2914 4371 2949 4441 ἡ
2991 4368 3184 4440 ῥάϐδος
3212 4368 3311 4436 τῆς
3338 4363 3618 4437 βασιλείας
3653 4379 3757 4424 σου,
3776 4377 3794 4413 ι

563 4470 811 4526 docetur.
872 4467 1037 4539 Virga
1094 4467 1191 4523 Dei
1252 4467 1419 4537 igitur
1477 4478 1665 4535 recta,
1724 4476 1779 4523 et
1834 4467 2137 4539 disciplinae

2240 4468 2353 4531 τοῖς
2381 4465 2574 4536 ίάσιμα
2602 4462 2951 4535 ἡμαρτηκόσι
2979 4460 3281 4533 τετήρηται
3333 4457 3470 4530 πρὸς
3510 4454 3795 4554 διόρθωοιν.

566 4559 804 4625 idonea;
853 4559 1087 4629 legimus
1123 4559 1270 4615 enim
1309 4576 1322 4613 :
1364 4577 1384 4612 ι
1422 4557 1588 4630 Virga
1636 4558 1955 4614 directionis
1989 4557 2141 4629 virga

568 4650 722 4722 regni
772 4651 851 4705 tui
904 4650 1001 4705 “z
1051 4669 1071 4702 ι
1108 4651 1238 4715 illis,
1275 4650 1369 4722 qui
1419 4660 1767 4721 peccatorum
1814 4651 2140 4705 medicinam

569 4740 886 4809 admittunt,
914 4740 982 4795 ad
1016 4742 1418 4798 correctionem
1449 4750 1664 4796 servata
1689 4748 1794 4797 est.
1829 4740 1897 4794 At
1928 4755 2140 4809 serpens

569 4839 719 4889 totus
753 4831 958 4902 ubique
986 4832 1272 4898 sinuosus,
1300 4844 1357 4887 et
1401 4846 1626 4903 pravus,
1657 4830 1810 4886 humi
1851 4830 2050 4887 deinde
2082 4829 2138 4885 in

566 4928 814 4975 ventrem
851 4928 906 4976 et
943 4931 1135 4991 pectus
1184 4936 1403 4992 repens,
1442 4921 1799 4991 omniumque
1829 4920 2009 4976 calces
2041 4919 2139 4975 ob-

568 5024 821 5077 servans,
859 5019 989 5083 post
1035 5010 1332 5083 impiorum
1382 5018 1627 5067 omnlum
1665 5009 1968 5077 interitum,
2006 5009 2140 5065 duro

567 5101 652 5155 illi
697 5111 746 5155 et
778 5118 991 5173 magno,
1034 5101 1311 5173 validoque
1348 5103 1525 5173 gladio
1566 5102 1751 5173 (quem
1785 5102 2141 5172 Septuaginta

574 5198 765 5246 notant
793 5191 1140 5264 interpretes)
1166 5192 1449 5259 tradetur;
1479 5192 1638 5263 cujus
1667 5192 1887 5246 nomine
1915 5193 2141 5247 verbum

572 5278 667 5336 Dei
699 5281 889 5339 vivens
913 5290 969 5339 et
999 5281 1212 5349 eﬂicax,
1245 5290 1301 5338 et
1328 5282 1573 5353 quolibet
1619 5280 1800 5353 gladio
1844 5281 2069 5352 ancipiti
2096 5280 2143 5315 “

643 5457 688 5488 "
719 5458 823 5512 lsa.
855 5458 1115 5525 xxn,13;
1149 5458 1321 5515 lCor.
1360 5475 1450 5521 xv,
1482 5458 1573 5514 52.
1646 5458 1688 5491 ³¹
1724 5457 1864 5516 Gen.
1900 5475 1979 5525 Ill,
2017 5462 2066 5515 l.

2255 4552 2316 4609 '0
2341 4553 2398 4608 δὲ
2425 4550 2608 4625 [ὄφις]
2666 4551 2787 4615 ὅλος
2846 4549 2916 4605 δι’
2959 4549 3083 4604 ὅλου
3135 4546 3424 4620 καμπύλος
3468 4545 3567 4600 καὶ
3604 4539 3793 4604 σκολιὸς

2239 4644 2426 4715 ἐρπων
2449 4660 2510 4696 τε
2535 4642 2710 4713 χαμαὶ
2733 4641 2827 4694 ἐπὶ¹
2852 4639 3061 4694 κοιλίαν
3077 4638 3173 4693 καὶ
3198 4636 3392 4709 στῆθος
3412 4637 3506 4691 καὶ
3525 4634 3625 4699 τὰς
3640 4630 3792 4689 ἀπάν-

2238 4754 2349 4790 των
2383 4735 2621 4807 πτέρνας
2662 4727 2871 4805 τηρῶν,
2906 4734 3047 4805 μετὰ
3082 4733 3211 4795 τοὺς
3238 4730 3454 4794 ἀσεϐεῖς
3484 4728 3709 4791 πάντας,
3737 4724 3793 4795 τῇ

2236 4826 2480 4897 σκληρᾷ
2521 4827 2615 4881 καὶ
2638 4826 2879 4896 μεγάλῃ
2937 4825 3038 4879 καί
3081 4821 3303 4894 ίσχυρᾷ
3336 4822 3601 4892 ﬂuxa/pa
3635 4832 3785 4888 παρα·

2237 4919 2545 4990 δοθήσεται,
2570 4919 2637 4989 ἣν
2666 4918 2872 4988 ἔφασαν
2897 4917 2948 4971 οἱ
2996 4916 3429 4987 Ἕϐδομήκονταο
3465 4913 3533 4968 δι’
3560 4908 3628 4985 ἦς
3656 4912 3684 4965 δ
3710 4906 3790 4962 τοῦ

2238 5012 2376 5067 Θεοῦ
2414 5011 2741 5083 σημαίνεται
2766 5010 2924 5079 λόγος
2943 5009 2972 5063 ὁ
3005 5009 3113 5075 ζῶν
3138 5010 3229 5063 καὶ
3255 5007 3484 5079 ἐνεργὴς
3513 5006 3606 5060 καὶ
3631 4998 3780 5072 τομήν

2237 5121 2394 5176 τερος
2419 5103 2561 5174 ὑπὲρ
2584 5103 2765 5157 πᾶσαν
2784 5103 3067 5175 μάχαιραν
3094 5101 3367 5170 δίστομον,
3405 5099 3464 5161 ὃς
3484 5096 3559 5160 ὡς
3585 5092 3787 5158 ἐναντίῳ

2238 5191 2320 5258 τῷ
2347 5192 2631 5263 δράκοντι
2687 5190 2931 5245 ἐπελθὼν
2984 5192 3226 5247 ἀνεῖλεν
3265 5189 3294 5229 ιι
3343 5188 3509 5259 φασὶν
3537 5184 3708 5245 αὑτὸν,
3738 5178 3785 5237 ἐξ

2242 5285 2415 5339 ὄντων
2450 5284 2552 5357 τὴν
2598 5284 2897 5340 ὑπόστασιν
2949 5283 3228 5353 ἀφανίζων
3255 5278 3444 5348 αὑτοῦ,
3471 5274 3710 5347 καὶπρὸς
3735 5267 3785 5322 τὺ

2144 5463 2186 5493 ³²
2219 5463 2351 5516 ibid.
2387 5461 2473 5519 13.
2537 5463 2582 5495 ³³
2612 5461 2757 5519 Psal.
2794 5476 2937 5526 xm,
2979 5461 3033 5516 7.
3119 5460 3162 5492 "
3205 5459 3364 5516 Hebr.
3403 5475 3475 5522 tv,
3514 5457 3593 5515 l2.

1858 5569 2091 5627 VARUE
2135 5572 2540 5628 LECTIONES.

648 5673 670 5703 ο
696 5662 781 5717 la.
811 5663 949 5718 ἀντὶ.
1034 5663 1051 5705 ί
1083 5667 1142 5720 λ.
1188 5664 1272 5720 ἴσ.
1302 5664 1504 5738 μέτρῳ.
1588 5666 1612 5707 8
1644 5664 1727 5720 ίσ.
1763 5664 2036 5738 τειρὴσού.

2113 5664 2140 5704 ¹ι
2164 5685 2251 5737 γρ.
2280 5667 2457 5721 ἁνέλει
