4020 6372
217 238 364 305 2233

1337 260 1882 324 COMMENTARII
1930 263 2011 326 IN
2045 263 2316 327 ISAIAM

3328 272 3471 337 2234

217 360 298 454 μη
329 359 393 454 δν
418 361 671 454 άναλύων
723 364 824 438 τὴν
856 366 1113 441 ὓπαρξιν,
1143 370 1205 426 ού
1239 372 1299 429 δὲ
1320 374 1430 446 γὰρ
1468 374 1578 444 τῆς
1606 374 1787 447 ὀργῆς

1895 378 2115 433 acutius
2168 378 2531 451 signiﬁcatur,
2577 382 2723 454 quod
2778 390 3041 454 tanquam
3094 385 3469 447 adversarium

212 451 304 506 τοῦ
324 452 462 507 Θεοῦ
494 456 840 523 καταξιοῦται
864 462 1213 535 παιδευτικῆς
1233 462 1400 536 ούσης
1429 469 1521 520 καὶ
1543 468 1798 539 ἐπιστρε-

212 548 435 617 πτικῆς,
476 549 606 619 περὶ
656 543 726 622 ἦς
783 554 956 623 φησί·
994 572 1013 606 ι
1058 556 1253 627 Κύριε,
1291 558 1366 629 μὴ
1400 558 1478 630 τῷ
1512 558 1671 631 θυμῷ
1700 577 1794 613 σου

214 636 440 710 ἐλέγξῃς
468 657 562 711 με,
618 643 694 714 μὴ
755 643 813 697 δὲ
843 647 906 717 τῇ
941 647 1078 720 ὀργῇ
1109 665 1202 703 σου
1229 650 1525 725 παιδεύσῃς
1550 669 1639 723 με.
1674 670 1694 705 ι
1722 652 1797 708 Τὸ

215 728 315 799 μιν
344 731 458 802 γάρ
485 732 820 802 ἐλεγκτικὸν,
853 738 913 792 τὸ
950 738 1008 794 δὲ
1065 742 1431 799 παιδευτικόν.
1476 745 1655 817 ’Δπερ
1696 746 1797 816 άρ-

216 825 404 895 μόττει
454 829 568 892 τοῖς
595 830 978 903 ἡμαρτηκόσιν
1025 834 1237 908 ίάσιμα,
1288 838 1406 893 ἀλλ’
1436 840 1496 892 ού
1536 839 1619 906 τῷ
1645 840 1793 910 Δρά-

213 934 380 972 narrt
392 918 470 989 τῷ
493 920 916 996 Ξξαφανισθῆναι
936 926 1097 998 μόνον
1116 928 1404 999 ὀφείλοντι.
1434 932 1552 1001 Τὴν
1569 932 1626 988 δὲ
1651 933 1794 986 ἐπα-

214 1010 479 1082 γομένην
542 1015 877 1089 θεασάμενος
926 1020 1229 1092 μάχαιραν
1289 1025 1603 1095 χωρήσεται
1657 1025 1795 1098 πρὸς

211 1106 435 1172 φυγὴν,
471 1105 539 1160 δι’
572 1107 887 1180 ἀφροσύνην
917 1110 1101 1177 λέγειν
1133 1112 1233 1184 ούχ
1265 1108 1377 1179 οἷός
1408 1131 1468 1167 τε
1501 1112 1599 1182 ὢν,
1636 1133 1655 1168 ι
1681 1113 1791 1169 Ποῦ

212 1196 471 1267 πορευθῶ
503 1199 614 1252 άπὸ
634 1200 729 1254 τοῦ
760 1203 1075 1273 πνεύματός
1104 1221 1221 1269 σου,
1241 1204 1339 1258 καὶ
1364 1205 1471 1259 άπὸ
1496 1204 1590 1258 τοῦ
1626 1221 1795 1275 προσ-

211 1286 367 1343 ὡπου
426 1307 519 1345 σου
551 1291 657 1347 ποῦ
691 1296 890 1364 φύγως
930 1315 950 1348 ι
979 1298 1308 1367 Πειράσεται
1357 1295 1516 1353 δὀὖν
1559 1301 1640 1363 είς
1667 1299 1794 1364 τοὺς

214 1379 385 1444 ἰδίους
408 1383 735 1453 ἀποφεύγων
765 1386 976 1457 ίουχοὺς
1086 1388 1347 1463 ίωχμοὺς]
1375 1392 1391 1430 ί
1418 1389 1795 1457 κατακρύπτε-

209 1470 336 1524 σθαι
371 1475 436 1543 τῇ
468 1474 776 1549 καλουμένη
833 1477 1097 1553 Θαλάσσῃ,
1136 1482 1196 1535 ἐν
1227 1476 1261 1554 ᾖ
1326 1482 1541 1553 εἴρηται
1578 1482 1793 1554 δράκων

208 1556 387 1628 οὗτος,
418 1584 437 1617 ι
471 1566 530 1620 δν
551 1566 793 1635 ἔπλασας
819 1609 834 1635 ,
865 1570 1160 1636 ἐμπαίζειν
1190 1573 1361 1645 αὐτῷ.
1389 1592 1409 1628 ι
1441 1575 1577 1645 Περὶ
1602 1568 1663 1629 οὗ
1686 1591 1792 1646 φη·-

210 1672 299 1709 σιν
361 1657 483 1712 ’1ώό
516 1674 532 1690 σ
588 1678 608 1713 ι
666 1657 851 1727 ’Δξεις
906 1662 963 1716 δὲ
1027 1663 1300 1734 δράκοντα
1370 1665 1431 1719 ὲν
1486 1665 1787 1738 ἀγκίστρῳ.

1896 469 2177 525 draconem
2202 472 2489 542 impetens,
2512 472 2687 545 ipsum
2716 476 2892 531 deleta
2926 493 3153 547 prorsus
3183 490 3238 534 et
3262 482 3316 536 in
3337 485 3471 539 nihi-

1898 563 2009 618 lum
2066 566 2283 620 redacta
2338 567 2459 637 ejus
2509 569 2846 634 sullsislendi
2900 571 3149 638 ratione,
3196 576 3467 631 occisurus

1895 668 1997 713 est.
2027 657 2213 729 Neque
2246 660 2391 716 enim
2428 660 2513 715 ira
2548 660 2665 723 Dei,
2702 678 2825 732 qua:
2865 663 2931 717 ad
2979 666 3382 734 correptionem
3414 677 3469 725 et

1895 751 2334 817 conversionem
2358 749 2638 807 inducitur
2678 752 2766 822 (de
2814 769 2919 824 qua
2966 755 3221 810 nimirum
3256 774 3273 812 :
3311 776 3329 808 ι
3368 758 3472 814 Do-

1896 841 2064 905 mine,
2088 856 2156 896 ne
2206 842 2262 896 in
2320 841 2504 897 furore
2553 854 2646 897 tuo
2695 858 2896 915 arguas
2933 860 3043 910 me,
3078 862 3255 917 neque
3294 864 3349 902 ιιι
3389 853 3467 904 ira

1895 939 1990 985 tua
2039 931 2308 1001 corripias
2355 948 2440 989 me
2474 933 2540 999 ",
2586 952 2606 986 ι
2662 932 2915 1003 habetur)
2965 935 3166 1003 dignus
3216 948 3318 993 est.
3371 939 3469 994 Est

1896 1037 2131 1091 namque
2175 1023 2243 1076 ad
2293 1022 2632 1094 arguendum
2668 1023 2793 1091 alia,
2828 1024 2934 1078 alia
2975 1026 3139 1080 etiam
3180 1028 3247 1081 ad
3291 1029 3469 1083 corri-

1897 1112 2155 1183 piendum
2207 1124 2522 1185 comparata
2553 1113 2636 1181 ³⁶;
2687 1131 2919 1185 quorum
2963 1116 3032 1171 iis
3066 1128 3275 1172 tantum
3317 1130 3469 1175 utra-

1894 1220 2035 1275 que,
2084 1205 2178 1275 qui
2233 1205 2442 1275 peccati
2502 1207 2767 1261 medelam
2828 1208 3034 1273 ferunt,
3073 1226 3184 1264 non
3241 1213 3471 1280 serpenti

1894 1297 2168 1367 congruit,
2198 1297 2290 1368 qui
2326 1305 2538 1352 tantum
2588 1298 2760 1354 deleri
2805 1306 2859 1354 et
2906 1300 3058 1370 perdi
3103 1302 3313 1356 metuit.
3355 1300 3469 1356 lmo

1892 1386 2136 1438 eductum
2182 1386 2234 1441 in
2271 1402 2332 1442 se
2368 1386 2608 1457 gladium
2670 1388 2905 1442 intuitus
2950 1389 3005 1442 in
3050 1390 3233 1460 fugam
3282 1391 3466 1446 statim

1892 1486 2283 1544 convertetur,
2349 1478 2575 1534 minime
2637 1489 2861 1549 pr0pter
2918 1482 3230 1535 vecordiam
3284 1482 3468 1537 dicere

1893 1584 2064 1626 ausus
2093 1586 2108 1625 :
2148 1588 2167 1621 ι
2202 1568 2322 1636 Quo
2353 1570 2443 1627 ibo
2469 1586 2498 1625 a
2532 1570 2728 1641 spiritu
2761 1580 2877 1634 tuo,
2909 1579 2963 1626 et
2992 1588 3101 1644 quo
3133 1588 3162 1627 a
3199 1573 3337 1629 facie
3377 1584 3466 1628 tua

1894 1662 2095 1732 fugiam
2130 1661 2208 1716 '7?
2242 1680 2261 1715 ι
2312 1660 2619 1717 Conabitur
2659 1678 2791 1734 ergo
2821 1664 2888 1719 ad
2922 1666 3137 1735 agmina
3187 1683 3285 1721 sua
3333 1683 3467 1721 con-

208 1747 322 1800 Καὶ
367 1747 487 1817 μεθ’
518 1749 713 1822 ἕτεραο
744 1750 916 1805 Τοῦτό
942 1755 1090 1807 ἐστιν
1132 1754 1274 1826 ἀρχὴ
1304 1753 1622 1826 πλάσματος

1893 1753 2107 1824 fugiens
2156 1753 2295 1809 mari
2344 1768 2467 1810 sese
2517 1755 2815 1821 occultare,
2865 1755 2918 1809 in
2960 1773 3072 1827 quo
3112 1756 3314 1813 dicitur
3345 1774 3467 1813 esse

206 1838 331 1907 ρίου
382 1841 750 1911 πεποιημένον
813 1843 1323 1914 ἑγκαταπαίζεσθαι
1385 1846 1490 1899 ὑπὸ
1530 1846 1642 1901 τῶν
1690 1849 1789 1917 ἀγ-

204 1930 385 1997 γέλων
414 1932 601 1989 αὐτοῦ.
642 1954 661 1987 ι
690 1936 801 1989 Kal
867 1937 1054 1991 πάλιν
1096 1955 1115 1990 ι
1159 1938 1333 2002 Αὐτός
1381 1938 1499 1992 ἐστι
1535 1938 1789 2010 βασιλεὺς

204 2023 429 2077 πάντων
475 2025 586 2079 τῶν
627 2028 687 2080 ὲν
720 2030 834 2089 τοῖς
890 2026 1103 2088 ὕδασιν.
1144 2049 1164 2083 ι
1188 2030 1443 2085 Διδάσκει
1495 2031 1552 2085 δὲ
1595 2032 1787 2086 τούτου

201 2115 371 2186 χάριν
405 2117 557 2190 αύτῷ
582 2121 1036 2193 συγκεχωρῆσθαι
1069 2123 1131 2177 τὸ
1154 2122 1273 2195 ζῇν,
1303 2124 1396 2179 ἐπὶ
1424 2122 1501 2195 τῷ
1526 2123 1664 2196 πρὸς
1677 2124 1786 2179 τῶν

198 2208 381 2275 ἁγίων
402 2211 900 2279 ἑγκαταπαίζεσθαι
944 2214 1372 2285 γυμναζομένων
1423 2218 1489 2287 τῇ
1520 2215 1658 2286 πρὸς
1685 2216 1788 2271 αύη⁸

197 2299 295 2351 τὸν
323 2300 491 2371 πάλῃ.
522 2301 837 2372 Δελυμένου
885 2303 943 2357 δὲ
972 2302 1067 2357 τοῦ
1102 2302 1334 2372 ἀγῶνος,
1359 2304 1456 2358 καὶ
1491 2303 1599 2357 τῶν
1624 2305 1785 2376 ἀμοι-

196 2390 315 2443 ϐὦν
347 2393 561 2464 ἑκάστῳ
615 2394 839 2459 δικαίως
892 2394 1287 2467 παρεχομένων
1326 2394 1463 2466 μετά
1505 2394 1605 2467 τὴν
1644 2396 1787 2450 κατὰ

194 2482 309 2536 τῶν
357 2484 573 2539 άσεὸὦν
607 2485 810 2557 κρίσιν,
863 2486 902 2555 ἡ
940 2486 1203 2556 μάχαιρα
1248 2485 1655 2556 ἐπαχθήσεται
1685 2485 1785 2540 ἐπὶ

194 2572 311 2626 τὸν
348 2572 649 2643 δράκοντα
684 2576 823 2645 ὅφιν
863 2577 1184 2646 φεύγοντα,
1222 2575 1317 2629 ἐπὶ
1349 2575 1455 2629 τὸν
1489 2573 1787 2643 δράκοντα

194 2664 346 2733 ὅφιν
361 2669 637 2722 σκολιόν.
654 2666 742 2732 Ὦς
761 2668 819 2722 δὲ
841 2668 1158 2740 Σύμμαχος,
1182 2667 1333 2722 κατὰ
1355 2668 1655 2722 Λευταθὰν
1679 2666 1786 2721 τοῦ

193 2757 395 2826 ὄφεως
414 2760 523 2815 τοῦ
562 2763 839 2828 σκολιοῦ,
877 2762 974 2817 καί
999 2761 1324 2817 ἀποκτενεῖ
1348 2760 1457 2813 τὸν
1489 2758 1787 2829 δράκοντα

191 2852 306 2905 τὸν
361 2854 434 2907 ἐν
468 2853 545 2923 τῇ
587 2856 871 2925 θαλάσσῃ
914 2856 978 2909 ἐν
1002 2853 1078 2924 τῇ
1116 2854 1308 2924 ἡμέρᾳ
1331 2854 1557 2922 ἐκείνῃ.
1602 2853 1691 2916 Ὠς
1728 2852 1787 2906 δὲ

203 2946 468 3011 Ἀκύλας,
494 2948 595 3002 ἐπὶ
627 2949 925 3004 Λευταθὰν
951 2949 1094 3018 ὅφιν
1122 2947 1529 3017 ἐσκιρωμένον
1555 2944 1595 3015 ἢ
1625 2946 1787 2999 ἐπει-

184 3039 471 3108 ρωμένον
487 3038 552 3112 [Ι.
573 3040 980 3114 ὲσκιρῤωμένον
1000 3042 1035 3113 ἢ
1060 3039 1493 3115 ἑπερῤωμένονι,
1515 3038 1612 3095 καί
1634 3040 1786 3095 ἀπο-

1891 1846 2055 1899 draco
2100 1843 2215 1906 ille,
2258 1861 2277 1894 ι
2316 1859 2478 1912 quem
2540 1844 2786 1899 formasti
2834 1844 2903 1898 ad
2962 1846 3300 1902 illudendum
3337 1848 3400 1899 ³³.
3440 1866 3460 1899 ι

1890 1932 1965 1989 De
1990 1948 2099 2004 quo
2119 1941 2175 1990 et
2199 1930 2320 1989 Jobi
2350 1933 2441 1987 illa
2466 1941 2633 1989 sunt:
2661 1951 2681 1985 ι
2714 1934 2856 2003 Ages
2880 1942 3060 1990 autem
3077 1936 3372 1993 draconem
3408 1939 3461 1994 in

1889 2025 2081 2091 hamo;
2103 2043 2123 2077 ι
2158 2031 2214 2080 et
2251 2032 2471 2095 postea:
2498 2044 2516 2078 ι
2544 2023 2659 2080 lloc
2692 2033 2777 2081 est
2814 2027 3142 2097 principium
3175 2029 3467 2099 plasmatis

1887 2117 2129 2186 Domini,
2174 2117 2320 2188 quod
2373 2116 2577 2173 factum
2627 2126 2735 2183 est,
2777 2126 2837 2172 ut
2866 2117 3046 2173 eidem
3094 2118 3356 2173 illudatur
3396 2120 3466 2175 ab

1888 2210 2097 2281 angelis
2147 2210 2257 2266 tuis
2297 2209 2363 2265 ".
2407 2226 2426 2261 ι
2466 2207 2531 2262 Ει
2580 2224 2774 2265 rursus
2806 2224 2825 2263 :
2866 2227 2886 2261 ι
2926 2209 3045 2278 Ipse
3090 2218 3175 2265 est
3216 2225 3308 2265 rex
3346 2226 3466 2265 om-

1888 2300 2039 2355 nium
2100 2314 2224 2370 quae
2275 2308 2405 2354 sunt
2460 2300 2514 2353 in
2568 2300 2727 2370 aquis
2761 2300 2827 2354 ‘°.
2870 2319 2890 2354 ι
2948 2300 3109 2355 Docet
3160 2310 3340 2356 autem
3384 2302 3465 2357 illi

1888 2393 2010 2449 ideo
2050 2393 2216 2447 vitam
2266 2392 2560 2462 indulgeri,
2595 2403 2654 2448 ut
2683 2395 2861 2449 sancti
2902 2393 3067 2464 339
3112 2394 3290 2449 eidem
3335 2394 3463 2449 illu-

1886 2485 2117 2546 dentes,
2167 2498 2229 2538 ea
2273 2498 2333 2539 se
2377 2482 2643 2539 adversus
2691 2483 2870 2554 ipsum
2922 2498 3103 2555 pugna
3147 2491 3461 2540 exerceant.

1889 2576 1994 2635 Sed
2039 2578 2196 2634 linito
2234 2578 2452 2633 tandem
2499 2580 2820 2642 certamine,
2855 2594 2976 2634 cum
3023 2579 3130 2633 lata
3174 2579 3228 2633 in
3271 2581 3468 2650 impios

1886 2669 2180 2732 sententia,
2232 2669 2464 2740 singulis
2511 2666 2676 2724 fuerit
2724 2685 2825 2739 pro
2877 2670 3201 2724 meritorum
3252 2672 3469 2727 ratione

1886 2761 2033 2833 quod
2063 2761 2272 2830 justum
2302 2769 2387 2816 est
2420 2761 2722 2831 repositum
2756 2777 2771 2815 :
2804 2759 3027 2815 Gladius
3063 2761 3341 2816 inducetur
3370 2779 3467 2818 suo

1887 2870 1979 2923 per
2016 2853 2299 2907 draconem
2341 2851 2617 2906 colubrum
2652 2852 2959 2921 fugientem,
2996 2869 3153 2922 super
3183 2853 3463 2907 draconem

1888 2944 2166 2999 colubrum
2207 2953 2531 2997 tortuosum.
2556 2942 2710 3008 Quod
2750 2941 3115 3014 Symmachus
3143 2944 3467 3012 interpreta-

1888 3043 1979 3090 tus
2007 3042 2112 3096 est,
2139 3032 2387 3087 adversus
2417 3031 2705 3087 Leniat/tan
2740 3043 3031 3103 serpentem
3062 3035 3373 3098 sinuosum;
3416 3042 3468 3087 et

190 3133 401 3188 κτενεῖ
447 3134 570 3189 σὺν
619 3135 686 3190 τὸ
739 3134 926 3207 κῆτος
968 3136 1034 3191 τὸ
1074 3136 1145 3191 ἐν
1184 3131 1259 3207 τῇ
1296 3134 1581 3204 θαλάσσῃ
1617 3129 1781 3201 ἐντῇ

1890 3124 2165 3193 interﬁciet
2216 3124 2523 3188 draconem,
2570 3123 2661 3193 qui
2706 3133 2782 3179 est
2833 3125 2886 3176 in
2924 3124 3083 3191 mari,
3116 3125 3169 3177 in
3219 3124 3303 3178 die
3344 3124 3463 3177 illa.

189 3228 390 3297 ἡμέρᾳ
417 3227 644 3299 ἐκείνου

275 3490 371 3555 Ὦς
400 3490 457 3546 δὲ
488 3491 680 3564 κύριον
700 3493 871 3563 δνομα
899 3493 960 3547 τὸ
984 3495 1284 3550 Λευταθὰν
1310 3492 1611 3565 πανταχοῦ,
1638 3495 1782 3549 κατὰ

188 3583 251 3638 τὸ
294 3583 610 3655 Ἐὁραῖκὺν,
640 3583 986 3654 ὀνομάζεται.
1017 3584 1137 3639 Κᾶν
1165 3584 1242 3656 τῷ
1267 3584 1398 3654 γὰρ,
1431 3602 1449 3636 ι
1480 3584 1540 3637 '0
1569 3584 1781 3655 μέλλων

185 3674 249 3729 τὸ
290 3676 439 3746 μέγα
464 3674 628 3746 κῆτος
656 3674 989 3747 χειροῦσθαι,
1024 3695 1043 3728 ι
1082 3676 1357 3730 Δευῖαθάν
1390 3676 1627 3748 εἴρηται.
1666 3676 1781 3731 Kal

187 3769 246 3821 ἐν
280 3767 385 3838 τῷ,
423 3786 442 3819 ι
471 3768 700 3839 Δράκων
743 3761 917 3833 οὗτος.
950 3787 968 3821 ι
998 3770 1105 3823 Kal
1154 3770 1214 3823 ὲν
1246 3768 1326 3839 τῷ
1361 3785 1381 3817 ι
1424 3765 1609 3833 Ἀξεις
1643 3768 1779 3839 δρά-

188 3876 365 3913 κοντα
390 3862 450 3914 ὲν
472 3861 775 3934 ἀγκίστρῳ.
823 3878 844 3913 ι
882 3860 1244 3933 Πολυὼνυμος
1281 3861 1339 3915 δέ
1376 3862 1546 3926 ἐστιν,
1576 3860 1653 3925 ὡς
1680 3878 1781 3915 πο-

187 3946 528 4019 λυκέφαλος.
554 3950 803 4020 Δράκων,
832 3953 927 4005 καὶ
940 3950 1084 4019 δφις,
1106 3950 1201 4004 καὶ
1225 3949 1492 4015 διάϐολος,
1511 3948 1679 4020 κῆτός
1695 3966 1777 4016 τε,

187 4039 294 4091 καὶ
310 4039 581 4103 Σατανᾶς,
608 4041 702 4093 καὶ
718 4040 1016 4104 Λευῖαθάν,
1041 4043 1136 4094 xal
1161 4040 1321 4105 λέων,
1346 4042 1438 4094 καὶ.
1468 4039 1781 4111 βασιλίσκος

185 4128 552 4200 ὀνομάζεται.
592 4131 715 4185 Ἐπὶ
745 4132 802 4185 δὲ
826 4132 928 4202 τῆς
950 4131 1176 4204 πρώτης
1207 4135 1236 4186 ὁ
1268 4131 1459 4203 Σωτὴρ
1476 4133 1780 4203 παρουσίας

186 4222 298 4276 οὐκ
328 4223 604 4294 ἐχρήσατο
639 4223 800 4289 αὑτῷ
832 4224 913 4290 ὠς
950 4224 1217 4293 μαχαίρᾳ
1258 4221 1308 4289 i,
1359 4224 1481 4278 οὑδὲ
1538 4224 1784 4280 ἀνεῖλεν

1891 3218 2119 3289 Aquilas
2152 3224 2334 3272 autem
2372 3236 2388 3273 :
2424 3215 2594 3286 Super
2636 3217 2924 3271 Leviathan
2958 3229 3246 3286 serpentem
3306 3233 3464 3286 aqua.

1886 3312 2053 3366 (idum
2115 3321 2209 3363 aut
2260 3309 2577 3377 invalidum,
2632 3320 2682 3364 et
2728 3310 2927 3365 occidet
2997 3318 3188 3375 cetum,
3230 3312 3321 3381 qui
3387 3317 3464 3364 est

1886 3409 1941 3461 in
1977 3406 2115 3460 mari
2147 3406 2204 3459 in
2233 3405 2332 3458 illa
2358 3404 2465 3459 die.

1954 3494 2186 3551 Notabis
2250 3503 2433 3549 autem
2497 3492 2700 3562 ubique
2766 3492 3070 3548 secundum
3138 3488 3462 3547 Hebraicam

1886 3588 2204 3653 lectionem,
2240 3596 2501 3656 tanquam
2560 3584 2842 3655 pr0prium
2904 3597 3127 3647 nomen,
3170 3581 3462 3638 Leniat/mn

1887 3680 2135 3748 reperiri.
2166 3677 2301 3733 Nam
2330 3687 2387 3733 et
2411 3691 2521 3747 quo
2552 3675 2675 3730 loco
2707 3675 2939 3730 habetur
2965 3692 2979 3728 :
3014 3693 3033 3726 ι
3067 3674 3169 3739 Qui
3205 3689 3461 3744 magnum

1883 3784 2063 3828 cetum
2116 3780 2379 3840 capturus
2422 3776 2528 3834 est,
2571 3765 2871 3823 Leviathan
2925 3766 3189 3820 scribitur
3217 3764 3283 3817 δι.
3325 3784 3343 3817 ι
3401 3764 3465 3820 Et

1880 3864 1989 3920 isto
2022 3880 2037 3918 :
2074 3880 2094 3915 ι
2133 3861 2315 3917 Draco
2339 3861 2431 3916 ille
2462 3858 2533 3924 δ’,
2573 3877 2592 3911 ι
2630 3865 2739 3912 etc.
2777 3855 2843 3910 Et
2881 3857 2989 3911 isto
3020 3858 3183 3910 etiam
3219 3870 3235 3909 :
3270 3875 3289 3907 ι
3322 3855 3463 3927 Ages

1877 3954 2171 4010 draconem
2220 3954 2276 4007 in
2324 3951 2485 4005 hamo
2510 3949 2581 4003 ⁸⁸.
2631 3947 2805 4001 Habet
2837 3960 2993 4009 vero,
3030 3955 3086 3999 ιιι
3131 3946 3336 4015 capita,
3382 3946 3461 3998 sic

1878 4048 2105 4102 nomina
2150 4043 2443 4117 permulta.
2477 4040 2742 4111 Reperias
2789 4038 2933 4092 cnim
2972 4048 3026 4089 et
3058 4034 3376 4097 draconem,
3408 4041 3461 4086 et

1879 4147 2215 4210 serpentem,
2250 4145 2306 4192 et
2334 4134 2637 4196 diabolum,
2677 4139 2732 4187 et
2766 4140 2969 4192 cetum,
3002 4138 3055 4183 et
3090 4127 3370 4187 Satanam,
3405 4134 3459 4179 ct

1880 4230 2202 4293 Leviathan,
2242 4234 2298 4281 et
2340 4227 2554 4282 leonem
2580 4222 2649 4287 “,
2676 4231 2733 4278 et
2762 4222 3082 4277 basiliscnm
3105 4216 3367 4286 appellari
3390 4215 3458 4268 “.

1879 4322 2067 4392 Neque
2115 4334 2248 4376 vero
2299 4335 2396 4373 suo
2446 4318 2503 4371 in
2550 4330 2676 4371 eum
2718 4314 2797 4369 uti
2849 4312 3030 4383 gladio
3071 4320 3126 4365 et
3166 4310 3461 4377 interﬁcere

1879 4415 2047 4486 priori
2081 4414 2317 4468 adventu
2348 4410 2600 4465 Salvator
2624 4406 2821 4471 voluit,
2854 4404 2950 4459 sed
2979 4403 3186 4457 adoriri
3216 4410 3454 4464 tantum,

188 4314 383 4380 αὐτὸν,
420 4315 593 4385 ἐπέϐη
622 4314 679 4368 δὲ
716 4314 879 4385 μόνον
925 4316 1094 4386 αὐτῷ,
1131 4316 1227 4369 καὶ
1259 4316 1359 4380 τάς
1389 4315 1651 4387 δυνάμεις
1682 4316 1782 4370 αύ-

186 4407 287 4463 τοῦ
318 4408 723 4479 κατεπάτησεν.
754 4409 895 4479 Πρὸς
923 4407 983 4462 ὃν
1004 4409 1254 4480 εῐρηται⁶
1280 4408 1439 4463 «Ἐπὶ
1467 4410 1669 4464 ἀσπίδα
1686 4412 1781 4465 καὶ

190 4499 515 4569 βασιλίσκον
545 4499 805 4571 amcam,
859 4499 954 4554 καὶ
982 4500 1390 4571 καταπατήσεις
1431 4500 1641 4563 λέοντα,
1683 4501 1781 4556 καὶ

1890 4507 2107 4578 ejusque
2142 4506 2289 4560 vires
2320 4503 2623 4572 infringere
2669 4508 2725 4556 et
2774 4498 3125 4561 conculcare,
3157 4495 3249 4565 qui
3294 4510 3458 4562 super

188 4592 490 4663 δράκοντα.
516 4610 534 4643 ι
577 4592 686 4645 Kal
710 4592 805 4644 νῦν
842 4591 899 4645 δὲ
925 4591 1085 4645 αὐτὸν
1117 4592 1300 4657 πατεῖ,
1317 4590 1495 4653 διδοὺς
1520 4594 1634 4654 τοῖς
1663 4608 1769 4661 μα-

1890 4598 2120 4669 Ispidem
2166 4604 2222 4653 et
2264 4594 2585 4650 basiliscum
2630 4589 2987 4654 ambulandi,
3031 4588 3357 4655 leonemque
3401 4594 3457 4639 et

188 4683 389 4754 θηταῖς
447 4685 641 4737 πατεῖν
685 4684 870 4738 ἐπάνω
897 4683 1075 4752 δφεων
1127 4682 1223 4737 καὶ
1254 4682 1552 4753 σκορπίων.
1595 4683 1676 4754 Τῇ
1721 4682 1779 4737 δὲ

1890 4691 2175 4746 draconem
2228 4684 2593 4742 conculcandi
2643 4690 2969 4754 potestatem
3036 4679 3298 4743 haberet,
3348 4693 3455 4747 qua

190 4775 481 4848 συντελείᾳ
512 4776 792 4841 παντελῶς
821 4776 984 4831 αὑτὸν
1028 4775 1253 4831 ἀνελεῖ.
1270 4775 1568 4830 Κάνταῦθα
1596 4780 1625 4831 ὁ
1646 4776 1779 4849 περὶ

1890 4780 2042 4837 aliam
2071 4776 2375 4848 discipulos
2403 4776 2503 4839 uti,
2530 4774 2589 4828 in
2626 4782 3021 4843 serpentesque
3049 4779 3105 4825 et
3134 4769 3456 4839 scorpiones

189 4867 609 4939 τῆςκαθολικῆς
639 4868 737 4923 τοῦ
777 4867 913 4921 Θεοῦ
967 4867 1203 4940 κρίσεως
1259 4867 1663 4939 περιγράφεται
1690 4868 1777 4922 λό-

1890 4870 2157 4927 imbulare
2187 4867 2439 4923 videmus
2465 4866 2533 4923 “.
2578 4864 2684 4921 Sed
2732 4866 3010 4928 interﬁciet
3045 4861 3265 4916 tandem
3302 4862 3453 4930 peni-

190 4977 308 5030 γος.
344 4959 569 5030 Ἕτεροι
632 4959 689 5012 δέ
740 4976 925 5028 φασιν,
955 4958 1033 5024 ὡς
1084 4961 1198 5023 τοῖς
1230 4958 1396 5012 αὐτοῦ
1424 4958 1634 5024 τέκνοις
1663 4962 1776 5024 τοῖς

1890 4978 1987 5027 .us,
2022 4963 2078 5016 in
2125 4963 2244 5032 ipsa
2292 4958 2481 5015 mundi
2531 4959 3027 5021 consummatione,
3066 4968 3176 5024 quo
3210 4960 3455 5019 tempore
3498 4954 3499 4957 ‘

192 5052 557 5108 ἀποκτείνασι
588 5055 716 5117 τοὺς
740 5052 931 5121 ἁγίους
963 5052 1243 5105 συνανελεϊ
1275 5051 1485 5105 καὶτὸν
1504 5052 1772 5117 Σατανὰν,

1890 5054 2127 5109 omnium
2176 5052 2419 5107 futurum
2468 5057 2555 5105 est
2601 5049 2911 5118 judicium,
2966 5046 3127 5117 cujus
3181 5044 3267 5098 hic
3315 5041 3455 5094 ratio

188 5144 246 5195 δν
278 5146 376 5197 καὶ
404 5145 709 5215 φεύγοντα
765 5145 853 5198 διὰ
911 5143 1117 5197 δειλίαν
1144 5143 1322 5208 καλεῖ,
1356 5144 1453 5196 καὶ
1496 5143 1772 5207 σκολιὸν,

1890 5145 2233 5200 describitur.
2273 5142 2443 5197 Aiunt
2482 5150 2664 5195 autem
2708 5139 2958 5193 nonnulli
3018 5146 3227 5208 patrem
3270 5132 3451 5201 ipsum

192 5236 275 5289 δα
337 5238 703 5309 πανουργίαν.
772 5237 919 5309 Πλὴν
984 5236 1427 5309 ἀναιρεθήσεται.
1492 5236 1604 5289 Kal
1664 5236 1774 5308 γὰρ

1890 5234 2137 5289 Satanam
2174 5235 2334 5288 etiam
2379 5245 2505 5285 cum
2543 5230 2692 5296 ﬁliis,
2719 5230 2812 5301 qui
2844 5238 3067 5284 sanctos
3100 5226 3248 5281 viros
3282 5224 3451 5277 inter-

3004 5407 3046 5437 ”
3080 5403 3181 5457 .loli
3217 5417 3304 5462 χι,
3346 5403 3439 5457 24.

974 5415 1018 5447 ³⁸
1060 5411 1100 5467 ll
1140 5414 1284 5469 Tim.
1335 5429 1415 5481 Ill,
1457 5413 1541 5467 l6.
1630 5414 1672 5444 ³⁷
1711 5412 1787 5468 Ps:

981 5526 993 5530 _
1021 5485 1116 5530 Qu-
1189 5486 1234 5519 “
1266 5485 1398 5530 ibid-
1508 5483 1554 5515 "
1592 5484 1724 5530 ibid-
1759 5483 1787 5530 2

1929 5426 2196 5473 annui,
2238 5412 2287 5463 '7.
2392 5410 2433 5437 ³·
2465 5409 2608 5462 ι’ςειι.
2646 5424 2737 5461 cm
2766 5450 2779 5468 ,
2818 5405 2909 5457 26.
3004 5407 3046 5437 ³⁹
3080 5405 3181 5457 .lob
3217 5417 3304 5462 χι,
3346 5405 3416 5455 24

1927 5484 1975 5517 ⁸⁸
2003 5484 2177 5530 Anne-
2219 5497 2310 5530 xx.
2340 5480 2393 5530 2.
2474 5483 2518 5512 ⁵⁸
2554 5480 2698 5530 Psat.
2735 5495 2825 5530 ac.
2861 5481 2942 5530 l5.
3027 5476 3069 5507 ⁸⁸
3099 5474 3234 5530 Luc.
3268 5489 3321 5530 Χ.
3355 5473 3421 5528 19

3219 5514 3234 5531 ο
3268 5511 3321 5541 ιι,
3358 5511 3442 5528 ,νο

1508 5483 1554 5515 ⁸³
1591 5484 1724 5537 ibid.
1759 5483 1849 5538 26.
1927 5484 1975 5517 δ’
2002 5484 2177 5553 Apoc.
2218 5497 2311 5545 xx,
2340 5480 2393 5534 2.
2474 5483 2518 5512 ⁵⁸
2553 5480 2698 5535 Psai.
2735 5495 2825 5544 ac,
2861 5481 2942 5533 t5.

1448 5575 1677 5631 νΑιιιΑῑ
1716 5575 2123 5633 LECTIONES.
2206 5614 2209 5617 »

1049 5670 1063 5721 i
1106 5670 1271 5727 αύτου
1299 5672 1363 5741 τῇ
1399 5668 1665 5740 μαχαίρᾳ.

282 5417 326 5449 ³⁸
366 5416 516 5469 Psal.
556 5430 775 5480 nmt,
808 5416 864 5470 2.

192 5487 235 5515 ⁵⁵
257 5487 361 5541 Job
393 5502 505 5552 xu,
536 5487 629 5542 25.
696 5486 741 5517 ⁸⁸
773 5485 873 5541 Job
906 5500 995 5550 χι..
1021 5485 1116 5541 20.
1189 5486 1234 5519 ⁸⁵
1265 5485 1398 5542 ibid.

275 5674 288 5715 ί
323 5674 413 5727 (cr.
440 5671 656 5743 λόχους,
686 5671 719 5735 ἦ
750 5672 965 5732 τόπους.
