4020 6372
606 282 751 349 22%

1914 284 2273 347 PROCOPII
2311 282 2559 346 GAZ/EI

3720 300 3832 371 2236

608 400 859 455 fecerunt
898 412 1023 455 esse
1059 398 1443 458 confecturum
1475 421 1492 462 :
1528 419 1693 477 quem
1736 406 1917 481 fugere
1955 409 2202 481 quidem,

2306 405 2653 479 ἀπρακτήσει
2682 402 2889 462 λοιπόν.
2918 406 3137 463 Μᾶλλον
3167 408 3224 465 δὲ
3255 410 3380 477 τοὺς
3410 412 3507 483 τῆς
3537 413 3834 493 ἀνοσιότητος

610 503 837 564 prOpter
874 503 1103 560 metum,
1134 504 1189 553 et
1231 501 1507 554 sinuosum
1546 516 1694 569 esse,
1732 513 1954 575 propter
1988 502 2205 560 callidi-

612 595 777 642 tatem
832 587 1001 657 dicit;
1075 589 1181 671 sed
1237 589 1520 646 interitum
1572 602 1755 650 tamen
1820 597 2028 653 evitare
2092 611 2201 652 non

610 695 795 751 posse.
831 679 1091 737 Cessabit
1124 681 1269 736 enim
1306 684 1521 739 tandem
1563 685 1864 756 aliquando
1896 687 1977 742 vel
2018 688 2202 759 potius

612 769 946 840 impuritatis
1006 771 1360 839 postulatus,
1422 773 1755 843 supplicium
1810 774 1964 830 dabit
2020 785 2203 832 extre-

611 877 791 927 mum;
824 876 948 915 cum
980 861 1182 917 inferni
1213 862 1479 921 claustris
1506 866 1803 922 conclusus
1831 866 2065 923 ﬂammis
2100 867 2205 921 line

612 951 930 1007 carentibus
961 952 1014 1005 in
1046 965 1370 1023 perpetuum
1403 954 1753 1011 ulciscendus
1794 956 2061 1011 tradetur.
2098 956 2202 1010 Alii

614 1047 803 1100 volunt
832 1044 1002 1115 gladii
1034 1045 1200 1100 verbo
1231 1046 1416 1101 multa!
1447 1047 1555 1102 vim
1593 1048 1847 1119 intelligi,
1880 1047 2044 1120 340
2073 1065 2203 1102 san-

612 1144 855 1206 ctumque
888 1150 918 1190 a
955 1135 1220 1207 propheta
1260 1137 1569 1206 nominari;
1604 1140 1802 1209 partim
1836 1152 1894 1195 ut
1928 1144 2200 1195 minarum

611 1228 899 1284 horrorem
959 1231 1188 1296 molliat,
1222 1231 1421 1302 partim
1461 1242 1523 1287 ut
1570 1248 1679 1288 non
1736 1236 2015 1305 perituros
2059 1250 2202 1305 quos

613 1322 752 1377 ultio
795 1323 1190 1394 apprehendit;
1224 1325 1317 1381 sed
1340 1325 1408 1381 iis
1441 1325 1572 1397 quid
1608 1327 1961 1398 resipiscam,
1991 1327 2201 1382 sancti-

614 1414 813 1469 monia:
846 1430 1070 1471 causam
1116 1431 1238 1471 esse
1276 1417 1570 1472 allaturum
1613 1418 1978 1475 demonstret.
2014 1417 2202 1489 Neque

615 1507 762 1562 enim
808 1513 869 1561 ut
915 1506 1131 1578 perdat,
1162 1508 1394 1578 castigat
1442 1507 1736 1577 Dominus;
1778 1508 1875 1566 sed
1908 1521 1965 1565 ut
2006 1510 2205 1575 resipi-

617 1606 835 1655 scentes
866 1608 1060 1670 purget
1104 1611 1157 1655 et
1202 1600 1533 1657 sanctillcet.
1570 1602 1827 1673 lntelligit
1860 1613 2040 1658 autem
2073 1602 2203 1657 dra-

616 1692 761 1745 conis
793 1692 1039 1758 nomine,
1073 1692 1157 1748 vel
1186 1694 1493 1764 Assyrium.
1522 1696 1607 1749 vel
1636 1694 1977 1751 Chaldaeum.
2006 1694 2202 1766 Respi-

616 1783 694 1837 cit
742 1782 937 1839 deiude
987 1785 1056 1840 ad
1115 1787 1371 1855 nequitiae
1421 1795 1703 1857 parentem
1756 1789 2057 1856 diabolum,
2105 1789 2198 1858 qui

617 1884 741 1946 post
774 1876 972 1931 factam
998 1881 1245 1933 omnium
1272 1881 1831 1946 consummationem,
1864 1890 1988 1952 post
2012 1880 2201 1936 mundi

618 1970 853 2038 partium
887 1970 1189 2038 interitum,
1224 1988 1346 2043 qua:
1384 1988 1629 2029 errorem
1665 1974 1771 2045 ipsi
1808 1975 2203 2045 cupiditatem-

618 2079 725 2132 que
768 2104 782 2119 .
823 2104 837 2118 .
882 2103 898 2120 .
940 2100 957 2119 .
1003 2104 1018 2119 .
1063 2105 1077 2118 .
1118 2103 1133 2119 .
1178 2102 1192 2118 .
1234 2105 1248 2119 .
1292 2103 1306 2118 .
1353 2106 1367 2121 .
1414 2103 1430 2120 .
1468 2105 1484 2122 .
1529 2104 1544 2120 .
1587 2108 1601 2121 .
1644 2082 1818 2122 meam
1850 2077 2197 2137 potestatem.

621 2154 725 2210 Sed
759 2156 889 2220 ista,
923 2157 1018 2227 qui
1065 2155 1177 2213 Deo
1227 2157 1611 2224 adversantur,
1647 2168 1935 2230 usurpent.
1963 2159 2076 2215 Nos
2106 2177 2203 2215 au-

620 2257 752 2309 tem,
789 2258 846 2302 ut
876 2264 941 2304 ex
979 2250 1085 2315 his,
1125 2266 1245 2315 quae
1287 2251 1437 2321 passi
1484 2260 1635 2317 sunt,
1678 2253 1983 2323 sapiamus,
2018 2268 2201 2324 pacem

618 2356 737 2394 cum
770 2358 830 2396 eo
858 2341 1148 2410 faciamus.
1181 2342 1255 2399 De
1287 2344 1372 2401 his
1408 2346 1553 2400 enim
1589 2361 1704 2402 suae
1737 2347 1909 2418 partis
1952 2347 2202 2403 homines

620 2434 744 2489 ideo
777 2435 1045 2506 propheta
1084 2436 1341 2494 admonet
1370 2439 1517 2509 quod
1558 2439 1755 2495 durum
1788 2442 1861 2497 sit
1906 2441 1961 2497 iu
1997 2440 2093 2497 Dei
2121 2442 2204 2497 vi-

618 2527 796 2581 ventis
824 2541 1020 2583 manus
1044 2527 1308 2583 incidere.
1339 2530 1573 2597 Quinam
1606 2539 1787 2587 autem
1817 2535 2034 2589 venturi
2064 2535 2198 2601 sint,

620 2617 906 2683 indicavit,
944 2634 1069 2673 cum
1106 2620 1249 2689 ﬁlios
1283 2619 1451 2677 Iacob
1495 2639 1619 2680 esse
1650 2626 2063 2695 germinaluros,
2101 2642 2204 2683 ca:-

622 2720 851 2783 Ieraque
883 2712 1146 2785 deinceps
1175 2714 1245 2782 ",
1296 2715 1509 2784 intulit;
1542 2732 1650 2771 non
1685 2718 1941 2789 ambigue
1983 2732 2203 2789 aposto-

619 2801 785 2857 licum
820 2805 1047 2860 chorum
1078 2806 1417 2878 significans,
1460 2807 1527 2863 de
1560 2824 1670 2879 quo
1700 2811 1956 2881 superius
1988 2829 2002 2867 :
2036 2830 2054 2863 ι
2087 2810 2201 2869 Nisi

621 2892 889 2952 Dominus
930 2897 1090 2952 nobis
1126 2913 1314 2954 semen
1360 2900 1680 2974 reliquisset
1711 2901 1781 2965 “,
1821 2921 1841 2955 ι
1885 2912 2201 2973 usurparat.

618 2981 789 3038 Iudaei
852 2984 995 3040 enim
1044 3001 1169 3040 cum
1226 2998 1450 3053 essent,
1499 2989 1643 3059 ﬁlios
1694 2988 1863 3045 Iacob
1922 2992 2204 3049 exstitisse

2304 500 2558 554 ἀποτίσει
2584 498 2803 568 λόγους,
2838 502 3030 571 ποινὴν
3074 502 3319 569 ὑποστὰς
3362 505 3461 579 τὴν
3504 508 3739 583 ἐσχάτην,
3763 520 3835 571 καὶ

2304 594 2429 657 ταῖς
2456 591 2584 663 ᾅδου
2612 592 2814 655 πύλαις
2873 593 3103 665 κάτοχος
3160 596 3420 666 γεγονὼς,
3466 599 3566 671 τῆς
3594 603 3667 667 εἰς
3696 605 3835 663 αἰῶνα

2304 684 2503 756 φλογὸς
2548 682 2909 757 ἀτελεύτητον
2964 686 3254 758 ὑπομένων
3282 688 3381 760 τὴν
3421 690 3657 748 κόλασιν.
3690 696 3835 755 ’Δλλα

2302 780 2358 834 δὲ
2387 778 2665 847 λέγουσιν,
2730 778 2808 843 ὡς
2838 780 3145 850 μάχαιραν
3186 782 3424 838 ἐνταῦθα
3470 785 3570 858 τὴν
3604 788 3836 859 ἐνέργειαν

2301 870 2402 940 τῆς
2428 870 2584 941 δίκης
2607 870 2785 937 καλεῖ,
2845 871 2911 943 ῆν
2943 872 3122 941 ἁγίαν
3159 875 3346 945 φησιν,
3391 876 3528 949 ὁμοῦ
3568 879 3661 949 μὲν
3695 898 3837 953 παρα-

2306 962 2649 1033 μυθούμενος
2687 963 2747 1018 τδ
2782 964 3016 1037 φοϐερὸν
3060 964 3162 1037 τῆς
3212 967 3467 1039 ἀπειλῆς,
3517 971 3650 1041 ὁμοῦ
3686 973 3839 1031 δὲδει-

2304 1052 2456 1119 κνὺς,
2486 1054 2560 1119 ὡς
2585 1054 2691 1109 οὐκ
2747 1056 2830 1119 εἰς
2893 1056 3172 1112 ἀπώλειαν
3194 1060 3244 1113 οἰ
3280 1060 3676 1133 τιμωρούμενοι
3702 1084 3838 1121 κατα-

2305 1143 2652 1217 στρέφουσιν,
2682 1147 2993 1221 ἁγιωσύνης
3023 1150 3080 1204 δέ
3126 1155 3298 1206 αἰτιον
3320 1154 3504 1217 αὐτοῖς
3538 1156 3683 1211 ἐσται
3709 1177 3841 1229 μετα.

2304 1237 2583 1309 νοήσασιν.
2613 1239 2723 1293 Καὶ
2759 1240 2861 1311 γὰρ
2888 1242 2990 1297 οὐκ
3020 1243 3286 1299 ἀπολέσαι
3321 1245 3572 1316 βούλεται
3600 1248 3722 1314 Θεδς
3747 1270 3842 1307 παι-

2302 1326 2499 1394 δεύων,
2531 1328 2666 1383 ἀλλὰ
2717 1328 2959 1402 καθᾶραι
3003 1332 3101 1386 καὶ
3159 1334 3388 1401 ἁγιάσαι
3434 1336 3841 1407 ἐπιστρέψοντας.

2302 1421 2607 1491 Δράκοντα
2643 1421 2700 1475 δὲ
2729 1422 2822 1477 τὸν
2862 1422 3170 1495 Ἀσσύριον,
3202 1425 3236 1497 ἢ
3274 1425 3369 1480 τὸν
3412 1426 3675 1481 Χαλδαῖον
3706 1432 3842 1487 καλεῖ.

2302 1512 2417 1583 Τὴν
2442 1511 2499 1564 δὲ
2525 1511 2811 1584 ἀναφορὰν
2841 1511 2929 1566 ἐπ’
2954 1512 3121 1569 αὐτὸν
3175 1517 3410 1571 ποιεῖται
3437 1516 3531 1570 τὸν
3563 1517 3658 1587 τῆς
3685 1521 3846 1585 κακίας

2302 1605 2607 1676 γεννήτορα
2640 1604 2731 1658 τὸν
2752 1604 3020 1669 διάϐολον,
3041 1605 3098 1670 ὃς
3127 1607 3229 1678 τῆς
3256 1607 3558 1673 παντελοῦς
3580 1611 3845 1678 συντελείας

2305 1696 2715 1768 ἐπενεχθείσης,
2744 1696 2840 1751 καὶ
2863 1697 2976 1751 τῶν
3014 1698 3110 1753 τοῦ
3132 1700 3343 1771 κόσμου
3377 1700 3566 1772 μερῶν
3594 1704 3847 1773 παρελθόνο

2304 1807 2433 1855 των,
2463 1790 2500 1844 ἀ
2521 1788 2619 1862 τὴν
2653 1788 2863 1862 πλάνην
2917 1786 3067 1862 αὐτῷ
3126 1793 3222 1845 καὶ
3243 1792 3343 1864 τὴν
3370 1792 3747 1863 ἐπιθυμίαν...
3771 1796 3846 1866 τὴν

2304 1882 2442 1953 ἐμὴν
2467 1880 2719 1954 δύναμιν.
2767 1882 2910 1937 Ἀλλ’
2925 1883 2975 1936 οἰ
3001 1882 3102 1955 μέν
3127 1883 3221 1937 τοῦ
3245 1883 3382 1938 Θεοῦ
3407 1884 3674 1957 πολέμιοι.
3693 1885 3848 1957 Ἡμεῖς

2302 1973 2382 2040 δέ,
2408 1972 2484 2037 ὡς
2513 1973 2580 2027 ἂν
2615 1974 3081 2046 σωφρονισθέντες
3096 1976 3192 2046 ἀφ’
3212 1974 3288 2031 ὧν
3305 1978 3508 2031 ἐκεῖνοι
3540 1976 3846 2045 πεπόνθασιν,

2302 2064 2553 2135 εἰρήνην
2573 2065 2925 2136 ποιήσωμεν
2963 2066 3145 2134 αὐτῷ.
3177 2068 3364 2123 Ταῦτα
3398 2070 3509 2140 γὰρ
3541 2068 3569 2122 ό
3604 2071 3849 2143 προφήτης

2304 2162 2421 2224 τοῖς
2443 2159 2543 2231 τῆς
2584 2160 2722 2224 ἰδίας
2743 2160 2966 2231 μερίδος
2991 2161 3146 2232 φησί·
3176 2181 3194 2217 ι
3228 2162 3483 2217 Χαλεπὸν
3514 2162 3620 2234 γάρ
3642 2165 3849 2233 totust:-

2305 2252 2418 2305 σεῖν
2442 2250 2524 2313 εἰς
2553 2251 2745 2320 χεῖρας
2773 2248 2910 2304 Θεοῦ
2941 2248 3167 2316 ζῶντος.
3199 2269 3219 2303 ι
3260 2252 3399 2305 Οἱδὲ
3432 2252 3710 2323 ἐρχόμενοι
3734 2252 3848 2317 τίνες

2303 2343 2443 2397 εἰσιν
2492 2343 2841 2414 ἐπενήνοχεν.
2895 2341 3083 2399 Τέκνα
3151 2345 3366 2401 Ἰακὼὸ
3394 2345 3851 2412 βλαστήσει,κιὶ

2276 2435 2469 2506 ’ἐξῆςο
2502 2434 2689 2504 σαφῶς
2715 2435 2807 2488 τὸν
2828 2434 2989 2507 χορὸν
3035 2435 3128 2495 τὸν
3166 2436 3535 2491 ἀποστολικδν
3586 2436 3850 2506 αἰνιττόμε-

2304 2545 2412 2594 νος,
2436 2529 2567 2598 περὶ
2594 2521 2656 2583 οῦ
2682 2528 2952 2600 πρότερον
2981 2528 3161 2598 ἐλεγεο
3197 2548 3217 2582 ι
3255 2530 3433 2584 Καὶεί
3454 2529 3535 2601 μὴ
3557 2530 3745 2601 Κύριος
3769 2529 3848 2582 Σα-

2304 2617 2454 2672 ϐαὼθ
2484 2618 2845 2686 ἐγκατέλιπεν
2873 2619 3007 2691 ἡμῖν
3035 2618 3279 2691 σπέρμα.
3318 2638 3337 2671 ι
3383 2620 3632 2674 Ἰουδαῖοι
3664 2619 3757 2692 γᾲρ
3779 2619 3847 2673 δν-

2302 2728 2415 2776 τες,
2440 2710 2621 2765 τέκνα
2657 2706 2801 2782 ἦσαν
2826 2711 2933 2767 τοῦ
2993 2711 3211 2768 Ἰακώϐ.
3256 2712 3600 2784 Ἐξήσθησαν
3650 2711 3675 2751 ι
3717 2711 3767 2764 δὲ
3802 2710 3849 2763 οὒ

2305 2803 2460 2871 ξύλα,
2486 2802 2701 2875 χόρτον,
2738 2804 3015 2876 καλάμην,
3062 2805 3345 2871 βλαστὸν
3402 2805 3458 2859 δέ
3510 2804 3740 2874 ἀγαθὸν,
3778 2804 3850 2857 καὶ

2304 2897 2490 2964 ἄνθος
2511 2896 2732 2969 εὐῶδες
2749 2898 2928 2951 πᾶσαν
2954 2897 3060 2968 γῆν
3097 2899 3199 2969 τῆς
3229 2896 3458 2959 εὐωδίας
3484 2897 3591 2967 πλη
3602 2896 3849 2967 ρὼσεντες.

2304 2973 2507 3052 Αὑτοῖς
2527 2970 2644 3055 οὖν,
2668 2988 2763 3043 καὶ
2792 2990 2906 3053 τοῖς
2926 2986 3107 3043 αὐτῶν
3130 2990 3434 3059 φοιτηταῖς,
3466 2988 3531 3042 τὸ
3551 2986 3851 3057 ποιήσωμεν

621 3076 829 3130 clarum
857 3085 963 3133 est.
991 3076 1290 3133 Edideruut
1318 3088 1500 3136 autem
1527 3099 1631 3136 non
1661 3084 1826 3154 ligna,
1853 3100 1959 3139 non
1992 3084 2200 3149 fenum,

2306 3082 2560 3152 εἰρήνην
2584 3080 2766 3148 αὐτῷ,
2788 3080 3077 3153 παραινῶν
3104 3085 3270 3152 φησιν
3298 3082 3647 3154 ὁπροφήτης.
3692 3080 3850 3150 Ἐπληο

622 3182 731 3221 non
759 3167 1065 3237 calamum;
1095 3170 1190 3224 sed
1213 3186 1423 3240 germen
1453 3171 1671 3240 bonum,
1700 3184 1753 3228 et
1780 3175 1965 3244 ﬂorem
1990 3194 2202 3232 suavem

621 3257 785 3321 adeo,
812 3266 872 3313 ut
906 3259 1027 3329 ejus
1058 3260 1249 3316 odoris
1288 3262 1534 3320 bonitate
1584 3266 1878 3323 universus
1922 3270 2073 3326 orbis
2119 3286 2206 3326 re-

625 3348 802 3414 pletus
838 3348 932 3403 sit.
968 3350 1109 3405 Hinc
1149 3361 1235 3407 est
1276 3352 1462 3423 igitur,
1494 3357 1639 3425 quod
1687 3356 1860 3427 ipsos,
1902 3375 2206 3431 eorumque

622 3439 942 3510 discipulos,
974 3451 1033 3495 ut
1060 3459 1243 3513 pacem
1282 3461 1399 3499 cum
1445 3464 1505 3502 eo
1548 3447 1776 3516 faciant,
1813 3452 2076 3522 propheta
2106 3454 2206 3509 ad-

624 3532 894 3588 hortatur.
920 3533 1053 3601 Quae
1083 3543 1199 3591 tum
1230 3537 1448 3595 demum
1479 3540 1771 3613 adimpleri
1802 3545 2054 3615 contigit,
2078 3561 2205 3601 cum

624 3626 856 3694 gratiam
906 3634 960 3682 et
1001 3643 1191 3698 pacem
1223 3645 1253 3684 a
1285 3630 1397 3688 Deo
1424 3630 1587 3689 Patre
1631 3642 1844 3704 nostro,
1874 3644 1930 3691 et
1972 3636 2206 3695 Domino

621 3713 753 3771 Iesu
779 3716 1021 3785 Christo,
1051 3736 1146 3790 per
1183 3722 1371 3779 orbem
1404 3725 1720 3782 universum
1763 3728 2064 3799 praedicare
2100 3731 2206 3789 visi

625 3818 773 3863 sunt.
799 3806 930 3864 lude
952 3808 1020 3866 iis
1040 3811 1130 3866 illa
1155 3814 1351 3882 pedum
1381 3817 1754 3886 pulchritudo,
1777 3834 1872 3891 per
1895 3836 2037 3891 quos
2061 3822 2206 3879 bona

625 3900 778 3970 pacis
806 3904 1300 3962 annuntiabantur.
1346 3910 1547 3965 Volunt
1580 3920 1761 3968 tamen
1806 3917 2057 3971 nonnulli
2088 3934 2207 3973 om-

625 4006 726 4047 nes
754 3991 958 4062 ubique
988 3997 1221 4065 populos
1268 3999 1336 4053 ad
1382 4000 1485 4056 ista
1529 4002 1853 4072 prophetam
1901 4006 2205 4065 adhortari.

627 4079 732 4136 Sed
758 4083 885 4153 quia
915 4085 970 4139 in
1003 4084 1425 4158 Redemptorem
1466 4093 1632 4162 impie
1672 4095 1783 4165 egit
1812 4095 2006 4165 Israel,
2032 4107 2087 4154 et
2122 4115 2210 4155 re-

623 4171 930 4227 calcitravit
975 4175 1405 4246 primogenitus;
1447 4178 1550 4248 ipsi
1581 4181 1717 4251 jam,
1750 4183 1844 4254 qui
1886 4193 2032 4241 stato
2074 4195 2211 4242 tem-

625 4278 755 4332 pore
785 4279 813 4317 a
843 4266 1082 4323 tenebris
1121 4268 1190 4323 ad
1226 4269 1424 4338 lucem,
1451 4272 1521 4328 ab
1556 4288 1750 4329 errore
1790 4275 1859 4331 ad
1897 4277 2206 4347 scientiam,

623 4368 655 4408 a
700 4357 947 4423 peccatis
994 4357 1062 4413 ad
1102 4358 1556 4429 justifirationem
1607 4369 1923 4436 perventuri
1962 4384 2205 4437 eramus,

2311 3175 2503 3247 ροῦντο
2530 3175 2588 3229 δὲ
2621 3173 2795 3229 ταῦτα
2829 3175 2919 3227 ὅτε
2956 3175 3037 3238 εἰς
3068 3174 3252 3229 πᾶσαν
3279 3173 3381 3246 τὴν
3410 3175 3727 3244 οἰκουμένην
3749 3173 3851 3244 ἐκή-

2309 3284 2505 3338 ρυττον
2525 3281 2539 3296 ·
2579 3282 2598 3317 t
2631 3266 2809 3337 Χάρις
2838 3265 2967 3337 ὑμῖν
2992 3266 3089 3319 καὶ
3116 3266 3310 3338 εἰρήνη
3348 3266 3456 3322 ἀπὸ
3491 3266 3623 3320 Θεοῦ
3653 3265 3852 3333 Datim;

2306 3358 2464 3430 ἡμῶν
2486 3360 2582 3413 καὶ
2596 3358 2803 3429 Κυρίου
2821 3357 2997 3429 Ἰησοῦ
3024 3358 3319 3431 Χριστοῦ.»
3347 3360 3438 3413 Διδ
3462 3361 3557 3414 καὶ
3573 3360 3725 3423 πόδας
3739 3354 3853 3428 εἶχον

2307 3447 2566 3519 ὡραίους.
2594 3447 2661 3502 δι’
2687 3442 2763 3504 ὦν
2791 3448 2840 3501 τ’
2863 3448 3045 3518 ἀγαθὰ
3066 3449 3166 3519 τῆς
3198 3451 3425 3521 εἰρήνης
3457 3450 3849 3522 εὐηγγελίζοντο.

2308 3538 2466 3603 Τινὲς
2497 3539 2556 3593 δέ
2587 3556 2721 3610 φασι
2749 3541 2865 3604 τοῖς
2918 3540 3261 3611 ἁπανταχόθι
3292 3541 3444 3607 λαοῖς
3485 3542 3657 3599 ταῦτα
3685 3557 3849 3611 παραι-

2307 3635 2421 3688 νεῖν
2447 3633 2541 3689 τδν
2574 3635 2889 3707 προφήτην.
2934 3634 3155 3705 Ἐπειδὴ
3194 3635 3251 3689 δέ
3281 3635 3673 3706 δεδυσσὲϐηκεν
3697 3637 3764 3698 είς
3782 3635 3851 3688 τὸν

2306 3723 2604 3797 λυτρωπὴν
2635 3726 2877 3797 Ἰσραὴλ,
2913 3726 3007 3779 καὶ
3058 3726 3430 3781 ἀπελάκτισεν
3460 3729 3493 3782 ό
3524 3728 3848 3798 πρωτότοκος,

2308 3818 2471 3889 ἡμεῖς
2486 3819 2537 3873 οἰ
2582 3818 2866 3889 μέλλοντες
2895 3819 3048 3891 ἥξειν
3097 3819 3239 3874 κατὰ
3285 3821 3515 3892 καιροὺς
3538 3820 3640 3874 ἀπὸ
3669 3821 3851 3879 σκότους

2310 3910 2391 3974 εἰς
2413 3909 2551 3979 φῶς,
2581 3909 2692 3965 άπὸ
2720 3909 2929 3983 πλάνης
2949 3911 3031 3976 εἰς
3091 3910 3319 3980 γνῶσιν,
3374 3910 3435 3976 ἐξ
3485 3910 3757 3982 ἁμαρτιῶν
3789 3910 3850 3970 εἰς

2308 4001 2619 4067 δικαίωσιν,
2645 4001 2999 4073 ποιήσωμεν
3028 4002 3306 4072 εἰρήνην,
3330 4003 3430 4075 τήν
3464 4004 3693 4075 ἀρχαίαν
3719 4019 3851 4055 καταο

2310 4093 2573 4158 λύσαντες
2599 4092 2821 4167 ἔχθραν.
2879 4094 3286 4165 ’Δνῃρημένης
3319 4094 3431 4165 γάρ
3461 4095 3564 4167 τῆς
3600 4092 3848 4165 ἁμαρτίας,

2311 4186 2405 4241 καὶ
2455 4186 2875 4257 καθῃρημένου
2895 4185 2988 4241 τοῦ
3020 4188 3260 4253 Σατανᾶ,
3294 4187 3447 4241 οὐδὲν
3464 4186 3705 4259 ἐμποδὼν
3730 4183 3849 4239 σπεί-

2311 4279 2509 4335 σασθαι
2569 4278 2649 4350 τῷ
2690 4279 2903 4351 Κυρίῳ,
2958 4280 3053 4334 καὶ
3099 4281 3215 4345 τοῖς
3258 4280 3470 4334 ἐκείνου
3533 4278 3849 4351 πειθαρχῆσαι

2312 4370 2757 4443 προστάγμασιν.
2804 4369 3044 4426 Τοιαῦτα
3102 4372 3195 4427 καὶ
3223 4371 3435 4437 Παῦλος
3463 4374 3577 4437 τοῖς
3613 4370 3670 4436 ἐξ
3692 4366 3847 4423 ἐθνῶν

624 4447 804 4513 posito
843 4449 1016 4505 veteri
1066 4451 1197 4506 odio
1240 4469 1422 4523 pacem
1460 4455 1745 4524 faciamus.
1796 4457 2033 4516 Peccato
2062 4462 2205 4518 enim

2321 4480 2342 4516 ι
2358 4436 2772 4527 *Δικαιωθὲντες
2800 4457 2895 4517 οῦν
2915 4463 2982 4517 ἐκ
3006 4462 3246 4529 πίστεως
3266 4464 3493 4536 εἰρήνην
3523 4464 3721 4535 ἔχωμεν
3744 4459 3848 4531 πρὸς

623 4537 781 4609 341
816 4549 870 4594 et
901 4542 1103 4598 Satana
1128 4544 1479 4617 interemptis,
1506 4549 1639 4605 nihil
1667 4561 1771 4619 est,
1796 4554 1942 4623 quod
1978 4553 2211 4611 Domino

624 4631 831 4697 libare,
879 4633 1115 4705 ejusque
1164 4640 1442 4696 mandatis
1489 4643 1871 4713 obtemperare
1926 4646 2206 4718 impediat.

626 4721 908 4792 Ejusmodi
931 4736 1060 4782 sunt
1079 4738 1134 4783 et
1160 4732 1261 4786 ista
1283 4732 1350 4786 ad
1374 4741 1565 4803 gentes
1588 4734 1743 4791 Pauli
1766 4740 1932 4794 verba
1960 4757 1973 4793 :
2003 4758 2021 4791 ι
2044 4739 2211 4797 Justi-

627 4811 772 4864 licati
816 4812 982 4883 igitur
1010 4832 1075 4871 ex
1106 4816 1233 4885 ﬁde,
1264 4836 1453 4890 pacem
1485 4822 1785 4883 habeamus
1819 4842 1945 4883 cum
1978 4827 2088 4885 Deo
2114 4846 2210 4900 per

626 4900 919 4959 Dominum
951 4916 1203 4964 nostrum
1237 4909 1420 4967 Iesum
1453 4912 1723 4971 Christum
1749 4919 1817 4974 δ’.
1856 4938 1876 4973 ι
1911 4919 2210 4992 Postquam

628 4994 795 5063 igitur
839 4999 1099 5055 venientes
1147 5019 1243 5060 eos
1294 5005 1621 5063 adhortatus
1668 5019 1776 5075 est,
1807 5010 1876 5067 de
1914 5013 2118 5083 quibus
2159 5025 2215 5072 et

628 5085 796 5143 David
832 5089 919 5146 his
951 5093 1137 5148 verbis
1169 5111 1183 5148 :
1222 5114 1241 5147 ι
1281 5096 1713 5154 Annuntiabitur
1760 5106 2045 5173 generatio
2084 5123 2217 5162 ven-

627 5186 751 5232 tura
797 5180 867 5247 ⁸⁶,
916 5199 936 5234 ι
995 5181 1216 5240 locutus
1267 5194 1384 5255 est;
1436 5188 1595 5244 laetus
1641 5191 1707 5247 ad
1759 5176 2043 5264 apostolos
2090 5198 2215 5255 ideo

630 5284 939 5328 sermonem
971 5276 1285 5343 transtulit,
1304 5278 1451 5349 quod
1476 5281 1667 5337 orbem
1699 5294 1973 5342 terrarum
1996 5286 2216 5346 Christo

632 5359 1021 5429 subdiderunt.
1053 5365 1241 5439 Neque
1271 5380 1401 5427 vero
1428 5372 1573 5443 quod
1602 5372 1715 5440 hic,
1740 5376 2050 5448 implebitur
2074 5380 2217 5438 orbis

2314 4556 2406 4610 τὸν
2443 4555 2600 4623 Θεὸν,
2628 4555 2720 4610 διὰ
2746 4558 2842 4610 τοῦ
2883 4554 3093 4629 Κυρίου
3125 4555 3287 4627 ἡμῶν
3338 4556 3534 4625 Ἰησοῦ
3559 4552 3841 4625 Χριστοῦ.ι

2314 4646 2713 4719 Παρακαλὼας
2748 4647 2807 4701 δὲ
2856 4647 2989 4712 τοὺς
3028 4647 3396 4719 ἐρχομένους
3444 4649 3596 4720 (περὶ
3632 4640 3701 4701 ὧν
3744 4642 3846 4715 φησί

2314 4739 2411 4791 καὶ
2437 4736 2627 4803 Δαεὶδ,
2668 4755 2687 4790 ι
2733 4736 3195 4808 Ἀναγγελήσεται
3250 4736 3398 4808 αὐτῷ
3452 4735 3617 4805 γενεὰ
3659 4735 3689 4804 ή
3724 4734 3845 4801 ἐρχο-

2318 4829 2458 4901 μένη
2494 4848 2514 4882 ι
2550 4830 2590 4897 ),
2621 4828 2714 4882 τὸν
2746 4827 2904 4897 λόγον
2928 4827 3023 4881 ἐπὶ
3068 4827 3195 4891 τοὺς
3225 4825 3557 4889 ἀποστόλους
3594 4825 3841 4897 μετήνεγκε

2309 4920 2536 4993 χαίρων.
2569 4921 2651 4975 ὅτι
2678 4919 2902 4992 Χριστῷ
2921 4919 3020 4992 τὴν
3038 4919 3370 4990 οἰκουμένην
3390 4920 3706 4989 ἐκτήσαντο.
3734 4910 3842 4980 Σύμ-

2311 5031 2490 5084 φωνον
2504 5012 2562 5067 δὲ
2584 5012 2687 5084 τῷ,
2705 5010 3205 5083 ἐμπλησθήσεται
3226 5013 3264 5080 ἠ
3292 5009 3613 5075 οἰκουμένη
3634 5005 3725 5061 τοῦ
3738 5019 3842 5070 καρ-

2309 5105 2429 5161 ποῦ
2448 5104 2657 5169 αὑτοῦ,
2681 5104 2809 5172 τὺ,.ι
2842 5105 2935 5168 Εἰς
2967 5105 3150 5158 πᾶσαν
3177 5103 3277 5175 τὴν
3307 5104 3410 5173 γῆν
3430 5101 3647 5172 ἐξῆλθεν
3670 5099 3695 5151 ὀ
3713 5094 3839 5162 φθόγ-

2311 5212 2409 5266 γος
2455 5193 2661 5250 αὐτῶν.
2701 5212 2721 5247 r
2755 5195 2980 5267 Καρποῖ¹
3009 5193 3117 5267 γὰρ
3145 5192 3386 5265 ἱδρώτων
3430 5187 3773 5246 ἀποστολικῶν
3802 5182 3838 5235 οἰ

2315 5286 2730 5353 πιστεύσαντες,
2761 5286 2855 5352 οὓς
2884 5286 3046 5359 χάριν
3084 5283 3103 5325 ι
3146 5285 3243 5341 καὶ
3269 5283 3532 5355 στέφανον
3559 5284 3587 5336 ὁ
3620 5278 3839 5353 μακάριος

2314 5379 2569 5453 ὠνόμασε
2601 5378 2838 5444 Παῦλος.

633 5454 810 5522 fructu
838 5455 975 5525 ejus,
1008 5457 1261 5531 legimus,
1294 5462 1365 5518 ab
1409 5478 1477 5520 eo
1520 5464 1801 5535 dissentit,
1836 5471 1982 5543 quod
2027 5473 2207 5553 alibi:
2251 5474 2309 5530 in
2356 5489 2578 5531 omnem
2626 5479 2831 5529 terram
2878 5486 3077 5528 sonum
3125 5486 3315 5528 eorum
3396 5479 3673 5526 emanasse
3736 5458 3838 5516 diri-

708 5564 750 5595 "
785 5564 947 5623 llehr.
986 5586 1039 5636 κ,
1072 5571 1163 5627 51.
1240 5575 1284 5605 ⁸⁸
1315 5573 1425 5630 lsa.
1456 5592 1499 5642 I,
1527 5576 1581 5632 9.
1654 5579 1699 5611 δ’
1723 5578 1882 5637 Rom.
1922 5598 1976 5647 v,
2012 5583 2060 5637 Ι.
2140 5586 2186 5617 ⁵ο

2306 5585 2364 5639 ti.
2394 5601 2509 5648 xxi,
2539 5584 2631 5639 52.

1306 5670 1334 5705 ο
1632 5670 1689 5699 λκ

712 5750 735 5790 ⁵
771 5771 838 5824 πο
900 5755 1221 5829 ἐξήνθησαν.
1300 5756 1316 5800 Ῑ
1353 5777 1437 5829 γρ.
1480 5761 1677 5831 χαράν-

1922 5676 2004 5732 VA
2016 5677 2153 5735 llliE
2198 5678 2601 5737 LECTIONES.
