4020 6372
186 258 324 323 2237

1323 266 1872 331 COMMENTARII
1906 270 1993 334 IN
2025 274 2316 340 ISAIAM.

3303 283 3447 349 2238

184 381 271 425 tur
297 371 367 422 ἰ.
406 368 548 424 Sunt
584 369 731 426 enim
772 368 1040 429 sudorum
1083 374 1515 446 apostolicorum
1552 375 1765 434 fructus
1803 378 2095 436 credentes
2131 382 2259 452 ipsi,
2289 397 2431 453 quos
2460 381 2722 453 gaudium
2771 392 2826 441 et
2896 400 3159 442 coronam
3236 404 3449 451 vocarit

179 463 485 531 Apostolus
510 466 579 520 ".

244 554 405 619 Τινὲς
430 555 486 609 δέ
519 574 650 625 φασι
689 556 801 620 τοῖς
825 556 910 626 ἐφ’
944 554 1111 610 αὑτοῦ
1148 555 1324 610 ταῦτα
1350 557 1752 629 συμϐουλεῦσαι

1931 553 2036 611 Sed
2066 571 2175 610 non
2204 555 2427 620 desunt,
2453 560 2546 627 qui
2581 558 2923 626 prephelam,
2959 575 3085 614 cum
3136 563 3451 631 superiores

174 645 265 697 τὸν
299 648 596 716 προφήτην
628 644 703 716 μή
733 644 1063 715 βουλόμενον
1110 644 1310 709 αὐτοὺς
1349 646 1460 700 τῶν
1490 665 1760 720 προηπει-

176 738 429 808 λημένων
452 740 530 802 εἰς
561 739 757 810 πεῖραν
816 736 1014 791 ἐλθεῖν.
1048 736 1365 792 Μεταθέσθε
1400 736 1527 806 γὰρ,
1569 739 1756 810 φησὶν,

175 832 222 884 oi
254 829 395 901 πρὸς
418 830 509 883 τὸν
553 829 764 884 ἑαυτῶν
820 830 1157 901 δημιουργὸν
1200 828 1469 901 ἀράμενοι
1498 830 1757 901 πόλεμον,

174 925 387 994 ἄμαχον
441 923 605 978 αὐτὸν
645 922 790 993 ἔχειν
833 923 931 995 τὴν
957 921 1120 989 φύσιν
1160 921 1553 990 ἐπεγνωκότες.
1603 923 1761 978 Οὕτω

172 1018 280 1089 γὰρ
312 1015 409 1069 καὶ
434 1016 502 1068 τὰ
540 1014 636 1068 τοῦ
660 1014 851 1084 γένους
906 1013 1149 1067 ἐπίδοσιν
1192 1010 1443 1083 λήψεται,
1475 1011 1572 1066 καὶ
1598 1011 1636 1080 ἡ
1676 1012 1761 1067 ol-

174 1106 440 1178 κουμένη
468 1108 614 1161 πᾶσα
640 1109 771 1180 παρ’
789 1106 943 1177 ὑμῶν
965 1104 1341 1177 οἰκηθήσεται.
1387 1105 1532 1159 Ἀντὶ
1561 1104 1617 1158 δὲ
1637 1102 1756 1171 τοῦ,

172 1201 425 1269 simis-nr
450 1200 797 1270 ποιήσωμεν
812 1198 972 1266 αὑτῷ
992 1201 1048 1255 οι
1072 1198 1403 1270 ἐρχόμενοι,
1459 1196 1759 1270 παρέθεντό

171 1309 317 1358 τινες
344 1293 489 1347 κατὰ
520 1295 648 1357 τοὺς
674 1292 869 1358 ἄλλους
907 1291 1277 1363 ὲρμηνευτὰς,
1308 1290 1758 1361 είρηνοποιήσει

164 1403 267 1456 μοι
308 1386 456 1453 τοὺς
489 1385 874 1456 ἐρχομένους,
918 1385 1012 1438 καὶ
1049 1381 1217 1438 Εἶπον
1237 1400 1252 1416 ’
1284 1384 1363 1448 είς
1389 1384 1498 1457 γὰρ
1518 1384 1646 1449 τοὺς
1666 1402 1759 1437 τε-

168 1479 455 1542 λευταίους
507 1479 542 1550 ή
596 1478 923 1550 ἐπιστροφή.
987 1472 1122 1531 Εἶτα
1157 1477 1323 1548 φησιν
1362 1478 1391 1531 ὁ
1431 1477 1754 1548 προφήτης·

165 1573 265 1641 Μὴ
279 1574 362 1639 ὡς
381 1573 563 1640 αὐτὸς
578 1572 766 1640 οὕτως
780 1570 1065 1638 ἐπάταξε,
1081 1571 1178 1626 καὶ
1197 1571 1384 1649 αὐτὸς
1400 1570 1588 1639 οὕτως
1604 1574 1760 1640 πλη-

166 1664 455 1735 γήσεταω
508 1664 537 1718 ὁ
573 1664 631 1717 δὲ
680 1661 808 1726 νοῦς
831 1680 846 1695 ·
881 1664 1032 1731 Μήτι
1084 1662 1258 1717 κακὸν
1289 1662 1412 1717 ἀντὶ
1447 1659 1617 1715 κακοῦ
1646 1662 1759 1725 τοῖς

164 1759 384 1813 ἔθνεσιν
409 1756 736 1813 ἀπεδίδοσαν
782 1758 833 1810 οί
885 1756 1249 1827 κηρύττοντες
1296 1756 1480 1821 αὐτοῖς
1512 1755 1754 1827 εἰρήνην,

164 1854 263 1906 καὶ
301 1849 479 1906 ταῦτα
512 1849 644 1922 παρ’
675 1850 857 1904 αὐτῶν
892 1850 1195 1920 πάσχοντες
1222 1850 1291 1903 τὰ
1329 1848 1647 1913 δεινότατα;
1677 1847 1759 1901 διδ

1862 650 2040 705 minas
2071 650 2126 704 in
2172 665 2306 706 suos
2356 650 2557 705 cadere
2602 652 2790 718 nollet,
2827 652 3035 708 eisdem
3090 653 3192 709 ista
3259 664 3451 725 putent

1860 742 2171 799 consulere.
2219 743 2559 798 Sententiam
2623 746 2791 809 enim,
2839 745 3020 808 aiunt.
3074 756 3306 812 mutate.
3352 751 3447 820 qui

1860 834 2114 905 opiﬁcem
2182 845 2428 891 vestrum
2474 836 2616 890 bello
2668 836 2873 899 adorti,
2918 836 3182 892 invictum
3248 850 3446 895 natura

1860 927 2128 983 exsistere
2148 928 2475 999 agnoscitis.
2508 927 2600 983 Sic
2638 928 2781 983 enim
2810 936 2863 983 et
2890 930 3109 999 generis
3136 947 3330 1002 magna
3362 932 3449 989 ﬁet

1861 1023 2240 1094 ampliﬁcatio,
2281 1033 2338 1079 et
2387 1022 2533 1079 orbis
2564 1024 2860 1079 universus
2901 1040 2930 1077 a
2962 1025 3121 1081 vobis
3178 1026 3449 1083 habitabi-

1862 1125 1971 1171 tur.
2001 1113 2203 1171 Verum
2235 1131 2343 1187 quo
2383 1116 2523 1182 loco,
2557 1115 2753 1171 Pacem
2786 1118 3051 1184 faciamus
3086 1119 3135 1171 ei
3158 1120 3446 1187 uenientes,

1862 1208 2151 1274 habemus,
2178 1216 2310 1265 sunt
2333 1209 2427 1280 qui
2471 1209 2611 1263 alios
2646 1209 2843 1273 secuti,
2889 1211 3142 1278 paciﬁcos
3177 1212 3307 1266 mihi
3359 1230 3446 1269 ue-

1861 1302 2063 1356 nientes
2093 1301 2295 1365 reddet,
2326 1301 2781 1371 interpretentur,
2813 1309 2866 1355 et
2901 1301 2967 1355 ad
2994 1302 3217 1358 ultimos
3241 1320 3444 1360 sermo-

1861 1410 1984 1448 nem
2009 1393 2254 1449 converti
2278 1391 2614 1448 existiment.
2648 1390 2834 1463 Pergit
2870 1408 2999 1447 vero
3046 1393 3100 1446 in
3132 1393 3280 1449 hunc
3322 1411 3445 1451 mo-

1860 1486 1989 1542 dum
2023 1486 2288 1556 propheta
2315 1504 2330 1541 :
2363 1484 2615 1555 Nunquid
2637 1484 2777 1539 sicut
2810 1485 2919 1553 ipse
2946 1487 3229 1555 percussit,
3256 1498 3309 1541 et
3333 1489 3447 1556 ipse

1860 1576 1939 1631 sic
1976 1579 2274 1643 percutiet?
2301 1591 2540 1647 quorum
2573 1575 2665 1630 hic
2686 1590 2884 1631 sensus
2914 1586 3000 1633 est
3033 1594 3048 1631 :
3082 1593 3212 1632 num
3240 1578 3443 1631 malum

1861 1665 2119 1737 gentibus
2167 1673 2489 1736 pensarunt,
2525 1664 2619 1735 qui
2671 1679 2859 1734 pacem
2912 1666 2994 1720 eis
3050 1666 3445 1721 annuntiantes

1861 1758 2187 1828 gravissima
2218 1773 2454 1828 quaque
2488 1757 2557 1812 ab
2583 1757 2790 1813 eisdem
2816 1759 2962 1829 passi
2985 1759 3156 1814 sunt'?
3195 1758 3331 1814 llinc
3361 1767 3445 1814 est

1863 1850 2048 1920 igitur,
2078 1850 2225 1920 quod
2256 1850 2323 1905 ad
2367 1849 2683 1906 incredulos
2719 1852 2796 1905 ait
2824 1867 2839 1905 :
2882 1849 3071 1907 Nonne
3110 1860 3165 1904 tu
3187 1869 3330 1917 eras,
3353 1855 3444 1923 qui

163 1944 307 2015 πρὸς
332 1944 455 2007 τοὺς
479 1943 742 2006 ἀπίστους
775 1942 961 2013 φησίν·
995 1944 1077 1997 Οὐ
1126 1941 1208 1996 σὺ
1234 1938 1394 2012 ἦσθα
1427 1944 1460 1995 ὁ
1486 1940 1752 2011 μελετῶν

1855 1941 2199 1995 meditabaris
2238 1943 2431 2011 spiritu
2458 1943 2592 1997 duro
2613 1959 2705 1998 eos
2747 1944 3039 2012 interficere
3070 1944 3261 2010 spiritu
3289 1944 3442 2012 furo-

162 2034 249 2102 τῷ
292 2035 592 2105 πνεύματι
628 2031 705 2099 τῷ
738 2031 988 2103 σκληρῷ
1026 2031 1269 2087 ἀνελεῖν
1295 2031 1519 2098 αὐτοὺς
1564 2031 1749 2085 πνεύ-

154 2144 305 2197 ματι
341 2126 576 2197 θυμοῦ;
639 2124 756 2179 ἀλλ’
803 2126 927 2179 ἐπεὶ
979 2126 1162 2179 πάντα
1215 2125 1415 2196 ἔφερον
1485 2124 1752 2192 γενναίως

157 2218 249 2271 διὰ
279 2218 541 2289 Χριστὸν,
569 2217 907 2289 ἐπήνεγκεν·
945 2215 1429 2286 Ἀφαιρεθήσεται
1458 2215 1496 2283 ἡ
1533 2214 1753 2284 ἀνομία

157 2311 386 2375 Ἰακὼϐ,
421 2309 579 2365 τοῦτο
598 2310 770 2365 αίτιον
792 2311 892 2380 τῆς
915 2309 1025 2363 τῶν
1048 2309 1335 2381 ἁμαρτιῶν
1368 2309 1637 2377 ἀφέσεως,
1657 2306 1752 2361 καὶ

154 2402 260 2471 τῆς
316 2402 569 2470 εὐλογίας
605 2399 798 2456 είπών.
855 2402 918 2455 Εἰ
964 2402 1075 2471 γὰρ
1145 2399 1451 2473 σωθήσεται
1509 2398 1598 2453 διὰ
1648 2397 1751 2469 τῆς

155 2494 537 2563 τεκνογονίας,
580 2494 676 2548 ἐὰν
706 2494 964 2564 μείνωσιν
999 2494 1058 2545 ἐν
1086 2492 1268 2547 πίστει
1302 2493 1400 2546 καὶ
1429 2492 1622 2565 ἀγάπη
1654 2493 1750 2545 καὶ

156 2586 426 2657 ἁγιασμῷ
481 2586 620 2657 μετὰ
676 2585 1056 2657 σωφροσύνης,
1096 2585 1239 2640 κατὰ
1269 2585 1361 2639 τὸν
1401 2584 1747 2651 Ἀπόστολον,

155 2676 462 2731 ἀκόλουθόν
478 2677 594 2730 ἐστι
614 2676 710 2730 καὶ
733 2675 840 2730 τὸν
872 2676 1071 2731 Ἰακὼϐ
1092 2676 1260 2731 τέκνα
1280 2675 1748 2741 βλαστήσαντα,

154 2768 247 2821 διὰ
276 2768 381 2838 τῆς
392 2768 599 2822 τούτων
623 2768 827 2839 ἀρετῆς
854 2768 1183 2837 κοινωνῆσαι
1205 2765 1385 2820 αὐτῶν
1414 2770 1481 2839 τῇ
1506 2766 1746 2837 εὐλογίᾳ.

154 2861 325 2930 Δηλοῐ
351 2860 412 2914 δὲ
473 2860 706 2925 πολλοὺς
749 2859 839 2914 διὰ
866 2860 965 2930 τῆς
1006 2859 1375 2930 ἀποπολικῆς
1407 2858 1749 2929 σωθήσεσθαι

155 2956 387 3027 χάριτος
421 2956 520 3009 καὶ
552 2954 659 3008 τῶν
699 2955 843 3009 κατὰ
891 2954 1071 3026 σάρκα
1128 2953 1490 3024 γειτνιώντων
1544 2953 1743 3017 αὐτοῖς.

156 3048 420 3102 Μάλιστα
475 3047 533 3102 δὲ
567 3047 741 3102 ταῦτα
786 3046 1114 3119 γενήσεσθαί
1163 3064 1297 3119 φησι
1336 3046 1437 3117 τῆς
1469 3047 1749 3100 εἰδωλολα-

154 3142 350 3212 τρείας
415 3139 873 3214 καταργουμένης
927 3142 992 3214 τῇ
1054 3138 1165 3195 τῶν
1234 3138 1547 3213 εἰρημένων
1600 3139 1750 3194 διδα-

156 3233 385 3290 σκαλία.

226 3412 399 3478 Τινὲς
425 3414 482 3467 δέ
504 3431 689 3484 φασιν,
721 3413 1025 3486 ἐπειδήπερ
1056 3408 1234 3478 εἶπεν,
1265 3413 1346 3481 ὡς
1366 3413 1404 3480 ἡ
1430 3414 1751 3484 οίκουμένη

152 3507 266 3562 τοῦ
294 3507 535 3576 καρποῦ
560 3506 668 3561 τοῦ
691 3498 934 3575 Ἰσραὴλ
956 3507 1474 3576 ἐμπλησθήσεται,
1505 3507 1580 3571 ῶς
1610 3523 1753 3571 τινος

153 3599 638 3671 ἀνθυποφέροντος
657 3614 674 3632 ο
700 3602 793 3654 καὶ
816 3602 923 3672 μὴν
950 3602 1146 3669 γέγονε
1181 3601 1474 3668 σκληρὸς,
1503 3601 1598 3655 καὶ
1625 3600 1752 3664 τοὺς

154 3692 353 3761 ἁγίους
388 3692 679 3746 ἀπέκτεινὲ
713 3710 899 3762 φησιν,
950 3693 1027 3756 ῶς
1053 3693 1117 3745 οὐ
1145 3692 1282 3764 πρὸς
1314 3692 1349 3746 ἃ
1378 3692 1619 3763 ἔπραξαν
1653 3693 1752 3747 αὖ·

152 3786 299 3847 τοῖς,
330 3784 367 3853 ἡ
422 3783 521 3854 τῆς
574 3784 915 3854 ἡμερότητος
956 3792 994 3815 ’³
1023 3783 1334 3854 προσῆλθεν
1376 3782 1549 3854 πηγὴ,
1584 3784 1750 3837 νικῶν

152 3874 211 3927 δὲ
240 3872 658 3947 φιλανθρωπίᾳ,
720 3873 823 3928 οὐκ
875 3874 955 3938 είς
989 3873 1138 3940 ἅπαξ
1174 3874 1367 3927 ἀπολεῖ
1392 3875 1457 3928 τὸ
1500 3875 1588 3929 διὰ
1622 3874 1751 3939 τοὺς

155 3964 416 4034 πατέρας
444 3964 746 4019 ἀπόλεκτον
769 3966 950 4033 γένος.
984 3964 1288 4037 Τοιγαροῦν
1327 3966 1462 4036 φησὶ
1492 3964 1582 4019 διά
1606 3982 1751 4029 τινος

153 4056 271 4109 τῶν
300 4055 599 4128 προφητῶν
625 4058 654 4110 ὁ
678 4055 841 4120 Θεός·
879 4075 899 4109 ι
940 4057 1005 4110 Τί
1055 4074 1137 4111 σοι
1175 4057 1411 4128 ποιήσω,
1467 4056 1747 4127 Ἐφραῖμ;

154 4148 223 4202 Τί
256 4164 344 4201 σοι
391 4148 624 4219 ποιήσοι,
669 4146 868 4215 Ἰούδας
910 4148 998 4213 Ὧς
1035 4149 1246 4213 Ἀδαμὰ
1275 4147 1514 4220 θήσομαί
1540 4166 1623 4211 σε,
1654 4146 1752 4202 καὶ

152 4240 234 4303 ὡς
270 4238 561 4311 Σεσωείμ;
589 4242 959 4315 Μετεστράφη
979 4244 1012 4312 ή
1035 4241 1235 4314 καρδία
1260 4260 1362 4313 μου
1386 4243 1447 4295 ἐν
1467 4241 1546 4313 τῷ
1578 4243 1747 4314 αὐτῷ.

156 4333 552 4405 Συνεταράχθη
577 4336 609 4406 ή
648 4335 982 4406 μεταμέλειά
1010 4352 1134 4404 μου.
1169 4336 1245 4389 Οὐ
1269 4337 1345 4407 μὴ
1372 4337 1585 4408 ποιήσω
1608 4337 1751 4389 κατὰ

154 4426 258 4495 τὴν
291 4426 466 4497 ὀργὴν
495 4424 589 4479 τοῦ
631 4425 806 4497 θυμοῦ
838 4445 960 4497 μου.
990 4428 1107 4484 Οὐκ
1132 4427 1514 4499 ἐγκαταλείψω
1536 4428 1630 4483 τοῦ
1664 4429 1753 4495 ἐξ·

154 4515 491 4587 αλειφθῆναι
524 4517 617 4569 τὸν
658 4517 920 4590 Ἐφραῒμ,
953 4518 1086 4572 διότι
1112 4519 1244 4583 Θεὸς
1276 4518 1387 4588 ἐγὼ
1418 4520 1476 4573 ὲν
1515 4521 1620 4585 σοὶ,
1658 4522 1750 4575 καὶ

1852 2035 1926 2089 ris
1949 2036 1972 2091 ?
1994 2034 2063 2087 At
2091 2034 2355 2105 quoniam
2401 2037 2586 2090 omnia
2613 2036 2835 2091 fortiter
2858 2037 3061 2092 Christi
3095 2038 3319 2092 nomine
3353 2037 3437 2092 fc-

1851 2126 2067 2193 rebant,
2082 2126 2389 2196 Auferetur.
2408 2127 2642 2192 addidit,
2662 2129 2916 2195 iniquitas
2945 2127 3113 2182 Iacob
3135 2144 3154 2192 ,'
3180 2137 3440 2199 tanquam

1851 2233 1971 2273 eam
2021 2219 2431 2290 consequendam:
2475 2229 2831 2289 peccatorum
2882 2220 3246 2285 remissionis,
3278 2231 3443 2292 atque

1851 2308 1989 2364 adeo
2028 2309 2435 2367 benedictionis
2466 2326 2692 2367 causam
2729 2326 2855 2368 esse
2883 2311 3145 2367 fateatur.
3189 2312 3248 2368 Si
3287 2315 3436 2370 enim

1852 2411 2077 2473 propter
2106 2402 2339 2458 ﬁliorum
2370 2404 2813 2475 procreationem
2846 2404 3034 2461 salvus
3072 2403 3288 2459 futurus
3310 2416 3395 2461 est
3421 2424 3436 2473 ;

1851 2494 1897 2550 si
1935 2495 1989 2549 in
2023 2496 2146 2563 ﬁde,
2188 2498 2233 2552 si
2270 2496 2324 2551 in
2356 2498 2675 2561 dilectione,
2709 2498 2754 2553 si
2791 2498 2845 2552 in
2876 2498 3314 2553 sanctiﬁcatione
3346 2500 3443 2554 de-

1852 2586 2018 2657 nique
2056 2595 2109 2643 et
2136 2590 2456 2655 sobrietate,
2488 2591 2564 2644 ait
2582 2591 2881 2660 Apostolus
2903 2592 2972 2653 ⁸³.
2995 2592 3436 2661 permanserint;

1849 2687 1898 2731 et
1931 2677 2192 2733 Iacobum
2220 2680 2398 2749 ipsum
2427 2680 2589 2753 342
2612 2682 2705 2751 qui
2736 2680 2877 2749 ﬁlios
2906 2680 3191 2750 produxit,
3216 2696 3439 2737 eorum-

1851 2770 1974 2825 dem
2016 2770 2238 2827 virtutis
2276 2782 2330 2828 et
2356 2772 2764 2829 benedictionis
2793 2774 3115 2843 participem
3156 2772 3270 2827 ﬁeri
3301 2788 3438 2828 con-

1851 2877 2090 2932 sequens
2124 2861 2309 2917 fuerit.
2338 2862 2625 2933 Signiﬁcat
2655 2868 2837 2916 autem
2899 2862 3199 2932 apostolica
3252 2861 3429 2931 gratia

1851 2955 2152 3024 permultos
2179 2971 2243 3010 ex
2284 2970 2478 3009 eorum
2509 2955 2675 3010 etiam
2702 2970 2951 3017 numero,
2982 2953 3072 3023 qui
3098 2953 3424 3024 propinqui-

1854 3055 1964 3100 tate
2003 3047 2290 3119 sanguinis
2322 3047 2446 3103 illos
2473 3047 2774 3118 attingunt,
2810 3047 3043 3102 salutem
3084 3061 3206 3101 esse
3233 3061 3432 3101 conse-

1852 3145 2099 3193 cuturos.
2150 3139 2255 3193 Ista
2286 3148 2470 3193 autem
2509 3146 2626 3193 tum
2687 3138 2804 3195 fore
2836 3138 3093 3200 maxime,
3154 3151 3277 3190 cum
3339 3153 3437 3206 per

1852 3245 2064 3295 eorum,
2088 3245 2226 3301 quos
2257 3245 2424 3301 supra
2465 3231 2768 3299 nominavi,
2795 3229 3108 3285 doctrinam
3166 3228 3435 3284 idolorum

1854 3322 2037 3377 cultus
2075 3325 2384 3378 evanuerit.

1921 3414 2091 3469 Aiunt
2125 3430 2254 3469 vero
2300 3413 2572 3474 nonnulli,
2607 3412 2735 3482 quia
2781 3411 2958 3481 [ructu
2992 3410 3215 3465 Israelis
3262 3410 3436 3465 orbem

1852 3518 2118 3562 terrarum
2140 3507 2394 3577 repletum
2414 3506 2484 3559 iri
2512 3503 2675 3571 dixit,
2695 3511 2954 3574 tanquam
2985 3513 3310 3558 occurrente
3337 3504 3435 3557 ali-

1850 3614 1981 3670 quo,
2008 3607 2063 3654 et
2092 3607 2373 3660 monente,
2404 3597 2599 3650 durum
2647 3612 2770 3651 eum
2806 3596 3113 3661 exstitisse,
3141 3612 3249 3649 non
3279 3598 3343 3649 ad
3371 3611 3436 3651 ea

1853 3707 2047 3761 usque,
2073 3706 2195 3761 qua:
2217 3690 2271 3745 in
2304 3690 2443 3744 istos
2475 3690 2565 3744 ille
2597 3688 2854 3759 patrarit,
2883 3687 3082 3742 divina:
3109 3696 3430 3745 mansuetu-

1850 3782 1998 3836 dinis
2026 3781 2229 3836 fontem
2257 3795 2379 3836 esse
2402 3794 2857 3851 progressurum,
2886 3779 2981 3835 sed
3026 3789 3285 3849 tanquam
3336 3781 3435 3833 bu-

1852 3876 2116 3930 manitate
2165 3872 2529 3944 superiorem,
2566 3881 2786 3944 propter
2835 3881 3053 3943 patrum
3110 3870 3431 3926 tuetnoriam

1850 3966 2124 4023 delectum
2158 3982 2353 4037 genus,
2386 3982 2493 4020 non
2531 3966 2753 4037 penitus
2780 3982 2902 4021 esse
2931 3964 3274 4036 perditurum
3310 3978 3434 4033 pro.

1850 4061 2066 4130 phetam
2095 4058 2450 4130 respondere.
2489 4060 2669 4129 Atque
2693 4059 2821 4113 hinc
2875 4073 3024 4123 esse,
3057 4056 3203 4127 quod
3262 4057 3430 4110 alium

1845 4152 2142 4222 quem-lam
2205 4152 2260 4205 in
2320 4151 2433 4205 haec
2461 4149 2625 4204 verba
2677 4150 2991 4219 alloquatur
3018 4149 3167 4204 Deus
3195 4163 3211 4201 τ
3249 4167 3265 4200 α
3292 4147 3436 4214 Quid

1854 4242 1947 4295 libi
1973 4239 2193 4305 faciam,
2221 4238 2522 4310 Ephraim?
2547 4238 2675 4308 quid
2709 4238 2801 4292 tibi
2830 4238 3046 4303 faciam,
3084 4236 3261 4291 Juda?
3291 4236 3437 4290 Tan-

1852 4345 2013 4399 quam
2037 4328 2241 4383 Adama
2267 4343 2464 4398 ponam
2498 4335 2572 4390 te,
2605 4336 2698 4379 aut
2724 4336 2983 4394 tanquam
3028 4323 3273 4379 Seboin?
3301 4340 3436 4379 cun-

1852 4436 2069 4475 versum
2106 4427 2191 4475 est
2222 4434 2320 4473 cor
2360 4434 2539 4472 meum
2596 4417 2648 4471 in
2680 4418 2783 4471 hoc
2844 4417 2985 4486 ipso.
3011 4416 3298 4469 Commota
3350 4422 3435 4469 est

1854 4511 2140 4583 pteuitudo
2174 4525 2314 4566 mea.
2352 4508 2467 4564 Non
2503 4509 2697 4565 faciam
2747 4506 3051 4563 secundum
3088 4507 3225 4559 iram
3280 4504 3435 4559 l'uro-

154 4609 259 4662 οῠκ
290 4608 584 4681 ἄνθρωπος
620 4610 677 4663 ὲν
711 4611 797 4663 σοὶ
842 4610 1019 4678 ἅγιος.
1060 4630 1080 4664 ι
1123 4611 1211 4676 Ὠς
1234 4610 1343 4682 γὰρ
1382 4611 1514 4675 Θεὸς
1541 4612 1745 4681 ἄφατον

1855 4605 1929 4656 ris
1966 4601 2092 4667 mei,
2126 4619 2234 4658 non
2269 4602 2583 4672 permittam
2617 4608 2675 4654 ut
2704 4600 2951 4655 deleatur
2984 4596 3277 4667 Ephraim;
3302 4611 3439 4665 quo—

156 4698 271 4770 εχει
306 4697 411 4768 τὴν
432 4698 773 4770 ἡμερότητα.
802 4700 960 4763 Τινὲς
992 4699 1048 4753 δέ
1062 4716 1224 4769 φασιν
1249 4698 1324 4763 ὡς
1344 4699 1407 4752 οὐ
1423 4698 1533 4752 τῶν
1550 4700 1750 4770 ὁμοίων

154 4790 375 4861 ἔτυχον.
410 4789 579 4843 Αὐτοὶ
598 4790 696 4860 μὲν
724 4791 834 4862 γὰρ
864 4791 1173 4861 ἀνέστησαν
1202 4789 1398 4845 εἴδωλα
1423 4790 1562 4861 πρὸς
1591 4790 1749 4845 ἀναί-

157 4896 313 4949 ρεσιν
338 4878 449 4951 τῆς
474 4879 640 4935 αὐτοῦ
671 4880 924 4953 θεότητος
956 4881 1081 4935 ὅσον
1104 4880 1165 4935 τὸ
1202 4880 1290 4936 ἐπ’
1318 4879 1514 4946 αὐτούς
1533 4895 1548 4910 ⁸
1588 4881 1752 4947 αὐτὸς

152 4973 209 5027 δὲ
242 4973 310 5028 οὐ
356 4973 645 5038 παντελῶς
702 4974 905 5039 αὐτοὺς
939 4976 1179 5047 ἀναιρεῖ,
1230 4973 1368 5027 ἀλλὰ
1403 4974 1473 5028 τὰ
1503 4974 1600 5046 μὲν
1627 4974 1751 5027 ἐπι-

154 5067 441 5137 πλήττων,
474 5067 546 5122 τὰ
587 5066 645 5121 δὲ
676 5067 1139 5139 ὑπομιμνήσκων,
1169 5062 1245 5122 ῶν
1276 5066 1467 5139 ἔτυχον
1498 5064 1745 5136 ἀγαθῶν,

152 5158 254 5228 τὴν
272 5156 583 5229 ἀνάκλησιν
604 5158 703 5229 τῆς
718 5157 1101 5229 αἰχμαλωσίας
1122 5158 1434 5229 ἐποιήσατο.
1454 5158 1641 5226 Λέγων
1669 5157 1746 5223 δὲ,

157 5248 242 5302 Οὐ
253 5247 344 5303 σὺ
368 5242 532 5317 ἦσθα
551 5249 584 5302 ό
590 5248 860 5318 μελετῶν
871 5248 951 5315 τῷ
962 5249 1258 5320 πνεύματί
1272 5264 1389 5303 σου
1409 5245 1490 5314 τῷ
1504 5248 1751 5317 σκληρῷ

154 5340 409 5396 ἀνελεῖν
446 5340 704 5407 αὑτούςς
755 5341 1169 5414 ὑπομιμνήσκει
1214 5343 1313 5415 τῆς
1362 5340 1622 5412 ἀπειλῆς,
1681 5334 1751 5414 ἦς

1852 4698 1996 4749 niam
2021 4693 2166 4749 Deus
2191 4708 2294 4765 ego
2324 4697 2378 4748 in
2413 4702 2489 4757 ιο,
2507 4700 2562 4746 et
2592 4708 2699 4747 non
2725 4692 2889 4745 homo
2914 4691 2968 4744 in
3004 4697 3059 4745 te
3084 4688 3427 4745 sanctus'h

1851 4786 2027 4842 liabet
2060 4786 2230 4854 enim,
2264 4794 2324 4840 ut
2353 4783 2518 4847 Deus,-
2560 4782 2890 4839 ineffabilem
2930 4781 3432 4837 mansuetudinem.

1849 4868 2057 4935 Volunt
2105 4878 2200 4934 alii
2260 4878 2416 4950 paria
2489 4891 2840 4947 nequaquam
2904 4890 3027 4931 esse
3082 4885 3432 4930 consecutos.

1850 4970 2003 5042 Ipsos
2035 4970 2206 5036 enim,
2240 4969 2371 5026 licet
2414 4969 2560 5025 idola
2588 4968 2655 5023 ad
2708 4967 2831 5039 ejus
2863 4967 3175 5023 divinitatis
3223 4964 3436 5021 exstin-

1854 5064 2117 5130 ctionem,
2144 5072 2411 5134 quantum
2463 5062 2517 5116 in
2549 5078 2609 5117 se
2671 5060 2869 5128 fuerat,
2930 5060 3258 5122 erexissent,
3324 5070 3432 5110 non

1856 5156 2076 5226 penitus
2109 5156 2336 5212 sustulit
2377 5164 2579 5217 tamen,
2613 5154 2706 5209 sed
2741 5154 2935 5224 partim
2960 5153 3203 5214 territos,
3234 5148 3431 5219 partim

1854 5249 2019 5303 etiam
2050 5248 2105 5303 in
2137 5248 2408 5303 bonorum
2441 5246 2764 5301 memoriam
2818 5254 3131 5306 revocatos,
3162 5242 3364 5311 quibus
3402 5254 3432 5291 a

1856 5356 1918 5396 se
1950 5339 2130 5397 allecti
2164 5341 2410 5409 sunt,ab
2460 5339 2657 5396 exsilio
2702 5339 2999 5395 revocavit.
3055 5338 3187 5391 Cum
3250 5344 3432 5388 autem

231 5519 277 5553 "
313 5517 467 5576 Psal.
499 5536 655 5588 mn,
689 5519 755 5584 ὃς
789 5520 949 5579 Rom.
984 5538 1037 5591 χ,
1082 5521 1171 5578 18.
1245 5522 1291 5557 ⁸¹
1325 5520 1565 5593 Philipp.
1598 5536 1673 5586 tv,
1708 5521 1752 5576 l.

1855 5522 1865 5554 '
1902 5522 1919 5575 l
1954 5520 2099 5579 Tim.
2128 5520 2265 5589 n,9.
2344 5521 2391 5554 ”
2424 5518 2565 5578 Osce
2597 5534 2656 5583 ιι,
2690 5516 2746 5587 8,
2781 5518 2838 5575 ο.

234 5713 276 5744 ιι
312 5702 405 5756 Ia.
443 5702 503 5757 λ.
530 5700 688 5757 Θεοῦ.

1449 5630 1685 5688 VARI/8
1711 5630 2109 5691 LECTIONES

2722 5680 2757 5719 ‘
