3908 6508
606 371 748 436 2239

1900 369 2256 432 PROCOPII
2288 373 2533 437 ϐΑΖᾸίι

3691 374 3800 441 22w

530 479 540 507 ⁸
608 492 740 546 dicit
774 506 791 545 :
834 488 1027 543 Nonne
1056 499 1111 542 tu
1130 505 1274 558 eras,
1299 490 1502 557 quieos
1553 488 1747 555 spiritu
1797 487 1933 541 duro
1972 488 2185 556 interﬁ-

2303 490 2426 545 ιατά
2446 489 2556 543 τῶν
2579 485 2815 542 είδὼλων
2852 484 3135 540 ἐποιοῦντο
3184 483 3428 557 θρασέως
3462 486 3811 557 ἐπαγγελλόμε.

540 566 546 579 ’
608 598 721 637 cere
742 579 1083 634 meditabaris
1108 582 1132 622 9
1158 579 1335 634 minas
1358 580 1479 635 illas
1507 578 1563 633 in
1598 578 1920 633 memoriam
1949 586 2195 645 revocat,

608 672 809 742 quibus
844 670 897 725 in
926 670 1070 725 idola
1128 670 1464 725 confidenter
1493 670 1599 735 usi,
1630 685 1694 725 ea
1744 684 1805 725 se
1854 669 2194 725 contrituros

609 771 804 834 sponte
828 761 1249 832 pollicebantur,
1287 761 1433 830 quod
1461 776 1609 816 nunc
1664 777 1726 817 re
1751 761 1871 833 ipsa
1929 771 2195 833 praestare

610 854 954 909 adhortatur.
977 853 1057 906 Ita
1083 852 1253 919 enim,
1281 853 1378 919 ait,
1411 860 1465 908 et
1483 854 1713 922 peccatis
1750 853 1939 909 vestris
1971 853 2192 910 liberari

613 958 709 998 vos
738 942 1052 1012 contigerit.

682 1034 786 1088 Sed
814 1033 959 1087 enim
986 1031 1052 1086 ad
1076 1032 1307 1101 primam
1340 1030 1760 1101 explicationem
1816 1038 2191 1088 revertamur.

609 1125 719 1179 Ista
751 1123 1023 1193 siquidem
1062 1138 1187 1176 cum
1218 1122 1448 1192 apostoli
1476 1122 2195 1193 praestiterintJerramque

610 1215 1001 1286 prmdieatione
1028 1216 1362 1284 repleverint
1387 1232 1401 1280 ;
1426 1215 1519 1285 qui
1551 1230 1680 1285 grex
1700 1214 1830 1269 olim
1858 1214 2011 1285 longe
2038 1216 2196 1269 habi-

613 1310 783 1373 tabat,
818 1308 941 1363 ideo
966 1308 1319 1378 relinquetur,
1349 1308 1495 1378 quod
1522 1319 1799 1377 pastorem
1834 1309 2065 1372 bonum,
2099 1309 2194 1379 qui

612 1399 849 1452 animam
916 1413 1070 1453 suam
1119 1414 1216 1467 pro
1242 1398 1437 1453 ovibus
1495 1405 1663 1468 ponat
1694 1399 1762 1463 ⁸³,
1795 1414 1906 1453 non
1962 1400 2197 1455 admise-

614 1496 762 1543 runt.
790 1489 977 1557 Itaque
1010 1488 1221 1543 animas
1257 1488 1417 1560 343
1437 1504 1588 1554 suas,
1614 1491 1782 1545 veluti
1814 1490 2069 1560 regiones
2095 1490 2195 1545 ali-

613 1598 774 1651 quas,
806 1583 860 1634 in
886 1597 1087 1651 pascua
1118 1582 1268 1635 ahire
1289 1581 1433 1651 passi
1462 1593 1612 1647 sunt,
1640 1598 1778 1653 quas
1807 1582 2041 1638 vastavit
2064 1597 2195 1653 aper

615 1677 683 1728 de
713 1675 875 1739 silva,
910 1689 1050 1743 quas
1078 1673 1229 1729 l‘erns
1269 1674 1568 1743 singularis
1595 1674 1857 1745 depastus
1889 1681 1996 1739 est,
2032 1682 2088 1730 et
2138 1675 2194 1728 in

613 1767 694 1821 cis
733 1767 1121 1835 requieverunt
1145 1778 1517 1837 corruptores.
1557 1767 1690 1833 Qua:
1723 1767 1941 1837 quidem
1967 1768 2041 1822 ita
2071 1766 2193 1823 red-

613 1856 751 1913 didit
800 1858 1165 1929 Symmachus
1202 1860 1249 1893 ³⁶
1290 1876 1305 1914 :
1346 1858 1551 1914 Civitas
1594 1860 1733 1914 enim
1790 1860 1998 1914 munita
2052 1860 2191 1927 sola,
2229 1840 2270 1894 Β

615 1951 852 2019 speciosa
882 1949 1223 2020 relinquetur,
1258 1959 1308 2005 et
1340 1950 1639 2006 dimittetur
1677 1962 1931 2021 tanquam
1960 1952 2190 2009 deserta.

616 2040 696 2095 Ibi
745 2051 991 2107 pascetur
1038 2039 1256 2104 vitulus,
1283 2048 1333 2094 et
1381 2042 1455 2095 ibi
1498 2042 1796 2105 accnbabit,
1826 2052 1874 2097 et
1921 2051 2192 2097 consumet

616 2149 793 2186 ramos
816 2133 952 2201 ejus.
978 2130 1045 2186 In
1074 2134 1313 2188 siccitate
1342 2135 1525 2189 messis
1553 2134 1667 2204 ejus
1693 2145 1996 2190 conteretur
2021 2151 2040 2190 :
2069 2137 2194 2205 qui-

614 2228 848 2283 buscum
880 2229 1137 2282 convenit
1164 2235 1219 2283 et
1244 2228 1576 2297 reliquorum
1607 2228 1770 2283 etiam
1791 2229 2190 2299 interpretatio.

617 2318 710 2374 Est
735 2334 863 2374 vero
917 2327 972 2373 et
1004 2333 1069 2374 ea
1116 2319 1255 2388 ipsa,
1288 2334 1411 2390 qua
1459 2320 1614 2389 prius
1661 2320 1847 2375 ciuitas
1883 2322 2110 2387 munita,
2140 2328 2194 2376 et

613 2413 744 2468 vitis
787 2413 1019 2482 pulchra
1058 2412 1340 2467 nominata
1381 2422 1486 2480 est,
1526 2428 1691 2485 quam
1721 2421 1844 2484 post
1896 2415 2192 2470 stabilitam

616 2502 1111 2574 conﬁrmataiuque
1145 2505 1521 2574 apostolorum
1573 2506 2043 2575 praedicationem,
2071 2515 2194 2577 post

617 2595 887 2648 sublatam
902 2597 1067 2650 etiam
1080 2596 1445 2652 idololatriam
1462 2598 1724 2654 desertam
1739 2597 1856 2654 fore
1872 2598 2196 2668 pronuntia-

616 2686 715 2741 vit.

686 2778 857 2831 Aiunt
891 2778 1162 2843 nonnulli,
1188 2786 1477 2851 postquam
1510 2796 1570 2837 se
1601 2796 1708 2837 non
1741 2795 1928 2853 aequas
1957 2779 2048 2847 iis,
2074 2796 2198 2851 qua

618 2868 673 2922 in
714 2877 968 2924 sanctum
1005 2871 1172 2927 Israel
1206 2872 1571 2941 admiserunt,
1600 2890 1794 2946 poenas
1823 2874 2191 2946 repositurum

618 2960 885 3027 dixisset;
909 2964 1089 3030 qualis
1122 2964 1339 3019 tandem
1378 2965 1543 3037 hujus
1573 2967 1960 3023 commotionis
1992 2966 2194 3022 modus

620 3051 837 3108 futurus
867 3056 962 3119 sit,
994 3056 1146 3109 illum
1180 3056 1501 3127 adjnngere.
1562 3057 1765 3113 Rixans
1794 3069 1842 3115 et
1870 3058 2195 3124 exprobrans

617 3145 814 3198 emittet
835 3162 946 3205 eos,
976 3145 1027 3199 id
1056 3155 1163 3211 est,
1194 3162 1223 3201 a
1280 3148 1363 3202 sui
1394 3148 1675 3203 consortio
1702 3155 1757 3203 et
1818 3148 2198 3203 familiaritate

618 3235 853 3305 rejiciet.
879 3236 1081 3291 Rixans
1108 3237 1276 3300 enim,
1310 3238 1364 3293 id
1397 3246 1483 3294 est
1512 3239 1829 3309 obiurgans,
1857 3253 1889 3293 a
1932 3255 1993 3296 se
2024 3238 2203 3296 Israe-

619 3326 724 3382 Iem
749 3327 938 3396 rejecit
956 3327 1227 3382 Salvator.
1252 3328 1363 3384 Nec
1394 3328 1503 3386 nisi
1534 3328 1901 3398 exprobrantis
1932 3331 2024 3385 illa
2049 3339 2202 3398 sunt,

621 3417 714 3472 ubi
738 3418 815 3472 ait
843 3436 857 3472 :
888 3436 908 3471 ι
931 3417 1254 3483 Jerusalem,
1276 3419 1586 3477 Jerusalem
1608 3462 1623 3484 .
1650 3438 1771 3491 quae
1808 3422 2017 3479 occidis
2076 3438 2205 3493 pro-

622 3511 816 3581 phetas
832 3510 923 3577 "‘,
960 3528 979 3563 ι
1012 3518 1066 3565 et
1095 3526 1217 3581 qua:
1246 3511 1526 3583 deinceps.
1553 3513 1743 3581 Vides,
1768 3522 1830 3568 ut
1862 3513 2207 3585 obiurgando

619 3617 716 3658 eos
746 3617 775 3655 a
812 3618 871 3658 se
908 3604 1219 3660 removet-it.
1266 3606 1343 3659 Ita
1375 3613 1555 3661 tamen
1589 3614 1649 3661 ut
1672 3618 1901 3662 servatas
1931 3608 2043 3663 sint
2072 3608 2205 3663 reli-

622 3696 783 3767 quiae,
814 3697 882 3753 de
904 3699 1107 3768 quibus
1150 3699 1225 3753 ita
1256 3700 1401 3771 apud
1450 3700 1649 3755 Isaiam
1692 3722 1704 3758 :
1743 3701 1799 3757 Si
1831 3701 1997 3759 fuerit
2020 3717 2208 3759 nume-

623 3802 721 3842 rus
764 3786 1000 3842 ﬁliorum
1058 3788 1225 3844 Israel
1288 3792 1464 3845 instar
1495 3807 1676 3848 arena:
1700 3793 1893 3858 maris,
1960 3792 2207 3864 reliquiae

624 3877 999 3933 servabuntur
1029 3879 1097 3934 ".
1122 3899 1141 3932 ι
1175 3879 1472 3946 Εηινοοινοι
1505 3896 1639 3937 vero
1663 3881 1799 3951 ipsis
1839 3896 2037 3951 magna
2076 3898 2210 3938 usus

626 3966 877 4022 libertate
912 3967 997 4022 vir
1043 3978 1290 4033 sani-tus,
1324 3977 1584 4039 tanquam
1615 3972 1707 4041 qui
1767 3971 1833 4027 de
1866 3974 2074 4027 sanctis
2126 3973 2213 4027 in-

623 4055 963 4113 terﬂciendis
977 4058 1227 4113 meditari
1249 4075 1359 4115 non
1388 4062 1739 4118 erubuerint:
1763 4063 1909 4133 quod
1937 4064 1982 4119 si
2010 4079 2211 4134 negare

2292 600 2373 636 νοι
2397 581 2678 654 ἐκτρίψειν
2702 578 2862 644 αὐτὰ,
2877 577 3211 650 παρακαλῶν
3238 578 3440 640 αὐτοὺς
3458 580 3536 642 είς
3558 578 3700 649 ἔργον
3716 582 3813 646 ἀγα.

2292 674 2412 739 γεῖν
2443 671 2541 742 τὴν
2570 670 2887 741 ὑπόσχεσιν.
2918 668 3079 723 Οὕτω
3106 668 3238 740 γὰρ,
3272 668 3432 738 φησὶ,
3462 670 3556 723 καὶ
3595 671 3701 724 ἀπὸ
3728 674 3813 726 τῶν

2293 762 2594 834 ἁμαρτιῶν
2620 761 2789 831 ὑμῶν
2807 761 3305 833 καθαρισθήσεσθε.
3345 760 3627 833 ’Δλλάγάρ
3651 763 3729 817 ἐπὶ
3745 768 3816 835 τὴν

2294 854 2521 927 πρώτην
2553 854 2815 925 ἐξήγησιν
2839 852 3245 923 ἐπανέλθωμεν.
3276 852 3467 906 Ταῦτα
3490 853 3595 923 γὰρ
3611 854 3813 910 τῶνὰπο·

2296 948 2501 1002 στόλων
2531 947 2936 1019 πεποιηκότων,
2960 945 3057 1001 καὶ
3079 946 3174 999 τοῦ
3200 945 3557 1016 κηρύγματος
3577 947 3818 1018 πεπληρω-

2294 1040 2471 1095 κότων
2492 1039 2593 1110 τὴν
2614 1040 2739 1111 γῆν.
2768 1039 2829 1093 τὸ
2872 1039 3040 1092 πάλαι
3084 1038 3561 1106 κατοικούμενον
3597 1040 3820 1109 ποίμνιον

2294 1133 2680 1203 ἀφεθήσεται.
2711 1133 2786 1186 Οὐ
2828 1131 2939 1203 γὰρ
2968 1131 3189 1198 ἐδέξατο
3216 1132 3308 1185 τὸν
3338 1132 3508 1185 καλὸν
3534 1133 3823 1202 ποιμένιτὺν

2295 1227 2456 1280 θέντα
2513 1227 2614 1295 τὴν
2674 1225 2869 1280 ἑαυτοῦ
2913 1224 3091 1295 ψυχὴν
3122 1224 3262 1295 ὑπὲρ
3300 1223 3414 1278 τῶν
3436 1224 3727 1294 προϐάτων.
3753 1228 3820 1280 Διὸ

2293 1319 2393 1381 τάς
2459 1317 2669 1372 ἑαυτῶν
2718 1318 2917 1388 ψυχὰς,
2944 1311 3034 1371 οἷα
3066 1316 3130 1385 δὴ
3176 1315 3362 1387 χώρας
3390 1316 3569 1379 τινάς,
3603 1316 3817 1389 ἐποίησαν

2291 1410 2606 1479 βόσκημα,
2637 1408 2707 1471 ἃς
2766 1410 3077 1480 ἐλυμήνατο
3112 1402 3178 1472 ὗς
3224 1409 3288 1462 ἐκ
3322 1408 3557 1482 δρυμοῦ,
3580 1410 3666 1462 καὶ
3686 1412 3823 1480 μονιδς

2294 1504 2484 1573 ἄγριος
2537 1504 2970 1573 κατενεμήσατο,
3026 1501 3121 1555 καλ⁵
3166 1502 3225 1553 ἐν
3262 1500 3459 1564 αὐταῖς
3482 1502 3531 1554 οἱ
3565 1501 3824 1572 φθείροντες

2294 1595 2695 1651 ἀνεπαύσαντο.
2726 1596 2912 1666 Ἀπερ
2938 1595 3113 1657 οὕτως
3134 1593 3363 1659 ἐξέδωκε
3391 1591 3713 1664 Σύμμαχος·
3744 1596 3825 1647 [10'-

2293 1690 2388 1755 λις
2419 1687 2529 1758 γὰρ
2549 1686 2907 1757 ὠχυρωμένη
2926 1688 3105 1758 μόνη,
3126 1685 3286 1755 καλὴ
3303 1684 3561 1755 ἀφεῖται,
3588 1685 3676 1739 καθ
3696 1685 3829 1753 ἐγκυ-

2296 1780 2699 1843 ταλέλειπται,
2724 1780 2806 1847 ὠς
2847 1779 3087 1849 ἕρημος.
3128 1777 3289 1832 Ἐκεῖ
3332 1776 3728 1847 νεμηθήσεται
3752 1779 3827 1843 μό-

2299 1886 2473 1941 σχος,
2507 1870 2604 1924 καί
2620 1869 2750 1924 ἐκεῖ
2768 1871 3254 1935 κοιτασθήσετυι,
3290 1868 3391 1922 καὶ
3414 1867 3706 1922 ἀναλώσει
3726 1868 3831 1932 τοὺς

2299 1962 2567 2028 κλάδους
2614 1960 2829 2029 αὐτῆς.
2875 1962 2977 2014 Ἐν
3018 1960 3099 2027 τῷ
3147 1959 3531 2028 ξηρανθῆναι
3579 1958 3676 2013 τὸν
3717 1962 3828 2027 θερι-

2299 2052 2460 2124 σμὸν
2489 2050 2699 2119 αὐτῆς,
2729 2052 3262 2122 συντριϐήσονται.
3294 2046 3393 2115 Οἷς
3426 2052 3525 2105 καὶ
3551 2052 3619 2104 τὰ
3637 2050 3732 2104 τῶν
3751 2051 3828 2103 loto

2301 2145 2420 2199 πῶν
2470 2143 2827 2216 ἑρμηνευτῶν
2875 2146 3181 2215 συμφωνεῖ.
3221 2143 3373 2215 Αὕτη
3422 2143 3483 2197 δέ
3530 2144 3669 2197 ἐστιν
3701 2144 3729 2213 ή
3764 2142 3831 2195 καὶ

2301 2239 2431 2309 πρὶν
2468 2238 2736 2309 εἰρημένη
2765 2240 2942 2304 πόλις
2999 2236 3191 2306 ὀχυρὰ
3218 2237 3314 2290 καὶ
3338 2236 3606 2307 ἀμπελῶν
3632 2237 3663 2305 ή
3688 2235 3831 2297 καλὸς.

2300 2330 2369 2401 ἥν
2392 2346 2560 2399 φησιν
2618 2329 2846 2399 ἔρημον
2878 2328 3097 2383 ἔσεσθαι
3130 2326 3270 2398 μετά
3307 2327 3369 2382 τὸ
3423 2325 3535 2381 τῶν
3576 2326 3833 2381 ἀποστόλων

2303 2422 2581 2493 πανταχοῦ
2616 2421 2934 2494 κυρωθῆναι
2956 2422 3017 2475 τὸ
3038 2423 3325 2494 κήρυγμα,
3346 2421 3447 2477 καὶ
3473 2420 3573 2491 τὴν
3598 2420 3698 2488 τῆς
3712 2419 3836 2472 cida-

2300 2516 2661 2586 λολατρείιις
2691 2515 3033 2586 καθαίρεσιν.

2374 2781 2530 2844 Τινές
2580 2797 2767 2850 φασιν.
2792 2779 2867 2841 ὡς
2892 2780 3063 2833 είπὼν
3099 2780 3181 2851 μὴ
3207 2781 3309 2851 τὴν
3360 2781 3491 2849 ἴσην
3519 2780 3834 2852 ἀπαιτηθήσεο

2307 2871 2432 2925 σθαι
2462 2872 2620 2939 δίκην
2661 2866 2736 2924 ὧν
2778 2870 2922 2923 κατά
2976 2870 3087 2924 τῶν
3116 2870 3288 2939 ἁγίων
3317 2871 3730 2941 ἐπλημμέλησεν
3761 2871 3835 2921 ἰσ-

2308 2962 2469 3035 ραὴλ,
2504 2963 2703 3031 ἐπάγει
2737 2964 2890 3015 ποῖον
2930 2962 3037 3032 ἄρα
3090 2962 3151 3015 τὸ
3208 2961 3412 3033 μέτρον
3437 2962 3538 3032 τῆς
3586 2963 3666 3015 ἐπ’
3695 2961 3834 3019 αὐτοῖς

2305 3053 2463 3109 ἐσται
2510 3055 2800 3131 κινήσεως.
2849 3054 3205 3123 Μαχόμενος
3256 3054 3359 3107 καὶ
3414 3052 3702 3112 ὀνειδίζων
3732 3051 3835 3113 ἐξο-

2305 3145 2596 3201 atomus?
2633 3144 2876 3211 αὐτοὺς,
2909 3145 3150 3217 δηλονότι
3197 3146 3301 3217 τῆς
3333 3146 3477 3216 πρὸς
3506 3145 3660 3199 αὐτὸν
3682 3142 3835 3197 οἰκειό-

2307 3255 2488 3308 τητος.
2530 3236 2921 3308 Ἀπεπέμψατο
2958 3236 3067 3308 γὰρ
3108 3237 3202 3291 τὸν
3239 3236 3465 3308 Ἰσραὴλ
3489 3238 3520 3291 6
3564 3234 3735 3305 Σωτήρ
3753 3250 3836 3301 μα-

2306 3329 2588 3400 χόμενος.
2622 3328 2739 3383 ἀντὶ
2775 3326 2871 3381 τοῦ
2911 3328 3283 3397 ἐπιπλήττων.
3319 3328 3569 3397 Ἔφασκε
3595 3325 3695 3396 γὰρ
3719 3324 3837 3377 ὀνει-

2305 3417 2479 3479 δίζων
2501 3417 2706 3480 αὐτοῖς’
2740 3436 2760 3469 ι
2797 3415 3171 3487 Ἰερουσαλήμ,
3188 3411 3839 3487 ἰερουσαλὴμ,ήάποκτεία

2307 3526 2474 3563 νουσα
2500 3510 2649 3572 τοὺς.
2676 3509 2984 3579 προφήτας,
3020 3526 3039 3560 ι
3089 3509 3186 3561 καὶ
3242 3508 3310 3560 τά
3352 3506 3581 3578 ἐφεξῆς.
3622 3506 3760 3577 ὐρᾷς
3782 3502 3838 3564 ὡς

2310 3600 2681 3671 ἐπιπλήττων,
2732 3599 2934 3663 αὐτοὺς
2981 3598 3369 3669 ἀπεπέμψατο.
3428 3597 3587 3652 Ἀλλά
3623 3597 3838 3649 σέσωσται

2309 3693 2370 3748 τὸ
2418 3693 2792 3764 κατάλειμμα,
2840 3694 2985 3749 καθά
3031 3711 3195 3763 φησιν
3238 3693 3469 3757 Ἡσαΐας
3499 3710 3515 3724 ο
3570 3691 3722 3745 «Ἐὰν
3758 3684 3837 3760 ᾖό

2309 3786 2544 3858 ἀριθμὸς
2569 3787 2678 3839 τῶν
2712 3786 2846 3839 υἱῶν
2883 3786 3121 3857 Ἰσραήλ,
3170 3786 3246 3851 ὡς
3275 3787 3309 3857 ή
3343 3785 3533 3856 ἄμμος
3558 3784 3653 3852 τῆς
3676 3780 3835 3836 θαλάσ-

2311 3895 2434 3947 σης,
2469 3877 2530 3931 τὺ
2578 3877 2927 3948 κατάλειμμα
2960 3878 3283 3949 σωθήσεται.
3318 3897 3338 3930 ι
3401 3877 3675 3938 Ὀνειδίζὲι
3702 3874 3837 3928 δὲκαὶ

2310 3970 2339 4023 ὁ
2390 3969 2679 4041 προφήτης
2737 3968 2876 4038 μετά
2926 3967 3241 4040 παρρησίας
3290 3969 3500 4032 αὐτοῖς,
3531 3966 3604 4031 ὡς
3654 3962 3836 4035 μελέτην

2313 4060 2710 4132 πεποιημένοις
2738 4060 2986 4130 ἀναιρεῖν
3014 4060 3143 4123 τοὺς
3169 4061 3379 4129 ἁγίους.
3411 4060 3534 4115 Κάν
3554 4052 3833 4130 ἀρνήσησθε,

629 4148 820 4212 velint,
872 4149 957 4203 vel
1007 4150 1123 4220 ipse
1149 4151 1251 4215 ait,
1284 4150 1339 4205 in
1399 4151 1774 4207 testimonium
1806 4153 2060 4224 prodeat,
2113 4156 2200 4226 qui

2314 4154 2504 4225 φησὶν,
2543 4153 2752 4223 μάρτυς
2779 4153 2808 4205 ὁ
2836 4151 3039 4221 λέγων·
3075 4169 3095 4203 ι
3130 4152 3265 4207 Τίνα
3312 4151 3424 4223 γὰρ
3454 4151 3563 4206 τῶν
3592 4144 3835 4221 προφητῶν

625 4239 756 4293 dicit
798 4256 812 4294 :
855 4259 874 4292 ι
899 4241 1071 4307 Quem
1103 4242 1248 4296 enim
1278 4243 1666 4313 prophetarum
1692 4256 1877 4315 patres
1905 4248 2072 4302 vestri
2098 4264 2200 4303 non

2313 4246 2416 4300 οὐκ
2470 4246 2803 4299 ἀπέκτειναν
2844 4243 2895 4297 οἱ
2948 4242 3185 4314 πατέρες
3232 4243 3425 4313 ὑμῶνς
3470 4262 3491 4296 s
3542 4241 3647 4297 Kal.
3673 4238 3833 4291 πάλιν·

628 4330 1028 4388 iuterl‘ecerunt
1056 4334 1144 4388 “?
1182 4354 1202 4385 ι
1245 4333 1540 4392 Et'rursus
1573 4352 1588 4389 :
1637 4354 1656 4389 ι
1696 4336 1813 4392 Non
1864 4338 2021 4396 decet
2086 4354 2200 4411 pro-

2320 4358 2339 4391 s
2372 4340 2495 4392 Ὅτι
2513 4338 2615 4391 οὐκ
2637 4336 2920 4407 ἐνδέχεται
2944 4336 3232 4407 προφήτην
3247 4335 3545 4390 ἀπολέσθαι
3560 4334 3657 4398 ἔξω
3679 4332 3833 4401 Ἱερουο

626 4423 844 4493 phetam
876 4426 1051 4494 perire
1075 4435 1226 4481 extra
1257 4424 1637 4482 Jerusalem".
1667 4447 1686 4480 ι
1710 4427 1920 4485 Interea
1950 4440 2130 4487 autem
2156 4441 2200 4487 el

2316 4430 2518 4501 σσλήμ.
2544 4447 2562 4482 ι
2629 4427 2729 4481 Διά
2791 4427 2959 4498 μέσου
3028 4427 3086 4481 δέ
3138 4426 3369 4490 τούτους
3421 4425 3656 4494 ἐλέγξας,
3711 4419 3835 4474 πάλιν

625 4517 728 4570 ista
756 4517 808 4571 in
843 4532 939 4573 eos
972 4518 1396 4588 reprehensione
1430 4535 1589 4585 usus,
1623 4521 1693 4575 ad
1728 4536 1793 4576 ea
1816 4539 2055 4590 rursum,
2089 4539 2200 4594 qua

2314 4522 2499 4591 ἔχεται
2528 4520 2631 4590 τῆς
2663 4520 2856 4590 πρώην
2906 4517 3236 4583 ἀκολουθίας
3286 4518 3363 4580 ῶς
3406 4520 3473 4572 ἐκ
3519 4515 3645 4572 Θεοῦ
3682 4512 3830 4581 λέγων.

626 4620 800 4674 nuper
847 4608 1148 4677 inceperat,
1204 4611 1538 4678 revertitur;
1592 4612 1873 4683 velutique
1928 4624 2200 4685 assumpta

2310 4613 2414 4666 Διὰ
2451 4611 2629 4666 τοῦτο
2684 4609 3150 4680 ἀφαιρεθήσεται
3184 4611 3222 4678 ἡ
3253 4610 3473 4678 ἀνομία
3516 4605 3721 4663 Ἰακώϐ.
3759 4599 3833 4655 Διὰ

630 4697 719 4749 Dei
747 4713 974 4765 persona
1018 4700 1248 4768 adjicit.
1288 4700 1580 4772 Propterea
1623 4704 1899 4768 auferetur
1951 4706 2200 4775 iniquitas

2311 4703 2490 4758 τοῦτο
2542 4704 2695 4756 ποῖον
2726 4718 2741 4769 ;
2790 4700 2981 4772 ἐπειδὴ
3005 4701 3121 4771 ”οὑχ
3161 4700 3236 4764 ὡς
3263 4699 3430 4764 αὐτὸς
3459 4697 3678 4758 ἀνεῖλεν,
3701 4691 3829 4750 οὕτως

625 4786 814 4843 Jacob.
848 4789 951 4844 Sed
986 4807 1249 4861 quorsum
1281 4803 1559 4863 propterea
1588 4796 1842 4850 addidit?
1871 4795 2000 4851 Ideo
2048 4797 2200 4852 nimi-

2314 4794 2763 4866 ἀναιρεθήσεται.
2806 4794 3025 4865 Ἀνήσει
3048 4793 3158 4864 γὰρ
3191 4792 3287 4845 καὶ
3318 4791 3470 4863 αὐτῷ
3499 4789 3635 4844 κατά
3657 4780 3831 4853 καιροῦς

629 4901 775 4951 rum,
803 4886 946 4954 quod
981 4904 1091 4943 non
1127 4898 1184 4942 ut
1221 4890 1513 4958 interfecit,
1549 4891 1631 4947 sic
1662 4901 1716 4947 et
1754 4893 1871 4963 ipse
1918 4892 2215 4949 interficie-

628 4980 738 5027 tnr.
771 4973 901 5029 Nam
932 4978 1057 5031 etei
1088 4992 1189 5032 suo
1214 4987 1455 5050 tempore
1473 4992 1697 5051 peccata
1736 4971 2216 5050 cdndonabuntur,

628 5066 770 5136 quod
788 5066 1021 5136 ejusdem
1032 5068 1195 5141 344
1213 5069 1588 5126 benedictionis
1603 5072 1824 5129 nomine
1845 5073 2213 5144 signiﬁcatum

627 5167 725 5212 est.
760 5159 815 5213 Si
856 5161 1001 5214 enim
1042 5175 1142 5231 pro
1189 5162 1375 5216 delicti
1424 5163 1801 5234 magnitudine
1828 5179 2022 5234 pmnas
2056 5180 2215 5237 repo-

631 5262 831 5317 sceret,
870 5267 978 5307 non
1011 5268 1070 5309 re
1102 5254 1470 5323 pmstitissel,
1494 5255 1639 5326 quod
1673 5256 1987 5311 Abrahamo
2030 5257 2213 5313 verbis

629 5342 808 5399 fuerat
850 5345 1123 5413 pollicitus
1144 5347 1230 5402 cui
1258 5366 1271 5401 :
1311 5366 1332 5399 ι
1357 5346 1693 5405 Benedicens
1722 5349 1819 5403 tibi
1844 5349 2163 5405 benedicam
2193 5390 2209 5417 ,

630 5445 683 5493 et
704 5439 1077 5510 multiplicans
1105 5440 1481 5510 multiplicabo
1506 5451 1558 5497 te
1577 5442 1644 5506 σθ,
1673 5461 1691 5494 ι
1715 5442 1875 5507 dixit,
1900 5457 2023 5497 cum
2048 5442 2209 5497 toties

630 5539 973 5600 posterorum
996 5532 1117 5603 ejus
1143 5533 1387 5604 peccatis
1408 5534 1697 5589 lacessitus
1714 5534 1811 5589 sit.
1834 5535 1903 5589 At
1921 5534 2090 5599 enim,
2113 5535 2213 5599 ait,

2313 4886 2384 4941 τά
2413 4886 2723 4956 ὀφλήματα.
2774 4884 2886 4937 Καὶ
2914 4882 3074 4937 τοῦτό
3114 4886 3261 4938 ἐστιν
3317 4883 3355 4951 ἦ
3384 4881 3625 4952 εὐλογία

2320 4979 2381 5033 Εἰ
2410 4977 2521 5049 γὰρ
2554 4978 2757 5049 ἀπῄτει
2798 4974 2935 5048 πρὸς
2974 4974 3132 5043 ἀξίαν
3158 4972 3257 5046 τήν
3280 4973 3460 5041 δίκην,
3495 4971 3590 5027 οὐκ
3624 4969 3683 5023 ἀν
3721 4964 3827 5035 Em)

2318 5069 2557 5141 προῆλθε
2586 5070 2647 5123 τὸ
2675 5068 2838 5139 ὸηθέν
2879 5066 3153 5139 ’Δσραάμ,
3186 5065 3469 5135 ιΕὑλογῶν
3497 5061 3745 5130 εὐλογήσω
3764 5068 3822 5112 σε.

2314 5166 2410 5220 καὶ
2440 5163 2733 5235 πληθύνων
2777 5161 3036 5233 πληθυνῶ
3097 5177 3181 5227 σε,
3214 5178 3235 5212 ι
3277 5159 3514 5214 τοσαῦτα
3559 5154 3825 5221 πεπλημμε-

2313 5258 2556 5329 ληκότων
2620 5256 2729 5309 τῶν
2776 5254 2835 5322 ἐξ
2888 5252 3077 5308 αὐτοῦ.
3139 5254 3279 5306 Πότε
3323 5252 3403 5319 δὲ,
3432 5250 3608 5323 φησιν,
3644 5246 3724 5316 ἔσῃ
3745 5237 3823 5292 τῶν

2314 5347 2810 5418 πλημμελημάτων
2866 5344 3195 5416 ἐλεὺθερος;
3252 5344 3341 5397 ὅτε
3405 5344 3456 5397 oi
3515 5341 3596 5395 διὰ
3640 5335 3821 5389 πίστεως

2316 5439 2645 5511 κεκλημένοι
2663 5441 2764 5508 τῆς
2790 5438 3025 5507 ἀρχαίας
3055 5433 3625 5507 καταστρατεύσωνται
3646 5422 3818 5488 πλάνης.

2320 5534 2430 5587 πᾶν
2463 5531 2635 5602 αὐτῆς
2680 5528 3055 5598 ἐξαλείφοντες
3108 5526 3384 5599 λείψανον,
3418 5520 3696 5595 συμφώνως
3736 5512 3817 5567 ταῖς

701 5734 748 5765 ⁵⁸
780 5732 935 5788 Juan.
969 5751 1021 5799 ι,
1058 5736 1144 5792 I5.
1220 5738 1432 5791 '“l’sul.
1470 5753 1655 5801 um,
1692 5740 1771 5791 Μ.
1838 5740 1913 5771 ⁵⁸⁸
1949 5738 2131 5793 Matth.
2167 5754 2193 5791 κ

2303 5777 2310 5800 ,
2347 5735 2434 5791 37.
2482 5734 2523 5765 ⁸⁷
2553 5730 2653 5787 lsa.
2691 5747 2742 5796 κ,
2778 5728 2839 5784 2|
2870 5746 2884 5785 :
2920 5728 3078 5786 Rom.
3120 5744 3197 5796 Ix,
3228 5729 3328 5797 27;
3358 5745 3429 5794 τι,
3450 5728 3501 5783 5.
3570 5721 3796 5774 “Acti”

636 5804 726 5859 52.
805 5806 848 5835 δ’
878 5804 1012 5861 Luc.
1048 5822 1166 5873 sm,
1192 5809 1281 5863 55.
1356 5810 1400 5841 ⁶⁰
1428 5810 1563 5864 Gen.
1598 5826 1705 5876 ut,
1754 5811 1833 5865 IU.
