4020 6372
58 4140 67 4199 ἱ

606 372 756 439 2243
1106 418 1110 422 ρ
1902 356 2210 420 PROCUP]

2311 351 2546 416 ΞΑΖιΕῐ
3717 345 3835 413 22η

608 501 719 542 non
747 484 866 539 sine
885 479 1074 536 dolore
1102 475 1401 548 parituram
1435 474 1640 529 liberos
1691 471 1872 528 edicto
1900 480 2179 528 sanxerat.

2311 469 2362 538 τῷ
2395 463 2732 537 δηλουμένῳ,
2757 458 3096 531 συμφράξει
3130 457 3348 525 Κύριος
3376 454 3501 511 ἀπὸ
3535 453 3642 523 τῆς
3665 456 3837 529 διώρυ-

614 577 797 631 Monet
822 584 1001 627 autem
1029 568 1364 633 Iudaeorum,
1395 566 1522 637 quia
1548 563 1700 619 stulti
1728 571 1872 625 sunt,
1922 577 2026 615 non
2086 560 2190 613 mi-

613 677 877 722 serturunt
902 661 1190 718 Dominum
1216 676 1231 724 ;
1258 657 1353 713 sed
1375 672 1473 713 eos
1501 663 1648 711 stato
1681 652 1847 724 346
1882 660 1938 706 et
1962 649 2193 705 deﬁnito

615 769 858 826 tempore
884 773 916 809 a
937 752 1177 824 ﬂuminis
1204 752 1352 805 alveo
1382 748 1750 804 conclusurnm
1777 762 1796 810 ;
1826 743 1973 814 quod
1999 758 2191 810 percu-

2297 575 2404 628 τος
2455 556 2562 611 τοῦ
2608 552 2875 623 ποταμοῦ
2921 552 3057 621 ὅπερ
3125 549 3376 611 πατὰεει
3441 548 3766 618 ἐρμήνευσαν
3799 559 3838 608 οἱ

2296 650 2498 714 λοιποὶ,
2529 647 2817 718 δηλοῦντες
2870 643 3161 708 πατάξειν
3205 643 3419 709 Κύριον
3465 641 3595 702 τοὺς
3617 643 3841 708 ἀπίστους

2297 738 2563 801 ἐκείνους,
2598 738 2693 791 καὶ
2721 736 2816 789 τὸν
2845 735 2973 787 λαὸν
2996 734 3089 787 τὸν
3120 732 3397 788 ἀσύνετον.

615 825 778 907 tiendi
818 849 981 905 verbo
1041 852 1432 917 expresserunt
1484 842 1616 909 alii;
1659 849 1717 895 ut
1754 837 2004 893 inﬁdeles
2066 835 2411 903 stultumque
2475 831 2737 903 populum
2780 844 3154 898 percussurum
3227 825 3517 880 Dominum
3603 825 3838 897 signiﬁca-

617 951 761 996 rent.

687 1031 950 1102 Sequitur
1000 1028 1261 1096 deinceps
1314 1024 1417 1079 loci
1488 1022 1817 1093 designatio,
1872 1037 1905 1074 a
1953 1019 2194 1089 ﬂuminis

614 1124 782 1186 alveo,
830 1121 898 1176 ad
928 1128 1213 1174 torrentem
1243 1130 1409 1186 usque
1434 1113 1660 1185 τερψιιί
1690 1155 1706 1181 ,
1739 1121 1799 1166 ut
1831 1112 1974 1183 apud
2036 1111 2199 1181 Sym-

614 1212 869 1267 machum
900 1216 1237 1277 ceterosque
1290 1206 1523 1276 legimus
1585 1205 1947 1274 interpretes,
1995 1202 2198 1271 quibm

614 1302 797 1358 verbis
836 1302 1206 1355 Romanorum
1263 1297 1528 1352 adversus
1590 1294 1829 1358 Iudaeos,
1857 1310 1889 1349 a
1937 1293 2198 1349 Iordanis

615 1393 852 1449 fortasse
919 1389 1084 1445 ﬁuvio
1113 1389 1181 1444 ad
1234 1397 1516 1443 torrentem
1553 1401 1730 1457 usque
1779 1385 2199 1441 Rhinocoruram

614 1482 853 1553 Egypto
888 1474 1309 1543 conterminam,
1344 1489 1666 1549 vagaturum
1714 1478 1915 1533 bellum
1972 1476 2201 1532 demon-

614 1579 846 1627 stratur.
880 1568 986 1624 Sed
1024 1570 1183 1634 istos,
1212 1571 1310 1636 ait,
1347 1571 1518 1641 virgis
1541 1570 1698 1625 cedet
1723 1568 1990 1625 Dominus
2028 1569 2204 1625 scuti-

615 1677 739 1717 cam
766 1662 823 1717 in
853 1677 971 1726 eos,
1003 1662 1241 1717 hostium
1279 1662 1492 1718 scilicet
1523 1662 1850 1725 exercitum,
1896 1668 1958 1716 ut
2008 1659 2208 1731 resipi-

616 1767 775 1806 scere
806 1752 1021 1817 doceat,
1062 1751 1350 1806 inducens.
1372 1752 1504 1807 lnde
1529 1753 1695 1824 igitur
1724 1759 1778 1807 et
1802 1751 1893 1805 illa
1914 1750 2205 1819 usurpavit

616 1843 921 1913 superius:
960 1840 1051 1897 Vae
1102 1842 1364 1913 Assyriis,
1416 1844 1568 1915 virga
1617 1843 1710 1897 irae
1768 1850 1823 1896 et
1877 1840 2084 1897 luroris
2156 1840 2210 1895 in

2375 1009 2508 1068 Εἶτα
2544 1012 2713 1067 τόπον
2746 1007 3000 1081 ἀφορίζει
3030 1005 3140 1062 ἀπὸ
3183 1004 3277 1059 τοῦ
3301 1004 3549 1072 ῥείθρου
3618 996 3843 1076 ποταμοῦ

2300 1109 2412 1173 ἓως
2461 1106 2570 1161 τοῦ
2616 1102 2939 1173 χειμάῤῥου
3005 1100 3332 1168 Αἰγύπτου,
3381 1095 3531 1150 κατὰ
3572 1097 3845 1168 Σύμμαχωιν

2304 1194 2459 1269 ᾧπερ
2493 1194 2874 1266 ἰσοδυναμοῦσι
2905 1192 3000 1246 καὶ
3046 1193 3096 1245 οἱ
3125 1190 3305 1243 λοιποὶ
3332 1187 3731 1259 περιορίζοντος
3774 1192 3845 1245 τοί

2303 1293 2465 1362 λόγου
2495 1291 2587 1345 τὸν
2621 1289 2744 1344 κατ’
2779 1285 3051 1341 Ἰουδαίων
3098 1283 3203 1337 ὑπὸ
3247 1282 3542 1353 Ῥωμαίων
3592 1285 3850 1351 γενησόμε.

2284 1396 2395 1441 ’νον
2425 1384 2683 1456 πόλεμον,
2734 1380 2845 1435 ἀπὸ
2877 1374 3129 1448 ποταμοῦ
3168 1375 3311 1445 τάχα
3364 1372 3462 1427 τοῦ
3501 1371 3752 1444 Ἰορδάνου
3778 1376 3850 1444 μέ.

2308 1498 2399 1549 χρι
2457 1478 2563 1532 τοῦ
2608 1473 2929 1547 χειμάρῤου
2989 1467 3508 1536 Ῥεινοκορούρων,
3559 1466 3699 1536 ἥπερ
3735 1469 3851 1521 ἐστὶν

2302 1570 2582 1639 Αἰγύπτου
2619 1567 2893 1639 μεθόριον.
2936 1562 3100 1618 Ἀλλὰ
3133 1560 3358 1623 τούτους
3419 1558 3543 1629 μὲν,
3588 1559 3730 1628 φησὶ,
3772 1562 3849 1631 ῥα-

2308 1664 2482 1718 ϐδίσει
2512 1661 2717 1734 Κύριος
2743 1657 2929 1723 αὐτὸς,
2956 1654 3176 1721 ἐπάγων
3199 1652 3385 1715 αὐτοῖς
3408 1650 3508 1721 τὴν
3541 1650 3762 1719 μάστιγα
3778 1653 3852 1722 τὴν

2313 1751 2767 1825 ἐπιστρεπτικὴν,
2799 1748 2860 1802 τὸ
2913 1747 3023 1801 τῶν
3061 1744 3341 1814 πολεμίων
3393 1741 3853 1810 στρατόπεδον.Δώ

2314 1841 2409 1896 καὶ
2437 1840 2551 1895 ἄνω
2607 1838 2812 1906 ἔλεγεν·
2880 1854 2900 1888 ι
2934 1835 3074 1888 Οὐαὶ
3119 1832 3451 1901 Ἀσσυρίοις,
3498 1832 3532 1899 ἠ
3580 1831 3755 1900 ῥάϐδος
3778 1834 3853 1901 τῆς

618 1930 874 1985 manibus
901 1945 1092 1985 eorum
1132 1931 1199 1986 “.
1239 1949 1257 1982 ι
1296 1930 1495 1987 Dicunt
1539 1933 1632 1986 alii
1664 1930 1941 2001 Euphrate
1969 1939 2024 1986 et
2071 1929 2195 1985 Rhi‘

2311 1934 2491 2005 Βργῆς,
2530 1932 2627 1986 καὶ
2659 1929 2758 1985 τοῦ
2790 1927 2967 1997 θυμοῦ
3000 1928 3058 1980 ἐν
3082 1927 3201 1988 ταῖς
3233 1924 3421 1994 χερσὶν
3451 1921 3650 1974 αὐτῶν.
3682 1941 3698 1973 ι
3732 1923 3853 1987 Τινὲς

621 2036 893 2077 nocorura
941 2020 1183 2077 Iudaeam
1246 2030 1507 2094 tanquam
1560 2025 1849 2085 limitibus.
1915 2022 2201 2093 distingui.

618 2110 841 2179 Deinde,
879 2112 1223 2168 concludendi
1285 2116 1473 2181 verbo,
1510 2130 1608 2186 pro
1653 2113 1961 2179 obsidendi,
1999 2120 2053 2168 et
2079 2112 2211 2167 alni-

620 2205 803 2269 gendi,
840 2206 1157 2275 prophetam
1211 2221 1372 2263 usum
1428 2219 1571 2263 esse.
1606 2206 1743 2262 Tum
1789 2207 2011 2263 demum
2058 2206 2207 2261 enim

621 2305 769 2351 recte
793 2297 1316 2365 concludidicimur,
1351 2315 1476 2354 cum
1526 2297 1901 2368 prementibus
1959 2296 2209 2366 undique

621 2386 801 2453 malis,
830 2387 1015 2443 nullus
1048 2387 1229 2459 eﬁ‘ugii
1262 2389 1415 2445 locus
1452 2388 1613 2445 nobis
1683 2388 2033 2459 relinquitur.
2064 2385 2211 2442 Con-

620 2479 767 2534 clndi
795 2490 1058 2551 praeterea
1087 2490 1144 2537 et
1174 2482 1291 2552 ipsa
1320 2479 1635 2536 Iudaeorum
1662 2495 1818 2535 mens
1846 2480 1953 2535 rite
1985 2479 2209 2545 dicitur,

622 2587 745 2641 quae
774 2573 1021 2630 veritatis
1060 2573 1245 2629 lumen
1280 2589 1390 2628 non
1448 2573 1725 2627 admittat.
1756 2571 1988 2629 Caecitas
2037 2572 2211 2639 enim,

623 2662 929 2717 secundum
961 2663 1178 2718 beatum
1203 2662 1545 2732 Apostolum,
1572 2678 1640 2717 ex
1669 2671 1823 2733 parte
1852 2661 2040 2717 lsraeli
2074 2676 2212 2717 con-

625 2754 781 2825 tigit:
822 2772 842 2806 ι
879 2754 944 2808 Et
961 2755 1029 2810 ad
1055 2758 1200 2811 hunc
1225 2771 1397 2825 usque
1430 2756 1599 2821 diem,
1628 2770 1753 2811 cum
1777 2755 1977 2826 legitur
2007 2753 2211 2819 Moses,

624 2847 870 2903 velamen
894 2846 1044 2902 cordi
1079 2847 1202 2916 ejus
1237 2848 1558 2903 obtenditur
1582 2847 1648 2902 ".
1687 2865 1707 2900 ι
1745 2844 1853 2902 Sed
1885 2847 2038 2901 verbi
2076 2862 2210 2918 pra?

624 2940 857 2996 conibus
896 2940 967 2994 ita
998 2940 1259 3010 deinceps
1294 2941 1525 3010 imperat
1563 2938 1864 2994 Dominus:
1891 2938 1991 2994 Vos
2038 2947 2214 2993 autent

624 3042 937 3105 congregate
958 3032 1236 3105 sigillatim
1259 3033 1400 3103 ﬁlios
1429 3031 1624 3088 Israel.
1654 3031 1771 3088 Etsi
1803 3031 1948 3087 enim
1997 3028 2216 3088 confer-

633 3126 731 3180 tim
759 3127 825 3180 ad
860 3126 1018 3180 ﬁdem
1055 3134 1314 3181 recusent
1357 3125 1642 3191 accedere,
1672 3124 1804 3195 quia
1854 3125 2089 3195 populus
2132 3131 2218 3180 est

627 3214 1044 3287 intelligentiam
1107 3234 1218 3272 non
1274 3217 1515 3283 habens;
1576 3231 1688 3270 non
1740 3215 1955 3287 aliquos
2018 3222 2208 3271 tamen

628 3308 929 3379 sigillatim,
963 3310 1087 3364 licet
1119 3324 1323 3379 paucos
1356 3308 1601 3379 colligere
1622 3306 1725 3363 fuit
1751 3309 2161 3380 aspernandum
2200 3327 2216 3377 ;

630 3399 697 3454 ad
720 3387 939 3471 quoset
969 3415 1200 3471 magnus
1240 3399 1329 3455 ille
1345 3399 1543 3455 Petrus
1566 3400 1623 3455 in
1665 3399 1781 3454 haec
1807 3399 1980 3455 verba
2001 3400 2220 3456 locutus

629 3503 712 3548 est
740 3510 753 3547 :
790 3512 807 3545 ι
835 3491 900 3545 Ει
927 3509 1098 3560 nunc,
1128 3492 1348 3559 fratres,
1384 3494 1499 3550 scio
1532 3492 1679 3565 quod
1709 3508 1808 3564 per
1852 3493 2219 3564 ignorantiam

633 3769 779 3825 mine
810 3769 1111 3825 Domini“.
1148 3810 1163 3826 .
1204 3811 1221 3827 .
1259 3812 1276 3829 .
1317 3810 1335 3828 .
1378 3813 1393 3828 .
1434 3811 1451 3827 .
1490 3811 1506 3828 .
1550 3813 1567 3831 .
1614 3793 1633 3827 ι

1213 3863 1367 3920 CAP.
1400 3864 1637 3920 XXVIII.

703 3950 1062 4024 347348
1090 3951 1258 4009 Villis.
1290 3954 1434 4009 1-22.
1474 3955 1564 4011 Vw
1589 3970 1796 4009 corona:
1819 3954 2051 4025 injuriae,
2088 3971 2228 4007 mer-

636 4045 835 4098 cenarii
868 4044 1143 4113 Ephraim.
1178 4044 1311 4101 Flos
1341 4047 1535 4101 cadens
1558 4047 1622 4101 de
1669 4046 1842 4117 gloria
1893 4062 2047 4115 super
2074 4046 2225 4100 reni-

636 4151 745 4189 cem
770 4137 961 4191 montis
981 4137 1211 4208 pinguis,
1244 4138 1481 4208 quiebrit'
1518 4140 1644 4194 estis
1669 4139 1863 4211 absque
1914 4138 2055 4194 vino.
2088 4136 2223 4194 Ecce

637 4229 774 4299 forte
800 4240 847 4284 et
875 4229 1093 4297 durum,
1128 4249 1148 4283 ι
1183 4242 1294 4288 etc.

706 4410 892 4482 349.
938 4446 957 4465 .
1001 4446 1019 4464 .
1058 4447 1077 4465 .
1115 4449 1130 4465 .
1162 4409 1375 4481 Figuris
1416 4408 1626 4467 relictis
1656 4409 1725 4465 ad
1765 4410 2017 4467 veritatis
2055 4410 2223 4466 liber-

640 4510 808 4557 tatem
838 4500 1117 4557 accedere.
1157 4519 1177 4553 ι
1211 4500 1453 4572 Spiritus
1484 4503 1630 4558 enim
1688 4503 1833 4559 Deus
1864 4513 1981 4568 est;
2016 4513 2072 4558 et
2124 4502 2217 4573 qui

640 4592 819 4663 ipsum
849 4591 1104 4657 adorant,
1127 4606 1225 4647 eos
1258 4591 1312 4646 in
1360 4592 1559 4662 spiritu
1615 4601 1669 4647 et
1704 4593 1937 4647 veritate
1983 4594 2216 4649 adorare

2312 2025 2370 2078 δὲ
2400 2022 2586 2094 φασὶν,
2644 2020 2721 2084 ὡς
2767 2018 3029 2082 Ἰουδαίας
3076 2016 3191 2085 ὅροι
3225 2012 3523 2084 Εὐφράτης
3561 2012 3651 2065 καὶ
3698 2012 3854 2065 Ῥειτο-

2314 2116 2577 2185 κόρουρα.
2618 2113 2683 2166 Ϊδ
2711 2111 2767 2164 δὲ
2813 2108 3172 2180 συμφράξει,
3206 2106 3331 2160 ἀντὶ
3375 2102 3472 2157 τοῦ
3522 2102 3852 2174 πολιορκήσει,

2312 2207 2411 2261 καὶ
2439 2205 2639 2275 θλίψει.
2690 2204 2755 2257 Ἦ
2790 2202 2899 2274 7&9
2937 2198 3301 2269 σύμφραξις,
3357 2195 3713 2265 συγκλεισμός
3738 2198 3853 2249 ἐστιν

2314 2298 2576 2367 ἀφύκτων
2633 2295 2842 2350 κακῶν.
2909 2293 3070 2347 Ἀλλά
3120 2292 3215 2345 καὶ
3268 2291 3726 2359 συγκέκλεισται
3771 2289 3853 2341 τῶν

2327 2386 2645 2443 Ἰουδαίωνό
2687 2386 2816 2451 νοῦς
2848 2387 2923 2455 ,ού
2964 2382 3344 2456 προσιεμένων
3384 2381 3487 2453 τῆς
3539 2378 3771 2449 ἀληθείας
3806 2380 3853 2432 τὸ

2316 2481 2449 2551 φῶς.
2487 2498 2505 2531 t
2544 2478 2811 2549 Πὼρωσις
2844 2495 2862 2529 ι
2893 2475 3023 2547 γὰρ,
3074 2475 3217 2528 κατὰ
3237 2473 3330 2527 τὸν
3369 2471 3517 2525 θεῖον
3559 2470 3849 2527 Ἀπόστολον,

2325 2593 2343 2626 ι
2374 2574 2481 2629 ἀπὸ
2514 2574 2717 2645 μέρους
2744 2572 2935 2641 γέγονε
2961 2570 3039 2640 τῷ
3085 2567 3321 2639 Ἰσραήλ,
3374 2566 3474 2620 καὶ
3510 2564 3637 2636 ἄχρι
3658 2564 3851 2635 σήμερον

2315 2668 2484 2739 ἡνίκα
2538 2666 2979 2737 ἀναγινώσκηται
3029 2664 3261 2733 Μωσῆς,
3322 2660 3593 2732 κάλυμμα
3647 2660 3730 2713 ἐπὶ
3777 2659 3852 2729 τὴν

2316 2759 2549 2830 καρδίαν
2577 2758 2759 2812 αὐτῶν
2808 2760 3043 2812 κεῖται.»
3088 2757 3213 2819 Τοῖς
3241 2754 3299 2808 δὲ
3332 2753 3428 2807 τοῦ
3482 2753 3637 2822 λόγου
3668 2751 3851 2823 κήρυξιν

2318 2853 2448 2924 ἑξῆς
2495 2852 2821 2923 προστάττει
2850 2852 3026 2919 λέγων
3057 2851 3085 2903 ὁ
3107 2849 3312 2920 Κύριος
3333 2861 3348 2877 ⁸
3394 2846 3583 2918 Ὑμεῖς
3615 2846 3676 2899 δὲ
3705 2860 3851 2899 συνσ-

2318 2946 2529 3017 τάγετε
2558 2946 2707 2999 κατὰ
2728 2943 2836 2999 ἕνα
2867 2942 3011 3006 τοὺς
3052 2940 3221 3007 υίοὺς
3256 2939 3517 3010 Ἰσραήλ.
3549 2938 3609 2992 Εί
3651 2936 3744 3007 7&9
3781 2936 3851 2988 καί

2323 3037 2401 3111 μὴ
2462 3037 2760 3109 βούλωνται
2812 3035 3027 3107 ἀθρόως
3073 3031 3360 3103 προσιέναι
3386 3032 3457 3101 τῇ
3510 3028 3683 3081 πίστει
3721 3025 3851 3097 (λαὸς

2320 3131 2430 3201 γὰρ
2479 3130 2581 3184 οὐκ
2636 3129 2777 3200 ἔχων
2832 3128 2954 3181 ἐστὶ⁸
2990 3124 3270 3193 σύνεσιν),
3310 3123 3425 3178 ἀλλ’
3478 3116 3571 3176 οὖν
3617 3119 3851 3189 ἀγαπητὸν

2325 3222 2549 3295 βραχεῖς
2571 3237 2722 3284 τινας
2750 3218 2878 3275 καθ’
2902 3218 3011 3272 ἕνα
3036 3215 3427 3284 συναγαγεῖν,
3462 3209 3544 3277 οἷς
3568 3213 3657 3267 καί¹
3689 3212 3851 3279 Πέτρος

2245 3297 2288 3356 (ἶ
2323 3316 2351 3368 ὁ
2388 3313 2565 3384 μέγας
2614 3311 2766 3365 ἐϐόα·
2830 3330 2849 3365 ι
2885 3310 2995 3365 Καὶ
3045 3307 3165 3376 νῦν,
3200 3307 3442 3378 ἀδελφοὶ,
3480 3303 3593 3361 οἶδα
3634 3305 3706 3357 ὅτι
3741 3301 3851 3356 κατὰ

2326 3403 2547 3473 ἄγνοιαν
2585 3400 2858 3473 ἐπράξατε
2886 3400 3034 3455 καθὰ
3061 3401 3156 3455 καὶ
3184 3400 3235 3454 οἱ
3282 3396 3542 3471 ἄρχοντες
3570 3396 3725 3467 ὑμῶν.
3764 3394 3849 3448 Με-

2327 3495 2626 3566 τανοήσατε
2670 3491 2764 3549 οῦν
2792 3496 2887 3549 καὶ
2939 3492 3294 3565 βαπτισθήτω
3335 3492 3569 3556 ἕκαστος
3618 3487 3753 3561 ὑμῶν
3779 3486 3848 3539 ἐπὶ

617 3567 844 3657 let-istis
883 3585 1025 3641 sicut
1065 3585 1342 3657 principes
1383 3585 1578 3641 vestri.
1622 3585 2013 3642 Paenitentiam
2058 3585 2210 3658 igitur

2327 3586 2405 3658 τῷ
2432 3586 2656 3658 ὀνόματι
2684 3586 2778 3641 τοῦ
2813 3587 3137 3660 Κυρίου.....
3174 3603 3194 3639 ι

631 3676 795 3745 agite,
842 3684 900 3733 et
938 3676 1248 3749 baptizetnr
1311 3680 1689 3751 unusquisque
1740 3688 1981 3737 vestrum
2012 3696 2070 3737 ιιι
2120 3695 2225 3736 no-

2892 3854 3142 3908 ΚΕΦΑΛ.
3168 3854 3305 3908 κη’.

2397 3952 2567 4022 α-κβν.
2604 3950 2748 4005 Οὐαί
2791 3947 2869 4014 τῷ
2892 3948 3171 4016 στεφάνῳ
3197 3944 3307 4014 τῆς
3332 3944 3574 4013 ὕϐρεως,
3598 3945 3648 3997 ol
3666 3944 3844 4011 μισθω-

2323 4044 2413 4099 τοί
2450 4044 2717 4113 Ἐφρατμ.
2758 4041 2832 4095 Τὸ
2870 4042 3054 4106 ᾶνθος
3092 4038 3157 4092 τὸ
3186 4035 3454 4091 ἐκπεσὸν
3479 4037 3547 4091 ἐκ
3574 4033 3674 4101 τῆς
3700 4032 3843 4097 δόξης

2319 4136 2419 4192 ἐπὶ
2443 4136 2551 4203 τῆς
2576 4133 2847 4205 κορυφῆς
2886 4131 2993 4188 τοῦ
3043 4131 3221 4198 ὄρους
3275 4128 3382 4183 τοῦ
3425 4128 3663 4197 παχέος,
3701 4127 3744 4178 ol
3764 4140 3841 4191 με-

2322 4228 2567 4292 θύοντες
2593 4225 2739 4280 ἇνευ
2768 4224 2960 4280 οἴνου.
2994 4222 3152 4279 Ἰδοὺ
3182 4221 3437 4291 ἰσχυρὸν
3476 4219 3573 4274 καὶ
3598 4216 3841 4283 σκληρόν.

2318 4337 2375 4375 κ.
2407 4338 2456 4373 τ.
2488 4320 2538 4374 λ.

2579 4451 2595 4467 .
2670 4408 2988 4480 ἐλευθερίαν
3030 4406 3354 4479 προσίεσθαι
3393 4406 3503 4461 τῶν
3548 4403 3715 4458 τύπων
3736 4401 3839 4468 ἀφε-

2315 4504 2532 4576 μένους.
2565 4503 2817 4574 «Πνεῦμα
2845 4503 2954 4573 7&9
2982 4503 3010 4555 ὁ
3028 4501 3180 4565 Θεὸς,
3194 4500 3291 4555 καὶ
3311 4506 3436 4564 τοὺς
3458 4493 3835 4570 προσκυνοῦντας

2310 4597 2472 4651 αὐτὸν
2505 4597 2566 4650 ἐν
2621 4594 2891 4665 πνεύματι
2938 4594 3033 4648 καὶ
3081 4591 3335 4664 ἀληθείᾳ,
3373 4592 3455 4645 δεῖ
3483 4588 3788 4659 προσκυνεῖν.
3819 4601 3833 4632 ι

639 4694 868 4735 necesse
926 4688 1013 4733 est
1030 4680 1095 4733 ⁸⁸.
1129 4698 1148 4731 ι
1188 4677 1256 4734 Et
1292 4695 1421 4735 vero
1461 4680 1544 4735 lex
1604 4681 1721 4752 ipsa
1778 4680 2061 4745 vinculum,
2096 4696 2210 4752 quae

2320 4687 2551 4759 Δεσμὸς
2576 4685 2635 4740 δὲ
2654 4688 2682 4740 ὁ
2704 4686 2867 4757 νόμος
2881 4684 3106 4739 δικαιῶν
3141 4683 3240 4755 μὲν
3270 4683 3482 4744 οὐδένα,
3510 4678 3836 4746 κατασφίγγων

635 4770 842 4842 justum
863 4769 1082 4840 quidem
1103 4768 1298 4824 eﬁiciat
1322 4770 1616 4837 neminem,
1635 4771 1728 4827 sed
1754 4772 1819 4839 ad
1844 4787 2036 4841 pennas
2054 4773 2219 4828 veluti

638 4862 972 4919 constrictos
1005 4845 1372 4929 servetﬂluin
1401 4870 1456 4919 et
1480 4862 1649 4917 David
1680 4863 1816 4934 ipse,
1848 4879 1971 4918 cum
2001 4865 2068 4919 ad
2093 4877 2214 4935 gra-

639 4952 769 5006 tiam
801 4966 899 5022 per
932 4951 1092 5008 ﬁdem
1110 4953 1375 5008 alacriter
1400 4968 1698 5024 properare
1718 4953 2005 5010 suaderet:
2044 4973 2062 5007 ι
2099 4953 2220 5011 Dis-

639 5058 956 5113 rumpamus
988 5043 1204 5097 vincula
1241 5057 1454 5107 eorum,
1485 5042 1687 5111 inquit,
1713 5053 1766 5098 et
1803 5042 1995 5113 jugutn
2024 5059 2215 5099 eorum

636 5148 668 5188 a
702 5134 861 5189 nobis
883 5133 1241 5206 projiclamus
1257 5134 1325 5200 τ’,
1370 5152 1388 5186 ι
1432 5134 1569 5206 legis
1598 5135 1814 5205 pondus
1844 5136 2102 5190 nimirum
2133 5137 2215 5192 eis

636 5228 957 5299 impositum
990 5229 1331 5299 signiﬁcans,
1365 5244 1476 5299 quo
1508 5229 1613 5285 sibi
1655 5229 1935 5300 subjectos
1968 5246 2214 5301 premere

634 5320 889 5377 solebant
941 5318 1255 5377 Iudaeorum
1313 5322 1587 5395 magistri.
1644 5322 1967 5394 Pr0ponite,
2011 5325 2211 5394 inquit,

634 5410 1061 5481 compendiosum
1087 5411 1210 5468 ﬁdei
1252 5411 1484 5467 istorum
1543 5412 1800 5482 gratiam,
1832 5430 1953 5480 qua:
2001 5416 2215 5477 exiguis

634 5504 929 5558 verborum
964 5503 1210 5573 periodis
1266 5505 1685 5575 comprehensa,
1741 5522 1846 5560 non
1885 5513 1944 5560 ut
1982 5522 2010 5559 a
2066 5506 2215 5564 Mose

644 5608 713 5649 es
743 5593 836 5648 illa
866 5601 1077 5649 tantum
1112 5592 1340 5660 Iudaeis,
1372 5595 1467 5651 sed
1511 5596 1725 5652 cunctis
1754 5604 1915 5652 terra;
1936 5596 2212 5655 habitato-

701 5766 747 5799 "
776 5765 883 5823 lsa.
914 5782 968 5829 ι.
998 5766 1049 5821 5.
1126 5767 1172 5801 ⁸⁷
1198 5767 1241 5823 ll
1274 5766 1399 5823 Cor.
1435 5783 1513 5827 Ill.
1552 5767 1637 5824 l5.
1716 5768 1760 5801 ⁸⁸
1795 5769 1915 5825 Act.
1950 5787 2030 5839 ιιι,
2072 5772 2155 5826 l7.

2322 4781 2379 4835 δέ
2412 4797 2530 4844 πως
2561 4781 2639 4842 είς
2665 4778 2905 4832 κόλασιν.
2931 4778 3039 4831 Καὶ
3064 4777 3231 4831 Δαόὶδ
3254 4777 3311 4830 δέ
3334 4776 3622 4847 προθύμως
3647 4767 3835 4838 συμὸιιν⁸

2321 4872 2495 4926 λεύων
2526 4871 2618 4926 ἐπὶ
2649 4872 2748 4942 τὴν
2774 4871 2932 4942 χάριν
2982 4871 3120 4925 ίέναι
3151 4868 3250 4941 τὴν
3283 4868 3372 4921 διὰ
3404 4867 3647 4929 πίστεως,
3684 4859 3832 4928 «Διαρο

2323 4966 2600 5038 Nam“.
2634 4966 2789 5035 φησὶ.
2818 4965 2944 5027 τοὺς
2967 4961 3200 5033 δεσμοὺς
3223 4960 3421 5022 αὐτῶν,
3454 4959 3547 5013 και
3571 4950 3830 5026 ἀτωρῥίιιοι-

2325 5071 2425 5124 μεν
2445 5055 2537 5123 ἀφ’
2564 5054 2719 5125 ἡμῶν
2758 5053 2849 5106 τὸν
2881 5051 3044 5119 ζυγὸν
3068 5050 3269 5112 αὐτῶν,
3304 5066 3324 5099 ι
3356 5048 3418 5101 τὸ
3445 5050 3509 5101 ἐκ
3532 5046 3680 5115 νόμου
3707 5040 3831 5111 βάρος

2322 5147 2505 5211 αὐτοῖς
2536 5145 2906 5216 ἐπικείμενον,
2945 5138 2989 5213 ᾧ
3035 5144 3164 5208 τοὺς
3190 5142 3295 5196 ὑπὸ
3324 5144 3511 5213 χεῖρας
3537 5139 3585 5193 οί
3606 5136 3700 5190 τῶν
3732 5134 3828 5184 Ἰου-

2308 5239 2472 5293 δαίων
2529 5238 2742 5308 ὑπῆγον
2789 5237 3123 5293 διδάσκαλοι.
3188 5236 3565 5308 Προτιμήσατε
3608 5230 3678 5293 δέ,
3708 5222 3825 5295 φησὶν

2307 5329 2515 5383 τούτων
2549 5328 2667 5398 τὴν
2705 5330 3012 5399 σύντομον
3038 5330 3136 5399 τῆς
3169 5329 3405 5393 πίστεως
3429 5327 3603 5399 χάριν,
3623 5322 3677 5375 οὐ
3718 5314 3824 5371 κατὰ

2307 5422 2405 5483 τὰς
2434 5420 2651 5491 μακράς
2695 5416 2861 5474 οὖσαν
2901 5420 3189 5492 περιόδους
3233 5420 3329 5472 τοῦ
3382 5419 3700 5491 γράμματος,
3733 5408 3824 5502 ἡτιξ

2313 5508 2470 5579 ἐδόθη
2495 5508 2646 5580 πάσῃ
2674 5510 2738 5578 τῇ
2792 5510 2887 5579 γῇ,
2941 5509 3126 5579 μόνοις
3176 5508 3420 5573 δοθέντος
3474 5503 3717 5562 Ἰουδαίοις
3749 5510 3817 5549 του

2316 5598 2504 5668 νόμον.
2536 5599 2741 5671 Μωσῆς
2771 5600 2871 5671 μὲν
2909 5598 3018 5670 γὰρ
3062 5599 3264 5670 ἐλεγενο
3295 5602 3544 5664 ι’Λκουε,
3579 5587 3773 5681 Ἰσραήλ.
3800 5601 3813 5634 ι

2305 5774 2350 5807 ⁶⁹
2379 5772 2540 5828 Ιοειιι.
2571 5790 2643 5842 tv,
2687 5774 2783 5829 24.
2868 5775 2914 5808 ⁷ο
2941 5775 3085 5832 Psal.
3117 5792 3185 5840 ιι,
3214 5776 3271 5830 5.
