4020 6372
160 374 293 441 224ῧ

1286 365 1824 433 COMMENTARII
1867 364 1947 429 IN
1993 364 2283 427 ISAIAM.

3263 359 3407 424 2246

168 486 223 541 '0
254 483 494 557 Χριστὸς
516 484 571 539 δὲ
590 482 679 539 διὰ
698 482 792 539 τοῦ
815 482 1130 554 ψάλλοντος,
1155 499 1174 535 ι
1194 482 1496 537 ’Λκούσατε
1526 479 1723 544 ταῦτα,
1752 480 1773 539 1

1872 476 1984 531 bus
2012 477 2138 530 data
2166 484 2272 530 est.
2298 470 2447 530 Mose
2472 472 2616 527 enim
2652 471 2869 529 dicente
2895 478 3104 527 tantum
3129 487 3144 526 :
3184 488 3204 523 ι
3240 472 3405 535 Audi,

160 578 335 632 πάντα
362 577 432 631 τὰ
460 576 605 647 ἔθνη.
622 597 641 629 ι
668 577 823 640 Τινὲς
854 576 911 630 δέ
934 593 1067 646 φασι
1088 577 1171 639 τὸ,
1201 573 1300 628 καί
1326 573 1495 644 ὑμεῖς
1512 572 1599 643 μὴ
1624 571 1725 626 si)-

1837 570 2097 635 lsrael";
2125 588 2143 622 ι
2176 568 2292 639 ipse
2328 584 2424 639 per
2460 565 2716 622 Davidem
2736 568 2779 599 τ’
2809 581 3000 622 omnes
3027 575 3215 637 gentes
3234 572 3410 620 atten-

160 668 534 739 φρανθείητε,
580 668 874 738 ἁρμόττειν
922 666 1022 736 μὲν
1063 666 1157 721 καὶ
1205 665 1340 736 πρὸς
1383 663 1474 719 τὸν
1517 661 1732 735 Ἰσραὴλ

1876 677 1968 717 ere
2004 660 2160 732 jubet
2216 660 2493 716 Christus.
2554 659 2623 714 At
2684 675 2793 716 non
2846 658 3066 724 desunt,
3103 658 3194 729 qui
3244 659 3410 715 verba

163 759 230 828 μὴ
261 759 544 828 ὶπιμένειν
564 761 631 829 τῇ
659 757 765 812 τῶν
787 756 1196 830 ἁμαρτημάτων
1220 756 1382 829 ἡδονῇ
1410 752 1729 826 παραινοῦν,

1840 753 1967 817 ista,
1994 762 2045 807 et
2076 769 2164 807 vos
2195 751 2356 805 nolite
2388 751 2582 813 laetari,
2610 750 2909 805 convenire
2947 751 3188 820 quidem,
3243 757 3299 803 et
3332 748 3413 802 fa-

163 848 296 919 μηδὲ
351 847 574 919 δεσμεῖν
630 849 855 913 ἑαυτοὺς
916 848 1329 920 ἁμαρτήμασιν,
1365 845 1502 918 πρὸς
1541 844 1598 899 δὲ
1634 844 1734 917 τὴν

1874 859 1967 899 ere
2011 844 2079 897 ad
2119 842 2471 898 excitandum
2509 840 2788 907 lsraelem,
2842 857 2908 895 ne
2939 856 2999 897 se
3061 848 3411 911 peccatorum

160 938 264 1008 τῆς
297 939 553 1008 κρίσεως
608 938 779 1012 ἀκοὴν
834 938 1259 995 ὑποστέλλεσθαι
1282 954 1296 970 ⁸
1336 938 1627 1011 ἁρμόττειν
1676 936 1734 990 δὲ

1872 936 2215 1007 ὀιιιριοιίὕιιε
2268 943 2525 1005 tanquam
2583 933 2818 989 vinculis
2870 934 3147 1003 illaqueet,
3202 933 3297 989 sed
3346 931 3413 985 ad

163 1036 250 1088 καὶ
310 1034 447 1106 πρὸς
484 1034 553 1088 τὰ
607 1034 760 1106 ἔθνη,
809 1034 884 1099 ὡς
926 1034 1050 1087 οὐδὲ
1102 1034 1315 1105 χαίρειν
1360 1033 1506 1102 ὑμᾶς
1552 1031 1644 1084 ἐπὶ
1668 1031 1737 1103 τῇ

1872 1025 2034 1079 udicii
2072 1025 2403 1103 mentionem
2428 1031 2723 1089 terreatur,
2756 1024 3106 1078 existiment:
3144 1037 3332 1077 verum
3363 1030 3419 1075 et

162 1124 265 1177 τῶν
311 1123 661 1197 Ἰσραηλιτῶν
694 1123 954 1196 τιμωρίᾳ.
994 1123 1322 1195 Διαὸήσεται
1369 1121 1480 1193 γάρ
1508 1120 1604 1175 καὶ
1659 1121 1740 1184 είς

164 1216 307 1288 ὑμᾶς
334 1215 407 1270 τά
434 1217 532 1288 τῆς
560 1216 754 1280 τίσεως
779 1216 1211 1287 ἁμαρτάνοντας.

240 1394 459 1465 κγ-κθ’.
526 1392 908 1455 Ἑνωτίζεσθε
956 1392 1055 1449 καί
1104 1392 1356 1449 ἀκούετε
1389 1389 1501 1461 τῆς
1536 1386 1745 1461 φωνῆς

162 1504 301 1558 μου.
356 1487 713 1556 Προσέχετε,
760 1487 857 1540 καί
889 1486 1136 1541 ἀκούετε
1160 1485 1305 1552 τοὺς
1333 1485 1557 1555 λόγους
1600 1500 1744 1554 μου,

161 1582 245 1653 μὴ
277 1581 437 1646 ὅλην
483 1580 601 1650 τὴν
647 1578 876 1650 ἡμέραν
925 1579 1137 1649 μέλλει
1187 1580 1221 1633 ὁ
1269 1574 1557 1647 ἀροτριῶν
1607 1574 1749 1645 ἀρο-

167 1671 374 1744 τριᾷν;
399 1673 437 1743 ἢ
468 1674 703 1743 σπόρον
731 1669 1176 1742 προετοιμάσαι,
1206 1671 1349 1739 πρὶν
1378 1668 1751 1739 ἐργάσασθαι

168 1768 284 1835 τὴν
333 1764 489 1838 τῆν-ς
537 1767 651 1836 οὐχ
693 1764 840 1819 ὅταν
883 1764 1148 1835 ὀμαλίσῃ
1187 1761 1255 1817 τὸ
1291 1762 1617 1831 πρόσωπον
1643 1760 1752 1815 αὺ-

168 1860 299 1930 τῆς,
334 1876 389 1912 κ.
433 1875 482 1913 τ.
505 1858 558 1913 λ.
1778 1842 1829 1904 Β

234 1954 331 2022 Τῷ
362 1951 611 2022 στεφάνῳ
646 1950 746 2021 τῆς
781 1947 1013 2021 ὕϐρεως,
1079 1945 1146 2018 τῷ
1176 1945 1267 2000 τδν
1298 1944 1515 2017 ἔντιμον
1552 1945 1749 2000 ἀποδο-

168 2043 471 2114 κιμάσαντι
523 2040 692 2104 λίθον,
742 2038 823 2092 ἔτι
879 2036 1318 2108 παρακελεύεται
1364 2036 1432 2091 τά
1491 2038 1591 2108 μὲν
1630 2031 1751 2091 ὦτα

168 2135 459 2206 παρέχειν
488 2137 554 2207 τῇ
579 2135 647 2211 διέ
692 2133 853 2205 ἀέρος
889 2132 1167 2206 φερομένῃ
1211 2130 1403 2202 φωνῇ,
1436 2133 1752 2205 πειθαρχεῖν

174 2229 231 2282 δὲ
256 2232 375 2293 τοῖς
406 2228 743 2299 λεγομένοις,
774 2226 869 2280 καὶ
899 2228 1190 2280 κατανοεῖν
1219 2225 1287 2278 τὰ
1315 2224 1606 2296 λεγόμενα.
1637 2220 1751 2280 Εἶθ’

170 2320 536 2392 ὑποδείγματι
582 2319 871 2390 κέχρηται,
923 2318 1190 2373 διδάσκων
1218 2318 1436 2381 αὐτοὺς,
1479 2317 1555 2382 ὡς
1601 2316 1754 2382 ὄντες

171 2413 396 2468 δυνατοὶ
423 2410 663 2475 δυνατῶς
697 2411 1110 2482 ὲτασθήσονται.
1134 2412 1434 2483 ’Ἄρχοντες
1461 2411 1571 2480 γὰρ
1605 2405 1749 2481 ἦσαν

173 2505 270 2559 καὶ
304 2504 491 2576 ἱερεῖς,
523 2503 617 2557 καὶ
648 2501 981 2558 διδάσκαλοι.
1016 2502 1220 2575 Καιρὸς
1244 2502 1375 2575 γάρ,
1404 2501 1591 2573 φησιν,
1616 2501 1756 2570 ἀρό-

172 2614 322 2666 τρου
357 2595 458 2649 καί
515 2594 748 2663 σπόρου
780 2593 1061 2664 διάφορος.

245 2689 364 2743 Καὶ
408 2687 777 2759 παραλλάττει
812 2685 920 2740 τῶν
954 2686 1183 2756 καρπῶν
1235 2685 1376 2758 μετά
1405 2685 1622 2757 θέροςή
1656 2684 1761 2741 κά-

174 2781 396 2852 θαρσις,
425 2779 536 2833 τῶν
573 2780 671 2851 μὲν
718 2776 934 2848 ἀμάξης
970 2776 1261 2848 δεομένων,
1312 2779 1405 2830 καὶ
1451 2776 1760 2846 τεμνόντων

172 2871 393 2943 τροχῶν
429 2870 544 2925 ὅσοι
584 2869 692 2923 τῶν
738 2868 913 2923 ἄλλων
962 2868 1283 2938 ἁδρότεροι·
1335 2866 1442 2921 τῶν
1483 2867 1540 2919 δὲ
1570 2868 1761 2937 μόναις

172 2963 537 3035 ἀρκουμένων
564 2963 779 3034 ῥάϐδοις
813 2962 973 3034 οἵπερ
995 2963 1133 3015 εἰσὶν
1168 2960 1564 3033 ἀσθενέστεροι.
1605 2960 1764 3016 Οὕτω

172 3059 273 3112 καὶ
306 3058 334 3110 ό
365 3055 461 3110 τοῦ
500 3054 636 3109 Θεοῦ
659 3055 812 3124 λόγος
840 3052 1101 3125 γεωργῶν
1131 3053 1228 3116 τὰς
1266 3051 1464 3122 ψυχὰς,
1499 3054 1557 3104 ὲν
1586 3051 1764 3124 καιρῷ

1845 1116 1913 1173 ad
1932 1125 2123 1189 gentes
2147 1116 2313 1172 etiam
2335 1115 2526 1171 referri
2550 1132 2564 1182 ;
2589 1124 2848 1186 tanquam
2877 1116 3111 1185 sumptis
3137 1113 3204 1169 de
3220 1112 3419 1169 lsraele

1846 1210 2027 1281 poenis
2050 1224 2143 1265 eas
2179 1209 2349 1262 lauari
2384 1207 2693 1278 prohibeat,
2725 1222 2865 1277 quas
2896 1221 2994 1262 sua
3039 1220 3258 1277 quoque
3286 1220 3421 1276 pec-

1848 1307 2098 1353 catorum
2132 1298 2268 1352 ultio
2300 1297 2525 1352 minime
2548 1296 2985 1366 prsetermissura
3009 1298 3084 1352 sit
3349 1315 3351 1317 ί

1919 1387 2084 1459 350
2114 1384 2285 1444 Vens.
2321 1386 2511 1442 ἢεῖ-99.
2546 1388 2778 1441 Auribus
2818 1388 3094 1457 percipite,
3145 1396 3196 1443 et
3245 1389 3425 1443 audite

1851 1501 2027 1540 uocem
2066 1501 2258 1540 meam.
2288 1483 2577 1549 Attendite,
2624 1492 2674 1538 et
2706 1482 2888 1537 audite
2937 1499 3200 1537 sermones
3255 1500 3422 1538 meos.

1852 1574 2108 1648 Nunquid
2139 1586 2250 1631 tota
2271 1576 2357 1632 die
2386 1576 2561 1629 arabit
2584 1577 2675 1647 qui
2714 1576 2876 1630 arat?
2927 1585 3020 1629 aut
3079 1592 3252 1629 semen
3281 1591 3427 1643 pra:-

1854 1671 2086 1741 parabit,
2120 1681 2403 1743 antequam
2460 1681 2715 1741 prwparet
2762 1673 3003 1727 terram?
3035 1671 3271 1743 nunquid
3320 1687 3425 1726 non

1857 1780 1975 1818 cum
2002 1764 2285 1835 tequauerit
2309 1764 2500 1833 faciem
2516 1762 2652 1833 ejus,
2683 1771 2790 1821 etc.

1919 1938 2116 1995 Adhuc
2146 1940 2310 1995 etiam
2338 1953 2602 1995 coronam
2624 1938 2919 2011 superbiai,
2957 1954 3079 2009 quas
3126 1938 3429 2010 pretiosum

1851 2027 2084 2097 lapidem
2117 2028 2328 2099 rejecit,
2360 2029 2710 2095 adhortatur,
2744 2039 2803 2083 ut
2837 2030 2951 2083 uoci
2976 2045 3098 2099 qua:
3128 2045 3227 2100 per
3249 2045 3430 2084 aerem

1854 2118 2049 2187 fertur,
2086 2136 2240 2175 aures
2270 2120 2529 2191 praebeat,
2556 2135 2749 2191 eaque,
2783 2135 2903 2190 qua;
2944 2120 3227 2185 dicuntur,
3254 2134 3436 2174 menre

1855 2212 2022 2283 agitet
2052 2220 2106 2267 et
2156 2218 2443 2283 sequatur.
2476 2211 2738 2284 Exemplo
2792 2212 2989 2269 deinde
3032 2212 3277 2268 adhibito
3316 2213 3437 2268 fore

1854 2303 2036 2368 docet,
2075 2312 2155 2366 ut,
2186 2304 2314 2373 quia
2370 2310 2622 2373 potentes
2670 2311 2822 2367 sunt,
2859 2311 3111 2373 potenter
3165 2310 3435 2357 tormenta

1858 2396 2242 2468 patiantur"‘.
2278 2397 2449 2451 Erant
2485 2396 2628 2451 enim
2660 2396 2962 2467 principes,
3004 2403 3059 2451 et
3096 2395 3435 2457 sacerdotes,

1857 2496 1911 2543 et
1941 2486 2221 2542 doctores.
2264 2485 2563 2543 Enimvero
2614 2488 2711 2551 ait,
2748 2486 3036 2551 arationis,
3090 2485 3439 2555 sementisque

1860 2576 2125 2634 faciendae
2159 2596 2267 2634 non
2296 2595 2463 2635 unum
2487 2588 2542 2635 et
2575 2579 2717 2633 idem
2747 2590 2961 2649 tempus
2981 2589 3085 2635 est.

1933 2670 2041 2725 Sed
2073 2686 2312 2726 messem
2343 2670 2567 2725 alternis
2596 2670 2842 2740 sequitur
2864 2676 2980 2741 ipsa
3003 2669 3279 2724 fructuum
3308 2683 3441 2740 pur-

1863 2764 2032 2834 gatio,
2060 2763 2306 2834 plaustro
2331 2762 2493 2828 aliis;
2536 2762 2660 2817 aliis
2698 2763 2863 2816 etiam
2900 2763 3057 2826 rotis,
3109 2761 3155 2817 si
3190 2760 3282 2832 qui
3311 2767 3444 2815 sunt

1864 2857 2011 2913 inter
2046 2872 2140 2912 eos
2159 2856 2494 2925 vegetiores;
2520 2854 2646 2911 aliis
2676 2854 2912 2925 denique
2938 2854 3094 2925 virga
3130 2862 3366 2917 tantum,
3394 2851 3443 2909 s'.

1864 2948 2150 3005 tenuiores
2176 2946 2306 3011 sint,
2331 2946 2729 3016 indigentibus.
2776 2944 2979 3001 Eadem
3013 2946 3175 3016 plane
3228 2945 3445 2999 ratione

1865 3049 1921 3097 et
1948 3039 2041 3096 Dei
2072 3053 2254 3096 sermo
2281 3039 2420 3094 solet
2450 3038 2661 3092 animas
2700 3045 2918 3092 nostras
2939 3035 3211 3101 excolere,
3233 3050 3446 3106 suoque

176 3148 284 3219 μὲν
343 3147 519 3209 αὑτὰς
579 3146 899 3218 διδασκαλίᾳ
949 3147 1073 3209 νεοῖ,
1133 3143 1526 3217 άναρῤηγνῦση
1562 3155 1589 3194 τι
1639 3146 1765 3209 τοὺς

1872 3144 2113 3205 tempore
2146 3132 2419 3195 doctrina,
2477 3137 2738 3200 tauquam
2790 3139 3000 3195 aratro,
3036 3144 3329 3193 renovare,
3387 3137 3444 3184 et

1872 3223 2101 3243 I-n-_.--
2165 3236 2347 3243 --..___..
2407 3220 2767 3243 --_2n..a2-_._-
2829 3219 2977 3243 ηε·-
3052 3219 3409 3243 --Α..Α2--.‹1Α..Α

173 3239 547 3302 λανθάνοντας
581 3236 898 3307 λογισμούς.
930 3234 1094 3289 Ὅθεν
1126 3233 1183 3288 δὲ
1213 3232 1306 3287 καί
1336 3249 1523 3302 φησιν*
1566 3251 1585 3284 ι
1614 3230 1768 3289 Νεῶ-

177 3350 313 3390 σατε
342 3333 561 3395 ἑαυτοῖς
597 3330 877 3402 νεώματα,
916 3329 1012 3383 καὶ
1047 3327 1121 3398 μὴ
1158 3325 1456 3397 σπείρηται
1482 3326 1570 3378 ἐπ’
1596 3310 1767 3378 ciuiu-

179 3426 328 3489 θαις.
377 3444 398 3477 ι
444 3421 649 3477 Ἐπειό
686 3423 753 3477 ἂν
800 3421 859 3474 δὲ
910 3420 970 3475 τὸ
1016 3419 1179 3473 οίονεὶ
1210 3419 1504 3490 πρόσωπον
1559 3418 1769 3486 duali-

178 3518 363 3585 σθείη
412 3516 512 3586 τῆς
564 3515 685 3586 γῆς,
751 3513 930 3583 πάσης
976 3509 1322 3572 ἀκανθώδους
1362 3507 1772 3577 ἀνατραπείσης

180 3610 416 3675 καικίας,
480 3605 784 3679 τηνικαῦτα
850 3607 961 3669 τοῖς
1021 3600 1401 3673 ὑποκειμένοις
1460 3596 1773 3669 κατάλληλα

179 3705 523 3764 καταϐάλλει
551 3703 624 3758 τὰ
650 3702 981 3772 σπέρματα,
1014 3698 1185 3771 μείζω
1204 3714 1262 3751 τε
1295 3697 1389 3750 καὶ
1439 3692 1772 3766 βραχύτερα.

182 3796 499 3869 Διαιρέσεις
530 3794 639 3867 γὰρ
670 3793 1026 3865 χαρισμάτων
1069 3788 1229 3844 είσίν.
1268 3786 1541 3858 Παρόντος
1589 3783 1644 3836 δὲ
1678 3778 1773 3836 τοῦ

183 3889 457 3962 θερισμοῦ
520 3887 857 3957 (συντέλειαν
895 3883 953 3937 δὲ
993 3881 1184 3936 τοῦτον
1245 3877 1441 3949 δηλοῦν
1474 3874 1717 3940 ἐδίδαξεν
1747 3873 1777 3926 ό

186 3984 480 4059 Χρ.στὸς),
505 3981 627 4035 τότε
668 3980 794 4042 τοὺς
842 3975 1029 4040 ἀξίους
1072 3972 1193 4027 τῶν
1232 3965 1589 4059 σπερμάτων
1618 3965 1779 4059 άπαι-

185 4054 353 4151 τησει
412 4073 682 4145 καρπούς.
708 4068 831 4123 Τῶν
871 4067 930 4120 δὲ
985 4064 1063 4137 μὴ
1097 4062 1467 4136 παρεχόντων,
1504 4058 1557 4151 oi
1592 4055 1690 4128 μὲν
1709 4054 1781 4151 τά

191 4145 412 4240 σμικρὰ
470 4165 745 4226 λαϐόντες,
782 4158 1028 4232 μετρίαν,
1062 4157 1112 4209 οί
1164 4154 1222 4209 δὲ
1262 4153 1323 4207 τά
1358 4150 1588 4221 μεγάλα,
1626 4145 1782 4218 μεγί-

195 4280 337 4333 στην
382 4256 877 4330 εἰσπραχθήσονται
925 4250 1105 4322 δίκην,
1159 4245 1347 4315 ὥσπερ
1409 4244 1458 4297 οί
1528 4240 1783 4333 μεγάλων

193 4330 553 4419 ἀξιωθέντες,
603 4347 787 4416 ίερεῖς,
821 4342 915 4397 καὶ
954 4338 1239 4409 γεγονότες
1286 4335 1548 4403 στέφανος
1572 4330 1784 4401 ὕϐρεως

197 4442 472 4517 μισθωτοί
498 4457 559 4493 τε
588 4434 851 4507 Ἐφραῖμ,
897 4433 973 4496 ὠς
1025 4427 1352 4498 διαστρέψαι
1381 4425 1481 4498 μὲν
1510 4423 1602 4477 τὸν
1632 4420 1781 4486 λαὸν,

192 4533 607 4605 ἀποδοκιμάσαι
637 4530 695 4583 δὲ
724 4528 871 4582 λίθον
907 4525 998 4580 τὸν
1020 4520 1303 4577 ἐκλεκτόν.

266 4715 352 4771 Τδ
416 4712 500 4776 δὲ,
549 4706 650 4763 καί
708 4703 1007 4772 παιδεύσῃ
1069 4700 1303 4770 κρίματι
1346 4693 1504 4757 Θεοῦ,
1557 4693 1593 4763 ἢ
1643 4688 1788 4746 κατὰ

198 4811 531 4881 Σύμμαχον,
565 4800 662 4855 καί
702 4796 1012 4852 παιδεύσει
1045 4790 1234 4847 αὑτὸν
1261 4791 1348 4855 είς
1376 4786 1553 4881 κρῖμα
1582 4786 1614 4840 ὁ
1643 4781 1789 4881 Θεὸς

198 4874 772 4968 αὐτοῦνπαρίστησιν
796 4889 871 4952 ὡς
922 4885 1127 4956 φυσικῇ
1177 4878 1498 4950 διδασκαλίᾳ
1521 4874 1789 4948 γεωργὸς,

200 4994 305 5050 καὶ
344 4990 561 5059 δοθείσῃ
597 4984 751 5057 παρὰ
781 4980 875 5035 τοῦ
903 4975 1040 5033 Θεοῦ
1064 5018 1079 5044 ,
1112 4974 1182 5030 τὰ
1215 4972 1346 5044 περὶ
1379 4971 1479 5039 τῆς
1533 4968 1794 5059 διαφόρου

201 5088 321 5144 τῶν
603 5078 781 5150 κρινεῖ
804 5072 1147 5142 καθάρσεως.
1192 5064 1340 5120 ’Av'rl.
1481 5059 1699 5154 soleo
1740 5057 1799 5112 δὲ

203 5150 475 5248 κύμινον
508 5168 660 5243 μετὰ
700 5167 883 5236 ἄρτου
916 5158 1315 5248 βρωθήσεται,
1362 5150 1659 5248 Σύμμαχός
1692 5166 1800 5218 φη-

205 5241 304 5327 σιν
328 5286 344 5302 υ
384 5241 655 5334 Κύμνινον
704 5258 773 5313 δὲ
798 5257 868 5310 ἐν
901 5250 1224 5318 βακτηρίᾳ,
1269 5245 1448 5315 ἄρτος
1486 5241 1556 5296 δὲ
1586 5245 1801 5334 λεπτο-

205 5330 652 5427 κοπηθήσεται.
714 5349 789 5405 Τὸ
841 5348 1019 5417 άρτος
1071 5342 1191 5397 ἀντὶ
1237 5337 1332 5393 τοῦ
1388 5336 1571 5427 σῖτος,
1606 5330 1799 5427 εἰπών,

219 5423 382 5510 Ἀντί
426 5423 484 5503 δὲ
531 5446 647 5512 τοῦ,
698 5445 771 5498 οὐ
820 5440 932 5511 τὰρ
975 5438 1063 5502 εὶς
1103 5433 1212 5489 τὸν
1251 5428 1440 5485 αίῶνα
1482 5426 1598 5498 ἐγὼ
1655 5423 1801 5494 ὑμῖν

288 5568 338 5599 τ’
374 5564 534 5617 Deut.
571 5574 645 5624 Vl,
671 5558 725 5612 5.
814 5555 864 5589 τί
907 5550 1053 5608 Psal.
1096 5562 1281 5611 vatu,
1320 5543 1380 5598 2.
1455 5540 1537 5573 τ’*
1574 5540 1704 5612 Sap.
1739 5555 1813 5605 vr,
1856 5539 1910 5592 7.

210 5641 262 5675 "
296 5635 495 5692 Matth.
523 5646 643 5695 xm,
673 5628 765 5683 '59.

1871 3223 2102 3277 latentes
2160 3236 2350 3277 eorum
2402 3220 2769 3290 cogitationes
2827 3219 2988 3290 351
3052 3219 3434 3290 proscindere.

1869 3311 2111 3382 indeque
2140 3320 2224 3366 est
2247 3318 2397 3366 certe
2418 3310 2565 3381 quod
2603 3311 2714 3363 ait;
2752 3327 2771 3361 ι
2800 3308 3007 3364 Novate
3020 3308 3176 3364 vobis
3206 3308 3444 3372 novalia,

1872 3422 2051 3476 neque
2074 3420 2239 3474 super
2258 3404 2445 3473 spinas
2471 3402 2758 3459 seminetis
2777 3402 2847 3457 ".
2880 3421 2898 3454 ι
2934 3400 3037 3457 Uhi
3078 3408 3260 3456 autem
3289 3408 3450 3456 terra:

1873 3504 2138 3568 tanquam
2198 3495 2365 3550 facies
2426 3495 2589 3565 fuerit
2644 3494 2949 3565 adazquata,
3018 3492 3168 3548 omni
3222 3494 3448 3561 spinosa

1874 3589 2094 3659 penitus
2124 3587 2429 3656 exstirpata
2460 3587 2693 3653 malitia,
2724 3601 2788 3641 ea
2820 3595 2936 3641 tum
2966 3586 3188 3641 demum
3223 3585 3448 3652 semina,

1876 3696 1999 3752 quae
2031 3680 2298 3751 subjectis
2343 3688 2681 3749 congruant,
2738 3678 2947 3748 majora
2997 3686 3093 3733 aut
3151 3676 3449 3731 minutiora

1878 3778 2008 3828 sunt
2043 3770 2189 3826 enim
2228 3768 2528 3841 gratiarum
2569 3768 2870 3824 divisiones
2887 3768 2936 3801 ⁷⁸
2965 3767 3226 3823 mandare
3251 3783 3457 3823 conve-

1879 3861 2042 3917 nerit.
2096 3861 2165 3915 At
2222 3860 2462 3914 inStante
2489 3873 2663 3913 messe
2695 3859 2825 3931 (quo
2854 3859 3074 3916 nomine
3100 3875 3455 3915 consumma-

1881 3954 2085 4010 tionem
2114 3951 2417 4021 ,signiiicari
2440 3950 2695 4007 Christus
2745 3949 2934 4004 docuit
2953 3951 3003 3982 ⁷⁸
3024 3954 3063 4020 ),
3093 3951 3304 4006 fructus
3336 3958 3453 4006 tum

1880 4046 2101 4101 demum
2133 4052 2363 4096 semente
2393 4042 2586 4112 dignos
2624 4041 2765 4096 idem
2805 4042 3140 4112 postulabit:
3177 4058 3319 4113 quos
3359 4042 3455 4112 qui

1884 4152 1994 4192 non
2026 4134 2278 4201 reddent,
2312 4134 2355 4188 si
2390 4148 2552 4203 parva
2584 4131 2804 4203 quidem
2868 4133 3200 4204 acceperint,
3243 4134 3458 4188 medio-

1884 4243 2028 4294 cres,
2051 4228 2096 4285 si
2121 4242 2313 4298 magna
2341 4237 2541 4290 autem,
2569 4240 2762 4295 pmnas
2788 4224 2938 4279 luent
2958 4232 3011 4280 et
3043 4224 3145 4295 ipsi
3167 4225 3458 4280 maximas.

1885 4322 2006 4389 Quo
2041 4323 2095 4377 in
2115 4335 2311 4392 genere
2349 4320 2513 4391 primi
2548 4318 2716 4373 futuri
2741 4327 2871 4373 sunt
2908 4318 2977 4372 ad
3020 4333 3237 4373 summa
3282 4316 3458 4374 evecti

1887 4419 2228 4479 sacerdotes,
2259 4424 2311 4468 et
2339 4414 2430 4483 qui
2465 4412 2735 4483 superbia:
2765 4425 2989 4474 corona,
3025 4411 3463 4481 mercenariique

1811 4520 1865 4581 1)
1891 4508 2148 4578 Ephraim
2180 4504 2554 4571 nominantur,
2587 4504 2679 4574 qui
2722 4502 2979 4574 ponulum
3013 4510 3284 4568 avertere,
3311 4501 3464 4557 dele-

1889 4608 2153 4669 ctumque
2184 4596 2416 4667 lapidem
2443 4595 2674 4665 rejicere
2706 4595 2825 4648 ausi
2850 4602 2980 4647 sunt

1962 4690 2195 4756 Deinde,
2220 4690 2367 4761 quod
2390 4689 2665 4759 sequitur,
2688 4695 2741 4743 et
2759 4696 2809 4742 et
2836 4685 3094 4741 erudieris
3122 4685 3175 4739 in
3196 4683 3466 4754 judicium

1891 4784 2023 4852 Dei;
2055 4792 2150 4839 aut
2178 4784 2483 4839 secundum
2527 4781 2943 4854 Symmachum,
2996 4790 3046 4835 et
3092 4779 3296 4835 erudiet
3347 4793 3467 4833 eum

1898 4877 2039 4933 Deus
2094 4876 2163 4930 ad
2198 4875 2465 4944 judicium
2529 4891 2707 4941 suum,
2761 4873 3002 4930 ostendit
3049 4870 3218 4927 Deum
3266 4871 3464 4942 ipsum,

1898 4969 2043 5026 sicut
2068 4969 2247 5025 solent
2276 4964 2513 5021 naturali
2541 4964 2856 5036 disciplina,
2895 4974 3061 5034 atque
3112 4976 3141 5016 a
3191 4960 3302 5017 Deo
3331 4976 3468 5015 con-

1901 5074 2060 5116 cessa
2078 5058 2358 5132 agricolas,
2392 5056 2461 5113 de
2484 5056 2635 5112 varia
2663 5055 2938 5110 fructuum
2962 5054 3289 5125 purgatione
3315 5051 3469 5122 judi-

1900 5160 2176 5206 caturum.
2219 5151 2489 5207 Caeterum
2536 5162 2635 5220 pro
2695 5163 2804 5219 quo
2834 5146 3116 5217 Cyminum
3166 5159 3282 5197 cum
3335 5158 3473 5212 pane

1901 5243 2173 5309 comedet;
2199 5244 2463 5315 legimus:
2503 5241 2786 5313 Cyminum
2828 5238 3055 5293 baculo:
3088 5238 3243 5307 panis
3297 5244 3472 5288 autem

1902 5338 2310 5403 comminuetur,
2366 5333 2648 5388 transtulit
2694 5330 3085 5403 Symmachus,
3142 5344 3327 5397 panem
3373 5343 3472 5397 pro

1903 5425 2169 5492 frumento
2204 5439 2497 5495 usurpans.
2528 5422 2731 5479 Deinde
2759 5422 2924 5477 verba
2956 5422 3081 5483 ista,
3126 5418 3308 5491 Neque
3335 5419 3474 5473 enim

2007 5538 2053 5570 ⁷³
2089 5515 2289 5594 Jeretn.
2318 5552 2393 5594 ιν.
2423 5537 2495 5605 5;
2528 5535 2692 5593 Osee.
2723 5551 2777 5605 ι,
2822 5533 2907 5590 t2.
3014 5534 3058 5568 "
3087 5534 3107 5589 ι
3135 5532 3264 5589 Cor.
3298 5547 3393 5599 sn,
3418 5531 3474 5585 4.

1525 5706 1758 5765 VARUE
1795 5701 2198 5763 LECTIONES.

298 5839 327 5879 (ι
358 5842 446 5897 γρ.
483 5823 577 5877 καὶ
601 5813 993 5888 ἀνιαρρὴγνυσι.
