4020 6372
592 369 731 434 2247

1882 371 2235 434 PROCOPII
2271 373 2513 435 GAZ/EI

3694 373 3821 437 9248

594 493 648 544 in
680 500 986 559 perpetuum
1014 489 1155 546 vobis
1182 490 1410 554 irascar,
1446 506 1609 561 neque
1647 504 1746 545 vos:
1784 489 2147 545 amaritudinit

2267 493 2725 564 όρτισθήσομαι.
2774 492 2929 549 Οὐδὲ
2969 490 3138 563 φωνὴ
3167 492 3276 562 τῆς
3302 494 3544 562 πικρίας
3587 497 3704 565 μοῦ
3730 518 3819 553 za-

594 596 725 635 πιθα
755 579 1085 634 conculcabit
1111 596 1222 644 vos,
1264 580 1339 634 ita
1371 579 1733 651 Symmachus
1762 588 1817 635 et
1864 578 2147 635 Tlteodotit

2270 582 2797 653 ταπατήσειὺμᾶς,
2838 583 3130 637 Θεοδοτίων
3174 583 3270 637 καὶ
3311 584 3609 655 Σύμμαχος
3649 586 3823 651 ἐξέδω-

592 671 1057 741 interpretantur:
1106 670 1296 725 Verum
1318 687 1421 725 non
1445 671 1498 724 in
1537 684 1841 741 perpetuum
1902 672 2147 725 trituram

2268 695 2393 732 καν.
2432 677 2603 732 Ἀλλ’
2626 680 2738 733 οὐκ
2781 678 2870 743 εἷς
2893 677 3070 743 τέλος
3117 676 3319 731 ἀλοῶν
3345 677 3603 747 ἀλοήσει
3634 680 3824 747 αὐτὸν,

594 762 866 815 triturabit
884 779 1023 824 eum,
1042 778 1203 832 neque
1232 761 1467 816 turbabit
1488 780 1607 817 eum
1652 774 1769 818 rota
1790 764 2023 833 plaustri
2050 763 2147 833 ejut

2267 770 2411 827 οὐδὲ
2442 769 2681 841 ταράξει
2738 772 2951 840 τροχὸς
2995 770 3230 840 ἁμάξης
3256 770 3464 834 αὑτοῦ,
3507 772 3579 825 οὐ
3612 770 3681 825 δὲ
3712 773 3827 841 ταῖς

591 867 753 919 neque
792 851 1003 921 ungulis
1062 852 1173 906 suis
1228 854 1545 908 comminuet
1599 871 1751 911 eum:
1814 857 1868 911 id
1915 869 2027 925 est;
2096 857 2147 913 Ui

2267 864 2487 931 ὁπλαῖς
2549 863 2735 918 αὑτοῦ
2797 860 3089 917 λεπτυνεῖ
3146 862 3355 915 αὐτόν.
3414 860 3579 916 Τοῦτ’
3650 862 3788 917 ἐστιν
3809 907 3825 933 ,

589 942 819 1011 plaustri
852 950 969 995 rota
998 941 1333 997 frumentum
1358 946 1719 1001 comminuens
1760 950 2163 1021 pertransierit,

589 1050 655 1086 eo
681 1032 871 1098 etiam,
913 1034 1059 1105 quod
1094 1034 1303 1089 circum
1327 1044 1433 1100 est,
1469 1039 1629 1091 boum
1682 1041 1893 1110 ungulis
1942 1044 2163 1099 commi-

589 1132 736 1185 nuto,
770 1132 823 1177 et
854 1124 1183 1179 frumentum
1223 1125 1402 1196 ipsum
1436 1143 1543 1183 non
1586 1130 1805 1199 perdet;
1864 1132 1943 1185 uti
1985 1149 2162 1204 neque

591 1213 761 1280 ipsam
820 1215 1125 1268 animarum
1182 1214 1545 1272 substantiam
1614 1219 1785 1285 ultio,
1834 1222 1979 1291 quod
2028 1239 2153 1278 cum

586 1302 810 1357 minime
832 1302 1184 1375 Septuaginta
1210 1307 1401 1361 lateret
1422 1307 1778 1379 interpretes;
1800 1310 1923 1367 Non
1945 1317 2085 1368 enim
2106 1316 2161 1370 in

585 1397 837 1451 swculum
870 1398 1014 1454 vobis
1037 1401 1265 1466 irascar,
1294 1402 1674 1459 reddiderunt:
1702 1420 1764 1460 ac
1791 1407 1835 1461 si
1868 1422 1927 1462 se
1966 1424 2074 1462 non
2092 1408 2160 1463 ad

588 1486 873 1543 interitum
909 1506 1080 1561 usque
1102 1492 1426 1548 substantia:
1452 1496 1646 1551 ulcisci
1677 1495 1837 1568 352
1888 1498 2155 1570 dixisset;

586 1591 695 1631 non
725 1577 1058 1650 aliterquam
1084 1582 1312 1651 plaustri
1338 1594 1514 1638 rotam
1546 1585 1871 1656 frumentum
1895 1605 2001 1645 non
2033 1607 2157 1661 por-

584 1667 735 1734 dere,
778 1671 873 1726 sed
930 1662 1171 1743 purgare
1219 1674 1491 1731 videmus.
1546 1675 1653 1732 ista
1701 1688 1886 1736 autem
1943 1683 2151 1750 omnia,

584 1762 784 1831 inquit,
819 1779 925 1818 non
953 1764 1387 1833 intelligentibus
1415 1770 1579 1825 veluti
1612 1782 1853 1841 portenta
1874 1791 1979 1830 non
2007 1793 2155 1833 tuos-

584 1855 709 1909 talis
747 1854 967 1926 aliquis,
996 1858 1089 1913 sed
1121 1856 1263 1914 Deus
1295 1859 1410 1931 ipse
1452 1866 1810 1923 renuntiavit.
1880 1868 2035 1935 Quod
2104 1871 2152 1926 si

583 1946 849 2002 adversus
918 1948 1013 2003 Dei
1068 1950 1373 2015 consilium,
1430 1957 1842 2012 consolationem
1909 1961 2152 2032 aliquant

584 2038 900 2096 adinvenire
962 2042 1178 2105 valetis,
1234 2058 1429 2099 vanam
1496 2047 1656 2101 istam
1734 2052 1988 2108 exaltate.
2046 2054 2153 2110 Sed

583 2126 766 2182 lorum
798 2130 873 2182 ita
911 2129 1302 2201 interpretatur
1329 2132 1724 2206 Symmachus:
1763 2139 1830 2194 Et
1860 2143 1956 2197 hoc
1978 2160 2011 2196 a
2044 2143 2153 2200 Deo

579 2220 906 2273 exercituum
933 2222 1060 2276 olim
1080 2224 1263 2288 exivit,
1303 2226 1585 2281 consilium
1619 2229 1880 2298 laudavit,
1923 2236 2152 2289 salutent

579 2314 961 2383 magni/ienuit.

652 2403 793 2459 Sunt
823 2422 952 2461 vero
989 2407 1081 2477 qui
1109 2407 1379 2480 integrqu
1408 2411 1586 2465 locum
1616 2413 1685 2467 ad
1733 2408 1882 2471 hunc
1928 2418 2148 2474 modum

577 2494 869 2564 explicent.
904 2494 1108 2553 Christi
1147 2499 1251 2553 hoc
1284 2499 1405 2556 loco
1436 2516 1670 2571 persona
1703 2507 2002 2575 tnducitur,
2030 2526 2152 2581 qua:

579 2586 646 2639 ad
674 2588 1000 2657 evangelica:
1025 2589 1433 2660 praedicationis
1455 2593 1613 2649 [idem
1669 2595 1947 2657 lsraelitas
1995 2616 2149 2658 com-

580 2677 780 2748 pellat:
816 2679 882 2733 ad
914 2694 1078 2750 quam
1112 2681 1262 2736 nulla
1299 2698 1408 2738 non
1433 2684 1630 2755 inquit,
1675 2691 1998 2758 attentione,
2039 2708 2147 2748 non

581 2769 736 2837 pigro
766 2768 1016 2824 auditore
1037 2786 1176 2840 opus
1213 2779 1320 2837 est,
1357 2773 1451 2828 sed
1507 2774 1804 2834 observare
1833 2779 2147 2853 diligenter,

578 2870 634 2912 et
664 2873 694 2911 a
726 2858 862 2929 legis
892 2861 1043 2915 cultu
1075 2862 1336 2934 deinceps
1360 2867 1662 2924 abstinere.
1704 2867 1839 2924 Nam
1880 2873 1962 2926 vel
1993 2873 2150 2930 beato

579 2949 813 3005 docente
849 2953 1144 3023 Apestolo:
1176 2974 1194 3008 ι
1231 2952 1376 3011 Nihil
1408 2958 1630 3028 prodest
1660 2961 1818 3017 vobis
1872 2961 2150 3031 Christus,

578 3044 669 3111 qui
730 3041 785 3096 in
838 3059 954 3114 tege
1010 3045 1432 3116 justiticamini:
1493 3050 1667 3121 gratia
1723 3054 2089 3113 excidistis".
2125 3077 2143 3110 ι

2266 956 2467 1011 Ἐπειδ⁹
2499 954 2566 1010 ἂν
2587 959 2621 1012 ὁ
2644 956 2753 1025 τῆς
2783 955 3018 1026 ἀμάξης
3042 953 3257 1023 τροχὸς
3284 953 3547 1026 περιέλθῃ
3573 954 3668 1008 τὸν
3696 959 3827 1011 σῖτον

2262 1050 2600 1117 λεπτύνων,
2628 1047 2726 1119 τὴν
2756 1048 2884 1119 περὶ
2914 1047 3075 1100 αὑτὸν
3122 1045 3377 1117 καλάμην
3425 1046 3560 1117 ὁμοῦ
3609 1047 3827 1101 καὶτῶν

2264 1140 2407 1212 βοῶν
2452 1141 2584 1207 ταῖς
2608 1140 2826 1208 ὁπλαῖς
2856 1139 3027 1211 αὐτὴν
3055 1139 3501 1204 λεπτυνόντων,
3532 1139 3700 1192 αὑτὸν
3738 1140 3829 1194 οὐκ

2262 1230 2517 1299 ἀφανῑσει
2549 1230 2641 1284 τὸν
2670 1234 2837 1284 σῖτον·
2866 1228 3056 1300 ὥσπερ
3087 1229 3179 1283 οῦν
3219 1230 3340 1283 οὐδὲ
3384 1230 3494 1283 τῶν
3522 1229 3713 1311 ψυχῶν
3739 1233 3829 1302 τὴν

2260 1323 2449 1377 ούσίαν
2488 1325 2522 1396 ἠ
2574 1323 2815 1387 κόλασις.
2862 1324 3039 1394 Ὅπερ
3083 1325 3133 1377 οἱ
3187 1322 3560 1395 ἐϐδομήκοντα
3592 1323 3831 1389 νοοῦντες

2259 1415 2549 1482 ἐξέδωκαν,
2585 1416 2667 1470 Οὐ
2700 1415 2811 1485 γὰρ
2852 1415 2941 1482 εις
2983 1414 3092 1470 τὸν
3128 1413 3313 1470 αἰῶνα
3348 1414 3464 1484 ἐγὼ
3508 1414 3655 1484 ὑμῖν
3684 1417 3833 1483 ὀργι-

2259 1507 2586 1578 σθήσομαι.
2638 1506 2798 1561 Τοῦτ’
2851 1506 3003 1561 ἐστιν
3028 1506 3089 1560 ού
3137 1505 3274 1577 πρὸς
3321 1505 3601 1560 ἀπώλειαν
3650 1506 3832 1569 οὐσίας

2258 1600 2492 1665 κολάζω,
2513 1598 2764 1671 καθάπερ
2783 1599 2845 1652 οὐ
2872 1598 2929 1653 δὲ
2956 1597 3170 1668 τροχὸς
3199 1595 3415 1668 ἀμάξης
3441 1593 3698 1665 ἀφανίζει
3730 1597 3833 1651 τὸν

2254 1693 2453 1758 σῖτον,
2481 1691 2618 1747 ἀλλά
2645 1690 2886 1762 καθαρὸν
2921 1689 3319 1761 ἀπεργάζεται.
3362 1689 3548 1742 Ταῦτα
3587 1688 3646 1742 δέ
3678 1706 3831 1760 φησι,

2257 1784 2436 1840 πάντα
2459 1784 2648 1855 ὥσπερ
2674 1784 2722 1838 εἰ
2748 1783 2962 1853 τέρατα
2999 1784 3112 1845 τοῖς
3154 1781 3229 1853 μὴ
3258 1781 3471 1836 νοοῦσιν
3517 1780 3834 1851 ὑπάρχοντα

2256 1879 2358 1933 οὐκ
2386 1877 2671 1949 ἄνθρωπος
2693 1875 2820 1948 ἔφη,
2846 1875 2983 1930 ἀλλά
3001 1874 3135 1939 Θεὸς
3157 1874 3494 1945 ἀπεφήνατο.
3521 1874 3583 1926 Εἰ
3609 1873 3667 1927 δὲ
3700 1873 3835 1943 πρὸς

2259 1969 2409 2027 Θεοῦ
2430 1968 2678 2037 ,βουλὴν
2694 1967 2926 2024 δύνασθε
2952 1966 3333 2036 παραμυθίαν
3365 1966 3563 2036 εὑρεῖν,
3596 1964 3835 2035 ματαίαν

2256 2061 2461 2133 ταύτην
2504 2060 2777 2130 ὐψώσατε.
2822 2059 2980 2115 Κατά
3014 2059 3072 2113 δὲ
3094 2058 3410 2130 Σύμμαχον,
3452 2059 3566 2113 Kal
3595 2074 3664 2131 γε
3704 2058 3838 2114 τοῦ·

2258 2170 2327 2209 το
2396 2155 2556 2223 παρὰ
2608 2153 2833 2222 Κυρίου
2882 2149 3200 2221 δυνάμεων
3272 2150 3538 2220 ἐξῆλθεν
3592 2150 3790 2207 πάλαι
3818 2192 3834 2220 ,

2255 2245 2517 2312 ἐδόξασα
2576 2243 2844 2313 βουλὴν,
2872 2242 3205 2314 ἐμεγάλυνε
3242 2242 3566 2311 σωτηρίαν.

2324 2421 2438 2492 Τὴν
2460 2421 2519 2475 δὲ
2549 2421 2729 2475 πᾶσαν
2763 2419 2926 2491 ῥῆσιν
2955 2418 3100 2474 οὕτω
3128 2418 3273 2483 τινές
3306 2418 3670 2489 ἐξηγήσαντο.
3701 2418 3838 2488 Χρι·

2256 2513 2384 2568 στοῦ
2411 2513 2813 2586 παρενήνεκται
2842 2512 3137 2584 πρόσωπον
3167 2511 3303 2584 πρὸς
3325 2510 3500 2565 πειθὼ
3524 2511 3638 2565 τῶν
3670 2512 3838 2580 εὐαγ-

2252 2605 2490 2675 γελικῶν
2522 2604 2897 2677 κηρυγμάτων
2925 2605 3018 2659 τὸν
3057 2603 3275 2675 Ἰσραὴλ
3301 2604 3665 2676 ἐπαγόμενον.
3701 2604 3839 2676 πρὸς

2252 2697 2312 2763 ἀ,
2373 2696 2532 2770 φησὶ,
2580 2696 2853 2770 προσοχῆς
2912 2695 3075 2767 χρεία
3128 2695 3364 2767 πολλῆς,
3419 2694 3516 2749 καὶ
3572 2692 3839 2766 ῥᾳθύμως

2253 2789 2477 2844 ἀκούειν
2501 2788 2564 2844 ού
2588 2789 2689 2855 δεῖ,
2712 2788 3079 2859 φυλάττεσθαι
3102 2787 3160 2841 δὲ
3181 2786 3243 2841 τὺ
3268 2797 3314 2852 ι’,
3358 2788 3460 2842 καὶ
3495 2786 3635 2858 μετά
3660 2785 3838 2840 ταῦτα

2255 2882 2420 2938 πάλιν
2466 2884 2566 2956 τῆς
2618 2881 2850 2953 νομικῆς
2908 2880 3165 2953 λατρείας
3215 2879 3539 2951 ἀντέχεσθαι
3574 2888 3623 2936 ³.
3681 2879 3837 2934 Rata

2252 2976 2347 3030 τδν
2376 2975 2520 3030 θεῖον
2551 2974 2872 3029 Ἀπόστολον
2895 2975 3024 3045 γὰρ,
3060 2993 3079 3026 ι
3105 2972 3504 3044 Κατηργήθητε
3533 2971 3645 3026 ἀπὸ
3700 2972 3838 3042 Χρι-

2255 3066 2407 3133 στοῦ,
2442 3068 2642 3131 οἵτινες
2671 3069 2729 3119 ἐν
2750 3068 2899 3138 νόμῳ
2919 3064 3253 3131 δικαιοῦσθε,
3281 3064 3383 3136 τῆς
3405 3065 3630 3135 χάριτος
3653 3064 3840 3132 ἐξεπέ-

581 3135 764 3189 lnuuit
806 3151 971 3205 porro
1017 3147 1072 3193 et
1132 3138 1249 3209 ipsa
1310 3143 1556 3205 attentio,
1609 3141 1886 3198 Christum
1926 3144 1980 3201 in
2031 3147 2147 3214 lege

2254 3179 2396 3217 σετε.
2427 3180 2447 3215 ι
2481 3161 2642 3232 Δηλοῖ
2668 3160 2727 3213 δὲ
2748 3135 2911 3215 πάλιν
2936 3160 2975 3228 ή
3008 3158 3307 3229 προσοχή,
3343 3135 3413 3212 τὸ
3452 3161 3556 3213 κάν
3586 3161 3717 3224 ταῖς
3747 3159 3837 3212 τοῦ

579 3227 963 3283 adumbratum
990 3229 1221 3285 inveniri
1244 3248 1260 3297 ;
1282 3247 1485 3301 queque
1507 3248 1651 3299 eam,
1688 3235 1733 3289 si
1787 3236 2147 3305 Spiritualiter

2254 3255 2420 3326 νόμου
2452 3227 2633 3319 σκιαῖς
2664 3255 2756 3307 τὸν
2794 3254 3029 3325 Χριστὸν
3050 3227 3328 3325 εὑρίσκειν
3365 3252 3737 3323 τυπούμενον.
3769 3254 3836 3307 Οὐ

580 3318 947 3387 intelligatur,
983 3320 1052 3373 ab
1104 3319 1396 3391 Evangelio
1447 3322 1763 3379 dissentire.
1808 3344 1827 3377 ι
1872 3324 1929 3379 Si
1978 3329 2147 3395 enim,

579 3410 674 3475 ait,
711 3408 847 3463 Mosi
881 3410 1131 3476 creditis,
1156 3421 1210 3466 et
1245 3412 1377 3467 mihi
1414 3415 1581 3468 etiam
1612 3416 1870 3471 creditis:
1908 3434 2032 3473 cum
2082 3421 2150 3477 de

580 3516 667 3556 me
692 3510 746 3554 et
767 3500 857 3556 ille
878 3501 1043 3555 etiam
1072 3503 1355 3573 scripserit
1375 3506 1448 3561 τ’.
1482 3524 1503 3558 ι
1541 3508 1611 3561 At
1634 3507 1769 3579 legis
1813 3508 2153 3568 observatio.

580 3613 705 3652 nem
731 3598 855 3655 ideo
893 3603 1258 3670 excusabant,
1283 3613 1342 3658 ut
1374 3605 1476 3659 hac
1518 3606 1702 3675 specie
1730 3608 1802 3678 pii
1865 3609 2059 3675 habiti,
2098 3614 2150 3668 in

577 3689 783 3755 Jesum,
804 3700 1064 3763 tanquam
1090 3694 1193 3765 legi
1220 3698 1505 3753 contraria
1537 3699 1780 3766 doceret,
1804 3705 2152 3765 desaavireut.

581 3782 720 3837 Dicit
746 3784 965 3854 itaque:
1010 3784 1270 3858 Nunquid
1316 3800 1431 3843 tota
1471 3791 1555 3845 die
1591 3793 1788 3856 arabit,
1834 3795 1928 3865 qui
1979 3801 2150 3855 arat?

578 3871 865 3938 nimirum,
890 3883 949 3928 ut
989 3876 1227 3945 spinosas
1268 3887 1422 3934 terra:
1448 3881 1683 3936 similem
1734 3898 1860 3940 esse
1916 3884 2149 3942 idolola-

574 3970 785 4017 trarum
809 3973 1043 4020 mentem
1063 3967 1592 4041 doceat,verhoqne,
1620 3979 1878 4044 tanquam
1894 3977 2148 4034 catecbe-

574 4057 684 4112 tico
736 4069 944 4123 aratro,
1006 4074 1034 4112 a
1091 4076 1200 4129 quo
1255 4062 1565 4130 subigatur,
1626 4065 1895 4137 indigere,
1961 4076 2023 4123 ut
2076 4070 2145 4126 ad

574 4162 811 4217 superne
845 4148 1141 4204 demissum
1174 4167 1349 4207 semen
1378 4154 1787 4224 excipientium,
1807 4173 1916 4228 quo
1944 4158 2139 4231 fructu,

572 4240 733 4296 edere
764 4241 962 4310 valeat,
998 4255 1357 4316 praeparetur.
1389 4248 1543 4313 Quod
1567 4250 1697 4304 olim
1757 4252 2023 4310 lsraelitis
2079 4272 2143 4313 ex

574 4331 808 4406 A‘Igypm
864 4336 1231 4409 migrantibus
1276 4342 1530 4412 contigit,
1562 4358 1687 4397 cum
1744 4344 1917 4416 legem
1956 4347 2142 4415 istam,

572 4431 830 4495 tanquam
867 4438 1131 4491 aratrum,
1158 4444 1268 4499 quo
1312 4429 1506 4486 duram
1538 4433 1735 4491 anima:
1783 4452 1898 4493 sua:
1946 4448 2143 4496 terram

2253 3347 2362 3419 γὰρ
2405 3346 2659 3417 ἀλλότρια
2710 3345 3077 3418 παραγγέλλω
3128 3344 3224 3400 τοῦ
3274 3345 3462 3415 νόμου,
3496 3346 3615 3413 εῖγε
3666 3348 3840 3400 νοοῖτο

2255 3438 2661 3508 πνευματικῶς.
2680 3457 2701 3490 ι
2722 3439 2783 3491 Εἰ
2817 3439 2925 3510 γὰρ
2949 3436 3263 3491 ἐπιστεύετε
3281 3437 3492 3501 Μωσεῖ,
3514 3436 3835 3490 ἐπιστεύετε

2251 3529 2317 3584 ἂν
2338 3531 2483 3600 ἐμοί.
2516 3528 2652 3601 Περὶ
2685 3530 2793 3601 γὰρ
2815 3530 2949 3601 ἐμοῦ
2989 3532 3199 3594 ἐκεῖνος
3238 3530 3507 3601 γέγραφε.
3553 3548 3574 3582 ι
3610 3530 3836 3599 Προφά-

2254 3636 2336 3674 σει
2360 3621 2468 3691 γὰρ
2498 3621 2597 3691 τῆς
2620 3621 2717 3675 τοῦ
2748 3619 2915 3690 νόμου
2940 3621 3209 3693 φυλακῆς,
3237 3619 3314 3684 ὡς
3344 3620 3707 3684 εὐσεϐοῦντες
3748 3620 3835 3692 δῆο

2251 3711 2346 3767 θεν
2377 3712 2602 3767 ἐδίωκον
2637 3711 2903 3781 Ἰησοῦν,
2932 3712 3008 3776 ὡς
3037 3713 3293 3785 ἀλλότρια
3318 3712 3523 3784 ταύτης
3552 3712 3835 3767 διδάσκον-

2248 3823 2339 3860 τα.
2394 3806 2485 3859 Διό
2536 3823 2692 3878 φησι,
2747 3803 2830 3877 μὴ
2879 3804 3032 3873 ὅλην
3061 3804 3178 3875 τὴν
3212 3804 3444 3875 ἡμέραν
3483 3807 3833 3874 ἀροτριὰσει

2248 3897 2282 3948 ό
2304 3895 2612 3965 ἀροτριῶν,
2638 3895 2814 3968 δηλῶν
2851 3897 2925 3960 ὡς
2966 3895 3271 3951 ἀκανθώδει
3315 3894 3393 3967 τῇ
3422 3897 3699 3969 παρέοικε
3730 3897 3831 3950 xciv

2248 3989 2778 4059 εἰδωλολατρούντων
2802 3990 2830 4042 ὁ
2856 3989 3001 4055 νοῦς,
3033 3990 3129 4043 καὶ
3167 3988 3336 4043 δεῖται
3364 3989 3545 4058 λόγου,
3576 4007 3829 4061 κατηχη-

2246 4082 2400 4135 τικοῦ
2442 4082 2696 4151 ἀρότρου
2724 4082 2895 4154 ’δίκην
2946 4082 3111 4136 αὑτὸν
3146 4081 3607 4146 ἀναπτύσσοντος,
3658 4084 3741 4145 ὡς
3769 4083 3831 4136 ἀν

2246 4172 2630 4245 εύτρεπισθειη
2654 4172 2790 4246 πρὸς
2816 4174 2909 4227 τὸν
2935 4175 3171 4243 σπόρον
3188 4175 3280 4227 τὸν
3300 4173 3529 4237 ἀνωθεν,
3567 4176 3665 4228 καὶ
3696 4193 3828 4245 καρ-

2247 4264 2563 4337 ποφορῆσαι
2594 4265 2914 4337 δυνήσηται.
2960 4264 3132 4318 Τοῦτο
3169 4265 3361 4335 γέγονε
3392 4268 3505 4328 τοῖς
3548 4268 3690 4329 υἱοῖς
3732 4266 3829 4318 Ἰσ-

2249 4356 2387 4428 ραὴλ
2411 4355 2687 4423 ἐξελθοῦσι
2712 4357 2812 4429 μὲν
2835 4356 3137 4427 Αἰγύπτου,
3173 4357 3267 4411 τὸν
3300 4356 3357 4410 δὲ
3394 4357 3560 4426 νόμον
3589 4356 3826 4427 δεξαμέ-

2244 4463 2358 4510 νοις
2404 4448 2485 4515 ὼς
2520 4447 2792 4517 ἄροτρον.
2839 4448 2926 4511 Ὦς
2954 4447 3019 4502 ἂν
3046 4447 3482 4517 κατεσκληκυῖαν
3509 4448 3697 4500 αὐτῶν
3732 4452 3825 4518 τῆς

571 4517 1010 4588 proscinderent,
1073 4532 1424 4591 acceperunt.
1477 4523 1641 4582 Decet
1680 4528 1848 4599 igitur
1888 4545 2139 4591 cessante

2253 4544 2423 4617 ψυχῆς
2474 4545 2723 4619 ἀνατέμῃ
2749 4544 2864 4614 τὴν
2900 4544 3039 4615 γῆν.
3088 4548 3183 4599 Δεῖ
3226 4546 3405 4600 τοίνυν
3434 4544 3540 4599 τοῦ
3567 4546 3822 4614 ἀρότρου

570 4618 797 4675 aratro,
855 4613 1230 4683 evangelicum
1293 4631 1480 4672 semen
1540 4620 1864 4690 admittere;
1922 4624 1977 4680 id
2031 4632 2138 4694 est,

569 4702 799 4757 remotis
826 4702 1014 4775 liguris
1037 4707 1323 4762 veritatem
1354 4712 1631 4781 amplecti.
1654 4713 1907 4784 Agricola
1964 4718 2136 4786 enim,

568 4788 771 4859 inquit,
804 4800 862 4845 ut
895 4793 1132 4863 primum
1172 4806 1369 4853 terram
1425 4800 1745 4873 ada’quavil,
1792 4821 1903 4861 non
1957 4808 2135 4865 eidem

570 4887 755 4942 statim
783 4904 902 4956 quae
926 4889 1187 4947 solidiora
1216 4903 1366 4960 sunt,
1398 4897 1601 4951 semina
1640 4899 1953 4967 committit,
1987 4902 2083 4958 sed
2104 4918 2136 4959 a

569 4980 929 5049 tenuioribus,
961 4991 1222 5054 tanquam
1254 4999 1449 5043 terram
1491 5006 1775 5059 exercens,
1830 4996 2134 5054 exorditur.

570 5072 642 5126 Ea
672 5073 816 5127 enim
853 5085 934 5129 est
966 5076 1017 5128 iu
1041 5077 1151 5133 tuis
1180 5076 1383 5135 finibus
1416 5081 1532 5151 agri
1568 5082 1783 5138 colendi
1834 5085 1996 5141 ratio.
2059 5087 2137 5143 lla

568 5179 698 5235 ergo
726 5166 832 5234 lex,
860 5167 1019 5239 353
1046 5185 1169 5225 cum
1212 5182 1408 5227 terram
1437 5174 1792 5245 adwquasset,
1822 5186 2015 5237 tenues
2042 5184 2138 5237 tibi

569 5259 815 5314 veritatis
856 5262 1102 5327 umbras,
1132 5271 1391 5335 tanquam
1443 5267 1663 5337 cymini,
1714 5279 1807 5322 aut
1862 5275 2139 5339 papaveris

568 5351 768 5405 semina
796 5356 1077 5418 commisit,
1105 5372 1228 5426 quae
1254 5367 1469 5427 sumpta
1502 5375 1595 5428 per
1625 5376 1684 5415 se
1713 5362 1850 5416 nihil
1886 5366 1953 5418 ad
1981 5381 2134 5421 esum

567 5445 793 5499 omnino
825 5446 1150 5516 conferunt;
1203 5451 1299 5504 sed
1330 5464 1453 5503 cum
1483 5451 1605 5508 aliis
1640 5460 1873 5521 tantum,
1936 5456 1989 5511 id
2027 5468 2134 5525 est,

674 5622 718 5654 "
748 5622 922 5678 Calat.
951 5642 1004 5689 ν,
1033 5625 1089 5690 2,
1126 5627 1179 5684 4.
1260 5626 1303 5659 ⁷⁷
1330 5624 1489 5681 Joan.
1528 5645 1582 5692 ν,
1610 5629 1697 5685 i6.

2247 4637 2627 4708 παυσαμένου,
2677 4637 2772 4691 τὸν
2801 4638 3157 4707 εύαηελικὸν
3206 4637 3562 4708 ὑποδέχεσθαι
3594 4640 3818 4709 σπόρον,

2245 4730 2343 4786 καὶ
2367 4730 2737 4801 παυσαμένων
2764 4731 2875 4785 τῶν
2903 4730 3111 4796 τύπων,
3137 4730 3392 4796 δέξασθαι
3407 4729 3508 4800 τὴν
3531 4730 3816 4801 ἀλήθειαν.

2252 4825 2315 4880 Ὅ
2370 4823 2429 4879 δὲ
2465 4826 2485 4863 ί
2524 4825 2794 4898 γεωργὸς,
2840 4826 2993 4894 φασὶ,
3029 4824 3135 4879 κᾶν
3188 4824 3450 4895 ὀμααῑίσῃ
3502 4824 3622 4893 τὴν
3686 4824 3816 4895 γῆν,

2242 4920 2344 4974 οὐκ
2369 4919 2533 4983 εὐθὺς
2563 4919 2896 4974 καταϐάλλει
2942 4919 3257 4989 σπέρματα
3302 4918 3674 4990 στερεώτερα.
3702 4918 3817 4971 Τῶν

2238 5010 2299 5065 δὲ
2362 5010 2740 5083 σμικροτέρων
2786 5012 3140 5082 κατάρχεται,
3194 5010 3284 5065 διὰ
3329 5009 3540 5065 τούτων
3602 5011 3817 5083 πρῶτον

2238 5102 2536 5173 γυμνάζων
2579 5101 2696 5171 τὴν
2738 5101 2877 5172 γῆν.
2915 5097 3084 5169 Οὗτος
3109 5105 3219 5173 γὰρ
3256 5103 3314 5155 ἐν
3345 5104 3457 5165 τοῖς
3507 5104 3626 5166 σοῖς
3654 5103 3815 5172 ὁρίοις

2237 5193 2487 5263 τεχνικὸς
2515 5193 2617 5264 τῆς
2639 5196 2914 5265 γεωργίας
2934 5196 2963 5248 ὁ
2989 5194 3208 5267 τρόπος.
3235 5193 3422 5258 Οῦτως
3447 5191 3545 5247 οὖν
3575 5195 3606 5247 ὁ
3659 5195 3815 5265 νόμος

2239 5282 2539 5350 ὀμαλίονας
2592 5283 2707 5351 τὴν
2760 5284 2898 5355 γῆν,
2946 5285 3045 5348 τὰς
3091 5286 3337 5348 ἀσθενεῖς
3385 5302 3471 5338 σοι
3511 5286 3677 5349 σκιάς
3716 5283 3813 5353 τῆς

2243 5372 2500 5443 ἀληθείας
2538 5374 2908 5445 ἐνέσπειρεν,
2950 5377 3115 5431 οἱονεὶ
3164 5377 3434 5447 κύμινον,
3469 5377 3572 5431 καὶ
3601 5377 3811 5445 μελάν-

2244 5467 2398 5523 θιον.
2428 5467 2497 5521 Ἀ
2520 5466 2584 5521 δὴ
2611 5468 2732 5522 καθ’
2753 5469 2927 5524 ἐαυτά
2951 5468 3231 5534 παντελῶς
3258 5470 3360 5524 οὐκ
3381 5470 3529 5524 ἐστιν
3557 5468 3807 5539 ἐδώδιμα,

1866 5723 2099 5786 VARIIE
2130 5729 2530 5789 LECTIONES.

644 5813 670 5847 τ
693 5825 783 5879 γρ.
823 5826 903 5863 τε.
983 5816 1005 5845 ⁸
1034 5828 1125 5881 γρ.
1157 5810 1499 5885 ἀπέχεσθαι.
1568 5815 1583 5853 ι
1620 5830 1710 5885 γρ.
1745 5814 1874 5889 γάρ.
