4020 6372
261 317 400 381 225.9
1394 315 1935 379 COMMENTARII
1978 313 2060 374 IN
2103 313 2391 376 ISAIAM.
3378 327 3524 395 2250

259 436 324 504 τῇ
350 432 407 486 δὲ
428 430 569 501 πρὸς
600 431 761 503 ἔτερα
783 422 994 499 γίνεται
1019 430 1265 503 χρήσιμα
1291 430 1604 502 συμπλοκῇ,
1627 428 1842 500 κριθὴν

1955 426 2140 483 hordeo
2162 435 2212 483 et
2246 428 2538 497 frumento,
2588 428 2792 500 quibus
2825 430 2985 503 panis
3031 434 3343 509 coniicitur,
3388 460 3521 504 con-

259 524 360 578 καῖ
396 524 594 590 σῖτον,
630 523 774 578 τοῦτ’
796 523 935 590 ἐστι,
964 523 1056 578 τὸν
1088 524 1154 577 ὲκ
1184 520 1391 577 τούτων
1419 524 1583 595 ἄρτον
1612 522 1837 592 γινόμε-

1955 523 2132 591 iuncta
2171 532 2227 579 et
2249 524 2529 595 copulata.

258 633 369 671 νον.

329 706 490 761 οῦτω
518 706 696 777 δεῖτῇ
735 706 1083 777 πνευματικῇ
1125 704 1444 774 διδασκαλίᾳ
1478 703 1574 758 καὶ
1622 702 1714 757 τὸν
1759 703 1843 757 νό-

2016 698 2110 756 Sic
2142 714 2267 756 cum
2302 699 2577 771 spirituali
2608 701 2858 758 doctrina
2884 711 2938 761 et
2964 704 3136 776 legem
3170 708 3344 780 ipsam
3370 712 3521 769 coire

260 816 363 869 μον
400 798 803 870 συμφέρεσθαι.
837 797 1050 862 "sum;
1078 797 1188 868 γὰρ
1229 796 1494 868 ἀδρανοῦς
1520 796 1671 860 ὄντος
1698 794 1841 866 πρὸς

1955 799 1996 845 ει
2033 792 2354 862 conspirare
2381 798 2615 862 oportet.
2666 793 2804 849 Cum
2836 795 2980 851 enim
3028 798 3099 853 ad
3142 803 3521 873 purgationem

257 892 550 963 ἁμαρτιῶν
597 890 1003 962 ἀποκάθαρσιν,
1037 890 1439 961 ἀποκεκίνηται
1476 889 1575 960 μὲν
1620 889 1654 960 ή
1689 887 1840 953 σκιὰ,

1955 893 2295 955 peccatorum
2352 884 2569 939 inﬁrma
2628 884 2715 939 lex
2776 894 2976 954 esset;
3036 901 3218 946 amota
3281 896 3522 963 umbra,

254 986 318 1038 τὸ
345 986 403 1039 δὲ
431 984 694 1050 ζωοποιδν
720 984 1140 1055 είσκεκόμισται
1169 982 1370 1053 κρῖμα,
1394 982 1543 1036 τοῦτ’
1571 980 1687 1036 ἔστι
1710 982 1845 1051 Χρι-

1955 975 2202 1038 iudicium
2229 976 2397 1031 vitam
2434 983 2705 1046 praestans
2745 978 3117 1037 introductum
3180 992 3265 1040 est
3298 1003 3313 1052 ;
3356 987 3523 1042 Clu-i-

258 1077 387 1141 στδς
442 1076 861 1148 συντετμημένη
916 1075 1099 1130 πίστει
1150 1074 1401 1138 δικαιῶν,
1448 1074 1478 1127 ὃ
1526 1076 1705 1128 ποιεῖν
1742 1074 1845 1127 οὐκ

1955 1077 2064 1123 stus
2100 1068 2216 1138 ipse
2254 1067 2539 1133 nimirum,
2572 1068 2665 1138 qui
2706 1068 2827 1125 lidei
2871 1074 3198 1144 compendio
3222 1076 3407 1145 justos
3444 1080 3525 1134 fa-

257 1165 406 1240 εῖχον
440 1170 497 1224 αἱ
530 1169 736 1240 μακραὶ
753 1166 847 1221 τοῦ
876 1165 1044 1237 νόμου
1078 1165 1339 1237 περίοδοι.
1374 1163 1465 1237 Τῷ
1480 1164 1536 1219 δὲ
1562 1162 1845 1218 πιστεύον-

1955 1160 2040 1228 cit,
2068 1162 2212 1232 quod
2246 1176 2455 1230 magnae
2486 1162 2592 1217 illae
2645 1178 2929 1234 nunquam
2996 1176 3258 1237 praestare
3312 1175 3526 1242 potuis-

255 1280 335 1327 τι,
381 1260 637 1331 καθάπερ
678 1260 852 1330 κριτῇ
879 1260 959 1332 τῷ
1010 1261 1205 1332 Κυρίῳ
1260 1259 1330 1313 τά
1368 1257 1616 1329 πρακτέα
1670 1272 1843 1328 προσ-

1955 1261 2074 1307 sent
2112 1253 2245 1323 legis
2264 1253 2496 1324 periodi.
2526 1253 2780 1309 Credenti
2807 1264 3011 1319 autem,
3039 1274 3149 1314 non
3169 1261 3331 1317 aliter
3354 1278 3521 1333 quam

258 1356 543 1415 τάττοντι.
604 1354 699 1408 καὶ
742 1353 813 1407 τὰ
856 1352 959 1423 τῆς
1022 1350 1398 1423 πνευματικῆς
1461 1350 1847 1418 εὐφροσύνης

1955 1342 2113 1406 iudici
2133 1344 2386 1410 Domino,
2407 1360 2532 1417 quae
2558 1347 2766 1417 agenda
2794 1358 2921 1403 sunt
2938 1350 3248 1420 imperanti,
3272 1370 3335 1410 ea
3358 1358 3521 1413 etiam

259 1448 569 1503 ἀκολουθεῖ.
602 1446 690 1511 Ὧς
714 1446 990 1519 χρησίμου
1024 1445 1081 1499 δὲ
1105 1445 1272 1499 πάλιν
1296 1442 1584 1514 ἀντέχεται
1611 1442 1706 1496 τοῦ
1734 1459 1846 1497 πα·-

1955 1452 2071 1506 qum
2094 1437 2396 1506 spiritualis
2425 1444 2555 1493 sunt
2583 1437 2806 1505 lwtitiaz,
2841 1442 3199 1500 conveniunt.
3240 1444 3299 1500 In
3329 1462 3521 1504 exemo

262 1539 649 1611 ραδείγματος,
684 1538 899 1602 δεικνὺς
938 1537 1015 1601 ὼς
1058 1535 1258 1607 μετρία
1299 1534 1424 1605 δίκη
1468 1532 1846 1604 ρᾳθυμοῦντας

1955 1531 2040 1598 plo
2079 1544 2295 1593 rursus,
2327 1536 2587 1598 tanquam
2637 1530 2755 1585 utili
2803 1539 2857 1586 et
2892 1534 3203 1598 commodo,
3240 1538 3523 1607 persistit;

257 1634 387 1696 τοὺς
420 1631 615 1702 νόμους
645 1631 974 1703 μετήρχετοο
998 1628 1180 1683 καίτοι
1210 1627 1405 1696 λέγων,
1431 1645 1450 1679 ι
1474 1628 1532 1681 '0
1552 1626 1679 1689 λαὸς
1694 1621 1846 1690 οὗτος

1955 1630 2012 1675 ut
2042 1636 2204 1692 quam
2234 1623 2445 1677 modica
2480 1636 2638 1693 poena
2665 1623 2719 1677 in
2743 1639 2940 1693 segnes
2967 1626 3101 1695 legis
3132 1628 3523 1689 observatores

254 1728 376 1788 τοῖς
408 1723 611 1796 χείλεσί
644 1740 712 1794 με
732 1723 891 1794 τιμᾷ,
926 1740 946 1775 ι
976 1722 1069 1776 καὶ
1094 1720 1163 1775 τὰ
1194 1720 1287 1774 ἐπὶ
1314 1717 1545 1782 τούτοις,
1571 1717 1667 1773 καὶ
1697 1719 1847 1789 ὅμως

1955 1712 2358 1777 animadvertit,
2396 1715 2672 1769 ostendat.
2706 1715 2771 1768 Et
2797 1727 2949 1773 certe
2994 1723 3348 1788 quantumvis
3396 1739 3455 1779 se
3493 1740 3524 1778 a

256 1778 666 1888 φιλανθρώπως
726 1778 1003 1878 ἐκόλαζεν,
1036 1811 1238 1866 ὡσανεὶ
1273 1808 1477 1880 ῥάϐδῳ
1504 1778 1839 1878 ὀὶαθιιρόείή

1955 1803 2268 1862 Iudaeorum
2328 1810 2531 1879 populo
2573 1808 2735 1864 labiis
2770 1819 2981 1866 tantum
3010 1778 3295 1869 'lionorari
3342 1817 3415 1883 ⁷⁸,
3471 1825 3525 1872 et

250 1908 608 1980 μελάνθιον.
635 1909 699 1961 El
730 1906 827 1961 καὶ
860 1907 1082 1978 τηροῖτο
1112 1904 1192 1971 δὲ,
1214 1905 1404 1975 φησὶν,
1441 1902 1470 1955 ὁ
1490 1902 1677 1973 νόμος,
1713 1901 1836 1956 καθ’

256 2002 457 2056 ἑαυτὸν
482 2001 755 2074 ἄχρηστος
773 2000 875 2071 τῆς
895 1998 990 2053 τοῦ
1016 1997 1183 2070 ἄρτου
1209 1995 1467 2067 δεόμενος
1484 1994 1839 2065 συμπλοκῆς.

256 2097 421 2167 Σαφῆ
452 2095 511 2150 δὲ
565 2092 733 2149 ποιῶν
773 2093 872 2164 τὴν
920 2090 1219 2163 εἰρημένην
1272 2087 1709 2160 φιλανθρωπίαν,
1748 2087 1847 2138 ὲπ-

254 2184 529 2255 ήνεγκεν·
581 2183 665 2237 Οὐ
692 2181 804 2251 γὰρ
830 2182 917 2245 είς
944 2180 1053 2234 τὸν
1089 2177 1274 2236 αιιῖγνα
1310 2176 1453 2248 ὑμῖν
1485 2175 1844 2248 ὀργισθήσοο

250 2294 385 2347 μαι.
418 2276 539 2330 Οὐδ’
568 2273 742 2339 οὕτως
776 2275 921 2346 ὑμᾶς
960 2275 993 2344 ἡ
1026 2270 1087 2337 ἐξ
1131 2270 1268 2342 ἐμοῦ
1315 2270 1525 2341 μέτεισι
1582 2270 1731 2341 δίκη.
1770 2268 1846 2332 ὡς

254 2367 658 2437 καταπάτημα
696 2364 949 2435 γενέσθαι
983 2366 1095 2426 τοῖς
1118 2362 1177 2430 ἐξ
1206 2362 1398 2434 ὀργῆς.
1428 2361 1523 2416 Διὸ
1547 2362 1643 2416 καὶ
1666 2359 1844 2430 τέρας

254 2460 423 2516 καλεῖ
447 2459 543 2514 καὶ
573 2458 850 2529 θαύματος
881 2457 1053 2525 ἀξιον,
1076 2445 1145 2510 τίδ’
1167 2458 1225 2511 ὲν
1254 2454 1534 2519 τοσούτοις
1569 2455 1699 2510 ὅντα
1741 2471 1846 2508 πα-

257 2550 632 2623 ραπτώμασιν
662 2549 927 2605 ἐλεεῖσθαι
952 2548 1044 2603 τὸν
1060 2547 1297 2620 Ἰσραήλ.
1327 2546 1492 2601 Ὅθεν
1518 2545 1674 2616 φησὶ,
1701 2549 1849 2600 Βου-

252 2644 381 2713 .117;-
424 2643 654 2715 ἀγαθῆς
694 2643 1076 2705 ἐπιλὰϐεσθε,
1132 2639 1567 2711 καταιτιώμενος
1617 2640 1698 2692 ὃτι
1728 2656 1845 2709 μαι

254 2738 441 2793 ταίαν
460 2735 847 2806 παράκλησιν
868 2733 1013 2804 μέγα
1047 2751 1100 2787 τι
1130 2733 1227 2787 καὶ
1255 2731 1461 2804 ὑψηλὸν
1494 2726 1634 2785 εἶναι
1657 2730 1848 2803 χρῆμα

256 2830 613 2901 νομίσαντες,
644 2828 739 2882 τοῦ
765 2827 973 2891 εἰκότος
999 2826 1103 2893 ἔξω
1137 2842 1231 2879 ποι
1260 2825 1535 2896 φέρονται.
1564 2824 1665 2894 Εῖη
1707 2823 1749 2876 δ’
1780 2822 1846 2878 ἂν

255 2923 429 2993 αὐτὴ,
484 2921 607 2975 καθ’
651 2924 720 2992 ῆν
767 2920 952 2988 ἔλεγον
984 2934 999 2949 ο
1033 2937 1051 2970 ι
1111 2914 1521 2989 Ἐποιησάμεθα
1574 2914 1847 2986 συνθήκην

260 3018 411 3087 μετὰ
446 3015 543 3070 τοῦ
577 3016 725 3089 ᾅδου,
765 3034 784 3069 ι
820 3016 914 3070 καὶ
942 3014 1013 3070 τὰ
1055 3014 1149 3069 ἐπὶ
1180 3011 1415 3076 τούτοις.
1444 3012 1679 3065 Ἤκουον
1704 3011 1841 3082 γάρ·

1950 1912 2071 1968 qua:
2102 1908 2431 1969 sequuntur,
2466 1899 2645 1968 palam
2681 1911 3022 1970 quaereretur
3051 1922 3065 1970 ;
3113 1906 3527 1975 perhumaniter

1948 1998 2131 2047 tamen
2187 1992 2577 2058 ulciscebatur,
2644 2001 2904 2065 tanquam
2950 1996 3212 2053 nimirum
3266 1999 3313 2055 si
3374 2002 3525 2072 virga

1945 2098 2171 2153 papaver
2195 2085 2523 2140 excutiatur.
2562 2084 2872 2152 Quinetiam
2923 2091 3277 2159 quantumvis
3320 2092 3406 2148 lex
3426 2094 3527 2150 ob-

1947 2186 2195 2231 servetur
2223 2216 2239 2241 ,
2266 2177 2366 2241 ait,
2401 2193 2497 2248 per
2527 2193 2587 2234 se
2622 2178 2787 2235 fuerit
2824 2180 3060 2248 inutilis,
3106 2184 3152 2239 si
3197 2184 3355 2254 panis
3389 2201 3528 2241 con-

1944 2268 2229 2339 junctione
2264 2264 2627 2325 destituatur.
2667 2271 2939 2328 Caeterum
2969 2290 3036 2330 ne
3068 2278 3381 2345 praedictam
3421 2278 3524 2333 huc

1944 2365 2269 2417 manitatem
2303 2362 2592 2417 obscuram
2618 2378 2743 2420 esse
2767 2365 2974 2421 sineret
2998 2386 3011 2422 :
3042 2367 3164 2423 Non
3185 2370 3241 2423 in
3267 2372 3525 2427 stt’cttlum

1946 2453 2091 2509 nobis
2130 2454 2358 2519 irascar,
2418 2469 2596 2525 neque
2626 2455 2695 2510 ad
2752 2471 2847 2512 vos
2910 2458 2987 2513 ita
3041 2475 3223 2517 meum
3265 2465 3523 2521 transibit

1941 2546 2235 2616 judicium,
2271 2546 2515 2616 adjecit,
2546 2557 2603 2604 ut
2632 2550 2727 2605 ira:
2783 2549 2908 2606 liliis
2963 2550 3017 2606 in
3070 2552 3523 2612 conculcationem

1947 2638 2200 2707 pateatis.
2238 2636 2604 2705 Quamobrem
2644 2641 2808 2694 etiam
2883 2651 3183 2709 portentum
3251 2655 3432 2711 vocat,
3467 2656 3524 2703 et

1949 2730 2314 2786 admiratione
2342 2729 2589 2801 dignum,
2628 2731 2774 2802 quod
2801 2732 2983 2788 lsraeli
3043 2736 3212 2792 tantis
3265 2750 3522 2807 peccato-

1946 2837 2068 2876 rum
2106 2820 2366 2878 sordibus
2400 2822 2682 2892 inquinata
2721 2823 3112 2881 misericordiae
3135 2825 3289 2881 locus
3315 2834 3520 2898 pateat.

1949 2913 2078 2969 lmle
2102 2914 2265 2968 etiam
2315 2921 2418 2977 est.
2453 2913 2597 2984 quod
2654 2914 2938 2969 consilium
2979 2916 3173 2973 bonum
3219 2920 3355 2976 inire
3382 2936 3524 2991 prato

1948 3007 2115 3077 cipit;
2153 3020 2421 3062 accusans
2441 3043 2456 3068 ,
2482 3005 2627 3075 quod
2675 3007 2899 3061 stultam
2960 3011 3378 3068 consolationem
3406 3029 3522 3070 ma-

264 3126 287 3158 ε
320 3109 597 3177 Καταιγὶς
643 3108 924 3180 φερομένη
962 3107 1056 3163 ἐὰν
1079 3105 1351 3180 παρέλθῃ,
1372 3102 1562 3158 ἔσεσθε
1591 3104 1728 3174 αὐτῇ
1767 3103 1848 3165 εἰς

1955 3115 2115 3170 gnum
2134 3097 2264 3167 quid
2293 3112 2416 3152 esse
2448 3098 2721 3164 arbitrati,
2754 3098 2824 3155 ab
2854 3115 2942 3165 eo,
2978 3103 3126 3171 quod
3149 3103 3328 3167 decet,
3358 3120 3523 3162 aver-

257 3201 561 3271 καταπάτη
571 3217 668 3270 μα.
708 3218 728 3252 ι

254 3308 371 3364 qua
426 3293 726 3347 dicebant:
770 3310 789 3344 ι
872 3289 1075 3345 Ftedns
1133 3290 1398 3345 iniviums
1465 3302 1591 3344 cum
1654 3284 1871 3349 inferis,

1958 3196 2164 3242 tantur.
2195 3185 2385 3241 Fuerit
2426 3202 2558 3242 vero
2619 3205 2680 3244 ea
2748 3190 2984 3249 fortasse
3056 3195 3362 3252 consolatio
3392 3236 3409 3265 ,
3455 3197 3525 3256 de

1949 3298 2075 3336 eum
2142 3291 2315 3335 morte
2381 3281 2449 3347 τ’,
2532 3300 2549 3333 ι
2596 3290 2651 3337 et
2704 3299 2827 3353 quae
2882 3286 3163 3356 deinceps.
3214 3287 3565 3351 Audierunt.

257 3388 415 3441 enim
448 3402 462 3437 :
507 3402 527 3436 ι
565 3383 809 3438 Procella
837 3382 1055 3437 irruens
1105 3383 1151 3439 si
1182 3380 1505 3449 transierit,
1550 3379 1709 3435 eritis
1763 3378 1811 3434 ei
1852 3378 1905 3431 in
1943 3372 2410 3430 conculcationem
2444 3373 2510 3427 ⁸ο.
2565 3393 2584 3425 ι

848 3477 1099 3530 ΚΕΦΑΛ.
1129 3476 1259 3530 ΚΘ.
1304 3468 1319 3481 ’

336 3589 373 3625 α
409 3576 481 3641 η’.
510 3568 655 3624 Οὐαὶ
681 3569 883 3635 πόλις,
915 3568 1143 3635 Ἀριὴλ,
1171 3567 1249 3635 ἣν
1268 3565 1615 3637 ἐπολέμησε
1636 3561 1845 3618 Δαϐίδο

265 3658 649 3728 συναγάγετε
662 3658 1003 3730 γεννήματα
1015 3658 1295 3714 ἐνιαυτὸν
1306 3658 1405 3712 ἐπὶ
1426 3657 1725 3711 ἐνιαυτόν.
1743 3652 1853 3708 Φά-

264 3758 449 3825 ττσθε
470 3754 579 3823 γὰρ
594 3751 716 3806 σὺν
729 3749 926 3805 Μωάὸ.
959 3750 1256 3819 Ἐκθλίψω
1270 3749 1377 3819 γὰρ
1393 3748 1622 3817 Ἀριὴλ.
1648 3764 1703 3801 κ.
1723 3762 1775 3801 τ.
1800 3745 1852 3799 λ.

342 3929 457 4001 Τὴν
491 3927 581 3982 διὰ
626 3926 736 3981 τῶν
773 3924 914 3998 μετὰ
959 3926 1150 3996 χεῖρας
1175 3921 1603 3994 ταλανιζομένην
1650 3918 1857 3989 Ἀριὴλ

272 4024 367 4076 καὶ
424 4019 582 4076 αύτοί
627 4036 815 4089 φασιν,
859 4015 1132 4070 Ἰουδαίων
1187 4015 1378 4078 παῖδες
1432 4014 1704 4085 ὑπάρχειν
1756 4010 1857 4083 τὴν

283 4112 665 4186 Ἰερουσαλὴμ,
690 4111 943 4179 λέγοντες
977 4108 1123 4172 ἰδίως
1152 4107 1215 4160 τὸ
1247 4106 1634 4175 θυσιαστήριον
1663 4102 1723 4155 τὸ
1750 4100 1856 4172 πρὸ

266 4207 365 4263 τοῦ
395 4206 528 4260 ναοῦ
559 4202 832 4268 συνεστὸς,
850 4201 1055 4271 Ἀριὴλ
1082 4193 1855 4272 ὼνομάσθαι.ΤοιγαροῦνἸε-

266 4297 468 4370 ζεκιὴλ
506 4298 563 4349 ἐν
590 4297 700 4365 τοῖς
720 4294 1057 4357 τελευταίοις
1097 4292 1189 4347 τὸν
1218 4292 1344 4346 ναὸν
1369 4289 1687 4361 διαγράφων
1712 4286 1857 4340 οὕτω

267 4390 431 4462 φησί’
474 4406 493 4440 t
525 4387 637 4442 Kal.
683 4385 856 4440 ταῦτα
899 4387 970 4439 τὰ
1004 4386 1177 4456 μέτρα
1220 4384 1314 4439 τοῦ
1359 4380 1765 4451 θυσιαστηρίου,
1798 4381 1855 4433 ἐν

270 4487 444 4554 πήχει
474 4481 715 4550 πήχεως,
742 4477 839 4532 καὶ
878 4477 1203 4549 παλαιστῆς.
1241 4496 1260 4529 ι
1284 4477 1392 4530 Καὶ
1416 4473 1624 4545 προϐάς
1643 4489 1656 4502 ·
1692 4491 1710 4525 t
1745 4471 1852 4525 Καὶ

1964 4470 2026 4525 Ει
2080 4473 2243 4542 paulo
2296 4481 2420 4544 post
2475 4490 2489 4527 :

268 4576 384 4629 ἀπὸ
412 4571 510 4627 τοῦ
552 4570 739 4642 Ἀριὴλ
785 4570 1041 4640 ὑπεράνω
1068 4570 1175 4622 τῶν
1208 4569 1454 4640 κεράτων
1502 4569 1680 4637 πῆχυς
1704 4580 1719 4595 ⁸
1764 4562 1860 4618 καὶ

266 4668 333 4720 τὸ
376 4665 570 4737 Ἀριὴλ
615 4663 809 4734 πηχῶν
850 4661 1061 4715 δώδεκα
1086 4677 1098 4689 ·
1147 4679 1166 4712 ι
1204 4659 1604 4731 ἑρμηνεύεσθαι
1632 4658 1690 4711 δέ
1723 4674 1857 4728 φασι

268 4761 414 4813 λέων
450 4756 609 4812 Θεοῦ.
639 4758 735 4809 Ὃν
762 4754 871 4826 γὰρ
897 4753 1034 4808 Θεοῦ
1072 4752 1133 4806 τὸ
1160 4752 1565 4822 θυσιαστήριον,
1596 4748 1855 4821 κατήσθιε

270 4852 461 4906 πάντα
497 4848 567 4902 τὰ
600 4850 657 4903 ὲν
688 4846 838 4918 αὐτῴ
863 4846 1307 4918 προσφερόμενα.
1340 4846 1497 4908 Τινὲς
1524 4842 1581 4897 δέ
1605 4860 1737 4912 φασι
1760 4840 1857 4915 τὴν

271 4946 433 4998 πόλιν
464 4941 637 5000 οὕτως
665 4939 937 5012 είρῆσθαι,
973 4939 1098 4991 ἐπεὶ
1126 4938 1214 4990 διὰ
1244 4936 1404 5003 Θεοῦ,
1433 4937 1645 4999 λέοντος
1676 4934 1852 5003 δίκην,

271 5037 592 5109 ἐσπάραττε
623 5035 747 5098 τοὺς
769 5032 1148 5103 ἀνταίροντας.
1183 5031 1258 5084 Τὸ
1285 5030 1363 5095 δὲ,
1398 5031 1597 5094 πόλις,
1620 5026 1698 5095 ἣν
1720 5028 1857 5081 ἐπο-

270 5129 511 5197 λέμησε
540 5124 740 5189 Δαϐὶδ,
778 5121 839 5176 οῦ
873 5139 1035 5193 φασιν
1068 5122 1327 5192 είρῆσθαι
1360 5123 1417 5174 ὲν
1441 5119 1520 5190 τῷ
1560 5115 1855 5189 Ἐὁραῖκῷ,

272 5220 418 5275 ἀλλά
461 5218 604 5272 κατὰ
657 5216 749 5269 τὸν
787 5214 1044 5281 ’Λκύλαν,
1092 5215 1355 5281 πολίχνη
1391 5208 1858 5279 παρεμὸλήσεως

271 5310 477 5367 Δαϐίδ.
530 5306 870 5376 ’Δλλοφύλων
911 5307 1019 5377 γὰρ
1051 5301 1243 5367 οὖσαν,
1284 5302 1379 5357 καὶ
1414 5299 1612 5363 Ἰεὸοῦς
1658 5299 1856 5353 καλου-

279 5403 455 5475 μένην
476 5397 619 5452 εἷλεν
648 5400 675 5452 ό
696 5397 882 5461 Δαϐὶδ,
907 5398 1142 5465 τυφλοὺς
1169 5396 1265 5449 καὶ
1294 5393 1501 5466 χωλοὺς
1528 5391 1855 5456 ἀποκτείνας

276 5495 407 5556 τοὺς
439 5489 841 5561 ἀνθεστηκότας
882 5489 1055 5560 αὐτῷ.
1092 5487 1253 5541 Καθά
1297 5486 1393 5541 καὶ
1426 5484 1661 5554 Χριστὸς
1712 5500 1859 5552 παρ-

256 5584 479 5653 ,ἔστησε
497 5582 624 5645 τοὺς
654 5579 860 5651 ταύτης
900 5582 1196 5650 οἰκήτορας
1230 5577 1467 5647 τυφλοὺς
1513 5575 1891 5648 ὑπάρχοντας,

2516 3465 2648 3521 CAP
2728 3468 2920 3525 XXIX.

2023 3556 2188 3629 35a
2228 3555 2393 3613 Vsus.
2447 3558 2587 3614 1-8.
2636 3558 2727 3615 Va:
2749 3564 3151 3634 civitatiAriel,
3214 3587 3373 3641 quam
3431 3590 3527 3631 ea:-

1954 3651 2201 3720 pugnavit
2236 3649 2430 3703 David.
2476 3648 2802 3721 Congregate
2835 3656 3093 3725 'gerntt'na
3137 3678 3334 3718 annum
3387 3682 3528 3723 anno

1956 3743 2289 3811 adjicientes.
2340 3740 2630 3797 Comedetis
2666 3744 2801 3798 enim
2862 3763 2979 3801 cum
3046 3748 3231 3809 Moab.
3283 3754 3529 3829 Aﬁligam

1953 3833 2212 3911 siquidem
2242 3832 2405 3899 Ariel,
2438 3842 2543 3889 etc.
2814 3902 2817 3905 γ

2023 3925 2184 3996 355
2225 3926 2397 3993 Quam
2429 3926 2534 3981 hoc
2572 3926 2693 3982 loco
2712 3927 2873 3984 deﬂet
2900 3930 3046 3986 Ariel
3071 3931 3375 3992 Jerusalem
3405 3953 3531 3996 esse

1956 4019 2293 4073 arbitrantur
2337 4018 2504 4073 etiam
2552 4019 2725 4075 Judaei
2786 4021 2935 4091 ipsi,
2996 4025 3089 4094 qui
3152 4026 3257 4081 hoc
3307 4030 3532 4087 nomine

1957 4108 2130 4162 altare
2164 4108 2321 4174 illud,
2358 4109 2504 4179 quod
2550 4120 2677 4166 ante
2711 4113 2971 4181 templum
3023 4115 3199 4170 fuerat
3225 4119 3525 4174 excitatum

1960 4201 2234 4271 designari
2274 4201 2505 4256 dicant:
2543 4202 2775 4273 ideoque
2804 4204 3146 4261 Ezecliielem
3181 4218 3429 4265 extremo
3458 4212 3528 4266 li-

1962 4291 2060 4344 bro
2098 4292 2151 4345 in
2201 4290 2315 4345 haec
2365 4292 2528 4346 verba
2577 4294 2836 4362 templum
2881 4296 3288 4367 descripsisse:
3347 4318 3366 4353 ι
3408 4299 3531 4358 ista:

1961 4390 2140 4435 autem
2160 4397 2429 4437 mensura:
2456 4383 2645 4437 altaris
2672 4385 2725 4439 in
2752 4386 2935 4441 cubito
2952 4389 3147 4452 cubiti,
3172 4398 3225 4444 et
3242 4392 3407 4461 palmi
3424 4393 3523 4449 ⁸³.»

2552 4493 2572 4526 ι
2628 4475 2692 4529 Et
2746 4477 2818 4531 ab
2865 4478 3053 4542 Ariel,
3102 4495 3266 4551 supra
3320 4498 3528 4541 cornua

1955 4564 2225 4632 cubitus;
2296 4573 2351 4621 et
2411 4565 2560 4622 Ariel
2635 4568 2947 4623 cubitorum
3013 4570 3304 4629 duodecim
3366 4575 3434 4630 “.
3507 4598 3527 4631 ι

1956 4656 2247 4728 Significat
2276 4669 2459 4714 autem
2512 4660 2656 4715 idem
2687 4663 2837 4727 vocis
2872 4664 3258 4733 interpretatio
3287 4706 3304 4735 ,
3360 4684 3427 4724 ac
3480 4676 3526 4726 si

1954 4751 2048 4806 Dei
2083 4750 2292 4806 leonem
2322 4752 2477 4807 dicas
2518 4767 2532 4805 :
2571 4753 2700 4823 quia
2728 4770 2849 4822 qua:
2875 4755 3033 4810 altari
3073 4755 3166 4811 Dei
3219 4755 3529 4816 offereban-

1952 4851 2046 4898 tur
2077 4883 2093 4910 ,
2151 4844 2292 4899 idem
2350 4846 2535 4901 omnia
2598 4850 2981 4904 consumebat.
3016 4850 3187 4905 Aiunt
3223 4867 3358 4906 vero
3392 4868 3529 4907 non-

1954 4936 2087 4989 nulli
2121 4936 2310 4989 urbem
2339 4935 2392 4991 id
2420 4937 2661 5000 nominis
2702 4941 2773 4996 ob
2805 4940 2859 4995 id
2908 4944 3158 4997 sortitam
3202 4958 3345 5009 esse,
3382 4946 3530 5015 quod

1958 5029 2427 5099 Deianxilioipsa,
2456 5047 2563 5086 non
2593 5033 2751 5090 aliter
2780 5050 2941 5105 quam
2975 5036 3079 5099 leo,
3113 5035 3218 5090 sibi
3250 5036 3530 5091 reluctan-

1956 5128 2037 5175 tes
2067 5119 2386 5191 dissiparet.
2420 5120 2623 5177 Volunt
2652 5134 2912 5194 praeterea
2928 5126 3094 5181 verba
3121 5125 3225 5181 ista
3254 5125 3489 5183 :Civitas
3509 5183 3527 5211 ,

1955 5227 2112 5281 quam
2151 5212 2471 5282 expugnavit
2509 5212 2678 5268 David
2708 5254 2722 5279 ,
2758 5215 2812 5269 in
2849 5214 3078 5270 llebraro
3110 5231 3219 5269 non
3269 5215 3528 5275 inveniri.

1961 5303 2057 5359 sed
2113 5304 2389 5360 civitatula
2451 5306 2957 5361 circumvallationis
3005 5305 3205 5369 David,
3236 5314 3295 5360 ut
3344 5314 3532 5363 trans-

1964 5395 2088 5449 tulit
2109 5395 2355 5465 Aquilas.
2389 5395 2563 5466 Ipsam
2594 5396 2897 5464 enim,quae
2924 5395 3355 5465 alienigenarum
3388 5407 3527 5457 erat,

1965 5496 2018 5541 et
2049 5482 2215 5539 Jebus
2244 5486 2543 5540 vocabatur
2569 5526 2585 5552 ,
2618 5493 2731 5541 tum
2776 5487 2992 5541 demum
3024 5485 3193 5540 David
3244 5500 3527 5557 expugna-

1965 5577 2089 5644 vit,
2124 5592 2248 5633 cum
2274 5593 2450 5636 cazcos
2505 5588 2561 5636 et
2630 5580 2856 5635 claudos
2908 5579 3241 5636 reluctantes
3290 5582 3533 5635 interne-

356 5763 402 5795 ’τ’
447 5760 552 5815 lsa.
603 5775 753 5823 xxix,
811 5759 895 5823 l5;
940 5757 1135 5811 Matth.
1180 5773 1271 5821 xv,
1306 5757 1359 5811 8.
1434 5758 1479 5790 "
1521 5758 1623 5815 lsa.
1663 5771 1854 5823 xxvnl,
1894 5756 1980 5813 15.
2058 5756 2104 5789 ⁸⁰
2144 5757 2276 5814 ibid.
2310 5757 2393 5814 l8.
2469 5759 2510 5792 ⁸³
2557 5759 2754 5815 Ezech.
2796 5773 2945 5826 XLIII,
2990 5760 3077 5816 15.
3154 5761 3198 5795 ⁸⁸
3239 5757 3489 5815 lbid.l5.

573 5854 848 5911 ΡΑτιιοι..
885 5850 1002 5910 Gn.
1037 5852 1397 5912 LXXXVII.

3034 5856 3106 5913 τι
