4020 6372
509 299 646 367 2251

1851 293 2208 358 PRUCOPII
2243 293 2488 354 ΟΛΖιΕΙ

3577 359 3584 368 ,
3645 295 3771 358 92Ξὲ

510 416 672 469 cioue
717 406 920 464 delevit
949 404 1016 461 ⁸³.
1053 404 1134 462 Ad
1165 403 1312 461 hunc
1343 404 1566 460 modum
1604 411 1657 459 et
1686 402 1945 462 Christus
1985 404 2104 474 ipse

2209 403 2302 456 καὶ
2333 400 2566 472 χωλοὺς,
2594 399 2914 472 ὀρθοποδεῑν
2946 401 3048 456 οὐκ
3079 401 3386 470 ἐθέλοντας,
3427 402 3551 457 οὐδὲ
3573 403 3775 463 τὸθείον

505 504 632 573 ejus
671 500 886 556 incolas
916 513 1098 554 caecos
1142 506 1198 553 et
1236 495 1468 553 claudos
1507 511 1632 552 esse
1673 496 1938 560 ostendit.
1969 510 2098 550 eum

507 609 606 650 eos
641 599 792 648 recte
823 589 1097 657 incedere,
1149 588 1511 658 divinumque
1544 588 1737 644 lumen
1780 587 2097 652 admittere,

511 680 738 737 Scribas
755 680 1031 751 praecipue
1044 687 1096 734 et
1121 677 1451 742 Phariszeos,
1474 677 1639 743 nolle,
1667 684 1903 733 testatus
1925 685 2010 732 est
2031 677 2097 731 “.

509 771 653 827 Hinc
714 781 769 826 et
826 770 920 824 illa
975 769 1196 826 Davidis
1250 784 1265 821 :
1327 787 1345 821 ι
1400 768 1524 823 Filii
1575 769 1738 824 alieni
1808 769 2100 825 inveterati

511 874 664 933 sunt,
719 872 775 921 et
823 863 1278 919 claudicaverunt
1325 878 1354 916 a
1400 863 1616 930 semitis
1671 863 1789 919 suis
1837 862 1906 916 ⁸⁸.
1958 881 1978 916 ι
2037 863 2104 918 Ει

519 957 713 1012 Pauli:
751 975 769 1008 ι
807 957 1036 1028 Propter
1076 954 1224 1026 quod
1260 954 1528 1010 remissas
1558 967 1758 1010 manus
1782 995 1798 1019 ,
1834 962 1890 1010 et
1919 954 2102 1011 soluta

517 1065 692 1122 genua
721 1049 911 1120 erigite
939 1056 995 1104 et
1028 1056 1209 1104 rectos
1249 1061 1477 1118 gressus
1528 1046 1692 1103 facite
1743 1047 1977 1119 pedibus
2009 1062 2105 1102 ve-

517 1144 670 1211 stris,
705 1151 761 1197 ut
797 1159 906 1198 non
954 1140 1272 1197 claudicans
1312 1141 1433 1212 quis
1468 1142 1708 1203 aberret.
1765 1142 1941 1214 magis
1999 1156 2104 1197 au—

514 1248 626 1293 tem
687 1245 912 1293 sanetur
981 1236 1049 1290 3‘.
1093 1253 1113 1288 ι
1171 1235 1359 1290 Οεεοοε
1417 1244 1599 1290 autem
1660 1235 1832 1292 fuisse
1863 1235 1948 1292 vel
1988 1236 2105 1306 ipse

518 1334 655 1389 satis
685 1332 872 1387 docuit
919 1330 1171 1386 Salvator
1199 1373 1216 1399 ,
1263 1330 1352 1386 his
1407 1330 1629 1387 verbis:
1671 1349 1690 1382 ι
1730 1331 1787 1385 In
1829 1330 2101 1400 judicium

517 1439 618 1494 ego
659 1425 714 1478 in
746 1425 892 1478 hunc
920 1422 1188 1478 mundum
1237 1421 1382 1488 veni,
1439 1431 1501 1476 ut
1561 1437 1674 1477 non
1727 1423 1981 1478 videntes
2017 1422 2102 1478 vi-

513 1517 717 1583 deant,
753 1525 806 1572 et
856 1515 954 1587 qui
1005 1515 1194 1571 vident
1257 1515 1386 1570 caaci
1442 1514 1576 1569 ﬂant
1612 1515 1680 1571 ⁸⁷.
1749 1533 1769 1568 ›
1833 1513 2106 1570 Gentibus

513 1609 658 1664 enim
683 1610 864 1665 visum
891 1624 1017 1666 esse
1064 1609 1420 1676 restitutum;
1482 1608 1688 1666 Judaeis
1737 1619 1921 1666 autem
1950 1650 1965 1675 ,
2007 1607 2104 1679 qui

517 1701 657 1756 lucis
690 1700 896 1758 fontem
933 1701 1181 1773 alioquin
1225 1700 1376 1756 domi
1411 1701 1681 1757 haberent
1706 1743 1724 1768 ,
1785 1701 2100 1771 ademptum

515 1810 680 1851 nemo
711 1811 820 1852 non
873 1795 1042 1851 videt.
1075 1795 1267 1851 Potest
1305 1809 1436 1850 vero
1467 1803 1521 1850 et
1572 1793 1708 1849 illud
1744 1811 1760 1849 :
1814 1809 1978 1864 quam
2004 1793 2097 1848 de-

515 1888 722 1944 bellavit
757 1889 932 1945 David
951 1931 966 1957 ,
1004 1888 1174 1955 idem,
1233 1902 1297 1943 ac
1335 1887 1404 1953 si,
1437 1887 1591 1958 cujus
1622 1904 1789 1943 causa
1835 1885 2094 1953 bellavit,

513 1981 786 2048 dixisset,
847 1981 1180 2054 signiﬁcare.
1250 1979 1422 2037 Recte
1454 1980 1622 2052 igitur
1689 1980 1760 2036 de
1824 1980 2097 2047 civitate,

513 2081 807 2144 postquam
829 2073 898 2129 de
928 2073 1103 2143 ipsius
1132 2071 1498 2143 principibus,
1531 2073 1710 2143 deque
1748 2071 2102 2128 contumelia

2204 494 2546 566 εἰσδέχεσθαι
2590 493 2729 563 φῶς,
2774 493 3012 564 μάλιστα
3065 493 3122 548 δὲ
3169 496 3527 567 Γραμμτείς
3578 515 3635 551 τε
3695 503 3778 556 καὶ

2203 587 2559 660 Φαρισαίους.
2590 585 2756 641 Ὅθεν
2811 585 2980 640 Δαϐὶδ
3027 586 3128 658 μέν
3175 605 3343 658 φησιν
3375 605 3392 621 ο
3427 610 3448 642 ι
3489 590 3611 643 Υἱοὶ
3636 591 3778 645 ἀλλο,

2204 696 2345 751 τριοι
2376 678 2823 751 ἐπαλαιὼθησαν,
2861 678 2958 732 καὶ
2989 678 3271 751 ἐχώλαναν
3309 682 3420 736 ἀπὸ
3447 682 3562 736 τῶν
3597 683 3782 755 τρίϐων

2204 773 2409 828 αὐτῶν.
2448 792 2467 825 ι
2513 773 2570 827 '0
2601 773 2659 826 δέ
2693 772 2906 839 Παῦλος
2930 792 2944 807 ·
2983 795 3000 828 ι
3041 775 3137 828 Διὸ
3170 775 3270 840 τάς
3310 776 3652 846 παρειμένας
3689 780 3787 847 χεῖ-

2206 882 2329 937 ρας,
2357 867 2450 920 καὶ
2482 866 2552 920 τά
2593 867 3022 938 παραλελυμένα
3057 868 3263 937 γόνατα
3294 866 3670 938 ἀνορθώσατε,
3702 876 3790 923 καὶ

2203 959 2430 1031 τροχιὰς
2470 959 2641 1031 ὀρθὰς
2669 962 2880 1014 ποιεῖτε
2908 963 3024 1024 τοῖς
3072 962 3234 1015 ποσὶν
3260 961 3439 1030 ὑμῶν,
3491 960 3582 1012 ἵνα
3629 961 3703 1029 μή
3732 962 3788 1014 τὸ

2205 1052 2378 1124 χωλὸν
2401 1055 2677 1125 ἐκτραπῇ,
2703 1052 2826 1126 ίαθῇ
2852 1053 2909 1107 δὲ
2943 1053 3168 1126 μᾶλλον.
3205 1072 3223 1106 ι
3256 1055 3380 1108 Ὅτι
3401 1054 3460 1107 δὲ
3488 1052 3587 1107 xui.
3608 1052 3793 1122 τυφλοῖ

2205 1145 2514 1217 δεδήλωκεν
2561 1147 2590 1199 6
2635 1147 2864 1218 Σωτήρο
2895 1164 2914 1198 ι
2955 1146 3052 1210 Είς
3103 1148 3301 1217 κρῖμα,
3333 1145 3532 1215 λέγων,
3576 1144 3689 1213 ἐγὼ
3717 1147 3792 1208 εις

2204 1237 2298 1292 τὸν
2325 1237 2532 1307 κόσμον
2577 1236 2768 1291 τοῦτον
2801 1233 2987 1308 ἦλθον,
3023 1237 3111 1290 ἵνα
3140 1239 3190 1290 oi
3238 1238 3312 1308 μὴ
3350 1237 3649 1308 βλέποντες
3677 1235 3791 1306 βλέ-

2205 1327 2372 1398 ψωσι,
2408 1327 2507 1383 καὶ
2554 1330 2605 1381 οἱ
2640 1327 2932 1399 βλέποντες
2959 1328 3152 1397 τυφλοὶ
3189 1329 3479 1398 γένωνται.
3519 1348 3539 1382 ι
3571 1328 3657 1382 Τὰ
3701 1329 3792 1399 μὲν

2205 1423 2316 1496 γὰρ
2343 1421 2471 1494 ἔθνη
2522 1422 2807 1493 προδήλως
2851 1421 3184 1492 ἀνέϐλεψαν,
3225 1424 3276 1476 οί
3313 1424 3372 1477 δὲ
3404 1422 3496 1477 τὸν
3536 1424 3604 1477 ἐκ
3629 1423 3791 1494 νόμον

2206 1514 2468 1587 φέροντες
2491 1515 2774 1586 φωτισμὸν
2798 1513 3214 1588 ἐτυφλώθησαν.
3243 1515 3480 1570 Δύναται
3506 1516 3565 1569 δὲ
3602 1517 3698 1570 καὶ
3715 1515 3790 1576 τὸ.

2206 1606 2291 1675 ἣν
2320 1607 2667 1678 ἐπολέμησε
2700 1606 2904 1671 Δαϐίδ,
2945 1608 3069 1662 ἀντὶ
3097 1607 3216 1675 τοῦ,
3243 1609 3320 1664 δι’
3351 1606 3432 1677 ἣν
3453 1608 3792 1678 ἐπολέμησε

2206 1700 2485 1771 λέγεσθαι.
2521 1699 2660 1772 Περὶ
2687 1699 2862 1773 αὐτῆς
2887 1696 2982 1755 οὖν
3015 1702 3044 1755 6
3075 1702 3367 1773 προφήτης
3393 1699 3490 1755 νῦν
3516 1701 3672 1770 λέγει
3699 1704 3792 1772 τῆς

2204 1794 2417 1859 πόλεως
2457 1793 2770 1859 ἀκολούθως
2803 1793 2872 1848 τὰ
2901 1794 3252 1866 προλαϐόντα
3298 1795 3429 1867 περὶ
3456 1794 3568 1849 τῶν
3598 1795 3792 1866 ἀρχόν-

2203 1905 2315 1943 των
2353 1885 2548 1954 είπὼν,
2580 1888 2678 1942 καὶ¹
2711 1887 2810 1941 τοῦ
2843 1886 3113 1958 στεφάνου
3155 1887 3256 1957 τῆς
3293 1885 3529 1958 ὕϐρεως.
3568 1886 3671 1940 Διά
3700 1887 3793 1949 τὰς

2204 1981 2416 2036 τούτων
2453 1980 2566 2054 γὰρ
2595 1980 2970 2053 παρανομίας,
3000 1979 3096 2036 καὶ
3139 1979 3180 2050 ἡ
3219 1979 3400 2048 πόλις
3440 1979 3645 2052 ἤμελλε
3672 1978 3792 2033 πεί·

2210 2075 2424 2129 σεσθαι.

514 2181 720 2222 corona
780 2166 960 2235 aliqua
1023 2164 1412 2236 praemisisset,
1485 2180 1588 2222 suo
1660 2167 1782 2223 loco
1838 2165 2109 2237 disputat.
2148 2164 2421 2224 Futurum
2465 2167 2613 2224 enim
2645 2173 2804 2236 erat,
2837 2175 2898 2222 ut
2925 2164 3146 2222 illorum
3196 2181 3392 2240 prunas
3421 2211 3438 2238 ,
3477 2165 3644 2240 356
3675 2165 3795 2220 urbs

515 2259 633 2328 ipsa
685 2257 1012 2312 exsolveret.

590 2350 721 2418 Ejus
752 2350 934 2419 itaque
963 2347 1114 2404 cives
1169 2348 1226 2404 in
1273 2349 1424 2405 hunc
1463 2350 1686 2406 modum
1741 2350 2046 2423 alloquitur
2085 2369 2104 2408 :

517 2439 770 2496 Germina
800 2452 1140 2511 congregate,
1174 2439 1302 2493 dum
1329 2441 1503 2504 adhuc
1538 2451 1742 2512 tempus
1783 2451 1863 2498 est
1890 2457 1910 2496 :
1937 2441 1993 2498 id
2021 2447 2108 2498 est

515 2532 752 2604 quandiu
787 2532 931 2586 vobis
964 2532 1092 2585 anni
1126 2531 1284 2586 unius
1325 2531 1548 2586 libertas
1585 2542 1906 2604 prorogatur
1939 2572 1955 2600 ,
1995 2545 2107 2603 quo

516 2627 727 2684 Christi
797 2627 1069 2683 adventus
1101 2670 1116 2695 ,
1165 2626 1528 2700 ejusdemque
1565 2629 1885 2700 praedicatio
1921 2670 1938 2696 ,
1985 2645 2107 2701 qua:

519 2738 717 2777 annum
753 2721 968 2777 Domini
998 2721 1392 2791 acceptabilem
1434 2722 1690 2794 diemque
1720 2724 2107 2780 retributionis

519 2812 811 2867 aununtiet
864 2811 1191 2882 designatur
1220 2811 1290 2868 ⁸⁸.
1326 2809 1654 2884 Quanquam
1701 2812 1940 2870 fortasse
1997 2830 2108 2869 non

521 2918 634 2958 uno
658 2912 714 2958 et
744 2903 918 2958 altero
945 2918 1091 2958 anno
1120 2910 1337 2958 tantum
1373 2903 1428 2959 id
1482 2905 1686 2975 egisse,
1734 2905 1830 2961 sed
1881 2907 2105 2961 tertiqu

518 2997 684 3052 etiam
717 2995 1003 3053 addidisse
1032 2995 1207 3052 videri
1242 3005 1428 3066 queat.
1457 2997 1798 3053 Adhortatur
1839 3013 2014 3070 ergo,
2046 3007 2106 3054 ut

519 3085 676 3142 cibos
696 3087 798 3158 ipsi
837 3089 1159 3158 spirituales
1191 3128 1208 3153 ,
1241 3089 1462 3159 quando
1485 3089 1540 3145 id
1570 3090 1771 3161 agendi
1814 3106 1936 3147 sese
1962 3107 2100 3162 pra:-

523 3183 614 3238 bet
641 3184 882 3251 occasio,
911 3185 1017 3241 sibi
1049 3185 1375 3243 recondunt.
1405 3187 1706 3244 Comedetis
1733 3190 1878 3244 enim
1905 3229 1922 3256 ,
1979 3191 2055 3245 ait
2084 3230 2100 3255 ,

521 3291 643 3330 cum
673 3273 878 3341 Moab;
907 3276 984 3330 ita
1022 3275 1185 3332 unius
1216 3277 1364 3331 idola
1397 3277 1638 3334 colentis
1671 3279 1826 3335 urbis
1854 3280 2101 3343 nomine.
2132 3259 2175 3316 (ἶ

522 3377 711 3438 gentes
761 3367 1034 3422 indicans.
1076 3366 1173 3423 Est
1215 3371 1370 3443 enirn
1395 3369 1584 3440 populi
1627 3371 1921 3443 utriusque
1948 3373 2106 3429 cibus

524 3461 579 3514 in
621 3458 867 3515 Ecclesia
901 3461 1235 3518 communis.
1303 3436 1475 3517 Aiunt
1520 3477 1655 3518 vero
1712 3464 1882 3519 verba
1957 3465 2104 3521 ista:

523 3550 822 3606 Comedetis
857 3567 975 3604 cum
1004 3549 1190 3618 Moab,
1227 3567 1406 3623 neque
1436 3552 1492 3608 in
1543 3552 1814 3609 Hebraica
1844 3555 2104 3622 dictione,

527 3657 706 3712 neque
730 3642 872 3712 apud
913 3643 1052 3698 alios
1079 3643 1245 3696 etiam
1284 3643 1618 3715 interpretes
1659 3645 1914 3715 reperiri.
1948 3643 2108 3713 Quod

527 3732 694 3788 etiam
725 3733 863 3786 alias
890 3747 956 3787 ex
987 3733 1264 3788 communi
1302 3733 1821 3805 interpretationum
1870 3751 2108 3794 consen-

527 3844 594 3884 su
643 3825 978 3900 superﬂuam
1014 3841 1141 3882 esse
1190 3837 1356 3898 queat
1410 3827 1803 3886 demonstrari.
1850 3831 2006 3898 Quod
2061 3833 2107 3887 si

526 3918 686 3974 cibos
716 3918 823 3990 ipsi
869 3917 1246 3988 intelligibiles
1291 3917 1482 3975 nolitis
1537 3921 1796 3992 colligere
1851 3932 1906 3979 et
1953 3939 2108 3980 emn-

529 4017 784 4082 portare;
822 4009 994 4080 ipsam
1032 4023 1134 4080 ego
1162 4011 1333 4074 Ariel,
1364 4009 1418 4065 id
1449 4018 1533 4067 est
1555 4011 1744 4068 urbem
1781 4011 2105 4084 Jerusalem,

530 4117 640 4159 non
688 4116 913 4172 possum
955 4115 1062 4156 non
1122 4108 1429 4158 conterere.
1468 4103 1742 4160 Caeterum
1781 4121 1892 4177 quo
1937 4108 2057 4163 loco
2091 4149 2107 4166 .

531 4191 600 4248 Et
631 4195 733 4248 erit
768 4190 1029 4258 fortitudo
1051 4190 1191 4257 eius,
1221 4203 1269 4246 et
1301 4193 1502 4249 divitia:
1529 4195 1680 4261 mihi,
1712 4195 1998 4254 habemus.
2043 4198 2106 4252 Et

524 4286 627 4340 erit
671 4285 840 4340 tristis
871 4292 922 4338 et
953 4298 1202 4346 mret-ens.
1254 4285 1533 4354 expressit
1569 4285 1956 4357 Symmachus.
2002 4287 2108 4345 Sed

529 4375 898 4446 fortitudinem
926 4373 1044 4442 ejus
1077 4372 1146 4427 ad
1179 4383 1418 4429 mentem
1456 4376 1620 4431 simul
1643 4383 1698 4432 et
1729 4392 1931 4449 corpus
1978 4395 2109 4449 pos-

529 4467 607 4523 sis
666 4465 894 4522 relcrre.
949 4463 1152 4518 Partim
1207 4462 1356 4534 quod
1392 4464 1537 4521 bello
1585 4465 1799 4524 viribus
1854 4469 2058 4526 attritis
2093 4509 2108 4536 ,

528 4558 846 4616 eorurndem
884 4557 1050 4612 etiam
1089 4571 1223 4627 opes
1256 4555 1635 4614 Romanorum
1675 4557 1973 4632 direptioni
2008 4579 2107 4634 pa-

531 4651 782 4718 ruerint;
824 4651 1047 4722 partim,
1076 4649 1221 4720 quod
1255 4664 1319 4705 ea
1367 4665 1492 4722 qua:
1539 4627 1836 4710 virtutibus
1881 4627 2096 4728 compa-
2136 4627 2182 4683 D

530 4751 727 4811 ratur,
783 4742 959 4814 gloria
1027 4742 1322 4806 chtituti,
1391 4750 1448 4798 et
1489 4744 1639 4814 ipsas
1705 4746 1867 4800 etiam
1920 4747 2110 4816 legalis

533 4836 778 4891 scientiae
831 4833 1054 4889 divitias
1103 4833 1428 4888 amiserunt.
1505 4832 1576 4890 Ut
1603 4843 1786 4891 autem
1826 4851 1855 4890 a
1911 4836 2112 4894 Davide

532 4935 691 4999 capta
719 4935 826 4993 est,
857 4925 934 4980 ait
962 4942 977 4978 :
1005 4924 1143 4981 Cum
1175 4938 1328 4978 esses
1355 4925 1784 4995 alienigenarum
1820 4943 1835 4996 ;
1863 4928 1944 4982 sic
1978 4938 2033 4984 et
2061 4937 2114 4986 te

531 5019 808 5075 obsidione
847 5016 1150 5088 expugnari
1196 5014 1418 5072 faciam.
1477 5017 1573 5072 Est
1611 5017 1758 5072 enim
1808 5019 2111 5075 etiamnum

533 5111 964 5180 alienigenarum
1018 5107 1380 5169 domicilium,
1422 5107 1768 5178 principibus
1823 5111 1984 5165 malis
2022 5127 2111 5167 re-

537 5207 698 5266 terta,
741 5207 796 5254 et
833 5213 1042 5253 corona
1077 5198 1461 5264 contumeliae;
1493 5213 1616 5267 quae
1653 5199 1918 5256 adversus
1946 5201 2110 5257 Chri-

532 5299 679 5348 stum
711 5305 876 5347 voces
913 5290 1128 5362 jactare
1157 5331 1174 5355 ,
1220 5299 1274 5345 et
1313 5291 1747 5347 contumeliose:
1788 5310 1807 5344 ι
1849 5293 1958 5350 Nos
2005 5297 2101 5351 sci-

533 5401 658 5442 mus
687 5384 832 5456 quod
904 5383 1040 5440 Mosi
1102 5383 1322 5440 locutus
1358 5390 1441 5438 est
1474 5381 1616 5438 Deus
1651 5423 1668 5448 ,
1729 5384 1875 5440 hunc
1925 5395 2108 5442 autent

603 5500 651 5533 ⁸³
689 5499 731 5555 ll
789 5499 922 5570 Reg.
955 5499 1073 5570 νηί
1113 5513 1270 5568 seqq.
1366 5497 1436 5570 A“
1466 5495 1664 5570 Matth.
1692 5517 1782 5566 xv,
1818 5501 1905 5558 l4.

532 5571 705 5626 “ista.
747 5567 963 5635 utfl;
1020 5569 1154 5624 Luc.
1199 5585 1272 5638 tv,
1327 5567 1410 5633 18,
1456 5569 1540 5624 19.

602 5759 633 5793 υ
661 5772 753 5826 π).
785 5754 882 5808 σὺν
902 5752 1096 5808 Μωάσ.

2009 5501 2055 5536 ⁸⁸
2096 5503 2238 5560 l‘sal.
2284 5519 2413 5568 xvu,
2455 5504 2545 5558 46.

2277 2348 2405 2411 Τοῖς
2427 2338 2524 2402 οὖν
2541 2343 2748 2425 ταύτην
2798 2344 3011 2400 οἰκοῦσι
3059 2344 3250 2416 φησιν,
3281 2345 3440 2409 Ἕως
3472 2344 3562 2398 ἔτι
3593 2342 3798 2414 καιρὸς

2206 2440 2401 2507 ἐστίν,
2428 2439 2774 2511 γεννήματα
2789 2437 3184 2508 συναγάγετε,
3209 2436 3418 2504 ἀδείας
3441 2436 3586 2503 ὑμῖν
3607 2437 3800 2492 δοθει-

2208 2549 2328 2602 σης
2357 2531 2451 2586 ἐπ’
2481 2530 2766 2586 ἐνιαυτὸν
2815 2530 2946 2596 ἕνα,
2980 2529 3074 2585 τὸν
3119 2529 3221 2596 τῆς
3272 2527 3575 2599 ἐπιδημίας
3623 2528 3802 2593 λέγων

2209 2625 2425 2696 καιρὸν,
2455 2623 2582 2676 καθ’
2608 2621 2668 2676 ὃν
2701 2623 3004 2694 ἐκήρυττεν
3033 2622 3063 2676 6
3091 2613 3351 2691 Χριστὸς,
3377 2620 3662 2674 ἐνιαυτὸν
3686 2623 3803 2674 Κυ-

2201 2720 2343 2788 ρίου
2373 2716 2565 2770 δεκτὺν
2591 2715 2686 2769 καὶ
2718 2715 2936 2786 ἡμέραν
2977 2713 3412 2776 ἀνταποδόσεως.
3433 2711 3590 2784 Τάχα
3617 2712 3679 2766 δὲ
3709 2713 3805 2766 καὶ

2207 2813 2464 2882 δεύτερον
2511 2811 2697 2874 αὐτοῖς
2751 2806 3020 2871 ἐνιαυτὸν,
3056 2805 3090 2878 ἢ
3135 2806 3231 2860 καὶ
3278 2804 3464 2877 τρίτον
3502 2804 3806 2876 ὡμιληκὼς

2211 2905 2488 2977 φαίνεται.
2521 2899 2893 2974 Συμϐουλεύει
2919 2898 3122 2965 τοίνυν,
3163 2900 3222 2952 ἐν
3247 2898 3357 2970 ὅσῳ
3397 2896 3594 2967 καιρὸν
3631 2890 3802 2966 εῐχον,

2209 2995 2419 3067 τροφὰς
2440 2993 2501 3059 ἐξ
2529 2990 2694 3047 αὐτοῦ
2727 2990 3061 3064 θησαυρίσαι
3096 2989 3494 3059 πνευματικὰς.
3530 2985 3805 3056 Φάγεσθε

2211 3089 2344 3161 γὰρ,
2376 3087 2536 3158 φησι,
2582 3084 2872 3156 συμϐωὰμ
2896 3091 2949 3149 ιι,
2980 3083 3070 3137 διὰ
3103 3083 3236 3152 μιᾶς
3263 3078 3665 3151 είδωλομανοῦς
3706 3080 3805 3133 πό-

2209 3180 2347 3245 λεως
2373 3181 2440 3233 τά
2469 3179 2600 3248 ἔθνη
2625 3176 2826 3248 δηλῶν.
2867 3174 3035 3245 Κοινὴ
3062 3173 3170 3244 γὰρ
3192 3174 3252 3226 ἐν
3289 3171 3594 3244 Ἐκκλησία
3625 3171 3806 3244 τροφή

2207 3275 2322 3336 τοῖς
2353 3273 2417 3325 ἐκ
2446 3271 2555 3325 τῶν
2573 3271 2667 3325 δύο
2687 3269 2855 3323 λαῶν.
2886 3269 3024 3321 Φασὶ
3051 3266 3108 3320 δὲ
3137 3266 3218 3330 τὸ,
3250 3265 3516 3336 φάγεσθε
3547 3265 3654 3335 γὰρ
3684 3264 3810 3320 σὺν

2209 3363 2410 3425 Μωὰϐ,
2450 3363 2526 3436 μὴ
2558 3361 2777 3418 κεῖσθαι
2820 3359 2963 3414 κατὰ
2999 3358 3060 3412 τὸ
3098 3357 3410 3427 Ἐϐραῖκὸν,
3473 3355 3615 3428 μηδὲ
3653 3355 3808 3426 παρὰ

2207 3461 2324 3523 τοῖς
2350 3457 2529 3521 ἄλλοις
2551 3456 2941 3529 ὲρμηνευταῖς.
2976 3453 3086 3506 Καὶ
3111 3451 3287 3516 ἄλλως
3309 3451 3385 3518 δὲ,
3407 3453 3598 3520 φασὶν,
3623 3452 3692 3505 ἐκ
3712 3451 3808 3523 τῆς

2211 3548 2583 3621 συμφρὰσεως
2615 3548 2715 3619 τῆς
2751 3545 3055 3619 ἑρμηνείας
3087 3543 3346 3616 περιττὸν
3382 3543 3803 3598 ἀποδείκνυται.

2207 3641 2302 3714 Μὴ
2337 3640 2676 3713 βουλομένων
2709 3639 2769 3693 δὲ
2811 3637 2914 3702 τὰς
2935 3638 3136 3707 νοητὰς
3182 3635 3338 3706 ὑμῶν
3383 3636 3646 3704 συνάγειν
3677 3652 3806 3708 τρο-

2211 3737 2340 3806 φὰς,
2370 3733 2618 3806 ὲκτρίψω
2655 3733 2756 3804 τήν
2798 3730 3028 3801 Ἀριὴλ,
3075 3729 3215 3800 ὅπερ
3240 3728 3388 3782 ἐστὶν
3416 3727 3803 3801 Ἰερουσαλήμ.

2221 3827 2369 3883 Ἀντί
2414 3827 2472 3882 δὲ
2522 3826 2638 3891 τοῦ,
2684 3825 2796 3882 Kal
2844 3826 3019 3880 ἔσται
3067 3820 3262 3890 αὐτῆς
3307 3821 3346 3889 ἦ
3379 3820 3584 3892 ίσχὺς.
3628 3823 3734 3875 καί
3773 3823 3806 3877 ὁ

2211 3921 2478 3987 πλοῦτος
2497 3919 2647 3990 ἐμοὶ,
2684 3918 2984 3989 Σύμμαχος
3017 3915 3144 3987 ἔφη·
3183 3913 3293 3970 Καὶ
3323 3916 3496 3969 ἔσται
3529 3914 3802 3969 κατὼδυ-

2209 4031 2317 4080 νος
2349 4013 2447 4068 καί
2499 4009 2870 4081 ὀδυνωμένη.
2906 4008 3054 4080 Πλὴν
3098 4007 3314 4079 νοήσεις
3351 4006 3538 4074 ἰσχὺν
3585 4005 3801 4074 αὐτῆς,

2211 4106 2417 4177 νοητῶς
2445 4123 2504 4159 τε
2544 4105 2640 4158 καὶ
2683 4100 2980 4173 αἰσθητῶς.
3011 4099 3086 4153 T6
3116 4098 3236 4169 μὲν,
3271 4098 3351 4152 ὅτι
3400 4096 3802 4167 συνετρίϐησαν

2213 4199 2458 4270 πολέμῳ,
2478 4197 2574 4250 καὶ
2602 4197 2630 4250 6
2655 4193 2886 4257 πλοῦτος
2910 4190 3090 4245 αὐτῶν
3113 4189 3178 4243 δι’
3209 4190 3464 4262 ἁρπαγῆς
3504 4189 3802 4258 Ῥωμαίοις

2212 4289 2447 4356 ἐγένετο.
2479 4286 2554 4341 Τὸ
2582 4286 2663 4353 δὲ,
2709 4285 2792 4339 ὅτι
2817 4283 3017 4355 γυμνοὶ
3055 4282 3167 4336 τῶν
3207 4281 3265 4348 ἐξ
3295 4281 3500 4352 ἀρετῆς
3541 4281 3802 4352 αὐχημά-

2211 4400 2322 4436 των
2362 4381 2635 4451 ἐγένοντο,
2689 4375 3160 4438 συναποϐαλόντες
3213 4374 3310 4429 καὶ
3355 4375 3459 4443 τῆς
3509 4373 3577 4425 ὲκ
3631 4373 3798 4444 νόμον

2215 4475 2407 4544 σοφίας
2451 4473 2544 4528 τὸν
2576 4471 2830 4525 πλοῦτον.
2871 4469 2963 4533 Ὠς
3005 4462 3123 4522 εἷλε
3155 4466 3215 4520 δέ
3259 4483 3320 4519 σε
3353 4464 3532 4520 Δαϐίδ
3567 4464 3798 4534 ἀλλοφύ-

2211 4568 2320 4621 λων
2340 4565 2728 4636 ,ὑπάρχουσαῃ
2757 4560 2934 4622 οὕτως
2961 4558 3170 4614 ἁλῶναί
3201 4574 3262 4610 σε
3287 4558 3500 4628 ποιήσω
3550 4561 3797 4626 «Olmp-

2211 4661 2331 4726 κΙᾳ.
2374 4657 2485 4712 Καὶ
2530 4654 2628 4709 νῦν
2671 4653 2780 4724 γὰρ
2823 4650 3146 4721 ἀλλοφύλων
3199 4649 3430 4717 γέγονας
3479 4649 3798 4719 οίκητήριον

2210 4749 2424 4821 πλήρης
2445 4747 2725 4818 ἀρχόντων
2747 4740 2883 4799 οὖσα
2913 4741 3122 4807 κακῶν,
3150 4742 3247 4796 καὶ
3274 4739 3372 4794 τοῦ
3402 4740 3681 4810 στεφάνου
3701 4741 3796 4811 τῆς

2211 4841 2444 4912 ὕϐρεως,
2497 4840 2546 4892 οἳ
2597 4839 2695 4893 καὶ
2739 4836 2886 4892 κατά
2939 4834 3181 4903 Χριστοῦ
3230 4833 3416 4902 φωνὰς
3471 4833 3793 4904 ἐπηρμένας

2209 4932 2545 5004 ἐφθέγγοντο
2592 4929 2885 5000 λέγοντεςο
2926 4929 3163 4999 (Ἡμεῖς
3219 4925 3441 4996 οἴδαμεν
3492 4925 3578 4978 ὅτι
3612 4926 3794 4979 Mutati

2210 5025 2508 5095 λελάληκεν
2529 5026 2556 5077 6
2584 5023 2736 5087 Θεός·
2756 5021 2948 5076 τοῦτον
2972 5019 3030 5073 δὲ
3055 5020 3158 5073 οὐκ
3174 5019 3399 5089 οἴδαμεν
3420 5017 3590 5070 πόθεν
3609 5017 3745 5070 ἐστί.
3771 5035 3786 5066 ι

2217 5118 2358 5181 Τοὺς
2401 5118 2458 5170 δὲ
2503 5117 2728 5185 λόγους
2754 5116 2894 5185 φησὶ
2938 5111 3170 5174 τούτους
3216 5109 3790 5176 ταπεινωθήσεσθαι,

2214 5207 2360 5262 τοῦτ’
2399 5207 2514 5260 ἐστι
2543 5207 2670 5267 τοὺς
2701 5206 2982 5274 λέγοντας.
3015 5202 3246 5272 Πολέμῳ
3287 5199 3396 5272 γὰρ
3429 5200 3790 5264 κακωθέντες,

2215 5302 2512 5372 χρήσονται
2540 5297 2960 5362 ταπεινοτάταις
2983 5300 3210 5366 φωναῖς,
3226 5292 3439 5350 ἐλεεινὰ
3459 5310 3517 5347 τε
3547 5293 3788 5362 λέγοντες

2214 5394 2312 5446 καὶ
2339 5391 2531 5456 λεπτὰ,
2569 5391 2822 5462 καθάπερ
2866 5390 2960 5444 ἐπὶ
2987 5387 3415 5460 νεκυομαντείας
3448 5388 3499 5442 οί
3540 5387 3790 5457 δαίμονες

2646 5502 2693 5535 ⁸⁸
2733 5500 2896 5559 Hebr.
2936 5518 3034 5566 xu,
3087 5499 3172 5556 12.
3277 5500 3322 5532 ⁸⁷
3362 5497 3520 5556 Joan.
3566 5515 3643 5564 ις,
3695 5499 3781 5555 53.

1809 5655 2040 5712 VABUE
2071 5656 2480 5715 LECTIONES.
