4020 6372
303 336 445 402 ε253

1426 337 1962 399 COMMENTARII
2003 335 2085 398 IN
2116 336 2398 398 ISAIAM.

3415 342 3553 409 2254

303 447 480 519 ᾇυχάς
510 443 610 509 τὰς
652 424 989 515 καλουμένας
1031 444 1472 515 ὑποκρινόμενοι.
1511 444 1876 514 ’Υποφανοῦσι

1990 442 2133 497 unde
2164 443 2254 508 sit,
2304 444 2619 516 ignoramus
2646 447 2714 513 ”,
2758 467 2775 501 ο
2822 446 3014 506 ell‘erre
3058 466 3165 506 non
3214 451 3552 508 dubitarunt.

302 542 411 610 γὰρ
442 540 622 609 ἰσχνόν
645 556 699 593 τι
725 539 821 592 καὶ
838 538 1105 609 τετρηγός
1121 548 1168 591 ν.
1203 538 1276 592 Τὸ
1297 539 1351 592 δὲ
1376 537 1539 609 ῥητὸν
1582 534 1755 602 οὕτως
1797 538 1883 604 ἐξ·

304 633 471 686 ἐδωκε
504 632 819 701 Σύμμαχοςο
852 630 961 685 Καὶ
989 630 1318 701 χαρακώσω
1337 631 1489 685 κατὰ
1508 629 1625 685 σοῦ
1658 629 1883 685 στάσιν

302 725 401 778 καὶ
438 722 768 793 ἀναστήσω
806 724 954 779 κατὰ
985 724 1104 778 σοῦ
1144 724 1519 792 πολιορκίαν,
1549 722 1646 777 καὶ
1682 739 1882 777 ταπει-

301 812 569 882 νωθήσῃ.
618 811 764 869 Ἀπὸ
802 811 914 880 τῆς
956 812 1071 883 γῆς
1113 812 1431 882 λαλήσεις,
1473 812 1571 866 καὶ
1608 812 1729 868 ὑπὸ
1763 810 1883 881 γῆν

301 905 770 977 ἐδαρισθήσεται
808 904 847 972 ἡ
883 904 1067 959 λαλιὰ
1095 921 1234 969 σου,
1265 904 1364 958 καὶ
1397 904 1569 958 ἔσται
1600 904 1680 971 ὡς
1707 905 1880 974 ἐγγα-

302 1000 629 1068 στρίμυθος
651 998 771 1053 ἀπὸ
800 997 911 1066 τῆς
936 996 1050 1066 γῆς
1074 997 1112 1064 ἡ
1137 995 1306 1066 φωνή
1336 1011 1475 1064 σου,
1500 996 1598 1051 καὶ
1625 996 1742 1051 ἀπὸ
1770 994 1882 1063 τῆς

301 1090 415 1161 τῆς
444 1091 481 1158 ἡ
504 1088 689 1144 ,λαλιά
714 1102 831 1143 σου
844 1088 1135 1157 ροίσεται.
1159 1086 1240 1139 Τὰ
1262 1086 1321 1139 δὲ
1351 1085 1447 1140 νῦν
1473 1084 1741 1157 λεγόμενα
1772 1101 1879 1136 πα-

302 1183 415 1235 θεῖν
444 1181 743 1252 μέλλουσαν
757 1178 857 1250 τὴν
884 1176 1239 1249 Ἰερουσαλὴμ
1259 1180 1286 1231 6
1311 1176 1500 1247 Σωτὴρ
1520 1175 1879 1231 ἁποκλαίεται

300 1272 509 1341 λέγων·
552 1291 570 1324 ι
611 1273 674 1326 El
705 1270 878 1340 ἔγνως
918 1269 1013 1325 καί
1042 1287 1106 1339 γε
1135 1270 1199 1321 σὺ
1233 1268 1298 1321 τὰ
1342 1267 1478 1338 πρὸς
1511 1268 1735 1340 εἰρήνην
1763 1282 1876 1330 σου,

299 1366 383 1418 ὅτι
417 1365 641 1435 ἥξουσιν
678 1366 883 1436 ἡμέραι
937 1363 1030 1418 ἐπὶ
1064 1362 1146 1427 σὲ,
1178 1363 1273 1416 καὶ
1312 1360 1759 1433 παρεμϐαλοῦσιν
1785 1360 1880 1414 ἐπὶ

1985 537 2053 590 At
2084 535 2327 591 futurum
2357 545 2476 601 est,
2520 539 2619 605 ait,
2657 548 2716 595 ut
2763 558 3025 599 sermones
3055 545 3145 599 isti
3176 587 3189 611 ,
3224 546 3276 600 id
3318 556 3402 602 est
3458 547 3555 602 Ito-

1984 630 2181 693 mines,
2217 645 2245 683 a
2274 630 2475 701 quibus
2497 631 2818 699 eﬂ‘eruntur,
2845 635 3214 692 humilientur.
3242 639 3389 693 Bello
3409 641 3553 694 enim

1983 722 2161 775 vexati
2196 722 2426 779 vocibus
2449 731 2678 779 utentur
2716 727 3043 785 humillimis
3068 769 3084 795 ,
3121 732 3301 786 tenuia
3327 773 3342 791 .
3382 746 3555 794 eaque

1983 812 2321 869 miserabilia
2351 815 2674 883 eﬂ'erentes;
2722 833 2829 874 non
2862 820 3021 875 aliter
3074 837 3237 892 quam
3299 823 3461 894 357
3498 824 3553 878 in

1984 906 2183 964 futuris
2214 924 2312 979 per
2381 919 2629 965 mortuos
2672 910 3031 980 pradicendis
3082 915 3221 970 solet
3272 930 3300 968 a
3354 917 3556 971 daemo—

1984 999 2147 1055 nibus
2190 1000 2304 1056 ﬁeri
2372 1017 2498 1056 cum
2563 1011 2916 1059 evocatorum
2977 1006 3283 1062 animorum
3362 1025 3557 1079 perso-

1984 1105 2110 1144 nam
2204 1091 2460 1147 induunt.
2517 1091 2596 1148 lta
2645 1094 2792 1149 enim
2874 1096 3195 1168 languidum
3261 1101 3391 1171 quid
3451 1102 3555 1172 ipsi

1981 1188 2035 1235 et
2072 1192 2256 1248 Ienue,
2290 1194 2455 1255 atque
2494 1185 2634 1241 adeo
2673 1186 2971 1242 stridulum
3003 1189 3263 1247 emissuri
3294 1201 3444 1247 sunt.

2056 1273 2538 1333 Verumenimvero
2577 1277 2743 1332 verba
2799 1278 2916 1334 haec
2946 1280 3021 1335 ita
3074 1283 3347 1354 expressit
3398 1284 3557 1357 Sym-

1980 1366 2248 1422 machus:
2281 1366 2348 1419 Et
2370 1368 2782 1425 circumvallabo
2839 1374 3120 1427 adversum
3162 1384 3210 1430 te
3244 1378 3553 1445 stationem,

304 1458 367 1510 σὲ
389 1459 441 1511 οἱ
476 1454 662 1528 ἐχθροί
692 1474 787 1510 σου
814 1457 1052 1528 χάρακα,
1096 1474 1114 1507 t
1156 1456 1249 1508 καὶ
1274 1454 1341 1507 τὰ
1372 1453 1522 1525 ἑξῆς.
1566 1451 1765 1522 Ἀθρόα
1797 1452 1875 1517 δὲ,

1981 1466 2027 1512 et
2055 1458 2295 1512 excitabo
2328 1459 2605 1515 adversum
2632 1471 2677 1516 te
2707 1462 3036 1519 obsidionem
3064 1505 3081 1531 ,
3132 1476 3183 1521 et
3239 1468 3553 1524 humiliabe-

299 1551 469 1621 φησὶν
495 1551 526 1604 6
550 1548 859 1622 προφήτης,
883 1548 1037 1601 ἔσται
1066 1565 1148 1600 σοι
1177 1547 1244 1600 τὰ
1272 1545 1443 1611 δεινὰ,
1469 1545 1545 1609 ὡς
1574 1546 1631 1598 ἐν
1656 1542 1876 1613 στιγμῇ

1984 1548 2082 1602 ris.
2119 1548 2192 1603 De
2213 1558 2353 1603 terra
2377 1551 2628 1620 loqueris,
2658 1560 2707 1606 et
2736 1561 2890 1609 terra:
2918 1556 3171 1610 allidsmr
3197 1557 3404 1629 loquela
3434 1573 3554 1625 tua,

297 1640 522 1710 χρόνου.
555 1640 692 1695 Θεοῦ
727 1640 835 1711 γὰρ
857 1634 1185 1707 ἐπισκοπῇ,
1219 1638 1315 1692 καὶ
1337 1637 1437 1691 οὐκ
1475 1636 1535 1701 ἐξ
1572 1636 1876 1707 ἀνθρώπων

1981 1650 2026 1693 et
2052 1641 2155 1693 erit
2181 1650 2434 1711 tanquam
2465 1644 2810 1712 pythoaisste,
2842 1646 2906 1702 de
2932 1658 3077 1704 terra
3106 1666 3207 1705 vox
3238 1662 3330 1706 tua
3361 1692 3375 1710 .
3424 1656 3558 1710 etde

294 1732 614 1803 γενήσεται.
648 1731 1046 1799 Παραδείκνυσι
1074 1729 1130 1784 δὲ
1156 1730 1231 1794 ὼς
1251 1729 1664 1797 πυρίκαυστος
1682 1727 1874 1790 ἕσται,

1981 1738 2121 1785 terra
2155 1732 2363 1803 loquela
2393 1742 2483 1789 tua
2519 1734 2904 1793 stridebit.Sed
2936 1756 3057 1810 quae
3093 1757 3241 1798 nunc
3270 1745 3554 1813 dicuntur,

288 1819 560 1889 βροντῆς
589 1822 653 1874 ἐκ
682 1819 817 1877 Θεοῦ
860 1822 955 1874 καὶ
983 1819 1239 1889 σεισμοῦ
1280 1819 1377 1873 καί
1419 1815 1760 1888 καταιγίδος
1787 1817 1874 1869 ἐπ’

1981 1839 2100 1878 cum
2129 1840 2414 1894 passuram
2447 1828 2577 1882 olim
2606 1826 2912 1887 Jeru3alem
2946 1834 3251 1891 intueretur
3280 1838 3553 1907 Salvator,

294 1910 470 1978 αὐτὴν
512 1910 844 1981 ἐνεχθείσης,
877 1911 1046 1981 ήγουν
1090 1910 1202 1965 τῶν
1246 1910 1519 1982 πολεμίων
1552 1913 1653 1981 τήν
1680 1910 1873 1979 ἔφοδον

1981 1914 2225 1971 eamdem
2262 1915 2456 1986 lugens
2487 1916 2541 1972 in
2570 1918 2686 1973 hac
2717 1920 2885 1976 verba
2919 1923 3238 1994 alloquitur.
3279 1945 3299 1979 ι
3341 1927 3396 1982 Si
3453 1943 3555 1983 co-

294 2004 551 2075 καθάπερ
577 2004 698 2058 τινὰ
744 2003 977 2076 βροντὴν
1028 2005 1126 2058 καὶ
1165 2005 1413 2074 σεισμὸν,
1447 2004 1542 2059 καὶ
1588 2002 1876 2071 καταιγίδα

1981 2006 2258 2075 gnovisses
2276 2015 2330 2061 et
2348 2017 2424 2072 tu,
2455 2023 2576 2077 quae
2590 2008 2656 2064 ad
2682 2025 2869 2082 pacem
2894 2018 3065 2079 tuam,
3092 2018 3352 2087 quoniam
3373 2020 3556 2076 veniet

290 2100 626 2169 γενήσεσθαι
667 2101 761 2153 καὶ
804 2100 978 2169 φλόγα
1030 2099 1201 2170 πυρὸς
1243 2098 1659 2153 κατεσθίουσαν.
1693 2095 1876 2150 Ταῦτα

1981 2096 2091 2150 dies
2115 2095 2166 2149 in
2195 2105 2247 2151 te
2275 2113 2287 2149 :
2318 2107 2372 2152 et
2400 2099 2822 2157 circumdabant
2849 2110 2901 2157 te
2936 2104 3148 2162 inimici
3175 2110 3250 2163 tui
3284 2110 3426 2164 vallo
3447 2109 3549 2177 νος»

289 2192 426 2260 περὶ
454 2190 557 2259 τῆς
599 2190 959 2262 Ἰερουσαλὴμ
985 2189 1289 2261 προειπὼν,
1340 2190 1584 2258 ἐπιλέγει
1617 2189 1876 2262 περὶτῶν

1981 2195 2306 2258 caeteraque,
2353 2205 2475 2259 qua:
2527 2202 2860 2262 sequuntur.
2908 2194 2983 2250 'l'e
3022 2197 3164 2252 enim
3195 2208 3444 2271 repente,
3477 2202 3557 2256 ait

286 2282 780 2352 ⁸ιιιςολιορκησάντων
806 2282 998 2354 αὐτὴν,
1019 2282 1279 2354 ὀνειρώδη
1309 2282 1485 2351 λέγων
1509 2282 1605 2352 τὴν
1628 2283 1873 2336 ἀπόλαυ-

1983 2279 2415 2348 propheta,velut
2432 2293 2626 2351 puncto
2647 2289 2907 2356 temporis
2924 2288 3062 2342 mala
3082 2292 3411 2361 oppriment;
3425 2294 3555 2365 quia

286 2391 379 2425 σιν
430 2373 533 2443 τῆς
576 2376 635 2426 ὲν
678 2374 754 2444 τῷ
802 2374 904 2445 βίῳ
929 2376 1107 2446 τούτῳ
1151 2375 1363 2446 τρυφῆς
1401 2370 1509 2427 τῶν
1551 2373 1876 2444 Ῥωμαϊκῶν

1983 2370 2077 2426 Dei
2109 2371 2221 2437 illa,
2255 2387 2362 2427 non
2395 2374 2681 2431 hominum
2735 2380 2971 2435 visitatio
3026 2382 3212 2438 futura
3270 2392 3373 2441 est.
3428 2384 3556 2458 Igne

282 2464 594 2534 ἀρχόντων.
639 2465 839 2535 Ἐχρῆν
885 2464 992 2537 γὰρ
1038 2465 1186 2536 ἡμᾶς
1232 2464 1328 2518 καὶ
1373 2463 1579 2517 τούτων
1621 2462 1683 2515 τὸ
1720 2460 1875 2526 τέλος

1981 2462 2179 2521 deinde
2223 2465 2443 2521 caelitus
2485 2482 2582 2537 per
2625 2468 2863 2540 fulgura,
2923 2489 3017 2541 per
3076 2477 3469 2540 commotiones.
3506 2486 3557 2532 et

286 2556 513 2623 μαθεῖν.
549 2558 704 2612 Μετὰ
733 2558 841 2629 γὰρ
870 2557 961 2612 τὸν
988 2557 1309 2629 τρόπον.....

1982 2565 2317 2625 tempestates
2344 2557 2583 2614 demisso
2610 2563 3017 2618 comburendam
3044 2582 3178 2631 esse,
3216 2567 3270 2622 id
3311 2578 3416 2631 est,
3468 2568 3558 2623 in-
3594 2588 3596 2590 ν

284 2649 628 2703 vadentibus
671 2650 946 2717 hostibus,
976 2658 1236 2721 tanquam
1269 2649 1495 2705 fulmine
1527 2656 1581 2703 et
1635 2648 2025 2714 commotione,
2070 2658 2235 2721 atque
2265 2651 2402 2708 adeo
2466 2655 2764 2722 procellosa
2830 2667 3178 2729 tempestate,
3265 2677 3375 2716 non
3453 2662 3559 2718 ali-

284 2752 375 2796 ter
407 2756 573 2812 quam
626 2742 752 2814 igne
796 2742 1186 2814 depopulatam
1267 2744 1333 2797 iri
1368 2742 1662 2810 significat.
1708 2742 1920 2809 Quibus
1992 2742 2060 2799 de
2088 2741 2396 2800 Jerusalem
2429 2748 2728 2817 praemissis
2754 2789 2770 2813 ,
2813 2750 2879 2804 de
2912 2751 2997 2807 bis
3029 2753 3218 2817 etiam,
3267 2756 3359 2824 qui
3410 2755 3555 2809 illam

283 2835 671 2902 obsederunt,
711 2851 1020 2892 sermonem
1056 2837 1282 2903 atterit,
1314 2844 1370 2891 et
1436 2836 1604 2905 huius
1669 2836 1796 2890 vita:
1850 2834 2059 2901 luxum,
2107 2852 2216 2906 quo
2247 2836 2618 2895 Romanorum
2685 2840 2938 2895 delectati
2983 2852 3112 2897 sunt
3168 2844 3554 2915 imperatores,

284 2928 518 2984 Somnio
578 2928 913 2999 persimilem
986 2926 1119 2982 facit
1185 2925 1296 2982 Nos
1325 2926 1473 2982 enim
1501 2924 1729 2981 decebat
1784 2931 1839 2980 et
1885 2924 2120 2980 istorum
2183 2927 2348 2981 etiam
2430 2928 2591 2984 tinem
2658 2946 2766 2985 non
2831 2932 3107 3003 ignorare.
3193 2935 3553 2997 Postmodum

323 3042 569 3081 ιιιῐιι.....

392 3043 569 3081 m.....

284 3043 541 3179 θηθ-κακ
601 3120 929 3187 Ἐκλύθητε
960 3117 1058 3172 καὶ
1085 3116 1361 3185 ἔκστητε,
1395 3117 1492 3171 καὶ
1536 3113 1872 3185 κραιπαλή-

284 3236 465 3280 σατε,
500 3217 613 3271 οὐκ
653 3213 770 3269 ἀπὸ
802 3214 1032 3281 σίκερα,
1066 3210 1209 3265 οὐδὲ
1242 3210 1362 3265 ἀπὸ
1382 3211 1573 3265 οἴνου.
1607 3210 1737 3264 Ὀτι
1769 3225 1873 3262 πε-

2051 3109 2217 3182 358
2255 3109 2419 3167 Vens.
2458 3111 2645 3168 9-2l.
2688 3112 2926 3183 Deﬁcite,
2958 3124 3011 3170 et
3066 3115 3458 3187 obstupescite,
3504 3130 3555 3176 et

1982 3203 2333 3269 inebriemini,
2367 3220 2469 3258 non
2498 3205 2692 3269 sicera,
2729 3224 2889 3278 neque
2909 3210 3064 3264 vino:
3092 3213 3217 3281 quia
3243 3214 3441 3279 potavit
3469 3230 3555 3269 vos

284 3312 545 3365 :zdttxsr
581 3305 737 3377 ὑμᾶς
776 3306 989 3373 Κύριος
1027 3304 1318 3372 πνεύματι
1347 3302 1747 3368 κατανύξεως,
1777 3301 1876 3357 καί

1984 3292 2238 3349 Dominus
2273 3297 2463 3365 spiritu
2519 3299 2934 3364 compunctionis
2994 3310 3045 3356 et
3102 3302 3315 3357 claudet
3376 3304 3554 3360 oculos

285 3398 602 3468 καμμύσει
630 3394 774 3460 τοὺς
797 3392 1143 3463 ὀφθαλμοὺς
1179 3390 1398 3455 αὐτῶν,
1432 3392 1532 3445 καί
1576 3390 1696 3444 τῶν
1733 3406 1877 3459 προ-

282 3488 507 3561 φητῶν
528 3486 748 3552 αὐτῶν,
776 3485 871 3540 καί
908 3484 1031 3539 τῶν
1051 3485 1363 3554 ἀρχόντων
1388 3483 1589 3539 αὐτῶν
1618 3486 1673 3538 οἱ
1693 3480 1876 3553 ὀρῶν-

283 3601 393 3649 τες
421 3582 496 3636 τὰ
521 3579 777 3649 κρυπτὰ,
802 3594 857 3632 κ.
887 3596 938 3631 τ.
963 3576 1012 3631 λ.

360 3713 383 3728 .
466 3711 482 3727 .
562 3711 577 3727 .
656 3711 673 3727 .
746 3670 1008 3741 δρυτόμοι
1038 3670 1147 3742 γὰρ
1170 3667 1360 3739 ὥσπερ
1391 3670 1643 3737 ἐγένοντο
1673 3671 1786 3733 τοῖς
1819 3668 1878 3734 ἐξ

296 3759 671 3832 Ἰερουσαλὴμ
716 3759 768 3812 οἱ
820 3757 1223 3829 καταδῃοῦντες
1288 3757 1479 3820 αὐτοῖς
1511 3765 1561 3810 ι.
1605 3757 1671 3808 Ὃ
1725 3753 1879 3822 δηλοῖ

280 3853 469 3923 λέγων
494 3852 522 3904 6
546 3849 877 3923 Ζαχαρίαςοι
901 3845 1240 3914 Διάνοιξον,ὁ
1257 3848 1510 3914 Λίϐανος,
1531 3846 1630 3911 τὰς
1642 3847 1877 3918 χεῖράςι

284 3962 414 4009 σου,
448 3944 546 3997 καὶ
578 3940 948 4012 καταφαγέτω
973 3941 1104 4013 δρὺς
1130 3950 1154 3977 ι
1184 3940 1284 4005 τὰς
1310 3940 1536 4013 κέδρους
1568 3957 1683 3995 σου.
1724 3938 1873 3993 Ὀλο-

280 4035 511 4102 λυξάτω
556 4035 740 4100 πίτυς,
788 4034 925 4087 διότι
979 4033 1239 4087 πέπτωκε
1270 4032 1484 4103 κέδρος.
1535 4031 1874 4097 Ὀλολύξατε,

280 4129 457 4200 δρύες
485 4131 584 4198 τῆς
612 4126 958 4189 Βασανίτιδος
984 4166 999 4190 ,
1040 4127 1122 4179 ὃτι
1170 4122 1525 4194 κατεσπάσθη
1561 4125 1589 4177 6
1617 4122 1822 4195 δρυμὸς
1847 4124 1875 4176 6

284 4223 599 4293 σύμφυτος.
628 4240 645 4272 ι
692 4221 847 4275 Κατὰ
875 4219 920 4273 δ’
955 4218 1050 4273 οὖν
1079 4218 1169 4272 τὸν
1216 4218 1410 4289 καιρὸν
1442 4218 1647 4271 ἐκεῖνον
1666 4258 1680 4282 ,
1717 4216 1873 4287 φησὶ,

281 4314 418 4371 καθ’
448 4315 508 4369 ὃν
536 4314 676 4385 αὐτὴ
707 4312 1052 4383 γενήσεταιή
1078 4309 1374 4381 μεταϐολὴ.
1396 4308 1503 4365 τοῦ
1519 4308 1871 4374 ,βιϐλίουτοῦ

281 4406 719 4478 προρρηθέντος,
750 4405 1121 4460 ἀκούσονται
1170 4402 1313 4468 τοὺς
1345 4403 1567 4472 λόγους
1596 4405 1651 4457 οἱ
1684 4400 1872 4457 πάλαι

280 4498 505 4566 κωφοὶ,
563 4498 688 4561 τοὺς
754 4494 1006 4555 ἑθνικοὺς
1039 4493 1240 4565 δηλῶν,
1275 4490 1371 4557 οὓς
1400 4495 1587 4562 ἔλεγεν
1613 4492 1870 4557 Λίϐανον,

280 4588 517 4659 ,λόγους
565 4586 709 4653 τοὺς
757 4583 1283 4657 ἐσφραγισμένους
1322 4585 1551 4654 Χερμὲλ
1577 4626 1590 4646 .
1640 4582 1718 4655 τῷ
1761 4584 1871 4637 τῶν

1978 3399 2161 3441 eorum
2186 3428 2201 3452 ,
2231 3396 2279 3441 et
2306 3387 2682 3465 prophetarum
2718 3407 2924 3456 eorunt,
2954 3403 3004 3446 et
3025 3395 3321 3465 principum
3348 3411 3553 3463 eorum,

1978 3482 2067 3547 qui
2115 3480 2289 3535 vident
2319 3462 2683 3537 abscondita:

2047 3660 2212 3732 359
2248 3699 2264 3715 .
2306 3699 2323 3716 .
2365 3701 2381 3717 .
2424 3702 2438 3716 .
2483 3712 2499 3727 ,
2540 3661 2882 3720 Exstiterunt
2913 3667 3057 3721 enim
3106 3667 3555 3743 llicrosolymita-

1979 3751 2067 3806 nis
2096 3751 2261 3806 veluti
2294 3751 2613 3823 lignatores,
2652 3755 2744 3824 qui
2795 3771 2890 3811 eos
2921 3757 3216 3823 caaderent,
3245 3768 3298 3814 et
3328 3763 3555 3831 portula-

1978 3849 2209 3904 rentur;
2241 3850 2302 3897 ut
2333 3843 2453 3913 ipso
2501 3839 2780 3901 Zachariae
2812 3849 3126 3904 testimonio
3171 3856 3428 3921 patuerit,
3460 3856 3551 3911 ubi

1976 3933 2051 3988 ait
2079 3952 2092 3988 :
2125 3952 2145 3985 ι
2184 3934 2347 4006 Aperi
2376 3946 2564 4004 portas
2609 3946 2755 4006 tuas,
2780 3936 3007 4009 Libane,
3041 3952 3096 3998 et
3122 3946 3373 4001 comedat
3412 3948 3554 4019 ignis

1976 4024 2172 4081 cedros
2202 4035 2343 4084 tuas.
2369 4027 2577 4100 Lugeat
2605 4031 2788 4101 pinus,
2808 4035 3066 4103 quoniam
3095 4038 3295 4091 cecidit
3326 4040 3548 4101 cedrus.

1975 4115 2208 4188 Lugete,
2240 4134 2480 4189 quercus
2510 4118 2862 4189 Basanitidis,
2894 4126 3151 4194 quoniam
3188 4130 3441 4185 succisus
3471 4144 3555 4187 cst

1976 4211 2149 4266 saltus
2181 4211 2429 4268 consitus
2454 4214 2522 4268 ".
2561 4232 2581 4265 ι
2612 4211 2733 4280 Quo
2784 4223 3029 4286 tempore
3065 4217 3250 4288 igitur,
3308 4221 3403 4283 ait,
3448 4223 3551 4278 ista

1976 4303 2217 4372 praedicti
2260 4303 2386 4358 libri
2422 4306 2513 4373 ﬁet
2565 4308 2941 4372 commutatio,
2990 4325 3256 4364 sermones
3304 4314 3550 4372 audient.

1972 4397 2062 4466 qui
2091 4396 2238 4465 prius
2263 4396 2416 4450 surdi
2448 4397 2911 4468 fuerunt;gentes
2950 4400 3083 4470 ipsa:
3112 4403 3394 4469 nimirum,
3413 4423 3555 4475 quas

1974 4486 2236 4542 Libanum
2256 4488 2573 4542 nominabat
2606 4505 2934 4554 :sermones,
2966 4490 3212 4563 inquam,
3248 4495 3552 4566 obsignatas

1974 4577 2233 4644 Cltermel,
2285 4577 2336 4631 id
2385 4586 2489 4643 est,
2523 4576 2832 4634 Iudaeorum
2877 4583 3113 4652 populo;
3161 4587 3422 4654 quoniam
3458 4590 3550 4658 qui

293 4650 578 4736 Ἰουδαίων
605 4650 742 4751 λαίῖ),
767 4650 901 4733 διότί
923 4650 975 4732 oi
992 4650 1092 4750 μὲν
1114 4679 1244 4750 πρὶν
1273 4678 1373 4747 ἁνή
1459 4694 1563 4748 ροι,
1582 4650 1872 4745 γεγόνασιν

1981 4671 2129 4741 prius
2160 4670 2258 4726 feri
2288 4678 2472 4735 erant,
2517 4672 2630 4742 jam
2686 4683 2814 4728 sunt
2846 4673 3107 4744 cicurati;
3138 4680 3229 4748 qui
3260 4690 3439 4735 autem
3466 4685 3549 4738 ci-

280 4774 515 4845 ἥμεροι.
575 4770 720 4824 tua:
749 4770 879 4840 πρὶν
932 4769 1155 4841 ἥμεροι,
1207 4765 1524 4821 τούναντίον
1579 4765 1869 4835 ἀνήμεροι.

284 4865 397 4919 Kal
425 4866 482 4917 οἱ
504 4863 649 4930 πρὶν
681 4863 750 4916 ὲν
790 4862 1012 4931 ὁμίχλῃ
1041 4860 1140 4913 καὶ
1192 4859 1393 4925 σκότῳ
1444 4857 1868 4928 τυγχάνοντες,

1973 4779 2156 4827 cures,
2208 4762 2478 4819 feritatem
2540 4776 2730 4821 contra
2792 4770 3047 4839 amplexi.
3099 4770 3166 4825 Et
3196 4775 3286 4844 qui
3319 4777 3466 4842 prius
3495 4780 3551 4832 in

1971 4854 2195 4925 caligine
2221 4862 2273 4909 et
2316 4854 2540 4910 tenebris
2578 4858 2953 4924 versabantur,
2990 4862 3116 4918 libri
3160 4864 3331 4921 lucem
3373 4869 3579 4923 iutncr

284 4955 549 5024 ὄψονται
589 4953 696 5007 τοῦ
741 4953 989 5017 βιϐλίου
1046 4950 1113 5005 τὸ
1135 4949 1283 5020 φῶς.
1317 4951 1383 5003 Ol
1410 4948 1479 5001 δὲ
1508 4946 1652 5017 πρίν
1685 4945 1869 5015 ὀρῶν-

1981 4944 2165 4999 buntur
2198 4962 2217 5000 :
2251 4949 2341 5018 qui
2389 4958 2567 5003 autem
2614 4965 2763 5018 prius
2797 4951 2893 5007 Dei
2939 4971 3161 5017 arcana,
3208 4968 3258 5012 et
3300 4961 3553 5030 mysteria

283 5064 379 5112 τε(
405 5044 514 5100 τοῦ
534 5043 684 5099 Θεοῦ
715 5044 785 5098 τὰ
795 5041 1120 5112 μυστήρια,
1152 5040 1372 5111 τυφλοὶ
1394 5038 1544 5107 πρὸς
1564 5037 1752 5092 ταῦτα
1776 5052 1869 5098 γε-

1981 5040 2294 5107 ςρεεεαὺιιηι,
2330 5040 2385 5094 in
2418 5040 2616 5097 eisdem
2641 5045 2768 5098 caaci
2816 5046 3061 5101 evadent.
3099 5048 3313 5105 Laetitia
3355 5052 3551 5107 deinde

282 5142 611 5205 νῆσον-ται.
681 5136 790 5190 Καὶ
832 5136 882 5189 ol
921 5135 1021 5207 μὲν
1071 5134 1465 5219 πλουτήσουσιν
1532 5128 1873 5201 εὐφροσύνην

1981 5139 2029 5185 et
2062 5133 2236 5187 salute
2271 5134 2567 5204 spirituali,
2601 5139 2803 5206 quibus
2842 5155 2873 5219 a
2903 5143 3153 5211 patrihus
3188 5143 3318 5213 ipsis
3353 5160 3550 5202 carue-

285 5234 385 5287 xa‘.
446 5228 722 5302 σωτηρίαν
774 5225 1173 5298 πνευματικὴν,
1225 5218 1299 5278 ὧν
1328 5219 1469 5295 ἦσαν
1507 5224 1571 5275 ἐκ
1611 5220 1874 5292 Πατέρων

1981 5231 2120 5288 rant,
2171 5224 2257 5277 isti
2296 5224 2699 5283 abundabunt:
2731 5229 2807 5284 illi
2838 5218 3016 5287 autem
3069 5235 3296 5304 penuria
3358 5236 3547 5291 talium

286 5324 586 5394 ἀλλότριοι.
620 5324 682 5377 Oi
726 5322 784 5375 δὲ
812 5320 1019 5374 τούτων
1061 5322 1119 5373 ὲν
1147 5319 1327 5389 ἐνδείᾳ
1367 5317 1711 5388 γενήσονται.
1754 5317 1873 5369 Ἐκ-

1981 5313 2315 5385 laborantes,
2348 5332 2444 5387 spe
2500 5319 2591 5374 illa
2644 5322 2926 5389 excident,
2971 5338 3080 5393 qua
3126 5325 3214 5381 isti
3246 5328 3547 5397 potientur,

287 5417 555 5480 πεσόντες
572 5414 811 5481 ἐλπίδος,
831 5407 900 5488 ἧς
923 5412 1073 5476 ἐντὸς
1105 5413 1306 5466 ἐκεῖνοι
1326 5409 1637 5480 γεγόνασιν,
1658 5407 1717 5461 τὸ
1746 5407 1874 5477 πρὶν

1981 5407 2069 5478 qui
2097 5407 2285 5464 eadem
2318 5408 2472 5481 prius
2500 5412 2729 5468 omnino
2753 5416 3049 5481 carebant;
3081 5431 3220 5487 quos
3250 5421 3548 5491 Apostolus

1003 5566 1049 5598 "
1082 5565 1215 5621 Luc.
1259 5580 1372 5628 xix,
1419 5563 1503 5618 i2.
1579 5562 1621 5594 ⁹¹
1665 5560 1898 5627 Ztchar,
1933 5578 2009 5625 XI,
2044 5564 2096 5625 1,
2127 5562 2181 5628 2,

1582 5656 1812 5712 γΑιιια
1837 5656 2236 5715 LECTIONES.

1814 5783 1836 5809 ³
1867 5791 1953 5844 rp-
1974 5769 2108 5845 πῧρο

359 5573 409 5606 θ’
447 5570 605 5626 Joan.
662 5586 741 5635 ιχ,
800 5567 891 5623 29.

1365 5783 1392 5825 1
1428 5794 1515 5847 γρ.
1547 5773 1736 5847 θύρας.

368 5787 397 5821 ν
421 5798 512 5853 γρ.
536 5780 803 5853 τετριγός.
884 5787 908 5817 ⁸
942 5794 1031 5847 γρ.
1070 5775 1287 5841 αὐτούς.
