4020 6372
459 370 602 438 2255

1795 363 2150 425 PROCOPII
2190 315 2430 425 olm

3593 356 3724 418 22.36

460 484 622 539 Iidem
654 493 761 535 non
787 479 1072 544 habentes,
1097 485 1150 532 ct
1179 475 1368 531 athcos
1387 473 1442 529 in
1471 470 1676 527 mundo
1710 472 1952 543 appellat
1970 472 2040 524 ”.

2167 475 2296 537 iure;
2351 472 2688 536 ἀνέλπιστοι,
2721 472 2862 527 κατὰ
2886 473 2976 527 τόο
3027 470 3248 528 Ἐλπίδα
3279 470 3356 544 μὴ
3386 470 3605 542 ἔχοντες
3642 472 3727 524 καὶ

459 574 534 631 Ειι
567 581 752 629 autem
791 571 914 626 ideo
944 568 1354 638 adipiscentur,
1390 563 1536 634 quod
1572 565 1627 618 in
1671 561 1849 633 lapide
1878 562 2048 631 oﬁ'en-

465 669 634 724 sionis
669 681 777 721 non
827 661 1176 725 oﬂ‘enderinl;
1210 658 1304 715 sed
1365 658 1503 729 signi
1535 656 1698 728 360
1732 655 1872 727 ejus,
1903 656 2049 725 quod

462 763 604 816 libro
631 759 965 825 impressum
1003 763 1108 818 est,
1134 751 1187 805 id
1218 759 1299 807 est
1331 748 1562 809 Christi,
1594 749 1755 804 tidem
1806 747 2047 814 amplexi

461 856 611 903 sunt.
670 844 875 898 Deiecit
926 840 1071 896 enim
1131 855 1240 894 non
1302 839 1480 894 solum
1528 838 1621 910 qui
1678 837 1833 908 prius
1865 837 1919 892 in
1956 852 2051 893 eos

460 939 724 1010 regnabat
776 935 989 1003 impius,
1028 933 1083 988 id
1131 941 1216 988 est
1248 931 1527 996 diabolus,
1560 947 1723 1004 quem
1764 932 2052 1001 superbum

462 1033 733 1095 nominat;
766 1028 859 1084 sed
885 1035 938 1082 et
984 1026 1065 1080 illi
1103 1025 1288 1090 etiam,
1325 1041 1464 1096 quos
1497 1024 1798 1095 impietatis
1828 1025 2055 1092 partici-

466 1144 560 1197 pes
592 1125 699 1180 sibi
728 1123 1020 1178 audientes
1056 1120 1312 1174 habebat.
1342 1118 1478 1173 Cum
1523 1121 1645 1190 ipso
1688 1133 1926 1190 namque
1951 1118 2056 1173 im-

464 1220 692 1290 pietatis
727 1227 958 1271 auctore
988 1223 1042 1270 et
1082 1213 1354 1284 principe,
1388 1227 1582 1267 omnes
1612 1227 1837 1283 quoque
1864 1211 2052 1268 caeteri

464 1313 745 1384 perierunt
774 1309 1072 1364 daemones.
1101 1305 1245 1371 Quin
1293 1303 1459 1358 etiam
1504 1303 1744 1360 servatis
1770 1303 2050 1376 gentibus,

463 1407 559 1478 qui
592 1420 739 1460 nunc
768 1409 1106 1458 accusantur
1134 1396 1308 1452 Judaei
1343 1385 1692 1466 nequaquam
1724 1399 2054 1468 superstites

466 1498 637 1553 futuri
680 1503 810 1551 sunt
856 1510 870 1546 :
907 1491 1003 1548 sed
1041 1489 1250 1560 deﬁciet
1283 1490 1542 1558 superbus
1572 1505 1756 1544 eorum
1799 1488 2052 1558 quilibet,

464 1597 519 1644 et
549 1589 640 1660 qui
669 1584 881 1641 Christi
926 1597 1238 1639 sermonem
1282 1581 1528 1636 ludibrio
1556 1581 1742 1636 habet.
1795 1579 1872 1635 lta
1907 1581 2053 1636 enim

467 1679 784 1752 Symmachi
823 1677 986 1730 habet
1017 1674 1406 1745 interpretatio
1433 1691 1447 1728 :
1485 1671 1550 1725 Et
1575 1674 1876 1742 consumpti
1905 1681 2052 1738 sunt,

464 1773 554 1841 qui
603 1770 832 1824 ludibrio
865 1767 1148 1821 habebant.
1189 1765 1255 1819 Et
1275 1765 1438 1820 excisi
1488 1775 1608 1818 sunt
1639 1781 1840 1828 omnes,
1874 1767 1964 1836 qui
1987 1765 2054 1818 ad

467 1859 1148 1934 injustitiamdeducentes,
1171 1873 1386 1927 peccare
1423 1855 1688 1924 faciebant
1723 1857 1960 1910 homines
2002 1856 2056 1910 in

469 1956 661 2016 verba;
707 1952 743 2005 ii
796 1951 1077 2015 nimirum,
1106 1949 1196 2018 qui
1232 1947 1536 2001 secundum
1589 1947 1922 2018 interpretes
1955 1947 2058 2002 Se-

475 2046 782 2116 ptuaginta,
818 2050 1040 2112 propter
1070 2039 1222 2110 Legi:
1265 2041 1737 2110 transgressionem
1765 2039 1932 2111 iniqui
1972 2039 2059 2094 di-

469 2147 674 2193 cuntur
709 2153 722 2188 :
753 2135 968 2206 superbi
1003 2145 1220 2198 autem,
1274 2133 1402 2204 quia
1440 2131 1721 2189 Christum
1775 2144 2060 2189 contume-

471 2230 608 2284 liuse
637 2227 838 2293 adorti,
875 2228 979 2282 ista
1007 2225 1218 2296 jactare
1258 2227 1378 2278 ausi
1413 2236 1541 2279 sunt
1579 2242 1592 2280 :
1629 2244 1648 2276 ι
1686 2225 1826 2280 Num
1855 2225 1946 2280 hic
1975 2233 2060 2281 est

472 2323 608 2375 fabri
643 2321 827 2374 Illius?
852 2318 1138 2385 Quomodo
1163 2319 1334 2389 igitur
1359 2318 1494 2373 dicit
1524 2337 1537 2373 :
1570 2318 1645 2373 De
1668 2320 1808 2375 coelo
1832 2319 2061 2375 descen-

469 2413 522 2466 di
561 2411 674 2464 m“?
710 2429 727 2461 ι
768 2418 823 2465 et
880 2425 1123 2465 rursus:
1179 2426 1196 2461 t
1239 2409 1515 2464 Abraham
1567 2422 1819 2466 mortuus
1867 2419 1972 2478 est,
2009 2423 2062 2468 et

471 2507 750 2577 propheta:
781 2506 983 2559 mortui
1015 2511 1166 2570 sunt,
1198 2515 1253 2559 et
1296 2511 1354 2558 tu
1385 2505 1527 2559 dicis
1561 2523 1574 2559 :
1607 2503 1666 2560 Si
1691 2505 1818 2575 quis
1847 2520 2062 2561 sermo-

471 2615 594 2654 nem
630 2613 808 2652 meum
844 2596 1106 2662 audierit,
1138 2606 1372 2652 mortem
1415 2613 1524 2652 non
1559 2597 1766 2653 videbit
1797 2599 1852 2653 in
1885 2613 2062 2654 saecu-

472 2689 584 2744 lum
616 2689 685 2742 ⁸³.
723 2706 742 2741 ι
786 2687 1047 2744 Dicebant
1083 2696 1342 2759 praeterea
1378 2704 1391 2742 :
1437 2707 1456 2741 ι
1495 2688 1832 2746 Daemonium
1876 2691 2060 2759 habet,

472 2793 525 2836 et
557 2780 712 2846 furit,
752 2779 880 2851 quis
915 2781 1096 2850 ipsum
1133 2780 1324 2835 audiat
1359 2778 1446 2834 “1'
1487 2799 1506 2834 ι
1539 2779 1602 2848 li,
1635 2783 1886 2853 inquam,
1939 2783 2062 2839 fue-

473 2879 624 2936 runt,
670 2871 764 2941 qui
815 2870 872 2926 in
907 2885 1028 2934 eos,
1058 2884 1088 2924 a
1117 2871 1320 2940 quibus
1366 2872 1800 2940 erudiebantur;
1854 2875 1908 2930 id
1956 2883 2062 2940 est,

473 2969 768 3039 prophetas
823 2983 855 3023 a
909 2983 970 3025 se
1004 2967 1062 3022 in
1099 2968 1262 3024 atriis
1298 2967 1634 3039 illaqueatos
1693 2969 1906 3024 nullum
1956 2987 2064 3027 non

475 3076 648 3132 genus
674 3059 1004 3116 insidiarum
1037 3059 1432 3114 moliebantur.
1466 3059 1612 3114 Alibi
1635 3061 1836 3117 deinde
1860 3061 1915 3116 in
1947 3062 2065 3118 haec

476 3155 640 3208 verba
669 3155 917 3225 loquitur
951 3170 963 3206 :
1005 3169 1024 3204 ι
1066 3151 1135 3206 Et
1165 3151 1404 3207 oderant
1457 3152 1512 3206 in
1544 3161 1704 3223 porta
1741 3163 2058 3225 arguentes,

2151 565 2301 620 ἄθεοι
2325 567 2384 618 ἐν
2403 565 2616 638 κόσμῳ.
2640 565 2906 634 Γεγόνασι
2937 565 2995 620 δὲ
3026 565 3231 620 τούτων
3259 565 3434 627 ἐντὸς,
3465 563 3542 634 μὴ
3575 581 3732 634 προσ-

2152 658 2422 729 κόψαντες
2458 657 2540 729 τῷ
2596 656 2732 728 λίθῳ
2784 656 2880 711 τοῦ
2920 659 3404 728 προσκόμματος,
3431 657 3483 710 ot
3514 657 3733 708 πιστεύ-

2157 767 2348 818 σαντες
2371 755 2437 825 τῇ
2486 751 2814 827 ἐπικειμένῃ
2844 751 2924 823 τῷ
2963 751 3156 824 βιϐλίῳ
3203 751 3508 822 σφραγῖδι,
3537 751 3598 814 ὃς
3624 752 3736 803 ἐστι

2153 847 2409 918 Χριστός.
2442 830 2690 912 Ἐξὲλιπε
2721 844 2831 917 γὰρ
2854 846 2882 898 ὁ
2920 845 3052 917 πρὶν
3092 844 3274 898 αὐτῶν
3327 843 3552 916 κρατῶν
3601 843 3738 898 ἀσε-

2154 941 2288 1008 ϐὴς,
2312 941 2449 1011 ὅπερ
2504 940 2652 993 ἐστὶν
2681 940 2708 992 ὁ
2739 937 2991 1001 διάϐολος
3047 937 3106 991 ὃν
3131 937 3549 1008 ὑπερήφανον,
3584 936 3740 1006 φησι,

2153 1031 2250 1085 καὶ
2276 1031 2404 1097 τοὺς
2437 1033 2529 1084 ὑπ’
2577 1031 2745 1085 αὑτὸν
2797 1029 3039 1095 ἀσεϐεῖς.
3069 1029 3162 1102 Τῷ
3193 1031 3301 1102 γὰρ
3338 1032 3440 1100 τῆς
3472 1028 3742 1091 ἀσεϐείας

2153 1124 2377 1196 ἄρχοντι
2413 1122 2796 1178 συναπώλοντο
2818 1121 3020 1188 πάντες
3050 1124 3100 1178 οἱ
3135 1122 3410 1194 δαίμονες.
3453 1121 3618 1175 Ἀλλὰ
3653 1120 3749 1173 καὶ

2153 1216 2263 1271 τῶν
2314 1215 2490 1271 ἐθνῶν
2546 1217 2830 1273 σωθέντων
2858 1215 3406 1288 οίκατηγορηθέντες
3428 1215 3529 1284 οὐχ
3567 1213 3753 1284 ὕπαρ·

2155 1310 2337 1378 ξουσιν
2364 1311 2414 1364 οἱ
2457 1309 2722 1377 Ἰουδαῖοι,
2757 1311 3066 1380 Ἐκλείψοει
3097 1307 3166 1362 δὲ
3199 1306 3318 1374 πᾶς
3355 1308 3755 1376 ὑπερήφανος

2155 1403 2213 1456 ἐν
2273 1401 2502 1468 αὐτοῖς,
2563 1402 2660 1457 καὶ
2723 1402 2820 1456 τοῦ
2867 1399 3109 1474 Χριστοῦ
3157 1397 3439 1470 χλευάζων
3499 1397 3597 1451 τὸν
3659 1395 3756 1449 λό-

2155 1511 2272 1562 γον.
2328 1495 2625 1566 Σύμμαχος
2677 1493 2783 1567 γὰρ
2813 1494 2988 1558 οὕτως
3047 1492 3336 1558 ἐξέδωκεν·
3375 1489 3484 1546 Καὶ
3509 1487 3759 1557 ἀνηλώ-

2157 1591 2354 1654 θησαν
2409 1583 2808 1656 χλευάζοντες
2868 1585 2968 1639 καὶ
3012 1584 3402 1652 ἐξεκόπησαν
3446 1580 3678 1646 πάντες
3703 1581 3761 1635 oi

2156 1679 2244 1744 εἰς
2266 1677 2509 1732 ἀδικίαν
2539 1677 3058 1746 ἐξαμαρτάνοντες
3095 1673 3448 1744 ἀνθρώπους
3468 1672 3540 1727 ἐν
3561 1676 3761 1741 λόγῳ,

2157 1770 2206 1823 οἳ
2217 1813 2230 1836 ,
2259 1771 2402 1824 κατὰ
2418 1769 2547 1835 τοὺς
2576 1770 3002 1842 Ἐϐδομήκοντα,
3017 1769 3128 1824 τὸν
3143 1770 3334 1838 νόμον
3347 1765 3761 1836 παραϐάντες,

2159 1864 2369 1933 ἄνομοι
2394 1863 2665 1935 λέγονται,
2695 1863 3071 1934 ὑπερήφανοι
3092 1863 3169 1928 δέ,
3187 1861 3286 1916 τοῦ
3314 1857 3556 1932 Χριστοῦ
3618 1874 3768 1912 κατ-

2160 1955 2658 2029 αλαζονευσάμενοι
2718 1955 2973 2025 λέγοντες
2991 1971 3007 1986 ο
3048 1975 3066 2007 ι
3089 1955 3202 2026 Ούχ
3231 1947 3386 2016 οὗτός
3410 1954 3561 2007 ἐστιν
3585 1953 3615 2006 ὁ
3661 1948 3768 2004 τοῦ

2158 2051 2408 2115 τέκτονος
2432 2050 2546 2116 υίός
2569 2069 2584 2118 ;
2607 2050 2723 2115 πῶς
2748 2049 2844 2104 οὖν
2873 2049 3046 2120 λέγει,
3087 2047 3184 2101 Ἐκ
3203 2045 3299 2100 τοῦ
3323 2044 3558 2117 ούρανοῦ
3581 2063 3773 2100 κατα-

2161 2143 2408 2216 ϐέϐηκας
2446 2163 2464 2196 ι
2495 2144 2604 2197 Καὶ
2655 2141 2820 2198 πάλιν
2847 2159 2862 2174 ο
2895 2161 2915 2194 ι
2953 2140 3208 2212 Ἀϐραὰμ
3257 2138 3551 2203 ἀπέθανεν,
3582 2137 3689 2192 καὶ
3715 2137 3771 2190 οἱ

2161 2233 2438 2305 προφῆται
2494 2232 2794 2298 ἀπέθανον,
2853 2231 2949 2286 καὶ
3000 2231 3066 2284 σὺ
3094 2230 3278 2299 λέγεις
3311 2247 3325 2260 ’
3375 2229 3501 2284 Ἐάν
3530 2227 3618 2292 τίς
3660 2244 3772 2299 μου

2160 2327 2254 2379 τὸν
2306 2325 2466 2397 λόγον
2548 2324 2795 2397 ἀκούσῃ,
2855 2323 3088 2378 θάνατον
3141 2323 3203 2376 ού
3269 2320 3346 2394 μὴ
3394 2320 3481 2392 [Bp
3529 2320 3614 2383 εἰς
3674 2318 3777 2371 τὸν

2161 2419 2365 2487 αἰῶνας
2394 2438 2412 2472 ι
2454 2419 2680 2488 Ἔλεγον
2701 2419 2759 2472 δὲ
2781 2417 2898 2484 καὶ,
2932 2435 2951 2468 ι
2979 2416 3273 2488 Δαιμόνιον
3322 2414 3458 2486 ἔχει,
3497 2413 3602 2468 καὶ
3637 2411 3780 2484 μαίο

2161 2529 2334 2566 νεται.
2357 2512 2424 2566 Τί
2476 2510 2642 2567 αὑτοῦ
2695 2509 2961 2577 ἀλούετες
2992 2527 3012 2562 ι
3051 2503 3198 2564 οὗτοι
3221 2509 3278 2562 δὲ
3302 2503 3469 2580 ἦσαν,
3526 2506 3581 2561 οἱ
3626 2507 3777 2570 τοὺς

2163 2603 2522 2668 παιδεύοντας
2568 2604 2768 2668 αὐτοὺς
2813 2605 2871 2658 ἐν
2904 2602 3102 2666 αὐλαῖς
3171 2601 3584 2670 παγιδεύοντες,
3639 2597 3780 2661 τοὺς

2164 2699 2448 2769 προφήτας
2474 2697 2740 2768 δηλονότι,
2773 2695 2901 2752 καθ’
2929 2689 3004 2751 ὧν
3037 2693 3335 2765 ἐπιϐουλῆς
3371 2695 3597 2764 ἀπάσης
3629 2691 3782 2763 ἐθη-

2167 2791 2338 2863 ρῶντο
2383 2789 2576 2854 λαϐάς.
2621 2791 2732 2844 Καὶ
2764 2789 3000 2860 ἀλλαχοῦ
3028 2787 3086 2842 δέ
3109 2804 3246 2860 φησι
3266 2802 3282 2818 ο
3321 2806 3338 2838 ι
3364 2786 3474 2840 Καὶ
3527 2784 3785 2856 ἐμίσουν

2163 2884 2223 2936 ἐν
2249 2882 2446 2947 πύλαις
2470 2881 2814 2954 ἐλέγχοντας,
2831 2881 2930 2936 καὶ
2943 2880 3106 2949 λόγον
3133 2879 3280 2932 ὅσιον
3308 2875 3778 2936 ἐϐδελύσσοντο,›

2165 2979 2214 3032 οἳ
2239 2977 2335 3031 καὶ
2366 2976 2458 3030 τὸν
2501 2975 2713 3031 δίκαιον
2743 2974 2924 3045 λόγον,
2956 2974 3054 3029 καὶ
3086 2972 3250 3028 αὑτὸν
3281 2970 3337 3025 δέ
3364 2968 3637 3042 Χριστὸν,
3673 2965 3789 3037 τὴν

2166 3069 2540 3142 δικαιοσύνην,
2588 3069 2766 3141 μάτην
2814 3068 3162 3131 ἐκκλίνοντες
3221 3064 3568 3129 ἀπεσείοντο,
3597 3061 3790 3132 μηδὲν

2091 3195 2134 3250 C
2168 3159 2380 3230 ἔχοντες
2441 3161 2716 3230 ἐγκαλεῖν.
2751 3160 2910 3224 Τινὲς
2931 3160 2987 3213 δὲ
3015 3157 3097 3226 τὸ,
3121 3159 3192 3212 ἐν
3220 3157 3465 3221 πύλαις,
3494 3155 3559 3250 ού
3590 3154 3779 3224 λελη-

475 3257 529 3299 et
570 3246 800 3302 verbum
827 3253 1076 3300 sanctum
1099 3243 1564 3299 abominabantur
1585 3243 1667 3310 ἐς
1704 3244 1781 3299 »ἱί
1804 3246 2062 3301 nimirum

2170 3250 2362 3316 θότως,
2385 3253 2444 3306 ἐν
2485 3252 2672 3325 ἁπάσῃ
2699 3251 2756 3306 δὲ
2789 3249 3077 3323 παρρησίᾳ
3133 3247 3290 3319 φασί.
3343 3245 3454 3300 Καὶ
3503 3243 3790 3308 δίκαιον,

439 3381 445 3386 .
477 3341 573 3412 qui
625 3352 680 3396 et
724 3340 948 3394 verbum
998 3338 1232 3409 justum,
1265 3344 1320 3392 et
1365 3335 1648 3392 Christum
1681 3338 1871 3406 etiam,
1901 3339 2063 3410 justi-

2169 3340 2262 3395 τὸν
2286 3341 2454 3414 νόμον
2477 3343 2736 3414 λέγουσιν
2757 3344 2815 3397 ἐν
2833 3341 3041 3406 ἀδίκοις
3060 3341 3183 3404 ταῖς
3204 3336 3314 3391 τῶν
3343 3333 3633 3408 πρεσϐυτέ
3643 3349 3790 3405 ρων,

485 3434 618 3486 tiam
669 3431 848 3504 ipsam
911 3438 1118 3486 temere
1167 3427 1532 3494 declinantes,
1566 3429 1900 3500 reiecerunt,
1945 3447 2063 3488 cum

2175 3437 2251 3501 ὡς
2283 3440 2523 3512 εἴρηται,
2557 3438 2953 3512 παραδόσεσιν.

482 3524 617 3578 nihil
651 3523 939 3586 haberent,
978 3520 1137 3589 cujus
1169 3534 1294 3574 eum
1326 3528 1671 3574 accusarent.
1702 3519 1962 3576 Nonnulli
1996 3523 2049 3577 in
2086 3527 2255 3592 portis
2303 3528 2380 3582 ita
2429 3539 2678 3592 sumunt,
2733 3535 2792 3583 ut
2842 3540 2941 3597 pro
2995 3530 3206 3594 aperte,
3274 3531 3611 3588 summaque
3702 3515 3794 3570 di-

479 3616 640 3669 candi
674 3615 924 3669 libertate
950 3613 1159 3668 dictum
1192 3613 1399 3677 velint;
1427 3609 1634 3681 justum
1695 3624 1900 3681 autem,
1961 3616 2134 3688 legem
2173 3619 2370 3689 ipsam,
2405 3623 2550 3680 inter
2606 3622 2848 3694 injustas
2877 3620 3162 3676 seniorum
3200 3613 3557 3677 traditiones,
3590 3623 3662 3666 ut
3699 3611 3794 3666 di-

481 3718 628 3760 ctuu
666 3716 772 3770 est,
805 3705 1144 3772 signiﬁcare.

552 3798 710 3868 331
751 3795 916 3851 Vens.
947 3795 1144 3850 22-24.
1180 3794 1470 3866 Propterea
1499 3796 1612 3850 Ita'c
1651 3795 1780 3852 dicit
1813 3797 2063 3854 Dominut

2249 3799 2450 3870 κβ-κδν.
2494 3797 2598 3852 Διά
2631 3795 2808 3851 τοῦτο
2839 3795 2982 3850 τάδε
3034 3793 3200 3863 λέγει
3241 3794 3458 3862 Κύριος
3515 3790 3623 3845 ἐπὶ
3678 3792 3798 3848 τὸν

483 3906 638 3960 super
675 3888 893 3944 domum
922 3886 1115 3951 Iacob,
1159 3905 1320 3958 quam
1354 3890 1620 3959 separavit
1667 3905 1733 3943 ea:
1774 3891 2063 3947 Abraham.

2177 3887 2350 3948 οἶκον
2385 3889 2627 3952 Ἰακὼϐ,
2654 3888 2728 3943 ὃν
2773 3887 3076 3958 ἀφώρισεν
3095 3886 3166 3951 ἐξ
3207 3884 3472 3954 Ἀϐραάμ.
3529 3885 3620 3938 Οὐ
3670 3885 3799 3939 νῦν

494 3981 611 4034 Non
657 3978 812 4034 modo
846 3979 1202 4048 confundetur
1235 3977 1429 4044 Iacob,
1481 3997 1646 4051 neque
1690 3998 1828 4037 nunc
1881 3983 2063 4054 faciem

2178 3981 2656 4052 αἰσχυνθήσεται
2711 3981 2945 4042 Ἰακὼϐ,
3005 3977 3152 4033 οὐδὲ
3194 3976 3313 4031 νῦν
3341 3976 3410 4030 τὸ
3438 3975 3798 4044 πρόσωπον

486 4074 713 4126 mutabit
746 4073 879 4127 :sed
901 4071 1112 4141 quando
1135 4071 1381 4126 videbunt
1411 4072 1514 4142 lilii
1549 4089 1732 4127 eorum
1751 4092 1906 4146 opera
1938 4093 2076 4146 mea,

484 4176 697 4236 propter
729 4181 807 4218 me
829 4163 1241 4233 sauctiﬁcabunt
1279 4180 1467 4218 nomen
1499 4182 1692 4230 meum,
1720 4175 1827 4222 etc.

561 4345 644 4402 Ad
676 4344 898 4402 eosdem
941 4352 996 4399 et
1041 4343 1145 4399 ista
1179 4341 1418 4397 refertur
1447 4343 1646 4409 oratio,
1683 4361 1826 4417 quos
1858 4347 2074 4401 domum

485 4439 653 4496 Jacob
687 4440 763 4494 ait
795 4438 1135 4508 nuncupari;
1172 4450 1338 4505 quam
1388 4434 1554 4502 Deus,
1601 4439 1752 4494 velut
1785 4439 1876 4511 pio
1902 4439 2079 4496 Abra-

487 4534 643 4586 hamo
689 4531 970 4600 indignam
1016 4543 1047 4583 a
1099 4543 1160 4582 se
1204 4528 1509 4596 separavit,
1554 4528 1711 4598 juxta
1746 4531 1879 4586 illud
1913 4550 1926 4588 :
1961 4551 1980 4586 ι
2019 4533 2076 4590 Si

491 4625 585 4678 lilii
616 4623 850 4678 Abralne
895 4619 1049 4685 estis,
1085 4634 1251 4691 opera
1306 4619 1541 4675 Abraha:
1567 4619 1729 4678 facite
1756 4623 1824 4678 ".
1857 4643 1876 4677 ι
1908 4625 2082 4682 Caete-

495 4737 612 4774 rum
663 4719 776 4782 ubi,
817 4715 990 4784 Quam
1038 4717 1304 4788 separavit
1358 4732 1425 4772 ea:
1480 4717 1750 4774 Abraham
1805 4720 2078 4791 legimus;

491 4813 596 4878 Qui
621 4811 837 4866 redemit
859 4809 1149 4864 Abraham.
1171 4809 1560 4880 interpretatus
1577 4817 1660 4865 est
1684 4810 2076 4882 Symmachus:

494 4916 550 4960 ut
596 4921 714 4970 eos,
770 4903 824 4958 in
872 4918 1013 4974 quos
1066 4901 1365 4966 invehitur,
1415 4917 1765 4973 nequaquam
1813 4904 2078 4964 liberatos

489 5014 613 5055 esse
661 4997 909 5053 doceret.
961 4993 1228 5050 Praailicta
1260 4993 1428 5065 igitur
1477 4995 1720 5064 gentium
1758 4996 2072 5064 vocatione,

490 5093 773 5164 vestrique
807 5089 1110 5159 reiectione
1131 5129 1146 5154 ,
1176 5103 1287 5158 quo
1308 5095 1554 5157 tempore
1579 5087 1684 5143 ista
1715 5090 2082 5158 pronuntian-

489 5194 599 5250 tur,
641 5201 747 5239 non
791 5181 1127 5244 erubescitis,
1175 5179 1272 5243 ait,
1319 5186 1584 5248 tanquam
1628 5178 1854 5234 minime
1895 5179 2079 5236 futura

489 5275 764 5338 credatis;
802 5271 898 5329 sed
947 5271 1106 5326 ﬁdem
1137 5267 1296 5324 vobis
1345 5282 1448 5324 suo
1486 5273 1733 5338 tempore
1767 5267 1929 5325 faciet
1963 5270 2082 5340 ipse

491 5378 675 5419 rerum
705 5370 956 5419 eventus.
993 5359 1134 5416 Tum
1165 5357 1387 5413 demum
1427 5357 1574 5411 enim
1622 5360 1929 5413 erubescent
1978 5360 2082 5430 ﬁlii

488 5457 667 5520 rostri,
698 5471 825 5510 cum
861 5451 1032 5508 Deum
1077 5449 1249 5506 Jacob
1298 5447 1368 5502 ab
1414 5447 1760 5519 alienigenis,
1809 5450 1902 5520 qui
1952 5451 2076 5522 ejus

2173 4076 2502 4151 μεταϐαλεῖ
2539 4073 2781 4144 Ἰσραήλ
2805 4090 2820 4106 ·
2856 4073 2997 4128 ἀλλ’
3058 4072 3208 4128 ὅταν
3264 4069 3438 4123 ἴδωσι
3476 4066 3552 4121 τὰ
3591 4067 3798 4121 τέκνα

2176 4169 2378 4226 αὐτῶν
2405 4168 2478 4223 τὰ
2515 4167 2659 4239 ἔργα
2686 4183 2830 4238 μου,
2863 4165 2940 4218 δι’
2964 4163 3072 4235 ἐμὲ
3122 4161 3451 4233 ἀγιάσουσι
3481 4155 3550 4211 τὸ
3582 4155 3798 4228 ὄνομα

2171 4279 2312 4334 μου,
2337 4280 2394 4318 κ.
2417 4279 2468 4316 τ.
2499 4261 2551 4314 λ.

2251 4355 2373 4408 Ἔτι
2399 4351 2536 4424 πρὸς
2553 4354 2684 4416 τοὺς
2713 4350 2913 4415 αὐτοὺς
2931 4350 2960 4404 ὁ
2987 4349 3168 4420 λόγος,
3200 4347 3295 4414 οὓς
3320 4364 3454 4418 φησι
3480 4347 3793 4402 καλεῖσθαι

2177 4444 2349 4503 οἶκον
2387 4446 2615 4522 Ἰακώϐ.
2671 4447 2770 4499 ’ον
2826 4445 2926 4498 οὐκ
2979 4442 3202 4508 ἁξίοντα
3235 4451 3255 4473 ⁸
3315 4441 3412 4495 τοῦ
3476 4440 3795 4510 θεοφιλοῦς

2191 4539 2472 4609 Ἀϐραὰμ,
2503 4536 3004 4606 ἀπηλλοτρίωσεν
3015 4534 3314 4605 ἀφορίσας
3338 4531 3491 4595 Θεὸς,
3530 4533 3689 4585 κατὰ
3706 4532 3790 4583 τόν

2191 4650 2209 4684 ι
2234 4632 2297 4685 Et
2325 4632 2493 4685 τέκνα
2539 4631 2631 4684 τοῦ
2663 4628 2918 4701 Ἀϐραὰμ
2970 4623 3091 4699 ἦτε,
3114 4626 3184 4680 τὰ
3205 4626 3342 4697 ἔργα
3370 4623 3467 4678 τοῦ
3516 4625 3793 4694 Ἀϐραὰμ

2180 4724 2438 4777 ἐποιεῖτε.
2473 4741 2492 4775 ι
2525 4721 2671 4776 ’Λντὶ
2687 4721 2744 4774 δέ
2771 4719 2890 4785 τοῦ,
2927 4721 3038 4772 Ὃν
3061 4718 3367 4788 ἀφώρισεν
3392 4715 3464 4779 ἐξ
3488 4714 3792 4783 Ἀϐραὰμ,

2191 4816 2246 4869 '0
2263 4815 2728 4884 λυτρωσάμενος
2752 4813 2860 4868 τὸν
2886 4811 3158 4880 Ἀϐραὰμ,
3181 4808 3409 4876 ἐξέδωκε
3432 4805 3784 4877 Σύμμαχος,

2176 4907 2353 4980 δηλῶν
2383 4907 2457 4970 ὼς
2481 4907 2542 4960 ού
2569 4905 2793 4970 τούτους
2849 4903 3217 4976 ἐλυτρὼσατο,
3249 4901 3385 4972 πρὸς
3426 4899 3526 4964 οὓς
3553 4900 3793 4955 ἀποτεί-

2177 5019 2347 5056 νεται.
2370 5001 2544 5072 Φησὶν
2573 4999 2781 5065 οὗν,ὡς
2813 4997 3310 5070 Προφητευομένης
3326 4997 3426 5066 τῆς
3454 4993 3574 5046 τῶν
3610 4992 3794 5046 ἐθνῶν

2179 5090 2463 5163 κλήσεως,
2513 5091 2608 5144 καὶ
2663 5090 2766 5162 τῆς
2829 5088 3156 5161 ὴμετὲραςδ
3189 5084 3466 5154 ἀποϐολῆς
3533 5083 3671 5138 καθ’
3731 5084 3793 5137 ὃν

2181 5182 2584 5255 προφητεύεται
2610 5182 2782 5237 ταῦτα
2807 5181 3020 5253 καιρὸν,
3061 5181 3172 5234 οὐκ
3216 5175 3529 5247 ἐρυθριᾶτε
3586 5176 3788 5248 φησὶν,

2179 5270 2255 5334 ὡς
2286 5270 2352 5325 ἂν
2389 5271 2463 5343 μὴ
2497 5271 2847 5336 πιστεύοντες
2874 5269 3120 5326 ἔσεσθαι.
3159 5268 3300 5323 Ἀλλ’
3327 5264 3419 5322 οὖν
3444 5267 3598 5337 ὑμᾶς
3623 5271 3655 5322 ὁ
3687 5267 3790 5338 τῆς

2181 5361 2460 5428 ἐκϐάσεως
2493 5365 2712 5438 ποιήσει
2732 5375 2754 5404 ο
2783 5363 2998 5435 καιρός.
3041 5362 3119 5416 τὰ
3141 5361 3251 5432 γὰρ
3276 5359 3536 5430 ὑμέτερα
3568 5359 3790 5425 τέκνα,

2187 5456 2375 5525 φησιν,
2401 5457 2942 5525 αὶσχυνθήσονται,
2993 5453 3085 5508 τὸν
3134 5454 3267 5508 θεὸν
3309 5450 3506 5507 Ἰακὼϐ
3533 5452 3789 5522 ὁρῶντες

558 5574 606 5605 θ’
681 5569 880 5641 Ephes.
921 5584 984 5634 ιι,
1020 5566 1110 5623 12.
1182 5562 1438 5621 ’"Joan.
1478 5563 1666 5630 ",42.
1743 5565 1790 5598 ”
1826 5563 1989 5621 Joan.
2042 5582 2063 5621 ν

2203 5569 2292 5624 52.
2367 5571 2414 5603 ”
2451 5569 2612 5628 Joan.
2651 5588 2706 5640 α,
2745 5571 2836 5638 20,
2940 5573 2987 5606 ⁸⁸
3025 5571 3196 5626 Amos
3243 5584 3298 5634 v,
3351 5568 3440 5624 10.
3519 5566 3570 5598 ’⁸
3611 5563 3784 5621 Joan.

493 5660 604 5708 vut,
640 5641 729 5698 59.

1768 5721 2010 5781 VARIAE
2044 5725 2460 5786 LECTIONES.

567 5837 593 5865 α
627 5842 720 5894 γρ.
750 5821 902 5890 ἄξιον
929 5819 1081 5874 ὅντα.
1157 5818 1185 5859 ι)
1219 5834 1308 5893 γρ.
1340 5817 1467 5889 ὑμε.
1547 5825 1571 5856 ο
1609 5830 1700 5884 no.
1729 5812 1927 5868 πείσει.
