4020 6372
227 339 354 402 ΞέυἹ

1365 337 1902 399 COMMENTARII
1946 336 2033 396 IN
2064 334 2352 397 ISAIAM.

3330 334 3473 397 2258

229 462 310 518 ὑπ’
351 454 655 527 ἀλλοφύλων
702 453 1060 523 ὑμνούμενον,
1113 457 1302 525 φόϐον
1333 517 1339 523 ,
1369 456 1637 525 ἐχόντων
1686 453 1778 506 τὸν

1899 461 2083 507 metum
2118 450 2351 520 amplexi
2400 448 2624 515 fuerint,
2662 448 2876 504 laudari
2907 457 2960 503 ct
3000 446 3285 519 przedicari
3318 451 3474 507 vidc-

228 551 351 623 πρὸς
379 550 557 604 αὐτόν.
592 544 779 599 Καίτοι
816 544 1008 615 πρώην
1041 541 1202 615 ἦσαν
1251 544 1654 614 πλανώμενοι,
1686 542 1783 597 καὶ

226 645 315 713 τῆς
348 641 492 704 θείας
516 638 949 708 κατηγοροῦντες
983 638 1263 710 προνοίας,
1299 637 1630 695 ὑπακούειν
1671 653 1784 707 μαι

229 734 517 801 θήσονται.
576 729 686 783 Καὶ
711 728 880 800 μηδὲν
907 730 1058 798 ὑγιὲς
1089 730 1219 802 περὶ
1244 728 1379 783 Θεοῦ
1417 729 1600 798 λέγειν
1628 727 1786 782 δυνά-

221 804 384 896 τμενοι,
414 820 801 889 λαλήσουσιν
827 822 1080 889 εἰρήνην
1114 821 1209 875 τοῦ
1241 823 1375 894 πρὸς
1414 822 1579 876 αὐτὸν
1608 822 1784 894 ἀπηλ-

228 912 467 984 λαγμένοι
485 912 743 983 πολέμου.
761 911 821 965 '0
843 912 898 965 δὲ
925 911 996 964 Σύ
1006 912 1223 983 μμαχὸς
1254 930 1439 983 φησιν·
1459 914 1621 968 Ἀλλ’
1639 913 1787 967 ὅταν

228 1006 315 1073 ἴδῃ
344 1002 411 1056 τὰ
440 1001 620 1056 τέκνα
674 1000 862 1055 αὐτοῦ
915 1001 1061 1071 ἔργα
1110 1001 1326 1071 χειρῶν
1367 1019 1489 1072 μου
1518 1002 1589 1056 ἐν
1618 1001 1787 1071 μέσῳ

228 1096 414 1160 αὐτοῦ,
463 1092 797 1165 ἁγιάζονται
834 1093 901 1147 τὸ
927 1092 1115 1163 ὄνομα
1147 1109 1300 1163 μου,
1328 1092 1425 1146 καὶ
1459 1092 1785 1161 ἁγιάσουσι

228 1193 321 1244 τὸν
361 1189 528 1258 ἅγιον
562 1186 790 1251 Ἰακὼϐ,
817 1186 917 1241 καὶ
983 1185 1092 1240 τὸν
1147 1185 1299 1241 Θεὸν
1336 1184 1590 1253 Ἰσραὴλ
1646 1202 1788 1253 κρα-

230 1281 552 1344 ταιώσουσι,
593 1278 691 1334 καὶ
718 1276 1096 1348 μαθήσονται
1126 1279 1181 1332 al
1208 1274 1661 1345 πεπλανημένοι
1710 1274 1789 1341 τῷ

230 1374 498 1441 πνεύματι
540 1371 837 1437 σύνεσιν,
888 1369 988 1425 καὶ
1038 1368 1369 1441 romani
1408 1366 1789 1439 μαθήσονται

231 1463 504 1518 παιδείαν.

288 1553 431 1607 Οὕτω
445 1552 501 1605 δέ
528 1569 678 1616 τινες
710 1552 1069 1625 ἐξηγήσαντοο
1096 1549 1202 1606 Τοῦ
1229 1549 1365 1604 Θεοῦ
1399 1551 1790 1621 προειρηκότος

229 1644 324 1699 τῶν
358 1642 414 1709 ἐξ
444 1643 664 1714 Ἰσραὴλ
683 1645 785 1716 τὴν
812 1644 1111 1709 ἀπώλειαν,
1139 1642 1287 1706 εἰκὸς
1313 1637 1381 1713 ἦν
1415 1641 1571 1695 τοῦτο
1598 1640 1790 1710 ψευδὲς

232 1736 500 1806 ὑπονοῆσαι
528 1752 706 1799 τινας,
744 1734 916 1789 σωθὲν
954 1734 1202 1806 ὁρῶντας
1245 1734 1308 1787 τὸ
1338 1733 1782 1803 ἐγκατάλειμμα.

1887 544 2016 600 rint.
2067 542 2431 610 Quantumvis
2506 541 2664 613 prius
2718 543 2774 597 in
2828 560 3008 599 errore
3070 546 3269 600 versati
3328 548 3471 615 sint,

1887 636 2175 707 ipsamque
2235 634 2331 692 Dei
2393 636 2795 707 providentiam
2854 638 3205 705 accusarint,
3266 638 3473 695 discent

1890 738 2064 784 tamen
2114 727 2365 793 obedire;
2390 738 2441 783 et
2470 728 2562 796 qui
2597 736 2723 785 ante
2757 729 2875 785 sani
2927 730 3131 800 aliquid
3162 732 3228 787 de
3262 730 3370 787 Deo
3404 750 3475 790 ne

1887 821 2103 878 hiscere
2122 822 2342 891 quidem
2374 830 2687 891 potuerant,
2718 821 2861 878 bello
2881 822 2993 892 jam
3025 823 3266 889 liberati,
3288 841 3471 894 pacem

1888 928 2008 968 voce
2052 911 2465 982 proﬁtebantur.
2519 912 2599 967 Ita
2656 921 2840 969 autem
2890 913 3284 991 interpretatur
3314 916 3479 987 Sym-

1890 1005 2121 1061 machus
2154 1024 2168 1061 :
2197 1004 2302 1060 Sed
2335 1021 2455 1059 cum
2485 1005 2710 1061 viderint
2755 1006 2859 1073 ﬁlii
2884 1005 2999 1074 ejus
3032 1022 3189 1075 opera
3220 1024 3475 1060 manuum

1890 1110 2152 1159 mearum,
2189 1095 2245 1148 in
2276 1094 2446 1148 medio
2481 1096 2567 1149 sui
2608 1095 3009 1165 sanctiﬁcantes
3046 1114 3231 1151 nomen
3271 1114 3445 1150 meum

1890 1187 2051 1240 etiam
2076 1184 2486 1254 sanctiﬁcabunt
2519 1195 2763 1239 sanctum
2797 1184 2964 1239 Jacob
2984 1202 3004 1252 ;
3038 1196 3087 1240 et
3121 1185 3284 1239 Deum
3309 1183 3480 1239 Israel

1892 1277 2082 1347 fortem
2110 1275 2501 1347 prwdicabunt,
2530 1285 2578 1330 et
2611 1276 2820 1331 discent
2863 1286 3101 1331 errantes
3148 1275 3311 1347 362
3363 1277 3478 1346 spi-

1892 1370 2022 1434 ritu,
2053 1368 2375 1433 scientiam;
2409 1375 2461 1423 et
2486 1376 2910 1421 murmuratores
2945 1365 3290 1436 disciplinam
3320 1366 3480 1422 doce—

1892 1461 2113 1518 buntur.
2634 1524 2647 1531 Χ

1964 1553 2059 1609 Sic
2090 1560 2271 1607 autem
2306 1551 2559 1613 nonnulli
2605 1550 2957 1621 explicarunt
2994 1547 3172 1604 :Cum
3200 1548 3480 1606 lsraelita-

1893 1662 2014 1702 rum
2045 1646 2325 1701 interitum
2358 1644 2681 1715 prardiceret
2712 1641 2877 1707 Deus,
2906 1651 3345 1697 consentaneum
3394 1654 3480 1697 est

1896 1738 2190 1794 nonnullos
2225 1739 2348 1792 ideo
2381 1734 2589 1791 falsum
2622 1734 2757 1788 illud
2784 1747 2910 1789 esse
2956 1733 3295 1802 suspicatus,
3329 1734 3479 1802 quod

230 1800 467 1900 Προλέγει
510 1826 715 1892 τοίνυν,
759 1827 835 1891 ὡς
861 1827 956 1881 xa‘t
991 1800 1159 1879 αὐτοὶ
1216 1800 1555 1897 σωθήσονται
1579 1800 1668 1879 δια
1686 1800 1786 1877 *πί-

1899 1832 2088 1887 salvari
2124 1830 2324 1887 debere
2355 1829 2620 1897 reliquias
2669 1825 3199 1882 animadverterent.
3235 1824 3342 1880 Eas
3377 1825 3478 1893 igi-

232 1935 397 1982 στεως’
435 1936 455 1971 ι
484 1918 602 1972 Ὀτ’
638 1918 705 1973 ἂν
736 1919 866 1989 γὰρ,
892 1918 1047 1988 φησὶ,
1072 1917 1133 1971 τὸ
1160 1916 1434 1988 πλήρωμα
1461 1917 1571 1971 τῶν
1616 1916 1784 1970 ἐθνῶν

230 2010 442 2085 εἰσέλθῃ,
470 2012 617 2074 τότε,
654 2013 764 2075 πᾶς
798 2011 1016 2083 Ἰσραὴλ
1041 2010 1365 2082 σωθήσεται.
1397 2028 1416 2063 ι
1452 2009 1548 2064 Ἐκ
1570 2010 1786 2065 πάντων

229 2102 393 2156 δὲτῶν
447 2103 616 2156 ἐθνῶν
644 2104 1026 2173 ὲξειλεγμένον
1074 2104 1225 2172 λέγει
1274 2104 1371 2157 καὶ
1419 2102 1557 2157 Θεοῦ
1588 2102 1787 2174 κλῆρον

230 2194 476 2265 ἐξαίρετον
500 2195 662 2265 γένος
691 2196 753 2250 τὸ
773 2196 831 2264 ἐξ
869 2195 1125 2265 Ἀϐραάμ
1152 2212 1216 2250 τε
1247 2196 1346 2250 καὶ
1388 2194 1616 2251 Ἰακώϐ.
1673 2196 1788 2249 Οὐκ

230 2286 594 2355 ἐπιγνώσονται
614 2288 789 2359 δὲτὴν
818 2288 1029 2342 ἑαυτῶν
1074 2287 1352 2360 ἁμαρτίαν
1400 2286 1517 2357 ἅμα
1538 2286 1615 2358 τῷ
1648 2303 1789 2357 παρ-

229 2378 417 2446 οινῆσαι
444 2378 585 2432 κατὰ
614 2380 881 2452 Χριστοῦ.
915 2378 1048 2435 Οὐδὲ
1066 2379 1479 2450 μεταϐαλοῦσι
1514 2379 1581 2433 τὸ
1607 2380 1791 2448 πρόσ-

232 2488 373 2525 ωπον
394 2472 481 2525 ἐπὶ
503 2472 564 2526 τὸ
591 2476 818 2545 φρονεῖν
836 2470 864 2511 ά
894 2473 1168 2544 αἱρεῖσθαι
1194 2472 1263 2527 τὰ
1292 2472 1607 2544 κρείττονα.
1647 2471 1788 2524 Ἀλλ’

233 2562 296 2616 δι’
325 2562 383 2617 ἂν
407 2566 459 2617 ol
481 2564 712 2618 τούτων
746 2565 865 2619 υἱοὶ
887 2564 1220 2620 θεάσωνται
1250 2583 1370 2635 μου
1400 2565 1471 2620 τὰ
1494 2567 1658 2636 ἔργα,
1694 2565 1792 2636 τὴν

236 2654 540 2724 ὑπουράνιον
578 2656 873 2728 κληθεῖσαν
916 2656 1149 2729 ὁρῶντες
1189 2659 1269 2721 εἰς
1307 2658 1638 2725 θεοσέϐειαν,
1668 2661 1789 2714 τότε

234 2743 311 2797 τὸν
335 2743 490 2808 ὅντως
522 2744 698 2814 ἅγιον
725 2747 874 2800 Θεὸν
899 2745 1141 2801 τοιοῦτον
1170 2743 1311 2802 εἶναι
1346 2748 1654 2819 νομίσουσι,
1692 2752 1789 2804 καὶ

236 2835 660 2905 φοϐηθήσονται
691 2854 791 2907 με,
835 2837 933 2891 καὶ
960 2837 1237 2908 ζήσονται.
1287 2838 1604 2909 Γέγραπται
1660 2842 1791 2913 γὰρ,

237 2926 299 2989 ὡς
321 2928 353 2981 ὁ
377 2929 555 2997 φόϐος
583 2928 794 2999 Κυρίου
831 2929 977 3001 ζωὴν
1002 2933 1167 2985 ποιεῖ.
1199 2930 1372 2986 Τοῦτο
1400 2931 1617 2997 σύνεσις
1641 2932 1796 2989 ἔσται

237 3022 330 3083 τοῖς
361 3023 845 3092 πεπλανημένοις
898 3025 1051 3080 ποτέ.
1099 3025 1165 3079 Οἳ
1223 3026 1319 3079 καὶ
1366 3026 1510 3080 κατὰ
1557 3027 1793 3099 Χριστοῦ

237 3109 575 3200 διεγόγγυζον,
629 3114 765 3168 ποτὲ
825 3115 929 3186 μὲν
970 3115 1259 3185 λέγοντες·
1326 3119 1636 3187 πεντήκοτα
1692 3119 1789 3191 ἐτη
1820 3141 1863 3200 C

238 3197 369 3255 οὔπω
408 3200 568 3273 ἔχεις,
624 3206 727 3259 καὶ
755 3205 1007 3279 ⁹Αδραὰμ
1040 3206 1328 3277 ἑώρακαςς
1366 3209 1497 3263 ποτὲ
1534 3209 1591 3263 δὲ
1619 3211 1705 3265 ὅτι
1735 3214 1796 3267 τὸ

242 3292 489 3348 Σάϐϐατον
520 3296 669 3363 ἔλυε,
718 3299 1047 3370 προσφέρων
1077 3300 1172 3371 τὴν
1200 3300 1362 3355 σκιὰν
1394 3301 1476 3363 εἰς
1513 3301 1793 3373 ἀλήθειαν.

241 3385 335 3439 Καὶ
373 3386 448 3441 ὅτι
485 3389 702 3461 πατέρα
730 3390 860 3443 [διον
891 3390 1097 3459 ἔλεγεν,
1127 3391 1217 3445 τὸν
1248 3392 1403 3457 Θεὸν,
1449 3394 1565 3449 ἴσον
1593 3396 1787 3452 ἑαυτὸν

243 3477 389 3532 ποιῶν
418 3480 491 3552 τῷ
513 3481 656 3553 Θεῷ.
702 3482 1054 3551 Ἐψέλ-ιιζον
1073 3483 1131 3537 δὲ
1163 3484 1328 3555 μηδὲν
1360 3484 1521 3556 ὀρθὸν
1545 3488 1792 3555 εἰπόντες

242 3567 352 3639 περὶ
375 3570 625 3640 Χριστοῦ.
660 3571 805 3626 Ἀλλ’
832 3571 1084 3642 εἰρήνην
1131 3572 1482 3640 λαλήσουσι
1512 3575 1648 3646 πρὸς
1697 3578 1797 3630 αὐ-

242 3658 318 3712 τὸν
368 3662 608 3731 λέγοντες
629 3679 645 3693 ’
701 3664 874 3737 Κύριε
896 3707 911 3731 ,
939 3668 967 3719 ὁ
996 3666 1128 3727 Θεὸς
1184 3667 1217 3739 ἡ
1227 3668 1366 3738 μῶν,
1398 3668 1597 3737 κτῆσαι
1624 3670 1795 3741 ἡμᾶς’

246 3752 378 3818 ἐκτὸς
425 3758 514 3811 σοῦ
549 3759 713 3814 ἄλλον
767 3760 868 3814 οὐκ
918 3759 1183 3831 οἴδαμεν·
1228 3776 1248 3812 ι
1303 3762 1376 3815 Τὸ
1428 3760 1604 3832 ὄνομά
1646 3779 1741 3817 σου
1770 3782 1789 3817 s

245 3844 567 3922 ὀνομάζομεν.

1890 1940 1979 1987 iur
2003 1923 2073 1978 ob
2105 1922 2157 1976 id
2194 1921 2361 1976 etiam
2393 1936 2489 1991 per
2526 1918 2684 1974 (idem
2719 1918 3011 1974 salvandas
3042 1932 3165 1973 esse
3196 1915 3473 1988 praedicit,

1894 2034 1913 2070 ι
1953 2016 2092 2071 Cum
2124 2015 2292 2079 enim,
2327 2014 2428 2078 ait,
2463 2012 2749 2084 plenitudo
2788 2012 3030 2084 gentium
3065 2010 3309 2075 intrarit,
3343 2017 3479 2063 tunc

1888 2109 2069 2165 omnis
2128 2107 2297 2165 lsrael
2349 2106 2656 2163 salvabitur
2686 2104 2753 2160 9".
2794 2123 2813 2158 ι
2863 2103 2945 2159 Ab
2989 2102 3237 2157 oumium
3294 2109 3477 2156 autem

1889 2202 2132 2272 gentium
2165 2198 2516 2253 multitudine
2552 2196 2779 2252 electam
2826 2203 2881 2250 et
2923 2194 3183 2249 eximiam
3227 2192 3323 2247 Dei
3357 2208 3481 2248 sor-

1892 2302 2000 2346 tem
2024 2290 2253 2346 Abrahae
2286 2298 2336 2344 et
2370 2287 2563 2343 Jacobi
2604 2303 2775 2359 genus
2807 2286 3068 2356 appellat.
3112 2283 3220 2339 Sed
3264 2299 3329 2340 ex
3366 2298 3478 2354 quo

1891 2384 2076 2440 statim
2133 2382 2193 2437 in
2243 2380 2528 2438 Christum
2584 2378 2990 2436 contumeliose
3055 2378 3311 2449 egerint;
3378 2391 3479 2431 sua

1892 2477 1995 2548 ipsi
2023 2482 2246 2547 peccata
2275 2488 2569 2545 agnoscere
2598 2487 2708 2528 non
2748 2479 3045 2541 poterunt;
3088 2486 3248 2541 neque
3285 2470 3479 2539 faciem

1893 2584 2046 2623 suam
2091 2566 2159 2622 ad
2203 2564 2550 2638 sapiendum,
2585 2572 2639 2620 et
2671 2563 2899 2618 meliora
2952 2562 3263 2631 eligendum
3297 2572 3482 2615 muta-

1896 2659 2044 2713 bunt.
2070 2655 2275 2712 Verum
2320 2656 2533 2728 quando
2563 2672 2747 2709 eorum
2789 2655 2894 2725 ﬁlii
2925 2669 3086 2723 opera
3128 2669 3265 2715 mea,
3302 2651 3355 2706 id
3398 2659 3484 2706 est

1892 2758 2096 2805 terram
2127 2746 2464 2811 universam,
2496 2761 2617 2816 quae
2655 2744 2761 2800 sub
2807 2744 2949 2799 coelo
2985 2750 3091 2806 est,
3123 2742 3191 2797 ad
3218 2743 3481 2814 pietatem

1894 2847 2168 2904 vocatam,
2222 2839 2483 2893 accedere
2517 2838 2790 2906 viderint;
2844 2844 2960 2891 tum
3009 2837 3227 2890 demum
3291 2842 3346 2890 et
3402 2834 3484 2889 illi

1896 2940 2138 2987 sanctum
2187 2929 2356 2984 Deum
2390 2944 2600 2993 revera,
2642 2937 2701 2983 ut
2745 2938 2850 2994 est,
2885 2942 3008 2984 esse
3049 2925 3482 2990 existimabunt;

1897 3041 2077 3096 meque
2131 3022 2413 3087 timebunt,
2465 3030 2519 3076 et
2569 3021 2787 3084 vivent;
2823 3035 2949 3076 cum
2982 3019 3233 3074 timorem
3267 3015 3486 3071 Domini

1898 3119 2063 3175 vitam
2104 3116 2300 3172 ali‘erre
2346 3116 2623 3173 scribatur
2656 3114 2723 3170 ⁸⁸.
2760 3114 2939 3184 Atque
2979 3112 3094 3168 ilth
3144 3111 3367 3183 quidem
3418 3110 3486 3165 iis

1896 3207 2085 3275 fuerit,
2112 3208 2205 3278 qui
2237 3208 2516 3279 quondam
2553 3205 2893 3267 aberrarunt,
2920 3202 3296 3275 intelligentim
3326 3215 3487 3257 reno-

1897 3302 2067 3366 vatio,
2092 3300 2185 3371 qui
2216 3301 2346 3355 olim
2364 3288 2597 3355 Christo
2622 3297 3034 3368 obstrepebant,
3060 3295 3205 3367 quod
3240 3294 3486 3350 nondum

1897 3410 2071 3451 annos
2124 3393 2522 3466 quinquaginta
2565 3390 2816 3462 adeptus,
2857 3390 3234 3444 Abrahamum
3286 3403 3346 3443 se
3404 3387 3487 3441 vi-

1896 3486 2046 3543 disse
2078 3487 2285 3542 diceret
2304 3485 2372 3539 ”.
2404 3485 2665 3554 Itemque,
2697 3482 2843 3553 quod
2876 3483 3018 3537 idem
3044 3479 3341 3536 Sabbatum
3375 3477 3489 3533 sol-

1899 3587 2052 3634 veret
2083 3578 2123 3647 ⁸,
2158 3593 2283 3633 cum
2318 3578 2372 3632 in
2401 3578 2609 3632 umbrae
2640 3576 2819 3630 locum
2853 3575 3141 3630 veritatem
3169 3578 3481 3643 reponeret.

1902 3670 2181 3741 Denique,
2236 3670 2383 3741 quod
2437 3667 2654 3723 Patrem
2703 3681 2865 3724 suum
2926 3665 3096 3721 Deum
3160 3662 3484 3734 appellans.

1893 3764 2156 3834 aequalem
2189 3776 2248 3818 se
2274 3762 2381 3817 Deo
2406 3761 2609 3816 faceret
2631 3762 2673 3815 ’.
2714 3759 2815 3827 Qui
2851 3766 3034 3813 tamen
3059 3756 3317 3828 quamvis
3344 3752 3485 3807 nihil

1894 3863 2042 3913 recte
2068 3855 2135 3909 de
2168 3854 2391 3910 Christo
2413 3853 2622 3918 dicere,
2673 3852 2768 3907 sed
2804 3851 3070 3905 balbutire
3114 3858 3327 3904 tantum
3381 3847 3482 3904 visi

246 3956 372 4009 sunt,
394 3961 567 4015 pacem
591 3946 709 4017 jam
759 3946 1027 4017 loquentes
1063 3962 1082 4003 :
1117 3945 1348 4005 Domine
1394 3944 1559 4013 Deus.
1588 3948 1810 4021 posside
1850 3963 1983 4019 nos;
2019 3948 2187 4004 alium
2212 3964 2320 4004 non
2355 3946 2608 4003 novimus
2644 3962 2656 4000 :
2696 3965 2715 3995 ι
2744 3942 2951 4000 Nomen
2982 3950 3135 3999 tuum
3170 3941 3271 4013 ipsi
3310 3939 3486 3995 nomi-

516 4056 535 4091 ι
566 4038 913 4093 clamabunt.

819 4132 1068 4189 ΚΕΦΑΛ.
1119 4133 1200 4189 A'.

306 4228 420 4277 a-e'.
447 4224 607 4289 Οὐαὶ,
648 4223 834 4280 τέκνα
852 4224 1211 4291 ἀποστάται,
1229 4224 1371 4281 τάδε
1382 4225 1544 4297 λέγει
1556 4226 1797 4296 Κύριος,

263 4310 589 4384 Ἑποιήσατε
602 4315 855 4385 βουλὴν
885 4318 958 4372 οὐ
986 4316 1061 4371 δι’
1087 4316 1254 4384 ἐμοῦ,
1280 4316 1377 4371 καὶ
1394 4314 1709 4383 συνθήκας
1730 4317 1802 4370 οὐ

253 4403 333 4459 διὰ
348 4408 444 4462 τοῦ
467 4410 807 4481 πνεύματός
833 4427 975 4479 μου,
1010 4408 1359 4480 προσθεῖναι
1391 4410 1683 4479 ἁμαρτιας
1705 4409 1799 4478 ἐφ’

251 4050 417 4093 namus
437 4037 477 4105 ³,

2388 4127 2549 4199 363
2590 4125 2741 4182 CAP.
2796 4124 2964 4180 xxx.

1972 4217 2141 4276 Vens.
2194 4219 2305 4274 1-5.
2375 4218 2466 4274 Va:
2514 4218 2615 4289 filii
2674 4219 3147 4287 prwvaricatores,
3196 4217 3307 4271 hare
3355 4217 3486 4271 dicit

1905 4311 2162 4367 Dominus
2197 4328 2216 4366 :
2251 4309 2491 4366 Inivistis
2545 4311 2824 4364 consilium
2862 4327 2965 4363 non
2996 4325 3061 4364 ex
3102 4326 3201 4385 me,
3243 4317 3292 4362 et
3327 4319 3487 4376 pacta

1908 4422 2009 4459 non
2052 4419 2117 4459 ea:
2144 4404 2345 4473 spiritu
2392 4418 2528 4466 meo,
2574 4410 2631 4455 ut
2666 4400 2931 4455 addet-etis
2980 4410 3199 4469 peccatu
3232 4401 3483 4469 peccatis.

255 4495 528 4567 ἁμαρτιας,
571 4504 625 4555 οἱ
677 4501 1067 4572 πορευόμενοι
1109 4499 1436 4569 καταϐῆναι
1504 4502 1591 4566 εὶς
1626 4498 1795 4570 Αἶγυ·

1914 4495 2076 4564 Eunt,
2107 4506 2162 4550 ut
2197 4494 2515 4551 descendant
2541 4494 2595 4549 in
2619 4493 2930 4565 Egyptum,
2956 4502 3061 4548 etc.

256 4603 404 4655 πῖον,
436 4609 488 4646 κ.
515 4610 566 4648 τ.
594 4594 647 4648 λ.

316 4680 386 4735 Τὰ
407 4686 527 4755 περὶ
555 4686 648 4740 τοῦ
682 4686 948 4757 στεφάνου
984 4685 1281 4759 πληρώσας
1311 4685 1410 4757 τῆς
1442 4683 1673 4757 ὕϐρεως,
1713 4683 1808 4739 νῦν

257 4769 319 4835 ὥς
338 4776 422 4829 καὶ
438 4781 621 4845 παῖδες
660 4781 933 4851 Ἐϐραίων
969 4781 1123 4851 φασὶ,
1154 4780 1225 4835 τὰ
1261 4779 1510 4852 περὶτοῦ
1553 4778 1701 4835 κατὰ.
1719 4777 1810 4833 τὸν

270 4863 508 4939 Ἰερεμίαν
535 4871 685 4942 λέγει
719 4874 935 4945 καιροῦ,
962 4874 1084 4927 καθ’
1110 4872 1170 4926 ὃν
1191 4871 1427 4943 ἀλούσης
1450 4872 1549 4942 τῆς
1574 4871 1806 4934 πόλεως.

261 4957 303 5009 οἱ
330 4962 750 5034 περιλειφθέντες
771 4966 828 5020 ὲν
862 4965 1097 5037 Ἰουδαίᾳ
1128 4965 1279 5036 φόϐῳ
1306 4964 1417 5019 τῶν
1450 4963 1809 5017 Βαϐυλωνίων

261 5046 335 5127 ξῖς
353 5050 643 5119 Αἴγυπτον
675 5054 988 5125 φεύγουσιν,
1043 5038 1482 5127 ἀπαγορεύοντος
1516 5051 1812 5125 Ἰερεμίου,

263 5124 300 5199 ᾧ
327 5135 384 5208 δὴ
414 5141 503 5195 καὶ
550 5144 1041 5199 συνεϐουλευσαντο
1067 5145 1137 5199 δι’
1160 5145 1325 5199 αὑτοῦ
1364 5142 1562 5215 μαθεῖν
1593 5139 1813 5208 ἀξιοῦν-

264 5240 341 5289 τες
364 5229 489 5302 ὅπερ
540 5235 713 5290 ἐδόκει
738 5236 877 5308 Θεῷ.
906 5236 1165 5301 Εἰπόντος
1190 5238 1246 5290 δὲ
1287 5235 1545 5306 μένουσιν
1578 5237 1636 5287 ὲν
1679 5234 1811 5287 Ἰου-

265 5316 373 5389 δαίᾳ
392 5326 700 5396 γενήσεσθαι
718 5330 809 5383 τὸν
831 5329 966 5384 Θεὸν
994 5330 1219 5402 εὐμενῆ,
1260 5330 1308 5381 εί
1337 5328 1394 5381 δὲ
1422 5327 1815 5397 προσφύγωσιν

268 5408 520 5488 Αἰγύπτῳ,
566 5421 772 5488 πάντας
808 5423 977 5495 ἄρδην
1022 5420 1342 5486 ἀπολέσθαι,
1391 5418 1579 5489 Ψεύδη
1633 5418 1816 5483 λαλεῖς

334 5587 375 5621 ’⁷
401 5590 551 5651 Rom.
584 5613 644 5666 ιι,
667 5598 757 5656 26.
833 5600 878 5635 ’³
896 5598 1053 5657 Prov.
1080 5616 1188 5669 xlv,
1219 5599 1309 5655 27.
1387 5598 1430 5632 ”
1454 5595 1612 5655 Joan.
1644 5612 1771 5661 vm,

1976 5591 2167 5647 'Joan.
2204 5606 2278 5656 lx,
2314 5590 2399 5645 l8.
2476 5587 2678 5643 'Joan.
2708 5601 2759 5655 v,
2799 5584 2880 5641 18.

1980 4676 2240 4733 Absoluta
2273 4675 2341 4731 de
2365 4688 2567 4730 corona
2606 4674 2950 4729 contumelia:
2996 4671 3386 4741 disputatione,
3422 4684 3485 4724 cu

1908 4770 2131 4825 nuncin
2159 4767 2395 4823 medium
2429 4765 2673 4830 adducit,
2705 4780 2826 4835 quae
2862 4764 2945 4819 vel
2977 4762 3187 4818 Hebraei
3227 4760 3328 4831 ipsi
3360 4773 3487 4813 cum

1907 4857 2143 4916 Jcremia
2180 4856 2518 4927 temporibus
2551 4855 2659 4909 illis
2698 4854 2968 4909 accidisse
3016 4859 3321 4918 testantur;
3359 4850 3488 4921 qui-

1908 4953 2011 5007 bus
2042 4958 2351 5021 expugnata
2393 4949 2529 5004 urbe
2574 4948 2667 5018 qui
2726 4948 2778 5001 in
2838 4945 3023 5001 Judzca
3088 4950 3487 5007 remanserant,

1912 5043 2332 5116 Babyloniorum
2373 5051 2518 5097 metu
2568 5042 2625 5095 in
2664 5040 2958 5111 ngyptum
3015 5044 3209 5092 contra
3239 5033 3489 5091 Jeremiae

1910 5137 2238 5194 sententiam
2289 5134 2690 5205 confugerunt;
2733 5148 2894 5203 quem
2933 5140 3114 5186 tamen
3156 5128 3324 5183 Deum
3358 5142 3517 5198 ροη-⁴

1910 5229 2091 5285 sulcre
2131 5227 2262 5297 quid
2310 5226 2365 5280 in
2404 5239 2468 5280 ea
2510 5240 2570 5278 re
2625 5222 2890 5294 agendum
2938 5227 3085 5277 esset
3129 5219 3487 5289 postularant.

1916 5324 2113 5379 Verum
2175 5336 2300 5377 eum
2348 5319 2723 5389 respondisset
2792 5316 3140 5371 manentibus
3197 5313 3249 5365 in
3302 5309 3490 5365 Jlltlzlta

1913 5413 2029 5470 fore
2095 5413 2262 5469 Deum
2317 5413 2653 5483 perfacilem,
2706 5410 2798 5481 qui
2852 5416 3033 5463 autem
3087 5405 3155 5460 ad
3204 5401 3490 5475 Egyptios

2976 5584 2995 5615 ³
3030 5581 3135 5639 lsa.
3178 5596 3323 5646 xxvu,
3351 5580 3404 5647 8,
3430 5582 3485 5637 9.

1505 5715 1741 5774 VARUE
1782 5712 2188 5772 LECTIONES.

337 5774 361 5815 ἀ
385 5780 531 5839 λείπ.
561 5787 671 5844 καί.
