4020 6372
444 322 584 387 2259

1781 321 2132 384 PROCOPII
2163 325 2406 384 ΟΑΖᾹΞΙ

3587 320 3718 386 2260

447 438 806 508 confugerent
848 451 1042 494 omnes
1092 437 1310 508 penitus
1332 451 1456 493 esse
1504 435 1851 502 deleturum;
1896 435 2031 494 falsa

2150 439 2394 510 ἔφασκον,
2441 437 2546 492 ὑπὸ
2601 437 2816 510 Βαροῦχ
2845 435 3130 509 μισοῦντος
3154 434 3300 506 ἡμᾶς
3327 429 3715 502 πεπεισμένος,

449 529 772 602 prophetam
805 528 1030 594 referre,
1076 537 1132 584 et
1182 527 1422 584 Baruchi
1461 535 1722 594 mentem,
1765 544 1927 598 quem
1976 544 2037 586 se

447 623 634 680 odisse
694 623 834 678 male
910 622 1314 694 opinabantur,
1392 637 1501 678 non
1588 624 1680 678 Dei
1749 622 2034 679 oraculum

449 731 726 788 exponere
772 716 1028 772 dicebant
1051 715 1093 771 ⁸.
1129 714 1265 770 Eum
1308 715 1494 786 itaque
1533 729 1660 771 cum
1688 714 1942 770 Barucho
1979 714 2035 769 in

451 809 746 882 Egyptum
782 823 974 866 omnes
1002 808 1235 881 profecti
1269 808 1319 863 vi
1343 823 1529 865 secum
1567 809 1888 880 pertrahere
1927 823 2038 864 non

452 905 780 959 dubitarunt
809 903 868 973 ';
906 905 1050 973 quod
1102 901 1349 958 futurum
1381 901 1542 956 annis
1574 901 1689 958 fere
1723 913 1943 957 centum
1982 910 2039 959 et

453 997 850 1070 quinquaginta
876 1005 1005 1053 ante
1037 995 1332 1052 Jeremiam
1364 1011 1514 1051 nunc
1558 995 1804 1066 praedicit
1837 996 2034 1052 Isaias.

449 1091 626 1162 Luget
652 1106 780 1148 vero
806 1105 1000 1147 eorum
1047 1090 1248 1156 vicem,
1291 1089 1386 1161 qui
1409 1088 1680 1160 jJeremiaa
1727 1104 1838 1144 non
1865 1088 2041 1144 credi-

451 1181 666 1249 derint;
694 1190 748 1238 et
780 1183 874 1254 qui
917 1193 1075 1238 antea
1110 1180 1345 1236 ﬁliorum
1376 1181 1558 1237 ordini
1595 1181 2038 1243 ascrihebantur,

452 1274 904 1345 praevaricatores
947 1291 1095 1331 nunc
1145 1275 1403 1346 appellat,
1461 1274 1556 1345 qui
1621 1287 1651 1327 a
1699 1272 1812 1328 Deo
1857 1273 1931 1328 ita
1974 1273 2040 1328 ad

451 1368 789 1438 impietatem
809 1368 1135 1432 defecerint,
1166 1378 1226 1423 ut
1253 1383 1384 1424 suos
1408 1368 1510 1439 ipsi
1536 1366 1750 1423 liberos
1774 1374 2038 1428 mactare,

452 1459 656 1516 nedum
684 1459 958 1532 prafectis
983 1475 1294 1532 repugnare
1319 1477 1427 1516 non
1456 1459 1784 1515 dubitarint.
1810 1456 2042 1514 Videtur

457 1564 639 1608 autem
676 1561 870 1608 contra
909 1553 1154 1610 historia;
1187 1553 1370 1620 ﬁdem,
1403 1568 1486 1607 me
1515 1560 1694 1608 autem
1744 1567 1851 1605 non
1881 1551 2046 1604 inter—

458 1654 736 1715 rogarunt,
779 1646 980 1704 habere
1020 1646 1237 1704 Isaias:
1277 1663 1404 1703 cum
1443 1644 1570 1704 illos
1611 1660 1709 1717 per
1746 1643 2042 1700 Jeremiam

457 1735 628 1795 Deum
659 1749 876 1796 constet
912 1741 1283 1797 consuluisse.
1322 1738 1526 1796 Verum
1581 1754 1692 1796 non
1741 1741 2046 1809 interroga-

2137 532 2254 587 ἀλλ’
2310 533 2433 602 οὐχὶ
2475 531 2671 600 λόγους
2697 529 3072 599 ἀπαγγέλλεις
3121 525 3282 581 Θεοῦ.
3313 522 3409 578 Διδ
3442 524 3589 592 μετά
3629 521 3720 576 τοῦ

2138 627 2354 699 Βαροὺχ
2397 624 2563 679 αὐτὸν
2615 623 2920 696 εἰληφότες,
2952 619 3267 692 κατέϐησαν
3297 618 3505 681 πάντες
3528 616 3610 679 εἰς
3633 615 3723 669 Αἰ-

2140 735 2366 789 γυπτον.
2423 715 2612 772 Ταῦτα
2662 715 2923 788 προλέγει
2971 713 3066 770 νῦν
3097 711 3333 776 Ἦσαῖας
3377 707 3570 781 σχεδὸν
3621 706 3725 778 πρὸ

2139 813 2485 886 πεντήκοντα
2531 811 2626 866 καὶ
2662 808 2859 864 ἑκατὸν
2921 807 3060 862 ἐτῶν
3102 805 3370 879 Ἱερεμίου
3408 802 3720 872 γενόμενος.

2139 905 2342 977 Θρηνεϊ
2361 904 2418 959 δὲ
2445 903 2574 967 τοὺς
2603 901 3012 972 ἀπειθήσαντας
3061 896 3321 969 Ἱερεμίᾳ,
3355 895 3452 950 καὶ
3480 891 3726 948 ἀποστά-

2139 1013 2241 1060 τας
2301 995 2462 1050 καλεῖ
2491 994 2702 1047 τέκνων
2754 989 3226 1061 ὲγκαταλεγέντας
3255 985 3410 1054 τάξει
3432 983 3498 1039 τὸ
3528 983 3726 1054 πρότε-

2146 1106 2257 1161 ρον,
2287 1087 2630 1152 ἀποστάντας
2659 1085 2718 1140 δέ
2749 1085 2886 1140 Θεοῦ
2917 1084 3056 1157 πρὸς
3083 1083 3362 1146 ἀσέϐειαν,
3404 1080 3502 1133 καὶ
3523 1078 3731 1131 τέκνων

2143 1181 2381 1255 σφαγὴν,
2429 1180 2525 1236 καὶ
2557 1178 2840 1234 ἀπείθειαν
2889 1177 2998 1232 τῶν
3047 1175 3139 1230 ὑπ’
3174 1172 3340 1230 αὑτοῦ
3392 1169 3731 1242 λεγομένων.

2143 1277 2302 1330 Δοκεῖ
2324 1275 2382 1328 δὲ
2414 1273 2546 1344 παρ’
2595 1271 2840 1343 ἱστορίαν
2863 1268 2927 1323 τὸ
2953 1268 3155 1338 λέγειν,
3219 1264 3361 1335 Ἐμὲ
3387 1263 3458 1318 δὲ
3494 1265 3609 1318 οὐκ
3633 1262 3736 1315 ἐπ’

2146 1367 2496 1437 ηρώτησαν.
2538 1364 2862 1437 Ἠρώτησαν
2881 1361 2990 1434 γὰρ
3019 1361 3088 1415 δι’
3133 1357 3423 1431 Ἱερεμίου.
3468 1355 3611 1410 Ἀλλ’
3632 1356 3736 1426 οὐχ

2143 1461 2219 1524 ὡς
2249 1460 2357 1515 ἔδει
2386 1459 2514 1523 τοὺς
2536 1456 2856 1530 ἐρωτῶντας
2877 1454 3032 1508 Θεόν.
3066 1453 3182 1523 Ἐφ’
3206 1446 3250 1521 ᾧ
3273 1468 3336 1520 γε
3361 1449 3580 1512 πάντως
3611 1465 3737 1500 πει-

2146 1549 2361 1622 σθῆναι.
2395 1549 2470 1602 Τὸ
2501 1547 2559 1603 δὲ
2582 1546 2691 1602 τοῦ
2725 1545 3074 1616 Πνεύματος
3102 1542 3348 1612 ἰσότιμον
3375 1537 3600 1604 ἔδειξεν.
3643 1535 3736 1598 Ὠς

2144 1643 2254 1713 γὰρ
2284 1637 2406 1696 εἰπε
2436 1639 2516 1708 τὸ,
2546 1640 2619 1694 οὐ
2657 1637 2732 1692 δι’
2760 1637 2930 1708 ἐμοῦ,
2962 1636 3105 1691 οὕτω
3140 1635 3236 1690 καί
3257 1633 3338 1701 τὸ,
3365 1633 3436 1686 οὐ
3467 1630 3568 1685 διὰ
3621 1627 3736 1682 τοῦ

2145 1733 2489 1803 πνεύματός
2534 1746 2676 1800 μου.
2705 1727 2780 1781 Τὸ
2806 1726 2887 1794 δὲ,
2909 1722 3143 1794 Φαραὼ,
3185 1721 3366 1784 κοινός
3395 1721 3510 1774 ἐστι
3539 1714 3652 1769 τῶν
3677 1716 3736 1768 ἐν

455 1837 556 1903 vit,
587 1836 681 1907 qui
720 1837 904 1900 aliter.
944 1853 1110 1908 quam
1155 1837 1364 1904 decuit,
1416 1844 1545 1905 aut,
1603 1843 1664 1892 ut
1715 1840 1768 1893 ei
1824 1835 2045 1906 penitus

2150 1827 2414 1898 Αἰγύπτῳ
2442 1820 2708 1897 βασιλέων
2748 1817 3158 1892 χρηματισμὸς,
3188 1815 3266 1880 ὼς
3293 1813 3405 1868 τῶν
3446 1808 3740 1881 Ῥωμαίων

452 1945 565 1987 non
591 1931 802 1997 credat,
865 1931 1172 1987 consuluit.
1220 1932 1466 1988 Ascribit
1520 1946 1688 2003 porro
1734 1938 1790 1988 et
1830 1930 2047 2000 spiritui

451 2025 703 2081 eamdem
754 2025 982 2081 honoris
1005 2040 1345 2081 mensuram.
1385 2023 1521 2079 Nam
1559 2032 1620 2080 ut
1658 2040 1764 2079 non
1815 2039 1881 2078 ea:
1940 2039 2044 2086 me,

453 2116 630 2183 dixit,
677 2116 758 2172 sic
801 2132 904 2172 non
943 2131 1010 2172 ea:
1054 2117 1247 2185 spiritu
1297 2132 1411 2172 meo
1461 2115 1650 2171 statim
1696 2115 1918 2187 adjecit.
1949 2115 2047 2171 Est

455 2224 621 2280 porro
649 2208 950 2267 Pharaonis
983 2227 1206 2276 nomen,
1231 2209 1619 2285 IEgyptiorum
1657 2225 1848 2282 regum
1879 2207 2046 2282 364

455 2317 774 2367 commune,
824 2301 972 2358 sicut
1023 2310 1078 2359 et
1139 2303 1399 2368 Caesaris,
1453 2303 1850 2361 Romanorum.
1908 2301 2047 2358 Erat.

454 2394 601 2448 enim
642 2394 771 2449 huic
805 2403 861 2451 et
902 2397 1185 2467 proprium
1231 2398 1397 2452 etiam
1445 2395 1666 2452 Nechao
1694 2393 2041 2466 adjunctum.

456 2485 588 2553 Quae
626 2486 823 2543 deinde
877 2496 1129 2558 portenta
1180 2504 1276 2556 per
1326 2487 1515 2545 Mosen
1573 2488 1721 2546 edita
1778 2497 1933 2552 sunt,
1987 2486 2043 2542 in

457 2595 656 2650 campo
687 2581 916 2646 Taneos,
959 2583 1006 2639 si
1042 2582 1231 2638 Davidi
1293 2583 1574 2639 credimus
1600 2583 1644 2646 ⁸,
1693 2589 1910 2656 patrata
1956 2596 2045 2636 re-

458 2669 664 2740 perias.
692 2671 772 2727 Ad
802 2671 937 2736 haec,
967 2687 1091 2727 cum
1121 2681 1248 2728 ante
1280 2673 1348 2728 de
1375 2673 1609 2744 Egi/pta
1637 2672 1905 2744 propheta
1930 2671 2044 2728 dis-

459 2771 691 2830 putaret,
744 2763 1021 2834 principes
1035 2761 1251 2819 Taneos
1282 2764 1550 2821 deiecisse
1569 2763 2045 2820 commemoravit.

457 2851 645 2924 Neque
673 2855 725 2910 id
758 2855 1059 2918 immerito,
1092 2872 1217 2912 cum
1243 2856 1311 2913 de
1337 2857 1642 2913 Salvatoris
1664 2857 1898 2912 adventu
1926 2872 2049 2912 ver-

458 2943 530 3000 ba
557 2944 782 3004 faceret.
817 2948 886 3002 At
918 2949 1006 3006 hic
1045 2948 1111 3004 de
1143 2947 1393 3006 Ieremia:
1428 2949 1767 3021 temporibus
1793 2950 2046 3021 loquens,

2143 1925 2173 1977 6
2203 1922 2445 1992 Καῖσαρ.
2491 1915 2813 1984 Ἐπελέγετο
2867 1912 2975 1983 γὰρ
3035 1910 3214 1981 τούτῳ
3271 1908 3368 1962 καὶ
3411 1904 3474 1960 τὺ
3521 1903 3738 1973 Κύριον

2141 2016 2336 2087 ὄνομα,
2371 2006 2484 2067 οἷον
2507 2006 2708 2081 Φαραὼ
2741 2005 2958 2076 Νεχάω.
2979 2003 3062 2058 Τὰ
3088 2002 3145 2057 δὲ
3172 2001 3261 2056 διὰ
3282 1997 3525 2060 Μωσέως
3546 1995 3736 2087 παρά-

2141 2107 2292 2176 δοξα,
2330 2103 2476 2160 καθά
2495 2117 2662 2174 φησιν
2687 2099 2716 2151 6
2741 2095 2927 2162 Δαϐὶδ,
2955 2097 3012 2150 ἐν
3041 2092 3212 2164 πεδίῳ
3246 2090 3440 2161 γέγονε
3478 2086 3732 2152 Τάνεως.

2142 2195 2254 2251 Καὶ
2282 2193 2397 2248 ἀνω
2429 2190 2488 2245 δὲ
2507 2189 2636 2260 περί
2657 2186 2966 2258 Αἰγύπτου
2990 2184 3165 2253 λέγων
3187 2183 3216 2236 6
3244 2180 3590 2252 προφήτης,‹
3612 2176 3740 2242 Ἐξο

2147 2286 2356 2351 έλιπον,
2375 2284 2600 2354 ἔφησεν,
2614 2280 2664 2334 οἰ
2678 2279 2941 2351 ἄρχοντες
2951 2275 3196 2340 Τανέωςο
3210 2293 3229 2326 ι
3247 2272 3494 2335 εἰκότως.
3511 2267 3742 2339 Ἐπειδὴ

2147 2380 2280 2450 περί
2335 2377 2438 2448 τῆς
2490 2372 2588 2430 τοῦ
2644 2373 2900 2442 Σωτῆρος
2953 2368 3110 2438 ἔλεγε
3159 2364 3499 2439 παρουσίας·
3555 2361 3656 2418 νῦν
3682 2359 3743 2414 δὲ

2147 2469 2277 2543 περὶ
2307 2468 2418 2523 τῶν
2453 2462 2715 2538 Ἰερεμίου
2744 2461 2920 2530 λέγων
2942 2457 3176 2530 καιρῶν,
3207 2455 3268 2510 ού
3295 2472 3462 2526 φησιν
3495 2451 3745 2506 ἐκλελοι-
3799 2522 3806 2530 Ι

2148 2565 2330 2628 πέναι,
2358 2559 2473 2614 ἀλλ’
2513 2554 2654 2612 εἶναί
2677 2571 2831 2618 τινας
2869 2550 3172 2623 ἀρχηγοὺς
3205 2548 3502 2620 ἀγγέλους
3542 2558 3744 2610 πονη-

2141 2655 2314 2727 ροὺς,
2348 2653 2476 2716 τοὺς
2504 2647 2706 2711 αὐτοὺς
2734 2645 2912 2715 λέγων
2935 2646 3050 2708 τοῖς
3072 2643 3186 2698 ἄνω
3206 2640 3479 2712 λεχθεῖσιν
3505 2638 3748 2707 ἄρχουσι

2150 2749 2395 2810 Τάνεως.
2434 2741 2708 2814 Δαίμονάς
2755 2755 2909 2802 τινας
2938 2734 3244 2808 ἐμφαίνων,
3286 2732 3444 2803 οἵπερ
3471 2731 3753 2799 ἐνήργουν

2151 2841 2220 2897 τὰ
2241 2843 2299 2895 ἐν
2334 2838 2504 2894 Τὰνει
2552 2837 2844 2904 γενόμενα.
2889 2827 3155 2885 Ἐνταῦθα
3187 2827 3296 2898 γὰρ
3343 2819 3410 2896 ἦν
3459 2821 3586 2876 τότε
3634 2818 3752 2872 τοῦ

2158 2930 2368 3005 Φαραὼ
2405 2930 2468 2983 τὸ
2495 2925 2787 3000 βασίλειον.

458 3052 569 3095 non
594 3041 863 3098 defecisse
887 3043 1058 3112 dicit;
1090 3045 1184 3100 sed
1208 3044 1480 3114 quosdam
1500 3001 1625 3103 esrse
1653 3001 1917 3114 principes
1949 3001 2164 3116 angelos
2182 3031 2352 3090 malos
2377 3043 2396 3083 :
2418 3040 2512 3083 eos
2535 3023 2690 3094 ipsos
2720 3017 3055 3116 ἱιιιθιιῖεθηξ,
3071 3026 3212 3116 illi“
3230 3007 3507 3116 Winfifmi
3521 3001 3753 3116 Ἰζ²¹ξθ⁰⁵

459 3142 584 3190 ante
603 3136 938 3202 nominavit;
969 3097 1249 3193 dannonas
1271 3137 1546 3205 videlicet,
1578 3097 1670 3208 qui
1702 3097 1904 3194 cuncta
1926 3137 1982 3192 in
2012 3097 2148 3190 fani
2179 3127 2526 3183 infestarent.
2549 3118 2606 3173 in
2631 3130 2742 3188 qua
2766 3123 2879 3208 tum
2909 3109 3056 3208 regia
3084 3102 3386 3208 ‘Pltaroonis
3411 3097 3754 3208 habebatur.

531 3226 734 3284 Verum
787 3238 1152 3300 praeterquam
1221 3230 1368 3301 quod
1415 3193 1624 3285 nullum
1677 3231 1837 3287 vobis
1892 3229 2048 3285 auxi-

2227 3217 2371 3288 Πρδς
2393 3214 2450 3268 δὲ
2474 3211 2552 3284 τῷ
2579 3209 2654 3282 μὴ
2687 3204 2950 3262 δύνασθαι
2979 3199 3196 3272 βοηθεῖν
3225 3197 3379 3267 ὑμῖν,
3409 3193 3754 3263 γενήσονται

461 3318 595 3374 lium
630 3319 828 3378 afferre
877 3331 1150 3392 poterunt,
1186 3337 1297 3376 non
1344 3321 1401 3376 in
1429 3335 1652 3390 parvam
1697 3321 1864 3378 etiam
1890 3320 2051 3376 vobis

461 3410 848 3467 confusionem
897 3421 954 3467 et
1007 3413 1369 3483 opprobrium
1431 3412 1645 3470 cessuri
1700 3421 1876 3478 sunt;
1943 3425 2051 3480 quo

463 3503 627 3558 modo
654 3503 898 3559 futurum
929 3514 1035 3570 est,
1073 3513 1132 3558 ut
1183 3520 1309 3560 cum
1351 3503 1556 3561 Judaeis
1597 3505 1762 3561 etiam
1812 3501 2050 3574 AEgyptii

463 3595 772 3666 capiantur.
822 3595 929 3651 Sed
967 3613 1078 3652 non
1119 3597 1342 3664 desunt,
1395 3598 1512 3668 qui,
1565 3612 1690 3667 quae
1740 3598 1806 3651 ad
1853 3610 2048 3666 usque,

462 3684 832 3742 descendentes
875 3687 930 3739 in
971 3685 1283 3759 Aigyptum,
1332 3688 1630 3751 habentur,
1682 3687 1750 3742 de
1803 3686 1910 3750 his,
1958 3686 2048 3754 qui

465 3774 731 3831 adversus
768 3775 1051 3831 Christum
1086 3778 1534 3841 insurrexerunt,
1589 3775 1760 3832 velint
1797 3773 2048 3846 intelligi.

468 3872 573 3927 Sed
629 3871 722 3943 qui
780 3871 1036 3928 diczmtur
1088 3873 1183 3945 qui
1231 3873 1435 3928 malum
1485 3873 1776 3928 consilium
1833 3872 2049 3936 ineunt,

467 3981 591 4020 eum
624 3966 733 4021 Deo
763 3965 1115 4032 consultare;
1163 3982 1288 4021 cum
1319 3981 1431 4038 quo
1464 3966 1518 4022 in
1559 3965 1851 4020 consilium
1901 3964 2054 4019 solus

467 4058 796 4124 admittitur,
824 4059 916 4127 qui
945 4057 1216 4127 justitiam
1250 4059 1386 4114 colit
1417 4069 1472 4115 et
1502 4058 1799 4130 pietatem?
1831 4055 1964 4110 Nam
1995 4064 2052 4110 ct

467 4151 570 4222 ipsi
599 4151 828 4207 consilia
857 4151 1136 4222 justorum
1163 4149 1373 4222 judicia
1408 4151 1677 4206 exsistere
1734 4147 1971 4220 legimus
2007 4147 2051 4201 ⁷.

467 4246 631 4315 Atqui
666 4247 814 4300 hunc
852 4244 907 4299 in
943 4243 1168 4300 modum
1218 4259 1342 4300 esse
1387 4241 1457 4298 de
1508 4239 1792 4299 Salvatore
1835 4240 2055 4295 locutos

466 4347 685 4393 constat
733 4354 746 4390 :
803 4355 850 4390 ι’
884 4336 1022 4404 Quid
1089 4335 1342 4400 facimus,
1400 4333 1660 4403 quoniam
1723 4331 1831 4398 hic,
1886 4332 2053 4386 homo

466 4433 638 4486 multa
691 4430 848 4501 signa
901 4428 1070 4484 facit?
1114 4427 1170 4482 Si
1215 4427 1598 4482 dimiserimus
1651 4439 1778 4480 eum
1830 4425 1933 4486 sic.
1964 4437 2056 4478 ve-

470 4526 622 4579 nient
649 4523 907 4586 Romani,
942 4529 996 4576 et
1029 4521 1224 4577 tollent
1266 4529 1517 4577 nostram
1555 4535 1662 4575 non
1698 4519 1888 4574 urbem
1935 4525 2056 4571 tan-

2152 3286 2386 3384 αἰσχύνη
2413 3307 2510 3362 nat
2550 3302 2773 3366 ὄνειδος.
2803 3297 3063 3352 Ἤλωσαν
3095 3294 3208 3364 γὰρ
3241 3291 3340 3344 σὺν
3375 3289 3562 3350 αὐτοῖς
3611 3286 3760 3338 ’1ου-

2151 3381 2322 3469 δαίοις
2375 3400 2704 3470 Αἰγύπτιοι.
2740 3391 2898 3456 Τινὲς
2923 3390 2979 3444 δὲ
3011 3387 3081 3443 τά
3113 3386 3282 3458 μέχρι
3328 3381 3447 3450 τοῦ,
3483 3383 3540 3434 οἰ
3568 3394 3762 3434 κατα-

2153 3497 2464 3559 ϐαίνοντες
2490 3492 2580 3555 εἰς
2621 3487 2946 3556 Αἴγυπτον,
3013 3480 3145 3550 περὶ
3174 3477 3283 3531 τῶν
3315 3472 3770 3528 ἐπαναστάντων

2153 3585 2409 3660 εἰρῆσθαί
2431 3598 2564 3653 φασι
2592 3577 2670 3650 τῷ
2704 3567 2952 3648 Χριστῷ.
3010 3569 3310 3660 Πονηρὰγδέ
3337 3565 3760 3660 ςουλευόμενοι,

2156 3650 2296 3753 μετά
2355 3650 2493 3731 Θεοῦ
2560 3671 2678 3734 πῶς
2740 3663 3116 3729 ἐϐουλεύοντο,
3168 3659 3289 3733 μεθ’
3319 3650 3380 3713 οῦ
3427 3655 3764 3728 βουλεύεται

2158 3748 2317 3845 μόνος
2340 3770 2394 3824 εῐ
2415 3785 2498 3832 τις
2531 3763 2763 3834 εὐσεϐής
2787 3777 2847 3814 τε
2873 3758 2968 3814 καὶ
2995 3757 3204 3836 ᾷίκαιος
3226 3771 3240 3822 ;
3265 3753 3582 3845 γέγραπται
3614 3748 3761 3845 γὰρ,

2155 3841 2424 3934 λογισμοὶ
2453 3859 2680 3914 δικαίων
2704 3854 2972 3926 κρίματα.
2995 3852 3058 3904 Oi
3091 3849 3149 3903 δέ
3176 3847 3304 3916 περί
3347 3844 3442 3898 τοῦ
3489 3841 3763 3934 Stet-ﬁgo;

2156 3933 2414 4028 ἔφασκονο
2447 3970 2465 4003 ι
2495 3951 2560 4004 Ti
2597 3945 2882 4016 ποιοῦμεν,
2916 3945 3000 3997 ὅτι
3025 3934 3224 4004 οὗτοςὸ
3251 3937 3540 4007 ἄνθρωπος
3573 3933 3764 3987 πολλά

2158 4026 2366 4121 σημεῖα
2400 4046 2583 4110 ποιεῖ;
2630 4039 2757 4096 Ἐὰν
2792 4036 3023 4108 ἀφῶμεν
3067 4030 3458 4094 αύτὺννούτως,
3491 4026 3762 4082 ἐλεύσον-

2155 4119 2247 4199 ται
2264 4143 2313 4196 οἰ
2346 4138 2633 4210 Ῥωμαῖοι,
2691 4131 2786 4186 καὶ
2831 4127 3058 4201 ἀροῦσιν
3108 4124 3266 4196 ἡμῶν
3310 4122 3406 4176 καί
3429 4121 3528 4191 τὴν
3563 4119 3756 4183 πόλιν,

2157 4237 2250 4292 καὶ
2310 4235 2412 4303 τὴν
2461 4229 2666 4302 χώραν.
2694 4244 2712 4277 ι
2747 4221 2941 4284 Ἀλλος
2982 4218 3188 4287 ἔλεγεν,
3218 4216 3300 4269 ὅτι
3341 4211 3615 4283 συμφέρει
3667 4213 3760 4265 ἵνα

2158 4323 2238 4393 εἷς
2260 4326 2546 4398 ἅνθρωπος
2600 4316 2877 4390 ἀποθάνῃ,
2947 4311 3042 4366 καὶ
3083 4310 3157 4382 μὴ
3193 4308 3314 4362 ὅλον
3339 4305 3401 4360 τὸ
3430 4303 3586 4368 ἐθνος
3619 4305 3760 4398 ’ἀπ-

2157 4389 2378 4496 όληταιί
2396 4416 2508 4471 Καὶ
2529 4413 2672 4469 κατά
2696 4409 2795 4480 τὴν
2819 4389 3208 4476 παραϐολὴνδέ
3235 4401 3493 4471 ἔφασκον,
3527 4416 3546 4448 ι
3572 4389 3757 4460 οὗτός

2161 4490 2307 4571 ἐστιν
2339 4513 2368 4564 6
2402 4507 2762 4578 κληρονόμος.
2805 4499 2993 4564 Δεῦτε,
3050 4495 3461 4564 ἀποκτείνωμεν
3505 4490 3706 4544 αὐτόν.
3733 4510 3752 4542 ι

471 4627 612 4685 tum,
648 4617 744 4672 sed
778 4617 1052 4686 regionem
1083 4614 1246 4670 etiam
1280 4615 1324 4668 ⁸.
1362 4633 1380 4667 ι
1415 4613 1738 4669 Conducere
1788 4611 2048 4670 censebat

2159 4607 2270 4670 Καὶ
2293 4604 2430 4676 πρὸς
2451 4603 2564 4662 τοῖς
2583 4597 2791 4660 δούλοις
2819 4596 2939 4657 τοῖς
2959 4592 3267 4664 προφήταις
3291 4587 3385 4640 καί
3425 4585 3518 4638 τὸν
3544 4584 3758 4657 κληρο-

472 4711 638 4773 alius,
702 4716 763 4764 ut
813 4723 958 4764 unus
1013 4707 1177 4762 homo
1238 4713 1586 4772 moreretur,
1637 4719 1706 4759 ne
1762 4712 1874 4760 tora
1923 4717 2059 4772 gens

473 4803 734 4874 periret”.
767 4799 882 4854 lmo
911 4809 966 4856 et
997 4798 1102 4855 ista
1155 4798 1260 4853 alia
1294 4813 1594 4867 usurpasse
1617 4796 1876 4866 parabola
1900 4793 2060 4849 testis

471 4902 558 4950 est
589 4893 676 4948 his
713 4891 944 4946 verbis:
984 4908 1004 4942 ‹
1052 4888 1150 4944 llic
1193 4896 1279 4944 est
1331 4888 1551 4943 haeres:
1590 4887 1795 4951 venite,
1835 4882 2062 4940 occida-

471 5001 596 5043 mus
626 4999 749 5041 eum
775 4983 840 5038 ίο.
885 5002 904 5036 ι
933 4981 1120 5053 Itaque
1149 4997 1276 5037 cum
1313 4980 1491 5036 servis
1519 4987 1574 5035 et
1614 4977 1897 5048 prophetis
1950 4976 2061 5030 hrc-

471 5078 656 5135 redcm
690 5091 912 5148 quoque
939 5074 1121 5146 ipsum
1169 5075 1589 5129 interemerunt.
1622 5070 1703 5126 Ad
1733 5068 1880 5142 quod
1910 5076 2059 5123 certe

472 5172 692 5243 proprie
749 5169 1013 5242 respexit,
1070 5182 1196 5223 cum
1254 5175 1482 5236 peccata
1529 5162 1772 5234 peccatis
1820 5160 2060 5230 adjicere

472 5262 828 5335 lignilicavit.
872 5261 1144 5315 Caeterum
1201 5264 1440 5312 mentem
1495 5268 1684 5310 eorum
1729 5248 2056 5321 jampridem

471 5359 542 5418 de
564 5354 870 5413 deserendo
926 5353 1035 5408 Deo
1090 5351 1386 5422 cogitasse,
1436 5349 1520 5404 vel
1572 5347 1790 5417 priscus
1845 5344 1948 5400 iste
2006 5342 2061 5398 iu

471 5449 769 5522 Egyptum
807 5454 1006 5519 praeter
1034 5444 1126 5500 Dei
1169 5443 1509 5500 voluntatem
1538 5440 1844 5497 descensus
1878 5438 2057 5509 palam

473 5543 739 5616 arguerit.
770 5539 974 5597 Deinde
1000 5537 1147 5610 quod
1169 5536 1405 5592 habetur
1435 5532 1572 5590 Sunt
1600 5535 1655 5588 in
1688 5531 1824 5587 Tani
1856 5531 2056 5602 princi-

471 5652 581 5707 pes,
623 5633 798 5705 angeli
833 5632 986 5687 mali.
1034 5629 1160 5686 Ideo
1209 5628 1453 5694 additur,
1504 5624 1651 5698 quod
1696 5639 1908 5696 regum,
1963 5622 2057 5693 qui

545 5748 565 5778 ⁸
599 5746 798 5801 Jerem.
829 5761 962 5806 XLII.
1001 5745 1022 5799 l
1057 5758 1212 5811 seqq.
1287 5744 1307 5774 ⁸
1339 5739 1548 5798 Jerem.
1577 5754 1728 5803 xun,
1783 5739 1804 5792 l
1853 5753 2006 5808 seqq.

479 5820 571 5877 ιδ.
650 5820 669 5851 τ’
708 5818 836 5874 ibid.
872 5819 957 5872 50.
1040 5816 1080 5848 ιθ
1122 5815 1312 5870 Matth.
1338 5831 1447 5878 ur,
1476 5813 1563 5866 58.

2162 4702 2326 4772 νόμον
2340 4695 2688 4752 ἀπέκτειναν.
2714 4689 2858 4762 Πρὸς
2877 4687 3015 4757 ὅπερ
3031 4683 3246 4746 οἰκείως
3264 4681 3390 4750 ἔφη,
3416 4696 3434 4729 ι
3447 4679 3512 4731 Οἰ
3528 4694 3761 4748 προστι-

2163 4791 2347 4852 θέντες
2368 4785 2646 4859 ἀμαρτίας
2663 4781 2748 4850 ἐφ’
2768 4777 3088 4852 ἁμαρτίαις.
3105 4776 3259 4829 »Ὅτι
3279 4773 3335 4827 δὲ
3347 4772 3533 4834 αὐτοῖς
3544 4772 3761 4826 ἀνωθεν

2161 4891 2195 4961 ἠ
2213 4886 2409 4958 γνώμη
2430 4884 2569 4956 πρὸς
2598 4879 2900 4936 ἀπόστασιν
2923 4873 3000 4947 [6]
3018 4872 3116 4944 τὴν
3138 4869 3246 4925 ἀπὸ
3261 4867 3418 4933 Θεοῦ,
3437 4866 3597 4961 ϐηλοῐ
3613 4865 3760 4961 καὶή

2162 4958 2330 5036 πάλαι
2360 4975 2588 5036 κάθοδος
2614 4973 2694 5036 εἰς
2724 4971 3000 5038 Αἴγυπτον
3029 4963 3300 5033 γενομένη
3323 4958 3476 5031 παρὰ
3522 4958 3759 5029 γνώμην

2161 5072 2318 5127 Θεοῦ.
2347 5070 2422 5124 T6
2444 5069 2522 5128 δέ·
2573 5064 2711 5119 Εἰσὶ
2760 5062 2869 5134 γὰρ
2891 5060 2960 5114 ἐν
2995 5058 3161 5112 Τάνει
3195 5051 3469 5123 ἀρχηγοὶ,
3505 5051 3758 5121 ἄγγελοι

2161 5161 2434 5232 πονηροὶ,
2494 5157 2800 5229 ἐπειδήπερ
2863 5153 3031 5228 (paveo
3072 5149 3174 5220 τὴν
3200 5146 3308 5200 τῶν
3341 5147 3458 5199 ἐκεῖ
3483 5143 3759 5215 βασιλέων

2158 5259 2340 5320 αὐτοῖς
2365 5251 2669 5326 ἐπαρκέσαι
2703 5248 2896 5321 ῥοπήν.
2926 5243 3068 5299 Ἀλλ’
3091 5237 3254 5315 ἦλθόν
3273 5255 3414 5302 τινες
3459 5235 3760 5305 ἀγγέλλον-

2157 5367 2249 5412 τες
2271 5349 2384 5409 τοῖς
2409 5340 2675 5418 κρατοῦσι
2703 5341 2802 5411 τῆς
2827 5337 3012 5410 χώρας
3035 5335 3286 5406 ἀφόρητα
3305 5350 3318 5362 ·
3364 5330 3478 5403 Τὴν
3519 5329 3639 5402 γὰρ
3665 5329 3759 5382 τύσ

2166 5458 2276 5513 ρων
2307 5436 2463 5503 ἐλὼν,
2495 5433 2898 5504 ἐπεστράτευσε
2932 5429 3046 5493 τοῖς
3075 5423 3396 5496 Αἰγυπτίοις
3431 5423 3463 5474 6
3490 5417 3759 5476 Βαϐυλὼ-

2165 5551 2296 5598 νιος.
2336 5531 2762 5605 ’ῌσχύνθησαν
2796 5520 2888 5582 οὖν
2917 5524 2966 5578 οἰ
2991 5522 3088 5578 ἐπὶ
3135 5519 3360 5582 τούτους
3407 5516 3755 5579 ἐλπίσαντες,

2170 5623 2290 5696 μεθ’
2314 5615 2390 5678 ὧν
2421 5620 2854 5690 ἀπεσφάττοντο,
2890 5615 2964 5689 μὴ
3004 5613 3268 5687 μαθόντες
3302 5608 3456 5682 παρὰ
3477 5607 3649 5662 Δαϐὶδ
3672 5608 3755 5671 τὸ,

2118 5739 2136 5769 ⁸
2178 5739 2319 5796 l‘sul.
2352 5754 2554 5804 LXXV",
2588 5736 2676 5793 4'5.
2752 5737 2772 5768 '
2804 5732 2968 5789 Prov.
3012 5745 3111 5798 xu,
3142 5729 3197 5786 5.
3276 5723 3299 5755 ⁸
3330 5723 3491 5782 Joan.
3539 5739 3619 5790 ιι,
3660 5721 3750 5785 47,
