  <div class='ocr_page' id='page_1' title='image "/cluster/home/n/w/nwhite01/storage/ocr_20150623/87:2/hvd.32044019208008/370.png"; bbox 0 0 3900 6470; ppageno 0'>
   <div class='ocr_carea' id='block_1_1' title="bbox 166 357 311 421">
    <p class='ocr_par' dir='ltr' id='par_1_1' title="bbox 166 357 311 421">
     <span class='ocr_line' id='line_1_1' title="bbox 166 357 311 421; baseline 0.007 -1"><span class='ocrx_word' id='word_1_1' title='bbox 166 357 311 421; x_wconf 71' lang='lat'><strong>2261</strong></span> 
     </span>
    </p>
   </div>
   <div class='ocr_carea' id='block_1_2' title="bbox 1338 338 2311 418">
    <p class='ocr_par' dir='ltr' id='par_1_2' title="bbox 1338 338 2311 418">
     <span class='ocr_line' id='line_1_2' title="bbox 1338 338 2311 418; baseline -0.004 0"><span class='ocrx_word' id='word_1_2' title='bbox 1338 338 1869 418; x_wconf 78' lang='lat' dir='ltr'><strong>COMMENTARII</strong></span> <span class='ocrx_word' id='word_1_3' title='bbox 1905 355 1987 415; x_wconf 88' lang='lat' dir='ltr'><strong>IN</strong></span> <span class='ocrx_word' id='word_1_4' title='bbox 2025 354 2311 415; x_wconf 83' lang='lat' dir='ltr'><strong>ISAIAM.</strong></span> 
     </span>
    </p>
   </div>
   <div class='ocr_carea' id='block_1_3' title="bbox 3308 352 3451 415">
    <p class='ocr_par' dir='ltr' id='par_1_3' title="bbox 3308 352 3451 415">
     <span class='ocr_line' id='line_1_3' title="bbox 3308 352 3451 415; baseline -0.007 -1"><span class='ocrx_word' id='word_1_5' title='bbox 3308 352 3451 415; x_wconf 63' lang='lat'><strong>2262</strong></span> 
     </span>
    </p>
   </div>
   <div class='ocr_carea' id='block_1_4' title="bbox 175 461 1759 540">
    <p class='ocr_par' dir='ltr' id='par_1_4' title="bbox 175 465 1759 540">
     <span class='ocr_line' id='line_1_4' title="bbox 175 465 1759 540; baseline -0.003 -16"><span class='ocrx_word' id='word_1_6' title='bbox 175 489 201 524; x_wconf 67' lang='grc' dir='ltr'><strong>ι</strong></span> <span class='ocrx_word' id='word_1_7' title='bbox 230 468 470 539; x_wconf 68' lang='grc' dir='ltr'>Ἀγαθὸν</span> <span class='ocrx_word' id='word_1_8' title='bbox 501 465 739 534; x_wconf 78' lang='grc' dir='ltr'>ἐλπίζειν</span> <span class='ocrx_word' id='word_1_9' title='bbox 757 466 853 523; x_wconf 79' lang='grc' dir='ltr'>ἐπὶ</span> <span class='ocrx_word' id='word_1_10' title='bbox 877 466 1103 539; x_wconf 79' lang='grc' dir='ltr'>Κύριον,</span> <span class='ocrx_word' id='word_1_11' title='bbox 1127 465 1418 540; x_wconf 73' lang='grc' dir='ltr'>ἢέλπίζειν</span> <span class='ocrx_word' id='word_1_12' title='bbox 1435 466 1525 520; x_wconf 83' lang='grc' dir='ltr'>ἐπ’</span> <span class='ocrx_word' id='word_1_13' title='bbox 1547 465 1759 539; x_wconf 80' lang='grc' dir='ltr'>ἀνορω-</span> 
     </span>
    </p>
   </div>
   <div class='ocr_carea' id='block_1_5' title="bbox 1867 461 3448 540">
    <p class='ocr_par' dir='ltr' id='par_1_5' title="bbox 1867 461 3448 531">
     <span class='ocr_line' id='line_1_5' title="bbox 1867 461 3448 531; baseline -0.001 -10"><span class='ocrx_word' id='word_1_14' title='bbox 1867 466 1937 521; x_wconf 92' lang='lat' dir='ltr'><strong>ibi</strong></span> <span class='ocrx_word' id='word_1_15' title='bbox 1969 474 2176 531; x_wconf 88' lang='lat' dir='ltr'><strong>essent,</strong></span> <span class='ocrx_word' id='word_1_16' title='bbox 2208 463 2472 520; x_wconf 77' lang='lat' dir='ltr'><strong>auxilium</strong></span> <span class='ocrx_word' id='word_1_17' title='bbox 2510 464 2577 519; x_wconf 91' lang='lat' dir='ltr'><strong>ad</strong></span> <span class='ocrx_word' id='word_1_18' title='bbox 2614 462 2698 520; x_wconf 90' lang='lat' dir='ltr'><strong>sui</strong></span> <span class='ocrx_word' id='word_1_19' title='bbox 2731 462 2964 519; x_wconf 75' lang='lat' dir='ltr'><strong>salutem</strong></span> <span class='ocrx_word' id='word_1_20' title='bbox 2998 461 3249 519; x_wconf 83' lang='lat' dir='ltr'><strong>sumcere</strong></span> <span class='ocrx_word' id='word_1_21' title='bbox 3298 466 3448 520; x_wconf 83' lang='lat' dir='ltr'><strong>arbi—</strong></span> 
     </span>
    </p>
   </div>
   <div class='ocr_carea' id='block_1_6' title="bbox 166 582 359 619">
    <p class='ocr_par' dir='ltr' id='par_1_6' title="bbox 166 582 359 619">
     <span class='ocr_line' id='line_1_6' title="bbox 166 582 359 619; baseline -0.016 -2"><span class='ocrx_word' id='word_1_22' title='bbox 166 582 295 619; x_wconf 72' lang='grc' dir='ltr'>πον.</span> <span class='ocrx_word' id='word_1_23' title='bbox 339 583 359 614; x_wconf 71' lang='grc' dir='ltr'><strong><em>ι</em></strong></span> 
     </span>
    </p>
   </div>
   <div class='ocr_carea' id='block_1_7' title="bbox 1870 555 3448 627">
    <p class='ocr_par' dir='ltr' id='par_1_7' title="bbox 1870 555 3448 627">
     <span class='ocr_line' id='line_1_7' title="bbox 1870 555 3448 627; baseline 0 -14"><span class='ocrx_word' id='word_1_24' title='bbox 1870 566 2172 613; x_wconf 88' lang='lat' dir='ltr'><strong>trarentur.</strong></span> <span class='ocrx_word' id='word_1_25' title='bbox 2205 556 2311 612; x_wconf 89' lang='lat' dir='ltr'><strong>Sed</strong></span> <span class='ocrx_word' id='word_1_26' title='bbox 2344 555 2566 612; x_wconf 84' lang='lat' dir='ltr'><strong>tandem</strong></span> <span class='ocrx_word' id='word_1_27' title='bbox 2611 555 2941 626; x_wconf 90' lang='lat' dir='ltr'><strong>appulerunt</strong></span> <span class='ocrx_word' id='word_1_28' title='bbox 2966 556 3057 625; x_wconf 86' lang='lat' dir='ltr'><strong>qui</strong></span> <span class='ocrx_word' id='word_1_29' title='bbox 3093 555 3256 627; x_wconf 77' lang='lat'><strong>365</strong></span> <span class='ocrx_word' id='word_1_30' title='bbox 3284 565 3448 613; x_wconf 62' lang='lat' dir='ltr'><strong>terra:</strong></span> 
     </span>
    </p>
   </div>
   <div class='ocr_carea' id='block_1_8' title="bbox 166 650 3447 728">
    <p class='ocr_par' dir='ltr' id='par_1_8' title="bbox 166 650 3447 728">
     <span class='ocr_line' id='line_1_8' title="bbox 166 650 3447 728; baseline -0.002 -13"><span class='ocrx_word' id='word_1_31' title='bbox 166 658 421 715; x_wconf 80' lang='lat' dir='ltr'><strong>dominis</strong></span> <span class='ocrx_word' id='word_1_32' title='bbox 460 674 526 714; x_wconf 85' lang='lat' dir='ltr'><strong>ea</strong></span> <span class='ocrx_word' id='word_1_33' title='bbox 558 656 877 728; x_wconf 80' lang='lat' dir='ltr'><strong>impendere</strong></span> <span class='ocrx_word' id='word_1_34' title='bbox 910 658 1249 719; x_wconf 84' lang='lat' dir='ltr'><strong>nuntiarent,</strong></span> <span class='ocrx_word' id='word_1_35' title='bbox 1299 670 1421 726; x_wconf 68' lang='lat' dir='ltr'><strong>quae</strong></span> <span class='ocrx_word' id='word_1_36' title='bbox 1467 670 1568 711; x_wconf 89' lang='lat' dir='ltr'><strong>nec</strong></span> <span class='ocrx_word' id='word_1_37' title='bbox 1615 653 1757 709; x_wconf 80' lang='lat' dir='ltr'><strong>ferre</strong></span> <span class='ocrx_word' id='word_1_38' title='bbox 1798 654 1921 723; x_wconf 87' lang='lat' dir='ltr'><strong>ipsi,</strong></span> <span class='ocrx_word' id='word_1_39' title='bbox 1950 670 2051 709; x_wconf 89' lang='lat' dir='ltr'><strong>nec</strong></span> <span class='ocrx_word' id='word_1_40' title='bbox 2078 672 2108 707; x_wconf 86' lang='lat' dir='ltr'><strong>a</strong></span> <span class='ocrx_word' id='word_1_41' title='bbox 2150 667 2210 709; x_wconf 87' lang='lat' dir='ltr'><strong>se</strong></span> <span class='ocrx_word' id='word_1_42' title='bbox 2252 652 2492 707; x_wconf 82' lang='lat' dir='ltr'><strong>valerent</strong></span> <span class='ocrx_word' id='word_1_43' title='bbox 2530 650 2818 721; x_wconf 86' lang='lat' dir='ltr'><strong>repellere.</strong></span> <span class='ocrx_word' id='word_1_44' title='bbox 2844 650 3002 721; x_wconf 43' lang='lat' dir='ltr'><strong>.‘l‘yro</strong></span> <span class='ocrx_word' id='word_1_45' title='bbox 3060 652 3206 705; x_wconf 90' lang='lat' dir='ltr'><strong>enim</strong></span> <span class='ocrx_word' id='word_1_46' title='bbox 3273 669 3447 723; x_wconf 80' lang='lat' dir='ltr'><strong>expu-</strong></span> 
     </span>
    </p>
   </div>
   <div class='ocr_carea' id='block_1_9' title="bbox 169 742 3445 823">
    <p class='ocr_par' dir='ltr' id='par_1_9' title="bbox 169 742 3445 823">
     <span class='ocr_line' id='line_1_9' title="bbox 169 742 3445 823; baseline -0.002 -19"><span class='ocrx_word' id='word_1_47' title='bbox 169 758 364 823; x_wconf 86' lang='lat' dir='ltr'><strong>gnata,</strong></span> <span class='ocrx_word' id='word_1_48' title='bbox 401 750 458 803; x_wconf 90' lang='lat' dir='ltr'><strong>in</strong></span> <span class='ocrx_word' id='word_1_49' title='bbox 492 748 779 819; x_wconf 61' lang='lat' dir='ltr'><strong>Egyptios</strong></span> <span class='ocrx_word' id='word_1_50' title='bbox 806 748 1183 804; x_wconf 83' lang='lat' dir='ltr'><strong>etiammovit</strong></span> <span class='ocrx_word' id='word_1_51' title='bbox 1216 747 1498 819; x_wconf 82' lang='lat' dir='ltr'><strong>Assyrius.</strong></span> <span class='ocrx_word' id='word_1_52' title='bbox 1535 746 1877 802; x_wconf 82' lang='lat' dir='ltr'><strong>Erubuerunt</strong></span> <span class='ocrx_word' id='word_1_53' title='bbox 1922 746 2113 815; x_wconf 85' lang='lat' dir='ltr'><strong>igitur,</strong></span> <span class='ocrx_word' id='word_1_54' title='bbox 2194 745 2288 815; x_wconf 87' lang='lat' dir='ltr'><strong>qui</strong></span> <span class='ocrx_word' id='word_1_55' title='bbox 2331 745 2570 813; x_wconf 85' lang='lat' dir='ltr'><strong>aliquam</strong></span> <span class='ocrx_word' id='word_1_56' title='bbox 2619 743 2676 797; x_wconf 91' lang='lat' dir='ltr'><strong>in</strong></span> <span class='ocrx_word' id='word_1_57' title='bbox 2744 742 2825 799; x_wconf 91' lang='lat' dir='ltr'><strong>eis</strong></span> <span class='ocrx_word' id='word_1_58' title='bbox 2872 758 3020 813; x_wconf 88' lang='lat' dir='ltr'><strong>spem</strong></span> <span class='ocrx_word' id='word_1_59' title='bbox 3081 744 3445 813; x_wconf 69' lang='lat' dir='ltr'><strong>collocarunt,</strong></span> 
     </span>
    </p>
   </div>
   <div class='ocr_carea' id='block_1_10' title="bbox 169 832 3448 910">
    <p class='ocr_par' dir='ltr' id='par_1_10' title="bbox 169 832 3448 910">
     <span class='ocr_line' id='line_1_10' title="bbox 169 832 3448 910; baseline 0 -18"><span class='ocrx_word' id='word_1_60' title='bbox 169 843 514 904; x_wconf 60' lang='lat' dir='ltr'><strong>quibuscum</strong></span> <span class='ocrx_word' id='word_1_61' title='bbox 547 846 603 894; x_wconf 92' lang='lat' dir='ltr'><strong>et</strong></span> <span class='ocrx_word' id='word_1_62' title='bbox 637 839 741 909; x_wconf 85' lang='lat' dir='ltr'><strong>ipsi</strong></span> <span class='ocrx_word' id='word_1_63' title='bbox 789 837 953 893; x_wconf 90' lang='lat' dir='ltr'><strong>etiam</strong></span> <span class='ocrx_word' id='word_1_64' title='bbox 992 837 1310 910; x_wconf 82' lang='lat' dir='ltr'><strong>interempti</strong></span> <span class='ocrx_word' id='word_1_65' title='bbox 1352 845 1524 894; x_wconf 89' lang='lat' dir='ltr'><strong>sunt:</strong></span> <span class='ocrx_word' id='word_1_66' title='bbox 1578 851 1756 906; x_wconf 91' lang='lat' dir='ltr'><strong>neque</strong></span> <span class='ocrx_word' id='word_1_67' title='bbox 1795 833 2077 901; x_wconf 83' lang='lat' dir='ltr'><strong>Davidem,</strong></span> <span class='ocrx_word' id='word_1_68' title='bbox 2124 834 2219 905; x_wconf 88' lang='lat' dir='ltr'><strong>qui</strong></span> <span class='ocrx_word' id='word_1_69' title='bbox 2261 834 2433 890; x_wconf 87' lang='lat' dir='ltr'><strong>tutius</strong></span> <span class='ocrx_word' id='word_1_70' title='bbox 2469 833 2525 888; x_wconf 94' lang='lat' dir='ltr'><strong>in</strong></span> <span class='ocrx_word' id='word_1_71' title='bbox 2564 832 2818 899; x_wconf 90' lang='lat' dir='ltr'><strong>Domino,</strong></span> <span class='ocrx_word' id='word_1_72' title='bbox 2867 848 3032 903; x_wconf 88' lang='lat' dir='ltr'><strong>quam</strong></span> <span class='ocrx_word' id='word_1_73' title='bbox 3103 836 3157 889; x_wconf 93' lang='lat' dir='ltr'><strong>in</strong></span> <span class='ocrx_word' id='word_1_74' title='bbox 3222 836 3448 891; x_wconf 86' lang='lat' dir='ltr'><strong>homine</strong></span> 
     </span>
    </p>
   </div>
   <div class='ocr_carea' id='block_1_11' title="bbox 170 930 1087 1001">
    <p class='ocr_par' dir='ltr' id='par_1_11' title="bbox 170 930 1087 1001">
     <span class='ocr_line' id='line_1_11' title="bbox 170 930 1087 1001; baseline -0.002 -14"><span class='ocrx_word' id='word_1_75' title='bbox 170 946 403 1001; x_wconf 82' lang='lat' dir='ltr'><strong>sperare</strong></span> <span class='ocrx_word' id='word_1_76' title='bbox 441 939 630 986; x_wconf 88' lang='lat' dir='ltr'><strong>monet</strong></span> <span class='ocrx_word' id='word_1_77' title='bbox 655 931 741 997; x_wconf 61' lang='grc'><strong>⁸³⁵,</strong></span> <span class='ocrx_word' id='word_1_78' title='bbox 770 930 1087 986; x_wconf 90' lang='lat' dir='ltr'><strong>audierunt.</strong></span> 
     </span>
    </p>
   </div>
   <div class='ocr_carea' id='block_1_12' title="bbox 170 1048 447 1099">
    <p class='ocr_par' dir='ltr' id='par_1_12' title="bbox 170 1048 447 1099">
     <span class='ocr_line' id='line_1_12' title="bbox 170 1048 447 1099; baseline 0 -1"><span class='ocrx_word' id='word_1_79' title='bbox 170 1048 447 1099; x_wconf 86' lang='grc' dir='ltr'><strong>ΟΡΑΣΙΣ</strong></span> 
     </span>
    </p>
   </div>
   <div class='ocr_carea' id='block_1_13' title="bbox 842 1118 1433 1191">
    <p class='ocr_par' dir='ltr' id='par_1_13' title="bbox 842 1118 1433 1191">
     <span class='ocr_line' id='line_1_13' title="bbox 842 1118 1433 1191; baseline 0.002 -22"><span class='ocrx_word' id='word_1_80' title='bbox 842 1118 1119 1185; x_wconf 82' lang='grc' dir='ltr'><strong>ΕΡΗΜῼ.</strong></span> <span class='ocrx_word' id='word_1_81' title='bbox 1420 1186 1433 1191; x_wconf 18' lang='grc' dir='ltr'>Χ</span> 
     </span>
    </p>
   </div>
   <div class='ocr_carea' id='block_1_14' title="bbox 242 1203 1766 1274">
    <p class='ocr_par' dir='ltr' id='par_1_14' title="bbox 242 1203 1766 1274">
     <span class='ocr_line' id='line_1_14' title="bbox 242 1203 1766 1274; baseline -0.001 -16"><span class='ocrx_word' id='word_1_82' title='bbox 242 1206 416 1269; x_wconf 66' lang='grc' dir='ltr'><strong>ς-ιξ.</strong></span> <span class='ocrx_word' id='word_1_83' title='bbox 465 1205 564 1258; x_wconf 84' lang='grc' dir='ltr'><strong>Ἐν</strong></span> <span class='ocrx_word' id='word_1_84' title='bbox 600 1203 676 1273; x_wconf 78' lang='grc' dir='ltr'>τῇ</span> <span class='ocrx_word' id='word_1_85' title='bbox 713 1206 917 1274; x_wconf 71' lang='grc' dir='ltr'>θλίψει</span> <span class='ocrx_word' id='word_1_86' title='bbox 943 1204 1041 1258; x_wconf 80' lang='grc' dir='ltr'>καὶ</span> <span class='ocrx_word' id='word_1_87' title='bbox 1069 1203 1145 1274; x_wconf 77' lang='grc' dir='ltr'>τῇ</span> <span class='ocrx_word' id='word_1_88' title='bbox 1172 1205 1564 1273; x_wconf 80' lang='grc' dir='ltr'>στενοχωρίᾳ,</span> <span class='ocrx_word' id='word_1_89' title='bbox 1608 1204 1766 1259; x_wconf 74' lang='grc' dir='ltr'>λέων</span> 
     </span>
    </p>
   </div>
   <div class='ocr_carea' id='block_1_15' title="bbox 172 1294 1763 1363">
    <p class='ocr_par' dir='ltr' id='par_1_15' title="bbox 172 1294 1763 1363">
     <span class='ocr_line' id='line_1_15' title="bbox 172 1294 1763 1363; baseline 0.001 -15"><span class='ocrx_word' id='word_1_90' title='bbox 172 1297 275 1348; x_wconf 76' lang='grc' dir='ltr'>καὶ</span> <span class='ocrx_word' id='word_1_91' title='bbox 298 1296 581 1363; x_wconf 79' lang='grc' dir='ltr'><strong>σκύμνος</strong></span> <span class='ocrx_word' id='word_1_92' title='bbox 602 1295 851 1363; x_wconf 76' lang='grc' dir='ltr'><em>λέοντος</em></span> <span class='ocrx_word' id='word_1_93' title='bbox 890 1294 1138 1361; x_wconf 78' lang='grc' dir='ltr'>ἐκεῖθεν,</span> <span class='ocrx_word' id='word_1_94' title='bbox 1192 1295 1289 1350; x_wconf 77' lang='grc' dir='ltr'><strong>καὶ</strong></span> <span class='ocrx_word' id='word_1_95' title='bbox 1339 1295 1622 1362; x_wconf 77' lang='grc' dir='ltr'><strong>ἀσπίδες,</strong></span> <span class='ocrx_word' id='word_1_96' title='bbox 1662 1296 1763 1350; x_wconf 74' lang='grc' dir='ltr'>καὶ</span> 
     </span>
    </p>
   </div>
   <div class='ocr_carea' id='block_1_16' title="bbox 171 1387 1763 1458">
    <p class='ocr_par' dir='ltr' id='par_1_16' title="bbox 171 1387 1763 1458">
     <span class='ocr_line' id='line_1_16' title="bbox 171 1387 1763 1458; baseline 0 -16"><span class='ocrx_word' id='word_1_97' title='bbox 171 1390 402 1456; x_wconf 71' lang='grc' dir='ltr'>ἔκγονα</span> <span class='ocrx_word' id='word_1_98' title='bbox 429 1387 707 1441; x_wconf 80' lang='grc' dir='ltr'><strong>ἀσπίδων</strong></span> <span class='ocrx_word' id='word_1_99' title='bbox 733 1390 1098 1457; x_wconf 77' lang='grc' dir='ltr'><strong>πετομένων,</strong></span> <span class='ocrx_word' id='word_1_100' title='bbox 1130 1387 1187 1442; x_wconf 77' lang='grc' dir='ltr'><em>οἳ</em></span> <span class='ocrx_word' id='word_1_101' title='bbox 1206 1388 1425 1458; x_wconf 70' lang='grc' dir='ltr'>ἔφερον</span> <span class='ocrx_word' id='word_1_102' title='bbox 1445 1388 1547 1445; x_wconf 74' lang='grc' dir='ltr'><strong>ἐπὶ</strong></span> <span class='ocrx_word' id='word_1_103' title='bbox 1605 1389 1763 1443; x_wconf 80' lang='grc' dir='ltr'>ὄνων</span> 
     </span>
    </p>
   </div>
   <div class='ocr_carea' id='block_1_17' title="bbox 174 1476 1759 1550">
    <p class='ocr_par' dir='ltr' id='par_1_17' title="bbox 174 1476 1759 1550">
     <span class='ocr_line' id='line_1_17' title="bbox 174 1476 1759 1550; baseline 0.003 -19"><span class='ocrx_word' id='word_1_104' title='bbox 174 1478 277 1531; x_wconf 76' lang='grc' dir='ltr'>καὶ</span> <span class='ocrx_word' id='word_1_105' title='bbox 336 1476 627 1545; x_wconf 73' lang='grc' dir='ltr'>καμήλων</span> <span class='ocrx_word' id='word_1_106' title='bbox 676 1480 784 1532; x_wconf 84' lang='grc' dir='ltr'>τὸν</span> <span class='ocrx_word' id='word_1_107' title='bbox 808 1479 1077 1534; x_wconf 74' lang='grc' dir='ltr'>πλοῦτον</span> <span class='ocrx_word' id='word_1_108' title='bbox 1114 1480 1313 1534; x_wconf 83' lang='grc' dir='ltr'>αὐτῶν</span> <span class='ocrx_word' id='word_1_109' title='bbox 1366 1482 1518 1550; x_wconf 81' lang='grc' dir='ltr'>πρὸς</span> <span class='ocrx_word' id='word_1_110' title='bbox 1561 1480 1759 1548; x_wconf 74' lang='grc' dir='ltr'><em>ἔθνος,</em></span> 
     </span>
    </p>
   </div>
   <div class='ocr_carea' id='block_1_18' title="bbox 175 1565 1764 1642">
    <p class='ocr_par' dir='ltr' id='par_1_18' title="bbox 175 1565 1764 1642">
     <span class='ocr_line' id='line_1_18' title="bbox 175 1565 1764 1642; baseline 0.007 -24"><span class='ocrx_word' id='word_1_111' title='bbox 175 1565 207 1618; x_wconf 74' lang='grc' dir='ltr'>ὂ</span> <span class='ocrx_word' id='word_1_112' title='bbox 234 1568 350 1619; x_wconf 78' lang='grc' dir='ltr'><strong>οὐκ</strong></span> <span class='ocrx_word' id='word_1_113' title='bbox 406 1566 710 1635; x_wconf 56' lang='grc' dir='ltr'>ὠφελήσει</span> <span class='ocrx_word' id='word_1_114' title='bbox 755 1569 979 1635; x_wconf 79' lang='grc' dir='ltr'>αὐτοὺς</span> <span class='ocrx_word' id='word_1_115' title='bbox 1007 1573 1094 1637; x_wconf 82' lang='grc' dir='ltr'><strong>εὶς</strong></span> <span class='ocrx_word' id='word_1_116' title='bbox 1131 1571 1448 1641; x_wconf 78' lang='grc' dir='ltr'>βοήθειαν,</span> <span class='ocrx_word' id='word_1_117' title='bbox 1494 1573 1655 1629; x_wconf 75' lang='grc' dir='ltr'><em>ἀλλὰ</em></span> <span class='ocrx_word' id='word_1_118' title='bbox 1674 1576 1764 1642; x_wconf 81' lang='grc' dir='ltr'><strong>εις</strong></span> 
     </span>
    </p>
   </div>
   <div class='ocr_carea' id='block_1_19' title="bbox 174 1658 1198 1727">
    <p class='ocr_par' dir='ltr' id='par_1_19' title="bbox 174 1658 1198 1727">
     <span class='ocr_line' id='line_1_19' title="bbox 174 1658 1198 1727; baseline 0.008 -15"><span class='ocrx_word' id='word_1_119' title='bbox 174 1658 508 1726; x_wconf 70' lang='grc' dir='ltr'>αἰσχύνην,</span> <span class='ocrx_word' id='word_1_120' title='bbox 541 1659 638 1712; x_wconf 72' lang='grc' dir='ltr'>καὶ</span> <span class='ocrx_word' id='word_1_121' title='bbox 680 1659 935 1727; x_wconf 81' lang='grc' dir='ltr'>ὄνειδος,</span> <span class='ocrx_word' id='word_1_122' title='bbox 968 1679 1022 1716; x_wconf 87' lang='grc' dir='ltr'><strong>κ.</strong></span> <span class='ocrx_word' id='word_1_123' title='bbox 1059 1680 1109 1717; x_wconf 82' lang='grc' dir='ltr'>τ.</span> <span class='ocrx_word' id='word_1_124' title='bbox 1143 1663 1198 1720; x_wconf 86' lang='grc' dir='ltr'>λ.</span> 
     </span>
    </p>
   </div>
   <div class='ocr_carea' id='block_1_20' title="bbox 273 1749 1763 1831">
    <p class='ocr_par' dir='ltr' id='par_1_20' title="bbox 273 1749 1763 1831">
     <span class='ocr_line' id='line_1_20' title="bbox 273 1749 1763 1831; baseline 0.009 -30"><span class='ocrx_word' id='word_1_125' title='bbox 273 1750 411 1801; x_wconf 73' lang='grc' dir='ltr'>Αντὶ</span> <span class='ocrx_word' id='word_1_126' title='bbox 459 1749 580 1814; x_wconf 80' lang='grc' dir='ltr'>τοῦ,</span> <span class='ocrx_word' id='word_1_127' title='bbox 625 1752 663 1820; x_wconf 76' lang='grc' dir='ltr'><strong><em>ἠ</em></strong></span> <span class='ocrx_word' id='word_1_128' title='bbox 712 1751 944 1820; x_wconf 81' lang='grc' dir='ltr'>ὅρασις,</span> <span class='ocrx_word' id='word_1_129' title='bbox 980 1752 1186 1824; x_wconf 80' lang='grc' dir='ltr'>λῆμμα</span> <span class='ocrx_word' id='word_1_130' title='bbox 1232 1755 1529 1828; x_wconf 79' lang='grc' dir='ltr'>Σύμμαχός</span> <span class='ocrx_word' id='word_1_131' title='bbox 1579 1777 1763 1831; x_wconf 83' lang='grc' dir='ltr'>φησιν.</span> 
     </span>
    </p>
   </div>
   <div class='ocr_carea' id='block_1_21' title="bbox 535 1031 1759 1115">
    <p class='ocr_par' dir='ltr' id='par_1_21' title="bbox 535 1044 1759 1115">
     <span class='ocr_line' id='line_1_21' title="bbox 535 1044 1759 1115; baseline -0.002 -15"><span class='ocrx_word' id='word_1_132' title='bbox 535 1047 675 1100; x_wconf 78' lang='grc' dir='ltr'><strong>ΤΩΝ</strong></span> <span class='ocrx_word' id='word_1_133' title='bbox 744 1044 1221 1101; x_wconf 75' lang='grc' dir='ltr'><strong>ΤετρΑηοΔοΝ</strong></span> <span class='ocrx_word' id='word_1_134' title='bbox 1292 1044 1431 1098; x_wconf 77' lang='lat' dir='ltr'><strong>mtv</strong></span> <span class='ocrx_word' id='word_1_135' title='bbox 1500 1044 1604 1098; x_wconf 85' lang='lat' dir='ltr'><strong>EN</strong></span> <span class='ocrx_word' id='word_1_136' title='bbox 1673 1046 1759 1115; x_wconf 68' lang='grc' dir='ltr'>τῃ</span> 
     </span>
    </p>
   </div>
   <div class='ocr_carea' id='block_1_22' title="bbox 1867 1031 3442 1115">
    <p class='ocr_par' dir='ltr' id='par_1_22' title="bbox 1867 1031 3442 1108">
     <span class='ocr_line' id='line_1_22' title="bbox 1867 1031 3442 1108; baseline 0.001 -17"><span class='ocrx_word' id='word_1_137' title='bbox 1867 1036 2026 1108; x_wconf 76' lang='lat'><strong>366</strong></span> <span class='ocrx_word' id='word_1_138' title='bbox 2076 1032 2279 1089; x_wconf 85' lang='lat' dir='ltr'><strong><em>VISIO</em></strong></span> <span class='ocrx_word' id='word_1_139' title='bbox 2318 1031 2880 1099; x_wconf 75' lang='lat' dir='ltr'><strong>QUADRUPEDUM</strong></span> <span class='ocrx_word' id='word_1_140' title='bbox 2933 1034 3022 1089; x_wconf 85' lang='lat' dir='ltr'><strong>IN</strong></span> <span class='ocrx_word' id='word_1_141' title='bbox 3078 1034 3442 1095; x_wconf 79' lang='lat' dir='ltr'><strong>DESERTO.</strong></span> 
     </span>
    </p>
   </div>
   <div class='ocr_carea' id='block_1_23' title="bbox 1936 1189 3443 1262">
    <p class='ocr_par' dir='ltr' id='par_1_23' title="bbox 1936 1189 3443 1262">
     <span class='ocr_line' id='line_1_23' title="bbox 1936 1189 3443 1262; baseline -0.001 -15"><span class='ocrx_word' id='word_1_142' title='bbox 1936 1194 2104 1251; x_wconf 72' lang='lat' dir='ltr'><strong>Vens.</strong></span> <span class='ocrx_word' id='word_1_143' title='bbox 2146 1193 2303 1248; x_wconf 79' lang='grc'><strong>6-17.</strong></span> <span class='ocrx_word' id='word_1_144' title='bbox 2346 1189 2413 1246; x_wconf 82' lang='grc' dir='ltr'><strong>1η</strong></span> <span class='ocrx_word' id='word_1_145' title='bbox 2468 1190 2813 1245; x_wconf 85' lang='lat' dir='ltr'><strong>tribulatione</strong></span> <span class='ocrx_word' id='word_1_146' title='bbox 2873 1200 2924 1245; x_wconf 89' lang='lat' dir='ltr'><strong>et</strong></span> <span class='ocrx_word' id='word_1_147' title='bbox 2964 1193 3214 1262; x_wconf 79' lang='lat' dir='ltr'><strong>angustia</strong></span> <span class='ocrx_word' id='word_1_148' title='bbox 3262 1194 3362 1256; x_wconf 87' lang='lat' dir='ltr'><strong>leo,</strong></span> <span class='ocrx_word' id='word_1_149' title='bbox 3393 1201 3443 1247; x_wconf 83' lang='lat' dir='ltr'><strong>et</strong></span> 
     </span>
    </p>
   </div>
   <div class='ocr_carea' id='block_1_24' title="bbox 1863 1282 3443 1355">
    <p class='ocr_par' dir='ltr' id='par_1_24' title="bbox 1863 1282 3443 1355">
     <span class='ocr_line' id='line_1_24' title="bbox 1863 1282 3443 1355; baseline -0.001 -14"><span class='ocrx_word' id='word_1_150' title='bbox 1863 1287 2072 1341; x_wconf 87' lang='lat' dir='ltr'><strong>catulus</strong></span> <span class='ocrx_word' id='word_1_151' title='bbox 2108 1285 2273 1338; x_wconf 82' lang='lat' dir='ltr'><strong>leonis</strong></span> <span class='ocrx_word' id='word_1_152' title='bbox 2298 1284 2439 1346; x_wconf 88' lang='lat' dir='ltr'><strong>inde,</strong></span> <span class='ocrx_word' id='word_1_153' title='bbox 2472 1292 2521 1337; x_wconf 86' lang='lat' dir='ltr'><strong>et</strong></span> <span class='ocrx_word' id='word_1_154' title='bbox 2549 1282 2783 1352; x_wconf 88' lang='lat' dir='ltr'><strong>aspides,</strong></span> <span class='ocrx_word' id='word_1_155' title='bbox 2811 1293 2861 1337; x_wconf 90' lang='lat' dir='ltr'><strong>et</strong></span> <span class='ocrx_word' id='word_1_156' title='bbox 2892 1286 3163 1355; x_wconf 74' lang='lat' dir='ltr'><strong>progenies</strong></span> <span class='ocrx_word' id='word_1_157' title='bbox 3198 1287 3443 1353; x_wconf 77' lang='lat' dir='ltr'><strong>aspidm</strong></span> 
     </span>
    </p>
   </div>
   <div class='ocr_carea' id='block_1_25' title="bbox 1864 1373 3444 1442">
    <p class='ocr_par' dir='ltr' id='par_1_25' title="bbox 1864 1373 3444 1442">
     <span class='ocr_line' id='line_1_25' title="bbox 1864 1373 3444 1442; baseline -0.001 -12"><span class='ocrx_word' id='word_1_158' title='bbox 1864 1375 2172 1439; x_wconf 81' lang='lat' dir='ltr'><strong>volantium,</strong></span> <span class='ocrx_word' id='word_1_159' title='bbox 2205 1374 2295 1442; x_wconf 84' lang='lat' dir='ltr'><strong>qui</strong></span> <span class='ocrx_word' id='word_1_160' title='bbox 2322 1373 2558 1441; x_wconf 75' lang='lat' dir='ltr'><strong>ferebant</strong></span> <span class='ocrx_word' id='word_1_161' title='bbox 2585 1388 2741 1441; x_wconf 81' lang='lat' dir='ltr'><strong>super</strong></span> <span class='ocrx_word' id='word_1_162' title='bbox 2763 1375 2943 1428; x_wconf 81' lang='lat' dir='ltr'><strong>asinos</strong></span> <span class='ocrx_word' id='word_1_163' title='bbox 2976 1384 3025 1429; x_wconf 84' lang='lat' dir='ltr'><strong>et</strong></span> <span class='ocrx_word' id='word_1_164' title='bbox 3060 1376 3289 1429; x_wconf 83' lang='lat' dir='ltr'><strong>camelos</strong></span> <span class='ocrx_word' id='word_1_165' title='bbox 3312 1376 3444 1429; x_wconf 83' lang='lat' dir='ltr'><strong>divi-</strong></span> 
     </span>
    </p>
   </div>
   <div class='ocr_carea' id='block_1_26' title="bbox 1864 1465 3445 1535">
    <p class='ocr_par' dir='ltr' id='par_1_26' title="bbox 1864 1465 3445 1535">
     <span class='ocr_line' id='line_1_26' title="bbox 1864 1465 3445 1535; baseline 0 -13"><span class='ocrx_word' id='word_1_166' title='bbox 1864 1471 1965 1524; x_wconf 86' lang='lat' dir='ltr'><strong>tias</strong></span> <span class='ocrx_word' id='word_1_167' title='bbox 1995 1483 2119 1526; x_wconf 84' lang='lat' dir='ltr'><strong>suas</strong></span> <span class='ocrx_word' id='word_1_168' title='bbox 2149 1465 2216 1518; x_wconf 88' lang='lat' dir='ltr'><strong>ad</strong></span> <span class='ocrx_word' id='word_1_169' title='bbox 2240 1473 2463 1535; x_wconf 81' lang='lat' dir='ltr'><strong>gentem,</strong></span> <span class='ocrx_word' id='word_1_170' title='bbox 2498 1480 2617 1534; x_wconf 77' lang='lat' dir='ltr'><strong>qua:</strong></span> <span class='ocrx_word' id='word_1_171' title='bbox 2644 1466 2719 1521; x_wconf 87' lang='lat' dir='ltr'><strong>eis</strong></span> <span class='ocrx_word' id='word_1_172' title='bbox 2753 1482 2857 1521; x_wconf 83' lang='lat' dir='ltr'><strong>non</strong></span> <span class='ocrx_word' id='word_1_173' title='bbox 2903 1467 3139 1534; x_wconf 84' lang='lat' dir='ltr'><strong>proderit</strong></span> <span class='ocrx_word' id='word_1_174' title='bbox 3186 1469 3241 1521; x_wconf 90' lang='lat' dir='ltr'><strong>in</strong></span> <span class='ocrx_word' id='word_1_175' title='bbox 3285 1468 3445 1522; x_wconf 74' lang='lat' dir='ltr'><strong>auxi-</strong></span> 
     </span>
    </p>
   </div>
   <div class='ocr_carea' id='block_1_27' title="bbox 1864 1555 3008 1626">
    <p class='ocr_par' dir='ltr' id='par_1_27' title="bbox 1864 1555 3008 1626">
     <span class='ocr_line' id='line_1_27' title="bbox 1864 1555 3008 1626; baseline -0.004 -11"><span class='ocrx_word' id='word_1_176' title='bbox 1864 1561 2018 1626; x_wconf 82' lang='lat' dir='ltr'><strong>lium,</strong></span> <span class='ocrx_word' id='word_1_177' title='bbox 2043 1557 2132 1612; x_wconf 79' lang='lat' dir='ltr'><strong>sed</strong></span> <span class='ocrx_word' id='word_1_178' title='bbox 2155 1558 2211 1611; x_wconf 90' lang='lat' dir='ltr'><strong>in</strong></span> <span class='ocrx_word' id='word_1_179' title='bbox 2242 1555 2491 1622; x_wconf 82' lang='lat' dir='ltr'><strong>dedecus,</strong></span> <span class='ocrx_word' id='word_1_180' title='bbox 2519 1565 2568 1610; x_wconf 90' lang='lat' dir='ltr'><strong>et</strong></span> <span class='ocrx_word' id='word_1_181' title='bbox 2595 1556 2869 1625; x_wconf 82' lang='lat' dir='ltr'><strong>probrum,</strong></span> <span class='ocrx_word' id='word_1_182' title='bbox 2899 1569 3008 1616; x_wconf 86' lang='lat' dir='ltr'><strong>etc.</strong></span> 
     </span>
    </p>
   </div>
   <div class='ocr_carea' id='block_1_28' title="bbox 1940 1761 3440 1835">
    <p class='ocr_par' dir='ltr' id='par_1_28' title="bbox 1940 1761 3440 1835">
     <span class='ocr_line' id='line_1_28' title="bbox 1940 1761 3440 1835; baseline 0.001 -18"><span class='ocrx_word' id='word_1_183' title='bbox 1940 1764 2047 1821; x_wconf 85' lang='lat' dir='ltr'><strong>Pro</strong></span> <span class='ocrx_word' id='word_1_184' title='bbox 2115 1766 2333 1829; x_wconf 84' lang='lat' dir='ltr'><strong>visione,</strong></span> <span class='ocrx_word' id='word_1_185' title='bbox 2389 1765 2743 1834; x_wconf 89' lang='lat' dir='ltr'><strong>sumptionem</strong></span> <span class='ocrx_word' id='word_1_186' title='bbox 2802 1763 2988 1833; x_wconf 90' lang='lat' dir='ltr'><strong>posuit</strong></span> <span class='ocrx_word' id='word_1_187' title='bbox 3053 1761 3440 1835; x_wconf 82' lang='lat' dir='ltr'><strong>Symmachus.</strong></span> 
     </span>
    </p>
   </div>
   <div class='ocr_carea' id='block_1_29' title="bbox 188 1840 1759 1928">
    <p class='ocr_par' dir='ltr' id='par_1_29' title="bbox 188 1840 1759 1921">
     <span class='ocr_line' id='line_1_29' title="bbox 188 1840 1759 1921; baseline 0.008 -28"><span class='ocrx_word' id='word_1_188' title='bbox 188 1841 334 1894; x_wconf 79' lang='grc' dir='ltr'>Ἀντὶ</span> <span class='ocrx_word' id='word_1_189' title='bbox 359 1841 420 1895; x_wconf 83' lang='grc' dir='ltr'>δὲ</span> <span class='ocrx_word' id='word_1_190' title='bbox 446 1840 567 1895; x_wconf 78' lang='grc' dir='ltr'><em>τῶν</em></span> <span class='ocrx_word' id='word_1_191' title='bbox 592 1844 967 1911; x_wconf 76' lang='grc' dir='ltr'><strong>τετραπόδων</strong></span> <span class='ocrx_word' id='word_1_192' title='bbox 1000 1846 1122 1899; x_wconf 80' lang='grc' dir='ltr'><strong>τῶν</strong></span> <span class='ocrx_word' id='word_1_193' title='bbox 1168 1847 1239 1901; x_wconf 84' lang='grc' dir='ltr'>ἐν</span> <span class='ocrx_word' id='word_1_194' title='bbox 1269 1848 1341 1916; x_wconf 76' lang='grc' dir='ltr'>τῇ</span> <span class='ocrx_word' id='word_1_195' title='bbox 1377 1850 1595 1919; x_wconf 84' lang='grc' dir='ltr'><strong>ἐρήμῳ,</strong></span> <span class='ocrx_word' id='word_1_196' title='bbox 1622 1870 1759 1921; x_wconf 82' lang='grc' dir='ltr'>κτη-</span> 
     </span>
    </p>
   </div>
   <div class='ocr_carea' id='block_1_30' title="bbox 1867 1840 3443 1928">
    <p class='ocr_par' dir='ltr' id='par_1_30' title="bbox 1869 1855 3443 1928">
     <span class='ocr_line' id='line_1_30' title="bbox 1869 1855 3443 1928; baseline 0 -17"><span class='ocrx_word' id='word_1_197' title='bbox 1869 1857 2074 1914; x_wconf 89' lang='lat' dir='ltr'><strong>Deinde</strong></span> <span class='ocrx_word' id='word_1_198' title='bbox 2102 1874 2201 1928; x_wconf 93' lang='lat' dir='ltr'><strong>pro</strong></span> <span class='ocrx_word' id='word_1_199' title='bbox 2229 1858 2627 1928; x_wconf 82' lang='lat' dir='ltr'><strong>quadrupedum</strong></span> <span class='ocrx_word' id='word_1_200' title='bbox 2660 1858 2717 1911; x_wconf 89' lang='lat' dir='ltr'><strong>in</strong></span> <span class='ocrx_word' id='word_1_201' title='bbox 2756 1856 2983 1923; x_wconf 86' lang='lat' dir='ltr'><strong>deserto,</strong></span> <span class='ocrx_word' id='word_1_202' title='bbox 3021 1855 3219 1925; x_wconf 85' lang='lat' dir='ltr'><strong>reliqui</strong></span> <span class='ocrx_word' id='word_1_203' title='bbox 3247 1870 3443 1911; x_wconf 87' lang='lat' dir='ltr'><strong>omnes</strong></span> 
     </span>
    </p>
   </div>
   <div class='ocr_carea' id='block_1_31' title="bbox 174 1930 1764 2003">
    <p class='ocr_par' dir='ltr' id='par_1_31' title="bbox 174 1930 1764 2003">
     <span class='ocr_line' id='line_1_31' title="bbox 174 1930 1764 2003; baseline 0.011 -20"><span class='ocrx_word' id='word_1_204' title='bbox 174 1930 299 1984; x_wconf 83' lang='grc' dir='ltr'>νῶν</span> <span class='ocrx_word' id='word_1_205' title='bbox 347 1934 535 1987; x_wconf 81' lang='grc' dir='ltr'><em>νότου</em></span> <span class='ocrx_word' id='word_1_206' title='bbox 567 1936 767 1999; x_wconf 79' lang='grc' dir='ltr'>πάντες</span> <span class='ocrx_word' id='word_1_207' title='bbox 817 1937 1106 2003; x_wconf 77' lang='grc' dir='ltr'>ἐξέδωκαν.</span> <span class='ocrx_word' id='word_1_208' title='bbox 1139 1941 1448 1996; x_wconf 76' lang='grc' dir='ltr'>Αἱνίττεται</span> <span class='ocrx_word' id='word_1_209' title='bbox 1484 1943 1540 1996; x_wconf 87' lang='grc' dir='ltr'>δὲ</span> <span class='ocrx_word' id='word_1_210' title='bbox 1566 1944 1638 1999; x_wconf 83' lang='grc' dir='ltr'>τὰ</span> <span class='ocrx_word' id='word_1_211' title='bbox 1673 1962 1764 1999; x_wconf 81' lang='grc' dir='ltr'>τε·</span> 
     </span>
    </p>
   </div>
   <div class='ocr_carea' id='block_1_32' title="bbox 174 2023 1761 2110">
    <p class='ocr_par' dir='ltr' id='par_1_32' title="bbox 174 2023 1761 2110">
     <span class='ocr_line' id='line_1_32' title="bbox 174 2023 1761 2110; baseline 0.012 -35"><span class='ocrx_word' id='word_1_212' title='bbox 174 2023 467 2088; x_wconf 72' lang='grc' dir='ltr'>τράποδα,</span> <span class='ocrx_word' id='word_1_213' title='bbox 520 2024 633 2088; x_wconf 82' lang='grc' dir='ltr'><strong>ζῶα</strong></span> <span class='ocrx_word' id='word_1_214' title='bbox 686 2027 755 2081; x_wconf 79' lang='grc' dir='ltr'>τὰ</span> <span class='ocrx_word' id='word_1_215' title='bbox 781 2030 910 2099; x_wconf 71' lang='grc' dir='ltr'>παρ’</span> <span class='ocrx_word' id='word_1_216' title='bbox 967 2031 1289 2099; x_wconf 81' lang='grc' dir='ltr'><strong>Αἰγυπτίοις</strong></span> <span class='ocrx_word' id='word_1_217' title='bbox 1347 2035 1761 2110; x_wconf 82' lang='grc' dir='ltr'>θεοποιούμενα,</span> 
     </span>
    </p>
   </div>
   <div class='ocr_carea' id='block_1_33' title="bbox 172 2115 1762 2200">
    <p class='ocr_par' dir='ltr' id='par_1_33' title="bbox 172 2115 1762 2200">
     <span class='ocr_line' id='line_1_33' title="bbox 172 2115 1762 2200; baseline 0.013 -36"><span class='ocrx_word' id='word_1_218' title='bbox 172 2116 353 2166; x_wconf 83' lang='grc' dir='ltr'>κεῖται</span> <span class='ocrx_word' id='word_1_219' title='bbox 383 2115 442 2168; x_wconf 77' lang='grc' dir='ltr'>δὲ</span> <span class='ocrx_word' id='word_1_220' title='bbox 476 2116 619 2171; x_wconf 83' lang='grc' dir='ltr'><strong>κατά</strong></span> <span class='ocrx_word' id='word_1_221' title='bbox 678 2120 912 2174; x_wconf 86' lang='grc' dir='ltr'>νότειον</span> <span class='ocrx_word' id='word_1_222' title='bbox 962 2122 1134 2192; x_wconf 87' lang='grc' dir='ltr'>κλῖμα</span> <span class='ocrx_word' id='word_1_223' title='bbox 1179 2125 1280 2195; x_wconf 82' lang='grc' dir='ltr'><strong>τῆς</strong></span> <span class='ocrx_word' id='word_1_224' title='bbox 1313 2126 1577 2193; x_wconf 78' lang='grc' dir='ltr'><strong>Ἰουδαίας</strong></span> <span class='ocrx_word' id='word_1_225' title='bbox 1604 2131 1636 2200; x_wconf 84' lang='grc' dir='ltr'>ἡ</span> <span class='ocrx_word' id='word_1_226' title='bbox 1666 2130 1762 2184; x_wconf 78' lang='grc' dir='ltr'><strong>Ατ-</strong></span> 
     </span>
    </p>
   </div>
   <div class='ocr_carea' id='block_1_34' title="bbox 171 2204 1760 2294">
    <p class='ocr_par' dir='ltr' id='par_1_34' title="bbox 171 2204 1760 2294">
     <span class='ocr_line' id='line_1_34' title="bbox 171 2204 1760 2294; baseline 0.014 -40"><span class='ocrx_word' id='word_1_227' title='bbox 171 2219 405 2270; x_wconf 78' lang='grc' dir='ltr'>γυπτος,</span> <span class='ocrx_word' id='word_1_228' title='bbox 450 2204 675 2275; x_wconf 82' lang='grc' dir='ltr'><strong>ἔρημος</strong></span> <span class='ocrx_word' id='word_1_229' title='bbox 725 2205 861 2263; x_wconf 79' lang='grc' dir='ltr'>οὖσα</span> <span class='ocrx_word' id='word_1_230' title='bbox 889 2210 1049 2279; x_wconf 83' lang='grc' dir='ltr'>Θεοῦ,</span> <span class='ocrx_word' id='word_1_231' title='bbox 1079 2214 1257 2286; x_wconf 78' lang='grc' dir='ltr'>πάσης</span> <span class='ocrx_word' id='word_1_232' title='bbox 1283 2216 1504 2287; x_wconf 75' lang='grc' dir='ltr'><strong>ἀλογίας</strong></span> <span class='ocrx_word' id='word_1_233' title='bbox 1530 2223 1589 2274; x_wconf 90' lang='grc' dir='ltr'><strong>ἐν</strong></span> <span class='ocrx_word' id='word_1_234' title='bbox 1623 2223 1760 2294; x_wconf 79' lang='grc' dir='ltr'>αὐτῇ</span> 
     </span>
    </p>
   </div>
   <div class='ocr_carea' id='block_1_35' title="bbox 167 2296 1761 2385">
    <p class='ocr_par' dir='ltr' id='par_1_35' title="bbox 167 2296 1761 2385">
     <span class='ocr_line' id='line_1_35' title="bbox 167 2296 1761 2385; baseline 0.014 -38"><span class='ocrx_word' id='word_1_235' title='bbox 167 2296 518 2366; x_wconf 77' lang='grc' dir='ltr'>τιμωμένης,</span> <span class='ocrx_word' id='word_1_236' title='bbox 545 2300 638 2352; x_wconf 82' lang='grc' dir='ltr'><strong>καὶ</strong></span> <span class='ocrx_word' id='word_1_237' title='bbox 666 2300 772 2353; x_wconf 83' lang='grc' dir='ltr'><strong>τῶν</strong></span> <span class='ocrx_word' id='word_1_238' title='bbox 804 2304 931 2373; x_wconf 84' lang='grc' dir='ltr'>παρ’</span> <span class='ocrx_word' id='word_1_239' title='bbox 973 2305 1159 2370; x_wconf 83' lang='grc' dir='ltr'>αὐτοῖς</span> <span class='ocrx_word' id='word_1_240' title='bbox 1178 2308 1546 2380; x_wconf 85' lang='grc' dir='ltr'>ἐνεργούντων</span> <span class='ocrx_word' id='word_1_241' title='bbox 1572 2313 1761 2385; x_wconf 84' lang='grc' dir='ltr'>δαιμό-</span> 
     </span>
    </p>
   </div>
   <div class='ocr_carea' id='block_1_36' title="bbox 168 2386 1760 2477">
    <p class='ocr_par' dir='ltr' id='par_1_36' title="bbox 168 2386 1760 2477">
     <span class='ocr_line' id='line_1_36' title="bbox 168 2386 1760 2477; baseline 0.016 -42"><span class='ocrx_word' id='word_1_242' title='bbox 168 2403 301 2448; x_wconf 85' lang='grc' dir='ltr'><em>νων,</em></span> <span class='ocrx_word' id='word_1_243' title='bbox 334 2386 432 2450; x_wconf 81' lang='grc' dir='ltr'><strong>οὓς</strong></span> <span class='ocrx_word' id='word_1_244' title='bbox 459 2388 792 2461; x_wconf 79' lang='grc' dir='ltr'><strong>ἀνηγόρευον</strong></span> <span class='ocrx_word' id='word_1_245' title='bbox 827 2393 1016 2462; x_wconf 81' lang='grc' dir='ltr'>Θεοὺς,</span> <span class='ocrx_word' id='word_1_246' title='bbox 1072 2399 1250 2453; x_wconf 75' lang='grc' dir='ltr'>στενοὶ</span> <span class='ocrx_word' id='word_1_247' title='bbox 1271 2402 1366 2455; x_wconf 74' lang='grc' dir='ltr'><strong>καὶ</strong></span> <span class='ocrx_word' id='word_1_248' title='bbox 1409 2402 1760 2477; x_wconf 81' lang='grc' dir='ltr'>τεθλιμμένοι</span> 
     </span>
    </p>
   </div>
   <div class='ocr_carea' id='block_1_37' title="bbox 169 2478 1759 2570">
    <p class='ocr_par' dir='ltr' id='par_1_37' title="bbox 169 2478 1759 2570">
     <span class='ocr_line' id='line_1_37' title="bbox 169 2478 1759 2570; baseline 0.017 -42"><span class='ocrx_word' id='word_1_249' title='bbox 169 2478 541 2570; x_wconf 73' lang='grc' dir='ltr'>τυγχάνοντες</span> <span class='ocrx_word' id='word_1_250' title='bbox 559 2484 653 2547; x_wconf 79' lang='grc' dir='ltr'><strong>τὰς</strong></span> <span class='ocrx_word' id='word_1_251' title='bbox 667 2486 865 2557; x_wconf 74' lang='grc' dir='ltr'>ψυχάς.</span> <span class='ocrx_word' id='word_1_252' title='bbox 884 2490 985 2544; x_wconf 81' lang='grc' dir='ltr'><em>Ἕν</em></span> <span class='ocrx_word' id='word_1_253' title='bbox 1001 2493 1205 2561; x_wconf 70' lang='grc' dir='ltr'>θλίψει</span> <span class='ocrx_word' id='word_1_254' title='bbox 1223 2494 1333 2566; x_wconf 81' lang='grc' dir='ltr'>γὰρ</span> <span class='ocrx_word' id='word_1_255' title='bbox 1346 2498 1440 2550; x_wconf 76' lang='grc' dir='ltr'>καὶ</span> <span class='ocrx_word' id='word_1_256' title='bbox 1463 2512 1759 2570; x_wconf 86' lang='grc' dir='ltr'>στενοχω-</span> 
     </span>
    </p>
   </div>
   <div class='ocr_carea' id='block_1_38' title="bbox 166 2568 1760 2653">
    <p class='ocr_par' dir='ltr' id='par_1_38' title="bbox 166 2568 1760 2653">
     <span class='ocr_line' id='line_1_38' title="bbox 166 2568 1760 2653; baseline 0.018 -34"><span class='ocrx_word' id='word_1_257' title='bbox 166 2568 268 2635; x_wconf 76' lang='grc' dir='ltr'>ρίᾳ</span> <span class='ocrx_word' id='word_1_258' title='bbox 289 2570 463 2625; x_wconf 82' lang='grc' dir='ltr'>τόπον</span> <span class='ocrx_word' id='word_1_259' title='bbox 492 2571 637 2645; x_wconf 78' lang='grc' dir='ltr'>εἶχον</span> <span class='ocrx_word' id='word_1_260' title='bbox 662 2577 920 2648; x_wconf 79' lang='grc' dir='ltr'>ἀσπίδες</span> <span class='ocrx_word' id='word_1_261' title='bbox 949 2584 1041 2639; x_wconf 76' lang='grc' dir='ltr'><strong>καὶ</strong></span> <span class='ocrx_word' id='word_1_262' title='bbox 1054 2584 1300 2653; x_wconf 77' lang='grc' dir='ltr'><strong>λέοντες</strong></span> <span class='ocrx_word' id='word_1_263' title='bbox 1329 2590 1422 2643; x_wconf 81' lang='grc' dir='ltr'>καὶ</span> <span class='ocrx_word' id='word_1_264' title='bbox 1444 2590 1512 2644; x_wconf 82' lang='grc' dir='ltr'>τὰ</span> <span class='ocrx_word' id='word_1_265' title='bbox 1533 2568 1760 2649; x_wconf 78' lang='grc' dir='ltr'>τοιαῦτα</span> 
     </span>
    </p>
   </div>
   <div class='ocr_carea' id='block_1_39' title="bbox 172 2656 1761 2751">
    <p class='ocr_par' dir='ltr' id='par_1_39' title="bbox 172 2656 1761 2751">
     <span class='ocr_line' id='line_1_39' title="bbox 172 2656 1761 2751; baseline 0.018 -39"><span class='ocrx_word' id='word_1_266' title='bbox 172 2662 342 2726; x_wconf 80' lang='grc' dir='ltr'>κακὰ,</span> <span class='ocrx_word' id='word_1_267' title='bbox 374 2656 452 2718; x_wconf 83' lang='grc' dir='ltr'><strong>ὧν</strong></span> <span class='ocrx_word' id='word_1_268' title='bbox 481 2668 689 2732; x_wconf 80' lang='grc' dir='ltr'><strong>εἰκόνες</strong></span> <span class='ocrx_word' id='word_1_269' title='bbox 740 2666 879 2741; x_wconf 76' lang='grc' dir='ltr'>ἦσαν</span> <span class='ocrx_word' id='word_1_270' title='bbox 927 2674 1042 2738; x_wconf 79' lang='grc' dir='ltr'><strong>ζῶα</strong></span> <span class='ocrx_word' id='word_1_271' title='bbox 1065 2679 1133 2730; x_wconf 78' lang='grc' dir='ltr'>τὰ</span> <span class='ocrx_word' id='word_1_272' title='bbox 1171 2679 1303 2751; x_wconf 79' lang='grc' dir='ltr'>παρ’</span> <span class='ocrx_word' id='word_1_273' title='bbox 1353 2682 1586 2748; x_wconf 87' lang='grc' dir='ltr'>ἐκείνοις</span> <span class='ocrx_word' id='word_1_274' title='bbox 1645 2684 1761 2739; x_wconf 80' lang='lat' dir='ltr'><strong>Oso-</strong></span> 
     </span>
    </p>
   </div>
   <div class='ocr_carea' id='block_1_40' title="bbox 174 2753 1757 2845">
    <p class='ocr_par' dir='ltr' id='par_1_40' title="bbox 174 2753 1757 2845">
     <span class='ocr_line' id='line_1_40' title="bbox 174 2753 1757 2845; baseline 0.016 -42"><span class='ocrx_word' id='word_1_275' title='bbox 174 2754 499 2845; x_wconf 74' lang='grc' dir='ltr'>ποιούμενα.</span> <span class='ocrx_word' id='word_1_276' title='bbox 528 2753 623 2823; x_wconf 77' lang='grc' dir='ltr'><strong>υῗς</strong></span> <span class='ocrx_word' id='word_1_277' title='bbox 653 2760 716 2830; x_wconf 82' lang='grc' dir='ltr'>δὴ</span> <span class='ocrx_word' id='word_1_278' title='bbox 741 2763 836 2815; x_wconf 73' lang='grc' dir='ltr'><strong>καὶ</strong></span> <span class='ocrx_word' id='word_1_279' title='bbox 869 2764 1051 2829; x_wconf 77' lang='grc' dir='ltr'>πόλεις</span> <span class='ocrx_word' id='word_1_280' title='bbox 1082 2768 1408 2841; x_wconf 76' lang='grc' dir='ltr'><strong>ἐπωνύμους</strong></span> <span class='ocrx_word' id='word_1_281' title='bbox 1434 2774 1757 2845; x_wconf 86' lang='grc' dir='ltr'>ἐκτήσαντο,</span> 
     </span>
    </p>
   </div>
   <div class='ocr_carea' id='block_1_41' title="bbox 176 2841 1759 2932">
    <p class='ocr_par' dir='ltr' id='par_1_41' title="bbox 176 2841 1759 2932">
     <span class='ocr_line' id='line_1_41' title="bbox 176 2841 1759 2932; baseline 0.018 -40"><span class='ocrx_word' id='word_1_282' title='bbox 176 2841 271 2911; x_wconf 83' lang='grc' dir='ltr'><strong>τὴν</strong></span> <span class='ocrx_word' id='word_1_283' title='bbox 293 2847 583 2915; x_wconf 75' lang='grc' dir='ltr'>λεόντων,</span> <span class='ocrx_word' id='word_1_284' title='bbox 616 2852 712 2904; x_wconf 75' lang='grc' dir='ltr'>καὶ</span> <span class='ocrx_word' id='word_1_285' title='bbox 760 2853 861 2924; x_wconf 81' lang='grc' dir='ltr'><strong>τὴν</strong></span> <span class='ocrx_word' id='word_1_286' title='bbox 910 2857 1108 2923; x_wconf 84' lang='grc' dir='ltr'>κυνῶν,</span> <span class='ocrx_word' id='word_1_287' title='bbox 1160 2859 1256 2913; x_wconf 75' lang='grc' dir='ltr'>καὶ</span> <span class='ocrx_word' id='word_1_288' title='bbox 1291 2841 1645 2932; x_wconf 78' lang='grc' dir='ltr'>κροκοδείλων</span> <span class='ocrx_word' id='word_1_289' title='bbox 1664 2841 1759 2921; x_wconf 49' lang='grc' dir='ltr'>ἀλέ</span> 
     </span>
    </p>
   </div>
   <div class='ocr_carea' id='block_1_42' title="bbox 178 2932 1760 3023">
    <p class='ocr_par' dir='ltr' id='par_1_42' title="bbox 178 2932 1760 3023">
     <span class='ocr_line' id='line_1_42' title="bbox 178 2932 1760 3023; baseline 0.02 -39"><span class='ocrx_word' id='word_1_290' title='bbox 178 2932 293 3002; x_wconf 80' lang='grc' dir='ltr'>λην,</span> <span class='ocrx_word' id='word_1_291' title='bbox 341 2939 435 2991; x_wconf 80' lang='grc' dir='ltr'><strong>καὶ</strong></span> <span class='ocrx_word' id='word_1_292' title='bbox 494 2943 749 3009; x_wconf 82' lang='grc' dir='ltr'>τοιαύτας</span> <span class='ocrx_word' id='word_1_293' title='bbox 793 2947 1007 3018; x_wconf 81' lang='grc' dir='ltr'>ἐτέρας,</span> <span class='ocrx_word' id='word_1_294' title='bbox 1056 2953 1195 3023; x_wconf 85' lang='grc' dir='ltr'>πρὸς</span> <span class='ocrx_word' id='word_1_295' title='bbox 1236 2955 1333 3019; x_wconf 79' lang='grc' dir='ltr'><strong>οὓς</strong></span> <span class='ocrx_word' id='word_1_296' title='bbox 1376 2956 1619 3013; x_wconf 85' lang='grc' dir='ltr'>Ἰουδαῖοι</span> <span class='ocrx_word' id='word_1_297' title='bbox 1652 2961 1760 3014; x_wconf 86' lang='grc' dir='ltr'><strong>τὸν</strong></span> 
     </span>
    </p>
   </div>
   <div class='ocr_carea' id='block_1_43' title="bbox 181 3029 1759 3120">
    <p class='ocr_par' dir='ltr' id='par_1_43' title="bbox 181 3029 1759 3120">
     <span class='ocr_line' id='line_1_43' title="bbox 181 3029 1759 3120; baseline 0.018 -40"><span class='ocrx_word' id='word_1_298' title='bbox 181 3029 449 3084; x_wconf 75' lang='grc' dir='ltr'>πλοῦτον</span> <span class='ocrx_word' id='word_1_299' title='bbox 507 3036 806 3110; x_wconf 76' lang='grc' dir='ltr'>ἀπέφερον.</span> <span class='ocrx_word' id='word_1_300' title='bbox 853 3043 966 3113; x_wconf 81' lang='grc' dir='ltr'><strong>Τῆς</strong></span> <span class='ocrx_word' id='word_1_301' title='bbox 1008 3046 1117 3117; x_wconf 83' lang='grc' dir='ltr'><strong>γὰρ</strong></span> <span class='ocrx_word' id='word_1_302' title='bbox 1144 3048 1325 3101; x_wconf 84' lang='grc' dir='ltr'>αὐτῶν</span> <span class='ocrx_word' id='word_1_303' title='bbox 1362 3050 1541 3120; x_wconf 80' lang='grc' dir='ltr'>ψυχῆς</span> <span class='ocrx_word' id='word_1_304' title='bbox 1564 3054 1635 3107; x_wconf 71' lang='grc' dir='ltr'>τὰ</span> <span class='ocrx_word' id='word_1_305' title='bbox 1662 3071 1759 3107; x_wconf 86' lang='grc' dir='ltr'>τα-</span> 
     </span>
    </p>
   </div>
   <div class='ocr_carea' id='block_1_44' title="bbox 188 3124 1757 3215">
    <p class='ocr_par' dir='ltr' id='par_1_44' title="bbox 188 3124 1757 3215">
     <span class='ocr_line' id='line_1_44' title="bbox 188 3124 1757 3215; baseline 0.016 -40"><span class='ocrx_word' id='word_1_306' title='bbox 188 3124 329 3187; x_wconf 75' lang='grc' dir='ltr'>μιεῖα</span> <span class='ocrx_word' id='word_1_307' title='bbox 346 3126 411 3193; x_wconf 83' lang='grc' dir='ltr'>τῇ</span> <span class='ocrx_word' id='word_1_308' title='bbox 432 3124 554 3179; x_wconf 83' lang='grc' dir='ltr'><strong>τῶν</strong></span> <span class='ocrx_word' id='word_1_309' title='bbox 578 3130 916 3199; x_wconf 72' lang='grc' dir='ltr'><strong>Αἰγυπτίων</strong></span> <span class='ocrx_word' id='word_1_310' title='bbox 934 3136 1293 3206; x_wconf 81' lang='grc' dir='ltr'>παρεδίδοσαν</span> <span class='ocrx_word' id='word_1_311' title='bbox 1315 3141 1513 3215; x_wconf 85' lang='grc' dir='ltr'>πλάνῃ,</span> <span class='ocrx_word' id='word_1_312' title='bbox 1543 3144 1757 3213; x_wconf 74' lang='grc' dir='ltr'><em>φέρον-</em></span> 
     </span>
    </p>
   </div>
   <div class='ocr_carea' id='block_1_45' title="bbox 184 3216 1759 3305">
    <p class='ocr_par' dir='ltr' id='par_1_45' title="bbox 184 3216 1759 3305">
     <span class='ocr_line' id='line_1_45' title="bbox 184 3216 1759 3305; baseline 0.018 -43"><span class='ocrx_word' id='word_1_313' title='bbox 184 3229 275 3305; x_wconf 75' lang='grc' dir='ltr'>τες</span> <span class='ocrx_word' id='word_1_314' title='bbox 305 3216 494 3270; x_wconf 84' lang='grc' dir='ltr'>αὑτὸν</span> <span class='ocrx_word' id='word_1_315' title='bbox 526 3219 620 3272; x_wconf 73' lang='grc' dir='ltr'><strong>ἐπ’</strong></span> <span class='ocrx_word' id='word_1_316' title='bbox 653 3222 811 3276; x_wconf 85' lang='grc' dir='ltr'><em>ὄνων</em></span> <span class='ocrx_word' id='word_1_317' title='bbox 834 3242 897 3279; x_wconf 81' lang='grc' dir='ltr'><strong>τε</strong></span> <span class='ocrx_word' id='word_1_318' title='bbox 923 3226 1021 3281; x_wconf 77' lang='grc' dir='ltr'>καὶ</span> <span class='ocrx_word' id='word_1_319' title='bbox 1044 3230 1352 3298; x_wconf 74' lang='grc' dir='ltr'>καμήλων,</span> <span class='ocrx_word' id='word_1_320' title='bbox 1402 3232 1547 3305; x_wconf 77' lang='grc' dir='ltr'>ἅπερ</span> <span class='ocrx_word' id='word_1_321' title='bbox 1576 3237 1759 3291; x_wconf 81' lang='grc' dir='ltr'>αὐτῶν</span> 
     </span>
    </p>
   </div>
   <div class='ocr_carea' id='block_1_46' title="bbox 186 3304 1760 3403">
    <p class='ocr_par' dir='ltr' id='par_1_46' title="bbox 186 3304 1760 3403">
     <span class='ocr_line' id='line_1_46' title="bbox 186 3304 1760 3403; baseline 0.019 -50"><span class='ocrx_word' id='word_1_322' title='bbox 186 3304 277 3403; x_wconf 44' lang='grc' dir='ltr'><strong>τὴν</strong></span> <span class='ocrx_word' id='word_1_323' title='bbox 313 3306 563 3403; x_wconf 51' lang='grc' dir='ltr'>-ἀλογίαν</span> <span class='ocrx_word' id='word_1_324' title='bbox 581 3314 685 3403; x_wconf 60' lang='grc' dir='ltr'><strong>καὶ</strong></span> <span class='ocrx_word' id='word_1_325' title='bbox 709 3316 807 3386; x_wconf 76' lang='grc' dir='ltr'>τὴν</span> <span class='ocrx_word' id='word_1_326' title='bbox 841 3318 1155 3390; x_wconf 83' lang='grc' dir='ltr'><strong>ἀφροσύνην</strong></span> <span class='ocrx_word' id='word_1_327' title='bbox 1180 3322 1351 3392; x_wconf 80' lang='grc' dir='ltr'>δηλοῖ.</span> <span class='ocrx_word' id='word_1_328' title='bbox 1388 3325 1615 3397; x_wconf 83' lang='grc' dir='ltr'><strong>Βοηθείν</strong></span> <span class='ocrx_word' id='word_1_329' title='bbox 1650 3329 1760 3403; x_wconf 82' lang='grc' dir='ltr'><strong>γὰρ</strong></span> 
     </span>
    </p>
   </div>
   <div class='ocr_carea' id='block_1_47' title="bbox 188 3395 1755 3494">
    <p class='ocr_par' dir='ltr' id='par_1_47' title="bbox 188 3395 1755 3494">
     <span class='ocr_line' id='line_1_47' title="bbox 188 3395 1755 3494; baseline 0.022 -47"><span class='ocrx_word' id='word_1_330' title='bbox 188 3395 363 3494; x_wconf 49' lang='lat' dir='ltr'><strong>abi-oi;</strong></span> <span class='ocrx_word' id='word_1_331' title='bbox 416 3400 518 3456; x_wconf 86' lang='grc' dir='ltr'><strong>οὐκ</strong></span> <span class='ocrx_word' id='word_1_332' title='bbox 553 3398 717 3475; x_wconf 73' lang='grc' dir='ltr'>εἶχεν,</span> <span class='ocrx_word' id='word_1_333' title='bbox 763 3408 1021 3482; x_wconf 83' lang='grc' dir='ltr'>αἰσθητός</span> <span class='ocrx_word' id='word_1_334' title='bbox 1070 3430 1153 3479; x_wconf 83' lang='grc' dir='ltr'>τις</span> <span class='ocrx_word' id='word_1_335' title='bbox 1212 3395 1528 3485; x_wconf 64' lang='grc' dir='ltr'>Αἰγύπτιοξ,</span> <span class='ocrx_word' id='word_1_336' title='bbox 1562 3420 1595 3492; x_wconf 81' lang='grc' dir='ltr'>ἢ</span> <span class='ocrx_word' id='word_1_337' title='bbox 1629 3395 1755 3494; x_wconf 51' lang='grc' dir='ltr'><strong>νοηζ</strong></span> 
     </span>
    </p>
   </div>
   <div class='ocr_carea' id='block_1_48' title="bbox 186 3485 288 3552">
    <p class='ocr_par' dir='ltr' id='par_1_48' title="bbox 186 3485 288 3552">
     <span class='ocr_line' id='line_1_48' title="bbox 186 3485 288 3552; baseline 0 -15"><span class='ocrx_word' id='word_1_338' title='bbox 186 3485 288 3552; x_wconf 83' lang='grc' dir='ltr'>τός,</span> 
     </span>
    </p>
   </div>
   <div class='ocr_carea' id='block_1_49' title="bbox 1856 1946 3441 2021">
    <p class='ocr_par' dir='ltr' id='par_1_49' title="bbox 1856 1946 3441 2021">
     <span class='ocr_line' id='line_1_49' title="bbox 1856 1946 3441 2021; baseline -0.003 -18"><span class='ocrx_word' id='word_1_339' title='bbox 1856 1947 2223 2021; x_wconf 88' lang='lat' dir='ltr'><strong>jumentorum</strong></span> <span class='ocrx_word' id='word_1_340' title='bbox 2251 1950 2439 2004; x_wconf 75' lang='lat' dir='ltr'><strong>Attslrt&#39;</strong></span> <span class='ocrx_word' id='word_1_341' title='bbox 2469 1949 2811 2018; x_wconf 88' lang='lat' dir='ltr'><strong>interpretati</strong></span> <span class='ocrx_word' id='word_1_342' title='bbox 2843 1956 2991 2003; x_wconf 89' lang='lat' dir='ltr'><strong>sunt.</strong></span> <span class='ocrx_word' id='word_1_343' title='bbox 3035 1946 3217 2000; x_wconf 90' lang='lat' dir='ltr'><strong>lnnuit</strong></span> <span class='ocrx_word' id='word_1_344' title='bbox 3259 1955 3441 2001; x_wconf 89' lang='lat' dir='ltr'><strong>autem</strong></span> 
     </span>
    </p>
   </div>
   <div class='ocr_carea' id='block_1_50' title="bbox 1862 2040 3443 2113">
    <p class='ocr_par' dir='ltr' id='par_1_50' title="bbox 1862 2040 3443 2113">
     <span class='ocr_line' id='line_1_50' title="bbox 1862 2040 3443 2113; baseline -0.003 -16"><span class='ocrx_word' id='word_1_345' title='bbox 1862 2043 2260 2113; x_wconf 84' lang='lat' dir='ltr'><strong>quadrupedum</strong></span> <span class='ocrx_word' id='word_1_346' title='bbox 2308 2044 2561 2107; x_wconf 87' lang='lat' dir='ltr'><strong>nomine,</strong></span> <span class='ocrx_word' id='word_1_347' title='bbox 2616 2040 2875 2095; x_wconf 88' lang='lat' dir='ltr'><strong>animalia</strong></span> <span class='ocrx_word' id='word_1_348' title='bbox 2939 2040 3061 2103; x_wconf 87' lang='lat' dir='ltr'><strong>illa,</strong></span> <span class='ocrx_word' id='word_1_349' title='bbox 3124 2055 3246 2110; x_wconf 70' lang='lat' dir='ltr'><strong>qua:</strong></span> <span class='ocrx_word' id='word_1_350' title='bbox 3302 2041 3443 2110; x_wconf 79' lang='lat' dir='ltr'><strong>apud</strong></span> 
     </span>
    </p>
   </div>
   <div class='ocr_carea' id='block_1_51' title="bbox 1863 2132 3442 2205">
    <p class='ocr_par' dir='ltr' id='par_1_51' title="bbox 1863 2132 3442 2205">
     <span class='ocr_line' id='line_1_51' title="bbox 1863 2132 3442 2205; baseline -0.003 -16"><span class='ocrx_word' id='word_1_351' title='bbox 1863 2134 2148 2205; x_wconf 65' lang='lat' dir='ltr'><strong>Egyptios</strong></span> <span class='ocrx_word' id='word_1_352' title='bbox 2225 2149 2323 2205; x_wconf 89' lang='lat' dir='ltr'><strong>pro</strong></span> <span class='ocrx_word' id='word_1_353' title='bbox 2387 2134 2493 2188; x_wconf 91' lang='lat' dir='ltr'><strong>diis</strong></span> <span class='ocrx_word' id='word_1_354' title='bbox 2559 2132 2925 2188; x_wconf 84' lang='lat' dir='ltr'><strong>habebantur.</strong></span> <span class='ocrx_word' id='word_1_355' title='bbox 2990 2132 3071 2185; x_wconf 84' lang='lat' dir='ltr'><strong>Ad</strong></span> <span class='ocrx_word' id='word_1_356' title='bbox 3147 2133 3442 2187; x_wconf 80' lang='lat' dir='ltr'><strong>australem</strong></span> 
     </span>
    </p>
   </div>
   <div class='ocr_carea' id='block_1_52' title="bbox 1863 2222 3443 2297">
    <p class='ocr_par' dir='ltr' id='par_1_52' title="bbox 1863 2222 3443 2297">
     <span class='ocr_line' id='line_1_52' title="bbox 1863 2222 3443 2297; baseline -0.001 -18"><span class='ocrx_word' id='word_1_357' title='bbox 1863 2224 2061 2280; x_wconf 87' lang='lat' dir='ltr'><strong>deinde</strong></span> <span class='ocrx_word' id='word_1_358' title='bbox 2103 2222 2305 2280; x_wconf 67' lang='lat' dir='ltr'><strong>Iudaeae</strong></span> <span class='ocrx_word' id='word_1_359' title='bbox 2360 2226 2640 2297; x_wconf 75' lang='lat' dir='ltr'><strong>regionem</strong></span> <span class='ocrx_word' id='word_1_360' title='bbox 2697 2224 2804 2280; x_wconf 92' lang='lat' dir='ltr'><strong>sita</strong></span> <span class='ocrx_word' id='word_1_361' title='bbox 2855 2231 2940 2279; x_wconf 90' lang='lat' dir='ltr'><strong>est</strong></span> <span class='ocrx_word' id='word_1_362' title='bbox 2992 2222 3264 2295; x_wconf 66' lang='lat' dir='ltr'><strong>Egyptus</strong></span> <span class='ocrx_word' id='word_1_363' title='bbox 3331 2222 3443 2279; x_wconf 89' lang='lat' dir='ltr'><strong>Deo</strong></span> 
     </span>
    </p>
   </div>
   <div class='ocr_carea' id='block_1_53' title="bbox 1863 2318 3443 2389">
    <p class='ocr_par' dir='ltr' id='par_1_53' title="bbox 1863 2318 3443 2389">
     <span class='ocr_line' id='line_1_53' title="bbox 1863 2318 3443 2389; baseline 0 -16"><span class='ocrx_word' id='word_1_364' title='bbox 1863 2334 2070 2381; x_wconf 68' lang='lat' dir='ltr'><strong>vacua;</strong></span> <span class='ocrx_word' id='word_1_365' title='bbox 2117 2326 2172 2374; x_wconf 89' lang='lat' dir='ltr'><strong>et</strong></span> <span class='ocrx_word' id='word_1_366' title='bbox 2223 2318 2518 2389; x_wconf 76' lang='lat' dir='ltr'><strong>cujuslibet</strong></span> <span class='ocrx_word' id='word_1_367' title='bbox 2560 2319 2943 2383; x_wconf 84' lang='lat' dir='ltr'><strong>absurditatis,</strong></span> <span class='ocrx_word' id='word_1_368' title='bbox 2986 2334 3151 2388; x_wconf 90' lang='lat' dir='ltr'><strong>quam</strong></span> <span class='ocrx_word' id='word_1_369' title='bbox 3194 2318 3443 2373; x_wconf 89' lang='lat' dir='ltr'><strong>studiose</strong></span> 
     </span>
    </p>
   </div>
   <div class='ocr_carea' id='block_1_54' title="bbox 1862 2407 3562 2475">
    <p class='ocr_par' dir='ltr' id='par_1_54' title="bbox 1862 2407 3562 2475">
     <span class='ocr_line' id='line_1_54' title="bbox 1862 2407 3562 2475; baseline 0 -14"><span class='ocrx_word' id='word_1_370' title='bbox 1862 2407 2245 2475; x_wconf 88' lang='lat' dir='ltr'><strong>amplectitur,</strong></span> <span class='ocrx_word' id='word_1_371' title='bbox 2319 2409 2430 2463; x_wconf 91' lang='lat' dir='ltr'><strong>imo</strong></span> <span class='ocrx_word' id='word_1_372' title='bbox 2490 2419 2545 2464; x_wconf 91' lang='lat' dir='ltr'><strong>et</strong></span> <span class='ocrx_word' id='word_1_373' title='bbox 2609 2408 2920 2465; x_wconf 66' lang='lat' dir='ltr'><strong>daemonum</strong></span> <span class='ocrx_word' id='word_1_374' title='bbox 2976 2409 3048 2463; x_wconf 89' lang='lat' dir='ltr'><strong>ibi</strong></span> <span class='ocrx_word' id='word_1_375' title='bbox 3122 2411 3232 2465; x_wconf 89' lang='lat' dir='ltr'><strong>vim</strong></span> <span class='ocrx_word' id='word_1_376' title='bbox 3284 2424 3440 2465; x_wconf 87' lang='lat' dir='ltr'><strong>suam</strong></span> <span class='ocrx_word' id='word_1_377' title='bbox 3549 2445 3562 2461; x_wconf 94' lang='lat'><strong>.</strong></span> 
     </span>
    </p>
   </div>
   <div class='ocr_carea' id='block_1_55' title="bbox 1861 2499 3443 2571">
    <p class='ocr_par' dir='ltr' id='par_1_55' title="bbox 1861 2499 3443 2571">
     <span class='ocr_line' id='line_1_55' title="bbox 1861 2499 3443 2571; baseline 0.002 -21"><span class='ocrx_word' id='word_1_378' title='bbox 1861 2499 2232 2552; x_wconf 67' lang='lat' dir='ltr'><strong>exercentium</strong></span> <span class='ocrx_word' id='word_1_379' title='bbox 2288 2499 2594 2565; x_wconf 89' lang='lat' dir='ltr'><strong>abundans,</strong></span> <span class='ocrx_word' id='word_1_380' title='bbox 2637 2515 2777 2571; x_wconf 90' lang='lat' dir='ltr'><strong>quos</strong></span> <span class='ocrx_word' id='word_1_381' title='bbox 2834 2500 2939 2570; x_wconf 84' lang='lat' dir='ltr'><strong>ipsi</strong></span> <span class='ocrx_word' id='word_1_382' title='bbox 2986 2500 3140 2567; x_wconf 89' lang='lat' dir='ltr'><strong>deos,</strong></span> <span class='ocrx_word' id='word_1_383' title='bbox 3195 2514 3296 2571; x_wconf 87' lang='lat' dir='ltr'><strong>pro</strong></span> <span class='ocrx_word' id='word_1_384' title='bbox 3340 2514 3443 2555; x_wconf 87' lang='lat' dir='ltr'><strong>sua</strong></span> 
     </span>
    </p>
   </div>
   <div class='ocr_carea' id='block_1_56' title="bbox 1859 2590 3443 2662">
    <p class='ocr_par' dir='ltr' id='par_1_56' title="bbox 1859 2590 3443 2662">
     <span class='ocr_line' id='line_1_56' title="bbox 1859 2590 3443 2662; baseline 0.001 -19"><span class='ocrx_word' id='word_1_385' title='bbox 1859 2590 2021 2662; x_wconf 81' lang='lat'><strong>367</strong></span> <span class='ocrx_word' id='word_1_386' title='bbox 2065 2591 2232 2645; x_wconf 91' lang='lat' dir='ltr'><strong>animi</strong></span> <span class='ocrx_word' id='word_1_387' title='bbox 2266 2592 2533 2647; x_wconf 90' lang='lat' dir='ltr'><strong>tenuitate</strong></span> <span class='ocrx_word' id='word_1_388' title='bbox 2566 2601 2622 2647; x_wconf 90' lang='lat' dir='ltr'><strong>et</strong></span> <span class='ocrx_word' id='word_1_389' title='bbox 2664 2592 2940 2659; x_wconf 85' lang='lat' dir='ltr'><strong>vecordia,</strong></span> <span class='ocrx_word' id='word_1_390' title='bbox 2981 2602 3338 2656; x_wconf 87' lang='lat' dir='ltr'><strong>vocaverunt,</strong></span> <span class='ocrx_word' id='word_1_391' title='bbox 3385 2592 3443 2646; x_wconf 90' lang='lat' dir='ltr'><strong>in</strong></span> 
     </span>
    </p>
   </div>
   <div class='ocr_carea' id='block_1_57' title="bbox 1862 2681 3441 2753">
    <p class='ocr_par' dir='ltr' id='par_1_57' title="bbox 1862 2681 3441 2753">
     <span class='ocr_line' id='line_1_57' title="bbox 1862 2681 3441 2753; baseline 0.003 -19"><span class='ocrx_word' id='word_1_392' title='bbox 1862 2681 2205 2734; x_wconf 78' lang='lat' dir='ltr'><strong>tribulatione</strong></span> <span class='ocrx_word' id='word_1_393' title='bbox 2275 2682 2420 2735; x_wconf 90' lang='lat' dir='ltr'><strong>enim</strong></span> <span class='ocrx_word' id='word_1_394' title='bbox 2486 2691 2536 2736; x_wconf 87' lang='lat' dir='ltr'><strong>et</strong></span> <span class='ocrx_word' id='word_1_395' title='bbox 2593 2683 2874 2753; x_wconf 87' lang='lat' dir='ltr'><strong>angustia,</strong></span> <span class='ocrx_word' id='word_1_396' title='bbox 2957 2682 3137 2738; x_wconf 90' lang='lat' dir='ltr'><strong>locum</strong></span> <span class='ocrx_word' id='word_1_397' title='bbox 3224 2683 3326 2738; x_wconf 87' lang='lat' dir='ltr'><strong>sibi</strong></span> <span class='ocrx_word' id='word_1_398' title='bbox 3383 2692 3441 2738; x_wconf 90' lang='lat' dir='ltr'><strong>et</strong></span> 
     </span>
    </p>
   </div>
   <div class='ocr_carea' id='block_1_58' title="bbox 1860 2771 3440 2844">
    <p class='ocr_par' dir='ltr' id='par_1_58' title="bbox 1860 2771 3440 2844">
     <span class='ocr_line' id='line_1_58' title="bbox 1860 2771 3440 2844; baseline 0.004 -20"><span class='ocrx_word' id='word_1_399' title='bbox 1860 2771 2066 2838; x_wconf 82' lang='lat' dir='ltr'><strong>aspides</strong></span> <span class='ocrx_word' id='word_1_400' title='bbox 2096 2778 2148 2825; x_wconf 92' lang='lat' dir='ltr'><strong>et</strong></span> <span class='ocrx_word' id='word_1_401' title='bbox 2174 2771 2366 2837; x_wconf 86' lang='lat' dir='ltr'><strong>leones,</strong></span> <span class='ocrx_word' id='word_1_402' title='bbox 2397 2774 2503 2828; x_wconf 90' lang='lat' dir='ltr'><strong>etsi</strong></span> <span class='ocrx_word' id='word_1_403' title='bbox 2549 2789 2670 2844; x_wconf 85' lang='lat' dir='ltr'><strong>quae</strong></span> <span class='ocrx_word' id='word_1_404' title='bbox 2702 2784 2835 2829; x_wconf 91' lang='lat' dir='ltr'><strong>sunt</strong></span> <span class='ocrx_word' id='word_1_405' title='bbox 2868 2775 2977 2830; x_wconf 90' lang='lat' dir='ltr'><strong>illis</strong></span> <span class='ocrx_word' id='word_1_406' title='bbox 3024 2776 3166 2829; x_wconf 83' lang='lat' dir='ltr'><strong>mala</strong></span> <span class='ocrx_word' id='word_1_407' title='bbox 3211 2776 3440 2840; x_wconf 88' lang='lat' dir='ltr'><strong>similia,</strong></span> 
     </span>
    </p>
   </div>
   <div class='ocr_carea' id='block_1_59' title="bbox 1859 2866 3441 2936">
    <p class='ocr_par' dir='ltr' id='par_1_59' title="bbox 1859 2866 3441 2936">
     <span class='ocr_line' id='line_1_59' title="bbox 1859 2866 3441 2936; baseline 0.003 -20"><span class='ocrx_word' id='word_1_408' title='bbox 1859 2872 2178 2933; x_wconf 86' lang='lat' dir='ltr'><strong>repererunt</strong></span> <span class='ocrx_word' id='word_1_409' title='bbox 2206 2879 2478 2934; x_wconf 90' lang='lat' dir='ltr'><strong>;quorum</strong></span> <span class='ocrx_word' id='word_1_410' title='bbox 2517 2866 2804 2935; x_wconf 79' lang='lat' dir='ltr'><strong>imagines,</strong></span> <span class='ocrx_word' id='word_1_411' title='bbox 2848 2880 2934 2930; x_wconf 89' lang='lat' dir='ltr'><strong>ea,</strong></span> <span class='ocrx_word' id='word_1_412' title='bbox 2967 2882 3089 2936; x_wconf 69' lang='lat' dir='ltr'><strong>qua:</strong></span> <span class='ocrx_word' id='word_1_413' title='bbox 3128 2867 3335 2921; x_wconf 88' lang='lat' dir='ltr'><strong>abillis</strong></span> <span class='ocrx_word' id='word_1_414' title='bbox 3386 2868 3441 2921; x_wconf 91' lang='lat' dir='ltr'><strong>in</strong></span> 
     </span>
    </p>
   </div>
   <div class='ocr_carea' id='block_1_60' title="bbox 1858 2952 3443 3025">
    <p class='ocr_par' dir='ltr' id='par_1_60' title="bbox 1858 2952 3443 3025">
     <span class='ocr_line' id='line_1_60' title="bbox 1858 2952 3443 3025; baseline 0.003 -19"><span class='ocrx_word' id='word_1_415' title='bbox 1858 2952 1989 3008; x_wconf 87' lang='lat' dir='ltr'><strong>deos</strong></span> <span class='ocrx_word' id='word_1_416' title='bbox 2024 2962 2404 3021; x_wconf 86' lang='lat' dir='ltr'><strong>assumuntur,</strong></span> <span class='ocrx_word' id='word_1_417' title='bbox 2437 2954 2697 3009; x_wconf 90' lang='lat' dir='ltr'><strong>animalia</strong></span> <span class='ocrx_word' id='word_1_418' title='bbox 2724 2955 3096 3011; x_wconf 82' lang='lat' dir='ltr'><strong>exstiterunt:</strong></span> <span class='ocrx_word' id='word_1_419' title='bbox 3132 2956 3443 3025; x_wconf 80' lang='lat' dir='ltr'><strong>iisdemque</strong></span> 
     </span>
    </p>
   </div>
   <div class='ocr_carea' id='block_1_61' title="bbox 1860 3047 3438 3113">
    <p class='ocr_par' dir='ltr' id='par_1_61' title="bbox 1860 3047 3438 3113">
     <span class='ocr_line' id='line_1_61' title="bbox 1860 3047 3438 3113; baseline -0.002 -10"><span class='ocrx_word' id='word_1_420' title='bbox 1860 3048 2025 3104; x_wconf 88' lang='lat' dir='ltr'><strong>urbes</strong></span> <span class='ocrx_word' id='word_1_421' title='bbox 2046 3049 2211 3103; x_wconf 85' lang='lat' dir='ltr'><strong>etiam</strong></span> <span class='ocrx_word' id='word_1_422' title='bbox 2234 3049 2301 3103; x_wconf 78' lang='lat' dir='ltr'><strong>de</strong></span> <span class='ocrx_word' id='word_1_423' title='bbox 2328 3050 2559 3113; x_wconf 86' lang='lat' dir='ltr'><strong>leonum,</strong></span> <span class='ocrx_word' id='word_1_424' title='bbox 2583 3047 2650 3103; x_wconf 90' lang='lat' dir='ltr'><strong>de</strong></span> <span class='ocrx_word' id='word_1_425' title='bbox 2672 3064 2894 3113; x_wconf 88' lang='lat' dir='ltr'><strong>canum,</strong></span> <span class='ocrx_word' id='word_1_426' title='bbox 2922 3049 2989 3102; x_wconf 90' lang='lat' dir='ltr'><strong>de</strong></span> <span class='ocrx_word' id='word_1_427' title='bbox 3012 3047 3438 3110; x_wconf 86' lang='lat' dir='ltr'><strong>crocodilorum,</strong></span> 
     </span>
    </p>
   </div>
   <div class='ocr_carea' id='block_1_62' title="bbox 1861 3140 3442 3211">
    <p class='ocr_par' dir='ltr' id='par_1_62' title="bbox 1861 3140 3442 3211">
     <span class='ocr_line' id='line_1_62' title="bbox 1861 3140 3442 3211; baseline -0.002 -15"><span class='ocrx_word' id='word_1_428' title='bbox 1861 3140 2038 3211; x_wconf 90' lang='lat' dir='ltr'><strong>deque</strong></span> <span class='ocrx_word' id='word_1_429' title='bbox 2099 3149 2424 3196; x_wconf 69' lang='lat' dir='ltr'><strong>caeterorum</strong></span> <span class='ocrx_word' id='word_1_430' title='bbox 2490 3141 2765 3211; x_wconf 83' lang='lat' dir='ltr'><strong>ejusmodi</strong></span> <span class='ocrx_word' id='word_1_431' title='bbox 2839 3140 3155 3197; x_wconf 89' lang='lat' dir='ltr'><strong>nominibus</strong></span> <span class='ocrx_word' id='word_1_432' title='bbox 3214 3148 3442 3195; x_wconf 76' lang='lat' dir='ltr'><strong>vocatas</strong></span> 
     </span>
    </p>
   </div>
   <div class='ocr_carea' id='block_1_63' title="bbox 1866 3231 3441 3303">
    <p class='ocr_par' dir='ltr' id='par_1_63' title="bbox 1866 3231 3441 3303">
     <span class='ocr_line' id='line_1_63' title="bbox 1866 3231 3441 3303; baseline -0.003 -15"><span class='ocrx_word' id='word_1_433' title='bbox 1866 3240 2278 3295; x_wconf 81' lang='lat' dir='ltr'><strong>exstruxerunt,</strong></span> <span class='ocrx_word' id='word_1_434' title='bbox 2319 3235 2375 3288; x_wconf 91' lang='lat' dir='ltr'><strong>in</strong></span> <span class='ocrx_word' id='word_1_435' title='bbox 2410 3249 2548 3303; x_wconf 83' lang='lat' dir='ltr'><strong>quas</strong></span> <span class='ocrx_word' id='word_1_436' title='bbox 2573 3233 2791 3287; x_wconf 81' lang='lat' dir='ltr'><strong>divitias</strong></span> <span class='ocrx_word' id='word_1_437' title='bbox 2825 3248 2951 3287; x_wconf 86' lang='lat' dir='ltr'><strong>suas</strong></span> <span class='ocrx_word' id='word_1_438' title='bbox 2983 3231 3155 3287; x_wconf 62' lang='lat' dir='ltr'><strong>Judaei</strong></span> <span class='ocrx_word' id='word_1_439' title='bbox 3187 3248 3441 3301; x_wconf 85' lang='lat' dir='ltr'><strong>compor-</strong></span> 
     </span>
    </p>
   </div>
   <div class='ocr_carea' id='block_1_64' title="bbox 1867 3325 3439 3397">
    <p class='ocr_par' dir='ltr' id='par_1_64' title="bbox 1867 3325 3439 3397">
     <span class='ocr_line' id='line_1_64' title="bbox 1867 3325 3439 3397; baseline -0.002 -13"><span class='ocrx_word' id='word_1_440' title='bbox 1867 3329 2073 3384; x_wconf 87' lang='lat' dir='ltr'><strong>tabant.</strong></span> <span class='ocrx_word' id='word_1_441' title='bbox 2114 3328 2323 3382; x_wconf 82' lang='lat' dir='ltr'><strong>Animae</strong></span> <span class='ocrx_word' id='word_1_442' title='bbox 2365 3329 2510 3381; x_wconf 84' lang='lat' dir='ltr'><strong>enim</strong></span> <span class='ocrx_word' id='word_1_443' title='bbox 2559 3341 2673 3381; x_wconf 69' lang='lat' dir='ltr'><strong>suae</strong></span> <span class='ocrx_word' id='word_1_444' title='bbox 2726 3326 3025 3397; x_wconf 83' lang='lat' dir='ltr'><strong>penetralia</strong></span> <span class='ocrx_word' id='word_1_445' title='bbox 3069 3325 3439 3395; x_wconf 65' lang='lat' dir='ltr'><strong>zEgyptiorum</strong></span> 
     </span>
    </p>
   </div>
   <div class='ocr_carea' id='block_1_65' title="bbox 1863 3416 3436 3488">
    <p class='ocr_par' dir='ltr' id='par_1_65' title="bbox 1863 3416 3436 3488">
     <span class='ocr_line' id='line_1_65' title="bbox 1863 3416 3436 3488; baseline -0.005 -13"><span class='ocrx_word' id='word_1_446' title='bbox 1863 3418 2039 3475; x_wconf 90' lang='lat' dir='ltr'><strong>errori</strong></span> <span class='ocrx_word' id='word_1_447' title='bbox 2075 3434 2134 3474; x_wconf 91' lang='lat' dir='ltr'><strong>re</strong></span> <span class='ocrx_word' id='word_1_448' title='bbox 2158 3434 2287 3473; x_wconf 89' lang='lat' dir='ltr'><strong>vera</strong></span> <span class='ocrx_word' id='word_1_449' title='bbox 2309 3417 2707 3488; x_wconf 86' lang='lat' dir='ltr'><strong>patefecerunt,</strong></span> <span class='ocrx_word' id='word_1_450' title='bbox 2735 3417 2827 3487; x_wconf 92' lang='lat' dir='ltr'><strong>qui</strong></span> <span class='ocrx_word' id='word_1_451' title='bbox 2859 3433 2985 3471; x_wconf 86' lang='lat' dir='ltr'><strong>suas</strong></span> <span class='ocrx_word' id='word_1_452' title='bbox 3018 3417 3091 3470; x_wconf 86' lang='lat' dir='ltr'><strong>eis</strong></span> <span class='ocrx_word' id='word_1_453' title='bbox 3130 3416 3346 3470; x_wconf 75' lang='lat' dir='ltr'><strong>divitias</strong></span> <span class='ocrx_word' id='word_1_454' title='bbox 3387 3416 3436 3468; x_wconf 75' lang='lat' dir='ltr'><strong>is</strong></span> 
     </span>
    </p>
   </div>
   <div class='ocr_carea' id='block_1_66' title="bbox 1867 3510 3442 3580">
    <p class='ocr_par' dir='ltr' id='par_1_66' title="bbox 1867 3510 3442 3580">
     <span class='ocr_line' id='line_1_66' title="bbox 1867 3510 3442 3580; baseline -0.003 -14"><span class='ocrx_word' id='word_1_455' title='bbox 1867 3513 2033 3567; x_wconf 81' lang='lat' dir='ltr'><strong>asinis</strong></span> <span class='ocrx_word' id='word_1_456' title='bbox 2060 3522 2108 3567; x_wconf 90' lang='lat' dir='ltr'><strong>et</strong></span> <span class='ocrx_word' id='word_1_457' title='bbox 2146 3510 2360 3568; x_wconf 87' lang='lat' dir='ltr'><strong>camelis</strong></span> <span class='ocrx_word' id='word_1_458' title='bbox 2393 3510 2715 3575; x_wconf 88' lang='lat' dir='ltr'><strong>detulerunt,</strong></span> <span class='ocrx_word' id='word_1_459' title='bbox 2759 3526 2827 3565; x_wconf 91' lang='lat' dir='ltr'><strong>ne</strong></span> <span class='ocrx_word' id='word_1_460' title='bbox 2852 3510 2985 3580; x_wconf 84' lang='lat' dir='ltr'><strong>quid</strong></span> <span class='ocrx_word' id='word_1_461' title='bbox 3037 3510 3103 3563; x_wconf 86' lang='lat' dir='ltr'><strong>ad</strong></span> <span class='ocrx_word' id='word_1_462' title='bbox 3146 3510 3442 3562; x_wconf 66' lang='lat' dir='ltr'><strong>amentiam</strong></span> 
     </span>
    </p>
   </div>
   <div class='ocr_carea' id='block_1_67' title="bbox 190 3583 3439 3677">
    <p class='ocr_par' dir='ltr' id='par_1_67' title="bbox 190 3583 3439 3677">
     <span class='ocr_line' id='line_1_67' title="bbox 190 3583 3439 3677; baseline 0.006 -42"><span class='ocrx_word' id='word_1_463' title='bbox 190 3583 541 3656; x_wconf 62' lang='lat' dir='ltr'><strong>stultitiaque</strong></span> <span class='ocrx_word' id='word_1_464' title='bbox 612 3605 727 3647; x_wconf 70' lang='lat' dir='ltr'><strong>sua:</strong></span> <span class='ocrx_word' id='word_1_465' title='bbox 793 3594 1253 3666; x_wconf 78' lang='lat' dir='ltr'><strong>signiﬁcationem</strong></span> <span class='ocrx_word' id='word_1_466' title='bbox 1320 3603 1765 3675; x_wconf 88' lang='lat' dir='ltr'><strong>relinqueretur;</strong></span> <span class='ocrx_word' id='word_1_467' title='bbox 1800 3620 1924 3659; x_wconf 86' lang='lat' dir='ltr'><strong>cum</strong></span> <span class='ocrx_word' id='word_1_468' title='bbox 1974 3605 2107 3658; x_wconf 90' lang='lat' dir='ltr'><strong>nihil</strong></span> <span class='ocrx_word' id='word_1_469' title='bbox 2163 3620 2259 3660; x_wconf 88' lang='lat' dir='ltr'><strong>eos</strong></span> <span class='ocrx_word' id='word_1_470' title='bbox 2305 3605 2605 3677; x_wconf 82' lang='lat' dir='ltr'><strong>quidquam</strong></span> <span class='ocrx_word' id='word_1_471' title='bbox 2656 3600 2982 3673; x_wconf 68' lang='lat' dir='ltr'><strong>IEgyptius,</strong></span> <span class='ocrx_word' id='word_1_472' title='bbox 3054 3601 3170 3657; x_wconf 89' lang='lat' dir='ltr'><strong>sive</strong></span> <span class='ocrx_word' id='word_1_473' title='bbox 3254 3601 3439 3656; x_wconf 84' lang='lat' dir='ltr'><strong>animo</strong></span> 
     </span>
    </p>
   </div>
   <div class='ocr_carea' id='block_1_68' title="bbox 189 3679 2276 3770">
    <p class='ocr_par' dir='ltr' id='par_1_68' title="bbox 189 3679 2276 3770">
     <span class='ocr_line' id='line_1_68' title="bbox 189 3679 2276 3770; baseline 0.013 -41"><span class='ocrx_word' id='word_1_474' title='bbox 189 3679 665 3770; x_wconf 72' lang='lat' dir='ltr'><strong>comprehensum.</strong></span> <span class='ocrx_word' id='word_1_475' title='bbox 719 3685 834 3741; x_wconf 90' lang='lat' dir='ltr'><strong>sive</strong></span> <span class='ocrx_word' id='word_1_476' title='bbox 887 3690 1062 3746; x_wconf 89' lang='lat' dir='ltr'><strong>oculis</strong></span> <span class='ocrx_word' id='word_1_477' title='bbox 1117 3693 1426 3762; x_wconf 84' lang='lat' dir='ltr'><strong>subjectum</strong></span> <span class='ocrx_word' id='word_1_478' title='bbox 1462 3699 1757 3769; x_wconf 77' lang='lat' dir='ltr'><strong>intelligas,</strong></span> <span class='ocrx_word' id='word_1_479' title='bbox 1788 3698 1986 3770; x_wconf 86' lang='lat' dir='ltr'><strong>juvare</strong></span> <span class='ocrx_word' id='word_1_480' title='bbox 2012 3698 2276 3767; x_wconf 74' lang='lat' dir='ltr'><strong>potuerit.</strong></span> 
     </span>
    </p>
   </div>
   <div class='ocr_carea' id='block_1_69' title="bbox 252 3767 1759 3861">
    <p class='ocr_par' dir='ltr' id='par_1_69' title="bbox 252 3767 1759 3861">
     <span class='ocr_line' id='line_1_69' title="bbox 252 3767 1759 3861; baseline 0.017 -43"><span class='ocrx_word' id='word_1_481' title='bbox 252 3767 407 3833; x_wconf 83' lang='grc' dir='ltr'>Τινὲς</span> <span class='ocrx_word' id='word_1_482' title='bbox 458 3771 515 3823; x_wconf 82' lang='grc' dir='ltr'>δέ</span> <span class='ocrx_word' id='word_1_483' title='bbox 565 3790 753 3842; x_wconf 82' lang='grc' dir='ltr'>φασιν.</span> <span class='ocrx_word' id='word_1_484' title='bbox 826 3776 903 3842; x_wconf 84' lang='grc' dir='ltr'><strong>ὡς</strong></span> <span class='ocrx_word' id='word_1_485' title='bbox 947 3782 1172 3851; x_wconf 74' lang='grc' dir='ltr'>ἔρημον</span> <span class='ocrx_word' id='word_1_486' title='bbox 1238 3784 1338 3857; x_wconf 78' lang='grc' dir='ltr'><strong>τὴν</strong></span> <span class='ocrx_word' id='word_1_487' title='bbox 1403 3767 1759 3861; x_wconf 84' lang='grc' dir='ltr'>Ἰερουσαλὴμ</span> 
     </span>
    </p>
   </div>
   <div class='ocr_carea' id='block_1_70' title="bbox 189 3860 1761 3954">
    <p class='ocr_par' dir='ltr' id='par_1_70' title="bbox 189 3860 1761 3954">
     <span class='ocr_line' id='line_1_70' title="bbox 189 3860 1761 3954; baseline 0.015 -42"><span class='ocrx_word' id='word_1_488' title='bbox 189 3860 411 3916; x_wconf 77' lang='grc' dir='ltr'>ἐνταῦθα</span> <span class='ocrx_word' id='word_1_489' title='bbox 453 3866 628 3932; x_wconf 87' lang='grc' dir='ltr'>καλεῖ,</span> <span class='ocrx_word' id='word_1_490' title='bbox 685 3868 876 3943; x_wconf 85' lang='grc' dir='ltr'>ὥσπερ</span> <span class='ocrx_word' id='word_1_491' title='bbox 925 3868 1020 3927; x_wconf 78' lang='grc' dir='ltr'>οὖν</span> <span class='ocrx_word' id='word_1_492' title='bbox 1080 3876 1251 3947; x_wconf 80' lang='grc' dir='ltr'>αὐτὴν</span> <span class='ocrx_word' id='word_1_493' title='bbox 1300 3878 1487 3949; x_wconf 78' lang='grc' dir='ltr'>ἔλεγεν</span> <span class='ocrx_word' id='word_1_494' title='bbox 1547 3860 1761 3954; x_wconf 81' lang='grc' dir='ltr'>Ἀριὴλ,</span> 
     </span>
    </p>
   </div>
   <div class='ocr_carea' id='block_1_71' title="bbox 1928 3782 3441 3843">
    <p class='ocr_par' dir='ltr' id='par_1_71' title="bbox 1928 3782 3441 3843">
     <span class='ocr_line' id='line_1_71' title="bbox 1928 3782 3441 3843; baseline -0.001 -2"><span class='ocrx_word' id='word_1_495' title='bbox 1928 3786 2178 3842; x_wconf 88' lang='lat' dir='ltr'><strong>Tradunt</strong></span> <span class='ocrx_word' id='word_1_496' title='bbox 2222 3794 2404 3843; x_wconf 89' lang='lat' dir='ltr'><strong>autem</strong></span> <span class='ocrx_word' id='word_1_497' title='bbox 2439 3785 2690 3841; x_wconf 90' lang='lat' dir='ltr'><strong>nonnulli</strong></span> <span class='ocrx_word' id='word_1_498' title='bbox 2724 3784 2918 3841; x_wconf 87' lang='lat' dir='ltr'><strong>deserti</strong></span> <span class='ocrx_word' id='word_1_499' title='bbox 2965 3784 3184 3839; x_wconf 90' lang='lat' dir='ltr'><strong>nomine</strong></span> <span class='ocrx_word' id='word_1_500' title='bbox 3220 3782 3441 3841; x_wconf 83' lang='lat' dir='ltr'><strong>Jerusa-</strong></span> 
     </span>
    </p>
   </div>
   <div class='ocr_carea' id='block_1_72' title="bbox 1858 3878 3435 3949">
    <p class='ocr_par' dir='ltr' id='par_1_72' title="bbox 1858 3878 3435 3949">
     <span class='ocr_line' id='line_1_72' title="bbox 1858 3878 3435 3949; baseline -0.003 -14"><span class='ocrx_word' id='word_1_501' title='bbox 1858 3880 1961 3936; x_wconf 85' lang='lat' dir='ltr'><strong>lem</strong></span> <span class='ocrx_word' id='word_1_502' title='bbox 1992 3881 2094 3935; x_wconf 92' lang='lat' dir='ltr'><strong>hoc</strong></span> <span class='ocrx_word' id='word_1_503' title='bbox 2123 3882 2244 3935; x_wconf 89' lang='lat' dir='ltr'><strong>loco</strong></span> <span class='ocrx_word' id='word_1_504' title='bbox 2288 3880 2466 3946; x_wconf 90' lang='lat' dir='ltr'><strong>innui,</strong></span> <span class='ocrx_word' id='word_1_505' title='bbox 2511 3894 2674 3949; x_wconf 85' lang='lat' dir='ltr'><strong>quam</strong></span> <span class='ocrx_word' id='word_1_506' title='bbox 2712 3894 2886 3948; x_wconf 89' lang='lat' dir='ltr'><strong>nuper</strong></span> <span class='ocrx_word' id='word_1_507' title='bbox 2926 3878 3076 3933; x_wconf 85' lang='lat' dir='ltr'><strong>Ariel</strong></span> <span class='ocrx_word' id='word_1_508' title='bbox 3108 3879 3435 3948; x_wconf 84' lang='lat' dir='ltr'><strong>appellavit;</strong></span> 
     </span>
    </p>
   </div>
   <div class='ocr_carea' id='block_1_73' title="bbox 188 3954 1759 4042">
    <p class='ocr_par' dir='ltr' id='par_1_73' title="bbox 188 3954 1759 4042">
     <span class='ocr_line' id='line_1_73' title="bbox 188 3954 1759 4042; baseline 0.014 -36"><span class='ocrx_word' id='word_1_509' title='bbox 188 3954 456 4020; x_wconf 77' lang='grc' dir='ltr'>ὀνειδίζων</span> <span class='ocrx_word' id='word_1_510' title='bbox 482 3961 598 4023; x_wconf 68' lang='lat' dir='ltr'><strong>toi;</strong></span> <span class='ocrx_word' id='word_1_511' title='bbox 617 3961 860 4018; x_wconf 70' lang='grc' dir='ltr'>οἰκοῦσιν</span> <span class='ocrx_word' id='word_1_512' title='bbox 882 3965 1075 4038; x_wconf 83' lang='grc' dir='ltr'>αὐτὴν,</span> <span class='ocrx_word' id='word_1_513' title='bbox 1101 3966 1179 4031; x_wconf 76' lang='grc' dir='ltr'><strong>ὡς</strong></span> <span class='ocrx_word' id='word_1_514' title='bbox 1233 3969 1392 4042; x_wconf 86' lang='grc' dir='ltr'>δίκην</span> <span class='ocrx_word' id='word_1_515' title='bbox 1426 3973 1650 4041; x_wconf 83' lang='grc' dir='ltr'>θηρίων</span> <span class='ocrx_word' id='word_1_516' title='bbox 1689 3974 1759 4028; x_wconf 87' lang='grc' dir='ltr'><strong>ἐν</strong></span> 
     </span>
    </p>
   </div>
   <div class='ocr_carea' id='block_1_74' title="bbox 1867 3954 3440 4042">
    <p class='ocr_par' dir='ltr' id='par_1_74' title="bbox 1867 3969 3440 4041">
     <span class='ocr_line' id='line_1_74' title="bbox 1867 3969 3440 4041; baseline -0.002 -14"><span class='ocrx_word' id='word_1_517' title='bbox 1867 3978 1911 4027; x_wconf 72' lang='lat' dir='ltr'><strong>et</strong></span> <span class='ocrx_word' id='word_1_518' title='bbox 1958 3971 2157 4026; x_wconf 84' lang='lat' dir='ltr'><strong>incolis</strong></span> <span class='ocrx_word' id='word_1_519' title='bbox 2202 3972 2339 4041; x_wconf 89' lang='lat' dir='ltr'><strong>ipsis</strong></span> <span class='ocrx_word' id='word_1_520' title='bbox 2380 3972 2738 4041; x_wconf 84' lang='lat' dir='ltr'><strong>exprobrare,</strong></span> <span class='ocrx_word' id='word_1_521' title='bbox 2784 3969 2933 4040; x_wconf 90' lang='lat' dir='ltr'><strong>quod</strong></span> <span class='ocrx_word' id='word_1_522' title='bbox 2965 3969 3201 4039; x_wconf 81' lang='lat' dir='ltr'><strong>ferarum</strong></span> <span class='ocrx_word' id='word_1_523' title='bbox 3232 3971 3339 4022; x_wconf 89' lang='lat' dir='ltr'><strong>ritu</strong></span> <span class='ocrx_word' id='word_1_524' title='bbox 3385 3970 3440 4025; x_wconf 88' lang='lat' dir='ltr'><strong>in</strong></span> 
     </span>
    </p>
   </div>
   <div class='ocr_carea' id='block_1_75' title="bbox 186 4044 1759 4137">
    <p class='ocr_par' dir='ltr' id='par_1_75' title="bbox 186 4044 1759 4137">
     <span class='ocr_line' id='line_1_75' title="bbox 186 4044 1759 4137; baseline 0.015 -41"><span class='ocrx_word' id='word_1_525' title='bbox 186 4044 374 4137; x_wconf 69' lang='grc' dir='ltr'>ἐρήμῳ</span> <span class='ocrx_word' id='word_1_526' title='bbox 439 4051 783 4119; x_wconf 84' lang='grc' dir='ltr'><strong>νεμομένων</strong></span> <span class='ocrx_word' id='word_1_527' title='bbox 835 4056 1236 4125; x_wconf 77' lang='grc' dir='ltr'>ἐπολιτεύοντο,</span> <span class='ocrx_word' id='word_1_528' title='bbox 1315 4061 1390 4133; x_wconf 81' lang='grc' dir='ltr'>μὴ</span> <span class='ocrx_word' id='word_1_529' title='bbox 1449 4063 1550 4135; x_wconf 84' lang='grc' dir='ltr'>τὴν</span> <span class='ocrx_word' id='word_1_530' title='bbox 1607 4065 1759 4137; x_wconf 83' lang='grc' dir='ltr'><strong>παρά</strong></span> 
     </span>
    </p>
   </div>
   <div class='ocr_carea' id='block_1_76' title="bbox 1867 4044 3441 4137">
    <p class='ocr_par' dir='ltr' id='par_1_76' title="bbox 1867 4063 3441 4134">
     <span class='ocr_line' id='line_1_76' title="bbox 1867 4063 3441 4134; baseline -0.003 -14"><span class='ocrx_word' id='word_1_531' title='bbox 1867 4064 2067 4120; x_wconf 81' lang='lat' dir='ltr'><strong>deserto</strong></span> <span class='ocrx_word' id='word_1_532' title='bbox 2100 4065 2451 4131; x_wconf 86' lang='lat' dir='ltr'><strong>pascentium,</strong></span> <span class='ocrx_word' id='word_1_533' title='bbox 2486 4065 2652 4118; x_wconf 90' lang='lat' dir='ltr'><strong>vitam</strong></span> <span class='ocrx_word' id='word_1_534' title='bbox 2673 4073 2921 4134; x_wconf 82' lang='lat' dir='ltr'><strong>agerent,</strong></span> <span class='ocrx_word' id='word_1_535' title='bbox 2954 4063 3087 4117; x_wconf 85' lang='lat' dir='ltr'><strong>nihil</strong></span> <span class='ocrx_word' id='word_1_536' title='bbox 3116 4063 3182 4117; x_wconf 79' lang='lat' dir='ltr'><strong>atl</strong></span> <span class='ocrx_word' id='word_1_537' title='bbox 3212 4076 3441 4117; x_wconf 86' lang='lat' dir='ltr'><strong>conces-</strong></span> 
     </span>
    </p>
   </div>
   <div class='ocr_carea' id='block_1_77' title="bbox 186 4136 1759 4231">
    <p class='ocr_par' dir='ltr' id='par_1_77' title="bbox 186 4136 1757 4231">
     <span class='ocr_line' id='line_1_77' title="bbox 186 4136 1757 4231; baseline 0.015 -41"><span class='ocrx_word' id='word_1_538' title='bbox 186 4136 313 4192; x_wconf 88' lang='grc' dir='ltr'>Θεοῦ</span> <span class='ocrx_word' id='word_1_539' title='bbox 347 4140 592 4199; x_wconf 80' lang='grc' dir='ltr'>δοθεῖσαν</span> <span class='ocrx_word' id='word_1_540' title='bbox 626 4146 809 4212; x_wconf 79' lang='grc' dir='ltr'>αὐτοῖς</span> <span class='ocrx_word' id='word_1_541' title='bbox 858 4152 1025 4221; x_wconf 83' lang='grc' dir='ltr'>τιμὴν</span> <span class='ocrx_word' id='word_1_542' title='bbox 1057 4152 1450 4225; x_wconf 81' lang='grc' dir='ltr'>λογισάμενοι,</span> <span class='ocrx_word' id='word_1_543' title='bbox 1510 4157 1581 4211; x_wconf 82' lang='grc' dir='ltr'>δι’</span> <span class='ocrx_word' id='word_1_544' title='bbox 1611 4158 1673 4213; x_wconf 80' lang='grc' dir='ltr'><strong>ὃν</strong></span> <span class='ocrx_word' id='word_1_545' title='bbox 1694 4136 1757 4231; x_wconf 14' lang='grc' dir='ltr'><strong>νή</strong></span> 
     </span>
    </p>
   </div>
   <div class='ocr_carea' id='block_1_78' title="bbox 1867 4136 3438 4231">
    <p class='ocr_par' dir='ltr' id='par_1_78' title="bbox 1867 4156 3438 4225">
     <span class='ocr_line' id='line_1_78' title="bbox 1867 4156 3438 4225; baseline -0.004 -12"><span class='ocrx_word' id='word_1_546' title='bbox 1867 4173 1986 4214; x_wconf 89' lang='lat' dir='ltr'><strong>smn</strong></span> <span class='ocrx_word' id='word_1_547' title='bbox 2023 4159 2127 4212; x_wconf 86' lang='lat' dir='ltr'><strong>sibi</strong></span> <span class='ocrx_word' id='word_1_548' title='bbox 2170 4172 2202 4212; x_wconf 90' lang='lat' dir='ltr'><strong>a</strong></span> <span class='ocrx_word' id='word_1_549' title='bbox 2248 4157 2357 4213; x_wconf 85' lang='lat' dir='ltr'><strong>Deo</strong></span> <span class='ocrx_word' id='word_1_550' title='bbox 2407 4156 2671 4213; x_wconf 90' lang='lat' dir='ltr'><strong>honorem</strong></span> <span class='ocrx_word' id='word_1_551' title='bbox 2722 4156 3091 4217; x_wconf 81' lang='lat' dir='ltr'><strong>advertentcs,</strong></span> <span class='ocrx_word' id='word_1_552' title='bbox 3138 4170 3232 4225; x_wconf 89' lang='lat' dir='ltr'><strong>per</strong></span> <span class='ocrx_word' id='word_1_553' title='bbox 3274 4169 3438 4224; x_wconf 91' lang='lat' dir='ltr'><strong>quem</strong></span> 
     </span>
    </p>
   </div>
   <div class='ocr_carea' id='block_1_79' title="bbox 188 4231 1759 4323">
    <p class='ocr_par' dir='ltr' id='par_1_79' title="bbox 188 4231 1755 4318">
     <span class='ocr_line' id='line_1_79' title="bbox 188 4231 1755 4318; baseline 0.013 -35"><span class='ocrx_word' id='word_1_554' title='bbox 188 4231 337 4296; x_wconf 83' lang='grc' dir='ltr'>πόλις</span> <span class='ocrx_word' id='word_1_555' title='bbox 366 4235 604 4308; x_wconf 81' lang='grc' dir='ltr'><strong>ηὐξήθη,</strong></span> <span class='ocrx_word' id='word_1_556' title='bbox 635 4239 729 4293; x_wconf 73' lang='grc' dir='ltr'>καὶ</span> <span class='ocrx_word' id='word_1_557' title='bbox 759 4241 885 4296; x_wconf 84' lang='grc' dir='ltr'>ναὸν</span> <span class='ocrx_word' id='word_1_558' title='bbox 923 4241 1048 4314; x_wconf 79' lang='grc' dir='ltr'>ἔσχε</span> <span class='ocrx_word' id='word_1_559' title='bbox 1087 4245 1241 4311; x_wconf 80' lang='grc' dir='ltr'>Θεοῦ,</span> <span class='ocrx_word' id='word_1_560' title='bbox 1274 4246 1445 4317; x_wconf 78' lang='grc' dir='ltr'>Ἀγιά</span> <span class='ocrx_word' id='word_1_561' title='bbox 1473 4266 1532 4305; x_wconf 83' lang='grc' dir='ltr'><strong>τε</strong></span> <span class='ocrx_word' id='word_1_562' title='bbox 1560 4250 1755 4318; x_wconf 81' lang='grc' dir='ltr'>ἁγίων,</span> 
     </span>
    </p>
   </div>
   <div class='ocr_carea' id='block_1_80' title="bbox 1867 4231 3438 4323">
    <p class='ocr_par' dir='ltr' id='par_1_80' title="bbox 1867 4247 3438 4323">
     <span class='ocr_line' id='line_1_80' title="bbox 1867 4247 3438 4323; baseline -0.007 -15"><span class='ocrx_word' id='word_1_563' title='bbox 1867 4254 1991 4309; x_wconf 89' lang='lat' dir='ltr'><strong>urbs</strong></span> <span class='ocrx_word' id='word_1_564' title='bbox 2025 4253 2141 4323; x_wconf 89' lang='lat' dir='ltr'><strong>ipsa</strong></span> <span class='ocrx_word' id='word_1_565' title='bbox 2164 4251 2353 4317; x_wconf 90' lang='lat' dir='ltr'><strong>crevit,</strong></span> <span class='ocrx_word' id='word_1_566' title='bbox 2393 4266 2513 4320; x_wconf 64' lang='lat' dir='ltr'><strong>qua:</strong></span> <span class='ocrx_word' id='word_1_567' title='bbox 2551 4250 2811 4319; x_wconf 91' lang='lat' dir='ltr'><strong>templum</strong></span> <span class='ocrx_word' id='word_1_568' title='bbox 2845 4247 2963 4313; x_wconf 90' lang='lat' dir='ltr'><strong>Dei,</strong></span> <span class='ocrx_word' id='word_1_569' title='bbox 2991 4257 3045 4302; x_wconf 90' lang='lat' dir='ltr'><strong>et</strong></span> <span class='ocrx_word' id='word_1_570' title='bbox 3070 4247 3276 4300; x_wconf 88' lang='lat' dir='ltr'><strong>Sancta</strong></span> <span class='ocrx_word' id='word_1_571' title='bbox 3304 4260 3438 4301; x_wconf 86' lang='lat' dir='ltr'><strong>san-</strong></span> 
     </span>
    </p>
   </div>
   <div class='ocr_carea' id='block_1_81' title="bbox 188 4323 1759 4411">
    <p class='ocr_par' dir='ltr' id='par_1_81' title="bbox 188 4323 1759 4411">
     <span class='ocr_line' id='line_1_81' title="bbox 188 4323 1759 4411; baseline 0.013 -37"><span class='ocrx_word' id='word_1_572' title='bbox 188 4324 276 4376; x_wconf 73' lang='grc' dir='ltr'>καὶ</span> <span class='ocrx_word' id='word_1_573' title='bbox 306 4323 497 4399; x_wconf 83' lang='grc' dir='ltr'>ὥσπερ</span> <span class='ocrx_word' id='word_1_574' title='bbox 530 4328 741 4399; x_wconf 83' lang='grc' dir='ltr'>ἀνῆπτο</span> <span class='ocrx_word' id='word_1_575' title='bbox 770 4333 932 4386; x_wconf 79' lang='grc' dir='ltr'>παντὶ</span> <span class='ocrx_word' id='word_1_576' title='bbox 976 4334 1053 4405; x_wconf 81' lang='grc' dir='ltr'>τῷ</span> <span class='ocrx_word' id='word_1_577' title='bbox 1083 4336 1272 4408; x_wconf 83' lang='grc' dir='ltr'>κόσμῳ</span> <span class='ocrx_word' id='word_1_578' title='bbox 1290 4338 1548 4411; x_wconf 74' lang='grc' dir='ltr'>λαμπτὴρ</span> <span class='ocrx_word' id='word_1_579' title='bbox 1572 4357 1588 4373; x_wconf 78' lang='grc' dir='ltr'><strong>ο</strong></span> <span class='ocrx_word' id='word_1_580' title='bbox 1640 4342 1759 4396; x_wconf 86' lang='grc' dir='ltr'>ἀλλ’</span> 
     </span>
    </p>
   </div>
   <div class='ocr_carea' id='block_1_82' title="bbox 1867 4323 3440 4411">
    <p class='ocr_par' dir='ltr' id='par_1_82' title="bbox 1867 4335 3440 4405">
     <span class='ocr_line' id='line_1_82' title="bbox 1867 4335 3440 4405; baseline -0.004 -7"><span class='ocrx_word' id='word_1_581' title='bbox 1867 4352 2069 4398; x_wconf 78' lang='lat' dir='ltr'><strong>ctorum</strong></span> <span class='ocrx_word' id='word_1_582' title='bbox 2115 4342 2335 4405; x_wconf 83' lang='lat' dir='ltr'><strong>sortita,</strong></span> <span class='ocrx_word' id='word_1_583' title='bbox 2383 4348 2497 4395; x_wconf 95' lang='lat' dir='ltr'><strong>toto</strong></span> <span class='ocrx_word' id='word_1_584' title='bbox 2538 4341 2673 4397; x_wconf 89' lang='lat' dir='ltr'><strong>orbe</strong></span> <span class='ocrx_word' id='word_1_585' title='bbox 2714 4348 2985 4405; x_wconf 76' lang='lat' dir='ltr'><strong>terrarum</strong></span> <span class='ocrx_word' id='word_1_586' title='bbox 3035 4348 3296 4404; x_wconf 89' lang='lat' dir='ltr'><strong>tanquam</strong></span> <span class='ocrx_word' id='word_1_587' title='bbox 3349 4335 3440 4391; x_wconf 80' lang='lat' dir='ltr'><strong>fax</strong></span> 
     </span>
    </p>
   </div>
   <div class='ocr_carea' id='block_1_83' title="bbox 188 4417 1759 4501">
    <p class='ocr_par' dir='ltr' id='par_1_83' title="bbox 188 4417 1757 4501">
     <span class='ocr_line' id='line_1_83' title="bbox 188 4417 1757 4501; baseline 0.013 -35"><span class='ocrx_word' id='word_1_588' title='bbox 188 4417 260 4480; x_wconf 83' lang='grc' dir='ltr'>είς</span> <span class='ocrx_word' id='word_1_589' title='bbox 302 4417 537 4487; x_wconf 80' lang='grc' dir='ltr'>ἀλόγους</span> <span class='ocrx_word' id='word_1_590' title='bbox 576 4422 897 4495; x_wconf 83' lang='grc' dir='ltr'>ἐτράπησαν</span> <span class='ocrx_word' id='word_1_591' title='bbox 953 4428 1148 4497; x_wconf 76' lang='grc' dir='ltr'>ἡδονὰς</span> <span class='ocrx_word' id='word_1_592' title='bbox 1217 4432 1286 4484; x_wconf 78' lang='grc' dir='ltr'>τὰ</span> <span class='ocrx_word' id='word_1_593' title='bbox 1356 4430 1466 4486; x_wconf 84' lang='grc' dir='ltr'>τῶν</span> <span class='ocrx_word' id='word_1_594' title='bbox 1536 4433 1757 4501; x_wconf 84' lang='grc' dir='ltr'>ἀλόγων</span> 
     </span>
    </p>
   </div>
   <div class='ocr_carea' id='block_1_84' title="bbox 1867 4417 3435 4501">
    <p class='ocr_par' dir='ltr' id='par_1_84' title="bbox 1867 4427 3435 4499">
     <span class='ocr_line' id='line_1_84' title="bbox 1867 4427 3435 4499; baseline -0.004 -11"><span class='ocrx_word' id='word_1_595' title='bbox 1867 4434 2067 4499; x_wconf 69' lang='lat' dir='ltr'><strong>elucet;</strong></span> <span class='ocrx_word' id='word_1_596' title='bbox 2102 4433 2197 4487; x_wconf 88' lang='lat' dir='ltr'><strong>sed</strong></span> <span class='ocrx_word' id='word_1_597' title='bbox 2234 4432 2303 4486; x_wconf 90' lang='lat' dir='ltr'><strong>ad</strong></span> <span class='ocrx_word' id='word_1_598' title='bbox 2331 4431 2560 4486; x_wconf 88' lang='lat' dir='ltr'><strong>insanas</strong></span> <span class='ocrx_word' id='word_1_599' title='bbox 2604 4431 2915 4499; x_wconf 88' lang='lat' dir='ltr'><strong>voluptates</strong></span> <span class='ocrx_word' id='word_1_600' title='bbox 2949 4428 3201 4483; x_wconf 89' lang='lat' dir='ltr'><strong>conversi</strong></span> <span class='ocrx_word' id='word_1_601' title='bbox 3241 4427 3435 4481; x_wconf 90' lang='lat' dir='ltr'><strong>bruto-</strong></span> 
     </span>
    </p>
   </div>
   <div class='ocr_carea' id='block_1_85' title="bbox 187 4508 1759 4594">
    <p class='ocr_par' dir='ltr' id='par_1_85' title="bbox 187 4508 1758 4594">
     <span class='ocr_line' id='line_1_85' title="bbox 187 4508 1758 4594; baseline 0.012 -34"><span class='ocrx_word' id='word_1_602' title='bbox 187 4508 560 4582; x_wconf 76' lang='grc' dir='ltr'>ἡθημούμενοι</span> <span class='ocrx_word' id='word_1_603' title='bbox 596 4525 643 4578; x_wconf 74' lang='grc' dir='ltr'>ο,</span> <span class='ocrx_word' id='word_1_604' title='bbox 694 4516 798 4583; x_wconf 86' lang='grc' dir='ltr'>διὸ,</span> <span class='ocrx_word' id='word_1_605' title='bbox 855 4519 1189 4587; x_wconf 76' lang='grc' dir='ltr'>τετράποδα</span> <span class='ocrx_word' id='word_1_606' title='bbox 1259 4523 1437 4589; x_wconf 83' lang='grc' dir='ltr'>καλεῖ,</span> <span class='ocrx_word' id='word_1_607' title='bbox 1495 4525 1591 4579; x_wconf 77' lang='grc' dir='ltr'>καὶ</span> <span class='ocrx_word' id='word_1_608' title='bbox 1640 4524 1758 4594; x_wconf 76' lang='grc' dir='ltr'><strong>τὴν</strong></span> 
     </span>
    </p>
   </div>
   <div class='ocr_carea' id='block_1_86' title="bbox 1867 4508 3439 4594">
    <p class='ocr_par' dir='ltr' id='par_1_86' title="bbox 1867 4518 3439 4591">
     <span class='ocr_line' id='line_1_86' title="bbox 1867 4518 3439 4591; baseline -0.003 -13"><span class='ocrx_word' id='word_1_609' title='bbox 1867 4540 1974 4579; x_wconf 82' lang='lat' dir='ltr'><strong>rum</strong></span> <span class='ocrx_word' id='word_1_610' title='bbox 2008 4540 2189 4579; x_wconf 88' lang='lat' dir='ltr'><strong>mores</strong></span> <span class='ocrx_word' id='word_1_611' title='bbox 2222 4525 2527 4578; x_wconf 88' lang='lat' dir='ltr'><strong>imitentur.</strong></span> <span class='ocrx_word' id='word_1_612' title='bbox 2575 4525 2754 4591; x_wconf 82' lang='lat' dir='ltr'><strong>Atque</strong></span> <span class='ocrx_word' id='word_1_613' title='bbox 2787 4522 2917 4576; x_wconf 89' lang='lat' dir='ltr'><strong>hinc</strong></span> <span class='ocrx_word' id='word_1_614' title='bbox 2966 4527 3070 4584; x_wconf 87' lang='lat' dir='ltr'><strong>est,</strong></span> <span class='ocrx_word' id='word_1_615' title='bbox 3123 4518 3269 4587; x_wconf 87' lang='lat' dir='ltr'><strong>quod</strong></span> <span class='ocrx_word' id='word_1_616' title='bbox 3304 4536 3439 4588; x_wconf 82' lang='lat' dir='ltr'><strong>qua-</strong></span> 
     </span>
    </p>
   </div>
   <div class='ocr_carea' id='block_1_87' title="bbox 189 4597 1759 4685">
    <p class='ocr_par' dir='ltr' id='par_1_87' title="bbox 189 4601 1754 4685">
     <span class='ocr_line' id='line_1_87' title="bbox 189 4601 1754 4685; baseline 0.01 -32"><span class='ocrx_word' id='word_1_617' title='bbox 189 4601 391 4668; x_wconf 84' lang='grc' dir='ltr'>ὅρασιν</span> <span class='ocrx_word' id='word_1_618' title='bbox 467 4605 568 4677; x_wconf 80' lang='grc' dir='ltr'>οὐχ</span> <span class='ocrx_word' id='word_1_619' title='bbox 595 4607 672 4672; x_wconf 87' lang='grc' dir='ltr'><strong>ὡς</strong></span> <span class='ocrx_word' id='word_1_620' title='bbox 718 4609 855 4681; x_wconf 82' lang='grc' dir='ltr'>πρὸς</span> <span class='ocrx_word' id='word_1_621' title='bbox 877 4610 1201 4682; x_wconf 81' lang='grc' dir='ltr'>ἀνθρώπους</span> <span class='ocrx_word' id='word_1_622' title='bbox 1223 4612 1372 4682; x_wconf 83' lang='grc' dir='ltr'>λέγει</span> <span class='ocrx_word' id='word_1_623' title='bbox 1404 4615 1754 4685; x_wconf 76' lang='grc' dir='ltr'>κομίζεσθαι.</span> 
     </span>
    </p>
   </div>
   <div class='ocr_carea' id='block_1_88' title="bbox 1867 4597 3438 4685">
    <p class='ocr_par' dir='ltr' id='par_1_88' title="bbox 1867 4611 3438 4685">
     <span class='ocr_line' id='line_1_88' title="bbox 1867 4611 3438 4685; baseline -0.003 -18"><span class='ocrx_word' id='word_1_624' title='bbox 1867 4614 2151 4684; x_wconf 85' lang='lat' dir='ltr'><strong>drupedum</strong></span> <span class='ocrx_word' id='word_1_625' title='bbox 2186 4615 2404 4669; x_wconf 87' lang='lat' dir='ltr'><strong>nomine</strong></span> <span class='ocrx_word' id='word_1_626' title='bbox 2436 4613 2661 4685; x_wconf 68' lang='lat' dir='ltr'><strong>prmlixo</strong></span> <span class='ocrx_word' id='word_1_627' title='bbox 2707 4612 2972 4682; x_wconf 75' lang='lat' dir='ltr'><strong>iumentis</strong></span> <span class='ocrx_word' id='word_1_628' title='bbox 3019 4611 3236 4681; x_wconf 83' lang='lat' dir='ltr'><strong>potius,</strong></span> <span class='ocrx_word' id='word_1_629' title='bbox 3273 4624 3438 4679; x_wconf 89' lang='lat' dir='ltr'><strong>quam</strong></span> 
     </span>
    </p>
   </div>
   <div class='ocr_carea' id='block_1_89' title="bbox 188 4693 1761 4776">
    <p class='ocr_par' dir='ltr' id='par_1_89' title="bbox 188 4693 1761 4776">
     <span class='ocr_line' id='line_1_89' title="bbox 188 4693 1761 4776; baseline 0.01 -31"><span class='ocrx_word' id='word_1_630' title='bbox 188 4693 333 4758; x_wconf 77' lang='grc' dir='ltr'>Τινὲς</span> <span class='ocrx_word' id='word_1_631' title='bbox 360 4695 421 4749; x_wconf 77' lang='grc' dir='ltr'>δέ</span> <span class='ocrx_word' id='word_1_632' title='bbox 448 4714 616 4765; x_wconf 82' lang='grc' dir='ltr'>φασιν</span> <span class='ocrx_word' id='word_1_633' title='bbox 656 4701 714 4752; x_wconf 91' lang='grc' dir='ltr'><strong>ἐν</strong></span> <span class='ocrx_word' id='word_1_634' title='bbox 737 4703 803 4771; x_wconf 83' lang='grc' dir='ltr'>τῇ</span> <span class='ocrx_word' id='word_1_635' title='bbox 834 4701 1165 4776; x_wconf 81' lang='grc' dir='ltr'>κληροδοσίᾳ</span> <span class='ocrx_word' id='word_1_636' title='bbox 1221 4703 1323 4774; x_wconf 83' lang='grc' dir='ltr'><strong>τῆς</strong></span> <span class='ocrx_word' id='word_1_637' title='bbox 1365 4705 1472 4775; x_wconf 81' lang='grc' dir='ltr'><strong>γῆς</strong></span> <span class='ocrx_word' id='word_1_638' title='bbox 1521 4706 1621 4776; x_wconf 83' lang='grc' dir='ltr'><strong>τὴν</strong></span> <span class='ocrx_word' id='word_1_639' title='bbox 1664 4706 1761 4760; x_wconf 83' lang='grc' dir='ltr'><strong>τοῦ</strong></span> 
     </span>
    </p>
   </div>
   <div class='ocr_carea' id='block_1_90' title="bbox 199 4783 1761 4870">
    <p class='ocr_par' dir='ltr' id='par_1_90' title="bbox 199 4783 1761 4870">
     <span class='ocr_line' id='line_1_90' title="bbox 199 4783 1761 4870; baseline 0.01 -35"><span class='ocrx_word' id='word_1_640' title='bbox 199 4783 357 4837; x_wconf 82' lang='grc' dir='ltr'>Ἰούδα</span> <span class='ocrx_word' id='word_1_641' title='bbox 411 4785 586 4857; x_wconf 72' lang='grc' dir='ltr'>φυλὴν</span> <span class='ocrx_word' id='word_1_642' title='bbox 635 4786 704 4843; x_wconf 79' lang='grc' dir='ltr'>τὰ</span> <span class='ocrx_word' id='word_1_643' title='bbox 754 4791 891 4862; x_wconf 82' lang='grc' dir='ltr'>πρὸς</span> <span class='ocrx_word' id='word_1_644' title='bbox 930 4793 1010 4863; x_wconf 80' lang='grc' dir='ltr'><strong>ὴώ</strong></span> <span class='ocrx_word' id='word_1_645' title='bbox 1042 4811 1097 4847; x_wconf 84' lang='grc' dir='ltr'><strong>τε</strong></span> <span class='ocrx_word' id='word_1_646' title='bbox 1130 4793 1224 4847; x_wconf 77' lang='grc' dir='ltr'>καὶ</span> <span class='ocrx_word' id='word_1_647' title='bbox 1249 4795 1401 4849; x_wconf 85' lang='grc' dir='ltr'>νότον</span> <span class='ocrx_word' id='word_1_648' title='bbox 1431 4796 1532 4866; x_wconf 81' lang='grc' dir='ltr'><strong>τῆς</strong></span> <span class='ocrx_word' id='word_1_649' title='bbox 1575 4796 1761 4870; x_wconf 85' lang='grc' dir='ltr'>χώρας</span> 
     </span>
    </p>
   </div>
   <div class='ocr_carea' id='block_1_91' title="bbox 188 4874 1760 4959">
    <p class='ocr_par' dir='ltr' id='par_1_91' title="bbox 188 4874 1760 4959">
     <span class='ocr_line' id='line_1_91' title="bbox 188 4874 1760 4959; baseline 0.01 -30"><span class='ocrx_word' id='word_1_650' title='bbox 188 4874 362 4947; x_wconf 80' lang='grc' dir='ltr'>λαχεῖν</span> <span class='ocrx_word' id='word_1_651' title='bbox 399 4883 974 4956; x_wconf 83' lang='grc' dir='ltr'>προσπαρακειμένης</span> <span class='ocrx_word' id='word_1_652' title='bbox 1007 4887 1195 4950; x_wconf 84' lang='grc' dir='ltr'>αὐτοῖς</span> <span class='ocrx_word' id='word_1_653' title='bbox 1238 4887 1337 4957; x_wconf 82' lang='grc' dir='ltr'><strong>τῆς</strong></span> <span class='ocrx_word' id='word_1_654' title='bbox 1396 4889 1629 4959; x_wconf 81' lang='grc' dir='ltr'>ἐρήμου,</span> <span class='ocrx_word' id='word_1_655' title='bbox 1691 4890 1760 4944; x_wconf 90' lang='grc' dir='ltr'>δι’</span> 
     </span>
    </p>
   </div>
   <div class='ocr_carea' id='block_1_92' title="bbox 188 4967 1759 5052">
    <p class='ocr_par' dir='ltr' id='par_1_92' title="bbox 188 4967 1759 5052">
     <span class='ocr_line' id='line_1_92' title="bbox 188 4967 1759 5052; baseline 0.01 -28"><span class='ocrx_word' id='word_1_656' title='bbox 188 4967 246 5044; x_wconf 79' lang='grc' dir='ltr'><strong>ἧς</strong></span> <span class='ocrx_word' id='word_1_657' title='bbox 271 4969 336 5043; x_wconf 82' lang='grc' dir='ltr'><strong>ἧν</strong></span> <span class='ocrx_word' id='word_1_658' title='bbox 359 4974 587 5029; x_wconf 80' lang='grc' dir='ltr'>ἀπιέναι</span> <span class='ocrx_word' id='word_1_659' title='bbox 616 4979 747 5040; x_wconf 83' lang='grc' dir='ltr'>τοὺς</span> <span class='ocrx_word' id='word_1_660' title='bbox 778 4978 1035 5043; x_wconf 84' lang='grc' dir='ltr'>θέλοντας</span> <span class='ocrx_word' id='word_1_661' title='bbox 1071 4982 1151 5044; x_wconf 83' lang='grc' dir='ltr'>είς</span> <span class='ocrx_word' id='word_1_662' title='bbox 1202 4980 1301 5052; x_wconf 86' lang='grc' dir='ltr'>τὴν</span> <span class='ocrx_word' id='word_1_663' title='bbox 1326 4982 1622 5051; x_wconf 74' lang='grc' dir='ltr'>Αἴγυπτον.</span> <span class='ocrx_word' id='word_1_664' title='bbox 1669 4984 1759 5039; x_wconf 89' lang='grc' dir='ltr'>Ἐν</span> 
     </span>
    </p>
   </div>
   <div class='ocr_carea' id='block_1_93' title="bbox 191 5067 1753 5148">
    <p class='ocr_par' dir='ltr' id='par_1_93' title="bbox 191 5067 1753 5148">
     <span class='ocr_line' id='line_1_93' title="bbox 191 5067 1753 5148; baseline 0.009 -31"><span class='ocrx_word' id='word_1_665' title='bbox 191 5067 348 5137; x_wconf 82' lang='grc' dir='ltr'>καιρῷ</span> <span class='ocrx_word' id='word_1_666' title='bbox 377 5068 560 5121; x_wconf 84' lang='grc' dir='ltr'>τοίνυν</span> <span class='ocrx_word' id='word_1_667' title='bbox 581 5070 684 5140; x_wconf 80' lang='grc' dir='ltr'><strong>τῆς</strong></span> <span class='ocrx_word' id='word_1_668' title='bbox 705 5072 815 5125; x_wconf 84' lang='grc' dir='ltr'>τῶν</span> <span class='ocrx_word' id='word_1_669' title='bbox 858 5073 1160 5144; x_wconf 83' lang='grc' dir='ltr'>Ἀσσυρίων</span> <span class='ocrx_word' id='word_1_670' title='bbox 1189 5074 1380 5144; x_wconf 82' lang='grc' dir='ltr'>ἐφόδου</span> <span class='ocrx_word' id='word_1_671' title='bbox 1413 5074 1623 5146; x_wconf 89' lang='grc' dir='ltr'>(τοῦτον</span> <span class='ocrx_word' id='word_1_672' title='bbox 1643 5077 1753 5148; x_wconf 76' lang='grc' dir='ltr'>γὰρ</span> 
     </span>
    </p>
   </div>
   <div class='ocr_carea' id='block_1_94' title="bbox 192 5160 1751 5239">
    <p class='ocr_par' dir='ltr' id='par_1_94' title="bbox 192 5160 1751 5239">
     <span class='ocr_line' id='line_1_94' title="bbox 192 5160 1751 5239; baseline 0.008 -28"><span class='ocrx_word' id='word_1_673' title='bbox 192 5160 387 5227; x_wconf 65' lang='grc' dir='ltr'>θλίψιν</span> <span class='ocrx_word' id='word_1_674' title='bbox 446 5161 545 5215; x_wconf 79' lang='grc' dir='ltr'>καὶ</span> <span class='ocrx_word' id='word_1_675' title='bbox 606 5167 1018 5234; x_wconf 83' lang='grc' dir='ltr'>στενοχωρίαν</span> <span class='ocrx_word' id='word_1_676' title='bbox 1060 5166 1339 5239; x_wconf 81' lang='grc' dir='ltr'>ἐκάλεσεν)</span> <span class='ocrx_word' id='word_1_677' title='bbox 1408 5168 1589 5234; x_wconf 75' lang='grc' dir='ltr'>λέων,</span> <span class='ocrx_word' id='word_1_678' title='bbox 1650 5170 1751 5224; x_wconf 74' lang='grc' dir='ltr'>καὶ</span> 
     </span>
    </p>
   </div>
   <div class='ocr_carea' id='block_1_95' title="bbox 191 5251 1753 5332">
    <p class='ocr_par' dir='ltr' id='par_1_95' title="bbox 191 5251 1753 5332">
     <span class='ocr_line' id='line_1_95' title="bbox 191 5251 1753 5332; baseline 0.012 -31"><span class='ocrx_word' id='word_1_679' title='bbox 191 5251 447 5320; x_wconf 69' lang='grc' dir='ltr'>σκύμνος</span> <span class='ocrx_word' id='word_1_680' title='bbox 469 5253 721 5321; x_wconf 77' lang='grc' dir='ltr'>λέοντος</span> <span class='ocrx_word' id='word_1_681' title='bbox 780 5257 1027 5314; x_wconf 74' lang='grc' dir='ltr'>ἐκεῖθεν.</span> <span class='ocrx_word' id='word_1_682' title='bbox 1078 5257 1343 5326; x_wconf 83' lang='grc' dir='ltr'><strong>Λέοντας</strong></span> <span class='ocrx_word' id='word_1_683' title='bbox 1398 5262 1501 5330; x_wconf 85' lang='grc' dir='ltr'>μὲν</span> <span class='ocrx_word' id='word_1_684' title='bbox 1574 5262 1753 5332; x_wconf 85' lang='grc' dir='ltr'>λέγων</span> 
     </span>
    </p>
   </div>
   <div class='ocr_carea' id='block_1_96' title="bbox 190 5341 1753 5423">
    <p class='ocr_par' dir='ltr' id='par_1_96' title="bbox 190 5341 1753 5423">
     <span class='ocr_line' id='line_1_96' title="bbox 190 5341 1753 5423; baseline 0.01 -31"><span class='ocrx_word' id='word_1_685' title='bbox 190 5341 301 5405; x_wconf 75' lang='grc' dir='ltr'>τοὺς</span> <span class='ocrx_word' id='word_1_686' title='bbox 321 5342 581 5411; x_wconf 85' lang='grc' dir='ltr'>δυνατούς</span> <span class='ocrx_word' id='word_1_687' title='bbox 606 5364 667 5400; x_wconf 83' lang='grc' dir='ltr'><strong>τε</strong></span> <span class='ocrx_word' id='word_1_688' title='bbox 696 5348 792 5402; x_wconf 78' lang='grc' dir='ltr'><strong>καὶ</strong></span> <span class='ocrx_word' id='word_1_689' title='bbox 849 5349 1139 5422; x_wconf 78' lang='grc' dir='ltr'>ἄρχοντας,</span> <span class='ocrx_word' id='word_1_690' title='bbox 1193 5354 1507 5423; x_wconf 84' lang='grc' dir='ltr'>σκύμνους</span> <span class='ocrx_word' id='word_1_691' title='bbox 1526 5354 1585 5407; x_wconf 84' lang='grc' dir='ltr'>δὲ</span> <span class='ocrx_word' id='word_1_692' title='bbox 1625 5357 1753 5420; x_wconf 78' lang='grc' dir='ltr'>τοὺς</span> 
     </span>
    </p>
   </div>
   <div class='ocr_carea' id='block_1_97' title="bbox 194 5433 1754 5514">
    <p class='ocr_par' dir='ltr' id='par_1_97' title="bbox 194 5433 1754 5514">
     <span class='ocr_line' id='line_1_97' title="bbox 194 5433 1754 5514; baseline 0.012 -30"><span class='ocrx_word' id='word_1_693' title='bbox 194 5433 339 5498; x_wconf 79' lang='grc' dir='ltr'>εὐθὺς</span> <span class='ocrx_word' id='word_1_694' title='bbox 371 5438 491 5507; x_wconf 83' lang='grc' dir='ltr'>μετ’</span> <span class='ocrx_word' id='word_1_695' title='bbox 518 5439 739 5508; x_wconf 78' lang='grc' dir='ltr'>αὐτοὺς,</span> <span class='ocrx_word' id='word_1_696' title='bbox 772 5442 922 5514; x_wconf 61' lang='lat' dir='ltr'><strong>ﬁnal.</strong></span> <span class='ocrx_word' id='word_1_697' title='bbox 948 5444 1008 5509; x_wconf 82' lang='grc' dir='ltr'><strong>ἐξ</strong></span> <span class='ocrx_word' id='word_1_698' title='bbox 1044 5445 1228 5501; x_wconf 81' lang='grc' dir='ltr'>αὐτῶν</span> <span class='ocrx_word' id='word_1_699' title='bbox 1262 5464 1276 5479; x_wconf 92' lang='grc'><strong>·</strong></span> <span class='ocrx_word' id='word_1_700' title='bbox 1313 5449 1407 5501; x_wconf 79' lang='grc' dir='ltr'>καὶ</span> <span class='ocrx_word' id='word_1_701' title='bbox 1466 5448 1593 5511; x_wconf 82' lang='grc' dir='ltr'>τοὺς</span> <span class='ocrx_word' id='word_1_702' title='bbox 1641 5447 1754 5501; x_wconf 84' lang='grc' dir='ltr'>λοι-</span> 
     </span>
    </p>
   </div>
   <div class='ocr_carea' id='block_1_98' title="bbox 253 5614 755 5686">
    <p class='ocr_par' dir='ltr' id='par_1_98' title="bbox 253 5614 755 5686">
     <span class='ocr_line' id='line_1_98' title="bbox 253 5614 755 5686; baseline 0.012 -18"><span class='ocrx_word' id='word_1_703' title='bbox 253 5614 304 5646; x_wconf 76' lang='lat'><strong>&quot;</strong></span> <span class='ocrx_word' id='word_1_704' title='bbox 326 5614 473 5672; x_wconf 83' lang='lat' dir='ltr'><strong>Psal.</strong></span> <span class='ocrx_word' id='word_1_705' title='bbox 506 5632 676 5686; x_wconf 79' lang='lat' dir='ltr'><strong>cxvn,</strong></span> <span class='ocrx_word' id='word_1_706' title='bbox 700 5618 755 5674; x_wconf 90' lang='lat'><strong>8.</strong></span> 
     </span>
    </p>
   </div>
   <div class='ocr_carea' id='block_1_99' title="bbox 1862 4702 3436 4777">
    <p class='ocr_par' dir='ltr' id='par_1_99' title="bbox 1862 4702 3436 4777">
     <span class='ocr_line' id='line_1_99' title="bbox 1862 4702 3436 4777; baseline -0.004 -17"><span class='ocrx_word' id='word_1_707' title='bbox 1862 4706 2206 4771; x_wconf 87' lang='lat' dir='ltr'><strong>hominibus,</strong></span> <span class='ocrx_word' id='word_1_708' title='bbox 2260 4707 2513 4760; x_wconf 84' lang='lat' dir='ltr'><strong>visionem</strong></span> <span class='ocrx_word' id='word_1_709' title='bbox 2564 4704 2751 4760; x_wconf 77' lang='lat' dir='ltr'><strong>oli&#39;erri</strong></span> <span class='ocrx_word' id='word_1_710' title='bbox 2808 4710 3009 4777; x_wconf 81' lang='lat' dir='ltr'><strong>movet.</strong></span> <span class='ocrx_word' id='word_1_711' title='bbox 3063 4702 3171 4756; x_wconf 76' lang='lat' dir='ltr'><strong>Alii</strong></span> <span class='ocrx_word' id='word_1_712' title='bbox 3222 4702 3275 4756; x_wconf 90' lang='lat' dir='ltr'><strong>in</strong></span> <span class='ocrx_word' id='word_1_713' title='bbox 3320 4702 3436 4770; x_wconf 88' lang='lat' dir='ltr'><strong>ipsa</strong></span> 
     </span>
    </p>
   </div>
   <div class='ocr_carea' id='block_1_100' title="bbox 1860 4779 3439 4865">
    <p class='ocr_par' dir='ltr' id='par_1_100' title="bbox 1860 4779 3439 4865">
     <span class='ocr_line' id='line_1_100' title="bbox 1860 4779 3439 4865; baseline -0.004 -13"><span class='ocrx_word' id='word_1_714' title='bbox 1860 4806 2021 4854; x_wconf 70' lang='lat' dir='ltr'><strong>terra:</strong></span> <span class='ocrx_word' id='word_1_715' title='bbox 2042 4798 2355 4863; x_wconf 84' lang='lat' dir='ltr'><strong>sortitione,</strong></span> <span class='ocrx_word' id='word_1_716' title='bbox 2407 4813 2527 4853; x_wconf 90' lang='lat' dir='ltr'><strong>eam</strong></span> <span class='ocrx_word' id='word_1_717' title='bbox 2571 4794 2726 4850; x_wconf 70' lang='lat' dir='ltr'><strong>Judaa</strong></span> <span class='ocrx_word' id='word_1_718' title='bbox 2755 4779 2917 4849; x_wconf 84' lang='lat' dir='ltr'><strong>tribui</strong></span> <span class='ocrx_word' id='word_1_719' title='bbox 2951 4795 3279 4865; x_wconf 85' lang='lat' dir='ltr'><strong>portionem,</strong></span> <span class='ocrx_word' id='word_1_720' title='bbox 3316 4808 3439 4863; x_wconf 69' lang='lat' dir='ltr'><strong>qua:</strong></span> 
     </span>
    </p>
   </div>
   <div class='ocr_carea' id='block_1_101' title="bbox 1861 4888 3439 4959">
    <p class='ocr_par' dir='ltr' id='par_1_101' title="bbox 1861 4888 3439 4959">
     <span class='ocr_line' id='line_1_101' title="bbox 1861 4888 3439 4959; baseline -0.004 -12"><span class='ocrx_word' id='word_1_721' title='bbox 1861 4888 2009 4947; x_wconf 89' lang='lat' dir='ltr'><strong>Solis</strong></span> <span class='ocrx_word' id='word_1_722' title='bbox 2034 4898 2214 4946; x_wconf 90' lang='lat' dir='ltr'><strong>ortum</strong></span> <span class='ocrx_word' id='word_1_723' title='bbox 2260 4899 2315 4945; x_wconf 91' lang='lat' dir='ltr'><strong>et</strong></span> <span class='ocrx_word' id='word_1_724' title='bbox 2359 4891 2644 4945; x_wconf 88' lang='lat' dir='ltr'><strong>meridiem</strong></span> <span class='ocrx_word' id='word_1_725' title='bbox 2693 4891 2961 4952; x_wconf 90' lang='lat' dir='ltr'><strong>intuetur,</strong></span> <span class='ocrx_word' id='word_1_726' title='bbox 3016 4897 3212 4959; x_wconf 90' lang='lat' dir='ltr'><strong>estque</strong></span> <span class='ocrx_word' id='word_1_727' title='bbox 3256 4888 3439 4941; x_wconf 88' lang='lat' dir='ltr'><strong>vicino</strong></span> 
     </span>
    </p>
   </div>
   <div class='ocr_carea' id='block_1_102' title="bbox 1857 4982 3436 5055">
    <p class='ocr_par' dir='ltr' id='par_1_102' title="bbox 1857 4982 3436 5055">
     <span class='ocr_line' id='line_1_102' title="bbox 1857 4982 3436 5055; baseline -0.003 -16"><span class='ocrx_word' id='word_1_728' title='bbox 1857 4986 2076 5041; x_wconf 89' lang='lat' dir='ltr'><strong>deserto</strong></span> <span class='ocrx_word' id='word_1_729' title='bbox 2130 4986 2404 5054; x_wconf 81' lang='lat' dir='ltr'><strong>proxima,</strong></span> <span class='ocrx_word' id='word_1_730' title='bbox 2458 4984 2723 5055; x_wconf 80' lang='lat' dir='ltr'><strong>obtigisse</strong></span> <span class='ocrx_word' id='word_1_731' title='bbox 2768 4983 2994 5051; x_wconf 85' lang='lat' dir='ltr'><strong>dicunt;</strong></span> <span class='ocrx_word' id='word_1_732' title='bbox 3038 4998 3136 5052; x_wconf 91' lang='lat' dir='ltr'><strong>per</strong></span> <span class='ocrx_word' id='word_1_733' title='bbox 3184 4998 3346 5053; x_wconf 89' lang='lat' dir='ltr'><strong>quam</strong></span> <span class='ocrx_word' id='word_1_734' title='bbox 3382 4982 3436 5035; x_wconf 90' lang='lat' dir='ltr'><strong>in</strong></span> 
     </span>
    </p>
   </div>
   <div class='ocr_carea' id='block_1_103' title="bbox 1853 5070 3437 5148">
    <p class='ocr_par' dir='ltr' id='par_1_103' title="bbox 1853 5070 3437 5148">
     <span class='ocr_line' id='line_1_103' title="bbox 1853 5070 3437 5148; baseline -0.004 -18"><span class='ocrx_word' id='word_1_735' title='bbox 1853 5075 2189 5148; x_wconf 63' lang='lat' dir='ltr'><strong>Egyptum,</strong></span> <span class='ocrx_word' id='word_1_736' title='bbox 2244 5076 2339 5145; x_wconf 90' lang='lat' dir='ltr'><strong>qui</strong></span> <span class='ocrx_word' id='word_1_737' title='bbox 2402 5075 2639 5138; x_wconf 85' lang='lat' dir='ltr'><strong>vellent,</strong></span> <span class='ocrx_word' id='word_1_738' title='bbox 2703 5074 2940 5129; x_wconf 85' lang='lat' dir='ltr'><strong>transire</strong></span> <span class='ocrx_word' id='word_1_739' title='bbox 3010 5084 3258 5143; x_wconf 84' lang='lat' dir='ltr'><strong>possent.</strong></span> <span class='ocrx_word' id='word_1_740' title='bbox 3316 5070 3437 5137; x_wconf 84' lang='lat' dir='ltr'><strong>Quo</strong></span> 
     </span>
    </p>
   </div>
   <div class='ocr_carea' id='block_1_104' title="bbox 1856 5165 3436 5238">
    <p class='ocr_par' dir='ltr' id='par_1_104' title="bbox 1856 5165 3436 5238">
     <span class='ocr_line' id='line_1_104' title="bbox 1856 5165 3436 5238; baseline -0.004 -14"><span class='ocrx_word' id='word_1_741' title='bbox 1856 5178 2097 5237; x_wconf 83' lang='lat' dir='ltr'><strong>tempore</strong></span> <span class='ocrx_word' id='word_1_742' title='bbox 2122 5170 2289 5238; x_wconf 78' lang='lat' dir='ltr'><strong>igitur</strong></span> <span class='ocrx_word' id='word_1_743' title='bbox 2324 5184 2444 5222; x_wconf 89' lang='lat' dir='ltr'><strong>eam</strong></span> <span class='ocrx_word' id='word_1_744' title='bbox 2480 5169 2681 5222; x_wconf 89' lang='lat' dir='ltr'><strong>invasit</strong></span> <span class='ocrx_word' id='word_1_745' title='bbox 2712 5168 2973 5238; x_wconf 82' lang='lat' dir='ltr'><strong>Assyrius</strong></span> <span class='ocrx_word' id='word_1_746' title='bbox 3011 5165 3089 5237; x_wconf 92' lang='lat' dir='ltr'><strong>(id</strong></span> <span class='ocrx_word' id='word_1_747' title='bbox 3154 5166 3299 5219; x_wconf 87' lang='lat' dir='ltr'><strong>enim</strong></span> <span class='ocrx_word' id='word_1_748' title='bbox 3342 5180 3436 5232; x_wconf 68' lang='lat' dir='ltr'><strong>per</strong></span> 
     </span>
    </p>
   </div>
   <div class='ocr_carea' id='block_1_105' title="bbox 1855 5256 3432 5331">
    <p class='ocr_par' dir='ltr' id='par_1_105' title="bbox 1855 5256 3432 5331">
     <span class='ocr_line' id='line_1_105' title="bbox 1855 5256 3432 5331; baseline -0.008 -12"><span class='ocrx_word' id='word_1_749' title='bbox 1855 5263 2251 5319; x_wconf 86' lang='lat' dir='ltr'><strong>tribulationem</strong></span> <span class='ocrx_word' id='word_1_750' title='bbox 2298 5271 2347 5316; x_wconf 90' lang='lat' dir='ltr'><strong>et</strong></span> <span class='ocrx_word' id='word_1_751' title='bbox 2399 5262 2703 5331; x_wconf 85' lang='lat' dir='ltr'><strong>angustiam</strong></span> <span class='ocrx_word' id='word_1_752' title='bbox 2735 5258 3052 5328; x_wconf 76' lang='lat' dir='ltr'><strong>signiﬁcat),</strong></span> <span class='ocrx_word' id='word_1_753' title='bbox 3092 5256 3211 5310; x_wconf 81' lang='lat' dir='ltr'><strong>inde</strong></span> <span class='ocrx_word' id='word_1_754' title='bbox 3232 5257 3432 5309; x_wconf 86' lang='lat' dir='ltr'><strong>leonem</strong></span> 
     </span>
    </p>
   </div>
   <div class='ocr_carea' id='block_1_106' title="bbox 1850 5348 3431 5422">
    <p class='ocr_par' dir='ltr' id='par_1_106' title="bbox 1850 5348 3431 5422">
     <span class='ocr_line' id='line_1_106' title="bbox 1850 5348 3431 5422; baseline -0.006 -11"><span class='ocrx_word' id='word_1_755' title='bbox 1850 5366 1901 5411; x_wconf 87' lang='lat' dir='ltr'><strong>et</strong></span> <span class='ocrx_word' id='word_1_756' title='bbox 1924 5355 2160 5410; x_wconf 86' lang='lat' dir='ltr'><strong>catulum</strong></span> <span class='ocrx_word' id='word_1_757' title='bbox 2193 5354 2356 5409; x_wconf 87' lang='lat' dir='ltr'><strong>leonis</strong></span> <span class='ocrx_word' id='word_1_758' title='bbox 2384 5353 2657 5422; x_wconf 87' lang='lat' dir='ltr'><strong>prodiisse</strong></span> <span class='ocrx_word' id='word_1_759' title='bbox 2692 5350 2979 5419; x_wconf 82' lang='lat' dir='ltr'><strong>intelligit;</strong></span> <span class='ocrx_word' id='word_1_760' title='bbox 3018 5348 3189 5403; x_wconf 88' lang='lat' dir='ltr'><strong>leones</strong></span> <span class='ocrx_word' id='word_1_761' title='bbox 3222 5360 3431 5401; x_wconf 86' lang='lat' dir='ltr'><strong>vocans</strong></span> 
     </span>
    </p>
   </div>
   <div class='ocr_carea' id='block_1_107' title="bbox 1851 5436 3433 5518">
    <p class='ocr_par' dir='ltr' id='par_1_107' title="bbox 1851 5436 3433 5518">
     <span class='ocr_line' id='line_1_107' title="bbox 1851 5436 3433 5518; baseline -0.006 -17"><span class='ocrx_word' id='word_1_762' title='bbox 1851 5450 2190 5518; x_wconf 87' lang='lat' dir='ltr'><strong>potentiores</strong></span> <span class='ocrx_word' id='word_1_763' title='bbox 2222 5447 2369 5516; x_wconf 88' lang='lat' dir='ltr'><strong>ipsos</strong></span> <span class='ocrx_word' id='word_1_764' title='bbox 2399 5454 2453 5502; x_wconf 86' lang='lat' dir='ltr'><strong>et</strong></span> <span class='ocrx_word' id='word_1_765' title='bbox 2485 5442 2794 5515; x_wconf 88' lang='lat' dir='ltr'><strong>principes;</strong></span> <span class='ocrx_word' id='word_1_766' title='bbox 2843 5438 3048 5494; x_wconf 87' lang='lat' dir='ltr'><strong>catulos</strong></span> <span class='ocrx_word' id='word_1_767' title='bbox 3097 5447 3304 5505; x_wconf 86' lang='lat' dir='ltr'><strong>autem,</strong></span> <span class='ocrx_word' id='word_1_768' title='bbox 3335 5436 3433 5509; x_wconf 89' lang='lat' dir='ltr'><strong>qui</strong></span> 
     </span>
    </p>
   </div>
   <div class='ocr_carea' id='block_1_108' title="bbox 1444 5704 2115 5773">
    <p class='ocr_par' dir='ltr' id='par_1_108' title="bbox 1444 5704 2115 5773">
     <span class='ocr_line' id='line_1_108' title="bbox 1444 5704 2115 5773; baseline 0.016 -10"><span class='ocrx_word' id='word_1_769' title='bbox 1444 5704 1675 5765; x_wconf 69' lang='lat' dir='ltr'><strong>VARUE</strong></span> <span class='ocrx_word' id='word_1_770' title='bbox 1710 5709 2115 5773; x_wconf 70' lang='lat' dir='ltr'><strong>LECTIOM‘ZS.</strong></span> 
     </span>
    </p>
   </div>
   <div class='ocr_carea' id='block_1_109' title="bbox 261 5798 912 5873">
    <p class='ocr_par' dir='ltr' id='par_1_109' title="bbox 261 5798 912 5873">
     <span class='ocr_line' id='line_1_109' title="bbox 261 5798 912 5873; baseline 0.003 -20"><span class='ocrx_word' id='word_1_771' title='bbox 261 5808 281 5837; x_wconf 76' lang='grc'><strong>⁸</strong></span> <span class='ocrx_word' id='word_1_772' title='bbox 308 5817 392 5868; x_wconf 63' lang='grc' dir='ltr'><strong>ῃ).</strong></span> <span class='ocrx_word' id='word_1_773' title='bbox 420 5798 526 5871; x_wconf 69' lang='grc' dir='ltr'>ἢθη</span> <span class='ocrx_word' id='word_1_774' title='bbox 560 5799 912 5873; x_wconf 82' lang='grc' dir='ltr'>μιμούμενοι.</span> 
     </span>
    </p>
   </div>
  </div>
