3978 6374
425 268 569 334 2263

1762 270 2118 333 PROCOPII
2151 270 2394 333 ϐΑΖᾸΞῐ

3551 269 3686 334 29.61

423 384 612 441 statim
641 390 763 455 post
797 383 969 457 ipsos,
1002 394 1095 440 aut
1121 345 1285 440 etiam
1328 385 1399 442 ab
1453 386 1587 456 ipsis
1625 388 1798 442 secuti
1844 397 2014 442 sunt:

2123 388 2279 451 ποὺς,
2308 385 2625 455 κατὰλόγον
2658 383 2757 454 τῆς
2792 382 3080 455 πονηρίας,
3126 381 3305 437 ίοδόλα
3338 379 3455 446 ζῶα
3485 375 3691 451 καλῶν,

421 478 671 550 reliquos
696 474 953 548 deinceps
979 492 1077 548 pro
1112 476 1336 533 malitiae
1368 478 1585 533 ratione
1611 486 2003 533 venenatorum

423 570 648 625 nomine
692 577 748 624 et
797 569 1089 623 volantium
1120 576 1342 637 notans,
1401 580 1627 641 propter
1675 584 1832 635 eam,
1884 584 2007 640 quae

422 661 571 717 valet
614 661 681 716 ad
733 661 1139 717 absurdissima
1193 677 1446 733 quaeque,
1488 662 1909 734 proclivitalem,
1951 671 2006 717 et

423 754 781 808 celeritatem.
827 752 887 807 Et
926 753 1043 823 ipse
1086 754 1285 809 deinde
1339 753 1645 810 Salvatoris
1691 753 2007 810 Praecursor

421 845 735 914 viperarum
764 845 1079 916 progeniem
1117 846 1285 918 368
1304 846 1528 903 eosdem
1560 847 1701 902 dixit
1732 847 1831 915 ‘°‘;
1858 863 1999 919 quos

422 937 555 991 alibi
592 936 879 1006 Scriptura
923 953 1096 1007 equos
1130 938 1456 994 emissarios
1486 940 1730 995 evasisse
1760 954 2007 1006 conque-

425 1028 567 1082 ritur
607 1029 674 1083 ".
699 1027 855 1083 Malis
886 1029 1030 1083 enim
1064 1028 1283 1084 assidue
1324 1030 1529 1093 vexati,
1574 1044 1699 1084 cum
1735 1030 1803 1084 ad
1838 1029 2008 1085 Deum

422 1119 694 1175 bonorum
723 1118 924 1176 fontem
956 1121 1252 1193 confugere
1281 1121 1579 1188 decuisset,
1630 1123 1685 1175 in
1717 1121 2009 1193 Δι’ρνριιιηι

423 1212 636 1267 divitias
658 1228 784 1267 suas
809 1212 1219 1277 transtulerunt,
1249 1214 1409 1283 cujus
1434 1214 1675 1282 alioquin
1702 1214 1787 1267 vel
1810 1228 2009 1269 nomen

361 1345 369 1352 .
426 1304 611 1359 odisse
644 1314 700 1359 et
744 1304 1027 1360 adversari
1080 1304 1349 1374 Oporluit,
1397 1310 1636 1359 veterem
1687 1303 2008 1357 servitutem

424 1396 483 1449 in
548 1394 795 1449 animum
845 1404 1191 1463 revocantes,
1250 1395 1582 1466 quantisque
1633 1393 1783 1448 illam
1834 1395 2011 1465 plagis

425 1488 557 1543 olim
594 1488 855 1543 Dominus
882 1488 1263 1545 Israelitarum
1306 1488 1525 1543 nomine
1569 1488 1720 1544 ultus
1754 1487 1845 1543 sit.
1883 1486 2013 1544 Inde

425 1589 531 1645 est,
574 1580 721 1652 quod
754 1581 889 1637 dicit.
922 1580 1157 1637 :Sedens
1196 1582 1367 1637 scribe
1417 1582 1474 1636 in
1518 1581 1656 1636 buxo
1700 1581 1831 1636 lucc.
1866 1580 2012 1637 Tan-

425 1689 590 1743 quam
624 1676 768 1730 enim
815 1676 982 1730 certis
1026 1675 1373 1745 temporibus
1429 1674 1545 1729 haec
1589 1682 1853 1730 eventura
1902 1688 2009 1729 non

2110 481 2203 536 καὶ
2263 480 2582 549 πετόμενα,
2629 478 2717 533 διὰ
2742 478 2843 550 τὴν
2894 476 3149 548 ἐφοτιοῦν
3173 476 3282 530 τῶν
3325 476 3696 530 ἀτοπωτάτων

2107 572 2365 644 ὀξύτητα.
2406 572 2517 627 Kal
2548 573 2577 625 6
2612 569 2708 626 τοῦ
2761 571 3014 642 Σωτῆρος
3063 570 3121 624 δὲ
3168 569 3488 641 Πρόδρομος
3542 567 3698 635 δφεις

2109 668 2311 732 αὐτοὺς
2342 666 2529 721 ἐκάλει
2552 665 2649 721 καὶ
2676 665 2995 736 γεννήματα
3032 663 3279 735 ἐχιδνῶν.
3314 663 3426 716 Kal.
3457 662 3617 714 ῖπποι
3641 660 3702 713 δὲ

2108 757 2444 831 θηλυμανεῖς
2474 756 2837 828 ἐγενήθησάν,
2868 756 3034 826 φησὶν
3066 756 3100 825 ἡ
3155 753 3373 824 Γραφή.
3412 753 3541 815 Τοῖς
3590 750 3705 819 γάρ

2110 850 2303 913 κακοῖς
2333 846 2702 918 συνεχόμενοι,
2733 845 2860 899 δέον
2898 845 2993 897 ἐπὶ
3038 842 3175 897 Θεὸν
3195 842 3294 913 τὴν
3316 840 3426 894 τῶν
3474 838 3703 905 ἀγαθῶν

2111 940 2484 1010 καταφεύγειν
2534 939 2740 1010 πηγὴν,
2774 929 3200 1007 είςἈίγυπτον
3245 935 3351 990 τὸν
3430 933 3705 988 πλοῦτον

2106 1034 2458 1105 μετέφερον,
2476 1029 2544 1105 ἧς
2571 1034 2663 1087 καὶ
2704 1031 2802 1104 τὴν
2824 1030 3200 1103 προσηγορίαν
3226 1030 3392 1100 ἐχρῆν
3424 1026 3706 1095 ἀποστρέ-

2112 1127 2336 1199 φεσθαι,
2359 1127 2751 1197 λογιζομένους
2782 1128 2883 1196 τὴν
2930 1124 3100 1179 πάλαι
3125 1122 3393 1187 δουλείαν,
3425 1121 3526 1175 καὶ
3545 1121 3702 1182 ὅσαις

2111 1218 2283 1290 αὐτὴν
2326 1220 2355 1273 6
2390 1219 2519 1282 Θεὸς
2582 1217 2725 1289 ὺπέρ
2770 1216 2949 1271 αὐτῶν
3006 1214 3242 1287 μετῆλθε
3300 1213 3565 1284 πληγαῖς.
3614 1210 3708 1263 Διό

2113 1328 2315 1383 φησιν.
2348 1310 2615 1375 Καθίσας
2662 1308 2902 1380 γράψον
2933 1307 3033 1362 ἐπὶ
3078 1308 3300 1373 πυξίου
3337 1305 3549 1360 ταῦτα.
3615 1303 3707 1365 Ὠς

2113 1403 2391 1473 ἐσομένων
2422 1402 2568 1457 κατὰ
2596 1402 2823 1474 καιροὺς
2842 1401 2952 1455 τῶν
2974 1400 3364 1475 πραγμάτων,
3396 1396 3707 1468 τραφῆναι

2114 1494 2292 1550 ταῦτα
2370 1500 2537 1561 ποιεῖ,
2572 1494 2711 1565 πρὸς
2738 1493 2801 1547 τὸ
2830 1492 3108 1564 δειχθῆναι
3152 1490 3561 1562 συμϐαίνουσαν
3609 1487 3711 1540 λα-

2118 1590 2282 1660 χόντα
2313 1588 2413 1660 τὴν
2446 1587 2715 1640 ἔκϐασινο
2788 1585 2857 1640 τὰ
2914 1586 2972 1639 δέ
3024 1585 3135 1639 τῶν
3192 1583 3493 1655 προφητῶν
3551 1580 3709 1634 ἔσται

2113 1679 2367 1751 γνώριμα
2396 1680 2491 1733 καὶ
2536 1679 2699 1751 μέχρι
2727 1676 3043 1741 συντελείας
3066 1676 3162 1731 τοῦ
3189 1675 3459 1748 παρόντος
3482 1673 3707 1734 αἰῶνος.

426 1771 659 1835 dubitet,
694 1769 856 1824 scribi
900 1770 1171 1840 imperat;
1226 1780 1285 1823 ut
1312 1786 1379 1825 ex
1430 1769 1778 1825 convenienti
1812 1784 2003 1825 eorum

2122 1773 2355 1840 Ἥγουν,
2390 1772 2578 1842 φασὶν,
2621 1770 2840 1842 Ἐπειδὴ
2876 1771 2951 1841 μὴ
2987 1769 3245 1823 τοσοῦτον
3293 1771 3322 1823 6
3361 1768 3526 1838 λόγος
3578 1767 3713 1820 καθο

425 1862 575 1917 eiittt
603 1877 710 1916 non
744 1862 881 1918 falso
914 1861 1173 1932 praedicta
1195 1878 1320 1919 esse
1344 1873 1608 1934 appareat
1634 1863 1792 1933 quasi
1816 1877 1940 1933 qua:
1975 1878 2004 1916 a

2122 1866 2350 1918 ικνεῖται
2394 1863 2507 1917 τῶν
2538 1860 2998 1934 νουθετουμένων,
3058 1861 3136 1926 ὡς
3198 1861 3480 1933 ἔγγραφος
3526 1859 3708 1929 φωνὴ,

426 1954 709 2026 prophetis
751 1954 1033 2022 dicuntur,
1077 1956 1255 2027 palam
1312 1955 1368 2010 in
1402 1955 1541 2021 dies,
1582 1957 1664 2011 vel
1712 1956 1779 2011 ad
1830 1970 2008 2027 usque

2122 1956 2305 2010 τούτου
2339 1956 2500 2027 χάριν
2534 1954 2761 2025 γράψαι
2788 1954 3148 2027 προσέταξεν.
3218 1954 3373 2025 Τάχα
3399 1953 3477 2018 δέ,
3510 1954 3610 2006 καὶ
3648 1952 3711 2005 τὸ

425 2048 611 2105 saeculi
638 2049 798 2119 hujus
820 2049 1375 2115 consummationem,
1404 2049 1518 2105 ﬁeri
1542 2050 1742 2106 debere
1762 2056 2007 2105 moneat.

2122 2049 2361 2120 ἄκαρπον
2379 2047 2489 2101 τῶν
2515 2046 2645 2118 περὶ
2673 2040 2749 2102 ὧν
2770 2048 2802 2117 ή
2826 2047 3044 2119 Γραφὴ,
3075 2046 3137 2099 τὸ
3170 2045 3393 2110 πυξίον
3420 2044 3601 2115 δηλοῖ.

424 2136 525 2194 Vel
553 2148 721 2206 certe,
752 2139 927 2207 aiunt,
963 2141 1090 2211 quia
1122 2156 1232 2197 non
1264 2156 1361 2197 eos
1400 2141 1537 2198 adeo
1568 2144 1689 2197 viva
1724 2156 1850 2207 vox,
1884 2154 1991 2210 qua
2026 2140 2527 2210 reprehenduntur,
2571 2154 2636 2193 ac
2659 2154 2783 2210 qua:
2817 2139 3020 2196 litteris
3092 2138 3481 2209 consignatur,
3551 2150 3713 2201 urget

426 2233 626 2298 oratio,
662 2231 768 2288 ista
828 2234 1093 2288 conscribi
1138 2233 1452 2303 imperavit.
1506 2232 1767 2290 Fortasse
1809 2248 1941 2289 vero
1987 2240 2043 2289 et
2116 2232 2172 2287 id
2206 2231 2409 2290 fecisse
2440 2230 2711 2298 videatur,
2740 2240 2800 2287 ut
2826 2246 3046 2297 eorum,
3089 2230 3158 2288 de
3186 2230 3387 2303 quibus
3412 2229 3709 2301 Scriptura

425 2324 695 2394 loquitur,
720 2325 1090 2393 sterilitatem,
1115 2339 1167 2382 et
1195 2326 1440 2399 impiam
1476 2328 1614 2382 buxo
1648 2336 1883 2383 notaret.

495 2419 687 2490 Itaque
703 2426 964 2491 tanquam
982 2418 1187 2491 seripta
1202 2422 1514 2477 testimonia
1533 2438 1630 2494 per
1653 2424 1900 2494 singulas
1920 2421 2019 2476 do-

429 2510 570 2579 mos,
596 2527 665 2567 ne
686 2512 741 2567 in
765 2521 1047 2582 posterum
1072 2514 1476 2584 ignorationem
1496 2524 1781 2576 excusent.
1810 2515 2015 2570 viritim

424 2603 580 2674 jubet
615 2605 875 2661 omnibus
902 2605 958 2659 in
982 2605 1132 2661 hunc
1170 2605 1395 2662 modum
1428 2606 1665 2663 recitare
1694 2624 1708 2661 :
1750 2606 1893 2661 Vana
1915 2608 2017 2675 ipsi

431 2696 636 2751 auxilio
664 2696 983 2767 con/idistis,
1036 2707 1091 2754 et
1113 2698 1179 2754 ad
1206 2700 1358 2756 lacus
1382 2715 1560 2771 neque
1590 2701 1890 2772 propriam,
1916 2717 2017 2756 ne-

431 2804 540 2859 que
562 2789 797 2846 alienam
822 2806 1020 2863 aquam
1043 2807 1373 2848 conservare
1405 2794 1671 2858 valentes,
1698 2810 1782 2849 me
1800 2794 2015 2859 relicto,

431 2876 525 2948 qui
562 2878 720 2934 vobis
754 2878 971 2935 abunde
1003 2894 1225 2952 semper
1253 2882 1440 2938 omnia
1482 2881 1850 2952 suppeditavi,
1882 2898 2019 2955 prae-

434 2971 560 3027 l'ecti
596 2971 779 3037 estis;
820 2986 1000 3044 neque
1060 2974 1417 3031 monentibus
1463 2974 1558 3031 illo
1602 2984 1852 3048 tempore
1895 2992 2020 3047 pro-

434 3063 739 3135 phetis,ut,
795 3064 906 3121 Deo
956 3065 1149 3121 saltem
1202 3068 1558 3137 praedicente,
1608 3068 1777 3125 vestri
1831 3084 2017 3125 curam

2189 2414 2384 2487 Σχεδὸν
2415 2410 2508 2469 οὖν
2538 2414 2816 2486 ἔγγραφον
2847 2413 3155 2487 μαρτυρίαν
3194 2411 3394 2484 πρόθες
3414 2412 3539 2465 κατ’
3554 2406 3712 2464 οἷκον

2116 2508 2213 2562 καὶ
2266 2507 2387 2561 κατ’
2441 2507 2649 2578 ἄνδρα·
2699 2509 2866 2560 πᾶσιν
2917 2504 3215 2574 ἀνάγνωθι,
3269 2506 3468 2575 μήπως
3502 2504 3582 2566 ὡς
3634 2503 3710 2573 μὴ

2118 2601 2387 2673 μαθόντες
2446 2598 2673 2671 ὕστερον
2696 2597 3167 2669 προφασίσαιντο⁶
3209 2597 3243 2667 ή
3297 2596 3352 2649 δέ
3404 2594 3710 2665 μαρτυρία,

2113 2696 2197 2749 ὅτι
2232 2693 2454 2763 ψευδεῖ
2494 2693 2753 2761 βοηθείᾳ
2788 2691 3134 2758 πεποίθασι,
3178 2691 3273 2744 καὶ
3311 2689 3538 2751 λάκκοις
3596 2690 3713 2749 τῶς

2122 2791 2188 2844 ού
2218 2788 2545 2859 δυναμένοις
2576 2786 2722 2859 ὕδωρ
2757 2786 3026 2856 συνέχειν,
3058 2783 3182 2838 οὕτε
3211 2783 3359 2849 ίδιον,
3392 2782 3519 2836 οὕτε
3549 2780 3714 2851 φερόα

2126 2899 2289 2954 μενον
2325 2880 2549 2949 ἔξωθεν,
2608 2878 2701 2932 τὸν
2769 2877 2985 2946 τάγαθὰ
3026 2876 3299 2940 πλουσίως
3355 2875 3545 2938 αὐτοῖς
3593 2890 3713 2944 χορ-

2118 2977 2359 3050 ηγοῦντα
2387 2973 2786 3037 καταλιπόντες
2824 2971 2947 3043 ἐμέ.
2992 2969 3264 3033 Ἀπειθεῖς
3299 2969 3356 3022 δέ
3391 2968 3569 3033 ὄντες,
3615 2966 3713 3020 καὶ

2116 3072 2232 3133 τοῖς
2266 3066 2487 3137 λέγουσι
2511 3066 2633 3119 τότε
2690 3065 3003 3137 προφήταις
3045 3063 3481 3134 ἐντραπήσονται
3532 3059 3710 3113 ταῦτα

436 3156 746 3223 haberetis,
805 3156 1110 3229 quidquam
1171 3159 1513 3216 credidistis.
1582 3159 1776 3216 Merito
1830 3171 2012 3216 autem

2122 3163 2253 3234 περὶ
2279 3160 2463 3217 αὐτῶν
2486 3158 2883 3231 προειρηκότος
2910 3156 3067 3227 ἐμοῦ.
3108 3154 3361 3222 Ψευδεῖς
3412 3153 3470 3207 δέ
3508 3154 3711 3218 αὐτοὺς

436 3248 711 3304 mendaces
745 3249 1003 3319 appellat,
1040 3249 1133 3319 qui
1164 3249 1298 3306 Mosi
1331 3252 1505 3322 legem
1536 3252 1777 3321 roganti,
1806 3254 2013 3319 omnia,

437 3358 561 3414 qua:
596 3342 859 3413 iussisset
915 3341 1179 3398 Dominus
1235 3342 1379 3399 Deus
1438 3355 1556 3399 rata
1603 3345 1804 3400 habere
1857 3361 1936 3407 se.
1966 3354 2020 3401 et

438 3437 833 3492 observaturos
854 3449 979 3491 esse
1008 3434 1281 3506 professi;
1314 3436 1431 3507 lege
1473 3445 1656 3492 tamen
1692 3436 1859 3492 Deum
1891 3440 2025 3494 ado-

435 3544 585 3591 rare,
621 3527 785 3598 eique
812 3528 914 3583 soli
941 3526 1153 3583 servire
1178 3534 1234 3582 et
1263 3528 1331 3583 ab
1368 3527 1640 3585 idolorum
1675 3528 2022 3585 confectione

440 3618 720 3674 abstinere
771 3618 1103 3688 imperante,
1158 3616 1268 3674 Deo
1318 3620 1513 3677 relicto
1574 3619 1641 3674 ad
1706 3620 1849 3676 idola
1899 3636 2022 3677 sese

438 3720 785 3781 receperunt.
831 3712 1014 3781 Atque
1057 3710 1188 3765 hinc
1219 3720 1323 3775 est,
1358 3712 1502 3782 quod
1548 3714 1825 3768 mendaces
1877 3714 2020 3783 ﬁlios

438 3802 698 3873 appellat.
753 3801 916 3858 Canit
960 3818 1094 3859 vero
1129 3811 1184 3859 et
1224 3802 1439 3859 David:
1489 3824 1508 3857 ι
1553 3806 1755 3862 Hostes
1805 3806 2018 3862 Domini

438 3892 655 3947 mentiti
704 3901 833 3948 sunt
883 3893 932 3949 ei
984 3892 1047 3949 ¹².
1084 3913 1104 3948 s
1141 3893 1369 3959 Deinde,
1426 3906 1689 3968 tanquam
1737 3906 2020 3968 assumpta

437 3982 644 4041 Christi
668 4000 901 4056 persona
931 4001 944 4039 :
986 4005 1006 4040 ι
1045 3986 1165 4043 Filii
1199 3989 1365 4044 alieni
1399 3990 1612 4045 mentiti
1643 3999 1775 4047 sunt
1806 3992 1854 4048 ei
1892 3994 1967 4047 ¹³ι
1997 4012 2015 4045 ι

436 4092 560 4147 qua:
589 4087 738 4134 certe
766 4077 872 4152 legi
905 4088 1276 4151 repugnantes
1304 4089 1523 4138 constat
1554 4083 1862 4141 admisisse.
1884 4084 2019 4140 Nam

440 4178 499 4223 ut
544 4169 649 4225 alia
691 4170 1095 4229 incredulitatis
1140 4172 1390 4242 exempla
1438 4174 1664 4230 minime
1716 4176 2019 4246 attingam;

437 4269 492 4316 et
524 4261 773 4318 Jerentia:
790 4263 955 4319 etiam
987 4265 1224 4321 maxime
1248 4264 1523 4322 adversati
1549 4277 1700 4332 sunt,
1725 4284 1849 4323 eum
1874 4268 2018 4324 enim

438 4351 675 4421 graviter
723 4352 844 4407 ideo
881 4354 1025 4422 quod
1055 4353 1435 4427 IEg-yptiacam
1480 4356 1873 4429 profectionem
1909 4359 2023 4415 dis-

440 4440 719 4505 suaderet,
748 4441 915 4513 369
939 4453 1293 4500 accusarunt.
1326 4443 1516 4518 Itaque
1549 4446 1756 4513 infert,
1792 4451 2020 4504 direntes

440 4532 743 4601 prapltetis:
783 4532 967 4589 Nolite
994 4537 1143 4591 nobis
1170 4540 1509 4604 annuntiare,
1541 4550 1595 4597 et
1626 4558 1747 4612 qua:
1776 4558 2019 4613 sequun—

439 4636 549 4679 tur.
580 4624 709 4692 Qua:
740 4626 885 4683 hunc
918 4627 973 4682 in
1014 4629 1234 4685 modum
1270 4630 1632 4702 Symmachus
1659 4653 1672 4687 :
1705 4634 1772 4689 Et
1798 4637 2022 4692 ridenti-

440 4715 535 4769 bus
565 4734 585 4772 :
621 4715 808 4773 Nolite
833 4719 1007 4774 videre
1037 4723 1187 4777 nobis
1208 4739 1327 4794 qua:
1357 4736 1504 4779 recta
1541 4738 1685 4781 sunt.
1720 4727 2025 4799 Loquimini

442 4812 592 4865 nobis
616 4810 778 4867 lenia.
842 4812 1021 4867 Videte
1066 4814 1218 4870 nobis
1260 4832 1487 4873 errores.
1530 4819 1783 4876 Absistite
1830 4840 1861 4875 a
1912 4824 2020 4886 via,

438 4901 705 4956 declinata
756 4919 790 4957 a
854 4919 936 4957 me
983 4905 1251 4960 semitam.
1308 4903 1532 4964 Cessare
1592 4910 1752 4980 facile
1804 4929 1837 4965 a
1881 4912 2022 4981 [acie

404 5073 413 5081 .
442 5005 627 5049 nostra
654 5005 899 5051 sanctum
932 4996 1126 5053 Israel.
1161 4998 1267 5054 Pro
1295 5001 1519 5071 quibus,
1550 5012 1810 5074 tanquam
1861 5022 2022 5075 expu-

444 5097 607 5157 gnata
651 5087 769 5157 jam
826 5088 1073 5151 civitate,
1111 5096 1167 5142 et
1218 5105 1402 5145 murus
1462 5092 1613 5161 ipse,
1667 5094 1785 5157 ait,
1833 5095 1885 5149 id
1946 5107 2033 5153 est.

410 5188 757 5247 vpeccatum,
791 5195 954 5249 quam
995 5181 1266 5237 citissime
1305 5183 1467 5239 vobis
1500 5185 1889 5254 exscindetur;
1920 5188 2030 5245 imo

444 5280 500 5324 et
543 5269 669 5325 urbs
723 5273 839 5341 ipsa
882 5272 955 5325 ita
986 5282 1309 5341 conteretur,
1338 5285 1397 5329 ut
1426 5292 1517 5331 vas
1549 5278 1689 5333 solet
1722 5288 2029 5345 testaceum,

446 5361 668 5429 quando
700 5361 755 5416 in
786 5363 1025 5420 minutas
1055 5364 1193 5421 adeo
1218 5368 1519 5436 particulas
1554 5369 1932 5441 confringitur,
1970 5383 2027 5427 ut

449 5451 599 5505 nulla
648 5453 786 5522 jam,
830 5472 953 5525 qua:
1002 5455 1069 5511 ad
1122 5473 1441 5525 prunarum,
1482 5460 1566 5515 vel
1618 5479 1770 5531 aqua:
1810 5464 2030 5520 modica:

2125 3257 2357 3320 εἰκότως
2412 3253 2619 3318 ἐκάλει,
2656 3254 2739 3308 ὅτι
2773 3252 2869 3307 τοῦ
2921 3250 3168 3315 Μωσέως
3198 3249 3382 3313 αὐτοῖς
3416 3248 3519 3320 τὴν
3548 3264 3713 3316 νομο-

2125 3348 2311 3405 θεσίαν
2342 3349 2681 3420 ἐκφήναντος
2706 3346 2911 3415 ἔλεγον·
2944 3365 2963 3397 ι
2983 3344 3171 3400 Πάντα
3194 3344 3293 3398 ὅσα
3318 3339 3474 3397 εἶπεν
3506 3341 3715 3414 Κύριος

2121 3444 2150 3496 6
2170 3442 2325 3508 Θεὸς,
2356 3442 2659 3512 ποιήσομεν
2694 3440 2787 3494 καὶ
2812 3439 3179 3509 ἀκουσόμεθα.
3223 3456 3243 3490 ι
3276 3437 3387 3492 Kal.
3415 3435 3513 3490 τοῦ
3544 3436 3713 3506 νόμου

2121 3534 2557 3606 διαγορεύοντος,
2584 3550 2604 3585 ι
2644 3531 2851 3603 Κύριον
2870 3531 2963 3585 τὸν
2991 3531 3124 3585 Θεόν
3154 3548 3248 3585 σου
3280 3530 3713 3601 προσκυνήσεις,

2124 3626 2220 3682 καὶ
2250 3625 2399 3697 αὐτῷ
2425 3626 2573 3697 μόνῳ
2597 3624 2942 3697 λατρεύσεις.
2976 3625 3094 3678 Kal.
3122 3623 3185 3676 οὐ
3218 3623 3473 3693 ποιήσεις
3496 3622 3711 3691 σεαυτῷ

2124 3719 2362 3773 εῐδωλοψ
2383 3738 2401 3771 ι
2426 3718 2518 3773 τὸν
2533 3718 2666 3772 Θεὸν
2687 3718 2918 3790 ἀφέντες
2947 3717 3083 3787 πρὸς
3102 3716 3294 3771 εῖδωλα
3318 3714 3526 3770 κατεσύ
3536 3733 3712 3785 ροντο.

2124 3811 2203 3865 Δι’
2224 3811 2362 3882 ὅπερ
2393 3810 2546 3875 υἱοὺς
2576 3810 2774 3873 αὐτοὺς
2808 3807 3065 3879 ὀνομάζει
3115 3805 3384 3876 ψευδεῖς.
3412 3806 3630 3860 Ψάλλει
3653 3804 3711 3858 δὲ

2123 3903 2220 3958 καὶ
2250 3903 2436 3958 Δαδίδο
2466 3922 2486 3955 ι
2543 3902 2608 3956 Ut
2658 3900 2847 3971 ἐχθροὶ
2888 3900 3101 3970 Κυρίου
3127 3898 3424 3970 ἐψεύσαντο
3454 3897 3643 3951 αὐτόν.
3689 3914 3709 3948 ι

2122 3997 2234 4050 Καὶ
2283 3996 2359 4059 ὡς
2415 3996 2527 4050 ἀπὸ
2586 3993 2827 4067 Χριστοῦ
2881 3992 2938 4046 δέ
3000 4008 3167 4062 φησιν
3199 4007 3213 4021 ο
3250 4011 3269 4043 ι
3298 3990 3419 4044 Υἱοὶ
3438 3990 3711 4060 ἀλλότριοι

2123 4085 2423 4158 ἐψεύσαντό
2479 4103 2591 4157 μοι.
2632 4104 2651 4139 ι
2713 4086 2897 4156 "Amp
2944 4083 3167 4137 ἐποίουν
3231 4082 3594 4145 ἀπειθοῦντες
3637 4081 3711 4149 τῷ

2124 4180 2273 4252 νόμω
2303 4196 2320 4212 ·
2372 4179 2663 4247 ἀντέλεγον
2723 4177 2835 4249 γάρ
2869 4176 3112 4249 Ἱερεμίᾳ
3169 4175 3307 4247 πρὸς
3338 4176 3460 4237 ταῖς
3495 4174 3712 4237 λοιπαῖς

2124 4274 2432 4337 ἀπειθείαις
2449 4272 2681 4343 ψεύδους
2702 4271 2866 4325 αὑτὸν
2892 4269 3210 4341 αἰτιώμενοι
3232 4268 3305 4339 μὴ
3320 4267 3710 4338 συγχωροῦντα

2126 4366 2409 4421 κατελθεῖν
2480 4366 2560 4428 είς
2628 4365 2729 4433 τὴν
2793 4364 3089 4433 Αἴγυπτον.
3166 4362 3367 4429 Διόπερ
3429 4361 3707 4430 ἐπιφέρει,

2125 4461 2415 4529 Λέγοντος
2445 4457 2570 4524 τοῖς
2599 4456 2953 4525 προφήταις,
2976 4454 3071 4522 Μὴ
3110 4454 3517 4523 ἁναγγέλλετε
3545 4450 3706 4519 ἡμῖν,

2126 4553 2219 4606 καὶ
2246 4552 2315 4606 τὰ
2350 4551 2497 4621 ἑξῆς.
2538 4550 2683 4604 Ἀνθ’
2716 4542 2793 4603 ὧν
2815 4548 3046 4613 ἐξέδωκε
3084 4547 3381 4619 Σύμμαχος
3405 4562 3421 4577 ⁸
3453 4548 3564 4600 Kal
3590 4544 3709 4610 τοῖς

2133 4646 2338 4714 ὁρῶσι,
2391 4644 2477 4713 μὴ
2523 4642 2699 4713 ὁρᾶτε
2749 4642 2895 4712 ἡμῖν
2956 4641 3161 4711 ὀρθῶς.
3216 4639 3542 4706 Λαλήσατε
3572 4637 3710 4707 ἡμῖν

2130 4733 2286 4789 λεῖα.
2334 4730 2541 4801 Ὁρᾶτε
2574 4731 2721 4801 ἡμῖν
2744 4729 3005 4796 πλάνας.
3056 4729 3383 4795 Ἂπόστητε
3429 4726 3555 4780 ἀπὸ
3604 4725 3709 4792 τῆς

2130 4824 2295 4880 ὀδοῦ.
2368 4824 2720 4878 Ἐκκλίνατε
2782 4822 2884 4876 ἀπ’
2939 4820 3086 4890 ἐμοῦ
3147 4820 3369 4887 τρίϐον.
3431 4817 3710 4870 Παύσατε

2125 4917 2194 4971 ἐκ
2216 4915 2543 4985 προσώπου
2554 4914 2721 4985 ἡμῶν
2734 4914 2839 4968 τὸν
2861 4914 3032 4983 ἅγιον
3045 4910 3154 4966 τοῦ
3175 4910 3444 4981 Ἰσραήλ.
3464 4903 3705 4972 Ἀνο“ὦν,

2130 5007 2319 5077 φησιν,
2348 5006 2424 5070 ὼς
2450 5006 2726 5072 ἁλούσης
2765 5007 3022 5070 πόλεως,
3049 5002 3248 5073 τεῖχος
3281 5003 3411 5072 ὑμῖν
3441 5003 3475 5073 ή
3530 5003 3708 5072 ἀμαρ-

2130 5098 2219 5151 τία
2245 5099 2615 5161 ἐπιπεσεῖται,
2649 5098 2744 5152 καὶ
2770 5095 2930 5149 τοῦτο
2966 5095 3198 5165 ταχέως.
3231 5093 3471 5156 Πόλεως
3502 5092 3562 5145 δὲ
3616 5091 3708 5161 τῆς

2128 5188 2270 5242 οὕτω
2294 5186 2826 5257 συντετριμμένης,
2857 5184 2933 5248 ὡς
2982 5182 3345 5251 ὀστράκινον
3397 5181 3583 5251 ἄγγος
3634 5180 3708 5241 εἰς

2128 5281 2302 5337 λεπτὰ
2355 5281 2855 5351 συντριϐόμενον,
2900 5278 2978 5340 ὡς
3030 5279 3308 5349 ἄχρηστον
3385 5270 3528 5329 εἶναι
3577 5272 3703 5345 πρὸς

2135 5374 2450 5443 ἀνθράκων
2476 5373 2727 5443 κομιδὴν,
2778 5372 2812 5442 ἢ
2863 5369 3123 5441 σμικροῦ
3180 5385 3329 5434 τινος
3380 5367 3620 5432 ὓδατος,
3678 5364 3705 5417 ὃ

2135 5465 2288 5533 δηλοῖ
2340 5464 2656 5534 φεύξεισθαι
2698 5463 2715 5505 ί
2766 5464 2973 5519 τούτων
3024 5461 3122 5537 τὴν
3146 5461 3303 5535 δίκην
3336 5460 3527 5534 μηδενί
3564 5462 3609 5515 ε.
3640 5458 3702 5511 Ἦ

524 5566 589 5599 ⁸⁸⁸
613 5565 802 5622 Matth.
830 5570 985 5635 "1,7.
1061 5572 1100 5601 ¹’
1125 5569 1326 5627 Jerem.
1365 5590 1415 5639 v,
1445 5574 1497 5629 8.
1576 5577 1617 5608 "
1658 5574 1802 5631 Psal.
1828 5594 1993 5642 un,

2196 5578 2237 5610 "
2275 5576 2415 5634 Psal.
2452 5594 2581 5647 xvn,
2614 5576 2703 5635 46.

1716 5668 1801 5723 \‘A
1813 5668 1952 5725 [HAS
2000 5667 2412 5727 LECTIONES.

526 5760 544 5798 ί
583 5776 669 5827 γρ.
703 5758 1018 5829 φεύξεσθαι,
1101 5764 1126 5803 ⁸
1157 5762 1381 5835 μηδένα.
