3978 6374
150 318 268 385 2265

1271 322 1809 389 COMMENTARII
1852 326 1935 388 IN
1973 327 2265 389 ISAIAM.

3250 333 3394 399 2266

149 429 266 498 τάχα
294 424 461 494 δηλοῖ,
494 422 567 487 ὡς
595 421 661 477 Ἦ
688 422 1010 480 ὲλπισθεϊσα
1040 425 1173 498 παρ’
1209 427 1366 499 ὑμῶν
1389 432 1499 486 τῶν
1532 433 1693 502 Atyn.

1806 433 2309 503 comportationem
2383 433 2646 503 sulIiciat,
2730 435 3097 507 relinquatur.
3179 438 3392 505 Quibus

148 522 302 577 πτίων
330 517 570 591 βοήθεια,
602 516 872 588 καθάπερ
900 519 1099 589 τεῖχος
1120 522 1431 591 πεπτωκὸς
1456 540 1703 594 συντρι-

145 611 388 681 ϐήσεται.

202 795 422 870 Χριστὸς
446 796 506 851 δὲ
531 795 607 853 ὣν
632 797 661 851 ὁ
687 797 842 863 Θεὸς,
886 800 983 853 καὶ
1006 799 1117 855 τῶν
1136 800 1378 857 ἀπειλῶν
1400 802 1502 867 τὰς
1517 803 1702 868 αἰτίας

146 892 411 958 ἐκτίθεται,
443 892 539 945 κα)⁵
560 891 712 957 ὅπως
740 893 894 948 ἔσται
921 893 1126 971 ταύτας
1171 895 1459 965 διαφυγεῖν
1495 915 1702 971 παραι-

144 988 227 1051 νεῖ,
248 984 317 1049 ὡς
348 983 425 1056 μὴ
491 983 662 1038 θέλων
685 985 777 1039 τὸν
829 986 1059 1041 θάνατον
1111 986 1205 1041 τοῦ
1233 989 1697 1062 ἀποθνήσκοντος,

143 1084 207 1148 ὡς
234 1082 287 1136 τὸ
307 1080 840 1153 ἀποπρέψαιμὺτον
864 1083 974 1138 ἀπὸ
1002 1085 1103 1156 τῆς
1150 1084 1272 1139 ὁδοῦ
1301 1086 1405 1157 τῆς
1429 1088 1694 1159 πονηρᾶς,

143 1176 223 1230 καὶ
246 1176 335 1246 ζῇν
360 1173 528 1228 αὐτὸν
549 1217 563 1241 ,
591 1175 668 1240 ὡς
703 1175 763 1228 ὲν
801 1173 1068 1247 Ἰεζεκιὴλ
1103 1178 1268 1242 αὐτός
1301 1178 1404 1232 πού
1430 1197 1586 1249 φησι,
1604 1179 1699 1234 καὶ

144 1265 225 1319 νῦν
279 1259 368 1318 οὖν
406 1258 560 1318 εἶπεν
592 1280 608 1295 ·
665 1266 789 1319 'Oz‘
820 1266 898 1321 ἂν
924 1267 1317 1339 ἐπιστραφεὶς
1371 1270 1695 1339 στενάξῃς,

143 1360 252 1411 τότε
275 1355 542 1425 σωθήσῃ.
595 1357 654 1412 '0
686 1358 743 1412 δὲ
776 1358 1093 1431 Σύμμαχος,
1126 1361 1195 1413 ἐν
1210 1364 1519 1430 μετανοίᾳ,
1539 1364 1697 1436 φησι,

142 1447 222 1503 καὶ
242 1448 573 1504 ἀναπαύσει
600 1448 764 1519 σωθή
774 1454 978 1515 σεσθε,
998 1452 1097 1506 καὶ
1124 1451 1229 1506 Ἐν
1250 1453 1451 1508 ἐλπίδι
1472 1455 1645 1509 ἔσται
1659 1457 1695 1525 ἡ

142 1540 361 1608 δύναμις
386 1539 577 1609 ὑμῶν.
595 1541 720 1595 Ἐὰν
736 1542 844 1614 γὰρ
870 1543 1135 1613 κάθησθε,
1158 1546 1345 1615 φησιν,
1371 1547 1428 1599 ὲν
1447 1546 1526 1618 τῷ
1546 1547 1697 1620 τόπῳ

144 1634 222 1704 τῆς
254 1632 614 1705 Ἰερουσαλὴμ
675 1637 1114 1707 μετανοήσαντες
1170 1638 1264 1693 καὶ
1320 1640 1692 1712 παυσάμενοι,

140 1724 323 1793 τῆςὲπὶ
365 1724 462 1794 τὴν
507 1724 791 1793 Αἴγυπτον
822 1728 1024 1800 ὁρμῆς,
1053 1729 1175 1783 τότε
1213 1730 1572 1799 σωθήσεσθε
1623 1733 1697 1788 ἐν

1805 534 1956 581 certe
1986 533 2081 579 aut
2112 524 2343 581 istorum
2376 528 2582 581 nemini
2627 528 2792 584 licere
2828 529 3124 585 vindictam
3152 528 3394 602 eﬂ‘ugere

1804 616 2183 687 demonstrat;
2231 627 2327 674 aut
2363 631 2643 690 speratum
2676 624 2745 677 ab
2792 621 3066 693 {Egyptiis
3100 625 3388 693 auxilium,

1807 716 2059 780 tanquam
2087 727 2298 765 murum
2329 711 2611 781 dejectum,
2641 722 2693 768 et
2726 716 3015 769 contritum
3045 716 3137 771 iri.

1874 804 1944 857 At
1968 803 2244 869 Christus,
2278 804 2422 861 Dens
2462 807 2758 872 exsistens,
2795 819 2850 864 et
2878 810 3154 864 minarum
3189 824 3388 867 causas

1802 896 2049 967 exponit,
2087 898 2285 967 quibus
2330 898 2507 954 modis
2554 914 2648 955 eas
2692 901 2985 966 evitemus,
3026 902 3229 957 docet:
3262 919 3385 957 cum

1803 1001 1862 1042 se
1880 987 2015 1043 dicit
2046 1005 2153 1045 non
2182 990 2490 1060 peccatoris
2520 1001 2714 1056 morte,
2736 992 2831 1048 sed
2856 992 2977 1063 ejus
3003 994 3385 1062 resipiscentia

1802 1083 2085 1159 delectari,
2121 1093 2180 1140 ut
2224 1094 2505 1141 avertatur
2537 1102 2565 1140 a
2597 1088 2682 1142 via
2723 1089 2887 1153 mala,
2929 1097 2984 1143 et
3024 1090 3205 1155 vivat;
3242 1091 3386 1145 sicut

1802 1177 1946 1248 apud
1979 1176 2319 1235 Ezecliielem
2359 1179 2560 1235 alicubi
2587 1180 2649 1247 ",
2687 1189 2742 1237 et
2774 1182 2863 1237 hic
2890 1182 3054 1239 etiam
3103 1184 3381 1255 loquitur:

1801 1287 1919 1325 cum
1969 1286 2205 1327 reversus
2243 1272 2585 1343 ingemueris,
2638 1283 2761 1330 tunc
2811 1276 2992 1331 saluus
3047 1279 3174 1333 eris.
3215 1278 3387 1349 Cujus

1802 1361 1923 1417 loco
1956 1361 2363 1435 Symmachus:
2400 1365 2469 1419 In
2499 1367 2817 1433 paenitentia
2854 1377 2904 1422 et
2940 1370 3119 1439 requie
3148 1371 3385 1423 salvebi-

1801 1456 1954 1520 mini,
1987 1466 2036 1511 et
2080 1455 2136 1511 in
2175 1472 2263 1527 spe
2313 1459 2414 1514 erit
2447 1458 2713 1528 fortitudo
2744 1468 2941 1525 vestra,
2993 1461 3385 1529 interpretatus

1798 1554 1933 1602 est:
1994 1547 2052 1602 Si
2105 1548 2254 1602 enim
2308 1548 2742 1619 resipiscentes,
2809 1547 3385 1621 ait,rllierosolymis

1799 1635 1995 1705 quieti,
2031 1649 2131 1690 nec
2169 1636 2407 1707 amplius
2444 1635 2512 1691 de
2545 1634 2870 1707 [Egyptiaca
2904 1636 3246 1705 profectione
3279 1638 3388 1691 sol-

1798 1727 1934 1783 liciti
1963 1729 2277 1786 manseritis
2302 1748 2316 1783 :
2344 1728 2412 1783 In
2446 1745 2575 1800 pace
2606 1746 2710 1783 non
2743 1738 2951 1783 tantum
2991 1738 3041 1783 et
3072 1730 3248 1799 requie
3275 1729 3387 1783 sal-

139 1818 322 1887 ἠρεμίᾳ
363 1821 682 1890 γενόμενοι
743 1824 841 1879 καί
905 1825 1267 1881 ἀναπαύσει.
1312 1827 1473 1882 Ἀλλά
1499 1829 1595 1883 καὶ
1652 1832 1690 1900 ἡ

1798 1819 2074 1886 vabimini,
2108 1822 2201 1875 sed
2229 1821 2283 1875 in
2324 1837 2413 1891 spe
2447 1820 2590 1876 vobis
2613 1821 2715 1876 erit
2736 1820 3000 1891 fortitudo
3032 1831 3225 1885 vestra,
3257 1837 3383 1877 cum

140 1909 360 1980 δύναμις
392 1913 571 1982 ὑμῶν
602 1916 674 1970 ἐν
708 1917 912 1972 ἐλπίδι
934 1919 1123 1974 ἔσται.
1165 1921 1523 1986 Ἐλπίσαντες
1581 1925 1692 1998 γὰρ

140 2002 214 2055 ἐπὶ
231 2002 312 2055 τὸν
337 2003 488 2070 θεὸν,
520 2005 824 2077 δυνήσεσθε
870 2008 1133 2080 σωθῆναι.
1155 2010 1394 2079 Λέγεται
1411 2013 1467 2067 δὲ
1483 2014 1691 2083 Κύριος

140 2096 185 2147 ὲν
213 2093 402 2159 τούτοις
431 2095 605 2166 ἅγιος
635 2097 743 2153 τοῦ
768 2101 1017 2170 Ἰσραὴλ
1048 2143 1062 2165 ,
1091 2103 1152 2156 οὐ
1187 2105 1348 2174 μόνον
1380 2107 1456 2170 ὼς
1508 2108 1640 2162 αὐτὸ
1662 2109 1691 2148 ιι

138 2184 385 2254 τυγχάνων
439 2187 755 2259 άγιωσύνη,
840 2190 953 2244 ἀλλ’
1001 2191 1077 2255 ὡς
1137 2194 1234 2247 καὶ
1297 2195 1543 2264 ἁγιάζων
1601 2199 1692 2251 τὸν

149 2276 352 2349 Ἰσραήλ.
383 2280 539 2334 Ἀνω
598 2281 832 2353 μὲνγὰρ
885 2284 1041 2353 ἆγιον
1092 2285 1245 2351 ἔθνος
1314 2287 1534 2357 ἐλέγετο
1593 2292 1691 2346 καὶ

141 2370 419 2441 ἱεράτευμα.
502 2373 909 2440 Ἀποϐαλόντας
954 2376 1011 2430 δὲ
1075 2378 1167 2433 τὸν
1215 2380 1492 2451 ἀγιασμὸν
1534 2376 1692 2449 αὖθις

140 2463 307 2527 αὐτοὺς
354 2464 602 2532 ἀγιάσει,
658 2466 755 2519 ὲάν
804 2469 1218 2541 μετανοήσωσιν
1270 2471 1357 2541 ἐφ’
1401 2466 1483 2537 οἷς
1507 2474 1693 2547 ἦμαρ.

139 2572 227 2610 1ιον.
257 2557 360 2612 Οὐκ
389 2559 555 2630 ἀρκεῖ
584 2559 643 2613 δὲ
675 2560 836 2631 μόνον
859 2562 995 2634 πρὸς
1016 2563 1173 2618 τοῦτο
1206 2567 1531 2638 στεναγμὸς,
1554 2568 1691 2623 ἀλλὰ

143 2650 217 2701 καὶ
239 2651 438 2721 τρόπων
492 2652 862 2724 ἐπιστροφὴ,
933 2655 1021 2709 ὅτε
1054 2674 1139 2721 τις
1198 2657 1393 2711 ἑαυτοῦ
1424 2658 1692 2731 λαμϐάνει

144 2742 482 2815 συναίσθησιν,
517 2745 655 2800 ἔνθα
689 2743 762 2820 ἦν
783 2749 1003 2820 ἀπάτης
1028 2750 1127 2804 καὶ
1181 2751 1371 2806 κακῶν
1407 2753 1687 2823 ἐγνωκώς.

142 2835 221 2887 Οἴα
244 2836 490 2907 καὶτῆςί
547 2839 860 2910 νοσούμεθα
908 2842 1120 2914 νόσονή
1186 2844 1389 2913 γνῶσις
1440 2845 1687 2900 ἀναθεωο

145 2925 329 2994 ροῦντος
344 2928 429 2980 ἐπ’
453 2929 648 2995 ἀδείας
678 2931 773 2984 τοῦ
801 2931 1088 3003 λογισμοῦ,
1148 2936 1243 2988 καὶ
1284 2937 1348 2990 σὺ
1385 2936 1444 2990 δὲ
1480 2938 1692 3012 γνώσῃ

142 3020 430 3089 καταφυγὼν
460 3023 604 3094 πρὸς
633 3025 761 3089 τοὺς
787 3025 979 3091 σώζειν
999 3028 1226 3093 ἑαυτοὺς
1259 3031 1359 3084 οὐκ
1384 3032 1686 3103 ἰσχύοντας.

143 3110 375 3205 Θαρῥοῦσι
484 3114 563 3184 τῇ
594 3115 779 3186 φυγῇ,
803 3119 894 3171 κα)⁸
953 3118 1028 3191 μὴ
1063 3118 1409 3192 βουλομένοις
1443 3125 1688 3179 ἀκούειν
1718 3148 1760 3205 C

144 3200 249 3269 φησί
269 3217 282 3230 °
317 3202 623 3267 Φεύξεσθε
656 3205 776 3276 μὲν,
810 3208 872 3260 ού
913 3210 1019 3279 μὴν
1052 3208 1371 3281 διαφυγεῖν
1407 3211 1560 3277 ἕξετε
1578 3214 1686 3268 τῶν

142 3292 457 3349 Βαϐυλωνίων
517 3297 626 3369 τὴν
674 3301 853 3371 χεῖρα.
904 3301 999 3365 Ei;
1056 3303 1309 3360 τοσοῦτον
1369 3306 1427 3361 δὲ
1488 3308 1686 3373 αὐτοὺς

142 3388 415 3455 φεύξεσθε,
468 3390 587 3457 ἓως
638 3390 716 3446 ἂν
740 3396 1227 3464 καταλειφθῶσιν
1261 3399 1344 3466 ὡς
1373 3402 1546 3469 ἱστὸς
1592 3403 1686 3457 ἐπ’

143 3477 306 3545 ὅρους,
333 3472 526 3549 καίῶς
546 3486 786 3553 σημαία
816 3486 915 3541 ἐπὶ
946 3488 1200 3553 βουνοῦ.
1262 3493 1332 3545 Ἢ
1386 3494 1528 3549 κατά
1596 3495 1687 3549 τὸν

146 3571 416 3645 Σύμμαχον,
444 3576 526 3643 ὡς
555 3576 727 3644 ἱστὸς
750 3578 950 3634 ἐπάνω
1004 3581 1204 3650 ὄρους,
1256 3585 1354 3639 καὶ
1398 3586 1479 3653 ὡς
1524 3590 1687 3643 ἱστία

143 3662 219 3716 ἐπὶ
251 3666 491 3729 βουνοῦ.
553 3670 773 3741 Ὠσπερ
822 3664 960 3743 γάρ’
1007 3675 1137 3747 νηὸς
1195 3675 1564 3750 διαπεσούσης
1622 3683 1687 3736 ὲκ

144 3758 367 3824 ναυαγίας
400 3761 663 3831 σημεῖον
694 3763 788 3816 ἐπ’
822 3764 1002 3833 ὄρους
1033 3768 1228 3835 ἱστὸς,
1285 3770 1361 3835 ὡς
1412 3772 1687 3844 ἄχρηστος

143 3848 372 3918 κείμενος,
398 3854 535 3923 μετὰ
567 3855 665 3908 καὶ
692 3855 797 3908 τῶν
837 3857 1021 3911 ἱστίων
1054 3875 1067 3890 ο
1089 3858 1260 3926 οὕτως
1282 3862 1463 3920 αὐτῶν
1488 3866 1685 3938 ἐπίση-

145 3954 221 4009 μον
238 3944 552 4017 γενήσεσθαί
582 3963 717 4020 φησι
745 3947 841 4021 τὴν
865 3949 1163 4009 ἀπώλειαν.

196 4197 331 4264 Τινὲς
361 4200 415 4255 δέ
449 4220 640 4273 φασιν,
669 4204 756 4275 ἐφ’
788 4204 1009 4279 ὑψηλῶν
1042 4208 1259 4280 χωρίων
1288 4212 1535 4271 τίθεσθαι
1572 4221 1687 4285 τοῖς

144 4292 459 4359 στρατιώταις
484 4298 644 4369 παρά
668 4297 779 4353 τῶν
806 4303 1261 4372 στρατηγούντων
1297 4312 1518 4379 σημεῖα,
1577 4314 1686 4369 τῶν

146 4386 393 4450 πρακτέων
424 4388 726 4460 δηλωτικά.
755 4392 846 4458 Ἦ,
883 4394 1029 4449 καθά
1078 4413 1243 4466 φασιν
1271 4398 1472 4473 ἕτεροι,
1513 4404 1687 4465 οὕτως

1796 1925 1947 1980 spem
2008 1911 2062 1964 in
2108 1911 2219 1967 Deo
2268 1912 2606 1968 collocantcs
2637 1913 2842 1968 salvari
2886 1914 3120 1983 queatis.
3168 1913 3385 1969 Dicitur

1794 2017 1925 2057 vero
1949 2002 2003 2057 in
2029 2002 2119 2058 his
2150 2002 2418 2061 Dominus
2446 2014 2663 2060 sanctus
2689 2004 2889 2069 Israel,
2917 2021 3025 2060 non
3054 2021 3119 2061 eo
3146 2014 3383 2075 tantum,

1794 2094 1938 2165 quod
1963 2096 2233 2151 sanctitas
2262 2095 2379 2168 ipse
2399 2097 2491 2161 sit,
2522 2097 2618 2153 sed
2654 2098 2802 2168 quod
2828 2107 3083 2153 sanctum
3116 2100 3383 2155 lsraelem

1794 2186 1978 2244 faciat.
2015 2185 2282 2256 Superius
2307 2189 2454 2244 enim
2490 2196 2547 2245 et
2574 2198 2791 2261 gentem
2828 2198 3079 2246 sanctam
3110 2201 3164 2247 et
3196 2207 3385 2248 sacer-

1794 2278 2004 2334 dotium
2035 2294 2157 2335 esse
2185 2280 2443 2347 dixerat;
2498 2281 2597 2337 sed
2636 2282 2769 2352 quia
2804 2283 3233 2338 sanctimoniam
3270 2300 3299 2338 a
3325 2300 3386 2340 se

1794 2371 2129 2442 rcjecerunt,
2172 2375 2395 2430 eosdem
2460 2389 2709 2442 rursum,
2741 2375 2787 2430 si
2823 2391 2853 2429 a
2897 2376 3141 2445 peccatis
3181 2377 3383 2447 resipi-

1795 2473 1991 2530 scant,
2052 2473 2276 2521 sanctos
2336 2466 2679 2522 redditurum
2754 2482 2814 2523 se
2871 2467 3178 2537 pollicetur.
3218 2468 3383 2540 37o

1794 2556 1981 2628 Neque
2020 2573 2150 2613 vero
2190 2557 2259 2612 ad
2314 2559 2368 2613 id
2404 2559 2683 2629 ingemere
2741 2568 2955 2614 tantum
3003 2564 3142 2617 satis
3187 2560 3381 2626 fuerit;

1795 2649 1890 2704 sed
1920 2663 1985 2704 ea
2037 2648 2204 2703 etiam
2260 2664 2475 2704 morum
2517 2651 2855 2704 conversione
2896 2661 2952 2706 et
3000 2652 3384 2705 emendatione

1793 2755 1935 2809 opus
1963 2749 2067 2803 est,
2106 2754 2212 2807 qua
2248 2740 2333 2794 sui
2370 2754 2536 2795 sensu
2572 2740 2697 2809 quis
2739 2741 3033 2806 excitatus,
3068 2756 3177 2810 quo
3210 2756 3386 2811 usque

1795 2831 1989 2886 fraude
2019 2837 2074 2886 et
2098 2832 2306 2886 scelere
2355 2829 2533 2885 fuerat
2562 2830 2801 2895 delatus,
2834 2839 3157 2902 cognoscat.
3191 2830 3384 2898 Qualis

1794 2940 1856 2980 ea
1881 2923 2101 2980 exsistit
2136 2922 2337 2978 mentis
2383 2922 2651 2990 cognitio,
2688 2938 2811 2994 quae
2840 2932 2991 2979 metu
3036 2925 3192 2979 nullo
3240 2940 3373 2995 per-

1794 3017 2038 3081 turbata,
2097 3031 2206 3086 quo
2263 3015 2457 3071 morbo
2525 3015 2881 3085 laboremus,
2937 3019 3380 3089 contemplatur;

1794 3110 1981 3166 eadem
2030 3125 2310 3180 cognosces
2355 3118 2410 3165 et
2444 3110 2559 3179 ipse
2603 3110 2735 3180 quid
2766 3111 2966 3180 egeris,
3011 3126 3136 3167 cum
3166 3112 3235 3168 ad
3261 3127 3382 3181 eos,

1792 3204 1887 3274 qui
1915 3218 2136 3259 servare
2169 3218 2229 3259 se
2258 3210 2560 3273 nequeant,
2618 3205 2917 3274 appuleris.
2970 3206 3041 3260 At
3081 3221 3214 3261 vero
3244 3206 3386 3278 fuga:

1790 3297 2149 3359 conﬁdentes,
2184 3309 2363 3365 neque
2397 3294 2583 3350 audire
2615 3296 2864 3353 volentes
2893 3297 3040 3352 hunc
3074 3296 3129 3352 in
3160 3301 3384 3355 modum

1791 3389 2110 3459 alloquitur,
2142 3387 2356 3458 fugietis
2383 3386 2629 3456 quidem,
2681 3387 2777 3444 sed
2812 3386 3241 3459 Babyloniorum
3268 3403 3385 3442 ma-

1790 3498 1919 3537 num
1956 3497 2239 3551 nunquam
2282 3480 2511 3552 effugere
2560 3480 2833 3551 poteritis.
2882 3483 3139 3552 Eousque
3200 3490 3382 3536 autem

1790 3575 2053 3646 Fugietis,
2084 3574 2249 3629 donec
2282 3573 2661 3644 relinquamini
2698 3582 2755 3628 ut
2800 3575 2983 3627 malus
3011 3575 3066 3627 in
3108 3584 3304 3639 monte,
3334 3584 3384 3628 et

1790 3677 1846 3721 ut
1873 3668 2083 3735 signum
2111 3665 2164 3719 in
2189 3664 2345 3729 colle,
2377 3664 2486 3730 vel,
2523 3662 2830 3720 secundum
2873 3665 3382 3733 interpretationem

1791 3758 2128 3831 Symmachi,
2191 3768 2444 3827 tanquam
2495 3757 2674 3811 malus"
2711 3757 2767 3810 in
2818 3757 3014 3810 utentis
3074 3758 3281 3820 uertice,
3335 3768 3385 3812 et

1790 3862 2044 3919 tanquam
2085 3847 2198 3903 vela
2240 3849 2294 3901 in
2342 3847 2495 3903 colle.
2552 3845 2617 3902 Ut
2668 3847 2815 3902 enim
2864 3847 3025 3903 navis
3083 3847 3228 3916 ejus,
3264 3865 3387 3917 qua:

1790 3941 2141 4011 naufragium
2185 3953 2345 4009 passa
2379 3945 2486 4003 est,
2525 3938 2705 3993 malus
2752 3938 2806 3991 in
2841 3938 3051 4008 signum
3096 3955 3215 3992 cum
3258 3939 3407 4017 velis;

1788 4034 1843 4087 in
1877 4041 2053 4087 monte
2076 4032 2289 4103 positus
2332 4039 2514 4084 manet
2560 4029 2773 4083 inutilis
2807 4047 2822 4083 :
2857 4032 2937 4084 sic
2964 4038 3019 4085 et
3049 4044 3242 4085 eorum
3276 4046 3383 4083 non

1789 4127 2089 4184 obscurum
2115 4125 2233 4180 fore
2260 4124 2543 4180 interitum
2570 4123 2912 4193 pronuntiat.

1859 4219 2032 4274 Aiunt
2075 4233 2207 4273 vero
2253 4215 2504 4271 nonnulli
2560 4214 2719 4286 signa
2753 4213 3017 4268 militaria
3077 4229 3107 4267 a
3147 4213 3384 4269 ducibus

1789 4311 1912 4368 loco
1928 4309 2234 4367 excelsiore
2257 4305 2540 4371 collocari,
2566 4312 2626 4358 ut
2654 4306 2731 4359 ita
2759 4304 2874 4358 suis
2896 4302 3023 4373 quid
3047 4303 3132 4374 agi
3164 4302 3381 4370 debeat,

1790 4405 2152 4478 signiﬁcetur.
2184 4400 2303 4463 Vel,
2334 4408 2392 4453 ut
2430 4399 2628 4452 dicunt
2658 4397 2773 4461 alii,
2809 4405 2921 4450 tam
2954 4395 3071 4452 fore
3110 4396 3380 4466 insignem

143 4473 168 4576 ξι
194 4477 298 4576 καθ’
319 4482 467 4551 ὑμῶν
492 4484 650 4539 ἔσται
674 4488 918 4558 τιμωρία
960 4492 1289 4563 περιφανὴς,
1322 4494 1400 4559 ὡς
1425 4497 1527 4550 οὐκ
1568 4498 1685 4552 ἔστι

1798 4473 2120 4569 etvapertam
2150 4492 2464 4547 Judmorum
2498 4491 2761 4544 ultionem
2800 4488 3173 4553 demonstrat,
3215 4503 3382 4558 quam

142 4565 287 4623 λαθεῖν
308 4574 471 4629 ἱστὸν
504 4576 601 4631 ἐπ’
634 4579 834 4647 ὅρους,
866 4582 963 4635 καὶ
995 4584 1250 4654 σημεῖον
1295 4587 1394 4643 ἐπὶ
1419 4590 1679 4654 βουνοῦ.

1798 4565 1948 4642 facile
1977 4584 2150 4639 malus
2196 4583 2250 4636 in
2295 4590 2471 4635 monte
2503 4588 2732 4644 erectus,
2767 4590 2862 4633 aut
2897 4578 3104 4648 signum
3158 4578 3215 4632 in
3249 4581 3383 4634 colle

146 4658 264 4757 ξιλὴν
294 4665 349 4718 οὐ
379 4669 797 4757 πάντηᾼπάντας
825 4674 1144 4731 ἀπολεῖσθαί
1177 4696 1332 4751 φησι.
1380 4680 1544 4746 Τινάς
1574 4685 1682 4757 γάρ

1798 4683 2048 4740 omnibus
2115 4679 2255 4736 solet
2324 4691 2612 4748 apparere.
2667 4671 2857 4744 Neque
2902 4681 3084 4727 tamen
3132 4671 3383 4729 funditus

140 4747 345 4847 ξλεήοει
382 4757 513 4822 Θεὸς
536 4754 717 4814 οἶκτον
742 4760 924 4817 λαϐὼν
946 4764 1033 4817 ἐπ’
1061 4747 1267 4832 αὐτοῖς,
1301 4769 1372 4821 δι’
1422 4764 1496 4823 ὧν
1525 4747 1690 4826 ἐλεεῖ

1798 4791 1984 4831 onmes
2020 4776 2293 4847 perituros
2329 4770 2606 4840 intelligit.
2632 4765 3015 4835 Quorumdam
3047 4765 3216 4833 enim,
3248 4781 3387 4822 con-

142 4838 477 4915 ὂοξαζόμενος,
519 4849 611 4913 Ὠς
632 4852 741 4922 γάρ
757 4852 966 4919 δίκαιος
992 4858 1205 4930 κριτὴς,
1228 4859 1356 4925 τοὺς
1376 4861 1475 4932 μὲν
1497 4863 1683 4931 ἀξίους

1798 4882 1951 4924 verso
1980 4867 2046 4922 ad
2080 4867 2286 4921 luctum
2321 4879 2515 4920 eorum
2550 4862 2758 4926 animo,
2790 4859 2937 4917 Deus
2974 4864 3113 4930 ipse,
3148 4859 3238 4914 cui
3292 4862 3387 4915 mi-

142 4940 456 5027 ’ξιμωρεῑταιο
511 4945 643 5008 τοὺς
698 4944 756 4998 δὲ
818 4947 1158 5019 δυναμένους
1206 4950 1428 5021 ἐλέους
1471 4960 1680 5027 τυχεῖν,

1798 4959 2074 5013 serationes
2104 4958 2156 5011 in
2190 4956 2425 5026 gloriam
2468 4954 2691 5017 cedunt,
2732 4950 3092 5005 miserebitur.
3134 4950 3202 5006 llt
3236 4952 3383 5005 enim

141 5023 286 5122 ἐλεεῖ.
340 5033 428 5087 Διό
451 5052 639 5106 φησιν’
675 5032 964 5111 Μακάριος
998 5045 1027 5097 ὁ
1083 5043 1157 5116 μὴ
1204 5023 1597 5116 ἀπογινώσκων
1627 5054 1685 5106 ὲν

1798 5067 2043 5122 unquam
2095 5023 2285 5121 justus
2345 5048 2557 5119 judex,
2627 5046 2858 5101 meritos
2918 5045 3249 5110 ulciscitur;
3309 5044 3383 5098 ita

140 5120 232 5181 τοῖς
269 5126 777 5199 καταλαμϐάνουσιν
842 5135 994 5206 ἡμᾶς
1041 5145 1474 5208 περιστατικοῖς.
1527 5144 1685 5209 Τινὲς

1798 5120 2016 5209 torum,
2071 5144 2164 5214 qui
2220 5141 2566 5196 miseratione
2618 5137 2768 5209 digni
2831 5148 2999 5201 sunt,
3061 5136 3380 5201 miseretur,

229 5216 384 5310 ταύτα
426 5223 677 5294 εἰρῆσθαί
728 5244 861 5295 φασι
916 5229 1008 5283 διὰ
1057 5230 1119 5283 τὸ
1150 5231 1530 5306 σωθησόμενον
1589 5208 1684 5291 τού

1809 5238 2021 5310 ndeque
2054 5208 2158 5300 est,
2208 5235 2356 5307 quod
2403 5248 2523 5297 eos,
2568 5208 2762 5301 quiin
2808 5228 3223 5285 calamitatibus
3256 5229 3379 5282 ani-

150 5300 336 5402 Ἰσραῂλ
367 5312 802 5388 ἐγκατάλειμμα.
829 5319 988 5384 Τινὲς
1008 5321 1067 5376 δὲ
1106 5324 1206 5395 τὴν
1229 5300 1317 5379 διά
1358 5300 1454 5380 τοῦ
1489 5328 1677 5402 Κύρου

1798 5300 1947 5386 mum-
1966 5345 2074 5385 non
2105 5300 2539 5400 desponderunt,
2575 5300 2764 5381 beatos
2811 5320 3097 5393 praedicat.
3143 5319 3379 5386 Quidam

144 5399 393 5465 σημαίνειν
420 5406 698 5465 ἐπάνοδον.
734 5412 919 5467 Ἄλλοι
946 5414 1048 5487 τὴν
1076 5415 1135 5473 ὲν
1154 5420 1220 5490 τῇ
1249 5418 1477 5475 καθόλου
1497 5399 1681 5495 κρίσει

1798 5432 1973 5479 autem
2008 5423 2077 5479 ad
2127 5399 2391 5494 reliquias
2416 5418 2661 5487 lsraelis,
2694 5430 2821 5489 qua:
2876 5413 3157 5471 salvanda:
3207 5420 3377 5480 sunt;

200 5572 237 5604 “
265 5575 446 5636 Ezech.
479 5600 629 5648 xvut,
665 5586 759 5654 25;
796 5606 990 5658 χχχιιι,
1030 5595 1115 5650 Η.

1372 5690 1608 5748 νΑιιιιίΕ
1665 5692 2073 5750 LECTIONES.

202 5760 229 5803 ³
253 5783 337 5838 γρ.
368 5771 552 5839 αὑτός.
628 5773 647 5817 ί
677 5795 764 5847 γρ.
791 5778 915 5849 τήν.
