3900 6550
529 443 674 528 22m
1866 441 2143 504 PROCOP

2260 437 2508 502 GAZEI
3693 421 3808 490 ἕω

532 553 761 626 quidam
802 553 932 609 item
986 553 1057 611 ad
1097 552 1224 628 Cyri
1261 552 1583 618 adventum,
1627 553 1852 624 quidam
1896 569 2025 610 vero
2053 551 2122 608 ad

2249 553 2364 625 πρὸς
2385 551 2421 608 δι
2455 549 2774 623 πράττομεν
2806 542 3066 615 ἀμοιϐήν.
3109 538 3390 593 Ἀπειλῶν
3439 535 3500 590 δὲ
3529 534 3716 628 φοϐεῖ,
3742 541 3814 592 ut

536 646 738 706 summi
776 645 926 700 illius
952 627 1155 716 judicii
1193 645 1416 715 dignam
1464 657 1566 715 pro
1596 644 1870 700 laetorum
1913 643 2128 700 ratione

2249 642 2542 714 θεραπεύει
2578 634 3101 712 παραμυθούμενος,
3153 635 3241 688 ἶνα
3267 633 3352 705 μὴ
3377 629 3447 685 τὸ
3480 627 3587 701 μὲν
3623 628 3814 697 ἀπαγό-

538 740 871 804 mercedem,
925 739 1033 795 ista
1083 739 1395 810 respexisse
1457 740 1672 796 volunt.
1721 736 1914 794 Terret
1956 752 2123 809 porro

2238 752 2447 808 ρευσιν,
2470 735 2532 789 τὸ
2548 735 2608 788 δὲ
2629 733 2877 802 διάχυσιν
2898 727 3302 801 ἀπεργάσηται.

541 833 884 900 minitando,
920 839 976 888 et
1004 830 1270 888 salvando
1305 830 1644 886 consolatur.
1687 831 1820 899 lsto,
1867 845 1936 888 ne
1964 829 2298 902 pertinacem
2331 837 2389 886 et
2465 838 2892 900 repugnantem;
2939 823 3056 888 illo,
3116 836 3189 878 ne
3229 819 3487 876 eb‘usum
3551 823 3609 873 et
3666 816 3820 876 disso-

541 932 716 986 lutum
746 923 965 979 eﬂiciat.

612 1029 770 1100 371
811 1029 980 1086 Vens.
1012 1028 1205 1084 l8-26.
1241 1027 1313 1083 Et
1365 1045 1585 1084 rursum
1638 1036 1905 1097 exspectat
1956 1026 2142 1104 Deus~

543 1130 600 1173 ut
626 1119 942 1174 misereatur
975 1120 1133 1174 vestri
1165 1129 1190 1175 :’
1215 1129 1264 1174 et
1295 1134 1572 1189 propterea
1601 1120 1656 1173 in
1686 1119 1854 1172 altum
1887 1118 2126 1186 tolletur,

545 1212 795 1283 quoniam
831 1211 1001 1282 judex
1044 1211 1304 1266 Dominus
1345 1212 1483 1266 Deus
1523 1213 1704 1274 vestri,
1735 1220 1784 1266 et
1826 1211 1915 1266 ubi
1962 1213 2129 1266 relin-

545 1302 712 1371 quetis
744 1299 974 1370 giarium
1020 1301 1290 1356 vestram?
1343 1300 1518 1364 Beati,
1557 1301 1652 1370 qui
1688 1310 1899 1354 manent
1946 1300 2000 1353 in
2036 1313 2130 1364 eo;

546 1394 796 1462 quoniam
832 1393 1055 1463 populus
1084 1403 1300 1448 sanctus
1329 1395 1382 1448 in
1415 1392 1546 1449 Sion
1575 1392 1861 1461 habitabit,
1893 1401 1944 1449 et
1967 1391 2133 1448 Jeru-

549 1485 713 1539 salem
740 1485 868 1554 ﬂetu
902 1486 1064 1554 ﬂevit,
1098 1495 1208 1541 etc.

621 1577 784 1648 372
831 1576 1025 1646 Populi
1059 1579 1433 1634 reversionem
1481 1579 1740 1649 deinceps
1782 1579 2136 1648 vaticinatur,

551 1683 675 1737 quae
729 1677 850 1738 post
896 1670 1084 1739 gravia
1137 1668 1390 1726 .leremize
1422 1679 1668 1741 tempora
1718 1672 1954 1738 exstitit,
2010 1686 2136 1728 cum

557 1759 960 1817 habitatoribus
989 1762 1210 1832 quidem
1231 1762 1448 1829 civitas,
1483 1764 1742 1832 agricolis
1766 1771 1950 1820 autem
1984 1765 2139 1834 regio

556 1850 674 1918 ipsa
708 1851 1032 1906 abundaret.
1066 1851 1162 1908 Est
1196 1868 1326 1908 vero
1353 1868 1550 1910 rursus
1596 1856 1970 1910 instauratum
1998 1861 2137 1908 tem-

2300 1023 2520 1098 ιη’-κς’.
2555 1021 2670 1080 Καὶ
2714 1021 2902 1076 πάλιν
2919 1016 3093 1090 μενεῖ
3119 1020 3154 1074 ὁ
3221 1015 3375 1082 Θεὸς
3409 1012 3530 1070 τοῦ
3555 1011 3822 1081 οἰκτειρῆ-

2226 1133 2331 1173 σαι
2362 1117 2539 1187 ὑμᾶς.
2560 1114 2670 1171 Καὶ
2689 1114 2788 1169 διὰ
2816 1113 2993 1168 τοῦτο
3027 1107 3434 1180 ὑψωθήσεται
3455 1105 3573 1160 τοῦ
3595 1103 3825 1170 ἐλεῆσαι

2227 1209 2403 1280 ὑμᾶς,
2430 1209 2580 1263 διότι
2611 1204 2818 1277 κριτὴς
2845 1206 3059 1274 Κύριος
3089 1205 3122 1258 ό
3157 1202 3303 1269 Θεὸς
3337 1197 3528 1270 ὑμῶν
3547 1215 3564 1230 °
3599 1197 3697 1252 καὶ
3723 1197 3824 1252 ποῦ

2229 1303 2625 1371 καταλείψετε
2653 1300 2843 1364 δόξαν
2861 1296 3060 1368 ὑμῶν;
3078 1294 3374 1364 Μακάριοι
3403 1295 3467 1348 οἱ
3483 1290 3824 1362 ἐμμένοντες

2231 1395 2302 1449 ἐν
2329 1393 2512 1460 αὐτῷ,
2538 1392 2694 1448 διότι
2719 1390 2871 1457 λαὸς
2897 1389 3066 1459 ἅγιος
3093 1387 3164 1441 ὲν
3210 1387 3372 1440 Σιὼν
3417 1381 3685 1450 οίκήσει,
3741 1382 3821 1434 καὶ

2244 1483 2650 1555 Ἰερουσαλὴμ
2678 1481 2963 1551 κλαυθμῷ
2989 1479 3317 1542 ἔκλαυσεν,
3338 1494 3402 1531 κ.
3438 1493 3495 1530 τ.
3523 1474 3578 1526 λ.

2319 1575 2657 1639 Ἀκολούθως
2709 1574 2958 1639 θεσπίζει
3011 1573 3112 1644 τὴν
3178 1569 3455 1624 ἐπάνοδον
3520 1564 3635 1619 τοῦ
3691 1563 3824 1618 λαοῦ

2239 1669 2378 1742 μετὰ
2399 1669 2469 1724 τὰ
2499 1667 2762 1738 γεγονότα
2784 1666 2878 1720 ἐπὶ
2915 1663 3185 1736 Ἰερεμίου
3211 1661 3388 1726 κακὰ,
3418 1659 3601 1730 ἡνίκα
3631 1656 3821 1725 πεπλή-

2246 1780 2388 1837 ρωτο
2417 1761 2526 1817 τῶν
2552 1761 2651 1832 μὲν
2677 1760 2982 1831 οἰκητόρων
3011 1759 3044 1829 ἡ
3077 1756 3254 1820 πόλις,
3276 1753 3399 1808 τῶν
3439 1753 3502 1806 δὲ
3535 1749 3824 1821 γεωργούνι

2235 1875 2346 1911 των
2383 1856 2415 1926 ἡ
2441 1854 2616 1925 χώρα.
2651 1853 2822 1907 Πάλιν
2852 1851 2908 1904 δὲ
2936 1853 2965 1904 ό
2996 1849 3093 1904 τοῦ
3121 1847 3259 1903 Θεοῦ
3286 1842 3701 1918 ἀνῳκοδομήθη
3715 1840 3820 1902 ναὸς

555 1939 702 2006 plum
759 1940 862 1994 sub
915 1940 1254 1996 Zorobabele
1309 1948 1364 1996 et
1429 1939 1600 2008 Jesu,
1672 1940 2134 2012 prophetantibus

2249 1947 2328 1999 ἐπὶ
2356 1943 2663 2016 Ζοροϐάϐελ
2681 1941 2776 1995 καὶ
2828 1940 3028 2011 Ἰησοῦ,
3065 1938 3545 2011 προφητευόντων
3588 1932 3821 2000 ’Δγγαίον

556 2029 822 2084 Zacharia
849 2038 903 2085 et
923 2032 1122 2102 Aggaeo
1151 2048 1165 2085 :
1201 2047 1343 2102 quos
1371 2032 1576 2088 Esdras
1612 2041 1666 2088 et
1700 2032 1954 2090 Neemias
1989 2035 2136 2091 inse-

555 2123 688 2186 cuti,
727 2122 866 2176 nihil
911 2139 1019 2178 non
1079 2123 1145 2177 ad
1196 2124 1350 2179 urbis
1405 2123 1800 2194 perfectionem
1851 2141 2032 2196 opera:
2083 2134 2138 2182 et

558 2215 846 2270 industriae
871 2215 1264 2282 contulerunt;
1313 2216 1458 2272 unde
1487 2227 1543 2273 et
1575 2219 1665 2273 illa
1701 2219 1793 2273 diu
1829 2221 2138 2288 permansit

557 2304 1000 2377 inexpugnabilis
1051 2324 1066 2359 :
1118 2321 1241 2378 quae
1300 2315 1361 2362 ut
1412 2308 1702 2378 .propheta
1773 2311 2136 2382 signiﬁcaret,

557 2396 728 2450 Deum
776 2413 1001 2462 rursus,
1060 2405 1120 2449 ut
1183 2397 1356 2451 nostri
1418 2399 1734 2454 misereatur
1791 2412 2138 2468 exspectare,

557 2503 766 2557 proque
787 2503 890 2542 suo
936 2487 1141 2558 judicis
1171 2490 1360 2560 ofﬁcio,
1411 2492 1506 2561 qui
1538 2491 1610 2546 de
1635 2493 1794 2547 nobis
1821 2495 2141 2564 captivitate

557 2577 708 2648 digni
774 2577 1024 2643 fuerunt.
1074 2580 1253 2637 eidem
1311 2581 1438 2638 illos
1509 2583 1827 2652 tradidisse;
1903 2602 2139 2656 quorum

559 2679 741 2727 autem
780 2672 1019 2727 misereri
1057 2674 1270 2744 justum
1322 2674 1448 2742 fuit,
1497 2690 1859 2734 conservasse
1911 2679 2138 2748 adjicit;

560 2764 744 2834 itaque
781 2765 990 2818 beatum
1023 2781 1138 2819 esse
1173 2767 1230 2820 in
1267 2767 1393 2833 'ipso
1424 2783 1655 2835 manere,
1709 2779 1804 2824 aut
1837 2771 2140 2827 secundum

560 2853 877 2924 Symmachi
917 2856 1451 2927 interpretationem,
1505 2860 1678 2930 ipsum
1718 2863 1999 2928 sustinere,
2048 2865 2142 2936 qui

557 2943 863 3001 Jerusalem
898 2947 1179 3013 misertus,
1208 2949 1387 3019 ipsam
1424 2966 1647 3008 rursum
1699 2953 1772 3009 sit
1807 2955 2144 3011 instauratu-

559 3052 681 3094 rus.
717 3037 988 3094 Caeterum
1033 3039 1426 3097 advertendum
1479 3055 1563 3099 est
1608 3045 1959 3116 vocabulum,
2011 3065 2144 3102 san-

560 3141 697 3200 ctus,
732 3131 823 3186 ubi
871 3135 1095 3201 populus
1127 3144 1345 3189 sanctus
1394 3135 1648 3200 habetur,
1703 3137 1758 3192 in
1785 3136 2027 3194 Hebraea
2068 3140 2146 3196 le-

560 3223 764 3288 ctione,
813 3223 1054 3294 aliisque
1099 3225 1262 3280 etiam
1315 3225 1676 3292 editionibus,
1727 3244 1835 3284 non
1866 3230 2144 3287 immerito

562 3315 788 3370 minime
821 3317 1069 3387 reperiri.
1099 3314 1290 3389 Neque
1319 3319 1467 3373 enim
1497 3320 1726 3376 omnino
1756 3331 1974 3377 sanctus
2017 3323 2140 3391 fuit,

561 3407 655 3475 qui
689 3407 882 3463 urbem
930 3417 1054 3478 post
1080 3409 1314 3464 reditum
1357 3412 1583 3480 populus
1636 3412 1925 3471 habitavit.
1971 3414 2148 3481 Quin-

563 3503 727 3559 etiam
760 3505 852 3560 ubi
879 3505 1008 3575 ﬂetu
1033 3506 1175 3576 ﬂevit
1204 3506 1502 3576 habemus;
1531 3525 1636 3563 non
1665 3509 1804 3564 luxit
1839 3511 1892 3566 in
1921 3510 2148 3569 Hebraeo

563 3596 766 3664 scribi;
802 3599 947 3653 unde
976 3615 1078 3652 non
1108 3598 1261 3668 ﬂebis
1310 3599 1699 3671 Symmachus,
1730 3601 1848 3670 fnon
1884 3601 2148 3674 lugebitur

565 3686 873 3743 Theodotio
902 3691 1184 3747 dixerunt.
1215 3691 1346 3746 Erat
1377 3693 1524 3747 enim
1563 3693 1804 3760 laetandi,
1847 3711 1951 3749 non
1983 3695 2148 3766 ﬂendi

568 3781 641 3836 iis
666 3781 914 3849 occasio,
941 3784 1036 3854 qui
1071 3785 1263 3840 urbem
1302 3784 1413 3860 peo
1455 3786 1740 3842 miserante
1786 3790 2148 3860 recepissent.

564 3866 731 3923 Juxta
751 3869 888 3927 illud
914 3888 962 3926 ε(
1003 3855 1510 3931 νοηίθηιθεέυιεῐη
1550 3877 1773 3934 venient
1805 3855 1932 3934 cum
1959 3881 2149 3936 exsul-

569 3959 778 4016 tatione
835 3970 1119 4032 portantes
1169 3963 1481 4033 manipulos
1529 3981 1662 4022 suos
1715 3968 1779 4022 "‘.
1819 3987 1839 4021 ι
1873 3970 1944 4024 At
2001 3969 2152 4040 quod

568 4065 744 4105 vocem
769 4050 1024 4107 clamoris
1056 4054 1134 4108 tui
1181 4053 1394 4124 quando
1424 4056 1576 4121 vidit,
1612 4059 1816 4113 audivit
1859 4069 1908 4114 te
1935 4062 2148 4130 scribit,

571 4141 648 4196 ita
687 4140 1052 4214 Symmachus
1087 4160 1103 4198 :
1138 4144 1221 4199 Ad
1247 4163 1422 4202 vocem
1473 4148 1728 4205 clamoris
1761 4152 1860 4218 tui,
1895 4152 2147 4223 quemad-

570 4235 785 4288 modum
837 4235 1057 4292 auditus
1097 4237 1221 4307 fuit,
1253 4237 1406 4294 audit
1457 4248 1526 4295 te.
1592 4241 1761 4312 Cujus
1805 4246 2021 4314 generis
2065 4253 2150 4303 est

571 4324 708 4380 illud
737 4343 751 4381 :
783 4345 802 4380 ι
838 4325 1149 4386 Secundum
1181 4330 1340 4387 ﬁdem
1363 4337 1511 4386 tuam
1538 4332 1630 4390 flat
1659 4333 1757 4390 tibi
1785 4336 1849 4392 '°.
1880 4355 1898 4388 ι
1934 4335 1990 4392 ln
2014 4353 2153 4409 pra:-

2239 2037 2333 2090 καὶ
2355 2034 2643 2105 Ζαχαρίου.
2669 2031 2804 2085 Μεθ’
2843 2029 2958 2094 οὒς,
2986 2029 3245 2101 Ἔσδρας,
3268 2023 3396 2080 εἶτα
3427 2024 3685 2094 Νεεμίας
3705 2021 3820 2091 πρὸς

2238 2128 2516 2182 τελείωσιν
2566 2129 2632 2198 τῇ
2689 2126 2843 2178 πόλει
2925 2123 3298 2195 συνέπραξαν,
3338 2121 3434 2192 ἐφ’
3485 2115 3572 2182 οἷς
3633 2118 3819 2187 ἔμεινεν

2240 2221 2336 2275 ἐπὶ
2367 2219 2618 2272 πλεῖστον
2646 2217 2838 2288 χρόνον
2873 2216 3147 2278 ἀνάλωτος
3168 2231 3182 2246 ο
3217 2215 3365 2284 άπερ
3423 2209 3608 2278 δηλῶν
3632 2209 3660 2261 ό
3708 2224 3816 2277 προ-

2241 2316 2419 2384 φήτης
2449 2312 2605 2384 φησι,
2628 2311 2739 2365 Καὶ
2765 2310 2953 2364 πάλιν
2975 2310 3144 2377 μένει
3169 2311 3202 2363 ό
3239 2306 3393 2372 Θεὸς
3416 2304 3531 2359 τοῦ
3559 2298 3818 2368 οικτειρῆ-

2243 2423 2345 2463 σαι
2372 2405 2550 2478 ἡμᾶς.
2569 2405 2680 2459 Καὶ
2700 2406 2782 2459 ὃτι
2806 2402 3020 2472 κριτὴς
3043 2399 3130 2455 ὢν
3152 2403 3184 2472 ἡ
3193 2400 3332 2473 μῶν,
3367 2399 3508 2462 τοὺς
3534 2397 3632 2468 μὲν
3658 2395 3815 2460 ἀξίους

2243 2497 2646 2570 αἰχμαλωσίας,
2685 2495 3000 2566 παρεδίδου.
3053 2493 3161 2557 Ob;
3214 2493 3272 2546 δὲ
3327 2491 3585 2545 δίκαιον
3629 2485 3816 2545 ἐλεεῖν,

2243 2590 2442 2654 ἔσωζε.
2493 2588 2586 2643 Διὸ
2628 2588 2929 2658 μακάριον
2948 2586 3015 2640 τὸ
3049 2585 3330 2656 ἐμμένειν
3387 2583 3466 2636 ἐν
3519 2577 3697 2644 αὐτῷ.
3738 2577 3811 2640 'll,

2244 2685 2388 2741 κατὰ
2406 2683 2729 2755 Σύμμαχον,
2759 2682 2823 2736 τὸ
2855 2678 3185 2750 ὑπομένειν
3227 2677 3444 2732 αὐτόν.
3476 2672 3815 2742 Οίκτειρῄσας

2243 2778 2352 2849 γὰρ
2391 2774 2770 2847 Ἰερουσαλὴμ,
2799 2773 3214 2843 ἀνοικοδομήσει
3245 2770 3418 2823 πάλιν
3470 2766 3659 2835 αὐτὴν.
3684 2763 3747 2816 Τὸ
3764 2760 3809 2812 δὲ

2245 2871 2432 2941 ἅγιος,
2477 2871 2536 2923 ὲν
2586 2867 2686 2936 τῷ,
2723 2867 2875 2932 λαὸς
2935 2865 3126 2936 ἅγιος,
3187 2863 3248 2916 οὐ
3309 2860 3650 2930 πρόσκειται
3702 2850 3810 2920 παρ’

2260 2961 2558 3027 Ἑϐραίοις,
2591 2957 2717 3012 οὐτε
2747 2957 2888 3012 κατὰ
2914 2956 3013 3020 τὰς
3074 2954 3315 3016 ἐκδόσεις
3339 2952 3459 3005 τῶν
3475 2947 3670 3004 ἄλλων·
3690 2941 3809 2997 εἰκό-

2247 3071 2374 3117 τως.
2405 3051 2541 3106 Οὐδὲ
2573 3053 2682 3121 γὰρ
2703 3049 2924 3112 πάντως
2955 3047 3124 3116 ἅγιος
3173 3047 3202 3099 δ
3224 3044 3326 3114 τὴν
3359 3042 3527 3096 πόλιν
3557 3037 3690 3110 μετὰ
3726 3037 3808 3104 τὴν

2247 3143 2504 3199 ἐπάνοδον
2526 3141 2755 3213 οἰκήσας
2782 3141 2958 3207 λαός.
2994 3137 3158 3193 Ἀλλὰ
3186 3136 3283 3191 καὶ
3321 3137 3382 3188 ἐν
3412 3133 3516 3204 τῷ,
3554 3124 3807 3196 κλαυθμῷ

2247 3236 2659 3303 ἐκλαυσεν,τὸ
2692 3234 2980 3307 Ἐϐραῖκὸν
3025 3233 3148 3287 οὐκ
3193 3233 3512 3286 ἔκλαυσεν
3557 3225 3686 3296 ἔχει.
3732 3222 3806 3272 Διδ

2245 3327 2560 3398 Σύμμαχος,
2583 3327 2665 3381 Οὺ
2689 3325 3001 3389 κλαύσεις,
3029 3319 3219 3393 φησίν.
3246 3320 3306 3373 '0
3332 3319 3393 3372 δὲ
3417 3313 3722 3377 Θεοδοτίων,
3739 3312 3806 3362 Οὺ

2244 3417 2674 3489 κλαυθήσεται.
2731 3413 3090 3486 Εὐφροσύνης
3169 3411 3279 3483 γὰρ
3333 3405 3408 3481 ἦν
3481 3404 3692 3500 καιρὸς,
3745 3401 3801 3500 σὺ

2245 3508 2557 3579 κλαυθμοῦ
2577 3511 2692 3571 τοῖς
2722 3505 3051 3574 ἁπειληφόσι
3090 3503 3189 3576 τὴν
3225 3501 3381 3556 πόλιν
3463 3496 3614 3562 ἐλέῳ
3660 3496 3799 3547 Θεοῦ.

2244 3604 2405 3659 Κατὰ
2451 3601 2513 3655 τό
2541 3616 2556 3632 ο
2593 3620 2612 3654 ι
2656 3600 2971 3673 Ἐρχόμενοι
3021 3583 3080 3652 δέ
3127 3596 3352 3666 ἥξουσιν
3401 3594 3464 3646 ἐν
3517 3584 3798 3658 ἀγαλλιάσει

2247 3692 2577 3766 αῖροντεςτὰ
2607 3692 2899 3764 δράγματα
2921 3689 3127 3743 αὐτῶν.
3169 3707 3187 3741 s
3237 3686 3386 3740 Ἀντὶ
3439 3684 3498 3739 δὲ
3548 3678 3660 3744 τοῦ,
3704 3674 3801 3740 Τὴν

2247 3785 2461 3858 φωνὴν
2489 3803 2518 3839 τ
2526 3784 2602 3854 ἦς
2624 3781 2890 3853 κραυγῆς
2911 3798 3028 3837 σου
3075 3781 3258 3851 ἡνίκα
3289 3774 3457 3833 εἶδεν
3488 3767 3798 3870 ἐπήᾼκουσέν

2248 3895 2367 3936 σου
2399 3896 2416 3912 ο
2446 3881 2475 3934 ό
2515 3877 2816 3952 Σύμμαχος
2871 3892 3045 3949 φησιο
3100 3875 3260 3945 Πρὸς
3311 3872 3430 3942 τὴν
3460 3866 3665 3942 φωνὴν
3709 3866 3800 3927 τῆς

2243 3970 2405 4040 ,βοῆς
2448 3987 2565 4025 σου
2598 4009 2614 4036 ,
2667 3969 2864 4036 καθὼς
2923 3966 3002 4022 ἂν
3063 3962 3342 4034 ἀκουσθῇ
3361 4003 3378 4031 ,
3443 3961 3642 4017 ἀκούει
3679 3968 3794 4009 σου.

2262 4065 2475 4120 Ὀποῖον
2500 4063 2575 4135 τῷ
2595 4063 2608 4115 i
2628 4103 2643 4130 ,
2672 4083 2691 4119 ι
2713 4064 2870 4118 Κατά
2893 4061 2991 4137 τὴν
3016 4061 3200 4116 πίστιν
3231 4077 3324 4113 σου
3352 4055 3634 4128 γενηθήτω
3659 4065 3746 4102 σοι.
3775 4061 3791 4095 ι

2252 4159 2400 4230 Πρὸς
2420 4158 2520 4230 μὲν
2537 4159 2598 4211 τὸ
2619 4156 2794 4228 παρόν
2810 4155 3225 4228 φησιν,Ἀρτον
3236 4151 3502 4246 θλίψεως
3518 4145 3791 4246 δώσει’σοι,

2256 4247 2402 4320 κατὰ
2423 4249 2524 4320 τὴν
2540 4247 2713 4319 ἀρχὴν
2742 4247 2842 4319 τῆς
2860 4245 3124 4301 ἐπανόδου
3147 4243 3348 4313 λέγων,
3373 4241 3487 4296 τῶν
3513 4241 3793 4308 περιχώρων

2258 4338 2548 4394 θλιϐόντων
2581 4337 2744 4394 αὐτού
2753 4357 2798 4402 ς.

573 4441 704 4484 sens
757 4427 1002 4496 quidem.
1049 4427 1126 4482 ait
1161 4445 1175 4482 :
1207 4427 1408 4485 Panem
1472 4430 1773 4502 aﬂlictionis
1823 4430 1974 4486 dabit
2018 4433 2154 4503 tibi,
2196 4434 2524 4506 principium
2559 4432 3278 4504 reversionisiutelligens:
3321 4445 3433 4503 quo
3494 4431 3715 4492 tempore
3765 4426 3789 4466 ³

570 4516 772 4572 vicinis
795 4517 1200 4588 allligebantur.

643 4613 804 4685 373
829 4612 1092 4684 Deinceps
1115 4616 1262 4670 enim
1290 4631 1505 4672 omnem
1528 4617 1636 4674 illis
1657 4618 1958 4676 ubertatem
1981 4627 2036 4675 et
2057 4633 2143 4676 co-

2321 4614 2478 4671 llari
2502 4613 2611 4684 γὰρ
2639 4612 2813 4666 ταῦτα
2833 4612 3013 4666 πᾶσαν
3036 4609 3218 4670 αὐτοῖς
3240 4607 3530 4677 εὐετηρίαν
3557 4606 3786 4659 κατεπαγ-

573 4708 717 4778 piam
749 4707 1056 4772 denuntiat,
1082 4708 1464 4778 imprimisque
1486 4725 1673 4765 errore
1691 4719 1966 4767 carentem
1987 4725 2150 4768 secu-

577 4797 818 4862 ritatem,
847 4812 969 4851 cum
1004 4798 1194 4853 eodem
1235 4814 1294 4854 se
1339 4799 1559 4854 liberari
1586 4801 1756 4856 semel
1799 4808 2099 4872 agnoscent
2131 4817 2147 4856 :

575 4887 932 4956 quantumvis
970 4902 1076 4942 non
1119 4887 1367 4943 tlel‘uturi
1413 4889 1544 4955 sint,
1579 4891 1673 4960 qui
1733 4891 2038 4959 advertere,
2096 4897 2152 4948 et

575 4977 633 5032 in
681 4977 795 5031 vias
851 4979 1112 5045 quaslibet
1169 4979 1430 5036 inducere
1483 4990 1775 5038 conentur.
1845 4982 1949 5039 Via
1974 4984 2148 5051 enim,

575 5067 756 5134 aiunt,
791 5067 993 5132 media,
1028 5077 1082 5125 et
1128 5071 1298 5139 regia,
1346 5072 1472 5127 aliis
1526 5072 1789 5142 utrinque
1837 5073 2151 5138 declinatis,

574 5159 901 5225 ambulabis,
951 5175 1078 5216 cum
1124 5164 1464 5218 exsecranda
1509 5163 1655 5220 idola
1708 5165 1837 5233 ista,
1887 5174 2152 5236 tanquam

569 5251 783 5325 judicio
815 5260 911 5307 tuo
942 5259 1101 5324 turpe
1143 5253 1349 5323 aliquid
1380 5263 1434 5309 et
1455 5254 1854 5310 exsecrandum
1897 5256 2153 5322 maxime,

574 5344 1065 5401 contaminaveris.
1100 5343 1240 5399 Tum
1266 5345 1488 5401 demum
1519 5348 1618 5403 tibi
1651 5349 1836 5403 omnia
1880 5348 1948 5404 ad
1983 5349 2149 5406 bruta

576 5450 778 5508 usque,
807 5435 904 5492 sed
933 5451 998 5492 ea
1026 5437 1286 5504 maxime,
1326 5453 1448 5509 quae
1481 5453 1741 5510 agrorum
1789 5440 1964 5496 cultui
2021 5443 2153 5498 sub-

576 5528 846 5595 serviunt,
872 5543 1137 5601 prospere
1162 5543 1392 5587 cessura
1420 5541 1570 5586 sunt.
1599 5533 1674 5588 At
1697 5534 1980 5606 corporeis
2018 5534 2155 5590 buc-

650 5686 696 5722 “
725 5686 873 5746 Psal.
893 5642 1056 5758 cxxv,
1093 5689 1150 5747 6.
1228 5691 1275 5725 ⁸⁸
1301 5690 1497 5748 Matth.
1525 5707 1603 5761 Ix,
1627 5692 1718 5750 29.

2252 4703 2524 4774 γέλλεται,
2555 4702 2650 4756 καὶ
2676 4701 2880 4768 πλάνης
2913 4700 3132 4771 πρῶτον
3161 4698 3503 4768 ἐλευθερίαν,
3532 4692 3603 4762 τῷ
3622 4685 3783 4759 γνῶσιν

2255 4795 2422 4868 ἔχειν,
2452 4794 2535 4848 δτι
2567 4792 2744 4865 πλάνῃ
2783 4792 3124 4864 καθέστηκεν
3149 4791 3198 4858 ιι,
3226 4789 3328 4844 κᾶν
3354 4779 3782 4872 διαστρέφοιέν

2256 4865 2347 4954 ve;
2379 4888 2469 4942 ἐπ’
2521 4885 2898 4952 ἀλλοκότους
2948 4884 3130 4952 ὀδοὺς
3189 4882 3630 4955 προκαλούμενοι.
3674 4865 3779 4929 ὀὃῷ

2257 4981 2389 5052 γὰρ,
2422 4979 2594 5052 φησὶ,
2647 4978 2920 5048 πορεύσῃ
2966 4977 3108 5051 μέσῃ
3157 4994 3217 5030 τε
3269 4975 3365 5031 καὶ
3407 4963 3678 5040 ,ϐασιλικῐῖ

2259 5051 2602 5144 ἑκατέρωθεν
2646 5071 2935 5137 ἐκκλίνων,
2995 5071 3087 5125 ὅτε
3129 5070 3225 5124 καὶ
3267 5068 3503 5139 μιανεῖς
3539 5063 3600 5116 τὰ
3629 5051 3775 5111 εἴδωλα

2263 5165 2438 5236 μιαρὰ
2488 5163 2686 5228 ταύτα,
2742 5163 2997 5234 καθάπερ
3040 5180 3094 5217 τι
3150 5162 3261 5215 τῶν
3316 5161 3458 5230 ἄγαν
3510 5149 3773 5236 ἀκαθάρτου

2260 5231 2726 5330 ἦγούμενος.Τότε
2751 5275 2833 5311 σοι
2862 5257 2930 5311 τὰ
2953 5231 3054 5328 τῆς
3083 5254 3366 5326 εὐθηνίας,
3397 5253 3554 5324 μέχρι
3573 5244 3665 5299 τῶν
3684 5231 3776 5330 blb-

2256 5321 2370 5422 {at
2400 5321 2576 5416 ζώων,
2614 5349 2936 5423 γεωργικῶν
2974 5321 3032 5404 δὲ
3074 5321 3333 5419 μάλιέπται
3366 5321 3710 5416 άαράτείνεταί
3735 5321 3768 5423 Ῐ⁴

2258 5417 2583 5515 ὲωματικὰς
2605 5417 2662 5496 δὲ
2695 5417 2858 5515 μεχρι
2904 5417 3094 5496 τούτού
3140 5442 3241 5506 τὰς
3287 5436 3607 5521 ἐπαγγελίας
3633 5417 3770 5521 cili“:

2259 5533 2583 5607 παρασχὼν.
2615 5535 2811 5605 ἐπάγει
2839 5534 2937 5600 τὰς
2955 5533 3244 5608 θειοτέρας
3271 5534 3383 5598 τοῖς
3406 5515 3597 5613 τούτων
3620 5515 3764 5584 ἀξίοισι

1920 5783 2154 5842 VAlll/E
2189 5783 2596 5842 LECTIONES.

659 5892 674 5947 l
709 5911 796 5966 γρ.
822 5897 901 5950 τό.
979 5897 1005 5937 ιι
1042 5913 1129 5966 κο.
1155 5897 1450 5972 ἀφέστηκε.
1534 5897 1552 5940 ι
1588 5900 1675 5955 ίσ.
1711 5903 2094 5974 παρατενεῖται
2135 5901 2172 5971 ἢ
2203 5900 2670 5973 παραταθήσεται.
