3978 6374
154 377 269 443 ῒ269
1264 376 1796 439 COMMENTARII
1839 377 1924 439 IN
1963 378 2251 439 ISAIAM.
3221 374 3366 438 2270

152 492 227 547 καὶ
246 488 327 544 τὸν
352 484 524 543 αὐτῶν
552 485 741 557 χρόνον
758 486 1016 557 προσθεὶς
1038 484 1216 557 λέγων
1236 502 1249 517 ’
1288 488 1379 543 Ἐν
1399 488 1473 557 τῇ
1499 489 1691 560 ἡμέρᾳ
1720 538 1723 546 .

1792 505 1968 561 usque
2016 488 2485 562 promissionibus
2541 486 2807 544 adhibitis
2851 485 3158 543 diviniores
3223 491 3359 560 jam,

148 583 318 649 ἐκείνῃ
342 578 415 634 ὅτ’
434 578 498 632 ἂν
533 576 873 633 ἀπολῶν-ται
904 577 1147 643 πολλοὶ,
1164 576 1263 631 καί
1284 577 1431 633 όταν
1448 581 1681 635 πέσωσι

1787 589 1974 635 notato
2007 589 2279 652 tempore,
2315 580 2643 651 adiungens,
2680 580 2733 635 id
2765 596 2824 634 eo
2853 579 2937 635 die
2962 579 3208 635 futurum
3242 583 3317 635 ait
3344 596 3358 636 :

148 674 344 741 πύργοι.
396 670 463 723 Ἦ
514 669 655 723 κατὰ
710 666 1029 739 Σύμμαχον,
1080 668 1151 721 ἐν
1212 667 1403 737 ἡμέρᾳ
1436 667 1681 737 σφαγῆς

1790 688 1883 742 quo
1922 672 2193 741 perierunt
2221 671 2397 737 multi,
2429 680 2477 724 et
2506 687 2624 725 cum
2676 671 2957 725 ceciderint
3011 679 3203 724 turres.
3254 672 3361 726 Aut

147 765 365 831 πολλῆς,
380 763 447 817 ἐν
472 761 553 827 τῷ
568 761 779 816 πεσεῖν
793 762 1120 832 μεγάλους,
1143 762 1288 817 κατὰ
1308 761 1398 814 τὸν
1426 762 1529 832 τῆς
1555 761 1680 831 κρί-

1792 764 2083 819 secundum
2118 762 2435 834 Symmachi
2470 763 3004 833 interpretationem,
3055 762 3123 816 In
3167 764 3252 819 die
3277 764 3363 818 in-

148 874 259 921 σεως
280 854 503 927 δηλονότι
534 855 746 924 καιρόν.
768 854 995 908 Πολλοί
1022 855 1133 927 γὰρ
1180 852 1301 908 κατ’
1327 854 1535 907 ἐκεῖνον
1569 854 1682 908 ἀπ-

1793 856 2112 927 terfectionis
2138 858 2344 920 multra,
2368 872 2488 910 cum
2517 856 2705 909 cadent
2731 857 2911 927 magni
2928 872 2944 918 ;
2968 856 3167 926 quibus
3212 856 3364 926 judi-

146 950 388 1006 ολοῦνται
415 946 506 1001 τόν
532 947 743 1019 χρόνον,
776 949 835 1000 ἐν
863 940 907 1015 ᾧ
936 948 1032 1001 καὶ
1059 948 1129 1002 τὰ
1159 945 1549 1018 ἐπηγγελμένα
1570 948 1682 1009 τοῖς

1792 948 1856 1002 cii
1917 958 2133 1019 tempus
2192 948 2473 1004 indicasse
2527 955 2807 1017 putamus.
2858 944 3022 1000 Multi
3071 947 3216 1002 enim
3272 948 3363 1001 illo

147 1042 286 1107 ἀξίοις
307 1040 607 1109 δοθήσεται,
632 1039 776 1108 ἅπερ
805 1040 954 1093 ἐστὶν
991 1038 1150 1109 ὕδωρ
1172 1038 1683 1107 διαπορευόμενον

1792 1052 2031 1111 tempore
2072 1042 2339 1111 peribunt,
2375 1039 2430 1095 in
2471 1056 2579 1110 quo
2632 1039 2816 1111 dignis
2872 1040 3189 1094 tribuentur
3240 1055 3363 1109 qua:

145 1136 223 1189 ἐπὶ
251 1130 458 1197 παντὸς
484 1131 664 1199 ὅρους
693 1130 939 1200 ὑψηλοῦ
980 1132 1081 1185 καὶ
1114 1130 1374 1195 βουνοῦ.
1420 1128 1580 1183 Κατὰ
1622 1129 1681 1182 δέ

1791 1134 2111 1191 annuntiata
2140 1142 2291 1197 sunt,
2320 1150 2353 1187 ιι
2381 1150 2487 1205 qua
2511 1132 2772 1188 nimirum
2814 1142 3041 1187 montem
3102 1132 3362 1187 eacelsum

145 1224 416 1292 Σύμμαχον,
434 1220 530 1273 καί
550 1220 649 1274 ἐπὶ
670 1220 896 1287 παντὸς
916 1220 997 1285 ,βο
1006 1220 1152 1275 υνοῦ
1171 1220 1512 1288 ἐπηρμένου
1531 1218 1681 1272 διαι-

1793 1241 2013 1289 omnem,
2035 1236 2085 1279 et
2106 1225 2295 1279 callent
2322 1240 2651 1294 percurrens,
2678 1234 2769 1277 aut
2806 1225 2989 1288 etiam,
3015 1225 3059 1279 si
3094 1224 3364 1293 interpre-

139 1317 304 1384 ρέσεις
332 1312 572 1382 ἀγωγῶν
621 1311 877 1367 ὑδάτων.
932 1313 1145 1381 Ὥσπερ
1172 1312 1230 1365 δὲ
1280 1310 1421 1364 Σιὼν
1470 1310 1596 1381 ὅρος
1619 1309 1681 1364 τὸ

1789 1316 2047 1370 tationem
2085 1314 2399 1387 Symmachi
2450 1316 2709 1386 requiris,
2742 1331 2898 1383 super
2939 1331 3146 1369 onmem
3176 1314 3360 1369 collem

143 1406 418 1476 ἐπουράνιον
438 1404 702 1469 πολλάκις
734 1405 1035 1479 ἐλέγομεν,
1057 1406 1235 1468 οὕτως
1274 1404 1331 1458 αί
1362 1402 1558 1457 πολλαὶ
1587 1420 1683 1474 μο-

1787 1406 2047 1461 excelsum
2075 1407 2357 1461 divisiones
2382 1406 2672 1460 ductarunt
2718 1422 3003 1477 aquarum.
3050 1404 3121 1460 Ut
3178 1416 3358 1461 autem

142 1498 213 1551 ναὶ
255 1495 391 1567 παρὰ
432 1494 509 1565 τῷ
541 1484 772 1567 Πατέρι,
822 1496 929 1566 ὄρη
965 1496 1115 1549 ἐστὶν
1139 1495 1370 1567 οὐράνια
1416 1496 1551 1565 πρὸς
1581 1495 1681 1565 τὴν

1786 1508 2025 1554 montem
2060 1500 2213 1565 Sion,
2249 1514 2418 1570 super
2456 1500 2735 1555 omlestem
2782 1514 3028 1569 perszepe
3071 1499 3312 1554 diximus
3343 1518 3357 1553 :

143 1590 266 1656 ἀξίαν
290 1587 667 1658 ἀποδιδόμενα,
700 1588 787 1657 ἐφ’
811 1582 886 1642 ὧν
926 1588 990 1642 τὸ
1039 1588 1502 1659 διαπορευόμενον
1535 1588 1681 1659 ὕδωρ

1793 1588 1866 1643 sic
1903 1590 2087 1644 multat
2120 1590 2227 1645 illa:
2254 1589 2393 1660 apud
2424 1588 2637 1644 Patrem
2693 1589 3009 1646 mansiones
3044 1590 3113 1652 ¹⁷,
3164 1599 3364 1644 montes

144 1680 188 1733 τὺ
224 1678 315 1732 ἀπὸ
344 1677 525 1748 πηγῆς
583 1677 887 1742 ἁναὸλύζον
922 1678 987 1732 ἂν
1036 1679 1147 1748 εἴη,
1204 1678 1335 1749 περὶ
1373 1672 1441 1749 ἦς
1475 1687 1677 1747 φησινιθ

1792 1681 2010 1749 quidam
2044 1683 2320 1747 cmlestes,
2358 1682 2593 1752 singulis
2626 1694 2725 1751 pro
2782 1681 2962 1734 meriti
3008 1682 3223 1736 ratione
3271 1696 3363 1735 as-

149 1790 163 1823 t
195 1771 297 1823 Ὀτι
327 1769 470 1841 παρὰ
510 1769 597 1823 σοὶ
637 1771 793 1840 πηγὴ
852 1770 1019 1841 ζωῆς,
1069 1789 1087 1821 ι
1123 1769 1217 1840 ἀφ’
1262 1764 1330 1841 ἦς
1377 1772 1405 1823 ό
1436 1770 1682 1841 ποταμὸς

1795 1772 1985 1841 signati
2009 1770 2233 1838 fuerint,
2259 1787 2400 1841 quos
2428 1786 2762 1841 percurrens
2794 1787 2937 1842 aqua
2966 1786 3031 1825 eo
3061 1771 3212 1827 fonte
3241 1786 3366 1826 sena

134 1862 214 1937 τοῦ
234 1860 352 1915 Θεοῦ
378 1863 685 1932 προχεῖται,
712 1862 841 1935 περὶ
870 1858 931 1914 οὗ
954 1862 1270 1933 γέγραπται
1295 1880 1309 1893 ’
1353 1882 1371 1915 ι
1419 1861 1480 1914 '0
1512 1879 1681 1917 ποτα-

1785 1864 1972 1929 turiat,
2008 1864 2075 1919 de
2103 1879 2211 1934 quo
2240 1864 2440 1933 legitur
2474 1884 2490 1921 :
2529 1880 2549 1916 ι
2588 1863 2746 1935 Apud
2784 1871 2837 1919 te
2886 1863 3009 1918 fons
3051 1863 3172 1918 vita:
3204 1864 3249 1896 ¹⁸
3283 1882 3296 1919 :
3338 1882 3356 1916 ι

146 1955 222 2024 μὸς
241 1952 322 2007 τοῦ
348 1952 478 2006 Θεοῦ
508 1952 804 2025 ἐπληρώθη
833 1953 1062 2018 ὑδάτων,
1093 1972 1112 2005 ι
1145 1954 1264 2008 καίο
1318 1972 1337 2006 ι
1370 1953 1478 2008 Τοῦ
1508 1970 1679 2007 ποτα-

1793 1970 1815 2010 a
1847 1971 1958 2027 quo
1988 1954 2189 2011 ﬂumen
2224 1954 2318 2012 Dei
2343 1955 2477 2010 illud
2501 1964 2744 2020 emanat,
2796 1955 2941 2025 quod
2969 1955 3054 2009 bis
3081 1955 3263 2010 verbis
3288 1954 3364 2009 si-

145 2046 223 2116 μοῦ
246 2046 306 2099 τὰ
328 2046 623 2118 όρμήματα
646 2046 999 2117 εὐφραίνουσι
1026 2048 1125 2118 τὴν
1148 2048 1307 2102 πόλιν
1341 2049 1435 2102 τοῦ
1463 2046 1620 2101 Θεοῦ·
1655 2066 1675 2100 ι

1787 2050 2077 2121 gniﬁcatur
2115 2066 2129 2103 :
2168 2066 2189 2101 ι
2226 2048 2467 2105 Flumen
2506 2047 2600 2103 Dei
2634 2048 2905 2119 repletum
2936 2054 3021 2102 est
3048 2048 3207 2117 aquis
3235 2048 3301 2111 η,
3336 2065 3358 2099 ι

142 2140 186 2200 ὃς
207 2140 334 2191 ἐστιν
353 2139 381 2190 6
413 2138 715 2207 μονογενὴς
734 2137 831 2191 τοῦ
854 2137 989 2191 Θεοῦ
1018 2138 1210 2208 Λόγος.
1235 2131 1310 2194 Ob
1341 2141 1678 2211 μεταλαϐόν-

1794 2150 1837 2195 et
1867 2140 1976 2196 illis
2008 2141 2175 2195 etiam
2211 2158 2226 2195 :
2264 2160 2282 2191 ι
2316 2137 2593 2195 Fluminis
2636 2140 2883 2211 impetus
2936 2137 3177 2193 lzetiticat
3227 2138 3365 2194 civi-

141 2247 228 2293 τες,
262 2229 544 2283 ἀθανασίαν
583 2230 809 2300 ἕξομεν,
868 2231 964 2285 καὶ
1015 2230 1183 2302 ζωὴν,
1232 2231 1378 2305 ἅπερ
1413 2233 1529 2286 ἐστὶ
1554 2233 1681 2286 κατ’

1788 2238 1949 2285 latent
2001 2231 2095 2287 Dei
2126 2232 2194 2287 ὀ.
2240 2250 2259 2283 ι
2306 2230 2543 2288 Verbum
2588 2229 2683 2287 Dei
2734 2231 2947 2286 scilicet
2994 2231 3359 2301 unigenitum,

146 2323 300 2377 οὐσίαν
322 2323 499 2386 αὑτός.
536 2323 672 2377 Ὅτε
706 2323 799 2375 καὶ
825 2323 985 2395 αὑτὴ,
1024 2324 1213 2395 φησὶν,
1249 2325 1282 2395 ἡ
1313 2325 1491 2390 κτίσις
1523 2325 1678 2379 ἐλευ⁴

1795 2324 1944 2393 cujus
1965 2321 2091 2378 facti
2116 2324 2411 2394 participes
2434 2323 2899 2379 immortalitatem
2928 2328 2983 2377 et
3019 2323 3183 2377 vitam
3214 2322 3366 2394 (quae

140 2413 394 2485 θερωθεῐσα
418 2414 515 2483 τῆς
540 2413 797 2479 δουλείας
827 2418 928 2485 τῆς
953 2414 1182 2485 φθορᾶς,
1208 2416 1546 2487 ἀπολήψεται
1570 2416 1681 2471 τῶν

1795 2414 2005 2485 quidem
2063 2415 2184 2485 eius
2227 2418 2524 2471 essentiam
2577 2418 3036 2486 consequuntur)
3097 2422 3213 2469 tum
3271 2415 3366 2470 de-

140 2508 360 2575 mptisz
389 2508 483 2569 τὰς
510 2506 777 2577 ἀμοιϐὰς,
812 2506 1003 2578 ὥσπερ
1033 2507 1209 2576 ἥλιός
1238 2524 1296 2561 τε
1329 2508 1425 2562 καὶ
1442 2510 1679 2578 σελήνη

1792 2521 1936 2560 mum
1971 2505 2213 2561 habituri
2247 2523 2475 2571 sumus,
2505 2522 2631 2562 cum
2662 2506 2783 2577 ipsa
2814 2514 3069 2562 creatura
3096 2506 3363 2561 servitute

143 2597 291 2667 μεῖζον
314 2596 424 2667 φῶς
450 2599 544 2651 καὶ
573 2599 740 2665 δόξαν
768 2598 1163 2669 λαμϐάνοντες,
1200 2599 1296 2654 ἅτε
1316 2601 1382 2673 δὴ
1412 2602 1683 2672 καμόντες

1791 2604 1839 2653 et
1869 2596 2225 2667 corruptione
2250 2598 2505 2662 liberata,
2538 2612 2637 2654 sua
2666 2597 2805 2654 feret
2829 2596 3082 2663 laborum
3119 2596 3362 2667 praemia;

140 2689 201 2760 τῷ
230 2688 309 2743 τοῦ
331 2688 459 2745 Θεοῦ
488 2690 678 2755 καλῶς
710 2691 1119 2765 διακονούμενοι
1147 2691 1401 2765 νεύματι.

1793 2704 1895 2744 non
1921 2688 2081 2743 aliter
2110 2704 2275 2759 quam
2306 2690 2474 2744 solent
2504 2696 2559 2745 et
2592 2689 2775 2743 lunam
2812 2687 2995 2758 majus
3056 2687 3267 2751 lumen,
3313 2694 3364 2740 et

1787 2779 2022 2851 gloriam
2055 2780 2381 2850 ampliorem
2415 2792 2745 2836 consecutos
2772 2795 2896 2837 esse
2934 2778 3209 2845 videmus,
3241 2785 3365 2832 tan-

1786 2864 1951 2944 quam
1978 2873 2075 2943 qui
2108 2870 2202 2927 Dei
2234 2872 2499 2927 voluntati
2533 2872 2671 2927 bene
2705 2871 3010 2943 paruerint.

194 2956 351 3012 Ταῦτα
374 2959 427 3012 δὲ
456 2957 617 3013 ἐσται
641 2959 719 3013 ὅτ’
745 2958 811 3013 ἂν
846 2959 898 3012 oi
948 2959 1087 3025 ἄξιοι
1137 2962 1321 3032 σφαγῇ
1370 2960 1686 3032 παραδοθή-

1858 2964 1958 3020 Est
1985 2978 2119 3019 vero
2146 2964 2292 3019 istud
2339 2978 2456 3019 tum
2501 2962 2725 3019 demum
2772 2962 3042 3028 futurum,
3096 2977 3219 3017 cum
3272 2962 3366 3032 qui

144 3067 307 3116 σονται,
336 3053 426 3106 καὶ
452 3052 501 3105 οἱ
526 3052 587 3105 ἐν
613 3050 692 3122 τῷ
718 3051 951 3122 παρόντι
979 3050 1077 3123 βίῳ
1098 3052 1401 3122 ἐπηρμένοι
1441 3052 1534 3105 καὶ
1587 3069 1687 3123 με·

1798 3056 2163 3113 internecioue
2192 3056 2357 3129 374
2381 3055 2532 3128 digni
2573 3065 2723 3122 sunt,
2754 3055 2929 3112 cidem
2961 3056 3278 3121 tradentur;
3312 3062 3369 3110 et

144 3144 358 3214 γάλαυχοι
375 3144 611 3209 πέσωσι,
634 3143 960 3216 καθαίρεσιν
982 3144 1077 3198 τοῦ
1100 3144 1266 3215 ὕψους
1288 3144 1680 3215 λαμϐάνοντες.
1710 3197 1715 3231 1

1797 3149 1883 3219 qui
1916 3146 1972 3202 in
2007 3147 2110 3203 hac
2138 3147 2251 3202 vita
2286 3150 2431 3204 elate
2473 3157 2526 3204 et
2551 3148 2793 3217 superbe
2819 3163 2878 3205 se
2903 3155 3122 3219 gerunt.
3175 3163 3368 3217 ampu-

145 3236 213 3288 Διό
239 3252 384 3305 φησιν
438 3237 467 3290 6
506 3236 779 3300 ’Δκύλας’
855 3237 957 3289 Ἐν
1008 3236 1201 3305 ἡμέρᾳ
1259 3235 1683 3305 ἀποπταμένου

1794 3247 1900 3295 tato
1940 3238 2085 3296 l'astu
2115 3240 2400 3296 tollentur.
2428 3240 2612 3312 Atque
2642 3240 2768 3296 inde
2798 3250 2884 3296 est
2906 3240 3117 3311 Aquila:
3152 3241 3365 3307 isthaec,

144 3329 353 3395 πολλοῦ,
384 3330 452 3383 ἐν
469 3328 551 3396 τῷ
589 3329 806 3384 πεσεῖν
825 3329 1378 3399 μεγαλυνομένους,
1410 3328 1509 3384 καί
1537 3328 1685 3382 ὅταν

1795 3347 1904 3403 quae
1932 3333 2201 3403 sequitur,
2240 3332 2627 3403 interpretatio
2658 3352 2672 3389 :
2702 3333 2808 3388 Illo
2835 3333 2921 3387 die
2966 3332 3151 3387 multis
3198 3333 3366 3387 inter-

146 3418 341 3487 ίάσηται
371 3420 589 3488 Κύριος
640 3420 708 3473 τὸ
742 3419 1082 3489 σύντριμμα
1112 3419 1223 3474 τοῦ
1271 3419 1428 3473 λαοῦ
1472 3419 1681 3473 αὑτοῦ.

1797 3424 1938 3485 lectis
1960 3440 2081 3477 cum
2117 3424 2404 3477 ceciderint
2446 3424 2600 3489 elati,
2632 3433 2682 3478 et
2723 3441 2843 3478 cum
2884 3426 3154 3479 sanaverit
3180 3423 3368 3477 Domi-

145 3513 227 3567 Καί
247 3516 346 3568 οὐκ
374 3513 655 3583 ἐμνήσθη
689 3512 798 3567 τοῦ
829 3512 1099 3582 Ἰσραὴλ,
1127 3512 1273 3567 οὐδὲ
1318 3512 1424 3567 τοῦ
1458 3512 1683 3569 Ἰακώϐ.

1796 3530 1884 3569 rtus
1911 3514 2281 3568 contritionem
2309 3513 2491 3584 populi
2514 3514 2620 3569 sui.
2649 3512 2821 3568 Nulla
2850 3530 3069 3569 rursum
3122 3512 3367 3578 Israclis,

145 3606 283 3659 Ilan
306 3606 406 3679 γὰρ
429 3606 565 3678 ἀξίῳ
608 3605 897 3677 πρόκειται
919 3605 1017 3675 τῆς
1046 3605 1384 3674 ἐπαγγελίας
1413 3605 1482 3659 τὰ
1515 3604 1685 3675 δῶρα.

1796 3606 1937 3661 nulla
1975 3605 2167 3661 Jacobi
2200 3608 2399 3661 mentio
2424 3604 2613 3661 addita
2639 3614 2761 3671 est;
2792 3615 2852 3661 ut
2878 3607 3063 3677 dignis
3088 3606 3367 3669 omnibus,

152 3695 391 3753 Ἐντεῦθεν
447 3698 776 3770 ὁρμώμενος
828 3699 857 3751 6
893 3697 1038 3762 θεῖος
1079 3698 1405 3761 Ἀπόστολος
1447 3697 1682 3767 ἔφησεν·

1800 3712 1909 3769 ιιιω
1936 3698 2336 3769 promittuntur
2358 3737 2373 3763 ,
2410 3698 2555 3753 dona
2588 3697 2819 3768 proponi
2851 3696 3209 3751 demonstret.
3242 3692 3371 3749 inde

150 3806 165 3841 ι
200 3788 253 3842 Ἠ
274 3790 374 3862 γὰρ
410 3790 836 3861 ἀποκαραδοκία
868 3792 969 3860 τῆς
1002 3789 1234 3853 κτίσεως
1276 3788 1376 3861 τὴν
1406 3789 1686 3843 ἀποκάλυ-

1796 3789 1954 3861 igitur
1990 3792 2265 3845 excitatus
2303 3790 2605 3859 Apostolus
2655 3790 2732 3844 ait
2766 3805 2778 3842 :
2821 3806 2839 3840 ι
2879 3786 3017 3841 Nam
3076 3795 3367 3858 exspecta-

143 3881 215 3949 ψιν
232 3883 324 3937 τῶν
355 3884 482 3937 υίῶν
501 3882 606 3937 τοῦ
636 3882 773 3936 Θεοῦ
799 3882 1191 3953 ἀπεκδέχεται,
1211 3882 1293 3936 ὅτι
1324 3880 1420 3935 καὶ
1459 3880 1598 3952 αὐτὴ
1650 3882 1685 3951 ἡ

1797 3882 1867 3938 Lio
1896 3889 2165 3939 creaturae
2202 3881 2599 3938 revelationem
2642 3882 2884 3936 illiorqu
2922 3879 3017 3936 Dei
3053 3888 3368 3949 exspectat;

146 3975 288 4039 κτίσις
335 3975 839 4047 ἐλευθερωθήσεται
868 3976 977 4031 ἀπὸ
1018 3975 1118 4044 τῆς
1145 3973 1395 4037 δουλείας
1421 3973 1522 4044 τῆς
1554 3972 1686 4043 φθο-

1801 3976 1917 4047 quia
1950 3984 2005 4030 et
2041 3973 2161 4046 ipsa
2208 3981 2467 4030 creatura
2520 3974 2849 4029 liberabitur
2881 3989 2910 4027 a
2947 3975 3211 4031 servitute
3247 3988 3372 4027 cor-

146 4068 240 4135 ρᾶς,
264 4072 335 4133 είς
354 4069 450 4141 τὴν
495 4068 820 4139 ἐλευθερίαν
861 4067 961 4137 τῆς
998 4066 1159 4137 δόξης
1194 4066 1302 4120 τῶν
1346 4067 1551 4120 τέκνων
1592 4063 1687 4119 τοῦ

1799 4067 2062 4140 ruptionis
2094 4068 2151 4124 in
2186 4068 2495 4125 libertatem
2526 4068 2717 4138 gloriae
2745 4067 2980 4122 filiorum
3014 4066 3109 4122 Dei
3141 4066 3222 4135 “;
3267 4085 3285 4119 ι
3317 4067 3370 4121 in

144 4160 268 4215 Θεοῦ.
304 4180 323 4215 ι
355 4163 583 4217 Τέκνων
614 4161 790 4230 λέγων
841 4160 1179 4231 ἐλευθερίαν,
1226 4159 1295 4231 ἢν
1322 4160 1352 4213 6
1398 4159 1689 4231 προφήτης

1801 4164 1991 4235 quibus
2030 4164 2175 4218 idem
2210 4163 2300 4218 ille
2347 4163 2582 4217 ﬁliorum
2609 4161 2941 4218 libertatem
2992 4159 3273 4231 intelligit,
3307 4174 3372 4215 ac

144 4252 267 4312 εἶπεν
289 4260 447 4313 Ιασιν
473 4258 589 4313 τοῦ
620 4257 797 4313 λαοῦ.
830 4256 1039 4327 Πολλὴν
1067 4255 1177 4327 γὰρ
1208 4252 1355 4326 εἶχον
1398 4252 1690 4326 συντριδὴν

1800 4257 1971 4329 populi
1992 4256 2077 4312 sui
2093 4256 2427 4311 sanationem
2456 4254 2755 4326 propheta.
2793 4252 3026 4308 Tantam
3051 4253 3196 4308 enim
3230 4252 3371 4306 adeo

146 4350 189 4403 ἐν
206 4354 261 4423 τῇ
288 4351 527 4426 παρούσῃ
552 4349 696 4420 ζωῇ,
721 4350 799 4413 ὼς
827 4348 1117 4418 λέγεσθαι·
1157 4367 1175 4402 ι
1217 4349 1463 4422 Καρδίαν
1499 4366 1690 4402 συντε-

1801 4351 1848 4405 in
1875 4349 2036 4405 terris
2058 4349 2439 4404 contritionem
2467 4362 2660 4418 passos
2689 4362 2813 4403 esse
2839 4353 3077 4410 constat,
3101 4354 3160 4400 ut
3182 4345 3372 4400 merito

146 4445 407 4517 τριμμένην
453 4446 552 4500 καὶ
579 4442 1059 4513 τεταπεινωμένην
1080 4442 1109 4495 6
1133 4442 1265 4505 Θεὸς
1285 4442 1385 4495 οὐκ
1406 4441 1691 4509 ἐξουδενώ-

1801 4439 2054 4495 dicatur:
2126 4457 2147 4491 ι
2211 4438 2319 4493 Cor
2379 4439 2677 4494 contritum
2724 4445 2778 4492 et
2833 4436 3177 4491 humiliatum
3231 4434 3372 4491 Deus

150 4551 230 4589 σει.
268 4555 284 4588 ι
313 4538 449 4591 Καί·
488 4556 506 4589 ι
549 4535 729 4590 Θυσία
757 4534 838 4606 τῷ
870 4533 990 4605 Θεῷ
1024 4532 1245 4604 πνεῦμα
1292 4533 1688 4605 ωντετριμμέο

1803 4544 1904 4585 non
1927 4528 2197 4599 despiciet
2230 4531 2331 4584 ⁸³.»
2380 4529 2512 4584 ltem
2544 4546 2557 4583 :
2593 4546 2611 4581 ι
2646 4525 2989 4583 Sacriﬁcium
3014 4525 3123 4581 Deo
3150 4526 3374 4597 spiritus

147 4646 235 4683 νον.
274 4649 291 4682 ι
330 4631 487 4685 Ὀθεν
510 4632 678 4703 φησιν
698 4630 727 4684 6
760 4628 975 4693 Παῦλος
996 4643 1009 4657 °
1044 4645 1063 4679 ι
1102 4628 1165 4680 Oi
1209 4626 1320 4697 γὰρ
1343 4626 1495 4690 ὄντες
1526 4628 1584 4680 ἐν
1614 4624 1691 4696 τῷ

1800 4621 2202 4677 contribulatus
2223 4620 2292 4674 ”.
2335 4638 2353 4674 ι
2389 4619 2529 4675 Hinc
2555 4628 2641 4676 est
2671 4618 2824 4674 Pauli
2858 4617 2994 4672 illttd
3034 4637 3047 4673 :
3088 4635 3109 4669 ι
3153 4617 3289 4671 Nam
3317 4626 3371 4673 et

149 4722 303 4788 σκήνει
344 4723 672 4793 στενάζομεν
726 4720 1111 4793 βαρυνόμενοι.
1185 4737 1203 4770 ι
1266 4718 1377 4772 Καὶ
1426 4718 1522 4770 ἐπὶ
1580 4720 1693 4782 τοῖς

1800 4712 1893 4784 qui
1926 4727 2120 4767 sumus
2156 4711 2211 4765 iu
2246 4712 2351 4766 hoc
2382 4710 2763 4776 tabernaculo,
2792 4708 3207 4781 ingemiscimus
3237 4724 3371 4765 one-

148 4812 513 4884 ἁμαρτάνουσιν
570 4815 942 4884 ἐϐαρύνοντο,
994 4810 1139 4867 κατὰ
1190 4810 1286 4864 τό·
1356 4828 1375 4862 ι
1426 4809 1691 4881 Πενθήσω

1800 4803 1905 4859 rati
1935 4804 2002 4856 ἰ.
2036 4820 2055 4854 ι
2090 4801 2299 4858 Deinde
2322 4811 2676 4872 peccatorum
2733 4815 2904 4856 onere
2948 4800 3360 4870 premebantur,

148 4904 347 4971 πολλοὺς
372 4910 478 4962 τῶν
500 4906 1018 4979 προημαρτηκότων
1060 4904 1157 4959 καὶ
1189 4903 1265 4974 μὴ
1314 4903 1695 4973 μετανοησάν-

1808 4891 1955 4963 iuxta
1986 4891 2118 4945 illud
2156 4907 2171 4945 :
2214 4910 2233 4944 ι
2286 4890 2510 4961 Lugebo
2560 4891 2763 4969 multos
2812 4904 3026 4955 eorum,
3093 4890 3189 4959 qui
3251 4900 3379 4944 ante

147 5012 251 5053 των.
288 5000 417 5054 Ἀλλ’
445 5002 819 5072 ἀνακτήσεται
853 4998 1035 5053 αὐτῶν
1073 4998 1103 5050 6
1140 4996 1274 5060 Θεὸς
1318 4995 1387 5049 τὰ
1427 4996 1696 5069 συντρίμη

1804 4993 2188 5056 peccaverunt,
2226 4998 2403 5055 neque
2455 4994 2639 5039 tamen
2698 4982 3082 5054 pmnitentiam
3124 4992 3375 5053 egerunt.

150 5104 291 5156 ματα.
326 5110 345 5144 ι

1802 5074 1911 5131 Sed
1969 5074 2115 5131 Deus
2173 5074 2450 5146 reparabit
2487 5074 2850 5129 contritiones
2891 5088 3083 5128 eorum
3116 5074 3182 5127 ³⁸.
3224 5092 3241 5124 ι

685 5203 934 5257 ΚΕΦΑΛ.
990 5203 1115 5258 AA'.
2193 5189 2256 5260 3‘

2193 5187 2550 5260 375-376
2576 5188 2729 5243 CAP.
2790 5185 2984 5241 xxxr.

206 5293 339 5350 a-O'.
364 5294 509 5350 Οὐαί
535 5296 591 5349 οι
625 5294 1089 5359 καταϐαίνοντες
1133 5293 1218 5358 εις
1260 5291 1567 5362 Αἴγυπτον
1598 5290 1699 5346 ἐπὶ

1876 5284 2037 5339 Vsus.
2076 5282 2196 5339 1-9.
2240 5282 2326 5337 Vae
2351 5283 2440 5352 qui
2461 5282 2788 5335 descendunt
2822 5280 2875 5333 in
2906 5279 3198 5351 .Egyptum
3225 5275 3411 5331 auxi-'

146 5379 419 5451 βοήθειαν.
454 5390 519 5441 Ol
544 5386 635 5457 ἐφ’
666 5387 876 5450 ἵπποις
908 5385 1284 5450 πεποιθότες,
1342 5382 1441 5438 καὶ
1466 5383 1561 5453 ἐφ’
1591 5382 1697 5453 ἅρ-

1810 5376 1860 5432 lii
1887 5392 2081 5441 causa;
2109 5375 2199 5446 qui
2222 5374 2275 5427 in
2296 5373 2443 5443 equis
2467 5372 2766 5439 conﬁdunt,
2793 5378 2843 5425 et
2874 5371 2932 5425 in
2950 5369 3218 5424 curribus.
3243 5367 3381 5423 Sunt

146 5490 327 5540 μασιν.
359 5478 533 5533 Ἐστι
566 5479 673 5549 γὰρ
701 5479 924 5541 πολλὰ,
954 5476 1055 5532 καί
1081 5476 1175 5547 ἐφ’
1209 5476 1420 5543 ἵπποις
1467 5475 1700 5545 πλῆθος

1807 5469 1935 5523 enim
1959 5467 2139 5530 multi,
2166 5474 2217 5520 et
2237 5465 2291 5519 in
2312 5464 2459 5534 equis
2490 5462 2775 5516 multitudo
2800 5463 3003 5532 ingens,
3020 5469 3071 5515 et
3097 5476 3203 5514 non
3222 5458 3378 5513 audi-

150 5567 376 5638 σφόδρα,
433 5571 535 5626 καί
584 5574 696 5628 οὐκ
748 5570 1029 5641 ἤκουσαν
1076 5570 1429 5636 πεποιθότες
1459 5566 1560 5623 ἐπί
1590 5567 1699 5622 τὸν

1807 5568 1977 5616 verunt
1999 5558 2187 5629 conﬁsi
2221 5572 2381 5628 super
2432 5564 2677 5611 sanctum
2722 5552 2921 5621 Israel,
2958 5563 3007 5608 et
3062 5551 3227 5607 Deum
3271 5567 3378 5606 non

213 5763 418 5823 "Joan.
453 5784 567 5831 xw.
592 5770 647 5824 2.
724 5769 767 5803 ⁸⁸
790 5767 938 5825 Psal.
979 5783 1147 5832 xxxv,
1196 5764 1280 5821 10.
1358 5767 1401 5801 ⁸⁸
1427 5765 1568 5821 Psal.
1601 5780 1746 5826 thv,

1800 5764 1871 5820 l0.
1949 5763 1995 5799 '°
2032 5763 2174 5821 Psal.
2209 5779 2332 5830 τιν,
2358 5762 2413 5820 5.
2487 5761 2530 5794 “
2565 5759 2724 5816 Rom.
2755 5773 2867 5826 vm,
2901 5756 2962 5812 l0
2992 5756 3080 5812 ll.
3160 5756 3202 5788 ¹¹
3225 5753 3371 5813 Psal.

156 5837 307 5898 ι,19.
379 5839 427 5875 ⁸³
456 5840 588 5897 ibid.
620 5841 703 5897 19.
809 5842 853 5872 ’⁵
885 5838 925 5896 Il
955 5840 1083 5895 Cor.
1108 5854 1160 5906 ν,
1191 5836 1243 5889 ‘2.
1323 5840 1366 5872 "
1400 5836 1443 5893 11
1475 5839 1605 5893 Cor.
1646 5852 1737 5891 xtl.
1769 5836 1861 5893 2|.
