3978 6374
609 285 741 352 2271

1934 291 2292 356 PROCOPII
2329 291 2573 354 ϐᾹΖιΕΙ

3718 302 3833 366 2272

606 401 979 456 auresiverunt.
1017 400 1083 458 Et
1108 404 1216 474 ipse
1244 394 1452 476 sapiens
1483 404 1694 461 induxit
1715 423 1873 478 super
1889 424 1976 464 eos
2008 405 2163 462 mala.

2279 401 2451 473 ἄτιον
2477 404 2583 461 τοῦ
2624 404 2892 474 Ἰσραὴλ,
2929 405 3030 461 καί
3059 405 3167 462 τὸν
3199 408 3350 462 Θεὸν
3376 411 3490 464 οὐκ
3539 410 3830 482 ἐζήτησαν-

608 494 680 549 Ει
702 495 911 552 verbum
937 496 1050 567 ejus
1081 515 1184 554 non
1213 500 1587 570 frustrabitur,
1613 509 1722 557 etc.

677 669 840 740 377
873 707 890 723 .
950 709 966 726 .
1018 709 1035 725 .
1099 711 1116 727 .
1176 710 1194 729 .
1249 672 1601 729 libertatem:
1659 675 1803 744 quod
1840 674 1997 730 multi
2035 681 2183 732 certe

612 760 900 828 fecerunt,
955 763 1050 832 qui
1110 778 1142 818 a
1197 765 1398 836 pietate
1459 768 1526 820 ad
1625 768 1794 823 vitam
1869 767 2180 822 idololatri-

607 870 724 908 cam
786 863 838 908 et
907 853 1218 926 zEgyptiam
1279 858 1622 914 deiecerunt.
1685 861 1809 916 Istis
1879 869 2061 916 autem
2095 876 2180 918 re-

607 945 912 1000 versionem
968 960 997 999 a
1051 948 1366 1018 captivitate
1419 949 1702 1020 adjungit.
1759 951 1827 1007 Ut
1887 953 2034 1008 enim
2075 953 2176 1020 leo,

607 1038 781 1108 inquit
811 1078 826 1102 ,
859 1042 930 1092 ad
960 1041 1198 1110 prtedam
1254 1042 1357 1096 cibi
1389 1058 1558 1099 causa
1591 1060 1916 1114 conversus,
1971 1049 2026 1102 in
2059 1063 2179 1119 gre-

602 1143 697 1197 ges
739 1129 888 1199 ipsos
911 1130 1095 1196 irruit,
1125 1133 1259 1186 nihil
1291 1146 1562 1202 pastorum
1595 1136 1895 1203 clamorem,
1940 1139 2070 1193 nihil
2097 1139 2179 1194 in-

602 1222 925 1290 sequentium
953 1222 1349 1280 multitudinem
1400 1238 1682 1294 moratus;
1716 1230 1798 1285 sic
1861 1231 2048 1288 hostes
2077 1247 2172 1303 ag-

602 1311 859 1380 grediens
917 1311 1184 1370 Dominus
1239 1315 1494 1374 lsraelem
1547 1321 1725 1389 ipsum
1775 1321 2051 1378 liberabit.
2106 1324 2176 1378 At

605 1404 694 1457 nhi
726 1401 1159 1477 Hierosolymam
1198 1423 1376 1478 usque
1413 1410 1765 1480 perduxerit;
1816 1413 1896 1470 sic
1948 1415 2172 1471 eosdem

603 1508 820 1548 rursum
854 1502 1120 1566 proteget,
1157 1505 1214 1551 ut
1245 1501 1386 1554 solet
1419 1500 1474 1554 in
1511 1501 1636 1556 nido
1668 1503 1840 1572 pullos
1893 1520 2016 1559 suos
2063 1507 2172 1560 avis

600 1587 896 1656 defendere.
926 1588 1105 1658 Atque
1134 1589 1262 1646 hinc
1285 1599 1392 1655 est,
1429 1601 1489 1648 ut
1518 1609 1617 1664 pro
1648 1595 1852 1665 quibus
1883 1595 1974 1652 hic
2003 1596 2173 1653 habe—

2284 494 2399 550 Kal
2453 495 2637 562 αὐτὸς
2687 496 2884 565 σοφὸς
2918 493 3068 568 ἦγεν
3095 499 3189 552 ἐπ’
3235 500 3460 568 αὐτοὺς
3491 502 3668 569 κακὰ,
3698 510 3784 560 tuti
3808 513 3837 564 ό

2282 591 2468 660 λόγος
2495 588 2684 644 αὐτοῦ
2713 590 2788 644 οὐ
2813 589 2899 659 μὴ
2933 589 3217 659 ἀθετηθῇ,
3249 609 3304 646 κ.
3341 609 3394 647 τ.
3430 593 3481 647 λ.

2355 717 2371 734 .
2405 720 2420 736 .
2445 719 2461 735 .
2497 717 2511 734 .
2544 678 2924 752 ἐλευθέρωσιν.
2968 683 3035 735 ’⁸0
3067 680 3134 754 δὴ
3157 682 3346 736 πολλοὶ
3377 685 3719 756 πεποιήκασι
3743 686 3844 741 Θεο-

2282 771 2499 836 σεὸείας
2528 771 2867 836 ἀποστάντες
2897 772 3034 844 πρὸς
3063 772 3176 845 βίον
3223 774 3543 830 είδωυιικύν
3569 777 3672 830 καὶ
3694 779 3846 848 Διτύ-

2278 881 2474 920 πτιον.
2502 863 2727 928 Τούτοις
2747 864 3110 922 ἐπισυνάπτει
3147 864 3247 937 τὴν
3272 867 3336 920 ἐκ
3357 867 3456 938 τῆς
3481 867 3846 938 αἰχμαλωσίας

2277 956 2553 1013 ἐπάνοδον.
2614 957 2702 1022 Ὦς
2740 957 2851 1029 γὰρ
2881 958 3039 1014 λέων
3071 959 3239 1030 φησὶν
3283 958 3385 1014 ἐπὶ
3433 959 3589 1030 θήρᾳ
3634 959 3848 1028 τροφῆς

2277 1048 2540 1122 κινηθεὶς,
2567 1051 2681 1112 τοῖς
2697 1049 2968 1120 ποιμνίοις
2998 1049 3312 1118 ἐφάλλεται,
3342 1050 3404 1104 οὑ
3435 1052 3709 1122 κραυγὰς
3732 1067 3846 1106 :tct-

2271 1139 2491 1209 μένων,
2522 1140 2595 1194 οὐ
2633 1139 2973 1194 διωκόντων
3014 1137 3252 1208 πλῆθος
3299 1142 3844 1212 ἐπιστρεφόμενος·

2275 1230 2420 1287 οὕτω
2462 1233 2580 1295 τοῖς
2614 1229 2897 1302 πολεμίοις
2925 1233 2955 1285 ὁ
2981 1231 3186 1303 Κύριος
3212 1232 3440 1297 ἐπιστὰς
3462 1233 3736 1300 ἐξελείται
3768 1234 3847 1290 τὸν

2288 1324 2522 1397 Ἰσραήλ.
2559 1325 2806 1394 Ἀγαγὼν
2825 1325 2884 1381 δέ
2909 1325 3044 1395 πρὸς
3088 1325 3449 1398 Ἰερουσαλὴμ
3477 1324 3659 1389 οὕτως
3684 1326 3844 1380 αὐτῶν

2272 1414 2699 1482 ὑπερασπίσει,
2741 1413 2818 1476 ὡς
2865 1413 3030 1483 ὅρνις
3091 1413 3212 1469 τῶν
3265 1415 3336 1469 ἐν
3364 1413 3549 1483 καλιᾷ
3574 1415 3843 1470 νεοττῶν.

2275 1504 2490 1578 ’Ὀθενῤ
2518 1507 2817 1577 Σύμμαχος
2858 1507 2980 1561 ἀντὶ
3001 1506 3119 1574 τοῦ,
3152 1507 3547 1590 καῑαρκρὰξῃ
3575 1508 3676 1561 ἐπ’
3705 1508 3843 1576 αὐτῇ

2271 1596 2382 1663 ἕως
2408 1597 2732 1667 ἐμπλησθῃ
2757 1598 2830 1652 τὰ
2853 1597 2960 1667 ὄρη
2988 1597 3100 1668 τῆς
3133 1599 3346 1669 φωνῆς
3377 1601 3590 1665 αὐτοῦ,
3622 1600 3722 1656 καὶ
3751 1601 3842 1668 ait.

603 1694 745 1743 mus,
783 1689 832 1734 et
878 1680 1249 1750 vociferabitur
1295 1699 1452 1752 super
1499 1702 1582 1752 ea,
1639 1687 1802 1742 donec
1847 1689 2163 1758 impleantur

2271 1687 2569 1756 τήθησαν,
2603 1687 2778 1752 οὕτως
2807 1687 3092 1754 ἐξέδωκεν·
3124 1690 3531 1760 Πληρώματος
3555 1692 3843 1760 ποιμένων

602 1783 799 1826 montes
832 1771 948 1840 ejus
982 1788 1120 1836 voce,
1159 1782 1209 1827 et
1236 1775 1540 1840 vincantur,
1580 1778 1658 1832 sic
1697 1780 1948 1834 extulerit
2005 1780 2163 1853 Sym-

2269 1780 2388 1836 ἀπὸ
2651 1779 2851 1838 αὐτῶν
2891 1783 3005 1838 οὐκ
3054 1754 3480 1850 ήττηθῖᾗσεται,
3504 1754 3684 1837 inﬁde
3737 1784 3842 1837 ἀπὸ

601 1861 875 1917 machus:
934 1860 1330 1932 Complentibus
1383 1868 1562 1921 omnia
1605 1871 1909 1938 pastoribus
1970 1889 2002 1928 a
2050 1890 2170 1930 voce

597 1967 778 2006 eorum
801 1968 903 2006 non
931 1953 1185 2018 vincetur,
1211 1971 1372 2025 neque
1397 1973 1430 2009 a
1451 1958 1789 2016 multitudine
1817 1977 2000 2016 eorum
2039 1963 2168 2018 sub-

589 2043 830 2113 jicietur.
866 2042 1067 2099 Verum
1099 2045 1144 2101 si
1193 2046 1262 2100 ad
1317 2045 1677 2120 Septuaginta
1712 2052 2042 2123 interpretes
2079 2071 2167 2112 re-

597 2135 800 2205 spicis,
827 2135 902 2188 ita
931 2137 1149 2192 habeas.
1181 2135 1406 2192 Leonem
1433 2137 1638 2206 ferunt,
1669 2151 1954 2213 postquam
1986 2147 2166 2216 rugitu

595 2227 833 2297 primum
871 2243 1067 2300 greges
1097 2237 1152 2284 et
1201 2243 1452 2301 pastores
1491 2236 1773 2303 terruerit,
1814 2239 2035 2294 eosdem
2075 2255 2168 2311 ag-

594 2318 869 2388 gredi.Ad
895 2320 1041 2376 hunc
1073 2323 1295 2378 modum
1317 2335 1371 2379 et
1412 2324 1671 2382 Dominus
1707 2329 1841 2398 ipse,
1873 2339 2165 2403 postquam

595 2411 775 2467 minas
814 2414 1116 2483 proposuit,
1143 2431 1250 2471 non
1285 2419 1617 2486 pmniteutes
1647 2422 1975 2492 ulciscitur;
2016 2428 2164 2497 quod

593 2502 677 2556 vel
704 2503 757 2557 in
789 2504 1234 2573 superbientibus
1263 2509 1510 2580 Assyriis
1543 2511 1766 2579 videas;
1799 2522 1965 2586 atque
1998 2519 2163 2574 etiam

2268 1871 2541 1938 πλήθους
2571 1869 2772 1926 αὐτῶν
2810 1873 2923 1940 οὐχ
2953 1871 3425 1943 ὑποταγήσεται.
3463 1872 3627 1927 Κατὰ
3673 1873 3728 1928 δέ
3753 1874 3840 1946 τὴν

2269 1963 2479 2017 ἔκδοσιν
2505 1965 2614 2016 τῶν
2652 1962 3061 2035 Ἐσδομήκοντα
3110 1965 3332 2037 νοητέον
3373 1964 3548 2019 obsto“
3601 1967 3737 2020 Φασὶ
3761 1968 3840 2021 τὸν

2267 2056 2491 2111 λέοντα
2502 2055 2628 2125 βοῇ
2661 2057 3220 2130 προκαταπλήττοντα
3241 2058 3341 2122 τὰς
3374 2059 3582 2126 ἀγέλας
3610 2061 3706 2113 καὶ
3730 2062 3842 2124 τοὺς

2270 2150 2644 2220 ἐφεστηκότας
2671 2147 2815 2206 οὕτω
2869 2149 3144 2205 ποιεῖσθαι
3187 2149 3288 2222 τὴν
3320 2151 3536 2220 ἔφοδον,
3576 2151 3723 2205 οὕτω
3756 2154 3840 2205 καὶ

2267 2240 2482 2309 Κύριος
2532 2239 3040 2312 προκαταπλήττων
3091 2241 3369 2308 ἀπειλαῖς,
3403 2242 3464 2299 οὐ
3497 2242 3840 2312 μετανοοῦσιν

2266 2328 2520 2400 ἐπιφέρει
2554 2329 2656 2400 τὴν
2681 2329 2860 2401 δίκην.
2899 2329 3114 2402 Ὠσπερ
3141 2327 3236 2386 οὖν
3263 2333 3361 2386 καὶ
3388 2335 3503 2396 τοῖς
3544 2333 3839 2404 Ἀσσυρίοις

2270 2421 2718 2492 μεγαλαυχήσασι
2759 2423 2982 2478 σκέπων
3033 2421 3126 2477 τὸν
3173 2422 3410 2496 Ἰσραὴλ,
3459 2426 3558 2479 καὶ
3597 2425 3708 2478 ἀπὸ
3743 2427 3840 2478 τῶν

2266 2510 2592 2583 περιχώρων
2645 2512 2756 2566 τῶν
2819 2513 2962 2586 μετὰ
3016 2513 3119 2586 τὴν
3164 2514 3430 2572 ἐπάνοδον
3482 2515 3839 2570 ἐπιτεθέντων

591 2607 717 2644 cum
749 2594 817 2648 ab
843 2595 1154 2650 accolarum
1183 2598 1411 2669 injuria,
1436 2617 1602 2671 quam
1637 2614 1760 2674 post
1793 2609 2162 2665 reversionem

591 2679 918 2749 patiebatur,
963 2683 1216 2741 lsraelem
1262 2690 1401 2744 tueri
1443 2690 1664 2760 placuit.
1710 2693 1789 2750 Ad
1843 2699 2165 2756 utrumlibet

587 2772 1004 2830 similitudinem
1035 2777 1262 2833 alteram
1291 2785 1750 2841 accommodavit.
1780 2788 1850 2844 At
1893 2806 2014 2860 quae
2063 2793 2166 2847 leo-

587 2877 701 2915 nem
732 2861 944 2926 habuit.
975 2881 1082 2921 non
1117 2867 1338 2936 desunt,
1371 2873 1464 2943 qui
1497 2874 1564 2930 ad
1590 2874 1868 2935 Israelitas
1894 2880 2158 2950 referant,

2266 2881 2696 2951 παρεσχηκότων
2727 2881 2866 2953 πρὸς
2889 2880 2982 2935 τὸν
3011 2883 3259 2952 ἡγεμόνα
3305 2882 3441 2938 Θεὸν
3469 2883 3663 2954 φόϐον.
3691 2861 3838 2940 Ὅθεν

584 2953 677 3022 qui
712 2969 781 3008 ne
816 2953 1051 3013 ferarum
1083 2959 1304 3029 quidem
1350 2971 1554 3020 metum
1587 2981 1714 3037 erga
1745 2967 1913 3025 Deum
1963 2971 2162 3030 ducem

2266 2973 2361 3028 καὶ
2386 2972 2456 3028 τὰ
2479 2972 2744 3028 λεόντων
2764 3014 2780 3042 ,
2802 2974 2992 3046 φησιν,
3026 2975 3056 3028 ὑ
3065 2976 3175 3046 μᾶς
3205 2953 3838 3048 διαθήσειξΜετανοούν-

584 3060 742 3098 suum
772 3049 1138 3107 retinuerunt.
1178 3051 1334 3111 Unde
1386 3065 1442 3112 et
1491 3071 1587 3114 eos
1641 3073 1702 3116 se
1754 3060 1964 3118 leonum
2006 3079 2161 3124 more

2266 3081 2371 3120 των
2392 3063 2471 3130 δέ,
2501 3064 2757 3138 καθάπερ
2803 3065 3066 3120 νεοττῶν
3114 3067 3282 3137 ὅρνις
3330 3068 3836 3140 ὑπερμαχήσεται.

2209 2606 2234 2626 ‘
2266 2603 2434 2674 αὐτῷ.
2479 2604 2622 2674 Πρὸς
2655 2605 2952 2678 ἑκατέρους
2981 2605 3092 2678 γὰρ
3127 2606 3238 2660 τῶν
3262 2607 3594 2679 παραϐολῶν
3616 2608 3716 2680 τὴν
3734 2609 3838 2663 ἐτέ-

2269 2713 2367 2768 ραν
2396 2696 2736 2768 ἐφήρμοσεν.
2790 2699 2903 2769 Τὴν
2949 2697 3007 2752 δὲ
3056 2699 3167 2755 τοῦ
3205 2699 3456 2767 λέοντος
3498 2701 3595 2754 ἐπὶ
3636 2701 3753 2781 τῶν
3789 2702 3838 2767 ἐξ

2278 2787 2512 2858 Ἰσραήλ.
2547 2788 2704 2852 Τινὲς
2734 2789 3136 2862 παρειλήφασι,
3187 2791 3320 2862 μηδὲ
3350 2792 3441 2846 τὸν
3488 2792 3601 2847 τῶν
3640 2792 3837 2862 ἀλόγων

583 3144 866 3208 gesturum
907 3141 1205 3212 signiticat.
1261 3147 1416 3204 Alias
1481 3150 1528 3205 si
1561 3153 1828 3218 poenitere
1873 3163 1929 3212 et
1960 3158 2162 3228 resipi-

582 3244 740 3285 scere
769 3233 1082 3302 rontigerit,
1113 3237 1335 3294 eosdem
1361 3255 1441 3306 se,
1475 3242 1590 3296 avis
1615 3243 1811 3313 instar,
1846 3263 1968 3316 quae
1988 3250 2162 3317 pullos

583 3326 780 3383 tuetur,
814 3335 926 3374 esse
960 3332 1348 3392 protecturum.
1385 3327 1516 3386 Tale
1549 3347 1683 3388 vero
1716 3342 1772 3389 et
1823 3335 1928 3406 ipsi
1967 3341 2159 3410 etiam,

583 3407 630 3462 si
662 3408 726 3464 ad
761 3411 1002 3479 priorem
1029 3430 1253 3473 sensum
1282 3423 1635 3493 respicimus,
1673 3425 1983 3489 Salvatoris
2011 3435 2164 3492 auxi-

583 3498 714 3553 lium
751 3516 943 3558 sumus
976 3509 1204 3576 experti.
1235 3509 1440 3569 Omnes
1480 3516 1626 3570 enim
1679 3527 1955 3592 quotquot
2007 3534 2158 3592 sunt,

582 3590 866 3658 mortales,
901 3591 1263 3668 intelligibilis
1306 3601 1396 3656 ille
1431 3614 1654 3674 ceperat
1697 3590 1998 3682 Assyrius;
2053 3590 2157 3672 nisi

580 3676 807 3732 Christo
847 3680 966 3749 ipso
1000 3691 1262 3754 tanquam
1311 3688 1456 3744 leone
1494 3693 1761 3764 irruente,
1807 3676 1994 3756 vverbo
2043 3705 2157 3761 oris

579 3767 723 3834 ejus,
757 3771 847 3838 qui
882 3771 1063 3828 Sionis
1091 3774 1352 3834 Ecclesia:
1393 3783 1618 3840 nomine
1653 3786 1978 3855 decertavit,
2005 3797 2158 3850 occi-

579 3857 851 3914 disset.Se
877 3877 1114 3933 namque
1138 3868 1326 3922 orbem
1353 3881 1645 3941 terrarum,
1675 3885 1733 3930 ut
1751 3879 1962 3949 nidum,
1989 3899 2154 3941 manu

578 3948 746 4022 378
775 3968 873 4010 sua
902 3959 1431 4029 comprehensurum
1483 3968 1817 4028 minabatur.
1873 3948 1952 4029 At
1977 3977 2064 4034 hic
2095 3979 2156 4036 in

582 4056 640 4097 se
667 4045 970 4115 credentes,
1008 4062 1065 4106 ut
1102 4054 1278 4123 pullos
1312 4059 1538 4127 gallina,
1579 4063 1684 4119 sub
1723 4065 1826 4122 alis
1856 4072 2038 4142 coegit
2084 4075 2152 4128 “.

578 4134 759 4206 Atque
789 4137 901 4195 haec
933 4157 1056 4198 cum
1099 4144 1168 4202 de
1215 4146 1520 4208 Jerusalem
1575 4159 1905 4226 monuisset,
1939 4134 2008 4219 a'd
2057 4181 2158 4224 eos

573 4230 709 4299 jam,
740 4235 835 4304 qui
868 4235 921 4291 in
969 4237 1270 4311 Egyptum
1301 4259 1361 4300 se
1393 4247 1690 4318 recipiunt,
1725 4251 1780 4307 in
1831 4253 1981 4312 hunc
2038 4275 2157 4316 mo-

575 4322 706 4377 dum
735 4327 1045 4386 exclamat:
1089 4329 1493 4402 Convertimini,
1523 4341 1612 4409 qui
1660 4343 1988 4412 profundum
2035 4342 2157 4405 con-

2267 3158 2424 3213 Κατὰ.
2440 3159 2498 3214 δέ
2526 3158 2628 3230 τὴν
2651 3157 2878 3231 πρώτην
2902 3159 3191 3232 ἐξήγησιν,
3237 3161 3466 3233 τοιαύτη
3502 3163 3736 3233 γέγονεν
3761 3165 3836 3234 ἐφ’

2263 3250 2410 3321 ἡμᾶς
2444 3251 2478 3321 ἠ
2497 3249 2592 3305 τοῦ
2622 3251 2875 3320 Σωτῆρος
2903 3252 3222 3324 ἐπικουρία.
3244 3253 3460 3318 Πάντας
3498 3255 3614 3324 γὰρ
3641 3255 3838 3327 ἀνθρὼ-

2262 3359 2401 3406 πους
2435 3343 2465 3397 ὁ
2493 3343 2678 3414 νοητὸς
2713 3337 2860 3399 εἷλεν
2903 3345 3215 3418 Ἆσσύριος.
3269 3347 3432 3402 Ἀλλᾶ
3470 3349 3732 3421 Χριστὸς,
3760 3344 3836 3403 οἷα

2260 3434 2438 3502 λέων,
2470 3435 2818 3507 ἐπιπηδήσας
2857 3436 3007 3508 αύτῷ
3035 3439 3388 3510 κατήργηκεν
3418 3440 3610 3506 αὑτὸν,
3653 3441 3732 3512 τῷ
3753 3441 3836 3511 ῥή-

2263 3543 2396 3596 ματι
2428 3525 2526 3580 τοῦ
2555 3527 2824 3598 στόματος
2857 3527 3049 3593 αὑτοῦ,
3072 3530 3174 3600 τῆς
3197 3531 3353 3585 Σιὼν
3387 3534 3488 3603 τῆς
3524 3531 3834 3602 Ἐκκλησιας

2262 3619 2840 3692 ύπεραγωνισάμενος.
2886 3623 2944 3696 Ὀ
2979 3623 3078 3694 μὲν
3107 3625 3220 3696 γὰρ
3251 3625 3488 3695 ἠπείλει,
3523 3626 3642 3698 Τὴν
3674 3627 3832 3680 οἰκου-

2264 3711 2432 3780 μένην
2473 3711 2604 3781 ὃλην
2652 3713 3043 3785 καταλήψομαι
3072 3718 3138 3786 τῇ
3171 3717 3313 3787 χειρί
3347 3734 3447 3787 μου
3475 3717 3552 3780 ὡς
3604 3718 3828 3771 νοσσιάν.

2271 3801 2328 3856 '0
2361 3802 2418 3856 δὲ
2447 3803 2727 3875 συνήγαγε
2761 3806 2889 3868 τοὺς
2914 3805 3271 3870 πιστεύοντας
3305 3808 3385 3870 εἰς
3414 3807 3600 3869 αὑτὸν,
3642 3808 3702 3860 ὃν
3725 3809 3831 3877 τρὸ.

2259 3905 2360 3944 πον
2392 3890 2537 3963 ὅρνις
2570 3893 2886 3964 ἐπισυνάγει
2913 3895 2982 3948 τὰ
3002 3895 3196 3949 νόσσια
3233 3897 3406 3967 αὐτῆς
3442 3896 3550 3950 ὑπὸ
3594 3898 3694 3961 τὰς
3718 3900 3828 3951 πτέ·

2262 3999 2458 4053 ρυγας.
2487 3984 2674 4039 Ταῦτα
2705 3986 2833 4056 περὶ
2876 3986 2977 4056 τῆς
3031 3986 3392 4059 Ἰερουσαλὴμ
3427 3990 3826 4059 ἐπαγγειλάμε·

2258 4089 2366 4136 νος,
2400 4077 2715 4147 προσφωνεῖ
2745 4077 2856 4139 τοῖς
2889 4075 3222 4133 ἀπελθοῦσιν
3250 4079 3331 4142 εἰς
3359 4079 3662 4146 Δίγυπτον,
3693 4080 3828 4132 Ἐπι-

2258 4165 2582 4235 στράφητε,
2607 4171 2662 4222 ol
2698 4168 2813 4235 τὴν
2843 4169 3109 4233 ,βαθεῖαν
3137 4171 3386 4240 βουλὴν
3403 4173 3825 4242 βουλευόμενοι

2257 4259 2356 4316 καὶ
2381 4259 2628 4329 ἄνομον,
2653 4260 2978 4331 προτρέπων
3009 4263 3090 4327 εἰς
3126 4262 3490 4335 Ἰερουσαλὴμ
3514 4265 3711 4327 αὐτοὺς
3736 4263 3824 4316 πά-

2255 4351 2338 4404 λιν
2367 4353 2705 4416 ἐπανελθεῖν,
2736 4353 2826 4407 διὰ
2846 4353 2917 4408 τὰ
2944 4356 3332 4425 ἐπηγγελμένα
3363 4358 3493 4428 περὶ
3514 4357 3610 4411 τοῦ
3639 4355 3821 4425 ταύτης

574 4413 753 4469 silium
778 4417 1023 4475 inieratis
1053 4433 1102 4476 et
1131 4425 1396 4497 iniquum;
1423 4439 1478 4484 et
1516 4431 1715 4488 iterum
1743 4433 2048 4495 Jerusalem
2077 4460 2163 4502 re-

2266 4445 2612 4516 ’ἀνοικισμοῦ.
2678 4413 2855 4518 ’Ὅπερ
2920 4448 2949 4501 ὁ
3001 4413 3300 4519 Σύμμαχος
3353 4413 3530 4514 οὕτως
3587 4413 3816 4514 age-gum;

575 4502 714 4570 dire,
751 4513 970 4578 quando
1009 4529 1136 4584 spes
1159 4516 1281 4585 ejus
1318 4518 1689 4578 instauranda:
1722 4525 1836 4593 ﬁat,
1864 4529 2148 4604 hortatur;

2266 4502 2701 4604 Πετανοῆσιιτε,
2881 4502 3613 4609 ἐϐαθύνατεῆπυαραϐῆναι,
3627 4502 3690 4595 ὀι
3718 4537 3816 4592 υἱοὶ

575 4611 699 4664 quae
744 4599 818 4653 ita
858 4605 1132 4672 expressit
1175 4607 1537 4678 Symmachus
1575 4631 1589 4668 :
1654 4613 2018 4687 Paenitemini,
2045 4599 2151 4694 ﬁlii

2262 4627 2534 4696 Ἰσραήλ.
2587 4630 2749 4702 Δηλοῑ
2802 4633 2860 4686 δὲ
2911 4633 3111 4697 αὐτοὺς
3164 4633 3560 4700 ἐνϐαθύνοντας
3596 4635 3690 4706 μὲν
3721 4634 3814 4694 τοῖς

583 4682 776 4752 Israel,
801 4694 936 4747 sicut
975 4697 1040 4750 de
1065 4702 1499 4771 transgrediendo
1530 4706 1794 4776 profunde
1843 4682 2145 4784 cogitastis.

2281 4682 2292 4683 κ
2348 4682 2366 4696 ,
2810 4682 2857 4686 --
2916 4682 3108 4697 -.-η-τ
3166 4682 3558 4700 --η----πη
3596 4682 3683 4706 ,πμ

2266 4721 2461 4783 ιακοῖς,
2489 4721 2603 4784 τοῖς
2630 4721 2686 4774 δὲ
2719 4724 2859 4778 κατὰ
2881 4723 3014 4778 Θεὸν
3038 4725 3360 4788 ἐπιωλέους
3391 4726 3731 4796 ὑπάρχοντας
3759 4732 3809 4784 ³,

580 4783 863 4851 Significat
893 4799 1073 4846 autem
1103 4809 1199 4850 eos
1225 4810 1345 4866 quae
1375 4798 1518 4853 mala
1565 4811 1718 4869 sunt.
1763 4805 1876 4864 alte
1931 4810 2157 4880 quidem
2193 4814 2480 4887 cogitare;
2522 4831 2646 4886 qua:
2709 4816 2801 4874 Dei
2833 4829 3043 4885 autem,
3103 4820 3396 4889 superﬁcie
3442 4831 3604 4876 tenus
3652 4815 3809 4886 inqui‘

577 4891 698 4931 rere
736 4887 790 4932 et
817 4881 1094 4940 meditari.

647 4969 916 5028 Caeterum
949 4988 1240 5050 postquam
1280 4984 1350 5040 ab
1396 4987 1657 5060 Assyriiis
1694 4991 1876 5050 redire
1904 4997 2153 5069 contige-

577 5064 674 5132 rit,
717 5073 772 5120 et
830 5067 933 5137 ipsi
970 5078 1082 5124 tum
1119 5071 1365 5142 demum,
1399 5079 1496 5146 ait,
1544 5081 1857 5140 idololatria
1893 5064 2151 5143 liberabi-

577 5156 734 5212 mini.
795 5161 952 5225 Quod
1019 5163 1088 5218 ab
1141 5165 1387 5224 historiae
1425 5171 1532 5227 tlde
1591 5177 1820 5233 nlinime
1855 5179 2150 5237 dissentire

575 5249 837 5319 reperias,
880 5265 1004 5306 cum
1038 5255 1187 5310 omni
1219 5273 1447 5329 prorsus
1509 5264 1843 5335 idololatria,
1875 5286 1986 5341 quo
2014 5279 2151 5326 tem—

571 5353 711 5410 pore
773 5341 1192 5404 instaurabatur
1258 5352 1546 5426 templum,
1579 5360 1882 5420 caruerint.
1914 5361 2152 5431 Quidam

646 5514 694 5545 "
731 5477 923 5575 Matth.
961 5535 1112 5592 τινι,
1139 5523 1231 5588 25,

2325 4997 2479 5052 Μετὰ
2495 4997 2668 5069 δὲτὴν
2692 4998 2749 5065 ἐξ
2791 4999 3100 5070 Ἀσσυρίων
3131 5000 3482 5071 ἀπαλλαγὴν,
3527 5003 3696 5068 ἔσται,
3720 5019 3805 5070 φη-

2258 5089 2363 5155 σὶν,
2391 5091 2518 5160 ὑμῖν
2545 5089 2724 5159 πάσης
2757 5091 3204 5163 εἰδωλολατρείας
3223 5093 3545 5163 ἀπαλλαγή.
3570 5095 3672 5148 Καὶ
3694 5095 3805 5161 σύμ-

2257 5198 2435 5251 φωνος
2463 5183 2494 5251 ὴ
2534 5181 2763 5252 ἱστορία.
2795 5181 2899 5235 Τὸν
2932 5182 3041 5253 γὰρ
3068 5183 3191 5237 ναὸν
3235 5183 3690 5257 ἁναδειμάμενοι,
3722 5201 3805 5236 κα-

2259 5273 2418 5345 θαροὶ
2443 5273 2623 5344 πάσης
2647 5275 3093 5348 είδωλολατρείας
3121 5278 3394 5347 ἐγένοντο.
3421 5281 3579 5344 Τινὲς
3605 5282 3657 5335 δὲ
3673 5277 3805 5333 τοῦτό

2261 5382 2392 5436 φασι
2423 5365 2750 5438 γεγενῆσθαι
2775 5367 2898 5424 καθ’
2926 5369 2986 5423 ὃν
3011 5369 3203 5444 χρόνον
3231 5371 3577 5445 ὑπερήσπισε
3603 5372 3694 5442 τῆς
3721 5367 3799 5424 Ἰε-

1903 5623 2132 5682 νΑΙίΙιΕ
2156 5625 2563 5689 LECTIONES.

648 5709 805 5770 ιδῃ).
833 5702 1202 5773 ἐπιπολαίους.
