3978 6374
115 358 253 425 2273

1275 343 1812 413 COMMENTARII
1855 342 1936 404 ΙΝ
1966 339 2253 403 ISAIAM.

3242 335 3385 400 2274

117 466 400 547 ρουσαλὴμ
434 466 464 520 ό
488 464 728 538 Χριστὸς
800 462 1153 535 Ἐκκλησίας.
1200 464 1347 534 Πρὸς
1379 461 1551 533 αὐτὴν
1596 459 1707 530 γὰρ

1840 464 1998 511 intem
2053 454 2111 509 in
2158 467 2223 509 ea
2277 459 2546 520 tempora,
2613 446 2817 520 quibus
2881 443 3387 518 Hierosolymorum

115 562 279 618 πάλιν
327 560 357 612 ό
396 558 557 624 λόγος
593 556 924 627 ἀνέδραμεν,
955 557 1045 610 ὅτε
1103 555 1205 626 τῆς
1260 552 1707 624 εἰδωλολατρείας

116 653 491 723 ἀπολομένης,
520 651 615 705 καὶ
638 651 667 704 ό
690 650 880 721 νοητὸς
901 651 1042 720 αὐτῇ
1066 647 1411 719 συναπῆλθεν
1448 645 1706 715 Ἀσσοὺρ,

114 751 226 804 οὐκ
246 745 473 815 ἀνδρὸς
487 745 755 814 μαχαίρᾳ
773 743 1023 815 πληγεὶς,
1047 743 1191 812 λόγῳ
1208 741 1267 795 δὲ
1290 740 1418 811 θείῳ
1442 737 1713 810 πεμφθεὶς

116 845 197 905 είς
225 842 330 913 τὴν
356 841 593 895 ἄϐυσσον
652 843 752 896 σὺν
789 843 911 904 ταῖς
972 838 1134 903 ἰδίαις
1170 837 1489 907 δυνάμεσιν,
1525 833 1591 897 ἃς
1621 832 1712 888 διὰ

118 930 236 986 τῶν
266 931 540 1000 ἰσχυρῶν
565 932 909 986 νεανίσκων
945 926 1215 999 ἐδήλωσεν
1252 926 1488 999 ἁρραγεϊ
1538 924 1714 995 πέτρᾳ

88 1086 93 1117 ἓ
119 1024 194 1094 τῷ
219 1023 451 1117 Χριστῷ
475 1023 973 1093 περιληφθείσας,
1001 1021 1083 1087 ὡς
1113 1021 1354 1091 χάρακι.
1392 1020 1457 1072 Ol
1479 1017 1537 1071 δὲ
1565 1016 1716 1074 ἄλλοι

119 1115 310 1185 φασιν,
352 1114 574 1186 Ἐπειδὴ
601 1115 1060 1184 τὸν-Ἀσσύριον
1073 1113 1315 1169 Ἰουδαῖοι
1338 1110 1618 1173 δείσαντες
1636 1109 1717 1172 εἰς

117 1208 403 1277 Αἴγυπτον
452 1208 848 1279 ἀπεχώρησαν,
903 1206 1305 1277 ἐπαγγέλλεται
1355 1202 1567 1266 τούτοις
1615 1202 1718 1273 τὴν

118 1301 338 1354 ἐκείνου
374 1300 720 1372 καθαίρεσιν,
750 1300 853 1371 τὴν
902 1296 1355 1369 εἰδωλολατρείαν
1382 1294 1474 1349 διὰ
1511 1294 1719 1348 τούτων

118 1394 303 1464 δηλῶν
330 1395 395 1447 ὲκ
424 1393 575 1457 θείας
599 1394 960 1447 πεπτωκυῖαν
988 1389 1294 1461 δυνάμεως,
1329 1388 1381 1440 ει
1402 1387 1494 1440 καὶ
1513 1384 1723 1457 ἄνθρω-

120 1502 215 1538 ποι
241 1483 428 1557 ταύτῃ
459 1482 839 1547 διακονοῦντες
874 1483 977 1555 τὴν
1008 1480 1314 1553 ’Δσσυρίων
1349 1478 1602 1534 καθεῖλον
1626 1479 1726 1550 ἀρ-

121 1577 246 1646 χήν.
306 1576 399 1629 Διὸ
445 1576 541 1629 καὶ
596 1576 729 1646 περὶ
775 1573 1101 1639 Βαϐυλῶνος
1128 1573 1285 1643 ἔλεγε
1334 1572 1722 1644 προφητεύων

137 1666 277 1719 Ἰδοὺ
323 1666 601 1738 ὲπεγείρω
654 1666 787 1738 ὑμῖν
818 1667 948 1729 τοὺς
997 1664 1243 1736 Μήδους.
1296 1664 1444 1718 Ἀντὶ
1493 1664 1551 1717 δὲ
1603 1662 1723 1731 τοῦ,

125 1755 327 1824 Πέτρα
374 1757 937 1827 περιληφθήσονται
968 1758 1051 1824 ὡς
1094 1756 1338 1827 χάρακι,
1367 1757 1398 1809 ό
1431 1754 1726 1827 Σύμμαχος

1815 549 2124 605 Ecclesium
2158 546 2411 602 Christus
2443 545 2559 614 ipse
2599 543 2840 614 protexit
2874 541 3140 597 incidisse
3173 548 3388 611 putant.

1812 640 1952 698 Tum
1982 640 2203 695 demum
2237 638 2383 693 enim
2409 637 2473 691 ad
2503 638 2677 707 ipsam
2705 635 2904 690 iterum
2934 633 3160 688 verbum
3200 632 3391 697 rediit,

1812 748 1937 792 cum
1978 732 2199 789 sublato
2235 729 2509 785 idolorum
2545 727 2724 792 cultu,
2752 734 2807 783 et
2852 726 3030 782 Assur
3060 725 3175 796 ipse
3205 725 3392 780 animo

1814 824 2269 896 comprehensus,
2301 837 2406 875 non
2466 818 2567 874 viri
2593 817 2794 889 gladio,
2837 816 2931 873 sed
2986 817 3155 871 verbo
3203 816 3393 871 divino

1816 930 2136 990 percussus,
2172 927 2296 968 cum
2342 912 2455 966 suis
2495 909 2864 980 potestatibus
2890 907 3024 977 (has
3052 908 3198 961 enim
3240 906 3396 975 juve-

1817 1024 1936 1063 nem
1981 1006 2205 1077 fortium
2233 1002 2456 1058 nomine
2481 1000 2835 1072 signiﬁcavit,
2868 1014 2990 1070 quae
3043 999 3208 1069 lapidi
3250 1014 3395 1053 nun-

1816 1115 1982 1173 quam
2014 1095 2342 1168 l‘rangendo,
2398 1094 2453 1149 id
2508 1102 2596 1149 est
2644 1092 2888 1157 Christo,
2938 1100 3191 1162 tanquam
3251 1088 3394 1145 vallo

1818 1189 2254 1261 circumdamur)
2287 1190 2343 1244 in
2389 1191 2646 1258 abyssum
2701 1185 2961 1240 detrusus
3023 1192 3129 1239 est.
3193 1181 3398 1238 Volunt

1820 1286 1936 1349 alii,
1971 1282 2199 1348 Judaais,
2241 1280 2371 1351 quia
2405 1278 2564 1333 metu'
2585 1275 2792 1348 Assyrii
2829 1276 2880 1329 in
2924 1273 3220 1345 IEgyptum
3260 1288 3398 1328 con-

1820 1377 2097 1446 fugerant,
2124 1369 2402 1435 eumdem,
2435 1366 2489 1422 id
2519 1376 2625 1431 est,
2648 1364 2918 1419 idolorum
2948 1364 3179 1427 cultum,
3213 1361 3399 1417 divina

1824 1467 2129 1524 auxiliante
2190 1462 2436 1534 potentia
2505 1458 2798 1515 delendum
2861 1470 2985 1510 esse
3046 1453 3398 1524 signiﬁcari:

1824 1560 2075 1632 quamvis
2109 1557 2179 1613 ah
2237 1551 2577 1618 hominibus,
2632 1548 2727 1621 qui
2784 1548 2835 1604 ei
2874 1562 2933 1603 se
2990 1551 3401 1615 nuncuparunt,

1824 1652 2180 1723 Assyriorum
2212 1646 2503 1719 imperium
2553 1657 2808 1700 eversum
2855 1643 2949 1697 sit.
3003 1637 3159 1694 Unde
3214 1638 3403 1703 etiam,

1830 1759 1954 1799 cum
1995 1743 2064 1799 de
2092 1741 2366 1813 Babylone
2395 1736 2836 1810 prophetaretur,
2861 1734 2915 1788 in
2954 1748 3072 1788 eam
3112 1746 3175 1787 se
3220 1728 3410 1785 Medos

125 1822 255 1917 ἔφη,
285 1822 481 1915 Πέτρα
501 1822 749 1917 αὐτοῦνή
774 1847 996 1917 φοϐερὰ
1015 1822 1477 1916 ααρεξλεύσεται,
1505 1822 1725 1915 naui:-

1840 1837 2197 1893 3scitaturum
2253 1830 2486 1897 monuit,
2550 1829 2822 1885 (la-terum
2892 1840 2993 1897 pro
3053 1838 3183 1895 quo,
3237 1822 3409 1881 Petra

125 1939 504 2007 τηθήσονται
534 1944 589 1994 ol
622 1940 914 2009 ἄρχοντες
944 1940 1153 2007 αὐτοῦ,
1176 1939 1331 2011 φησι
1357 1941 1595 2009 Κύριος,
1631 1939 1730 2008 δη-

124 2036 261 2105 λαδὴ
294 2034 392 2089 τοῦ
437 2035 751 2107 ’Δσσυρίου.
786 2036 1025 2102 Πέτραν
1053 2034 1164 2105 γὰρ
1208 2032 1377 2087 αὐτοῦ
1410 2033 1473 2086 τὸ
1504 2032 1732 2104 στερρὸν

126 2127 361 2181 ἐκάλεσε
396 2127 498 2197 τῆς
527 2127 722 2198 ἀρχῆς.
755 2126 1091 2199 Προτρέπων
1124 2125 1182 2179 δὲ
1204 2125 1334 2189 τοὺς
1368 2125 1427 2176 ἐν
1471 2121 1735 2192 Αἰγύπτῳ

126 2218 385 2287 φυγάδας
438 2218 807 2288 ὑποστρέφειν
862 2218 943 2281 είς
990 2216 1376 2289 Ἰερουσαλὴμ,
1404 2214 1730 2284 Μακάριος,

127 2312 321 2381 φησὶν,
359 2310 422 2373 ὃς
452 2310 579 2378 ἔχει
611 2310 681 2364 ἐν
707 2308 862 2365 Σιὼν
893 2310 1136 2380 σπέρμα
1156 2352 1171 2376 ,
1230 2310 1330 2364 καὶ
1379 2308 1640 2373 οἰκείους
1665 2307 1737 2361 ἐν

140 2401 565 2472 Ἰερουσαλὴμ,
597 2401 686 2456 διὰ
710 2402 773 2456 τὸ
802 2401 1020 2473 μέλλειν
1052 2401 1223 2473 αὐτὴν
1249 2402 1330 2466 εἰς
1371 2400 1471 2471 τὴν
1499 2399 1735 2470 ἀρχαίαν

129 2494 537 2560 ἀνακτίζεσθαι
566 2495 747 2561 δόξαν,
780 2494 985 2567 μᾶλλον
1008 2495 1066 2549 δὲ
1108 2493 1419 2566 κρείττονα.
1446 2492 1537 2546 Διό
1571 2507 1737 2563 φησιν

129 2590 188 2641 ὲν
223 2589 480 2659 ἑτέροις·
513 2608 532 2639 ι
575 2588 685 2643 Καὶ
707 2589 866 2642 ἔσται
911 2590 946 2659 ἡ
975 2587 1103 2652 δόξα
1128 2586 1224 2641 τοῦ
1275 2586 1429 2641 οἴκου
1484 2584 1675 2639 τούτου
1705 2584 1736 2653 ἡ

130 2681 370 2751 δεκάτην
403 2680 547 2753 ὑπὲρ
580 2683 681 2751 τὴν
728 2679 975 2752 πρώτην.
1006 2696 1026 2733 s
1072 2680 1378 2734 Ὠϐέλισται
1406 2678 1465 2732 δὲ
1506 2677 1587 2743 τὸ,
1619 2691 1737 2745 μα-

131 2773 370 2843 κάριος,
400 2773 475 2837 ὡς
500 2773 577 2845 μὴ
614 2772 889 2844 κείμενον.
931 2773 1006 2826 Τὸ
1024 2772 1083 2826 δὲ
1111 2771 1300 2826 λοιπὸν
1325 2772 1354 2824 ό
1384 2770 1483 2841 μὲν
1506 2767 1739 2837 Σύμμα-

130 2866 227 2935 κός
268 2882 461 2935 φησιν,
493 2866 663 2935 Ἔχει
692 2863 813 2933 πῦρ
838 2864 909 2918 ἐν
927 2862 1085 2917 Σιὼν
1110 2861 1211 2916 καὶ
1240 2862 1533 2915 κλίϐανον
1554 2856 1741 2911 ένἸε-

124 2955 489 3027 ρουσαλήμ.
528 2956 586 3010 '0
612 2955 672 3009 δὲ
709 2955 940 3019 Ἀκύλας
965 2956 1062 3009 καὶ
1082 2953 1398 3019 Θεοδοτίων,
1423 2949 1555 3017 Φῶς
1581 2946 1742 3013 αὐτῷ

130 3048 203 3102 ἐν
223 3047 408 3112 Σιὼν,
432 3047 531 3101 καὶ
558 3048 848 3114 κλίϐανος
873 3044 1035 3113 αὐτῷ
1059 3046 1132 3101 ἐν
1173 3042 1587 3114 Ἰερουσαλὴμ,
1611 3040 1743 3112 περὶ

134 3138 284 3193 Θεοῦ
312 3140 569 3209 λέγοντες
606 3138 702 3193 τοῦ
751 3138 1076 3203 καθελόντος
1111 3137 1204 3192 τὸν
1256 3134 1622 3190 Βαϐυλώνιον.
1662 3134 1741 3185 Δι’

133 3223 194 3285 οὗ
220 3231 407 3303 πυρὸς
442 3231 737 3287 κατακαίει
774 3233 902 3296 τοὺς
935 3232 1037 3303 τῆς
1082 3229 1252 3286 αὐτοῦ
1293 3228 1745 3300 καταφρονήσαν-

134 3342 244 3389 τας
300 3325 537 3392 πόλεως,
592 3324 831 3395 μάλιστα
881 3323 940 3378 δὲ
991 3323 1097 3394 τῆς
1129 3321 1483 3393 Ἐκκλησίας,
1517 3319 1649 3390 περὶ
1678 3311 1745 3390 ἦς

138 3417 377 3489 εἴρηται
398 3434 415 3451 ο
456 3435 476 3469 ι
511 3416 890 3488 Δεδοξασμένα
926 3415 1165 3487 ἐλαλήθη
1193 3414 1326 3486 περὶ
1359 3411 1479 3478 σοῦ,
1523 3413 1557 3483 ἡ
1590 3410 1746 3475 πόλις

141 3512 249 3565 τοῦ
280 3510 444 3565 Θεοῦ.
495 3530 513 3563 1
542 3510 655 3565 Καί
676 3527 690 3540 ⁸
731 3528 751 3563 ι
791 3508 900 3563 Τοῦ
944 3506 1196 3580 ποταμοῦ
1228 3506 1296 3560 τὰ
1327 3505 1627 3576 όρμήματα
1658 3503 1748 3557 εὐ-

136 3603 444 3674 φραίνουσι
471 3600 570 3673 τὴν
592 3601 747 3654 πόλιν
776 3600 874 3654 τοῦ
922 3599 1084 3655 Θεοῦ.
1122 3618 1142 3652 1
1190 3599 1279 3651 Ἐν
1316 3597 1455 3667 αὐτῇ
1481 3596 1590 3666 γὰρ
1623 3593 1746 3662 πῦρ

139 3697 268 3749 ἐστι
329 3693 430 3748 καὶ
491 3694 781 3760 κλίϐανος
830 3694 913 3757 είς
965 3692 1029 3747 τὸ
1079 3690 1449 3761 καταφλέγειν
1506 3686 1747 3757 ἑκάστης

136 3786 331 3858 ψυχῆς
357 3785 517 3853 ξύλα,
545 3786 760 3857 χόρτον,
787 3784 1067 3856 καλάμην.
1100 3784 1212 3839 Καὶ
1231 3779 1374 3836 κατὰ
1392 3778 1486 3833 τὸν
1510 3775 1747 3831 Ἀκύλαν

140 3880 221 3943 δὲ,
262 3876 398 3949 φῶς
420 3879 541 3931 ἐκεῖ
571 3877 709 3950 πρὸς
736 3878 865 3942 τοὺς
894 3876 1081 3942 ἀξίους
1106 3872 1465 3945 φωτίζεσθαι,
1494 3868 1594 3925 καὶ
1622 3866 1763 3938 πῦρ.

144 3972 286 4045 πρὸς
314 3972 452 4037 τοὺς
480 3970 772 4044 δεομένους
803 3971 1148 4043 καθάρσεως.

752 4225 1005 4292 ΚΕΦΑΛ.
1041 4234 1168 4290 AB’.

215 4341 371 4407 a—q'.
441 4333 600 4390 Ἰδοὺ
624 4332 735 4405 map
759 4329 1063 4397 ,ϐασιλεὺς
1084 4328 1321 4392 δίκαιος
1357 4325 1745 4392 βασιλεύσει,

148 4432 240 4485 καὶ
274 4430 581 4498 ἄρχοντες
608 4427 759 4497 μετὰ
784 4423 1040 4493 κρίσεως
1067 4420 1351 4489 ἄρξουσι,
1378 4418 1475 4473 καὶ
1511 4418 1686 4472 ἔσται
1715 4418 1751 4471 ό

1830 1924 2302 1984 circumdabantur
2331 1922 2485 1995 quasi
2522 1920 2661 1975 vallo
2692 1919 2987 1983 habemus;
3017 1918 3090 1969 ita
3154 1914 3408 1985 Symma-

1833 2024 1973 2079 chus
2006 2039 2020 2076 :
2057 2020 2223 2075 Petra
2253 2019 2369 2089 ejus
2400 2014 2685 2071 metuenda
2715 2010 3080 2083 pertransibit,
3100 2019 3149 2063 et
3193 2010 3409 2063 vincen-

1835 2125 1924 2171 tur
1950 2116 2214 2186 principes
2250 2113 2388 2183 ejus,
2432 2110 2508 2163 ait
2561 2108 2846 2171 Dominus,
2889 2106 3148 2176 Assyrios
3200 2101 3411 2173 siguill-

1832 2221 1990 2265 caus.
2036 2206 2169 2261 Nam
2196 2214 2360 2275 petrae
2387 2202 2631 2263 nomine,
2674 2199 2889 2269 imperii
2922 2197 3043 2266 ejus
3085 2196 3254 2251 robur
3320 2195 3411 2248 in-

1833 2298 2063 2356 tellexit.
2100 2294 2329 2358 Verum,
2357 2301 2416 2347 ut
2444 2305 2562 2353 eos.
2597 2290 2692 2362 qui
2727 2290 2781 2344 in
2830 2287 3125 2360 Egyptum
3157 2284 3416 2357 profuge-

1836 2398 1978 2453 rant,
2017 2386 2087 2442 ad
2116 2383 2458 2440 redeundum
2509 2382 2816 2439 Jerusalem
2857 2382 3135 2445 invitaret,
3189 2378 3414 2445 Beatus,

1836 2477 2034 2547 inquit,
2074 2477 2164 2547 qui
2201 2474 2355 2528 habet
2385 2471 2552 2544 379
2581 2472 2636 2526 in
2666 2471 2799 2527 Sion
2830 2485 3027 2535 semen,
3074 2476 3125 2523 et
3157 2467 3416 2523 domesti-

1834 2586 1923 2624 cos
1947 2569 2002 2623 in
2032 2566 2331 2623 Jerusalem
2351 2583 2370 2631 ;
2398 2566 2528 2637 quia
2558 2564 2845 2635 pristinam
2892 2576 3002 2617 non
3036 2570 3246 2615 tantum
3298 2559 3420 2631 glo-

1838 2662 1998 2725 riam,
2028 2658 2125 2715 sed
2158 2661 2422 2728 majorem
2462 2654 2628 2711 etiam
2670 2661 3066 2723 recuperatum
3099 2652 3192 2707 sit.
3224 2649 3418 2718 Itaque

1838 2751 1972 2807 dicit
2003 2750 2180 2805 alibi:
2218 2766 2241 2803 ι
2301 2748 2368 2803 Et
2426 2747 2597 2819 gloria
2639 2747 2838 2801 domus
2893 2744 3059 2812 hujus
3116 2749 3419 2813 postrema.

1849 2855 2020 2910 supra
2052 2839 2291 2910 priorem
2325 2838 2394 2892 ³⁷.
2431 2854 2450 2888 1
2478 2835 2546 2890 At
2573 2836 2720 2891 enim
2746 2834 2906 2889 obelo
2938 2831 3261 2889 confoditur
3292 2830 3420 2886 bea-

1847 2943 1954 2996 tus,
2004 2940 2063 2986 ut
2118 2930 2283 3000 adjici
2333 2927 2692 2999 signiﬁcetur.
2766 2924 2859 2979 Sic
2920 2934 3103 2980 autem
3171 2922 3408 2993 reliqua,

1846 3022 2021 3078 Habet
2046 3022 2219 3093 ignem
2249 3020 2308 3075 in
2359 3020 2511 3084 Sion,
2564 3028 2614 3073 et
2668 3018 2945 3071 clibanum
2991 3016 3047 3069 in
3094 3013 3421 3079 Jerusalem,

1844 3114 2116 3185 expressit
2141 3110 2539 3183 Symmachus;
2574 3109 2775 3179 Aquila
2821 3122 2950 3162 vero
2986 3114 3040 3162 et
3067 3104 3373 3161 Theodotio
3405 3124 3419 3160 :

1849 3205 2053 3260 Lumen
2082 3205 2131 3259 ei
2150 3205 2204 3258 in
2237 3202 2366 3258 Sion
2393 3212 2443 3257 et
2465 3201 2712 3255 clibanus
2737 3199 2792 3254 in
2824 3196 3156 3263 Jerusalem,
3180 3196 3251 3252 de
3280 3195 3418 3259 Deo,

1849 3296 1946 3366 qui
1985 3292 2341 3365 Babylonium
2379 3290 2624 3357 sustulit,
2674 3290 2842 3345 verba
2894 3288 3181 3344 facientes.
3239 3291 3426 3355 Atque
3506 3282 3513 3289 ’

1854 3388 1961 3442 hoc
1982 3387 2108 3456 igne
2129 3383 2255 3445 illos
2287 3381 2583 3446 comburit,
2614 3382 2707 3450 qui
2738 3379 2858 3449 ejus
2885 3379 3105 3444 urbem,
3136 3385 3193 3433 et
3231 3376 3426 3432 Eccle-

1849 3478 1987 3534 siam
2036 3477 2312 3546 praecipue
2349 3471 2469 3527 ausi
2500 3479 2630 3526 sunt
2657 3478 3030 3534 contemnere,
3061 3468 3131 3524 de
3188 3482 3298 3538 qua
3345 3467 3430 3522 di-

1850 3580 2005 3628 ctum
2042 3566 2277 3637 legimus
2307 3581 2320 3617 :
2353 3583 2371 3615 c
2400 3562 2654 3619 Gloriosa
2687 3560 2833 3616 dicta
2867 3566 2998 3615 sunt
3026 3559 3095 3613 de
3132 3565 3207 3626 te,
3236 3559 3433 3615 civitas

1851 3662 1947 3717 Dei
1979 3659 2046 3716 ’⁸.
2090 3677 2109 3712 1
2145 3655 2213 3711 Et
2245 3673 2259 3711 :
2294 3674 2313 3709 ι
2343 3653 2615 3710 Fluminis
2671 3653 2906 3723 impetus
2945 3650 3187 3706 lictilicat
3232 3651 3428 3706 civita-

1849 3762 1959 3810 tem
1992 3751 2088 3809 Dei
2119 3752 2187 3805 ”.
2233 3767 2253 3802 ι
2311 3748 2408 3803 Est
2453 3748 2601 3803 enim
2652 3745 2792 3817 ignis
2828 3746 2885 3801 in
2934 3745 3056 3817 ipsa
3105 3743 3325 3814 quidem
3376 3753 3434 3799 et

1851 3845 2133 3910 clibanus;
2167 3850 2229 3898 ut
2278 3839 2723 3910 uniuscujusque
2760 3838 2958 3895 anima:
3008 3838 3180 3908 ligna,
3245 3835 3432 3892 fenum

1849 3948 1904 3997 et
1932 3936 2193 4005 stipulam
2223 3932 2550 3991 comburere
2586 3932 2786 3986 valeat.
2817 3930 3133 3985 Secundum
3170 3928 3428 4001 Aquilam

1852 4037 2059 4096 autem,
2088 4026 2260 4082 lumen
2293 4024 2393 4090 ibi,
2424 4031 2484 4079 ut
2532 4022 2767 4078 meritos
2818 4021 3132 4091 illumiuet;
3166 4030 3223 4077 et
3268 4020 3433 4093 ignis,

1853 4130 1916 4177 ut
1955 4135 2097 4196 quos
2121 4134 2262 4191 opus
2288 4128 2394 4183 est,
2421 4116 2624 4186 expiet.

2428 4208 2581 4266 CAP.
2622 4206 2836 4263 XXXII.

1921 4307 2089 4378 380
2119 4303 2286 4360 Vsus.
2322 4304 2433 4359 με.
2482 4300 2612 4357 Ecce
2632 4303 2772 4356 enim
2809 4315 2904 4355 rea:
2947 4300 3133 4373 justus
3172 4301 3432 4373 regnabit,
3545 4366 3547 4369 τ

1851 4411 1902 4457 et
1932 4400 2194 4469 principes
2221 4412 2339 4451 cum
2364 4395 2574 4465 judicio
2613 4393 2945 4463 imperabunt
2977 4408 2997 4447 :
3025 4402 3076 4447 et
3126 4395 3230 4447 erit
3275 4393 3432 4449 homo

148 4484 476 4589 ἇνθρίοὲος
500 4484 779 4584 περάπτων
799 4484 943 4579 τοὺς
965 4484 1188 4581 λόγους
1219 4484 1429 4564 αὐτοῦ.
1462 4507 1569 4562 Καὶ
1603 4524 1735 4575 κρυ-

1854 4492 2130 4579 occultans
2196 4504 2463 4543 sermones
2512 4502 2658 4552 suos,
2720 4494 2770 4539 et
2826 4484 3205 4552 occultabitur,
3256 4494 3317 4539 ut
3367 4487 3433 4540 ab

150 4612 410 4676 ϐήσεται
438 4609 518 4673 ὡς
545 4606 645 4677 ἀφ’
674 4605 894 4668 ὕδατος
916 4600 1272 4673 φερομένου.
1327 4599 1437 4667 καὶ
1483 4597 1752 4668 φανήσε-

1854 4597 2013 4653 aqua,
2035 4566 2153 4650 qui:
2183 4577 2374 4646 fertur.
2406 4574 2472 4629 Et
2501 4573 2773 4643 apparebit
2804 4574 2858 4627 in
2887 4572 3021 4629 Sion
3052 4573 3189 4629 sicut
3234 4573 3432 4645 ﬂuvius

149 4667 241 4756 ται
278 4702 356 4754 ἐν
391 4667 603 4763 cher;
625 4698 706 4763 ὠς
740 4667 1008 4765 ποταμὸς
1056 4667 1386 4763 φερόμενος
1412 4667 1664 4757 ἔνδοξος
1687 4690 1735 4744 ἐι

1852 4688 2104 4739 currens,
2132 4669 2363 4741 inclytus
2393 4670 2449 4723 in
2474 4678 2616 4723 terra
2643 4667 2867 4735 sitienti,
2896 4676 3009 4724 etc.

151 4793 227 4864 τῇ
258 4792 539 4862 διψώσῃ,
562 4808 619 4844 κ.
658 4806 712 4843 τ.
736 4789 789 4842 λ.

234 4888 308 4941 Ἦ
346 4886 449 4955 μὲν
470 4884 579 4937 τῶν
623 4880 1030 4951 Ἐόδομήκοντα
1063 4877 1277 4941 ἕκδοσις
1304 4873 1757 4930 συνάπτειταῖνεα

150 4984 267 5045 τοῖς
305 4978 647 5050 εἰρημένοις.
677 4972 1032 5047 Προειποῦσα
1061 4972 1171 5042 γὰρ
1197 4960 1279 5035 τὸ,
1317 4987 1336 5020 ι
1370 4968 1656 5039 Μακάριος
1687 4966 1747 5030 ὃς

153 5073 269 5144 ἔχει
302 5073 363 5125 ἐν
395 5069 537 5123 Σιὼν
569 5069 812 5140 σπέρμα,
845 5067 941 5122 καὶ
967 5065 1204 5128 οἰκείους
1239 5065 1297 5117 ὲν
1331 5057 1740 5132 Ἰερουσαλὴμ,ο

153 5164 475 5226 ἀκολούθως
509 5163 759 5232 ἐπήγαγε
788 5160 867 5227 τὸ,
884 5157 1031 5213 Ἰδοὺ
1059 5155 1169 5228 γὰρ
1185 5153 1490 5221 ,βασιλεὺς
1518 5151 1747 5216 δίκαιος

148 5257 553 5323 βασιλεύσει.
600 5253 755 5307 Ἐπεὶ
799 5254 908 5324 γὰρ
944 5249 1120 5305 ταῦτα
1182 5246 1367 5319 μέλλει
1414 5244 1661 5313 γίνεσθαι
1690 5244 1750 5298 ὲν

166 5346 564 5421 Ἰερουσαλὴμ,
593 5345 819 5407 εἰκότως
854 5338 1157 5411 μακαρίζει
1190 5340 1317 5401 τοὺς
1369 5337 1575 5391 τούτων
1601 5337 1751 5389 ἀπο-

153 5440 349 5495 λαύειν
394 5439 686 5510 μέλλοντας
709 5437 766 5488 ὲν
803 5434 964 5504 αὐτῇ.
993 5434 1055 5487 Οἱ
1085 5431 1139 5484 δὲ
1162 5430 1340 5485 λοιποὶ
1370 5429 1438 5483 τὰ
1466 5429 1560 5482 νῦν
1592 5438 1618 5466 ιι
1646 5428 1743 5482 καὶ

228 5622 283 5657 ιν
318 5619 504 5691 Aggaei
527 5635 590 5683 11,
622 5619 706 5674 to.

1924 4873 2266 4946 Interpretes
2305 4869 2663 4943 Septuaginta
2692 4871 2882 4928 isthaec
2913 4887 3039 4929 cum
3070 4874 3432 4945 praecedenti-

1852 4968 1958 5025 bus
1979 4969 2239 5040 jungunt.
2273 4966 2409 5022 Cum
2432 4967 2578 5021 enim
2609 4966 3004 5036 praemisissent
3031 4968 3246 5023 beatum
3293 4971 3438 5025 exsi-

1854 5072 2025 5126 stere,
2060 5061 2154 5131 qui
2178 5061 2233 5115 in
2256 5058 2427 5114 Sione
2456 5073 2642 5113 semen
2666 5058 2913 5125 haberet,
2938 5067 2992 5115 et
3007 5060 3338 5119 domesticos
3384 5065 3435 5118 in

1850 5150 2177 5217 Jerusalem,
2194 5148 2386 5205 ordine
2396 5150 2532 5221 jam,
2560 5147 2693 5202 Ecce
2709 5150 2846 5203 enim
2867 5148 2976 5204 Rea:
2985 5151 3167 5218 justus
3180 5155 3440 5228 regnabit,

1855 5242 2258 5313 adjunxerunt.
2301 5238 2456 5306 Quod
2484 5239 2615 5308 quia
2641 5238 2696 5293 in
2744 5237 3048 5295 Jerusalem
3068 5242 3310 5296 futurum
3332 5256 3436 5306 est.

1855 5348 1965 5389 non
1980 5348 2077 5388 eos
2099 5330 2392 5393 immerito,
2416 5331 2508 5400 qui
2529 5328 2650 5399 ejus
2673 5328 2840 5385 futuri
2859 5340 2985 5386 sunt
3002 5334 3314 5404 participes,
3349 5334 3443 5389 ba-

1848 5435 1929 5480 tos
1978 5422 2233 5494 appellat.
2256 5419 2451 5476 Verum
2504 5435 2567 5475 ea
2586 5420 2724 5491 ipsa,
2743 5418 3022 5491 dequibus
3045 5423 3277 5496 agimus,
3303 5423 3440 5481 alte-

809 5620 857 5653 "
888 5620 1033 5679 Psal.
1066 5637 1249 5688 Lxxw,
1285 5620 1441 5685 111,3.
1512 5619 1556 5651 ’³
1590 5613 1737 5669 Psal.
1771 5627 1898 5673 XLV,
1931 5602 1983 5670 5.

1392 5735 1626 5794 VARle
1666 5728 2071 5789 LECTIONES.

266 5819 297 5849 ⁸⁵
319 5829 413 5881 γρ.
449 5808 611 5868 εἶναι.
