3978 6374
534 295 699 361 2275·

1860 280 2213 346 PROCOPII
2246 278 2489 341 ΟΑΖᾹΞΙ

3671 263 3808 330 2276

534 406 652 461 rius
667 416 791 460 esse
810 398 1062 473 principii
1084 397 1371 454 voluerant
1393 397 1508 455 alii.
1535 396 1657 467 Quo
1679 395 1760 463 ﬂt,
1797 403 1860 451 ut
1881 408 2122 451 consen-

2238 389 2403 461 ὶρχῆς
2435 385 2627 458 ἐτέρας
2657 382 2965 439 ἀπέδωκαν.
3012 379 3105 435 Διὸ
3130 396 3264 451 φησι
3285 378 3619 452 Σύμμαχος·
3656 379 3809 436 Ἰδοὺ

534 497 800 553 tientibus
825 493 985 565 plane
1027 491 1301 547 caeteris:
1328 488 1464 545 Ecce
1484 489 1553 544 ad
1560 490 1835 561 justitiam
1877 485 2120 558 regnabit

540 604 660 653 rex,
720 588 1127 657 interpretatur
1178 582 1566 655 Symmachus.
1615 582 1862 639 Credant
1905 577 2120 634 Hebraei

535 677 935 752 quantumlibet
958 677 1026 731 ad
1070 674 1597 745 Zorobabelem,qui
1623 674 1837 729 ductoa
1884 670 2025 726 Juda
2066 676 2122 726 et

535 770 740 825 Davide
755 782 972 840 genere,
996 764 1227 822 liberato
1255 766 1623 836 restitutoque
1651 763 1853 834 populo
1886 763 2123 831 impera-

534 864 959 929 vit,sermonem
994 858 1216 921 referri,
1234 867 1287 912 et
1310 872 1407 928 per
1430 857 1712 927 principes
1736 870 1858 909 cum
1880 851 2120 924 judicio,

536 953 721 1009 Jesum
772 952 951 1021 ipsum
976 952 1322 1006 sacerdotem
1375 949 1654 1019 designari
1689 962 2009 1018 :nunquam
2038 952 2124 999 ta-

537 1055 663 1095 men
695 1038 958 1103 eiiicient,
977 1044 1038 1091 ut
1057 1052 1185 1091 cum
1210 1036 1393 1092 verbis
1419 1038 1568 1102 istis,
1598 1038 1871 1107 apparebit
1891 1037 1948 1090 in
1966 1034 2120 1100 Sion,

536 1132 677 1187 sicut
711 1130 906 1200 ﬂuuius
936 1144 1178 1196 currens,
1200 1128 1435 1201 inclytus
1482 1130 1539 1184 iu
1590 1139 1736 1184 terra
1785 1127 2010 1191 sitienti.
2070 1134 2128 1182 et

537 1238 661 1295 qua:
689 1223 954 1293 deinceps
1000 1228 1334 1292 sequuntur,
1366 1221 1667 1278 convenire
1695 1220 1932 1291 possint.
1977 1218 2128 1273 Tan-

539 1331 707 1387 quam
736 1316 906 1387 igitur
961 1330 1025 1370 ea
1063 1329 1186 1384 quae
1241 1311 1498 1369 Ieremia:
1545 1312 1894 1382 temporibus
1941 1315 2129 1366 essent

540 1418 828 1472 eventura,
860 1408 1223 1472 absolvisset;
1263 1408 1432 1461 alium
1458 1407 1573 1477 jam
1603 1405 1673 1461 de
1704 1403 1913 1461 Christi
1940 1402 2127 1458 divina

542 1499 598 1553 in
634 1500 804 1555 terris
838 1497 1185 1568 apparitione
1216 1510 1526 1552 sermonem
1571 1493 1882 1551 exorditur.
1938 1492 2128 1547 Solum

541 1589 686 1645 enim
707 1589 918 1661 justum
956 1589 1098 1643 inter
1137 1588 1404 1643 mortales
1437 1602 1607 1657 regem
1644 1584 1814 1640 fuisse
1838 1624 1853 1648 ,
1904 1593 2129 1653 aposto-

541 1679 626 1735 los
677 1691 861 1735 autem
922 1678 1185 1734 Ecclesia:
1237 1677 1340 1747 ipsi
1404 1692 1524 1730 cum
1575 1676 1783 1745 judicio
1844 1674 2131 1747 praefuisse

2222 483 2309 546 εὶς
2337 477 2735 543 δικαιοσύνην
2757 473 3121 539 ,βασιλεύσει
3144 471 3471 537 βασιλεὺς,
3503 468 3809 541 συμφώνως

2220 574 2336 636 τοῖς
2360 571 2564 634 ἄλλοις.
2600 570 2893 639 Οἰήσονται
2919 568 3021 638 μὲν
3046 561 3141 621 οῦν
3190 566 3380 630 παῖδες
3426 565 3706 638 Ἐϐραίων
3742 568 3812 631 είς

2223 663 2529 737 Ζοροϐάϐελ
2574 660 2667 716 τὸν
2720 660 2878 730 λόγον
2914 658 3251 729 ἀνάγεσθαι,
3290 658 3349 722 ὃς
3389 659 3452 723 ἐξ
3508 657 3697 711 Ἰούδα
3730 660 3812 712 καὶ

2223 754 2393 810 Δαϐὶδ
2422 754 2827 824 καταγόμενος,
2884 747 3020 823 ἦρξε
3081 749 3223 821 μετὰ
3258 750 3358 822 τὴν
3394 748 3671 803 ἐπάνοδον
3729 750 3812 803 τοῦ

2223 848 2377 904 λαοῦ.
2416 850 2722 922 Ἀρχοντας
2774 846 2833 901 δὲ
2884 844 3037 916 μετὰ
3075 844 3331 913 κρίσεως
3364 845 3489 907 τοὺς
3546 843 3686 913 περὶ
3735 843 3814 898 τὶν

2237 939 2445 1011 Ἰησοῦν
2468 941 2560 995 τὸν
2591 939 2744 1012 ίερέα
2768 941 3001 1009 φήσουσι
3028 935 3309 1005 λέγεσθαι.
3341 935 3481 989 Ἀλλ’
3502 935 3568 989 ού
3602 935 3813 1006 συνᾴδα

2223 1034 2296 1088 τὰ
2328 1033 2529 1104 ἑφεξῆς
2557 1034 2618 1088 τὸ
2668 1043 2717 1099 ι’,
2777 1030 3124 1098 Φανήσεται
3144 1029 3211 1084 ἐν
3239 1027 3395 1084 Σιὼν
3423 1029 3505 1095 ὡς
3549 1030 3815 1096 ποταμὸς

2225 1127 2558 1197 φερόμενος
2575 1124 2829 1190 ἔνδοξος
2852 1124 2925 1177 ἐν
2947 1121 3026 1193 τῇ
3052 1118 3321 1191 διψώσῃ.
3357 1120 3443 1183 Ὠς
3468 1118 3567 1174 οῦν
3597 1118 3815 1189 πληρώ-

2227 1236 2330 1283 σας
2362 1218 2434 1272 τὰ
2464 1218 2594 1290 περὶ
2621 1217 2731 1271 τῶν
2773 1216 3041 1287 Ἰερεμίου
3070 1214 3281 1286 χρόνων
3311 1214 3342 1267 δ
3372 1212 3573 1281 λόγος,
3612 1210 3685 1276 ἐξ
3714 1211 3818 1265 ἑτέ-

2229 1330 2327 1384 ρας
2354 1311 2529 1383 ἀρχῆς
2552 1309 2622 1365 τὰ
2644 1308 2898 1382 περὶτῆς
2926 1306 3249 1376 θεοφανείας
3273 1302 3526 1367 θεσπίζει
3549 1302 3811 1372 Χριστοῦ.

2228 1402 2531 1469 Βασιλεὺς
2561 1402 2670 1473 γὰρ
2707 1401 2862 1473 μόνος
2887 1401 2945 1454 ὲν
2978 1397 3288 1468 ἀνθρώποις
3315 1396 3527 1467 πέφηνε
3558 1395 3811 1461 δίκαιος·

2228 1495 2323 1548 καὶ
2344 1494 2395 1548 oi
2418 1493 2703 1547 ἀπόστολοι
2733 1492 2835 1562 τῆς
2896 1488 3227 1559 Ἐκκλησίας
3258 1488 3400 1543 κατὰ
3440 1488 3656 1557 κρίσιν
3682 1487 3813 1556 ἡγή-

2230 1601 2397 1638 σαντο
2422 1583 2524 1655 τὴν
2572 1581 2760 1636 αὐτοῦ.
2815 1581 2928 1635 Καὶ
2957 1575 3027 1650 ἦν
3078 1578 3370 1633 ἀκόλουθον
3421 1579 3485 1647 τῇ
3548 1574 3697 1647 μετά
3726 1574 3816 1645 τὴν

2230 1678 2493 1733 ἐπάνοδον
2540 1677 2877 1731 καταστάσει
2936 1673 3031 1729 τοῦ
3061 1673 3249 1738 ἔθνους
3278 1670 3388 1725 τῶν
3416 1670 3650 1740 ἀγαθῶν
3700 1670 3814 1723 tm-

544 1781 737 1827 notum
762 1780 870 1827 est.
908 1769 1115 1825 Deinde
1149 1771 1214 1825 ad
1251 1776 1456 1824 statum
1483 1776 1754 1823 revocata:
1785 1770 1967 1838 gentis
1999 1784 2130 1825 con-

2238 1769 2574 1841 συναφθῆναι
2606 1770 2677 1823 τὰ
2713 1769 2950 1841 μέγιστα
2988 1767 3079 1821 διὰ
3125 1763 3364 1836 Χριστοῦ
3412 1764 3632 1826 τούτοις
3672 1762 3818 1829 γενό-

545 1860 878 1917 ﬁrmandum
912 1875 976 1915 ea
1010 1861 1277 1932 conjungi
1307 1860 1448 1914 bona
1476 1858 1682 1923 decuit,
1722 1873 1846 1929 quae
1876 1857 1999 1913 istis
2032 1872 2130 1928 per

544 1955 825 2010 Christum
875 1953 1118 2008 maxima
1180 1951 1577 2020 contigissent,
1607 1956 1666 2004 et
1703 1964 1828 2020 qua:
1858 1949 2134 2008 secuturis

546 2044 712 2116 paulo
745 2051 889 2115 post,
924 2057 1217 2113 progressu
1249 2042 1413 2112 lougo
1447 2039 1709 2109 temporis
1753 2047 1914 2094 erant
1966 2056 2131 2097 even-

546 2142 692 2191 tura.
742 2135 851 2190 Eos
888 2149 1019 2190 vero
1070 2133 1230 2204 381
1298 2131 1476 2186 beatos
1534 2131 1812 2202 praedicat,
1875 2130 1970 2200 qui
2025 2131 2131 2188 sub

545 2226 768 2282 Christo
799 2224 1101 2280 Ecclesiam
1132 2224 1497 2289 incoluerint;
1524 2223 1592 2278 ad
1616 2237 1754 2293 quos
1784 2220 2127 2278 Salvatorem

546 2321 603 2376 in
634 2320 784 2374 hunc
816 2317 1040 2373 modum
1092 2331 1214 2372 esse
1272 2317 1518 2371 locutum
1585 2315 1819 2387 legimus
1854 2334 1867 2371 :
1917 2336 1936 2369 ‹
1974 2316 2128 2373 Multi

550 2409 826 2481 prophetae
851 2418 906 2465 et
936 2409 1073 2480 justi
1120 2408 1416 2478 cupierunt
1462 2407 1670 2474 videre,
1724 2422 1849 2478 quae
1909 2408 2128 2477 videtis,

547 2516 727 2573 neque
755 2508 941 2556 tamen
969 2500 1244 2556 viderunt.
1275 2496 1466 2555 Vestri
1514 2508 1698 2554 autem
1753 2499 1899 2554 beati
1939 2501 2112 2568 oculi,

2231 1880 2391 1935 μενα,
2429 1862 2525 1916 καὶ
2551 1862 2664 1926 τοῖς
2696 1862 2839 1932 μετὰ
2862 1859 3061 1931 χρόνον
3087 1857 3271 1926 ὀλίγον
3292 1856 3361 1909 τὰ
3392 1854 3533 1926 μετὰ
3566 1854 3819 1906 πλεῖστον

2229 1956 2487 2027 ἐσόμενα.
2522 1954 2872 2022 Μακαρίους
2899 1952 2957 2006 δὲ
2986 1951 3139 2021 λέγει
3166 1949 3294 2013 τοὺς
3323 1949 3416 2002 ἐπὶ
3453 1943 3699 2018 Χριστοῦ
3728 1945 3819 2012 τὴν

2248 2048 2583 2120 Ἐκκλησίαν
2605 2046 2960 2118 οίκήσαντας,
2999 2044 3136 2116 πρὸς
3174 2041 3269 2105 οὓς
3320 2057 3485 2111 φησιν
3531 2040 3561 2092 δ
3592 2037 3817 2108 Emit?

2243 2154 2263 2189 ι
2302 2138 2424 2191 Ὅτι
2452 2136 2640 2190 πολλοὶ
2670 2136 2949 2208 προφῆται
2967 2135 3065 2189 καὶ
3084 2134 3284 2187 δίκαιοι
3310 2130 3675 2202 ἐπεθύμησαν
3700 2128 3821 2181 ἰδεῖν

2236 2229 2273 2285 ἃ
2299 2229 2553 2301 βλέπετε,
2615 2229 2711 2283 καὶ
2755 2229 2856 2281 οὐκ
2915 2224 3078 2283 εἶδον.
3139 2216 3327 2295 Ὗμῶν
3367 2225 3426 2278 δὲ
3478 2223 3755 2295 μακάριοι
3779 2222 3822 2274 οἱ

2236 2320 2530 2393 ὀφθαλμοὶ,
2586 2323 2668 2375 ὅτι
2731 2320 3041 2391 βλέπουσιν.
3083 2338 3102 2372 ι
3137 2313 3299 2374 Οῦτοι
3357 2316 3415 2370 δέ
3458 2317 3601 2370 εἰσιν
3650 2315 3703 2367 oi
3743 2313 3823 2365 διὰ

2241 2415 2563 2486 ῐΙνεύματος
2589 2414 2973 2479 οἰκειωθέντες
3012 2413 3183 2485 αὐτῷ,
3212 2413 3309 2466 καὶ
3335 2410 3572 2483 Χριστὸν
3616 2425 3827 2481 καρπο-

2238 2510 2579 2581 φορήσαντες
2614 2510 2673 2562 ἐν
2707 2507 2846 2561 Σιὼν
2884 2509 2948 2578 τῇ
2988 2508 3180 2577 νοητῇ.

482 2650 492 2668 ,
548 2594 696 2669 quod
723 2595 943 2651 videant
967 2594 1047 2667 '°‘
1077 2612 1096 2646 ι
1137 2592 1421 2664 Ejusmodi
1455 2592 1532 2647 illi
1566 2592 1816 2658 fuerunt,
1846 2595 1942 2664 qui
1987 2611 2111 2653 cum
2151 2615 2218 2656 eo
2288 2618 2384 2674 per
2434 2604 2699 2674 Spiritum
2751 2601 3179 2657 familiaritatem
3263 2600 3464 2672 adepti,
3519 2598 3576 2655 in
3661 2595 3825 2653 Sione

549 2689 644 2743 illa
692 2683 1019 2757 intelligibili
1052 2683 1274 2741 Christo
1310 2684 1523 2740 fructus
1549 2684 1862 2740 ediderunt.

621 2779 923 2837 Habuimus
972 2792 1138 2849 porro
1190 2775 1430 2847 Spiritus
1488 2779 1671 2832 sancti
1724 2777 1995 2834 beneﬁcio
2032 2780 2131 2835 do-

550 2869 841 2931 mesticos,
883 2865 939 2922 id
985 2874 1073 2923 est
1107 2879 1438 2920 arcanarum
1490 2879 1678 2921 rerum
1718 2865 1911 2922 beatos
1960 2866 2134 2924 inter-

550 2968 759 3033 pretes.
799 2957 899 3016 Est
944 2973 1076 3015 vero
1110 2967 1345 3029 utraque
1378 2960 1596 3014 ratione
1634 2958 1820 3028 justus
1854 2958 2135 3026 Christus,

548 3064 606 3112 et
638 3054 766 3125 quia
794 3052 1017 3124 justitia
1054 3053 1198 3108 idem
1228 3051 1346 3122 ipsa
1384 3057 1493 3118 est,
1519 3057 1576 3107 et
1605 3052 1736 3121 quia
1777 3066 1945 3108 carne
1977 3052 2141 3108 indu-

551 3157 644 3202 tus
677 3145 830 3201 omni
861 3144 1022 3215 culpa
1057 3152 1113 3200 et
1142 3142 1579 3214 reprehensione
1610 3144 1810 3198 caruit.
1847 3143 1916 3197 Et
1953 3160 2141 3214 regna-

551 3240 646 3304 bit.
682 3239 782 3303 ait,
819 3237 887 3292 ad
926 3237 1221 3308 justitiam,
1276 3251 1418 3291 nova
1457 3234 1677 3292 scilicet
1720 3236 1985 3307 regnandi
2042 3250 2135 3291 ra-

552 3333 740 3397 tione;
787 3331 881 3401 qui
931 3344 1041 3385 non
1087 3331 1153 3384 ad
1206 3328 1491 3383 hominum
1530 3327 1873 3399 opinionem,
1904 3328 1992 3403 vel
2025 3328 2142 3399 glo—

554 3426 718 3491 riam,
749 3423 843 3481 sed
877 3428 946 3477 ad
978 3422 1253 3493 justitiam
1298 3425 1373 3478 sit
1424 3422 1822 3489 imperaturus.
1859 3419 1954 3476 Sic
1994 3436 2056 3477 se
2086 3430 2145 3476 et

554 3517 677 3589 ejus
710 3517 974 3587 principes
1012 3517 1069 3571 in
1103 3514 1362 3571 obeundo
1408 3528 1639 3568 munere
1687 3522 2015 3585 gesserunt;
2046 3514 2143 3584 qui

557 3609 693 3665 illud
733 3624 842 3665 non
879 3609 946 3663 ad
985 3608 1253 3662 honorem
1294 3615 1350 3661 et
1394 3606 1727 3677 dignitatem,
1755 3604 1852 3662 sed
1888 3608 1954 3662 ad
1978 3606 2145 3676 justi-

559 3703 691 3756 tiam
741 3710 1129 3771 susceperunt.
1187 3700 1382 3770 Itaque
1432 3706 1720 3754 verterunt
1775 3700 1962 3754 caeteri
2010 3716 2023 3753 :
2074 3697 2144 3752 Et

558 3794 822 3864 principes
861 3794 917 3847 in
960 3792 1236 3863 judicium
1266 3792 1621 3862 imperabunt.
1656 3789 1759 3847 Ubi
1790 3807 1992 3848 rursus
2025 3808 2040 3846 :
2074 3791 2145 3846 Et

556 3887 658 3940 erit
688 3887 841 3940 homo
867 3884 1139 3939 occultans
1163 3900 1427 3939 sermones
1455 3900 1580 3940 suos
1607 3884 1865 3954 legimus,
1892 3883 1964 3938 ita
1994 3881 2145 3954 Sym-

559 3980 791 4036 machus
829 4001 840 4034 :
873 3978 944 4033 Et
987 3980 1086 4033 erit
1132 3979 1212 4033 vir
1264 3979 1403 4034 sicut
1445 3978 1724 4032 absconsio
1771 3995 1805 4031 a
1847 3979 2060 4046 spiritu,
2094 3986 2145 4033 et

558 4073 837 4143 procella:
875 4071 1079 4141 quibus
1131 4087 1301 4142 regem
1358 4071 1714 4141 quantumvis
1760 4080 1959 4124 natura
2000 4068 2146 4124 Deus

561 4164 654 4230 sit,
698 4173 752 4219 et
782 4163 1131 4217 divinitatem
1176 4162 1439 4227 occultet,
1470 4161 1745 4216 hominem
1802 4160 1919 4216 fore
1963 4169 2144 4215 tamen

559 4255 918 4326 signiﬁcavit.
992 4254 1193 4323 Aquila
1241 4264 1423 4308 autem
1467 4271 1481 4308 :
1534 4252 1688 4308 Sicut
1729 4254 1820 4322 qui
1872 4251 2147 4308 abscondit

559 4345 827 4413 spiritum.
879 4353 930 4399 et
982 4343 1259 4398 absconsio
1310 4345 1554 4410 impetus,
1590 4344 1789 4397 extulit
1834 4360 1848 4395 :
1897 4346 1971 4396 ita
2017 4358 2148 4398 vero

562 4436 921 4507 Septuaginta
969 4435 1331 4491 reddiderunt
1379 4436 1736 4505 interpretes,
1769 4434 1917 4505 quod
1960 4436 2145 4490 omnia

2309 2785 2658 2855 Ἐσχήκαμεν
2686 2784 2742 2838 δὲ
2773 2782 3010 2846 οἰκείους
3040 2780 3184 2835 κατὰ
3208 2779 3437 2850 Πνεῦμα
3468 2778 3600 2841 τοὺς
3629 2778 3823 2848 ἁγίους

2237 2878 2660 2951 μυσταγωγούς.
2692 2877 2829 2932 Κατ’
2856 2877 3026 2947 ἄμφω
3048 2875 3108 2929 δὲ
3134 2875 3364 2941 δίκαιος
3392 2876 3422 2927 ὁ
3450 2872 3719 2945 Χριστὸς,
3741 2876 3826 2925 καὶ

2234 2971 2311 3035 ὡς
2334 2968 2809 3039 αὑτοδικαιοσύνη,
2852 2975 2950 3023 καὶ
3000 2966 3077 3032 ὡς
3115 2966 3259 3021 κατὰ
3302 2970 3483 3037 σάρκα
3529 2965 3826 3035 γενόμενος

2238 3065 2489 3137 ἄμωμος.
2517 3061 3034 3128 Καίβασιλεύσει,
3067 3058 3259 3132 φησὶν,
3280 3061 3366 3124 εις
3397 3057 3824 3122 δικαιοσύνην.

2166 3188 2212 3249 C
2244 3158 2454 3229 Καινὴν
2504 3155 2681 3224 λέγων
2728 3152 3012 3225 βασιλείαν
3061 3155 3165 3206 οὐκ
3189 3152 3270 3214 είς
3299 3150 3459 3216 δόξαν
3496 3149 3827 3249 ἀνθρώπων,

2239 3248 2274 3319 ἢ
2309 3248 2410 3321 τὴν
2446 3247 2511 3300 ὲκ
2537 3249 2745 3299 τούτων
2768 3243 2957 3314 τιμὴν,
2978 3240 3095 3296 ἀλλ’
3114 3243 3195 3305 είς
3215 3239 3641 3307 δικαιοσύνην.
3676 3235 3830 3292 Οὕτω

2241 3340 2337 3396 καὶ
2352 3343 2408 3395 οἱ
2440 3339 2729 3409 ἄρχοντες
2764 3333 2934 3391 αὐτοῦ
2990 3332 3449 3406 χρηματίζουσιν,
3480 3332 3583 3386 οὐκ
3623 3330 3831 3402 ἀνθρώο

2243 3449 2361 3485 πων
2389 3430 2645 3494 λαϐόντες
2671 3428 2893 3499 ἀξίωμα
2934 3425 3052 3495 τήν
3093 3424 3315 3496 ἀρχὴν,
3345 3424 3461 3479 ἀλλ’
3491 3426 3571 3489 εἰς
3603 3425 3825 3493 κρίσιν.

2244 3525 2424 3595 Ὅπερ
2470 3523 2743 3588 ἐξέδωκαν
2789 3523 2838 3575 ot
2876 3519 3085 3575 λοιποί’
3110 3517 3634 3589 Καὶᾰρχοντεςεις
3654 3516 3829 3587 κρῖμα

2243 3616 2560 3685 ἄρξουσιν.
2577 3616 2726 3669 Ἀντί
2739 3614 2796 3668 δὲ
2820 3613 2916 3669 τοῦ
2938 3629 2950 3643 ο
2978 3612 3272 3668 Καίέσται
3290 3615 3323 3666 ό
3351 3612 3672 3680 ἄνθρωπος
3694 3612 3829 3682 κρύ-

2242 3724 2407 3763 πτων
2427 3726 2573 3775 τους
2597 3710 2824 3774 λόγους
2858 3704 3071 3772 αὑτοῦ,
3111 3707 3140 3759 ὁ
3171 3703 3493 3777 Σύμμαχος,
3521 3694 3635 3759 Καὶ
3661 3704 3829 3757 ἔσται

2209 3844 2213 3851 .
2244 3801 2433 3872 φησὶν,
2492 3799 2649 3868 ἀνὴρ
2687 3798 2770 3863 ὠς
2828 3795 3152 3867 άποκρυφὴ
3215 3796 3334 3852 ἀπὸ
3356 3794 3708 3865 πνεύματος
3737 3794 3830 3849 καί

2244 3894 2569 3958 λαίλαπος.
2601 3890 2811 3962 Δηλῶν,
2838 3890 2915 3954 ὼς
2946 3892 2980 3945 ό
3007 3888 3311 3956 βασιλεὺς
3335 3888 3477 3962 ἀνὴρ
3504 3888 3662 3942 ἔσται
3694 3888 3829 3941 κατὰ

2246 3988 2409 4057 φύσιν
2439 3986 2700 4057 ὑπάρχων
2729 3984 2883 4049 Θεὸς,
2941 3983 3206 4056 κρύπτων
3243 3982 3410 4037 αὑτοῦ
3442 3983 3544 4053 τὴν
3575 3981 3827 4051 θεότητα.

2245 4080 2358 4133 Καὶ
2400 4079 2631 4142 Ἀκύλας
2660 4077 2719 4131 δέ
2754 4093 2941 4148 φησιν,
2978 4076 3079 4143 Ὠς
3134 4077 3415 4155 κρρπτων
3440 4074 3705 4143 πνεῦμα.
3729 4072 3829 4128 Καὶ

2248 4170 2569 4240 ἀποκρυφὴ
2616 4168 3067 4238 ἐντινάγματος.
3102 4166 3264 4220 Κατὰ
3290 4166 3347 4220 δὲ
3382 4166 3511 4229 τοὺς
3571 4163 3830 4234 Ἐϐδομὴ-

2248 4280 2436 4326 κοντα,
2469 4262 2657 4332 ἐπειδὴ
2692 4260 2871 4314 πάντα
2926 4260 3110 4315 ἐλάλει
3159 4262 3220 4313 ὲν
3252 4259 3614 4330 παραϐολαῖς,
3645 4258 3705 4321 ὃς
3742 4258 3830 4311 καὶ

2247 4355 2398 4422 λέγει
2419 4354 2571 4425 παρὰ
2593 4353 2779 4406 Δαϐίδ·
2811 4370 2830 4404 ι
2870 4351 3094 4419 Ἀνοίξω
3122 4352 3182 4404 ὲν
3202 4349 3540 4422 παραϐολαῖς
3566 4350 3632 4403 τὸ
3660 4349 3828 4417 στόμα

2255 4464 2415 4517 μου.»
2436 4448 2533 4510 Ἀς
2562 4446 2685 4499 κατ’
2711 4443 2847 4498 ἰδίαν
2877 4446 2992 4507 τοῖς
3028 4442 3300 4514 μαθηταῖς
3323 4441 3697 4512 ἐξηγούμενος
3718 4440 3829 4493 ἔλε-

561 4530 617 4584 in
662 4528 948 4599 parabolis
997 4526 1141 4583 idem
1185 4528 1534 4598 loqueretur,
1566 4528 1660 4598 qui
1705 4528 1850 4598 apud
1885 4526 2134 4583 Davidem

2250 4555 2365 4607 γενο
2381 4558 2399 4590 ι
2420 4539 2581 4608 Ὑμῖν
2601 4536 2810 4589 δέδοται
2832 4534 3057 4603 γνῶναι.
3074 4534 3215 4588 »Καὶ
3238 4533 3631 4602 κρυϐήσεται,
3648 4532 3825 4602 φησιν,

562 4620 618 4675 ἰη
654 4621 930 4691 parabolis
961 4636 1025 4677 os
1053 4636 1215 4676 suum
1256 4628 1578 4691 aperturum
1618 4636 1678 4676 se
1716 4621 1859 4675 dixit
1882 4621 1961 4687 ⁸¹;
2004 4637 2134 4689 quas

2239 4632 2321 4699 ὠς
2357 4631 2457 4700 ἀφ’
2486 4630 2704 4695 ὕδατος
2763 4625 3118 4697 φερομένου.
3157 4636 3185 4676 P
3215 4625 3460 4694 Πλῆθος
3505 4626 3621 4694 γὰρ
3660 4624 3825 4693 φερό-

562 4719 748 4767 tamen
800 4713 1032 4782 privatis
1076 4712 1629 4783 interpretationibus
1662 4712 1953 4783 discipulis
1987 4712 2143 4783 igno-

564 4814 648 4860 tas
675 4819 799 4860 csse
834 4805 1031 4860 noluit.
1060 4805 1129 4859 Et
1159 4805 1529 4869 abscondetur,
1575 4804 1675 4870 ait,
1703 4804 1858 4875 quasi
1886 4804 1952 4857 ab
1983 4820 2144 4874 aqua,

560 4912 678 4965 qua:
703 4895 894 4967 fertur.
931 4901 1084 4968 Aqua
1112 4899 1251 4953 enim
1267 4908 1369 4964 est,
1402 4900 1731 4969 antefertur,
1768 4907 1823 4954 et
1850 4900 2014 4969 perit,
2043 4896 2146 4953 Ju-

561 4988 756 5045 daicus
786 4989 903 5060 ipse
931 4993 1187 5061 p0pulus.
1218 4989 1282 5045 Et
1301 5006 1365 5046 ex
1395 4990 1482 5045 his
1504 5005 1598 5047 eos
1621 4991 1809 5058 etiam,
1827 4991 1922 5062 qui
1950 4990 2145 5047 adver-

560 5099 683 5139 sum
738 5099 800 5139 se
849 5084 1127 5153 coierant,
1179 5099 1305 5140 cum
1354 5084 1601 5140 nondum
1655 5085 1766 5155 pati
1821 5086 2141 5151 statuisset,

560 5176 697 5232 nihil
740 5174 1062 5247 profuturas
1108 5177 1437 5233 tcntationes
1482 5178 1735 5232 vocabat.
1786 5176 1974 5247 Itaque
2014 5192 2141 5232 cum

558 5268 710 5325 saxis
767 5276 1064 5340 peteretur,
1108 5268 1163 5324 id
1216 5271 1394 5341 ipsum
1451 5269 1611 5324 nihili
1661 5268 1871 5325 faciens
1922 5269 2137 5326 medios

558 5364 930 5435 pertransibat
962 5363 1167 5423 illasus
1196 5364 1263 5418 ".
1313 5364 1453 5420 Hinc
1491 5363 1584 5419 illa
1628 5363 1849 5420 Davidis
1879 5381 1895 5419 :
1933 5382 1953 5416 ι
1990 5360 2136 5420 Nihil

630 5521 679 5554 ³⁸
709 5519 845 5576 Luc.
870 5536 925 5586 ι,
958 5519 1048 5575 24.

2237 4738 2426 4792 μενον
2478 4722 2573 4774 καὶ
2612 4718 3010 4790 ἀπολλύμενον,
3061 4719 3120 4772 τὸ
3178 4717 3384 4788 πλῆθος
3412 4716 3506 4770 τοῦ
3562 4715 3826 4769 Ἰουδαίων

2244 4812 2397 4867 λαοῦ.
2435 4813 2543 4865 Καὶ
2566 4811 2691 4874 τοὺς
2726 4810 2786 4874 ἐξ
2849 4810 3031 4864 αὐτῶν
3063 4810 3496 4881 συνισταμένους
3529 4808 3703 4879 αὐτῷ,
3728 4826 3824 4860 κα-

2244 4906 2328 4959 λεῖ
2350 4915 2380 4957 ει
2416 4904 2761 4977 πειρασμοὺς
2789 4904 2941 4957 οὐδὲν
2980 4902 3352 4972 ὠφελοῦντας,
3381 4902 3471 4955 ὅτε
3507 4903 3583 4973 μὴ
3610 4905 3824 4969 πάσχειν

2246 4996 2525 5068 ἠϐούλετο.
2554 4994 2858 5067 Τοιγαροῦν
2882 4995 3062 5057 λίθους
3099 4994 3426 5066 βαλλόντων,
3457 4995 3666 5057 αὐτοὺς
3702 4996 3824 5045 ἑπο-

2249 5088 2439 5159 ρεύετο
2458 5089 2546 5143 διὰ
2575 5087 2742 5159 μέσου
2774 5087 2981 5150 αὐτῶν,
3015 5088 3113 5140 καὶ
3150 5086 3403 5157 παρῆγεν
3433 5084 3635 5148 οὕτως.
3678 5082 3824 5136 Τοῦτ’

2245 5180 2362 5234 ἐστι
2422 5178 2725 5253 φροντίζων
2780 5178 2954 5233 οὐδέν.
3005 5178 3097 5231 Διό
3141 5194 3308 5249 φησιν
3353 5180 3382 5232 ὁ
3431 5176 3619 5239 Δαείδο
3658 5196 3676 5228 ι
3712 5175 3823 5228 Οὐκ

2246 5272 2520 5345 ὠφελήσει
2548 5273 2641 5345 ὲχθ
2652 5273 2742 5343 ρὸς
2772 5274 2830 5325 ὲν
2862 5269 3143 5341 αὺτῴ,καὶ
3174 5272 3292 5335 υίὸς
3320 5270 3554 5343 ἀνομίας
3578 5270 3641 5324 ού
3664 5283 3821 5338 προσ-

2244 5366 2401 5438 θήσει
2458 5365 2553 5421 τοῦ
2606 5366 2861 5422 κακῶσαι
2919 5366 3102 5421 αὐτόν.
3139 5384 3158 5419 ι
3197 5363 3365 5422 Ὅθεν
3400 5374 3422 5403 τ
3459 5364 3519 5432 ἐξ
3565 5360 3820 5417 Ἰουδαίων

1124 5518 1167 5552 ³¹
1199 5516 1347 5574 Psal.
1379 5531 1585 5582 Luvu,
1618 5514 1675 5570 2.
1755 5516 1801 5548 ³¹
1831 5515 1990 5573 Joan.
2022 5534 2142 5583 vm,
2176 5517 2262 5572 59.

1868 5631 2101 5688 VARIA‘I
2143 5630 2546 5690 LECTIONES.

637 5732 668 5765 ⁸
696 5744 787 5799 π).
814 5727 915 5801 τῷ.
991 5737 1019 5779 P
1039 5745 1131 5798 γρ,
1164 5727 1334 5800 ὕδωρ.
1412 5736 1441 5777 οι
1472 5726 1556 5780 ισ.
1583 5728 1786 5782 ἐκάλει.
1869 5735 1889 5765 τ
1920 5729 2083 5780 λείπ.
2121 5725 2208 5779 ισ.
2238 5728 2483 5791 καὶτοῖς.
