3978 6374
201 345 334 408 2277

1327 344 1861 406 COMMENTARII
1897 344 1977 405 IN
2025 344 2219 404 [SAlA
2233 345 2308 404 Μ.

3324 349 3467 414 2278

197 455 570 524 ἀποκρύπτων
613 454 742 519 τοὺς
801 453 1012 524 λόγους,
1058 455 1168 516 τοῖς
1201 455 1476 524 μαθηταῖς
1505 455 1772 508 ἀπεκάλυ-

1891 453 2140 523 proﬁciet
2193 454 2452 509 inimicus
2501 454 2554 509 in
2593 469 2679 520 eo,
2712 464 2767 511 et
2818 457 2963 513 lilius
3006 458 3318 527 iniquitatis
3359 480 3468 519 non

193 567 350 603 πτεν.
390 551 456 603 '0
479 548 630 619 δηλοῖ
653 549 849 616 λέγων,
886 547 995 604 Kal
1023 547 1359 618 φανήσεται
1384 549 1454 602 ἐν
1483 548 1654 613 Σιὼν,
1705 549 1785 615 ὠς

193 640 466 709 ποταμὸς
495 640 826 709 φερόμενος
867 639 1123 707 ἔνδοξος
1150 640 1219 694 ἐν
1250 641 1329 710 τῇ
1379 641 1640 710 διψώσῃ.
1672 641 1786 712 Τὴν

189 736 366 798 Σιὼν,
394 736 496 806 τὴν
535 735 595 799 ἐξ
626 735 795 789 ἐθνῶν
834 735 1184 807 Ἐκκλησίαν,
1212 735 1329 805 γῆν
1349 735 1629 805 διψῶσαν
1653 735 1784 791 ἐκάε-

189 829 247 881 λε
259 845 368 893 τεν,
394 829 517 898 ἥτις
534 823 604 899 ἦν
633 827 802 881 πάλαι
827 827 1035 899 ἔρημος
1062 829 1158 881 καὶ
1182 827 1416 898 διψῶσα,
1453 829 1735 902 καὶταύτῃ
1756 836 1777 863 ⁸

189 921 416 989 γέγονεν
448 921 510 974 οὐ
567 920 837 991 ποταμὸς
878 922 1086 986 ἁπλῶς,
1143 921 1260 975 ἀλλ’
1304 921 1579 988 ἔνδοξος.
1630 923 1782 976 Ἐιιελ¹

189 1015 377 1068 πολλοὶ
417 1014 694 1084 ποταμοὶ,
737 1014 880 1068 κατὰ
935 1013 1034 1086 τὴν
1076 1015 1321 1086 Γραφὴν,
1378 1015 1778 1086 ἐχρημάτισαν.

195 1107 286 1170 '0;
318 1109 368 1160 οἱ
395 1108 522 1170 τοὺς
549 1106 968 1178 διδασκομένους
1015 1107 1334 1172 ποτίζοντες
1364 1108 1532 1176 ἇγιοι,
1556 1108 1686 1180 περὶ
1707 1101 1783 1162 ὧν

184 1213 357 1267 φησιν
394 1199 453 1249 ἐν
489 1197 743 1268 Ψαλμοῖς
771 1213 785 1228 ·
828 1215 847 1249 ι
893 1197 1138 1270 Ἐπῆραν
1190 1199 1239 1252 οἱ
1276 1199 1538 1269 ποταμοὶ,
1567 1199 1778 1269 Κύριε,

181 1291 404 1360 ἐπῆραν
437 1292 485 1344 οἱ
514 1291 752 1360 ποταμοὶ
784 1294 966 1360 φωνὰς
999 1291 1205 1348 αὐτῶν.
1235 1313 1252 1344 ι
1301 1293 1651 1361 Ἐξάκουστοι
1679 1293 1777 1364 μὲν

181 1386 295 1450 γὰρ
348 1383 404 1436 αἱ
457 1383 569 1436 τῶν
618 1385 937 1438 ἀποστόλων
977 1387 1176 1454 φωναί.
1221 1385 1362 1439 Ἀλλ’
1390 1386 1566 1449 οὐδεὶς
1600 1385 1775 1448 οὕτως

179 1472 458 1539 ἔνδοξος,
489 1473 566 1535 ώς
593 1475 620 1526 ὁ
646 1476 987 1548 χειμάρρους
1035 1477 1136 1546 τῆς
1159 1478 1394 1550 τρυφῆς,
1423 1480 1554 1547 παρ’
1589 1470 1650 1532 οῦ
1679 1476 1775 1530 καὶ

175 1565 226 1618 οἱ
270 1566 456 1618 λοιποὶ
487 1566 558 1618 τὰ
596 1565 715 1620 θεῖα
732 1567 978 1639 δέχονται
1007 1571 1250 1641 νάματα.

1881 555 2123 618 apponet
2158 562 2359 602 nocere
2385 548 2434 602 ei
2467 548 2530 602 ³³.
2575 567 2591 598 ι
2637 550 2776 604 Hinc
2825 551 2954 605 item
3001 567 3290 609 sermones
3334 572 3468 613 suos

1881 639 2085 698 Judacis
2120 641 2429 705 occultans,
2462 641 2751 712 discipulis
2792 643 2955 714 382
2989 647 3205 714 aperire
3237 648 3465 704 solebat.

1880 733 2039 802 Quod
2089 734 2338 802 judicare
2373 733 2588 789 videtur
2633 749 2757 788 cum
2809 738 3175 803 appariturum
3213 739 3268 793 in
3313 740 3464 803 Sion,

1880 825 2017 879 sicut
2047 825 2269 893 ﬂuvium
2307 833 2625 891 currentem,
2668 824 2950 894 inclytum,
2987 827 3040 880 in
3085 838 3226 882 terra
3269 831 3470 884 sitienti

1881 918 2058 985 dixit;
2094 917 2273 974 Sionis
2304 918 2527 973 nomine
2558 917 2850 972 conﬂatam
2878 935 2946 974 ex
2983 923 3241 990 gentibus
3273 923 3467 978 Eccle-

1880 1013 2018 1069 siam
2073 1013 2334 1079 innuens,
2371 1026 2492 1083 qua:
2539 1020 2680 1066 terra
2727 1013 2910 1067 sitiens
2957 1015 3121 1068 etiam
3171 1018 3465 1086 appellata,

1879 1104 2098 1161 deserta
2125 1104 2404 1174 quondam
2431 1112 2484 1160 et
2510 1104 2687 1167 arida,
2710 1095 2964 1173 jam-non
2998 1108 3187 1175 ﬂuvius
3215 1110 3464 1178 quilibet,

1880 1197 1975 1254 sed
2009 1198 2238 1268 inclytus
2272 1198 2469 1252 evasit.
2503 1196 2706 1252 Multos
2752 1197 2898 1251 enim
2942 1199 2995 1252 in
3043 1199 3328 1270 Scriptura
3363 1221 3464 1257 vo-

1881 1284 1996 1340 cari
2037 1285 2224 1354 ﬂuvios
2275 1286 2520 1355 reperias
2557 1303 2573 1338 ;
2605 1286 2798 1355 quales
2855 1284 3079 1342 fuerunt
3125 1292 3324 1355 sancti,
3371 1293 3465 1362 qui

1883 1378 2216 1434 discentium
2252 1377 2342 1432 siti
2382 1377 2562 1433 levare
2596 1387 2866 1433 conantes
2908 1381 2994 1434 his
3031 1380 3252 1436 Davidis
3283 1384 3466 1440 verbis

1877 1471 2200 1542 judicantnr
2235 1487 2249 1524 :
2293 1487 2312 1520 ι
2368 1468 2734 1524 Elevaverunt
2784 1469 3031 1534 ﬂumina,
3071 1471 3318 1538 Domine,
3352 1476 3467 1530 ele-

1880 1570 2148 1618 vaverunt
2173 1560 2396 1615 ﬂumina
2422 1577 2613 1616 vocem
2643 1577 2799 1616 suam
2833 1561 2897 1616 ³⁵.
2932 1582 2952 1616 ι
2989 1562 3164 1617 Clarae
3193 1564 3462 1634 siquidem

178 1661 408 1715 filerunt
447 1669 500 1715 et
539 1661 607 1715 ad
652 1662 986 1718 audiendum
1019 1663 1209 1721 faciles
1245 1663 1622 1734 apostolorum
1662 1675 1875 1717 voces:
1909 1658 2006 1715 sed
2048 1657 2234 1713 nullus
2280 1655 2417 1712 adeo
2464 1654 2568 1710 fuit
2638 1654 2889 1725 inclytus,
2960 1663 3125 1728 atque
3190 1657 3305 1729 ipse
3372 1659 3464 1716 de-

175 1753 440 1807 liciarum
473 1760 711 1818 torrens,
749 1768 819 1808 ex
853 1768 963 1825 quo
1000 1755 1184 1810 caeteri
1230 1755 1397 1810 etiam
1431 1753 1650 1810 divinos
1684 1753 1876 1809 latices
1908 1750 2195 1806 hauriunt.

243 1909 357 1965 Kal
395 1911 508 1965 οὐκ
539 1909 624 1964 ἔτι
644 1909 891 1964 ἔσονται
927 1911 1283 1978 πεποιθότες
1309 1911 1380 1965 ἐν
1409 1909 1768 1981 ἀνθρώποις.

1948 1903 2210 1975 Sequitur
2245 1919 2260 1960 :
2297 1902 2368 1958 Et
2417 1921 2522 1959 non
2569 1915 2725 1960 erunt
2767 1907 2996 1976 amplius
3039 1909 3362 1978 conﬁdentes
3408 1912 3463 1966 in

183 2004 332 2056 Ἀνθ’
364 1998 450 2068 οῦ,
484 2005 617 2075 φησὶ
642 2003 971 2075 Σύμμαχος·
1003 2005 1125 2060 Οὐκ
1153 2005 1690 2074 ἀμαυρωθήσονται
1717 2007 1772 2060 ol

171 2097 481 2167 ὀφθαλμοὶ
522 2095 722 2151 αὐτῶν
748 2115 760 2129 ·
802 2098 1151 2169 διορατικοὺς
1190 2099 1365 2170 δηλῶν
1389 2101 1517 2164 τοὺς
1545 2101 1603 2153 ὲν
1645 2101 1772 2153 Ἐκ-

171 2187 383 2256 κλησίᾳ
418 2187 676 2251 νοοῦντας
711 2187 896 2261 καλῷς
944 2187 1037 2241 τὸν
1077 2189 1302 2259 ἐμφανῆ
1346 2190 1640 2261 γενόμενον
1683 2193 1776 2245 αὐ-

168 2280 290 2341 τοῖς
315 2278 586 2349 ποταμὸν,
613 2280 743 2349 περὶ
769 2258 1018 2350 οὗθφησιν
1041 2297 1056 2310 ο
1096 2258 1118 2332 «⁷
1162 2258 1219 2334 Ὅ
1245 2258 1494 2352 ποταμὸς
1515 2283 1611 2335 τοῦ
1635 2282 1773 2336 Θεοῦ

169 2369 478 2442 ἐπληρώθη
521 2370 751 2424 ὑδάτων.
782 2389 800 2422 ι
841 2370 978 2424 Καί·
1026 2389 1044 2423 ι
1078 2371 1185 2425 Τοῦ
1218 2373 1466 2448 ποταμοῦ
1502 2374 1572 2428 τὰ
1601 2375 1776 2446 ὁρμή-

173 2481 333 2534 ματα
371 2464 729 2535 εὐφραίνουσι
755 2463 853 2535 τὴν
878 2463 1035 2518 πόλιν
1068 2465 1162 2518 τοῦ
1181 2465 1340 2521 Θεοῦ.
1375 2486 1394 2518 ›
1427 2466 1655 2535 Ἔλεγέν
1687 2483 1769 2520 τε·

174 2576 191 2607 ι
228 2558 338 2621 ⁸·ος
372 2556 439 2610 ἂν
469 2558 574 2630 πίῃ
617 2560 682 2610 ἐκ
735 2555 830 2609 τοῦ
884 2554 1074 2620 ὓδατος
1099 2551 1159 2611 οὗ
1190 2557 1302 2626 ἐγὼ
1341 2557 1498 2611 δώσω
1533 2557 1703 2629 αὐτῷ,
1749 2576 1767 2609 ι

168 2649 274 2701 καὶ
322 2648 396 2702 τά
463 2648 604 2720 μετὰ
653 2649 848 2704 ταῦτα.
887 2649 1048 2705 Κατὰ
1091 2650 1147 2703 δὲ
1182 2651 1310 2714 τοὺς
1369 2649 1775 2722 Ἐόδομήκοντα

167 2743 425 2812 νοητέον,
456 2745 531 2808 ώς
556 2745 652 2799 καὶ
675 2745 878 2800 ἐθνικοὶ
895 2746 992 2800 καὶ
1011 2746 1251 2801 Ἰουδαῖοι
1271 2747 1535 2818 πρότερον
1556 2748 1649 2802 ἐπ’
1665 2748 1774 2802 ἀν-

167 2836 460 2903 ϐρώπους
485 2837 895 2893 ἐπεποίθεσαν
918 2857 932 2871 ο
961 2841 1010 2892 οἱ
1041 2840 1161 2910 μὲν,
1199 2840 1326 2902 τοὺς
1355 2839 1486 2911 περὶ
1515 2839 1654 2893 θεῶν
1679 2842 1774 2895 καὶ

167 2929 455 2994 δαιμόνων
471 2930 824 2996 διδάσκοντας
843 2948 856 2962 °
884 2933 932 2985 οἱ
980 2932 1058 2997 δὲ,
1095 2934 1220 2996 τοὺς
1249 2932 1564 3004 ἐντάλματα
1595 2951 1772 3005 παρα-

167 3022 424 3086 διδόντας
438 3022 765 3094 ἀνθρώπων.
797 3025 988 3095 ’ᾨοντο
1007 3025 1116 3096 γάρ
1142 3024 1309 3096 μηδὲν
1330 3025 1438 3078 τῶν
1489 3026 1620 3096 περὶ
1677 3026 1771 3080 τοῦ

170 3116 241 3167 Θε
255 3115 340 3168 ίου
388 3116 587 3185 σοφοὺς
634 3116 794 3179 ὄντας
825 3116 1110 3170 λανθάνειν
1127 3115 1346 3179 αὐτούς.
1393 3117 1554 3170 Ἀλλὰ
1569 3118 1772 3171 τούτων

169 3208 528 3271 ἀποστάντες
551 3209 931 3278 Προσέξουσι
955 3210 1027 3265 τὰ
1052 3211 1172 3263 ὦτα
1197 3209 1316 3264 τῶν
1369 3213 1476 3266 τοῦ
1498 3213 1770 3282 Σωτῆρος

171 3300 526 3369 ἀκροᾶσθαι
555 3300 862 3370 ῥημάτων.
931 3303 1041 3356 Καὶ
1068 3303 1101 3374 ή
1150 3303 1281 3374 πρὶν
1308 3303 1610 3360 ὰσθενοῦσα
1632 3324 1767 3375 καρ-

170 3393 260 3445 δία
319 3391 799 3465 συνετισθήσεται.
847 3392 1147 3466 Σύμμαχος
1191 3397 1300 3469 γὰρ
1348 3398 1610 3465 ἐξέδωκε·
1663 3399 1771 3452 Kal

173 3486 211 3552 ὴ
234 3484 467 3554 καρδία
487 3483 606 3538 τῶν
624 3485 972 3540 ἀκουόντων
1025 3489 1308 3556 προσέξει
1362 3491 1468 3544 τοῦ
1505 3490 1770 3546 ἀκούειν.

185 3577 340 3629 Ἀντὶ
383 3576 442 3629 δὲ
475 3575 569 3629 τοῦ
594 3576 810 3630 λαλεῖν
840 3578 1115 3647 εἰρήνην,
1142 3580 1355 3634 λαλεῖν
1381 3581 1587 3650 sparti.
1619 3584 1772 3636 Ψελ-

171 3668 472 3732 λιζούσας
526 3668 584 3721 δὲ
631 3669 917 3738 γλώσσας
972 3671 1128 3741 φησὶ,
1174 3671 1275 3734 τὰς
1319 3671 1426 3724 τῶν
1455 3673 1584 3742 περὶ
1636 3671 1772 3725 Θεοῦ

171 3758 452 3812 νοούντων
487 3758 846 3830 ἢλαλούντων
861 3761 1039 3828 οὐδὲν,
1068 3759 1266 3827 οἵτινες
1319 3761 1544 3833 ὕστερον
1569 3761 1773 3833 ἔμαθον

170 3849 436 3918 εἰρήνην
458 3850 695 3918 λαλεῖν,
729 3851 875 3906 τοῦτ’
929 3853 1046 3906 ἔστι
1089 3853 1347 3924 Χριστόν.
1390 3871 1409 3906 ι
1450 3854 1626 3916 Αὐτὸς
1663 3853 1772 3925 γάρ

171 3946 325 3997 ἐστιν
351 3945 385 4014 ἡ
404 3945 600 4015 εἰρήνη
628 3945 808 4015 ἡμῶν,
842 3963 862 3997 ι
898 3945 960 4010 ἐξ
988 3939 1050 4000 οὗ
1083 3949 1270 4015 τρανὰ
1302 3946 1610 4002 λαλοῦσιν
1630 3945 1772 3999 ἐθνιο

174 4039 260 4090 uol.
298 4037 426 4106 μὲν,
452 4037 763 4105 ἐγνωκότες
793 4037 949 4093 Θεόν·
1003 4039 1248 4092 Ἰουδαῖοι
1292 4039 1370 4105 δὲ,
1428 4039 1770 4108 παυσάμενοι

171 4133 273 4200 τῆς
315 4130 415 4183 τοῦ
452 4130 617 4200 νόμου
652 4133 829 4194 σκιᾶς,
851 4134 944 4184 καὶ
966 4130 1075 4184 τῶν
1093 4131 1366 4202 περιττῶν
1395 4131 1765 4203 ἐνταλμάτων.

171 4226 280 4280 Kal
317 4226 436 4278 οὐκ
481 4223 570 4276 ἔτι
621 4223 708 4293 μὴ
735 4224 950 4278 εἴπωσι
1003 4222 1086 4288 τῷ
1131 4224 1306 4293 μωρῷ
1353 4223 1598 4292 ἄρχειν-ο
1633 4225 1770 4293 ὅπερ

171 4315 401 4369 ἐποίουν
439 4315 708 4386 πρότερον
745 4316 966 4384 μωροῖς
1001 4315 1341 4380 διδασκάλοις
1389 4317 1617 4379 ἑαυτοὺς
1646 4317 1771 4368 ἐπι-

170 4411 501 4477 τρέποντες,
562 4409 674 4470 τοῖς
727 4410 912 4476 σοφοῖς
971 4407 1066 4462 τοῦ
1153 4407 1348 4470 αἰῶνος
1407 4409 1628 4470 τοᾷτου,
1693 4398 1768 4460 ὧν

167 4501 486 4570 ἐμώρανεν
512 4503 540 4554 ὁ
568 4500 698 4564 Θεὸς
729 4500 827 4570 τὴν
884 4499 1098 4569 σοφίαν.
1144 4499 1390 4552 Τοιοῦτοι
1422 4499 1479 4552 δὲ
1509 4495 1650 4570 ἦσαν
1673 4498 1768 4552 καὶ

1874 1997 2214 2061 hominibus;
2245 2011 2347 2068 pro
2376 1997 2579 2067 quibus
2612 1997 2976 2070 Symmachus
3006 2020 3019 2056 :
3051 2001 3176 2057 Non
3207 2003 3463 2058 obscura-

1874 2091 2075 2144 buntur
2113 2091 2253 2144 oculi
2285 2103 2488 2157 eorum,
2524 2100 2584 2146 ut
2621 2093 2969 2162 perspicaces
3006 2094 3133 2150 illos
3159 2096 3461 2166 judicaret,

1872 2184 1965 2255 qui
2001 2185 2056 2238 in
2085 2184 2333 2239 Ecclesia
2365 2185 2436 2239 de
2469 2185 2764 2241 manifesto
2793 2186 2874 2242 eis
2902 2186 3069 2241 ﬂuvio
3105 2196 3256 2245 recte
3289 2193 3462 2245 senti-

1872 2283 2026 2343 rent;
2075 2275 2142 2331 de
2193 2291 2301 2348 quo
2351 2279 2478 2332 ait:
2541 2295 2560 2328 ‹
2618 2275 2846 2333 Flumen
2905 2279 2998 2336 Dei
3052 2282 3320 2350 repletum
3379 2293 3464 2338 est

1873 2367 2034 2436 aquis
2065 2366 2132 2420 ³⁵.
2174 2386 2193 2420 ι
2235 2368 2300 2422 Ει
2341 2385 2353 2420 :
2394 2388 2414 2420 ‹
2451 2366 2724 2424 Fluminis
2760 2369 2998 2439 impetus
3033 2371 3275 2427 laetiﬁcat
3323 2375 3461 2427 civi-

1873 2467 2041 2516 tatem
2098 2459 2190 2516 Dei
2222 2461 2287 2517 ⁸⁸.
2327 2480 2346 2513 ι
2399 2460 2644 2532 Denique
2688 2481 2701 2515 :
2759 2480 2779 2514 ‹
2823 2463 2926 2530 Qui
2982 2464 3180 2520 biberit
3225 2481 3460 2535 aquam,

1873 2568 2039 2624 quam
2067 2569 2172 2623 ego
2197 2554 2340 2608 dabo
2366 2557 2418 2609 ei
2455 2554 2522 2620 ³⁷,
2561 2573 2580 2606 ι
2625 2565 2680 2610 et
2710 2569 2832 2625 qua:
2860 2568 3186 2626 sequuntur.
3222 2557 3378 2626 Quod
3412 2560 3460 2616 si

1872 2647 1936 2700 ad
1974 2649 2309 2717 interpretes
2347 2647 2711 2718 Septuaginta
2752 2649 3009 2718 respicis,
3048 2658 3103 2704 et
3150 2661 3366 2721 gentes,
3406 2661 3462 2708 et

1869 2735 2093 2794 Iudaeos
2155 2739 2310 2808 prius
2360 2740 2417 2793 in
2466 2739 2768 2794 hominibus
2823 2739 3105 2809 conﬁdisse
3170 2745 3456 2812 reperias;

1871 2831 1997 2886 illas
2041 2830 2287 2900 quidem,
2323 2831 2454 2901 quia
2503 2833 2729 2886 deorum
2780 2840 2836 2887 et
2887 2832 3198 2888 daemonum
3249 2836 3460 2892 cultum

1872 2922 2110 2992 amplexi
2142 2930 2292 2987 sunt,
2321 2923 2460 2979 istos
2490 2930 2696 2988 autem,
2721 2924 2847 2992 quia
2879 2927 3134 2980 mandata
3171 2927 3458 2985 hominum

1872 3017 2046 3070 secuti
2082 3023 2214 3070 sunt
2247 3032 2261 3069 :
2293 3031 2418 3069 cum
2448 3030 2528 3080 se,
2559 3015 2650 3085 qui
2683 3016 3008 3086 sapientiam
3047 3019 3457 3090 proﬁterentur,

1872 3106 2007 3161 nihil
2061 3106 2208 3177 quod
2256 3105 2350 3161 Dei
2396 3115 2562 3172 esset,
2607 3107 2776 3162 latere
2818 3123 2982 3178 posse
3029 3110 3456 3170 arbitrarentur.

1879 3199 2078 3255 Verum
2120 3199 2204 3253 his
2239 3199 2448 3254 relictis
2500 3216 2655 3254 aures
2701 3217 2827 3255 suas
2871 3201 3074 3255 dabunt
3121 3204 3190 3257 ad
3234 3207 3459 3261 audien-

1877 3291 2006 3344 dum
2033 3289 2186 3344 verba
2223 3287 2540 3344 Saluatoris.
2575 3289 2640 3344 Et
2681 3291 2827 3360 quod
2865 3293 3019 3361 prius
3050 3294 3329 3350 inﬁrmum
3361 3313 3461 3352 cor

1877 3384 2079 3448 fuerat,
2108 3381 2470 3453 intelligentia
2505 3382 2879 3438 roborabitur.
2907 3383 2980 3438 lta
3015 3386 3160 3440 enim
3200 3387 3455 3459 Symma-

1875 3477 2013 3533 chus
2047 3494 2060 3531 :
2096 3475 2165 3529 Et
2213 3493 2304 3531 cor
2347 3476 2678 3530 audientium
2731 3478 2960 3532 attendet
3002 3480 3070 3532 ad
3101 3481 3457 3548 audiendum;

1875 3579 1928 3626 et
1965 3586 2064 3639 pro
2100 3571 2244 3640 loqui
2277 3586 2456 3638 pacem
2495 3570 2639 3635 loqui
2670 3569 2868 3624 diserta
2899 3571 3314 3643 interpretatur.
3351 3577 3457 3631 De-

1876 3664 2005 3718 inde
2053 3663 2318 3717 balbutire
2360 3680 2544 3717 corum
2593 3664 2800 3734 linguas
2836 3663 2990 3730 dicit,
3027 3666 3121 3735 qui
3163 3682 3288 3721 cum
3319 3668 3457 3723 nihil

1873 3754 1942 3809 de
1978 3753 2086 3809 Deo
2124 3755 2212 3808 vel
2253 3753 2530 3823 cogitare,
2577 3753 2660 3808 vel
2713 3753 2898 3808 dicere
2944 3756 3224 3822 valerent,
3273 3774 3455 3826 pacem

1874 3853 2056 3900 tamen
2106 3855 2318 3914 postea,
2357 3844 2408 3898 id
2454 3857 2538 3900 est
2581 3845 2864 3900 Christum
2916 3847 3062 3918 loqui
3092 3849 3449 3907 didicerunt:

1881 3956 1898 3990 ι
1936 3940 2059 4008 Ipse
2080 3939 2226 3992 enim
2253 3947 2337 3992 est
2368 3952 2471 4007 pax
2502 3946 2690 3992 nostra
2714 3938 2789 4004 '3;
2822 3957 2840 3991 ι
2869 3954 2966 4009 per
2990 3956 3151 4010 quem
3183 3950 3237 3997 et
3261 3954 3453 4013 gentes

1873 4032 2025 4101 ipsae,
2059 4047 2124 4085 ex
2159 4047 2270 4101 quo
2305 4029 2399 4085 Dei
2442 4031 2811 4100 cognitionem
2847 4031 3060 4103 adepta:
3093 4034 3254 4105 383
3286 4047 3450 4102 sunt;

1871 4133 1926 4179 et
1959 4122 2132 4177 Judaei
2165 4124 2354 4189 etiam,
2388 4139 2453 4177 ex
2487 4139 2598 4193 quo
2633 4124 2767 4195 legis
2803 4128 3052 4180 umbram
3084 4136 3137 4181 et
3173 4129 3447 4197 superﬂua

1872 4213 2129 4269 mandata
2179 4215 2544 4283 reliquerunt,
2582 4214 2785 4269 diserta
2815 4223 2869 4271 et
2913 4225 3104 4286 aperta
3136 4217 3446 4288 loquuntur.

1871 4305 1942 4359 Et
1972 4323 2076 4360 non
2107 4307 2336 4376 amplius
2368 4307 2543 4360 dicent
2575 4308 2761 4371 stulto,
2805 4317 2862 4361 ut
2896 4311 3133 4376 princeps
3163 4311 3271 4375 sit;
3300 4313 3444 4380 quod

1869 4399 2026 4469 prius
2059 4396 2241 4454 faccre
2270 4407 2427 4452 erant
2458 4399 2630 4464 soliti,
2671 4414 2795 4453 cum
2829 4401 3005 4455 stultis
3041 4416 3100 4455 se
3142 4404 3442 4472 magistris,

1868 4500 1923 4544 et
1971 4489 2156 4545 saeculi
2209 4490 2375 4556 hujus
2430 4490 2778 4560 sapientibus
2824 4491 3112 4546 crederent
3146 4509 3158 4522 ·
3205 4508 3440 4562 quorum

166 4595 216 4645 oi
245 4592 362 4645 τῶν
404 4591 674 4645 Ἰουδαίων
705 4591 1035 4661 καθηγηταὶ,
1071 4589 1264 4644 τὸνδιὰ
1280 4591 1522 4654 Μωσέως
1545 4592 1765 4660 ἐννόμῳ

1874 4584 2016 4641 Deus
2061 4585 2386 4656 sapientiam
2431 4587 2486 4639 in
2532 4585 2822 4640 stultitiam
2863 4587 3136 4640 convertit
3175 4587 3241 4642 ”.
3283 4587 3444 4644 Tales

171 4681 701 4754 σκιαγραφούμενον
738 4685 839 4737 οὐκ
895 4683 1290 4752 ἐπεγνωκότες,
1340 4684 1433 4736 καὶ
1472 4683 1602 4754 περὶ
1637 4685 1764 4746 τοὺς

170 4777 560 4846 προφητικοὺς
606 4776 1024 4845 ἁνοηταίνοντες
1083 4775 1315 4842 λόγους⁸
1369 4775 1418 4828 oi
1461 4774 1518 4828 δὲ
1561 4773 1767 4828 τούτων

165 4868 474 4936 ὑπηρέται
497 4869 622 4931 τοὺς
681 4868 1064 4936 ἀντιλέγοντας
1088 4867 1426 4932 ἀνέστελλον,
1465 4867 1767 4938 λεπτότερα

169 4962 440 5031 συζητεῖν
464 4961 594 5032 περὶ
614 4961 717 5031 τῆς
746 4961 1011 5031 ἀληθείας
1033 4963 1136 5014 οὐκ
1175 4961 1582 5032 ἐπιτρέποντες,
1613 4965 1767 5017 ἀναν·

165 5053 480 5124 τιρρήτους
509 5047 652 5105 εἶναι
710 5051 1098 5122 μηχανώμενοι
1140 5051 1240 5115 τὰς
1284 5051 1510 5105 ἐκείνων
1548 5050 1760 5120 φωνάς⁹

163 5141 246 5204 ὡς
269 5142 370 5194 καὶ
404 5143 519 5205 τοῖς
539 5141 861 5215 Πυθαγόρου
894 5142 1166 5213 μαθηταῖς
1195 5141 1316 5204 ἐθος
1338 5136 1405 5211 ἦν
1426 5141 1509 5206 τὸ,
1548 5161 1566 5192 ι
1593 5141 1767 5205 Αὐτὸς

165 5233 306 5303 ἔφα,
338 5251 357 5285 ι
391 5233 596 5301 λέγειν.
633 5235 746 5288 Καὶ
775 5234 954 5304 ψυχὰς
985 5233 1198 5304 ἐρώσας
1243 5232 1502 5304 ἀληθείας
1538 5233 1600 5286 οὐ
1640 5250 1767 5286 συν-

164 5323 429 5395 εχώρουν
485 5326 702 5395 μαθεῖν.
733 5325 797 5380 El
837 5329 947 5396 γάρ
991 5343 1074 5388 τις
1120 5323 1340 5396 μέτριος
1369 5325 1463 5378 καὶ
1486 5323 1767 5392 ταπεινὸς

255 5505 307 5537 ³⁸
335 5503 480 5560 Psal.
515 5523 779 5566 Lxxxvm.
813 5506 904 5562 25.
1002 5507 1047 5539 “
1081 5505 1227 5562 Psal.
1271 5520 1403 5571 XCII,
1434 5504 1490 5559 2.

169 5578 222 5610 ³⁸
261 5575 465 5647 Ephes.
497 5592 555 5642 ιι,
595 5579 679 5632 14.
757 5578 800 5612 ³⁹
835 5579 851 5633 l
884 5578 1013 5635 Cor.
1035 5592 1075 5642 I.
1109 5577 1199 5633 ΞΟ.

1596 5507 1640 5539 ³⁸
1675 5504 1820 5560 Psal.
1858 5520 2004 5568 LXIV,
2040 5503 2126 5558 10.

1871 4676 2202 4733 exstiterunt
2255 4685 2310 4732 et
2363 4677 2465 4746 ipsi
2518 4675 2833 4732 Judzeorum
2884 4677 3172 4743 doctores;
3228 4682 3322 4752 qui
3379 4701 3444 4738 eo

1869 4769 2141 4841 ignorato,
2166 4770 2309 4841 quod
2355 4771 2408 4824 in
2441 4770 2556 4840 lege
2585 4769 2753 4825 Mosis
2793 4771 3244 4838 adumbrabatur,
3273 4776 3438 4830 etiam

1869 4862 1925 4916 in
1956 4863 2295 4932 pr0pheticis
2334 4861 2519 4918 verbis
2563 4863 2853 4918 stultitiam
2899 4879 3053 4920 suam
3097 4866 3442 4937 prodierunt.

1869 4951 2118 5020 Quorum
2171 4953 2404 5008 ministri
2455 4955 2895 5011 contradicentes
2942 4957 3262 5027 reprimere,
3298 4970 3351 5014 et
3397 4962 3442 5016 si

1870 5045 2019 5116 quod
2047 5046 2297 5101 exactius
2325 5045 2392 5100 de
2420 5045 2652 5101 veritate
2678 5055 3037 5116 quaereretur,
3067 5063 3097 5102 a
3125 5065 3184 5105 se
3209 5066 3442 5121 poscen-

1870 5148 1954 5195 tes
1994 5139 2264 5209 depellere
2292 5138 2438 5194 soliti
2466 5147 2658 5205 erant;
2705 5147 2765 5194 ut
2799 5140 2882 5196 his
2913 5140 3147 5206 artibus,
3185 5158 3307 5212 quae
3337 5145 3440 5213 ipsi

1869 5233 2350 5300 pronuntiassent,
2383 5247 2413 5286 a
2456 5233 2675 5288 nemine
2721 5233 2776 5286 in
2819 5233 3046 5288 dubium
3091 5246 3442 5305 vocarentur;

1868 5339 1978 5380 non
2012 5325 2173 5380 aliter
2207 5339 2372 5396 quam
2415 5322 2734 5398 Pythagora:
2761 5327 3086 5399 discipulos,
3123 5328 3241 5398 ipse
3283 5329 3444 5395 dixit,

2254 5505 2299 5537 “
2385 5503 2698 5572 Psal.u.v,
2748 5505 2800 5560 5.
2901 5505 2945 5540 "
2997 5504 3157 5561 Joan.
3221 5523 3294 5576 Iv,
3359 5509 3444 5563 l5.

1427 5707 1658 5764 VARIAS
1693 5707 2092 5766 LECTIONES.

299 5832 320 5862 ³
347 5841 434 5894 rp.
461 5824 650 5881 τανῦν.
