3978 6374
606 325 747 391 2279

1926 311 2281 374 PROCOPII
2318 307 2564 372 GAZ/EI

3695 309 3806 380 $280

610 446 914 505 usurpasse
963 428 1217 499 legimus.
1271 424 1366 482 Sic
1419 424 1591 495 igitur,
1630 424 1882 479 veritatis
1936 430 2185 479 amantes

2289 416 2588 492 ὀρθδνπερὶ
2640 414 2901 487 ἀληθείας
2952 411 3261 487 προέφερεν
3309 408 3396 464 τὸν
3455 410 3623 482 λόγον,
3664 421 3809 480 τοῦτον

608 530 824 584 animas
852 524 1101 581 eamdem
1142 522 1359 576 discere
1392 534 1500 573 non
1538 518 1947 588 permittebam.
1974 515 2032 571 Si
2066 514 2192 585 quis

2299 510 2780 573 διασκεδαννύντες
2803 508 3093 579 ἠφάνιζον.-

606 624 752 675 enim
799 618 1082 674 modestus
1112 624 1167 669 et.
1195 614 1412 669 Immitis
1446 620 1657 670 rectum
1687 612 1817 684 quid
1851 610 1921 667 de
1952 611 2179 666 veritate
2215 607 2558 677 protulisset,
2593 605 2833 674 idipsum
2907 600 3093 658 statim
3134 596 3457 670 detorqueri
3503 598 3724 673 improbe
3769 615 3812 664 et

504 750 531 774 ι
609 712 872 783 dissipari
912 710 1203 765 curabant.

677 886 921 942 Fortasis
952 894 1134 939 autem
1179 894 1235 939 et
1266 884 1391 953 ipso
1417 881 1701 937 humilium
1740 880 1963 936 nomine
1993 879 2184 935 beatos

607 995 939 1036 arcanarum
972 995 1151 1033 rerum
1185 980 1517 1045 interpretes
1543 975 1886 1046 signiﬁcasse
1911 973 2181 1040 videatur;

607 1089 841 1143 quorum
876 1086 1142 1127 sermones
1178 1070 1553 1140 oppugnabant
1583 1084 1706 1123 cum
1737 1084 1919 1121 eorum
1954 1069 2007 1120 in
2034 1067 2186 1136 judio

604 1169 687 1222 cio
722 1166 874 1220 verba
903 1166 1167 1232 dissipare
1205 1172 1557 1226 conarentur,
1590 1177 1729 1231 quos
1760 1163 1880 1233 pios
1915 1162 2183 1224 nominat,

606 1264 663 1310 et
694 1257 960 1324 sapienter
994 1254 1349 1316 consuluisse,
1376 1268 1681 1324 eorumque
1722 1253 2027 1319 consilium,
2066 1252 2185 1318 illo,

605 1352 749 1419 quod
797 1349 1091 1417 impiorum
1125 1358 1229 1411 est,
1260 1347 1553 1417 dissipato,
1597 1360 2019 1416 permansurum
2050 1344 2188 1415 adji-

606 1444 700 1495 cit.
730 1440 885 1506 Quod
919 1441 966 1496 si
1006 1441 1137 1494 libet
1164 1439 1229 1493 ad
1265 1432 1577 1510 Synunachi
1609 1445 1844 1493 mentem
1878 1436 2181 1507 respicere;

607 1534 858 1588 absoluta
892 1536 944 1587 in
982 1534 1184 1588 Stultos
1216 1533 1494 1602 principes
1522 1534 1862 1595 narratione,
1914 1530 1990 1585 ita
2027 1530 2189 1586 colli-

606 1623 727 1691 git:
775 1622 1028 1691 Princeps
1115 1638 1231 1675 rero
1307 1637 1408 1685 ea,
1499 1637 1615 1692 qua:
1689 1622 1946 1690 principis
2022 1629 2189 1685 sunt,

605 1713 902 1782 cogitabit,
975 1721 1024 1767 et
1082 1711 1194 1765 dux
1271 1712 1524 1782 erigetur.
1595 1710 1763 1765 Duces
1823 1712 1970 1767 enim
2033 1710 2191 1765 nobis

2362 870 2526 941 Λέγοι
2569 870 2616 925 δ’
2642 867 2708 924 ἂν
2731 866 3050 935 ταπεινοὺς
3077 866 3171 922 καὶ
3195 867 3324 922 τοὺς
3351 867 3538 937 ἁγίους
3576 887 3810 943 μυσταγω.

2288 963 2442 1032 γοὺς,
2492 955 2568 1017 ὧν
2592 962 2663 1017 ἐν
2691 963 2897 1032 ,λόγοις
2926 960 3496 1029 κατεστωτεύοντο,
3525 964 3641 1028 τοὺς
3663 967 3711 1017 ὲν
3729 973 3815 1035 apt.

2285 1058 2629 1125 σειλόγους
2678 1053 2879 1109 αὐτῶν
2929 1054 3225 1123 ἀφανίσαι
3276 1053 3693 1119 σπουδάσαντες.
3714 1060 3814 1131 Περὶ

2287 1142 2362 1201 ὧν
2381 1149 2684 1218 ἐπήγαγεν,
2704 1149 2757 1200 οι
2778 1146 2846 1199 δὲ
2865 1144 3134 1211 εὐσεϐεῖς
3156 1145 3385 1199 συνετὰ
3404 1144 3810 1205 ἐϐουλεύσαντο·

2286 1235 2361 1294 ὧν
2386 1240 2477 1292 καὶ
2506 1238 2766 1307 ἡβουλὴ
2811 1237 2964 1308 μένει
3022 1237 3207 1306 πάσης
3253 1236 3488 1301 ἀσεϐοῦς
3520 1245 3815 1312 κατηρτημέ-

2287 1350 2384 1402 νης
2427 1328 2706 1397 βουλῆς.
2741 1330 2896 1384 Κατὰ
2945 1331 3003 1383 δὲ
3050 1329 3142 1383 τὸν
3185 1329 3517 1400 Σύμμαχον·
3563 1333 3690 1401 μετὰ
3744 1338 3815 1406 τὴν

2286 1424 2429 1478 κατὰ
2468 1422 2576 1476 τῶν
2609 1421 2808 1493 μωρῶν
2873 1421 3152 1491 ἀρχόντων
3200 1420 3480 1491 διήγησιν,
3529 1420 3813 1491 ὲπιλέγεται·

2289 1517 2515 1586 Ἄρχων
2542 1515 2611 1568 δὲ
2651 1513 2978 1583 ἀρχοντικὰ
3017 1514 3453 1579 βουλεύσεται,
3489 1513 3586 1566 καί
3628 1515 3818 1584 ἡγεμὼν

2284 1607 2792 1674 ἀναστήσεται.⁹()
2840 1605 2949 1677 γὰρ
2979 1605 3207 1671 δίκαιος
3233 1603 3537 1671 ,βασιλεὺς
3570 1605 3819 1676 ἡγεμόνας

2286 1701 2417 1770 ἡμῖν
2446 1702 2573 1764 τοὺς
2611 1701 2944 1762 ἀποστόλους
2983 1697 3307 1770 δεδώρηται.
3350 1700 3450 1761 Ὃς
3497 1697 3587 1751 καί
3612 1716 3751 1769 φησιν
3777 1704 3819 1755 ὲν

606 1806 886 1873 apostolos
930 1820 1023 1857 rex
1062 1805 1242 1871 iustus
1288 1805 1523 1875 largitus
1570 1812 1677 1870 est,
1708 1803 1803 1874 qui
1850 1804 1907 1858 in
1958 1802 2185 1859 Psalmis

2289 1793 2560 1863 Ψαλμοῖς·
2601 1811 2619 1845 ι
2652 1793 2724 1847 Σὺ
2765 1792 2845 1856 δὲ,
2879 1792 3159 1863 ἄνθρωπε,
3209 1790 3430 1862 ίσόψυχε
3479 1790 3688 1860 ἡγεμών
3722 1810 3817 1862 μου,

604 1894 677 1949 ita
762 1897 1004 1964 loquitur
1066 1914 1079 1950 :

606 1987 714 2039 dux
768 2001 938 2050 meus,
973 1994 1027 2040 et
1073 1995 1236 2040 notus
1290 1999 1443 2039 meus
1482 1985 1550 2041 ⁸⁸.
1588 2002 1609 2032 ι
1664 1982 1823 2039 Nulla
1864 1994 2044 2040 autem
2094 1983 2184 2039 hic

606 2079 833 2132 omnino
873 2079 957 2132 vel
1010 2079 1253 2141 lsraelis,
1289 2079 1376 2132 vel
1411 2076 1629 2142 Jacobi,
1660 2077 1745 2133 vel
1781 2074 1937 2132 Juda:
1981 2077 2185 2131 mentio

608 2169 753 2224 facta
801 2170 974 2240 reperi
1007 2185 1089 2235 ur,
1126 2168 1271 2239 quod
1307 2169 1374 2223 de
1402 2169 1627 2224 Christo
1659 2179 1714 2226 et
1749 2167 2011 2224 Ecclesiae
2051 2184 2186 2238 pra:-

608 2260 767 2315 l‘ectis
798 2276 979 2315 sermo
1025 2261 1357 2327 instituitur,
1389 2260 1444 2314 in
1490 2276 1601 2331 qua
1645 2270 1801 2318 vetus
1834 2260 1966 2316 illud
1998 2268 2054 2317 et
2086 2260 2185 2314 llo-

607 2367 736 2408 rens
793 2353 1079 2408 beatorum
1143 2353 1425 2408 hominum
1490 2367 1713 2424 germen
1774 2352 1987 2409 fructus
2050 2354 2186 2407 adeo

608 2446 803 2500 uberes
827 2446 1021 2511 edidit,
1054 2454 1113 2499 ut
1138 2446 1327 2501 orbem
1356 2446 1676 2503 universum
1708 2460 1810 2502 sua
1842 2444 2183 2501 benedictio-

607 2554 676 2591 ne
727 2538 1043 2607 repleverit.
1094 2536 1274 2608 Atque
1316 2538 1448 2594 hinc
1494 2547 1599 2603 est,
1635 2538 1780 2608 quod
1829 2539 2020 2594 beatos
2064 2537 2185 2594 illos

607 2628 1002 2695 pronuntiavit,
1048 2630 1141 2697 qui
1190 2629 1243 2683 in
1286 2628 1452 2685 Sione
1498 2645 1685 2685 semen
1726 2630 2013 2696 haberent,
2050 2643 2183 2698 pro-

609 2721 801 2788 phetas
844 2722 1128 2787 nimirum,
1159 2721 1405 2778 dicentes
1447 2740 1461 2777 :
1503 2720 1669 2794 384
1704 2739 1723 2773 ι
1761 2720 1874 2777 Nisi
1919 2721 2185 2778 Dominus

608 2815 847 2872 Sabaoth
876 2817 1195 2887 reliquisset
1220 2820 1380 2875 nobis
1401 2835 1611 2884 semen,
1635 2826 1897 2890 tanquam
1921 2817 2179 2883 Sodoma,

607 2920 662 2964 et
690 2908 995 2964 Gomorrha
1030 2909 1158 2964 facti
1188 2925 1438 2966 essemus
1468 2910 1546 2977 “;
1587 2929 1606 2962 ι
1639 2910 1732 2980 qui
1776 2925 1965 2966 semen
2003 2918 2059 2966 et
2081 2911 2183 2965 do-

607 3003 869 3058 mesticos
922 3020 990 3059 ex
1036 3002 1297 3059 Ecclesia;
1362 3003 1734 3061 sectatoribus
1797 3003 2181 3074 possederunt.

608 3092 776 3148 Aiunt
813 3103 993 3150 autem
1035 3094 1311 3162 nonnulli,
1343 3095 1555 3161 urbem,
1582 3101 1637 3149 et
1666 3092 1787 3163 ejus
1817 3093 2025 3149 incolas
2054 3092 2186 3148 bea-

608 3190 696 3239 tos
732 3184 1026 3254 appellare,
1066 3198 1304 3253 quorum
1330 3198 1520 3239 curam
1560 3198 1757 3254 gerens
1794 3181 2060 3238 Dominus
2095 3183 2184 3237 in-

1144 1914 1163 1947 ι
1224 1894 1307 1950 Tu
1389 1909 1522 1951 vero
1605 1895 1770 1950 homo
1862 1894 2181 1960 unanimis,

2289 1885 2381 1937 καὶ
2405 1885 2616 1953 γνωστέ
2667 1901 2788 1955 μου.
2847 1902 2868 1936 ι
2919 1884 3007 1937 Ἐν
3055 1882 3229 1937 ἅπασι
3267 1883 3326 1936 δὲ
3372 1881 3585 1946 τούτοις
3627 1883 3819 1955 οὐδαμοῦ

2303 1976 2541 2049 Ἰσραὴλ,
2573 1978 2606 2047 ἢ
2648 1976 2865 2044 Ἰακὼϐ,
2899 1976 2932 2049 ἥ
2988 1976 3191 2040 Ἰούδας
3216 1976 3555 2047 ὠνόμασται,
3588 1976 3673 2030 an
3722 1978 3821 2047 περὶ

2289 2068 2525 2141 Χριστοῦ
2550 2066 2647 2122 τοῦ
2670 2068 2829 2137 λόγου
2857 2068 3242 2138 τυγχάνοντος,
3279 2066 3376 2120 καί⁵
3404 2067 3518 2122 τῶν
3543 2067 3599 2120 ὲν
3635 2067 3820 2139 Ἐκκλη-

2291 2161 2385 2233 σίᾳ
2412 2160 2681 2232 ἐξάρχων,
2705 2161 2764 2214 ὲν
2813 2153 2847 2234 ᾖ
2875 2159 2938 2213 τὸ
2994 2158 3217 2231 σπέρμα
3245 2158 3356 2213 τῶν
3383 2158 3557 2214 πάλαι
3584 2160 3821 2230 μακαρίων

2291 2250 2499 2320 ἀνδρῶν
2527 2248 2834 2321 ὲξανθῆσαν
2872 2250 3319 2322 ἑκαρποφόρησε,
3367 2250 3553 2304 πᾶσάν
3574 2267 3630 2304 τε
3659 2252 3742 2322 τὴν
3760 2254 3822 2304 oi-

2290 2340 2564 2413 κουμένην
2592 2341 2692 2413 τῆς
2754 2342 2893 2405 ιδίας
2952 2342 3207 2412 εὐλογίας
3257 2341 3571 2414 ἐπλήρωσε.
3611 2342 3693 2395 Διὸ
3724 2346 3820 2406 τοὺς

2290 2422 2512 2506 ἔχοντας
2543 2436 2601 2489 ὲν
2624 2432 2765 2488 Σιὼν
2810 2434 3036 2506 σπέρμα
3092 2434 3397 2506 μακαρίους
3443 2434 3700 2505 ὠνόμαζε,
3725 2438 3821 2499 τοὺς

2289 2529 2578 2602 προφήτας
2602 2528 2847 2599 δηλονότι
2898 2524 3028 2593 τοὺς
3059 2528 3320 2598 λέγοντας
3348 2546 3365 2562 ο
3400 2547 3423 2583 ι
3457 2532 3520 2584 Et
3547 2530 3618 2600 μὴ
3659 2530 3819 2601 Kﬁpm:

2290 2621 2521 2677 Σαϐαὼθ
2572 2622 2935 2691 ἐγκατέλιπεν
2990 2624 3125 2695 ἡμῖν
3186 2624 3429 2694 σπέρμα,
3465 2623 3752 2694 ὼςΣόδομα
3772 2624 3821 2676 ἂν

2289 2714 2655 2785 ἐγενήθημεν,
2687 2715 2785 2768 καὶ
2810 2714 2885 2779 ὡς
2924 2715 3185 2788 Γόμορρα
3223 2716 3292 2770 ἂν
3321 2716 3710 2788 ὡμοιώθημεν,
3744 2717 3820 2768 toi

2292 2807 2517 2879 σπέρμα
2538 2809 2633 2861 καὶ
2659 2806 2895 2871 οἰκείους
2916 2807 3041 2871 τοὺς
3075 2810 3140 2862 ὲκ
3167 2808 3269 2879 τῆς
3327 2809 3656 2878 Ἐκκλησίας
3691 2809 3822 2876 ixvii-

2292 2914 2473 2953 σαντο.
2508 2898 2667 2963 Τινὲς
2692 2898 2750 2953 δέ
2776 2915 2941 2968 φασιν
2996 2898 3073 2963 ὡς
3103 2897 3395 2970 μακαρίζει
3446 2898 3547 2970 τὴν
3574 2899 3730 2963 πόλιν,
3751 2902 3823 2951 καί

2289 2993 2414 3054 τοὺς
2437 2990 2645 3063 ταύτης
2684 2994 2999 3065 οἰκήτορας,
3028 2984 3103 3045 ὧν
3130 2991 3264 3056 Θεὸς
3302 2992 3618 3063 κηδόμενος,
3645 2994 3823 3063 ἀοράτῳ

2291 3084 2474 3157 πληγῇ
2507 3086 2816 3157 μετήρχετο
2837 3086 2929 3138 τὸν
2971 3084 3276 3154 Ἀσσύριον.
3301 3078 3413 3150 Ἧς
3439 3085 3664 3140 δίκαιον
3678 3085 3823 3149 ,βασις

2288 3177 2401 3232 λέα
2437 3177 2561 3232 καθ’
2591 3177 2836 3250 ἱστορίαν
2873 3177 2972 3248 μὲν
3009 3177 3100 3231 τὸν
3136 3177 3386 3243 Ἐζεκίαν
3439 3178 3593 3248 φησί.
3644 3177 3822 3247 κυρίως

608 3242 818 3333 γὶεἱιιίἸί
854 3277 1012 3346 plaga
1059 3242 1344 3347 A'ssyrium
1380 3242 1690 3345 acceperit;
1727 3274 1989 3345 urbisque
2017 3290 2185 3346 regem

2289 3269 2344 3323 δὲ
2375 3268 2528 3341 δηλοί
2546 3269 2640 3323 τὸν
2672 3242 2923 3340 Σωτῆρα.
2955 3270 3030 3324 Τὸ
3052 3269 3161 3342 γὰρ
3181 3269 3399 3340 ἀληθῶς
3431 3242 3823 3341 μακάριονίαῖιν

610 3370 829 3434 iustum,
886 3367 1189 3423 secundum
1244 3367 1527 3422 historiam
1584 3366 1840 3436 quidem,
1896 3366 2186 3421 Ezechiam

608 3476 769 3528 esse;
797 3461 1015 3532 proprie
1041 3471 1226 3514 autem
1258 3456 1599 3514 Salvatorem
1634 3456 1959 3529 signiﬁcari.
1991 3457 2187 3513 Veram

608 3554 755 3608 enim
779 3552 1170 3608 beatitudinem
1201 3566 1393 3606 eorum
1434 3558 1646 3607 tantum
1673 3565 1795 3607 esse
1817 3551 1909 3621 qui
1935 3565 2189 3620 supernae

612 3644 797 3699 Sinnis
839 3644 990 3700 cives
1036 3643 1238 3708 eﬁ‘ecti,
1266 3641 1473 3698 Christi
1504 3642 1650 3712 regis
1678 3642 1839 3696 titulo
1877 3640 2189 3695 inscribun-

612 3743 725 3800 tur,
756 3738 821 3789 ad
852 3750 1011 3806 quem
1060 3749 1333 3791 summam
1387 3734 1537 3789 illam
1565 3733 1840 3804 justitiam
1875 3735 2186 3800 referimus,

612 3827 819 3881 nullum
849 3827 992 3883 inter
1022 3827 1305 3894 mortales,
1331 3827 1428 3898 qui
1462 3826 1568 3881 labi
1601 3841 1709 3881 non
1741 3834 1905 3896 queat
1934 3826 2141 3894 experti
2170 3841 2184 3881 :

613 3934 722 3974 non
770 3919 930 3973 aliter
962 3933 1126 3989 quam
1167 3918 1236 3975 de
1277 3918 1595 3974 hominibus
1640 3919 1948 3989 loquentes,
1979 3920 2187 3975 eisdem

612 4011 930 4066 vitiositatis
986 4012 1205 4081 quidem
1260 4020 1473 4083 partem
1531 4012 1801 4082 aliquam,
1852 4013 1946 4067 uni
2003 4020 2185 4068 autem

612 4105 835 4160 diabolo
874 4105 1067 4160 vitium
1112 4106 1387 4175 integrum
1435 4114 1489 4160 et
1526 4119 1802 4159 summum
1834 4105 2185 4161 ascribimus.

616 4195 876 4266 Sequitur
908 4212 921 4249 ε
953 4194 1023 4249 Et
1052 4195 1154 4250 erit
1204 4195 1360 4250 homo
1410 4194 1681 4250 occultans
1729 4211 1994 4250 sermones
2041 4212 2187 4261 suos,

616 4296 924 4359 ca‘teraqtte
966 4288 1247 4358 deinceps.
1282 4286 1385 4355 Qui
1415 4288 1563 4343 enim
1596 4288 1649 4342 in
1680 4289 1889 4360 seipsos
1922 4305 2187 4345 sermones

615 4378 715 4433 Dei
746 4379 801 4434 in
826 4378 1042 4447 iustitia
1079 4379 1395 4444 meditatur,
1434 4380 1504 4433 ah
1533 4379 1852 4435 imminente
1883 4381 1963 4435 ira
2004 4388 2182 4450 prote-

613 4469 779 4541 gitur.
828 4467 966 4523 Hine
1001 4470 1092 4523 illa
1125 4468 1344 4523 Davidis
1377 4485 1391 4522 :
1431 4484 1451 4520 ι
1486 4470 1595 4524 Lex
1628 4479 1718 4525 tua
1762 4470 1813 4524 in
1854 4469 2031 4525 medio
2060 4488 2190 4526 ven-

2288 3362 2582 3418 οίκούντων
2608 3361 2708 3433 τὴν
2759 3362 2873 3418 ἄνω
2906 3360 3069 3427 Σιὼν,
3095 3362 3190 3416 καὶ
3231 3360 3465 3431 βασιλέα
3488 3361 3710 3432 Χριστὸν
3732 3360 3823 3412 ἑπι-

2287 3454 2669 3528 γραφομένων,
2693 3455 2774 3520 είς
2793 3453 2854 3508 ὃν
2876 3454 2976 3525 τὴν
2999 3455 3178 3526 ἄκραν
3199 3452 3551 3524 δικαιοσύνην
3568 3452 3822 3523 ἀνάγομεν,

2292 3549 2366 3619 μὴ
2398 3547 2751 3618 εὑρίσκοντες
2806 3548 2866 3600 ὲν
2898 3545 3213 3619 ἀνθρώποις
3262 3546 3325 3600 τὸ
3363 3546 3643 3602 ἄπτωτονο
3671 3545 3823 3613 ὥσπερ

2287 3635 2382 3696 οὖν
2407 3640 2494 3693 ἔπ’
2521 3637 2829 3709 ἀνθρώπων
2851 3637 2911 3692 τὸ
2943 3638 3044 3709 μὲν
3076 3637 3303 3710 μερικδν
3330 3637 3432 3708 τῆς
3461 3636 3659 3701 κακίας
3678 3633 3822 3705 ὁριζό·

2292 3732 2453 3802 μεθα,
2481 3730 2650 3801 αὐτὴν
2675 3730 2733 3785 δὲ
2761 3732 2945 3786 πᾶσαν
2969 3730 3068 3803 τὴν
3098 3730 3300 3785 κακίαν
3330 3730 3409 3801 τῷ
3431 3729 3662 3800 διαϐόλῳ
3689 3744 3822 3799 προσ-

2288 3823 2547 3895 νέμομεν.
2580 3823 2686 3878 Καὶ
2717 3825 2891 3879 ἔσται
2923 3822 3235 3892 ἄνθρωπος
3268 3823 3551 3890 κρύπτων
3586 3821 3712 3888 τοὺς
3742 3822 3822 3875 .16-

2288 3933 2433 3987 γους
2455 3915 2667 3981 αὑτοῦ,
2698 3916 2882 3971 καὶτὰ
2909 3915 3055 3984 ἑξῆς.
3085 3915 3145 3970 ὐ
3168 3917 3276 3987 γὰρ
3297 3917 3356 3969 ὲν
3382 3914 3566 3987 ἑαυτῷ
3590 3915 3717 3980 τοὺς
3742 3914 3822 3967 λό-

2287 4024 2434 4078 γους
2467 4004 2575 4060 τοῦ
2602 4005 2752 4061 Θεοῦ
2806 4003 3048 4077 μελετῶν
3102 4006 3160 4059 ἐν
3212 4004 3555 4078 δικαιοσύνῃ,
3579 4004 3668 4059 ἀπ’
3690 4005 3824 4076 ὀργῆς

2288 4098 2641 4169 ὲπαγομένης
2689 4098 3045 4163 σκεπάζεται.
3105 4098 3196 4152 Διό
3256 4115 3420 4169 φησιν
3447 4100 3476 4152 ό
3511 4098 3738 4153 Δαϐίδί
3774 4097 3823 4151 ,Ὀ

2288 4191 2454 4261 νόμος
2488 4207 2583 4243 σου
2613 4192 2671 4244 ὲν
2704 4190 2968 4264 μέσῳπῆς
2994 4191 3207 4257 κοιλίας
3246 4208 3375 4261 μου,
3403 4212 3424 4246 ι
3458 4191 3568 4245 Τοῦ
3610 4191 3663 4245 δὲ
3686 4188 3824 4243 τοιοῦο

2286 4300 2409 4349 του,
2448 4283 2612 4353 φησιν
2633 4285 2661 4338 ὀ
2688 4276 2903 4357 Σωτὴρ,
2939 4303 2957 4337 ι
2986 4285 3232 4355 Ποταμοὶ
3255 4286 3321 4340 ὲκ
3338 4285 3436 4357 τῆς
3461 4285 3665 4349 κοιλίας
3692 4281 3823 4341 αὑτοῦ

2289 4376 2576 4448 ῥεύσουσιν
2604 4375 2796 4441 ὓδατος
2829 4376 3052 4441 ζῶντος.
3076 4396 3094 4429 ι
3125 4378 3234 4431 Καὶ
3259 4378 3459 4433 οὐκέτι
3480 4378 3716 4434 ἔσονται
3739 4393 3822 4430 xs-

2289 4468 2563 4533 ποιθότες
2589 4466 2684 4520 ἐπ’
2716 4466 3073 4536 ἀνθρώποις,
3106 4468 3291 4539 φησίν.
3331 4468 3610 4533 Ἐπιόντος
3631 4469 3727 4538 γὰρ
3749 4465 3821 4519 τοῦ

617 4558 720 4612 tris
772 4559 875 4613 mei
906 4559 974 4614 "'.
1015 4577 1034 4612 ι
1073 4557 1140 4611 Et
1188 4558 1292 4613 alia
1341 4557 1644 4617 Salvatoris
1689 4578 1704 4616 :
1756 4581 1774 4614 ι
1822 4560 2075 4617 Flumina
2119 4563 2185 4619 de

2304 4556 2587 4627 Ἀσσυρίου
2620 4558 2757 4628 πρὸς
2785 4557 3043 4629 πόλεμον,
3066 4559 3361 4614 ἀκόλουθον
3390 4554 3459 4631 ἦν
3487 4562 3613 4623 τοὺς
3636 4557 3823 4630 ἠλπικόο

615 4654 807 4701 ventre
837 4647 957 4715 ejus
989 4647 1159 4703 ﬁuent
1205 4663 1362 4720 aqua:
1401 4650 1636 4706 viventis
1670 4650 1737 4705 “.
1773 4668 1792 4703 ι
1828 4651 2031 4707 Deinde
2067 4669 2080 4705 :
2120 4649 2187 4704 Et

618 4754 722 4792 non
752 4739 985 4808 amplius
1012 4749 1169 4795 erunt
1198 4740 1516 4807 conﬁdentes
1542 4743 1597 4796 in
1627 4743 1947 4805 hominibus,
1977 4743 2187 4813 adjicit.

619 4828 716 4883 Est
735 4830 884 4883 enim
913 4842 1369 4898 consentaneum,
1401 4848 1517 4898 eos,
1544 4833 1639 4904 qui
1674 4834 1726 4887 in
1768 4832 1937 4889 Deum
1967 4850 2187 4904 speras-

2293 4668 2393 4714 τας
2421 4651 2513 4704 ἐπὶ
2534 4649 2689 4717 Θεὸν,
2725 4651 2823 4722 τῆς
2878 4651 2988 4706 τῶν
3034 4652 3348 4722 Αἰγυπτίων
3411 4652 3659 4724 βοηθείας
3693 4652 3824 4720 ὑπερ-

2297 4743 2457 4797 ιδεῖνο
2484 4744 2604 4797 τότε
2622 4743 2727 4817 γὰρ
2753 4744 2819 4800 ἂν
2854 4744 3098 4817 ὑπῆρξεν
3129 4745 3256 4800 ίδείν
3283 4746 3410 4811 τοὺς
3441 4746 3517 4816 μὴ
3548 4740 3817 4816 διαρθροῦν-

2294 4852 2392 4899 τας
2418 4835 2517 4905 τῆς
2538 4835 2846 4898 θεοσεϐείας
2868 4836 2976 4891 τὸν
2993 4838 3202 4906 λόγον,
3226 4839 3397 4907 τρανῇ
3429 4838 3493 4905 τῇ
3524 4837 3734 4906 γλώττῃ
3757 4832 3821 4885 τὶν

619 4928 764 4987 sent,
807 4936 872 4976 ex
917 4939 1030 4993 quo
1060 4923 1341 4995 {Egyptios
1387 4925 1527 4981 bello
1557 4940 1655 4995 per
1682 4925 1967 4997 Assyrium
2003 4927 2185 4998 impeti

2295 4930 2393 4998 τῆς
2422 4926 2667 4997 είρήνης
2707 4926 3105 4998 ὁμολογοῦντας
3136 4928 3460 5001 βραϐευτὴν,
3495 4929 3571 5000 μὴ
3604 4930 3819 4997 προϊστα-

619 5012 1174 5078 animadvertissent,
1215 5032 1405 5069 eorum
1453 5017 1720 5071 auxilium
1763 5018 2185 5087 contempsisse.

2295 5016 2493 5086 μένους
2541 5017 2751 5086 ἄρχειν
2799 5018 2979 5072 αὐτῶν
3016 5020 3123 5073 τὸν
3152 5020 3493 5090 Αίγύπτιον
3527 5019 3586 5071 ὃν
3614 5016 3821 5089 μωρὸνὸ

617 5102 754 5158 Nam
801 5106 897 5174 qui
940 5107 1149 5160 nullum
1190 5118 1351 5161 antea
1400 5107 1467 5162 de
1507 5109 1675 5162 verbo
1713 5109 1860 5161 cultu
1901 5124 2185 5162 sermonem

2292 5109 2467 5177 λόγος,
2502 5108 2578 5173 ὡς
2612 5109 2807 5179 ἀσεϐῆ.
2873 5111 3248 5181 καθεστηκότα
3274 5111 3449 5168 καλεῖ.
3484 5113 3592 5166 Καὶ
3643 5110 3731 5162 οὐκ
3770 5104 3821 5159 ἂν

622 5196 873 5266 proferre
906 5207 1184 5267 poterant,
1213 5200 1432 5253 eosdem
1459 5199 1571 5269 jam
1599 5198 1806 5254 diserta
1838 5198 2018 5269 lingua
2044 5199 2185 5268 pacis

2291 5200 2584 5269 ἠνέσχοντο
2628 5200 2727 5270 τῆς
2754 5200 2861 5254 τῶν
2906 5201 3168 5257 τοιούτων
3202 5202 3482 5275 ἀρχόντων
3529 5202 3817 5271 συγχύσεως.

620 5284 890 5338 arbitrum
938 5293 995 5338 et
1040 5285 1440 5341 moderatorem
1488 5287 1807 5356 proﬁtentes
1852 5286 2060 5350 videas,
2098 5287 2185 5355 qui

2303 5291 2623 5345 Ἀκόλουθον
2670 5293 2778 5365 γὰρ
2840 5290 2909 5365 ἦν
2935 5295 3026 5348 τὸν
3075 5297 3420 5368 μωραίνοντα
3454 5296 3522 5350 τὰ
3550 5297 3676 5367 πρὸς
3699 5292 3818 5353 Θεὸν,

621 5375 724 5429 sibi
780 5373 1093 5447 zEgyptt'um
1150 5380 1353 5447 (quem
1419 5378 1641 5432 stultum
1698 5394 1843 5433 nunc
1907 5378 2185 5448 propheta,

2297 5383 2528 5454 ἀνομίαν
2552 5387 2747 5451 ποιεῖν,
2799 5388 2892 5441 καὶ
2941 5387 3263 5443 πλανᾶσθαι.
3292 5391 3384 5453 Ei;
3412 5389 3534 5444 ὃνοί
3557 5387 3821 5451 ἐλπίζοντες

622 5478 849 5549 propter
879 5471 1214 5539 impietatem
1250 5470 1516 5541 nominat)
1547 5471 1806 5534 imperare
1842 5470 2185 5526 noluissent:

2298 5473 2359 5539 ἐξ
2379 5476 2596 5548 ἀπάτης
2622 5477 2871 5548 ἀλλήλων
2920 5479 3020 5545 τὰς
3076 5480 3299 5545 ἐλπίδας
3329 5481 3549 5536 ὲκὲνουν
3582 5478 3645 5533 δι’
3686 5468 3819 5529 αὑταῖ

624 5557 934 5628 cujusmodi
983 5562 1146 5617 etiam
1197 5561 1400 5617 ducum
1443 5561 1819 5619 confusionem
1880 5562 2025 5619 ferre
2078 5578 2185 5619 non

2297 5567 2388 5621 τὸν
2418 5568 2660 5623 κίνδυνον
2686 5570 3021 5640 ἀποφεύγειν
3078 5572 3338 5645 οίόμενοι,
3366 5572 3473 5627 τῶν
3499 5568 3719 5626 εὐσεϐῶν
3744 5563 3819 5633 vi."

696 5730 744 5765 "°
772 5734 920 5790 Psal.
956 5751 1061 5795 LIV,
1113 5734 1191 5791 ιι.
1273 5736 1312 5768 ⁶¹
1346 5733 1447 5791 lsa.
1482 5753 1518 5801 I,
1554 5737 1607 5793 9.
1685 5739 1727 5769 δ’
1771 5736 1915 5793 l‘sal.
1958 5754 2070 5803 XXI,
2108 5736 2191 5794 15.
2269 5738 2313 5769 ⁸³
2347 5737 2505 5794 Joan.
2542 5757 2638 5807 vu,
2680 5743 2767 5796 '58.
