  <div class='ocr_page' id='page_1' title='image "/cluster/home/n/w/nwhite01/storage/ocr_20150623/87:2/hvd.32044019208008/380.png"; bbox 0 0 3978 6374; ppageno 0'>
   <div class='ocr_carea' id='block_1_1' title="bbox 202 308 3411 401">
    <p class='ocr_par' dir='ltr' id='par_1_1' title="bbox 202 308 3411 401">
     <span class='ocr_line' id='line_1_1' title="bbox 202 308 3411 401; baseline -0.004 -18"><span class='ocrx_word' id='word_1_1' title='bbox 202 326 312 401; x_wconf 67' lang='grc' dir='ltr'><strong>ῃει</strong></span> <span class='ocrx_word' id='word_1_2' title='bbox 1231 308 1771 377; x_wconf 83' lang='lat' dir='ltr'><strong>COMMENTARII</strong></span> <span class='ocrx_word' id='word_1_3' title='bbox 1809 309 1893 372; x_wconf 90' lang='lat' dir='ltr'><strong>IN</strong></span> <span class='ocrx_word' id='word_1_4' title='bbox 1939 310 2231 375; x_wconf 76' lang='lat' dir='ltr'><strong>ISAIAM.</strong></span> <span class='ocrx_word' id='word_1_5' title='bbox 3271 311 3411 381; x_wconf 64' lang='lat'><strong>2232</strong></span> 
     </span>
    </p>
   </div>
   <div class='ocr_carea' id='block_1_2' title="bbox 201 417 1772 498">
    <p class='ocr_par' dir='ltr' id='par_1_2' title="bbox 201 417 1772 498">
     <span class='ocr_line' id='line_1_2' title="bbox 201 417 1772 498; baseline -0.033 -1"><span class='ocrx_word' id='word_1_6' title='bbox 201 436 411 496; x_wconf 66' lang='grc' dir='ltr'><em>ἐναντίαν</em></span> <span class='ocrx_word' id='word_1_7' title='bbox 437 426 638 492; x_wconf 82' lang='grc' dir='ltr'><strong>τούτοις</strong></span> <span class='ocrx_word' id='word_1_8' title='bbox 690 424 926 498; x_wconf 74' lang='grc' dir='ltr'><em>ἐχόντων</em></span> <span class='ocrx_word' id='word_1_9' title='bbox 973 420 1224 493; x_wconf 68' lang='grc' dir='ltr'><strong>,ϐουλὴν</strong></span> <span class='ocrx_word' id='word_1_10' title='bbox 1259 420 1562 494; x_wconf 72' lang='grc' dir='ltr'><strong>ψυχωφελῆ</strong></span> <span class='ocrx_word' id='word_1_11' title='bbox 1602 417 1772 492; x_wconf 36' lang='grc' dir='ltr'><strong>παρη</strong></span> 
     </span>
    </p>
   </div>
   <div class='ocr_carea' id='block_1_3' title="bbox 1843 417 3414 498">
    <p class='ocr_par' dir='ltr' id='par_1_3' title="bbox 1843 418 3414 490">
     <span class='ocr_line' id='line_1_3' title="bbox 1843 418 3414 490; baseline 0 -15"><span class='ocrx_word' id='word_1_12' title='bbox 1843 420 2173 489; x_wconf 74' lang='lat' dir='ltr'><strong>potuissem.</strong></span> <span class='ocrx_word' id='word_1_13' title='bbox 2217 419 2356 474; x_wconf 73' lang='lat' dir='ltr'><strong>hinni</strong></span> <span class='ocrx_word' id='word_1_14' title='bbox 2398 421 2566 486; x_wconf 84' lang='lat' dir='ltr'><strong>enim,</strong></span> <span class='ocrx_word' id='word_1_15' title='bbox 2613 419 2703 490; x_wconf 84' lang='lat' dir='ltr'><strong>qui</strong></span> <span class='ocrx_word' id='word_1_16' title='bbox 2752 418 2805 476; x_wconf 91' lang='lat' dir='ltr'><strong>in</strong></span> <span class='ocrx_word' id='word_1_17' title='bbox 2849 418 2957 488; x_wconf 90' lang='lat' dir='ltr'><strong>his,</strong></span> <span class='ocrx_word' id='word_1_18' title='bbox 2983 434 3103 490; x_wconf 72' lang='lat' dir='ltr'><strong>qua:</strong></span> <span class='ocrx_word' id='word_1_19' title='bbox 3145 419 3238 476; x_wconf 89' lang='lat' dir='ltr'><strong>Dei</strong></span> <span class='ocrx_word' id='word_1_20' title='bbox 3284 430 3414 477; x_wconf 87' lang='lat' dir='ltr'><strong>sunt</strong></span> 
     </span>
    </p>
   </div>
   <div class='ocr_carea' id='block_1_4' title="bbox 196 510 1767 606">
    <p class='ocr_par' dir='ltr' id='par_1_4' title="bbox 196 516 1489 606">
     <span class='ocr_line' id='line_1_4' title="bbox 196 516 1489 606; baseline -0.008 -21"><span class='ocrx_word' id='word_1_21' title='bbox 196 539 302 606; x_wconf 65' lang='grc' dir='ltr'><em>ὅλην</em></span> <span class='ocrx_word' id='word_1_22' title='bbox 328 526 490 587; x_wconf 81' lang='grc' dir='ltr'><em>αὐτῶν</em></span> <span class='ocrx_word' id='word_1_23' title='bbox 516 522 864 595; x_wconf 84' lang='grc' dir='ltr'><em>ὑπάρχουσαν</em></span> <span class='ocrx_word' id='word_1_24' title='bbox 887 519 987 590; x_wconf 77' lang='grc' dir='ltr'><strong>τὴν</strong></span> <span class='ocrx_word' id='word_1_25' title='bbox 1023 516 1192 589; x_wconf 75' lang='grc' dir='ltr'><em>ζωήν.</em></span> <span class='ocrx_word' id='word_1_26' title='bbox 1458 604 1489 606; x_wconf 14' lang='grc' dir='ltr'><strong><em>Α</em></strong></span> 
     </span>
    </p>
   </div>
   <div class='ocr_carea' id='block_1_5' title="bbox 1838 510 3409 606">
    <p class='ocr_par' dir='ltr' id='par_1_5' title="bbox 1838 510 3409 584">
     <span class='ocr_line' id='line_1_5' title="bbox 1838 510 3409 584; baseline 0.001 -18"><span class='ocrx_word' id='word_1_27' title='bbox 1838 510 2124 581; x_wconf 84' lang='lat' dir='ltr'><strong>desiperet,</strong></span> <span class='ocrx_word' id='word_1_28' title='bbox 2157 511 2347 584; x_wconf 90' lang='lat' dir='ltr'><strong>iniqua</strong></span> <span class='ocrx_word' id='word_1_29' title='bbox 2393 527 2553 584; x_wconf 82' lang='lat' dir='ltr'><strong>agerc</strong></span> <span class='ocrx_word' id='word_1_30' title='bbox 2600 523 2653 569; x_wconf 90' lang='lat' dir='ltr'><strong>et</strong></span> <span class='ocrx_word' id='word_1_31' title='bbox 2696 513 3025 569; x_wconf 86' lang='lat' dir='ltr'><strong>hallucinari</strong></span> <span class='ocrx_word' id='word_1_32' title='bbox 3067 527 3166 584; x_wconf 89' lang='lat' dir='ltr'><strong>par</strong></span> <span class='ocrx_word' id='word_1_33' title='bbox 3209 511 3409 569; x_wconf 79' lang='lat' dir='ltr'><strong>fuerat.</strong></span> 
     </span>
    </p>
   </div>
   <div class='ocr_carea' id='block_1_6' title="bbox 196 602 3409 693">
    <p class='ocr_par' dir='ltr' id='par_1_6' title="bbox 196 602 3409 693">
     <span class='ocr_line' id='line_1_6' title="bbox 196 602 3409 693; baseline -0.004 -20"><span class='ocrx_word' id='word_1_34' title='bbox 196 602 286 683; x_wconf 61' lang='lat' dir='ltr'><strong>Nee</strong></span> <span class='ocrx_word' id='word_1_35' title='bbox 328 622 556 693; x_wconf 89' lang='lat' dir='ltr'><strong>poterant</strong></span> <span class='ocrx_word' id='word_1_36' title='bbox 603 613 698 684; x_wconf 97' lang='lat' dir='ltr'><strong>qui</strong></span> <span class='ocrx_word' id='word_1_37' title='bbox 748 610 807 666; x_wconf 79' lang='lat' dir='ltr'><strong>in</strong></span> <span class='ocrx_word' id='word_1_38' title='bbox 859 624 925 665; x_wconf 93' lang='lat' dir='ltr'><strong>eo</strong></span> <span class='ocrx_word' id='word_1_39' title='bbox 980 623 1132 680; x_wconf 85' lang='lat' dir='ltr'><strong>spem</strong></span> <span class='ocrx_word' id='word_1_40' title='bbox 1182 621 1341 663; x_wconf 91' lang='lat' dir='ltr'><strong>suam</strong></span> <span class='ocrx_word' id='word_1_41' title='bbox 1385 604 1728 660; x_wconf 87' lang='lat' dir='ltr'><strong>collocarant</strong></span> <span class='ocrx_word' id='word_1_42' title='bbox 1767 602 1962 659; x_wconf 82' lang='lat' dir='ltr'><strong>l‘raude</strong></span> <span class='ocrx_word' id='word_1_43' title='bbox 2005 608 2196 659; x_wconf 90' lang='lat' dir='ltr'><strong>mutua</strong></span> <span class='ocrx_word' id='word_1_44' title='bbox 2232 619 2339 660; x_wconf 90' lang='lat' dir='ltr'><strong>non</strong></span> <span class='ocrx_word' id='word_1_45' title='bbox 2372 603 2570 670; x_wconf 86' lang='lat' dir='ltr'><strong>decidi,</strong></span> <span class='ocrx_word' id='word_1_46' title='bbox 2600 613 2656 661; x_wconf 91' lang='lat' dir='ltr'><strong>et</strong></span> <span class='ocrx_word' id='word_1_47' title='bbox 2688 620 2784 676; x_wconf 87' lang='lat' dir='ltr'><strong>spe</strong></span> <span class='ocrx_word' id='word_1_48' title='bbox 2824 621 2925 663; x_wconf 90' lang='lat' dir='ltr'><strong>sua</strong></span> <span class='ocrx_word' id='word_1_49' title='bbox 2984 605 3262 672; x_wconf 83' lang='lat' dir='ltr'><strong>excidere,</strong></span> <span class='ocrx_word' id='word_1_50' title='bbox 3317 607 3409 677; x_wconf 88' lang='lat' dir='ltr'><strong>qui</strong></span> 
     </span>
    </p>
   </div>
   <div class='ocr_carea' id='block_1_7' title="bbox 195 696 3414 777">
    <p class='ocr_par' dir='ltr' id='par_1_7' title="bbox 195 696 3414 777">
     <span class='ocr_line' id='line_1_7' title="bbox 195 696 3414 777; baseline -0.007 -4"><span class='ocrx_word' id='word_1_51' title='bbox 195 717 271 773; x_wconf 82' lang='lat' dir='ltr'><strong>tali</strong></span> <span class='ocrx_word' id='word_1_52' title='bbox 292 710 478 769; x_wconf 78' lang='lat' dir='ltr'><strong>auxilio</strong></span> <span class='ocrx_word' id='word_1_53' title='bbox 504 721 559 762; x_wconf 88' lang='lat' dir='ltr'><strong>se</strong></span> <span class='ocrx_word' id='word_1_54' title='bbox 581 703 884 777; x_wconf 83' lang='lat' dir='ltr'><strong>periculum</strong></span> <span class='ocrx_word' id='word_1_55' title='bbox 913 701 1153 773; x_wconf 71' lang='lat' dir='ltr'><strong>eﬂugere</strong></span> <span class='ocrx_word' id='word_1_56' title='bbox 1187 713 1354 772; x_wconf 83' lang='lat' dir='ltr'><strong>posse</strong></span> <span class='ocrx_word' id='word_1_57' title='bbox 1388 696 1721 754; x_wconf 90' lang='lat' dir='ltr'><strong>crederent:</strong></span> <span class='ocrx_word' id='word_1_58' title='bbox 1761 704 1954 752; x_wconf 85' lang='lat' dir='ltr'><strong>contra</strong></span> <span class='ocrx_word' id='word_1_59' title='bbox 1988 710 2153 765; x_wconf 85' lang='lat' dir='ltr'><strong>quam</strong></span> <span class='ocrx_word' id='word_1_60' title='bbox 2185 696 2292 768; x_wconf 88' lang='lat' dir='ltr'><strong>piis</strong></span> <span class='ocrx_word' id='word_1_61' title='bbox 2336 697 2475 753; x_wconf 91' lang='lat' dir='ltr'><strong>solet</strong></span> <span class='ocrx_word' id='word_1_62' title='bbox 2512 698 2787 766; x_wconf 79' lang='lat' dir='ltr'><strong>accidere,</strong></span> <span class='ocrx_word' id='word_1_63' title='bbox 2851 699 3052 771; x_wconf 86' lang='lat' dir='ltr'><strong>quibus</strong></span> <span class='ocrx_word' id='word_1_64' title='bbox 3094 714 3255 755; x_wconf 89' lang='lat' dir='ltr'><strong>suum</strong></span> <span class='ocrx_word' id='word_1_65' title='bbox 3329 704 3414 755; x_wconf 89' lang='lat' dir='ltr'><strong>est</strong></span> 
     </span>
    </p>
   </div>
   <div class='ocr_carea' id='block_1_8' title="bbox 194 788 1882 865">
    <p class='ocr_par' dir='ltr' id='par_1_8' title="bbox 194 788 1882 865">
     <span class='ocr_line' id='line_1_8' title="bbox 194 788 1882 865; baseline -0.011 -1"><span class='ocrx_word' id='word_1_66' title='bbox 194 808 357 863; x_wconf 75' lang='lat' dir='ltr'><strong>animis</strong></span> <span class='ocrx_word' id='word_1_67' title='bbox 394 810 503 857; x_wconf 90' lang='lat' dir='ltr'><strong>toto</strong></span> <span class='ocrx_word' id='word_1_68' title='bbox 554 798 679 853; x_wconf 67' lang='lat' dir='ltr'><strong>vita:</strong></span> <span class='ocrx_word' id='word_1_69' title='bbox 726 811 843 851; x_wconf 63' lang='lat' dir='ltr'><strong>suae</strong></span> <span class='ocrx_word' id='word_1_70' title='bbox 884 805 1129 865; x_wconf 90' lang='lat' dir='ltr'><strong>tempore</strong></span> <span class='ocrx_word' id='word_1_71' title='bbox 1180 791 1462 847; x_wconf 77' lang='lat' dir='ltr'><strong>consilium</strong></span> <span class='ocrx_word' id='word_1_72' title='bbox 1513 788 1882 861; x_wconf 83' lang='lat' dir='ltr'><strong>profuturum.</strong></span> 
     </span>
    </p>
   </div>
   <div class='ocr_carea' id='block_1_9' title="bbox 248 881 1819 963">
    <p class='ocr_par' dir='ltr' id='par_1_9' title="bbox 248 882 1723 956">
     <span class='ocr_line' id='line_1_9' title="bbox 248 882 1723 956; baseline -0.011 -4"><span class='ocrx_word' id='word_1_73' title='bbox 248 897 359 952; x_wconf 76' lang='lat' dir='ltr'><strong>O-x&#39;.</strong></span> <span class='ocrx_word' id='word_1_74' title='bbox 393 889 679 956; x_wconf 80' lang='grc' dir='ltr'><strong>Γυναῖκες</strong></span> <span class='ocrx_word' id='word_1_75' title='bbox 716 888 1026 952; x_wconf 67' lang='grc' dir='ltr'><em>πλούσιαι,</em></span> <span class='ocrx_word' id='word_1_76' title='bbox 1058 885 1369 954; x_wconf 77' lang='grc' dir='ltr'><strong>ἀνάστητε</strong></span> <span class='ocrx_word' id='word_1_77' title='bbox 1404 882 1505 938; x_wconf 81' lang='grc' dir='ltr'><strong>καὶ</strong></span> <span class='ocrx_word' id='word_1_78' title='bbox 1541 883 1723 938; x_wconf 82' lang='grc' dir='ltr'><strong>ἁκού-</strong></span> 
     </span>
    </p>
   </div>
   <div class='ocr_carea' id='block_1_10' title="bbox 1839 881 3410 963">
    <p class='ocr_par' dir='ltr' id='par_1_10' title="bbox 1898 881 3410 963">
     <span class='ocr_line' id='line_1_10' title="bbox 1898 881 3410 963; baseline 0.006 -27"><span class='ocrx_word' id='word_1_79' title='bbox 1898 882 2063 955; x_wconf 76' lang='lat'><strong>385</strong></span> <span class='ocrx_word' id='word_1_80' title='bbox 2102 881 2270 942; x_wconf 71' lang='lat' dir='ltr'><strong>Vsus.</strong></span> <span class='ocrx_word' id='word_1_81' title='bbox 2312 885 2472 941; x_wconf 72' lang='lat'><strong>9-20.</strong></span> <span class='ocrx_word' id='word_1_82' title='bbox 2497 884 2750 942; x_wconf 76' lang='lat' dir='ltr'><strong>Mulieres</strong></span> <span class='ocrx_word' id='word_1_83' title='bbox 2777 888 3066 959; x_wconf 62' lang='lat' dir='ltr'><strong>opulenta},</strong></span> <span class='ocrx_word' id='word_1_84' title='bbox 3096 891 3314 963; x_wconf 75' lang='lat' dir='ltr'><strong>surgite,</strong></span> <span class='ocrx_word' id='word_1_85' title='bbox 3361 899 3410 945; x_wconf 86' lang='lat' dir='ltr'><strong>et</strong></span> 
     </span>
    </p>
   </div>
   <div class='ocr_carea' id='block_1_11' title="bbox 191 974 1762 1053">
    <p class='ocr_par' dir='ltr' id='par_1_11' title="bbox 191 975 1722 1053">
     <span class='ocr_line' id='line_1_11' title="bbox 191 975 1722 1053; baseline -0.011 -8"><span class='ocrx_word' id='word_1_86' title='bbox 191 1006 310 1046; x_wconf 80' lang='grc' dir='ltr'><em>σατε</em></span> <span class='ocrx_word' id='word_1_87' title='bbox 326 984 424 1053; x_wconf 81' lang='grc' dir='ltr'><strong>τῆς</strong></span> <span class='ocrx_word' id='word_1_88' title='bbox 457 981 660 1053; x_wconf 66' lang='grc' dir='ltr'><em>φωνῆς</em></span> <span class='ocrx_word' id='word_1_89' title='bbox 681 998 822 1052; x_wconf 81' lang='grc' dir='ltr'><em>μου.</em></span> <span class='ocrx_word' id='word_1_90' title='bbox 845 979 1195 1049; x_wconf 74' lang='grc' dir='ltr'><strong>Θυγατέρες,</strong></span> <span class='ocrx_word' id='word_1_91' title='bbox 1228 978 1298 1031; x_wconf 88' lang='grc' dir='ltr'><em>ἐν</em></span> <span class='ocrx_word' id='word_1_92' title='bbox 1311 975 1514 1032; x_wconf 72' lang='grc' dir='ltr'><em>ἐλπίδι</em></span> <span class='ocrx_word' id='word_1_93' title='bbox 1538 976 1722 1031; x_wconf 73' lang='grc' dir='ltr'><strong>ἀκού-</strong></span> 
     </span>
    </p>
   </div>
   <div class='ocr_carea' id='block_1_12' title="bbox 1836 974 3407 1053">
    <p class='ocr_par' dir='ltr' id='par_1_12' title="bbox 1836 974 3407 1048">
     <span class='ocr_line' id='line_1_12' title="bbox 1836 974 3407 1048; baseline 0.004 -17"><span class='ocrx_word' id='word_1_94' title='bbox 1836 979 2008 1032; x_wconf 84' lang='lat' dir='ltr'><strong>andite</strong></span> <span class='ocrx_word' id='word_1_95' title='bbox 2058 994 2231 1033; x_wconf 86' lang='lat' dir='ltr'><strong>vocem</strong></span> <span class='ocrx_word' id='word_1_96' title='bbox 2276 995 2467 1034; x_wconf 84' lang='lat' dir='ltr'><strong>meum.</strong></span> <span class='ocrx_word' id='word_1_97' title='bbox 2501 974 2759 1045; x_wconf 77' lang='lat' dir='ltr'><strong>Filiw,in</strong></span> <span class='ocrx_word' id='word_1_98' title='bbox 2792 995 2880 1048; x_wconf 90' lang='lat' dir='ltr'><strong>spe</strong></span> <span class='ocrx_word' id='word_1_99' title='bbox 2927 983 3108 1037; x_wconf 89' lang='lat' dir='ltr'><strong>audite</strong></span> <span class='ocrx_word' id='word_1_100' title='bbox 3145 999 3407 1038; x_wconf 73' lang='lat' dir='ltr'><strong>sermones</strong></span> 
     </span>
    </p>
   </div>
   <div class='ocr_carea' id='block_1_13' title="bbox 189 1065 1760 1147">
    <p class='ocr_par' dir='ltr' id='par_1_13' title="bbox 189 1065 1724 1147">
     <span class='ocr_line' id='line_1_13' title="bbox 189 1065 1724 1147; baseline -0.011 -11"><span class='ocrx_word' id='word_1_101' title='bbox 189 1097 311 1137; x_wconf 84' lang='grc' dir='ltr'><em>σατε</em></span> <span class='ocrx_word' id='word_1_102' title='bbox 336 1078 545 1147; x_wconf 73' lang='grc' dir='ltr'><em>λόγους</em></span> <span class='ocrx_word' id='word_1_103' title='bbox 563 1090 704 1143; x_wconf 85' lang='grc' dir='ltr'><em>μου.</em></span> <span class='ocrx_word' id='word_1_104' title='bbox 748 1072 992 1143; x_wconf 84' lang='grc' dir='ltr'><strong>Ἡμέρας</strong></span> <span class='ocrx_word' id='word_1_105' title='bbox 1014 1069 1292 1125; x_wconf 79' lang='grc' dir='ltr'><strong>ἐνιαυτοῦ</strong></span> <span class='ocrx_word' id='word_1_106' title='bbox 1315 1070 1531 1139; x_wconf 77' lang='grc' dir='ltr'><strong>μνείαν</strong></span> <span class='ocrx_word' id='word_1_107' title='bbox 1550 1065 1724 1137; x_wconf 77' lang='grc' dir='ltr'><em>ποιή-</em></span> 
     </span>
    </p>
   </div>
   <div class='ocr_carea' id='block_1_14' title="bbox 1833 1065 3404 1147">
    <p class='ocr_par' dir='ltr' id='par_1_14' title="bbox 1833 1070 3404 1143">
     <span class='ocr_line' id='line_1_14' title="bbox 1833 1070 3404 1143; baseline 0.004 -20"><span class='ocrx_word' id='word_1_108' title='bbox 1833 1088 1990 1125; x_wconf 85' lang='lat' dir='ltr'><strong>meos.</strong></span> <span class='ocrx_word' id='word_1_109' title='bbox 2032 1070 2148 1125; x_wconf 87' lang='lat' dir='ltr'><strong>Diei</strong></span> <span class='ocrx_word' id='word_1_110' title='bbox 2178 1072 2306 1125; x_wconf 88' lang='lat' dir='ltr'><strong>anni</strong></span> <span class='ocrx_word' id='word_1_111' title='bbox 2336 1071 2645 1125; x_wconf 77' lang='lat' dir='ltr'><strong>memoriam</strong></span> <span class='ocrx_word' id='word_1_112' title='bbox 2670 1071 2831 1140; x_wconf 80' lang='lat' dir='ltr'><strong>facite</strong></span> <span class='ocrx_word' id='word_1_113' title='bbox 2860 1075 2915 1127; x_wconf 90' lang='lat' dir='ltr'><strong>in</strong></span> <span class='ocrx_word' id='word_1_114' title='bbox 2944 1072 3125 1129; x_wconf 81' lang='lat' dir='ltr'><strong>dolore</strong></span> <span class='ocrx_word' id='word_1_115' title='bbox 3154 1090 3274 1129; x_wconf 86' lang='lat' dir='ltr'><strong>cum</strong></span> <span class='ocrx_word' id='word_1_116' title='bbox 3297 1090 3404 1143; x_wconf 83' lang='lat' dir='ltr'><strong>spe.</strong></span> 
     </span>
    </p>
   </div>
   <div class='ocr_carea' id='block_1_15' title="bbox 187 1160 1758 1236">
    <p class='ocr_par' dir='ltr' id='par_1_15' title="bbox 187 1160 1721 1236">
     <span class='ocr_line' id='line_1_15' title="bbox 187 1160 1721 1236; baseline -0.019 -7"><span class='ocrx_word' id='word_1_117' title='bbox 187 1175 349 1228; x_wconf 82' lang='grc' dir='ltr'><em>σασθε</em></span> <span class='ocrx_word' id='word_1_118' title='bbox 375 1169 441 1222; x_wconf 77' lang='grc' dir='ltr'><strong>ἐν</strong></span> <span class='ocrx_word' id='word_1_119' title='bbox 467 1166 652 1235; x_wconf 76' lang='grc' dir='ltr'><em>ὀδύνῃ</em></span> <span class='ocrx_word' id='word_1_120' title='bbox 675 1165 803 1236; x_wconf 81' lang='grc' dir='ltr'><em>μετ’</em></span> <span class='ocrx_word' id='word_1_121' title='bbox 845 1163 1115 1230; x_wconf 81' lang='grc' dir='ltr'><strong>ἐλπίδος.</strong></span> <span class='ocrx_word' id='word_1_122' title='bbox 1166 1160 1495 1229; x_wconf 75' lang='grc' dir='ltr'><em>Ἀνήλωται</em></span> <span class='ocrx_word' id='word_1_123' title='bbox 1524 1162 1556 1215; x_wconf 74' lang='grc' dir='ltr'><em>ὁ</em></span> <span class='ocrx_word' id='word_1_124' title='bbox 1587 1177 1721 1229; x_wconf 81' lang='grc' dir='ltr'><em>τρυ-</em></span> 
     </span>
    </p>
   </div>
   <div class='ocr_carea' id='block_1_16' title="bbox 1835 1160 3406 1236">
    <p class='ocr_par' dir='ltr' id='par_1_16' title="bbox 1835 1162 3406 1234">
     <span class='ocr_line' id='line_1_16' title="bbox 1835 1162 3406 1234; baseline 0.001 -18"><span class='ocrx_word' id='word_1_125' title='bbox 1835 1162 2157 1231; x_wconf 76' lang='lat' dir='ltr'><strong>Consumpta</strong></span> <span class='ocrx_word' id='word_1_126' title='bbox 2216 1174 2291 1216; x_wconf 87' lang='lat' dir='ltr'><strong>est</strong></span> <span class='ocrx_word' id='word_1_127' title='bbox 2348 1162 2633 1218; x_wconf 78' lang='lat' dir='ltr'><strong>vindemia.</strong></span> <span class='ocrx_word' id='word_1_128' title='bbox 2697 1163 2929 1218; x_wconf 72' lang='lat' dir='ltr'><strong>Cessavit</strong></span> <span class='ocrx_word' id='word_1_129' title='bbox 2970 1183 3164 1234; x_wconf 81' lang='lat' dir='ltr'><strong>semen,</strong></span> <span class='ocrx_word' id='word_1_130' title='bbox 3201 1175 3258 1221; x_wconf 85' lang='lat' dir='ltr'><strong>ut</strong></span> <span class='ocrx_word' id='word_1_131' title='bbox 3304 1183 3406 1221; x_wconf 87' lang='lat' dir='ltr'><strong>non</strong></span> 
     </span>
    </p>
   </div>
   <div class='ocr_carea' id='block_1_17' title="bbox 188 1253 1759 1336">
    <p class='ocr_par' dir='ltr' id='par_1_17' title="bbox 188 1253 1723 1336">
     <span class='ocr_line' id='line_1_17' title="bbox 188 1253 1723 1336; baseline -0.007 -18"><span class='ocrx_word' id='word_1_132' title='bbox 188 1264 354 1336; x_wconf 82' lang='grc' dir='ltr'><em>τητός.</em></span> <span class='ocrx_word' id='word_1_133' title='bbox 384 1260 683 1315; x_wconf 80' lang='grc' dir='ltr'><em>Πέπαυται</em></span> <span class='ocrx_word' id='word_1_134' title='bbox 720 1260 753 1312; x_wconf 84' lang='grc' dir='ltr'><em>ὁ</em></span> <span class='ocrx_word' id='word_1_135' title='bbox 793 1259 1026 1325; x_wconf 81' lang='grc' dir='ltr'><em>σπόρος</em></span> <span class='ocrx_word' id='word_1_136' title='bbox 1051 1294 1065 1319; x_wconf 88' lang='grc'><strong><em>,</em></strong></span> <span class='ocrx_word' id='word_1_137' title='bbox 1104 1254 1207 1310; x_wconf 77' lang='grc' dir='ltr'><em>καὶ</em></span> <span class='ocrx_word' id='word_1_138' title='bbox 1243 1253 1443 1309; x_wconf 84' lang='grc' dir='ltr'><em>οὐκέτι</em></span> <span class='ocrx_word' id='word_1_139' title='bbox 1497 1253 1582 1323; x_wconf 75' lang='grc' dir='ltr'><em>μὴ</em></span> <span class='ocrx_word' id='word_1_140' title='bbox 1620 1253 1723 1308; x_wconf 76' lang='grc' dir='ltr'><strong>ἕλ-</strong></span> 
     </span>
    </p>
   </div>
   <div class='ocr_carea' id='block_1_18' title="bbox 865 1253 2436 1336">
    <p class='ocr_par' dir='ltr' id='par_1_18' title="bbox 865 1253 2436 1325">
     <span class='ocr_line' id='line_1_18' title="bbox 865 1253 2436 1325; baseline -0.001 -14"><span class='ocrx_word' id='word_1_141' title='bbox 865 1259 1026 1325; x_wconf 82' lang='grc' dir='ltr'><em>ιόρος</em></span> <span class='ocrx_word' id='word_1_142' title='bbox 1051 1294 1065 1319; x_wconf 88' lang='grc'><strong><em>,</em></strong></span> <span class='ocrx_word' id='word_1_143' title='bbox 1104 1254 1207 1310; x_wconf 77' lang='grc' dir='ltr'><em>καὶ</em></span> <span class='ocrx_word' id='word_1_144' title='bbox 1243 1253 1443 1309; x_wconf 84' lang='grc' dir='ltr'><em>οὐκέτι</em></span> <span class='ocrx_word' id='word_1_145' title='bbox 1497 1253 1582 1323; x_wconf 75' lang='grc' dir='ltr'><em>μὴ</em></span> <span class='ocrx_word' id='word_1_146' title='bbox 1620 1253 1723 1308; x_wconf 76' lang='grc' dir='ltr'><strong>ἕλ-</strong></span> <span class='ocrx_word' id='word_1_147' title='bbox 1831 1254 2063 1316; x_wconf 83' lang='lat' dir='ltr'><strong>amplius</strong></span> <span class='ocrx_word' id='word_1_148' title='bbox 2099 1254 2293 1314; x_wconf 88' lang='lat' dir='ltr'><strong>veniat,</strong></span> <span class='ocrx_word' id='word_1_149' title='bbox 2330 1262 2436 1310; x_wconf 90' lang='lat' dir='ltr'><strong>etc.</strong></span> 
     </span>
    </p>
   </div>
   <div class='ocr_carea' id='block_1_19' title="bbox 255 1348 488 1412">
    <p class='ocr_par' dir='ltr' id='par_1_19' title="bbox 255 1348 488 1412">
     <span class='ocr_line' id='line_1_19' title="bbox 255 1348 488 1412; baseline -0.009 -7"><span class='ocrx_word' id='word_1_150' title='bbox 255 1394 266 1412; x_wconf 90' lang='lat'><strong>.</strong></span> <span class='ocrx_word' id='word_1_151' title='bbox 288 1370 331 1405; x_wconf 84' lang='grc' dir='ltr'><strong>κ.</strong></span> <span class='ocrx_word' id='word_1_152' title='bbox 359 1367 407 1403; x_wconf 86' lang='grc' dir='ltr'><strong>τ.</strong></span> <span class='ocrx_word' id='word_1_153' title='bbox 439 1348 488 1403; x_wconf 87' lang='grc' dir='ltr'><strong>λ.</strong></span> 
     </span>
    </p>
   </div>
   <div class='ocr_carea' id='block_1_20' title="bbox 187 1359 1758 1510">
    <p class='ocr_par' dir='ltr' id='par_1_20' title="bbox 187 1359 1726 1510">
     <span class='ocr_line' id='line_1_20' title="bbox 255 1359 488 1412; baseline -0.009 -7"><span class='ocrx_word' id='word_1_154' title='bbox 255 1394 266 1412; x_wconf 89' lang='grc'><em>.</em></span> <span class='ocrx_word' id='word_1_155' title='bbox 288 1370 331 1405; x_wconf 84' lang='grc' dir='ltr'><strong>κ.</strong></span> <span class='ocrx_word' id='word_1_156' title='bbox 359 1367 407 1403; x_wconf 86' lang='grc' dir='ltr'><strong>τ.</strong></span> <span class='ocrx_word' id='word_1_157' title='bbox 439 1359 488 1403; x_wconf 82' lang='grc' dir='ltr'><em>λ.</em></span> 
     </span>
     <span class='ocr_line' id='line_1_21' title="bbox 187 1359 1726 1510; baseline -0.005 -14"><span class='ocrx_word' id='word_1_158' title='bbox 187 1359 360 1509; x_wconf 61' lang='grc' dir='ltr'><strong>θῃΠερὶ</strong></span> <span class='ocrx_word' id='word_1_159' title='bbox 386 1441 481 1510; x_wconf 83' lang='grc' dir='ltr'><strong>τῆς</strong></span> <span class='ocrx_word' id='word_1_160' title='bbox 528 1439 868 1509; x_wconf 81' lang='grc' dir='ltr'><em>θεοφανειας,</em></span> <span class='ocrx_word' id='word_1_161' title='bbox 908 1441 1004 1493; x_wconf 77' lang='grc' dir='ltr'><strong>καὶ</strong></span> <span class='ocrx_word' id='word_1_162' title='bbox 1034 1438 1142 1493; x_wconf 82' lang='grc' dir='ltr'><strong>τῶν</strong></span> <span class='ocrx_word' id='word_1_163' title='bbox 1193 1430 1505 1490; x_wconf 79' lang='grc' dir='ltr'><strong>ἀποστόλων</strong></span> <span class='ocrx_word' id='word_1_164' title='bbox 1542 1435 1640 1507; x_wconf 85' lang='grc' dir='ltr'><strong>τῆς</strong></span> <span class='ocrx_word' id='word_1_165' title='bbox 1667 1446 1726 1490; x_wconf 85' lang='grc' dir='ltr'><strong>τε</strong></span> 
     </span>
    </p>
   </div>
   <div class='ocr_carea' id='block_1_21' title="bbox 1833 1359 3404 1510">
    <p class='ocr_par' dir='ltr' id='par_1_21' title="bbox 1896 1430 3404 1509">
     <span class='ocr_line' id='line_1_22' title="bbox 1896 1430 3404 1509; baseline -0.005 -14"><span class='ocrx_word' id='word_1_166' title='bbox 1896 1430 2064 1508; x_wconf 75' lang='lat'><strong>386</strong></span> <span class='ocrx_word' id='word_1_167' title='bbox 2091 1432 2386 1509; x_wconf 82' lang='lat' dir='ltr'><strong>Postquam</strong></span> <span class='ocrx_word' id='word_1_168' title='bbox 2428 1439 2495 1493; x_wconf 88' lang='lat' dir='ltr'><strong>de</strong></span> <span class='ocrx_word' id='word_1_169' title='bbox 2525 1432 2617 1494; x_wconf 90' lang='lat' dir='ltr'><strong>Dei</strong></span> <span class='ocrx_word' id='word_1_170' title='bbox 2652 1438 3019 1509; x_wconf 87' lang='lat' dir='ltr'><strong>apparitione,</strong></span> <span class='ocrx_word' id='word_1_171' title='bbox 3053 1439 3231 1508; x_wconf 86' lang='lat' dir='ltr'><strong>deque</strong></span> <span class='ocrx_word' id='word_1_172' title='bbox 3275 1451 3404 1506; x_wconf 82' lang='lat' dir='ltr'><strong>apo-</strong></span> 
     </span>
    </p>
   </div>
   <div class='ocr_carea' id='block_1_22' title="bbox 183 1528 1754 1606">
    <p class='ocr_par' dir='ltr' id='par_1_22' title="bbox 183 1528 1725 1606">
     <span class='ocr_line' id='line_1_23' title="bbox 183 1528 1725 1606; baseline -0.003 -19"><span class='ocrx_word' id='word_1_173' title='bbox 183 1538 395 1606; x_wconf 80' lang='grc' dir='ltr'><strong>κλήσεως</strong></span> <span class='ocrx_word' id='word_1_174' title='bbox 448 1531 619 1587; x_wconf 76' lang='grc' dir='ltr'><em>εἰπὼν</em></span> <span class='ocrx_word' id='word_1_175' title='bbox 669 1532 779 1585; x_wconf 84' lang='grc' dir='ltr'><em>τῶν</em></span> <span class='ocrx_word' id='word_1_176' title='bbox 843 1532 1038 1596; x_wconf 82' lang='grc' dir='ltr'><em>ἐθνῶν,</em></span> <span class='ocrx_word' id='word_1_177' title='bbox 1066 1531 1160 1584; x_wconf 88' lang='grc' dir='ltr'><strong>νῦν</strong></span> <span class='ocrx_word' id='word_1_178' title='bbox 1210 1529 1290 1600; x_wconf 84' lang='grc' dir='ltr'><em>τῷ</em></span> <span class='ocrx_word' id='word_1_179' title='bbox 1325 1531 1389 1583; x_wconf 83' lang='grc' dir='ltr'><strong>ὲκ</strong></span> <span class='ocrx_word' id='word_1_180' title='bbox 1421 1528 1725 1600; x_wconf 83' lang='grc' dir='ltr'><strong>περιτομῆς</strong></span> 
     </span>
    </p>
   </div>
   <div class='ocr_carea' id='block_1_23' title="bbox 1837 1528 3408 1606">
    <p class='ocr_par' dir='ltr' id='par_1_23' title="bbox 1837 1529 3408 1601">
     <span class='ocr_line' id='line_1_24' title="bbox 1837 1529 3408 1601; baseline -0.002 -16"><span class='ocrx_word' id='word_1_181' title='bbox 1837 1530 2095 1585; x_wconf 68' lang='lat' dir='ltr'><strong>Stolorum</strong></span> <span class='ocrx_word' id='word_1_182' title='bbox 2140 1539 2193 1585; x_wconf 88' lang='lat' dir='ltr'><strong>ct</strong></span> <span class='ocrx_word' id='word_1_183' title='bbox 2233 1532 2477 1601; x_wconf 80' lang='lat' dir='ltr'><strong>gentium</strong></span> <span class='ocrx_word' id='word_1_184' title='bbox 2530 1533 2817 1587; x_wconf 77' lang='lat' dir='ltr'><strong>vocatione</strong></span> <span class='ocrx_word' id='word_1_185' title='bbox 2857 1530 3148 1596; x_wconf 83' lang='lat' dir='ltr'><strong>disseruit,</strong></span> <span class='ocrx_word' id='word_1_186' title='bbox 3186 1530 3250 1585; x_wconf 87' lang='lat' dir='ltr'><strong>ad</strong></span> <span class='ocrx_word' id='word_1_187' title='bbox 3300 1529 3408 1584; x_wconf 64' lang='lat' dir='ltr'><strong>cir~</strong></span> 
     </span>
    </p>
   </div>
   <div class='ocr_carea' id='block_1_24' title="bbox 182 1621 1753 1700">
    <p class='ocr_par' dir='ltr' id='par_1_24' title="bbox 182 1621 1724 1700">
     <span class='ocr_line' id='line_1_25' title="bbox 182 1621 1724 1700; baseline -0.006 -18"><span class='ocrx_word' id='word_1_188' title='bbox 182 1629 454 1700; x_wconf 79' lang='grc' dir='ltr'><em>προσφωνεῖ</em></span> <span class='ocrx_word' id='word_1_189' title='bbox 505 1624 622 1697; x_wconf 88' lang='grc' dir='ltr'><em>λαῷ</em></span> <span class='ocrx_word' id='word_1_190' title='bbox 666 1625 1178 1697; x_wconf 70' lang='grc' dir='ltr'><em>παραιελευόμενος</em></span> <span class='ocrx_word' id='word_1_191' title='bbox 1237 1622 1488 1693; x_wconf 87' lang='grc' dir='ltr'><strong>θρηνεῖν,</strong></span> <span class='ocrx_word' id='word_1_192' title='bbox 1517 1622 1591 1686; x_wconf 84' lang='grc' dir='ltr'><em>ὡς</em></span> <span class='ocrx_word' id='word_1_193' title='bbox 1631 1621 1724 1674; x_wconf 82' lang='grc' dir='ltr'><strong>ὲκ-</strong></span> 
     </span>
    </p>
   </div>
   <div class='ocr_carea' id='block_1_25' title="bbox 1831 1621 3402 1700">
    <p class='ocr_par' dir='ltr' id='par_1_25' title="bbox 1831 1621 3402 1694">
     <span class='ocr_line' id='line_1_26' title="bbox 1831 1621 3402 1694; baseline -0.001 -16"><span class='ocrx_word' id='word_1_194' title='bbox 1831 1622 2134 1678; x_wconf 90' lang='lat' dir='ltr'><strong>cumcisum</strong></span> <span class='ocrx_word' id='word_1_195' title='bbox 2171 1624 2428 1694; x_wconf 87' lang='lat' dir='ltr'><strong>populum</strong></span> <span class='ocrx_word' id='word_1_196' title='bbox 2468 1624 2772 1679; x_wconf 89' lang='lat' dir='ltr'><strong>orationem</strong></span> <span class='ocrx_word' id='word_1_197' title='bbox 2816 1621 3109 1686; x_wconf 83' lang='lat' dir='ltr'><strong>convertit,</strong></span> <span class='ocrx_word' id='word_1_198' title='bbox 3147 1636 3402 1691; x_wconf 81' lang='lat' dir='ltr'><strong>eumque,</strong></span> 
     </span>
    </p>
   </div>
   <div class='ocr_carea' id='block_1_26' title="bbox 180 1714 1751 1788">
    <p class='ocr_par' dir='ltr' id='par_1_26' title="bbox 180 1715 1725 1788">
     <span class='ocr_line' id='line_1_27' title="bbox 180 1715 1725 1788; baseline -0.001 -17"><span class='ocrx_word' id='word_1_199' title='bbox 180 1715 449 1771; x_wconf 72' lang='grc' dir='ltr'>πεπωκότι</span> <span class='ocrx_word' id='word_1_200' title='bbox 469 1716 567 1785; x_wconf 85' lang='grc' dir='ltr'><strong>τῆς</strong></span> <span class='ocrx_word' id='word_1_201' title='bbox 596 1717 820 1788; x_wconf 83' lang='grc' dir='ltr'><em>χάριτος</em></span> <span class='ocrx_word' id='word_1_202' title='bbox 847 1715 906 1782; x_wconf 76' lang='grc' dir='ltr'><strong>ἐξ</strong></span> <span class='ocrx_word' id='word_1_203' title='bbox 927 1716 1209 1780; x_wconf 76' lang='grc' dir='ltr'><strong>ἀπιστίας.</strong></span> <span class='ocrx_word' id='word_1_204' title='bbox 1238 1716 1346 1780; x_wconf 81' lang='grc' dir='ltr'><strong>Οὓς</strong></span> <span class='ocrx_word' id='word_1_205' title='bbox 1382 1716 1470 1771; x_wconf 85' lang='grc' dir='ltr'><strong>διὰ</strong></span> <span class='ocrx_word' id='word_1_206' title='bbox 1516 1716 1578 1770; x_wconf 78' lang='grc' dir='ltr'><em>τὸ</em></span> <span class='ocrx_word' id='word_1_207' title='bbox 1625 1716 1725 1787; x_wconf 82' lang='grc' dir='ltr'><strong>τῆς</strong></span> 
     </span>
    </p>
   </div>
   <div class='ocr_carea' id='block_1_27' title="bbox 1833 1714 3404 1788">
    <p class='ocr_par' dir='ltr' id='par_1_27' title="bbox 1833 1714 3404 1786">
     <span class='ocr_line' id='line_1_28' title="bbox 1833 1714 3404 1786; baseline -0.001 -19"><span class='ocrx_word' id='word_1_208' title='bbox 1833 1714 1975 1785; x_wconf 88' lang='lat' dir='ltr'><strong>quod</strong></span> <span class='ocrx_word' id='word_1_209' title='bbox 2018 1726 2237 1786; x_wconf 82' lang='lat' dir='ltr'><strong>propter</strong></span> <span class='ocrx_word' id='word_1_210' title='bbox 2287 1716 2728 1771; x_wconf 80' lang='lat' dir='ltr'><strong>incredulitatem</strong></span> <span class='ocrx_word' id='word_1_211' title='bbox 2770 1716 3048 1779; x_wconf 82' lang='lat' dir='ltr'><strong>ceciderit,</strong></span> <span class='ocrx_word' id='word_1_212' title='bbox 3086 1716 3151 1770; x_wconf 89' lang='lat' dir='ltr'><strong>ad</strong></span> <span class='ocrx_word' id='word_1_213' title='bbox 3199 1715 3404 1769; x_wconf 89' lang='lat' dir='ltr'><strong>luctum</strong></span> 
     </span>
    </p>
   </div>
   <div class='ocr_carea' id='block_1_28' title="bbox 178 1808 1749 1882">
    <p class='ocr_par' dir='ltr' id='par_1_28' title="bbox 178 1808 1722 1882">
     <span class='ocr_line' id='line_1_29' title="bbox 178 1808 1722 1882; baseline -0.001 -19"><span class='ocrx_word' id='word_1_214' title='bbox 178 1810 326 1882; x_wconf 74' lang='grc' dir='ltr'><em>ψυχῆς</em></span> <span class='ocrx_word' id='word_1_215' title='bbox 350 1809 587 1873; x_wconf 80' lang='grc' dir='ltr'><strong>ἔκλυτον,</strong></span> <span class='ocrx_word' id='word_1_216' title='bbox 639 1808 930 1881; x_wconf 72' lang='grc' dir='ltr'><em>γυναῖκας</em></span> <span class='ocrx_word' id='word_1_217' title='bbox 964 1809 1139 1863; x_wconf 85' lang='grc' dir='ltr'><em>καλεῖ.</em></span> <span class='ocrx_word' id='word_1_218' title='bbox 1177 1811 1386 1879; x_wconf 83' lang='grc' dir='ltr'><em>Ἥγουν</em></span> <span class='ocrx_word' id='word_1_219' title='bbox 1410 1810 1509 1874; x_wconf 79' lang='grc' dir='ltr'><em>τὰς</em></span> <span class='ocrx_word' id='word_1_220' title='bbox 1539 1808 1722 1863; x_wconf 82' lang='grc' dir='ltr'><em>αὐτῶν</em></span> 
     </span>
    </p>
   </div>
   <div class='ocr_carea' id='block_1_29' title="bbox 1834 1808 3405 1882">
    <p class='ocr_par' dir='ltr' id='par_1_29' title="bbox 1834 1808 3405 1880">
     <span class='ocr_line' id='line_1_30' title="bbox 1834 1808 3405 1880; baseline -0.001 -18"><span class='ocrx_word' id='word_1_221' title='bbox 1834 1809 2106 1874; x_wconf 84' lang='lat' dir='ltr'><strong>hortatur,</strong></span> <span class='ocrx_word' id='word_1_222' title='bbox 2140 1816 2195 1864; x_wconf 91' lang='lat' dir='ltr'><strong>et</strong></span> <span class='ocrx_word' id='word_1_223' title='bbox 2235 1818 2465 1880; x_wconf 82' lang='lat' dir='ltr'><strong>praptcr</strong></span> <span class='ocrx_word' id='word_1_224' title='bbox 2499 1809 2668 1863; x_wconf 90' lang='lat' dir='ltr'><strong>animi</strong></span> <span class='ocrx_word' id='word_1_225' title='bbox 2714 1809 3000 1864; x_wconf 88' lang='lat' dir='ltr'><strong>mollitiem</strong></span> <span class='ocrx_word' id='word_1_226' title='bbox 3030 1808 3276 1863; x_wconf 80' lang='lat' dir='ltr'><strong>mulieres</strong></span> <span class='ocrx_word' id='word_1_227' title='bbox 3310 1821 3405 1860; x_wconf 82' lang='grc' dir='ltr'><em>νο-</em></span> 
     </span>
    </p>
   </div>
   <div class='ocr_carea' id='block_1_30' title="bbox 180 1898 1751 1973">
    <p class='ocr_par' dir='ltr' id='par_1_30' title="bbox 180 1900 1751 1973">
     <span class='ocr_line' id='line_1_31' title="bbox 180 1900 1751 1973; baseline 0.002 -17"><span class='ocrx_word' id='word_1_228' title='bbox 180 1901 464 1971; x_wconf 80' lang='grc' dir='ltr'><em>συναγωγὰς</em></span> <span class='ocrx_word' id='word_1_229' title='bbox 494 1900 640 1955; x_wconf 77' lang='grc' dir='ltr'><em>οὕτω</em></span> <span class='ocrx_word' id='word_1_230' title='bbox 684 1900 979 1973; x_wconf 75' lang='grc' dir='ltr'><em>δηλοῦσθαι</em></span> <span class='ocrx_word' id='word_1_231' title='bbox 1011 1919 1195 1971; x_wconf 81' lang='grc' dir='ltr'><em>φασιν.</em></span> <span class='ocrx_word' id='word_1_232' title='bbox 1221 1904 1284 1957; x_wconf 81' lang='lat' dir='ltr'><strong>0i</strong></span> <span class='ocrx_word' id='word_1_233' title='bbox 1322 1902 1378 1955; x_wconf 83' lang='grc' dir='ltr'><em>δὲ</em></span> <span class='ocrx_word' id='word_1_234' title='bbox 1408 1902 1585 1956; x_wconf 59' lang='grc' dir='ltr'><strong>λοιποὶ⁴</strong></span> <span class='ocrx_word' id='word_1_235' title='bbox 1611 1902 1719 1955; x_wconf 86' lang='grc' dir='ltr'><em>τῶν</em></span> <span class='ocrx_word' id='word_1_236' title='bbox 1750 1906 1751 1959; x_wconf 81' lang='grc' dir='ltr'>Ῐ</span> 
     </span>
    </p>
   </div>
   <div class='ocr_carea' id='block_1_31' title="bbox 1833 1898 3404 1973">
    <p class='ocr_par' dir='ltr' id='par_1_31' title="bbox 1833 1898 3404 1971">
     <span class='ocr_line' id='line_1_32' title="bbox 1833 1898 3404 1971; baseline 0 -19"><span class='ocrx_word' id='word_1_237' title='bbox 1833 1904 1929 1959; x_wconf 85' lang='lat' dir='ltr'><strong>:at.</strong></span> <span class='ocrx_word' id='word_1_238' title='bbox 1968 1905 2027 1953; x_wconf 93' lang='lat' dir='ltr'><strong>ut</strong></span> <span class='ocrx_word' id='word_1_239' title='bbox 2061 1899 2167 1954; x_wconf 88' lang='lat' dir='ltr'><strong>hoc</strong></span> <span class='ocrx_word' id='word_1_240' title='bbox 2222 1901 2446 1955; x_wconf 88' lang='lat' dir='ltr'><strong>nomine</strong></span> <span class='ocrx_word' id='word_1_241' title='bbox 2492 1914 2797 1971; x_wconf 77' lang='lat' dir='ltr'><strong>synagogas</strong></span> <span class='ocrx_word' id='word_1_242' title='bbox 2849 1913 3040 1954; x_wconf 89' lang='lat' dir='ltr'><strong>eorum</strong></span> <span class='ocrx_word' id='word_1_243' title='bbox 3089 1900 3269 1954; x_wconf 88' lang='lat' dir='ltr'><strong>notari</strong></span> <span class='ocrx_word' id='word_1_244' title='bbox 3307 1898 3404 1953; x_wconf 85' lang='lat' dir='ltr'><strong>de-</strong></span> 
     </span>
    </p>
   </div>
   <div class='ocr_carea' id='block_1_32' title="bbox 178 1990 1749 2066">
    <p class='ocr_par' dir='ltr' id='par_1_32' title="bbox 178 1992 1721 2066">
     <span class='ocr_line' id='line_1_33' title="bbox 178 1992 1721 2066; baseline -0.001 -18"><span class='ocrx_word' id='word_1_245' title='bbox 178 1992 508 2066; x_wconf 74' lang='grc' dir='ltr'><em>ὲρμηνευτῶν,</em></span> <span class='ocrx_word' id='word_1_246' title='bbox 539 1993 822 2064; x_wconf 75' lang='grc' dir='ltr'><em>γυναῖκες</em></span> <span class='ocrx_word' id='word_1_247' title='bbox 844 1992 1235 2061; x_wconf 81' lang='grc' dir='ltr'><em>εὐθηνοῦσαι,</em></span> <span class='ocrx_word' id='word_1_248' title='bbox 1267 1994 1452 2063; x_wconf 65' lang='grc' dir='ltr'><em>φασιν,</em></span> <span class='ocrx_word' id='word_1_249' title='bbox 1483 1994 1604 2049; x_wconf 74' lang='grc' dir='ltr'><em>ἀντὶ</em></span> <span class='ocrx_word' id='word_1_250' title='bbox 1626 1993 1721 2046; x_wconf 87' lang='grc' dir='ltr'><em>τοῦ</em></span> 
     </span>
    </p>
   </div>
   <div class='ocr_carea' id='block_1_33' title="bbox 1833 1990 3404 2066">
    <p class='ocr_par' dir='ltr' id='par_1_33' title="bbox 1833 1990 3404 2064">
     <span class='ocr_line' id='line_1_34' title="bbox 1833 1990 3404 2064; baseline -0.001 -19"><span class='ocrx_word' id='word_1_251' title='bbox 1833 2001 2115 2053; x_wconf 86' lang='lat' dir='ltr'><strong>monstret.</strong></span> <span class='ocrx_word' id='word_1_252' title='bbox 2146 1993 2367 2064; x_wconf 77' lang='lat' dir='ltr'><strong>Reliqui</strong></span> <span class='ocrx_word' id='word_1_253' title='bbox 2407 2004 2586 2050; x_wconf 88' lang='lat' dir='ltr'><strong>autem</strong></span> <span class='ocrx_word' id='word_1_254' title='bbox 2618 1994 2973 2063; x_wconf 84' lang='lat' dir='ltr'><strong>interpretes,</strong></span> <span class='ocrx_word' id='word_1_255' title='bbox 3004 1992 3249 2046; x_wconf 85' lang='lat' dir='ltr'><strong>mulieres</strong></span> <span class='ocrx_word' id='word_1_256' title='bbox 3282 1990 3404 2043; x_wconf 85' lang='lat' dir='ltr'><strong>bene</strong></span> 
     </span>
    </p>
   </div>
   <div class='ocr_carea' id='block_1_34' title="bbox 177 2080 1748 2158">
    <p class='ocr_par' dir='ltr' id='par_1_34' title="bbox 177 2085 1723 2158">
     <span class='ocr_line' id='line_1_35' title="bbox 177 2085 1723 2158; baseline -0.001 -18"><span class='ocrx_word' id='word_1_257' title='bbox 177 2088 446 2142; x_wconf 75' lang='grc' dir='ltr'><em>πλούσιαι.</em></span> <span class='ocrx_word' id='word_1_258' title='bbox 472 2087 650 2142; x_wconf 78' lang='grc' dir='ltr'><em>Πάλαι</em></span> <span class='ocrx_word' id='word_1_259' title='bbox 674 2087 781 2158; x_wconf 81' lang='grc' dir='ltr'><strong>γὰρ</strong></span> <span class='ocrx_word' id='word_1_260' title='bbox 820 2086 1164 2141; x_wconf 75' lang='grc' dir='ltr'><em>ἐπλούτουν</em></span> <span class='ocrx_word' id='word_1_261' title='bbox 1194 2086 1560 2154; x_wconf 81' lang='grc' dir='ltr'><em>εὐθηνοῦσαι</em></span> <span class='ocrx_word' id='word_1_262' title='bbox 1576 2085 1723 2140; x_wconf 84' lang='grc' dir='ltr'><em>κατὰ</em></span> 
     </span>
    </p>
   </div>
   <div class='ocr_carea' id='block_1_35' title="bbox 1829 2080 3400 2158">
    <p class='ocr_par' dir='ltr' id='par_1_35' title="bbox 1829 2080 3400 2154">
     <span class='ocr_line' id='line_1_36' title="bbox 1829 2080 3400 2154; baseline -0.001 -20"><span class='ocrx_word' id='word_1_263' title='bbox 1829 2080 2093 2149; x_wconf 77' lang='lat' dir='ltr'><strong>habentes,</strong></span> <span class='ocrx_word' id='word_1_264' title='bbox 2127 2099 2226 2154; x_wconf 91' lang='lat' dir='ltr'><strong>pro</strong></span> <span class='ocrx_word' id='word_1_265' title='bbox 2272 2084 2536 2153; x_wconf 86' lang='lat' dir='ltr'><strong>opulentis</strong></span> <span class='ocrx_word' id='word_1_266' title='bbox 2583 2084 2861 2138; x_wconf 83' lang='lat' dir='ltr'><strong>dixerunt.</strong></span> <span class='ocrx_word' id='word_1_267' title='bbox 2903 2081 3045 2138; x_wconf 90' lang='lat' dir='ltr'><strong>Olim</strong></span> <span class='ocrx_word' id='word_1_268' title='bbox 3089 2080 3236 2136; x_wconf 90' lang='lat' dir='ltr'><strong>enim</strong></span> <span class='ocrx_word' id='word_1_269' title='bbox 3277 2095 3400 2136; x_wconf 89' lang='lat' dir='ltr'><strong>cum</strong></span> 
     </span>
    </p>
   </div>
   <div class='ocr_carea' id='block_1_36' title="bbox 179 2172 1750 2251">
    <p class='ocr_par' dir='ltr' id='par_1_36' title="bbox 179 2178 1719 2251">
     <span class='ocr_line' id='line_1_37' title="bbox 179 2178 1719 2251; baseline -0.003 -18"><span class='ocrx_word' id='word_1_270' title='bbox 179 2180 317 2233; x_wconf 86' lang='grc' dir='ltr'><em>Θεόν.</em></span> <span class='ocrx_word' id='word_1_271' title='bbox 358 2178 637 2251; x_wconf 79' lang='grc' dir='ltr'><em>Ἐτρύφων</em></span> <span class='ocrx_word' id='word_1_272' title='bbox 692 2179 749 2233; x_wconf 85' lang='grc' dir='ltr'><em>δὲ</em></span> <span class='ocrx_word' id='word_1_273' title='bbox 804 2179 933 2243; x_wconf 83' lang='grc' dir='ltr'><strong>ἴσως</strong></span> <span class='ocrx_word' id='word_1_274' title='bbox 995 2181 1087 2231; x_wconf 76' lang='grc' dir='ltr'><strong>καὶ</strong></span> <span class='ocrx_word' id='word_1_275' title='bbox 1116 2179 1359 2246; x_wconf 80' lang='grc' dir='ltr'><em>πλούτῳ</em></span> <span class='ocrx_word' id='word_1_276' title='bbox 1400 2178 1719 2249; x_wconf 81' lang='grc' dir='ltr'><strong>σωματικῷ.</strong></span> 
     </span>
    </p>
   </div>
   <div class='ocr_carea' id='block_1_37' title="bbox 1831 2172 3402 2251">
    <p class='ocr_par' dir='ltr' id='par_1_37' title="bbox 1831 2172 3402 2243">
     <span class='ocr_line' id='line_1_38' title="bbox 1831 2172 3402 2243; baseline 0.001 -17"><span class='ocrx_word' id='word_1_277' title='bbox 1831 2172 1949 2228; x_wconf 87' lang='lat' dir='ltr'><strong>bene</strong></span> <span class='ocrx_word' id='word_1_278' title='bbox 1991 2190 2110 2229; x_wconf 85' lang='lat' dir='ltr'><strong>cum</strong></span> <span class='ocrx_word' id='word_1_279' title='bbox 2155 2175 2263 2232; x_wconf 90' lang='lat' dir='ltr'><strong>Deo</strong></span> <span class='ocrx_word' id='word_1_280' title='bbox 2308 2176 2577 2243; x_wconf 82' lang='lat' dir='ltr'><strong>haberent,</strong></span> <span class='ocrx_word' id='word_1_281' title='bbox 2624 2176 2824 2231; x_wconf 85' lang='lat' dir='ltr'><strong>divitiis</strong></span> <span class='ocrx_word' id='word_1_282' title='bbox 2870 2173 3256 2230; x_wconf 81' lang='lat' dir='ltr'><strong>abundabant:</strong></span> <span class='ocrx_word' id='word_1_283' title='bbox 3293 2173 3402 2229; x_wconf 81' lang='lat' dir='ltr'><strong>for-</strong></span> 
     </span>
    </p>
   </div>
   <div class='ocr_carea' id='block_1_38' title="bbox 176 2266 1747 2343">
    <p class='ocr_par' dir='ltr' id='par_1_38' title="bbox 176 2266 1722 2343">
     <span class='ocr_line' id='line_1_39' title="bbox 176 2266 1722 2343; baseline -0.001 -20"><span class='ocrx_word' id='word_1_284' title='bbox 176 2270 307 2334; x_wconf 79' lang='grc' dir='ltr'><em>Τινὲς</em></span> <span class='ocrx_word' id='word_1_285' title='bbox 328 2270 380 2325; x_wconf 85' lang='grc' dir='ltr'><em>δέ</em></span> <span class='ocrx_word' id='word_1_286' title='bbox 413 2287 603 2340; x_wconf 73' lang='grc' dir='ltr'><strong>φασιν,</strong></span> <span class='ocrx_word' id='word_1_287' title='bbox 634 2270 711 2334; x_wconf 84' lang='grc' dir='ltr'><em>ὡς</em></span> <span class='ocrx_word' id='word_1_288' title='bbox 738 2269 857 2334; x_wconf 69' lang='grc' dir='ltr'><em>ἔθος</em></span> <span class='ocrx_word' id='word_1_289' title='bbox 884 2273 950 2343; x_wconf 79' lang='grc' dir='ltr'><em>τῇ</em></span> <span class='ocrx_word' id='word_1_290' title='bbox 986 2266 1179 2341; x_wconf 76' lang='grc' dir='ltr'><strong>Γραφῇ</strong></span> <span class='ocrx_word' id='word_1_291' title='bbox 1233 2269 1524 2338; x_wconf 72' lang='grc' dir='ltr'><em>γυναῖκας</em></span> <span class='ocrx_word' id='word_1_292' title='bbox 1537 2268 1722 2324; x_wconf 81' lang='grc' dir='ltr'><em>καλεῖν</em></span> 
     </span>
    </p>
   </div>
   <div class='ocr_carea' id='block_1_39' title="bbox 1825 2266 3396 2343">
    <p class='ocr_par' dir='ltr' id='par_1_39' title="bbox 1825 2266 3396 2339">
     <span class='ocr_line' id='line_1_40' title="bbox 1825 2266 3396 2339; baseline -0.001 -18"><span class='ocrx_word' id='word_1_293' title='bbox 1825 2266 1993 2323; x_wconf 88' lang='lat' dir='ltr'><strong>tassis</strong></span> <span class='ocrx_word' id='word_1_294' title='bbox 2027 2268 2195 2323; x_wconf 88' lang='lat' dir='ltr'><strong>etiam</strong></span> <span class='ocrx_word' id='word_1_295' title='bbox 2229 2277 2283 2325; x_wconf 92' lang='lat' dir='ltr'><strong>et</strong></span> <span class='ocrx_word' id='word_1_296' title='bbox 2312 2269 2595 2339; x_wconf 87' lang='lat' dir='ltr'><strong>corporeis</strong></span> <span class='ocrx_word' id='word_1_297' title='bbox 2629 2268 2985 2338; x_wconf 85' lang='lat' dir='ltr'><strong>voluptatibus</strong></span> <span class='ocrx_word' id='word_1_298' title='bbox 3023 2266 3396 2338; x_wconf 82' lang='lat' dir='ltr'><strong>indulgebant.</strong></span> 
     </span>
    </p>
   </div>
   <div class='ocr_carea' id='block_1_40' title="bbox 174 2356 1745 2433">
    <p class='ocr_par' dir='ltr' id='par_1_40' title="bbox 174 2360 1721 2433">
     <span class='ocr_line' id='line_1_41' title="bbox 174 2360 1721 2433; baseline 0.002 -20"><span class='ocrx_word' id='word_1_299' title='bbox 174 2360 350 2425; x_wconf 79' lang='grc' dir='ltr'><em>πόλεις,</em></span> <span class='ocrx_word' id='word_1_300' title='bbox 410 2361 443 2432; x_wconf 77' lang='grc' dir='ltr'><strong>ἦ</strong></span> <span class='ocrx_word' id='word_1_301' title='bbox 501 2360 719 2433; x_wconf 78' lang='grc' dir='ltr'><em>κώμας.</em></span> <span class='ocrx_word' id='word_1_302' title='bbox 773 2360 886 2416; x_wconf 76' lang='grc' dir='ltr'><strong>Καὶ</strong></span> <span class='ocrx_word' id='word_1_303' title='bbox 930 2361 1316 2433; x_wconf 81' lang='grc' dir='ltr'><strong>μητροπόλεως</strong></span> <span class='ocrx_word' id='word_1_304' title='bbox 1373 2360 1540 2432; x_wconf 77' lang='grc' dir='ltr'><em>οὔσης</em></span> <span class='ocrx_word' id='word_1_305' title='bbox 1569 2364 1721 2432; x_wconf 80' lang='grc' dir='ltr'><em>μιᾶς,</em></span> 
     </span>
    </p>
   </div>
   <div class='ocr_carea' id='block_1_41' title="bbox 1828 2356 3399 2433">
    <p class='ocr_par' dir='ltr' id='par_1_41' title="bbox 1828 2356 3399 2432">
     <span class='ocr_line' id='line_1_42' title="bbox 1828 2356 3399 2432; baseline 0.002 -20"><span class='ocrx_word' id='word_1_306' title='bbox 1828 2356 1996 2413; x_wconf 69' lang='lat' dir='ltr'><strong>Aiunt</strong></span> <span class='ocrx_word' id='word_1_307' title='bbox 2038 2374 2168 2414; x_wconf 89' lang='lat' dir='ltr'><strong>vero</strong></span> <span class='ocrx_word' id='word_1_308' title='bbox 2211 2362 2464 2416; x_wconf 89' lang='lat' dir='ltr'><strong>nonnulli</strong></span> <span class='ocrx_word' id='word_1_309' title='bbox 2513 2360 2812 2432; x_wconf 74' lang='lat' dir='ltr'><strong>Scriptura:</strong></span> <span class='ocrx_word' id='word_1_310' title='bbox 2845 2362 3105 2417; x_wconf 87' lang='lat' dir='ltr'><strong>usitatum</strong></span> <span class='ocrx_word' id='word_1_311' title='bbox 3144 2375 3300 2426; x_wconf 91' lang='lat' dir='ltr'><strong>esse,</strong></span> <span class='ocrx_word' id='word_1_312' title='bbox 3341 2368 3399 2415; x_wconf 88' lang='lat' dir='ltr'><strong>ut</strong></span> 
     </span>
    </p>
   </div>
   <div class='ocr_carea' id='block_1_42' title="bbox 173 2451 1744 2527">
    <p class='ocr_par' dir='ltr' id='par_1_42' title="bbox 173 2451 1723 2527">
     <span class='ocr_line' id='line_1_43' title="bbox 173 2451 1723 2527; baseline 0.001 -20"><span class='ocrx_word' id='word_1_313' title='bbox 173 2451 461 2522; x_wconf 76' lang='grc' dir='ltr'><em>θυγατέρας</em></span> <span class='ocrx_word' id='word_1_314' title='bbox 486 2454 664 2526; x_wconf 79' lang='grc' dir='ltr'><em>αὐτῆς</em></span> <span class='ocrx_word' id='word_1_315' title='bbox 688 2456 1123 2527; x_wconf 77' lang='grc' dir='ltr'><strong>προσαγορεύειν</strong></span> <span class='ocrx_word' id='word_1_316' title='bbox 1181 2457 1281 2520; x_wconf 72' lang='grc' dir='ltr'><em>τὰς</em></span> <span class='ocrx_word' id='word_1_317' title='bbox 1328 2455 1516 2518; x_wconf 72' lang='grc' dir='ltr'><em>ἄλλας,</em></span> <span class='ocrx_word' id='word_1_318' title='bbox 1567 2456 1723 2509; x_wconf 74' lang='grc' dir='ltr'><em>Οὕτω</em></span> 
     </span>
    </p>
   </div>
   <div class='ocr_carea' id='block_1_43' title="bbox 1827 2451 3398 2527">
    <p class='ocr_par' dir='ltr' id='par_1_43' title="bbox 1827 2451 3398 2524">
     <span class='ocr_line' id='line_1_44' title="bbox 1827 2451 3398 2524; baseline 0.001 -21"><span class='ocrx_word' id='word_1_319' title='bbox 1827 2451 1992 2507; x_wconf 89' lang='lat' dir='ltr'><strong>urbes</strong></span> <span class='ocrx_word' id='word_1_320' title='bbox 2023 2462 2072 2506; x_wconf 90' lang='lat' dir='ltr'><strong>et</strong></span> <span class='ocrx_word' id='word_1_321' title='bbox 2109 2466 2280 2524; x_wconf 80' lang='lat' dir='ltr'><strong>pagos</strong></span> <span class='ocrx_word' id='word_1_322' title='bbox 2310 2454 2552 2508; x_wconf 84' lang='lat' dir='ltr'><strong>mulieres</strong></span> <span class='ocrx_word' id='word_1_323' title='bbox 2581 2454 2833 2524; x_wconf 78' lang='lat' dir='ltr'><strong>appellet,</strong></span> <span class='ocrx_word' id='word_1_324' title='bbox 2868 2461 2921 2508; x_wconf 86' lang='lat' dir='ltr'><strong>et</strong></span> <span class='ocrx_word' id='word_1_325' title='bbox 2952 2469 3072 2506; x_wconf 76' lang='lat' dir='ltr'><strong>cum</strong></span> <span class='ocrx_word' id='word_1_326' title='bbox 3104 2452 3398 2506; x_wconf 86' lang='lat' dir='ltr'><strong>multarum</strong></span> 
     </span>
    </p>
   </div>
   <div class='ocr_carea' id='block_1_44' title="bbox 172 2541 1743 2620">
    <p class='ocr_par' dir='ltr' id='par_1_44' title="bbox 172 2544 1720 2620">
     <span class='ocr_line' id='line_1_45' title="bbox 172 2544 1720 2620; baseline 0.003 -23"><span class='ocrx_word' id='word_1_327' title='bbox 172 2544 334 2607; x_wconf 72' lang='grc' dir='ltr'><em>ὀθεῖος</em></span> <span class='ocrx_word' id='word_1_328' title='bbox 364 2546 523 2600; x_wconf 77' lang='grc' dir='ltr'><strong>Δαὸίδ</strong></span> <span class='ocrx_word' id='word_1_329' title='bbox 548 2563 562 2577; x_wconf 75' lang='grc' dir='ltr'><strong>ο</strong></span> <span class='ocrx_word' id='word_1_330' title='bbox 599 2548 863 2612; x_wconf 83' lang='grc' dir='ltr'><em>Ἤκουσε,</em></span> <span class='ocrx_word' id='word_1_331' title='bbox 896 2549 1052 2619; x_wconf 69' lang='grc' dir='ltr'><em>φησι,</em></span> <span class='ocrx_word' id='word_1_332' title='bbox 1118 2548 1211 2602; x_wconf 75' lang='grc' dir='ltr'><strong>καὶ</strong></span> <span class='ocrx_word' id='word_1_333' title='bbox 1243 2548 1531 2620; x_wconf 82' lang='grc' dir='ltr'><strong>ηὐφράνθη</strong></span> <span class='ocrx_word' id='word_1_334' title='bbox 1560 2546 1720 2602; x_wconf 84' lang='grc' dir='ltr'><em>Σιών.</em></span> 
     </span>
    </p>
   </div>
   <div class='ocr_carea' id='block_1_45' title="bbox 1830 2541 3401 2620">
    <p class='ocr_par' dir='ltr' id='par_1_45' title="bbox 1830 2541 3401 2614">
     <span class='ocr_line' id='line_1_46' title="bbox 1830 2541 3401 2614; baseline 0.003 -19"><span class='ocrx_word' id='word_1_335' title='bbox 1830 2541 2100 2612; x_wconf 89' lang='lat' dir='ltr'><strong>princeps,</strong></span> <span class='ocrx_word' id='word_1_336' title='bbox 2132 2552 2393 2614; x_wconf 85' lang='lat' dir='ltr'><strong>tanquam</strong></span> <span class='ocrx_word' id='word_1_337' title='bbox 2424 2553 2620 2609; x_wconf 81' lang='lat' dir='ltr'><strong>mater,</strong></span> <span class='ocrx_word' id='word_1_338' title='bbox 2646 2561 2749 2600; x_wconf 88' lang='lat' dir='ltr'><strong>una</strong></span> <span class='ocrx_word' id='word_1_339' title='bbox 2777 2556 2879 2610; x_wconf 88' lang='lat' dir='ltr'><strong>est,</strong></span> <span class='ocrx_word' id='word_1_340' title='bbox 2909 2547 3148 2611; x_wconf 77' lang='lat' dir='ltr'><strong>ﬁliarum</strong></span> <span class='ocrx_word' id='word_1_341' title='bbox 3178 2545 3401 2599; x_wconf 86' lang='lat' dir='ltr'><strong>nomine</strong></span> 
     </span>
    </p>
   </div>
   <div class='ocr_carea' id='block_1_46' title="bbox 172 2634 1743 2711">
    <p class='ocr_par' dir='ltr' id='par_1_46' title="bbox 172 2636 1722 2711">
     <span class='ocr_line' id='line_1_47' title="bbox 172 2636 1722 2711; baseline 0.002 -22"><span class='ocrx_word' id='word_1_342' title='bbox 172 2637 261 2689; x_wconf 77' lang='lat' dir='ltr'><strong>Kal</strong></span> <span class='ocrx_word' id='word_1_343' title='bbox 289 2636 682 2706; x_wconf 80' lang='grc' dir='ltr'><em>ἡγαλλιάσαντο</em></span> <span class='ocrx_word' id='word_1_344' title='bbox 716 2639 772 2691; x_wconf 79' lang='grc' dir='ltr'>αἱ</span> <span class='ocrx_word' id='word_1_345' title='bbox 816 2638 1139 2711; x_wconf 73' lang='grc' dir='ltr'><strong>θυγατέρες</strong></span> <span class='ocrx_word' id='word_1_346' title='bbox 1165 2639 1268 2710; x_wconf 86' lang='grc' dir='ltr'><strong>τῆς</strong></span> <span class='ocrx_word' id='word_1_347' title='bbox 1299 2638 1579 2703; x_wconf 80' lang='grc' dir='ltr'><strong>Ἰουδαίας.</strong></span> <span class='ocrx_word' id='word_1_348' title='bbox 1615 2640 1722 2693; x_wconf 88' lang='grc' dir='ltr'><em>Τοῦ</em></span> 
     </span>
    </p>
   </div>
   <div class='ocr_carea' id='block_1_47' title="bbox 1829 2634 3400 2711">
    <p class='ocr_par' dir='ltr' id='par_1_47' title="bbox 1829 2634 3400 2704">
     <span class='ocr_line' id='line_1_48' title="bbox 1829 2634 3400 2704; baseline 0.001 -18"><span class='ocrx_word' id='word_1_349' title='bbox 1829 2638 2051 2688; x_wconf 79' lang='lat' dir='ltr'><strong>ca-teras</strong></span> <span class='ocrx_word' id='word_1_350' title='bbox 2099 2634 2367 2704; x_wconf 79' lang='lat' dir='ltr'><strong>designet.</strong></span> <span class='ocrx_word' id='word_1_351' title='bbox 2403 2634 2496 2690; x_wconf 89' lang='lat' dir='ltr'><strong>Sic</strong></span> <span class='ocrx_word' id='word_1_352' title='bbox 2523 2644 2579 2690; x_wconf 89' lang='lat' dir='ltr'><strong>et</strong></span> <span class='ocrx_word' id='word_1_353' title='bbox 2615 2638 2805 2693; x_wconf 87' lang='lat' dir='ltr'><strong>beatus</strong></span> <span class='ocrx_word' id='word_1_354' title='bbox 2848 2637 3013 2692; x_wconf 87' lang='lat' dir='ltr'><strong>David</strong></span> <span class='ocrx_word' id='word_1_355' title='bbox 3049 2655 3062 2692; x_wconf 91' lang='lat'><strong>:</strong></span> <span class='ocrx_word' id='word_1_356' title='bbox 3101 2654 3120 2688; x_wconf 83' lang='grc' dir='ltr'><em>ι</em></span> <span class='ocrx_word' id='word_1_357' title='bbox 3158 2636 3400 2697; x_wconf 80' lang='lat' dir='ltr'><strong>Audivit,</strong></span> 
     </span>
    </p>
   </div>
   <div class='ocr_carea' id='block_1_48' title="bbox 170 2724 1741 2802">
    <p class='ocr_par' dir='ltr' id='par_1_48' title="bbox 170 2727 1723 2802">
     <span class='ocr_line' id='line_1_49' title="bbox 170 2727 1723 2802; baseline 0.004 -23"><span class='ocrx_word' id='word_1_358' title='bbox 170 2727 215 2779; x_wconf 69' lang='grc' dir='ltr'><em>δὲ</em></span> <span class='ocrx_word' id='word_1_359' title='bbox 239 2728 472 2799; x_wconf 81' lang='grc' dir='ltr'><strong>Σωτῆρος</strong></span> <span class='ocrx_word' id='word_1_360' title='bbox 502 2728 566 2782; x_wconf 83' lang='grc' dir='ltr'><em>τὸ</em></span> <span class='ocrx_word' id='word_1_361' title='bbox 615 2729 908 2802; x_wconf 87' lang='grc' dir='ltr'><em>πρόσωπον</em></span> <span class='ocrx_word' id='word_1_362' title='bbox 956 2733 1076 2796; x_wconf 86' lang='grc' dir='ltr'><em>ταῖς</em></span> <span class='ocrx_word' id='word_1_363' title='bbox 1108 2731 1334 2785; x_wconf 86' lang='grc' dir='ltr'><em>πόλεσιν</em></span> <span class='ocrx_word' id='word_1_364' title='bbox 1365 2731 1628 2795; x_wconf 83' lang='grc' dir='ltr'><strong>Ἰουδαίας</strong></span> <span class='ocrx_word' id='word_1_365' title='bbox 1656 2732 1723 2785; x_wconf 67' lang='grc' dir='ltr'><em>τὰ</em></span> 
     </span>
    </p>
   </div>
   <div class='ocr_carea' id='block_1_49' title="bbox 1830 2724 3401 2802">
    <p class='ocr_par' dir='ltr' id='par_1_49' title="bbox 1830 2724 3401 2796">
     <span class='ocr_line' id='line_1_50' title="bbox 1830 2724 3401 2796; baseline 0.003 -18"><span class='ocrx_word' id='word_1_366' title='bbox 1830 2724 2025 2796; x_wconf 84' lang='lat' dir='ltr'><strong>inquit,</strong></span> <span class='ocrx_word' id='word_1_367' title='bbox 2063 2733 2117 2781; x_wconf 92' lang='lat' dir='ltr'><strong>et</strong></span> <span class='ocrx_word' id='word_1_368' title='bbox 2169 2726 2347 2781; x_wconf 80' lang='lat' dir='ltr'><strong>laetata</strong></span> <span class='ocrx_word' id='word_1_369' title='bbox 2398 2736 2481 2784; x_wconf 88' lang='lat' dir='ltr'><strong>est</strong></span> <span class='ocrx_word' id='word_1_370' title='bbox 2525 2729 2682 2795; x_wconf 92' lang='lat' dir='ltr'><strong>Sion,</strong></span> <span class='ocrx_word' id='word_1_371' title='bbox 2722 2739 2777 2784; x_wconf 89' lang='lat' dir='ltr'><strong>et</strong></span> <span class='ocrx_word' id='word_1_372' title='bbox 2822 2731 3236 2787; x_wconf 83' lang='lat' dir='ltr'><strong>exsultaverunt</strong></span> <span class='ocrx_word' id='word_1_373' title='bbox 3279 2730 3401 2784; x_wconf 81' lang='lat' dir='ltr'><strong>lilia:</strong></span> 
     </span>
    </p>
   </div>
   <div class='ocr_carea' id='block_1_50' title="bbox 179 2814 1750 2894">
    <p class='ocr_par' dir='ltr' id='par_1_50' title="bbox 179 2819 1721 2894">
     <span class='ocr_line' id='line_1_51' title="bbox 179 2819 1721 2894; baseline 0.008 -23"><span class='ocrx_word' id='word_1_374' title='bbox 179 2819 617 2891; x_wconf 70' lang='grc' dir='ltr'><em>ιῦνσυμὸουλεῦόν</em></span> <span class='ocrx_word' id='word_1_375' title='bbox 641 2840 827 2892; x_wconf 84' lang='grc' dir='ltr'><em>φησιν,</em></span> <span class='ocrx_word' id='word_1_376' title='bbox 858 2823 1187 2879; x_wconf 79' lang='grc' dir='ltr'><em>Ἀκούσατε</em></span> <span class='ocrx_word' id='word_1_377' title='bbox 1213 2822 1325 2893; x_wconf 82' lang='grc' dir='ltr'><strong>τῆς</strong></span> <span class='ocrx_word' id='word_1_378' title='bbox 1354 2822 1561 2894; x_wconf 70' lang='grc' dir='ltr'><em>φωνῆς</em></span> <span class='ocrx_word' id='word_1_379' title='bbox 1579 2841 1721 2894; x_wconf 79' lang='grc' dir='ltr'><em>μου,</em></span> 
     </span>
    </p>
   </div>
   <div class='ocr_carea' id='block_1_51' title="bbox 1830 2814 3401 2894">
    <p class='ocr_par' dir='ltr' id='par_1_51' title="bbox 1830 2814 3401 2894">
     <span class='ocr_line' id='line_1_52' title="bbox 1830 2814 3401 2894; baseline 0.003 -23"><span class='ocrx_word' id='word_1_380' title='bbox 1830 2814 2052 2871; x_wconf 67' lang='lat' dir='ltr'><strong>indie“.</strong></span> <span class='ocrx_word' id='word_1_381' title='bbox 2084 2835 2103 2869; x_wconf 76' lang='grc' dir='ltr'><strong>ι</strong></span> <span class='ocrx_word' id='word_1_382' title='bbox 2129 2816 2428 2891; x_wconf 86' lang='lat' dir='ltr'><strong>Assumpta</strong></span> <span class='ocrx_word' id='word_1_383' title='bbox 2465 2836 2596 2894; x_wconf 79' lang='lat' dir='ltr'><strong>ergo</strong></span> <span class='ocrx_word' id='word_1_384' title='bbox 2644 2821 2947 2879; x_wconf 88' lang='lat' dir='ltr'><strong>Salvatoris</strong></span> <span class='ocrx_word' id='word_1_385' title='bbox 2993 2838 3226 2893; x_wconf 84' lang='lat' dir='ltr'><strong>persona</strong></span> <span class='ocrx_word' id='word_1_386' title='bbox 3254 2840 3401 2878; x_wconf 82' lang='lat' dir='ltr'><strong>nunc</strong></span> 
     </span>
    </p>
   </div>
   <div class='ocr_carea' id='block_1_52' title="bbox 172 2906 1743 2988">
    <p class='ocr_par' dir='ltr' id='par_1_52' title="bbox 172 2909 1719 2984">
     <span class='ocr_line' id='line_1_53' title="bbox 172 2909 1719 2984; baseline 0.005 -25"><span class='ocrx_word' id='word_1_387' title='bbox 172 2909 283 2978; x_wconf 77' lang='grc' dir='ltr'><em>πρὸς</em></span> <span class='ocrx_word' id='word_1_388' title='bbox 304 2909 361 2963; x_wconf 81' lang='grc' dir='ltr'><em>τὸ</em></span> <span class='ocrx_word' id='word_1_389' title='bbox 385 2910 748 2981; x_wconf 77' lang='grc' dir='ltr'><strong>εὐαγγελικὸν</strong></span> <span class='ocrx_word' id='word_1_390' title='bbox 761 2912 932 2976; x_wconf 71' lang='grc' dir='ltr'><em>αὑτὰς</em></span> <span class='ocrx_word' id='word_1_391' title='bbox 962 2910 1405 2983; x_wconf 79' lang='grc' dir='ltr'><strong>ἀνακαλούμενον</strong></span> <span class='ocrx_word' id='word_1_392' title='bbox 1433 2913 1719 2984; x_wconf 84' lang='grc' dir='ltr'><em>κήρυγμα.</em></span> 
     </span>
    </p>
   </div>
   <div class='ocr_carea' id='block_1_53' title="bbox 1829 2906 3400 2988">
    <p class='ocr_par' dir='ltr' id='par_1_53' title="bbox 1829 2906 3400 2988">
     <span class='ocr_line' id='line_1_54' title="bbox 1829 2906 3400 2988; baseline 0.006 -26"><span class='ocrx_word' id='word_1_393' title='bbox 1829 2906 2023 2965; x_wconf 60' lang='lat' dir='ltr'><strong>Iudaeae</strong></span> <span class='ocrx_word' id='word_1_394' title='bbox 2044 2911 2275 2968; x_wconf 87' lang='lat' dir='ltr'><strong>urbibus</strong></span> <span class='ocrx_word' id='word_1_395' title='bbox 2300 2929 2471 2968; x_wconf 85' lang='lat' dir='ltr'><strong>vocem</strong></span> <span class='ocrx_word' id='word_1_396' title='bbox 2502 2931 2656 2969; x_wconf 85' lang='lat' dir='ltr'><strong>suam</strong></span> <span class='ocrx_word' id='word_1_397' title='bbox 2695 2916 3039 2988; x_wconf 85' lang='lat' dir='ltr'><strong>audire,quae</strong></span> <span class='ocrx_word' id='word_1_398' title='bbox 3071 2917 3137 2972; x_wconf 86' lang='lat' dir='ltr'><strong>ad</strong></span> <span class='ocrx_word' id='word_1_399' title='bbox 3165 2932 3400 2988; x_wconf 50' lang='lat' dir='ltr'><strong>evange‘</strong></span> 
     </span>
    </p>
   </div>
   <div class='ocr_carea' id='block_1_54' title="bbox 173 2998 1744 3081">
    <p class='ocr_par' dir='ltr' id='par_1_54' title="bbox 173 2998 1721 3075">
     <span class='ocr_line' id='line_1_55' title="bbox 173 2998 1721 3075; baseline 0.004 -25"><span class='ocrx_word' id='word_1_400' title='bbox 173 2998 277 3065; x_wconf 79' lang='grc' dir='ltr'><strong>Καὶ,</strong></span> <span class='ocrx_word' id='word_1_401' title='bbox 301 2999 370 3065; x_wconf 84' lang='grc' dir='ltr'><em>ὡς</em></span> <span class='ocrx_word' id='word_1_402' title='bbox 396 3002 475 3055; x_wconf 75' lang='grc' dir='ltr'><em>ἔτι</em></span> <span class='ocrx_word' id='word_1_403' title='bbox 507 3003 886 3075; x_wconf 79' lang='grc' dir='ltr'><strong>πολυάνδρους</strong></span> <span class='ocrx_word' id='word_1_404' title='bbox 931 3004 1237 3071; x_wconf 73' lang='grc' dir='ltr'><em>πλουσίας</em></span> <span class='ocrx_word' id='word_1_405' title='bbox 1276 3005 1452 3069; x_wconf 87' lang='grc' dir='ltr'><strong>καλεῖ,</strong></span> <span class='ocrx_word' id='word_1_406' title='bbox 1495 3020 1721 3073; x_wconf 83' lang='grc' dir='ltr'><em>γενησο-</em></span> 
     </span>
    </p>
   </div>
   <div class='ocr_carea' id='block_1_55' title="bbox 1832 2998 3403 3081">
    <p class='ocr_par' dir='ltr' id='par_1_55' title="bbox 1832 3001 3403 3081">
     <span class='ocr_line' id='line_1_56' title="bbox 1832 3001 3403 3081; baseline 0.006 -26"><span class='ocrx_word' id='word_1_407' title='bbox 1832 3001 1986 3057; x_wconf 88' lang='lat' dir='ltr'><strong>licam</strong></span> <span class='ocrx_word' id='word_1_408' title='bbox 2036 3006 2482 3075; x_wconf 70' lang='lat' dir='ltr'><strong>praedicationem</strong></span> <span class='ocrx_word' id='word_1_409' title='bbox 2534 3009 2808 3075; x_wconf 84' lang='lat' dir='ltr'><strong>hortatur,</strong></span> <span class='ocrx_word' id='word_1_410' title='bbox 2860 3012 3127 3079; x_wconf 88' lang='lat' dir='ltr'><strong>consulit;</strong></span> <span class='ocrx_word' id='word_1_411' title='bbox 3171 3012 3403 3081; x_wconf 84' lang='lat' dir='ltr'><strong>ideoque</strong></span> 
     </span>
    </p>
   </div>
   <div class='ocr_carea' id='block_1_56' title="bbox 173 3090 1744 3176">
    <p class='ocr_par' dir='ltr' id='par_1_56' title="bbox 173 3090 1721 3167">
     <span class='ocr_line' id='line_1_57' title="bbox 173 3090 1721 3167; baseline 0.005 -24"><span class='ocrx_word' id='word_1_412' title='bbox 173 3090 312 3159; x_wconf 80' lang='grc' dir='ltr'><em>μένας</em></span> <span class='ocrx_word' id='word_1_413' title='bbox 328 3094 601 3166; x_wconf 78' lang='grc' dir='ltr'><em>ἐρήμους,</em></span> <span class='ocrx_word' id='word_1_414' title='bbox 630 3097 683 3149; x_wconf 84' lang='grc' dir='ltr'><strong>εἰ</strong></span> <span class='ocrx_word' id='word_1_415' title='bbox 715 3095 791 3167; x_wconf 83' lang='grc' dir='ltr'><em>μὴ</em></span> <span class='ocrx_word' id='word_1_416' title='bbox 841 3097 1114 3150; x_wconf 73' lang='grc' dir='ltr'><em>πείθοιντο</em></span> <span class='ocrx_word' id='word_1_417' title='bbox 1156 3095 1390 3167; x_wconf 82' lang='grc' dir='ltr'><em>λέγοντι.</em></span> <span class='ocrx_word' id='word_1_418' title='bbox 1428 3097 1502 3150; x_wconf 84' lang='grc' dir='ltr'>Τὸ</span> <span class='ocrx_word' id='word_1_419' title='bbox 1542 3096 1599 3150; x_wconf 87' lang='grc' dir='ltr'><em>δὲ</em></span> <span class='ocrx_word' id='word_1_420' title='bbox 1629 3096 1721 3150; x_wconf 82' lang='grc' dir='ltr'><strong>ἐπ’</strong></span> 
     </span>
    </p>
   </div>
   <div class='ocr_carea' id='block_1_57' title="bbox 1828 3090 3399 3176">
    <p class='ocr_par' dir='ltr' id='par_1_57' title="bbox 1828 3097 3399 3176">
     <span class='ocr_line' id='line_1_58' title="bbox 1828 3097 3399 3176; baseline 0.005 -27"><span class='ocrx_word' id='word_1_421' title='bbox 1828 3097 2100 3163; x_wconf 87' lang='lat' dir='ltr'><strong>opulentas</strong></span> <span class='ocrx_word' id='word_1_422' title='bbox 2142 3109 2323 3165; x_wconf 84' lang='lat' dir='ltr'><strong>vocat,</strong></span> <span class='ocrx_word' id='word_1_423' title='bbox 2353 3100 2500 3171; x_wconf 92' lang='lat' dir='ltr'><strong>quod</strong></span> <span class='ocrx_word' id='word_1_424' title='bbox 2542 3099 2721 3157; x_wconf 90' lang='lat' dir='ltr'><strong>adhuc</strong></span> <span class='ocrx_word' id='word_1_425' title='bbox 2754 3102 3054 3159; x_wconf 81' lang='lat' dir='ltr'><strong>incolarum</strong></span> <span class='ocrx_word' id='word_1_426' title='bbox 3095 3104 3399 3176; x_wconf 80' lang='lat' dir='ltr'><strong>frequentia</strong></span> 
     </span>
    </p>
   </div>
   <div class='ocr_carea' id='block_1_58' title="bbox 171 3182 1742 3269">
    <p class='ocr_par' dir='ltr' id='par_1_58' title="bbox 171 3182 1722 3257">
     <span class='ocr_line' id='line_1_59' title="bbox 171 3182 1722 3257; baseline 0.004 -24"><span class='ocrx_word' id='word_1_427' title='bbox 171 3182 359 3249; x_wconf 74' lang='grc' dir='ltr'><strong>ἐλπίδι,</strong></span> <span class='ocrx_word' id='word_1_428' title='bbox 413 3188 583 3257; x_wconf 72' lang='grc' dir='ltr'><em>φασὶν</em></span> <span class='ocrx_word' id='word_1_429' title='bbox 635 3189 686 3242; x_wconf 83' lang='grc' dir='ltr'><strong>οἱ</strong></span> <span class='ocrx_word' id='word_1_430' title='bbox 720 3187 917 3254; x_wconf 74' lang='grc' dir='ltr'><strong>λοιποὶ,</strong></span> <span class='ocrx_word' id='word_1_431' title='bbox 936 3188 1284 3243; x_wconf 70' lang='grc' dir='ltr'><em>πεποιθυῖαι.</em></span> <span class='ocrx_word' id='word_1_432' title='bbox 1318 3188 1627 3253; x_wconf 83' lang='grc' dir='ltr'><em>Γυναῖκας</em></span> <span class='ocrx_word' id='word_1_433' title='bbox 1666 3187 1722 3241; x_wconf 77' lang='grc' dir='ltr'><em>δὲ</em></span> 
     </span>
    </p>
   </div>
   <div class='ocr_carea' id='block_1_59' title="bbox 1828 3182 3399 3269">
    <p class='ocr_par' dir='ltr' id='par_1_59' title="bbox 1829 3189 3399 3269">
     <span class='ocr_line' id='line_1_60' title="bbox 1829 3189 3399 3269; baseline 0.008 -28"><span class='ocrx_word' id='word_1_434' title='bbox 1829 3189 2139 3258; x_wconf 85' lang='lat' dir='ltr'><strong>abundent;</strong></span> <span class='ocrx_word' id='word_1_435' title='bbox 2182 3192 2276 3247; x_wconf 88' lang='lat' dir='ltr'><strong>sed</strong></span> <span class='ocrx_word' id='word_1_436' title='bbox 2309 3192 2540 3248; x_wconf 73' lang='lat' dir='ltr'><strong>desertae</strong></span> <span class='ocrx_word' id='word_1_437' title='bbox 2592 3196 2831 3263; x_wconf 88' lang='lat' dir='ltr'><strong>tandem,</strong></span> <span class='ocrx_word' id='word_1_438' title='bbox 2861 3197 2907 3253; x_wconf 87' lang='lat' dir='ltr'><strong>si</strong></span> <span class='ocrx_word' id='word_1_439' title='bbox 2944 3213 3053 3253; x_wconf 89' lang='lat' dir='ltr'><strong>non</strong></span> <span class='ocrx_word' id='word_1_440' title='bbox 3097 3200 3399 3269; x_wconf 88' lang='lat' dir='ltr'><strong>paruerint,</strong></span> 
     </span>
    </p>
   </div>
   <div class='ocr_carea' id='block_1_60' title="bbox 170 3249 1741 3363">
    <p class='ocr_par' dir='ltr' id='par_1_60' title="bbox 170 3249 1721 3353">
     <span class='ocr_line' id='line_1_61' title="bbox 170 3249 1721 3353; baseline 0.003 -25"><span class='ocrx_word' id='word_1_441' title='bbox 170 3274 290 3346; x_wconf 77' lang='grc' dir='ltr'><em>λέγει</em></span> <span class='ocrx_word' id='word_1_442' title='bbox 320 3249 528 3344; x_wconf 34' lang='grc' dir='ltr'><strong>τὰςυὲπὶ</strong></span> <span class='ocrx_word' id='word_1_443' title='bbox 557 3279 672 3333; x_wconf 81' lang='grc' dir='ltr'><strong>τῶν</strong></span> <span class='ocrx_word' id='word_1_444' title='bbox 722 3249 969 3334; x_wconf 64' lang='grc' dir='ltr'><em>παλαιων</em></span> <span class='ocrx_word' id='word_1_445' title='bbox 1007 3280 1217 3353; x_wconf 87' lang='grc' dir='ltr'><em>χρόνων</em></span> <span class='ocrx_word' id='word_1_446' title='bbox 1260 3280 1392 3351; x_wconf 84' lang='grc' dir='ltr'><em>παρ’</em></span> <span class='ocrx_word' id='word_1_447' title='bbox 1443 3249 1721 3343; x_wconf 75' lang='grc' dir='ltr'><strong>Ἰουδαίοις</strong></span> 
     </span>
    </p>
   </div>
   <div class='ocr_carea' id='block_1_61' title="bbox 1833 3249 3404 3363">
    <p class='ocr_par' dir='ltr' id='par_1_61' title="bbox 1833 3249 3404 3363">
     <span class='ocr_line' id='line_1_62' title="bbox 1833 3249 3404 3363; baseline 0.011 -31"><span class='ocrx_word' id='word_1_448' title='bbox 1833 3278 2029 3335; x_wconf 79' lang='lat' dir='ltr'><strong>futura:</strong></span> <span class='ocrx_word' id='word_1_449' title='bbox 2063 3282 2196 3337; x_wconf 91' lang='lat' dir='ltr'><strong>sint.</strong></span> <span class='ocrx_word' id='word_1_450' title='bbox 2229 3282 2299 3336; x_wconf 80' lang='lat' dir='ltr'><strong>At</strong></span> <span class='ocrx_word' id='word_1_451' title='bbox 2331 3284 2476 3354; x_wconf 92' lang='lat' dir='ltr'><strong>quod</strong></span> <span class='ocrx_word' id='word_1_452' title='bbox 2521 3285 2573 3340; x_wconf 91' lang='lat' dir='ltr'><strong>in</strong></span> <span class='ocrx_word' id='word_1_453' title='bbox 2604 3303 2692 3355; x_wconf 85' lang='lat' dir='ltr'><strong>spe</strong></span> <span class='ocrx_word' id='word_1_454' title='bbox 2730 3288 3015 3354; x_wconf 88' lang='lat' dir='ltr'><strong>habemus,</strong></span> <span class='ocrx_word' id='word_1_455' title='bbox 3045 3249 3239 3363; x_wconf 55' lang='lat' dir='ltr'><strong>reiiqui</strong></span> <span class='ocrx_word' id='word_1_456' title='bbox 3286 3308 3404 3349; x_wconf 81' lang='lat' dir='ltr'><strong>cre-</strong></span> 
     </span>
    </p>
   </div>
   <div class='ocr_carea' id='block_1_62' title="bbox 172 3365 1743 3447">
    <p class='ocr_par' dir='ltr' id='par_1_62' title="bbox 172 3365 1723 3442">
     <span class='ocr_line' id='line_1_63' title="bbox 172 3365 1723 3442; baseline 0 -20"><span class='ocrx_word' id='word_1_457' title='bbox 172 3370 409 3435; x_wconf 75' lang='grc' dir='ltr'><em>συνόδους,</em></span> <span class='ocrx_word' id='word_1_458' title='bbox 462 3365 552 3436; x_wconf 72' lang='grc' dir='ltr'><strong>αἷς</strong></span> <span class='ocrx_word' id='word_1_459' title='bbox 594 3371 952 3441; x_wconf 83' lang='grc' dir='ltr'><strong>διαναστῆναι</strong></span> <span class='ocrx_word' id='word_1_460' title='bbox 1018 3372 1118 3425; x_wconf 78' lang='grc' dir='ltr'><em>καὶ</em></span> <span class='ocrx_word' id='word_1_461' title='bbox 1164 3371 1424 3426; x_wconf 82' lang='grc' dir='ltr'><em>ἀκοῦσαι</em></span> <span class='ocrx_word' id='word_1_462' title='bbox 1475 3387 1723 3442; x_wconf 86' lang='grc' dir='ltr'><em>παρακε-</em></span> 
     </span>
    </p>
   </div>
   <div class='ocr_carea' id='block_1_63' title="bbox 1833 3365 3404 3447">
    <p class='ocr_par' dir='ltr' id='par_1_63' title="bbox 1833 3367 3404 3447">
     <span class='ocr_line' id='line_1_64' title="bbox 1833 3367 3404 3447; baseline 0.011 -26"><span class='ocrx_word' id='word_1_463' title='bbox 1833 3367 2021 3424; x_wconf 90' lang='lat' dir='ltr'><strong>dentes</strong></span> <span class='ocrx_word' id='word_1_464' title='bbox 2064 3382 2476 3440; x_wconf 78' lang='lat' dir='ltr'><strong>expresserunt.</strong></span> <span class='ocrx_word' id='word_1_465' title='bbox 2511 3374 2910 3447; x_wconf 76' lang='lat' dir='ltr'><strong>Signiﬁcantur</strong></span> <span class='ocrx_word' id='word_1_466' title='bbox 2953 3381 3083 3437; x_wconf 85' lang='lat' dir='ltr'><strong>item</strong></span> <span class='ocrx_word' id='word_1_467' title='bbox 3129 3390 3183 3438; x_wconf 92' lang='lat' dir='ltr'><strong>et</strong></span> <span class='ocrx_word' id='word_1_468' title='bbox 3216 3383 3404 3438; x_wconf 79' lang='lat' dir='ltr'><strong>mulie-</strong></span> 
     </span>
    </p>
   </div>
   <div class='ocr_carea' id='block_1_64' title="bbox 171 3458 1742 3538">
    <p class='ocr_par' dir='ltr' id='par_1_64' title="bbox 171 3458 1723 3535">
     <span class='ocr_line' id='line_1_65' title="bbox 171 3458 1723 3535; baseline 0.002 -22"><span class='ocrx_word' id='word_1_469' title='bbox 171 3458 371 3518; x_wconf 79' lang='grc' dir='ltr'><em>λεύεται.</em></span> <span class='ocrx_word' id='word_1_470' title='bbox 397 3464 745 3534; x_wconf 79' lang='grc' dir='ltr'><em>Θυγατέρας</em></span> <span class='ocrx_word' id='word_1_471' title='bbox 793 3464 872 3527; x_wconf 83' lang='grc' dir='ltr'><strong>δὲ,</strong></span> <span class='ocrx_word' id='word_1_472' title='bbox 930 3465 1028 3529; x_wconf 81' lang='grc' dir='ltr'><em>τὰς</em></span> <span class='ocrx_word' id='word_1_473' title='bbox 1068 3463 1207 3535; x_wconf 88' lang='grc' dir='ltr'><em>μετὰ</em></span> <span class='ocrx_word' id='word_1_474' title='bbox 1238 3463 1412 3517; x_wconf 85' lang='grc' dir='ltr'><em>ταῦτα</em></span> <span class='ocrx_word' id='word_1_475' title='bbox 1453 3462 1723 3527; x_wconf 82' lang='grc' dir='ltr'><em>συστάσας</em></span> 
     </span>
    </p>
   </div>
   <div class='ocr_carea' id='block_1_65' title="bbox 1832 3458 3403 3538">
    <p class='ocr_par' dir='ltr' id='par_1_65' title="bbox 1832 3463 3403 3538">
     <span class='ocr_line' id='line_1_66' title="bbox 1832 3463 3403 3538; baseline 0.011 -29"><span class='ocrx_word' id='word_1_476' title='bbox 1832 3474 1947 3511; x_wconf 85' lang='lat' dir='ltr'><strong>rum</strong></span> <span class='ocrx_word' id='word_1_477' title='bbox 2006 3463 2227 3516; x_wconf 87' lang='lat' dir='ltr'><strong>nomine</strong></span> <span class='ocrx_word' id='word_1_478' title='bbox 2274 3463 2442 3533; x_wconf 88' lang='lat' dir='ltr'><strong>prisci</strong></span> <span class='ocrx_word' id='word_1_479' title='bbox 2502 3464 2581 3519; x_wconf 90' lang='lat' dir='ltr'><strong>illi</strong></span> <span class='ocrx_word' id='word_1_480' title='bbox 2638 3465 2952 3523; x_wconf 69' lang='lat' dir='ltr'><strong>Judaeorum</strong></span> <span class='ocrx_word' id='word_1_481' title='bbox 3008 3480 3334 3538; x_wconf 79' lang='lat' dir='ltr'><strong>conventus,</strong></span> <span class='ocrx_word' id='word_1_482' title='bbox 3373 3488 3403 3527; x_wconf 88' lang='lat' dir='ltr'><strong>a</strong></span> 
     </span>
    </p>
   </div>
   <div class='ocr_carea' id='block_1_66' title="bbox 170 3550 1741 3641">
    <p class='ocr_par' dir='ltr' id='par_1_66' title="bbox 170 3552 1719 3625">
     <span class='ocr_line' id='line_1_67' title="bbox 170 3552 1719 3625; baseline 0.003 -22"><span class='ocrx_word' id='word_1_483' title='bbox 170 3552 258 3604; x_wconf 84' lang='grc' dir='ltr'><em>τῶν</em></span> <span class='ocrx_word' id='word_1_484' title='bbox 284 3554 455 3609; x_wconf 80' lang='grc' dir='ltr'><em>αὐτῶν</em></span> <span class='ocrx_word' id='word_1_485' title='bbox 482 3555 846 3625; x_wconf 78' lang='grc' dir='ltr'><strong>Συναγωγὰς,</strong></span> <span class='ocrx_word' id='word_1_486' title='bbox 899 3554 967 3621; x_wconf 80' lang='grc' dir='ltr'><em>ἃς</em></span> <span class='ocrx_word' id='word_1_487' title='bbox 1006 3554 1409 3612; x_wconf 82' lang='grc' dir='ltr'><em>ἐνωτίσασθαι</em></span> <span class='ocrx_word' id='word_1_488' title='bbox 1450 3554 1719 3625; x_wconf 80' lang='grc' dir='ltr'><em>βούλεται.</em></span> 
     </span>
    </p>
   </div>
   <div class='ocr_carea' id='block_1_67' title="bbox 1833 3550 3404 3641">
    <p class='ocr_par' dir='ltr' id='par_1_67' title="bbox 1833 3550 3404 3641">
     <span class='ocr_line' id='line_1_68' title="bbox 1833 3550 3404 3641; baseline 0.01 -39"><span class='ocrx_word' id='word_1_489' title='bbox 1833 3550 2035 3619; x_wconf 86' lang='lat' dir='ltr'><strong>quibus</strong></span> <span class='ocrx_word' id='word_1_490' title='bbox 2059 3551 2170 3620; x_wconf 89' lang='lat' dir='ltr'><strong>jam</strong></span> <span class='ocrx_word' id='word_1_491' title='bbox 2205 3554 2482 3622; x_wconf 84' lang='lat' dir='ltr'><strong>recedere,</strong></span> <span class='ocrx_word' id='word_1_492' title='bbox 2513 3567 2565 3611; x_wconf 92' lang='lat' dir='ltr'><strong>et</strong></span> <span class='ocrx_word' id='word_1_493' title='bbox 2609 3571 2669 3614; x_wconf 88' lang='lat' dir='ltr'><strong>se</strong></span> <span class='ocrx_word' id='word_1_494' title='bbox 2715 3559 2901 3614; x_wconf 89' lang='lat' dir='ltr'><strong>audire</strong></span> <span class='ocrx_word' id='word_1_495' title='bbox 2946 3561 3225 3629; x_wconf 86' lang='lat' dir='ltr'><strong>hortatur;</strong></span> <span class='ocrx_word' id='word_1_496' title='bbox 3255 3564 3404 3641; x_wconf 72' lang='lat' dir='ltr'><strong>ﬁlia-</strong></span> 
     </span>
    </p>
   </div>
   <div class='ocr_carea' id='block_1_68' title="bbox 180 3643 1751 3723">
    <p class='ocr_par' dir='ltr' id='par_1_68' title="bbox 180 3643 1724 3719">
     <span class='ocr_line' id='line_1_69' title="bbox 180 3643 1724 3719; baseline 0.003 -23"><span class='ocrx_word' id='word_1_497' title='bbox 180 3643 489 3717; x_wconf 70' lang='grc' dir='ltr'><em>’Ᾱμφοτὲρας</em></span> <span class='ocrx_word' id='word_1_498' title='bbox 520 3647 581 3701; x_wconf 81' lang='grc' dir='ltr'><em>δὲ</em></span> <span class='ocrx_word' id='word_1_499' title='bbox 605 3649 746 3701; x_wconf 85' lang='grc' dir='ltr'><em>κινεῖ</em></span> <span class='ocrx_word' id='word_1_500' title='bbox 775 3646 912 3719; x_wconf 77' lang='grc' dir='ltr'><em>πρὸς</em></span> <span class='ocrx_word' id='word_1_501' title='bbox 943 3647 1193 3701; x_wconf 86' lang='grc' dir='ltr'><em>σύντονον</em></span> <span class='ocrx_word' id='word_1_502' title='bbox 1216 3647 1387 3719; x_wconf 84' lang='grc' dir='ltr'>ἀκοὴν</span> <span class='ocrx_word' id='word_1_503' title='bbox 1413 3648 1523 3701; x_wconf 85' lang='grc' dir='ltr'><em>τῶν</em></span> <span class='ocrx_word' id='word_1_504' title='bbox 1550 3647 1724 3717; x_wconf 81' lang='grc' dir='ltr'><em>λόγων</em></span> 
     </span>
    </p>
   </div>
   <div class='ocr_carea' id='block_1_69' title="bbox 1835 3643 3406 3723">
    <p class='ocr_par' dir='ltr' id='par_1_69' title="bbox 1835 3650 3406 3723">
     <span class='ocr_line' id='line_1_70' title="bbox 1835 3650 3406 3723; baseline 0.01 -28"><span class='ocrx_word' id='word_1_505' title='bbox 1835 3660 1947 3698; x_wconf 87' lang='lat' dir='ltr'><strong>rum</strong></span> <span class='ocrx_word' id='word_1_506' title='bbox 1993 3658 2196 3713; x_wconf 89' lang='lat' dir='ltr'><strong>autem,</strong></span> <span class='ocrx_word' id='word_1_507' title='bbox 2228 3663 2350 3717; x_wconf 68' lang='lat' dir='ltr'><strong>qua:</strong></span> <span class='ocrx_word' id='word_1_508' title='bbox 2402 3650 2470 3704; x_wconf 87' lang='lat' dir='ltr'><strong>ab</strong></span> <span class='ocrx_word' id='word_1_509' title='bbox 2517 3651 2653 3722; x_wconf 90' lang='lat' dir='ltr'><strong>ipsis</strong></span> <span class='ocrx_word' id='word_1_510' title='bbox 2707 3663 2893 3723; x_wconf 86' lang='lat' dir='ltr'><strong>postea</strong></span> <span class='ocrx_word' id='word_1_511' title='bbox 2943 3655 3257 3712; x_wconf 77' lang='lat' dir='ltr'><strong>constituta:</strong></span> <span class='ocrx_word' id='word_1_512' title='bbox 3295 3658 3406 3713; x_wconf 91' lang='lat' dir='ltr'><strong>sint</strong></span> 
     </span>
    </p>
   </div>
   <div class='ocr_carea' id='block_1_70' title="bbox 170 3735 1741 3819">
    <p class='ocr_par' dir='ltr' id='par_1_70' title="bbox 170 3735 1725 3810">
     <span class='ocr_line' id='line_1_71' title="bbox 170 3735 1725 3810; baseline 0.003 -23"><span class='ocrx_word' id='word_1_513' title='bbox 170 3735 355 3790; x_wconf 76' lang='grc' dir='ltr'><strong>ἀκούειν</strong></span> <span class='ocrx_word' id='word_1_514' title='bbox 382 3739 401 3777; x_wconf 67' lang='grc'>⁸</span> <span class='ocrx_word' id='word_1_515' title='bbox 430 3740 515 3793; x_wconf 75' lang='grc' dir='ltr'><strong>ἐπ’</strong></span> <span class='ocrx_word' id='word_1_516' title='bbox 544 3739 727 3793; x_wconf 76' lang='grc' dir='ltr'><em>ἑλπίδι</em></span> <span class='ocrx_word' id='word_1_517' title='bbox 754 3738 1002 3810; x_wconf 87' lang='grc' dir='ltr'><strong>λαμπρᾷ.</strong></span> <span class='ocrx_word' id='word_1_518' title='bbox 1051 3738 1363 3793; x_wconf 83' lang='grc' dir='ltr'><em>Ἐνιαυτοῦ</em></span> <span class='ocrx_word' id='word_1_519' title='bbox 1417 3737 1475 3792; x_wconf 83' lang='grc' dir='ltr'><em>δὲ</em></span> <span class='ocrx_word' id='word_1_520' title='bbox 1517 3737 1725 3810; x_wconf 82' lang='grc' dir='ltr'><em>μεμνῆ-</em></span> 
     </span>
    </p>
   </div>
   <div class='ocr_carea' id='block_1_71' title="bbox 1833 3735 3404 3819">
    <p class='ocr_par' dir='ltr' id='par_1_71' title="bbox 1833 3744 3404 3819">
     <span class='ocr_line' id='line_1_72' title="bbox 1833 3744 3404 3819; baseline 0.008 -30"><span class='ocrx_word' id='word_1_521' title='bbox 1833 3749 2151 3809; x_wconf 56' lang='lat' dir='ltr'><strong>synagoga;</strong></span> <span class='ocrx_word' id='word_1_522' title='bbox 2196 3755 2335 3809; x_wconf 84' lang='lat' dir='ltr'><strong>quas</strong></span> <span class='ocrx_word' id='word_1_523' title='bbox 2384 3757 2539 3796; x_wconf 86' lang='lat' dir='ltr'><strong>aures</strong></span> <span class='ocrx_word' id='word_1_524' title='bbox 2572 3744 2738 3798; x_wconf 88' lang='lat' dir='ltr'><strong>etiam</strong></span> <span class='ocrx_word' id='word_1_525' title='bbox 2770 3747 2920 3816; x_wconf 88' lang='lat' dir='ltr'><strong>cupit</strong></span> <span class='ocrx_word' id='word_1_526' title='bbox 2949 3747 3202 3819; x_wconf 87' lang='lat' dir='ltr'><strong>arrigere.</strong></span> <span class='ocrx_word' id='word_1_527' title='bbox 3228 3747 3404 3802; x_wconf 83' lang='lat' dir='ltr'><strong>Ambo</strong></span> 
     </span>
    </p>
   </div>
   <div class='ocr_carea' id='block_1_72' title="bbox 171 3828 1742 3904">
    <p class='ocr_par' dir='ltr' id='par_1_72' title="bbox 171 3828 1724 3903">
     <span class='ocr_line' id='line_1_73' title="bbox 171 3828 1724 3903; baseline 0.001 -22"><span class='ocrx_word' id='word_1_528' title='bbox 171 3828 271 3883; x_wconf 85' lang='grc' dir='ltr'><em>σθαι</em></span> <span class='ocrx_word' id='word_1_529' title='bbox 300 3832 632 3899; x_wconf 78' lang='grc' dir='ltr'><em>παρακαλεῖ,</em></span> <span class='ocrx_word' id='word_1_530' title='bbox 674 3831 796 3885; x_wconf 82' lang='grc' dir='ltr'><strong>καθ’</strong></span> <span class='ocrx_word' id='word_1_531' title='bbox 820 3832 879 3885; x_wconf 80' lang='grc' dir='ltr'><strong>ὃν</strong></span> <span class='ocrx_word' id='word_1_532' title='bbox 932 3835 960 3886; x_wconf 83' lang='grc' dir='ltr'>ὁ</span> <span class='ocrx_word' id='word_1_533' title='bbox 1013 3831 1205 3903; x_wconf 80' lang='grc' dir='ltr'><em>Σωτὴρ</em></span> <span class='ocrx_word' id='word_1_534' title='bbox 1238 3833 1295 3884; x_wconf 81' lang='grc' dir='ltr'><em>ὲν</em></span> <span class='ocrx_word' id='word_1_535' title='bbox 1329 3829 1638 3903; x_wconf 82' lang='grc' dir='ltr'><em>ἀνθρώποις</em></span> <span class='ocrx_word' id='word_1_536' title='bbox 1663 3831 1724 3883; x_wconf 81' lang='grc' dir='ltr'><em>τὸ</em></span> 
     </span>
    </p>
   </div>
   <div class='ocr_carea' id='block_1_73' title="bbox 1833 3828 3404 3904">
    <p class='ocr_par' dir='ltr' id='par_1_73' title="bbox 1833 3829 3404 3904">
     <span class='ocr_line' id='line_1_74' title="bbox 1833 3829 3404 3904; baseline 0.006 -23"><span class='ocrx_word' id='word_1_537' title='bbox 1833 3841 1961 3895; x_wconf 82' lang='lat' dir='ltr'><strong>ergo</strong></span> <span class='ocrx_word' id='word_1_538' title='bbox 1988 3829 2252 3898; x_wconf 65' lang='lat' dir='ltr'><strong>praeclara</strong></span> <span class='ocrx_word' id='word_1_539' title='bbox 2286 3845 2383 3901; x_wconf 89' lang='lat' dir='ltr'><strong>spe</strong></span> <span class='ocrx_word' id='word_1_540' title='bbox 2420 3832 2485 3884; x_wconf 81' lang='lat' dir='ltr'><strong>ad</strong></span> <span class='ocrx_word' id='word_1_541' title='bbox 2526 3834 2689 3888; x_wconf 88' lang='lat' dir='ltr'><strong>verba</strong></span> <span class='ocrx_word' id='word_1_542' title='bbox 2725 3849 2822 3890; x_wconf 84' lang='lat' dir='ltr'><strong>sua</strong></span> <span class='ocrx_word' id='word_1_543' title='bbox 2862 3837 3164 3904; x_wconf 89' lang='lat' dir='ltr'><strong>attendere,</strong></span> <span class='ocrx_word' id='word_1_544' title='bbox 3194 3847 3248 3894; x_wconf 89' lang='lat' dir='ltr'><strong>et</strong></span> <span class='ocrx_word' id='word_1_545' title='bbox 3279 3837 3404 3892; x_wconf 83' lang='lat' dir='ltr'><strong>anni</strong></span> 
     </span>
    </p>
   </div>
   <div class='ocr_carea' id='block_1_74' title="bbox 171 3918 1742 3998">
    <p class='ocr_par' dir='ltr' id='par_1_74' title="bbox 171 3923 1723 3997">
     <span class='ocr_line' id='line_1_75' title="bbox 171 3923 1723 3997; baseline 0 -22"><span class='ocrx_word' id='word_1_546' title='bbox 171 3924 403 3994; x_wconf 73' lang='grc' dir='ltr'><em>σωτήριον</em></span> <span class='ocrx_word' id='word_1_547' title='bbox 437 3926 742 3994; x_wconf 76' lang='grc' dir='ltr'><em>ἐποιήσατο</em></span> <span class='ocrx_word' id='word_1_548' title='bbox 761 3925 1042 3996; x_wconf 82' lang='grc' dir='ltr'><em>κήρυγμα,</em></span> <span class='ocrx_word' id='word_1_549' title='bbox 1066 3928 1216 3995; x_wconf 78' lang='grc' dir='ltr'><em>παρὰ</em></span> <span class='ocrx_word' id='word_1_550' title='bbox 1244 3924 1320 3995; x_wconf 82' lang='grc' dir='ltr'><em>τῷ</em></span> <span class='ocrx_word' id='word_1_551' title='bbox 1348 3924 1602 3997; x_wconf 80' lang='grc' dir='ltr'><strong>προφήτῃ</strong></span> <span class='ocrx_word' id='word_1_552' title='bbox 1636 3923 1723 3976; x_wconf 81' lang='grc' dir='ltr'><strong>λέ-</strong></span> 
     </span>
    </p>
   </div>
   <div class='ocr_carea' id='block_1_75' title="bbox 1834 3918 3405 3998">
    <p class='ocr_par' dir='ltr' id='par_1_75' title="bbox 1834 3918 3405 3998">
     <span class='ocr_line' id='line_1_76' title="bbox 1834 3918 3405 3998; baseline 0.008 -27"><span class='ocrx_word' id='word_1_553' title='bbox 1834 3918 1977 3973; x_wconf 87' lang='lat' dir='ltr'><strong>illius</strong></span> <span class='ocrx_word' id='word_1_554' title='bbox 2031 3920 2349 3978; x_wconf 89' lang='lat' dir='ltr'><strong>meminisse</strong></span> <span class='ocrx_word' id='word_1_555' title='bbox 2405 3923 2679 3992; x_wconf 81' lang='lat' dir='ltr'><strong>hortatur,</strong></span> <span class='ocrx_word' id='word_1_556' title='bbox 2733 3942 2842 3998; x_wconf 84' lang='lat' dir='ltr'><strong>quo</strong></span> <span class='ocrx_word' id='word_1_557' title='bbox 2907 3930 3206 3985; x_wconf 86' lang='lat' dir='ltr'><strong>salutarem</strong></span> <span class='ocrx_word' id='word_1_558' title='bbox 3261 3931 3405 3986; x_wconf 85' lang='lat' dir='ltr'><strong>inter</strong></span> 
     </span>
    </p>
   </div>
   <div class='ocr_carea' id='block_1_76' title="bbox 170 4010 1741 4091">
    <p class='ocr_par' dir='ltr' id='par_1_76' title="bbox 170 4010 1716 4089">
     <span class='ocr_line' id='line_1_77' title="bbox 170 4010 1716 4089; baseline -0.001 -22"><span class='ocrx_word' id='word_1_559' title='bbox 170 4028 308 4081; x_wconf 80' lang='grc' dir='ltr'><em>γων.ι</em></span> <span class='ocrx_word' id='word_1_560' title='bbox 332 4017 552 4089; x_wconf 77' lang='grc' dir='ltr'><strong>Πνεῦμα</strong></span> <span class='ocrx_word' id='word_1_561' title='bbox 582 4019 790 4088; x_wconf 80' lang='grc' dir='ltr'><em>Κυρίου</em></span> <span class='ocrx_word' id='word_1_562' title='bbox 807 4017 1029 4088; x_wconf 78' lang='grc' dir='ltr'><strong>ἐπ’ὲμὲ,</strong></span> <span class='ocrx_word' id='word_1_563' title='bbox 1048 4010 1109 4071; x_wconf 72' lang='grc' dir='ltr'><strong>οὗ</strong></span> <span class='ocrx_word' id='word_1_564' title='bbox 1127 4017 1332 4070; x_wconf 80' lang='grc' dir='ltr'><strong>εἵνεκεν</strong></span> <span class='ocrx_word' id='word_1_565' title='bbox 1356 4016 1570 4087; x_wconf 75' lang='grc' dir='ltr'><em>ἔχρισέν</em></span> <span class='ocrx_word' id='word_1_566' title='bbox 1594 4033 1682 4087; x_wconf 89' lang='grc' dir='ltr'><em>με.</em></span> <span class='ocrx_word' id='word_1_567' title='bbox 1698 4036 1716 4066; x_wconf 74' lang='grc' dir='ltr'><em>ι</em></span> 
     </span>
    </p>
   </div>
   <div class='ocr_carea' id='block_1_77' title="bbox 1831 4010 3402 4091">
    <p class='ocr_par' dir='ltr' id='par_1_77' title="bbox 1831 4012 3402 4091">
     <span class='ocr_line' id='line_1_78' title="bbox 1831 4012 3402 4091; baseline 0.008 -26"><span class='ocrx_word' id='word_1_568' title='bbox 1831 4012 2091 4071; x_wconf 82' lang='lat' dir='ltr'><strong>mortales</strong></span> <span class='ocrx_word' id='word_1_569' title='bbox 2120 4016 2562 4085; x_wconf 81' lang='lat' dir='ltr'><strong>praedicationem</strong></span> <span class='ocrx_word' id='word_1_570' title='bbox 2610 4022 2904 4091; x_wconf 79' lang='lat' dir='ltr'><strong>complevit</strong></span> <span class='ocrx_word' id='word_1_571' title='bbox 2960 4022 3241 4091; x_wconf 87' lang='lat' dir='ltr'><strong>Dominus,</strong></span> <span class='ocrx_word' id='word_1_572' title='bbox 3273 4024 3402 4081; x_wconf 88' lang='lat' dir='ltr'><strong>dum</strong></span> 
     </span>
    </p>
   </div>
   <div class='ocr_carea' id='block_1_78' title="bbox 170 4102 1741 4185">
    <p class='ocr_par' dir='ltr' id='par_1_78' title="bbox 170 4107 1719 4184">
     <span class='ocr_line' id='line_1_79' title="bbox 170 4107 1719 4184; baseline 0.003 -25"><span class='ocrx_word' id='word_1_573' title='bbox 170 4107 261 4160; x_wconf 75' lang='grc' dir='ltr'><strong>Καὶ</strong></span> <span class='ocrx_word' id='word_1_574' title='bbox 284 4110 483 4181; x_wconf 83' lang='grc' dir='ltr'><em>προϊών</em></span> <span class='ocrx_word' id='word_1_575' title='bbox 519 4129 663 4179; x_wconf 80' lang='grc' dir='ltr'><em>φησι</em></span> <span class='ocrx_word' id='word_1_576' title='bbox 720 4112 950 4165; x_wconf 80' lang='grc' dir='ltr'><em>καλέσαι</em></span> <span class='ocrx_word' id='word_1_577' title='bbox 983 4111 1228 4166; x_wconf 75' lang='grc' dir='ltr'><em>ἐνιαυτὸν</em></span> <span class='ocrx_word' id='word_1_578' title='bbox 1276 4112 1484 4184; x_wconf 86' lang='grc' dir='ltr'><em>Κυρίου</em></span> <span class='ocrx_word' id='word_1_579' title='bbox 1514 4111 1719 4165; x_wconf 81' lang='grc' dir='ltr'><em>δεκτόν.</em></span> 
     </span>
    </p>
   </div>
   <div class='ocr_carea' id='block_1_79' title="bbox 1831 4102 3402 4185">
    <p class='ocr_par' dir='ltr' id='par_1_79' title="bbox 1831 4102 3402 4185">
     <span class='ocr_line' id='line_1_80' title="bbox 1831 4102 3402 4185; baseline 0.011 -30"><span class='ocrx_word' id='word_1_580' title='bbox 1831 4102 1917 4159; x_wconf 88' lang='lat' dir='ltr'><strong>his</strong></span> <span class='ocrx_word' id='word_1_581' title='bbox 1964 4107 2243 4177; x_wconf 69' lang='lat' dir='ltr'><strong>prophetae</strong></span> <span class='ocrx_word' id='word_1_582' title='bbox 2274 4108 2454 4165; x_wconf 84' lang='lat' dir='ltr'><strong>verbis</strong></span> <span class='ocrx_word' id='word_1_583' title='bbox 2501 4126 2635 4167; x_wconf 91' lang='lat' dir='ltr'><strong>usus</strong></span> <span class='ocrx_word' id='word_1_584' title='bbox 2684 4120 2767 4169; x_wconf 88' lang='lat' dir='ltr'><strong>est</strong></span> <span class='ocrx_word' id='word_1_585' title='bbox 2804 4131 2817 4167; x_wconf 87' lang='lat'><strong>:</strong></span> <span class='ocrx_word' id='word_1_586' title='bbox 2854 4132 2871 4164; x_wconf 84' lang='grc' dir='ltr'><em>ι</em></span> <span class='ocrx_word' id='word_1_587' title='bbox 2915 4112 3156 4185; x_wconf 92' lang='lat' dir='ltr'><strong>Spiritus</strong></span> <span class='ocrx_word' id='word_1_588' title='bbox 3188 4115 3402 4173; x_wconf 88' lang='lat' dir='ltr'><strong>Domini</strong></span> 
     </span>
    </p>
   </div>
   <div class='ocr_carea' id='block_1_80' title="bbox 171 4196 1742 4276">
    <p class='ocr_par' dir='ltr' id='par_1_80' title="bbox 171 4198 1723 4276">
     <span class='ocr_line' id='line_1_81' title="bbox 171 4198 1723 4276; baseline 0.002 -23"><span class='ocrx_word' id='word_1_589' title='bbox 171 4198 345 4256; x_wconf 84' lang='grc' dir='ltr'><strong>Τούτου</strong></span> <span class='ocrx_word' id='word_1_590' title='bbox 375 4202 633 4273; x_wconf 70' lang='grc' dir='ltr'><em>βούλεται</em></span> <span class='ocrx_word' id='word_1_591' title='bbox 678 4204 991 4275; x_wconf 86' lang='grc' dir='ltr'><em>μεμνῆσθαι</em></span> <span class='ocrx_word' id='word_1_592' title='bbox 1034 4205 1133 4268; x_wconf 75' lang='grc' dir='ltr'><em>τὰς</em></span> <span class='ocrx_word' id='word_1_593' title='bbox 1164 4205 1571 4276; x_wconf 84' lang='grc' dir='ltr'><strong>προειρημένας</strong></span> <span class='ocrx_word' id='word_1_594' title='bbox 1607 4204 1723 4275; x_wconf 75' lang='grc' dir='ltr'><em>μετ’</em></span> 
     </span>
    </p>
   </div>
   <div class='ocr_carea' id='block_1_81' title="bbox 1826 4196 3397 4276">
    <p class='ocr_par' dir='ltr' id='par_1_81' title="bbox 1829 4196 3397 4275">
     <span class='ocr_line' id='line_1_82' title="bbox 1829 4196 3397 4275; baseline 0.004 -20"><span class='ocrx_word' id='word_1_595' title='bbox 1829 4196 1993 4268; x_wconf 81' lang='lat'><strong>387</strong></span> <span class='ocrx_word' id='word_1_596' title='bbox 2043 4215 2208 4269; x_wconf 84' lang='lat' dir='ltr'><strong>super</strong></span> <span class='ocrx_word' id='word_1_597' title='bbox 2278 4217 2363 4255; x_wconf 87' lang='lat' dir='ltr'><strong>me</strong></span> <span class='ocrx_word' id='word_1_598' title='bbox 2405 4220 2419 4268; x_wconf 87' lang='lat'><strong>;</strong></span> <span class='ocrx_word' id='word_1_599' title='bbox 2463 4212 2690 4272; x_wconf 88' lang='lat' dir='ltr'><strong>propter</strong></span> <span class='ocrx_word' id='word_1_600' title='bbox 2741 4205 2884 4275; x_wconf 89' lang='lat' dir='ltr'><strong>quod</strong></span> <span class='ocrx_word' id='word_1_601' title='bbox 2933 4207 3088 4262; x_wconf 80' lang='lat' dir='ltr'><strong>unxit</strong></span> <span class='ocrx_word' id='word_1_602' title='bbox 3155 4224 3242 4264; x_wconf 89' lang='lat' dir='ltr'><strong>me</strong></span> <span class='ocrx_word' id='word_1_603' title='bbox 3270 4210 3338 4263; x_wconf 76' lang='lat'><strong>&quot;.</strong></span> <span class='ocrx_word' id='word_1_604' title='bbox 3378 4229 3397 4262; x_wconf 77' lang='grc' dir='ltr'><strong>ι</strong></span> 
     </span>
    </p>
   </div>
   <div class='ocr_carea' id='block_1_82' title="bbox 169 4286 1740 4368">
    <p class='ocr_par' dir='ltr' id='par_1_82' title="bbox 169 4290 1725 4368">
     <span class='ocr_line' id='line_1_83' title="bbox 169 4290 1725 4368; baseline 0.003 -23"><span class='ocrx_word' id='word_1_605' title='bbox 169 4290 334 4365; x_wconf 71' lang='grc' dir='ltr'><em>ὀδύνης</em></span> <span class='ocrx_word' id='word_1_606' title='bbox 356 4297 836 4367; x_wconf 77' lang='grc' dir='ltr'><em>κατανυττομένας</em></span> <span class='ocrx_word' id='word_1_607' title='bbox 860 4296 1019 4366; x_wconf 78' lang='grc' dir='ltr'><strong>ἐφ’ὃν</strong></span> <span class='ocrx_word' id='word_1_608' title='bbox 1056 4296 1111 4333; x_wconf 65' lang='grc' dir='ltr'><strong>ι*</strong></span> <span class='ocrx_word' id='word_1_609' title='bbox 1138 4296 1556 4368; x_wconf 80' lang='grc' dir='ltr'><em>τετολμήκασιν,</em></span> <span class='ocrx_word' id='word_1_610' title='bbox 1582 4298 1725 4368; x_wconf 76' lang='grc' dir='ltr'><em>ἔχειν</em></span> 
     </span>
    </p>
   </div>
   <div class='ocr_carea' id='block_1_83' title="bbox 1830 4286 3401 4368">
    <p class='ocr_par' dir='ltr' id='par_1_83' title="bbox 1833 4286 3401 4363">
     <span class='ocr_line' id='line_1_84' title="bbox 1833 4286 3401 4363; baseline 0.009 -22"><span class='ocrx_word' id='word_1_611' title='bbox 1833 4286 2038 4344; x_wconf 90' lang='lat' dir='ltr'><strong>Deinde</strong></span> <span class='ocrx_word' id='word_1_612' title='bbox 2064 4291 2286 4360; x_wconf 87' lang='lat' dir='ltr'><strong>paulum</strong></span> <span class='ocrx_word' id='word_1_613' title='bbox 2315 4307 2660 4363; x_wconf 75' lang='lat' dir='ltr'><strong>progressus,</strong></span> <span class='ocrx_word' id='word_1_614' title='bbox 2688 4310 2889 4351; x_wconf 88' lang='lat' dir='ltr'><strong>vocare</strong></span> <span class='ocrx_word' id='word_1_615' title='bbox 2929 4313 3135 4353; x_wconf 89' lang='lat' dir='ltr'><strong>annum</strong></span> <span class='ocrx_word' id='word_1_616' title='bbox 3189 4298 3401 4355; x_wconf 88' lang='lat' dir='ltr'><strong>Domini</strong></span> 
     </span>
    </p>
   </div>
   <div class='ocr_carea' id='block_1_84' title="bbox 169 4381 1740 4462">
    <p class='ocr_par' dir='ltr' id='par_1_84' title="bbox 169 4381 1725 4458">
     <span class='ocr_line' id='line_1_85' title="bbox 169 4381 1725 4458; baseline 0.004 -23"><span class='ocrx_word' id='word_1_617' title='bbox 169 4382 215 4435; x_wconf 81' lang='grc' dir='ltr'><em>δὲ</em></span> <span class='ocrx_word' id='word_1_618' title='bbox 235 4386 318 4439; x_wconf 71' lang='grc' dir='ltr'><strong>καὶ</strong></span> <span class='ocrx_word' id='word_1_619' title='bbox 340 4386 434 4458; x_wconf 79' lang='grc' dir='ltr'><em>τὴν</em></span> <span class='ocrx_word' id='word_1_620' title='bbox 470 4387 897 4458; x_wconf 73' lang='grc' dir='ltr'><strong>ἐπηγγελμένην</strong></span> <span class='ocrx_word' id='word_1_621' title='bbox 931 4389 1044 4450; x_wconf 83' lang='grc' dir='ltr'><em>τοῖς</em></span> <span class='ocrx_word' id='word_1_622' title='bbox 1072 4386 1160 4456; x_wconf 76' lang='grc' dir='ltr'><strong>ἐφ’</strong></span> <span class='ocrx_word' id='word_1_623' title='bbox 1181 4381 1263 4451; x_wconf 79' lang='grc' dir='ltr'><strong>οἷς</strong></span> <span class='ocrx_word' id='word_1_624' title='bbox 1294 4384 1535 4457; x_wconf 74' lang='grc' dir='ltr'><em>ἔπραξαν</em></span> <span class='ocrx_word' id='word_1_625' title='bbox 1561 4404 1725 4457; x_wconf 83' lang='grc' dir='ltr'><em>μετα·</em></span> 
     </span>
    </p>
   </div>
   <div class='ocr_carea' id='block_1_85' title="bbox 1834 4381 3405 4462">
    <p class='ocr_par' dir='ltr' id='par_1_85' title="bbox 1834 4382 3405 4462">
     <span class='ocr_line' id='line_1_86' title="bbox 1834 4382 3405 4462; baseline 0.01 -28"><span class='ocrx_word' id='word_1_626' title='bbox 1834 4382 2256 4452; x_wconf 83' lang='lat' dir='ltr'><strong>acceptabilcm,</strong></span> <span class='ocrx_word' id='word_1_627' title='bbox 2315 4386 2513 4455; x_wconf 84' lang='lat' dir='ltr'><strong>adjecit</strong></span> <span class='ocrx_word' id='word_1_628' title='bbox 2561 4388 2625 4441; x_wconf 72' lang='grc'><strong>⁸⁸.</strong></span> <span class='ocrx_word' id='word_1_629' title='bbox 2672 4388 2847 4456; x_wconf 86' lang='lat' dir='ltr'><strong>Hujus</strong></span> <span class='ocrx_word' id='word_1_630' title='bbox 2901 4392 3067 4462; x_wconf 77' lang='lat' dir='ltr'><strong>igitur</strong></span> <span class='ocrx_word' id='word_1_631' title='bbox 3116 4393 3405 4461; x_wconf 62' lang='lat' dir='ltr'><strong>praedictas</strong></span> 
     </span>
    </p>
   </div>
   <div class='ocr_carea' id='block_1_86' title="bbox 170 4472 1741 4551">
    <p class='ocr_par' dir='ltr' id='par_1_86' title="bbox 170 4472 1726 4548">
     <span class='ocr_line' id='line_1_87' title="bbox 170 4472 1726 4548; baseline 0.003 -20"><span class='ocrx_word' id='word_1_632' title='bbox 170 4475 354 4530; x_wconf 79' lang='grc' dir='ltr'><em>νοοῦσιν</em></span> <span class='ocrx_word' id='word_1_633' title='bbox 379 4479 600 4533; x_wconf 76' lang='grc' dir='ltr'><em>ἐλπίδα.</em></span> <span class='ocrx_word' id='word_1_634' title='bbox 628 4480 756 4532; x_wconf 85' lang='grc' dir='ltr'><em>Ὀτε</em></span> <span class='ocrx_word' id='word_1_635' title='bbox 790 4479 888 4548; x_wconf 81' lang='grc' dir='ltr'><em>μὲν</em></span> <span class='ocrx_word' id='word_1_636' title='bbox 906 4472 999 4531; x_wconf 78' lang='grc' dir='ltr'><strong>οὗν</strong></span> <span class='ocrx_word' id='word_1_637' title='bbox 1035 4477 1276 4547; x_wconf 76' lang='grc' dir='ltr'><strong>ὑπῆρχεν</strong></span> <span class='ocrx_word' id='word_1_638' title='bbox 1305 4477 1588 4545; x_wconf 78' lang='grc' dir='ltr'><em>ἀμπελὼν</em></span> <span class='ocrx_word' id='word_1_639' title='bbox 1609 4481 1726 4532; x_wconf 88' lang='grc' dir='ltr'><strong>Κυ-</strong></span> 
     </span>
    </p>
   </div>
   <div class='ocr_carea' id='block_1_87' title="bbox 1831 4472 3402 4551">
    <p class='ocr_par' dir='ltr' id='par_1_87' title="bbox 1833 4476 3402 4551">
     <span class='ocr_line' id='line_1_88' title="bbox 1833 4476 3402 4551; baseline 0.007 -22"><span class='ocrx_word' id='word_1_640' title='bbox 1833 4476 2169 4539; x_wconf 88' lang='lat' dir='ltr'><strong>meminisse,</strong></span> <span class='ocrx_word' id='word_1_641' title='bbox 2222 4485 2278 4531; x_wconf 87' lang='lat' dir='ltr'><strong>et</strong></span> <span class='ocrx_word' id='word_1_642' title='bbox 2324 4493 2515 4532; x_wconf 91' lang='lat' dir='ltr'><strong>eorum</strong></span> <span class='ocrx_word' id='word_1_643' title='bbox 2545 4495 2666 4550; x_wconf 58' lang='lat' dir='ltr'><strong>quae</strong></span> <span class='ocrx_word' id='word_1_644' title='bbox 2707 4490 3019 4551; x_wconf 84' lang='lat' dir='ltr'><strong>patrarunt,</strong></span> <span class='ocrx_word' id='word_1_645' title='bbox 3055 4483 3244 4541; x_wconf 89' lang='lat' dir='ltr'><strong>dolore</strong></span> <span class='ocrx_word' id='word_1_646' title='bbox 3275 4501 3402 4540; x_wconf 82' lang='lat' dir='ltr'><strong>cru-</strong></span> 
     </span>
    </p>
   </div>
   <div class='ocr_carea' id='block_1_88' title="bbox 165 4564 1736 4662">
    <p class='ocr_par' dir='ltr' id='par_1_88' title="bbox 165 4564 1726 4640">
     <span class='ocr_line' id='line_1_89' title="bbox 165 4564 1726 4640; baseline 0.002 -21"><span class='ocrx_word' id='word_1_647' title='bbox 165 4568 280 4633; x_wconf 82' lang='grc' dir='ltr'><em>ρίου</em></span> <span class='ocrx_word' id='word_1_648' title='bbox 317 4572 347 4623; x_wconf 85' lang='grc' dir='ltr'><em>ὁ</em></span> <span class='ocrx_word' id='word_1_649' title='bbox 380 4565 550 4637; x_wconf 75' lang='grc' dir='ltr'><em>οἶκος</em></span> <span class='ocrx_word' id='word_1_650' title='bbox 596 4570 702 4625; x_wconf 83' lang='grc' dir='ltr'><strong>τοῦ</strong></span> <span class='ocrx_word' id='word_1_651' title='bbox 744 4569 1013 4638; x_wconf 78' lang='grc' dir='ltr'><em>Ἰσραὴλ,</em></span> <span class='ocrx_word' id='word_1_652' title='bbox 1067 4570 1235 4632; x_wconf 78' lang='grc' dir='ltr'><em>πολὺς</em></span> <span class='ocrx_word' id='word_1_653' title='bbox 1267 4564 1333 4639; x_wconf 75' lang='grc' dir='ltr'><strong>ἦν</strong></span> <span class='ocrx_word' id='word_1_654' title='bbox 1379 4572 1513 4640; x_wconf 80' lang='grc' dir='ltr'><em>παρ’</em></span> <span class='ocrx_word' id='word_1_655' title='bbox 1541 4570 1726 4632; x_wconf 76' lang='grc' dir='ltr'><em>αὐτοῖς</em></span> 
     </span>
    </p>
   </div>
   <div class='ocr_carea' id='block_1_89' title="bbox 1833 4564 3404 4662">
    <p class='ocr_par' dir='ltr' id='par_1_89' title="bbox 1833 4569 3404 4650">
     <span class='ocr_line' id='line_1_90' title="bbox 1833 4569 3404 4650; baseline 0.006 -25"><span class='ocrx_word' id='word_1_656' title='bbox 1833 4569 1992 4635; x_wconf 86' lang='lat' dir='ltr'><strong>ciari;</strong></span> <span class='ocrx_word' id='word_1_657' title='bbox 2023 4584 2142 4623; x_wconf 88' lang='lat' dir='ltr'><strong>eam</strong></span> <span class='ocrx_word' id='word_1_658' title='bbox 2174 4570 2431 4641; x_wconf 89' lang='lat' dir='ltr'><strong>denique,</strong></span> <span class='ocrx_word' id='word_1_659' title='bbox 2462 4589 2585 4643; x_wconf 75' lang='lat' dir='ltr'><strong>quae</strong></span> <span class='ocrx_word' id='word_1_660' title='bbox 2635 4584 2901 4632; x_wconf 68' lang='lat' dir='ltr'><strong>anteactae</strong></span> <span class='ocrx_word' id='word_1_661' title='bbox 2924 4578 3049 4634; x_wconf 72' lang='lat' dir='ltr'><strong>vita:</strong></span> <span class='ocrx_word' id='word_1_662' title='bbox 3076 4579 3404 4650; x_wconf 74' lang='lat' dir='ltr'><strong>pmnitcntes</strong></span> 
     </span>
    </p>
   </div>
   <div class='ocr_carea' id='block_1_90' title="bbox 166 4660 1737 4744">
    <p class='ocr_par' dir='ltr' id='par_1_90' title="bbox 166 4660 1725 4733">
     <span class='ocr_line' id='line_1_91' title="bbox 166 4660 1725 4733; baseline 0.005 -24"><span class='ocrx_word' id='word_1_663' title='bbox 166 4661 450 4729; x_wconf 77' lang='grc' dir='ltr'><em>τρυγητός,</em></span> <span class='ocrx_word' id='word_1_664' title='bbox 480 4661 689 4724; x_wconf 82' lang='grc' dir='ltr'><em>παντὸς</em></span> <span class='ocrx_word' id='word_1_665' title='bbox 718 4662 811 4714; x_wconf 86' lang='grc' dir='ltr'><em>τοῦ</em></span> <span class='ocrx_word' id='word_1_666' title='bbox 840 4661 1026 4725; x_wconf 73' lang='grc' dir='ltr'><em>ἔθνους</em></span> <span class='ocrx_word' id='word_1_667' title='bbox 1054 4662 1132 4730; x_wconf 85' lang='grc' dir='ltr'><em>τῷ</em></span> <span class='ocrx_word' id='word_1_668' title='bbox 1159 4660 1252 4715; x_wconf 85' lang='grc' dir='ltr'><strong>τοῦ</strong></span> <span class='ocrx_word' id='word_1_669' title='bbox 1281 4661 1414 4714; x_wconf 82' lang='grc' dir='ltr'><em>Θεοῦ</em></span> <span class='ocrx_word' id='word_1_670' title='bbox 1444 4680 1725 4733; x_wconf 71' lang='grc' dir='ltr'><em>καρποφο-</em></span> 
     </span>
    </p>
   </div>
   <div class='ocr_carea' id='block_1_91' title="bbox 1834 4660 3405 4744">
    <p class='ocr_par' dir='ltr' id='par_1_91' title="bbox 1834 4669 3405 4744">
     <span class='ocr_line' id='line_1_92' title="bbox 1834 4669 3405 4744; baseline 0.011 -32"><span class='ocrx_word' id='word_1_671' title='bbox 1834 4669 2037 4725; x_wconf 90' lang='lat' dir='ltr'><strong>manet,</strong></span> <span class='ocrx_word' id='word_1_672' title='bbox 2074 4676 2225 4731; x_wconf 89' lang='lat' dir='ltr'><strong>spem</strong></span> <span class='ocrx_word' id='word_1_673' title='bbox 2270 4678 2603 4721; x_wconf 89' lang='lat' dir='ltr'><strong>conservare</strong></span> <span class='ocrx_word' id='word_1_674' title='bbox 2653 4671 2912 4739; x_wconf 86' lang='lat' dir='ltr'><strong>postulat.</strong></span> <span class='ocrx_word' id='word_1_675' title='bbox 2952 4670 3089 4727; x_wconf 88' lang='lat' dir='ltr'><strong>Cum</strong></span> <span class='ocrx_word' id='word_1_676' title='bbox 3134 4688 3265 4744; x_wconf 79' lang='lat' dir='ltr'><strong>ergo</strong></span> <span class='ocrx_word' id='word_1_677' title='bbox 3302 4674 3405 4728; x_wconf 79' lang='lat' dir='ltr'><strong>Dn-</strong></span> 
     </span>
    </p>
   </div>
   <div class='ocr_carea' id='block_1_92' title="bbox 169 4747 1740 4836">
    <p class='ocr_par' dir='ltr' id='par_1_92' title="bbox 169 4747 1727 4823">
     <span class='ocr_line' id='line_1_93' title="bbox 169 4747 1727 4823; baseline 0.004 -23"><span class='ocrx_word' id='word_1_678' title='bbox 169 4747 364 4818; x_wconf 84' lang='grc' dir='ltr'><em>ροῦντος</em></span> <span class='ocrx_word' id='word_1_679' title='bbox 384 4751 521 4823; x_wconf 81' lang='grc' dir='ltr'><em>ναῷ.</em></span> <span class='ocrx_word' id='word_1_680' title='bbox 540 4751 661 4805; x_wconf 81' lang='grc' dir='ltr'><strong>Νῦν</strong></span> <span class='ocrx_word' id='word_1_681' title='bbox 690 4751 747 4805; x_wconf 82' lang='grc' dir='ltr'><em>δέ</em></span> <span class='ocrx_word' id='word_1_682' title='bbox 768 4768 954 4823; x_wconf 83' lang='grc' dir='ltr'><em>φησιν,</em></span> <span class='ocrx_word' id='word_1_683' title='bbox 971 4751 1311 4821; x_wconf 72' lang='grc' dir='ltr'><em>Ἀνήλωται,</em></span> <span class='ocrx_word' id='word_1_684' title='bbox 1335 4753 1433 4823; x_wconf 82' lang='grc' dir='ltr'><strong>οὐχ</strong></span> <span class='ocrx_word' id='word_1_685' title='bbox 1449 4753 1524 4816; x_wconf 86' lang='grc' dir='ltr'><em>ὡς</em></span> <span class='ocrx_word' id='word_1_686' title='bbox 1543 4766 1567 4792; x_wconf 81' lang='grc' dir='ltr'><strong>υ</strong></span> <span class='ocrx_word' id='word_1_687' title='bbox 1594 4755 1727 4807; x_wconf 77' lang='grc' dir='ltr'><strong>ἀνα·</strong></span> 
     </span>
    </p>
   </div>
   <div class='ocr_carea' id='block_1_93' title="bbox 1830 4747 3401 4836">
    <p class='ocr_par' dir='ltr' id='par_1_93' title="bbox 1834 4749 3401 4836">
     <span class='ocr_line' id='line_1_94' title="bbox 1834 4749 3401 4836; baseline 0.011 -34"><span class='ocrx_word' id='word_1_688' title='bbox 1834 4749 1965 4804; x_wconf 91' lang='lat' dir='ltr'><strong>miui</strong></span> <span class='ocrx_word' id='word_1_689' title='bbox 1992 4752 2145 4806; x_wconf 88' lang='lat' dir='ltr'><strong>vinea</strong></span> <span class='ocrx_word' id='word_1_690' title='bbox 2176 4754 2289 4823; x_wconf 86' lang='lat' dir='ltr'><strong>ipsa</strong></span> <span class='ocrx_word' id='word_1_691' title='bbox 2320 4755 2509 4812; x_wconf 85' lang='lat' dir='ltr'><strong>domus</strong></span> <span class='ocrx_word' id='word_1_692' title='bbox 2534 4770 2667 4814; x_wconf 83' lang='lat' dir='ltr'><strong>esset</strong></span> <span class='ocrx_word' id='word_1_693' title='bbox 2692 4759 2887 4825; x_wconf 86' lang='lat' dir='ltr'><strong>Israel,</strong></span> <span class='ocrx_word' id='word_1_694' title='bbox 2920 4763 3085 4817; x_wconf 88' lang='lat' dir='ltr'><strong>multa</strong></span> <span class='ocrx_word' id='word_1_695' title='bbox 3115 4772 3233 4819; x_wconf 87' lang='lat' dir='ltr'><strong>erat</strong></span> <span class='ocrx_word' id='word_1_696' title='bbox 3261 4768 3401 4836; x_wconf 89' lang='lat' dir='ltr'><strong>apud</strong></span> 
     </span>
    </p>
   </div>
   <div class='ocr_carea' id='block_1_94' title="bbox 165 4838 1736 4929">
    <p class='ocr_par' dir='ltr' id='par_1_94' title="bbox 165 4838 1726 4914">
     <span class='ocr_line' id='line_1_95' title="bbox 165 4838 1726 4914; baseline 0.005 -24"><span class='ocrx_word' id='word_1_697' title='bbox 165 4838 413 4912; x_wconf 78' lang='grc' dir='ltr'><strong>ληφθῆναι</strong></span> <span class='ocrx_word' id='word_1_698' title='bbox 469 4842 661 4909; x_wconf 83' lang='grc' dir='ltr'><em>πάλιν,</em></span> <span class='ocrx_word' id='word_1_699' title='bbox 698 4843 834 4913; x_wconf 83' lang='grc' dir='ltr'><em>ὅπερ</em></span> <span class='ocrx_word' id='word_1_700' title='bbox 870 4844 1063 4913; x_wconf 78' lang='grc' dir='ltr'><strong>γέγονε</strong></span> <span class='ocrx_word' id='word_1_701' title='bbox 1108 4843 1247 4914; x_wconf 79' lang='grc' dir='ltr'><em>μετὰ</em></span> <span class='ocrx_word' id='word_1_702' title='bbox 1273 4842 1372 4914; x_wconf 80' lang='grc' dir='ltr'><em>τὴν</em></span> <span class='ocrx_word' id='word_1_703' title='bbox 1420 4843 1479 4908; x_wconf 81' lang='grc' dir='ltr'><strong>ἐξ</strong></span> <span class='ocrx_word' id='word_1_704' title='bbox 1536 4846 1726 4898; x_wconf 83' lang='grc' dir='ltr'><em>Ἀσσυ-</em></span> 
     </span>
    </p>
   </div>
   <div class='ocr_carea' id='block_1_95' title="bbox 1834 4838 3405 4929">
    <p class='ocr_par' dir='ltr' id='par_1_95' title="bbox 1834 4843 3405 4929">
     <span class='ocr_line' id='line_1_96' title="bbox 1834 4843 3405 4929; baseline 0.01 -32"><span class='ocrx_word' id='word_1_705' title='bbox 1834 4843 1982 4914; x_wconf 91' lang='lat' dir='ltr'><strong>ipsos</strong></span> <span class='ocrx_word' id='word_1_706' title='bbox 2012 4846 2297 4915; x_wconf 83' lang='lat' dir='ltr'><strong>vindemia,</strong></span> <span class='ocrx_word' id='word_1_707' title='bbox 2328 4865 2439 4919; x_wconf 89' lang='lat' dir='ltr'><strong>quo</strong></span> <span class='ocrx_word' id='word_1_708' title='bbox 2470 4858 2716 4923; x_wconf 89' lang='lat' dir='ltr'><strong>tempore</strong></span> <span class='ocrx_word' id='word_1_709' title='bbox 2747 4856 2949 4910; x_wconf 86' lang='lat' dir='ltr'><strong>scilicet</strong></span> <span class='ocrx_word' id='word_1_710' title='bbox 2984 4858 3036 4910; x_wconf 91' lang='lat' dir='ltr'><strong>in</strong></span> <span class='ocrx_word' id='word_1_711' title='bbox 3074 4856 3164 4911; x_wconf 87' lang='lat' dir='ltr'><strong>Dei</strong></span> <span class='ocrx_word' id='word_1_712' title='bbox 3202 4858 3405 4929; x_wconf 89' lang='lat' dir='ltr'><strong>templo</strong></span> 
     </span>
    </p>
   </div>
   <div class='ocr_carea' id='block_1_96' title="bbox 170 4933 1741 5016">
    <p class='ocr_par' dir='ltr' id='par_1_96' title="bbox 170 4933 1727 5006">
     <span class='ocr_line' id='line_1_97' title="bbox 170 4933 1727 5006; baseline 0.004 -23"><span class='ocrx_word' id='word_1_713' title='bbox 170 4933 281 4996; x_wconf 79' lang='grc' dir='ltr'><em>ρὶων</em></span> <span class='ocrx_word' id='word_1_714' title='bbox 303 4936 587 4991; x_wconf 80' lang='grc' dir='ltr'><em>ἐπάνοδον.</em></span> <span class='ocrx_word' id='word_1_715' title='bbox 611 4934 726 4989; x_wconf 82' lang='grc' dir='ltr'><em>Νῦν</em></span> <span class='ocrx_word' id='word_1_716' title='bbox 742 4936 850 5006; x_wconf 80' lang='grc' dir='ltr'><strong>γὰρ</strong></span> <span class='ocrx_word' id='word_1_717' title='bbox 871 4936 970 4990; x_wconf 76' lang='grc' dir='ltr'>οὐκ</span> <span class='ocrx_word' id='word_1_718' title='bbox 993 4934 1072 4987; x_wconf 80' lang='grc' dir='ltr'><em>ἔτι</em></span> <span class='ocrx_word' id='word_1_719' title='bbox 1097 4934 1281 5003; x_wconf 71' lang='grc' dir='ltr'><em>φησιν,</em></span> <span class='ocrx_word' id='word_1_720' title='bbox 1305 4934 1441 4989; x_wconf 83' lang='grc' dir='ltr'><em>ἀλλὰ</em></span> <span class='ocrx_word' id='word_1_721' title='bbox 1470 4936 1727 4999; x_wconf 79' lang='grc' dir='ltr'><strong>καθάπαξ</strong></span> 
     </span>
    </p>
   </div>
   <div class='ocr_carea' id='block_1_97' title="bbox 1833 4933 3404 5016">
    <p class='ocr_par' dir='ltr' id='par_1_97' title="bbox 1836 4937 3404 5016">
     <span class='ocr_line' id='line_1_98' title="bbox 1836 4937 3404 5016; baseline 0.01 -25"><span class='ocrx_word' id='word_1_722' title='bbox 1836 4937 2046 4994; x_wconf 80' lang='lat' dir='ltr'><strong>fructus</strong></span> <span class='ocrx_word' id='word_1_723' title='bbox 2098 4957 2229 4996; x_wconf 89' lang='lat' dir='ltr'><strong>suos</strong></span> <span class='ocrx_word' id='word_1_724' title='bbox 2278 4943 2475 4999; x_wconf 86' lang='lat' dir='ltr'><strong>edebat</strong></span> <span class='ocrx_word' id='word_1_725' title='bbox 2526 4945 2762 5016; x_wconf 89' lang='lat' dir='ltr'><strong>populus</strong></span> <span class='ocrx_word' id='word_1_726' title='bbox 2818 4950 3130 5006; x_wconf 89' lang='lat' dir='ltr'><strong>universus.</strong></span> <span class='ocrx_word' id='word_1_727' title='bbox 3174 4947 3281 5005; x_wconf 90' lang='lat' dir='ltr'><strong>Sed</strong></span> <span class='ocrx_word' id='word_1_728' title='bbox 3328 4952 3404 5006; x_wconf 89' lang='lat' dir='ltr'><strong>ita</strong></span> 
     </span>
    </p>
   </div>
   <div class='ocr_carea' id='block_1_98' title="bbox 165 5024 3405 5113">
    <p class='ocr_par' dir='ltr' id='par_1_98' title="bbox 165 5024 3405 5113">
     <span class='ocr_line' id='line_1_99' title="bbox 165 5024 3405 5113; baseline 0.008 -41"><span class='ocrx_word' id='word_1_729' title='bbox 165 5024 505 5099; x_wconf 73' lang='grc' dir='ltr'><em>ὲκτέτμηται,</em></span> <span class='ocrx_word' id='word_1_730' title='bbox 1836 5043 2145 5104; x_wconf 84' lang='lat' dir='ltr'><strong>consumpta</strong></span> <span class='ocrx_word' id='word_1_731' title='bbox 2176 5045 2277 5099; x_wconf 83' lang='lat' dir='ltr'><strong>est,</strong></span> <span class='ocrx_word' id='word_1_732' title='bbox 2308 5036 2507 5106; x_wconf 87' lang='lat' dir='ltr'><strong>inquit,</strong></span> <span class='ocrx_word' id='word_1_733' title='bbox 2530 5047 2589 5092; x_wconf 92' lang='lat' dir='ltr'><strong>ut</strong></span> <span class='ocrx_word' id='word_1_734' title='bbox 2613 5039 2872 5111; x_wconf 85' lang='lat' dir='ltr'><strong>deinceps</strong></span> <span class='ocrx_word' id='word_1_735' title='bbox 2901 5042 3067 5113; x_wconf 90' lang='lat' dir='ltr'><strong>(sicut</strong></span> <span class='ocrx_word' id='word_1_736' title='bbox 3091 5049 3213 5113; x_wconf 88' lang='lat' dir='ltr'><strong>post</strong></span> <span class='ocrx_word' id='word_1_737' title='bbox 3234 5044 3405 5112; x_wconf 84' lang='lat' dir='ltr'><strong>Assy-</strong></span> 
     </span>
    </p>
   </div>
   <div class='ocr_carea' id='block_1_99' title="bbox 168 5117 3405 5211">
    <p class='ocr_par' dir='ltr' id='par_1_99' title="bbox 168 5117 3405 5211">
     <span class='ocr_line' id='line_1_100' title="bbox 168 5117 3405 5211; baseline 0.009 -45"><span class='ocrx_word' id='word_1_738' title='bbox 168 5117 351 5172; x_wconf 81' lang='lat' dir='ltr'><strong>riacam</strong></span> <span class='ocrx_word' id='word_1_739' title='bbox 397 5119 775 5176; x_wconf 88' lang='lat' dir='ltr'><strong>reversionem</strong></span> <span class='ocrx_word' id='word_1_740' title='bbox 816 5120 1091 5193; x_wconf 79' lang='lat' dir='ltr'><strong>contigit),</strong></span> <span class='ocrx_word' id='word_1_741' title='bbox 1124 5119 1436 5192; x_wconf 90' lang='lat' dir='ltr'><strong>recuperari</strong></span> <span class='ocrx_word' id='word_1_742' title='bbox 1480 5135 1585 5175; x_wconf 90' lang='lat' dir='ltr'><strong>non</strong></span> <span class='ocrx_word' id='word_1_743' title='bbox 1628 5121 1825 5174; x_wconf 88' lang='lat' dir='ltr'><strong>valeat.</strong></span> <span class='ocrx_word' id='word_1_744' title='bbox 1858 5121 1975 5179; x_wconf 86' lang='lat' dir='ltr'><strong>Non</strong></span> <span class='ocrx_word' id='word_1_745' title='bbox 2012 5128 2161 5181; x_wconf 91' lang='lat' dir='ltr'><strong>enim</strong></span> <span class='ocrx_word' id='word_1_746' title='bbox 2194 5140 2305 5185; x_wconf 87' lang='lat' dir='ltr'><strong>stat</strong></span> <span class='ocrx_word' id='word_1_747' title='bbox 2372 5132 2462 5187; x_wconf 89' lang='lat' dir='ltr'><strong>illa</strong></span> <span class='ocrx_word' id='word_1_748' title='bbox 2496 5133 2752 5204; x_wconf 84' lang='lat' dir='ltr'><strong>amplius,</strong></span> <span class='ocrx_word' id='word_1_749' title='bbox 2823 5136 3024 5207; x_wconf 88' lang='lat' dir='ltr'><strong>inquit,</strong></span> <span class='ocrx_word' id='word_1_750' title='bbox 3098 5139 3192 5195; x_wconf 85' lang='lat' dir='ltr'><strong>sed</strong></span> <span class='ocrx_word' id='word_1_751' title='bbox 3257 5138 3405 5211; x_wconf 76' lang='lat' dir='ltr'><strong>jacet</strong></span> 
     </span>
    </p>
   </div>
   <div class='ocr_carea' id='block_1_100' title="bbox 164 5212 612 5284">
    <p class='ocr_par' dir='ltr' id='par_1_100' title="bbox 164 5212 612 5284">
     <span class='ocr_line' id='line_1_101' title="bbox 164 5212 612 5284; baseline 0.013 -21"><span class='ocrx_word' id='word_1_752' title='bbox 164 5212 327 5266; x_wconf 79' lang='lat' dir='ltr'><strong>excisa</strong></span> <span class='ocrx_word' id='word_1_753' title='bbox 364 5215 612 5284; x_wconf 88' lang='lat' dir='ltr'><strong>penitus.</strong></span> 
     </span>
    </p>
   </div>
   <div class='ocr_carea' id='block_1_101' title="bbox 225 5301 1796 5382">
    <p class='ocr_par' dir='ltr' id='par_1_101' title="bbox 225 5301 1724 5378">
     <span class='ocr_line' id='line_1_102' title="bbox 225 5301 1724 5378; baseline 0.003 -24"><span class='ocrx_word' id='word_1_754' title='bbox 225 5301 467 5359; x_wconf 77' lang='grc' dir='ltr'><em>Δεῑκνυσι</em></span> <span class='ocrx_word' id='word_1_755' title='bbox 498 5306 585 5372; x_wconf 79' lang='grc' dir='ltr'><strong>δὲ,</strong></span> <span class='ocrx_word' id='word_1_756' title='bbox 617 5305 750 5376; x_wconf 83' lang='grc' dir='ltr'>φασί</span> <span class='ocrx_word' id='word_1_757' title='bbox 776 5323 943 5369; x_wconf 85' lang='grc' dir='ltr'><em>τινες,</em></span> <span class='ocrx_word' id='word_1_758' title='bbox 964 5306 1040 5369; x_wconf 79' lang='grc' dir='ltr'><em>ὡς</em></span> <span class='ocrx_word' id='word_1_759' title='bbox 1060 5305 1375 5361; x_wconf 80' lang='grc' dir='ltr'><strong>ἀπειθοῦντι</strong></span> <span class='ocrx_word' id='word_1_760' title='bbox 1402 5306 1479 5377; x_wconf 85' lang='grc' dir='ltr'><em>τῷ</em></span> <span class='ocrx_word' id='word_1_761' title='bbox 1510 5304 1724 5378; x_wconf 81' lang='grc' dir='ltr'><em>Ἰσραὴλ</em></span> 
     </span>
    </p>
   </div>
   <div class='ocr_carea' id='block_1_102' title="bbox 1827 5301 3398 5382">
    <p class='ocr_par' dir='ltr' id='par_1_102' title="bbox 1902 5307 3398 5382">
     <span class='ocr_line' id='line_1_103' title="bbox 1902 5307 3398 5382; baseline 0.005 -21"><span class='ocrx_word' id='word_1_762' title='bbox 1902 5307 2187 5379; x_wconf 77' lang='lat' dir='ltr'><strong>Signiﬁcat</strong></span> <span class='ocrx_word' id='word_1_763' title='bbox 2208 5318 2412 5375; x_wconf 87' lang='lat' dir='ltr'><strong>autem,</strong></span> <span class='ocrx_word' id='word_1_764' title='bbox 2436 5312 2589 5370; x_wconf 89' lang='lat' dir='ltr'><strong>aiunt</strong></span> <span class='ocrx_word' id='word_1_765' title='bbox 2613 5314 2882 5382; x_wconf 81' lang='lat' dir='ltr'><strong>nonnulli,</strong></span> <span class='ocrx_word' id='word_1_766' title='bbox 2908 5314 3190 5371; x_wconf 81' lang='lat' dir='ltr'><strong>incredula</strong></span> <span class='ocrx_word' id='word_1_767' title='bbox 3219 5312 3398 5371; x_wconf 85' lang='lat' dir='ltr'><strong>lsraeli</strong></span> 
     </span>
    </p>
   </div>
   <div class='ocr_carea' id='block_1_103' title="bbox 162 5389 1733 5476">
    <p class='ocr_par' dir='ltr' id='par_1_103' title="bbox 162 5389 1725 5472">
     <span class='ocr_line' id='line_1_104' title="bbox 162 5389 1725 5472; baseline 0.006 -27"><span class='ocrx_word' id='word_1_768' title='bbox 162 5389 252 5445; x_wconf 70' lang='grc' dir='ltr'><strong>οὐκ</strong></span> <span class='ocrx_word' id='word_1_769' title='bbox 301 5395 544 5468; x_wconf 80' lang='grc' dir='ltr'><em>ἀζήμιον</em></span> <span class='ocrx_word' id='word_1_770' title='bbox 592 5398 653 5452; x_wconf 76' lang='grc' dir='ltr'><em>τὸ</em></span> <span class='ocrx_word' id='word_1_771' title='bbox 688 5400 879 5471; x_wconf 86' lang='grc' dir='ltr'><em>χρῆμα</em></span> <span class='ocrx_word' id='word_1_772' title='bbox 928 5401 1238 5468; x_wconf 81' lang='grc' dir='ltr'><em>γενήσεται.</em></span> <span class='ocrx_word' id='word_1_773' title='bbox 1301 5400 1575 5472; x_wconf 83' lang='grc' dir='ltr'><em>Ἥμελλον</em></span> <span class='ocrx_word' id='word_1_774' title='bbox 1614 5400 1725 5470; x_wconf 80' lang='grc' dir='ltr'><strong>γὰρ</strong></span> 
     </span>
    </p>
   </div>
   <div class='ocr_carea' id='block_1_104' title="bbox 1826 5389 3397 5476">
    <p class='ocr_par' dir='ltr' id='par_1_104' title="bbox 1832 5401 3397 5476">
     <span class='ocr_line' id='line_1_105' title="bbox 1832 5401 3397 5476; baseline 0.006 -25"><span class='ocrx_word' id='word_1_775' title='bbox 1832 5413 1943 5455; x_wconf 89' lang='lat' dir='ltr'><strong>rem</strong></span> <span class='ocrx_word' id='word_1_776' title='bbox 1997 5414 2106 5455; x_wconf 91' lang='lat' dir='ltr'><strong>non</strong></span> <span class='ocrx_word' id='word_1_777' title='bbox 2146 5401 2365 5471; x_wconf 90' lang='lat' dir='ltr'><strong>impune</strong></span> <span class='ocrx_word' id='word_1_778' title='bbox 2408 5418 2708 5462; x_wconf 87' lang='lat' dir='ltr'><strong>cessuram.</strong></span> <span class='ocrx_word' id='word_1_779' title='bbox 2753 5405 2884 5460; x_wconf 86' lang='lat' dir='ltr'><strong>Erat</strong></span> <span class='ocrx_word' id='word_1_780' title='bbox 2933 5407 3076 5463; x_wconf 90' lang='lat' dir='ltr'><strong>enim</strong></span> <span class='ocrx_word' id='word_1_781' title='bbox 3133 5404 3397 5476; x_wconf 79' lang='lat' dir='ltr'><strong>futurum,</strong></span> 
     </span>
    </p>
   </div>
   <div class='ocr_carea' id='block_1_105' title="bbox 223 5526 2482 5608">
    <p class='ocr_par' dir='ltr' id='par_1_105' title="bbox 223 5526 2482 5608">
     <span class='ocr_line' id='line_1_106' title="bbox 223 5526 2482 5608; baseline 0.006 -24"><span class='ocrx_word' id='word_1_782' title='bbox 223 5526 270 5561; x_wconf 77' lang='lat'><strong>“</strong></span> <span class='ocrx_word' id='word_1_783' title='bbox 301 5530 450 5589; x_wconf 81' lang='lat' dir='ltr'><strong>Psal.</strong></span> <span class='ocrx_word' id='word_1_784' title='bbox 489 5548 637 5601; x_wconf 82' lang='lat' dir='ltr'><strong>xcvi,</strong></span> <span class='ocrx_word' id='word_1_785' title='bbox 669 5535 727 5593; x_wconf 90' lang='lat'><strong>8.</strong></span> <span class='ocrx_word' id='word_1_786' title='bbox 767 5536 813 5569; x_wconf 77' lang='lat'>&quot;</span> <span class='ocrx_word' id='word_1_787' title='bbox 840 5537 944 5591; x_wconf 83' lang='lat' dir='ltr'><strong>lsa.</strong></span> <span class='ocrx_word' id='word_1_788' title='bbox 976 5553 1092 5602; x_wconf 78' lang='lat' dir='ltr'><strong>ut,</strong></span> <span class='ocrx_word' id='word_1_789' title='bbox 1127 5540 1149 5592; x_wconf 80' lang='lat'><strong>1</strong></span> <span class='ocrx_word' id='word_1_790' title='bbox 1180 5555 1195 5605; x_wconf 87' lang='lat'><strong>;</strong></span> <span class='ocrx_word' id='word_1_791' title='bbox 1228 5538 1360 5593; x_wconf 86' lang='lat' dir='ltr'><strong>Luc.</strong></span> <span class='ocrx_word' id='word_1_792' title='bbox 1396 5554 1469 5603; x_wconf 83' lang='lat' dir='ltr'><strong>tv,</strong></span> <span class='ocrx_word' id='word_1_793' title='bbox 1496 5538 1586 5594; x_wconf 71' lang='grc'><strong>18.</strong></span> <span class='ocrx_word' id='word_1_794' title='bbox 1662 5538 1708 5569; x_wconf 71' lang='grc'><strong>⁸⁸</strong></span> <span class='ocrx_word' id='word_1_795' title='bbox 1738 5535 1840 5593; x_wconf 91' lang='lat' dir='ltr'><strong>lsa.</strong></span> <span class='ocrx_word' id='word_1_796' title='bbox 1869 5554 1986 5603; x_wconf 79' lang='lat' dir='ltr'><strong>ut,</strong></span> <span class='ocrx_word' id='word_1_797' title='bbox 2011 5540 2079 5604; x_wconf 75' lang='lat'><strong>2;</strong></span> <span class='ocrx_word' id='word_1_798' title='bbox 2115 5539 2245 5597; x_wconf 89' lang='lat' dir='ltr'><strong>Luc.</strong></span> <span class='ocrx_word' id='word_1_799' title='bbox 2280 5558 2353 5608; x_wconf 82' lang='lat' dir='ltr'><strong>iv,</strong></span> <span class='ocrx_word' id='word_1_800' title='bbox 2395 5541 2482 5598; x_wconf 83' lang='lat' dir='ltr'><strong>l9.</strong></span> 
     </span>
    </p>
   </div>
   <div class='ocr_carea' id='block_1_106' title="bbox 1402 5647 2083 5707">
    <p class='ocr_par' dir='ltr' id='par_1_106' title="bbox 1402 5647 2083 5707">
     <span class='ocr_line' id='line_1_107' title="bbox 1402 5647 2083 5707; baseline 0.012 -8"><span class='ocrx_word' id='word_1_801' title='bbox 1402 5648 1636 5704; x_wconf 65' lang='lat' dir='ltr'><strong>\‘ARIAE</strong></span> <span class='ocrx_word' id='word_1_802' title='bbox 1677 5647 2083 5707; x_wconf 79' lang='lat' dir='ltr'><strong>LECTIONES.</strong></span> 
     </span>
    </p>
   </div>
   <div class='ocr_carea' id='block_1_107' title="bbox 232 5756 1707 5837">
    <p class='ocr_par' dir='ltr' id='par_1_107' title="bbox 232 5756 1707 5837">
     <span class='ocr_line' id='line_1_108' title="bbox 232 5756 1707 5837; baseline 0.008 -27"><span class='ocrx_word' id='word_1_803' title='bbox 232 5756 354 5828; x_wconf 77' lang='grc' dir='ltr'><em>ίᾶςρ.</em></span> <span class='ocrx_word' id='word_1_804' title='bbox 382 5758 451 5814; x_wconf 80' lang='grc' dir='ltr'><em>τὸ</em></span> <span class='ocrx_word' id='word_1_805' title='bbox 513 5760 752 5815; x_wconf 75' lang='grc' dir='ltr'><strong>ἀκούειν.</strong></span> <span class='ocrx_word' id='word_1_806' title='bbox 825 5766 879 5800; x_wconf 66' lang='grc' dir='ltr'><strong>ί*</strong></span> <span class='ocrx_word' id='word_1_807' title='bbox 909 5785 995 5836; x_wconf 80' lang='grc' dir='ltr'><em>γρ.</em></span> <span class='ocrx_word' id='word_1_808' title='bbox 1017 5769 1113 5835; x_wconf 75' lang='grc' dir='ltr'><strong>ἐφ’</strong></span> <span class='ocrx_word' id='word_1_809' title='bbox 1139 5760 1233 5823; x_wconf 80' lang='grc' dir='ltr'><strong>ὧν.</strong></span> <span class='ocrx_word' id='word_1_810' title='bbox 1310 5777 1335 5804; x_wconf 73' lang='grc' dir='ltr'><strong>υ</strong></span> <span class='ocrx_word' id='word_1_811' title='bbox 1362 5787 1450 5837; x_wconf 66' lang='grc' dir='ltr'><em>γρ.</em></span> <span class='ocrx_word' id='word_1_812' title='bbox 1490 5769 1561 5831; x_wconf 77' lang='grc' dir='ltr'><em>ὡς</em></span> <span class='ocrx_word' id='word_1_813' title='bbox 1594 5770 1707 5822; x_wconf 67' lang='grc' dir='ltr'><strong>οὐκ.</strong></span> 
     </span>
    </p>
   </div>
   <div class='ocr_carea' id='block_1_108' title="bbox 393 5851 3090 5925">
    <p class='ocr_par' dir='ltr' id='par_1_108' title="bbox 393 5851 3090 5925">
     <span class='ocr_line' id='line_1_109' title="bbox 393 5851 3090 5925; baseline 0.011 -13"><span class='ocrx_word' id='word_1_814' title='bbox 393 5851 670 5917; x_wconf 69' lang='lat' dir='ltr'><strong>eum.</strong></span> <span class='ocrx_word' id='word_1_815' title='bbox 722 5857 838 5917; x_wconf 80' lang='lat' dir='ltr'><strong>Gn.</strong></span> <span class='ocrx_word' id='word_1_816' title='bbox 867 5856 1243 5921; x_wconf 78' lang='lat' dir='ltr'><strong>Lxxxvn.</strong></span> <span class='ocrx_word' id='word_1_817' title='bbox 3015 5864 3090 5925; x_wconf 71' lang='lat'><strong>&#39;72</strong></span> 
     </span>
    </p>
   </div>
  </div>
