  <div class='ocr_page' id='page_1' title='image "/cluster/home/n/w/nwhite01/storage/ocr_20150623/87:2/hvd.32044019208008/381.png"; bbox 0 0 3900 6502; ppageno 0'>
   <div class='ocr_carea' id='block_1_1' title="bbox 552 364 694 430">
    <p class='ocr_par' dir='ltr' id='par_1_1' title="bbox 552 364 694 430">
     <span class='ocr_line' id='line_1_1' title="bbox 552 364 694 430; baseline 0 0"><span class='ocrx_word' id='word_1_1' title='bbox 552 364 694 430; x_wconf 69' lang='grc'><strong>2283</strong></span> 
     </span>
    </p>
   </div>
   <div class='ocr_carea' id='block_1_2' title="bbox 1859 365 2499 428">
    <p class='ocr_par' dir='ltr' id='par_1_2' title="bbox 1859 365 2499 428">
     <span class='ocr_line' id='line_1_2' title="bbox 1859 365 2499 428; baseline -0.005 0"><span class='ocrx_word' id='word_1_2' title='bbox 1859 365 2217 428; x_wconf 84' lang='lat' dir='ltr'><strong>PROCOPIl</strong></span> <span class='ocrx_word' id='word_1_3' title='bbox 2253 365 2499 426; x_wconf 66' lang='lat' dir='ltr'><strong>GAZzEl</strong></span> 
     </span>
    </p>
   </div>
   <div class='ocr_carea' id='block_1_3' title="bbox 3660 372 3768 437">
    <p class='ocr_par' dir='ltr' id='par_1_3' title="bbox 3660 372 3768 437">
     <span class='ocr_line' id='line_1_3' title="bbox 3660 372 3768 437; baseline 0 0"><span class='ocrx_word' id='word_1_4' title='bbox 3660 372 3768 437; x_wconf 54' lang='grc' dir='ltr'><strong>Μ</strong></span> 
     </span>
    </p>
   </div>
   <div class='ocr_carea' id='block_1_4' title="bbox 551 477 2139 559">
    <p class='ocr_par' dir='ltr' id='par_1_4' title="bbox 551 477 2139 559">
     <span class='ocr_line' id='line_1_4' title="bbox 551 477 2139 559; baseline -0.005 -19"><span class='ocrx_word' id='word_1_5' title='bbox 551 494 610 539; x_wconf 86' lang='lat' dir='ltr'><strong>ut</strong></span> <span class='ocrx_word' id='word_1_6' title='bbox 633 483 870 540; x_wconf 87' lang='lat' dir='ltr'><strong>istorum</strong></span> <span class='ocrx_word' id='word_1_7' title='bbox 897 481 1072 559; x_wconf 70' lang='lat' dir='ltr'><strong>urbes,</strong></span> <span class='ocrx_word' id='word_1_8' title='bbox 1105 495 1231 536; x_wconf 87' lang='lat' dir='ltr'><strong>cunt</strong></span> <span class='ocrx_word' id='word_1_9' title='bbox 1286 479 1341 535; x_wconf 91' lang='lat' dir='ltr'><strong>in</strong></span> <span class='ocrx_word' id='word_1_10' title='bbox 1386 477 1760 535; x_wconf 82' lang='lat' dir='ltr'><strong>Romanorum</strong></span> <span class='ocrx_word' id='word_1_11' title='bbox 1822 488 2139 550; x_wconf 86' lang='lat' dir='ltr'><strong>potestatem</strong></span> 
     </span>
    </p>
   </div>
   <div class='ocr_carea' id='block_1_5' title="bbox 2247 477 3773 559">
    <p class='ocr_par' dir='ltr' id='par_1_5' title="bbox 2252 478 3773 559">
     <span class='ocr_line' id='line_1_5' title="bbox 2252 478 3773 559; baseline 0.005 -26"><span class='ocrx_word' id='word_1_12' title='bbox 2252 481 2421 535; x_wconf 79' lang='grc' dir='ltr'>οἱονεὶ</span> <span class='ocrx_word' id='word_1_13' title='bbox 2453 479 2784 552; x_wconf 76' lang='grc' dir='ltr'><strong>τρυγᾶσθαι</strong></span> <span class='ocrx_word' id='word_1_14' title='bbox 2811 478 3014 536; x_wconf 80' lang='grc' dir='ltr'>τούτων</span> <span class='ocrx_word' id='word_1_15' title='bbox 3037 481 3098 536; x_wconf 81' lang='lat' dir='ltr'><strong>al</strong></span> <span class='ocrx_word' id='word_1_16' title='bbox 3117 480 3326 548; x_wconf 75' lang='grc' dir='ltr'>πόλεις</span> <span class='ocrx_word' id='word_1_17' title='bbox 3348 479 3616 552; x_wconf 81' lang='grc' dir='ltr'>Ῥωμαίων</span> <span class='ocrx_word' id='word_1_18' title='bbox 3634 503 3773 559; x_wconf 71' lang='grc' dir='ltr'>παρις</span> 
     </span>
    </p>
   </div>
   <div class='ocr_carea' id='block_1_6' title="bbox 549 553 2150 639">
    <p class='ocr_par' dir='ltr' id='par_1_6' title="bbox 549 553 2150 639">
     <span class='ocr_line' id='line_1_6' title="bbox 549 553 2150 639; baseline -0.004 -7"><span class='ocrx_word' id='word_1_19' title='bbox 549 553 1032 639; x_wconf 70' lang='grc' dir='ltr'>ἁθνειιίεεοιιῑ,”οι›</span> <span class='ocrx_word' id='word_1_20' title='bbox 1069 572 1278 630; x_wconf 84' lang='lat' dir='ltr'><strong>eisdem</strong></span> <span class='ocrx_word' id='word_1_21' title='bbox 1341 571 1836 638; x_wconf 75' lang='lat' dir='ltr'><strong>uindemiarentur;</strong></span> <span class='ocrx_word' id='word_1_22' title='bbox 1861 579 1916 628; x_wconf 90' lang='lat' dir='ltr'><strong>et</strong></span> <span class='ocrx_word' id='word_1_23' title='bbox 1949 571 2005 626; x_wconf 91' lang='lat' dir='ltr'><strong>in</strong></span> <span class='ocrx_word' id='word_1_24' title='bbox 2067 570 2150 626; x_wconf 88' lang='lat' dir='ltr'><strong>l&#39;e-</strong></span> 
     </span>
    </p>
   </div>
   <div class='ocr_carea' id='block_1_7' title="bbox 549 666 2152 741">
    <p class='ocr_par' dir='ltr' id='par_1_7' title="bbox 549 666 2152 741">
     <span class='ocr_line' id='line_1_7' title="bbox 549 666 2152 741; baseline -0.004 -14"><span class='ocrx_word' id='word_1_25' title='bbox 549 685 739 728; x_wconf 89' lang='lat' dir='ltr'><strong>rarum</strong></span> <span class='ocrx_word' id='word_1_26' title='bbox 791 671 986 734; x_wconf 89' lang='lat' dir='ltr'><strong>lustra,</strong></span> <span class='ocrx_word' id='word_1_27' title='bbox 1022 678 1248 741; x_wconf 77' lang='lat' dir='ltr'><strong>propter</strong></span> <span class='ocrx_word' id='word_1_28' title='bbox 1300 668 1682 734; x_wconf 88' lang='lat' dir='ltr'><strong>solitudinem,</strong></span> <span class='ocrx_word' id='word_1_29' title='bbox 1719 669 1958 724; x_wconf 82' lang='lat' dir='ltr'><strong>abirent.</strong></span> <span class='ocrx_word' id='word_1_30' title='bbox 1986 666 2152 739; x_wconf 88' lang='lat' dir='ltr'><strong>Optat</strong></span> 
     </span>
    </p>
   </div>
   <div class='ocr_carea' id='block_1_8' title="bbox 549 758 2149 836">
    <p class='ocr_par' dir='ltr' id='par_1_8' title="bbox 549 758 2149 836">
     <span class='ocr_line' id='line_1_8' title="bbox 549 758 2149 836; baseline -0.004 -16"><span class='ocrx_word' id='word_1_31' title='bbox 549 764 743 836; x_wconf 92' lang='lat' dir='ltr'><strong>igitur,</strong></span> <span class='ocrx_word' id='word_1_32' title='bbox 777 771 855 830; x_wconf 91' lang='lat' dir='ltr'><strong>ut,</strong></span> <span class='ocrx_word' id='word_1_33' title='bbox 892 763 1078 833; x_wconf 84' lang='lat' dir='ltr'><strong>priore</strong></span> <span class='ocrx_word' id='word_1_34' title='bbox 1112 761 1328 833; x_wconf 87' lang='lat' dir='ltr'><strong>abjecta</strong></span> <span class='ocrx_word' id='word_1_35' title='bbox 1379 761 1786 827; x_wconf 74' lang='lat' dir='ltr'><strong>incredulitate,</strong></span> <span class='ocrx_word' id='word_1_36' title='bbox 1813 758 1996 816; x_wconf 82' lang='lat' dir='ltr'><strong>dolore</strong></span> <span class='ocrx_word' id='word_1_37' title='bbox 2032 758 2149 822; x_wconf 94' lang='lat' dir='ltr'><strong>illo,</strong></span> 
     </span>
    </p>
   </div>
   <div class='ocr_carea' id='block_1_9' title="bbox 548 854 2146 929">
    <p class='ocr_par' dir='ltr' id='par_1_9' title="bbox 548 854 2146 929">
     <span class='ocr_line' id='line_1_9' title="bbox 548 854 2146 929; baseline -0.004 -16"><span class='ocrx_word' id='word_1_38' title='bbox 548 859 646 929; x_wconf 85' lang='lat' dir='ltr'><strong>qui</strong></span> <span class='ocrx_word' id='word_1_39' title='bbox 716 856 1019 914; x_wconf 79' lang='lat' dir='ltr'><strong>secundum</strong></span> <span class='ocrx_word' id='word_1_40' title='bbox 1077 855 1249 910; x_wconf 91' lang='lat' dir='ltr'><strong>Deum</strong></span> <span class='ocrx_word' id='word_1_41' title='bbox 1300 863 1384 912; x_wconf 89' lang='lat' dir='ltr'><strong>est</strong></span> <span class='ocrx_word' id='word_1_42' title='bbox 1419 855 1489 924; x_wconf 71' lang='grc'><strong>⁸⁷,</strong></span> <span class='ocrx_word' id='word_1_43' title='bbox 1536 854 1684 927; x_wconf 90' lang='lat' dir='ltr'><strong>tangi</strong></span> <span class='ocrx_word' id='word_1_44' title='bbox 1730 869 1790 913; x_wconf 90' lang='lat' dir='ltr'><strong>se</strong></span> <span class='ocrx_word' id='word_1_45' title='bbox 1839 854 2146 925; x_wconf 89' lang='lat' dir='ltr'><strong>patiantur.</strong></span> 
     </span>
    </p>
   </div>
   <div class='ocr_carea' id='block_1_10' title="bbox 550 943 2146 1019">
    <p class='ocr_par' dir='ltr' id='par_1_10' title="bbox 550 943 2146 1019">
     <span class='ocr_line' id='line_1_10' title="bbox 550 943 2146 1019; baseline -0.006 -13"><span class='ocrx_word' id='word_1_46' title='bbox 550 949 704 1008; x_wconf 88' lang='lat' dir='ltr'><strong>Solet</strong></span> <span class='ocrx_word' id='word_1_47' title='bbox 729 949 876 1006; x_wconf 91' lang='lat' dir='ltr'><strong>enim</strong></span> <span class='ocrx_word' id='word_1_48' title='bbox 903 948 1080 1015; x_wconf 86' lang='lat' dir='ltr'><strong>dolor,</strong></span> <span class='ocrx_word' id='word_1_49' title='bbox 1117 947 1212 1019; x_wconf 91' lang='lat' dir='ltr'><strong>qui</strong></span> <span class='ocrx_word' id='word_1_50' title='bbox 1271 947 1399 1004; x_wconf 91' lang='lat' dir='ltr'><strong>talis</strong></span> <span class='ocrx_word' id='word_1_51' title='bbox 1451 954 1558 1014; x_wconf 90' lang='lat' dir='ltr'><strong>est,</strong></span> <span class='ocrx_word' id='word_1_52' title='bbox 1607 961 1719 1002; x_wconf 91' lang='lat' dir='ltr'><strong>non</strong></span> <span class='ocrx_word' id='word_1_53' title='bbox 1771 943 2146 1018; x_wconf 76' lang='lat' dir='ltr'><strong>ptenitendam</strong></span> 
     </span>
    </p>
   </div>
   <div class='ocr_carea' id='block_1_11' title="bbox 546 1038 2152 1114">
    <p class='ocr_par' dir='ltr' id='par_1_11' title="bbox 546 1038 2152 1114">
     <span class='ocr_line' id='line_1_11' title="bbox 546 1038 2152 1114; baseline -0.006 -14"><span class='ocrx_word' id='word_1_54' title='bbox 546 1043 604 1100; x_wconf 89' lang='lat' dir='ltr'><strong>in</strong></span> <span class='ocrx_word' id='word_1_55' title='bbox 663 1041 777 1098; x_wconf 89' lang='lat' dir='ltr'><strong>Deo</strong></span> <span class='ocrx_word' id='word_1_56' title='bbox 831 1039 1214 1114; x_wconf 65' lang='lat' dir='ltr'><strong>paenitentiam</strong></span> <span class='ocrx_word' id='word_1_57' title='bbox 1265 1040 1526 1111; x_wconf 87' lang='lat' dir='ltr'><strong>operari:</strong></span> <span class='ocrx_word' id='word_1_58' title='bbox 1571 1040 1732 1110; x_wconf 85' lang='lat' dir='ltr'><strong>cujus</strong></span> <span class='ocrx_word' id='word_1_59' title='bbox 1795 1038 2013 1093; x_wconf 82' lang='lat' dir='ltr'><strong>fructus</strong></span> <span class='ocrx_word' id='word_1_60' title='bbox 2062 1043 2152 1091; x_wconf 88' lang='lat' dir='ltr'><strong>est</strong></span> 
     </span>
    </p>
   </div>
   <div class='ocr_carea' id='block_1_12' title="bbox 546 1127 2147 1197">
    <p class='ocr_par' dir='ltr' id='par_1_12' title="bbox 546 1127 2147 1197">
     <span class='ocr_line' id='line_1_12' title="bbox 546 1127 2147 1197; baseline -0.005 -8"><span class='ocrx_word' id='word_1_61' title='bbox 546 1135 854 1190; x_wconf 75' lang='lat' dir='ltr'><strong>divitiarum</strong></span> <span class='ocrx_word' id='word_1_62' title='bbox 889 1135 1144 1188; x_wconf 83' lang='lat' dir='ltr'><strong>amictum</strong></span> <span class='ocrx_word' id='word_1_63' title='bbox 1163 1149 1373 1197; x_wconf 74' lang='lat' dir='ltr'><strong>exuere,</strong></span> <span class='ocrx_word' id='word_1_64' title='bbox 1398 1140 1454 1187; x_wconf 90' lang='lat' dir='ltr'><strong>et</strong></span> <span class='ocrx_word' id='word_1_65' title='bbox 1479 1131 1626 1188; x_wconf 85' lang='lat' dir='ltr'><strong>virili</strong></span> <span class='ocrx_word' id='word_1_66' title='bbox 1654 1130 1844 1186; x_wconf 87' lang='lat' dir='ltr'><strong>habitu</strong></span> <span class='ocrx_word' id='word_1_67' title='bbox 1894 1127 2147 1184; x_wconf 77' lang='lat' dir='ltr'><strong>accinctis</strong></span> 
     </span>
    </p>
   </div>
   <div class='ocr_carea' id='block_1_13' title="bbox 549 1219 2150 1297">
    <p class='ocr_par' dir='ltr' id='par_1_13' title="bbox 549 1219 2150 1297">
     <span class='ocr_line' id='line_1_13' title="bbox 549 1219 2150 1297; baseline -0.006 -15"><span class='ocrx_word' id='word_1_68' title='bbox 549 1227 741 1282; x_wconf 79' lang='lat' dir='ltr'><strong>lumbis</strong></span> <span class='ocrx_word' id='word_1_69' title='bbox 783 1227 984 1297; x_wconf 81' lang='lat' dir='ltr'><strong>prioris</strong></span> <span class='ocrx_word' id='word_1_70' title='bbox 1015 1225 1188 1280; x_wconf 69' lang='lat' dir='ltr'><strong>vinea:</strong></span> <span class='ocrx_word' id='word_1_71' title='bbox 1240 1223 1590 1280; x_wconf 87' lang='lat' dir='ltr'><strong>solitudinem</strong></span> <span class='ocrx_word' id='word_1_72' title='bbox 1625 1223 1896 1292; x_wconf 86' lang='lat' dir='ltr'><strong>plangere.</strong></span> <span class='ocrx_word' id='word_1_73' title='bbox 1939 1219 2150 1274; x_wconf 64' lang='lat' dir='ltr'><strong>Animae</strong></span> 
     </span>
    </p>
   </div>
   <div class='ocr_carea' id='block_1_14' title="bbox 545 1309 2150 1389">
    <p class='ocr_par' dir='ltr' id='par_1_14' title="bbox 545 1309 2150 1389">
     <span class='ocr_line' id='line_1_14' title="bbox 545 1309 2150 1389; baseline -0.007 -16"><span class='ocrx_word' id='word_1_74' title='bbox 545 1327 810 1389; x_wconf 75' lang='lat' dir='ltr'><strong>praetcrea</strong></span> <span class='ocrx_word' id='word_1_75' title='bbox 851 1316 1183 1388; x_wconf 84' lang='lat' dir='ltr'><strong>intelligibili</strong></span> <span class='ocrx_word' id='word_1_76' title='bbox 1224 1317 1502 1370; x_wconf 79' lang='lat' dir='ltr'><strong>fructuum</strong></span> <span class='ocrx_word' id='word_1_77' title='bbox 1529 1315 1780 1369; x_wconf 86' lang='lat' dir='ltr'><strong>ubertate</strong></span> <span class='ocrx_word' id='word_1_78' title='bbox 1823 1309 2150 1366; x_wconf 81' lang='lat' dir='ltr'><strong>exciderunt</strong></span> 
     </span>
    </p>
   </div>
   <div class='ocr_carea' id='block_1_15' title="bbox 543 1402 2141 1482">
    <p class='ocr_par' dir='ltr' id='par_1_15' title="bbox 543 1402 2141 1482">
     <span class='ocr_line' id='line_1_15' title="bbox 543 1402 2141 1482; baseline -0.007 -15"><span class='ocrx_word' id='word_1_79' title='bbox 543 1410 754 1479; x_wconf 69' lang='lat' dir='ltr'><strong>Judaei;</strong></span> <span class='ocrx_word' id='word_1_80' title='bbox 789 1411 882 1482; x_wconf 89' lang='lat' dir='ltr'><strong>qui</strong></span> <span class='ocrx_word' id='word_1_81' title='bbox 918 1426 1018 1480; x_wconf 90' lang='lat' dir='ltr'><strong>pro</strong></span> <span class='ocrx_word' id='word_1_82' title='bbox 1050 1410 1174 1464; x_wconf 89' lang='lat' dir='ltr'><strong>uvis</strong></span> <span class='ocrx_word' id='word_1_83' title='bbox 1205 1408 1394 1480; x_wconf 88' lang='lat' dir='ltr'><strong>spinas</strong></span> <span class='ocrx_word' id='word_1_84' title='bbox 1425 1407 1741 1470; x_wconf 86' lang='lat' dir='ltr'><strong>ediderunt,</strong></span> <span class='ocrx_word' id='word_1_85' title='bbox 1774 1402 2141 1476; x_wconf 88' lang='lat' dir='ltr'><strong>quemadmo-</strong></span> 
     </span>
    </p>
   </div>
   <div class='ocr_carea' id='block_1_16' title="bbox 544 1495 2148 1574">
    <p class='ocr_par' dir='ltr' id='par_1_16' title="bbox 544 1495 2148 1574">
     <span class='ocr_line' id='line_1_16' title="bbox 544 1495 2148 1574; baseline -0.005 -16"><span class='ocrx_word' id='word_1_86' title='bbox 544 1503 676 1560; x_wconf 92' lang='lat' dir='ltr'><strong>dum</strong></span> <span class='ocrx_word' id='word_1_87' title='bbox 713 1502 858 1574; x_wconf 92' lang='lat' dir='ltr'><strong>apud</strong></span> <span class='ocrx_word' id='word_1_88' title='bbox 884 1502 1212 1574; x_wconf 87' lang='lat' dir='ltr'><strong>prophetam</strong></span> <span class='ocrx_word' id='word_1_89' title='bbox 1248 1501 1450 1572; x_wconf 78' lang='lat' dir='ltr'><strong>legitur</strong></span> <span class='ocrx_word' id='word_1_90' title='bbox 1473 1498 1542 1556; x_wconf 68' lang='grc'><strong>⁸⁸.</strong></span> <span class='ocrx_word' id='word_1_91' title='bbox 1579 1498 1752 1570; x_wconf 77' lang='lat' dir='ltr'><strong>Cujus</strong></span> <span class='ocrx_word' id='word_1_92' title='bbox 1822 1495 2044 1568; x_wconf 81' lang='lat' dir='ltr'><strong>generis</strong></span> <span class='ocrx_word' id='word_1_93' title='bbox 2095 1506 2148 1551; x_wconf 91' lang='lat' dir='ltr'><strong>et</strong></span> 
     </span>
    </p>
   </div>
   <div class='ocr_carea' id='block_1_17' title="bbox 544 1589 2149 1668">
    <p class='ocr_par' dir='ltr' id='par_1_17' title="bbox 544 1589 2149 1668">
     <span class='ocr_line' id='line_1_17' title="bbox 544 1589 2149 1668; baseline -0.009 -14"><span class='ocrx_word' id='word_1_94' title='bbox 544 1598 652 1654; x_wconf 90' lang='lat' dir='ltr'><strong>ista</strong></span> <span class='ocrx_word' id='word_1_95' title='bbox 707 1605 837 1653; x_wconf 91' lang='lat' dir='ltr'><strong>sunt</strong></span> <span class='ocrx_word' id='word_1_96' title='bbox 879 1595 1023 1668; x_wconf 88' lang='lat' dir='ltr'><strong>apud</strong></span> <span class='ocrx_word' id='word_1_97' title='bbox 1073 1594 1288 1650; x_wconf 89' lang='lat' dir='ltr'><strong>alium:</strong></span> <span class='ocrx_word' id='word_1_98' title='bbox 1327 1611 1346 1646; x_wconf 85' lang='grc' dir='ltr'><strong>ι</strong></span> <span class='ocrx_word' id='word_1_99' title='bbox 1387 1592 1630 1649; x_wconf 81' lang='lat' dir='ltr'><strong>Ventosa</strong></span> <span class='ocrx_word' id='word_1_100' title='bbox 1659 1590 2032 1652; x_wconf 88' lang='lat' dir='ltr'><strong>seminarunt,</strong></span> <span class='ocrx_word' id='word_1_101' title='bbox 2094 1589 2149 1642; x_wconf 88' lang='lat' dir='ltr'><strong>et</strong></span> 
     </span>
    </p>
   </div>
   <div class='ocr_carea' id='block_1_18' title="bbox 543 1681 2148 1757">
    <p class='ocr_par' dir='ltr' id='par_1_18' title="bbox 543 1681 2148 1757">
     <span class='ocr_line' id='line_1_18' title="bbox 543 1681 2148 1757; baseline -0.006 -12"><span class='ocrx_word' id='word_1_102' title='bbox 543 1687 834 1745; x_wconf 87' lang='lat' dir='ltr'><strong>subversio</strong></span> <span class='ocrx_word' id='word_1_103' title='bbox 871 1702 1062 1743; x_wconf 88' lang='lat' dir='ltr'><strong>eorum</strong></span> <span class='ocrx_word' id='word_1_104' title='bbox 1084 1686 1319 1757; x_wconf 81' lang='lat' dir='ltr'><strong>excipiet</strong></span> <span class='ocrx_word' id='word_1_105' title='bbox 1345 1699 1431 1740; x_wconf 86' lang='lat' dir='ltr'><strong>ea.</strong></span> <span class='ocrx_word' id='word_1_106' title='bbox 1460 1683 1775 1756; x_wconf 83' lang='lat' dir='ltr'><strong>Manipulus</strong></span> <span class='ocrx_word' id='word_1_107' title='bbox 1804 1697 1914 1738; x_wconf 90' lang='lat' dir='ltr'><strong>non</strong></span> <span class='ocrx_word' id='word_1_108' title='bbox 1936 1681 2148 1737; x_wconf 80' lang='lat' dir='ltr'><strong>habens</strong></span> 
     </span>
    </p>
   </div>
   <div class='ocr_carea' id='block_1_19' title="bbox 538 1773 2147 1846">
    <p class='ocr_par' dir='ltr' id='par_1_19' title="bbox 538 1773 2147 1846">
     <span class='ocr_line' id='line_1_19' title="bbox 538 1773 2147 1846; baseline -0.003 -12"><span class='ocrx_word' id='word_1_109' title='bbox 538 1783 650 1835; x_wconf 78' lang='lat' dir='ltr'><strong>vim</strong></span> <span class='ocrx_word' id='word_1_110' title='bbox 688 1777 1042 1835; x_wconf 76' lang='lat' dir='ltr'><strong>conﬁcienda:</strong></span> <span class='ocrx_word' id='word_1_111' title='bbox 1069 1775 1257 1832; x_wconf 79' lang='lat' dir='ltr'><strong>farinae</strong></span> <span class='ocrx_word' id='word_1_112' title='bbox 1295 1777 1364 1830; x_wconf 63' lang='grc'><strong>⁸⁸.</strong></span> <span class='ocrx_word' id='word_1_113' title='bbox 1405 1795 1423 1829; x_wconf 77' lang='grc' dir='ltr'><strong>ι</strong></span> <span class='ocrx_word' id='word_1_114' title='bbox 1465 1775 1606 1831; x_wconf 92' lang='lat' dir='ltr'><strong>llinc</strong></span> <span class='ocrx_word' id='word_1_115' title='bbox 1663 1791 1782 1842; x_wconf 91' lang='lat' dir='ltr'><strong>vos,</strong></span> <span class='ocrx_word' id='word_1_116' title='bbox 1816 1789 1938 1846; x_wconf 72' lang='lat' dir='ltr'><strong>quae</strong></span> <span class='ocrx_word' id='word_1_117' title='bbox 1993 1773 2147 1844; x_wconf 88' lang='lat' dir='ltr'><strong>prius</strong></span> 
     </span>
    </p>
   </div>
   <div class='ocr_carea' id='block_1_20' title="bbox 2254 571 3774 650">
    <p class='ocr_par' dir='ltr' id='par_1_20' title="bbox 2254 571 3774 650">
     <span class='ocr_line' id='line_1_20' title="bbox 2254 571 3774 650; baseline 0.003 -25"><span class='ocrx_word' id='word_1_118' title='bbox 2254 571 2495 628; x_wconf 80' lang='grc' dir='ltr'><strong>δοθεῖσαι</strong></span> <span class='ocrx_word' id='word_1_119' title='bbox 2529 575 2742 646; x_wconf 74' lang='grc' dir='ltr'>χερσὶν,</span> <span class='ocrx_word' id='word_1_120' title='bbox 2775 573 2871 627; x_wconf 77' lang='grc' dir='ltr'>καὶ</span> <span class='ocrx_word' id='word_1_121' title='bbox 2901 572 3109 644; x_wconf 85' lang='grc' dir='ltr'>θηρίων</span> <span class='ocrx_word' id='word_1_122' title='bbox 3139 572 3197 640; x_wconf 74' lang='grc' dir='ltr'>ἐξ</span> <span class='ocrx_word' id='word_1_123' title='bbox 3227 573 3462 645; x_wconf 76' lang='grc' dir='ltr'><strong>ἐρημίας</strong></span> <span class='ocrx_word' id='word_1_124' title='bbox 3516 575 3774 650; x_wconf 72' lang='grc' dir='ltr'>ἐνδιαίτημα</span> 
     </span>
    </p>
   </div>
   <div class='ocr_carea' id='block_1_21' title="bbox 2254 664 3777 739">
    <p class='ocr_par' dir='ltr' id='par_1_21' title="bbox 2254 664 3777 739">
     <span class='ocr_line' id='line_1_21' title="bbox 2254 664 3777 739; baseline 0.007 -23"><span class='ocrx_word' id='word_1_125' title='bbox 2254 664 2526 735; x_wconf 81' lang='grc' dir='ltr'>γίνεσθαι.</span> <span class='ocrx_word' id='word_1_126' title='bbox 2575 665 2841 720; x_wconf 82' lang='grc' dir='ltr'>Βούλεται</span> <span class='ocrx_word' id='word_1_127' title='bbox 2908 665 3088 722; x_wconf 82' lang='grc' dir='ltr'>τοίνυν</span> <span class='ocrx_word' id='word_1_128' title='bbox 3142 665 3240 739; x_wconf 83' lang='grc' dir='ltr'>τὴν</span> <span class='ocrx_word' id='word_1_129' title='bbox 3288 668 3429 723; x_wconf 73' lang='grc' dir='ltr'>κατὰ</span> <span class='ocrx_word' id='word_1_130' title='bbox 3472 668 3594 721; x_wconf 68' lang='grc' dir='ltr'>Θεὸν</span> <span class='ocrx_word' id='word_1_131' title='bbox 3640 673 3777 726; x_wconf 69' lang='grc' dir='ltr'>αὐτῶν</span> 
     </span>
    </p>
   </div>
   <div class='ocr_carea' id='block_1_22' title="bbox 2255 755 3775 833">
    <p class='ocr_par' dir='ltr' id='par_1_22' title="bbox 2255 755 3775 833">
     <span class='ocr_line' id='line_1_22' title="bbox 2255 755 3775 833; baseline 0.005 -22"><span class='ocrx_word' id='word_1_132' title='bbox 2255 755 2499 827; x_wconf 72' lang='grc' dir='ltr'>ἅψασθαι</span> <span class='ocrx_word' id='word_1_133' title='bbox 2519 759 2730 828; x_wconf 70' lang='grc' dir='ltr'>,λύπην</span> <span class='ocrx_word' id='word_1_134' title='bbox 2744 759 2843 830; x_wconf 80' lang='grc' dir='ltr'><strong>τῆς</strong></span> <span class='ocrx_word' id='word_1_135' title='bbox 2870 759 3144 832; x_wconf 79' lang='grc' dir='ltr'><strong>προτέρας</strong></span> <span class='ocrx_word' id='word_1_136' title='bbox 3161 761 3419 824; x_wconf 79' lang='grc' dir='ltr'>ἀπιστίας</span> <span class='ocrx_word' id='word_1_137' title='bbox 3449 761 3775 833; x_wconf 73' lang='grc' dir='ltr'>ἐξισταμένων.</span> 
     </span>
    </p>
   </div>
   <div class='ocr_carea' id='block_1_23' title="bbox 2268 845 3777 927">
    <p class='ocr_par' dir='ltr' id='par_1_23' title="bbox 2268 845 3777 927">
     <span class='ocr_line' id='line_1_23' title="bbox 2268 845 3777 927; baseline 0.007 -27"><span class='ocrx_word' id='word_1_138' title='bbox 2268 845 2332 900; x_wconf 84' lang='grc' dir='ltr'><strong>Ἦ</strong></span> <span class='ocrx_word' id='word_1_139' title='bbox 2363 849 2470 921; x_wconf 78' lang='grc' dir='ltr'><strong>γὰρ</strong></span> <span class='ocrx_word' id='word_1_140' title='bbox 2488 850 2634 906; x_wconf 84' lang='grc' dir='ltr'><strong>κατά</strong></span> <span class='ocrx_word' id='word_1_141' title='bbox 2647 850 2784 904; x_wconf 84' lang='grc' dir='ltr'><strong>Θεὸν</strong></span> <span class='ocrx_word' id='word_1_142' title='bbox 2805 851 2973 919; x_wconf 74' lang='grc' dir='ltr'>λύπη</span> <span class='ocrx_word' id='word_1_143' title='bbox 3001 851 3292 923; x_wconf 84' lang='grc' dir='ltr'>μετάνοιαν</span> <span class='ocrx_word' id='word_1_144' title='bbox 3310 853 3388 914; x_wconf 83' lang='grc' dir='ltr'><strong>εἰς</strong></span> <span class='ocrx_word' id='word_1_145' title='bbox 3415 854 3662 927; x_wconf 85' lang='grc' dir='ltr'>σωτηρίαν</span> <span class='ocrx_word' id='word_1_146' title='bbox 3675 857 3777 927; x_wconf 76' lang='grc' dir='ltr'>ἀμε-</span> 
     </span>
    </p>
   </div>
   <div class='ocr_carea' id='block_1_24' title="bbox 2253 937 3778 1018">
    <p class='ocr_par' dir='ltr' id='par_1_24' title="bbox 2253 937 3778 1018">
     <span class='ocr_line' id='line_1_24' title="bbox 2253 937 3778 1018; baseline 0.009 -28"><span class='ocrx_word' id='word_1_147' title='bbox 2253 954 2320 990; x_wconf 89' lang='grc' dir='ltr'><strong>τα</strong></span> <span class='ocrx_word' id='word_1_148' title='bbox 2328 937 2561 1010; x_wconf 76' lang='grc' dir='ltr'>μέλητον</span> <span class='ocrx_word' id='word_1_149' title='bbox 2597 942 2703 995; x_wconf 84' lang='grc' dir='ltr'><strong>ἀπε</strong></span> <span class='ocrx_word' id='word_1_150' title='bbox 2715 941 3003 1014; x_wconf 81' lang='grc' dir='ltr'>ργὰζεται.</span> <span class='ocrx_word' id='word_1_151' title='bbox 3036 937 3146 1008; x_wconf 86' lang='grc' dir='ltr'><strong>Ἦς</strong></span> <span class='ocrx_word' id='word_1_152' title='bbox 3161 945 3377 1018; x_wconf 72' lang='grc' dir='ltr'>καρπὸς</span> <span class='ocrx_word' id='word_1_153' title='bbox 3396 945 3454 998; x_wconf 72' lang='grc' dir='ltr'><strong>τὺ</strong></span> <span class='ocrx_word' id='word_1_154' title='bbox 3471 947 3778 1004; x_wconf 73' lang='grc' dir='ltr'><strong>ἀποδύσασθαι</strong></span> 
     </span>
    </p>
   </div>
   <div class='ocr_carea' id='block_1_25' title="bbox 2257 1031 3781 1109">
    <p class='ocr_par' dir='ltr' id='par_1_25' title="bbox 2257 1031 3781 1109">
     <span class='ocr_line' id='line_1_25' title="bbox 2257 1031 3781 1109; baseline 0.01 -28"><span class='ocrx_word' id='word_1_155' title='bbox 2257 1031 2355 1101; x_wconf 80' lang='grc' dir='ltr'>μὲν</span> <span class='ocrx_word' id='word_1_156' title='bbox 2380 1031 2480 1102; x_wconf 77' lang='grc' dir='ltr'>τὴν</span> <span class='ocrx_word' id='word_1_157' title='bbox 2501 1032 2608 1088; x_wconf 86' lang='grc' dir='ltr'><strong>τοῦ</strong></span> <span class='ocrx_word' id='word_1_158' title='bbox 2633 1035 2906 1090; x_wconf 73' lang='grc' dir='ltr'>πλούτου</span> <span class='ocrx_word' id='word_1_159' title='bbox 2937 1035 3290 1104; x_wconf 70' lang='grc' dir='ltr'>περιϐολὴν,</span> <span class='ocrx_word' id='word_1_160' title='bbox 3320 1037 3553 1109; x_wconf 71' lang='grc' dir='ltr'>ἀνδρικῷ</span> <span class='ocrx_word' id='word_1_161' title='bbox 3583 1039 3629 1093; x_wconf 77' lang='grc' dir='ltr'><strong>δὲ</strong></span> <span class='ocrx_word' id='word_1_162' title='bbox 3641 1039 3781 1101; x_wconf 82' lang='grc' dir='ltr'>ζωσα-</span> 
     </span>
    </p>
   </div>
   <div class='ocr_carea' id='block_1_26' title="bbox 2246 1123 3782 1203">
    <p class='ocr_par' dir='ltr' id='par_1_26' title="bbox 2246 1123 3782 1203">
     <span class='ocr_line' id='line_1_26' title="bbox 2246 1123 3782 1203; baseline 0.007 -26"><span class='ocrx_word' id='word_1_163' title='bbox 2246 1123 2438 1195; x_wconf 55' lang='lat' dir='ltr'><strong>perac</strong></span> <span class='ocrx_word' id='word_1_164' title='bbox 2473 1126 2710 1197; x_wconf 83' lang='grc' dir='ltr'>σχήματι</span> <span class='ocrx_word' id='word_1_165' title='bbox 2737 1128 2834 1192; x_wconf 83' lang='grc' dir='ltr'>τὰς</span> <span class='ocrx_word' id='word_1_166' title='bbox 2856 1129 3073 1199; x_wconf 68' lang='grc' dir='ltr'>ὀσφῦς,</span> <span class='ocrx_word' id='word_1_167' title='bbox 3110 1129 3441 1198; x_wconf 79' lang='grc' dir='ltr'>κόψασθαι.</span> <span class='ocrx_word' id='word_1_168' title='bbox 3491 1130 3580 1184; x_wconf 84' lang='grc' dir='ltr'><strong>τοῦ</strong></span> <span class='ocrx_word' id='word_1_169' title='bbox 3610 1133 3782 1203; x_wconf 69' lang='grc' dir='ltr'>πρῶτον</span> 
     </span>
    </p>
   </div>
   <div class='ocr_carea' id='block_1_27' title="bbox 2251 1218 3784 1298">
    <p class='ocr_par' dir='ltr' id='par_1_27' title="bbox 2251 1218 3784 1298">
     <span class='ocr_line' id='line_1_27' title="bbox 2251 1218 3784 1298; baseline 0.007 -27"><span class='ocrx_word' id='word_1_170' title='bbox 2251 1218 2434 1272; x_wconf 72' lang='grc' dir='ltr'>αὐτῶν</span> <span class='ocrx_word' id='word_1_171' title='bbox 2463 1220 2794 1290; x_wconf 78' lang='grc' dir='ltr'>ἀμπελῶνος</span> <span class='ocrx_word' id='word_1_172' title='bbox 2851 1221 2949 1294; x_wconf 79' lang='grc' dir='ltr'>τὴν</span> <span class='ocrx_word' id='word_1_173' title='bbox 2984 1223 3243 1295; x_wconf 79' lang='grc' dir='ltr'>ἐρημίαν.</span> <span class='ocrx_word' id='word_1_174' title='bbox 3272 1225 3379 1278; x_wconf 65' lang='grc' dir='ltr'>Καὶ</span> <span class='ocrx_word' id='word_1_175' title='bbox 3409 1225 3546 1280; x_wconf 84' lang='grc' dir='ltr'><strong>κατά</strong></span> <span class='ocrx_word' id='word_1_176' title='bbox 3580 1225 3784 1298; x_wconf 70' lang='grc' dir='ltr'>ψυχὴνδέ</span> 
     </span>
    </p>
   </div>
   <div class='ocr_carea' id='block_1_28' title="bbox 2251 1311 3784 1386">
    <p class='ocr_par' dir='ltr' id='par_1_28' title="bbox 2251 1311 3784 1386">
     <span class='ocr_line' id='line_1_28' title="bbox 2251 1311 3784 1386; baseline 0.006 -22"><span class='ocrx_word' id='word_1_177' title='bbox 2251 1311 2350 1381; x_wconf 81' lang='grc' dir='ltr'><strong>τῆς</strong></span> <span class='ocrx_word' id='word_1_178' title='bbox 2385 1313 2585 1382; x_wconf 80' lang='grc' dir='ltr'>νοητῆς</span> <span class='ocrx_word' id='word_1_179' title='bbox 2639 1314 2951 1386; x_wconf 81' lang='grc' dir='ltr'><strong>εὐκαρπίας</strong></span> <span class='ocrx_word' id='word_1_180' title='bbox 3012 1315 3484 1372; x_wconf 83' lang='grc' dir='ltr'>ἀποπεπτώκασιν</span> <span class='ocrx_word' id='word_1_181' title='bbox 3555 1318 3784 1382; x_wconf 80' lang='grc' dir='ltr'>Ἰουδαῖοι,</span> 
     </span>
    </p>
   </div>
   <div class='ocr_carea' id='block_1_29' title="bbox 2251 1403 3786 1482">
    <p class='ocr_par' dir='ltr' id='par_1_29' title="bbox 2251 1403 3786 1482">
     <span class='ocr_line' id='line_1_29' title="bbox 2251 1403 3786 1482; baseline 0.005 -24"><span class='ocrx_word' id='word_1_182' title='bbox 2251 1403 2377 1459; x_wconf 84' lang='grc' dir='ltr'>ἀντὶ</span> <span class='ocrx_word' id='word_1_183' title='bbox 2410 1404 2692 1476; x_wconf 79' lang='grc' dir='ltr'>σταφυλῆς</span> <span class='ocrx_word' id='word_1_184' title='bbox 2735 1407 2978 1472; x_wconf 78' lang='grc' dir='ltr'><strong>ἀκάνθας</strong></span> <span class='ocrx_word' id='word_1_185' title='bbox 3027 1411 3377 1478; x_wconf 68' lang='grc' dir='ltr'>ποιήσαντες,</span> <span class='ocrx_word' id='word_1_186' title='bbox 3405 1409 3544 1463; x_wconf 74' lang='grc' dir='ltr'>κατὰ</span> <span class='ocrx_word' id='word_1_187' title='bbox 3598 1411 3683 1482; x_wconf 72' lang='grc' dir='ltr'>τὴν</span> <span class='ocrx_word' id='word_1_188' title='bbox 3718 1413 3786 1466; x_wconf 79' lang='grc' dir='ltr'><strong>τοῦ</strong></span> 
     </span>
    </p>
   </div>
   <div class='ocr_carea' id='block_1_30' title="bbox 2250 1493 3786 1569">
    <p class='ocr_par' dir='ltr' id='par_1_30' title="bbox 2250 1493 3786 1569">
     <span class='ocr_line' id='line_1_30' title="bbox 2250 1493 3786 1569; baseline 0.005 -24"><span class='ocrx_word' id='word_1_189' title='bbox 2250 1493 2532 1566; x_wconf 70' lang='grc' dir='ltr'>προφήτου</span> <span class='ocrx_word' id='word_1_190' title='bbox 2604 1496 2810 1567; x_wconf 72' lang='grc' dir='ltr'><strong>φωνήν.</strong></span> <span class='ocrx_word' id='word_1_191' title='bbox 2872 1497 3011 1567; x_wconf 74' lang='grc' dir='ltr'>Φησὶ</span> <span class='ocrx_word' id='word_1_192' title='bbox 3076 1497 3134 1551; x_wconf 84' lang='grc' dir='ltr'><strong>δὲ</strong></span> <span class='ocrx_word' id='word_1_193' title='bbox 3191 1498 3288 1551; x_wconf 81' lang='grc' dir='ltr'>καὶ</span> <span class='ocrx_word' id='word_1_194' title='bbox 3344 1498 3548 1569; x_wconf 75' lang='grc' dir='ltr'>ἕτερος,</span> <span class='ocrx_word' id='word_1_195' title='bbox 3601 1519 3617 1552; x_wconf 86' lang='grc' dir='ltr'><strong>ι</strong></span> <span class='ocrx_word' id='word_1_196' title='bbox 3672 1501 3786 1554; x_wconf 83' lang='grc' dir='ltr'>Ἀνε-</span> 
     </span>
    </p>
   </div>
   <div class='ocr_carea' id='block_1_31' title="bbox 2253 1585 3787 1662">
    <p class='ocr_par' dir='ltr' id='par_1_31' title="bbox 2253 1585 3787 1662">
     <span class='ocr_line' id='line_1_31' title="bbox 2253 1585 3787 1662; baseline 0.005 -24"><span class='ocrx_word' id='word_1_197' title='bbox 2253 1585 2501 1658; x_wconf 72' lang='grc' dir='ltr'>μὸιρθορα</span> <span class='ocrx_word' id='word_1_198' title='bbox 2544 1587 2833 1660; x_wconf 76' lang='grc' dir='ltr'>ἕσπειραν.</span> <span class='ocrx_word' id='word_1_199' title='bbox 2872 1590 3044 1662; x_wconf 75' lang='grc' dir='ltr'><strong>Καὶή</strong></span> <span class='ocrx_word' id='word_1_200' title='bbox 3092 1591 3449 1662; x_wconf 80' lang='grc' dir='ltr'>καταστροφὴ</span> <span class='ocrx_word' id='word_1_201' title='bbox 3506 1590 3669 1646; x_wconf 80' lang='grc' dir='ltr'>αὐτῶν</span> <span class='ocrx_word' id='word_1_202' title='bbox 3717 1595 3787 1646; x_wconf 82' lang='grc' dir='ltr'><strong>ἑκ-</strong></span> 
     </span>
    </p>
   </div>
   <div class='ocr_carea' id='block_1_32' title="bbox 2246 1678 3788 1756">
    <p class='ocr_par' dir='ltr' id='par_1_32' title="bbox 2246 1678 3788 1756">
     <span class='ocr_line' id='line_1_32' title="bbox 2246 1678 3788 1756; baseline 0.005 -24"><span class='ocrx_word' id='word_1_203' title='bbox 2246 1678 2456 1744; x_wconf 78' lang='grc' dir='ltr'>δέξεται</span> <span class='ocrx_word' id='word_1_204' title='bbox 2515 1681 2675 1736; x_wconf 70' lang='grc' dir='ltr'>αὑτά.</span> <span class='ocrx_word' id='word_1_205' title='bbox 2717 1683 2951 1752; x_wconf 80' lang='grc' dir='ltr'>Δρᾶγμοι</span> <span class='ocrx_word' id='word_1_206' title='bbox 2983 1683 3086 1737; x_wconf 85' lang='grc' dir='ltr'>οὐκ</span> <span class='ocrx_word' id='word_1_207' title='bbox 3119 1683 3244 1754; x_wconf 80' lang='grc' dir='ltr'>ἔχον</span> <span class='ocrx_word' id='word_1_208' title='bbox 3295 1684 3452 1754; x_wconf 81' lang='grc' dir='ltr'>ίσχὺν</span> <span class='ocrx_word' id='word_1_209' title='bbox 3492 1681 3580 1738; x_wconf 88' lang='grc' dir='ltr'><strong>τοῦ</strong></span> <span class='ocrx_word' id='word_1_210' title='bbox 3613 1687 3788 1756; x_wconf 77' lang='grc' dir='ltr'>ποιῆσαι</span> 
     </span>
    </p>
   </div>
   <div class='ocr_carea' id='block_1_33' title="bbox 2250 1771 3787 1848">
    <p class='ocr_par' dir='ltr' id='par_1_33' title="bbox 2250 1771 3787 1848">
     <span class='ocr_line' id='line_1_33' title="bbox 2250 1771 3787 1848; baseline 0 -21"><span class='ocrx_word' id='word_1_211' title='bbox 2250 1771 2500 1842; x_wconf 79' lang='grc' dir='ltr'>ἄλευρον.</span> <span class='ocrx_word' id='word_1_212' title='bbox 2552 1794 2570 1826; x_wconf 75' lang='grc' dir='ltr'><strong>ι</strong></span> <span class='ocrx_word' id='word_1_213' title='bbox 2601 1773 2712 1839; x_wconf 76' lang='grc' dir='ltr'>Διὸ,</span> <span class='ocrx_word' id='word_1_214' title='bbox 2748 1775 2936 1845; x_wconf 74' lang='grc' dir='ltr'>φησὶν,</span> <span class='ocrx_word' id='word_1_215' title='bbox 2973 1776 3031 1829; x_wconf 75' lang='grc' dir='ltr'>αἱ</span> <span class='ocrx_word' id='word_1_216' title='bbox 3066 1776 3198 1848; x_wconf 70' lang='grc' dir='ltr'>πρὶν</span> <span class='ocrx_word' id='word_1_217' title='bbox 3221 1776 3314 1830; x_wconf 69' lang='grc' dir='ltr'><strong>ἐπὶ</strong></span> <span class='ocrx_word' id='word_1_218' title='bbox 3340 1775 3459 1846; x_wconf 82' lang='grc' dir='ltr'><strong>Θεῷ</strong></span> <span class='ocrx_word' id='word_1_219' title='bbox 3481 1778 3787 1842; x_wconf 78' lang='grc' dir='ltr'>πεποιθυῖαι,</span> 
     </span>
    </p>
   </div>
   <div class='ocr_carea' id='block_1_34' title="bbox 542 1855 2139 1941">
    <p class='ocr_par' dir='ltr' id='par_1_34' title="bbox 542 1865 2139 1941">
     <span class='ocr_line' id='line_1_34' title="bbox 542 1865 2139 1941; baseline -0.004 -15"><span class='ocrx_word' id='word_1_220' title='bbox 542 1874 594 1928; x_wconf 90' lang='lat' dir='ltr'><strong>in</strong></span> <span class='ocrx_word' id='word_1_221' title='bbox 612 1871 724 1928; x_wconf 87' lang='lat' dir='ltr'><strong>Deo</strong></span> <span class='ocrx_word' id='word_1_222' title='bbox 749 1869 1067 1941; x_wconf 71' lang='lat' dir='ltr'><strong>conﬁdentes</strong></span> <span class='ocrx_word' id='word_1_223' title='bbox 1094 1869 1418 1925; x_wconf 87' lang='lat' dir='ltr'><strong>sententiam</strong></span> <span class='ocrx_word' id='word_1_224' title='bbox 1440 1869 1716 1935; x_wconf 90' lang='lat' dir='ltr'><strong>mutastis,</strong></span> <span class='ocrx_word' id='word_1_225' title='bbox 1731 1868 1916 1940; x_wconf 80' lang='lat' dir='ltr'><strong>lugete,</strong></span> <span class='ocrx_word' id='word_1_226' title='bbox 1942 1865 2139 1938; x_wconf 88' lang='lat' dir='ltr'><strong>inquit.</strong></span> 
     </span>
    </p>
   </div>
   <div class='ocr_carea' id='block_1_35' title="bbox 2247 1855 3786 1941">
    <p class='ocr_par' dir='ltr' id='par_1_35' title="bbox 2253 1866 3786 1940">
     <span class='ocr_line' id='line_1_35' title="bbox 2253 1866 3786 1940; baseline 0.003 -21"><span class='ocrx_word' id='word_1_227' title='bbox 2253 1867 2348 1920; x_wconf 77' lang='grc' dir='ltr'>καὶ</span> <span class='ocrx_word' id='word_1_228' title='bbox 2365 1866 2466 1938; x_wconf 81' lang='grc' dir='ltr'>τὴν</span> <span class='ocrx_word' id='word_1_229' title='bbox 2487 1867 2716 1938; x_wconf 85' lang='grc' dir='ltr'>γνώμην</span> <span class='ocrx_word' id='word_1_230' title='bbox 2779 1867 3208 1940; x_wconf 77' lang='grc' dir='ltr'>μεταϐαλοῦσαι,</span> <span class='ocrx_word' id='word_1_231' title='bbox 3253 1871 3613 1938; x_wconf 78' lang='grc' dir='ltr'>θρηνήσατε·</span> <span class='ocrx_word' id='word_1_232' title='bbox 3656 1872 3786 1940; x_wconf 76' lang='grc' dir='ltr'>ἀνῆκε</span> 
     </span>
    </p>
   </div>
   <div class='ocr_carea' id='block_1_36' title="bbox 543 1941 2137 2032">
    <p class='ocr_par' dir='ltr' id='par_1_36' title="bbox 543 1941 2137 2032">
     <span class='ocr_line' id='line_1_36' title="bbox 543 1941 2137 2032; baseline -0.004 -16"><span class='ocrx_word' id='word_1_233' title='bbox 543 1961 752 2032; x_wconf 79' lang='lat' dir='ltr'><strong>ltejecit</strong></span> <span class='ocrx_word' id='word_1_234' title='bbox 781 1961 926 2016; x_wconf 90' lang='lat' dir='ltr'><strong>enim</strong></span> <span class='ocrx_word' id='word_1_235' title='bbox 959 1961 1164 2014; x_wconf 80' lang='lat' dir='ltr'><strong>vineam</strong></span> <span class='ocrx_word' id='word_1_236' title='bbox 1217 1974 1373 2014; x_wconf 87' lang='lat' dir='ltr'><strong>suam</strong></span> <span class='ocrx_word' id='word_1_237' title='bbox 1410 1957 1696 2024; x_wconf 88' lang='lat' dir='ltr'><strong>Dominus,</strong></span> <span class='ocrx_word' id='word_1_238' title='bbox 1762 1941 2137 2025; x_wconf 73' lang='lat' dir='ltr'><strong>nubihusque,</strong></span> 
     </span>
    </p>
   </div>
   <div class='ocr_carea' id='block_1_37' title="bbox 539 2050 2137 2124">
    <p class='ocr_par' dir='ltr' id='par_1_37' title="bbox 539 2050 2137 2124">
     <span class='ocr_line' id='line_1_37' title="bbox 539 2050 2137 2124; baseline -0.006 -12"><span class='ocrx_word' id='word_1_239' title='bbox 539 2071 612 2112; x_wconf 88' lang='lat' dir='ltr'><strong>ne</strong></span> <span class='ocrx_word' id='word_1_240' title='bbox 647 2055 699 2109; x_wconf 94' lang='lat' dir='ltr'><strong>in</strong></span> <span class='ocrx_word' id='word_1_241' title='bbox 756 2069 876 2111; x_wconf 86' lang='lat' dir='ltr'><strong>eam</strong></span> <span class='ocrx_word' id='word_1_242' title='bbox 919 2053 1171 2124; x_wconf 89' lang='lat' dir='ltr'><strong>pluerent</strong></span> <span class='ocrx_word' id='word_1_243' title='bbox 1234 2051 1558 2123; x_wconf 82' lang='lat' dir='ltr'><strong>imperavit;</strong></span> <span class='ocrx_word' id='word_1_244' title='bbox 1590 2050 1736 2105; x_wconf 91' lang='lat' dir='ltr'><strong>unde</strong></span> <span class='ocrx_word' id='word_1_245' title='bbox 1793 2050 1846 2104; x_wconf 90' lang='lat' dir='ltr'><strong>in</strong></span> <span class='ocrx_word' id='word_1_246' title='bbox 1896 2050 2137 2103; x_wconf 71' lang='lat' dir='ltr'><strong>laetitiam</strong></span> 
     </span>
    </p>
   </div>
   <div class='ocr_carea' id='block_1_38' title="bbox 541 2140 2136 2219">
    <p class='ocr_par' dir='ltr' id='par_1_38' title="bbox 541 2140 2136 2219">
     <span class='ocr_line' id='line_1_38' title="bbox 541 2140 2136 2219; baseline -0.008 -16"><span class='ocrx_word' id='word_1_247' title='bbox 541 2163 884 2219; x_wconf 88' lang='lat' dir='ltr'><strong>onagrorum,</strong></span> <span class='ocrx_word' id='word_1_248' title='bbox 944 2145 1329 2214; x_wconf 88' lang='lat' dir='ltr'><strong>malorumque</strong></span> <span class='ocrx_word' id='word_1_249' title='bbox 1361 2150 1641 2214; x_wconf 81' lang='lat' dir='ltr'><strong>pastorum</strong></span> <span class='ocrx_word' id='word_1_250' title='bbox 1669 2183 1684 2208; x_wconf 94' lang='lat'><strong>,</strong></span> <span class='ocrx_word' id='word_1_251' title='bbox 1731 2141 1784 2195; x_wconf 93' lang='lat' dir='ltr'><strong>id</strong></span> <span class='ocrx_word' id='word_1_252' title='bbox 1815 2147 1923 2204; x_wconf 88' lang='lat' dir='ltr'><strong>est,</strong></span> <span class='ocrx_word' id='word_1_253' title='bbox 1957 2140 2009 2193; x_wconf 92' lang='lat' dir='ltr'><strong>in</strong></span> <span class='ocrx_word' id='word_1_254' title='bbox 2032 2140 2136 2193; x_wconf 83' lang='lat' dir='ltr'><strong>im-</strong></span> 
     </span>
    </p>
   </div>
   <div class='ocr_carea' id='block_1_39' title="bbox 541 2230 2136 2312">
    <p class='ocr_par' dir='ltr' id='par_1_39' title="bbox 541 2230 2136 2312">
     <span class='ocr_line' id='line_1_39' title="bbox 541 2230 2136 2312; baseline -0.008 -16"><span class='ocrx_word' id='word_1_255' title='bbox 541 2255 805 2312; x_wconf 87' lang='lat' dir='ltr'><strong>purorum</strong></span> <span class='ocrx_word' id='word_1_256' title='bbox 848 2237 1157 2293; x_wconf 75' lang='lat' dir='ltr'><strong>daemonum</strong></span> <span class='ocrx_word' id='word_1_257' title='bbox 1230 2251 1438 2308; x_wconf 86' lang='lat' dir='ltr'><strong>pascua</strong></span> <span class='ocrx_word' id='word_1_258' title='bbox 1486 2235 1638 2290; x_wconf 83' lang='lat' dir='ltr'><strong>abiit.</strong></span> <span class='ocrx_word' id='word_1_259' title='bbox 1677 2235 1819 2302; x_wconf 80' lang='lat' dir='ltr'><strong>Quin</strong></span> <span class='ocrx_word' id='word_1_260' title='bbox 1851 2243 1904 2288; x_wconf 87' lang='lat' dir='ltr'><strong>et</strong></span> <span class='ocrx_word' id='word_1_261' title='bbox 1966 2230 2136 2285; x_wconf 80' lang='lat' dir='ltr'><strong>David</strong></span> 
     </span>
    </p>
   </div>
   <div class='ocr_carea' id='block_1_40' title="bbox 543 2322 2138 2404">
    <p class='ocr_par' dir='ltr' id='par_1_40' title="bbox 543 2322 2138 2404">
     <span class='ocr_line' id='line_1_40' title="bbox 543 2322 2138 2404; baseline -0.007 -15"><span class='ocrx_word' id='word_1_262' title='bbox 543 2333 684 2404; x_wconf 90' lang='lat' dir='ltr'><strong>ipse,</strong></span> <span class='ocrx_word' id='word_1_263' title='bbox 723 2340 987 2401; x_wconf 87' lang='lat' dir='ltr'><strong>tanquam</strong></span> <span class='ocrx_word' id='word_1_264' title='bbox 1015 2329 1082 2385; x_wconf 91' lang='lat' dir='ltr'><strong>de</strong></span> <span class='ocrx_word' id='word_1_265' title='bbox 1102 2329 1214 2384; x_wconf 83' lang='lat' dir='ltr'><strong>vite</strong></span> <span class='ocrx_word' id='word_1_266' title='bbox 1245 2327 1575 2391; x_wconf 87' lang='lat' dir='ltr'><strong>Israelitica,</strong></span> <span class='ocrx_word' id='word_1_267' title='bbox 1608 2325 1740 2381; x_wconf 85' lang='lat' dir='ltr'><strong>dicit</strong></span> <span class='ocrx_word' id='word_1_268' title='bbox 1778 2344 1791 2380; x_wconf 90' lang='lat'><strong>:</strong></span> <span class='ocrx_word' id='word_1_269' title='bbox 1834 2344 1850 2376; x_wconf 73' lang='grc' dir='ltr'><strong>ι</strong></span> <span class='ocrx_word' id='word_1_270' title='bbox 1891 2322 2138 2379; x_wconf 74' lang='lat' dir='ltr'><strong>Vastavit</strong></span> 
     </span>
    </p>
   </div>
   <div class='ocr_carea' id='block_1_41' title="bbox 542 2419 2138 2495">
    <p class='ocr_par' dir='ltr' id='par_1_41' title="bbox 542 2419 2138 2495">
     <span class='ocr_line' id='line_1_41' title="bbox 542 2419 2138 2495; baseline -0.006 -13"><span class='ocrx_word' id='word_1_271' title='bbox 542 2441 662 2483; x_wconf 87' lang='lat' dir='ltr'><strong>eam</strong></span> <span class='ocrx_word' id='word_1_272' title='bbox 691 2440 821 2495; x_wconf 80' lang='lat' dir='ltr'><strong>aper</strong></span> <span class='ocrx_word' id='word_1_273' title='bbox 853 2424 921 2480; x_wconf 92' lang='lat' dir='ltr'><strong>de</strong></span> <span class='ocrx_word' id='word_1_274' title='bbox 955 2424 1114 2489; x_wconf 83' lang='lat' dir='ltr'><strong>silva,</strong></span> <span class='ocrx_word' id='word_1_275' title='bbox 1157 2432 1210 2478; x_wconf 87' lang='lat' dir='ltr'><strong>et</strong></span> <span class='ocrx_word' id='word_1_276' title='bbox 1249 2423 1547 2494; x_wconf 76' lang='lat' dir='ltr'><strong>singularis</strong></span> <span class='ocrx_word' id='word_1_277' title='bbox 1575 2420 1728 2476; x_wconf 77' lang='lat' dir='ltr'><strong>ferus</strong></span> <span class='ocrx_word' id='word_1_278' title='bbox 1771 2419 2032 2490; x_wconf 79' lang='lat' dir='ltr'><strong>depastus</strong></span> <span class='ocrx_word' id='word_1_279' title='bbox 2054 2425 2138 2474; x_wconf 82' lang='lat' dir='ltr'><strong>est</strong></span> 
     </span>
    </p>
   </div>
   <div class='ocr_carea' id='block_1_42' title="bbox 542 2510 2136 2579">
    <p class='ocr_par' dir='ltr' id='par_1_42' title="bbox 542 2510 2136 2579">
     <span class='ocr_line' id='line_1_42' title="bbox 542 2510 2136 2579; baseline -0.006 -6"><span class='ocrx_word' id='word_1_280' title='bbox 542 2532 663 2574; x_wconf 85' lang='lat' dir='ltr'><strong>eam</strong></span> <span class='ocrx_word' id='word_1_281' title='bbox 695 2518 761 2571; x_wconf 79' lang='lat'><strong>&#39;°.</strong></span> <span class='ocrx_word' id='word_1_282' title='bbox 805 2535 824 2569; x_wconf 76' lang='grc' dir='ltr'><strong>ι</strong></span> <span class='ocrx_word' id='word_1_283' title='bbox 877 2515 950 2571; x_wconf 90' lang='lat' dir='ltr'><strong>Ut</strong></span> <span class='ocrx_word' id='word_1_284' title='bbox 982 2516 1129 2572; x_wconf 90' lang='lat' dir='ltr'><strong>enim</strong></span> <span class='ocrx_word' id='word_1_285' title='bbox 1157 2515 1450 2579; x_wconf 91' lang='lat' dir='ltr'><strong>incultum,</strong></span> <span class='ocrx_word' id='word_1_286' title='bbox 1485 2523 1540 2569; x_wconf 92' lang='lat' dir='ltr'><strong>et</strong></span> <span class='ocrx_word' id='word_1_287' title='bbox 1587 2512 1836 2569; x_wconf 86' lang='lat' dir='ltr'><strong>sentibus</strong></span> <span class='ocrx_word' id='word_1_288' title='bbox 1875 2510 2136 2566; x_wconf 78' lang='lat' dir='ltr'><strong>refertum</strong></span> 
     </span>
    </p>
   </div>
   <div class='ocr_carea' id='block_1_43' title="bbox 544 2600 2140 2681">
    <p class='ocr_par' dir='ltr' id='par_1_43' title="bbox 544 2600 2140 2681">
     <span class='ocr_line' id='line_1_43' title="bbox 544 2600 2140 2681; baseline -0.005 -18"><span class='ocrx_word' id='word_1_289' title='bbox 544 2625 742 2681; x_wconf 85' lang='lat' dir='ltr'><strong>agrum</strong></span> <span class='ocrx_word' id='word_1_290' title='bbox 795 2607 1033 2680; x_wconf 87' lang='lat' dir='ltr'><strong>despicit</strong></span> <span class='ocrx_word' id='word_1_291' title='bbox 1090 2607 1398 2670; x_wconf 78' lang='lat' dir='ltr'><strong>Dominus,</strong></span> <span class='ocrx_word' id='word_1_292' title='bbox 1463 2605 1539 2660; x_wconf 88' lang='lat' dir='ltr'><strong>ita</strong></span> <span class='ocrx_word' id='word_1_293' title='bbox 1597 2600 1838 2660; x_wconf 80' lang='lat' dir='ltr'><strong>sterilem</strong></span> <span class='ocrx_word' id='word_1_294' title='bbox 1902 2601 2140 2657; x_wconf 88' lang='lat' dir='ltr'><strong>animam</strong></span> 
     </span>
    </p>
   </div>
   <div class='ocr_carea' id='block_1_44' title="bbox 543 2695 2142 2772">
    <p class='ocr_par' dir='ltr' id='par_1_44' title="bbox 543 2695 2142 2772">
     <span class='ocr_line' id='line_1_44' title="bbox 543 2695 2142 2772; baseline -0.004 -16"><span class='ocrx_word' id='word_1_295' title='bbox 543 2700 886 2772; x_wconf 85' lang='lat' dir='ltr'><strong>providentia</strong></span> <span class='ocrx_word' id='word_1_296' title='bbox 946 2715 1046 2756; x_wconf 83' lang='lat' dir='ltr'><strong>sua</strong></span> <span class='ocrx_word' id='word_1_297' title='bbox 1101 2713 1211 2754; x_wconf 91' lang='lat' dir='ltr'><strong>non</strong></span> <span class='ocrx_word' id='word_1_298' title='bbox 1257 2698 1517 2770; x_wconf 85' lang='lat' dir='ltr'><strong>dignatur</strong></span> <span class='ocrx_word' id='word_1_299' title='bbox 1573 2695 1741 2752; x_wconf 91' lang='lat' dir='ltr'><strong>Deus.</strong></span> <span class='ocrx_word' id='word_1_300' title='bbox 1770 2697 1841 2749; x_wconf 87' lang='lat' dir='ltr'><strong>At</strong></span> <span class='ocrx_word' id='word_1_301' title='bbox 1869 2709 1969 2766; x_wconf 91' lang='lat' dir='ltr'><strong>pro</strong></span> <span class='ocrx_word' id='word_1_302' title='bbox 2029 2707 2142 2764; x_wconf 92' lang='lat' dir='ltr'><strong>quo</strong></span> 
     </span>
    </p>
   </div>
   <div class='ocr_carea' id='block_1_45' title="bbox 541 2785 2144 2864">
    <p class='ocr_par' dir='ltr' id='par_1_45' title="bbox 541 2785 2144 2864">
     <span class='ocr_line' id='line_1_45' title="bbox 541 2785 2144 2864; baseline -0.007 -16"><span class='ocrx_word' id='word_1_303' title='bbox 541 2809 702 2864; x_wconf 75' lang='lat' dir='ltr'><strong>super</strong></span> <span class='ocrx_word' id='word_1_304' title='bbox 726 2793 932 2848; x_wconf 79' lang='lat' dir='ltr'><strong>vineam</strong></span> <span class='ocrx_word' id='word_1_305' title='bbox 963 2791 1210 2863; x_wconf 78' lang='lat' dir='ltr'><strong>germinis</strong></span> <span class='ocrx_word' id='word_1_306' title='bbox 1253 2789 1343 2845; x_wconf 93' lang='lat' dir='ltr'><strong>hic</strong></span> <span class='ocrx_word' id='word_1_307' title='bbox 1379 2787 1633 2860; x_wconf 80' lang='lat' dir='ltr'><strong>legimus,</strong></span> <span class='ocrx_word' id='word_1_308' title='bbox 1684 2785 1854 2858; x_wconf 76' lang='lat'><strong>388</strong></span> <span class='ocrx_word' id='word_1_309' title='bbox 1919 2792 2144 2856; x_wconf 85' lang='lat' dir='ltr'><strong>propter</strong></span> 
     </span>
    </p>
   </div>
   <div class='ocr_carea' id='block_1_46' title="bbox 541 2876 2142 2957">
    <p class='ocr_par' dir='ltr' id='par_1_46' title="bbox 541 2876 2142 2957">
     <span class='ocr_line' id='line_1_46' title="bbox 541 2876 2142 2957; baseline -0.007 -15"><span class='ocrx_word' id='word_1_310' title='bbox 541 2889 746 2943; x_wconf 82' lang='lat' dir='ltr'><strong>uincam</strong></span> <span class='ocrx_word' id='word_1_311' title='bbox 765 2892 1130 2957; x_wconf 83' lang='lat' dir='ltr'><strong>augescentem</strong></span> <span class='ocrx_word' id='word_1_312' title='bbox 1181 2881 1380 2953; x_wconf 85' lang='lat' dir='ltr'><strong>Aquila</strong></span> <span class='ocrx_word' id='word_1_313' title='bbox 1400 2925 1414 2950; x_wconf 89' lang='lat'><strong>,</strong></span> <span class='ocrx_word' id='word_1_314' title='bbox 1440 2889 1658 2952; x_wconf 83' lang='lat' dir='ltr'><strong>propter</strong></span> <span class='ocrx_word' id='word_1_315' title='bbox 1681 2881 1886 2935; x_wconf 81' lang='lat' dir='ltr'><strong>vineam</strong></span> <span class='ocrx_word' id='word_1_316' title='bbox 1918 2876 2142 2948; x_wconf 78' lang='lat' dir='ltr'><strong>fertilem</strong></span> 
     </span>
    </p>
   </div>
   <div class='ocr_carea' id='block_1_47' title="bbox 543 2969 2143 3050">
    <p class='ocr_par' dir='ltr' id='par_1_47' title="bbox 543 2969 2143 3050">
     <span class='ocr_line' id='line_1_47' title="bbox 543 2969 2143 3050; baseline -0.007 -15"><span class='ocrx_word' id='word_1_317' title='bbox 543 2977 912 3050; x_wconf 87' lang='lat' dir='ltr'><strong>Symmachus</strong></span> <span class='ocrx_word' id='word_1_318' title='bbox 941 2984 1334 3046; x_wconf 83' lang='lat' dir='ltr'><strong>expresserunt</strong></span> <span class='ocrx_word' id='word_1_319' title='bbox 1359 2992 1373 3030; x_wconf 86' lang='lat'><strong>:</strong></span> <span class='ocrx_word' id='word_1_320' title='bbox 1399 2989 1566 3045; x_wconf 91' lang='lat' dir='ltr'><strong>quam</strong></span> <span class='ocrx_word' id='word_1_321' title='bbox 1596 2972 1728 3027; x_wconf 86' lang='lat' dir='ltr'><strong>alibi</strong></span> <span class='ocrx_word' id='word_1_322' title='bbox 1755 2972 1810 3027; x_wconf 90' lang='lat' dir='ltr'><strong>in</strong></span> <span class='ocrx_word' id='word_1_323' title='bbox 1838 2971 1955 3025; x_wconf 70' lang='lat' dir='ltr'><strong>luce</strong></span> <span class='ocrx_word' id='word_1_324' title='bbox 1978 2969 2143 3026; x_wconf 87' lang='lat' dir='ltr'><strong>verba</strong></span> 
     </span>
    </p>
   </div>
   <div class='ocr_carea' id='block_1_48' title="bbox 539 3060 2142 3141">
    <p class='ocr_par' dir='ltr' id='par_1_48' title="bbox 539 3060 2142 3141">
     <span class='ocr_line' id='line_1_48' title="bbox 539 3060 2142 3141; baseline -0.004 -19"><span class='ocrx_word' id='word_1_325' title='bbox 539 3070 885 3141; x_wconf 79' lang='lat' dir='ltr'><strong>alloquitur:</strong></span> <span class='ocrx_word' id='word_1_326' title='bbox 933 3086 953 3120; x_wconf 83' lang='grc' dir='ltr'><strong>ι</strong></span> <span class='ocrx_word' id='word_1_327' title='bbox 993 3067 1108 3137; x_wconf 79' lang='lat' dir='ltr'><strong>Ego</strong></span> <span class='ocrx_word' id='word_1_328' title='bbox 1161 3074 1211 3122; x_wconf 90' lang='lat' dir='ltr'><strong>te</strong></span> <span class='ocrx_word' id='word_1_329' title='bbox 1258 3065 1504 3137; x_wconf 91' lang='lat' dir='ltr'><strong>plantavi</strong></span> <span class='ocrx_word' id='word_1_330' title='bbox 1559 3063 1723 3120; x_wconf 89' lang='lat' dir='ltr'><strong>vitem</strong></span> <span class='ocrx_word' id='word_1_331' title='bbox 1776 3060 2142 3126; x_wconf 78' lang='lat' dir='ltr'><strong>fructiferam,</strong></span> 
     </span>
    </p>
   </div>
   <div class='ocr_carea' id='block_1_49' title="bbox 2246 1959 3790 2034">
    <p class='ocr_par' dir='ltr' id='par_1_49' title="bbox 2246 1959 3790 2034">
     <span class='ocr_line' id='line_1_49' title="bbox 2246 1959 3790 2034; baseline 0.004 -22"><span class='ocrx_word' id='word_1_332' title='bbox 2246 1959 2355 2032; x_wconf 72' lang='grc' dir='ltr'><strong>γὰρ</strong></span> <span class='ocrx_word' id='word_1_333' title='bbox 2384 1959 2494 2015; x_wconf 79' lang='grc' dir='ltr'><strong>τὸν</strong></span> <span class='ocrx_word' id='word_1_334' title='bbox 2519 1961 2847 2031; x_wconf 75' lang='grc' dir='ltr'>ἀμπελῶνα</span> <span class='ocrx_word' id='word_1_335' title='bbox 2907 1962 3095 2018; x_wconf 81' lang='grc' dir='ltr'>αὑτοῦ.</span> <span class='ocrx_word' id='word_1_336' title='bbox 3156 1963 3267 2017; x_wconf 75' lang='grc' dir='ltr'>Κάὶ</span> <span class='ocrx_word' id='word_1_337' title='bbox 3324 1967 3448 2027; x_wconf 79' lang='grc' dir='ltr'>ταῖς</span> <span class='ocrx_word' id='word_1_338' title='bbox 3481 1964 3711 2034; x_wconf 77' lang='grc' dir='ltr'>νεφέλαις</span> <span class='ocrx_word' id='word_1_339' title='bbox 3732 1969 3790 2018; x_wconf 52' lang='grc' dir='ltr'><strong>ὲν.</strong></span> 
     </span>
    </p>
   </div>
   <div class='ocr_carea' id='block_1_50' title="bbox 2245 2050 3790 2125">
    <p class='ocr_par' dir='ltr' id='par_1_50' title="bbox 2245 2050 3790 2125">
     <span class='ocr_line' id='line_1_50' title="bbox 2245 2050 3790 2125; baseline 0.003 -22"><span class='ocrx_word' id='word_1_340' title='bbox 2245 2050 2492 2105; x_wconf 85' lang='grc' dir='ltr'>ετείλατο</span> <span class='ocrx_word' id='word_1_341' title='bbox 2543 2051 2636 2106; x_wconf 91' lang='grc' dir='ltr'><strong>τοῦ</strong></span> <span class='ocrx_word' id='word_1_342' title='bbox 2696 2053 2772 2125; x_wconf 79' lang='grc' dir='ltr'>μὴ</span> <span class='ocrx_word' id='word_1_343' title='bbox 2833 2053 3020 2125; x_wconf 82' lang='grc' dir='ltr'>βρέξαι</span> <span class='ocrx_word' id='word_1_344' title='bbox 3067 2056 3150 2118; x_wconf 87' lang='grc' dir='ltr'><strong>είς</strong></span> <span class='ocrx_word' id='word_1_345' title='bbox 3206 2055 3396 2109; x_wconf 82' lang='grc' dir='ltr'>αὐτόν.</span> <span class='ocrx_word' id='word_1_346' title='bbox 3451 2057 3556 2108; x_wconf 76' lang='lat' dir='ltr'><strong>Kal</strong></span> <span class='ocrx_word' id='word_1_347' title='bbox 3611 2056 3790 2124; x_wconf 72' lang='grc' dir='ltr'>γέγονεν</span> 
     </span>
    </p>
   </div>
   <div class='ocr_carea' id='block_1_51' title="bbox 2248 2143 3790 2219">
    <p class='ocr_par' dir='ltr' id='par_1_51' title="bbox 2248 2143 3790 2219">
     <span class='ocr_line' id='line_1_51' title="bbox 2248 2143 3790 2219; baseline 0.001 -22"><span class='ocrx_word' id='word_1_348' title='bbox 2248 2143 2405 2198; x_wconf 82' lang='grc' dir='ltr'><strong>ὄνων</strong></span> <span class='ocrx_word' id='word_1_349' title='bbox 2436 2145 2660 2216; x_wconf 77' lang='grc' dir='ltr'><strong>ἀγρίων</strong></span> <span class='ocrx_word' id='word_1_350' title='bbox 2710 2147 3043 2218; x_wconf 76' lang='grc' dir='ltr'>εὐφροσύνη,</span> <span class='ocrx_word' id='word_1_351' title='bbox 3093 2147 3192 2201; x_wconf 75' lang='grc' dir='ltr'>καὶ</span> <span class='ocrx_word' id='word_1_352' title='bbox 3247 2148 3506 2219; x_wconf 78' lang='grc' dir='ltr'>πονηρῶν</span> <span class='ocrx_word' id='word_1_353' title='bbox 3564 2149 3790 2219; x_wconf 74' lang='grc' dir='ltr'>ποιμένων</span> 
     </span>
    </p>
   </div>
   <div class='ocr_carea' id='block_1_52' title="bbox 2250 2234 3790 2309">
    <p class='ocr_par' dir='ltr' id='par_1_52' title="bbox 2250 2234 3790 2309">
     <span class='ocr_line' id='line_1_52' title="bbox 2250 2234 3790 2309; baseline 0.001 -22"><span class='ocrx_word' id='word_1_354' title='bbox 2250 2234 2597 2306; x_wconf 83' lang='grc' dir='ltr'>βοσκήματα,</span> <span class='ocrx_word' id='word_1_355' title='bbox 2629 2235 2775 2290; x_wconf 83' lang='grc' dir='ltr'>τοῦτ’</span> <span class='ocrx_word' id='word_1_356' title='bbox 2803 2238 2950 2291; x_wconf 77' lang='grc' dir='ltr'>ἔστιν</span> <span class='ocrx_word' id='word_1_357' title='bbox 2978 2237 3307 2309; x_wconf 79' lang='grc' dir='ltr'>ἀκαθάρτων</span> <span class='ocrx_word' id='word_1_358' title='bbox 3350 2239 3682 2309; x_wconf 80' lang='grc' dir='ltr'>πνευμάτων.</span> <span class='ocrx_word' id='word_1_359' title='bbox 3707 2239 3790 2291; x_wconf 66' lang='grc' dir='ltr'><strong>Καὶ</strong></span> 
     </span>
    </p>
   </div>
   <div class='ocr_carea' id='block_1_53' title="bbox 2248 2327 3790 2402">
    <p class='ocr_par' dir='ltr' id='par_1_53' title="bbox 2248 2327 3790 2402">
     <span class='ocr_line' id='line_1_53' title="bbox 2248 2327 3790 2402; baseline 0.001 -22"><span class='ocrx_word' id='word_1_360' title='bbox 2248 2327 2415 2382; x_wconf 75' lang='grc' dir='ltr'><strong>Δαϐὶδ</strong></span> <span class='ocrx_word' id='word_1_361' title='bbox 2443 2327 2501 2382; x_wconf 86' lang='grc' dir='ltr'><strong>δὲ</strong></span> <span class='ocrx_word' id='word_1_362' title='bbox 2531 2329 2606 2393; x_wconf 83' lang='grc' dir='ltr'><strong>ὡς</strong></span> <span class='ocrx_word' id='word_1_363' title='bbox 2643 2331 2772 2401; x_wconf 75' lang='grc' dir='ltr'>περὶ</span> <span class='ocrx_word' id='word_1_364' title='bbox 2795 2330 3044 2399; x_wconf 80' lang='grc' dir='ltr'>ἀμπέλου</span> <span class='ocrx_word' id='word_1_365' title='bbox 3076 2329 3224 2398; x_wconf 82' lang='grc' dir='ltr'><strong>λέγει</strong></span> <span class='ocrx_word' id='word_1_366' title='bbox 3261 2329 3362 2384; x_wconf 90' lang='grc' dir='ltr'><strong>τοῦ</strong></span> <span class='ocrx_word' id='word_1_367' title='bbox 3408 2331 3638 2402; x_wconf 73' lang='grc' dir='ltr'>Ἰσραήλ’</span> <span class='ocrx_word' id='word_1_368' title='bbox 3664 2350 3680 2382; x_wconf 82' lang='grc' dir='ltr'><strong>ι</strong></span> <span class='ocrx_word' id='word_1_369' title='bbox 3727 2331 3790 2382; x_wconf 81' lang='grc' dir='ltr'><strong>Ἐο</strong></span> 
     </span>
    </p>
   </div>
   <div class='ocr_carea' id='block_1_54' title="bbox 2249 2417 3791 2496">
    <p class='ocr_par' dir='ltr' id='par_1_54' title="bbox 2249 2417 3791 2496">
     <span class='ocr_line' id='line_1_54' title="bbox 2249 2417 3791 2496; baseline 0.001 -24"><span class='ocrx_word' id='word_1_370' title='bbox 2249 2417 2531 2493; x_wconf 77' lang='grc' dir='ltr'>λυμήνατο</span> <span class='ocrx_word' id='word_1_371' title='bbox 2580 2422 2750 2492; x_wconf 78' lang='grc' dir='ltr'>αὐτὴν</span> <span class='ocrx_word' id='word_1_372' title='bbox 2782 2417 2844 2486; x_wconf 77' lang='grc' dir='ltr'>ῦς</span> <span class='ocrx_word' id='word_1_373' title='bbox 2891 2425 2955 2476; x_wconf 86' lang='grc' dir='ltr'>ὲκ</span> <span class='ocrx_word' id='word_1_374' title='bbox 3001 2422 3233 2494; x_wconf 88' lang='grc' dir='ltr'>δρυμοῦ,</span> <span class='ocrx_word' id='word_1_375' title='bbox 3286 2423 3386 2477; x_wconf 72' lang='grc' dir='ltr'>καὶ</span> <span class='ocrx_word' id='word_1_376' title='bbox 3438 2424 3614 2496; x_wconf 78' lang='grc' dir='ltr'>μονιὸς</span> <span class='ocrx_word' id='word_1_377' title='bbox 3642 2425 3791 2492; x_wconf 69' lang='grc' dir='ltr'>ἄγριος</span> 
     </span>
    </p>
   </div>
   <div class='ocr_carea' id='block_1_55' title="bbox 2249 2514 3794 2590">
    <p class='ocr_par' dir='ltr' id='par_1_55' title="bbox 2249 2514 3794 2590">
     <span class='ocr_line' id='line_1_55' title="bbox 2249 2514 3794 2590; baseline 0.001 -25"><span class='ocrx_word' id='word_1_378' title='bbox 2249 2514 2662 2586; x_wconf 85' lang='grc' dir='ltr'>κατενεμήσατο</span> <span class='ocrx_word' id='word_1_379' title='bbox 2687 2515 2881 2585; x_wconf 74' lang='grc' dir='ltr'>αὐτήν.</span> <span class='ocrx_word' id='word_1_380' title='bbox 2913 2535 2930 2567; x_wconf 79' lang='grc' dir='ltr'><strong>ι</strong></span> <span class='ocrx_word' id='word_1_381' title='bbox 2970 2515 3057 2578; x_wconf 80' lang='lat'><strong>&#39;0;</strong></span> <span class='ocrx_word' id='word_1_382' title='bbox 3095 2515 3207 2586; x_wconf 84' lang='grc' dir='ltr'><strong>γὰρ</strong></span> <span class='ocrx_word' id='word_1_383' title='bbox 3232 2517 3644 2590; x_wconf 84' lang='grc' dir='ltr'>κεχερσωμένον</span> <span class='ocrx_word' id='word_1_384' title='bbox 3687 2531 3794 2584; x_wconf 70' lang='grc' dir='ltr'>πιρ-</span> 
     </span>
    </p>
   </div>
   <div class='ocr_carea' id='block_1_56' title="bbox 2246 2605 3792 2680">
    <p class='ocr_par' dir='ltr' id='par_1_56' title="bbox 2246 2605 3792 2680">
     <span class='ocr_line' id='line_1_56' title="bbox 2246 2605 3792 2680; baseline 0.001 -23"><span class='ocrx_word' id='word_1_385' title='bbox 2246 2606 2655 2678; x_wconf 87' lang='grc' dir='ltr'>ορᾶταιχωρίον</span> <span class='ocrx_word' id='word_1_386' title='bbox 2677 2605 2862 2677; x_wconf 67' lang='grc' dir='ltr'>[λείαν.</span> <span class='ocrx_word' id='word_1_387' title='bbox 2882 2609 2909 2660; x_wconf 81' lang='grc' dir='ltr'>ὁ</span> <span class='ocrx_word' id='word_1_388' title='bbox 2936 2608 3177 2679; x_wconf 82' lang='grc' dir='ltr'>κτήτωρ,</span> <span class='ocrx_word' id='word_1_389' title='bbox 3203 2607 3242 2677; x_wconf 83' lang='grc' dir='ltr'><em>ἢ</em></span> <span class='ocrx_word' id='word_1_390' title='bbox 3264 2625 3318 2662; x_wconf 89' lang='grc' dir='ltr'><strong>τι</strong></span> <span class='ocrx_word' id='word_1_391' title='bbox 3350 2606 3658 2680; x_wconf 55' lang='grc' dir='ltr'>τοιοῦτοῆ,</span> <span class='ocrx_word' id='word_1_392' title='bbox 3683 2607 3792 2661; x_wconf 74' lang='grc' dir='ltr'>οὕτω</span> 
     </span>
    </p>
   </div>
   <div class='ocr_carea' id='block_1_57' title="bbox 2243 2697 3793 2773">
    <p class='ocr_par' dir='ltr' id='par_1_57' title="bbox 2243 2697 3793 2773">
     <span class='ocr_line' id='line_1_57' title="bbox 2243 2697 3793 2773; baseline 0.001 -21"><span class='ocrx_word' id='word_1_393' title='bbox 2243 2697 2376 2762; x_wconf 82' lang='grc' dir='ltr'><strong>Θεὸς</strong></span> <span class='ocrx_word' id='word_1_394' title='bbox 2394 2697 2574 2770; x_wconf 77' lang='grc' dir='ltr'>ψυχὴν</span> <span class='ocrx_word' id='word_1_395' title='bbox 2592 2699 2841 2770; x_wconf 82' lang='grc' dir='ltr'>ἄκαρπον</span> <span class='ocrx_word' id='word_1_396' title='bbox 2858 2699 2955 2771; x_wconf 82' lang='grc' dir='ltr'><strong>τῆς</strong></span> <span class='ocrx_word' id='word_1_397' title='bbox 2977 2701 3111 2766; x_wconf 80' lang='grc' dir='ltr'>ἰδίας</span> <span class='ocrx_word' id='word_1_398' title='bbox 3130 2701 3391 2773; x_wconf 83' lang='grc' dir='ltr'>προνοίας</span> <span class='ocrx_word' id='word_1_399' title='bbox 3403 2702 3502 2754; x_wconf 73' lang='grc' dir='ltr'>οὐκ</span> <span class='ocrx_word' id='word_1_400' title='bbox 3522 2699 3668 2765; x_wconf 80' lang='grc' dir='ltr'>ἀξιοῖ.</span> <span class='ocrx_word' id='word_1_401' title='bbox 3684 2701 3793 2755; x_wconf 78' lang='grc' dir='ltr'>Ἀντὶ</span> 
     </span>
    </p>
   </div>
   <div class='ocr_carea' id='block_1_58' title="bbox 2244 2790 3790 2864">
    <p class='ocr_par' dir='ltr' id='par_1_58' title="bbox 2244 2790 3790 2864">
     <span class='ocr_line' id='line_1_58' title="bbox 2244 2790 3790 2864; baseline 0.007 -20"><span class='ocrx_word' id='word_1_402' title='bbox 2244 2790 2301 2845; x_wconf 83' lang='grc' dir='ltr'><strong>δὲ</strong></span> <span class='ocrx_word' id='word_1_403' title='bbox 2326 2791 2420 2844; x_wconf 88' lang='grc' dir='ltr'><strong>τοῦ</strong></span> <span class='ocrx_word' id='word_1_404' title='bbox 2451 2791 2568 2847; x_wconf 83' lang='grc' dir='ltr'>ἀπὸ</span> <span class='ocrx_word' id='word_1_405' title='bbox 2598 2795 2975 2862; x_wconf 78' lang='grc' dir='ltr'><strong>γεννήματος</strong></span> <span class='ocrx_word' id='word_1_406' title='bbox 3027 2794 3299 2864; x_wconf 70' lang='grc' dir='ltr'>ἀμπέλου</span> <span class='ocrx_word' id='word_1_407' title='bbox 3324 2811 3338 2825; x_wconf 92' lang='grc'>·</span> <span class='ocrx_word' id='word_1_408' title='bbox 3377 2796 3406 2849; x_wconf 78' lang='grc' dir='ltr'><em>ὁ</em></span> <span class='ocrx_word' id='word_1_409' title='bbox 3459 2793 3554 2864; x_wconf 81' lang='grc' dir='ltr'>μὲν</span> <span class='ocrx_word' id='word_1_410' title='bbox 3607 2792 3790 2856; x_wconf 68' lang='grc' dir='ltr'>Ἀκύλας</span> 
     </span>
    </p>
   </div>
   <div class='ocr_carea' id='block_1_59' title="bbox 2247 2883 3792 2958">
    <p class='ocr_par' dir='ltr' id='par_1_59' title="bbox 2247 2883 3792 2958">
     <span class='ocr_line' id='line_1_59' title="bbox 2247 2883 3792 2958; baseline -0.001 -20"><span class='ocrx_word' id='word_1_411' title='bbox 2247 2883 2449 2956; x_wconf 75' lang='grc' dir='ltr'>φησὶν,</span> <span class='ocrx_word' id='word_1_412' title='bbox 2487 2885 2587 2940; x_wconf 76' lang='grc' dir='ltr'><strong>ἐπὶ</strong></span> <span class='ocrx_word' id='word_1_413' title='bbox 2630 2885 2880 2957; x_wconf 73' lang='grc' dir='ltr'>ἀμπέλῳ</span> <span class='ocrx_word' id='word_1_414' title='bbox 2937 2887 3240 2956; x_wconf 78' lang='grc' dir='ltr'>αὐξητικῇ</span> <span class='ocrx_word' id='word_1_415' title='bbox 3274 2905 3287 2917; x_wconf 94' lang='grc'><strong>·</strong></span> <span class='ocrx_word' id='word_1_416' title='bbox 3342 2890 3372 2942; x_wconf 87' lang='grc' dir='ltr'>ὁ</span> <span class='ocrx_word' id='word_1_417' title='bbox 3413 2887 3471 2940; x_wconf 86' lang='grc' dir='ltr'><strong>δὲ</strong></span> <span class='ocrx_word' id='word_1_418' title='bbox 3510 2886 3792 2958; x_wconf 76' lang='grc' dir='ltr'>Σύμμαχος,</span> 
     </span>
    </p>
   </div>
   <div class='ocr_carea' id='block_1_60' title="bbox 2247 2975 3790 3052">
    <p class='ocr_par' dir='ltr' id='par_1_60' title="bbox 2247 2975 3790 3052">
     <span class='ocr_line' id='line_1_60' title="bbox 2247 2975 3790 3052; baseline -0.001 -22"><span class='ocrx_word' id='word_1_419' title='bbox 2247 2975 2378 3046; x_wconf 76' lang='grc' dir='ltr'>περὶ</span> <span class='ocrx_word' id='word_1_420' title='bbox 2411 2976 2688 3048; x_wconf 70' lang='grc' dir='ltr'>ἀμπέλου</span> <span class='ocrx_word' id='word_1_421' title='bbox 2717 2979 3072 3048; x_wconf 59' lang='grc' dir='ltr'>πολυφόρου</span> <span class='ocrx_word' id='word_1_422' title='bbox 3090 3022 3105 3047; x_wconf 90' lang='grc'><strong>,</strong></span> <span class='ocrx_word' id='word_1_423' title='bbox 3130 2980 3268 3051; x_wconf 73' lang='grc' dir='ltr'>πρὸς</span> <span class='ocrx_word' id='word_1_424' title='bbox 3293 2979 3364 3052; x_wconf 76' lang='grc' dir='ltr'>ἦν</span> <span class='ocrx_word' id='word_1_425' title='bbox 3383 2997 3547 3050; x_wconf 73' lang='grc' dir='ltr'>φησιν</span> <span class='ocrx_word' id='word_1_426' title='bbox 3579 2976 3790 3047; x_wconf 74' lang='grc' dir='ltr'>ἀλλαχοῦ·</span> 
     </span>
    </p>
   </div>
   <div class='ocr_carea' id='block_1_61' title="bbox 2251 3069 3794 3146">
    <p class='ocr_par' dir='ltr' id='par_1_61' title="bbox 2251 3069 3794 3146">
     <span class='ocr_line' id='line_1_61' title="bbox 2251 3069 3794 3146; baseline -0.001 -24"><span class='ocrx_word' id='word_1_427' title='bbox 2251 3089 2271 3121; x_wconf 81' lang='grc' dir='ltr'><strong>ι</strong></span> <span class='ocrx_word' id='word_1_428' title='bbox 2319 3069 2460 3140; x_wconf 85' lang='grc' dir='ltr'><strong>Ἐγώ</strong></span> <span class='ocrx_word' id='word_1_429' title='bbox 2509 3088 2570 3124; x_wconf 87' lang='grc' dir='ltr'><strong>σε</strong></span> <span class='ocrx_word' id='word_1_430' title='bbox 2629 3071 2913 3141; x_wconf 76' lang='grc' dir='ltr'>ἐφύτευσα</span> <span class='ocrx_word' id='word_1_431' title='bbox 2938 3073 3185 3144; x_wconf 82' lang='grc' dir='ltr'>ἄμπελον</span> <span class='ocrx_word' id='word_1_432' title='bbox 3227 3073 3608 3146; x_wconf 76' lang='grc' dir='ltr'>καρποφόρον,</span> <span class='ocrx_word' id='word_1_433' title='bbox 3651 3072 3794 3125; x_wconf 72' lang='grc' dir='ltr'>πᾶσαν</span> 
     </span>
    </p>
   </div>
   <div class='ocr_carea' id='block_1_62' title="bbox 543 3153 2139 3238">
    <p class='ocr_par' dir='ltr' id='par_1_62' title="bbox 543 3153 2139 3230">
     <span class='ocr_line' id='line_1_62' title="bbox 543 3153 2139 3230; baseline -0.005 -14"><span class='ocrx_word' id='word_1_434' title='bbox 543 3172 715 3218; x_wconf 83' lang='lat' dir='ltr'><strong>totam</strong></span> <span class='ocrx_word' id='word_1_435' title='bbox 739 3174 922 3216; x_wconf 80' lang='lat' dir='ltr'><strong>veram</strong></span> <span class='ocrx_word' id='word_1_436' title='bbox 942 3176 957 3226; x_wconf 87' lang='lat'><strong>;</strong></span> <span class='ocrx_word' id='word_1_437' title='bbox 975 3157 1251 3230; x_wconf 91' lang='lat' dir='ltr'><strong>quomodo</strong></span> <span class='ocrx_word' id='word_1_438' title='bbox 1269 3170 1535 3213; x_wconf 85' lang='lat' dir='ltr'><strong>conversa</strong></span> <span class='ocrx_word' id='word_1_439' title='bbox 1551 3171 1612 3211; x_wconf 89' lang='lat' dir='ltr'><strong>es</strong></span> <span class='ocrx_word' id='word_1_440' title='bbox 1637 3159 1691 3209; x_wconf 89' lang='lat' dir='ltr'><strong>in</strong></span> <span class='ocrx_word' id='word_1_441' title='bbox 1719 3153 2139 3210; x_wconf 88' lang='lat' dir='ltr'><strong>amaritudinem</strong></span> 
     </span>
    </p>
   </div>
   <div class='ocr_carea' id='block_1_63' title="bbox 2247 3153 3792 3238">
    <p class='ocr_par' dir='ltr' id='par_1_63' title="bbox 2247 3162 3792 3238">
     <span class='ocr_line' id='line_1_63' title="bbox 2247 3162 3792 3238; baseline 0.006 -20"><span class='ocrx_word' id='word_1_442' title='bbox 2247 3162 2545 3237; x_wconf 88' lang='grc' dir='ltr'>ἀληθινήν·</span> <span class='ocrx_word' id='word_1_443' title='bbox 2583 3164 2702 3230; x_wconf 78' lang='grc' dir='ltr'>πῶς</span> <span class='ocrx_word' id='word_1_444' title='bbox 2745 3165 3026 3236; x_wconf 80' lang='grc' dir='ltr'>ἐστράφης</span> <span class='ocrx_word' id='word_1_445' title='bbox 3059 3167 3140 3230; x_wconf 84' lang='grc' dir='ltr'><strong>είς</strong></span> <span class='ocrx_word' id='word_1_446' title='bbox 3193 3166 3431 3238; x_wconf 85' lang='grc' dir='ltr'>πικρίαν</span> <span class='ocrx_word' id='word_1_447' title='bbox 3462 3168 3494 3237; x_wconf 84' lang='grc' dir='ltr'>ἠ</span> <span class='ocrx_word' id='word_1_448' title='bbox 3533 3164 3792 3237; x_wconf 72' lang='grc' dir='ltr'>ἀμπελοςῆ</span> 
     </span>
    </p>
   </div>
   <div class='ocr_carea' id='block_1_64' title="bbox 544 3217 2139 3329">
    <p class='ocr_par' dir='ltr' id='par_1_64' title="bbox 544 3217 2139 3317">
     <span class='ocr_line' id='line_1_64' title="bbox 544 3217 2139 3317; baseline -0.005 -11"><span class='ocrx_word' id='word_1_449' title='bbox 544 3252 699 3307; x_wconf 90' lang='lat' dir='ltr'><strong>vinea</strong></span> <span class='ocrx_word' id='word_1_450' title='bbox 743 3251 924 3306; x_wconf 86' lang='lat' dir='ltr'><strong>aliena</strong></span> <span class='ocrx_word' id='word_1_451' title='bbox 945 3217 1051 3302; x_wconf 45' lang='grc' dir='ltr'><strong>ἐἶτ</strong></span> <span class='ocrx_word' id='word_1_452' title='bbox 1081 3267 1100 3300; x_wconf 74' lang='grc' dir='ltr'><strong>ι</strong></span> <span class='ocrx_word' id='word_1_453' title='bbox 1139 3246 1349 3302; x_wconf 88' lang='lat' dir='ltr'><strong>Deinde</strong></span> <span class='ocrx_word' id='word_1_454' title='bbox 1408 3247 1556 3317; x_wconf 90' lang='lat' dir='ltr'><strong>quod</strong></span> <span class='ocrx_word' id='word_1_455' title='bbox 1619 3246 1711 3300; x_wconf 88' lang='lat' dir='ltr'><strong>hic</strong></span> <span class='ocrx_word' id='word_1_456' title='bbox 1758 3254 1903 3300; x_wconf 89' lang='lat' dir='ltr'><strong>terra</strong></span> <span class='ocrx_word' id='word_1_457' title='bbox 1961 3244 2139 3315; x_wconf 87' lang='lat' dir='ltr'><strong>populi</strong></span> 
     </span>
    </p>
   </div>
   <div class='ocr_carea' id='block_1_65' title="bbox 2247 3217 3793 3329">
    <p class='ocr_par' dir='ltr' id='par_1_65' title="bbox 2247 3217 3793 3329">
     <span class='ocr_line' id='line_1_65' title="bbox 2247 3217 3793 3329; baseline -0.001 -19"><span class='ocrx_word' id='word_1_458' title='bbox 2247 3217 2505 3328; x_wconf 59' lang='grc' dir='ltr'>ἀλλοτρία</span> <span class='ocrx_word' id='word_1_459' title='bbox 2530 3273 2545 3322; x_wconf 87' lang='grc'><strong>;</strong></span> <span class='ocrx_word' id='word_1_460' title='bbox 2580 3217 2792 3310; x_wconf 10' lang='grc' dir='ltr'>ιήῖιξντὶν</span> <span class='ocrx_word' id='word_1_461' title='bbox 2816 3217 3025 3322; x_wconf 20' lang='grc' dir='ltr'><strong>*τᾎᾶ</strong></span> <span class='ocrx_word' id='word_1_462' title='bbox 3341 3217 3502 3313; x_wconf 66' lang='grc' dir='ltr'>λαοῦ</span> <span class='ocrx_word' id='word_1_463' title='bbox 3525 3217 3655 3326; x_wconf 54' lang='lat' dir='ltr'><strong>pou,</strong></span> <span class='ocrx_word' id='word_1_464' title='bbox 3673 3217 3793 3322; x_wconf 38' lang='grc' dir='ltr'><strong>Σὺσμιζ</strong></span> 
     </span>
    </p>
   </div>
   <div class='ocr_carea' id='block_1_66' title="bbox 539 3335 2143 3408">
    <p class='ocr_par' dir='ltr' id='par_1_66' title="bbox 539 3335 2143 3408">
     <span class='ocr_line' id='line_1_66' title="bbox 539 3335 2143 3408; baseline -0.006 -11"><span class='ocrx_word' id='word_1_465' title='bbox 539 3342 646 3397; x_wconf 83' lang='lat' dir='ltr'><strong>mei</strong></span> <span class='ocrx_word' id='word_1_466' title='bbox 675 3343 961 3407; x_wconf 85' lang='lat' dir='ltr'><strong>habemus,</strong></span> <span class='ocrx_word' id='word_1_467' title='bbox 990 3339 1044 3393; x_wconf 90' lang='lat' dir='ltr'><strong>in</strong></span> <span class='ocrx_word' id='word_1_468' title='bbox 1103 3350 1300 3393; x_wconf 85' lang='lat' dir='ltr'><strong>terram</strong></span> <span class='ocrx_word' id='word_1_469' title='bbox 1331 3337 1515 3408; x_wconf 85' lang='lat' dir='ltr'><strong>populi</strong></span> <span class='ocrx_word' id='word_1_470' title='bbox 1541 3337 1643 3391; x_wconf 88' lang='lat' dir='ltr'><strong>mei</strong></span> <span class='ocrx_word' id='word_1_471' title='bbox 1701 3335 1942 3391; x_wconf 86' lang='lat' dir='ltr'><strong>reddidit</strong></span> <span class='ocrx_word' id='word_1_472' title='bbox 1985 3336 2143 3406; x_wconf 88' lang='lat' dir='ltr'><strong>Sym-</strong></span> 
     </span>
    </p>
   </div>
   <div class='ocr_carea' id='block_1_67' title="bbox 542 3429 2143 3499">
    <p class='ocr_par' dir='ltr' id='par_1_67' title="bbox 542 3429 2143 3499">
     <span class='ocr_line' id='line_1_67' title="bbox 542 3429 2143 3499; baseline -0.004 -10"><span class='ocrx_word' id='word_1_473' title='bbox 542 3433 796 3489; x_wconf 86' lang='lat' dir='ltr'><strong>machus.</strong></span> <span class='ocrx_word' id='word_1_474' title='bbox 849 3432 1219 3488; x_wconf 80' lang='lat' dir='ltr'><strong>Consentiunt</strong></span> <span class='ocrx_word' id='word_1_475' title='bbox 1271 3445 1403 3486; x_wconf 80' lang='lat' dir='ltr'><strong>vero</strong></span> <span class='ocrx_word' id='word_1_476' title='bbox 1455 3445 1580 3486; x_wconf 87' lang='lat' dir='ltr'><strong>cum</strong></span> <span class='ocrx_word' id='word_1_477' title='bbox 1632 3429 1756 3485; x_wconf 90' lang='lat' dir='ltr'><strong>istis</strong></span> <span class='ocrx_word' id='word_1_478' title='bbox 1793 3429 1962 3482; x_wconf 89' lang='lat' dir='ltr'><strong>etiam</strong></span> <span class='ocrx_word' id='word_1_479' title='bbox 2021 3443 2143 3499; x_wconf 75' lang='lat' dir='ltr'><strong>qua:</strong></span> 
     </span>
    </p>
   </div>
   <div class='ocr_carea' id='block_1_68' title="bbox 541 3520 2142 3592">
    <p class='ocr_par' dir='ltr' id='par_1_68' title="bbox 541 3520 2142 3592">
     <span class='ocr_line' id='line_1_68' title="bbox 541 3520 2142 3592; baseline -0.003 -13"><span class='ocrx_word' id='word_1_480' title='bbox 541 3533 673 3581; x_wconf 91' lang='lat' dir='ltr'><strong>ante</strong></span> <span class='ocrx_word' id='word_1_481' title='bbox 717 3525 863 3580; x_wconf 89' lang='lat' dir='ltr'><strong>dicta</strong></span> <span class='ocrx_word' id='word_1_482' title='bbox 893 3532 1016 3579; x_wconf 89' lang='lat' dir='ltr'><strong>sunt</strong></span> <span class='ocrx_word' id='word_1_483' title='bbox 1049 3523 1134 3580; x_wconf 90' lang='lat' dir='ltr'><strong>his</strong></span> <span class='ocrx_word' id='word_1_484' title='bbox 1160 3522 1346 3579; x_wconf 88' lang='lat' dir='ltr'><strong>verbis</strong></span> <span class='ocrx_word' id='word_1_485' title='bbox 1379 3539 1392 3578; x_wconf 95' lang='lat'>:</span> <span class='ocrx_word' id='word_1_486' title='bbox 1437 3541 1455 3575; x_wconf 84' lang='grc' dir='ltr'><strong>ι</strong></span> <span class='ocrx_word' id='word_1_487' title='bbox 1493 3520 1818 3592; x_wconf 73' lang='lat' dir='ltr'><strong>Exspectavi</strong></span> <span class='ocrx_word' id='word_1_488' title='bbox 1851 3535 2142 3591; x_wconf 88' lang='lat' dir='ltr'><strong>quousque</strong></span> 
     </span>
    </p>
   </div>
   <div class='ocr_carea' id='block_1_69' title="bbox 540 3612 2140 3688">
    <p class='ocr_par' dir='ltr' id='par_1_69' title="bbox 540 3612 2140 3688">
     <span class='ocr_line' id='line_1_69' title="bbox 540 3612 2140 3688; baseline -0.006 -13"><span class='ocrx_word' id='word_1_489' title='bbox 540 3633 679 3675; x_wconf 83' lang='lat' dir='ltr'><strong>uvas</strong></span> <span class='ocrx_word' id='word_1_490' title='bbox 705 3617 917 3683; x_wconf 89' lang='lat' dir='ltr'><strong>ederet,</strong></span> <span class='ocrx_word' id='word_1_491' title='bbox 947 3617 1042 3673; x_wconf 82' lang='lat' dir='ltr'><strong>sed</strong></span> <span class='ocrx_word' id='word_1_492' title='bbox 1070 3615 1262 3688; x_wconf 89' lang='lat' dir='ltr'><strong>spinas</strong></span> <span class='ocrx_word' id='word_1_493' title='bbox 1295 3616 1444 3671; x_wconf 82' lang='lat' dir='ltr'><strong>dedit</strong></span> <span class='ocrx_word' id='word_1_494' title='bbox 1471 3616 1516 3648; x_wconf 76' lang='grc' dir='ltr'><strong>δ’</strong></span> <span class='ocrx_word' id='word_1_495' title='bbox 1543 3632 1596 3682; x_wconf 78' lang='grc'><strong>;›</strong></span> <span class='ocrx_word' id='word_1_496' title='bbox 1635 3628 1777 3686; x_wconf 84' lang='lat' dir='ltr'><strong>quas</strong></span> <span class='ocrx_word' id='word_1_497' title='bbox 1805 3612 1948 3669; x_wconf 86' lang='lat' dir='ltr'><strong>idem</strong></span> <span class='ocrx_word' id='word_1_498' title='bbox 2016 3627 2140 3666; x_wconf 86' lang='lat' dir='ltr'><strong>mox</strong></span> 
     </span>
    </p>
   </div>
   <div class='ocr_carea' id='block_1_70' title="bbox 541 3703 2141 3781">
    <p class='ocr_par' dir='ltr' id='par_1_70' title="bbox 541 3703 2141 3781">
     <span class='ocr_line' id='line_1_70' title="bbox 541 3703 2141 3781; baseline -0.004 -14"><span class='ocrx_word' id='word_1_499' title='bbox 541 3711 937 3781; x_wconf 82' lang='lat' dir='ltr'><strong>interpretatus</strong></span> <span class='ocrx_word' id='word_1_500' title='bbox 959 3711 1145 3764; x_wconf 89' lang='lat' dir='ltr'><strong>intulit</strong></span> <span class='ocrx_word' id='word_1_501' title='bbox 1177 3727 1190 3763; x_wconf 90' lang='lat'>:</span> <span class='ocrx_word' id='word_1_502' title='bbox 1233 3708 1594 3779; x_wconf 64' lang='lat' dir='ltr'><strong>trixspectavi</strong></span> <span class='ocrx_word' id='word_1_503' title='bbox 1623 3721 1913 3778; x_wconf 88' lang='lat' dir='ltr'><strong>quousque</strong></span> <span class='ocrx_word' id='word_1_504' title='bbox 1936 3703 2141 3761; x_wconf 84' lang='lat' dir='ltr'><strong>faceret</strong></span> 
     </span>
    </p>
   </div>
   <div class='ocr_carea' id='block_1_71' title="bbox 537 3797 2138 3874">
    <p class='ocr_par' dir='ltr' id='par_1_71' title="bbox 537 3797 2138 3874">
     <span class='ocr_line' id='line_1_71' title="bbox 537 3797 2138 3874; baseline -0.005 -16"><span class='ocrx_word' id='word_1_505' title='bbox 537 3803 839 3874; x_wconf 83' lang='lat' dir='ltr'><strong>judicium,</strong></span> <span class='ocrx_word' id='word_1_506' title='bbox 884 3803 978 3858; x_wconf 89' lang='lat' dir='ltr'><strong>sed</strong></span> <span class='ocrx_word' id='word_1_507' title='bbox 1011 3802 1141 3857; x_wconf 76' lang='lat' dir='ltr'><strong>fecit</strong></span> <span class='ocrx_word' id='word_1_508' title='bbox 1171 3800 1544 3870; x_wconf 81' lang='lat' dir='ltr'><strong>iniquitatem,</strong></span> <span class='ocrx_word' id='word_1_509' title='bbox 1579 3809 1634 3856; x_wconf 88' lang='lat' dir='ltr'><strong>et</strong></span> <span class='ocrx_word' id='word_1_510' title='bbox 1691 3813 1798 3854; x_wconf 90' lang='lat' dir='ltr'><strong>non</strong></span> <span class='ocrx_word' id='word_1_511' title='bbox 1845 3797 2138 3868; x_wconf 84' lang='lat' dir='ltr'><strong>justitiam,</strong></span> 
     </span>
    </p>
   </div>
   <div class='ocr_carea' id='block_1_72' title="bbox 521 3889 2138 3962">
    <p class='ocr_par' dir='ltr' id='par_1_72' title="bbox 521 3889 2138 3962">
     <span class='ocr_line' id='line_1_72' title="bbox 521 3889 2138 3962; baseline -0.004 -11"><span class='ocrx_word' id='word_1_512' title='bbox 521 3895 637 3962; x_wconf 83' lang='lat' dir='ltr'><strong>sed</strong></span> <span class='ocrx_word' id='word_1_513' title='bbox 689 3895 1145 3949; x_wconf 76' lang='lat' dir='ltr'><strong>vociferationem</strong></span> <span class='ocrx_word' id='word_1_514' title='bbox 1207 3892 1324 3946; x_wconf 72' lang='grc'><strong>³³.»</strong></span> <span class='ocrx_word' id='word_1_515' title='bbox 1399 3890 1529 3946; x_wconf 81' lang='lat' dir='ltr'><strong>lude</strong></span> <span class='ocrx_word' id='word_1_516' title='bbox 1589 3891 1762 3962; x_wconf 86' lang='lat' dir='ltr'><strong>igitur</strong></span> <span class='ocrx_word' id='word_1_517' title='bbox 1811 3890 2025 3960; x_wconf 76' lang='lat' dir='ltr'><strong>onagris</strong></span> <span class='ocrx_word' id='word_1_518' title='bbox 2085 3889 2138 3944; x_wconf 93' lang='lat' dir='ltr'><strong>in</strong></span> 
     </span>
    </p>
   </div>
   <div class='ocr_carea' id='block_1_73' title="bbox 540 3982 2142 4054">
    <p class='ocr_par' dir='ltr' id='par_1_73' title="bbox 540 3982 2142 4054">
     <span class='ocr_line' id='line_1_73' title="bbox 540 3982 2142 4054; baseline -0.004 -13"><span class='ocrx_word' id='word_1_519' title='bbox 540 3987 740 4052; x_wconf 87' lang='lat' dir='ltr'><strong>lustra,</strong></span> <span class='ocrx_word' id='word_1_520' title='bbox 767 3994 820 4040; x_wconf 90' lang='lat' dir='ltr'><strong>et</strong></span> <span class='ocrx_word' id='word_1_521' title='bbox 849 3984 1178 4053; x_wconf 78' lang='lat' dir='ltr'><strong>pastoribus,</strong></span> <span class='ocrx_word' id='word_1_522' title='bbox 1206 3985 1286 4038; x_wconf 88' lang='lat' dir='ltr'><strong>vel</strong></span> <span class='ocrx_word' id='word_1_523' title='bbox 1338 3982 1580 4054; x_wconf 82' lang='lat' dir='ltr'><strong>gregibus</strong></span> <span class='ocrx_word' id='word_1_524' title='bbox 1604 3982 1689 4052; x_wconf 88' lang='lat' dir='ltr'><strong>(ut</strong></span> <span class='ocrx_word' id='word_1_525' title='bbox 1744 3982 2142 4052; x_wconf 89' lang='lat' dir='ltr'><strong>interpretatur</strong></span> 
     </span>
    </p>
   </div>
   <div class='ocr_carea' id='block_1_74' title="bbox 537 4069 2139 4148">
    <p class='ocr_par' dir='ltr' id='par_1_74' title="bbox 537 4069 2139 4148">
     <span class='ocr_line' id='line_1_74' title="bbox 537 4069 2139 4148; baseline -0.005 -17"><span class='ocrx_word' id='word_1_526' title='bbox 537 4077 760 4148; x_wconf 86' lang='lat' dir='ltr'><strong>Aquila)</strong></span> <span class='ocrx_word' id='word_1_527' title='bbox 795 4077 849 4130; x_wconf 93' lang='lat' dir='ltr'><strong>in</strong></span> <span class='ocrx_word' id='word_1_528' title='bbox 881 4091 1082 4146; x_wconf 83' lang='lat' dir='ltr'><strong>pascua</strong></span> <span class='ocrx_word' id='word_1_529' title='bbox 1114 4074 1262 4144; x_wconf 82' lang='lat' dir='ltr'><strong>facta</strong></span> <span class='ocrx_word' id='word_1_530' title='bbox 1317 4083 1417 4127; x_wconf 83' lang='lat' dir='ltr'><strong>est.</strong></span> <span class='ocrx_word' id='word_1_531' title='bbox 1455 4071 1612 4139; x_wconf 85' lang='lat' dir='ltr'><strong>Quod</strong></span> <span class='ocrx_word' id='word_1_532' title='bbox 1661 4086 1855 4127; x_wconf 83' lang='lat' dir='ltr'><strong>revera</strong></span> <span class='ocrx_word' id='word_1_533' title='bbox 1888 4069 2139 4126; x_wconf 85' lang='lat' dir='ltr'><strong>videmus</strong></span> 
     </span>
    </p>
   </div>
   <div class='ocr_carea' id='block_1_75' title="bbox 539 4162 2139 4236">
    <p class='ocr_par' dir='ltr' id='par_1_75' title="bbox 539 4162 2139 4236">
     <span class='ocr_line' id='line_1_75' title="bbox 539 4162 2139 4236; baseline -0.004 -11"><span class='ocrx_word' id='word_1_534' title='bbox 539 4171 833 4236; x_wconf 81' lang='lat' dir='ltr'><strong>accidisse,</strong></span> <span class='ocrx_word' id='word_1_535' title='bbox 889 4183 1016 4225; x_wconf 91' lang='lat' dir='ltr'><strong>cum</strong></span> <span class='ocrx_word' id='word_1_536' title='bbox 1051 4182 1172 4224; x_wconf 88' lang='lat' dir='ltr'><strong>eam</strong></span> <span class='ocrx_word' id='word_1_537' title='bbox 1225 4167 1412 4221; x_wconf 87' lang='lat' dir='ltr'><strong>varias</strong></span> <span class='ocrx_word' id='word_1_538' title='bbox 1473 4162 1893 4220; x_wconf 81' lang='lat' dir='ltr'><strong>idololatrarum</strong></span> <span class='ocrx_word' id='word_1_539' title='bbox 1949 4171 2139 4234; x_wconf 88' lang='lat' dir='ltr'><strong>gentes</strong></span> 
     </span>
    </p>
   </div>
   <div class='ocr_carea' id='block_1_76' title="bbox 538 4253 2140 4327">
    <p class='ocr_par' dir='ltr' id='par_1_76' title="bbox 538 4253 2140 4327">
     <span class='ocr_line' id='line_1_76' title="bbox 538 4253 2140 4327; baseline -0.007 -8"><span class='ocrx_word' id='word_1_540' title='bbox 538 4271 756 4319; x_wconf 90' lang='lat' dir='ltr'><strong>constet</strong></span> <span class='ocrx_word' id='word_1_541' title='bbox 785 4260 1108 4315; x_wconf 78' lang='lat' dir='ltr'><strong>incoluisse.</strong></span> <span class='ocrx_word' id='word_1_542' title='bbox 1127 4257 1235 4313; x_wconf 88' lang='lat' dir='ltr'><strong>Vos</strong></span> <span class='ocrx_word' id='word_1_543' title='bbox 1261 4257 1466 4327; x_wconf 78' lang='lat' dir='ltr'><strong>itaque,</strong></span> <span class='ocrx_word' id='word_1_544' title='bbox 1491 4253 1786 4326; x_wconf 86' lang='lat' dir='ltr'><strong>adjicit,eo</strong></span> <span class='ocrx_word' id='word_1_545' title='bbox 1815 4268 1992 4323; x_wconf 88' lang='lat' dir='ltr'><strong>usque</strong></span> <span class='ocrx_word' id='word_1_546' title='bbox 2021 4263 2140 4307; x_wconf 87' lang='lat' dir='ltr'><strong>tan-</strong></span> 
     </span>
    </p>
   </div>
   <div class='ocr_carea' id='block_1_77' title="bbox 539 4343 2137 4420">
    <p class='ocr_par' dir='ltr' id='par_1_77' title="bbox 539 4343 2137 4420">
     <span class='ocr_line' id='line_1_77' title="bbox 539 4343 2137 4420; baseline -0.006 -13"><span class='ocrx_word' id='word_1_547' title='bbox 539 4362 653 4408; x_wconf 92' lang='lat' dir='ltr'><strong>tum</strong></span> <span class='ocrx_word' id='word_1_548' title='bbox 685 4353 896 4408; x_wconf 89' lang='lat' dir='ltr'><strong>luctum</strong></span> <span class='ocrx_word' id='word_1_549' title='bbox 935 4360 990 4407; x_wconf 92' lang='lat' dir='ltr'><strong>et</strong></span> <span class='ocrx_word' id='word_1_550' title='bbox 1043 4351 1289 4405; x_wconf 77' lang='lat' dir='ltr'><strong>dolorem</strong></span> <span class='ocrx_word' id='word_1_551' title='bbox 1347 4347 1596 4420; x_wconf 78' lang='lat' dir='ltr'><strong>perferre</strong></span> <span class='ocrx_word' id='word_1_552' title='bbox 1635 4345 1809 4410; x_wconf 90' lang='lat' dir='ltr'><strong>decet,</strong></span> <span class='ocrx_word' id='word_1_553' title='bbox 1868 4343 2043 4415; x_wconf 86' lang='lat' dir='ltr'><strong>quoad</strong></span> <span class='ocrx_word' id='word_1_554' title='bbox 2084 4345 2137 4398; x_wconf 86' lang='lat' dir='ltr'><strong>in</strong></span> 
     </span>
    </p>
   </div>
   <div class='ocr_carea' id='block_1_78' title="bbox 538 4433 2134 4510">
    <p class='ocr_par' dir='ltr' id='par_1_78' title="bbox 538 4433 2134 4510">
     <span class='ocr_line' id='line_1_78' title="bbox 538 4433 2134 4510; baseline -0.008 -14"><span class='ocrx_word' id='word_1_555' title='bbox 538 4459 627 4498; x_wconf 82' lang='lat' dir='ltr'><strong>vos</strong></span> <span class='ocrx_word' id='word_1_556' title='bbox 652 4443 872 4510; x_wconf 75' lang='lat' dir='ltr'><strong>spiritus</strong></span> <span class='ocrx_word' id='word_1_557' title='bbox 917 4440 981 4494; x_wconf 77' lang='lat' dir='ltr'><strong>de</strong></span> <span class='ocrx_word' id='word_1_558' title='bbox 1007 4440 1146 4494; x_wconf 82' lang='lat' dir='ltr'><strong>celso</strong></span> <span class='ocrx_word' id='word_1_559' title='bbox 1189 4439 1306 4508; x_wconf 90' lang='lat' dir='ltr'><strong>(aut</strong></span> <span class='ocrx_word' id='word_1_560' title='bbox 1359 4435 1669 4492; x_wconf 83' lang='lat' dir='ltr'><strong>secundum</strong></span> <span class='ocrx_word' id='word_1_561' title='bbox 1723 4433 2134 4505; x_wconf 73' lang='lat' dir='ltr'><strong>Synunachum,</strong></span> 
     </span>
    </p>
   </div>
   <div class='ocr_carea' id='block_1_79' title="bbox 538 4533 1341 4605">
    <p class='ocr_par' dir='ltr' id='par_1_79' title="bbox 538 4533 1341 4605">
     <span class='ocr_line' id='line_1_79' title="bbox 538 4533 1341 4605; baseline -0.005 -17"><span class='ocrx_word' id='word_1_562' title='bbox 538 4535 874 4605; x_wconf 78' lang='lat' dir='ltr'><strong>refrigeratio</strong></span> <span class='ocrx_word' id='word_1_563' title='bbox 897 4533 962 4588; x_wconf 83' lang='lat' dir='ltr'><strong>de</strong></span> <span class='ocrx_word' id='word_1_564' title='bbox 982 4534 1114 4602; x_wconf 87' lang='lat' dir='ltr'><strong>alto)</strong></span> <span class='ocrx_word' id='word_1_565' title='bbox 1144 4533 1341 4586; x_wconf 81' lang='lat' dir='ltr'><strong>veni-at.</strong></span> 
     </span>
    </p>
   </div>
   <div class='ocr_carea' id='block_1_80' title="bbox 607 4622 2135 4698">
    <p class='ocr_par' dir='ltr' id='par_1_80' title="bbox 607 4622 2135 4698">
     <span class='ocr_line' id='line_1_80' title="bbox 607 4622 2135 4698; baseline -0.003 -18"><span class='ocrx_word' id='word_1_566' title='bbox 607 4625 707 4682; x_wconf 87' lang='lat' dir='ltr'><strong>Est</strong></span> <span class='ocrx_word' id='word_1_567' title='bbox 736 4641 868 4698; x_wconf 86' lang='lat' dir='ltr'><strong>ergo</strong></span> <span class='ocrx_word' id='word_1_568' title='bbox 893 4627 1178 4695; x_wconf 75' lang='lat' dir='ltr'><strong>spirituum</strong></span> <span class='ocrx_word' id='word_1_569' title='bbox 1203 4624 1533 4680; x_wconf 83' lang='lat' dir='ltr'><strong>dill‘ercntia.</strong></span> <span class='ocrx_word' id='word_1_570' title='bbox 1565 4622 1668 4678; x_wconf 85' lang='lat' dir='ltr'><strong>Sed</strong></span> <span class='ocrx_word' id='word_1_571' title='bbox 1708 4622 1843 4677; x_wconf 91' lang='lat' dir='ltr'><strong>nihil</strong></span> <span class='ocrx_word' id='word_1_572' title='bbox 1902 4639 2018 4686; x_wconf 88' lang='lat' dir='ltr'><strong>vos,</strong></span> <span class='ocrx_word' id='word_1_573' title='bbox 2049 4641 2135 4677; x_wconf 84' lang='grc' dir='ltr'>ιιι-</span> 
     </span>
    </p>
   </div>
   <div class='ocr_carea' id='block_1_81' title="bbox 537 4718 2134 4795">
    <p class='ocr_par' dir='ltr' id='par_1_81' title="bbox 537 4718 2134 4795">
     <span class='ocr_line' id='line_1_81' title="bbox 537 4718 2134 4795; baseline -0.002 -21"><span class='ocrx_word' id='word_1_574' title='bbox 537 4721 682 4792; x_wconf 88' lang='lat' dir='ltr'><strong>quit,</strong></span> <span class='ocrx_word' id='word_1_575' title='bbox 741 4722 877 4776; x_wconf 84' lang='lat' dir='ltr'><strong>adeo</strong></span> <span class='ocrx_word' id='word_1_576' title='bbox 918 4735 1203 4781; x_wconf 86' lang='lat' dir='ltr'><strong>recreare,</strong></span> <span class='ocrx_word' id='word_1_577' title='bbox 1264 4721 1586 4788; x_wconf 87' lang='lat' dir='ltr'><strong>luctumque</strong></span> <span class='ocrx_word' id='word_1_578' title='bbox 1638 4718 1840 4788; x_wconf 88' lang='lat' dir='ltr'><strong>pellere</strong></span> <span class='ocrx_word' id='word_1_579' title='bbox 1913 4718 2134 4795; x_wconf 84' lang='lat' dir='ltr'><strong>poterit,</strong></span> 
     </span>
    </p>
   </div>
   <div class='ocr_carea' id='block_1_82' title="bbox 538 4811 2134 4885">
    <p class='ocr_par' dir='ltr' id='par_1_82' title="bbox 538 4811 2134 4885">
     <span class='ocr_line' id='line_1_82' title="bbox 538 4811 2134 4885; baseline -0.003 -17"><span class='ocrx_word' id='word_1_580' title='bbox 538 4823 706 4885; x_wconf 86' lang='lat' dir='ltr'><strong>atque</strong></span> <span class='ocrx_word' id='word_1_581' title='bbox 734 4814 844 4879; x_wconf 88' lang='lat' dir='ltr'><strong>ille,</strong></span> <span class='ocrx_word' id='word_1_582' title='bbox 899 4829 1060 4883; x_wconf 86' lang='lat' dir='ltr'><strong>quem</strong></span> <span class='ocrx_word' id='word_1_583' title='bbox 1093 4813 1157 4867; x_wconf 89' lang='lat' dir='ltr'><strong>de</strong></span> <span class='ocrx_word' id='word_1_584' title='bbox 1203 4829 1421 4868; x_wconf 81' lang='lat' dir='ltr'><strong>sursum</strong></span> <span class='ocrx_word' id='word_1_585' title='bbox 1483 4811 1778 4881; x_wconf 86' lang='lat' dir='ltr'><strong>discipulis</strong></span> <span class='ocrx_word' id='word_1_586' title='bbox 1834 4811 2134 4866; x_wconf 87' lang='lat' dir='ltr'><strong>missurum</strong></span> 
     </span>
    </p>
   </div>
   <div class='ocr_carea' id='block_1_83' title="bbox 537 4903 2133 4979">
    <p class='ocr_par' dir='ltr' id='par_1_83' title="bbox 537 4903 2133 4979">
     <span class='ocr_line' id='line_1_83' title="bbox 537 4903 2133 4979; baseline -0.004 -17"><span class='ocrx_word' id='word_1_587' title='bbox 537 4907 818 4979; x_wconf 88' lang='lat' dir='ltr'><strong>pollicitus</strong></span> <span class='ocrx_word' id='word_1_588' title='bbox 857 4917 941 4962; x_wconf 89' lang='lat' dir='ltr'><strong>est</strong></span> <span class='ocrx_word' id='word_1_589' title='bbox 967 4906 1222 4961; x_wconf 85' lang='lat' dir='ltr'><strong>Salvator</strong></span> <span class='ocrx_word' id='word_1_590' title='bbox 1252 4904 1322 4970; x_wconf 73' lang='lat'><strong>“,</strong></span> <span class='ocrx_word' id='word_1_591' title='bbox 1355 4919 1631 4976; x_wconf 85' lang='lat' dir='ltr'><strong>quemque</strong></span> <span class='ocrx_word' id='word_1_592' title='bbox 1687 4904 1853 4958; x_wconf 87' lang='lat' dir='ltr'><strong>etiam</strong></span> <span class='ocrx_word' id='word_1_593' title='bbox 1893 4919 2060 4968; x_wconf 88' lang='lat' dir='ltr'><strong>nunc,</strong></span> <span class='ocrx_word' id='word_1_594' title='bbox 2087 4903 2133 4957; x_wconf 92' lang='lat' dir='ltr'><strong>si</strong></span> 
     </span>
    </p>
   </div>
   <div class='ocr_carea' id='block_1_84' title="bbox 536 4991 2130 5068">
    <p class='ocr_par' dir='ltr' id='par_1_84' title="bbox 536 4991 2130 5068">
     <span class='ocr_line' id='line_1_84' title="bbox 536 4991 2130 5068; baseline -0.004 -15"><span class='ocrx_word' id='word_1_595' title='bbox 536 4995 920 5068; x_wconf 70' lang='lat' dir='ltr'><strong>pmnitentiam</strong></span> <span class='ocrx_word' id='word_1_596' title='bbox 945 5005 1168 5066; x_wconf 84' lang='lat' dir='ltr'><strong>agentes</strong></span> <span class='ocrx_word' id='word_1_597' title='bbox 1201 4994 1563 5065; x_wconf 87' lang='lat' dir='ltr'><strong>resipiscatis,</strong></span> <span class='ocrx_word' id='word_1_598' title='bbox 1598 4991 1755 5047; x_wconf 85' lang='lat' dir='ltr'><strong>vobis</strong></span> <span class='ocrx_word' id='word_1_599' title='bbox 1802 5008 1910 5046; x_wconf 90' lang='lat' dir='ltr'><strong>non</strong></span> <span class='ocrx_word' id='word_1_600' title='bbox 1969 4991 2130 5048; x_wconf 83' lang='lat' dir='ltr'><strong>defu-</strong></span> 
     </span>
    </p>
   </div>
   <div class='ocr_carea' id='block_1_85' title="bbox 537 5084 2127 5154">
    <p class='ocr_par' dir='ltr' id='par_1_85' title="bbox 537 5084 2127 5154">
     <span class='ocr_line' id='line_1_85' title="bbox 537 5084 2127 5154; baseline -0.003 -12"><span class='ocrx_word' id='word_1_601' title='bbox 537 5098 721 5144; x_wconf 88' lang='lat' dir='ltr'><strong>turum</strong></span> <span class='ocrx_word' id='word_1_602' title='bbox 750 5087 1056 5142; x_wconf 79' lang='lat' dir='ltr'><strong>denuntiat.</strong></span> <span class='ocrx_word' id='word_1_603' title='bbox 1108 5107 1126 5140; x_wconf 80' lang='grc' dir='ltr'><strong>ι</strong></span> <span class='ocrx_word' id='word_1_604' title='bbox 1157 5085 1301 5143; x_wconf 85' lang='lat' dir='ltr'><strong>Beati</strong></span> <span class='ocrx_word' id='word_1_605' title='bbox 1332 5085 1478 5141; x_wconf 89' lang='lat' dir='ltr'><strong>enim</strong></span> <span class='ocrx_word' id='word_1_606' title='bbox 1511 5084 1605 5154; x_wconf 89' lang='lat' dir='ltr'><strong>qui</strong></span> <span class='ocrx_word' id='word_1_607' title='bbox 1637 5084 1842 5154; x_wconf 79' lang='lat' dir='ltr'><strong>lugent,</strong></span> <span class='ocrx_word' id='word_1_608' title='bbox 1868 5085 2127 5154; x_wconf 91' lang='lat' dir='ltr'><strong>quoniam</strong></span> 
     </span>
    </p>
   </div>
   <div class='ocr_carea' id='block_1_86' title="bbox 536 5175 2126 5249">
    <p class='ocr_par' dir='ltr' id='par_1_86' title="bbox 536 5175 2126 5249">
     <span class='ocr_line' id='line_1_86' title="bbox 536 5175 2126 5249; baseline -0.002 -14"><span class='ocrx_word' id='word_1_609' title='bbox 536 5179 974 5236; x_wconf 82' lang='lat' dir='ltr'><strong>consolabuntur</strong></span> <span class='ocrx_word' id='word_1_610' title='bbox 997 5180 1063 5233; x_wconf 78' lang='grc'><strong>⁵⁵.</strong></span> <span class='ocrx_word' id='word_1_611' title='bbox 1100 5178 1249 5236; x_wconf 87' lang='lat' dir='ltr'><strong>Beati</strong></span> <span class='ocrx_word' id='word_1_612' title='bbox 1285 5177 1379 5249; x_wconf 91' lang='lat' dir='ltr'><strong>qui</strong></span> <span class='ocrx_word' id='word_1_613' title='bbox 1411 5177 1651 5248; x_wconf 89' lang='lat' dir='ltr'><strong>plorant,</strong></span> <span class='ocrx_word' id='word_1_614' title='bbox 1681 5177 1944 5246; x_wconf 87' lang='lat' dir='ltr'><strong>quoniam</strong></span> <span class='ocrx_word' id='word_1_615' title='bbox 1978 5175 2126 5232; x_wconf 87' lang='lat' dir='ltr'><strong>ride-</strong></span> 
     </span>
    </p>
   </div>
   <div class='ocr_carea' id='block_1_87' title="bbox 537 5267 2128 5339">
    <p class='ocr_par' dir='ltr' id='par_1_87' title="bbox 537 5267 2128 5339">
     <span class='ocr_line' id='line_1_87' title="bbox 537 5267 2128 5339; baseline -0.003 -11"><span class='ocrx_word' id='word_1_616' title='bbox 537 5271 770 5328; x_wconf 80' lang='lat' dir='ltr'><strong>bunt&quot;.</strong></span> <span class='ocrx_word' id='word_1_617' title='bbox 803 5289 824 5326; x_wconf 75' lang='grc' dir='ltr'><strong>ι</strong></span> <span class='ocrx_word' id='word_1_618' title='bbox 864 5271 1035 5326; x_wconf 82' lang='lat' dir='ltr'><strong>Aiunt</strong></span> <span class='ocrx_word' id='word_1_619' title='bbox 1073 5284 1202 5327; x_wconf 87' lang='lat' dir='ltr'><strong>vero</strong></span> <span class='ocrx_word' id='word_1_620' title='bbox 1260 5269 1511 5324; x_wconf 90' lang='lat' dir='ltr'><strong>nonnulli</strong></span> <span class='ocrx_word' id='word_1_621' title='bbox 1574 5275 1790 5339; x_wconf 90' lang='lat' dir='ltr'><strong>tempus</strong></span> <span class='ocrx_word' id='word_1_622' title='bbox 1845 5267 1954 5335; x_wconf 86' lang='lat' dir='ltr'><strong>hic,</strong></span> <span class='ocrx_word' id='word_1_623' title='bbox 2019 5284 2128 5338; x_wconf 90' lang='lat' dir='ltr'><strong>quo</strong></span> 
     </span>
    </p>
   </div>
   <div class='ocr_carea' id='block_1_88' title="bbox 537 5361 2134 5436">
    <p class='ocr_par' dir='ltr' id='par_1_88' title="bbox 537 5361 2134 5436">
     <span class='ocr_line' id='line_1_88' title="bbox 537 5361 2134 5436; baseline 0.001 -20"><span class='ocrx_word' id='word_1_624' title='bbox 537 5378 728 5420; x_wconf 84' lang='lat' dir='ltr'><strong>eorum</strong></span> <span class='ocrx_word' id='word_1_625' title='bbox 761 5364 854 5436; x_wconf 85' lang='lat' dir='ltr'><strong>qui</strong></span> <span class='ocrx_word' id='word_1_626' title='bbox 891 5363 944 5419; x_wconf 90' lang='lat' dir='ltr'><strong>in</strong></span> <span class='ocrx_word' id='word_1_627' title='bbox 977 5363 1177 5436; x_wconf 88' lang='lat' dir='ltr'><strong>populo</strong></span> <span class='ocrx_word' id='word_1_628' title='bbox 1229 5361 1501 5419; x_wconf 88' lang='lat' dir='ltr'><strong>increduli</strong></span> <span class='ocrx_word' id='word_1_629' title='bbox 1561 5370 1970 5427; x_wconf 88' lang='lat' dir='ltr'><strong>remanserunt,</strong></span> <span class='ocrx_word' id='word_1_630' title='bbox 2003 5363 2134 5418; x_wconf 81' lang='lat' dir='ltr'><strong>soli-</strong></span> 
     </span>
    </p>
   </div>
   <div class='ocr_carea' id='block_1_89' title="bbox 539 5451 2134 5526">
    <p class='ocr_par' dir='ltr' id='par_1_89' title="bbox 539 5451 2134 5526">
     <span class='ocr_line' id='line_1_89' title="bbox 539 5451 2134 5526; baseline -0.002 -18"><span class='ocrx_word' id='word_1_631' title='bbox 539 5453 672 5510; x_wconf 91' lang='lat' dir='ltr'><strong>tudo</strong></span> <span class='ocrx_word' id='word_1_632' title='bbox 714 5454 900 5511; x_wconf 82' lang='lat' dir='ltr'><strong>futura</strong></span> <span class='ocrx_word' id='word_1_633' title='bbox 964 5452 1090 5521; x_wconf 83' lang='lat' dir='ltr'><strong>est,‘</strong></span> <span class='ocrx_word' id='word_1_634' title='bbox 1116 5454 1417 5526; x_wconf 78' lang='lat' dir='ltr'><strong>designari,</strong></span> <span class='ocrx_word' id='word_1_635' title='bbox 1476 5451 1722 5525; x_wconf 78' lang='lat' dir='ltr'><strong>quando,</strong></span> <span class='ocrx_word' id='word_1_636' title='bbox 1771 5453 1987 5525; x_wconf 88' lang='lat' dir='ltr'><strong>inquit,</strong></span> <span class='ocrx_word' id='word_1_637' title='bbox 2043 5451 2134 5525; x_wconf 90' lang='lat' dir='ltr'><strong>qui</strong></span> 
     </span>
    </p>
   </div>
   <div class='ocr_carea' id='block_1_90' title="bbox 538 5544 2134 5621">
    <p class='ocr_par' dir='ltr' id='par_1_90' title="bbox 538 5544 2134 5621">
     <span class='ocr_line' id='line_1_90' title="bbox 538 5544 2134 5621; baseline 0 -19"><span class='ocrx_word' id='word_1_638' title='bbox 538 5548 916 5615; x_wconf 88' lang='lat' dir='ltr'><strong>crediderunt,</strong></span> <span class='ocrx_word' id='word_1_639' title='bbox 945 5549 1132 5605; x_wconf 83' lang='lat' dir='ltr'><strong>divino</strong></span> <span class='ocrx_word' id='word_1_640' title='bbox 1163 5547 1370 5621; x_wconf 89' lang='lat' dir='ltr'><strong>Spiritu</strong></span> <span class='ocrx_word' id='word_1_641' title='bbox 1397 5546 1697 5618; x_wconf 86' lang='lat' dir='ltr'><strong>potientur,</strong></span> <span class='ocrx_word' id='word_1_642' title='bbox 1746 5544 1843 5617; x_wconf 91' lang='lat' dir='ltr'><strong>qui</strong></span> <span class='ocrx_word' id='word_1_643' title='bbox 1897 5546 1968 5601; x_wconf 88' lang='lat' dir='ltr'><strong>ab</strong></span> <span class='ocrx_word' id='word_1_644' title='bbox 2023 5547 2134 5603; x_wconf 87' lang='lat' dir='ltr'><strong>alto</strong></span> 
     </span>
    </p>
   </div>
   <div class='ocr_carea' id='block_1_91' title="bbox 610 5749 2090 5822">
    <p class='ocr_par' dir='ltr' id='par_1_91' title="bbox 610 5749 2090 5822">
     <span class='ocr_line' id='line_1_91' title="bbox 610 5749 2090 5822; baseline -0.001 -12"><span class='ocrx_word' id='word_1_645' title='bbox 610 5749 655 5822; x_wconf 56' lang='grc' dir='ltr'><em>Ἰ</em></span> <span class='ocrx_word' id='word_1_646' title='bbox 682 5750 725 5822; x_wconf 88' lang='lat' dir='ltr'><strong>ll</strong></span> <span class='ocrx_word' id='word_1_647' title='bbox 757 5753 879 5809; x_wconf 86' lang='lat' dir='ltr'><strong>Cor.</strong></span> <span class='ocrx_word' id='word_1_648' title='bbox 914 5771 1011 5814; x_wconf 89' lang='lat' dir='ltr'><strong>vn.</strong></span> <span class='ocrx_word' id='word_1_649' title='bbox 1048 5755 1133 5811; x_wconf 85' lang='lat' dir='ltr'><strong>ltl.</strong></span> <span class='ocrx_word' id='word_1_650' title='bbox 1212 5756 1258 5789; x_wconf 65' lang='grc'><strong>⁸⁸</strong></span> <span class='ocrx_word' id='word_1_651' title='bbox 1290 5754 1396 5810; x_wconf 88' lang='lat' dir='ltr'><strong>lsa.</strong></span> <span class='ocrx_word' id='word_1_652' title='bbox 1431 5773 1482 5820; x_wconf 82' lang='grc' dir='ltr'><strong>ν,</strong></span> <span class='ocrx_word' id='word_1_653' title='bbox 1507 5756 1562 5810; x_wconf 74' lang='grc'><strong>2.</strong></span> <span class='ocrx_word' id='word_1_654' title='bbox 1641 5755 1685 5788; x_wconf 73' lang='grc'><strong>⁸⁸</strong></span> <span class='ocrx_word' id='word_1_655' title='bbox 1712 5754 1854 5812; x_wconf 90' lang='lat' dir='ltr'><strong>Osee</strong></span> <span class='ocrx_word' id='word_1_656' title='bbox 1882 5771 2002 5822; x_wconf 85' lang='lat' dir='ltr'><strong>vnt,</strong></span> <span class='ocrx_word' id='word_1_657' title='bbox 2037 5755 2090 5809; x_wconf 89' lang='lat'><strong>7.</strong></span> 
     </span>
    </p>
   </div>
   <div class='ocr_carea' id='block_1_92' title="bbox 545 5819 2140 5894">
    <p class='ocr_par' dir='ltr' id='par_1_92' title="bbox 545 5819 2140 5894">
     <span class='ocr_line' id='line_1_92' title="bbox 545 5819 2140 5894; baseline 0.003 -17"><span class='ocrx_word' id='word_1_658' title='bbox 545 5819 589 5854; x_wconf 85' lang='grc'><strong>⁵³</strong></span> <span class='ocrx_word' id='word_1_659' title='bbox 615 5819 752 5878; x_wconf 81' lang='lat' dir='ltr'><strong>ibid.</strong></span> <span class='ocrx_word' id='word_1_660' title='bbox 777 5823 806 5876; x_wconf 83' lang='lat'><strong>7</strong></span> <span class='ocrx_word' id='word_1_661' title='bbox 904 5825 948 5858; x_wconf 76' lang='lat'>”</span> <span class='ocrx_word' id='word_1_662' title='bbox 981 5823 1273 5894; x_wconf 57' lang='lat' dir='ltr'><strong>Joananv,</strong></span> <span class='ocrx_word' id='word_1_663' title='bbox 1301 5827 1367 5882; x_wconf 82' lang='lat' dir='ltr'><strong>l7</strong></span> <span class='ocrx_word' id='word_1_664' title='bbox 1396 5837 1450 5884; x_wconf 88' lang='lat' dir='ltr'><strong>et</strong></span> <span class='ocrx_word' id='word_1_665' title='bbox 1477 5825 1628 5882; x_wconf 85' lang='lat' dir='ltr'><strong>alibi.</strong></span> <span class='ocrx_word' id='word_1_666' title='bbox 1708 5828 1752 5859; x_wconf 78' lang='grc'>⁸⁸</span> <span class='ocrx_word' id='word_1_667' title='bbox 1784 5819 2063 5893; x_wconf 56' lang='grc' dir='ltr'>Μαιιιιζν,</span> <span class='ocrx_word' id='word_1_668' title='bbox 2085 5826 2140 5882; x_wconf 76' lang='grc'><strong>5.</strong></span> 
     </span>
    </p>
   </div>
   <div class='ocr_carea' id='block_1_93' title="bbox 2248 3346 3792 3422">
    <p class='ocr_par' dir='ltr' id='par_1_93' title="bbox 2248 3346 3792 3422">
     <span class='ocr_line' id='line_1_93' title="bbox 2248 3346 3792 3422; baseline -0.01 -6"><span class='ocrx_word' id='word_1_669' title='bbox 2248 3367 2439 3421; x_wconf 84' lang='grc' dir='ltr'>μαχος,</span> <span class='ocrx_word' id='word_1_670' title='bbox 2472 3350 2570 3405; x_wconf 75' lang='grc' dir='ltr'><strong>ἐπὶ</strong></span> <span class='ocrx_word' id='word_1_671' title='bbox 2603 3350 2718 3419; x_wconf 77' lang='grc' dir='ltr'><strong>τὴν</strong></span> <span class='ocrx_word' id='word_1_672' title='bbox 2742 3350 2859 3420; x_wconf 81' lang='grc' dir='ltr'><strong>γῆν</strong></span> <span class='ocrx_word' id='word_1_673' title='bbox 2908 3351 3018 3406; x_wconf 85' lang='grc' dir='ltr'><strong>τοῦ</strong></span> <span class='ocrx_word' id='word_1_674' title='bbox 3044 3351 3200 3406; x_wconf 74' lang='grc' dir='ltr'><strong>,1αοῦ</strong></span> <span class='ocrx_word' id='word_1_675' title='bbox 3223 3369 3372 3421; x_wconf 80' lang='grc' dir='ltr'>μου,</span> <span class='ocrx_word' id='word_1_676' title='bbox 3423 3350 3574 3422; x_wconf 77' lang='grc' dir='ltr'>φησί.</span> <span class='ocrx_word' id='word_1_677' title='bbox 3616 3346 3792 3419; x_wconf 65' lang='grc' dir='ltr'>Συνῳδὲ</span> 
     </span>
    </p>
   </div>
   <div class='ocr_carea' id='block_1_94' title="bbox 2243 3439 3792 3517">
    <p class='ocr_par' dir='ltr' id='par_1_94' title="bbox 2243 3439 3792 3517">
     <span class='ocr_line' id='line_1_94' title="bbox 2243 3439 3792 3517; baseline -0.003 -20"><span class='ocrx_word' id='word_1_678' title='bbox 2243 3443 2299 3497; x_wconf 84' lang='grc' dir='ltr'><strong>δὲ</strong></span> <span class='ocrx_word' id='word_1_679' title='bbox 2346 3445 2460 3508; x_wconf 83' lang='grc' dir='ltr'>τοῖς</span> <span class='ocrx_word' id='word_1_680' title='bbox 2515 3443 2848 3517; x_wconf 78' lang='grc' dir='ltr'>ἔμπροσθεν,</span> <span class='ocrx_word' id='word_1_681' title='bbox 2901 3446 2960 3498; x_wconf 73' lang='grc' dir='ltr'><strong>ἐν</strong></span> <span class='ocrx_word' id='word_1_682' title='bbox 3016 3439 3098 3509; x_wconf 73' lang='grc' dir='ltr'><strong>οἷς</strong></span> <span class='ocrx_word' id='word_1_683' title='bbox 3145 3445 3334 3514; x_wconf 81' lang='grc' dir='ltr'>ἔλεγεν</span> <span class='ocrx_word' id='word_1_684' title='bbox 3361 3460 3376 3474; x_wconf 82' lang='lat'>&#39;</span> <span class='ocrx_word' id='word_1_685' title='bbox 3413 3464 3429 3496; x_wconf 88' lang='grc' dir='ltr'><strong>ι</strong></span> <span class='ocrx_word' id='word_1_686' title='bbox 3469 3446 3683 3515; x_wconf 82' lang='grc' dir='ltr'>Ἐμεινα</span> <span class='ocrx_word' id='word_1_687' title='bbox 3726 3440 3792 3493; x_wconf 79' lang='grc' dir='ltr'><strong>ἴνα</strong></span> 
     </span>
    </p>
   </div>
   <div class='ocr_carea' id='block_1_95' title="bbox 2246 3531 3790 3611">
    <p class='ocr_par' dir='ltr' id='par_1_95' title="bbox 2246 3531 3790 3611">
     <span class='ocr_line' id='line_1_95' title="bbox 2246 3531 3790 3611; baseline -0.003 -22"><span class='ocrx_word' id='word_1_688' title='bbox 2246 3537 2452 3609; x_wconf 82' lang='grc' dir='ltr'>ποιήσῃ</span> <span class='ocrx_word' id='word_1_689' title='bbox 2487 3537 2790 3608; x_wconf 73' lang='grc' dir='ltr'>σταφυλὴν,</span> <span class='ocrx_word' id='word_1_690' title='bbox 2824 3538 3082 3611; x_wconf 85' lang='grc' dir='ltr'>ἐποίησεν</span> <span class='ocrx_word' id='word_1_691' title='bbox 3117 3538 3174 3591; x_wconf 80' lang='grc' dir='ltr'><strong>δὲ</strong></span> <span class='ocrx_word' id='word_1_692' title='bbox 3213 3538 3484 3602; x_wconf 73' lang='grc' dir='ltr'>ἀκάνθας.</span> <span class='ocrx_word' id='word_1_693' title='bbox 3520 3558 3536 3589; x_wconf 79' lang='grc' dir='ltr'><strong>ι</strong></span> <span class='ocrx_word' id='word_1_694' title='bbox 3574 3536 3671 3590; x_wconf 81' lang='grc' dir='ltr'><strong>Καὶ</strong></span> <span class='ocrx_word' id='word_1_695' title='bbox 3691 3531 3790 3586; x_wconf 77' lang='grc' dir='ltr'><strong>ταῦ-</strong></span> 
     </span>
    </p>
   </div>
   <div class='ocr_carea' id='block_1_96' title="bbox 2243 3625 3790 3702">
    <p class='ocr_par' dir='ltr' id='par_1_96' title="bbox 2243 3625 3790 3702">
     <span class='ocr_line' id='line_1_96' title="bbox 2243 3625 3790 3702; baseline -0.004 -20"><span class='ocrx_word' id='word_1_696' title='bbox 2243 3647 2341 3693; x_wconf 86' lang='grc' dir='ltr'>τας</span> <span class='ocrx_word' id='word_1_697' title='bbox 2366 3629 2688 3701; x_wconf 80' lang='grc' dir='ltr'>ἑρμηνεύων</span> <span class='ocrx_word' id='word_1_698' title='bbox 2726 3631 2960 3702; x_wconf 80' lang='grc' dir='ltr'>ἐπῆγενο</span> <span class='ocrx_word' id='word_1_699' title='bbox 3013 3649 3032 3684; x_wconf 81' lang='grc' dir='ltr'><strong>ι</strong></span> <span class='ocrx_word' id='word_1_700' title='bbox 3073 3632 3308 3701; x_wconf 86' lang='grc' dir='ltr'>Ἔμεινα</span> <span class='ocrx_word' id='word_1_701' title='bbox 3359 3632 3450 3684; x_wconf 80' lang='grc' dir='ltr'>ἵνα</span> <span class='ocrx_word' id='word_1_702' title='bbox 3487 3630 3673 3699; x_wconf 74' lang='grc' dir='ltr'>ποιήσῃ</span> <span class='ocrx_word' id='word_1_703' title='bbox 3696 3625 3790 3694; x_wconf 81' lang='grc' dir='ltr'>κρί-</span> 
     </span>
    </p>
   </div>
   <div class='ocr_carea' id='block_1_97' title="bbox 2245 3717 3789 3794">
    <p class='ocr_par' dir='ltr' id='par_1_97' title="bbox 2245 3717 3789 3794">
     <span class='ocr_line' id='line_1_97' title="bbox 2245 3717 3789 3794; baseline -0.002 -19"><span class='ocrx_word' id='word_1_704' title='bbox 2245 3739 2350 3788; x_wconf 89' lang='grc' dir='ltr'>σιν,</span> <span class='ocrx_word' id='word_1_705' title='bbox 2374 3724 2636 3792; x_wconf 81' lang='grc' dir='ltr'>ὲποίησεν</span> <span class='ocrx_word' id='word_1_706' title='bbox 2690 3724 2746 3778; x_wconf 79' lang='grc' dir='ltr'><strong>δὲ</strong></span> <span class='ocrx_word' id='word_1_707' title='bbox 2805 3724 3060 3794; x_wconf 82' lang='grc' dir='ltr'>ἀνομίαν,</span> <span class='ocrx_word' id='word_1_708' title='bbox 3092 3725 3189 3778; x_wconf 78' lang='grc' dir='ltr'>καὶ</span> <span class='ocrx_word' id='word_1_709' title='bbox 3211 3725 3272 3777; x_wconf 77' lang='grc' dir='ltr'>οὐ</span> <span class='ocrx_word' id='word_1_710' title='bbox 3299 3723 3663 3792; x_wconf 78' lang='grc' dir='ltr'>δικαιοσύνην,</span> <span class='ocrx_word' id='word_1_711' title='bbox 3686 3717 3789 3773; x_wconf 71' lang='grc' dir='ltr'>ἀλλὰ</span> 
     </span>
    </p>
   </div>
   <div class='ocr_carea' id='block_1_98' title="bbox 2244 3815 3788 3889">
    <p class='ocr_par' dir='ltr' id='par_1_98' title="bbox 2244 3815 3788 3889">
     <span class='ocr_line' id='line_1_98' title="bbox 2244 3815 3788 3889; baseline -0.001 -22"><span class='ocrx_word' id='word_1_712' title='bbox 2244 3816 2492 3889; x_wconf 78' lang='grc' dir='ltr'>κραυγήν</span> <span class='ocrx_word' id='word_1_713' title='bbox 2522 3833 2535 3847; x_wconf 88' lang='grc'><strong>·</strong></span> <span class='ocrx_word' id='word_1_714' title='bbox 2585 3835 2602 3868; x_wconf 71' lang='grc' dir='ltr'><strong>ι</strong></span> <span class='ocrx_word' id='word_1_715' title='bbox 2653 3816 2742 3871; x_wconf 84' lang='grc' dir='ltr'><strong>Διὸ</strong></span> <span class='ocrx_word' id='word_1_716' title='bbox 2771 3818 2998 3887; x_wconf 85' lang='grc' dir='ltr'>γέγονεν</span> <span class='ocrx_word' id='word_1_717' title='bbox 3059 3819 3216 3873; x_wconf 77' lang='grc' dir='ltr'><em>ὄνων</em></span> <span class='ocrx_word' id='word_1_718' title='bbox 3245 3818 3474 3887; x_wconf 54' lang='grc' dir='ltr'>ἀποίων</span> <span class='ocrx_word' id='word_1_719' title='bbox 3499 3815 3788 3885; x_wconf 69' lang='grc' dir='ltr'>οίκητὴριοε,</span> 
     </span>
    </p>
   </div>
   <div class='ocr_carea' id='block_1_99' title="bbox 2242 3903 3786 3980">
    <p class='ocr_par' dir='ltr' id='par_1_99' title="bbox 2242 3903 3786 3980">
     <span class='ocr_line' id='line_1_99' title="bbox 2242 3903 3786 3980; baseline -0.02 -21"><span class='ocrx_word' id='word_1_720' title='bbox 2242 3907 2338 3960; x_wconf 76' lang='grc' dir='ltr'>καὶ</span> <span class='ocrx_word' id='word_1_721' title='bbox 2374 3907 2740 3977; x_wconf 80' lang='grc' dir='ltr'>,βοσκήματα</span> <span class='ocrx_word' id='word_1_722' title='bbox 2789 3908 3111 3979; x_wconf 75' lang='grc' dir='ltr'>ποιμένων,</span> <span class='ocrx_word' id='word_1_723' title='bbox 3176 3907 3209 3980; x_wconf 77' lang='grc' dir='ltr'>ἦ</span> <span class='ocrx_word' id='word_1_724' title='bbox 3263 3907 3503 3977; x_wconf 45' lang='lat' dir='ltr'><strong>drawn.</strong></span> <span class='ocrx_word' id='word_1_725' title='bbox 3539 3906 3666 3959; x_wconf 59' lang='grc' dir='ltr'><strong>κατά</strong></span> <span class='ocrx_word' id='word_1_726' title='bbox 3718 3903 3786 3953; x_wconf 45' lang='grc' dir='ltr'><strong>τὶν</strong></span> 
     </span>
    </p>
   </div>
   <div class='ocr_carea' id='block_1_100' title="bbox 2260 3993 3787 4072">
    <p class='ocr_par' dir='ltr' id='par_1_100' title="bbox 2260 3993 3787 4072">
     <span class='ocr_line' id='line_1_100' title="bbox 2260 3993 3787 4072; baseline -0.001 -21"><span class='ocrx_word' id='word_1_727' title='bbox 2260 3997 2516 4052; x_wconf 83' lang='grc' dir='ltr'>Ἀκύλαν.</span> <span class='ocrx_word' id='word_1_728' title='bbox 2548 3999 2730 4072; x_wconf 76' lang='grc' dir='ltr'>Ἀπερ</span> <span class='ocrx_word' id='word_1_729' title='bbox 2759 4003 2840 4065; x_wconf 88' lang='grc' dir='ltr'>εἰς</span> <span class='ocrx_word' id='word_1_730' title='bbox 2869 4001 3030 4072; x_wconf 81' lang='grc' dir='ltr'>ἔργον</span> <span class='ocrx_word' id='word_1_731' title='bbox 3063 3999 3246 4072; x_wconf 71' lang='grc' dir='ltr'>ἐξέϐη.</span> <span class='ocrx_word' id='word_1_732' title='bbox 3279 3998 3670 4068; x_wconf 81' lang='grc' dir='ltr'>Είδωλολάτραι</span> <span class='ocrx_word' id='word_1_733' title='bbox 3703 3993 3787 4061; x_wconf 67' lang='grc' dir='ltr'><strong>γὰρ</strong></span> 
     </span>
    </p>
   </div>
   <div class='ocr_carea' id='block_1_101' title="bbox 2242 4085 3787 4163">
    <p class='ocr_par' dir='ltr' id='par_1_101' title="bbox 2242 4085 3787 4163">
     <span class='ocr_line' id='line_1_101' title="bbox 2242 4085 3787 4163; baseline -0.003 -20"><span class='ocrx_word' id='word_1_734' title='bbox 2242 4091 2306 4144; x_wconf 81' lang='grc' dir='ltr'>ἐκ</span> <span class='ocrx_word' id='word_1_735' title='bbox 2338 4091 2611 4163; x_wconf 78' lang='grc' dir='ltr'>διαφόρων</span> <span class='ocrx_word' id='word_1_736' title='bbox 2644 4092 2814 4147; x_wconf 74' lang='grc' dir='ltr'>ἐθνῶν</span> <span class='ocrx_word' id='word_1_737' title='bbox 2861 4093 3120 4162; x_wconf 85' lang='grc' dir='ltr'>γεγόνασι</span> <span class='ocrx_word' id='word_1_738' title='bbox 3157 4094 3363 4162; x_wconf 81' lang='grc' dir='ltr'>ταύτης</span> <span class='ocrx_word' id='word_1_739' title='bbox 3401 4092 3689 4162; x_wconf 77' lang='grc' dir='ltr'>οἰκήτορες.</span> <span class='ocrx_word' id='word_1_740' title='bbox 3716 4085 3787 4137; x_wconf 74' lang='grc' dir='ltr'><strong>Διὸ</strong></span> 
     </span>
    </p>
   </div>
   <div class='ocr_carea' id='block_1_102' title="bbox 2241 4178 3785 4254">
    <p class='ocr_par' dir='ltr' id='par_1_102' title="bbox 2241 4178 3785 4254">
     <span class='ocr_line' id='line_1_102' title="bbox 2241 4178 3785 4254; baseline 0 -21"><span class='ocrx_word' id='word_1_741' title='bbox 2241 4181 2340 4248; x_wconf 82' lang='grc' dir='ltr'>δεῖ,</span> <span class='ocrx_word' id='word_1_742' title='bbox 2377 4183 2566 4254; x_wconf 70' lang='grc' dir='ltr'>φησὶν,</span> <span class='ocrx_word' id='word_1_743' title='bbox 2600 4183 2748 4253; x_wconf 82' lang='grc' dir='ltr'><strong>ὑμᾶς</strong></span> <span class='ocrx_word' id='word_1_744' title='bbox 2789 4184 3071 4253; x_wconf 80' lang='grc' dir='ltr'>ἐπιμένειν</span> <span class='ocrx_word' id='word_1_745' title='bbox 3107 4183 3200 4237; x_wconf 71' lang='grc' dir='ltr'><strong>ἐπὶ</strong></span> <span class='ocrx_word' id='word_1_746' title='bbox 3244 4183 3500 4236; x_wconf 80' lang='grc' dir='ltr'>τοσοῦτον</span> <span class='ocrx_word' id='word_1_747' title='bbox 3523 4181 3597 4252; x_wconf 80' lang='grc' dir='ltr'><strong>τῷ</strong></span> <span class='ocrx_word' id='word_1_748' title='bbox 3618 4178 3785 4250; x_wconf 77' lang='grc' dir='ltr'>θρήνῳ,</span> 
     </span>
    </p>
   </div>
   <div class='ocr_carea' id='block_1_103' title="bbox 2239 4267 3784 4344">
    <p class='ocr_par' dir='ltr' id='par_1_103' title="bbox 2239 4267 3784 4344">
     <span class='ocr_line' id='line_1_103' title="bbox 2239 4267 3784 4344; baseline -0.003 -18"><span class='ocrx_word' id='word_1_749' title='bbox 2239 4273 2351 4339; x_wconf 80' lang='grc' dir='ltr'><strong>ἕως</strong></span> <span class='ocrx_word' id='word_1_750' title='bbox 2407 4271 2484 4327; x_wconf 79' lang='grc' dir='ltr'><strong>ἂν</strong></span> <span class='ocrx_word' id='word_1_751' title='bbox 2525 4271 2752 4343; x_wconf 78' lang='grc' dir='ltr'><strong>ἐπέλθῃ</strong></span> <span class='ocrx_word' id='word_1_752' title='bbox 2806 4273 2898 4343; x_wconf 66' lang='grc' dir='ltr'><strong>ἐφ’</strong></span> <span class='ocrx_word' id='word_1_753' title='bbox 2953 4272 3107 4344; x_wconf 77' lang='grc' dir='ltr'><strong>ὑμᾶς</strong></span> <span class='ocrx_word' id='word_1_754' title='bbox 3150 4274 3388 4343; x_wconf 72' lang='grc' dir='ltr'>πνεῦμα</span> <span class='ocrx_word' id='word_1_755' title='bbox 3427 4273 3530 4344; x_wconf 62' lang='grc' dir='ltr'><strong>ἀφ’</strong></span> <span class='ocrx_word' id='word_1_756' title='bbox 3556 4267 3784 4342; x_wconf 66' lang='grc' dir='ltr'>ὑψηλοῦ.</span> 
     </span>
    </p>
   </div>
   <div class='ocr_carea' id='block_1_104' title="bbox 2244 4366 3508 4439">
    <p class='ocr_par' dir='ltr' id='par_1_104' title="bbox 2244 4366 3508 4439">
     <span class='ocr_line' id='line_1_104' title="bbox 2244 4366 3508 4439; baseline -0.003 -19"><span class='ocrx_word' id='word_1_757' title='bbox 2244 4367 2314 4419; x_wconf 85' lang='grc' dir='ltr'>Ἢ</span> <span class='ocrx_word' id='word_1_758' title='bbox 2339 4366 2480 4422; x_wconf 82' lang='grc' dir='ltr'>κατὰ</span> <span class='ocrx_word' id='word_1_759' title='bbox 2504 4366 2820 4439; x_wconf 75' lang='grc' dir='ltr'>Σύμμαχον,</span> <span class='ocrx_word' id='word_1_760' title='bbox 2851 4367 3156 4436; x_wconf 56' lang='grc' dir='ltr'><strong>ἀνάφυξις</strong></span> <span class='ocrx_word' id='word_1_761' title='bbox 3184 4367 3252 4431; x_wconf 83' lang='grc' dir='ltr'><strong>ἐξ</strong></span> <span class='ocrx_word' id='word_1_762' title='bbox 3285 4367 3508 4436; x_wconf 62' lang='grc' dir='ltr'><strong>ὕψους.</strong></span> 
     </span>
    </p>
   </div>
   <div class='ocr_carea' id='block_1_105' title="bbox 2171 4573 2212 4626">
    <p class='ocr_par' dir='ltr' id='par_1_105' title="bbox 2171 4573 2212 4626">
     <span class='ocr_line' id='line_1_105' title="bbox 2171 4573 2212 4626; baseline 0 0"><span class='ocrx_word' id='word_1_763' title='bbox 2171 4573 2212 4626; x_wconf 88' lang='grc' dir='ltr'>υ</span> 
     </span>
    </p>
   </div>
   <div class='ocr_carea' id='block_1_106' title="bbox 2313 4629 3783 4707">
    <p class='ocr_par' dir='ltr' id='par_1_106' title="bbox 2313 4629 3783 4707">
     <span class='ocr_line' id='line_1_106' title="bbox 2313 4629 3783 4707; baseline -0.001 -23"><span class='ocrx_word' id='word_1_764' title='bbox 2313 4631 2680 4700; x_wconf 77' lang='grc' dir='ltr'>Πνευμάτων</span> <span class='ocrx_word' id='word_1_765' title='bbox 2734 4633 2834 4703; x_wconf 78' lang='grc' dir='ltr'>μὲν</span> <span class='ocrx_word' id='word_1_766' title='bbox 2874 4629 2968 4687; x_wconf 82' lang='grc' dir='ltr'><strong>οῦν</strong></span> <span class='ocrx_word' id='word_1_767' title='bbox 3006 4634 3123 4689; x_wconf 78' lang='grc' dir='ltr'>ἐστι</span> <span class='ocrx_word' id='word_1_768' title='bbox 3171 4635 3429 4707; x_wconf 73' lang='grc' dir='ltr'>διάφορα.</span> <span class='ocrx_word' id='word_1_769' title='bbox 3496 4636 3632 4706; x_wconf 79' lang='grc' dir='ltr'>Πλὴν</span> <span class='ocrx_word' id='word_1_770' title='bbox 3662 4633 3783 4686; x_wconf 74' lang='grc' dir='ltr'>οὐδὲν</span> 
     </span>
    </p>
   </div>
   <div class='ocr_carea' id='block_1_107' title="bbox 2238 4718 3779 4794">
    <p class='ocr_par' dir='ltr' id='par_1_107' title="bbox 2238 4718 3779 4794">
     <span class='ocr_line' id='line_1_107' title="bbox 2238 4718 3779 4794; baseline -0.001 -20"><span class='ocrx_word' id='word_1_771' title='bbox 2238 4721 2382 4792; x_wconf 79' lang='grc' dir='ltr'>ὑμᾶς</span> <span class='ocrx_word' id='word_1_772' title='bbox 2425 4721 2838 4794; x_wconf 76' lang='grc' dir='ltr'>ἀνακτήσασθαι</span> <span class='ocrx_word' id='word_1_773' title='bbox 2904 4722 3147 4791; x_wconf 78' lang='grc' dir='ltr'>δύναται,</span> <span class='ocrx_word' id='word_1_774' title='bbox 3196 4725 3291 4778; x_wconf 76' lang='grc' dir='ltr'>καὶ</span> <span class='ocrx_word' id='word_1_775' title='bbox 3361 4725 3662 4780; x_wconf 80' lang='grc' dir='ltr'>ἀναπαῦσαι</span> <span class='ocrx_word' id='word_1_776' title='bbox 3707 4718 3779 4775; x_wconf 83' lang='grc' dir='ltr'><strong>τοῦ</strong></span> 
     </span>
    </p>
   </div>
   <div class='ocr_carea' id='block_1_108' title="bbox 2236 4813 3783 4888">
    <p class='ocr_par' dir='ltr' id='par_1_108' title="bbox 2236 4813 3783 4888">
     <span class='ocr_line' id='line_1_108' title="bbox 2236 4813 3783 4888; baseline -0.003 -17"><span class='ocrx_word' id='word_1_777' title='bbox 2236 4813 2459 4884; x_wconf 81' lang='grc' dir='ltr'>θρήνου,</span> <span class='ocrx_word' id='word_1_778' title='bbox 2499 4814 2532 4884; x_wconf 77' lang='grc' dir='ltr'>ἢ</span> <span class='ocrx_word' id='word_1_779' title='bbox 2565 4814 2626 4867; x_wconf 85' lang='grc' dir='ltr'>τὸ</span> <span class='ocrx_word' id='word_1_780' title='bbox 2654 4814 2724 4878; x_wconf 82' lang='grc' dir='ltr'><strong>ἐξ</strong></span> <span class='ocrx_word' id='word_1_781' title='bbox 2754 4815 2954 4884; x_wconf 75' lang='grc' dir='ltr'>ὕψους</span> <span class='ocrx_word' id='word_1_782' title='bbox 2978 4817 3501 4888; x_wconf 86' lang='grc' dir='ltr'>καταπεμπόμενον,</span> <span class='ocrx_word' id='word_1_783' title='bbox 3523 4817 3552 4871; x_wconf 87' lang='grc' dir='ltr'><strong>ὂ</strong></span> <span class='ocrx_word' id='word_1_784' title='bbox 3583 4815 3783 4886; x_wconf 66' lang='grc' dir='ltr'>πέμψειν</span> 
     </span>
    </p>
   </div>
   <div class='ocr_carea' id='block_1_109' title="bbox 2234 4905 3776 4978">
    <p class='ocr_par' dir='ltr' id='par_1_109' title="bbox 2234 4905 3776 4978">
     <span class='ocr_line' id='line_1_109' title="bbox 2234 4905 3776 4978; baseline -0.001 -20"><span class='ocrx_word' id='word_1_785' title='bbox 2234 4906 2262 4958; x_wconf 80' lang='grc' dir='ltr'><strong><em>ὁ</em></strong></span> <span class='ocrx_word' id='word_1_786' title='bbox 2292 4905 2481 4977; x_wconf 81' lang='grc' dir='ltr'>Σωτὴρ</span> <span class='ocrx_word' id='word_1_787' title='bbox 2511 4907 2627 4969; x_wconf 85' lang='grc' dir='ltr'>τοῖς</span> <span class='ocrx_word' id='word_1_788' title='bbox 2653 4906 2925 4977; x_wconf 80' lang='grc' dir='ltr'>μαθηταῖς</span> <span class='ocrx_word' id='word_1_789' title='bbox 2949 4908 3338 4978; x_wconf 80' lang='grc' dir='ltr'>ἐπηγγέλλετο.</span> <span class='ocrx_word' id='word_1_790' title='bbox 3367 4911 3539 4965; x_wconf 88' lang='grc' dir='ltr'>Τοῦτο</span> <span class='ocrx_word' id='word_1_791' title='bbox 3571 4911 3656 4963; x_wconf 72' lang='grc' dir='ltr'>καὶ</span> <span class='ocrx_word' id='word_1_792' title='bbox 3687 4905 3776 4965; x_wconf 77' lang='grc' dir='ltr'>νῦν,</span> 
     </span>
    </p>
   </div>
   <div class='ocr_carea' id='block_1_110' title="bbox 2236 4996 3777 5073">
    <p class='ocr_par' dir='ltr' id='par_1_110' title="bbox 2236 4996 3777 5073">
     <span class='ocr_line' id='line_1_110' title="bbox 2236 4996 3777 5073; baseline 0.001 -22"><span class='ocrx_word' id='word_1_793' title='bbox 2236 4999 2284 5051; x_wconf 85' lang='grc' dir='ltr'><strong>εί</strong></span> <span class='ocrx_word' id='word_1_794' title='bbox 2322 4998 2685 5068; x_wconf 87' lang='grc' dir='ltr'>μετανοοῦσαι</span> <span class='ocrx_word' id='word_1_795' title='bbox 2711 4998 3049 5069; x_wconf 79' lang='grc' dir='ltr'>κλαύσωσιν,</span> <span class='ocrx_word' id='word_1_796' title='bbox 3106 5003 3528 5073; x_wconf 76' lang='grc' dir='ltr'>ἐπαγγέλλεται.</span> <span class='ocrx_word' id='word_1_797' title='bbox 3569 5023 3586 5055; x_wconf 85' lang='grc' dir='ltr'><strong>ι</strong></span> <span class='ocrx_word' id='word_1_798' title='bbox 3620 4996 3777 5056; x_wconf 73' lang='grc' dir='ltr'>Μακά-</span> 
     </span>
    </p>
   </div>
   <div class='ocr_carea' id='block_1_111' title="bbox 2240 5090 3779 5168">
    <p class='ocr_par' dir='ltr' id='par_1_111' title="bbox 2240 5090 3779 5168">
     <span class='ocr_line' id='line_1_111' title="bbox 2240 5090 3779 5168; baseline -0.002 -21"><span class='ocrx_word' id='word_1_799' title='bbox 2240 5092 2345 5159; x_wconf 80' lang='grc' dir='ltr'>ριοι</span> <span class='ocrx_word' id='word_1_800' title='bbox 2373 5091 2483 5162; x_wconf 86' lang='grc' dir='ltr'><strong>γὰρ</strong></span> <span class='ocrx_word' id='word_1_801' title='bbox 2508 5093 2559 5145; x_wconf 89' lang='grc' dir='ltr'>οἱ</span> <span class='ocrx_word' id='word_1_802' title='bbox 2589 5091 2934 5160; x_wconf 83' lang='grc' dir='ltr'>πενθοῦντες,</span> <span class='ocrx_word' id='word_1_803' title='bbox 2975 5095 3059 5149; x_wconf 83' lang='grc' dir='ltr'>ὅτι</span> <span class='ocrx_word' id='word_1_804' title='bbox 3103 5095 3659 5168; x_wconf 72' lang='grc' dir='ltr'>παρακληθήσονται·</span> <span class='ocrx_word' id='word_1_805' title='bbox 3708 5090 3779 5144; x_wconf 73' lang='grc' dir='ltr'>καὶ</span> 
     </span>
    </p>
   </div>
   <div class='ocr_carea' id='block_1_112' title="bbox 2235 5183 3776 5256">
    <p class='ocr_par' dir='ltr' id='par_1_112' title="bbox 2235 5183 3776 5256">
     <span class='ocr_line' id='line_1_112' title="bbox 2235 5183 3776 5256; baseline 0.003 -19"><span class='ocrx_word' id='word_1_806' title='bbox 2235 5185 2283 5237; x_wconf 82' lang='grc' dir='ltr'><strong>οί</strong></span> <span class='ocrx_word' id='word_1_807' title='bbox 2348 5183 2626 5249; x_wconf 82' lang='grc' dir='ltr'>κλαίοντες</span> <span class='ocrx_word' id='word_1_808' title='bbox 2657 5223 2673 5248; x_wconf 94' lang='grc'><strong>,</strong></span> <span class='ocrx_word' id='word_1_809' title='bbox 2722 5186 2805 5242; x_wconf 85' lang='grc' dir='ltr'>ὅτι</span> <span class='ocrx_word' id='word_1_810' title='bbox 2865 5187 3179 5256; x_wconf 83' lang='grc' dir='ltr'>γελάσουσι.</span> <span class='ocrx_word' id='word_1_811' title='bbox 3223 5205 3242 5241; x_wconf 71' lang='grc' dir='ltr'><strong>ι</strong></span> <span class='ocrx_word' id='word_1_812' title='bbox 3298 5187 3457 5253; x_wconf 83' lang='grc' dir='ltr'>Τινὲς</span> <span class='ocrx_word' id='word_1_813' title='bbox 3501 5189 3558 5242; x_wconf 79' lang='grc' dir='ltr'><strong>δέ</strong></span> <span class='ocrx_word' id='word_1_814' title='bbox 3615 5200 3776 5256; x_wconf 72' lang='grc' dir='ltr'>φασιν.</span> 
     </span>
    </p>
   </div>
   <div class='ocr_carea' id='block_1_113' title="bbox 2235 5272 3777 5351">
    <p class='ocr_par' dir='ltr' id='par_1_113' title="bbox 2235 5272 3777 5351">
     <span class='ocr_line' id='line_1_113' title="bbox 2235 5272 3777 5351; baseline -0.002 -24"><span class='ocrx_word' id='word_1_815' title='bbox 2235 5272 2310 5338; x_wconf 87' lang='grc' dir='ltr'><strong>ὡς</strong></span> <span class='ocrx_word' id='word_1_816' title='bbox 2337 5274 2546 5346; x_wconf 79' lang='grc' dir='ltr'>ἐναργῆ</span> <span class='ocrx_word' id='word_1_817' title='bbox 2575 5273 2666 5328; x_wconf 79' lang='grc' dir='ltr'><strong>τὸν</strong></span> <span class='ocrx_word' id='word_1_818' title='bbox 2686 5275 2879 5348; x_wconf 83' lang='grc' dir='ltr'>χρόνον</span> <span class='ocrx_word' id='word_1_819' title='bbox 2914 5277 3246 5351; x_wconf 83' lang='grc' dir='ltr'>παρίστησιν</span> <span class='ocrx_word' id='word_1_820' title='bbox 3291 5279 3390 5350; x_wconf 80' lang='grc' dir='ltr'><strong>τῆς</strong></span> <span class='ocrx_word' id='word_1_821' title='bbox 3433 5278 3526 5334; x_wconf 83' lang='grc' dir='ltr'><strong>τοῦ</strong></span> <span class='ocrx_word' id='word_1_822' title='bbox 3551 5275 3667 5331; x_wconf 86' lang='grc' dir='ltr'>λαοῦ</span> <span class='ocrx_word' id='word_1_823' title='bbox 3693 5272 3777 5327; x_wconf 85' lang='grc' dir='ltr'><strong>τῶν</strong></span> 
     </span>
    </p>
   </div>
   <div class='ocr_carea' id='block_1_114' title="bbox 2241 5365 3776 5439">
    <p class='ocr_par' dir='ltr' id='par_1_114' title="bbox 2241 5365 3776 5439">
     <span class='ocr_line' id='line_1_114' title="bbox 2241 5365 3776 5439; baseline 0 -19"><span class='ocrx_word' id='word_1_824' title='bbox 2241 5365 2486 5420; x_wconf 87' lang='grc' dir='ltr'>ἀπίστων</span> <span class='ocrx_word' id='word_1_825' title='bbox 2537 5367 2818 5439; x_wconf 77' lang='grc' dir='ltr'>χερσέως,</span> <span class='ocrx_word' id='word_1_826' title='bbox 2869 5369 2948 5424; x_wconf 79' lang='grc' dir='ltr'><strong>ὅτ’</strong></span> <span class='ocrx_word' id='word_1_827' title='bbox 2983 5370 3051 5426; x_wconf 77' lang='grc' dir='ltr'>ἂν</span> <span class='ocrx_word' id='word_1_828' title='bbox 3102 5373 3151 5426; x_wconf 85' lang='grc' dir='ltr'><strong>οί</strong></span> <span class='ocrx_word' id='word_1_829' title='bbox 3187 5372 3611 5434; x_wconf 79' lang='grc' dir='ltr'>πεπιστευκότες</span> <span class='ocrx_word' id='word_1_830' title='bbox 3662 5365 3776 5420; x_wconf 72' lang='grc' dir='ltr'>θείου</span> 
     </span>
    </p>
   </div>
   <div class='ocr_carea' id='block_1_115' title="bbox 2243 5455 3777 5533">
    <p class='ocr_par' dir='ltr' id='par_1_115' title="bbox 2243 5455 3777 5533">
     <span class='ocr_line' id='line_1_115' title="bbox 2243 5455 3777 5533; baseline 0.002 -22"><span class='ocrx_word' id='word_1_831' title='bbox 2243 5455 2522 5523; x_wconf 83' lang='grc' dir='ltr'>τεύξονται</span> <span class='ocrx_word' id='word_1_832' title='bbox 2545 5458 2885 5530; x_wconf 82' lang='grc' dir='ltr'>Πνεύματος,</span> <span class='ocrx_word' id='word_1_833' title='bbox 2917 5461 3082 5532; x_wconf 78' lang='grc' dir='ltr'>ἡνίκα</span> <span class='ocrx_word' id='word_1_834' title='bbox 3132 5462 3542 5533; x_wconf 81' lang='grc' dir='ltr'>καταφοιτῆσαν</span> <span class='ocrx_word' id='word_1_835' title='bbox 3568 5459 3619 5526; x_wconf 77' lang='grc' dir='ltr'><strong>ἐξ</strong></span> <span class='ocrx_word' id='word_1_836' title='bbox 3643 5455 3777 5524; x_wconf 62' lang='grc' dir='ltr'>ῦψοκ</span> 
     </span>
    </p>
   </div>
   <div class='ocr_carea' id='block_1_116' title="bbox 2243 5546 3776 5626">
    <p class='ocr_par' dir='ltr' id='par_1_116' title="bbox 2243 5546 3776 5626">
     <span class='ocr_line' id='line_1_116' title="bbox 2243 5546 3776 5626; baseline 0.006 -22"><span class='ocrx_word' id='word_1_837' title='bbox 2243 5550 2522 5621; x_wconf 86' lang='grc' dir='ltr'>γλώσσαις</span> <span class='ocrx_word' id='word_1_838' title='bbox 2577 5551 2750 5624; x_wconf 80' lang='grc' dir='ltr'>πυρὸς</span> <span class='ocrx_word' id='word_1_839' title='bbox 2795 5555 3189 5626; x_wconf 77' lang='grc' dir='ltr'>μεριζομέναις</span> <span class='ocrx_word' id='word_1_840' title='bbox 3243 5554 3509 5622; x_wconf 70' lang='grc' dir='ltr'>εἰκάζετο.</span> <span class='ocrx_word' id='word_1_841' title='bbox 3539 5553 3660 5606; x_wconf 74' lang='grc' dir='ltr'>Τότε</span> <span class='ocrx_word' id='word_1_842' title='bbox 3685 5546 3776 5616; x_wconf 76' lang='grc' dir='ltr'><strong>γὰρ</strong></span> 
     </span>
    </p>
   </div>
   <div class='ocr_carea' id='block_1_117' title="bbox 3468 5739 3772 5812">
    <p class='ocr_par' dir='ltr' id='par_1_117' title="bbox 3468 5739 3772 5812">
     <span class='ocr_line' id='line_1_117' title="bbox 3468 5739 3772 5812; baseline -0.036 -5"><span class='ocrx_word' id='word_1_843' title='bbox 3468 5754 3514 5786; x_wconf 78' lang='grc'><strong><em>⁵⁸</em></strong></span> <span class='ocrx_word' id='word_1_844' title='bbox 3543 5748 3642 5807; x_wconf 79' lang='lat' dir='ltr'><strong>lsa.</strong></span> <span class='ocrx_word' id='word_1_845' title='bbox 3667 5761 3712 5812; x_wconf 85' lang='lat' dir='ltr'><strong>v,</strong></span> <span class='ocrx_word' id='word_1_846' title='bbox 3729 5739 3772 5796; x_wconf 74' lang='grc'><strong>2.</strong></span> 
     </span>
    </p>
   </div>
   <div class='ocr_carea' id='block_1_118' title="bbox 2196 5751 3363 5823">
    <p class='ocr_par' dir='ltr' id='par_1_118' title="bbox 2196 5751 3363 5823">
     <span class='ocr_line' id='line_1_118' title="bbox 2196 5751 3363 5823; baseline 0.001 -14"><span class='ocrx_word' id='word_1_847' title='bbox 2196 5757 2242 5788; x_wconf 81' lang='grc' dir='ltr'><strong>⁸ο</strong></span> <span class='ocrx_word' id='word_1_848' title='bbox 2275 5755 2422 5811; x_wconf 85' lang='lat' dir='ltr'><strong>Psal.</strong></span> <span class='ocrx_word' id='word_1_849' title='bbox 2453 5771 2641 5817; x_wconf 69' lang='grc' dir='ltr'>ωιτη,</span> <span class='ocrx_word' id='word_1_850' title='bbox 2681 5757 2769 5813; x_wconf 76' lang='grc'><strong>14.</strong></span> <span class='ocrx_word' id='word_1_851' title='bbox 2876 5757 2918 5788; x_wconf 85' lang='lat'><strong>&quot;</strong></span> <span class='ocrx_word' id='word_1_852' title='bbox 2945 5753 3146 5813; x_wconf 84' lang='lat' dir='ltr'><strong>Jerem.</strong></span> <span class='ocrx_word' id='word_1_853' title='bbox 3179 5769 3241 5823; x_wconf 87' lang='lat' dir='ltr'><strong>ll,</strong></span> <span class='ocrx_word' id='word_1_854' title='bbox 3273 5751 3363 5810; x_wconf 76' lang='lat' dir='ltr'><strong>2i.</strong></span> 
     </span>
    </p>
   </div>
   <div class='ocr_carea' id='block_1_119' title="bbox 2219 5825 2664 5893">
    <p class='ocr_par' dir='ltr' id='par_1_119' title="bbox 2219 5825 2664 5893">
     <span class='ocr_line' id='line_1_119' title="bbox 2219 5825 2664 5893; baseline 0.002 -12"><span class='ocrx_word' id='word_1_855' title='bbox 2219 5828 2266 5860; x_wconf 84' lang='lat'><strong>&quot;</strong></span> <span class='ocrx_word' id='word_1_856' title='bbox 2296 5825 2434 5882; x_wconf 90' lang='lat' dir='ltr'><strong>Luc.</strong></span> <span class='ocrx_word' id='word_1_857' title='bbox 2470 5843 2544 5893; x_wconf 68' lang='grc' dir='ltr'>γι,</span> <span class='ocrx_word' id='word_1_858' title='bbox 2572 5826 2664 5882; x_wconf 68' lang='grc' dir='ltr'>ει.</span> 
     </span>
    </p>
   </div>
  </div>
