3900 6494
548 406 686 474 2287
1853 395 2088 459 PROCO

2245 390 2489 453 GAZ/El
3666 383 3782 448 9288

547 525 819 578 virtutum
887 515 1104 590 species
1165 514 1452 572 indicavit.
1503 511 1790 585 Signiﬁcat
1855 527 1980 567 vero
2038 510 2087 563 lu

2244 506 2354 561 ἀπὸ
2394 505 2649 577 περάτων
2698 502 2804 567 ἕως
2857 500 3110 572 περάτων
3156 496 3451 571 καθολικὴν
3483 497 3779 571 Ἐκκλησίαν.

549 613 670 670 loco
694 613 946 683 populum
969 607 1084 679 ejus
1111 608 1166 662 in
1192 607 1338 676 pacis
1373 605 1584 660 ciuitate
1610 605 2002 658 habitaturum.
2035 601 2089 655 Ρι

2247 599 2412 654 Λαὸν
2439 597 2497 650 δὲ
2528 595 2695 651 πάλιν
2725 593 2992 662 ἀορίστως
3023 592 3213 664 φησιν,
3245 593 3339 645 καὶ
3377 591 3440 645 οὔ
3485 591 3574 646 τὸν
3603 593 3779 662 Ἰακὼϐ,

547 682 743 777 magna
765 703 910 760 enim
935 704 1026 756 illa
1045 709 1098 757 et
1121 701 1383 772 superba,
1402 697 1706 756 secundmn
1725 696 2087 768 Symmachun

2247 691 2281 762 ἢ
2308 691 2402 746 τὸν
2433 688 2674 761 Ἰσραὴλ,
2704 690 2762 742 ὲν
2781 689 2849 758 τῇ
2873 689 3038 757 καινῇ
3063 686 3460 757 κατοικήσαντα
3481 684 3644 741 πόλει.
3660 682 3781 753 Εἶτα,

547 775 728 851 ui'bem
769 796 1068 850 construxit
1093 808 1113 858 ;
1143 791 1469 847 catholicam
1500 789 1800 846 Ecclesiam
1832 787 2087 841 nimirum

2247 779 2441 853 ἐπειδὴ
2470 782 2527 835 ὲν
2550 782 2660 844 τοῖς
2685 777 2946 850 ἀνωτέρω
2963 777 3062 848 τὴν
3087 776 3262 848 ὀργὴν
3281 776 3380 830 τοῦ
3405 775 3543 830 Θεοῦ
3567 776 3692 830 κατὰ
3715 780 3783 831 τὸν

552 905 675 958 quae
709 888 777 942 ab
823 884 1086 941 extremis
1131 882 1198 936 ad
1239 892 1485 937 extrema
1522 880 1902 951 pertingeret:
1941 885 1996 932 et
2047 892 2092 946 pl

2247 874 2348 945 τῆς
2377 871 2616 945 κρίσεως
2648 870 2842 942 καιρὸν
2870 871 2983 934 τοῖς
3014 867 3274 922 ἀσεϐέσιν
3301 865 3696 931 ἐπελεύσεσθαι,
3715 870 3785 922 καὶ

547 956 733 1048 pulum
786 975 1088 1041 indeﬁnite,
1132 989 1241 1027 non
1269 971 1460 1027 Jacobi
1529 978 1625 1025 aut
1660 969 1878 1025 lsraelis
1926 967 2082 1038 adjcc

2253 961 2395 1035 μετὰ
2427 960 2603 1032 θυμοῦ
2636 961 2732 1014 καὶ
2755 959 2927 1032 ὀργῆς
2950 959 3047 1013 καὶ
3076 958 3252 1030 πυρὸς
3281 957 3483 1026 φλογὸς
3521 956 3661 1024 ἔλεγε
3683 974 3785 1011 κατ-

549 1047 795 1137 nomine,
868 1082 1064 1123 novam
1116 1064 1305 1120 urbem
1369 1062 1740 1117 habitaturum
1799 1060 1955 1116 dixit.
2003 1058 2086 1126 Qu

2250 1053 2539 1124 εσθιούσης
2563 1093 2578 1119 ,
2607 1051 2949 1124 κεραυνώσει
2977 1051 3167 1122 βιαίως
3199 1050 3297 1105 καὶ
3325 1049 3403 1115 ὡς
3435 1047 3577 1120 ὕδωρ
3601 1050 3686 1104 καὶ
3711 1051 3786 1121 χά-

549 1161 748 1218 deinde
781 1157 1035 1230 superius
1067 1155 1308 1211 furorem
1353 1152 1568 1209 Domini
1617 1153 1735 1223 ipse
1770 1151 1964 1222 iudicii
2003 1161 2089 1206 ten

2249 1147 2391 1212 λαζσ.
2431 1144 2963 1216 συγκαταφερομὲνη
3000 1144 3091 1216 βία
3115 1161 3129 1174 ο
3177 1143 3408 1208 εἰκότως
3447 1143 3540 1197 νῦν
3567 1143 3684 1214 περὶ
3709 1146 3789 1196 silv

549 1267 682 1322 pore
704 1252 758 1306 in
785 1251 984 1322 impios
1013 1255 1329 1310 venturum,
1364 1245 1684 1316 omniaque,
1721 1245 1804 1298 ira
1823 1243 2089 1300 ineitatun

2250 1239 2709 1313 μακαριζομένων
2742 1238 3051 1322 ἐπήνεγκεν
3073 1253 3085 1265 ’
3121 1235 3185 1293 Ἦ
3217 1234 3288 1290 δὲ
3326 1233 3555 1305 χάλαζα
3578 1234 3675 1290 ἐὰν
3700 1253 3790 1290 κο-

550 1312 662 1416 igni
704 1359 762 1398 se
792 1312 1215 1397 eoinbusturum
1268 1312 1648 1408 signiﬁcavit;
1710 1336 1842 1404 quia
1905 1335 2086 1406 deniqt

1531 1312 1600 1391 vit
1633 1354 1648 1404 ;
1710 1336 1842 1404 quia
1905 1335 2140 1406 denique
2245 1312 2427 1403 ταόᾔ
2463 1335 2577 1387 οὐκ
2607 1330 2702 1402 ἐφ’
2725 1329 2885 1401 ὑμᾶς
2915 1312 3071 1398 ἣξει.

551 1447 811 1510 tanquam
890 1435 1138 1491 fulminis
1200 1439 1255 1487 et
1325 1431 1609 1503 grandinis
1642 1473 1657 1498 ,
1705 1430 1816 1485 imo
1867 1436 1924 1484 et
1986 1443 2141 1500 aquae
2178 1428 2341 1484 etiam
2393 1428 2596 1497 impetu
2629 1423 3052 1480 commisturum
3084 1423 3182 1491 {se
3217 1430 3273 1477 et
3318 1429 3643 1492 rapturum:
3705 1437 3792 1476 me'

549 1532 658 1589 rito
679 1531 790 1602 jam
823 1529 890 1583 de
919 1527 1094 1583 beatis
1139 1525 1371 1596 loquens
1394 1565 1409 1588 ,
1461 1523 1544 1578 vel
1575 1523 1889 1594 grandinem
1924 1523 2122 1591 ipsam,
2163 1523 2210 1577 si
2254 1517 2564 1586 descendat,
2594 1518 2651 1571 in
2678 1533 2767 1573 eos
2792 1533 2895 1571 non
2923 1525 3200 1571 uenturam
3226 1513 3498 1586 adjungit.

622 1624 878 1680 Praedicit
909 1636 1076 1694 porro
1102 1631 1156 1677 et
1195 1620 1409 1675 animas
1438 1620 1585 1689 ipsas
1622 1659 1636 1684 ,
1678 1631 1798 1688 qua:
1831 1617 1887 1672 in
1911 1616 2139 1671 saltibus

2322 1612 2589 1685 Προλὲγει
2620 1611 2677 1664 δὲ
2707 1610 2805 1664 καὶ
2847 1609 2947 1672 τὰς
2973 1607 3304 1676 ὲνδρυμοῖς
3328 1605 3612 1680 ἀκάρπους
3633 1606 3791 1678 ψυχὰς.

551 1719 674 1775 sine
716 1715 897 1772 fructu
932 1714 1312 1786 vagabantur,
1351 1711 1653 1782 asperitate
1690 1725 1917 1781 prorsus
1958 1717 2013 1764 et
2058 1707 2091 1763 ft

2255 1709 2308 1762 ὲν
2359 1704 2754 1778 γεωργουμένη
2803 1703 3137 1774 γενήσεσθαι
3198 1700 3398 1773 χώρᾳ,
3453 1702 3710 1770 φυγούσας
3751 1703 3795 1754 τὺ

551 1810 718 1866 ritate
747 1805 982 1871 relictis,
1012 1805 1068 1860 in
1095 1803 1260 1860 cultis
1296 1801 1617 1874 regionibus
1652 1815 1775 1856 esse
1799 1800 2091 1856 habitatur:

2254 1801 2423 1874 τραχὺ
2457 1800 2553 1853 καὶ
2587 1797 2888 1870 ἀνήμερον,
2923 1794 3153 1858 νεούσας
3187 1794 3243 1848 δὲ
3269 1792 3552 1865 νεώματα,
3573 1795 3699 1848 κατὰ
3721 1797 3794 1865 τὴν

552 1911 628 1970 et,
661 1909 723 1958 ut
766 1915 795 1955 a
827 1900 1111 1973 prophetae
1144 1897 1328 1953 verbis
1387 1913 1498 1952 non
1559 1894 1812 1952 recedam
1845 1937 1861 1960 ,
1921 1893 2092 1950 novali

2254 1893 2335 1949 τοῦ
2382 1891 2667 1963 προφήτου
2711 1889 2918 1961 φωνήν.
2951 1887 3110 1951 Τινὲς
3155 1886 3212 1940 δὲ
3261 1885 3538 1957 χάλαζαν
3575 1887 3695 1956 φασὶ
3721 1889 3794 1960 τὴν

555 2005 873 2050 novaturas.
908 1990 1140 2059 Quidam
1177 2005 1274 2060 per
1325 1986 1676 2060 grandinem,
1731 1985 1829 2042 Dei
1862 1986 2000 2043 iram
2049 1985 2095 2041 in

2253 1987 2391 2041 θείαν
2429 1985 2624 2056 ὀργὴν,
2657 1983 2724 2036 δι’
2755 1983 2823 2054 ἥν
2859 1981 2966 2034 ὑπὸ
2999 1979 3292 2050 Ῥωμαίων
3323 1978 3595 2044 ἑάλωσαν,
3627 1995 3793 2034 σκεπα-

557 2087 811 2158 telligunt
839 2125 854 2150 ,
895 2097 994 2155 per
1022 2097 1212 2153 quam,
1247 2080 1603 2137 credentibus
1650 2079 1707 2135 in
1763 2093 1886 2135 eum
1931 2086 2097 2134 tantut

2251 2075 2477 2130 σθέντων
2504 2074 2613 2127 τῶν
2651 2073 2731 2136 είς
2756 2071 2924 2124 αὐτὸν
2952 2069 3395 2125 πιστευσάντων.
3431 2063 3547 2123 Εἶθ’
3575 2069 3689 2140 ἑξῆς
3705 2085 3791 2138 μα-

557 2176 925 2242 conservatis,
957 2174 1330 2229 Romanorum
1385 2170 1582 2243 praedae
1611 2177 1932 2241 patuerunt.
1974 2170 2097 2225 Dein

2253 2168 2459 2240 καρίζει
2486 2167 2616 2231 τοὺς
2645 2167 2743 2236 τὴν
2771 2164 2997 2233 ἔρημον
3039 2163 3246 2234 ταύτην
3284 2163 3723 2234 γεωργήσοντας,
3747 2166 3793 2232 τῇ

557 2283 708 2336 ceps,
740 2265 896 2337 quasi
925 2266 979 2318 in
1004 2279 1090 2330 ea,
1119 2277 1282 2334 quam
1321 2261 1388 2317 ab
1436 2276 1694 2333 agrorum
1722 2261 1874 2317 cultu
1907 2275 2097 2331 usurpa

2255 2262 2342 2329 τῆς
2387 2258 2668 2330 γεωργίας
2718 2256 3013 2328 ἐπιμείνας
3069 2255 3382 2326 μεταφορᾷ.
3410 2252 3574 2326 Δηλοί
3611 2254 3664 2308 δὲ
3701 2255 3795 2317 τοὺς

556 2357 657 2420 vit,
683 2356 1001 2426 metaphora
1028 2355 1309 2426 persistat,
1340 2367 1460 2419 eos,
1488 2353 1582 2424 qui
1610 2353 1954 2408 solitudinem
1980 2352 2096 2408 ista:

2254 2353 2579 2417 Ξιποστόλους
2605 2351 2735 2415 τοὺς
2765 2347 3120 2420 κηρύξαντας
3157 2347 3443 2412 Ἰουδαίοις
3473 2347 3562 2400 καὶ
3588 2345 3794 2417 Ἕλλησι.

559 2452 822 2522 subigant
887 2451 1065 2504 beatos
1128 2448 1414 2520 appellat;
1474 2449 1755 2519 apostolos
1830 2448 2090 2503 nimirum

2256 2450 2407 2521 Δηλοϊ
2437 2447 2548 2518 γᾶρ
2583 2447 2610 2498 ὁ
2647 2443 2747 2516 μὲν
2778 2443 2934 2510 βοῦς
2966 2442 3057 2496 τὸν
3100 2442 3318 2514 Ἰσραὴλ
3344 2441 3588 2512 καθαρὸς
3615 2442 3700 2506 ὢν,
3725 2443 3796 2493 καὶ

561 2542 653 2606 qui
685 2539 902 2596 Juda‘ms
931 2551 984 2595 et
1031 2535 1249 2594 Graecos
1280 2539 1398 2595 suis
1455 2536 1938 2608 praedicationibus
1980 2553 2101 2594 exet

2258 2544 2325 2606 si;
2350 2541 2541 2596 θυσίαν
2564 2537 3069 2610 ἀναφερόμενος.⁹0
3099 2534 3156 2588 δὲ
3187 2535 3328 2602 ὄνος
3347 2534 3423 2589 τὰ
3445 2533 3590 2603 ἔθνη.
3609 2535 3678 2586 Δι’
3695 2535 3798 2603 ὅπερ

562 2634 810 2688 luerunt.
861 2628 967 2687 Per
999 2630 1176 2685 bovem
1214 2630 1382 2697 enim,
1421 2630 1547 2702 quia
1598 2645 1771 2701 purus
1794 2640 1878 2687 est
1907 2673 1922 2696 ,
1974 2639 2029 2685 et
2086 2631 2101 2686 i

2259 2638 2272 2690 5
2307 2635 2474 2706 νόμος
2497 2633 2566 2686 τὰ
2598 2631 2925 2700 πρωτότοκα
2958 2627 3066 2683 τῶν
3098 2628 3254 2683 ὄνων
3287 2629 3371 2692 είς
3405 2629 3659 2699 πρόϐατα
3700 2644 3799 2681 κατ-

562 2722 899 2780 saerillcium
965 2719 1236 2787 oll'ertur,
1295 2719 1468 2776 Israel
1507 2720 1892 2794 signiﬁcatur,
1944 2730 2005 2778 ut
2048 2738 2102 2794 pc

2259 2725 2611 2783 ιλλάττεσθαι
2667 2722 2942 2795 βούλεται.
3021 2721 3208 2786 Οὕτως
3266 2717 3367 2776 οὖν
3413 2721 3714 2790 ἑκατέρους,
3737 2717 3799 2770 διὰ

565 2819 776 2874 asinum
801 2824 1012 2886 gentes.
1056 2814 1295 2884 Ideoque
1341 2829 1407 2870 ex
1455 2814 1593 2886 legis
1637 2825 1910 2888 praecepto
1938 2858 1952 2883 ,
1995 2832 2103 2887 quo

2260 2821 2372 2884 τοὺς
2427 2818 2672 2888 πατέρας
2741 2816 2912 2870 καλεῖ.
2949 2814 3061 2886 Τὴν
3109 2814 3167 2868 δὲ
3213 2813 3369 2869 θείαν
3425 2815 3641 2887 Γραφὴν
3681 2812 3800 2878 ὕδωρ

561 2908 807 2980 primum
832 2904 974 2959 asini
1008 2905 1351 2974 peperissent
1390 2905 1444 2959 in
1472 2921 1590 2961 oves
1617 2909 1946 2962 commutari
1969 2908 2101 2964 solet

2259 2908 2480 2963 ἐκάλεσε
2529 2906 2918 2977 πατουμένην
2965 2905 3072 2958 ὑπὸ
3121 2904 3400 2958 Ἰουδαίων
3449 2905 3544 2959 καὶ
3591 2903 3799 2957 ἐθνικῶν.

565 3000 896 3070 reperimus.
925 2995 1016 3052 Sic
1047 2997 1214 3069 igitur
1243 3006 1531 3070 utrosque,
1565 3007 1788 3069 pr0pter
1817 3011 2022 3071 patres,
2051 3018 2105 3074 ιιι

2260 2998 2358 3063 Οὓς
2382 2999 2438 3054 δὲ
2467 2998 2642 3064 καλῶ,
2669 2997 2824 3068 φησὶ,
2844 2997 3202 3068 μακαρίους,
3219 2999 3267 3052 oi
3291 2997 3524 3052 διῶκται
3554 2995 3800 3050 ταλαιπώ-

555 3091 751 3160 pcllat.
797 3086 1006 3144 Deinde
1032 3104 1185 3158 aqum
1226 3091 1448 3144 nomine
1479 3131 1495 3156 ,
1545 3089 1887 3162 Scripturam
1946 3093 2095 3148 intell

2262 3108 2396 3158 οους
2447 3075 2794 3156 καλέσουσιν,
2847 3090 3053 3162 καίπερ
3103 3090 3570 3162 συμπάσχοντας,
3615 3091 3692 3143 ἴνα
3733 3092 3802 3141 καὶ

570 3183 668 3253 git,
695 3196 862 3251 quam
898 3188 952 3234 ct
990 3189 1181 3249 gentes
1213 3180 1347 3250 ipsa:
1373 3221 1390 3245 ,
1412 3191 1468 3235 et
1503 3179 1680 3236 Judaei
1741 3183 1907 3238 etiam
1951 3195 2110 3239 terum

2261 3181 2788 3255 συμϐασιλεύσωσιν.
2807 3182 2950 3236 Ἀλλ’
2980 3182 3098 3235 ἀνθ’
3132 3182 3289 3254 ὑμῶν
3316 3183 3479 3236 αὐτοί
3508 3199 3633 3254 φησι
3664 3179 3801 3234 τοιοῦ-

568 3276 837 3331 Czctcrnm
867 3289 1009 3344 quos
1048 3286 1150 3342 ego
1208 3288 1340 3327 voco
1391 3274 1566 3328 beatos
1592 3315 1607 3340 ,
1648 3275 1747 3342 ait,
1803 3277 1898 3346 qui
1933 3294 2030 3334 vos
2075 3279 2108 3333 it

2263 3294 2346 3330 τοι
2375 3276 2720 3348 γενήσονται.
2758 3275 2834 3329 Οὐ
2870 3275 2978 3345 γὰρ
3023 3275 3168 3346 ὑμᾶς
3211 3274 3556 3338 ἀθετοῦσιν,
3595 3271 3714 3327 ἀλλᾶ
3737 3272 3803 3323 τὶν

571 3375 878 3431 sectantur,
907 3365 1130 3420 miseros
1168 3364 1524 3434 appellabunt
1551 3381 1566 3432 ;
1595 3367 1954 3436 quantumvis
2009 3383 2109 3423 con

2264 3367 2686 3424 ἀποστείλαντα.
2719 3367 2812 3422 Διὸ
2841 3367 3312 3439 παραδοθήσονται
3359 3367 3441 3437 τῷ
3492 3365 3804 3437 παραλαμεᾶ-

570 3461 708 3531 pati,
749 3467 808 3512 ut
836 3458 1001 3514 simul
1042 3465 1293 3526 regnent,
1315 3470 1554 3513 asseras.
1585 3455 1691 3513 Sed
1729 3459 1783 3511 in
1814 3469 2057 3514 vestrum
2083 3461 2110 3514 i1

2264 3478 2409 3516 νοντι
2427 3462 2556 3524 τοὺς
2597 3459 2949 3530 ἀποδλήτους
2981 3459 3278 3528 γεγονότας
3307 3458 3474 3523 Θεοῦ,
3501 3458 3592 3512 καὶ
3622 3458 3688 3522 ὡς
3711 3454 3803 3523 σὴς

571 3557 778 3618 locum,
810 3553 1011 3623 inquit,
1044 3552 1139 3623 qui
1194 3551 1333 3606 tales
1393 3551 1690 3616 exsistunt,
1731 3552 1969 3608 subituri
2012 3570 2111 3608 sun

2264 3552 2498 3624 ἱμάτιον
2533 3552 2921 3624 διαφθείροντι.
2952 3551 3111 3616 Τινὲς
3143 3551 3201 3605 δὲ
3229 3550 3390 3620 ὕδωρ
3422 3551 3513 3605 τὸν
3541 3549 3702 3617 ζῶντα
3733 3547 3802 3602 τοῦ

572 3645 693 3700 Νοιι
726 3646 872 3700 enim
902 3660 1001 3699 vos
1050 3643 1150 3708 illi,
1180 3641 1276 3699 sed
1304 3657 1454 3707 eum,
1510 3658 1541 3698 a
1612 3657 1724 3714 quo
1781 3644 1938 3700 missi
2003 3646 2104 3698 esti

2264 3647 2399 3702 Θεοῦ
2450 3647 2609 3717 λόγον
2659 3645 2950 3719 σημαίνειν
2996 3645 3156 3715 φασὶ,
3206 3645 3284 3717 τῷ
3333 3644 3688 3714 ζωτικωτάτῳ
3723 3642 3804 3694 τῶν

574 3739 736 3811 391
780 3739 1081 3808 reprobant.
1128 3736 1196 3791 Et
1233 3737 1420 3807 itaque
1463 3736 1752 3793 tradentur
1794 3738 1897 3804 illi,
1929 3739 2022 3810 qui
2078 3756 2114 3794 ιι.

2267 3737 2545 3808 στοιχείων
2574 3736 3032 3808 ἀπεικαζόμενον.
3059 3735 3232 3799 Auro;
3261 3736 3374 3807 γὰρ
3395 3737 3424 3790 ὁ
3452 3735 3514 3789 τδ
3543 3736 3802 3807 μεσότοιχον

574 3833 808 3903 jectosa
862 3829 970 3884 Deo
1013 3843 1200 3884 secum
1264 3828 1405 3883 solet
1437 3842 1739 3890 assumere,
1793 3837 2114 3900 tanquamqt

2263 3826 2358 3884 τοῦ
2388 3827 2670 3902 ῐφραγμοῦ
2719 3829 2911 3894 λύσας,
2939 3827 3034 3882 καὶ
3079 3828 3270 3892 κτίσας
3319 3829 3454 3890 τοὺς
3499 3827 3590 3882 δύο
3627 3829 3697 3889 εἰς
3731 3825 3802 3876 ινα

577 3925 720 3978 tinea
747 3923 1111 3976 uestimentum
1151 3919 1486 3976 labefactare
1511 3929 1567 3975 et
1600 3920 1848 3990 perdere.
1897 3919 2117 3976 Nonnul

2265 3919 2454 3975 καινὸν
2509 3918 2800 3991 ἄνθρωπον
2845 3918 3018 3973 ποιῶν
3061 3920 3307 3990 εἰρήνην,
3343 3919 3422 3972 Τὸ
3449 3919 3527 3980 δὲ,
3548 3917 3676 3972 Οὐαὶ
3710 3914 3803 3980 τοῖς

579 4030 730 4084 aqua:
754 4014 998 4075 nomine,
1031 4009 1268 4066 Verbum
1329 4010 1423 4066 Dei
1489 4013 1600 4066 vita
1656 4011 1943 4082 prteditum
1990 4013 2119 4084 signi

2263 4011 2754 4079 ταλαιπωροῦσιν
2794 4009 2972 4081 ὑμᾶς,
3020 4012 3114 4066 καὶ
3155 4012 3224 4065 τὰ
3255 4013 3340 4064 ἐπ’
3368 4011 3538 4083 αὐτῷ,
3559 4011 3802 4081 Σύμμαχος

579 4105 753 4171 ﬁcari,
789 4114 844 4159 et
877 4105 949 4170 ei,
991 4103 1136 4174 quod
1171 4102 1571 4159 elementorum
1621 4105 1868 4160 onmium
1927 4109 2119 4163 maxim

2264 4101 2437 4166 οὕτως
2483 4101 2777 4169 ἐξέδωκεν·
2813 4101 2962 4157 οὐαὶ
3000 4105 3033 4157 ό
3074 4102 3541 4171 ταιιαιπωρίζων,
3572 4099 3730 4165 αὐτὸς
3755 4095 3804 4146 δὲ

576 4198 741 4253 vitam
779 4204 986 4261 tuetur,
1041 4194 1351 4264 comparari
1407 4195 1721 4250 voluerunt.
1777 4195 1916 4252 Illud
1980 4198 2116 4270 ipsui

2259 4195 2345 4263 μὴ
2384 4194 2874 4263 ταλαιπωρηθείς.
2909 4194 3015 4250 Kal
3058 4197 3092 4248 ό
3131 4193 3378 4260 ἀθετῶν,
3408 4195 3589 4260 αὐτὸς
3628 4192 3688 4246 δὲ
3720 4190 3799 4244 οὐκ

576 4290 723 4344 enim
789 4297 872 4341 est
923 4286 1068 4358 quod
1138 4284 1464 4340 intertuedio
1525 4286 1735 4355 pariete
1804 4287 2116 4343 disturbato

2262 4287 2788 4355 ἀθετηθείς.”οταν
2827 4286 3214 4355 συντελέσῃς
3254 4283 3695 4355 ταλαιπωρίζων,
3729 4297 3802 4334 ra-

578 4393 878 4454 utrunique
913 4384 1188 4437 hominem
1241 4379 1296 4435 in
1359 4397 1559 4437 novqu
1603 4399 1769 4437 unum
1824 4397 1958 4454 pace
2019 4385 2118 4439 fact

2263 4379 2691 4450 λαιπωρηθήσῃ
2716 4395 2729 4408 ·
2761 4378 2858 4434 καί
2882 4378 3030 4434 ὅταν
3063 4378 3326 4448 κοπιάσῃ
3366 4377 3605 4443 ἀθετῶν,
3641 4373 3803 4437 ἀθετή-

576 4475 895 4531 conciliavit
931 4474 995 4528 “.
1038 4471 1241 4529 Verum
1282 4475 1586 4540 enimvero,
1621 4475 1790 4544 quod,
1819 4490 1897 4528 ua:
1934 4476 2025 4547 qui
2071 4492 2116 4531 ut

2265 4473 2450 4528 σουσί
2476 4488 2581 4527 σε’
2611 4471 2787 4544 δηλῶν
2809 4471 2885 4536 ὡς
2911 4472 3181 4543 μακάριον
3208 4472 3268 4523 ἐν
3289 4470 3368 4539 τῷ
3397 4469 3507 4523 τῶν
3531 4468 3800 4538 πασχόντων

577 4567 800 4621 miseros
832 4566 1035 4636 faciunt
1062 4605 1076 4628 .
1117 4575 1174 4622 et
1206 4580 1328 4636 qum
1358 4573 1669 4635 sequuntur
1693 4605 1708 4632 ,
1743 4567 2010 4623 habemus
2035 4610 2050 4634 ,
2085 4568 2117 4621 lt

2267 4565 2404 4623 εἶναι
2433 4535 2699 4639 τάγματι,
2736 4568 2831 4622 καὶ
3002 4535 3112 4620 τιῖιν
3156 4535 3684 4621 διωκόντων.Ἀθλιοι
3719 4561 3799 4626 γὰρ

580 4657 817 4710 reddidit
852 4656 1254 4727 Symmachus:
1299 4653 1388 4710 Va:
1412 4657 1502 4726 qui
1539 4656 1789 4710 miserum
1835 4657 1975 4727 facis
2004 4699 2017 4722 ,
2059 4677 2120 4712 ‘m:

1756 4673 1789 4710 η
1835 4657 1975 4727 facis
2004 4699 2017 4722 ,
2059 4660 2163 4713 mi-
2266 4656 2435 4729 οὗτοι,
2477 4662 2572 4715 καὶ
2609 4662 2710 4733 τὴν
2751 4660 2932 4716 αἰτίαν
2970 4662 3296 4732 ἐπήνεγκεν.

579 4762 666 4802 δεῖ
693 4749 802 4816 ίρδε
832 4763 936 4802 "0”
969 4747 1146 4818 iam“
1185 4765 1204 4814 ἶ
1243 4757 1289 4803 ετ
1324 4751 1411 4816 ίίηί
1443 4748 1691 4816 reprobus
1727 4790 1742 4816 ν
1778 4751 1890 4820 ipse
1942 4769 2046 4809 non
2086 4755 2418 4823 reprobatus.
2453 4755 2587 4809 Cum
2656 4756 2909 4809 miserum
2952 4754 3126 4824 facere
3171 4753 3416 4818 desieris,
3486 4752 3577 4822 ﬁes
3625 4759 3668 4805 et
3717 4747 3799 4816 ipse

578 4840 781 4904 ηιῖεετξ
809 4850 858 4894 ει
885 4857 1002 4893 Cum
1030 4843 1364 4912 reprobando
1400 4841 1565 4911 fueris
1594 4841 1867 4912 defessus,
1903 4853 1951 4899 te
1998 4846 2375 4914 reprobabunt.
2404 4843 2619 4912 Quibus
2653 4859 2684 4900 e
2722 4844 3012 4900 beatorum
3055 4856 3285 4898 numero
3358 4842 3620 4897 exsistere
3642 4881 3654 4905 ,
3717 4849 3794 4892 non

580 4935 675 5006 qui
709 4936 988 4990 miseriam
1028 4946 1082 4992 et
1109 4937 1309 4990 damna
1349 4936 1612 5002 inlerunt,
1651 4937 1746 4993 sed
1780 4939 1877 5009 qui
1920 4936 2103 4994 ferunt
2137 4981 2153 5004 ,
2194 4940 2376 4995 addita
2416 4940 2628 4993 ratione
2659 4937 3084 4992 demonstravit.

651 5027 759 5081 Alii
797 5033 978 5080 tamen
1017 5025 1196 5080 locum
1228 5025 1502 5095 integrum
1535 5066 1549 5091 ,
1604 5028 1709 5083 hoc
1773 5027 1939 5083 modo
1984 5029 2159 5099 expli-

2335 5027 2493 5092 Τινὲς
2539 5027 2598 5080 δὲ
2648 5024 2749 5098 τὴν
2799 5026 2960 5096 ῥῆσιν
3009 5025 3182 5091 οὕτως
3228 5021 3793 5101 ἐξηγήσαντο-Ἀνδρῶν

579 5126 799 5174 carunt.
841 5117 977 5173 Cum
1008 5117 1160 5173 viros
1219 5119 1508 5173 credentes
1557 5121 1750 5175 deesse
1807 5120 2119 5176 animadver

2264 5119 2468 5192 ἀπορία
2514 5119 2626 5172 τῶν
2674 5116 3044 5188 πειθομένων,
3076 5119 3177 5183 τὰς
3222 5121 3516 5190 γυναῖκας
3555 5120 3692 5176 καλεῖ
3724 5113 3791 5168 καὶ

579 5217 741 5277 teret,
775 5209 842 5265 ad
874 5210 1118 5264 mulieres
1158 5208 1294 5277 jam,
1333 5211 1607 5281 praecipue
1637 5211 1822 5266 divites
1850 5253 1865 5279 ,
1901 5229 2046 5283 quae,
2100 5212 2115 5268 i

2269 5213 2504 5286 μάλιστα
2556 5211 2656 5276 τὰς
2710 5213 3046 5278 πλουσίας,
3087 5212 3144 5266 αἳ
3193 5213 3256 5267 τὸ
3307 5214 3469 5288 σῶμα
3517 5208 3790 5284 κοσμοῦσαι,

581 5300 831 5368 corporis
859 5299 1012 5354 cultu
1047 5309 1349 5368 occupatae.
1388 5308 1446 5353 ut
1479 5302 1738 5370 superius
1769 5301 2008 5365 dicebat,
2035 5317 2121 5358 sor

2268 5306 2522 5377 καθάπερ
2571 5305 2756 5374 ἔλεγεν
2803 5304 2934 5369 ἄνω,
2974 5303 3072 5375 τὴν
3104 5305 3286 5376 ψυχὴν
3333 5303 3479 5377 εἶχον
3517 5305 3789 5374 ἀκόσμητον.

579 5393 709 5450 dere
738 5393 978 5449 animam
1029 5393 1416 5464 patiebantur,
1470 5398 1777 5452 orationem
1847 5399 2119 5452 convertit

2275 5400 2373 5463 Ἀς
2399 5398 2476 5464 ὡς
2508 5397 2568 5463 ἐξ
2593 5397 2764 5452 ὕπνου
2794 5396 3084 5468 διεγείρει,
3119 5399 3216 5453 καὶ
3245 5399 3402 5453 καλεῖ
3428 5397 3718 5460 πλουσίας.
3748 5390 3792 5442 οὗ

579 5499 719 5556 quas
751 5494 1011 5556 tanquam
1043 5500 1236 5540 somno
1259 5488 1508 5542 excitans
1535 5488 1720 5543 divites
1752 5490 2011 5559 appellat,
2049 5504 2119 5544 no

2265 5489 2356 5543 τὸν
2385 5488 2654 5543 πλοῦτον
2680 5483 2949 5540 σκώπτων
2969 5487 3158 5558 (παρὰ
3183 5487 3318 5542 Θεοῦ
3353 5489 3458 5560 γὰρ
3481 5485 3707 5552 ἐδέδοτο),
3725 5478 3791 5532 τὸν

578 5583 642 5634 ιιι
669 5577 888 5632 divitias
937 5576 1079 5649 (Dei
1127 5580 1397 5649 siquidem
1445 5595 1672 5637 munere
1722 5580 2118 5652 possidentur:

2265 5581 2322 5636 δὲ
2350 5583 2554 5654 τρόπον
2583 5579 2682 5650 τῆς
2728 5581 3000 5649 χρήσεως.
3036 5583 3146 5646 Τὰς
3178 5579 3368 5647 ἀκοὰς
3411 5581 3582 5634 τοίνυν
3624 5574 3694 5629 ἐπ’
3715 5571 3790 5623 ἐλ-

577 5667 676 5726 sed
721 5680 779 5723 ut
833 5684 1024 5725 earum
1067 5671 1254 5726 utendi
1319 5671 1536 5726 modum
1595 5671 1920 5730 insectetur.
1989 5675 2117 5728 Δκνε

2267 5673 2391 5728 πίδι
2424 5669 2759 5744 προξενούσῃ
2789 5669 3066 5742 σωτηρίαν
3097 5669 3352 5742 ὑπέχετε,
3386 5671 3480 5744 τὴν
3496 5667 3614 5742 μετ’
3635 5665 3767 5720 irim!

655 5848 700 5878 "
739 5846 919 5918 liphi-s
960 5863 1017 5908 ιι,
1062 5849 1148 5903 M.
