3978 6374
166 526 275 580 τὸν
306 527 695 598 αἰχμαλωσίαν
736 533 817 599 εἰς
848 535 975 591 νοῦν
1005 538 1246 611 ὲμὸαλλό

160 615 220 669 δὲ
256 615 565 683 διαδέξεται
612 622 740 688 τοὺς
783 625 874 680 διὰ
921 629 1085 700 κόρον
1114 631 1469 705 ὑδρίσαντας,
1497 638 1639 695 οὕτω
1665 615 1761 697 τοῦ

163 708 304 763 Θεοῦ
344 710 935 781 θεραπεύοντος.”υθεν
958 721 1057 795 τὴν
1082 724 1239 795 δίκην
1269 728 1518 796 φθάσατε
1543 734 1765 803 θρήνῳ,

164 802 255 855 ῖνα
298 804 441 875 πρὸς
484 806 716 879 οὐρανὸν
767 811 1166 884 ἀναϐλέψασαι,
1198 821 1436 892 πνεῦμα
1470 825 1768 896 σωτήριον

166 894 383 950 ἐκεῖθεν
417 900 815 971 καρπώσησθε.
850 905 951 960 Διὰ
996 907 1053 961 δὲ
1101 910 1196 963 τοῦ
1227 910 1480 983 Χέρμελ,
1509 916 1609 989 τὴν
1632 894 1766 974 ἐσο-

167 986 342 1058 μένην
370 989 610 1063 ἐρημιαν
640 996 743 1064 τῆς
778 995 964 1069 χώρας
991 1000 1283 1073 ἐδήλωσεν.
1314 1006 1507 1077 Κρῖμα
1547 986 1616 1065 δέ
1652 1029 1765 1082 φη-

163 1095 271 1133 σιν
296 1081 779 1143 ἀναπαύσασθαι
810 1092 881 1145 ἐν
907 1091 981 1162 τῇ
1026 1095 1246 1166 ἐρήμῳ.
1287 1100 1387 1170 τὴν
1422 1103 1578 1158 πόλιν
1623 1081 1770 1160 οῦτω

161 1174 384 1229 καλῶν*
433 1178 534 1233 καὶ
586 1180 987 1255 δικαιοσύνην
1033 1189 1104 1243 ἐν
1148 1191 1229 1259 τῷ
1261 1197 1581 1266 Καρμήλῳ,
1608 1199 1769 1253 τοῦτ’

162 1264 337 1334 ἐστιν,
370 1270 431 1323 ἐν
479 1274 546 1344 τῇ
599 1273 776 1348 χώρᾳ,
805 1279 1051 1351 δηλονότι
1082 1284 1192 1339 τῶν
1220 1264 1425 1345 ἀδίκων
1463 1294 1770 1366 οἰκητόρων

163 1359 631 1432 ἐκπεπτωκότων,
659 1366 848 1443 ὥσπερ
893 1373 1001 1427 τῶν
1033 1375 1352 1449 ἀλλοφύλων
1398 1359 1673 1456 πρότερον
1689 1387 1770 1442 δι’

160 1451 447 1546 ἀσέϐειαν.
477 1457 683 1525 Πάντες
715 1462 827 1535 γὰρ
852 1466 1017 1521 αὐτοῦ
1043 1469 1106 1541 δη
1116 1451 1533 1546 μιουργήματα.
1553 1451 1694 1543 Τοὺς
1716 1479 1771 1534 δέ

162 1544 633 1618 πλημμελοῦντας
682 1557 1012 1630 μετέρχεται
1057 1566 1123 1635 τῇ
1158 1564 1285 1640 δίκῃ
1319 1544 1640 1640 Θεραπεύων
1683 1572 1771 1628 διὰ

161 1641 538 1715 χρηστότητα.
574 1646 746 1702 Πάλιν
775 1650 834 1704 δὲ
867 1656 1266 1724 μετανοοῦντας
1289 1660 1566 1727 οἰκήσειν
1590 1665 1649 1718 ἐν
1682 1666 1772 1719 εύ-

161 1730 326 1805 θηνῖᾳ
359 1736 548 1808 φησιν.
582 1739 863 1813 Θαρῤήσει
893 1745 949 1800 δὲ
986 1751 1093 1812 πᾶς
1133 1750 1532 1825 δικαιοσύνην
1562 1759 1768 1830 αὐχῶν,

158 1825 267 1879 κᾶν
300 1828 485 1885 πάντα
517 1834 884 1907 ταράσσηται.
918 1841 1028 1895 Καὶ
1060 1844 1109 1897 οῖ
1150 1843 1221 1899 ἐν
1250 1845 1375 1915 τοῖς
1399 1825 1767 1920 δρυμοῖς-οὖέ

158 1933 273 1982 τως
316 1921 566 1987 ἀνεκτῶς
612 1927 994 1999 οἰκήσουσιν,
1026 1934 1103 2000 ὠς
1154 1937 1203 1990 οἱ
1252 1938 1323 1991 ἐν
1368 1914 1446 2010 τῆ
1487 1914 1758 1997 πεδιάδι·
1795 1914 1837 1968 Β

162 2015 448 2086 πανταχοῦ
479 2016 536 2070 δὲ
566 2021 687 2084 ταῖς
716 2022 968 2089 ἀπειλαῖς
997 2028 1242 2100 χρηστὰς
1277 2031 1500 2097 ἐλπίδας
1530 2036 1765 2104 ἐγκατα-

168 2108 451 2174 μίγνυσιν,
487 2111 728 2179 ἐκείναις
775 2116 981 2182 φοϐῶν,
1018 2120 1111 2174 καὶ
1140 2123 1369 2189 ταύταις
1399 2127 1762 2198 παραμυθού-

167 2213 339 2265 μενος
366 2200 701 2289 ἀπόγνωσιν,
730 2208 826 2261 καὶ
856 2210 1130 2283 ρᾳθυμίαν
1159 2214 1227 2268 δι’
1264 2217 1471 2288 ἀμφοῖν
1500 2220 1763 2289 φυλαττό-

166 2306 357 2358 μενος.
385 2287 525 2347 Εἷτα
555 2299 667 2360 τοῖς
700 2300 836 2369 πρὸς
866 2302 969 2373 γῆν
999 2304 1165 2370 δρῶσι
1196 2307 1294 2378 τὴν
1324 2309 1388 2363 ἐκ
1548 2312 1761 2383 λαμϐά-

159 2397 242 2433 νει
283 2383 633 2456 παραϐολήν.
672 2390 747 2442 Οὐ
791 2392 902 2464 γὰρ
953 2395 1194 2461 ἐκείνους
1237 2401 1369 2470 φησὶ
1412 2383 1764 2473 μακαρίζετε

156 2475 288 2538 τοὺς
322 2476 701 2553 ἀρδευομένην
728 2484 1033 2551 οἰκοῦντας,
1073 2488 1170 2542 καὶ
1211 2491 1402 2555 βουσὶ
1445 2494 1544 2563 μὲν
1591 2496 1761 2567 ἐργά-

162 2581 354 2636 σιμον,
380 2567 545 2636 ὄνοις
566 2570 623 2623 δὲ
647 2573 784 2643 πρὸς
814 2575 1126 2647 ὁδε.πορίαν
1149 2578 1340 2652 βατήν.
1358 2581 1519 2640 Ἀλλά
1548 2584 1761 2655 ψευδῶς

162 2658 370 2723 αὐτοὺς
394 2664 745 2732 μακαρίζετέ
769 2684 923 2738 φησι.
943 2671 1212 2744 Τοιαύτην
1232 2676 1341 2747 γὰρ
1364 2677 1523 2749 ὑμεῖς
1551 2682 1761 2735 οἰκοῦν-

161 2766 276 2815 τες,
306 2751 374 2805 τὺ
407 2755 681 2826 μακάριον
711 2759 811 2814 οῦκ
843 2762 1159 2830 ἐκτίσασθε,
1190 2768 1319 2838 περὶ
1350 2769 1443 2823 τὸν
1475 2771 1636 2827 δόντα
1665 2791 1759 2843 γε·

164 2845 391 2909 γονότες
421 2847 759 2919 ἀγνώμονες.
797 2854 869 2908 Οὐ
901 2855 1008 2929 γὰρ
1052 2859 1306 2914 τοσοῦτον
1341 2862 1486 2933 ὑμᾶς
1509 2866 1538 2920 ὁ
1570 2866 1757 2922 Ἀσσύ-

165 2953 300 3005 ριος,
357 2938 460 2993 δνδ
508 2943 663 2996 αὐτοὶ
715 2946 946 3012 ἑαυτοὺς
1002 2951 1389 3024 ταλαιπώρους
1432 2957 1754 3028 ἐργάζεσθε.

162 3028 283 3097 Θεῷ
333 3030 445 3101 γὰρ
486 3032 764 3089 εὐνοοῦσιν
811 3038 965 3093 οὐδὲν
1013 3042 1173 3114 ἐπῄει
1212 3043 1755 3123 δεινόν.’Λπεσείσοη

165 3122 274 3191 γὰρ
313 3121 385 3175 ἂν
424 3123 599 3194 ὑμῶν,
641 3127 719 3193 ὠς
757 3129 858 3199 ἀφ’
893 3133 1128 3200 ἱματίου
1167 3136 1310 3203 σής.

1337 432 1875 502 COMMENTARII
1918 444 1994 506 IN
2040 448 2246 513 ISAIA
2269 456 2349 519 M.

1251 562 1431 615 μεναι.
1465 550 1575 604 Καὶ
1606 551 1764 623 λιμὸς

1871 554 2057 627 igitur.
2072 564 2170 634 ait,
2187 566 2253 623 ad
2270 584 2433 636 spem,
2454 586 2575 641 quae
2597 573 2828 631 salutem
2872 576 3025 632 vobis
3047 580 3324 645 conciliat,
3344 582 3486 637 arri-

3342 469 3485 535 2290

1876 654 1984 720 gite
2003 671 2018 721 ;
2040 667 2093 710 et
2110 660 2478 728 captivitatem
2506 664 2676 731 illam,
2701 682 2820 737 quas
2837 676 2955 737 post
2975 685 3173 724 annum
3192 671 3345 726 vobis
3373 672 3477 727 im-

1875 745 2064 815 minet,
2082 750 2267 807 animo
2301 754 2520 824 agitate.
2538 756 2644 816 Eos
2687 760 2853 815 etiam
2881 760 3050 818 fames
3094 763 3480 837 invadet,qui.

1873 838 2028 907 copia
2049 855 2230 896 rerum
2249 845 2399 912 elati,
2416 846 2471 901 in
2490 857 2718 905 caeteros
2737 851 3069 920 petulantius
3087 869 3145 910 se
3167 864 3476 924 gesserunt.

1875 931 1967 988 Sic
1996 935 2139 990 enim
2169 936 2309 992 solet
2331 953 2529 996 sanare
2572 941 2854 1000 Dominus.
2896 944 3069 1001 Luctu
3097 963 3231 1018 ergo
3272 964 3466 1019 poenas

1875 1032 2010 1086 istas
2030 1036 2375 1099 antevertite,
2392 1048 2451 1092 ut
2465 1038 2519 1092 in
2538 1040 2735 1095 caalum
2756 1041 3033 1099 intuentes
3051 1046 3298 1113 spiritum
3330 1047 3477 1101 salu-

1877 1133 2042 1177 tarem
2072 1122 2199 1179 inde
2229 1126 2535 1197 excipiatis.
2584 1130 2687 1187 Per
2715 1130 2959 1188 Chermel
3026 1144 3207 1192 autem
3264 1138 3478 1194 instan-

1874 1224 1983 1269 tem
2022 1215 2230 1286 reginui
2276 1218 2629 1277 solitudinem
2669 1224 3022 1296 signiﬁcavit.
3074 1228 3302 1298 Deinde,
3328 1231 3475 1301 quod

1870 1306 2140 1375 judicium
2174 1311 2229 1365 in
2274 1312 2563 1370 solitudine
2615 1315 2985 1373 habitaturum
3044 1320 3223 1387 dixit,
3284 1325 3476 1379 urbem

1875 1397 1959 1454 his
1996 1399 2178 1457 verbis
2212 1441 2228 1467 ,
2262 1402 2406 1459 sicut
2455 1420 2551 1475 per
2567 1406 2846 1477 justitiam
2875 1410 2930 1466 in
2984 1409 3253 1481 Carmelo,
3285 1414 3469 1485 regio-

1873 1504 1998 1546 nem
2065 1492 2286 1563 ipsam,
2340 1511 2446 1566 qua
2484 1500 2654 1553 etiam
2721 1513 2947 1574 propter
2998 1503 3326 1574 injustitiam
3372 1505 3469 1560 ha-

1875 1582 2140 1641 bitatores
2174 1625 2189 1650 ,
2248 1596 2309 1641 ut
2339 1589 2471 1643 olim
2531 1599 2753 1662 propter
2811 1595 3141 1665 impietatem
3199 1596 3460 1667 alienige-

1876 1686 1978 1738 na},
2020 1673 2255 1743 pellendi
2282 1685 2487 1744 essent,
2517 1680 2807 1750 judicavit.
2849 1685 3011 1756 392
3052 1685 3256 1743 Omnes
3311 1690 3459 1744 enim

1876 1764 2023 1820 illius
2073 1780 2237 1836 opera
2285 1770 2490 1825 conditi
2516 1782 2568 1827 et
2597 1772 2777 1830 ell‘ecti
2810 1791 3023 1841 sumus,
3056 1786 3111 1833 et
3138 1779 3285 1835 sicut
3332 1795 3457 1837 sce-

1875 1854 2063 1911 leratis
2094 1858 2263 1914 multa
2301 1875 2398 1929 pro
2430 1877 2527 1917 sua
2544 1863 2789 1921 bonitate
2833 1866 3117 1933 medetur,
3153 1868 3225 1923 ita
3282 1872 3461 1939 poeni-

1869 1950 2045 2000 tentes
2100 1962 2296 2004 I'UI'SIIS
2328 1949 2383 2004 in
2417 1965 2678 2024 prospero
2722 1969 2903 2011 rerum
2963 1972 3223 2014 SUCCESSU
3273 1973 3470 2015 secure

1865 2034 2199 2094 habitaturos
2254 2055 2379 2096 esse
2447 2043 2754 2113 pollicetur.
2829 2046 2966 2117 Aget
3019 2058 3199 2103 autem
3266 2063 3465 2105 secure

1866 2127 2121 2198 quisquis
2180 2131 2237 2184 in
2263 2131 2479 2201 justitia
2513 2134 2799 2203 gloriatur,
2855 2136 3067 2192 etiamsi
3117 2137 3299 2191 omnia
3336 2153 3466 2209 per-

1867 2218 2084 2274 misceri
2116 2228 2169 2276 et
2202 2224 2523 2279 conturbari
2582 2226 2897 2299 contigerit.
2941 2226 3140 2284 Deinde
3187 2229 3281 2299 qui
3337 2232 3468 2284 sunt

1865 2311 1919 2364 in
1952 2312 2201 2377 saltibus,
2247 2314 2321 2368 ita
2382 2318 2765 2385 percommode
2802 2318 3150 2390 habitabant,
3179 2329 3239 2377 ut
3289 2319 3380 2392 qui
3411 2318 3466 2374 in

1866 2407 2271 2478 campestribus.
2297 2408 2459 2466 Minis
2484 2425 2651 2481 porro
2677 2412 2880 2483 ubique
2909 2429 3036 2486 spes
3069 2416 3242 2472 bonas
3285 2414 3463 2469 inter-

1865 2500 2096 2566 miscet,
2156 2511 2216 2556 ut
2271 2503 2380 2561 illis
2441 2504 2664 2576 quidem
2725 2508 2987 2576 territos,
3041 2509 3161 2567 istis
3217 2516 3401 2563 autem
3433 2523 3464 2564 a

1863 2593 2247 2664 desperatione
2286 2604 2598 2662 revocatos,
2633 2604 2896 2668 ’utroque
2930 2599 3149 2655 tandem
3200 2598 3268 2654 ab
3310 2598 3463 2670 igna-

1863 2685 1950 2740 via
1973 2693 2027 2740 et
2055 2687 2308 2741 socordia
2341 2697 2581 2745 revocet.
2611 2688 2767 2760 Apud
2800 2704 2898 2747 eos
2940 2707 3161 2748 rursum
3198 2694 3291 2763 qui
3327 2707 3464 2748 ocu-

1866 2776 1948 2831 los
1981 2776 2035 2831 in
2061 2785 2262 2833 terram
2295 2777 2559 2849 deﬁgunt,
2583 2788 2801 2852 sumpta
2853 2782 2920 2839 ab
2970 2783 3160 2838 eadem
3208 2782 3464 2838 similitu-

1863 2866 1992 2923 dine
2014 2868 2190 2923 utitur
2221 2887 2233 2922 :
2259 2868 2378 2924 Non
2413 2871 2579 2937 enim,
2617 2873 2713 2939 ait,
2740 2872 2918 2927 beatos
2957 2890 3044 2929 eos
3092 2874 3271 2929 dicitis
3302 2914 3320 2940 ,
3366 2877 3460 2944 qui

1864 2964 2039 3020 solum
2071 2964 2340 3036 irriguum
2372 2965 2624 3021 habitant
2661 3008 2675 3032 ,
2711 2968 2977 3034 bobusque
3009 2970 3075 3024 ad
3125 2968 3394 3023 arandum
3441 3008 3456 3033 ,

1866 3055 2036 3109 asinis
2075 3069 2204 3109 vero
2236 3053 2302 3107 ad
2333 3056 2438 3109 iter
2472 3055 2800 3110 calcandum
2826 3056 3105 3113 idoneum.
3159 3055 3268 3112 Sed
3312 3055 3455 3111 falso

1866 3162 1963 3201 eos
2013 3147 2188 3200 beatos
2250 3146 2432 3202 dicitis
2472 3147 2671 3219 inquit.
2718 3146 2907 3220 Neque
2936 3149 3080 3205 enim
3115 3149 3211 3222 qui
3255 3155 3460 3206 terram

163 3219 436 3289 ejusmodi
480 3222 761 3290 habitatis,
789 3227 930 3283 beati
985 3245 1111 3287 esse
1171 3238 1424 3304 potestis,
1459 3224 1551 3309 qui
1583 3240 1637 3295 in
1680 3240 1957 3298 beatitatis
1998 3243 2310 3312 largitorem
2356 3244 2524 3299 Deum
2590 3244 2789 3317 ingrati
2818 3219 2954 3303 estis
2993 3262 3135 3304 :nec
3159 3255 3271 3303 tam
3301 3244 3462 3303 vobis

164 3314 432 3385 Assyrius
460 3332 621 3387 quam
660 3320 1043 3395 vobismetipsi
1069 3329 1206 3385 estis
1239 3332 1481 3389 miseriae
1517 3346 1798 3405 auctores,
1837 3355 1962 3393 cum
2005 3339 2144 3394 bene
2199 3339 2267 3395 de
2312 3338 2424 3395 Deo
2466 3314 2830 3400 sentientibus
2881 3343 3017 3400 nihil
3088 3344 3213 3400 mali
3284 3340 3460 3418 possit

166 3408 428 3465 accidere
460 3426 476 3476 ;
517 3427 753 3482 euntque
792 3430 820 3468 a
850 3417 1005 3472 vobis
1033 3419 1133 3489 ipsi
1166 3460 1181 3485 ,
1220 3432 1476 3494 tanquam
1533 3444 1566 3482 a
1620 3432 1929 3489 vestimento
1955 3442 2175 3495 tineam,
2213 3432 2550 3501 repuleritis.

758 3513 1013 3570 ΚΕΦΑΛ.
1055 3518 1179 3574 Al".

235 3597 405 3669 α-ιβ’.
451 3600 595 3655 Οὐαὶ
633 3602 757 3670 τοῖς
787 3609 1272 3676 ταλαιπωροῦσιν
1298 3613 1474 3683 ὑμᾶς.
1494 3615 1677 3687 ’Υμᾶς
1699 3619 1767 3673 δὲ

168 3692 371 3759 οὐδεὶς
396 3693 557 3747 ποιεῖ
580 3697 1016 3766 ταλαιπώρους,
1048 3718 1101 3754 κ.
1135 3720 1184 3756 τ.
1218 3703 1269 3759 λ.

237 3786 576 3857 Μακαρίσας
608 3790 734 3853 τοὺς
762 3790 1100 3859 ἀποστόλους
1121 3835 1134 3857 ,
1169 3797 1270 3850 καὶ
1309 3797 1605 3866 ταλανίσας
1642 3804 1767 3867 τοὺς

170 3878 367 3941 αὐτοὺς
426 3878 819 3950 ἀθετήσαντας,
853 3882 928 3946 ὡς
977 3886 1035 3952 ἐξ
1090 3888 1274 3943 αὐτῶν
1324 3891 1490 3963 εὐχὴν
1533 3896 1768 3948 ποιεῖται

168 3970 279 4023 τῶν
312 3972 651 4033 ἀποστόλων,
682 3973 757 4037 ὡς
786 3975 835 4027 oi
871 3976 972 4047 μὲν
995 3978 1245 4057 ἀπειθεῖς
1275 3984 1371 4035 καὶ
1403 3984 1767 4055 πολεμοῦντες

170 4061 352 4131 ἡμᾶς,
386 4064 767 4120 ἀπολώλασινο
798 4068 956 4138 ἡμῶν
1004 4070 1060 4123 δὲ
1096 4073 1159 4126 σὺ
1190 4075 1458 4146 σωτηρία.
1489 4078 1768 4143 Μαοόντες

169 4157 278 4225 γὰρ
310 4156 390 4219 ὡς
435 4158 609 4222 οὐδεὶς
659 4160 861 4225 αὐτοὺς
906 4162 1410 4237 ταλαιπωρήσειεν,
1444 4172 1509 4223 ἐκ
1568 4170 1766 4242 πολλῆς

168 4245 345 4300 ταῦτα
379 4250 742 4321 περιχαρείας
770 4253 953 4322 φασὶν,
981 4254 1062 4308 ὅτι
1090 4255 1186 4311 διὰ
1206 4258 1417 4328 φωνὴν
1440 4260 1547 4315 τοῦ
1576 4264 1767 4332 φόϐου

170 4351 287 4390 σου
325 4336 678 4407 ἐξέστησαν
699 4344 858 4409 λαοὶ,
889 4345 988 4399 καὶ
1012 4345 1575 4417 διεσκορπίσθησαν
1597 4351 1763 4419 ἔθνη.

171 4430 331 4485 Κατά
354 4432 413 4485 δὲ
441 4433 674 4487 Ἀκύλαν
691 4437 788 4490 καλ⁵
809 4437 1161 4507 Θεοδοτίωνα,
1187 4441 1307 4495 ἀπὸ
1330 4442 1535 4511 φωνῆς
1552 4444 1763 4513 ὄχλου,

171 4524 340 4593 ἤγουν
373 4525 615 4597 πλήθους
642 4528 1040 4599 ἀνεχώρησαν
1065 4534 1224 4589 λαοί.
1265 4535 1429 4605 Δηλοῖ
1456 4537 1513 4590 δὲ
1536 4538 1636 4609 τὴν
1662 4540 1766 4591 ὑπὸ

172 4615 391 4671 πολλῶν
419 4617 623 4674 ἅλωσιν
645 4621 946 4693 πολεμίων,
972 4625 1065 4678 καὶ
1088 4625 1189 4696 τῆς
1220 4626 1431 4692 πόλεως
1461 4628 1760 4686 ἔκπτωσιν.

185 4709 334 4764 ’Δντὶ
368 4710 426 4765 δὲ
456 4711 572 4777 τοῦ,
604 4713 721 4768 ἀπὸ
746 4718 936 4785 φόϐου
967 4733 1105 4785 σου,
1127 4720 1156 4772 ὁ
1184 4719 1485 4793 Σύμμαχος
1512 4723 1632 4779 ἀπὸ
1660 4725 1765 4780 τοῦ

172 4800 491 4871 ὑψωθῆναι
539 4803 979 4876 διεσπάρησαν,
1023 4809 1266 4882 εἴρηκεν.
1306 4813 1423 4882 Τῆς
1471 4816 1580 4887 γὰρ
1630 4816 1764 4881 ιδίας

172 4891 523 4961 ἐξέστησαν
544 4895 1029 4965 γῆς-,Ἐπιστασιν
1056 4903 1110 4957 δέ
1132 4921 1278 4969 τινες
1294 4906 1395 4976 τὴν
1420 4908 1763 4977 κατάπληξιν

171 4986 270 5057 τὴν
319 4988 436 5042 ἀπὸ
478 4989 574 5043 τοῦ
618 4992 770 5057 δέους
809 4996 1200 5066 εἱρήκασιν.Ἠ
1225 5000 1295 5052 δὲ
1331 5002 1598 5070 σωτηρία
1638 5003 1763 5070 τοῖς

170 5074 364 5144 ἁγίοις
390 5079 461 5133 ἐν
490 5082 673 5151 καιρῷ
702 5086 931 5154 γίνεται
959 5089 1244 5159 θλίψεως,
1296 5093 1440 5146 κατά
1472 5094 1532 5147 τό
1552 5111 1565 5125 ·
1607 5096 1736 5149 ιὍτ
1754 5097 1768 5119 ’

174 5163 238 5219 ἂν
263 5168 503 5234 ἀσθενῶ,
536 5174 659 5227 τότε
688 5174 914 5242 δυνατός
942 5182 1078 5251 εἰμι.
1112 5200 1129 5233 ι
1171 5183 1279 5237 Καὶ.
1302 5184 1362 5237 τό
1381 5199 1396 5217 ·
1433 5203 1451 5239 ι
1476 5186 1661 5258 ’Δρκεῖ
1683 5205 1765 5242 σοι

172 5259 389 5331 ήχάρις
410 5281 535 5332 μου.
554 5265 619 5320 Ἦ
653 5268 757 5341 γὰρ
771 5270 1001 5343 δύναμίς
1032 5292 1132 5344 μου
1157 5278 1214 5330 ἐν
1243 5277 1503 5349 ἀσθενείᾳ
1522 5280 1765 5334 τελειοῦ-

168 5364 278 5405 τιι.
312 5369 333 5403 ι
364 5354 446 5408 Τά
474 5357 531 5411 δὲ
556 5361 668 5423 τοῖς
696 5362 1007 5420 ἁπειθέσιν
1031 5369 1266 5439 ἐσόμενα
1301 5370 1397 5423 καὶ
1431 5371 1639 5442 Μωσῆς
1667 5376 1761 5426 καὶ

173 5445 452 5516 προφῆται
474 5452 852 5521 κηρύττουσιν.
871 5457 979 5512 Καὶ
1001 5460 1028 5512 ὁ
1045 5460 1237 5533 Σωτὴρ
1258 5462 1315 5516 δέ
1342 5481 1524 5533 φησιν·
1557 5485 1573 5515 ι
1589 5466 1759 5520 Ὅταν

174 5533 347 5604 εῖδητε
403 5543 781 5618 κυκλουμένην
832 5548 938 5603 ὑπὸ
956 5555 1334 5622 στρατοπέδων
1405 5558 1505 5627 τὴν
1562 5557 1761 5628 Ἰερου-

243 5713 287 5747 ⁵⁸
326 5714 370 5770 l’l
446 5719 576 5773 Cor.
610 5736 707 5788 xu,
742 5724 827 5784 10.
906 5728 949 5759 ⁸⁸
984 5727 1121 5784 ibid.
1151 5730 1205 5786 9.

2443 3526 2596 3583 CAP.
2634 3527 2874 3585 XXXIII.

1942 3620 2104 3675 Vens.
2148 3618 2321 3674 1-1ἳ.
2350 3616 2441 3673 Va:
2457 3620 2547 3690 qui
2580 3636 2668 3675 vos
2695 3621 2913 3675 miseros
2937 3622 3163 3690 faciunt,
3187 3623 3278 3677 sed
3308 3637 3460 3680 nemo

1868 3724 1955 3763 vos
1984 3708 2113 3778 facit
2143 3707 2385 3775 miseros,
2417 3717 2523 3762 etc.

1938 3800 2102 3873 393
2141 3800 2436 3872 Postquam
2496 3801 2687 3857 beatos
2719 3816 2843 3858 esse
2866 3800 3004 3857 dixit
3033 3803 3335 3873 apostolos,
3361 3818 3456 3860 eos

1869 3901 2051 3949 autem
2087 3909 2117 3947 a
2158 3893 2360 3963 quibus
2393 3891 2758 3962 rejicerentnr
2782 3932 2799 3960 ,
2832 3892 3070 3950 miseros
3107 3934 3124 3962 ,
3162 3894 3273 3951 Deo
3297 3893 3409 3965 jam
3437 3935 3454 3963 ,

1869 3995 2132 4057 tanquam
2183 3984 2559 4053 apostolorum
2614 3999 2748 4041 voce
2809 4000 3001 4055 preces
3042 3984 3245 4049 l'undit.
3285 3984 3453 4056 quod,

1867 4077 2101 4133 sublatis
2147 4076 2331 4147 impiis
2366 4090 2396 4129 a
2436 4075 2637 4146 quibus
2683 4077 3141 4147 oppugnabantur
3174 4119 3189 4144 ,
3222 4076 3453 4133 salutem

1869 4183 1897 4222 a
1931 4169 2039 4223 Deo
2074 4168 2429 4224 consecuturi
2464 4167 2594 4222 sint.
2634 4166 2736 4233 Qui
2781 4168 2925 4223 enim
2958 4184 3017 4223 se
3043 4182 3073 4222 a
3110 4167 3258 4222 nullo
3293 4166 3457 4222 mise-

1870 4275 1964 4315 ros
1993 4260 2096 4315 dici
2134 4275 2293 4329 posse
2322 4260 2530 4324 sciunt,
2566 4274 2673 4329 prae
2701 4260 2872 4314 multa
2903 4259 3106 4319 laetitia.
3138 4267 3353 4327 propter
3373 4273 3459 4313 vo-

1868 4368 1979 4406 cem
2017 4351 2227 4405 timoris
2285 4349 2382 4404 Dei
2418 4350 2753 4419 obstupuisse
2804 4352 3024 4421 populos
3073 4361 3123 4405 et
3187 4353 3453 4419 dispersas

1867 4455 2045 4515 gentes
2072 4484 2087 4507 ,
2116 4444 2224 4508 vel,
2281 4451 2340 4499 ut
2381 4444 2592 4514 Aquilae
2643 4453 2697 4497 et
2748 4442 3114 4499 Theodotioni
3164 4445 3344 4515 placet
3377 4484 3393 4510 ,
3421 4464 3456 4501 ιι

1866 4554 1986 4593 uoce
2022 4539 2188 4592 turba:
2224 4576 2237 4600 ,
2271 4537 2325 4592 id
2359 4546 2445 4593 est
2464 4536 2636 4608 vulgi,
2666 4536 2887 4605 populos
2924 4537 3204 4591 recessisse
3237 4536 3452 4594 dicunt.

1866 4629 2078 4697 Quibus
2110 4629 2299 4684 urbem
2321 4642 2349 4682 a
2387 4628 2577 4683 multis
2607 4628 2859 4683 hostibus
2889 4629 3195 4699 expugnari
3221 4639 3274 4683 ct
3298 4644 3453 4685 ever-

1868 4723 1905 4776 ti
1937 4721 2138 4778 debere
2171 4720 2539 4792 significatur.
2573 4721 2639 4774 At
2669 4736 2777 4790 qua
2808 4720 2927 4774 loco
2961 4761 2976 4779 .
3024 4737 3057 4773 a
3093 4721 3281 4775 timore
3312 4732 3402 4777 tuo
3436 4762 3452 4788 ,

1868 4818 2151 4882 habemus,
2178 4826 2453 4886 propterea
2473 4815 2612 4887 quod
2635 4833 2691 4871 se
2717 4815 3006 4881 elevarant,
3030 4816 3283 4885 dissipati
3304 4827 3451 4878 sunt,

1798 4946 1836 5000 ο
1869 4910 2156 4965 transtulit
2187 4908 2578 4981 Symmachus.
2612 4910 2723 4964 Sua
2749 4911 2894 4965 enim
2929 4918 3075 4963 terra
3105 4919 3278 4963 motos
3328 4923 3453 4964 esse

1867 5004 2122 5075 intelligit
2151 5019 2165 5057 :
2201 5003 2305 5058 etsi
2347 5019 2458 5059 non
2489 5004 2670 5059 desint
2702 5042 2716 5065 .
2750 5004 2842 5077 qui
2895 5004 2959 5057 ad
3010 5013 3211 5058 motum
3248 5002 3399 5056 illum
3430 5038 3449 5065 ,

1868 5096 1985 5151 sive
2018 5105 2299 5165 stuporem
2339 5136 2355 5157 ,
2391 5095 2485 5165 qui
2516 5102 2661 5150 metu
2706 5095 2968 5150 incutitur
2993 5134 3008 5158 ,
3044 5093 3238 5150 referri
3286 5089 3453 5164 39E.

1863 5187 2056 5242 velint.
2088 5186 2292 5258 Adjicit
2319 5195 2504 5241 autem
2556 5186 2721 5241 beatis
2751 5187 2807 5241 in
2851 5195 3080 5254 tempore
3137 5184 3447 5238 tribulatio-

1866 5280 1951 5334 nis
1980 5279 2209 5334 salutem
2252 5279 2413 5349 fieri;
2450 5278 2608 5349 juxta
2643 5278 2777 5333 illud
2816 5295 2829 5332 :
2888 5295 2907 5329 ι
2978 5276 3115 5332 Cum
3156 5275 3447 5337 inlirtnor,

1865 5383 1995 5427 tunc
2024 5381 2215 5442 potens
2245 5388 2366 5427 sum
2394 5373 2461 5437 °',
2498 5392 2515 5423 ι
2553 5380 2606 5427 et
2632 5372 2760 5426 illud
2800 5390 2814 5426 :
2854 5389 2871 5422 ι
2901 5369 3112 5425 Sullicit
3143 5369 3239 5425 tibi
3271 5366 3446 5440 gratia

1870 5479 2011 5518 mea.
2056 5461 2237 5519 Virtus
2268 5465 2412 5520 enim
2462 5480 2579 5518 tura
2608 5464 2661 5520 in
2691 5463 3007 5518 inﬁrmitate
3035 5462 3383 5532 perﬁcitur“.
3420 5478 3439 5513 ι

1869 5555 2039 5609 Porro
2101 5573 2223 5625 quas
2260 5556 2547 5611 incredulis
2603 5564 2787 5613 essent
2837 5565 3101 5611 eventura
3155 5564 3209 5612 et
3266 5555 3443 5612 Moses

1487 5823 1718 5883 VAle
1772 5823 2181 5882 LECTIONES.

242 5899 273 5943 δ
295 5917 382 5973 ιξρο
410 5901 507 5969 ὡς.
