3978 6374
127 400 140 408 “
191 421 330 494 2:9;

1301 431 1838 494 COMMENTARII
1878 430 1962 493 IN
1995 430 2288 492 lSAIAM.

3304 420 3447 484 2294

185 544 525 615 ὀφθήσομαι
546 544 772 613 αὐτοῖς,
792 545 1056 614 ἐϐόησαν
1083 544 1364 613 ἐκτενῶς.
1399 546 1659 615 ΙἈγγελοι
1681 549 1761 602 εί-
1795 579 1805 606 Α

1884 553 2051 601 tutem
2094 559 2106 596 :
2141 542 2272 598 Ecce
2303 541 2513 596 videbor
2549 542 2639 596 iis.
2693 537 3013 596 Clamarunt
3040 535 3296 604 impense.
3336 536 3449 589 An-

178 636 378 706 ρήνης
423 637 651 705 πικρῶς
700 639 1092 692 κλαύσονται.
1134 637 1344 702 Πάντες
1390 634 1486 692 οὖν
1541 638 1765 710 δηλοῦσι

188 727 292 781 τὸν
309 727 464 781 Θεὸν
493 726 867 797 ὀφθήσεσθαι
898 727 1022 794 τοῖς
1073 728 1523 796 θησαυρίσασιν
1549 729 1765 794 ἑαυτοῖς

183 816 536 889 δικαιοσύνης
596 817 693 872 καὶ
757 817 868 888 τῆς
920 817 1162 886 σοφίας,
1204 817 1348 884 τοὺς
1397 817 1766 887 θησαυρούς.

185 906 372 965 Ἦσαν
401 912 461 966 δὲ
505 911 598 965 τοῦ
650 910 903 982 Σωτῆρος
954 911 1004 965 οἱ
1041 910 1307 982 μαθηταὶ,
1353 904 1436 972 οἷς
1489 909 1600 977 ὲγὼ
1667 909 1768 980 μὲν

183 1003 396 1073 ὤφθην
430 1015 478 1059 ο.
505 1006 568 1058 Οἱ
609 1005 666 1058 δὲ
691 1004 1026 1075 ἐκέκραξαν
1051 1001 1306 1069 ἐκτενῶς
1331 1001 1571 1072 ἄγγελοι
1597 1001 1768 1067 ὄντες

183 1094 457 1164 είρήνης.
485 1096 548 1150 Οἳ
583 1097 678 1151 καὶ
721 1097 944 1166 πικρῶς
988 1098 1176 1152 ἐϐόων
1201 1098 1259 1151 ὲν
1286 1097 1474 1168 εὐχαῖς
1503 1096 1640 1168 ὑπὲρ
1671 1097 1770 1166 τῆς

185 1187 468 1253 ἀπωλείας
507 1188 600 1243 τοῦ
632 1191 901 1261 προτέρου
954 1189 1109 1244 λαοῦ.
1149 1191 1260 1245 Καὶ
1288 1191 1316 1243 ὁ
1345 1188 1535 1262 Σωτὴρ
1577 1187 1633 1242 δὲ
1670 1187 1769 1260 τὴν

194 1277 564 1356 Ἰερουσαλὴμ
603 1280 955 1338 ἀπεκλαέετο.
987 1301 1004 1333 ι
1045 1283 1109 1335 Εἰ
1151 1280 1302 1354 ᾔδεις
1354 1280 1450 1335 καί
1499 1298 1564 1350 γε
1597 1283 1662 1336 σὺ
1701 1282 1770 1336 τὰ

185 1371 326 1442 πρὸς
370 1373 596 1444 εἰρήνην
643 1389 760 1427 σου.
804 1392 822 1426 ι
869 1373 963 1428 Διό
1007 1391 1193 1444 φησιν,
1256 1373 1769 1443 Ἐρημωθήσονται

182 1464 349 1532 παρὰ
368 1465 595 1519 τούτων
627 1464 758 1518 ὁδοί
783 1463 832 1523 ἆ.
861 1466 935 1519 Τὸ
955 1465 1033 1528 δὲ,
1065 1465 1359 1520 πέπαυται
1392 1467 1425 1520 ὁ
1448 1465 1631 1534 φόϐος
1651 1463 1772 1518 τῶν

179 1557 399 1624 ἐθνῶν,
449 1558 752 1621 ὀδελίζεται
780 1559 856 1622 ὡς
889 1557 963 1630 μὴ
1018 1558 1296 1630 κείμενον.
1338 1557 1662 1611 Πεπαῦσθαι
1712 1556 1770 1610 δέ

180 1666 321 1720 φησι
349 1649 447 1705 τοῦ
495 1650 560 1704 ἐκ
592 1649 898 1721 περιτομῆς
937 1649 1092 1705 ,λαοῦ
1135 1649 1243 1717 τὰς
1286 1648 1490 1717 ὀδοὺς,
1537 1649 1634 1703 καὶ
1670 1648 1770 1721 τὴν

177 1739 484 1811 διαθήκην
509 1736 684 1812 ἦρθαι
718 1741 818 1813 τὴν
847 1740 939 1795 διὰ
972 1741 1219 1806 Μωσέως
1255 1741 1522 1807 δοθεῖσαν,
1571 1739 1769 1811 μηκέτι

175 1851 242 1889 τε
276 1834 483 1901 αὐτοὺς
505 1836 593 1904 είς
618 1835 970 1905 ἀνθρώπους
1000 1834 1355 1907 λογίζεσθαι.

257 2105 416 2170 Τινὲς
442 2105 582 2161 δὲτὸ
607 2107 665 2160 ὲν
692 2101 774 2172 τῷ
803 2102 964 2175 φόϐῳ
992 2103 1162 2175 ὑμῶν
1183 2103 1354 2160 αὐτοὶ
1382 2103 1768 2174 φοϐηθήσον-

180 2215 304 2265 ται,
344 2199 516 2268 φασὶν
560 2196 770 2261 οὕτως·
804 2195 1582 2270 Παραθαρῤύνειτοὺςξὰγίους
1604 2213 1774 2250 ανστ-

176 2294 446 2362 αγωγοὺς
493 2291 602 2347 τῶν
660 2289 940 2361 ἐσομένων
989 2290 1174 2355 αὐτοῖς
1219 2287 1444 2360 ἀγαθῶν
1523 2306 1769 2360 προανα-

177 2384 394 2454 φαίνων
409 2383 470 2438 τὺ
487 2385 714 2448 πλάτος.
744 2382 835 2449 Ἐξ
853 2381 1031 2454 ἀρχῆς
1047 2383 1145 2453 μὲν
1169 2380 1280 2454 γὰρ
1301 2382 1352 2436 οἱ
1370 2383 1434 2436 ὲκ
1463 2398 1532 2434 πε
1542 2382 1770 2452 ριτομῆς

176 2477 425 2531 latinam
452 2475 652 2538 αὐτοὺς
691 2475 944 2545 λέγοντες
966 2493 982 2509 ο
1007 2496 1026 2529 ι
1062 2473 1419 2546 Παραγγελίᾳ
1462 2473 1771 2546 παρηγγεί-

176 2567 361 2638 λαμεν
400 2567 530 2637 ὑμῖν
569 2564 646 2636 μὴ
687 2564 873 2618 λαλεῖν
911 2566 968 2618 ὲν
1002 2562 1084 2634 τῷ
1114 2560 1340 2633 ὀνόματι
1378 2559 1575 2631 τούτῳ.
1607 2578 1626 2612 ι
1663 2558 1772 2622 Οὓς

178 2657 282 2712 καὶ
316 2656 556 2720 δεδιότες
614 2655 851 2726 ἔφασκον
889 2655 939 2708 oi
975 2652 1288 2717 ἀπόστολοι,
1328 2668 1348 2700 ι
1386 2651 1501 2705 Καὶ
1536 2650 1608 2704 τὰ
1653 2648 1770 2714 νῦν,

179 2750 386 2822 Κύριε,
406 2748 558 2803 ἔπιδε
588 2749 688 2820 τὴν
716 2747 948 2818 ἀπειλὴν
976 2746 1176 2810 αὐτῶν,
1196 2743 1294 2799 καὶ⁵
1311 2744 1400 2808 δὺς
1435 2744 1546 2806 τοῖς
1563 2740 1773 2804 δούλοις

182 2861 284 2897 σου
320 2843 467 2915 μετὰ
494 2842 810 2916 παῤῥησίας
835 2840 1020 2894 λαλεῖν
1041 2840 1133 2892 τὸν
1171 2837 1330 2908 λόγον
1368 2853 1484 2892 σου.
1525 2855 1544 2888 ι
1577 2835 1692 2890 Νῦν
1717 2835 1774 2888 δὲ

181 2937 548 2992 δεδοίκασιν
574 2936 748 2999 αὐτοὶ,
776 2935 877 3006 τὴν
919 2933 1058 3004 πρὸς
1086 2933 1216 2996 τοὺς
1253 2931 1479 2994 πιστοὺς
1513 2928 1774 2999 ἀγαπῶν-

183 3047 279 3095 τες
311 3029 587 3099 είρήνην,
632 3027 883 3090 ἐλεεινῶς
912 3043 973 3080 τε
1025 3024 1237 3089 τούτοις
1273 3022 1776 3093 ὑποκατακλινόμεο

183 3138 290 3176 vos.
319 3121 460 3175 Οὐδὲ
489 3119 600 3191 γὰρ
636 3119 1087 3190 εὐοδωθήσονται,
1116 3117 1304 3188 φησὶν,
1323 3115 1609 3187 θεομαχεῖν
1636 3117 1775 3186 ᾑρη-

188 3212 371 3284 μένοι.
405 3212 517 3266 Καὶ
557 3211 666 3265 τῶν
715 3209 1025 3265 Ἰουδαϊκῶν
1083 3207 1257 3264 ἐθνῶν
1297 3210 1331 3262 ὁ
1360 3208 1546 3278 φόϐος
1593 3205 1778 3262 ἐπαύ-

185 3322 371 3371 σατο,
430 3305 522 3358 καὶ
568 3306 667 3376 τῆς
714 3305 849 3376 πρὸς
906 3303 1103 3366 αὐτοὺς
1161 3301 1433 3375 διαθήκης
1491 3300 1778 3374 ἠρμένης,

186 3395 472 3465 ἀλλότριοι
514 3393 776 3463 γεγόνασι
815 3392 909 3447 τοῦ
943 3391 1078 3446 Θεοῦ
1109 3391 1205 3445 καὶ
1236 3390 1380 3456 ξένοι
1408 3391 1519 3446 τῶν
1543 3393 1784 3459 ἐπαγγε-

185 3487 351 3542 λιῶν.
406 3487 528 3540 Ὅτι
557 3485 632 3557 μὴ
666 3487 868 3550 πάντες
906 3486 955 3537 οι
985 3484 1046 3548 ἐξ
1082 3478 1502 3558 ’1σραὴλ,“οὖτοι
1540 3483 1781 3555 Ἰσραήλ.

190 3584 312 3648 Διὸ,
340 3583 532 3653 φησὶν,
571 3580 786 3645 οὐδενὸς
832 3581 1030 3645 αὐτοὺς
1072 3579 1258 3644 ἀξίους
1289 3580 1593 3650 λογίσεσθε.
1654 3576 1786 3634 Εἶτα

191 3677 473 3746 ἐπιλέγει,
506 3675 847 3756 ἐπένθησεν
876 3676 914 3742 ἠ
961 3673 1058 3744 γῆ,
1091 3675 1404 3740 ἀκολούθως
1434 3674 1522 3730 διὰ
1555 3674 1625 3727 τὰ
1656 3673 1787 3744 περὶ

193 3770 371 3827 αὐτοῦ
418 3771 684 3844 εἰρημένα
730 3768 834 3839 τῆς
891 3767 1184 3836 Ἰουδαίας,
1248 3765 1314 3844 ἦς
1369 3770 1464 3823 καὶ
1512 3767 1581 3822 τὰ
1643 3768 1786 3839 μέρη

194 3865 394 3937 φησιν,
449 3855 525 3918 ὧν
581 3863 676 3918 καὶ
720 3861 792 3917 τὰ
846 3861 1052 3932 μεταξὺ
1104 3863 1314 3926 τάττει,
1356 3861 1466 3916 τὸν
1503 3861 1784 3936 Λίϐανον,

197 3934 308 4038 την
351 3962 710 4034 Ἰερουσαλὴμ
735 3954 828 4014 ἐπὶ
855 3952 951 4012 rei}
1001 3954 1268 4026 παρόντος
1301 3953 1444 4006 οὕτω
1470 3950 1675 4012 καλῶν,
1699 3934 1790 4004 διὰ

199 4059 308 4128 τὴν
343 4057 404 4111 ἑν
433 4056 567 4127 αὐτῇ
617 4053 830 4116 θυσίαν,
866 4051 960 4105 καὶ
997 4050 1090 4103 τὸν
1129 4045 1579 4120 προσφερόμενον
1615 4045 1792 4098 Λίϐα-

199 4166 323 4204 νον
377 4148 522 4202 κατὰ
572 4146 664 4200 τὸν
723 4145 910 4215 νόμον.
946 4143 1056 4196 Καὶ
1105 4139 1170 4212 δὴ
1225 4140 1321 4192 καὶ⁷
1373 4137 1792 4207 κατῃσχύνθαι

202 4241 348 4313 φησι
377 4240 485 4294 τὸν
513 4239 793 4301 Λίϐανον,
822 4236 898 4299 ὼς
927 4235 974 4287 εἰ
1008 4233 1341 4302 σαφέστερον
1377 4229 1530 4299 ἔλεγε
1561 4229 1659 4301 τὴν
1698 4227 1792 4282 θυ-

205 4332 358 4397 σίαν,
383 4327 783 4403 καθῃρημένης
802 4324 904 4395 τῆς
923 4325 981 4378 ὲν
1010 4323 1162 4394 νόμῳ
1185 4321 1465 4392 λατρείας.
1499 4320 1611 4373 Καὶ
1637 4321 1696 4372 ὲν
1713 4317 1792 4388 τῷ

204 4421 458 4494 Ζαχαρία
483 4421 540 4475 δὲ
567 4419 805 4489 λέγεται,
829 4437 846 4470 ι
871 4415 1202 4482 Διάνοιξον,ὁ
1226 4413 1476 4477 Λίϐανος,
1492 4413 1589 4475 τὰς
1621 4410 1792 4482 θύρας

205 4530 333 4577 σου,
352 4511 449 4565 καὶ
466 4507 830 4578 καταφαγέτω
854 4505 965 4579 πῦρ
999 4506 1097 4571 τὰς
1126 4506 1348 4576 κέδρους
1365 4521 1481 4559 σου.
1499 4521 1516 4555 ι
1545 4502 1656 4556 Καὶ
1697 4502 1762 4554 Ἰε
1780 4529 1793 4540 ο

1867 637 1972 708 geli
2017 636 2165 707 pacis
2191 651 2376 690 amare
2420 634 2646 706 ﬂebunt.
2689 631 2799 688 Eos
2847 630 3014 703 igitur
3044 642 3241 683 omnes
3279 624 3452 681 Deum

1869 729 2079 783 visuros
2107 744 2219 783 esse
2239 727 2514 797 judicans,
2543 726 2638 796 qui
2673 724 2906 796 iustitia:
2946 729 2997 777 et
3029 720 3312 790 sapientia:
3349 719 3456 774 tlte-

1870 836 2058 875 sauros
2106 819 2213 875 sibi
2283 819 2746 883 recondiderunt;
2791 815 3094 870 Salvatoris
3147 813 3455 882 discipulos

1872 911 2128 966 nimirum
2197 910 2398 982 quibus
2441 918 2494 964 et
2556 911 2736 979 ipsum
2790 907 2958 960 visum
2997 920 3139 968 esse,
3178 911 3234 956 et
3281 901 3457 973 angeli

1870 1005 2019 1074 pacis
2060 1019 2181 1058 cum
2225 1011 2418 1064 essent,
2466 1003 2697 1070 impense
2743 999 3041 1058 clamasse.
3086 1007 3250 1066 atque
3290 1009 3457 1064 super

1872 1097 2072 1164 prioris
2101 1097 2287 1170 populi
2315 1096 2539 1151 interitu
2579 1097 2722 1149 inter
2753 1090 3088 1164 precandum
3125 1104 3310 1143 amare
3355 1089 3455 1157 ﬂe-

1871 1190 2004 1244 visse
2031 1196 2268 1244 constat.
2300 1187 2443 1254 Quin
2473 1197 2526 1243 et
2557 1185 2900 1241 Salvatorem
2934 1182 3452 1252 Hierosolymorum

1872 1280 2050 1334 vicem
2083 1277 2250 1349 396
2286 1275 2505 1332 ﬂevisse
2537 1275 2805 1345 reperias,
2835 1273 2926 1326 ubi
2953 1274 3028 1326 ait
3068 1291 3082 1326 :
3121 1290 3140 1322 ‹
3179 1270 3239 1325 Si
3266 1270 3456 1323 novis-

1871 1386 1961 1428 ses
2001 1378 2056 1426 et
2090 1377 2170 1436 tu,
2214 1384 2336 1440 quae
2366 1369 2518 1440 pacis
2549 1377 2656 1422 tum
2709 1373 2838 1421 sunt
2864 1365 2933 1418 "°.
2975 1383 2992 1414 ι
3054 1363 3267 1431 Itaque,
3313 1363 3459 1414 dese-

1872 1471 2057 1518 renlttr
2087 1462 2280 1517 horum
2310 1462 2427 1526 vim,
2454 1459 2724 1530 adiungit.
2759 1457 2864 1513 Sed
2903 1455 3050 1526 quod
3085 1453 3335 1524 proxime
3364 1469 3455 1507 se-

1872 1557 2081 1627 quitur,
2119 1554 2338 1610 cessavit
2377 1563 2543 1607 melus
2589 1551 2826 1620 gentium
2865 1547 3028 1603 obelo
3063 1543 3306 1607 confodi,
3331 1551 3458 1596 tan-

1874 1664 2038 1721 quam
2066 1646 2212 1718 quod
2239 1644 2464 1700 aliunde
2490 1643 2768 1699 intrusum
2798 1641 2893 1703 sit,
2924 1634 3322 1692 advertendum
3351 1642 3454 1690 est.

1874 1739 2080 1797 Deinde
2108 1735 2421 1793 circumcisi
2453 1733 2638 1805 populi
2668 1733 2781 1787 vias
2805 1744 3078 1790 cessasse,
3097 1737 3149 1782 et
3173 1737 3458 1782 testamen-

1875 1844 1987 1888 tum
2033 1831 2190 1896 illud,
2240 1827 2387 1898 quod
2422 1843 2520 1899 per
2557 1825 2746 1882 Mosen
2786 1829 3138 1894 acceperant,
3186 1820 3458 1874 sublatum

1872 1939 2004 1986 esse,
2044 1935 2225 1992 neque
2249 1919 2488 1989 amplius
2519 1917 2573 1972 in
2609 1916 2883 1970 hominum
2915 1928 3138 1967 numero
3168 1908 3459 1964 haberi-si-

1871 2016 2123 2086 gnilicat.

1940 2105 2178 2174 Quidam
2207 2114 2391 2161 autem
2421 2103 2590 2158 verba
2618 2103 2746 2165 ista,
2779 2107 2921 2154 metu
2956 2105 3127 2152 vestro
3163 2093 3268 2163 ipsi
3306 2091 3462 2146 time-

1869 2197 2021 2262 bunt,
2057 2197 2133 2252 ita
2178 2197 2648 2267 interpretantur;
2693 2199 2752 2246 ut
2796 2199 3022 2247 sanctos
3069 2185 3462 2259 mysteriorum

1870 2285 2217 2356 interpretes,
2242 2284 2526 2356 proposita
2554 2282 2866 2336 futurorum
2898 2279 3171 2334 bonorum
3201 2275 3463 2349 amplitu-

1870 2377 2019 2440 dine,
2041 2376 2095 2432 in
2128 2392 2281 2448 spem
2323 2376 2500 2432 velint
2543 2372 2799 2436 excitari,
2824 2385 2964 2442 quos
2991 2369 3060 2424 ab
3092 2367 3250 2422 initio
3286 2366 3465 2420 Iaces-

1871 2489 1992 2530 sere
2030 2482 2086 2530 et
2130 2487 2332 2529 vexare
2372 2471 2460 2526 his
2493 2469 2674 2526 verbis
2713 2466 2889 2523 Judaei
2921 2480 3031 2520 non
3076 2463 3412 2518 verebantur
3447 2474 3461 2514 :

1881 2583 1899 2617 ι
1936 2563 2115 2619 Etiam
2150 2562 2491 2634 atqueetiam
2526 2557 2888 2632 prmcepimus
2912 2555 3168 2622 vobis,ne
3191 2551 3466 2609 doceretis

1875 2654 1928 2710 in
1985 2655 2208 2712 nomine
2239 2654 2442 2712 isto“.
2479 2672 2496 2705 ι
2543 2651 2777 2706 Eosdem
2823 2650 2989 2704 etiam
3034 2662 3159 2703 cum
3205 2646 3466 2701 timerent

1873 2747 2110 2817 apostoli
2154 2746 2230 2802 ita
2270 2745 2441 2802 Deum
2475 2749 2726 2813 precatos
2792 2755 2915 2795 esse
2955 2723 3259 2808 reperimus
3287 2752 3302 2790 :
3330 2751 3351 2787 ι
3398 2732 3467 2792 Et

1875 2853 2046 2904 nunc,
2081 2837 2330 2902 Domine,
2354 2835 2570 2905 respice
2590 2834 2644 2888 in
2677 2831 2857 2885 minas
2883 2845 3092 2892 eorum,
3113 2835 3167 2881 rt
3195 2827 3262 2880 da
3293 2823 3467 2881 servis

1875 2929 1990 2985 tuis
2018 2943 2143 2985 cum
2182 2928 2330 2984 omni
2358 2925 2560 2982 ﬁducia
2595 2923 2746 2990 loqui
2783 2921 3011 2977 verbum
3047 2927 3203 2973 tuum
3228 2919 3296 2970 "'.
3335 2935 3354 2967 ι
3397 2915 3467 2968 At

1872 3023 1986 3094 jam
2019 3021 2124 3093 ipsi
2175 3027 2368 3076 contra
2403 3026 2670 3082 metuunt,
2723 3023 2775 3071 et
2824 3012 3089 3084 praeclare
3139 3024 3325 3066 secum
3377 3008 3465 3078 agi

1879 3118 2118 3184 putant,
2161 3110 2208 3166 si
2259 3125 2394 3172 cum,
2443 3106 2698 3162 ﬁdelibus
2740 3119 2924 3174 pacem
2973 3101 3196 3161 colant,
3247 3097 3469 3167 illisque

1885 3202 2279 3260 miserabiliter
2310 3200 2702 3270 subjiciantur.
2745 3195 2932 3265 Neque
2975 3193 3119 3248 enim
3178 3191 3316 3245 bene
3354 3188 3469 3244 illis

1883 3293 2136 3358 cesserit,
2165 3289 2311 3360 quod
2349 3303 2476 3343 cum
2518 3286 2628 3341 Dco
2672 3284 2876 3340 bellum
2919 3295 3108 3352 gerere
3135 3277 3254 3332 ausi
3283 3284 3414 3332 sunt
3449 3291 3466 3331 :

1883 3398 2006 3441 cum
2051 3381 2408 3437 Judaicarum
2441 3377 2683 3449 gentium
2720 3381 2961 3429 cessante
3003 3380 3170 3432 metu,
3215 3367 3468 3424 sublato-

1884 3491 1991 3547 que
2014 3482 2368 3536 testamento,
2405 3472 2519 3541 jam
2549 3485 2577 3522 a
2618 3467 2726 3522 Deo
2758 3465 2890 3520 facti
2923 3464 3035 3518 sint
3057 3460 3245 3526 alieni,
3268 3466 3324 3514 et
3342 3473 3470 3529 pro-

1887 3567 2244 3624 missionibus
2277 3563 2492 3633 indigni
2521 3562 2590 3618 ⁷³.
2629 3561 2814 3628 Neque
2841 3557 2985 3612 enim
3026 3569 3242 3616 omnes,
3278 3551 3368 3621 qui
3401 3566 3469 3605 ex

1888 3658 2077 3723 Israel,
2107 3656 2212 3727 ipsi
2245 3663 2377 3711 sunt
2403 3651 2569 3707 Israel
2607 3652 2674 3707 ⁷³.
2706 3649 2870 3704 Jubet
2906 3648 3114 3716 itaque,
3144 3655 3203 3698 ut
3229 3643 3379 3698 nulla
3413 3659 3473 3698 re

1886 3752 2038 3824 digni
2074 3751 2402 3805 habeantur.
2437 3744 2641 3802 Deinde
2670 3743 2873 3798 infert:
2907 3739 3048 3795 luxit
3075 3747 3243 3792 terra.
3284 3733 3472 3804 Neque

1887 3844 1941 3898 id
1984 3843 2147 3906 male,
2180 3847 2402 3912 propter
2427 3853 2513 3902 ea,
2549 3851 2673 3907 quae
2701 3835 2768 3890 de
2801 3832 2990 3889 Iudaea
3037 3829 3329 3890 dicuntur,
3372 3839 3474 3880 cu-

1883 3935 1977 4006 jus
2010 3942 2192 4005 partes
2237 3931 2556 3991 nominans,
2603 3925 2932 3983 intermedia
2975 3922 3141 3978 etiam
3180 3917 3423 3974 adnectit
3456 3934 3472 3984 ;

1891 4025 2186 4096 Libanique
2217 4022 2460 4086 nomine,
2497 4019 2804 4076 Jerusalem
2836 4017 2960 4070 ideo
2987 4013 3287 4084 signiﬁcat,
3325 4009 3474 4079 quod

1890 4121 1946 4175 in
1977 4134 2041 4175 ea
2077 4116 2348 4174 sacriﬁcia
2382 4116 2593 4180 tierent,
2612 4119 2666 4168 et
2685 4112 2800 4182 lege
2820 4110 2947 4164 thus
2969 4108 3172 4178 ipsum,
3215 4103 3470 4166 Λίϐανος

1891 4211 2102 4276 Graece,
2130 4208 2315 4265 oll'erri
2339 4207 2648 4279 iuberetur.
2667 4202 2810 4269 Quin
2848 4201 3011 4256 etiam
3041 4196 3323 4265 confusum
3363 4210 3476 4248 esse

1897 4301 2158 4357 Libanum
2189 4299 2348 4364 dixit,
2381 4306 2641 4366 tanquam
2673 4291 2892 4348 sublato
2919 4289 3058 4358 legis
3085 4287 3262 4348 cultu,
3290 4283 3359 4338 de
3385 4298 3477 4338 sa-

1888 4389 2103 4450 criﬁcio
2135 4389 2254 4459 ipso
2297 4387 2616 4458 loqueretur
2652 4380 2918 4453 apertius.
2958 4376 3168 4433 Deinde
3193 4373 3336 4444 apud
3369 4371 3476 4428 Za-

1895 4479 2141 4534 chariam
2173 4476 2460 4546 reperias:
2496 4493 2515 4528 ι
2571 4473 2760 4544 Aperi,
2811 4468 3040 4534 Libane,
3093 4474 3281 4538 portas
3326 4470 3478 4527 tuas,

206 4555 410 4672 ζεκῖὴλ
436 4602 494 4656 δέ
528 4555 746 4674 me;sz
768 4601 828 4652 '0
848 4555 1346 4670 ἀετὶςῖᾉιῖίξέξᾶ
1374 4555 1792 4668 μεγαλοπτέρυ-

1894 4582 1956 4629 et.
1976 4571 2231 4629 comedat
2255 4571 2397 4643 ignis
2417 4569 2611 4626 cedros
2633 4574 2754 4620 tuas
2782 4563 2855 4618 ".
2888 4582 2906 4617 ι
2944 4561 3010 4617 Ει
3036 4559 3180 4631 apud
3212 4555 3476 4612 Ezechie-

1901 4664 1912 4674 .
2032 4661 2044 4674 .
2121 4664 2134 4674 .
2410 4660 2425 4674 .
2508 4673 2512 4674 ν
2627 4653 2636 4661 -
2669 4655 2688 4674 .
2713 4653 2853 4674 __-,._
2882 4651 3102 4674 ._..__.n-
3150 4661 3475 4674 ..-ηηηη

205 4717 331 4770 γος,
363 4698 426 4762 ὃς
453 4697 566 4768 ἔχει
595 4697 656 4749 τὸ
684 4695 880 4766 ἦγημα
904 4690 1169 4746 εἰσελθεῖν
1200 4690 1278 4753 εἱς
1297 4688 1388 4743 τὸν
1417 4687 1668 4753 Λίϐανον,
1698 4685 1792 4739 καὶ

207 4789 479 4844 ἁπέκνισε
507 4787 577 4840 τὰ
612 4785 796 4840 ἁπαλὰ
827 4785 926 4853 τῆς
957 4783 1173 4851 κέδρου.
1211 4800 1228 4833 ι
1261 4780 1440 4849 "Amp
1473 4775 1792 4848 ἑρμηνεύων

208 4882 404 4953 φησίν·
430 4879 548 4936 "02‘
590 4879 658 4933 ἂν
690 4876 818 4949 ἔλθῃ
873 4871 1358 4944 Ναϐουχοδονόσωρ
1405 4870 1485 4932 είς
1521 4869 1790 4940 Ἰερουσα-

208 4975 348 5047 λήμ.

294 5148 464 5205 Ἀλλὰ
504 5147 601 5202 καὶ
624 5147 660 5219 ἡ
689 5144 843 5218 χώρα
880 5137 1254 5214 ηκαλουμένη
1282 5133 1581 5207 εΣαρώννη
1611 5137 1644 5188 ὁ
1677 5135 1792 5187 Σα-

205 5241 433 5315 ρώνας,
451 5241 585 5308 ἕλη,
617 5237 805 5310 φησὶν,
833 5231 1116 5305 ἐτένετοῆ
1136 5226 1458 5315 expetas:qu
1493 5237 1518 5266 θ
1539 5224 1599 5289 ἐξ
1628 5226 1796 5280 ἀκαν-

215 5311 327 5388 θῶν
379 5328 757 5403 ὲμπληεθεῖσα
806 5322 1163 5396 θρασύτητος.
1197 5319 1272 5372 Δι’
1319 5311 1380 5371 οὗ
1421 5317 1675 5387 σημαίνει
1725 5315 1797 5368 τὰ

217 5424 460 5480 πιότατα
490 5418 668 5493 χωρία
707 5416 802 5471 τοῦ
847 5414 1114 5469 Ἰουδαίων
1144 5410 1359 5475 ἔθνους,
1390 5409 1592 5479 δηλαδὴ
1634 5409 1701 5462 τὰ
1737 5409 1798 5461 ὲν

218 5519 344 5582 ταῖς
377 5513 560 5570 αὐτῶν
584 5511 783 5583 ψυχαῖς
811 5503 1295 5579 ἀφανισθήσεσθαι.
1317 5501 1503 5557 Ταῦτα
1534 5502 1632 5573 μὲν
1659 5501 1797 5556 ὲκεί-

1901 4664 2004 4720 lem
2031 4661 2082 4718 iu
2121 4664 2268 4718 hunc
2303 4660 2524 4717 modum
2555 4674 2572 4717 :
2601 4653 2636 4708 ι’
2657 4653 2859 4726 Aquila
2878 4651 3126 4724 grandis,
3150 4661 3479 4720 magnarum

1899 4756 2132 4822 alarum,
2163 4771 2285 4827 quae
2310 4753 2472 4809 habet
2494 4750 2722 4806 ductum
2751 4744 2999 4802 intrandi
3025 4745 3082 4800 in
3107 4743 3396 4804 Libanum,
3423 4747 3481 4796 et

1899 4849 2175 4920 decerpsit
2201 4857 2387 4904 tenera
2423 4842 2644 4914 fastigia
2680 4839 2828 4896 cedri
2857 4838 2905 4871 "
2929 4854 2944 4905 ;
2971 4856 2991 4890 ι
3024 4834 3174 4906 quod
3206 4835 3476 4903 interpre-

1898 4952 2050 5001 tatus
2077 4944 2220 5000 idem
2257 4951 2464 5013 postea.
2488 4938 2624 4994 Cum
2648 4937 2913 4991 adversus
2940 4932 3244 4988 Jerusalem
3270 4927 3480 4984 venerit

1900 5036 2432 5100 Nabuchodonosor,
2459 5031 2623 5103 39']
2654 5029 2905 5095 subjecit.

1975 5131 2119 5198 Quin
2150 5137 2204 5185 et
2242 5127 2393 5198 regio
2432 5126 2574 5196 ipsa,
2600 5139 2720 5194 quae
2754 5122 2987 5185 Sasona,
3023 5117 3141 5174 sive
3173 5116 3350 5172 Saron
3380 5129 3475 5169 vo-

1897 5230 2077 5286 catur,
2113 5221 2170 5276 in
2207 5217 2423 5271 dumeta
2453 5222 2508 5269 et
2561 5213 2791 5284 paludes
2826 5210 2981 5275 abiit,
3015 5213 3241 5279 propter
3285 5204 3475 5275 spinas

1899 5314 2103 5384 quibus
2141 5308 2342 5366 referta
2389 5315 2497 5372 est,
2547 5303 2693 5359 facta
2735 5299 3025 5356 imbecillis
3056 5315 3070 5352 :
3106 5297 3311 5366 quibus
3348 5293 3474 5363 pin-

1902 5404 2169 5477 guissima
2202 5398 2419 5458 Judaici
2443 5396 2631 5468 populi
2665 5395 2812 5477 loca,
2841 5393 2934 5447 illa
2959 5391 3232 5450 videlicet,
3260 5401 3383 5456 qua
3424 5386 3479 5440 in

1909 5469 2105 5551 animis
2125 5493 2422 5559 exsistunt,
2449 5489 2689 5547 deletum
2725 5469 2794 5540 iri
2831 5484 3130 5556 signiﬁcat,
3171 5491 3334 5551 atque
3366 5478 3482 5533 hate

289 5631 342 5664 ⁷⁸
385 5628 521 5683 Luc.
568 5640 683 5691 xu,
716 5621 804 5676 4‘2.
878 5620 923 5650 ⁷⁸
967 5619 1085 5673 Act.
1121 5591 1171 5680 ν,
1220 5615 1314 5671 ‘28.
1389 5616 1436 5646 ⁷³
1466 5617 1587 5670 Act.
1638 5628 1710 5675 tv.
1741 5611 1805 5666 ‘29

1907 5607 1953 5640 "
1995 5607 2192 5678 Ephes.
2229 5623 2287 5670 ιι,
2320 5603 2405 5659 12.
2480 5603 2528 5634 ⁷⁸
2553 5601 2710 5655 Rom.
2750 5613 2823 5654 Ix.
2862 5595 2896 5648 6
2992 5594 3038 5626 ⁷⁸
3072 5592 3303 5648 Zachar.
3328 5589 3478 5654 xui-

223 5703 268 5736 ”
309 5699 512 5756 Ezeclt.
559 5711 692 5759 xvn,
722 5693 774 5747 Ἰ.

1504 5773 1741 5828 VARUS
1780 5767 2182 5828 LECTIONES.
3055 5821 3060 5827 .

293 5898 313 5928 ε
339 5904 426 5956 yp.
443 5886 472 5937 ὁ
492 5883 593 5954 μὲν
614 5878 787 5950 ὤφθη.
846 5874 870 5912 ἀ
892 5891 979 5945 γρ.
999 5873 1104 5945 γὰρ
1123 5873 1176 5925 αἱ
1197 5870 1374 5926 αὐτῶν
1392 5871 1519 5926 ὀᾰοὶ.
1586 5883 1609 5911 ο
1627 5887 1710 5939 rp.
1735 5870 1973 5938 Σορωνη,
1995 5865 2028 5936 ἢ
2049 5864 2076 5915 ὁ
2092 5861 2300 5935 Σαρὼν,
2315 5860 2392 5926 εἰς
2408 5856 2526 5926 ἕλη,
2549 5856 2734 5927 φησιν,
2766 5854 2999 5925 ἐγένετο,
3027 5851 3118 5905 καὶ
3142 5849 3358 5921 ἀχρεῖός
3378 5865 3482 5912 τις.
