3978 6374
510 378 668 488 ,2295

1826 417 2173 480 PROCOPII
2203 417 2450 479 (ΞΑΖᾹΞΙ

522 524 746 591 quidem
795 531 947 589 sunt,
985 540 1107 595 qna:
1147 526 1257 583 illis
1315 535 1578 584 eventura
1612 529 1816 587 innuit.
1868 531 2101 602 Manife-

2216 551 2335 597 νοις.
2367 531 2601 601 Φανερὰ
2629 531 2693 586 δὲ
2730 532 2902 586 ἔσται
2935 533 2972 601 ἡ
2991 531 3292 586 Γαλιλαία
3316 530 3406 584 δια
3433 528 3505 584 τὰ
3534 530 3666 603 περὶ
3694 533 3786 588 αδ.

521 624 662 670 stam
700 630 818 670 vero
869 615 984 685 [ore
1027 615 1308 672 Galilaeam
1354 626 1578 691 propter
1618 636 1707 689 ea,
1750 637 1874 693 quas
1905 622 1974 680 de
2008 624 2102 678 il‘la

523 707 673 760 dicta
697 714 868 773 sunt,
890 706 1043 762 addit
1073 725 1090 764 :
1130 727 1148 762 ι
1179 708 1405 766 Galilaea
1447 713 1714 782 gentium,
1748 715 1986 786 populus
2007 715 2102 786 qui

523 797 766 854 ambulat
799 797 853 853 in
883 799 1148 866 tenebris,
1194 802 1253 859 in
1285 803 1481 859 umbra
1508 806 1729 874 mortis,
1771 807 1866 862 lux
1905 822 2105 878 magna

521 901 643 944 orta
695 899 782 946 est
834 891 916 948 eis
943 893 1012 949 ".
1053 911 1072 945 ι
1110 894 1206 950 Est
1246 903 1300 952 et
1336 897 1457 966 ipse
1501 896 1741 954 Cltermel
1782 899 2101 970 manifestus

521 983 757 1054 futurus,
805 985 874 1041 de
911 1001 1020 1056 quo
1049 995 1176 1042 ante
1227 989 1362 1044 illud
1417 999 1716 1060 usurparat
1752 1011 1764 1047 :
1802 1010 1822 1044 ι
1874 991 1942 1047 Et
1997 992 2105 1048 erit

521 1074 798 1142 desertus,
836 1085 1100 1149 tanquam
1139 1079 1394 1137 Cltermel
1427 1083 1512 1139 ’δι
1556 1102 1574 1134 ι
1607 1092 1666 1138 ut
1704 1083 1966 1140 Ecclesia:
1995 1085 2106 1141 fre-

521 1168 750 1238 quentia
805 1180 859 1225 et
910 1170 1225 1228 sublimitas
1277 1165 1708 1230 demonstretur.
1771 1174 1910 1230 Sunt
1956 1177 2102 1232 enim

519 1270 775 1332 potentes
827 1262 920 1320 Dei
973 1265 1133 1320 valde
1194 1280 1224 1319 a
1273 1274 1418 1320 terra
1463 1267 1683 1322 elevati.
1727 1267 1887 1326 Pacis
1934 1269 2108 1341 igitur

521 1355 751 1410 nuntios
780 1354 949 1422 Deus,
971 1370 1072 1426 pro
1105 1370 1204 1410 sua
1237 1357 1292 1412 in
1324 1357 1576 1414 homines
1601 1359 2003 1426 benevolentia,
2037 1361 2105 1417 ad

521 1445 802 1503 lsraelitas
849 1450 1001 1505 misit
1031 1468 1045 1516 ;
1081 1451 1174 1520 qui
1215 1464 1400 1506 amare
1428 1453 1626 1508 ﬂentes
1649 1453 1717 1507 ad
1759 1455 2108 1525 praedicatio-

522 1553 644 1594 nem
689 1539 1132 1610 amplectendam
1181 1557 1278 1597 eos
1332 1543 1730 1600 hortarentur:
1763 1560 1928 1616 quam
1977 1562 2104 1602 cum

523 1631 804 1703 rejiceret,
838 1632 1000 1688 Nunc
1029 1649 1337 1706 exsurgam.
1371 1637 1467 1701 ait,
1505 1644 1560 1692 et
1589 1654 1714 1709 quas
1743 1647 2057 1711 sequuntur
2087 1658 2101 1696 :

521 1725 910 1781 ntsecundum
960 1725 1112 1780 illutn
1155 1735 1210 1781 et
1250 1727 1555 1798 gloriosum
1602 1730 1900 1785 adventum
1945 1746 2104 1787 suum

523 1818 814 1883 indicaret,
853 1832 961 1889 quo
991 1817 1339 1874 divinitatem
1374 1827 1488 1874 tum
1529 1819 1751 1876 demum
1791 1821 1874 1878 eis
1902 1821 2102 1878 intueri

521 1883 886 1984 experirique.
927 1911 1154 1978 licebit,
1200 1925 1328 1966 cum
1389 1912 1812 1994 gloriﬁcabitur.
1864 1912 2103 1971 Sentient
2137 1883 2179 1938 Β

522 2020 654 2061 vero
698 2021 862 2077 quam
901 2021 1093 2060 vanum
1143 2005 1363 2074 spiritus
1407 2007 1688 2062 habuerint
1725 2007 1891 2062 robur
1919 2049 1936 2074 ,
1976 2023 2104 2066 cum

522 2112 620 2154 cos
660 2098 948 2154 devorabit
982 2097 1149 2168 ignis.
1196 2097 1471 2154 Caeterum
1526 2099 1582 2154 in
1621 2114 1732 2170 quo
1775 2109 1949 2172 gentes
1994 2101 2109 2172 fore

521 2191 852 2256 combustas,
893 2191 1140 2260 subjicit,
1191 2207 1299 2247 non
1333 2193 1602 2264 gentium,
1639 2193 1735 2249 sed
1784 2193 2108 2265 populorum

519 2283 851 2338 vocabulum
890 2285 1074 2338 caeteri
1121 2299 1315 2340 omnes
1365 2294 1722 2354 usurparunt,
1778 2293 1837 2339 ut
1885 2299 1984 2341 eos
2041 2285 2109 2340 de

521 2375 727 2445 quibus
771 2390 954 2430 sermo
995 2385 1101 2438 est,
1153 2375 1434 2431 indicasse
1480 2376 1816 2432 videantur:
1849 2392 1966 2442 eos,
2018 2377 2108 2432 in-

522 2483 712 2538 quam,
747 2467 838 2538 qui
883 2476 1138 2539 tanquam
1182 2470 1338 2539 spina
1389 2469 1446 2523 in
1480 2485 1608 2539 agro
1661 2469 1888 2539 objecta,
1940 2470 2109 2526 futuri

523 2568 674 2617 sunt.
707 2558 967 2616 Nonnulli
997 2575 1164 2632 porro
1197 2562 1346 2631 quod
1386 2560 1520 2616 dicit
1550 2576 1856 2633 exsurgant,
1891 2576 1958 2618 eo
1996 2571 2112 2617 tra-

525 2653 682 2720 hunt,
720 2662 779 2708 ut
805 2653 871 2708 ad
898 2667 1092 2724 pmnas
1123 2651 1317 2710 referri
1347 2651 1534 2720 velint,
1560 2655 1781 2724 quibus,
1801 2665 2114 2726 expugnata

525 2753 580 2799 et
621 2743 835 2816 direpta
878 2747 1122 2813 civitate,
1138 2761 1331 2803 eorum
1364 2747 1418 2801 in
1447 2761 1507 2802 se
1531 2746 1922 2802 contumeliam
1959 2748 2108 2803 ultus

523 2845 638 2904 est;
666 2852 776 2908 quo
819 2848 1070 2910 tempore
1102 2839 1334 2910 gloriam
1359 2839 1502 2909 eius,
1537 2855 1700 2909 quem
1733 2840 1884 2896 cruci
1915 2838 2104 2894 allise-

526 2937 677 2995 runt,
705 2931 1096 3001 prophetarum
1135 2931 1382 3004 quolibet
1423 2934 1582 3003 longe
1612 2932 1954 3002 superiorem
1983 2948 2108 2989 esse

527 3023 721 3093 patuit.
754 3022 1038 3094 Tanquam
1068 3024 1238 3093 igitur
1268 3025 1349 3079 ira
1383 3025 1567 3080 divina
1595 3025 1968 3081 eosinvasnra
2016 3039 2106 3080 es-

2202 625 2304 696 τῆς
2326 623 2594 696 εἰρημένα
2617 639 2631 655 ·
2668 623 2810 678 κατὰ
2839 623 2952 691 τδ,ι
2976 622 3234 677 Γαλιλαία
3251 622 3364 677 τῶν
3386 621 3582 690 ἐθνῶν,
3615 625 3646 677 δ
3663 623 3786 690 λαὸς

2201 701 2236 772 δ
2258 717 2566 790 καθήμενος
2599 718 2658 772 ὲν
2679 717 2861 771 σκότει
2899 716 2995 770 κα)⁸
3029 719 3158 789 σκιᾷ
3183 716 3436 785 θανάτου,
3476 718 3602 788 φῶς
3648 718 3789 789 μέγα

2203 811 2476 867 ἀνέτειλεν
2504 812 2709 876 αὐτοῖς.
2739 829 2758 862 ι
2783 811 2890 865 Καὶ
2913 814 2946 864 ό
2964 810 3192 880 Χέρμελ
3215 811 3268 864 δὲ
3291 814 3556 880 φανερὸς
3591 812 3787 878 ἔσται,

2205 905 2334 974 περὶ
2360 897 2533 973 οὗπερ
2557 903 2727 975 ἔφησε
2749 919 2764 935 °
2802 922 2822 956 ι
2861 904 2970 958 Καὶ
3001 903 3211 974 ἔσταιή
3243 903 3446 975 ἔρημος
3479 906 3557 968 ὡς
3583 907 3615 958 ὁ
3648 905 3791 974 Χέρ-

2208 996 2327 1068 μελ.
2367 1015 2387 1050 ι
2416 995 2490 1049 Τδ
2512 995 2569 1049 δὲ
2593 995 2692 1066 τῆς
2724 995 3052 1066 Ἐκκλησίας
3073 995 3208 1050 δασὺ
3232 998 3329 1050 καὶ
3357 998 3681 1067 ἐπηρμένον
3709 996 3793 1068 δη.

2204 1090 2306 1143 λοῖ.
2339 1086 2446 1144 Τοῦ
2475 1089 2583 1160 γὰρ
2607 1087 2743 1142 Θεοῦ
2769 1087 2819 1142 οἱ
2840 1088 3092 1160 κραταιοὶ
3113 1089 3212 1160 τῆς
3233 1087 3339 1157 γῆς
3369 1089 3581 1161 σφόδρα
3615 1089 3790 1160 ἐπήρ-

2207 1182 2402 1254 θησαν.
2467 1182 2526 1238 ὐ
2586 1181 2684 1254 μιν
2747 1177 2842 1237 οῦν
2896 1181 3283 1252 φιλάνθρωπος
3335 1181 3470 1244 Θεὸς
3523 1179 3792 1250 ἀγγέλους

2207 1277 2430 1349 εἰρήνης
2451 1275 2738 1330 ἀπέστειλε
2771 1274 2911 1347 πρὸς
2948 1275 3040 1329 τὸν
3081 1275 3301 1346 Ἰσραὴλ
3335 1274 3557 1347 πικρῶς
3594 1275 3791 1340 αὐτοὺς

2210 1369 2542 1442 [κλαίοντας,
2576 1367 2694 1441 καὶ]
2735 1365 3080 1431 ἱκετεύοντας
3114 1366 3175 1420 τδ
3206 1367 3470 1437 κήρυγμα
3508 1364 3791 1430 δέξασθαι.

2207 1463 2300 1532 Μὴ
2315 1463 2626 1533 δεξαμένων
2657 1461 2737 1525 δὲ,
2773 1461 2935 1532 φησί·
2965 1459 3096 1515 Νῦν
3127 1459 3572 1529 ἀναστήσομαι,
3599 1460 3698 1512 καὶ⁵
3725 1459 3794 1512 τὰ

2209 1551 2358 1621 ἑξῆς.
2407 1551 2520 1622 Τὴν
2561 1549 2824 1620 δευτέραν
2867 1548 3034 1604 αὐτοῦ
3086 1548 3182 1603 καὶ
3233 1547 3446 1614 ἔνδοξον
3485 1548 3794 1619 παρουσίαν

2208 1643 2701 1714 ἐπαγγελλόμενος,
2734 1641 2857 1696 καθ’
2882 1643 2951 1712 ἣν
2992 1641 3216 1712 ὄψονται
3247 1641 3346 1712 τῆς
3395 1640 3654 1711 θεότητος
3698 1639 3794 1693 αὑ-

2208 1736 2304 1790 τοῦ
2353 1734 2613 1800 λαϐόντες
2650 1734 2751 1806 τὴν
2799 1733 3057 1805 αἴσθησιν
3107 1733 3198 1786 ὅτε
3251 1731 3652 1803 δοξασθήσεται
3701 1729 3798 1785 καὶ

2210 1827 2580 1900 ὑψωθήσεται.
2615 1828 2678 1880 Οἱ
2725 1827 2784 1880 δὲ
2827 1825 3163 1896 γνώσονται
3207 1825 3286 1890 ὡς
3312 1825 3582 1895 ματαίαν
3625 1819 3798 1892 εἶχον

2207 1921 2394 1991 ἰσχὺν
2431 1909 2792 1990 πνεύματος,
2822 1920 3023 1989 ὅτεπερ
3087 1918 3288 1982 αὐτοὺς
3337 1916 3623 1970 κατέδεται
3653 1914 3795 1984 πῦρ.

2214 2014 2360 2068 Ἀντὶ
2393 2013 2450 2067 δὲ
2477 2013 2596 2075 τοῦ,
2625 2011 2873 2066 ἔσονται
2917 2009 3062 2079 ἔθνη
3101 2008 3623 2077 κατακεκαυμένα,
3652 2007 3798 2061 λαοὶ

2149 2101 2152 2104 ’
2202 2107 2406 2170 πάντες
2434 2104 2706 2170 ἐξέδωκαν
2731 2119 2744 2134 ·
2775 2102 3020 2175 δηλονότι
3066 2099 3204 2174 πρὸς
3247 2099 3342 2164 οὓς
3381 2095 3449 2172 ἦν
3485 2101 3515 2152 ὁ
3557 2099 3723 2166 λόγος
3746 2097 3798 2151 οἳ

2203 2199 2299 2253 καὶ
2325 2197 2542 2251 ἔσονται
2571 2197 2652 2262 ὡς
2677 2195 2912 2250 ἄκανθα
2952 2194 3024 2248 ἐν
3057 2192 3220 2264 ἀγρῷ
3258 2189 3606 2262 ὲρῤιμμένη.
3638 2187 3803 2252 Τινὲς

2204 2289 2262 2343 δὲ
2288 2287 2350 2341 τὸ
2388 2285 2836 2355 ἀναστήσομαι,
2871 2285 3025 2355 φασὶ,
3059 2283 3150 2338 διὰ
3177 2282 3275 2347 τὰς
3308 2282 3488 2349 δίκας,
3514 2280 3586 2343 ἃς
3615 2278 3805 2333 ἔτισαν

2209 2381 2310 2452 τῆς
2336 2381 2416 2444 είς
2449 2379 2612 2434 αὑτὸν
2646 2377 2955 2447 παροινίας,
3002 2375 3239 2446 ἁλούσης
3266 2374 3452 2437 αὐτοῖς
3490 2370 3645 2426 κατὰ.
3671 2369 3807 2441 κρά-

2210 2491 2302 2536 τος
2326 2473 2426 2544 τῆς
2471 2471 2701 2535 πόλεως,
2749 2469 2838 2523 ὅτε
2881 2469 2978 2522 καὶ
2999 2467 3098 2539 τὴν
3133 2465 3228 2521 τοῦ
3273 2465 3547 2528 παθόντος
3597 2461 3807 2535 ιμαθον

2213 2565 2426 2630 δόξαν,
2456 2563 2516 2617 οὗ
2548 2564 2670 2617 καθ’
2699 2562 2796 2617 ἕνα
2823 2561 3184 2632 τυγχάνοντος
3201 2558 3313 2612 τῶν
3346 2555 3677 2629 προφητῶν.
3713 2555 3802 2616 Ὧς

2219 2653 2522 2730 μελλούσης
2553 2647 2647 2708 οῦν
2691 2651 2892 2715 αὐτοὺς
2934 2651 3034 2721 τῆς
3073 2650 3245 2715 θείας,
3281 2648 3452 2719 ὀργῆς
3484 2643 3806 2712 καταλήψε-

2211 2749 2360 2814 σθαι,
2389 2748 2508 2804 νῦν
2527 2745 2973 2816 ἀναστήσομαι,
2997 2743 3186 2816 φησιν,
3205 2740 3618 2811 ἀνεξικακήσας
3642 2737 3807 2808 μέχρι

2207 2838 2303 2894 τοῦ
2353 2837 2612 2909 σταυροῦ.
2662 2837 2890 2906 ’Υψώθη
2936 2834 3140 2900 τοίνυν,
3176 2833 3377 2895 αὐτοὺς
3412 2831 3510 2902 μὲν
3549 2845 3810 2898 τιμωρη-

2212 2933 2468 3002 σάμενος,
2515 2929 2751 2993 καλέσας
2775 2929 2833 2983 δὲ
2886 2927 2956 2982 τὰ
3001 2927 3153 2998 έθνη.
3180 2924 3505 2980 Γνώσεσθσ
3552 2922 3616 2976 δὲ
3668 2920 3808 2982 νῦν.

2216 3024 2406 3095 φησιν,
2442 3023 2518 3086 ὡς
2555 3022 2800 3094 ὑπῆρχον
2828 3019 2996 3092 ὑμῶν
3030 3021 3402 3092 ίσχυροτερος.

525 3120 629 3177 set,
655 3112 812 3169 Nunc
833 3131 1142 3186 exsurgam,
1188 3115 1389 3184 inquit,
1437 3115 1529 3185 qui
1570 3114 1634 3168 ad
1665 3129 1887 3169 crucem
1923 3129 2100 3184 usque
2139 3113 2372 3184 injurias
2403 3127 2562 3184 aequo
2581 3111 2766 3166 animo
2797 3110 3044 3181 pertulit.
3107 3107 3203 3164 Est
3235 3106 3451 3193 \itaque
3507 3103 3812 3162 exaltatus,

526 3215 840 3276 postquam,
880 3217 1100 3278 sumpto
1131 3207 1199 3261 de
1227 3205 1335 3262 illis
1382 3205 1678 3277 supplicio,
1717 3213 1909 3276 gentes
1935 3205 2017 3276 [ad
2048 3204 2209 3260 tidem
2275 3205 2512 3260 vocavit.
2584 3201 2742 3258 Nunc
2780 3216 2911 3258 vero
2937 3199 3286 3272 cognoscetis,
3328 3197 3428 3261 ait,
3493 3195 3646 3265 quod
3711 3205 3813 3262 ego

526 3299 674 3363 sobis
695 3316 844 3355 eram
879 3301 1182 3371 potentior.

609 3390 674 3451 Et
725 3409 812 3447 ros
853 3370 990 3464 ignis
1046 3393 1152 3460 ipse
1201 3390 1466 3461 deposcet,
1508 3389 1954 3461 quemadmodum
2000 3403 2113 3459 quae

2293 3386 2400 3442 Καὶ
2434 3382 2624 3451 πυρὸς
2667 3381 2889 3434 ἔσεσθε
2925 3374 3138 3446 τροφὴ,
3158 3370 3449 3464 καθάπερ,
3475 3371 3722 3464 ἄκανθα
3745 3371 3816 3424 ἐν

530 3485 740 3556 objecta
767 3495 845 3540 est
877 3485 1045 3556 398
1069 3487 1122 3539 in
1154 3501 1305 3556 agro,
1340 3485 1495 3552 spina
1525 3482 1769 3538 comburi
1799 3483 2110 3537 consuevit.

531 3564 628 3635 Esi
658 3579 804 3634 enim
842 3592 1175 3633 consumens
1215 3577 1360 3648 ignis
1395 3577 1538 3631 Deus
1594 3583 1785 3630 noster
1813 3576 1880 3630 τ’.
1913 3571 2114 3629 Verum

531 3671 817 3726 enimvero
841 3678 1014 3725 totum
1044 3671 1193 3725 hunc
1217 3671 1400 3724 locum
1438 3669 1520 3725 sic
1550 3667 1773 3739 quidam
1798 3667 2114 3738 explicant:

532 3761 668 3818 Cum
703 3777 878 3832 neque
911 3763 1098 3826 minis,
1140 3778 1318 3833 neque
1343 3761 1802 3832 promissionihus
1819 3760 2118 3830 persuade-

537 3862 690 3909 retur
725 3855 983 3924 populus,
1019 3863 1280 3924 tanquam
1310 3855 1536 3910 unicum
1576 3860 1894 3925 superesset
1929 3853 2116 3923 plaga-

535 3958 659 3999 rum
702 3945 1042 4009 remedium,
1076 3945 1196 4015 ejus
1241 3945 1726 4001 commiseratione
1787 3951 2117 4008 commotus,

542 4053 733 4107 preces
774 4037 837 4091 ad
880 4038 1269 4094 universorum
1312 4037 1477 4092 Deum
1507 4037 1689 4092 fundit
1719 4037 2010 4107 propheta,
2048 4036 2119 4091 si-

538 4129 809 4202 gniﬁcans
840 4131 1146 4200 completas
1175 4145 1300 4186 esse
1333 4130 1401 4185 ab
1432 4130 1513 4186 eis
1533 4130 1876 4199 iniquitates,
1907 4144 2123 4200 ρωπος-

537 4239 645 4294 que
681 4223 906 4278 mereri.
939 4221 1045 4278 Sed
1077 4232 1192 4290 tua,
1237 4223 1438 4294 inquit,
1474 4223 1840 4278 miseratione
1883 4222 1952 4277 iis
1980 4236 2124 4292 opus

536 4327 643 4385 est,
669 4319 762 4389 qui
795 4317 976 4373 alllicti
1038 4316 1092 4372 in
1124 4324 1179 4371 te
1215 4331 1338 4387 spes
1363 4331 1493 4372 suas
1517 4316 1880 4372 collocarunt.
1913 4312 1989 4368 Da
2019 4313 2120 4384 igi-

538 4419 630 4470 tur
659 4410 742 4466 eis
789 4409 1053 4475 salutem,
1105 4410 1199 4481 qui
1235 4419 1456 4480 propter
1491 4421 1696 4465 metum
1745 4417 1899 4464 tuum
1934 4408 2123 4464 obstu-

541 4511 806 4576 puerunt.
843 4502 940 4559 Est
963 4517 1096 4558 vero
1140 4502 1246 4558 ista
1277 4501 1488 4558 dixisse
1531 4499 1830 4572 putandus,
1864 4516 1975 4555 non
2003 4508 2124 4554 tan-

541 4611 706 4666 quam
744 4592 914 4651 Deum
947 4609 1136 4650 rerum
1177 4593 1432 4664 ignarum
1483 4592 1684 4648 docere
1716 4591 2004 4654 videatur;
2029 4588 2126 4644 sed

544 4696 606 4744 ut
630 4688 938 4758 exemplum
967 4687 1189 4758 populo,
1225 4701 1346 4756 quae
1375 4685 1441 4739 ad
1496 4687 1729 4742 salutem
1769 4683 2000 4745 faciunt,
2025 4693 2125 4751 po-

2221 3475 2378 3547 ἀγῬῷ
2398 3469 2909 3539 κατακεκαυμένη,
2939 3469 2999 3522 '0
3037 3467 3145 3537 γὰρ
3171 3465 3305 3527 Θεὸς
3335 3463 3494 3535 ἡμῶν
3532 3462 3651 3533 πῦρ
3678 3479 3814 3516 κατ-

2221 3568 2514 3624 αναλίσκον
2567 3563 2737 3618 ἐστίν.
2775 3563 2933 3624 Τινὲς
2958 3560 3016 3614 δὲ
3046 3559 3150 3631 τὴν
3185 3559 3368 3611 πᾶσαν
3397 3555 3577 3619 οὕτως
3615 3552 3814 3626 ἐξηγη-

2223 3679 2388 3718 σαντο
2425 3660 2605 3731 ῥῆσιν.
2650 3652 3033 3717 Ἀπειθοῦντος
3074 3651 3171 3706 τοῦ
3200 3648 3332 3703 λαοῦ
3367 3647 3464 3702 καὶ
3497 3649 3628 3710 ταῖς
3655 3648 3813 3699 ἀπει-

2224 3756 2342 3819 λαῖς
2391 3755 2485 3807 καὶ
2534 3753 2654 3814 ταῖς
2705 3747 3090 3818 ἐπαγγελίαις,
3143 3744 3220 3808 ὼς
3287 3741 3453 3814 μηδὲν
3515 3739 3814 3793 ὑπόλοιπον

2226 3819 2492 3918 ὑπάρχειν
2542 3842 2682 3914 πλὴν
2706 3841 2803 3896 τοῦ
2856 3839 3068 3901 παθεῖν,
3099 3839 3181 3900 εἰς
3228 3833 3581 3904 συμπάθειαν
3617 3832 3648 3885 δ
3684 3848 3813 3901 προ·

2225 3942 2404 4011 φήτης
2453 3935 2826 4006 κατενεχθεὶς,
2877 3932 3042 4002 εὐχὴν
3082 3929 3226 3999 ὑπὲρ
3266 3926 3448 3982 αὐτῶν
3491 3923 3812 3993 ἀναπέμπει

2227 4035 2364 4106 πρὸς
2386 4033 2478 4087 τὸν
2510 4031 2618 4085 τῶν
2646 4029 2783 4083 ὅλων
2810 4026 2965 4089 Θεὸν,
2996 4023 3177 4094 δηλῶν
3207 4021 3283 4088 ὡς
3316 4019 3385 4074 τὰ
3413 4018 3513 4089 μὲν
3553 4015 3690 4088 παρ’
3717 4014 3812 4106 ab-

2226 4130 2336 4182 τῶν
2365 4129 2443 4188 εἰς
2473 4124 2616 4178 κακὰ
2648 4119 3142 4192 συμπεπλήρωται,
3171 4110 3590 4188 κεχρεὼστηταί
3612 4126 3674 4163 τε
3695 4105 3814 4162 τοῦ·

2228 4236 2340 4281 τοις
2368 4218 2402 4289 ἡ
2434 4216 2582 4285 δίκη.
2609 4213 2785 4285 Χρεία
2815 4212 2872 4266 δὲ
2895 4212 3004 4266 τῶν
3045 4209 3153 4263 σῶν
3194 4208 3328 4280 ἡμῖν
3363 4203 3671 4275 οἰκτιρμῶν
3702 4201 3814 4262 τοῖς

2229 4311 2541 4375 ἐλπίζουσιν
2575 4307 2671 4360 ἐπὶ
2696 4305 2757 4359 σὲ
2789 4304 2878 4359 καὶ
2901 4302 3263 4373 θλιϐομένοις.
3289 4301 3391 4361 Δὸς
3411 4296 3506 4350 οῦν
3535 4293 3813 4363 σωτηρίαν

2228 4405 2341 4465 τοῖς
2373 4399 2466 4455 διὰ
2493 4399 2584 4452 τὸν
2610 4397 2700 4450 σδν
2736 4395 2901 4465 φόϐον
2947 4391 3316 4463 ὑπομείνασιν
3353 4387 3634 4441 ἔκστασιν.
3668 4382 3813 4436 Ἔλερ

2231 4509 2327 4562 γεν
2351 4492 2408 4545 δὲ
2430 4487 2607 4543 ταῦτα
2635 4487 2732 4556 οὐχ
2764 4485 2840 4549 ὡς
2868 4481 3169 4553 ἀγνοοῦντα
3200 4478 3469 4533 διδάσκων
3493 4474 3654 4539 Θεδν,
3679 4471 3812 4526 ἀλλὰ

2231 4583 2401 4646 τύπος
2428 4581 2711 4651 γινόμενος
2758 4577 2835 4648 τῷ
2862 4575 2977 4647 λαῷ
3019 4575 3086 4629 τὰ
3125 4573 3262 4644 πρὸς
3312 4569 3595 4642 σωτηρίαν
3623 4568 3809 4622 αἰτεῖν.

2236 4678 2307 4730 Ἃ
2329 4674 2438 4746 γὰρ
2459 4674 2657 4735 αὐτοὺς
2686 4671 2865 4738 λέγειν
2892 4668 3083 4739 ἐχρῆν,
3119 4669 3197 4730 εἰς
3226 4665 3396 4728 ἀκοὰς
3431 4661 3662 4718 αὐτῶνὸ
3685 4675 3811 4729 apo—

545 4752 1103 4849 stulandi-proponat.
1121 4752 1254 4844 Quae
1275 4779 1421 4833 enim
1447 4777 1597 4846 ipsos
1621 4777 1806 4831 dicere
1821 4773 2106 4845 oportebat

2235 4769 2413 4839 φήτης
2445 4765 2630 4835 φησὶν,
2673 4764 2760 4817 ἱνα
2810 4763 3180 4832 μιμήσωνται.
3209 4759 3337 4812 ’Ὀτι
3369 4757 3478 4826 γὰρ
3526 4754 3625 4807 καὶ
3651 4755 3698 4806 ct
3735 4752 3811 4849 είς

546 4870 672 4928 ideo
705 4869 933 4925 auribus
957 4885 1145 4925 eorum
1174 4869 1438 4939 propheta
1472 4868 1772 4933 inclamat,
1795 4874 1856 4921 ut
1888 4864 1956 4920 ad
2002 4863 2127 4918 imi-

549 4963 810 5019 tationem
845 4962 1181 5017 excitentur.
1210 4961 1369 5017 Patet
1396 4977 1635 5031 namque
1665 4976 1784 5022 eos,
1810 4959 1902 5030 qui
1933 4957 2001 5012 ab
2017 4958 2126 5013 As-

548 5054 697 5125 syrio
723 5052 781 5107 in
815 5053 1081 5106 auxilium
1103 5053 1279 5106 vocati
1311 5060 1461 5117 sunt,
1485 5053 1653 5106 tacite
1679 5066 1805 5106 esse
1829 5050 2127 5120 perituros,

2237 4856 2559 4930 συμμαχίαν
2611 4855 2716 4909 ὑπὸ
2760 4854 2852 4908 τοῦ
2899 4853 3188 4924 ’Λσσυρίου
3235 4847 3533 4918 κληθέντες
3581 4842 3810 4914 ἀψοφητὶ

2231 4951 2638 5021 τελευτήσουσι,
2685 4947 2781 5000 καὶ
2826 4946 2874 4998 οί
2905 4944 3082 4996 λοιποὶ
3135 4940 3270 5012 πρὸς
3307 4938 3490 5009 φυγὴν
3541 4937 3659 4991 ἀπὸ
3709 4931 3808 4987 τοῦ

2227 5043 2418 5113 φόϐου
2475 5041 2886 5112 τραπήσονται,
2945 5033 3166 5103 εὔδηλον
3225 5030 3338 5083 τῶν
3403 5023 3808 5098 ἰσραηλιτικῶν

548 5146 798 5217 reliquos
837 5152 1017 5200 autem
1054 5154 1194 5198 metu
1251 5144 1431 5214 fugam
1488 5144 1840 5213 abrepturos,
1895 5141 2113 5196 servati:

2232 5133 2448 5189 σκύλων
2494 5128 2828 5200 σωζομένων
2860 5128 3092 5194 δυνᾴμει
3129 5121 3287 5188 Θεοῦ,
3336 5115 3405 5192 ἦς
3440 5116 3807 5175 θεοσεϐοῦντες

547 5253 651 5309 ope
669 5211 766 5292 hei
781 5237 965 5307 (quem
988 5244 1179 5291 sancte
1199 5242 1253 5288 ct
1273 5211 1359 5305 pie
1375 5211 1730 5303 venerantur)
1757 5232 2113 5289 lsraelitarun

2236 5227 2586 5296 τυγχάνουσι.
2619 5220 2712 5292 Μὴ
2745 5216 3135 5290 μετανοοῦντες
3165 5213 3222 5266 δὲ
3247 5211 3692 5283 στερηθήσονται,
3711 5221 3808 5257 πε-

553 5330 788 5400 spoliis;
837 5329 1044 5400 quibus
1103 5335 1285 5382 tamen
1344 5335 1398 5384 et
1447 5328 1574 5398 ipsi,
1629 5328 1734 5382 nisi
1782 5325 2132 5395 resipiscam,

2243 5314 2601 5388 ριγινομένων
2632 5311 2812 5367 αὐτῶν
2837 5309 2946 5362 τῶν
2966 5307 3177 5378 ἐχθρῶν
3205 5305 3281 5368 ὡς
3305 5301 3588 5372 ἀκρίδων.
3619 5300 3809 5388 Ἀτιος

554 5422 715 5480 facile
767 5421 1168 5494 privabuntur;
1209 5435 1335 5476 cum
1369 5429 1626 5490 tanquam
1657 5419 1900 5478 locustw,
1947 5417 2113 5471 hoste:

2244 5387 2277 5462 δ
2308 5407 2453 5472 Θεὸς
2475 5407 2508 5458 ὁ
2544 5402 2840 5458 κατοικῶν
2891 5400 2962 5454 ἐν
2998 5396 3286 5467 ὑψηλοῖς.
3335 5392 3627 5494 Προκοπην
3665 5387 3808 5494 δίη).οέ

557 5478 669 5592 non
713 5478 896 5570 desint
919 5478 1269 5586 supersﬁtcs.
1319 5478 1552 5568 Sanct'us
1587 5512 1748 5575 Deus,
1788 5510 1878 5582 qui
1931 5507 2113 5562 habita

2243 5497 2504 5562 διανοίας,
2537 5495 2634 5549 καὶ
2673 5494 2880 5565 δίαρμα
2927 5490 3106 5562 ψυχῆς
3159 5485 3381 5592 ἀγαθόν.
3418 5483 3497 5537 Οὐ
3545 5481 3648 5592 γὰρ
3675 5478 3805 5530 Θεοῦ

553 5607 611 5671 in
659 5607 900 5666 excelsis.
935 5607 1146 5676 Quibus
1198 5605 1407 5663 indicat
1453 5605 1654 5661 mentis
1699 5611 1756 5664 et
1797 5602 1994 5657 animae
2024 5601 2139 5658 cla-

562 5699 766 5759 lionem
807 5699 1030 5755 bonam.
1053 5699 1241 5769 Neque
1275 5697 1421 5752 enim
1463 5707 1681 5752 sanctus
1710 5696 1799 5751 hic
1833 5695 1956 5750 illeo
1992 5690 2141 5762 poni-

2249 5589 2383 5663 πρὸς
2432 5588 2727 5659 ἁγιασμὸν,
2765 5584 2880 5640 ἀλλ’
2924 5584 2998 5648 ὡς
3032 5580 3128 5634 τοῦ
3155 5575 3452 5650 εὐχομένου
3482 5571 3806 5663 προκόπτονο

2247 5655 2358 5748 τος,
2395 5684 2459 5736 τὸ
2482 5655 2671 5750 ἅγιος,
2701 5679 2942 5749 λέγεται,
2970 5674 3276 5746 ὑψοῦντος
3303 5667 3474 5736 Θεὸν,
3504 5664 3586 5735 ἐφ’
3616 5655 3687 5724 οἷς
3710 5658 3805 5722 αὓο

633 5878 800 5940 "lsa.
829 5895 902 5945 Ix,
941 5878 1011 5941 ἒς
1049 5876 1234 5933 Matth.
1266 5893 1336 5940 ιν,
1375 5876 1457 5930 ili.
1535 5877 1579 5910 ⁷⁸
1615 5873 1716 5930 lsa.
1755 5890 1903 5934 xxtx,
1952 5874 2034 5929 l7.
2110 5874 2113 5888 '

2216 5869 2352 5926 lchr.
2406 5879 2501 5930 HE,
2540 5861 2632 5921 29.
