3978 6374
218 358 358 426 2297

1301 369 1833 433 COMMENTARII
1864 370 1947 434 IN
1986 371 2275 438 ISAIAM.

3347 374 3491 445 2298

218 477 316 534 τοῦ
337 478 401 534 τὸ
436 478 648 536 δίκαιον
667 479 812 537 κατὰ
843 482 951 537 τῶν
980 484 1384 555 ἡμαρτηκότων
1410 487 1585 557 κρῖμα
1614 486 1798 541 κατεί-

1913 495 2012 551 :ur,
2036 483 2187 556 quod
2225 484 2295 540 ad
2324 483 2419 541 Dei
2454 484 2881 541 sanctimoniam
2914 484 3220 557 quidquam
3251 484 3489 557 adjicia-

218 571 394 643 ληφεν
416 572 652 628 καθόλου
673 590 734 628 τε
761 574 856 628 καὶ
883 574 1024 629 κατὰ
1043 576 1142 645 τῆς
1178 575 1561 648 Ἰερουσαλήμ.
1593 577 1669 631 Οὐ
1691 580 1799 649 γὰρ

220 665 301 729 είς
349 664 631 720 ἀπώλειαν
675 666 775 739 τὴν
824 667 1001 733 πόλιν,
1034 668 1151 722 ἀλλ’
1185 670 1266 733 είς
1303 668 1639 740 ἐπιστροφὴν
1689 669 1800 723 τῶν

222 755 576 812 ἐνοικούντων
631 758 911 813 ἐπαίδευεν
934 777 946 791 ·
983 762 1072 815 ὅτε
1118 759 1216 814 καὶ
1272 759 1627 830 δικαιοσύνη
1668 761 1800 833 παρ’

220 848 409 913 αὐτοῖς
439 850 712 920 ἀκμάζειν
741 852 993 923 ἠδύνατο,
1035 854 1130 908 καὶ
1163 854 1326 925 νόμος
1364 853 1616 923 ἀνθῆσαι,
1648 855 1743 907 καὶ
1772 855 1801 907 ὁ

220 940 350 1005 λαὸς
381 944 445 995 ἐκ
476 942 668 997 τούτου
698 944 954 1017 καθάπερ
983 945 1187 1015 ἀγαθὸν
1225 944 1534 1018 ἀρύσασθαι
1569 949 1798 1011 θησαυ-

212 1037 347 1101 ρόν.
395 1034 515 1105 Ἀφ’
541 1029 602 1089 οὗ
635 1036 731 1091 καὶ
774 1038 853 1100 είς
881 1038 1123 1107 σοφίαν,
1174 1037 1268 1090 καὶ
1298 1036 1640 1106 ἐπιστήμην
1665 1052 1800 1106 προ-

218 1128 475 1192 έκοπτον,
502 1131 537 1201 ἢ
573 1131 739 1201 γεννᾷ
767 1130 1085 1184 εὐσέϐειαν
1122 1130 1258 1201 πρὸς
1287 1130 1421 1182 Θεὸν
1450 1129 1544 1181 καὶ
1574 1132 1801 1195 θησαυ-

212 1219 367 1288 ροὺς
404 1220 815 1289 δικαιοσύνης.
865 1222 1023 1276 Οὕτω
1079 1221 1138 1275 δὲ
1184 1220 1569 1290 διακειμένων,
1618 1221 1798 1290 ὁρμὴν

220 1308 433 1380 ἐχθρῶν
459 1309 611 1379 ὑμῶν
643 1311 705 1364 οὐ
730 1312 1023 1382 κρατήσειε
1051 1312 1254 1381 φόϐος,
1286 1310 1401 1364 ἀλλ’
1444 1310 1667 1364 ἐκείνων
1691 1312 1719 1364 ό
1738 1310 1799 1376 ἐξ

222 1399 401 1469 ὑμῶν,
452 1401 546 1454 καί⁸
576 1401 714 1473 πρδς
759 1402 1008 1471 εἰρήνην
1046 1401 1477 1473 πρεσὸεύσονται
1508 1401 1642 1470 ἐμοῦ
1674 1402 1798 1455 κατ’

219 1493 402 1547 αὐτῶν
429 1493 705 1566 ὁρίζοντος
730 1496 1037 1567 ἐρήμωσιν,
1075 1495 1172 1551 καὶ
1205 1496 1304 1569 τήν
1333 1494 1455 1550 καθ’
1486 1493 1641 1566 ὑμῶν
1678 1492 1798 1547 δια-

219 1585 398 1657 ταγὴν
431 1586 866 1653 καταπαύοντος.

1903 584 1994 630 tur
2025 594 2040 633 :
2066 577 2161 632 sed
2196 584 2258 632 ut
2290 578 2502 634 orantis
2532 577 2815 649 profectus
2839 577 3118 633 indicetur
3161 593 3286 633 eum
3326 581 3487 635 exat-

1904 672 2088 737 tantis,
2128 672 2291 743 cujus
2315 673 2524 744 justum
2554 673 2823 742 judicium
2856 688 2964 729 non
2995 674 3173 729 solum
3213 674 3270 728 in
3313 675 3490 731 scele-

1903 773 2051 820 ratos
2080 779 2294 829 omnes,
2320 766 2415 821 sed
2441 766 2496 820 in
2522 763 2828 823 Jerusalem
2860 774 3125 837 appareat
3152 783 3167 833 ;
3196 766 3292 837 qui
3333 765 3482 822 illam

1901 870 2009 908 non
2047 855 2113 910 ad
2148 856 2462 920 interitum,
2493 856 2588 913 sed
2619 857 2685 911 ad
2712 858 3014 911 incolarum
3041 856 3484 918 conversionem.

1900 946 2061 1018 allligi
2100 946 2365 1002 voluerit:
2390 962 2501 1018 quo
2529 956 2775 1018 tempore
2797 948 3005 1013 iustitia
3028 947 3170 1018 apud
3197 963 3316 1012 eos,
3336 948 3487 1018 ipsa-

1899 1054 2006 1106 que
2043 1037 2128 1091 lex
2191 1036 2435 1107 vigebat,
2473 1052 2540 1092 ex
2595 1054 2704 1108 qua
2735 1039 2973 1108 populus
3002 1038 3276 1107 ingentem
3320 1038 3487 1094 veluti

1900 1130 2209 1184 thesaurum
2245 1130 2484 1200 aliquem
2517 1130 2846 1201 depromere
2876 1138 3131 1202 poterat;
3167 1130 3314 1186 unde
3343 1140 3398 1187 et
3418 1132 3489 1186 ad

1899 1219 2216 1286 sapientiam
2261 1228 2310 1272 et
2343 1218 2685 1289 disciplinam
2712 1219 3063 1288 proﬁcerent,
3093 1235 3215 1290 quae
3238 1220 3491 1289 pietatem

1899 1312 1953 1366 iu
1987 1309 2182 1377 Deum,
2216 1321 2269 1365 et
2287 1311 2522 1380 justitiaz
2552 1312 2833 1365 thesauros
2862 1312 3006 1367 solet
3033 1327 3350 1383 procreare.
3379 1313 3489 1370 Sed

1899 1417 2027 1458 cum
2074 1403 2150 1455 ita
2188 1416 2247 1456 se
2295 1416 2390 1457 res
2436 1401 2712 1465 habeant,
2762 1401 3006 1456 hostium
3057 1401 3324 1473 impetum
3374 1419 3487 1457 non

1900 1495 2062 1549 timor
2114 1494 2225 1558 ille,
2271 1508 2382 1564 quo
2427 1494 2580 1564 ipsos
2646 1494 2931 1560 metuitis,
2981 1494 3077 1550 sed
3110 1509 3221 1565 quo
3268 1510 3368 1551 vos
3407 1496 3488 1551 illi

1899 1593 2151 1642 metuunt
2181 1586 2509 1657 superabit;
2561 1598 2617 1642 et
2646 1604 2831 1657 pacem
2879 1602 2977 1657 per
3028 1588 3237 1658 legatos
3267 1605 3298 1644 a
3333 1589 3491 1647 vobis

1900 1689 1986 1727 me
2036 1682 2368 1742 procurante
2400 1675 2780 1745 postulabunt,
2808 1677 2903 1746 qui
2929 1675 3127 1731 deillis
3148 1676 3490 1742 evertendis,

1899 1765 2079 1835 deque
2103 1782 2294 1821 eorum
2324 1767 2487 1824 vobis
2520 1768 2764 1823 tollendo
2790 1767 2925 1839 jugo
2959 1768 3276 1823 statuerim.

290 1852 370 1906 Οὐ
402 1852 514 1924 γὰρ
554 1852 765 1907 ἐαυτῶν
811 1852 1045 1926 ἐπῆλθον
1077 1856 1224 1925 ὑμῖν,
1261 1856 1396 1927 ἐμοῦ
1446 1858 1504 1910 δὲ
1546 1857 1799 1931 καθάπερ

1974 1857 2141 1929 399
2152 1857 2337 1928 Neque
2359 1859 2505 1915 cnim
2527 1875 2628 1917 sua
2661 1868 2858 1932 sponte
2884 1861 3011 1932 ipsi,
3028 1862 3123 1916 sed
3158 1876 3244 1915 me
3266 1867 3494 1916 auctore

217 1942 345 1997 τινὰ
384 1942 682 2013 διαθήκην
725 1944 909 2009 αὐτοῖς
951 1945 1320 2012 διατάξαντος.
1362 1949 1503 2001 Ἀλλ’
1556 1950 1697 2020 ἔχων
1729 1969 1800 2022 με

220 2034 513 2107 σύμμαχον
525 2039 960 2109 καταφρονήσεις
980 2039 1179 2094 αὐτῶν.
1202 2036 1334 2094 Εἷτά
1363 2059 1548 2111 φησιν,
1594 2042 1801 2097 Ἐπέν-

220 2130 415 2195 θησεν
440 2128 477 2195 ή
520 2129 617 2198 γῆ,
648 2130 777 2193 τοὺς
801 2130 1002 2194 τόπους
1046 2132 1167 2184 ἀντὶ
1200 2132 1308 2184 τῶν
1350 2133 1801 2203 οἰκητόρωνικαὶ

218 2218 346 2271 ἀντὶ
375 2217 608 2288 λογικῶν
624 2219 925 2292 ἀναίσθητα
957 2223 1092 2292 πρὸς
1119 2222 1382 2293 αἰσχύνην
1411 2223 1633 2278 ἐκείνων
1658 2243 1802 2297 παρ.

218 2308 447 2380 είληφεν
475 2352 489 2375 ,
518 2312 611 2376 οὓς
640 2313 747 2367 ἔδει
780 2315 880 2385 τὴν
911 2314 1045 2369 ίδίαν
1090 2315 1355 2387 θρηνῆσαι
1384 2318 1620 2387 πληγήν.
1660 2318 1719 2369 '0
1743 2318 1801 2373 δὲ

215 2403 351 2465 τοὺς
383 2403 586 2468 τόπους
614 2407 907 2477 παρήγαγε
938 2408 1221 2477 μονονουχὶ
1250 2408 1676 2475 συστενάζοντας
1705 2413 1803 2465 καὶ

219 2495 640 2561 συνωδίνοντας,
676 2498 817 2551 κατα
853 2499 947 2553 τὸν
975 2499 1131 2568 λόγον
1170 2500 1262 2553 τὸν
1305 2502 1686 2568 ἀποστολικδν,
1717 2504 1802 2573 ἐφ’

216 2582 302 2651 οἷς
327 2590 360 2659 ή
398 2589 535 2643 Θεοῦ
565 2589 794 2661 δύναμις
813 2592 1064 2663 ἐμφανὴς
1092 2592 1177 2646 διὰ
1201 2593 1301 2663 τῆς
1333 2596 1616 2666 ἐνεργείας
1647 2598 1804 2668 γενή-

218 2697 400 2738 σεται.
427 2684 952 2753 Αίσχυνθήσονται
973 2686 1081 2759 γὰρ
1110 2688 1174 2740 ἐκ
1208 2689 1509 2760 μεταϐολῆς
1528 2693 1579 2744 οἱ
1610 2709 1805 2745 πεποι-

217 2779 380 2842 θότες
415 2781 503 2833 ἐπ’
537 2782 878 2851 Αἰγυπτίοις,
910 2784 993 2837 ὅτι
1022 2782 1415 2848 καταλιπόντες
1437 2786 1527 2839 τὸν
1552 2785 1685 2840 Θεὸν
1714 2788 1805 2842 τὸν

216 2874 367 2927 οὕτω
395 2876 524 2938 τοὺς
557 2876 836 2940 ἐναντίους
865 2877 1263 2948 τροπούμενον,
1296 2880 1431 2950 πρὸς
1468 2881 1804 2949 Αἰγυπτίους

215 2965 644 3038 ἐπρεσϐεύοντο,
676 2969 813 3022 Θεοῦ
856 2970 1345 3042 καταστρώσαντος
1392 2979 1509 3044 ρπε¹
1539 2974 1804 3044 χιλιάδας,

215 3052 297 3114 ὧν
330 3061 504 3130 νεκρὰ
541 3062 607 3115 τὰ
656 3062 887 3132 σώματα
919 3064 1062 3134 πυρὶ
1109 3066 1529 3135 παραδέδοται.
1558 3063 1717 3123 Οὗτοι
1748 3070 1804 3123 δὲ

1902 1964 2001 2005 vos
2032 1950 2208 2005 adorti
2237 1953 2512 2023 οπως(ιυί
2547 1953 2597 2007 id
2627 1968 2751 2008 cum
2772 1953 2906 2016 illis,
2926 1952 3095 2007 veluti
3127 1952 3319 2022 {sedere
3348 1967 3492 2022 quo-

1903 2042 2049 2106 dam,
2076 2042 2374 2097 sanxerim.
2396 2042 2598 2097 Verum
2634 2043 2682 2099 si
2731 2060 2818 2098 me
2858 2043 3242 2098 auxiliatorem
3278 2042 3493 2098 habue-

1902 2133 2045 2198 ritis,
2071 2133 2293 2188 eosdcm
2328 2134 2587 2190 facillime
2617 2134 3087 2207 contempseritis.
3115 2135 3321 2190 Deinde
3353 2135 3493 2190 luxit

1905 2233 2070 2289 terra,
2100 2226 2201 2289 ait,
2235 2226 2442 2289 ut,'oci
2474 2226 2718 2291 nomine,
2750 2227 2873 2297 ejus
2905 2226 3141 2291 incolas,
3174 2235 3229 2281 et
3269 2241 3370 2297 pro
3400 2242 3495 2281 ra-

1906 2316 2073 2372 tionis
2105 2316 2489 2385 participibus,
2513 2331 2638 2386 quze
2671 2331 2841 2372 sensu
2873 2324 3090 2378 carent,
3118 2315 3185 2369 ad
3218 2314 3491 2386 pudorem

1906 2408 2020 2462 illis
2064 2406 2441 2472 excitandum,
2500 2414 2852 2471 assumeret;
2889 2421 3029 2476 quos
3052 2421 3210 2462 suam
3238 2404 3493 2476 alioquin

1906 2500 2094 2570 lugere
2120 2499 2493 2554 calamitatem
2528 2497 2780 2554 decebat.
2814 2498 2961 2553 Loca
2988 2498 3190 2553 deinde
3226 2504 3491 2567 tanquam

1906 2592 2336 2662 congemiscere,
2368 2598 2422 2646 et
2455 2590 2770 2656 condolere,
2828 2590 3075 2662 Apostoli
3105 2590 3375 2646 rationem
3407 2604 3495 2645 se-

1907 2695 2068 2739 cutus
2101 2683 2170 2747 8°,
2214 2683 2366 2747 fecit,
2404 2682 2459 2737 in
2490 2683 2695 2753 quibus
2732 2682 2826 2739 Dei
2880 2684 3057 2739 virtus
3090 2683 3272 2752 reipsa
3310 2681 3491 2753 palam

1910 2775 2093 2830 futura
2114 2776 2205 2831 sit.
2230 2774 2554 2829 Erubescent
2570 2776 2718 2830 enim
2748 2775 2865 2845 ipsa
2890 2791 3076 2831 rerum
3103 2774 3490 2839 conversione,

1908 2868 2002 2939 qui
2032 2869 2088 2923 in
2128 2867 2403 2940 Egyptiis
2438 2883 2565 2937 spes
2601 2883 2733 2925 suas
2770 2870 2842 2924 ita
2876 2868 3244 2931 collocarunt,
3298 2873 3361 2921 ut
3393 2865 3494 2937 qui

1910 2960 2021 3016 Deo
2064 2962 2291 3031 rejecto,
2325 2976 2353 3015 a
2406 2977 2514 3027 quo
2547 2962 2736 3017 hostes
2766 2968 2877 3015 tam
2932 2960 3095 3016 facile
3128 2968 3491 3030 superantur,

1912 3053 1981 3106 ab
2014 3052 2122 3106 illis
2167 3066 2263 3120 per
2313 3052 2523 3121 legatos
2560 3068 2719 3121 opem
2762 3052 3060 3122 petiverint
3100 3069 3112 3105 :
3159 3064 3285 3104 cum
3318 3048 3491 3104 Deum

214 3153 481 3224 καθάπερ
503 3155 639 3224 πυρὶ
664 3154 1032 3227 δαμαζόμενοι
1053 3157 1152 3230 τὴν
1177 3160 1264 3229 ἐφ’
1284 3154 1364 3226 οἷς
1392 3160 1661 3233 ἔπραττον
1683 3165 1807 3235 ὁμο-

1913 3160 2120 3199 cuxxv
2174 3144 2343 3198 millia
2388 3145 2626 3199 hostium
2660 3145 2925 3201 stravisse
2957 3151 3177 3200 constet
3203 3144 3247 3176 "
3276 3160 3293 3210 ;
3351 3156 3495 3212 quo-

214 3244 548 3316 λογήσουσιν
585 3248 787 3303 ἄνοιαν.

292 3510 477 3580 ιγ-ιθ’.
518 3511 901 3566 Ἀκούσονται
938 3515 992 3566 οἱ
1014 3513 1317 3582 πόρῤωθεν
1339 3512 1377 3567 ἃ
1395 3513 1681 3582 ἐποίησα,
1710 3514 1809 3568 καὶ

214 3605 564 3675 γνώσονται
593 3608 646 3659 οἱ
660 3604 993 3675 ἐγγίζοντες
1008 3604 1122 3674 τὴν
1140 3609 1326 3675 ίσχύν
1344 3624 1482 3676 μου.
1522 3608 1810 3674 Ἀπέστη-

215 3712 351 3752 σαν
400 3699 457 3752 οἱ
484 3698 557 3751 ἐν
605 3698 759 3751 Σιὼν
811 3698 1041 3767 ἄνομοι.
1090 3700 1359 3767 And-stat
1406 3700 1620 3768 τρόμος
1668 3699 1812 3764 τοὺς

217 3787 493 3855 ἀσεϐεῖς.
542 3786 644 3854 Τίς
692 3788 1013 3858 ἀναγγελεῖ
1052 3788 1196 3857 ὑμῖν
1237 3788 1329 3841 ὅτι
1373 3789 1494 3856 πῦρ
1546 3789 1771 3842 καίεται
1791 3806 1812 3854 ,-

218 3881 314 3948 sic
346 3880 677 3950 ἀναγγελεῖ
694 3880 837 3950 ὑμῖν
860 3880 970 3934 τὸν
990 3881 1179 3934 τόπον
1192 3882 1299 3934 τὸν
1314 3881 1554 3935 αἰώνιον
1571 3897 1590 3945 ;
1620 3900 1670 3934 κ.
1694 3899 1742 3934 τ.
1759 3882 1807 3937 λ.

292 3973 439 4028 Θεοῦ
474 3973 575 4044 μὲν
621 3973 801 4043 ἐγγὺς
842 3974 1079 4044 Ἰσραήλ,
1122 3973 1246 4027 ὅσον
1299 3967 1401 4045 ἧκε
1450 3974 1529 4037 είς
1568 3974 1631 4026 τὸ
1662 3976 1812 4043 νόμῳ

226 4066 727 4137 παιδαγωγηθῆναι
759 4067 853 4119 καὶ
882 4066 1125 4135 τέρασιν.
1156 4068 1359 4135 nemo
1382 4066 1439 4120 δὲ
1464 4068 1532 4120 τὰ
1567 4066 1718 4137 ἔθνη.
1744 4068 1811 4138 τῇ

224 4159 411 4214 κτίσει
452 4158 853 4229 λατρεύσαντα.
908 4160 1019 4213 Καὶ
1065 4160 1216 4229 ὅμως
1259 4159 1327 4213 τὰ
1360 4160 1459 4229 μὲν
1500 4158 1810 4226 ἤκουσανο

221 4253 269 4305 oi
290 4252 353 4305 δὲ
384 4251 491 4305 οὐκ
523 4250 836 4322 ἠνέσχοντο.
873 4250 1018 4321 Πλὴν
1060 4250 1445 4313 ἀκούσονται,
1495 4251 1684 4321 φησιν,
1718 4249 1815 4302 καὶ

222 4346 267 4397 οἱ
289 4341 652 4411 ἐγγίζοντες.
682 4342 820 4394 Οὑδέ
849 4342 958 4411 γὰρ
987 4344 1066 4405 εἰς
1091 4343 1236 4396 ἆπαν
1258 4341 1538 4394 ἀπόλωλεν
1571 4342 1812 4411 Ἰσραήλ.

234 4432 328 4509 Ἐξ
362 4430 533 4485 αὐτοῦ
564 4431 675 4502 γὰρ
700 4436 925 4501 γέγονεν
947 4434 980 4502 ἡ
1009 4433 1119 4485 τῶν
1146 4433 1354 4486 πιστῶν
1382 4433 1626 4504 ἀπαρχὴ.
1658 4433 1815 4495 Τινὲς

1909 3251 2028 3289 rum
2065 3235 2334 3289 cadavera
2366 3235 2484 3304 igne
2512 3236 2791 3290 combusta
2820 3244 2970 3290 sunt.
3009 3236 3079 3289 At
3111 3234 3164 3288 lii
3195 3248 3301 3288 non
3333 3232 3497 3287 aliter

1906 3342 2069 3396 quam
2107 3327 2235 3395 igne
2283 3326 2496 3390 domiti,
2542 3341 2699 3381 suam
2750 3342 2819 3383 ex
2858 3326 2974 3391 bis,
3021 3339 3146 3397 quae
3179 3331 3494 3394 gesserunt,

1908 3419 2203 3475 amentiam
2236 3419 2668 3473 confitebuntur.

1981 3509 2146 3565 Vens.
2173 3512 2361 3567 {5-19.
2395 3512 2625 3565 Audient
2649 3512 2739 3579 qui
2765 3510 2915 3581 longe
2931 3519 3075 3574 sunt,
3105 3524 3223 3580 qua:
3252 3525 3345 3580 ego
3364 3509 3490 3579 feci,

1908 3612 1957 3655 et
2013 3604 2199 3667 scient,
2247 3603 2336 3672 qui
2384 3604 2832 3672 appropinquant,
2882 3600 3253 3671 fortitudinem
3300 3616 3495 3655 meam.

1913 3697 2252 3751 Recesserunt
2286 3695 2538 3765 quierant
2561 3696 2613 3748 in
2634 3693 2768 3749 Sion
2792 3694 2981 3763 iniqui.
2999 3692 3358 3761 Apprehendet
3390 3701 3497 3746 tre-

1912 3804 2028 3841 mor
2075 3788 2290 3857 impios.
2351 3786 2485 3851 Quis
2532 3786 2875 3840 annuntiabit
2905 3784 3050 3838 vobis
3096 3785 3270 3853 ignem
3304 3785 3501 3840 urere!

1912 3879 2046 3947 Quis
2074 3878 2413 3933 annuntiabit
2439 3878 2583 3933 vobis
2623 3878 2797 3932 locant
2836 3885 3095 3931 teternum
3125 3876 3150 3929 ?
3178 3887 3284 3931 etc.

1980 3971 2145 4043 ἀοο
2171 3971 2281 4026 Deo
2306 3970 2529 4041 quidem
2556 3972 3000 4040 appropinquavit
3032 3968 3223 4034 Israel,
3258 3968 3304 4024 si
3337 3967 3499 4023 mira-

1913 4065 2062 4131 cula,
2095 4073 2148 4121 et
2178 4067 2372 4137 legem,
2407 4065 2570 4135 cujus
2604 4066 2653 4121 ei
2676 4065 2993 4136 paedagogio
3017 4079 3155 4135 opus
3177 4064 3302 4130 fuit,
3337 4078 3498 4134 aspe-

1913 4158 2085 4214 xeris.
2125 4158 2209 4213 Ab
2260 4172 2329 4212 eo
2377 4164 2559 4213 autem
2609 4165 2803 4227 gentes
2864 4159 3020 4228 ipsa',
3074 4173 3198 4227 qua:
3230 4166 3502 4212 creaturae

1915 4249 2253 4315 serviebant,
2297 4249 2448 4319 longe
2490 4254 2865 4305 recesserunt.
2904 4249 3204 4303 Audierant
3228 4256 3411 4304 tamen
3447 4257 3502 4304 et

1915 4338 2056 4402 istae,
2089 4338 2235 4409 quod
2266 4337 2345 4392 illi
2378 4337 2564 4394 facere
2597 4346 2949 4394 recusarunt.
2981 4339 3050 4391 At
3073 4353 3171 4393 eos
3197 4338 3416 4392 audient
3445 4346 3502 4393 et

1916 4432 1995 4486 illi
2035 4432 2223 4497 etiam,
2261 4431 2462 4500 inquit,
2508 4431 2600 4500 ιιιιί
2638 4431 3091 4500 appropinquant.
3132 4428 3324 4501 Neque
3348 4430 3499 4495 enim

223 4528 278 4581 δὲ
309 4526 448 4598 περὶ⁵
476 4527 584 4579 τῶν
634 4525 805 4579 ἐθνῶν
835 4527 931 4581 καὶ
963 4526 1025 4579 τὸ
1065 4525 1319 4598 δεύτερον
1374 4524 1651 4591 ἐξέλαϐον.
1689 4525 1807 4590 Πῶς

1921 4525 2211 4579 universus
2256 4522 2423 4593 periit
2461 4523 2652 4581 Israel.
2686 4539 2751 4577 ex
2787 4536 2902 4592 quo
2952 4521 3195 4578 fidelium
3232 4520 3506 4592 primitias

224 4623 336 4692 γὰρ
367 4620 738 4675 ἀκούσονται
776 4621 831 4672 οί
867 4602 1206 4688 πόρῤωθεν;
1233 4619 1413 4689 ἐγγὺς
1443 4619 1686 4689 δηλονότι
1718 4636 1815 4688 γε-

227 4712 475 4783 νόμενοι.
500 4711 611 4766 Καὶ
645 4709 1060 4781 μανθάνοντες
1105 4712 1292 4766 αὐτοῦ
1337 4712 1453 4779 τὴν
1504 4712 1705 4780 ἰσχὺν,
1747 4711 1815 4783 ἥν

229 4802 374 4874 ὑπὲρ
420 4802 639 4874 Ἰσραὴλ
667 4803 1106 4875 θαυματουργῶν
1133 4803 1467 4871 ἐπεδείξατο,
1491 4803 1540 4857 οἳ
1576 4804 1671 4858 καὶ
1701 4804 1819 4866 πῶς

232 4898 283 4949 ol
311 4894 390 4949 ἐν
440 4894 594 4949 Σιὼν
640 4895 1000 4963 ἀπέστησαν
1053 4895 1404 4967 γνώσονται.
1436 4898 1593 4952 Κατὰ
1613 4897 1671 4950 δὲ
1722 4897 1821 4967 τὴν

235 4986 436 5057 ἑτέραν
485 4986 765 5057 ἐξήγησιν,
806 4985 1008 5057 διαιρεῖ
1047 4987 1176 5051 τοὺς
1221 4986 1281 5055 ἐξ
1324 4987 1560 5057 Ἰσραήλ.
1611 4980 1711 5039 Ὧν
1769 4987 1820 5039 oi

240 5077 340 5147 μὶν
367 5077 671 5146 ἤκουσαν,
707 5078 757 5132 oi
784 5079 842 5132 δέ
877 5076 1171 5133 ἀπώσαντο
1206 5078 1566 5149 τυγχάνοντες
1605 5079 1818 5148 ἄνομοι,

238 5168 330 5235 οὓς
357 5170 458 5224 καὶ
490 5169 752 5239 λήψεται
785 5172 1006 5243 τρόμος.
1031 5171 1098 5225 Ἦ
1132 5171 1240 5244 γὰρ
1272 5171 1384 5225 τῶν
1419 5169 1823 5241 ἐπενεχθέντων

241 5264 409 5331 πεῖρα
439 5261 626 5315 κακῶν
647 5263 728 5327 εἰς
761 5263 926 5331 φόόον
959 5265 1139 5333 ἀρκεῖ,
1172 5263 1270 5318 καὶ
1304 5262 1443 5334 πρός
1474 5279 1527 5315 τι
1557 5260 1578 5301 ἲ
1616 5261 1824 5331 γνῶναι

242 5352 333 5407 τὸν
362 5352 459 5405 ὑπ’
485 5353 668 5408 αὐτῶν
700 5354 1076 5426 ὑϐριζόμενον.
1108 5356 1251 5428 Πρὸς
1280 5354 1374 5420 οὓς
1404 5355 1500 5409 καί
1529 5370 1685 5426 φησι,
1720 5352 1821 5420 Τίς

246 5445 567 5521 ἀναγγελεῖ
601 5447 743 5517 ὑμῖν
786 5447 875 5503 ὅτι
904 5447 1025 5519 πῦρ
1050 5449 1313 5515 καίεται;
1345 5446 1476 5520 περὶ
1506 5440 1567 5501 οὗ
1609 5445 1817 5513 ἐλεγεν,

1923 4624 2139 4671 constat
2166 4615 2457 4685 prodiisse.
2483 4613 2745 4669 Nonnulli
2770 4622 2952 4669 tamen
2984 4616 3149 4669 etiam
3191 4614 3503 4671 secundum

1923 4710 1988 4765 ad
2021 4718 2211 4780 gentes
2241 4707 2564 4762 retulerunt.
2619 4705 2755 4760 Nam
2801 4706 2896 4777 qui
2928 4706 3168 4769 audient,
3220 4706 3311 4777 qui
3352 4705 3507 4775 longe

1927 4812 2052 4857 sunt
2076 4804 2101 4858 ?
2126 4800 2601 4871 appropinquantes
2637 4799 2874 4864 scilicet,
2894 4798 3110 4869 ejusque
3139 4798 3507 4869 fortitudinem

1929 4905 2292 4967 agnoscentes,
2318 4908 2483 4963 quam
2516 4893 2737 4949 lsraelis
2760 4892 2982 4947 nomine
3014 4891 3305 4963 patrandis
3335 4892 3505 4945 mira.

1930 4988 2075 5043 culis
2113 4984 2358 5042 ostendit
2391 5003 2404 5039 :
2439 4984 2532 5054 qui
2562 4984 2756 5049 etiam,
2788 4998 2901 5054 quo
2932 4992 3098 5054 pacto
3129 4989 3507 5049 recesserunt,

1928 5079 2017 5151 qui
2056 5084 2208 5132 erant
2234 5078 2289 5130 in
2319 5074 2450 5131 Sion
2474 5085 2779 5146 agnoscent.
2814 5073 2971 5141 Quod
2999 5075 3044 5130 si
3081 5073 3241 5126 aliam
3272 5072 3508 5142 requiris

1929 5170 2395 5241 explicationem,
2442 5167 2586 5223 facta
2629 5167 2850 5223 lsraelis
2898 5166 3316 5229 distributione,
3368 5164 3511 5220 alios

1923 5263 2144 5334 quidem
2181 5261 2419 5327 audisse,
2457 5261 2597 5316 alios
2626 5268 2830 5325 autem,
2866 5259 3089 5330 iniquos
3112 5257 3511 5325 scilicet,quos

1923 5354 2094 5407 timor
2130 5350 2502 5423 apprehendet,
2537 5351 2809 5406 avertisse
2839 5363 2900 5405 se
2941 5347 3241 5419 signiﬁcat.
3291 5343 3508 5401 Sufﬁcit

1927 5445 2075 5501 enim
2108 5444 2484 5500 iimnissarum
2513 5442 2888 5498 calamitatum
2923 5453 3145 5508 sensus,
3173 5437 3242 5495 ad
3264 5452 3417 5506 eum,
3448 5436 3507 5499 in

317 5603 549 5685 'fltom.
580 5622 701 5675 vtu,
729 5607 821 5664 26.
895 5608 939 5641 ⁶¹
984 5608 1049 5665 IV
1084 5608 1216 5682 Reg.
1261 5625 1375 5677 xIx,
1411 5608 1515 5675 55;
1570 5605 1675 5662 lsa.
1724 5618 1933 5669 xxxvii,
1978 5604 2067 5660 56.

1561 5718 1795 5782 VARIA‘S
1834 5712 2241 5780 LECTIONES.

336 5806 355 5850 ί
400 5825 471 5887 γρ
520 5790 659 5884 πρὸς
684 5808 765 5872 τό.
