3978 6374
485 349 626 418 2299

1842 357 2159 419 PROCOPI
2167 358 2195 417 Ι
2233 357 2474 418 ϐΑΖιΕΙ

3612 351 3733 416 2100

496 479 661 537 quem
695 460 1092 522 contumeliose
1114 473 1368 537 egerunt,
1391 452 1829 539 agnoscendum.
1863 467 1946 523 Ad
1973 468 2076 524 bos

2200 471 2262 523 ἱτι
2288 468 2411 540 Πῦρ
2447 465 2731 521 κατέδεται
2763 464 2926 536 ὑμᾶς.
2970 463 3166 518 Τόπον
3206 463 3264 519 δέ
3309 480 3448 534 φησι
3477 463 3577 518 τὸν
3614 468 3733 519 alib-

498 573 695 614 rursus
732 564 788 614 et
815 557 920 614 ista
968 557 1287 630 diriguntur
1326 574 1340 611 :
1373 559 1503 624 Quis
1545 560 1877 616 renuntiabit
1928 560 2072 616 vobis

499 650 675 720 ignem
704 650 900 704 urere?
945 649 1062 714 llle,
1093 649 1340 720 inquam,
1367 650 1436 706 de
1465 666 1574 722 quo
1609 651 1888 723 superius,
1933 652 2076 723 ignis

497 756 598 797 vos
626 742 933 806 comburet,
971 740 1325 797 audivimus?
1359 740 1567 798 Deinde
1593 743 1769 796 locum
1815 751 2074 797 aeternum

463 895 470 900 _
498 849 622 888 eum
655 834 932 903 intelligit,
958 834 1050 904 qui
1068 832 1298 912 .Sataua;
1322 843 1377 889 et
1412 836 1622 906 angelis
1647 835 1772 906 ejus
1797 850 2075 907 praepara-

499 935 590 982 tus
620 936 704 982 est
731 927 802 980 “.
849 926 906 981 Si
961 927 1106 981 enim
1148 942 1273 982 vera
1338 936 1468 984 sunt
1524 928 1828 985 Salvatoris
1864 930 2076 985 verba:

509 1036 526 1069 ι
557 1017 661 1083 Qui
691 1017 874 1076 credit.
904 1017 959 1072 in
978 1015 1386 1087 Filium,vitam
1429 1019 1596 1075 habet
1631 1029 1892 1076 aeternam
1921 1037 1934 1074 :
1985 1019 2078 1090 qui

501 1118 682 1164 autem
721 1125 834 1164 non
874 1111 1072 1178 credit,
1105 1112 1272 1166 vitam
1301 1127 1411 1166 non
1435 1111 1682 1181 videbit;
1719 1114 1813 1169 sed
1859 1114 1938 1168 ira
1977 1115 2082 1168 Do-

503 1202 636 1256 mini
672 1210 858 1258 manet
893 1218 1059 1274 super
1086 1219 1212 1258 eum
1242 1204 1310 1258 ⁸³.
1350 1222 1369 1256 s
1404 1204 1476 1260 De
1505 1205 1590 1261 his
1641 1205 1723 1261 sic
1772 1214 1827 1261 et
1872 1203 2079 1260 alicubi

501 1295 807 1364 propheta:
852 1313 872 1348 ι
903 1293 1124 1352 Vermis
1146 1311 1339 1350 eorum
1379 1311 1491 1352 non
1523 1297 1810 1363 morietur,
1839 1305 1895 1352 et
1938 1297 2082 1367 ignis

503 1399 694 1439 eorum
725 1400 835 1442 non
873 1386 1251 1456 exstinguetur
1279 1387 1346 1443 ⁸⁸.
1378 1404 1398 1438 ι
1441 1385 1579 1453 Quis
1607 1389 1758 1444 novit
1791 1389 1979 1460 igitur,
2020 1398 2078 1446 et

505 1485 632 1530 ante
651 1476 814 1532 nobis
843 1483 1079 1532 testatus
1104 1485 1184 1533 est
1211 1485 1466 1532 teternum
1490 1478 1688 1544 locum,
1723 1489 1924 1550 praeter
1946 1495 2073 1534 eum

2181 578 2335 625 νιον,
2379 560 2472 614 τὸν
2505 558 2908 630 ἡτοιμασμένον
2937 558 3014 630 τῷ
3050 557 3266 628 Σατανᾷ
3308 557 3405 611 καὶ
3434 559 3543 618 τοῖς
3589 559 3735 626 ἀγγέ-

2183 653 2298 716 λοις
2326 649 2516 704 αὐτοῦ.
2543 647 2702 703 Κατά
2738 648 2848 720 γὰρ
2870 650 2970 718 τὴν
2992 649 3087 702 τοῦ
3125 648 3378 718 Σωτῆρος
3404 647 3602 715 φωνὴν,
3632 667 3650 699 ι
3680 652 3736 704 '0

2186 742 2460 798 πιστεύων
2488 743 2569 804 εἰς
2597 741 2689 796 τὸν
2720 741 2848 794 Υίὸν
2875 741 2988 811 ἔχει
3013 739 3160 809 ζωὴν
3188 740 3427 793 αἰώνιον.
3465 740 3522 792 Ὀ
3547 738 3601 791 δὲ
3627 740 3738 792 ἀπι-

2186 835 2363 889 Θανῶν
2387 834 2461 904 τῷ
2484 833 2619 903 Υἰῷ,
2646 833 2746 886 ούκ
2767 832 2958 902 ὄψεται
2993 831 3091 902 τὴν
3123 831 3270 901 ζωήν
3291 845 3304 858 °
3321 831 3436 883 ἀλλ’
3459 832 3492 900 ἡ
3517 831 3644 902 ὀργὴ
3661 831 3736 885 τοῦ

2187 927 2322 982 Θεοῦ
2356 928 2509 998 μένει
2538 927 2624 979 ἐπ’
2642 925 2855 980 αὐτόν.»
2873 924 3010 993 Περὶ
3035 917 3110 976 ὧν
3133 922 3368 992 ἀλλαχοῦ
3392 938 3563 992 φησιν
3587 923 3614 973 6
3635 939 3740 992 προ-

2190 1022 2370 1091 φήτης
2391 1036 2405 1050 ·
2433 1038 2452 1070 ι
2475 1019 2535 1072 '0
2563 1017 2780 1088 σκώληξ
2805 1016 2984 1070 αὐτῶν
3007 1017 3068 1070 ού
3088 1016 3312 1083 τελευτή
3324 1032 3424 1077 σει,
3454 1013 3547 1066 καὶ
3571 1013 3628 1066 τὸ
3651 1014 3741 1086 πῦρ
3789 1013 3796 1019 ’

2188 1112 2368 1166 αὐτῶν
2389 1110 2450 1164 ού
2484 1108 2893 1180 σϐεσθήσεται.»
2925 1107 3019 1171 Τίς
3051 1104 3144 1162 οὖν
3169 1108 3196 1159 6
3214 1105 3368 1170 εἰδὼς
3407 1106 3500 1158 καλ⁵
3525 1122 3744 1176 προμαρ-

2186 1203 2492 1274 τυρόμενος
2521 1201 2652 1272 ὑμῖν
2685 1199 2792 1254 τὸν
2819 1198 3061 1253 αἰώνιον
3093 1199 3316 1263 tortor;
3345 1197 3379 1266 ἦ
3435 1197 3562 1259 πᾶς,
3595 1196 3647 1248 ὃν
3673 1197 3744 1250 εὑ-

2189 1295 2285 1356 οὺς
2314 1291 2647 1363 ὑπογράφει,
2684 1292 2774 1344 τὸν
2807 1284 2930 1343 τῶν
2962 1287 3260 1360 προφητῶν
3312 1287 3412 1341 καὶ
3459 1287 3744 1340 ἀποστόλων

2182 1381 2466 1454 σημαίνων
2487 1381 2682 1452 χορόνς
2714 1381 2871 1434 αὐτοὶ
2893 1379 3002 1450 γὰρ
3033 1374 3308 1448 ἐκήρυξαν
3336 1375 3469 1444 περὶ
3503 1374 3744 1442 κρίσεως,

2183 1471 2259 1536 ὼς
2297 1470 2363 1526 ἂν
2395 1470 2496 1542 τὴν
2529 1470 2826 1541 μέλλουσαν
2857 1465 3226 1538 φυλαξώμεθα
3247 1465 3428 1535 δίκην.

504 1569 843 1640 quemlibet,
885 1582 1046 1638 quem
1080 1568 1265 1622 statim
1307 1568 1646 1635 describens,
1682 1572 2078 1642 pr0plietarum
2153 1574 2210 1620 et
2266 1562 2424 1634 ἀοι
2477 1563 2866 1631 Apostolorum
2948 1560 3176 1616 chorum
3230 1555 3606 1612 demonstrat?
3653 1555 3746 1625 Ipsi

504 1662 651 1718 enim
701 1662 770 1716 de
809 1660 1020 1730 judicio
1077 1661 1298 1729 publice
1343 1659 1674 1728 docuerunt,
1710 1671 1771 1717 ut
1812 1678 1842 1717 a
1881 1661 2081 1717 futuris
2111 1656 2293 1730 poenis
2319 1655 2580 1722 deinceps
2610 1668 2954 1709 caveremus.

574 1758 678 1824 Qui
727 1757 854 1812 talis
901 1767 1008 1822 est,
1035 1757 1187 1829 longe
1225 1760 1288 1812 ab
1342 1763 1463 1832 igne
1517 1769 1783 1826 remotus,
1811 1763 2075 1817 excelsam
2106 1764 2149 1818 Β

505 1849 827 1903 inhabitabit
885 1850 1188 1919 speluncam
1239 1861 1401 1920 petra:
1463 1853 1668 1908 solidw.
1736 1853 1840 1907 Pro
1893 1851 2093 1922 quibus

509 1940 876 2019 Symmachus
902 1981 917 2007 ,
948 1941 1059 2010 ipse
1087 1941 1142 1995 in
1191 1943 1412 1997 excelsis
1467 1946 1773 2013 requiescet.
1819 1943 2094 2012 Tanquam

506 2031 762 2086 circuitus
805 2039 1078 2099 petrarum
1125 2032 1350 2086 altitudo
1379 2033 1494 2102 ejus
1536 2033 1786 2104 :quibus
1817 2034 1940 2087 vita:
1973 2033 2093 2103 plri-

506 2120 826 2188 losopbicae,
856 2121 909 2175 id
940 2128 1046 2186 est,
1073 2137 1195 2190 quae
1220 2123 1275 2176 in
1306 2123 1767 2194 contemplatione
1823 2131 2093 2187 versatur,

508 2209 893 2265 certitudinem
969 2210 1474 2281 sublimitatemque
1523 2212 1724 2267 indicat
1763 2227 1966 2281 ;quam
2001 2210 2093 2282 qui

509 2306 773 2364 sectatur,
795 2315 933 2368 pane
959 2309 1010 2354 et
1043 2317 1181 2370 aqua
1203 2318 1321 2354 cum
1357 2302 1461 2372 [ide
1485 2302 1802 2372 conjunctis
1835 2303 1960 2357 vitae
1993 2303 2098 2356 Illi-

507 2389 606 2459 jus
665 2390 905 2460 spatium
967 2391 1216 2461 exigens,
1272 2391 1447 2447 linem
1499 2393 1716 2448 tandem
1783 2393 2095 2463 hujusmodi

509 2481 953 2546 exercitationis,
979 2484 1117 2554 regis
1171 2483 1422 2538 visionem
1468 2492 1861 2555 consequetur,
1888 2485 1955 2540 de
1991 2500 2098 2555 qua

519 2573 639 2644 ipse
686 2575 831 2645 loqui
860 2576 1127 2646 propheta
1155 2590 1449 2648 aggressus
1478 2586 1561 2632 est
1587 2577 1640 2630 in
1663 2576 1809 2632 hunc
1827 2577 2049 2633 modum
2081 2595 2096 2634 :

523 2664 697 2723 «Ecce
728 2681 822 2721 rex
843 2665 1029 2736 justus
1056 2668 1324 2736 regnabit,
1349 2675 1404 2723 et
1429 2668 1705 2738 principes
1727 2683 1850 2724 cum
1888 2669 2099 2739 judicio

512 2755 876 2825 imperabunt
896 2756 962 2811 ⁸⁸.
986 2776 1007 2810 ι
1031 2755 1128 2812 Est
1154 2773 1281 2814 vero
1298 2759 2102 2827 consentaneum,aiunt,Chri.

512 2855 662 2902 stum
703 2847 790 2904 bis
817 2849 998 2904 verbis
1042 2849 1197 2904 innui
1226 2867 1243 2918 ;
1280 2850 1335 2904 in
1366 2865 1497 2921 quo,
1531 2859 1791 2922 tanquam
1837 2853 2100 2922 spelunca

512 2939 837 3010 aliqua,aut
862 2941 1047 2997 ovium
1082 2944 1384 3007 stabulum,
1420 2946 1668 3000 Ecclesia
1697 2945 1817 3014 ipsa
1860 2944 2013 2998 lirma
2048 2947 2099 2999 el

515 3031 730 3086 stabilis
764 3032 1120 3104 intelligitur,
1151 3035 1307 3105 juxta
1337 3036 1470 3091 illud
1507 3055 1520 3091 :
1561 3054 1580 3088 ι
1636 3035 1700 3089 Et
1745 3049 1910 3105 super
1961 3035 2101 3089 hanc

2262 1755 2321 1808 Ὀ
2364 1754 2419 1807 δὲ
2469 1753 2709 1814 τοιοῦτος
2759 1749 2956 1817 πόρῤω
3005 1744 3246 1815 γεγονὼς
3293 1743 3402 1799 τοῦ
3453 1743 3654 1809 πυρός,
3692 1742 3751 1795 ἐν

2200 1843 2420 1914 ὑψηλῷ
2443 1841 2789 1908 κατοικήσει
2811 1839 3090 1906 σπηλαίῳ
3114 1835 3210 1890 καί
3231 1835 3330 1889 ἐπί
3353 1833 3573 1901 πέτρας
3601 1837 3750 1902 ἰσχυ-

2192 1935 2328 2004 ρᾶς.
2356 1934 2513 1988 Κατὰ
2554 1933 2612 1987 δὲ
2655 1931 2976 2002 Σύμμαχον,
2995 1927 3184 1993 Αὐτὸς
3205 1927 3274 1981 ἐν
3305 1924 3570 1994 ὑψηλοῖς
3594 1941 3750 1979 κατα-

2200 2027 2527 2094 σκηνώσει,
2576 2024 2671 2090 Ὠς
2716 2020 2987 2090 περιοχαὶ
3017 2017 3250 2089 πετρῶν
3277 2019 3341 2071 τὸ
3373 2018 3534 2085 ὕψος
3565 2016 3749 2072 αὐτοῦ.

2203 2118 2310 2172 Τοῦ
2343 2117 2638 2188 φιλοσόφου
2666 2114 2723 2168 δὲ
2765 2113 2884 2184 βίου
2923 2111 2984 2164 τὸ
3023 2109 3264 2180 ἀσφαλές
3295 2125 3356 2162 τε
3387 2107 3485 2161 καὶ
3539 2107 3593 2159 τὸ
3637 2106 3752 2174 ὖψος

2201 2213 2371 2284 δηλοῖ,
2399 2211 2460 2266 ὅν
2487 2228 2572 2274 τις
2603 2206 2805 2278 μετιὼν
2835 2206 2990 2276 ἄρτῳ
3020 2205 3122 2260 καὶ
3150 2204 3319 2274 ὕδατι
3350 2201 3499 2270 μετὰ
3521 2203 3750 2269 πίστεως

2202 2305 2302 2374 τὴν
2341 2301 2624 2374 παροῦσαν
2651 2299 2910 2360 διανύσας
2946 2296 3110 2368 ζωὴν,
3138 2295 3291 2358 τέλος
3317 2294 3435 2360 ἕξει
3462 2293 3561 2365 τῆς
3595 2295 3752 2347 τοιαύ-

2202 2415 2302 2466 της
2332 2397 2616 2462 ἀσκήσεως
2673 2392 2782 2447 τοῦ
2823 2389 3132 2456 ,ϐασιλέως
3177 2389 3293 2456 τὴν
3339 2389 3507 2444 θέαν.
3558 2379 3750 2459 Περίοὗ

2204 2487 2601 2557 προεφήτευεν,
2641 2482 2950 2556 ἀρξάμενος
2997 2481 3244 2547 ἀπὸτοῦ,
3279 2498 3299 2532 ι
3340 2480 3475 2533 Ἰδοὺ
3529 2479 3752 2549 βασιλεὺς

2204 2579 2413 2641 δίκαιος
2452 2575 2765 2644 βασιλεύσει
2797 2573 2894 2628 καὶ
2934 2573 3196 2644 ἄρχοντες
3237 2570 3378 2641 μετά
3412 2569 3640 2640 κρίσεως
3671 2569 3754 2641 ἄρ-

2206 2671 2409 2739 ξουσιν.
2445 2689 2465 2723 ι
2508 2669 2664 2744 Εἰκὸς
2713 2668 2769 2721 δέ
2823 2685 2976 2737 φασι,
3007 2667 3102 2719 καὶ
3133 2664 3367 2737 Χριστὸν
3418 2663 3588 2726 οὕτως
3618 2662 3752 2734 εἰρῆ-

2207 2763 2352 2825 σθαι,
2380 2761 2438 2814 έν
2469 2752 2534 2828 ᾧ,
2571 2747 2822 2832 καθάπερ
2845 2776 2902 2812 τι
2934 2757 3196 2827 σπήλαιον
3229 2757 3262 2828 ἢ
3294 2756 3584 2824 προϐάτων
3612 2755 3753 2823 σηκὸς

2206 2854 2239 2925 ἡ
2278 2851 2574 2924 Ἐκκλησία
2627 2853 2830 2905 νοεῖται
2863 2849 2925 2903 τὺ
2977 2849 3174 2918 πάγιον
3233 2848 3454 2919 ἔχουσα,
3495 2846 3632 2900 κατά
3672 2845 3750 2898 τό·

2212 2965 2230 2996 ι
2263 2946 2372 2997 Καὶ
2393 2945 2487 2998 ἐπὶ
2511 2943 2687 3018 ταύτῃ
2712 2947 2778 3015 τῇ
2813 2943 2990 3015 πέτρᾳ
3021 2943 3364 3012 οἰκοδομήσω
3390 2959 3493 3012 μου
3527 2939 3618 3011 τὴν
3651 2939 3755 2994 Ἑκ-

2209 3037 2462 3107 κλησίαν,
2501 3055 2517 3088 ι
2552 3037 2619 3108 ἢν
2659 3039 2774 3100 τοῖς
2809 3034 3052 3090 οἰκοῦσιν
3105 3035 3282 3103 ἄρτος
3327 3033 3532 3086 δίδοται
3582 3030 3754 3096 ζωῆςό

514 3135 724 3195 petram
751 3126 1036 3182 aediﬁcabo
1065 3127 1366 3186 Ecclesiam
1399 3145 1579 3185 meam
1601 3128 1669 3184 ⁸⁸.
1700 3147 1718 3180 ι
1747 3127 1920 3198 Cujus
1948 3129 2096 3183 inco-

2208 3130 2441 3201 Χριστὸς
2471 3128 2619 3200 παρὰ
2651 3128 2746 3182 τοῦ
2776 3128 3042 3199 Πατέρος,
3061 3127 3157 3180 καὶ
3185 3124 3379 3179 πιστὸν
3406 3123 3562 3190 ὕδωρ
3592 3122 3648 3175 τὸ
3674 3120 3754 3174 τοῦ

523 3215 615 3278 lis,
643 3216 799 3284 panis
839 3217 966 3273 vita:
988 3218 1246 3276 Christus
1281 3235 1313 3274 a
1341 3219 1526 3286 Patre,
1559 3227 1612 3275 et
1640 3236 1779 3290 aqua
1812 3219 1988 3275 lldelis
2015 3219 2098 3273 di-

516 3305 626 3359 vini
687 3305 1061 3377 baptismatis,
1097 3310 1241 3366 unde
1291 3311 1635 3366 sumenlibus
1689 3310 1870 3366 omnis
1915 3318 2100 3364 manat

518 3397 812 3462 securitas,
847 3415 1136 3470 nunquam
1166 3416 1276 3456 non
1321 3402 1761 3472 suppeditantur.
1795 3401 1981 3472 Regem
2007 3401 2099 3456 tle-

519 3487 644 3542 inde
682 3487 758 3543 illi
806 3489 1156 3546 intuebuntur
1196 3491 1514 3561 Dominum,
1544 3495 1638 3564 qui
1696 3494 1861 3550 etiam
1905 3503 2100 3549 terram

521 3589 935 3634 mansuetorum
963 3583 1204 3637 nondum
1235 3583 1443 3653 adepti,
1480 3583 1657 3654 ipsam
1692 3584 1894 3640 utentis
1923 3582 2101 3638 oculis

521 3669 574 3722 in
612 3669 714 3726 hac
750 3672 966 3726 mortali
1001 3673 1113 3727 vita
1145 3673 1312 3729 Deum
1371 3675 1462 3745 pie
1516 3681 1572 3730 et
1619 3682 1809 3730 sancte
1853 3675 2100 3741 reveriti,

519 3760 709 3829 procul
739 3762 1104 3818 intuebuntur.
1131 3764 1271 3820 Sunt
1289 3766 1384 3835 qui
1418 3766 1607 3834 procul
1633 3767 1699 3820 ad
1723 3766 1923 3836 impios
1957 3765 2102 3820 refe-

523 3862 667 3920 rant,
707 3854 832 3910 dein
885 3865 1080 3912 terram
1126 3857 1348 3928 quidem
1423 3859 1816 3930 promissionis
1867 3859 2100 3923 visuros,

520 3943 617 4000 sed
679 3958 744 3999 ea
773 3961 883 4000 non
900 3946 1170 4016 potituros
1199 3955 1396 4018 putant
1429 3965 1446 4016 ;
1471 3948 1677 4018 quippe
1706 3948 1799 4016 qui
1829 3947 2103 4004 ardentem

525 4037 700 4106 ignem
736 4039 940 4105 sortiti,
970 4053 1085 4094 suae
1126 4039 1231 4110 ipsi
1253 4039 1734 4096 condemnationis
1763 4049 1934 4104 metu,
1973 4055 2105 4110 pro-

527 4127 615 4180 cul
681 4142 712 4182 a
770 4137 917 4182 terra
969 4128 1160 4198 rejecti
1199 4128 1624 4199 torquebuntur.
1662 4129 1880 4186 Eisdem
1936 4144 2103 4200 porro

523 4218 673 4287 quod
704 4219 866 4276 malis
891 4219 1217 4290 doctoribus
1248 4221 1607 4286 crediderint,
1632 4223 1706 4275 ita
1754 4221 2050 4292 exprobrat
2085 4239 2101 4290 ;

528 4309 630 4365 Ubi
651 4319 795 4376 sunt,
828 4313 917 4384 qui
940 4313 1177 4368 litteram
1200 4314 1333 4385 legis
1361 4323 1570 4368 tantum
1607 4323 1880 4369 noverunt
1907 4314 1931 4368 τ
1963 4328 2104 4383 quos

524 4404 601 4459 ita
617 4404 922 4461 insectatur
951 4406 1202 4463 Salvator
1233 4425 1247 4462 :
1273 4427 1291 4461 ι
1323 4407 1412 4463 Va:
1439 4408 1617 4472 vobis,
1652 4406 1858 4462 Scriba
1880 4413 1935 4460 et
1957 4405 2102 4460 Pha-

525 4495 756 4552 riszei".
783 4513 803 4548 ι
851 4495 1086 4553 Ubinam
1123 4499 1222 4565 illi,
1251 4499 1449 4571 inquit,
1471 4498 1664 4570 judicii
1686 4497 1776 4554 die
1807 4497 2098 4568 parebunt,

524 4586 618 4655 qui
663 4587 995 4644 assentando
1040 4591 1279 4660 pessime
1331 4590 1614 4659 discipulis
1661 4589 2103 4645 consuluerunt?

526 4673 604 4732 Ita
631 4692 760 4733 vero
785 4679 952 4736 reddit
977 4681 1344 4752 Symmachus
1379 4699 1395 4736 :
1418 4682 1523 4749 Qui
1545 4690 1790 4736 numerat
1813 4681 2098 4747 enutritos,
2127 4683 2132 4688 ’

522 4767 775 4835 populum
810 4770 1187 4840 impudentem.
1231 4772 1353 4827 Non
1389 4773 1579 4828 videbit
1613 4775 1864 4844 populum
1891 4789 2101 4845 gravem

527 4854 710 4925 labiis,
737 4867 794 4913 ut
822 4876 927 4914 non
946 4862 1133 4916 audiat
1165 4864 1368 4920 idioma
1389 4865 1584 4934 lingua:
1602 4881 1620 4928 ;
1639 4863 1800 4936 402
1832 4864 2112 4934 impuden-

529 4959 604 5004 tes
633 4950 937 5019 appellans,
972 4969 1113 5023 quos
1145 4954 1416 5013 doctrinis
1447 4957 1566 5012 suis
1589 4958 1864 5027 paverint,
1894 4957 1985 5028 qui
2015 4971 2107 5026 po-

525 5040 709 5110 pulum
730 5057 941 5113 gravem
975 5043 1135 5099 labiis
1171 5062 1277 5100 non
1329 5047 1594 5114 videbunt,
1625 5049 1730 5103 imo
1789 5063 1852 5103 ne
1889 5047 2106 5103 audient

527 5133 760 5204 quidem,
787 5135 1061 5192 idiomatis
1099 5137 1250 5192 illius
1307 5138 1504 5210 lingua:
1539 5141 1737 5212 ignari,
1764 5140 1834 5196 de
1880 5156 1992 5212 qua
2022 5141 2103 5198 lo-

529 5230 694 5280 cutus
725 5227 984 5296 superius
1042 5227 1260 5285 dicebat
1304 5249 1320 5286 :
1365 5225 1428 5286 Et
1475 5231 1673 5301 lingua:
1727 5232 2096 5289 balbutientes

529 5317 717 5372 statim
747 5316 964 5376 discent
991 5321 1142 5393 loqui
1172 5336 1387 5392 pacem.
1420 5321 1476 5378 Si
1509 5324 1654 5391 enim
1683 5323 1998 5395 altiloquum
2017 5341 2106 5381 no-

531 5409 745 5478 τίσεται,
770 5413 996 5481 populus
1025 5422 1352 5482 contemptus
1383 5431 1484 5470 non
1504 5415 1852 5472 audivissent.

2204 3221 2348 3273 Θείου
2400 3219 2794 3291 βαπτίσματος,
2849 3218 2908 3283 ἐξ
2945 3211 3021 3272 ὧν
3065 3218 3099 3286 ή
3156 3217 3308 3268 πᾶσα
3361 3215 3476 3277 τοῖς
3527 3210 3753 3265 λαϐοῦσιν

2199 3291 2490 3381 ἀσφάλεια.
2521 3309 2634 3363 Καὶ
2661 3308 2768 3362 τὸν
2791 3307 3059 3373 ,ϐασιλέα
3088 3307 3463 3374 κατόψονται
3480 3302 3694 3374 Κύριον,
3712 3299 3754 3353 o‘l

2199 3403 2294 3455 xui.
2321 3403 2487 3471 μήπω
2515 3399 2770 3460 λαϐόντες
2791 3398 2899 3452 τῶν
2929 3397 3148 3467 πραέων
3173 3395 3289 3464 τὴν
3313 3393 3455 3463 γῆν,
3478 3393 3754 3460 πόρρωθεν

2201 3494 2372 3564 αὐτὴν
2421 3493 2633 3564 δμμασι
2678 3490 2916 3554 διανοίας
2963 3492 3028 3543 ὲκ
3077 3487 3174 3544 τοῦ
3208 3488 3484 3558 παρόντος
3532 3483 3752 3552 ὄψονται

2204 3586 2341 3657 βίου,
2376 3585 2470 3638 τοῦ
2504 3583 2636 3637 Θεοῦ
2667 3583 2758 3637 τὸν
2797 3583 2962 3653 φόϐον
2993 3582 3084 3636 διὰ
3146 3580 3377 3652 μελέτης
3438 3575 3750 3646 ποιούμενοι.

2205 3679 2364 3741 Τινὲς
2389 3678 2446 3731 δὲ
2493 3675 2760 3747 περὶτῶν
2797 3675 3016 3746 ἀνόμων
3049 3672 3301 3738 ἐξέλαϐον
3345 3669 3404 3723 τὸ
3455 3668 3750 3736 πόρρωθεν,

2205 3771 2405 3834 αὐτοὺς
2439 3769 2553 3838 τὴν
2588 3767 2708 3839 γῆν
2737 3768 2835 3837 τῆς
2861 3763 3197 3833 ἐπαγγελίας
3228 3761 3378 3816 ἰδεῖν
3409 3760 3514 3814 οὐκ
3543 3760 3597 3814 ἐν
3635 3757 3750 3823 αὐτῇ

2203 3863 2628 3934 γενησομένους,
2684 3860 2744 3914 τὸ
2775 3859 2834 3912 δὲ
2887 3859 3207 3926 καιόμενον
3249 3855 3512 3924 ἔχοντας
3560 3849 3686 3918 πῦρ,
3712 3846 3753 3900 οἳ

2207 3955 2427 4025 καὶτῆς
2479 3953 2693 4008 ἑαυτῶν
2730 3949 3113 4022 κατακρίσεως
3161 3951 3220 4002 ὲν
3279 3947 3432 4017 φόϐῳ
3468 3945 3754 4015 γενήσονται

2209 4045 2429 4118 μακρὰν
2461 4043 2863 4116 ἀπορριφέντες
2915 4040 3134 4110 ἐκείνης
3163 4039 3266 4108 τῆς
3297 4039 3425 4108 γῆς.
3468 4031 3560 4100 Οἷς
3590 4031 3752 4087 όνειδίυ

2205 4137 2335 4204 ζων,
2371 4138 2454 4190 ὅτι
2489 4137 2679 4200 κακοῖς
2721 4133 3069 4196 διδασκάλοις
3117 4129 3419 4193 ἐπείθοντο,
3455 4127 3604 4200 φησί’
3652 4124 3752 4180 Ποῦ

2203 4232 2258 4285 οι
2306 4229 2372 4284 τὸ
2397 4225 2630 4298 γράμμα
2661 4226 2820 4297 μόνον
2869 4225 3072 4288 εἰδότες
3117 4223 3212 4276 τοῦ
3256 4222 3468 4291 νόμου;
3502 4220 3638 4290 Πρὸς
3676 4216 3753 4279 οὓς

2205 4320 2441 4391 ἔφασκεν
2459 4321 2488 4373 6
2522 4319 2715 4390 Σωτήρ
2734 4335 2748 4350 ο
2776 4337 2795 4370 ι
2818 4317 2955 4372 Οὐαὶ
2987 4317 3138 4387 ύμῖν,
3162 4315 3518 4386 Γραμματείς
3553 4312 3639 4364 καὶ
3665 4310 3752 4362 tita-

2207 4414 2406 4484 ρισαῖοι
2432 4410 2746 4482 ὑποκριταί.
2780 4429 2798 4462 ι
2837 4408 2948 4464 Ποῦ
2983 4407 3094 4479 γὰρ
3123 4401 3271 4463 οὗτοι
3304 4406 3651 4476 φανήσονται,
3667 4416 3752 4468 φη·

2207 4505 2314 4569 σὶν,
2351 4506 2408 4558 ὲν
2437 4503 2624 4574 ἡμέρᾳ
2659 4503 2759 4572 τῆς
2791 4503 3049 4575 κρίσεως,
3082 4501 3202 4554 ἀντὶ
3232 4497 3545 4567 συμϐουλῆς
3569 4491 3751 4562 ἀγαθῆς

2202 4596 2333 4659 τοὺς
2378 4592 2630 4665 μαθητὰς
2659 4592 3123 4656 κολακεύσαντεςς
3167 4591 3228 4643 '0
3259 4588 3316 4642 δὲ
3360 4586 3648 4658 Σύμμαχος
3683 4581 3754 4644 ἐξ·

2207 4685 2428 4740 έδωκεν*
2468 4686 2532 4738 '0
2579 4683 2842 4753 ἀριθμῶν
2889 4683 3029 4749 τοὺς
3083 4678 3627 4749 ὲκτετραμμένους,
3666 4673 3751 4727 τὸν

2205 4774 2360 4829 λαὸν
2382 4774 2489 4828 τὸν
2512 4772 2752 4842 ἀναιδῆ.
2774 4775 2896 4828 Οὐκ
2931 4772 3066 4842 ἅψει
3092 4772 3244 4826 λαὸν
3263 4768 3469 4837 ,βαρὺν
3491 4768 3747 4837 χείλεσιν,

2207 4863 2369 4918 ὥστε
2400 4862 2487 4933 μὴ
2520 4864 2768 4920 ἀκούειν
2797 4862 3113 4918 διάλεκτον
3146 4860 3455 4932 γλώσσης.
3505 4851 3749 4917 Ἀναιδεῖς

2205 4955 2388 5010 καλῶν
2430 4956 2558 5020 τοὺς
2599 4957 2718 5018 ταῖς
2764 4953 2946 5008 αὐτῶν
2995 4951 3366 5016 διδασκαλίαις
3399 4945 3746 5019 ὲκτεθραμμέ·⁹

2201 5062 2346 5110 νους,
2388 5045 2447 5100 οἳ
2485 5046 2597 5100 οὐκ
2645 5044 2898 5114 ὄψονται
2931 5045 3038 5099 τόν
3080 5043 3285 5113 ,ϐαρὺν
3313 5041 3469 5097 λαὸν
3497 5039 3614 5105 τοῖς
3645 5035 3745 5108 zel-

2200 5141 2396 5203 λεσιν,
2449 5135 2587 5191 ἀλλ’
2633 5135 2776 5191 οὐδὲ
2817 5136 3216 5200 ἀκούσουσιν,
3278 5133 3559 5188 ἀσύνετοι
3601 5128 3744 5191 ὄντες

2207 5227 2527 5283 διαλέκτου
2564 5227 2850 5296 γλώττης,
2882 5227 3009 5298 περὶ
3032 5222 3099 5298 ἧς
3126 5226 3332 5294 ἔφασκε
3351 5237 3366 5252 °
3393 5223 3505 5278 Καὶ
3531 5223 3582 5277 al
3600 5217 3742 5288 γλῶσ-

2213 5336 2304 5374 σαι
2333 5319 2390 5375 αἰ
2419 5318 2770 5389 ψελλίζουσαι
2791 5319 2928 5389 ταχὺ
2960 5317 3296 5388 μαθήσονται
3323 5315 3505 5372 λαλεῖν
3531 5311 3737 5384 εἰρήνην.

2207 5411 2272 5465 Εἰ
2298 5410 2407 5483 γὰρ
2449 5406 2615 5467 εἶδον
2654 5410 2763 5466 τὸν
2802 5411 3188 5480 βαθύφωνον,
3229 5409 3342 5464 οὐκ
3395 5406 3472 5462 ἂν
3501 5404 3739 5474 ἤκουσαν

2207 5503 2357 5571 λαὸς
2395 5501 2910 5574 πεφαυλισμένος.

605 5677 650 5710 ⁸¹
693 5677 881 5752 Matth.
920 5699 1044 5752 xxv,
1079 5683 1160 5744 ιι.
1237 5680 1457 5742 "Joan.
1502 5700 1582 5752 ut,
1617 5682 1706 5741 56.
1781 5684 1827 5716 “
1865 5682 1968 5740 lsa.
1999 5697 2096 5739 txv

2200 5682 2259 5738 ιι.
2337 5679 2384 5713 ⁸⁵
2413 5680 2518 5738 lsa.
2551 5694 2731 5747 xxx",
2761 5679 2808 5739 Ι.
2895 5679 2940 5712 ⁸⁸
2969 5676 3160 5735 Matth.
3200 5693 3309 5745 ινι,
3343 5675 3430 5739 18.
3501 5675 3544 5708 ⁸⁷
3575 5667 3732 5728 lllatth-

539 5764 697 5812 χχιιι,
735 5750 812 5805 1⁸5.
