3978 6374
247 379 378 448 2301

1365 382 1907 447 COMMENTARII
1947 386 2030 446 IN
2074 387 2362 451 ISAIAM.

3348 399 3496 462 2302

309 471 465 537 Τινὲς
509 470 572 527 δὲ
610 471 1137 543 συστρεφομένους
1176 469 1362 544 φασὶν,
1404 473 1591 546 ἐπειδὴ
1620 474 1812 546 γνώμῃ

1984 477 2244 533 Nonnulli
2278 496 2375 549 pro
2400 482 2809 548 collectos,ideo
2837 499 3080 544 coeuntes
3115 489 3323 555 dicunt,
3347 492 3494 562 quod

243 568 345 621 τῶν
362 565 707 620 διδασκάλων
734 564 826 619 ἐπὶ
842 565 1078 635 Χριστὸν
1097 564 1619 635 συνεστράφησαν
1642 582 1814 620 κατα-

243 661 469 724 ϐοιῖιντες
499 658 645 731 πρὸς
674 658 905 713 Πιλᾶτον
966 658 1061 713 καὶ
1089 658 1182 712 τὸν
1223 658 1515 730 Βαραϐϐὰν
1538 659 1634 713 τοῦ
1680 675 1814 731 προσ

244 754 573 823 τιμήσαντες
605 752 875 823 μηδεμιᾶς
894 751 1103 822 ἀγαθῆς
1125 751 1458 817 ἀκούσαντες
1481 751 1814 823 συμϐουλῆς,

245 844 372 916 μηδὲ
422 842 695 915 μαθόντες
746 845 873 914 παρ’
925 842 1105 897 αὐτῶν
1153 843 1230 907 ὡς
1258 842 1420 906 αὑτός
1461 844 1608 896 ἐστιν
1639 845 1674 896 ό
1700 842 1819 906 ,βα-

246 936 535 1004 θὺφωνος.
596 933 699 987 Διὰ
750 932 1076 1003 παραϐολῶν
1132 933 1242 1004 γὰρ
1290 932 1468 987 ὲλόιλει
1506 932 1661 987 κατὰ
1717 932 1815 985 τό·

251 1046 268 1080 ι
305 1023 523 1088 ’Δνοίξω
569 1024 630 1078 ὲν
667 1023 1005 1094 παραϐολαῖς
1061 1023 1122 1076 τὸ
1165 1022 1339 1093 στόμα
1380 1039 1501 1093 μου.
1527 1040 1546 1074 ι
1584 1022 1821 1075 Ἀσύνε-

244 1135 328 1173 τοι
390 1117 449 1170 δὲ
518 1116 678 1179 ὄντες
736 1116 827 1169 τὸν
886 1114 995 1170 τῶν
1058 1114 1395 1169 διδασκάλων
1441 1114 1502 1166 οὐ
1550 1113 1822 1184 διέκρινον

248 1209 451 1282 φθόνον.
491 1208 574 1261 Οὐ
608 1207 719 1279 γὰρ
771 1207 848 1262 ἂν
900 1206 1173 1276 ἥκουσαν
1205 1207 1701 1276 πεφαυλισμένοι.
1749 1205 1823 1257 Τὸ

248 1303 299 1355 δὲ
328 1299 490 1373 ῥητὸν
520 1299 649 1352 ὅλον
675 1297 817 1351 οὓτω
850 1298 991 1362 τινὲς
1022 1296 1379 1367 ἐξηγήσαντο.
1422 1296 1511 1358 Ὠς
1544 1295 1643 1366 τὴν
1697 1294 1823 1365 μέλ-

247 1394 438 1447 λουσαν
478 1392 793 1462 Ἀσσυρίοις
850 1389 1063 1461 πληγὴν
1113 1388 1212 1458 οὐχ
1262 1389 1315 1442 οἱ
1353 1388 1621 1457 πλησίον
1664 1386 1824 1456 μόνον

250 1482 445 1547 αὐτῶν,
479 1480 625 1535 ἀλλὰ
656 1482 752 1534 καὶ
782 1482 835 1534 οἱ
890 1480 1086 1548 πόρῤω
1122 1477 1481 1549 μαθήσονται,
1515 1476 1612 1530 καὶ
1647 1476 1695 1528 οἱ
1725 1476 1824 1545 τῆς

262 1572 619 1646 Ἰερουσαλὴμ.
668 1571 906 1638 ἀσεϐεῖς
957 1570 1434 1641 αἰσχυνθήσονται.
1490 1567 1710 1635 Φεύγων
1742 1567 1821 1631 δὲ,

254 1668 429 1737 φασὶν,
452 1668 481 1719 ὁ
511 1666 802 1735 προφήτης
840 1664 906 1718 τὰ
939 1663 1075 1735 ἔργα
1108 1662 1176 1716 τὰ
1197 1662 1410 1733 πονηρὰ
1439 1660 1547 1714 τῶν
1583 1659 1824 1714 ἀπειθῶν

264 1756 524 1812 Ἰουδαίων
557 1757 760 1823 εἰπεῖν,
792 1757 951 1824 ὕλην
999 1756 1145 1810 ὄντα
1179 1755 1403 1824 πυρὸς,
1435 1754 1628 1825 ἓτερον
1672 1752 1827 1822 ζητεῖ

1918 567 1986 624 de
2022 572 2410 639 magistrorum
2456 579 2727 632 sententia
2750 578 3018 636 adversus
3051 581 3331 636 Christum
3362 596 3499 637 con-

1914 663 2086 733 jurati
2115 680 2307 737 magna
2350 675 2404 723 et
2425 669 2567 724 elata
2592 685 2725 726 voce
2750 672 2891 741 apud
2918 673 3158 726 Pilatum
3188 672 3492 728 Barabbam

1920 763 2124 812 temere
2149 765 2204 813 et
2248 760 2556 815 inconsulte
2589 761 2767 817 eidem
2808 764 3193 833 praetulerunt,
3224 778 3386 833 quem
3415 763 3498 816 al-

1921 850 2175 921 tiloquum
2221 866 2343 907 esse
2369 852 2617 923 ignorare
2649 868 2759 908 non
2797 855 3132 921 debuerant;
3168 855 3498 925 loquebatur

1920 944 2068 998 enim
2103 959 2200 1014 per
2224 946 2531 1014 parabolas,
2556 945 2712 1015 juxta
2748 947 2879 1001 illud
2914 963 2931 1002 :
2967 965 2986 998 ι
3020 947 3277 1017 Aperiam
3316 947 3371 1001 in
3404 960 3500 1014 pa-

1924 1034 2129 1090 rabolis
2158 1050 2222 1091 os
2252 1051 2432 1091 meum
2463 1037 2529 1090 ⁸⁸.
2564 1056 2582 1089 ι
2619 1036 2725 1091 Sed
2759 1053 2883 1093 cum
2916 1039 3226 1107 insipientes
3285 1045 3495 1101 essent,

1923 1126 1987 1179 ad
2044 1127 2429 1197 magistrorum
2461 1127 2722 1183 invidiam
2784 1146 2893 1185 non
2953 1130 3332 1185 advertebant.
3379 1128 3499 1184 Non

1922 1218 2069 1273 enim
2093 1229 2418 1289 contemptos
2440 1223 2617 1276 vocari
2637 1239 2693 1276 se
2717 1223 2985 1279 audirent.
3011 1224 3347 1278 Suutautem
3369 1238 3500 1277 non-

1924 1311 2063 1366 nulli
2117 1312 2209 1381 qui
2247 1320 2417 1368 totum
2450 1313 2596 1369 hunc
2630 1315 2811 1369 locum
2859 1316 2933 1370 ita
2958 1322 3279 1385 exponant,
3316 1322 3374 1367 ut
3411 1315 3500 1368 in-

1925 1411 2162 1460 stantem
2187 1406 2536 1477 Assyriorum
2560 1406 2775 1477 plagam
2806 1422 2917 1462 non
2949 1408 3064 1463 suis
3096 1408 3258 1462 modo
3288 1407 3502 1472 vicinis,

1926 1496 2020 1550 sed
2056 1496 2123 1551 iis
2154 1496 2339 1563 etiam,
2374 1497 2464 1568 qui
2508 1496 2661 1570 longe
2690 1500 2917 1565 absunt,
2949 1513 3135 1553 notam
3170 1499 3308 1564 fore,
3351 1513 3504 1552 eam-

1926 1605 2033 1660 que
2062 1591 2148 1644 vel
2182 1592 2415 1661 iniquos,
2440 1594 2531 1661 qui
2563 1591 2868 1648 Jerusalem
2932 1593 3203 1659 incolunt,
3240 1608 3346 1647 non
3385 1592 3505 1647 sine

1926 1682 2131 1737 rubore
2150 1683 2450 1738 iutuituros
2476 1700 2598 1739 esse
2620 1685 2807 1740 velint.
2828 1684 3032 1741 Deinde
3070 1686 3326 1755 quoniam
3358 1682 3505 1736 mala

1929 1776 2230 1832 inﬁdelium
2295 1776 2608 1833 Iudaeorum
2674 1792 2836 1848 opera
2904 1793 3191 1834 recensere
3239 1776 3505 1847 prapbeta

253 1852 335 1904 τὸν
360 1848 590 1920 ἐροῦντα
610 1849 837 1912 δικαίως
865 1848 1299 1919 πολιτευόμενον,
1322 1847 1396 1910 ὡς
1427 1845 1492 1899 ἂν
1519 1845 1665 1898 εἴποι
1687 1843 1824 1913 πρὸς

1936 1865 2357 1936 refugeret,qme
2380 1868 2496 1938 igne
2518 1867 2679 1939 digna
2702 1843 2911 1924 tantum
2951 1843 3305 1933 videbantur;
3338 1843 3504 1920 alium

254 1943 460 2007 αὐτοὺς,
491 1940 569 2005 ὡς
601 1941 772 2013 ὀργὴν
797 1942 1006 2003 ἑαυτοῖς
1037 1939 1449 2012 θησαυρίζουσι.
1480 1936 1554 1990 Τὸ
1598 1937 1674 1999 δὲ,
1699 1936 1817 2000 βα-

248 2037 441 2106 ρύνων
466 2036 541 2088 τὰ
584 2029 731 2099 ὦτα,
774 2035 875 2088 ἵνα
908 2033 993 2103 μὴ
1026 2033 1263 2102 ἀκούσῃ
1304 2033 1510 2101 κρίσιν
1548 2030 1818 2099 αἵματος,

254 2128 388 2182 τοῦτ’
419 2127 539 2181 ἔστι
576 2126 719 2198 πρὸς
752 2128 910 2196 φόνον
960 2126 1036 2196 μὴ
1094 2126 1393 2195 συνεργῶν.
1440 2123 1498 2176 '0
1528 2122 1636 2192 γὰρ
1682 2120 1821 2190 ἔχων

259 2220 320 2275 τὰ
348 2219 615 2290 εἰρημένα
664 2222 848 2289 φησὶν,
878 2219 1064 2271 στάσιν
1095 2217 1203 2284 ἕξει
1253 2215 1478 2285 βεϐαίαν
1510 2213 1616 2267 τῶν
1662 2211 1823 2265 θείων

257 2309 464 2379 ἀγαθῶν
496 2309 814 2364 ἀπολαύων.
853 2310 990 2373 Τοὺς
1032 2308 1090 2362 δὲ
1142 2308 1511 2378 φωτισθέντας
1567 2305 1673 2358 ὑπὸ
1727 2302 1821 2357 τοῦ

258 2403 427 2471 λόγου,
453 2402 550 2457 καὶ
577 2403 693 2457 τὸν
730 2401 997 2468 βασιλέα
1042 2399 1374 2469 "iaceam
1398 2399 1659 2463 βλέπειν
1696 2396 1825 2449 ἀκό-

258 2495 434 2550 λουθον
481 2495 907 2564 ἀπαλλαγέντας
956 2494 1056 2565 μὲν
1105 2497 1204 2564 τῆς
1249 2491 1518 2563 κοσμικῆς
1574 2505 1826 2560 προσπα-

261 2587 419 2653 θείας,
459 2586 693 2656 ἀγαθοῖς
741 2586 799 2639 δὲ
844 2588 957 2649 τοῖς
1017 2584 1347 2638 ἐλπισθεῖσιν
1398 2581 1823 2648 ὲνατενίζοντας.

262 2679 419 2733 Τοῦτο
450 2678 562 2751 γὰρ
591 2679 749 2750 δηλοῖ
776 2676 844 2733 τὸ
887 2676 1003 2745 τὴν
1039 2676 1158 2747 γῆν
1186 2675 1331 2730 ἰδεῖν
1364 2677 1690 2744 πόρρωθεν,
1713 2676 1828 2738 τοῖς

261 2771 452 2841 γηῖνοις
484 2772 760 2843 μηδαμῶς
789 2772 1210 2843 πλησιάζοντας.
1238 2768 1450 2840 Μηνύει
1494 2767 1550 2821 δὲ
1583 2766 1677 2821 καὶ
1704 2764 1827 2820 καθ’

264 2864 491 2935 ἱστορίαν
536 2865 638 2920 τὸν
666 2865 907 2937 ἄρξαντα
961 2863 1101 2935 μετὰ
1128 2863 1300 2917 ταῦτα
1336 2862 1435 2932 τῆς
1476 2859 1831 2932 Ἰερουσαλὴμ

275 2958 530 3023 Ἐζεκίαν,
574 2958 642 3022 ὃς
695 2959 914 3021 ἀναθεὶς
959 2956 1151 3010 ἑαυτὸν
1194 2956 1272 3026 τῷ
1301 2954 1420 3025 Θεῷ
1464 2952 1687 3023 γέγονεν
1738 2951 1828 3003 εὑ-

267 3049 434 3120 κλεὴς,
475 3051 560 3117 ἐφ’
611 3043 677 3104 οὗ
714 3051 913 3119 σημεῖα
961 3048 1185 3117 γέγονεν
1212 3046 1589 3116 οίκουμενικὰ,
1625 3046 1832 3099 ἀναπο-

268 3142 442 3213 δισμὸς
468 3143 628 3214 ἡλίου
660 3142 754 3195 καὶ
787 3144 887 3211 τῆς
911 3140 1127 3211 ἡμέρας
1160 3138 1467 3211 προσθήκη.
1505 3139 1573 3190 Ἀ
1606 3136 1835 3200 ἰδόντες

269 3208 636 3305 φοόηθήσεσθε
655 3231 748 3286 τὸν
781 3208 913 3285 Θεὸν
933 3208 1308 3301 ’μεταγνόντες
1326 3208 1411 3299 ἐφ’
1435 3224 1515 3291 οἷς
1545 3227 1835 3295 ἐπείσθητε
1864 3208 1905 3266 C

269 3328 370 3392 τοῖς
408 3326 849 3398 συμὸουλεύσασι
881 3324 1010 3396 περὶ
1050 3324 1148 3393 τῆς
1177 3322 1553 3392 Αἰγυπτιακῆς
1585 3318 1837 3390 βοηθείας

272 3418 673 3486 γραμματεῦσι
710 3416 806 3470 καὶ
837 3418 948 3479 τοῖς
1006 3413 1467 3484 ἐγγαστριμύθοις
1488 3453 1503 3479 ,
1538 3410 1631 3474 οὒς
1679 3410 1838 3463 καλεῖ

270 3510 683 3579 βαθυφώνους,
725 3509 801 3572 ὡς
830 3508 1019 3579 ἄσημα
1056 3507 1479 3578 φθεγγομένους.
1531 3498 1691 3558 Οὗτοι
1729 3504 1837 3575 γὰρ

277 3602 458 3665 πάντες
484 3600 853 3672 ματαιότητός
876 3601 982 3654 είσι
1014 3598 1187 3665 λαός,
1213 3599 1306 3652 καλ⁵
1335 3594 1836 3667 πεφαυλισμένοι,

277 3692 397 3764 πρὸς
451 3694 787 3765 κατανόησιν
841 3693 947 3749 τῶν
999 3693 1229 3747 δεόντων
1297 3691 1397 3745 οὐκ
1461 3689 1687 3759 ἄγοντες
1746 3687 1839 3745 τὸν

278 3785 549 3859 ἀκροατήν.

352 4061 501 4118 Ἰδοὺ
554 4063 717 4119 Σιὼν
766 4060 806 4131 ἡ
844 4060 1044 4127 πόλις,
1102 4060 1169 4115 τὸ
1212 4059 1509 4128 σωτήριον
1568 4060 1738 4131 ἡμῶν
1786 4064 1840 4115 οΖ

283 4153 556 4225 ὀφθαλμοί
579 4170 702 4211 σου
726 4154 1000 4223 ὄψονται,
1039 4151 1434 4223 Ἰερουσαλὴμ
1454 4155 1631 4220 πόλις
1656 4157 1842 4207 πλου-

283 4244 395 4308 σία,
421 4247 643 4316 σκηναὶ
690 4246 754 4299 αἱ
785 4248 859 4301 οὺ
890 4245 978 4315 μὴ
1026 4242 1374 4309 σεισθῶσιν,
1435 4243 1580 4298 οὐδὲ
1618 4244 1705 4313 μὴ
1751 4261 1841 4298 κι-

284 4336 531 4404 ηθῶσιν
557 4342 616 4394 οι
655 4338 966 4393 πάσσαλοι
993 4337 1103 4405 τῆς
1136 4334 1375 4405 σκηνῆς
1402 4335 1591 4404 αὐτῆς
1620 4339 1708 4402 είς
1734 4335 1843 4389 τὸν

287 4427 451 4482 αίώνα
481 4432 725 4499 χρόνον,
781 4428 925 4483 οὐδὲ
962 4428 1034 4482 τὰ
1087 4428 1331 4497 σχοινία
1400 4426 1590 4495 αὐτῆς
1632 4430 1705 4483 οὐ
1752 4426 1840 4497 μὴ

1923 1959 2047 2014 vita‘
2081 1961 2372 2031 inculpata:
2409 1977 2674 2032 quaerere,
2698 1965 2789 2033 qui
2828 1979 2922 2018 eos
2975 1964 3111 2017 iram
3146 1961 3247 2017 sibi
3311 1973 3508 2014 cumu-

1925 2052 2033 2107 late
2069 2063 2309 2110 moueat.
2336 2058 2569 2126 Atquod
2601 2060 2855 2112 obturans
2891 2073 3068 2121 aures,
3099 2072 3160 2109 ne
3201 2052 3391 2107 audiat
3421 2050 3507 2113 iu-

1923 2146 2121 2200 dicium
2175 2151 2451 2219 sanguinis
2514 2151 2672 2215 dixit,
2705 2151 2971 2220 idipsum,
2998 2158 3055 2203 ut
3089 2164 3116 2202 a
3152 2145 3319 2202 cmdis
3357 2157 3510 2198 com-

1927 2240 2189 2295 munione
2266 2251 2545 2305 avocaret,
2578 2241 2875 2298 addidisse.
2911 2240 3014 2307 Qni
3079 2238 3250 2299 enim,
3305 2232 3507 2302 inquit,

1927 2331 2089 2387 habet
2113 2349 2235 2403 quae
2262 2334 2410 2389 dicta
2440 2346 2567 2390 sunt
2613 2377 2628 2400 ,
2663 2334 2848 2390 sedem
2904 2332 3184 2386 immotam
3210 2335 3264 2382 et
3294 2326 3507 2380 tirmam

1928 2426 2191 2494 possidet,
2245 2428 2338 2497 qui
2389 2428 2590 2482 divinis
2644 2428 2800 2481 bonis
2848 2424 3082 2479 fruatur.
3138 2422 3247 2476 Eos
3289 2418 3507 2481 deinde.

1928 2517 2017 2587 qni
2036 2532 2133 2587 per
2151 2518 2390 2574 Verbum
2424 2519 2714 2572 illuminati
2743 2525 2949 2579 essent,
2970 2516 3092 2569 ideo
3123 2514 3285 2569 etiam
3318 2510 3510 2587 Regem

1928 2610 2115 2679 gloriw
2148 2609 2344 2671 videre,
2379 2610 2544 2681 quod,
2576 2608 2871 2666 mundanis
2905 2609 3410 2680 perturbationibus
3446 2608 3511 2660 li-

1930 2699 2127 2767 berati,
2151 2700 2204 2753 in
2229 2709 2449 2769 sperata
2478 2700 2622 2755 bona
2658 2700 3021 2764 intuerentur,
3055 2701 3230 2755 fuerat
3275 2714 3511 2753 consen-

1935 2799 2177 2846 taneum.
2206 2788 2318 2845 Hoc
2342 2788 2488 2845 enim
2519 2790 2698 2861 ipsum
2734 2790 2961 2857 indicat,
2988 2790 3130 2862 quod
3158 2800 3354 2843 terram
3384 2803 3511 2856 pro-

1933 2882 2020 2935 cul
2050 2882 2221 2935 videre
2249 2881 2408 2947 dixit,
2437 2897 2559 2936 cum
2589 2882 2656 2936 ad
2684 2890 2901 2936 terrena
2938 2883 3180 2935 animant
3221 2896 3331 2934 non
3371 2878 3479 2947 adji
3500 2906 3512 2917 ι

1934 2974 2138 3028 cimus.
2169 2972 2352 3028 lnnuit
2404 2989 2551 3039 vero,
2587 2975 2630 3028 si
2665 2974 2729 3029 ad
2758 2974 3044 3028 historiam
3094 2982 3147 3027 te
3196 2979 3509 3033 convertas,

1934 3073 1989 3120 et
2014 3066 2300 3120 Ezechiam
2319 3066 2523 3136 ipsum,
2542 3067 2634 3136 qui
2655 3075 2846 3137 postea
2879 3065 3384 3137 Hierosolymorum
3410 3077 3511 3117 rex

1940 3158 2140 3224 factus,
2170 3158 2389 3227 Deoque
2424 3174 2481 3215 se
2510 3168 2683 3214 totum
2722 3174 3077 3223 consecrans,
3116 3157 3299 3213 clarus
3343 3164 3397 3210 et
3443 3155 3513 3209 il-

1941 3250 2130 3305 lustris
2184 3252 2363 3306 evasit
2397 3290 2413 3315 ,
2455 3266 2564 3320 quo
2621 3259 2884 3320 regnante
2943 3249 3064 3304 orbi
3118 3247 3381 3302 universo
3429 3245 3513 3299 sol

1939 3341 2054 3409 ipse
2084 3356 2194 3396 non
2222 3341 2345 3396 sine
2367 3340 2525 3413 403
2569 3347 2821 3410 portento
2864 3338 3101 3410 regredi,
3138 3337 3367 3406 diesque
3394 3350 3513 3390 am-

1939 3433 2096 3504 pliari
2134 3435 2284 3486 visus
2313 3441 2396 3486 est
2416 3432 2483 3485 ⁸⁸.
2516 3432 2645 3497 Quae
2680 3447 2804 3486 cum
2832 3431 2933 3501 ipsi
2979 3428 3237 3495 videritis,
3279 3428 3374 3493 ait,
3403 3442 3512 3480 non

1939 3518 2058 3573 sine
2074 3518 2172 3572 'Dei
2197 3525 2338 3572 metu
2361 3515 2658 3570 scribarum
2692 3532 2788 3573 vos
2809 3515 3347 3584 etventriloquorum
3372 3526 3514 3584 quos

1942 3609 2031 3665 hic
2073 3609 2377 3677 altiloquos,
2408 3606 2460 3662 id
2504 3617 2587 3661 est
2638 3607 2819 3678 ignota
2859 3613 2913 3661 et
2957 3606 3167 3660 incerta
3227 3604 3514 3673 loquentes

1938 3701 2200 3772 appellat,
2232 3702 2285 3754 in
2318 3701 2526 3756 auxilio
2556 3700 2626 3754 ab
2653 3699 2927 3771 Egyptiis
2950 3696 3182 3765 petendo
3216 3695 3511 3751 consilium

1940 3803 2164 3849 secutos
2197 3806 2321 3847 esse
2349 3791 2655 3859 pmnitebit.
2682 3791 2819 3845 Sunt
2847 3791 2992 3845 enim
3045 3804 3240 3843 omnes
3271 3787 3325 3840 bi
3361 3784 3515 3841 vani-

1941 3886 2074 3940 tatis
2101 3884 2350 3954 pupulus,
2382 3893 2429 3939 et
2462 3883 2691 3954 objecti;
2720 3886 2815 3955 qui
2853 3883 3163 3939 auditorem
3209 3881 3277 3936 ad
3318 3895 3512 3937 eorum

1940 3977 2217 4040 notitiam,
2258 3991 2381 4047 quas
2403 3976 2625 4039 decent,
2662 3992 2942 4044 nunquam
2969 3975 3265 4030 deducant.

2002 4066 2137 4121 Ecce
2169 4066 2298 4121 Sion
2322 4067 2534 4129 civitas,
2568 4067 2805 4120 salutare
2830 4076 3074 4121 nostrum
3101 4066 3240 4119 oculi
3267 4066 3347 4119 tui
3372 4064 3517 4119 vide-

1943 4159 2088 4226 bunt,
2120 4159 2421 4215 Jerusalem
2441 4161 2625 4214 civitas
2663 4160 2827 4223 dives,
2875 4159 3218 4213 tabernacula
3258 4175 3377 4228 qua:
3411 4174 3515 4213 non

1942 4257 2306 4323 movebuntur,
2342 4274 2502 4327 neque
2536 4256 2999 4310 commovebuntur
3037 4253 3233 4322 paxilli
3270 4253 3517 4307 taberna-

1941 4350 2049 4407 culi
2073 4350 2187 4418 ejus
2221 4353 2274 4403 in
2301 4351 2702 4417 sempiternum,
2727 4363 2887 4417 neque
2909 4346 3138 4416 funiculi
3169 4346 3282 4414 ejus
3308 4345 3517 4398 dirum-

1942 4455 2153 4513 pentur,
2176 4444 2425 4514 quoniam
2456 4459 2641 4495 nomen
2666 4440 2881 4494 Domini
2905 4456 3151 4510 magnum
3177 4437 3343 4502 vobis,
3370 4437 3515 4491 locus

289 4514 699 4589 διαρραγῶσιν,
736 4519 826 4573 ὅτι
881 4518 949 4572 τὸ
992 4517 1181 4587 ὄνομα
1214 4517 1437 4585 Κυρίου
1478 4518 1630 4589 μέγα
1674 4517 1831 4587 ὑμῖν,

1943 4537 2085 4595 voltis
2117 4535 2239 4601 erit,
2257 4535 2481 4606 ﬂumina
2510 4544 2560 4589 et
2590 4534 2690 4589 rivi
2726 4532 2892 4587 latiet
2916 4532 3161 4603 spatiosi,
3196 4540 3306 4586 etc.

289 4610 453 4678 τόπος
476 4612 618 4681 ὑμῖν
648 4612 840 4676 ἔσται,
862 4611 1113 4680 ποταμοί
1138 4610 1237 4665 καὶ
1261 4609 1544 4679 διώρυγες
1566 4609 1837 4676 πλατεῖς,

290 4703 376 4757 καί
402 4707 744 4775 εὐρύχωροι,
779 4721 835 4758 κ.
869 4722 921 4759 τ.
956 4703 1009 4757 λ.

362 4796 495 4851 ’Δντὶ
523 4796 640 4862 τοῦ,
660 4796 812 4851 Ἰδοὺ
865 4795 1022 4849 Σιὼν
1062 4794 1100 4864 ἡ
1145 4796 1347 4862 πόλις,
1385 4797 1414 4850 ό
1469 4796 1567 4865 μὲν
1610 4794 1842 4860 Ἀκύλας

293 4890 458 4960 φησίν·
476 4894 623 4963 Ὅρα
661 4892 1006 4961 ματὶσθητι.
1027 4890 1182 4945 Σιὼν
1208 4892 1390 4956 πόλις
1420 4890 1663 4958 ἑορτῶν.
1691 4891 1763 4944 Σύ
1773 4908 1843 4961 μ-

297 4997 448 5051 μαχος
470 4983 525 5038 δὲ
556 4986 653 5039 καὶ
678 4983 997 5050 Θεοδοτίων,
1033 4982 1154 5037 Ἰδε
1193 4983 1346 5036 Σιὼν
1373 4981 1487 5050 τὴν
1517 4984 1699 5037 πόλιν
1725 4983 1845 5036 τῶν

293 5069 459 5137 ἁγίων
492 5075 680 5145 ἡμῶν,
726 5075 821 5135 καὶ
861 5074 1024 5129 πάλιν
1076 5073 1237 5142 ἑξῆς,
1288 5076 1340 5127 οι
1381 5074 1679 5142 ὀφθαλμοί
1723 5088 1842 5128 σου

297 5159 523 5229 ὄψονται
555 5166 952 5236 Ἰερουσαλὴμ
971 5208 983 5229 ,
1042 5166 1123 5230 ὠς
1176 5165 1534 5234 μέλλουσαν
1578 5165 1728 5221 ἰδεῖν
1777 5166 1844 5221 τὸ

295 5258 569 5326 σωτήριον
589 5260 778 5335 -ἡμῶις,
803 5260 947 5313 τοῦτ’
978 5260 1093 5313 ἐστι
1125 5260 1382 5331 Χριστὸν,
1420 5259 1617 5331 ἑτέραν
1647 5276 1707 5313 τε
1737 5260 1844 5314 πό-

297 5349 388 5401 λιν
434 5351 544 5422 τὴν
570 5352 692 5408 τῶν
732 5352 956 5421 ἑορτῶν
1008 5352 1107 5424 τὴν
1171 5352 1500 5422 Ἐκκλησίαν
1554 5352 1653 5424 τὴν
1702 5354 1843 5422 ἄγαν

298 5441 596 5502 πλουσίαν.
620 5446 735 5517 Τῆς
767 5447 866 5517 μὲν
905 5439 998 5499 οὖν
1027 5446 1265 5508 παλαιᾶς
1295 5444 1699 5515 Ἰερουσαλὴμ
1744 5462 1841 5499 πε-

301 5531 551 5602 πτώκασιν
579 5536 636 5591 αί
669 5538 867 5608 σκηναὶ
896 5536 1177 5606 διαφόροις
1207 5536 1441 5609 ἁλούσης
1472 5530 1834 5608 πολιορκίαις.

314 5619 369 5685 Ἠ
394 5623 447 5677 δὲ
470 5629 624 5702 καινὴ
651 5629 850 5695 πόλις,
874 5629 949 5693 ὡς
977 5629 1070 5681 ἐπὶ
1096 5627 1298 5698 πέτρας
1330 5627 1562 5694 ἑστῶσα,
1587 5630 1690 5682 κὰν
1724 5631 1839 5693 τοῖς

2013 4796 2195 4853 Verba
2230 4796 2375 4854 ista:
2416 4796 2548 4851 Ecce
2579 4795 2710 4852 Sion
2739 4795 2948 4861 civitas,
2982 4793 3065 4850 sic
3116 4792 3519 4863 interpretatus

1944 4897 2033 4943 est
2063 4887 2326 4958 Aquilas:
2360 4884 2593 4951 Intuere,
2618 4901 2813 4956 qua're,
2833 4882 2982 4946 Sion.
3004 4884 3190 4939 civitas
3215 4882 3522 4938 solemnita-

1947 4989 2079 5034 tum.
2109 4976 2473 5050 Symmachus
2494 4986 2701 5041 autem,
2733 4975 2897 5048 404.
2928 4983 2982 5032 et
3003 4974 3344 5031 Tbeodotio:
3392 4973 3522 5028 Vide

1947 5070 2078 5127 Sion
2104 5071 2369 5125 civitatem
2391 5079 2698 5124 sanctorum
2728 5077 3051 5122 nostrorum.
3078 5065 3144 5119 Et
3172 5080 3367 5121 rursus
3398 5078 3520 5130 qua:

1946 5172 2293 5234 sequuntur:
2330 5162 2486 5218 Oculi
2519 5162 2597 5215 tui
2630 5160 2874 5216 videbunt
2899 5157 3226 5222 Jerusalem,
3263 5166 3517 5225 tanquam

1945 5259 2064 5326 ipsa
2090 5260 2331 5311 salutare
2356 5264 2621 5320 nostrum,
2657 5254 2711 5309 id
2760 5262 2846 5310 est
2878 5252 3183 5314 Christum,
3239 5250 3519 5319 aliamque

1946 5350 2210 5404 civitatem
2235 5349 2647 5411 solemnitatum,
2681 5347 2833 5402 idest
2860 5343 3165 5423 Ecclesiam
3200 5340 3359 5396 valde
3379 5341 3513 5395 divi-

1945 5453 2049 5498 tem
2085 5442 2355 5498 iutuitura
2407 5441 2501 5497 sit.
2562 5439 2777 5494 Veteris
2830 5436 2996 5508 igitur
3032 5432 3358 5497 Jerusalem,
3395 5449 3516 5503 qua:

1948 5537 2118 5593 toties
2145 5536 2272 5592 olim
2300 5541 2611 5605 expugnata
2643 5532 2735 5596 sit,
2774 5527 3129 5585 tabernacula
3174 5524 3515 5581 ceciderunt.

1948 5631 2017 5685 At
2076 5645 2219 5687 nova
2281 5629 2489 5695 civitas,
2550 5626 2677 5699 quia
2740 5638 2910 5697 super
2950 5629 3158 5695 petram
3199 5626 3329 5686 stat,
3377 5616 3515 5689 ipsis

358 5816 401 5859 ⁸⁸
428 5821 560 5886 Psal.
594 5846 799 5899 uxvu.
825 5831 880 5888 2.
942 5830 985 5866 ⁸⁸
1019 5830 1085 5886 ιν
1121 5830 1253 5903 Reg.
1291 5847 1381 5895 xx,
1419 5830 1474 5886 ll
1508 5846 1520 5898 ;
1557 5829 1660 5888 lsa.
1694 5846 1923 5896 xxxviii,
1961 5832 2011 5889 7.
