3900 6550
434 494 579 561 ’2303

1725 479 2361 555 ΡιιοοοΡιΓοΑΖΑιι

3551 484 3722 553 210%

441 600 886 670 persecutionum
945 601 1288 669 temporibus
1344 599 1629 656 immobilis
1689 611 2000 674 permanet.

2123 603 2212 657 τῶν
2234 603 2491 676 διωγμῶν
2515 605 2797 672 ἅσειστος
2812 587 3300 677 ἐπιμένεικαιροῐς.
3324 620 3344 656 ι
3378 601 3562 657 Πύλαι
3593 597 3724 670 γὰρ

445 710 466 744 ι
493 690 680 762 Neque
695 695 838 746 enim
853 701 1025 762 porta:
1050 690 1234 756 inferi,
1251 693 1450 764 inquit,
1469 695 1534 750 ad
1547 710 1731 751 versus
1745 711 1862 752 eam
1880 711 2015 766 prte-

446 784 700 839 valebunt
723 785 792 842 ”.
823 803 842 836 ι
877 800 1000 855 qua:
1028 785 1182 841 nullo
1203 785 1460 841 imbrium
1487 789 1713 861 impetu,
1735 790 1886 845 nullo
1907 791 2014 860 ﬂu-

444 879 670 942 viorum,
703 877 852 931 nullo
879 884 1160 932 ventorum
1182 879 1438 949 denique,
1457 895 1580 935 cum
1609 897 1775 951 super
1803 889 2012 952 petram

443 968 671 1024 fundata
696 969 771 1024 sit
792 970 860 1033 “,
888 969 1170 1025 ceciderit.
1198 969 1293 1026 Est
1331 987 1461 1026 vero
1492 972 1658 1041 hujus
1713 973 1790 1027 rei
1846 975 2009 1040 ratio,

443 1059 588 1128 quod
641 1077 826 1115 nomen
868 1060 1082 1115 Domini
1124 1063 1268 1116 locus
1302 1064 1355 1117 in
1379 1079 1520 1118 nova
1542 1065 1764 1121 civitate
1792 1064 2014 1122 futurus

443 1154 512 1207 sit
531 1171 545 1218 ;
561 1161 611 1207 et
631 1152 775 1224 quod
802 1153 1071 1222 ejusmodi
1094 1156 1146 1208 in
1164 1154 1286 1211 loco
1301 1157 1601 1214 immobilis
1625 1157 1740 1226 ipsa
1758 1173 2016 1228 perman-

445 1257 597 1297 sura.
633 1241 790 1309 Quod
821 1243 867 1297 si
895 1243 1212 1314 Symmachi
1253 1254 1538 1317 spectetur
1594 1248 2010 1317 interpretatio:

446 1331 556 1397 Ibi,
585 1335 681 1400 ait,
734 1343 917 1403 potem
954 1335 1106 1390 nobis
1167 1335 1444 1390 Dominus.
1502 1336 1675 1392 Locus
1727 1339 2013 1408 ﬂuviorum

445 1426 544 1478 riui
564 1425 839 1489 latissimi,
863 1441 966 1494 quo
1000 1442 1104 1481 non
1129 1425 1224 1480 ibit
1263 1428 1474 1498 remigis
1513 1429 1804 1497 navigium,
1853 1447 2016 1501 neque

444 1524 762 1584 praeceptum
791 1515 1020 1584 potentis
1064 1515 1408 1583 pertransibit
1436 1532 1574 1571 eum.
1625 1519 1692 1571 At
1743 1518 1855 1584 ubi,
1911 1535 2014 1589 quo

447 1623 552 1661 non
587 1608 705 1671 ibit,
738 1607 916 1673 dixit,
955 1608 1029 1663 ita
1063 1607 1180 1678 ipse
1218 1611 1487 1679 Aquilas:
1548 1608 1675 1665 Non
1700 1610 1794 1666 ibit
1848 1613 1906 1667 in
1951 1630 2016 1669 ea

446 1697 594 1752 navis
621 1698 849 1766 remigii,
873 1706 924 1753 et
953 1699 1186 1754 triremis
1224 1716 1418 1770 magna
1447 1717 1554 1756 non
1595 1704 2017 1772 transgredietur

445 1790 641 1858 ipsum.
673 1790 886 1856 Quibus
935 1792 1232 1847 nominatae
1279 1793 1524 1849 civitatis
1567 1793 1848 1850 Dominum
1901 1797 2017 1866 fore

447 1881 618 1936 locum
657 1881 941 1950 fluuiorum
1001 1883 1264 1950 indicant,
1332 1893 1392 1939 ut
1424 1887 1620 1940 merito
1679 1897 2011 1957 usurpetur:

2111 697 2264 770 ᾁδου,
2289 698 2474 770 φησὶν,
2497 698 2560 751 οὐ
2579 696 2999 768 κατισχύσουσιν
3019 696 3241 768 αὐτῆς,›
3263 697 3369 750 ὑπό
3385 713 3445 749 τε
3464 692 3589 762 δμ6
3595 708 3726 763 ρων

2112 791 2204 844 καλ⁵
2237 790 2520 860 ποταμῶν
2551 791 2646 846 καὶ
2681 791 3008 861 πνευμάτων
3037 791 3096 844 οὐ
3131 791 3416 844 πέπτωκε.
3444 787 3725 853 Τεθεμεο

2111 882 2300 936 λίωται
2324 882 2431 953 γὰρ
2460 882 2550 935 ἐπὶ
2573 881 2800 952 πέτραν.
2828 880 2903 934 Τδ
2942 881 2999 934 δέ
3025 881 3220 941 αῐτιον,
3247 881 3330 933 ὅτι
3386 878 3455 932 τὸ
3499 877 3728 944 ὄνομα

2112 973 2333 1042 Κυρίου
2383 973 2570 1040 τόπος
2623 971 2776 1026 ἔσται
2823 974 2890 1043 τῇ
2940 975 3100 1043 καινῇ
3151 973 3329 1037 πόλει,
3368 971 3467 1025 καὶ
3516 969 3613 1032 ὡς
3657 970 3726 1022 ἐν

2111 1065 2264 1136 τόπῳ
2289 1065 2515 1135 τοιούτῳ
2563 1065 2900 1134 καθέστηκεν
2946 1065 3220 1127 ἀπτωτος.
3271 1063 3430 1118 Κατά
3458 1063 3518 1117 δέ
3557 1062 3729 1131 Σύμ-
3777 1142 3784 1150 Δ

2116 1173 2309 1227 μαχον,
2333 1156 2464 1210 ἐκεῖ
2496 1156 2775 1225 κραταιὸς
2812 1156 2957 1226 ἡμῖν
2992 1157 3229 1224 Κύριος.
3269 1156 3462 1220 Τόπος
3506 1166 3728 1206 ποτα-
3769 1155 3778 1162 ’

2106 1249 2239 1319 μῶν
2290 1247 2573 1317 διώρυγες
2633 1248 2994 1317 εὺρύχωροι,
3052 1247 3206 1300 ὅπου
3261 1247 3343 1314 μὴ
3411 1242 3719 1312 πορευθῇ

2113 1338 2329 1393 πλοῖον
2371 1338 2753 1405 κωπηλάτου,
2787 1337 2930 1391 οὐδὲ
2976 1335 3197 1403 ἐντολὴ
3233 1334 3523 1402 κραταιοῦ
3579 1333 3730 1385 δια-

2115 1428 2361 1498 περάσει
2397 1430 2602 1484 αὐτόν.
2634 1429 2708 1483 Τὸ
2734 1429 2791 1482 δὲ
2821 1427 2975 1482 ὅπου
3000 1425 3085 1494 μὴ
3125 1424 3413 1493 πορευθῇ,
3455 1423 3731 1485 ’Δκὺλας

2115 1521 2279 1592 φησίν
2300 1538 2314 1553 ο
2344 1521 2426 1574 οὐ
2441 1520 2526 1590 μὴ
2559 1517 2824 1588 πορευθῇ
2856 1518 2924 1571 ἐν
2952 1517 3105 1585 αὐτῇ
3134 1516 3286 1582 ναῦς
3329 1514 3575 1583 κώπης,
3613 1513 3729 1566 καὶ

2114 1612 2360 1683 τριήρης
2393 1610 2800 1681 ὑπερμεγέθης
2821 1611 2894 1664 οὐ
2926 1609 3273 1678 διαϐήσεται
3297 1607 3470 1662 αὐτό.
3505 1606 3608 1660 Δι’
3643 1597 3730 1659 ὧν

2114 1705 2336 1777 δηλοῦσι
2359 1703 2459 1774 τῆς
2487 1701 2787 1774 εἰρημένης
2819 1701 3028 1764 πόλεως
3051 1699 3160 1754 τὸν
3189 1700 3409 1766 Κύριον
3439 1697 3731 1751 ἔσεσθαι

2116 1798 2304 1858 τόπον
2335 1792 2637 1862 ποταμῶν,
2689 1790 2829 1844 ὥστε
2867 1790 3082 1860 λέγειν’
3141 1808 3160 1842 ι
3197 1789 3303 1842 Τοῦ
3339 1786 3609 1859 ποταμοῦ
3648 1786 3728 1839 τὰ

2117 1886 2415 1959 ὁρμήματα
2462 1881 2816 1954 εὐφραίνουσι
2869 1880 2967 1951 τὴν
2998 1880 3153 1933 πόλιν
3191 1879 3284 1933 τοῦ
3313 1878 3473 1932 Θεοῦ.
3502 1897 3524 1929 ι
3569 1877 3724 1942 Καὶ,

453 1990 472 2025 ι
519 1971 788 2030 Fluminis
858 1973 1098 2045 impetus
1157 1975 1394 2031 laetiﬁcat
1421 1976 1697 2031 civitatem
1753 1956 1908 2033 Dei"
1941 1996 1955 2039 ;
1989 1999 2007 2031 ι

2124 1956 2240 2032 «⁷δο
2273 1975 2519 2048 ποταμὸς
2559 1975 2655 2029 τοῦ
2693 1973 2830 2028 Θεοῦ
2877 1971 3169 2044 ἐπληρώθη
3203 1970 3434 2025 ὑδάτων.
3471 1988 3491 2023 ι
3526 1971 3608 2023 οι
3660 1969 3724 2022 δὲ

447 2069 502 2116 et
546 2062 722 2118 illud:
785 2080 806 2116 ι
841 2063 1069 2120 Flumen
1127 2063 1218 2120 Dei
1265 2067 1530 2136 repletum
1564 2075 1653 2123 est
1705 2069 1944 2138 aquis”.
1989 2089 2008 2122 ι

449 2150 630 2209 Fluvii
652 2162 858 2222 autem,
888 2156 1088 2227 inquit,
1119 2159 1258 2243 adeo
1275 2170 1405 2216 sunt
1435 2161 1488 2215 in
1519 2170 1658 2227 tuto,
1676 2170 1737 2217 ut
1766 2163 2015 2220 hostibus

449 2244 504 2300 in
535 2260 633 2302 eos
657 2262 924 2304 ascensus
951 2266 1061 2304 non
1091 2259 1304 2319 pateat;
1334 2252 1537 2323 quippe
1589 2254 1682 2324 qui
1722 2257 2017 2326 parvisque

447 2348 502 2391 et
543 2339 933 2409 grandioribus
959 2343 1184 2412 navigiis
1218 2345 1410 2399 muniti
1464 2345 1597 2410 sint,
1629 2347 1832 2415 quibus
1873 2349 2014 2403 muri

451 2433 572 2486 loco
599 2431 798 2488 civitas
829 2431 1242 2502 circumdatur,
1283 2452 1404 2506 qua:
1440 2437 1678 2508 judioem
1725 2451 1774 2494 et
1831 2440 2016 2495 ducem

450 2523 617 2577 habet
653 2521 990 2581 Salvatorem
1045 2535 1102 2583 et
1150 2528 1482 2594 Dominum;
1539 2532 1702 2602 cujus
1756 2534 2016 2604 impetus,

452 2624 707 2686 tanquam
731 2619 824 2688 qui
851 2617 1050 2676 ﬂuvius
1074 2621 1285 2692 primus
1310 2625 1402 2690 sit,
1428 2632 1482 2680 et
1507 2625 1731 2682 ultimus
1751 2627 2020 2682 ciuitatem

453 2707 553 2762 Dei
588 2709 846 2766 lazttilcat.
877 2711 1205 2784 Quanquam
1251 2723 1434 2769 tamen
1479 2725 1536 2772 et
1586 2717 1886 2773 multorum
1913 2719 2021 2789 ﬂu-

452 2801 654 2854 viorum
707 2801 930 2858 nomine
991 2804 1169 2875 angeli
1209 2805 1609 2875 intelligantur,
1677 2808 1769 2876 qui
1805 2824 2022 2878 semper

455 2890 638 2947 Patris
668 2893 862 2948 faciem
916 2895 969 2948 in
1001 2894 1142 2951 cmlo
1170 2895 1448 2952 intuentes
1468 2898 1536 2959 ⁸⁵.
1587 2897 1889 2955 Ecclesiam
1920 2915 2018 2954 cu—

457 2983 724 3040 stodiunt.
750 2984 882 3042 Inde
923 2999 1109 3056 postea
1152 2990 1356 3047 veteris
1412 2991 1652 3047 civitatis
1677 2992 2021 3047 calamitates

455 3076 792 3131 subindicat.
822 3076 1000 3148 Hujus
1027 3082 1196 3142 enim.
1240 3089 1504 3152 tanquam
1532 3084 1688 3139 navis
1707 3083 1904 3148 malus,
1938 3083 2023 3138 di-

455 3168 625 3235 ruptis
675 3169 889 3237 tunibus
951 3171 1156 3241 quibus
1231 3174 1574 3228 retinebatur
1596 3173 1784 3245 m5,
1819 3185 2024 3245 tempe-

2117 2067 2392 2138 ποταμοί,
2419 2067 2604 2137 φησὶν,
2625 2063 2799 2128 οὕτως
2829 2067 2886 2134 ἐν
2913 2063 3184 2134 ἀσφαλείᾳ
3211 2062 3623 2131 τυγχάνουσιν,
3641 2062 3728 2124 ὡς

2116 2156 2402 2221 εἶναιτοῖς
2449 2157 2663 2228 ἐχθροῖς
2715 2154 3055 2218 ἀνεπίϐατοι,
3091 2156 3306 2225 μικροῖς
3338 2171 3397 2208 τε
3441 2153 3545 2206 καὶ
3597 2151 3728 2222 μεῖ-

2117 2253 2235 2318 ζοσι
2265 2251 2502 2313 πλοίοις
2525 2248 2916 2320 ἐπερχομένοις
2953 2247 3077 2301 ἀντὶ
3105 2245 3321 2316 τείχους
3362 2245 3726 2309 κυκλοῦντες

2117 2344 2214 2415 τὴν
2238 2343 2414 2409 πόλιν,
2449 2340 2571 2394 ἐπεὶ
2599 2338 2812 2409 κριτὴν
2834 2339 2932 2393 καὶ
2971 2338 3312 2409 ἡγούμενον
3370 2336 3544 2391 αὐτὸν
3595 2335 3724 2406 ἔχει

2117 2435 2208 2489 τδν
2241 2434 2471 2503 Σωτῆρα
2500 2433 2595 2486 καὶ
2643 2433 2883 2500 Κύριον,
2931 2423 2994 2484 οῦ
3025 2430 3096 2484 τὰ
3135 2430 3436 2502 ὁρμήματα
3475 2427 3721 2499 πρώτου

2119 2527 2215 2582 καὶ
2248 2525 2454 2580 τελείου
2483 2525 2843 2595 τυγχάνοντος
2871 2520 3140 2594 ποταμοῦ,
3181 2521 3542 2594 εὐφραίνουσι
3595 2522 3725 2590 τὴν

2117 2619 2302 2674 πόλιν
2329 2618 2436 2673 τοῦ
2474 2617 2645 2682 Θεοῦ,
2665 2616 2912 2684 ἀγγέλων
2935 2615 3105 2669 ὄντων
3138 2614 3247 2668 τῶν
3278 2614 3496 2668 πολλῶν
3517 2631 3721 2669 ποτα-

2114 2711 2247 2782 μῶν
2273 2712 2382 2764 τῶν
2429 2710 2518 2763 διά
2561 2707 2763 2772 παντὸς
2806 2707 3108 2779 βλεπόντων
3146 2707 3206 2761 τὸ
3249 2707 3556 2777 πρόσωπον
3609 2705 3718 2760 τοῦ

2122 2805 2363 2877 Πατέρος
2389 2801 2486 2856 τοῦ
2531 2803 2588 2855 ἐν
2618 2801 2888 2873 οὐρανοῖς,
2920 2799 2968 2854 οἳ
3001 2799 3300 2871 φρουροῦσι
3329 2801 3433 2870 τὴν
3471 2799 3720 2870 Ἐκκλη-

2123 2898 2264 2951 σίαν.
2299 2895 2581 2950 Ἐντεῦθεν
2629 2893 2816 2948 λοιπὸν
2845 2893 2947 2961 τῆς
2994 2892 3230 2956 παλαιᾶς
3262 2892 3562 2962 ὑποφαίνει
3620 2891 3721 2945 πό·

2121 2986 2258 3049 λεως
2282 2984 2350 3040 τά
2383 2984 2705 3056 παθήματα.
2737 2983 2954 3052 Ταύτης
2979 2982 3087 3053 γὰρ
3111 2981 3186 3044 ὡς
3211 2981 3341 3052 νηὸς
3363 2982 3421 3033 ἐν
3465 2980 3717 3051 χειμῶνι

2125 3079 2418 3133 πέπτωκεν
2450 3079 2482 3131 ό
2515 3077 2685 3142 ίστὸς
2731 3075 2842 3128 τῶν
2873 3073 3034 3127 αὑτὸν
3068 3073 3416 3145 κρατούντων
3462 3072 3721 3140 διαρῤα-

2124 3170 2349 3239 τέντων
2376 3168 2682 3237 σχοινίων.
2727 3165 2787 3220 '0
2829 3165 2887 3220 δὲ
2937 3165 3234 3236 Σύμμαχος
3263 3181 3450 3235 φησιν,
3499 3165 3717 3232 Ἐξερς

453 3268 592 3315 state
626 3260 876 3344 dejectus
902 3273 1008 3330 est,
1061 3265 1209 3335 quod
1268 3266 1341 3320 ita
1384 3266 1562 3322 reddit
1615 3267 2018 3339 Symmachus:

2123 3263 2268 3331 ῥίφη
2298 3260 2371 3315 τὰ
2401 3260 2647 3331 σχοινία
2684 3272 2824 3323 σου,
2872 3257 3030 3311 ὥστε
3067 3257 3154 3326 μή
3199 3255 3459 3325 κρατεῖν.
3502 3255 3719 3320 οὕτως

455 3350 684 3420 Abrupti
716 3353 945 3423 funiculi
979 3356 1114 3425 ejus,
1155 3357 1231 3411 ita
1262 3367 1318 3411 ut
1343 3375 1444 3412 non
1467 3360 1750 3414 retineant.
1786 3357 1879 3414 Sic
1908 3375 2024 3413 ma-

457 3443 540 3497 lus
566 3461 770 3510 eorum,
822 3455 1016 3502 utnon
1065 3449 1324 3517 expendat
1381 3450 1572 3505 velum.
1627 3450 1772 3505 Tunc
1819 3450 2025 3506 dimisit

456 3549 622 3603 usque
664 3537 733 3589 ad
780 3538 952 3605 spolia
998 3540 1205 3596 multa:
1259 3543 1463 3612 quibus
1521 3542 1707 3600 verbis
1764 3551 2023 3614 tanquam

456 3627 636 3682 navali
683 3630 877 3698 prmlio
927 3631 1234 3688 demersam
1285 3635 1486 3699 navim,
1541 3643 1596 3690 et
1649 3635 1716 3691 ab
1773 3634 2025 3693 hostibus

458 3717 729 3788 direptam
772 3723 950 3778 oculis
1004 3724 1246 3793 subjicit.
1290 3725 1396 3781 Eos
1452 3727 1620 3792 enim,
1686 3725 1755 3781 ad
1807 3741 2024 3782 sacram

459 3823 636 3878 usque
667 3813 1060 3880 supellectilem
1110 3817 1164 3869 in
1205 3817 1440 3885 prwdam
1480 3816 1703 3871 tradidit
1758 3817 2024 3873 Dominus

460 3901 776 3959 hominibus
826 3905 1011 3976 impiis
1053 3915 1106 3961 et
1161 3909 1342 3962 anima
1388 3910 1854 3976 claudicantibus;
1907 3910 2025 3981 qui,

459 3993 699 4048 tradente
711 3995 956 4060 Domino,
981 4016 1083 4053 non
1107 3999 1439 4064 laborarunt,
1457 4011 1528 4067 et,
1549 4019 1580 4055 a
1601 4004 1828 4071 peccatis
1853 4001 2028 4069 liberi,

461 4087 856 4158 Hierosolymis
888 4089 1026 4160 ipsis
1055 4091 1244 4145 divino
1269 4091 1479 4161 judicio
1510 4094 1671 4164 potiti
1694 4103 1846 4150 sunt.

529 4179 637 4234 Alii
681 4188 861 4234 autem
917 4181 1063 4236 hunc
1107 4183 1160 4237 in
1211 4184 1431 4238 modum
1473 4187 1842 4255 explicarunt.
1882 4185 2032 4242 Inter

463 4273 707 4353 habitum
748 4289 777 4327 a
812 4275 921 4329 Deo
963 4275 1030 4330 de
1077 4277 1360 4332 litterariis
1393 4278 1782 4349 insipientibus
1821 4294 2033 4336 sermo-

463 4379 609 4427 nem,
636 4373 951 4420 sanctorum
984 4383 1180 4423 rursus
1207 4383 1439 4438 persona
1470 4369 1768 4436 inducitur,
1785 4370 1878 4440 qui
1910 4385 2030 4440 eam

461 4454 566 4508 sibi
600 4462 816 4520 mutuo,
839 4456 956 4512 sive
983 4473 1103 4527 quae
1131 4459 1183 4512 in
1215 4459 1401 4523 terris,
1441 4459 1556 4516 sive
1587 4475 1710 4530 quin
1773 4460 1829 4515 in
1875 4439 2034 4516 caelis

461 4542 716 4610 habetur,
744 4544 1044 4603 Ecclesiam
1073 4548 1387 4614 ostendant,
1419 4549 1472 4604 in
1504 4566 1667 4619 quam
1700 4550 1911 4606 incolas
1940 4549 2034 4606 illa

2129 3357 2162 3408 ό
2207 3353 2376 3421 ἱστὸς
2421 3351 2640 3417 αὐτῶν,
2672 3350 2834 3406 ὥστε
2882 3351 2970 3420 μὴ
3001 3349 3280 3404 omnem
3310 3348 3534 3402 ἱστίον.
3569 3349 3718 3403 τότε

2127 3444 2420 3515 διένειμεν
2450 3443 2562 3511 ἕως
2586 3442 2836 3498 σκύλων
2858 3438 3108 3495 πολλῶν
3131 3455 3146 3472 ο
3172 3437 3512 3508 ὑπογράφων
3537 3437 3624 3501 ὡς
3657 3437 3718 3489 ἐν

2127 3538 2406 3609 ναυμαχίᾳ
2442 3536 2538 3591 νῦν
2579 3535 2881 3589 κατέδυσαν
2906 3535 2954 3600 ⁸,
2986 3534 3080 3587 καὶ
3119 3532 3254 3603 πρὸς
3281 3531 3392 3584 τῶν
3421 3530 3717 3599 πολεμίων

2129 3627 2541 3700 ἁρπαζομένην.
2565 3625 2677 3679 Καὶ
2716 3624 2878 3696 μέχρι
2904 3625 3015 3694 γάρ
3045 3623 3152 3676 τῶν
3184 3622 3347 3693 ἱερῶν
3371 3619 3598 3674 σκευῶν
3627 3622 3718 3684 είς

2126 3717 2468 3788 διαρπαγὴν
2485 3715 2789 3786 παρέδωκε
2817 3715 3035 3782 Κύριος
3066 3714 3321 3768 ἀσεδέσιν
3347 3712 3582 3781 ἀνδράσι
3610 3709 3716 3766 και

2127 3811 2234 3878 τὰς
2263 3809 2372 3880 τῆς
2399 3806 2607 3878 ψυχῆς
2623 3807 2962 3878 χωλεύουσι
2981 3805 3220 3871 βάσεις,
3246 3804 3304 3859 οἳ
3338 3803 3490 3858 Θεοῦ
3519 3817 3717 3871 παρα-

2129 3901 2403 3967 διδόντος
2423 3902 2535 3955 οῠκ
2562 3899 2919 3962 ἐκοπιάσαν,
2945 3897 3040 3950 καὶ
3068 3896 3389 3965 γεγόνασιν
3414 3895 3717 3964 ἁμαρτίας

2129 3995 2446 4061 ἐλεύθεροι,
2483 3989 2620 4044 Θεοῦ
2667 3978 2850 4060 κρίσει
2901 3987 3001 4060 τὴν
3037 3986 3392 4060 Ἰερουσαλὴμ
3431 3987 3716 4057 χειρωσά-

2177 4103 2309 4141 ενοι.

2136 4107 2357 4243 Wﬁlin
2373 4179 2431 4232 δέ
2459 4174 2633 4238 οὕτως
2655 4172 3003 4245 ἐρμήνευσαν
3018 4186 3033 4202 ο
3054 4169 3274 4234 Μεταξὺ
3301 4166 3394 4221 τοῦ
3417 4166 3554 4221 Θεοῦ
3580 4166 3714 4237 περὶ

2132 4270 2241 4324 τῶν
2280 4269 2558 4324 ἀσυνέτων
2610 4263 3015 4336 γραμματικῶν
3061 4260 3561 4330 προσφωνήσαντος
3589 4299 3606 4323 ,
3656 4259 3716 4312 τὸ

2132 4363 2239 4417 τῶν
2295 4362 2465 4431 ἀγίων
2501 4355 2657 4422 αὖθις
2689 4357 2971 4424 εἰσάγεται
3022 4354 3334 4426 πρόσωπον,
3381 4353 3714 4406 δεικνύντων

2135 4454 2324 4524 ὥσπερ
2371 4451 2623 4522 ἀλλήλοις
2653 4448 2685 4518 ἢ
2716 4446 2816 4514 τὴν
2855 4446 2948 4500 ἐπὶ
2975 4444 3082 4515 γῆς
3132 4442 3483 4513 Ἐκκλησίαν,
3525 4440 3560 4512 ἢ
3613 4441 3716 4511 τὴν

2134 4547 2194 4598 ἐν
2225 4545 2493 4615 οὐρανοῖς,
2527 4543 2608 4604 είς
2647 4541 2714 4611 ἣν
2739 4538 2934 4606 ἀνάγει
2983 4535 3109 4599 τοὺς
3161 4532 3506 4595 ἐνοικοῦντας
3539 4532 3578 4598 ἡ
3610 4532 3710 4585 ἐπὶ

462 4634 704 4703 deducit,
740 4652 862 4707 quae
909 4637 1148 4693 salutare
1195 4640 1251 4694 in
1301 4647 1464 4704 terra.
1501 4641 1554 4696 id
1598 4649 1684 4698 est
1730 4641 2022 4709 Christum,

2137 4635 2249 4708 γῆς
2268 4633 2565 4702 σωτήριον
2587 4631 2782 4701 ἐχουσα
2800 4629 2892 4682 τὸν
2924 4627 3180 4699 Χριστὸν,
3221 4625 3316 4688 οὒς
3345 4623 3714 4694 ἀμειδόμενὸς

464 4725 728 4795 possidet,
759 4727 962 4804 quibus
992 4730 1043 4783 in
1069 4731 1215 4785 hunc
1253 4732 1472 4786 modum
1503 4733 1779 4802 prophetae
1808 4749 2034 4804 respon-

464 4813 556 4869 det
583 4816 762 4870 oratio
790 4834 804 4871 :
839 4803 994 4872 Oculi
1023 4820 1101 4874 tui
1151 4819 1400 4876 videbunt
1424 4819 1746 4890 Jerusalem,
1775 4803 2034 4896 tanquam

463 4922 530 4962 ex
574 4907 903 4963 tabernaculi
940 4911 1318 4978 similitudine,
1353 4928 1464 4986 quo
1503 4914 1559 4968 in
1603 4915 1900 4972 solitudine
1934 4930 2036 4972 usa

384 5027 392 5032 -
465 5005 571 5060 est,
595 5012 715 5066 qua:
733 4998 800 5053 ad
822 5009 940 5053 eam
970 5011 1236 5070 spectant,
1254 5014 1511 5074 exponat.
1537 5003 1634 5060 Est
1656 5020 1786 5060 vero
1808 5005 2037 5062 creden-

467 5089 635 5153 tibus,
672 5089 728 5144 in
761 5089 984 5147 civitate
1018 5094 1334 5150 securitatis
1379 5110 1570 5161 causa,
1611 5095 1749 5166 quod
1786 5113 2033 5166 magnum

468 5194 654 5233 nomen
701 5177 917 5234 Domini
955 5181 1102 5236 vobis
1139 5181 1307 5250 dixit;
1342 5193 1398 5238 ut
1434 5185 1504 5239 ab
1539 5185 1646 5250 his,
1681 5185 1777 5256 qui
1813 5185 2036 5242 Christo

471 5285 579 5326 non
613 5269 989 5337 crediderunt,
1022 5272 1409 5345 distingueret.
1445 5277 1646 5332 Deinde
1673 5276 1862 5341 etiam,
1891 5277 2035 5348 quod

470 5362 616 5422 locus
660 5364 768 5420 erit
817 5364 976 5421 vobis
1031 5365 1171 5436 ipsa,
1219 5381 1340 5436 qua:
1385 5382 1602 5439 semper
1648 5377 1752 5435 est,
1795 5369 1979 5424 civitas
2019 5384 2037 5422 :

2135 4743 2299 4797 φησιν
2331 4725 2360 4778 ὁ
2393 4724 2574 4792 λόγος.
2619 4723 2684 4776 Ol
2717 4719 3018 4790 ὀφθαλμοί
3063 4731 3182 4771 σου
3215 4716 3466 4785 ὄψονται
3503 4714 3714 4781 Ἰερου·

2134 4816 2363 4886 σαιιὴμ,
2392 4815 2490 4878 τὰς
2520 4813 2649 4879 περὶ
2688 4811 2858 4881 αὐτῆς
2887 4811 3062 4878 λέγων
3089 4809 3147 4876 ἐξ
3187 4807 3504 4878 ὁμοιότητος
3527 4807 3630 4875 τῆς
3659 4809 3714 4860 ἐν

2133 4911 2200 4980 τῇ
2231 4909 2423 4979 ἐρήμῳ
2445 4903 2688 4973 σκηνῆς
2705 4921 2719 4935 ο
2751 4902 2844 4956 τοῦ
2873 4901 2931 4955 δὲ
2956 4901 3054 4972 τῆς
3079 4900 3286 4961 πόλεως
3311 4897 3592 4966 ἀσφαλοῦς
3615 4899 3713 4964 τὴν

2137 4999 2316 5054 αἰτίαν
2355 4999 2492 5068 φησὶ
2541 4998 2652 5060 τοῖς
2686 4993 3060 5060 πιστεύσασιν,
3099 4991 3190 5046 ὅτι
3241 4991 3306 5045 τὸ
3352 4989 3545 5058 ὄνομα
3595 4993 3714 5043 Ku-

2133 5093 2272 5162 ρίου
2297 5091 2451 5161 μέγα
2479 5089 2642 5160 ὑμῖν,
2664 5085 3114 5142 ἀντιδιαστέλλων
3136 5087 3250 5148 τοῖς
3271 5082 3349 5152 τῷ
3378 5081 3603 5152 Χριστῷ
3638 5082 3711 5151 μὴ

2141 5182 2512 5238 πιστεύσασιν.
2553 5181 2664 5234 Καὶ
2690 5179 2766 5243 ὼς
2820 5178 2972 5232 ἐσται
3009 5178 3193 5241 τόπος
3215 5175 3366 5244 ὑμῖν,
3397 5175 3433 5244 ἠ
3476 5173 3567 5227 ἀεὶ
3615 5171 3712 5240 μὲν

2142 5271 2277 5329 οὖσα
2317 5273 2510 5339 πόλις,
2540 5274 2600 5326 ἐν
2705 5268 3010 5340 ποταμοὺς
3045 5266 3425 5338 εὐρυχώρους
3458 5263 3594 5334 φησὶ
3618 5263 3710 5316 καὶ

2145 5365 2439 5434 διώρυχας
2477 5361 2869 5431 εὐαγγελιστάς
2893 5377 2954 5413 τε
3006 5360 3103 5414 καὶ
3150 5356 3482 5420 ἀποστόλους
3503 5353 3708 5426 δηλῶν,

473 5453 528 5506 ἱη
562 5466 668 5523 qua
703 5453 842 5510 latos
873 5455 1062 5525 ﬂuuios
1099 5464 1149 5511 et
1191 5456 1351 5524 rivos,
1384 5457 1436 5513 id
1475 5466 1562 5515 est
1593 5459 1958 5531 evangelistas
1987 5474 2022 5513 e‘

2147 5457 2243 5512 καὶ
2271 5457 2399 5521 τοὺς
2430 5453 2538 5508 τῶν
2564 5451 2901 5525 Ἐκκλησιῶν
2927 5450 3072 5506 κατά
3121 5449 3315 5520 καιρὸν
3347 5446 3707 5519 ἡγουμένους,

472 5545 774 5616 apostolos,
806 5544 1292 5617 Ecclesiarumque
1324 5547 1614 5620 praefectos
1643 5563 1746 5606 suo
1771 5563 2022 5620 quemqut

2144 5550 2241 5621 τὴν
2267 5549 2361 5603 τοῦ
2390 5545 2526 5602 Θεοῦ
2555 5547 2791 5618 ποίμνην
2823 5544 2937 5608 τοῖς
2965 5541 3132 5606 Θείοις
3173 5541 3437 5612 ἀρδοντας
3473 5537 3708 5611 νάμασιν

545 5687 593 5719 ⁸⁸
625 5685 814 5742 Matth.
853 5702 965 5752 xvu,
1011 5687 1098 5743 18.
1174 5689 1217 5721 ⁹¹
1253 5687 1445 5747 Matth.
1476 5705 1573 5756 vn,
1602 5689 1695 5746 24.
1769 5689 1816 5723 ⁸¹
1849 5687 1994 5744 Psal.
2022 5702 2147 5754 xcv,
2183 5688 2236 5743 5.
2313 5686 2361 5721 “
2387 5685 2700 5754 Psal.t.xiv,
2735 5682 2823 5739 10.
2898 5682 2945 5716 ⁸⁵
2971 5679 3158 5743 Matth.
3197 5692 3351 5745 xvut,
3389 5675 3481 5734 10.

1761 5797 1992 5861 VARLE
2030 5797 2428 5862 LECTIONES.

556 5920 581 5965 8
620 5937 708 5990 πρ.
727 5916 858 5974 ναῦν
881 5915 1210 5975 καταδῦσαν.
