3978 6374
213 243 361 308 ἳῖθῖ)

1382 243 1922 307 COMMENTARII
1963 243 2046 306 ΙΝ
2088 242 2372 305 ISAIAM.

3337 245 3479 309 2306

211 358 273 423 ιε
296 356 445 421 ἑνὸς,
466 356 527 422 δς
560 358 655 413 καὶ
681 357 767 414 διὰ
808 359 994 429 φωνῆς
1049 362 1330 432 προφήτου
1382 361 1580 432 φησίν*
1610 379 1628 411 ι
1662 359 1796 413 ’ἰδοὺ

1928 374 2151 431 empore
2186 360 2364 431 ipsum
2398 356 2542 416 ovile
2579 359 2786 417 divinis
2824 361 2891 416 ab
2923 376 3032 415 uno
3058 360 3317 416 laticibus
3349 362 3479 416 irri-

211 446 325 517 ὲγὼ
358 446 596 500 ἑκκλίνω
624 448 913 512 ἑπάὐτοὺς
944 449 1020 511 ὼς
1056 451 1300 519 ποταμὸς
1324 450 1567 520 είρήνης,
1596 447 1693 499 καὶ
1723 446 1801 509 ὡς

211 539 558 612 χειμάρρους
610 540 918 605 ἐπικλύζων
960 541 1119 608 δόξαν
1160 541 1349 596 ἐθνῶν.
1381 558 1400 591 ι
1454 540 1533 609 Τῇ
1572 539 1630 593 δὲ
1682 536 1804 591 τῶν

215 630 513 701 ποταμῶν
544 632 821 703 ἐπιμένων
864 634 1171 705 μεταφορᾷ,
1212 632 1307 687 καὶ
1337 633 1412 697 ὡς
1445 632 1574 702 περὶ
1616 630 1805 685 πλοῦ-

215 743 327 780 τον·
345 727 377 767 ει
406 725 569 795 λόγον
593 727 939 799 ποιούμενος,
959 728 1021 781 τὸ
1041 728 1154 782 τῶν
1176 729 1384 782 πιστῶν
1412 728 1619 795 εἰσάγει
1643 726 1807 798 πρόσ-

215 835 370 872 ωπον
394 820 539 890 μετὰ
566 818 667 891 τὴν
687 820 924 890 Χριστοῦ
952 823 1259 891 παρουσίαν
1284 818 1377 873 τοῦ
1403 818 1650 872 διαϐόλου
1675 834 1807 872 κατ-

217 913 608 983 επαιρόμενον,
634 912 978 983 ἀπαγορεῦόν
1004 930 1063 966 τε
1103 912 1254 984 αὐτῷ
1292 913 1366 984 μὴ
1405 911 1472 965 δι’
1496 910 1678 963 αὐτῶν
1701 910 1808 963 δια·

140 990 159 1004 ’
220 1002 459 1067 ϐαίνειν,
512 1005 767 1074 καθάπερ
826 1005 1252 1076 καὶπρότερον.
1308 1003 1381 1058 Οὐ
1426 1002 1532 1071 γὰρ
1588 1001 1667 1055 ἔτι
1725 1019 1807 1055 σοι

218 1096 567 1165 τυγχάνομεν
648 1096 889 1167 βάσιμοι.
949 1097 1080 1151 Οὐδὲ
1143 1098 1349 1169 δυνήσῃ
1423 1096 1673 1164 καθάπερ
1755 1110 1808 1147 τι

220 1188 445 1242 πλοῖον
479 1189 568 1243 διὰ
618 1188 824 1243 τούτων
873 1190 1064 1244 nam
1113 1188 1233 1245 τῶν
1286 1185 1587 1258 ποταμῶν.
1637 1187 1709 1238 Τὸ
1753 1186 1811 1239 δὲ

223 1281 401 1335 αἴτιόν
455 1298 642 1350 φασιν,
686 1282 740 1334 '0
786 1282 895 1352 γὰρ
938 1282 1083 1348 Θεός
1109 1299 1228 1352 μου
1269 1280 1459 1351 μέγας
1499 1278 1653 1332 ἐστί.
1702 1276 1811 1331 Καὶ

224 1372 423 1428 τούτου
460 1374 622 1446 χάριν
667 1376 739 1429 οὐ
775 1375 1149 1430 διελεύσεται
1178 1374 1254 1428 δι’
1296 1373 1462 1443 ἐμοῦ.
1505 1371 1811 1440 Ἀπέφυγον

226 1468 336 1537 γὰρ
366 1465 536 1519 αὐτοῦ
574 1466 674 1537 τὴν
705 1468 886 1539 κρίσιν
929 1469 1023 1522 καὶ
1061 1470 1152 1522 τὴν
1194 1466 1373 1536 ζυγὸν,
1420 1465 1523 1520 ὑπὸ
1560 1464 1692 1517 Θεὸν
1720 1481 1813 1531 γε·

227 1556 426 1626 γονὼς.
459 1556 630 1611 Τοῦτο
662 1557 719 1609 δὲ
761 1558 856 1611 καὶ
884 1560 941 1612 ὲν
971 1558 1149 1622 ἄλλοις
1182 1558 1373 1629 παρὼν
1406 1555 1687 1627 προφήτης
1718 1571 1815 1625 φη-

229 1648 351 1702 σιν’
388 1650 616 1704 «Ἔσται
648 1651 767 1703 ἐκεῖ
803 1651 917 1714 ὁδὸς
961 1652 1199 1723 καθαρὰ,
1236 1652 1330 1705 καὶ
1360 1651 1476 1713 ὁδὸς
1516 1650 1646 1717 ἁγία
1679 1646 1813 1718 κλη-

230 1739 483 1810 θήσεται.
507 1743 614 1795 Καὶ
641 1744 741 1795 οὐκ
787 1742 940 1796 ἔσται
987 1716 1253 1806 ἐκεῖνόδδς
1291 1742 1625 1814 ἀκάθαρτος.
1680 1716 1815 1793 Οὐδὲ
1848 1716 1887 1770 Β

230 1832 386 1887 ἔσται
448 1834 605 1899 λέων,
657 1835 783 1888 οὐδὲ
831 1835 940 1888 τῶν
986 1835 1193 1907 Θηρίων
1239 1835 1349 1889 τῶν
1383 1834 1635 1905 πονηρῶν
1665 1832 1814 1886 οὐδὲν

227 1926 291 1978 οῦ
318 1926 395 1996 μὴ
430 1927 602 1997 ἀναϐῇ
637 1929 772 1981 ἐκεῖ,
820 1927 980 1979 Ἀλλά
1009 1927 1366 1998 πορεύσονται
1398 1929 1454 1981 ὲν
1495 1928 1627 1995 αὐτῇ
1659 1925 1815 1977 λελυ-

228 2020 511 2089 τρωμένοι
538 2017 627 2072 διά
651 2018 744 2071 τὸν
788 2019 1011 2090 Κύριον.
1047 2039 1065 2071 ι
1108 2020 1232 2073 Ἐπὶ
1261 2019 1491 2085 τούτοις,
1531 2018 1622 2072 τὸν
1660 2018 1817 2086 λόγον

232 2108 377 2179 πρὸς
413 2108 638 2179 τὴντῶν
678 2108 948 2163 Ἰουδαίων
979 2111 1342 2179 μεταστρέφει
1374 2106 1720 2178 συναγωγὴν,
1750 2109 1815 2178 τῇ

230 2198 338 2269 τῆς
394 2197 535 2262 νεὼς
599 2200 890 2269 ἐπιμείνας
943 2202 1248 2273 μεταφορᾷ,
1298 2200 1388 2264 Ὣς
1446 2199 1556 2269 γὰρ
1614 2197 1817 2268 ἀνέμου

233 2291 640 2362 προσϐαλόντος
672 2292 1054 2364 σφοδρότερον,
1084 2293 1152 2347 τά
1192 2293 1293 2363 μὲν
1337 2293 1499 2347 (orla
1530 2294 1820 2361 κατασπᾷν

233 2383 339 2435 οὐκ
373 2382 671 2453 ίσχύουσιν,
710 2383 739 2436 ό
770 2383 828 2437 δὲ
861 2384 1035 2451 ἱστὸς
1064 2385 1169 2438 ὑπὸ
1194 2384 1402 2440 τούτων
1464 2386 1821 2455 κλινάμενος

233 2477 337 2547 τὴν
358 2476 630 2544 ναυαγίαν
666 2477 961 2548 ὲργάζεται
981 2494 995 2509 ο
1033 2476 1379 2550 οὖτωλφησὶ,
1407 2479 1574 2553 πείσῃ
1624 2479 1690 2533 τά
1718 2496 1823 2532 πα-

240 2569 545 2639 ραπλήσια.
598 2568 738 2622 Ἀλλ’
783 2570 905 2623 οὐδὲ
963 2572 1229 2641 τροπαίου
1281 2570 1536 2640 σημεῖον
1577 2574 1610 2641 ἠ
1670 2571 1823 2635 πόλις

235 2662 442 2732 ἑπαρεί
472 2662 714 2715 νικῶσαο
748 2663 1186 2735 παραδοθήσεται
1227 2664 1285 2717 δὲ
1318 2664 1516 2735 μᾶλλον
1561 2665 1641 2727 είς
1691 2682 1826 2733 προ-

235 2753 438 2823 νομὴν,
482 2753 556 2824 μὴ
585 2752 857 2824 δυναμένη
889 2757 1030 2808 κατά
1075 2755 1171 2827 τὴν
1197 2756 1390 2826 καινὴν
1420 2754 1575 2808 πόλιν
1604 2753 1702 2817 τὰς
1730 2753 1824 2807 τοῦ

238 2844 463 2899 Σατανᾶ
510 2845 793 2915 διαφυγεῖν
837 2847 1169 2919 προσϐολὰς,
1221 2848 1321 2902 εἴθ’
1349 2848 1423 2912 ὡς
1475 2850 1531 2902 ὲν
1563 2847 1823 2921 θαλάττῃ,

238 2936 343 2990 εἷθ’
374 2937 455 3001 ὼς
492 2941 549 2991 ὲν
597 2938 819 3010 πολέμῳ
873 2939 1326 3009 προσϐάλλοντος,
1373 2940 1575 3011 καίπερ
1632 2940 1828 3010 ἔχουσα

1902 466 2063 521 gasse
2095 451 2389 523 signiﬁcat,
2421 452 2515 524 qui
2551 453 2830 524 prophetae
2868 454 2921 508 in
2955 453 3070 508 hate
3099 453 3263 508 verba
3300 453 3482 524 loqui-

1905 549 1997 597 tur
2032 560 2047 598 :
2087 560 2106 594 ι
2136 541 2277 600 Ecce
2306 559 2405 615 ego
2432 539 2648 600 decli'no
2679 546 2731 600 in
2758 560 2878 605 eos.
2905 547 3047 602 sicut
3080 544 3275 601 ﬂuvios
3302 547 3478 615 pacis,

1903 640 1958 688 et
1989 632 2137 688 sicut
2164 640 2402 702 torrens,
2437 635 2530 706 qui
2563 636 2793 691 inundat
2822 637 3051 708 gloriam
3081 636 3322 706 gentium
3350 637 3420 691 ".
3456 655 3476 689 ι

1905 722 2113 780 Deinde
2144 725 2200 780 in
2231 725 2513 796 ﬂuviorum
2549 729 2869 799 metaphora
2922 728 3243 798 persistens,
3274 736 3332 782 et
3365 735 3486 781 tan-

1905 832 2071 888 quam
2124 817 2194 873 de
2241 819 2448 889 navigio
2502 819 2842 887 loqueretur,
2897 820 3136 875 [idolium
3192 833 3484 890 personam

1908 908 2229 971 introducit,
2270 926 2392 982 quae
2439 921 2562 982 post
2594 911 2803 967 Christi
2849 913 3142 967 adventum
3170 911 3250 966 .in
3296 911 3488 965 diabo-

1908 1001 2020 1055 lum
2069 1001 2339 1073 insurgat,
2386 1012 2444 1059 et
2494 1019 2619 1059 eum
2668 1004 2788 1059 illos
2839 1003 3120 1074 pervagari
3173 1018 3281 1072 quo
3334 1017 3487 1056 more

1910 1095 2125 1151 solebat
2177 1105 2363 1163 antea,
2423 1098 2732 1169 prohibeat.
2780 1097 2899 1153 Non
2953 1100 3119 1163 enim,
3166 1098 3340 1162 aiunt,
3387 1094 3488 1150 tihi

1910 1188 2152 1257 amplius
2200 1198 2485 1260 paternus;
2547 1206 2726 1260 neque
2787 1193 2992 1261 poteris
3031 1192 3167 1261 jam,
3224 1201 3487 1260 tanquam

1912 1278 2077 1332 nauta
2118 1280 2418 1351 quispiam,
2465 1296 2557 1351 per
2588 1282 2775 1351 ﬂuvios
2824 1284 2957 1338 istos
3002 1283 3269 1354 navigium
3306 1296 3487 1352 agere.

1913 1369 2080 1444 5.06
2149 1370 2337 1442 Neque
2409 1389 2541 1427 vero
2602 1389 2828 1430 causam
2878 1374 3115 1441 omittit,
3178 1390 3304 1429 cum
3358 1375 3488 1427 ait:

1914 1463 2059 1518 Deus
2102 1465 2243 1519 enim
2286 1482 2430 1520 meus
2462 1483 2684 1538 magnus
2724 1478 2824 1531 est,
2853 1468 3087 1538 ideoque
3126 1485 3230 1522 non
3266 1479 3346 1521 me
3372 1484 3493 1537 per-

1918 1558 2188 1611 transibit.
2223 1558 2400 1629 Ipsius
2430 1561 2575 1614 enim
2602 1560 2871 1629 judicium
2907 1569 2961 1615 et
2989 1560 3179 1630 jugum
3211 1560 3397 1630 eﬂ‘ugi,
3438 1559 3492 1613 in

1922 1647 2011 1701 Dei
2048 1656 2373 1718 potestatem
2420 1659 2686 1706 assertus.
2719 1651 2875 1717 Quod
2924 1662 2977 1707 et
3021 1652 3149 1707 alibi
3190 1652 3330 1707 idem
3367 1666 3494 1720 pro-

1918 1739 2077 1810 pheta
2109 1747 2347 1796 testatus
2382 1749 2467 1795 est
2511 1741 2599 1796 his
2642 1743 2862 1797 verbis:
2903 1763 2922 1796 ‹
2962 1742 3074 1797 Erit
3105 1744 3178 1797 ibi
3218 1744 3300 1798 via
3332 1758 3493 1813 pura,

1916 1841 1971 1889 et
1997 1832 2083 1886 via
2113 1841 2302 1888 sancta
2329 1835 2639 1890 vocabitur.
2676 1836 2739 1890 Et
2765 1853 2870 1890 non
2898 1836 3001 1891 erit
3033 1836 3103 1891 ibi
3138 1837 3221 1890 via
3256 1837 3493 1906 impura,

1918 1941 2096 1995 neque
2143 1927 2248 1981 erit
2294 1926 2398 1992 leo,
2440 1942 2616 1998 neque
2661 1927 2899 1983 ferarum
2945 1930 3213 1983 malarum
3256 1929 3362 1982 ulla
3402 1928 3496 1985 illo

1919 2017 2210 2082 ascendet;
2246 2018 2340 2073 sed
2376 2018 2739 2074 ambulabunt
2775 2021 2829 2075 in
2870 2036 2930 2074 ea
2967 2021 3229 2090 redempti
3265 2034 3359 2090 per
3391 2019 3499 2073 Do-

1921 2111 2132 2165 minum
2161 2110 2227 2164 9“.
2268 2129 2284 2163 ι
2322 2109 2451 2165 Post
2488 2111 2624 2177 lucc,
2660 2128 2913 2167 sermone
2944 2112 3010 2166 ad
3042 2109 3353 2166 Iudaeorum
3383 2124 3500 2165 cm-

1922 2215 2035 2257 tum
2073 2202 2361 2267 translato,
2397 2203 2451 2257 in
2488 2204 2645 2258 navis
2681 2203 2998 2275 metaphora
3042 2203 3387 2257 immoratur.
3430 2198 3503 2254 Ut

1921 2296 2069 2349 enim
2118 2294 2295 2349 ventis
2348 2294 2729 2351 vehementius
2781 2293 3165 2356 szevientibus,
3213 2308 3336 2346 cum
3386 2291 3501 2344 vela

1923 2387 2172 2443 Contrahi
2210 2394 2515 2456 nequeunt,
2548 2385 2866 2439 eorumdem
2898 2387 3103 2455 impetu
3135 2383 3308 2436 malus
3339 2382 3501 2435 incli-

1924 2493 2083 2536 natus
2112 2477 2459 2548 naufragium
2486 2476 2681 2541 eﬂicit,
2715 2478 2794 2533 sic
2819 2485 2872 2531 et
2901 2477 2998 2532 tibi
3025 2491 3242 2546 quoque
3267 2475 3500 2529 accidet.

1924 2574 2070 2641 lmo,
2119 2590 2185 2629 ne
2242 2572 2431 2641 tropwi
2480 2571 2699 2643 quidem
2754 2572 3000 2642 signum,
3050 2571 3249 2625 victrix
3292 2569 3505 2622 attollet

1926 2668 2151 2733 civitas;
2192 2666 2287 2723 spd
2323 2666 2510 2737 potius
2554 2666 2802 2721 tradetur
2834 2665 2889 2719 in
2921 2664 3181 2735 praedam,
3211 2678 3331 2733 qua:
3362 2666 3508 2717 sicut

1929 2778 2067 2815 nova
2105 2762 2217 2824 illa,
2245 2759 2461 2815 Satanze
2490 2759 2729 2813 insultus
2767 2758 2885 2813 sive
2914 2768 3168 2826 tanquam
3201 2755 3361 2820 mari,
3393 2754 3508 2808 sive

1930 2864 2187 2923 tanquam
2243 2852 2385 2907 bello
2437 2850 2771 2915 adorientis,
2830 2849 3072 2919 perferre
3129 2863 3236 2902 non
3292 2848 3505 2911 valeat,

1930 2945 2145 3002 etiamsi
2184 2946 2353 3014 legem
2386 2944 2581 3012 ipsam,
2619 2954 2675 2996 ut
2727 2947 2790 2995 ad
2845 2950 3048 2995 rectam
3086 2940 3210 2993 vita:
3239 2939 3505 2993 rationem

236 3031 335 3083 τὸν
366 3030 537 3098 νόμον
570 3029 884 3101 ὀρθοποδεῖν
911 3030 1312 3100 ἀναγκάζοντα.
1348 3033 1411 3085 Οἱ
1439 3032 1495 3085 δὲ
1517 3032 1577 3084 τὸ
1603 3033 1731 3103 πρὶν
1762 3034 1825 3103 τῇ

1932 3048 2180 3108 ευεθιυτ,
2214 3037 2436 3091 haheat.
2473 3033 2661 3090 Gentes
2696 3041 2900 3094 autem,
2933 3049 3055 3103 qua:
3090 3033 3243 3103 prius
3284 3040 3511 3101 propter

240 3124 673 3197 είδωλολατρείᾳ
698 3125 1028 3195 χωλεύοντες
1051 3126 1275 3181 ἐθνικοὶ
1303 3126 1659 3193 ποιήσονται
1691 3142 1831 3194 προ-

240 3217 469 3289 νομὴν,
503 3218 877 3290 κερδαίνοντες
918 3218 990 3272 τά
1027 3220 1181 3292 παρὰ
1215 3219 1375 3286 Θεοῦ,
1421 3218 1489 3273 δι’
1537 3212 1612 3272 ὧν
1640 3217 1833 3271 νικῶσι

240 3313 336 3367 τὸν
369 3312 636 3373 Σατανᾶν,
673 3311 735 3365 τὸ
767 3312 900 3383 πρὶν
940 3312 1274 3382 ἀποθέμενοι
1318 3310 1562 3382 φορτίον,
1609 3311 1703 3364 καὶ
1743 3309 1833 3363 τὸν

242 3406 420 3458 κόπον
461 3405 553 3459 τὸν
607 3405 666 3472 ἐξ
712 3404 899 3471 αὐτοῦ,
956 3405 1056 3476 τῆς
1105 3407 1213 3459 τῶν
1262 3405 1547 3478 ἁμαρτιῶν
1581 3403 1835 3473 τυχόντες

244 3498 500 3567 ἀφέσεως
532 3497 620 3551 διὰ
650 3498 749 3568 τῆς
798 3501 855 3551 ὲν
894 3498 1075 3551 πίστει
1122 3500 1364 3571 χάριτος,
1397 3501 1463 3569 ἣν
1491 3495 1706 3566 Ἰσραὴλ
1737 3495 1835 3547 οὐκ

245 3589 506 3654 ἐδέξατο*
540 3588 599 3655 ὃς
632 3591 725 3642 καὶ
751 3590 897 3658 λέγοι
933 3590 998 3644 ἂν
1046 3593 1295 3655 εἰκότως,
1325 3594 1386 3645 Ai
1433 3593 1697 3662 ἁμαρτίαι
1732 3606 1835 3660 μου

247 3682 544 3753 ὗττερῆραν
588 3681 688 3753 τὴν
736 3684 978 3753 κεφαλήν
1027 3701 1148 3754 μου.
1218 3684 1362 3736 Ὠσεὶ
1425 3683 1643 3753 φορτίον
1695 3683 1835 3754 βαρὺ

248 3773 634 3846 ὶϐαρύνθησαν
663 3775 750 3827 ἐπ’
772 3776 893 3846 ὲμέ.
928 3771 1025 3838 Οἷς
1051 3775 1147 3828 καὶ
1179 3778 1206 3828 ό
1229 3775 1394 3845 νόμος
1420 3775 1630 3846 ὑπῆρχε
1666 3773 1836 3844 βαρὺ-

246 3878 442 3926 τατος.
479 3862 538 3915 Ὀ
564 3862 620 3916 δὲ
647 3863 763 3926 νέος
800 3862 928 3928 λαὸς
963 3864 1151 3917 ἀκούει
1185 3864 1429 3931 δικαίως,
1460 3865 1734 3934 Μακάριοι
1763 3858 1838 3917 ὧν

254 3954 547 4025 ἀφέθησαν
595 3956 651 4008 αἱ
700 3956 956 4026 ἀνομίαι,
1015 3957 1111 4010 καὶ
1150 3951 1224 4010 ὧν
1272 3956 1732 4028 ὲπεκαλύφθησαν
1782 3956 1840 4011 αἱ

251 4046 551 4117 ἁμαρτίαι.
574 4044 733 4100 Οῦτω
768 4046 825 4099 δὲ
848 4046 1010 4101 πάλιν
1030 4048 1180 4101 ἄλλοι
1213 4046 1355 4109 τινὲς
1385 4046 1740 4119 ἐξηγήσαντο.
1779 4046 1840 4100 '0

249 4136 553 4208 προφήτης
600 4136 950 4190 ὑποδείκνυσι
991 4134 1107 4205 τὴν
1142 4134 1551 4205 Ἰερουσαλὴμ,
1594 4135 1665 4189 τά
1693 4153 1753 4189 τε
1782 4137 1841 4189 ἐν

250 4229 402 4301 αὐτῇ
469 4226 620 4300 παρά
686 4227 823 4282 Θεοῦ
897 4227 1119 4283 δοθέντα
1171 4229 1581 4301 ὑπομιμνήσκει
1645 4228 1841 4299 συνθή-

254 4337 432 4392 ματα.

1935 3128 2299 3185 idololatriam
2334 3127 2738 3189 claudicabant,
2774 3123 3011 3194 prazdam
3054 3124 3275 3193 facient,
3300 3138 3361 3178 ea
3389 3138 3511 3192 qua:

1937 3220 2030 3277 Dei
2069 3229 2224 3283 sunt,
2252 3221 2477 3274 lucrata:
2502 3237 2516 3273 :
2546 3218 2747 3289 quibus
2778 3216 2983 3271 Satana
3013 3214 3250 3279 devicto,
3285 3214 3513 3285 prioris-

1935 3331 2041 3385 que
2072 3317 2257 3368 oneris
2298 3311 2514 3382 abjecta
2548 3309 2827 3374 molestia,
2854 3324 2975 3364 eam
3011 3316 3140 3363 sunt
3162 3318 3511 3377 peccatorum

1936 3407 2319 3463 remissionem
2364 3420 2462 3476 per
2502 3404 2626 3459 ﬁdei
2674 3403 2732 3458 in
2777 3402 3058 3458 Christum
3101 3400 3335 3473 gratiam
3381 3414 3513 3453 con-

1938 3509 2159 3566 secutas,
2192 3514 2356 3570 quam
2394 3514 2505 3553 non
2533 3506 2621 3553 est
2654 3497 2885 3567 adeptus
2927 3496 3093 3551 Israel
3127 3512 3142 3549 :
3176 3494 3272 3566 qui
3314 3492 3515 3549 merito

1938 3595 2258 3667 iniquitates
2288 3608 2417 3650 suas
2447 3592 2729 3663 proprium
2771 3599 2937 3661 caput
2970 3600 3363 3658 supergressas
3390 3598 3515 3640 esse

1939 3704 2107 3758 super
2132 3704 2191 3743 se
2218 3687 2286 3753 ⁸⁷,
2323 3694 2519 3758 praeter
2550 3683 2689 3756 legis
2717 3697 2860 3737 onus
2889 3680 3303 3754 gravissimum,
3330 3677 3518 3732 dicere

1939 3789 2146 3853 queat:
2190 3795 2316 3835 cum
2372 3779 2518 3849 iuste
2569 3792 2764 3832 recens
2823 3773 3093 3846 populus,
3148 3771 3340 3826 beatos
3395 3783 3519 3824 esse

1938 3888 2178 3946 quorum
2253 3871 2502 3927 remissae
2571 3878 2700 3925 sunt
2769 3866 3128 3938 iniquitates,
3175 3871 3231 3918 et
3280 3876 3515 3933 quorum

1941 3976 2082 4023 tecta
2111 3974 2240 4021 sunt
2268 3972 2493 4035 peccata
2532 3962 2601 4027 ⁸⁸,
2651 3960 2858 4016 audiat.
2916 3957 3007 4014 Sic
3053 3966 3238 4012 autem
3289 3955 3521 4025 quibus-

1941 4062 2063 4117 dam
2097 4075 2293 4115 rursus
2324 4058 2599 4127 explicare
2626 4056 2804 4110 visum
2835 4063 2958 4111 est:
2992 4050 3295 4107 Jerusalem
3327 4049 3520 4107 subin-

1941 4154 2088 4208 dicat
2122 4154 2406 4223 propheta,
2439 4159 2491 4205 et
2520 4165 2642 4220 qua:
2685 4150 2735 4203 in
2776 4147 2965 4202 eadem
2995 4145 3091 4199 Dei
3125 4143 3274 4198 dono
3306 4142 3520 4196 haben-

1943 4256 2056 4313 tur,
2098 4246 2303 4301 foedera
2340 4245 2394 4299 in
2432 4244 2748 4298 memoriam
2787 4246 3027 4296 revocat.
3111 4280 3117 4285 .

334 4412 522 4483 Νόμον
554 4413 663 4483 γὰρ
701 4411 824 4474 δοὺς
855 4410 952 4464 καὶ
980 4411 1107 4464 ναὸν
1133 4410 1302 4479 Ἀγιά
1327 4427 1386 4462 τε
1418 4410 1605 4479 ἁγίων,
1658 4408 1827 4480 ὥσπεε

2017 4417 2213 4486 Legem
2246 4415 2391 4471 enim
2422 4423 2477 4469 et
2513 4414 2798 4482 templum,
2837 4411 3150 4481 Sanctaque
3202 4417 3521 4465 sanctorum

256 4506 388 4559 τινὰ
416 4506 663 4573 σκηνὴν
690 4505 951 4577 ἐπήξατο,
987 4507 1100 4568 τοῖς
1129 4504 1228 4573 τῆς
1252 4503 1581 4574 κηδεμονίας
1612 4502 1849 4572 συνέχων

255 4596 583 4667 σχοινίοις,
630 4598 945 4667 χορηγήσας
978 4595 1156 4650 πάντα
1200 4596 1529 4661 πλουσίως.
1590 4595 1697 4649 Καὶ
1749 4595 1850 4649 οὐκ

256 4685 332 4759 ἦν
362 4687 861 4759 στενοχωρηθῆναι,
897 4689 1020 4741 ὅσον
1058 4682 1195 4759 ἧκεν
1231 4688 1312 4751 είς
1356 4687 1447 4740 τὸν
1489 4686 1642 4752 Θεδν,
1682 4689 1850 4741 ἐπαν-

259 4778 491 4842 θοῦντος
522 4781 709 4844 αὐτοῖς
739 4778 835 4833 τοῦ
879 4780 1146 4849 ὀνόματος
1193 4778 1380 4839 αὐτοῦ.
1431 4778 1523 4848 ἀφ’
1550 4773 1740 4849 οὗπερ,
1774 4777 1850 4841 ὡς

259 4871 374 4926 ἀπό
399 4888 566 4925 τινων
585 4870 871 4942 ποταμῶν
901 4872 996 4926 καὶ
1016 4872 1323 4943 διωρύχων
1350 4871 1584 4944 ήρύεσθε
1611 4872 1710 4944 τὴν
1738 4871 1846 4923 τῶν

1944 4526 2067 4565 cum
2103 4509 2369 4573 dedisset,
2413 4507 2579 4562 veluti
2633 4504 3037 4559 tabernaculum
3078 4502 3350 4573 quoddam
3389 4517 3524 4557 con-

1946 4602 2171 4669 struxit,
2219 4600 2386 4656 studii
2437 4610 2491 4655 et
2544 4598 2941 4654 benevolentiae
2996 4594 3221 4650 funibus
3281 4594 3528 4663 comple-

1945 4702 2123 4760 ctens,
2152 4692 2451 4762 omniaque
2480 4688 2687 4743 abunde
2721 4686 3103 4757 suppeditans.
3151 4685 3293 4740 Nihil
3327 4685 3528 4741 deinde

1947 4784 2321 4841 molestiarum
2371 4782 2516 4853 passi
2568 4791 2728 4845 sunt,
2776 4796 2900 4834 cum
2944 4780 2996 4833 in
3040 4780 3121 4833 eis
3166 4778 3256 4832 Dei
3299 4765 3540 4843 nomen,’

1951 4884 2218 4950 quantum
2261 4876 2317 4930 in
2350 4875 2471 4945 ipso
2509 4872 2632 4936 fuit,
2668 4873 2863 4928 ﬂorere
2911 4873 3135 4936 fecerit;
3179 4886 3207 4924 a
3241 4886 3368 4941 quo,
3404 4854 3541 4950 tan-1

1952 4936 2118 5038 quam
2167 4981 2200 5019 a
2239 4964 2419 5035 ﬂuviis
2451 4964 2779 5034 quihusdam
2822 4973 2875 5017 et
2906 4964 3055 5028 rivis,
3088 4977 3272 5016 rerum
3311 4936 3541 5038 uberta-i

1954 5012 2118 5038 ‘1"“'"'
2168 5012 2199 5019 "
2239 5012 2416 5035 l'“""
2454 5012 2779 5034 ‘I""""'"""‘
2826 5012 2874 5017 ν’
2908 5012 3055 5028 ""'1
3091 5012 3166 5016 "‘
3225 5012 3269 5014 "’
3317 5012 3372 5015 βπ
3422 5012 3425 5013 ν

1954 5067 2061 5113 tem
2107 5065 2161 5111 et
2205 5057 2420 5125 copiam
2468 5056 2754 5110 hausistis.
2791 5056 3002 5109 Tantus
3046 5055 3190 5107 enim
3236 5051 3380 5108 Deus
3419 5012 3541 5115 est,‘

1958 5163 2016 5207 ut
2060 5149 2250 5205 omnia
2299 5148 2590 5219 compleat,
2625 5164 2728 5204 nec
2774 5146 2841 5202 ad
2890 5148 3010 5217 ejus
3054 5125 3541 5223 investigationem:

1955 5242 2202 5313 longiore
2253 5240 2338 5295 via
2396 5240 2602 5310 aliqua,
2654 5248 2746 5294 aut
2796 5238 2958 5311 407
3004 5236 3351 5308 navigatione
3391 5240 3541 5308 Opus;

1954 5331 2184 5386 habeas.
2214 5329 2385 5385 Adest
2415 5331 2560 5386 enim
2593 5330 2817 5401 ubique,
2852 5331 2896 5386 si
2928 5329 3054 5400 quis
3086 5335 3306 5383 sanctas
3337 5340 3541 5382 manus:

262 4962 494 5032 ἀγαθῶν
533 4963 819 5034 ἀφθονίαν.
869 4963 1138 5028 Τοσοῦτος
1166 4966 1277 5037 γάρ
1325 4967 1475 5018 ἐστιν
1507 4966 1535 5017 ό
1576 4963 1730 5027 Θεὸς,
1773 4963 1848 5028 ὡς

264 5058 447 5113 πάντα
486 5056 752 5128 πληροῦν,
789 5049 852 5111 οὗ
910 5057 1046 5127 πρὸς
1077 5057 1295 5130 εὕρεσιν
1345 5058 1444 5111 οὐκ
1490 5057 1556 5111 ἂν
1600 5057 1850 5127 δεηθείης

263 5150 365 5222 οὐχ
392 5151 517 5204 όδοῦ
555 5152 923 5222 μακροτέρας,
958 5150 1020 5204 οὐ
1059 5150 1331 5213 ναυτιλίας
1373 5148 1597 5221 πολλῆ
1633 5149 1848 5202 Παντα-

263 5243 364 5315 χοῦ
414 5245 526 5316 γὰρ
572 5244 808 5315 πάρεστι
836 5243 918 5315 τῷ
966 5245 1158 5316 χεῖρας
1215 5242 1367 5306 ὁσίας
1411 5242 1716 5313 ἐπαίροντι,
1754 5239 1852 5295 καὶ

263 5337 363 5390 οὐκ
392 5335 539 5389 ἔστιν
567 5330 656 5391 οἷά
678 5353 763 5399 τις
792 5335 1030 5408 παριὼν,
1063 5335 1152 5389 ἴνα
1192 5352 1278 5398 τις
1330 5333 1592 5405 ἀποτύχοι
1625 5332 1723 5404 τῆς
1753 5332 1852 5385 αὒ-

268 5497 314 5530 ”
343 5495 449 5554 lsa.
488 5510 635 5557 Lm,
676 5495 759 5552 l2.
835 5493 882 5527 "
913 5494 1017 5551 lsa.
1054 5478 1218 5563 xixv,
1256 5492 1412 5549 8-10.
1486 5492 1533 5524 ”
1561 5489 1707 5547 Psal.
1734 5506 1942 5555 xxxv",
1974 5490 2029 5545 5.
2102 5489 2148 5524 "‘
2180 5488 2326 5544 Psal.
2356 5505 2506 5556 xxxx,
2536 5488 2587 5543 1.

1439 5607 1672 5664 VARI/1:1
1715 5603 2113 5663 LECTIONES.

339 5705 368 5745 ὶι
390 5722 483 5771 γρ.
524 5697 713 5754 πλοίου
