3978 6374
507 231 645 298 2307

1798 204 2148 289 rnocomt
2185 227 2422 288 GAZ/El

3629 217 3754 284 2308

511 344 762 413 attollat;
801 358 982 416 neque
1010 341 1352 400 transeuntis
1383 341 1548 398 modo
1581 355 1705 396 sese
1729 317 1996 407 ostendit,
2031 349 2092 396 ut

2205 341 2285 396 τοῦ
2317 339 2591 410 γνώσεως.
2636 339 2748 393 Καὶ
2795 340 3004 408 κριτὴς
3056 336 3131 392 ὢν
3182 339 3444 394 ἁπάντων
3488 339 3756 407 ἐπίσκεψιν

511 453 637 493 eum
677 453 788 494 non
830 438 992 494 facile
1024 438 1150 506 quis
1180 434 1468 506 agnoscat.
1502 434 1724 500 Deinde,
1745 434 1916 504 judex
1957 447 2086 489 cum

515 530 607 598 sit,
640 531 696 585 in
744 530 986 584 omnium
1027 528 1235 585 scelera
1273 526 1522 596 inquirit,
1555 525 1745 580 eadem
1781 535 2085 595 amputare,

516 639 624 678 non
659 621 888 692 perdere
921 634 1021 675 nos
1050 618 1301 689 cupiens.
1335 616 1616 688 Siquidem
1649 625 1908 687 tanquam
1938 617 2088 684 prin-

517 731 635 783 ceps
668 697 832 777 idem,
868 727 1059 782 rexque
1084 713 1284 777 bonus,
1313 709 1386 765 ad
1418 710 1652 766 salutem
1683 709 1867 765 omnia
1897 723 2090 780 opera-

518 813 630 859 tur.
677 801 932 857 Refertur
974 815 1106 855 vero
1149 807 1205 854 et
1244 799 1311 854 ad
1357 798 1640 854 Christum
1671 799 1867 862 oratio,
1901 799 1992 870 qui
2032 814 2092 855 se

517 896 763 968 perfecte
807 909 835 947 a
881 892 1041 947 nobis
1083 891 1473 962 comprehendi
1523 907 1743 961 passus,
1778 891 1920 946 idem
1972 907 2093 946 sese

517 986 634 1054 ipse
662 1000 770 1038 non
806 985 1008 1047 solum,
1041 996 1166 1036 cum
1213 991 1361 1037 esset
1404 982 1693 1037 invisibilis
1715 1024 1731 1050 ,
1759 983 1852 1037 sed
1878 982 2090 1036 Patrem

517 1078 682 1129 etiam
713 1091 809 1144 per
838 1091 896 1129 se
935 1073 1388 1143 conspiciendum
1428 1074 1586 1131 nobis
1625 1074 1879 1144 praebuit.
1923 1074 2095 1127 Crete-

518 1183 640 1221 rum
668 1182 791 1221 cum
824 1167 1008 1220 omnia
1033 1167 1208 1231 vobis,
1237 1166 1333 1231 ait,
1355 1166 1484 1236 quia
1511 1167 1682 1222 vestri
1714 1181 1903 1221 curam
1931 1167 2091 1235 gerit,

520 1259 662 1314 Deus
693 1259 1086 1322 concessisset,
1130 1259 1598 1330 amplissimisque
1641 1259 1802 1314 donis
1841 1268 2090 1322 onustas,

519 1359 779 1420 tanquam
852 1349 1053 1404 malum
1117 1350 1392 1420 aliquem,
1460 1350 1818 1421 cogitationes
1880 1357 2093 1405 vestras

520 1442 821 1508 erexisset,
877 1457 1156 1512 nunquam
1211 1450 1357 1496 certe
1409 1442 1515 1496 illa:
1563 1441 1938 1506 corruissent,
1987 1441 2093 1496 nisi

521 1547 644 1597 vos,
675 1533 930 1587 rescissis
958 1532 1349 1588 benevolentia:
1374 1539 1566 1586 vestra:
1589 1531 1825 1601 funibus,
1846 1533 2096 1604 proprias

523 1630 738 1678 mentes
779 1624 1083 1694 depravare
1133 1624 1472 1694 contigisset.
1520 1623 1718 1679 Verum
1762 1640 1828 1680 ne
1866 1626 1946 1680 sic
1975 1625 2098 1696 qui-

521 1712 643 1766 dem
678 1729 776 1767 vos
820 1714 1032 1769 dimisit
1071 1712 1239 1777 Deus,
1273 1713 1338 1767 ad
1393 1714 1562 1768 solam
1609 1711 1788 1782 usque
1829 1713 2094 1768 medelam
2127 1698 2170 1751 Β

523 1805 779 1874 puniens,
816 1805 1168 1875 erigensque,
1214 1815 1268 1859 et
1315 1805 1510 1858 cadere
1559 1805 1873 1873 prohibens.
1920 1803 2096 1869 ipsius

2188 431 2425 484 ποιεῖται
2453 429 2564 482 τῶν
2593 430 2802 494 κακῶν,
2848 429 3174 483 ἀνακόπτων
3201 429 3302 482 ούκ
3340 427 3616 482 ἀπολέσαι
3648 427 3734 500 βου

2186 521 2436 593 λόμενος.
2475 521 2564 584 Ὦς
2592 520 2794 590 ἄρχων
2833 521 2942 593 γὰρ
2971 521 3065 575 καὶ
3102 519 3415 586 ,βασιλεὺς
3441 520 3648 588 ἀγαθὸς
3676 522 3760 574 ἐπὶ

2190 610 2434 683 σωτηρίᾳ
2481 611 2660 664 πάντα
2689 613 2852 665 ποιεῖ.
2897 609 3252 681 Ἀναφέρεται
3289 610 3348 664 δὲ
3390 609 3492 664 καὶ
3520 611 3600 675 είς
3638 611 3761 681 Χρι·

2191 703 2315 756 στὶν
2344 707 2370 756 6
2395 703 2572 772 λόγος,
2600 703 2659 767 ὃς
2697 702 2979 775 ἀντίληψις
3017 702 3201 757 τελεία
3229 704 3560 772 γεγένηται,
3597 703 3761 768 δείξας

2189 797 2324 866 ἡμῖν
2350 795 2539 847 ἑαυτὸν
2560 793 2791 864 ἀόρατον
2816 793 2965 860 ὄντα,
2995 794 3090 846 καί
3114 791 3182 846 δι’
3211 793 3381 848 αὐτοῦ
3415 792 3514 848 τὸν
3539 792 3759 865 Πατέρα.

2191 888 2377 941 Πάντα
2423 886 2479 940 δέ
2524 902 2691 956 φησιν
2743 885 2873 956 ὑμῖν
2919 885 3007 939 διὰ
3057 885 3118 938 τδ
3169 884 3441 954 κήδεσθαι
3484 884 3763 948 δεδωκότος

2193 977 2352 1042 Θεοῦ,
2385 979 2479 1030 καὶ
2507 977 2783 1040 πλουσίοις
2810 976 3121 1047 δωρήμασι,
3151 976 3415 1047 καθάπερ
3457 976 3635 1028 ιστόν
3655 993 3767 1030 τινα
3831 979 3839 990 ⁴

2193 1071 2552 1142 διεγείροντος
2591 1070 2658 1123 τὰ
2701 1071 3046 1141 φρονήματα,
3080 1070 3180 1122 οὐκ
3203 1071 3266 1123 ἄν
3305 1085 3445 1121 ποτε
3491 1068 3667 1122 ταῦτα
3691 1067 3766 1120 δι-

2195 1163 2380 1228 έπεσε,
2407 1161 2776 1232 διακοψάντων
2798 1161 2951 1231 ὑμῶν
2973 1161 3068 1231 τῆς
3091 1161 3302 1224 εύνοίεις
3329 1160 3444 1224 τὰς
3484 1159 3768 1227 σχοίνους

2195 1257 2291 1309 καὶ
2320 1255 2740 1323 πλαγιασάντων
2780 1253 2873 1308 τὸν
2906 1253 3037 1307 τδιον
3068 1252 3214 1308 νοῦν.
3248 1251 3393 1305 Ἀλλ’
3439 1251 3569 1304 οὐδὲ
3608 1251 3766 1316 οὕτως

2197 1347 2343 1418 ὑμᾶς
2371 1346 2551 1418 ἀφῆκε
2600 1346 2756 1410 Θεὸς,
2786 1346 2950 1418 μέχρι
2976 1345 3143 1416 μόνης
3176 1344 3486 1416 θεραπείας
3535 1341 3768 1406 κολάζων

2199 1439 2366 1510 ὑμᾶς,
2399 1437 2632 1493 ἀνιστῶν
2679 1455 2739 1491 τε
2791 1437 2886 1490 καὶ
2933 1436 3160 1490 κωλύων
3210 1439 3422 1490 πεσεῖν.
3459 1433 3641 1487 Αὐτοῦ
3671 1433 3768 1505 γάρ

2198 1532 2546 1604 συγχωρήσει
2583 1531 2678 1584 καὶ
2728 1529 2778 1584 oi
2819 1529 3062 1590 ἐπιόντες
3101 1528 3371 1599 ἐπῆλθον,
3425 1527 3507 1589 ὡς
3543 1527 3640 1580 καὶ
3685 1526 3770 1580 τὸν

2198 1624 2370 1695 χωλὸν
2414 1625 2620 1696 ἰσχύειν
2662 1623 2934 1696 μηδεμίαν
2975 1622 3230 1692 αἰσθησιν
3261 1622 3524 1692 καμάτου
3573 1619 3770 1690 λαμϐά-

2199 1733 2380 1784 νοντα,
2428 1715 2504 1781 ὼς
2544 1716 2612 1770 ἂν
2664 1716 2793 1787 ὑμῖν
2831 1716 3246 1787 ἁμαρτημάτων
3298 1714 3522 1783 γένοιτο
3569 1712 3768 1782 κάθαρο

2205 1823 2308 1870 σις.

521 1904 667 1958 enim
699 1901 1036 1972 indulgentia
1067 1902 1231 1955 etiam
1269 1901 1359 1971 qui
1405 1908 1690 1971 superant,
1720 1908 2096 1968 accesserunt,
2174 1909 2235 1955 ut
2303 1916 2371 1956 ne
2415 1901 2614 1956 claudo
2663 1899 2881 1971 quidem
2933 1900 3079 1956 vires
3122 1898 3424 1965 defuerint,
3477 1897 3577 1969 qui
3634 1896 3772 1951 nullo

523 1992 729 2047 laboris
775 2007 956 2048 sensu
987 1990 1334 2058 defatigatur,
1368 2006 1478 2061 quo
1531 1990 1691 2047 vobis
1738 1990 2088 2061 iniquitatum
2129 1989 2353 2047 accedat
2387 1992 2657 2062 purgatio.

1086 2081 1242 2136 CAP.
1279 2081 1530 2137 XXXIV.

595 2174 760 2248 408
795 2175 965 2230 Vens.
1023 2175 1142 2229 1-7.
1203 2176 1446 2230 Accedite
1471 2214 1484 2236 ,
1518 2183 1727 2246 gentes,
1772 2182 1822 2229 et
1878 2173 2091 2238 audite,

519 2271 806 2340 principes.
847 2267 1043 2322 Audiat
1079 2277 1219 2322 terra
1267 2277 1315 2322 et
1353 2269 1442 2338 qui
1490 2268 1544 2321 in
1583 2284 1644 2321 ea
1687 2275 1830 2331 sunt,
1863 2266 2007 2321 orbis
2047 2275 2096 2320 et

522 2362 748 2433 populus
799 2361 889 2430 qui
944 2360 1113 2415 estin
1147 2375 1208 2414 eo
1243 2374 1262 2414 :
1297 2359 1421 2430 quia
1473 2361 1625 2428 furor
1680 2358 1890 2412 Domini
1941 2373 2098 2428 super

523 2471 699 2509 omnes
728 2463 944 2524 gentes:
987 2461 1035 2507 et
1064 2453 1147 2505 ira
1190 2452 1244 2505 in
1294 2467 1498 2504 onmem
1552 2466 1824 2504 numerum
1878 2467 2054 2505 eorum
2080 2487 2096 2517 ,

522 2557 580 2601 ut
603 2545 790 2616 perdat
816 2562 926 2611 eos,
957 2553 1006 2600 et
1057 2546 1236 2598 tradat
1271 2561 1359 2599 eos
1393 2545 1444 2597 in
1475 2544 1814 2608 occisionem,
1844 2551 1951 2599 etc.

597 2723 662 2776 Et
700 2735 868 2793 supra
898 2721 1090 2789 etiam,
1123 2736 1249 2776 cum
1297 2720 1800 2793 Hierosolymorum
1846 2722 2091 2777 obsidio-

524 2832 649 2871 nem
706 2815 1124 2880 vaticinaretur,
1166 2813 1436 2885 judicium
1500 2815 1774 2885 adjunxit,
1835 2816 1981 2886 quod
2037 2816 2092 2871 iu

524 2922 718 2963 omnes
751 2917 926 2979 gentes
959 2906 1206 2961 futurum
1257 2915 1372 2977 est;
1406 2917 1464 2962 ut
1496 2905 1631 2961 facit
1659 2907 1760 2962 hoc
1780 2907 1920 2963 loco.
1957 2907 2092 2963 Cum

2765 2083 3015 2138 ΚΕΦΛΛ.
3063 2085 3185 2139 ΛΔ⁹.

2261 2175 2385 2240 α-ζν.
2415 2175 2848 2246 Προσαγάγετε,
2877 2179 3043 2245 ἔθνη,
3070 2178 3164 2230 καί
3199 2177 3535 2238 ἀκούσατε,
3565 2176 3772 2244 ἄρχον·

2194 2283 2313 2332 τες.
2357 2267 2690 2322 Ἀκουσάτω
2715 2269 2750 2336 ἡ
2780 2267 2858 2338 γῆ
2884 2269 2982 2322 καὶ
3019 2271 3072 2322 ol
3097 2269 3166 2321 ἐν
3199 2267 3356 2337 αὐτῇ
3382 2286 3396 2300 ·
3427 2270 3469 2337 ἠ
3509 2270 3770 2336 aucupe-

2202 2377 2282 2427 νη
2331 2359 2430 2414 καὶ
2453 2363 2486 2416 ὀ
2517 2361 2667 2428 λαὸς
2697 2362 2768 2415 ἐν
2794 2361 2968 2431 αὐτῇ,
3009 2361 3158 2416 διότι
3193 2363 3380 2432 θυμὸς
3428 2363 3659 2430 Κυρίου
3684 2363 3773 2416 ἐπί

2203 2452 2401 2509 πάντα
2421 2453 2494 2508 τὰ
2523 2455 2689 2522 ἔθνη,
2720 2455 2815 2508 καὶ
2852 2454 2997 2525 ὀργὴ
3027 2455 3126 2508 ἐπὶ
3161 2456 3265 2508 τὸν
3295 2455 3560 2525 ἀριθμὸν
3587 2454 3774 2509 αὐτῶν

2202 2545 2310 2599 τοῦ
2337 2544 2634 2600 ἀπολέσαι
2655 2547 2896 2615 αὐτοὺς,
2915 2547 3013 2602 καὶ
3042 2547 3414 2617 παραδοῦναι
3447 2546 3674 2614 αὐτοὺς
3697 2549 3773 2614 εις

2202 2635 2470 2706 σφαγὴν,
2497 2654 2548 2690 κ.
2579 2656 2631 2692 τ.
2665 2637 2717 2694 λ.

2271 2729 2379 2781 Kal
2408 2729 2500 2780 ἐπὶ
2530 2729 2638 2782 τῶν
2667 2728 2978 2800 ἔμπροσθεν
3014 2730 3170 2784 ετπου
3207 2731 3223 2771 ί
3273 2729 3373 2802 τῆς
3423 2728 3773 2800 Ἰερουσαλήμ

2201 2818 2520 2889 πολιορκίαν
2550 2821 2577 2872 ὁ
2609 2819 2764 2889 λόγος
2797 2821 3101 2886 ὲθὲσπιζεν,
3133 2823 3334 2893 ἐπῆγεν
3366 2823 3501 2892 ἑξῆς
3533 2821 3634 2892 τὴν
3663 2822 3772 2892 κρί-

2202 2926 2287 2963 σιν
2317 2912 2417 2980 τὴν
2440 2911 2581 2965 κατὰ
2613 2911 2829 2965 πάντων
2861 2910 3070 2977 ἐθνῶν,
3101 2911 3289 2983 ὥσπερ
3321 2912 3419 2965 καὶ
3470 2910 3568 2964 νῦν
3600 2928 3615 2943 ⁸
3647 2911 3772 2964 πάνο

525 3001 670 3056 enim
702 3001 946 3056 omnium
966 2997 1112 3054 Deus
1134 2999 1228 3064 sit,
1259 3000 1427 3055 minis
1458 3015 1648 3055 omnes
1679 2997 1746 3052 ab
1767 3014 1955 3054 errore
1984 3008 2096 3054 stu-

2205 3018 2307 3054 των
2336 3000 2445 3074 γὰρ
2476 3000 2551 3054 ὢν
2572 3001 2724 3070 Θεὸς,
2751 3003 2956 3067 πάντας
2987 3003 3112 3066 τοὺς
3143 3001 3604 3074 πλημμελοῦντας
3627 3003 3770 3056 ἀπει-

527 3092 619 3148 det
653 3095 937 3148 retrahere
961 3132 978 3159 ,
1016 3093 1281 3164 ipsosque
1303 3094 1577 3165 imprimis
1604 3093 1883 3148 Israelitas
1904 3133 1919 3157 ,
1944 3093 2101 3162 juxta

529 3183 699 3238 illud:
738 3203 758 3236 ι
794 3183 852 3238 1η
884 3185 996 3247 his,
1048 3185 1142 3255 qui
1197 3194 1424 3256 propter
1469 3201 1554 3240 me
1578 3194 1728 3251 sunt,
1779 3184 2098 3240 sanctiﬁca-

527 3273 628 3329 hor
648 3277 716 3329 ”.
757 3293 776 3327 ι
823 3274 1060 3331 Ceusent
1094 3277 1344 3330 nonnulli
1370 3275 1613 3332 Iudaicae
1643 3292 1934 3348 synagoga:
1963 3292 2102 3330 nau-

529 3361 738 3432 fragio,
771 3364 1129 3434 gentiumque
1175 3367 1468 3421 vocatione
1516 3365 1820 3437 praemissis
1873 3365 2102 3438 (multos

528 3456 676 3511 enim
710 3455 938 3512 claudos
970 3457 1184 3526 praedas
1205 3456 1450 3513 facturos
1483 3457 1812 3525 dixit),istis
1843 3472 2104 3512 necessa-

531 3548 700 3609 rium,
743 3548 835 3618 qui
885 3548 1016 3602 olim
1079 3548 1490 3616 claudicarunt,
1539 3551 1606 3605 de
1658 3551 1752 3606 Dei
1809 3550 1864 3604 in
1912 3566 2103 3607 omnes

527 3640 761 3716 judicio,
795 3641 1110 3697 catechesin
1143 3642 1455 3707 instituere,
1496 3651 1550 3698 et
1583 3649 1846 3713 tanquam
1882 3643 2042 3712 longe
2073 3655 2104 3695 a

531 3753 591 3792 se
625 3748 847 3808 propter
873 3721 1242 3791 idololatriam
1271 3744 1510 3792 remotas
1535 3747 1709 3808 gentes
1742 3747 1798 3790 ut
1823 3736 2102 3799 accedant,

536 3827 857 3882 inclamare.
888 3827 1003 3883 Non
1033 3827 1259 3894 desunt,
1290 3830 1382 3900 qui
1417 3829 1540 3885 ideo
1576 3828 1642 3882 ad
1662 3829 1938 3901 Assyrios,
1959 3827 2106 3898 quod

533 3913 842 3970 Jerusalem
877 3918 993 3972 suis
1050 3934 1110 3973 se
1139 3918 1374 3983 viribus,
1425 3936 1533 3974 non
1571 3920 1908 3974 concedente
1968 3917 2102 3982 Deo,

534 4022 883 4078 expugnasse
923 4018 1206 4080 putarent,
1237 4011 1432 4066 referri
1467 4013 1812 4078 existiment;
1847 4018 1901 4066 et
1930 4012 2106 4068 abhis

534 4097 599 4150 ad
663 4097 987 4155 universum
1042 4100 1315 4170 judicium
1366 4118 1675 4156 sermonem
1739 4102 1974 4156 traduci.
2028 4101 2103 4156 lta

533 4189 682 4242 enim
715 4198 767 4244 et
790 4190 1134 4246 Salvatort-m
1189 4193 1390 4263 ipsum,
1449 4194 1626 4258 aiunt,
1682 4194 1737 4248 in
1778 4193 2103 4264 Evangelio,

532 4293 824 4352 postquam
851 4285 1156 4341 monuisset
1214 4303 1335 4356 quae
1397 4286 1790 4361 Hierosolymis
1846 4297 2104 4343 eventura

534 4384 743 4442 essent,
765 4376 1100 4448 subjungere
1133 4378 1201 4434 de
1232 4381 1611 4434 universo"...

1113 4470 1266 4525 CAP.
1311 4469 1525 4526 XXXV.

603 4558 1143 4633 nos-41011535.
1185 4564 1326 4617 l-ll.
1364 4563 1590 4631 Laetare,
1623 4563 1882 4619 desertam
1903 4565 2110 4620 sitiens.

538 4649 780 4704 Exsultet
811 4654 1065 4719 solitudo,
1092 4663 1139 4708 et
1167 4655 1352 4723 ﬂoreat
1383 4657 1524 4709 sicut
1569 4655 1775 4720 lilium;
1801 4665 1849 4709 et
1875 4657 2108 4724 ﬂorcbit,

535 4750 585 4795 et
613 4741 952 4796 exsultabant
987 4743 1199 4798 deserta
1232 4744 1510 4800 Iordanis.
1541 4744 1726 4800 Gloria
1757 4746 1948 4801 Libani
1977 4749 2109 4800 data

537 4838 617 4884 est
645 4832 716 4896 ei,
747 4840 794 4884 et
830 4832 993 4886 Itonos
1030 4831 1283 4899 Carmeli,
1332 4845 1380 4888 et
1435 4837 1664 4904 populus
1724 4854 1868 4892 meus
1920 4839 2110 4892 ridebit

538 4921 764 4992 gloriam
801 4920 1034 4990 Domini,
1057 4932 1106 4978 et
1133 4925 1498 4978 celsitudinem
1535 4925 1648 4992 Dei,
1682 4935 1789 4980 etc.

609 5097 768 5171 41],
976 5103 1120 5157 enim
1163 5104 1447 5170 diabolus,
1481 5113 1742 5177 tanquam
1761 5105 1848 5162 leo
1865 5107 2106 5177 rugiens,

542 5208 794 5263 quaerens
824 5209 984 5265 quem
1012 5195 1298 5253 devoret‘.
1341 5215 1359 5249 ι
1408 5195 1515 5252 Sed
1568 5211 1664 5253 eos
1697 5211 1809 5252 non
1855 5197 2104 5263 devorat,

541 5287 634 5358 qui
672 5286 816 5341 viam
835 5297 1083 5344 sanctam
1103 5289 1409 5344 ambulant.
1442 5286 1630 5361 Neque
1654 5291 1800 5347 enim
1818 5287 1921 5345 via:
1943 5304 2112 5360 super

609 5446 656 5479 ”
697 5445 896 5503 Ezech.
923 5462 1113 5515 xxvnl,
1145 5446 1238 5502 25.
1346 5445 1360 5478 ¹
1392 5445 1411 5502 l
1449 5444 1597 5503 Pctr.
1637 5461 1694 5513 ν,
1728 5444 1780 5503 8.

2201 3090 2322 3156 λαῖς
2370 3092 2751 3164 ἀνακρούεται.
2788 3095 2897 3147 Καὶ
2944 3091 3189 3167 πρώτους
3244 3095 3301 3160 ἐξ
3344 3093 3591 3166 Ἰσραὴλ,
3642 3093 3770 3147 κατὰ

2200 3183 2294 3236 τό·
2341 3203 2360 3235 ι
2408 3183 2499 3240 Ἐν
2527 3187 2636 3247 τοῖς
2659 3185 2936 3254 ὲγγίζουσί
2971 3203 3060 3255 μοι
3099 3185 3530 3256 άγιασθήσομαι.
3574 3204 3594 3238 ι
3627 3185 3768 3248 Τινὲς

2201 3275 2261 3330 δέ
2291 3294 2469 3346 φασιν,
2513 3278 2589 3342 ὡς
2635 3282 2735 3350 τῆς
2803 3279 3074 3333 Ἰουδαίων
3122 3282 3445 3350 συναγωγῆς
3505 3276 3672 3332 είπὼν
3717 3277 3770 3330 τὸ

2203 3369 2480 3437 ναυάγιον,
2513 3371 2608 3424 καὶ
2651 3372 2761 3424 τῶν
2818 3371 2987 3424 ἐθνῶν
3029 3371 3128 3442 τὴν
3171 3373 3362 3443 κλῆσιν
3417 3370 3630 3443 (πολλοὶ
3673 3369 3768 3439 γὰρ

2201 3457 2384 3528 χωλοὶ,
2409 3459 2561 3529 φησὶ,
2595 3461 2872 3532 προνομὴν
2900 3461 3229 3533 ποιήσουσι),
3256 3459 3468 3525 τούτοις
3488 3462 3600 3523 τοῖς
3618 3459 3770 3514 πάλαι

2203 3549 2558 3619 χωλαίνουσιν
2581 3551 2890 3620 ἀναγκαίως
2917 3553 3011 3606 νῦν
3042 3555 3186 3605 ποιεῖ
3211 3554 3310 3624 τὴν
3335 3554 3662 3623 κατήχησιν,
3682 3551 3769 3622 τήν

2205 3639 2348 3694 κατὰ
2399 3642 2615 3696 πάντων
2667 3644 2848 3714 κρίσιν
2897 3643 3086 3697 εἰπών.
3124 3643 3212 3708 Ὠς
3263 3643 3320 3698 δὲ
3352 3644 3547 3716 πόρρω
3571 3644 3657 3698 διὰ
3682 3644 3768 3714 τὴν

2205 3735 2650 3806 είδωλολατρείαν
2722 3736 3100 3808 καθεστηκότα
3155 3736 3314 3791 καλεῖ
3371 3737 3769 3808 προσηγάγετο

2205 3823 2378 3894 λέγων
2431 3824 2598 3893 ἔθνη.
2656 3826 2812 3889 Τινὲς
2867 3827 2922 3880 δὲ
2963 3827 3097 3900 πρὸς
3155 3828 3480 3900 Ἀσσυρίους
3531 3829 3768 3899 λέγεσθαι

2206 3914 2379 3969 ταῦτά
2405 3933 2535 3985 φασι
2569 3917 2694 3980 τοὺς
2729 3917 2946 3982 ἑλόντας
2969 3920 3067 3991 τὴν
3100 3920 3474 3994 Ἰερουσαλὴμ,
3528 3921 3602 3992 μὴ
3657 3939 3769 3974 συν-

2211 4006 2388 4069 ιέντας
2416 4006 2490 4070 ὡς
2517 4006 2652 4061 Θεοῦ
2679 4010 3023 4082 συγχωρήσει
3049 4011 3219 4064 ταῦτα
3244 4014 3555 4082 γεγένηται,
3575 4015 3665 4065 καὶ
3688 4013 3768 4065 τὸν

2207 4098 2364 4167 λόγον
2395 4099 2458 4151 ὲκ
2486 4099 2692 4153 τούτων
2717 4101 2808 4152 ὲπὶ
2833 4102 2931 4170 τὴν
2959 4101 3184 4157 καθόλου
3205 4103 3386 4173 κρίσιν
3408 4104 3764 4173 μετενεγκεῖν.

2209 4189 2366 4243 Οὕτω
2399 4190 2493 4244 καὶ
2516 4191 2751 4263 ὁΣωτὴρ
2774 4193 2831 4245 ἐν
2864 4193 3202 4266 Εύαγγελίῳ,
3234 4194 3389 4264 φασὶ,
3420 4196 3492 4248 τὰ
3525 4193 3767 4265 μέλλοντα

2211 4281 2538 4352 γεγενῆσθαι
2610 4283 2894 4354 προλέγων
2955 4286 3020 4356 τῇ
3087 4285 3462 4357 Ἰερουσαλὴμ,
3525 4284 3766 4353 ὑπεξάγει

2215 4374 2344 4446 περὶ
2362 4377 2460 4445 τῆς
2483 4375 2713 4431 καθόλου
2744 4416 2758 4432 .
2796 4417 2810 4433 .
2848 4416 2862 4431 .
2891 4416 2906 4431 .

2799 4469 3050 4525 ΚΕΦΑΛ.
3079 4470 3204 4525 ΛΕ⁹.

2284 4563 2442 4612 α-ια’.
2467 4557 2864 4626 Εὐφράνθητι,
2905 4560 3122 4630 ἕρημος
3160 4561 3418 4631 διψῶσα.
3472 4561 3764 4635 Ἀτααιιάρ

2215 4654 2340 4705 σθω
2363 4649 2603 4720 ἕρημος,
2640 4652 2740 4705 καὶ
2762 4653 3008 4708 άνθείτω
3033 4653 3114 4721 ὡς
3142 4657 3373 4724 κρίνον.
3395 4658 3505 4711 Kal
3538 4655 3768 4724 ἐξονθήυ

2213 4755 2332 4808 σει,
2374 4743 2474 4796 καὶ
2501 4743 2939 4812 ἀγαλλιάσεται
2977 4747 3050 4800 τὰ
3076 4747 3264 4816 ἔρημα
3297 4748 3402 4803 τοῦ
3458 4748 3761 4817 Ἰορδάνου.

2229 4829 2300 4887 Ἦ
2326 4831 2476 4898 δόξα
2498 4833 2604 4888 τοῦ
2633 4834 2888 4890 Λιϐάνου
2911 4836 3084 4903 ἐδόθη
3111 4837 3288 4907 αὐτῇ,
3317 4839 3414 4894 καὶ
3443 4841 3481 4908 ἠ
3515 4840 3649 4911 τιμή
3676 4838 3765 4892 τοῦ

2219 4923 2563 4992 Καρμήλου,
2625 4925 2721 4979 καὶ
2777 4929 2811 4982 ό
2834 4928 2984 4994 λαός
3013 4946 3134 5002 μου¹
3167 4929 3375 4997 ὄψεται
3435 4929 3551 4999 τὴν
3602 4931 3764 4995 δόξαν

2220 5017 2464 5085 Κυρίου,
2497 5017 2595 5071 καὶ
2633 5017 2700 5071 τὸ
2737 5018 2896 5088 ὕψος
2934 5021 3038 5076 τοῦ
3061 5005 3234 5089 Θεοῦ,
3262 5040 3316 5077 κ.
3337 5040 3385 5076 τ.
3419 5022 3470 5078 λ.

2292 5122 2312 5157 r
2353 5148 2365 5164 .
2401 5147 2417 5162 .
2442 5146 2456 5162 .
2496 5148 2512 5164 .
2548 5107 2655 5178 γὰρ
2677 5109 2704 5161 ὁ
2731 5107 2973 5173 διάϐολος
2999 5109 3075 5173 ὡς
3113 5109 3249 5164 λέων
3278 5109 3590 5183 ὠρυόμενος
3613 5108 3764 5182 ζητῶν

2214 5195 2335 5249 τίνα
2356 5198 2654 5270 καταπίῃ.»
2675 5198 2812 5251 Ἀλλ’
2840 5199 2900 5253 ού
2931 5201 3256 5255 καταπίεται
3272 5203 3398 5266 τοὺς
3419 5204 3520 5275 τὴν
3545 5201 3656 5256 ὁδὸν
3681 5198 3763 5267 τήν

2220 5291 2497 5364 μακαρίαν
2555 5290 2859 5358 ὁδεύοντας.
2917 5292 3051 5348 Ούδὲ
3089 5294 3199 5366 γὰρ
3245 5293 3400 5359 ὀδοὺς
3451 5293 3546 5350 ἐπὶ
3580 5291 3762 5364 πέτρας

1828 5558 2054 5616 νΑῐίΙιΕ
2097 5555 2498 5616 LECTIONES.

618 5659 633 5698 ί
667 5674 753 5728 πρ.
779 5655 933 5710 ὅπου.
