3978 6374
532 226 670 293 2311

1834 214 2190 280 PROCOPII
2225 213 2467 277 GAZ/EI
2526 280 2528 282 ,

3653 209 3780 276 2311

533 341 681 413 quod
732 337 969 394 lacertos
1015 351 1182 392 carne
1234 343 1558 392 constantes
1609 333 1774 388 habet
1826 333 2112 406 Assyrius,

2232 333 2424 393 ιιίνους,
2462 327 2581 400 μεθ’
2616 325 2773 398 ήμῶν
2801 324 2860 380 δὲ
2891 321 3102 396 Κύριος
3133 325 3162 378 ό
3187 324 3316 389 Θεὸς
3353 322 3541 395 ἡμῶν.
3577 324 3688 392 Ἐφ’
3711 322 3783 391 οἷς

534 431 827 490 Dominum
861 438 916 484 et
955 428 1124 484 Deum
1184 427 1351 482 etiam
1396 425 1684 481 nobiscum
1732 439 1856 481 esse
1908 434 2120 480 certum

534 533 641 581 est.
671 521 850 592 Atque
885 520 1016 575 hinc
1059 527 1165 581 est,
1198 515 1344 587 quod
1374 514 1836 587 Paralipomenon
1860 515 2022 579 libro,
2052 513 2120 568 ad

535 614 790 670 Ezechiae
824 612 971 683 regis
1010 611 1174 666 verba
1225 610 1532 681 sumpsisse
1566 610 1805 670 animos.
1849 616 1905 664 et
1945 608 2120 663 conﬁ-

538 707 688 764 disse
711 704 972 776 populum
1005 701 1293 773 legimus".
1321 702 1401 757 Ad
1433 710 1630 756 caetera
1665 701 1810 756 enim
1843 700 1964 770 ejus
1983 715 2122 771 pra:-

537 800 688 857 clare
712 797 877 863 facta,
926 803 981 849 et
1015 795 1142 860 hoc,
1178 795 1284 850 isto
1319 793 1586 850 adversus
1615 793 1903 864 Assyrium
1957 793 2119 857 bello,

539 887 817 954 accessit,
853 885 996 956 quod
1023 884 1248 939 vir-tutis
1266 884 1611 954 gymnasium
1642 883 1918 954 quoddam
1949 898 2122 953 appa-

539 994 683 1044 rere,
721 987 774 1033 et
802 976 1027 1046 pietatis
1083 975 1369 1044 amplioris
1430 974 1713 1044 specimen
1753 987 1937 1046 regem
1983 987 2122 1044 prae-

536 1071 690 1135 bere,
722 1069 878 1122 hoste
908 1067 964 1120 in
993 1065 1047 1119 id
1072 1081 1241 1136 prope
1267 1065 1459 1118 urbem
1488 1063 1734 1128 admoto,
1759 1062 1904 1118 Deus
1927 1061 2120 1119 voluit.

536 1164 611 1218 At
640 1161 733 1232 qui
769 1159 859 1214 hic
896 1159 1234 1212 adhibentur
1275 1156 1508 1211 Eliacim
1539 1163 1590 1209 et
1607 1155 1771 1228 415
1791 1154 2041 1220 Somnus,
2067 1154 2122 1208 in

537 1264 603 1305 ea
627 1248 792 1303 etiam
835 1247 1075 1311 visione,
1116 1260 1238 1317 quae
1289 1244 1357 1300 de
1402 1243 1542 1298 valle
1595 1244 1830 1310 exstitit,
1854 1242 2121 1298 nominati

539 1352 702 1406 sunt;
736 1354 840 1395 nec
865 1339 1009 1394 male.
1029 1354 1153 1410 quae
1175 1347 1587 1410 praecesserunt
1609 1353 1734 1392 cum
1759 1337 2123 1408 prmsentibus

538 1433 842 1488 convenire
871 1430 1147 1486 videntur.
1183 1427 1444 1484 Somnum
1489 1428 1635 1483 enim
1663 1442 1788 1482 cum
1817 1427 1942 1483 aliis
1977 1435 2122 1482 metu

537 1526 916 1598 perterritum,
948 1523 1160 1594 prolata
1183 1521 1250 1577 ad
1281 1521 1569 1593 Assyrium
1597 1521 1827 1576 dextera
1852 1519 2123 1576 defecisse

537 1614 770 1670 tradunt
808 1611 1051 1667 Hebraei.
1078 1610 1235 1666 Unde
1257 1611 1352 1666 illa
1381 1609 1628 1676 fuerunt,
1681 1625 1803 1681 quae
1865 1609 2123 1680 superius

539 1707 608 1763 de
638 1721 706 1762 eo
746 1704 891 1760 dicta
932 1714 1084 1759 sunt.

615 1796 814 1852 Verum
851 1798 1086 1865 superba
1121 1793 1280 1848 valde
1313 1802 1366 1848 et
1395 1792 1648 1848 insolens
1683 1793 2123 1865 prOpheticmque

539 1890 784 1945 maxime
809 1886 1113 1950 contraria,
1141 1884 1363 1956 utejus,
1383 1885 1476 1955 qui
1503 1885 1728 1941 hostiles
1749 1885 1940 1956 c0pias
1965 1886 2126 1941 duce-

540 1989 649 2047 ret,
680 1995 785 2035 vox
818 1979 911 2034 illa
944 1979 1208 2047 Rapsaca:
1241 1978 1483 2043 exstitit,
1525 1991 1650 2031 cum
1687 1993 1809 2048 pro,
1841 1977 1952 2032 [nec
1993 1979 2123 2034 dicit

541 2071 832 2133 Dominus,
867 2086 964 2125 rex
997 2087 1224 2140 magnus
1275 2069 1587 2139 usurpavil.
1621 2066 1909 2139 Tanquam
1943 2079 2124 2125 tamen

541 2165 690 2218 votis
720 2171 776 2217 et
808 2164 1014 2234 pietate
1047 2161 1336 2216 Ezechiam
1369 2175 1429 2216 se
1459 2159 1680 2216 vincere
1724 2174 1836 2216 non
1881 2160 2128 2232 ambige-

544 2267 652 2322 ret,
686 2256 763 2310 ita
794 2269 921 2310 eum
955 2253 1127 2308 veluti
1169 2261 1498 2324 praesentem
1527 2291 1543 2318 ,
1586 2250 1768 2306 verbis
1819 2253 1986 2308 audet
2032 2252 2130 2308 ad-

545 2350 683 2406 oriri
723 2367 737 2405 :
773 2346 922 2402 Num
968 2347 1214 2413 consilio,
1244 2355 1336 2400 aut
1385 2345 1553 2399 verbis
1593 2344 1859 2399 labiorum
1903 2348 2130 2415 pretium

545 2441 756 2496 initur?
787 2437 1036 2510 Simplici
1067 2436 1267 2492 deinde
1296 2445 1352 2490 et
1380 2435 1527 2490 nuda
1568 2436 1939 2506 appellatione
1976 2453 2130 2492 enm-

547 2532 672 2587 dem
701 2533 998 2602 dignatur,
1018 2529 1305 2601 Assyrium
1327 2535 1544 2593 contra,
1570 2543 1680 2582 non
1704 2543 1874 2598 regem
1895 2537 2129 2591 tantum,

549 2624 647 2680 sed
676 2638 926 2694 magnum
981 2623 1257 2676 vocitans.
1295 2620 1465 2674 Aiunt
1523 2619 1803 2685 nonnulli,
1866 2623 2128 2690 quoniam

549 2723 776 2786 propter
808 2711 978 2768 Mosis
1007 2712 1177 2783 legem
1214 2709 1582 2781 sapientiores
1617 2710 1848 2782 reliquis
1872 2726 1996 2767 esse
2024 2712 2129 2766 sibi

547 2805 883 2861 videbantur
910 2802 1108 2868 Judaei,
1142 2817 1242 2856 nec
1267 2816 1324 2856 se
1364 2802 1486 2856 ideo
1516 2802 1706 2856 beatos
1723 2801 1939 2872 jactare
1973 2817 2131 2857 vere-

546 2897 773 2962 bantur,
805 2894 951 2966 quod
1004 2893 1204 2965 placita
1251 2893 1472 2948 Domini
1525 2893 1833 2961 novissent,
1891 2894 2128 2965 idipsum

547 2987 854 3060 Rapsacem
896 2988 1038 3044 velle
1072 2989 1390 3049 retundere,
1421 3001 1521 3041 nec
1547 2986 1846 3057 quidquam
1898 2987 1951 3041 in
1986 2987 2127 3043 bello

549 3081 813 3154 prodesse
841 3081 993 3146 talia,
1018 3078 1425 3134 demonstrare.
1460 3078 1730 3134 Provocat
1786 3093 1916 3134 vero
1949 3081 2128 3150 ipsum

551 3174 619 3228 ad
645 3188 842 3246 pugna:
871 3172 1197 3228 discrimen.
1222 3169 1328 3225 Sed
1354 3170 1402 3225 ei
1453 3170 1534 3225 sic
1578 3171 1912 3242 respondere
1967 3181 2132 3242 queat

550 3265 858 3321 Ezechias:
915 3282 934 3316 ι
981 3262 1049 3317 lli
1103 3263 1159 3317 in
1219 3262 1500 3327 curribus,
1543 3272 1598 3316 et
1639 3262 1694 3316 hi
1752 3262 1808 3317 in
1861 3264 2073 3333 equis“,
2105 3283 2124 3316 9

550 3359 791 3427 aliaque,
828 3370 952 3427 qua:
975 3366 1306 3425 sequuntur.
1361 3350 1634 3424 Suggillat
1663 3371 1794 3411 vero
1827 3364 1882 3410 et
1928 3356 2130 3426 ipsum,

552 3461 818 3518 tanquam
853 3451 907 3504 in
965 3447 1250 3503 Pharaone
1279 3446 1648 3518 conﬁdentem,
1710 3451 1804 3520 qui
1855 3449 1911 3505 in
1949 3452 2134 3508 socios

551 3546 715 3599 hoste
747 3542 1009 3604 deterior.
1037 3549 1401 3612 praeterquam
1433 3541 1576 3610 quod
1608 3541 1826 3597 inﬁrmo
1859 3543 2017 3598 valde
2047 3553 2134 3599 est

552 3634 786 3698 auxilio,
814 3635 980 3689 etiam
1016 3632 1227 3688 hedera
1257 3647 1480 3688 servare
1511 3649 1792 3706 nunquam
1850 3633 2129 3692 didicerit.

551 3725 813 3782 Fortasse
841 3734 1050 3792 autem,
1084 3725 1262 3793 aiunt,
1293 3727 1554 3795 quoniam
1589 3741 1620 3781 a
1654 3727 1942 3784 nonnullis
1973 3739 2133 3784 antea

551 3815 608 3869 in
645 3815 910 3868 auxilium
964 3822 1197 3870 vocatus
1247 3823 1336 3870 est
1389 3811 1710 3886 Egyptius,
1759 3825 1813 3871 et
1843 3815 2132 3870 Ezechiam

553 3923 773 3978 quoque
806 3907 861 3960 in
887 3921 954 3961 eo
981 3920 1108 3976 spes
1137 3921 1268 3961 suas
1301 3906 1576 3962 collocare
1603 3905 1924 3964 arbitratur.
1955 3909 2134 3980 Atque

553 3999 671 4055 haec
693 3998 912 4070 quidem
946 3999 1114 4053 veluti
1147 4007 1347 4068 praeter
1375 4014 1491 4053 rem
1520 3999 1792 4070 adjecisse
1837 4003 2131 4071 putandus.

556 4092 827 4162 Deinceps
850 4091 907 4146 in
937 4089 1030 4146 Dei
1054 4091 1346 4156 auxilium,
1378 4107 1501 4146 eum
1535 4092 1716 4162 ipsum
1746 4093 2130 4152 universorum

553 4183 726 4239 Deum
773 4198 898 4240 esse
945 4183 1208 4253 ignorans
1243 4223 1260 4249 ,
1308 4182 1704 4238 debacchatur.
1762 4184 1903 4250 Quid
1965 4185 2135 4257 igitur

555 4277 663 4330 ait:
703 4273 809 4328 Deo
843 4273 1091 4344 conﬁdis,
1129 4273 1284 4343 cujus
1319 4272 1553 4339 excelsa,
1575 4282 1625 4326 et
1656 4273 1858 4328 altaria
1909 4277 2135 4331 sustuli-

2224 440 2390 494 φησιν
2415 423 2451 492 ἡ
2478 419 2670 492 Γραφὴ
2701 418 2810 474 τῶν
2829 417 3355 490 Παραλειπομένων·
3377 418 3496 472 Kal.
3531 415 3783 489 κατεθάρ.

2225 531 2392 586 σησεν
2417 513 2448 567 ὁ
2470 513 2596 575 λαὸς
2637 515 2753 576 τοῖς
2783 511 2965 581 λόγοις
2997 509 3246 577 Ἐζεκίου
3286 509 3561 581 βασιλέως
3615 509 3788 569 Ἰούδα.

2223 607 2368 677 Πρὸς
2400 605 2510 676 γὰρ
2554 606 2669 666 τοῖς
2716 602 2896 667 ἄλλοις
2946 601 3195 668 Ἐζεκίου
3247 601 3665 672 κατορθώμασι,
3709 619 3792 672 τυ-

2227 699 2454 768 μνὰσιον
2516 697 2739 768 ἀρετῆς,
2797 696 2894 750 καὶ
2945 694 3262 759 θεοσεϐείας
3290 694 3524 760 ἔνδειξιν
3565 693 3793 762 πλείονος

2223 790 2355 854 Θεὸς
2377 788 2528 860 αὐτῷ
2557 791 2825 860 παρέσχε,
2851 788 2940 844 διὰ
2971 789 3072 859 τῆς
3109 787 3246 860 πρὸς
3271 789 3364 841 τὸν
3413 785 3677 857 πολέμιον
3703 803 3792 842 πα-

2227 882 2528 954 ρατάξεως.
2565 881 2656 934 Διὸ
2694 880 2791 934 καὶ
2824 877 3178 952 συνεχώρησε
3205 877 3298 931 τὸν
3340 875 3636 946 Ἀσσύριον
3673 878 3794 949 πλη-

2225 972 2339 1026 σίον
2377 971 2633 1041 γενέσθαι
2653 971 2755 1041 τῆς
2779 970 3009 1035 πόλεως.
3034 969 3158 1024 Τῶν
3177 969 3236 1023 δὲ
3264 968 3361 1023 νῦν
3387 967 3796 1038 ὀνομαζομένων

2238 1065 2513 1134 Ἑλιακίμ
2535 1065 2637 1119 και
2665 1065 2889 1134 Σομνὰ,
2923 1065 3027 1118 κάν
3046 1062 3128 1134 τῷ
3161 1063 3367 1134 ῥήματι
3394 1061 3500 1132 τῆς
3532 1060 3798 1132 φάραγγος

2224 1157 2653 1228 ἐμνημόνευσεν,
2686 1157 2784 1210 καὶ
2811 1157 2880 1210 τὰ
2902 1156 2998 1210 νῦν
3040 1156 3170 1227 περὶ
3209 1153 3389 1210 αὐτῶν
3423 1153 3660 1225 ἁρμόσει
3700 1159 3798 1220 τοῖς

2225 1251 2520 1320 φθάσασιν,
2544 1250 2637 1305 τὸν
2656 1249 2715 1305 δὲ
2744 1249 2986 1320 Σομνὰν
3010 1248 3405 1318 αὐτομολῆσαι,
3453 1247 3653 1311 παῖδές
3704 1264 3798 1314 φα-

2226 1361 2311 1398 σιν
2355 1345 2644 1416 Ἐϐραίων,
2675 1345 2813 1416 πρὸς
2836 1344 2928 1397 τὸν
2971 1342 3256 1413 ’Λσσύριον
3291 1344 3388 1397 σὺν
3424 1343 3640 1412 ἑτέροις
3664 1343 3801 1413 αὐτῴ

2223 1437 2312 1491 διὰ
2341 1438 2504 1508 φόϐον
2535 1437 2716 1502 δεξιὰν
2738 1436 3176 1508 παρασχόμενον·
3207 1435 3331 1490 ὅθεν
3353 1435 3566 1506 ὲρῤέθη
3580 1434 3653 1488 τὰ
3679 1452 3802 1506 etpo-

2223 1529 2461 1585 λαϐόντα
2484 1530 2615 1602 περὶ
2643 1527 2832 1584 αὐτοῦ.

2310 1794 2398 1860 Ὠς
2421 1793 2774 1864 ἀντικειμένη
2814 1791 2871 1848 δὲ
2900 1791 3133 1863 δύναμις
3159 1792 3192 1846 ό
3225 1787 3542 1860 Ῥαψάκης
3573 1788 3802 1855 ἀλαζονιο

2227 1885 2339 1950 κῶς
2369 1885 2510 1954 ἄγαν
2529 1883 2781 1939 ἐναντίαν
2813 1883 2997 1954 ἀφῆκε
3026 1881 3106 1953 τῶ
3136 1884 3392 1953 προφήτῃ
3427 1884 3640 1950 φωνήν.
3673 1881 3804 1937 ’Δντὶ

2227 1978 2343 2043 τοῦ,
2398 1977 2540 2032 τάδε
2593 1977 2760 2046 λέγει
2819 1976 3076 2044 Κύριος,
3143 1977 3177 2030 d
3207 1973 3584 2042 ,ϐασιλεὺςό
3631 1974 3802 2044 μέγας

2227 2070 2423 2126 εἰπών.
2468 2071 2556 2133 Ὦς
2585 2069 2688 2123 οὐκ
2722 2068 2934 2138 ἀγνοῶν
2957 2067 3014 2122 δὲ
3042 2066 3110 2122 δι’
3141 2067 3319 2138 εὐχῶν
3351 2068 3447 2120 καὶ
3481 2066 3659 2135 λόγων
3698 2066 3803 2121 θεο-

2230 2163 2445 2226 σεϐείας
2465 2161 2555 2215 τὸν
2584 2161 2834 2226 Ἐζεκίαν
2855 2162 3102 2231 κρατεῖν,
3119 2159 3196 2222 ὡς
3230 2159 3364 2230 πρὸς
3388 2160 3641 2229 παρόντα
3664 2159 3800 2228 φησί·

2228 2257 2325 2326 Μὴ
2352 2258 2422 2311 ἐν
2437 2255 2641 2326 βουλῇ
2669 2255 2768 2310 καὶ
2787 2255 2996 2326 λόγοις
3027 2253 3278 2322 χειλέων
3302 2252 3644 2320 παράταξις
3665 2254 3804 2320 γίνε-

2229 2366 2360 2415 ται;
2380 2350 2473 2404 καὶ
2495 2349 2626 2422 ψιλῇ
2660 2348 2850 2403 τοῦτον
2872 2347 3217 2420 προσηγορίᾳ
3253 2347 3450 2412 καλεῖ,
3499 2345 3597 2398 τὸν
3638 2345 3806 2401 ’Δσσύ-

2234 2459 2367 2513 ριον,
2401 2441 2496 2494 καὶ
2515 2439 2806 2505 βασιλέα,
2827 2439 2921 2492 καὶ
2944 2437 3137 2509 μέγαν
3159 2437 3350 2492 εἰπών.
3371 2437 3539 2502 Τινὲς
3562 2435 3621 2491 δέ
3638 2453 3803 2506 φασιν,

2230 2531 2419 2601 ἐπειδὴ
2477 2528 2778 2601 σοφώτεροι
2819 2527 2931 2581 τῶν
2980 2526 3156 2581 ἄλλων
3186 2526 3409 2579 ἐδόκουν
3459 2522 3804 2594 Ἐϐραίοιτδν

2231 2621 2476 2686 Μωσέως
2507 2620 2724 2691 ἔχοντες
2749 2620 2936 2691 νόμον,
2968 2619 3064 2673 καὶ⁵
3101 2617 3235 2686 γοῦν
3259 2614 3806 2686 ἕφασκον,Μακάριοί

2230 2715 2398 2782 ἐσμεν
2441 2711 2674 2784 Ἰσραὴλ,
2703 2712 2787 2766 ὅτι
2815 2710 2887 2764 τὰ
2916 2709 3129 2782 ἀρεστά
3177 2709 3390 2780 Κυρίῳ,
3430 2709 3575 2780 ἡμῖν
3607 2706 3807 2777 γνωστά

2231 2807 2380 2860 ἐστιν
2401 2823 2416 2837 ο
2451 2806 2609 2860 τοῦτο
2639 2805 2918 2877 καθαίρων
2943 2807 2972 2858 ό
2997 2803 3275 2874 Ῥαψάκης
3304 2805 3364 2856 ὲν
3403 2802 3636 2873 πολέμῳ
3659 2801 3804 2872 φησὶν

2233 2898 2504 2970 ὑπάρχειν
2549 2897 2832 2969 ἀνόνητον.
2890 2896 3262 2970 Προκαλεῖται
3307 2895 3364 2950 δὲ
3411 2895 3564 2965 πρὸς
3611 2893 3708 2965 τὴν
3746 2894 3804 2948 δι’

2231 2991 2413 3046 ὃπλων
2459 2991 2639 3063 κρίσιν
2673 2991 2855 3046 αὐτόν.
2889 2991 3033 3061 Πρὸς
3081 2991 3140 3046 ὃν
3190 2986 3344 3046 εἶπεν
3399 2991 3468 3046 ἂν
3518 2987 3799 3055 Ἐζεκίας·

2239 3103 2259 3136 ι
2289 3078 2448 3138 Οὗτοι
2491 3087 2550 3138 ὲν
2604 3084 2837 3156 ἅρμασι,
2879 3084 2975 3138 καὶ
3029 3077 3177 3138 οῦτοι
3227 3084 3287 3138 ὲν
3315 3083 3531 3148 ἵπποις,
3567 3102 3588 3136 ι
3625 3083 3716 3137 καὶ
3747 3082 3805 3136 τὰ

2234 3177 2384 3248 ἑξῆς.
2412 3179 2752 3247 Συκοφαντετ
2779 3177 2837 3230 δὲ
2867 3176 3052 3240 αὐτὸν,
3095 3176 3172 3240 ώς
3208 3176 3555 3246 θαρροῦντα
3587 3173 3665 3242 τῷ
3704 3177 3802 3230 dia—

2227 3271 2372 3338 ραώ.
2392 3271 2486 3334 Ὃς
2512 3272 2625 3333 τοῖς
2663 3269 2750 3323 ἐπ’
2781 3267 2951 3338 αὐτῷ,
2985 3269 3140 3340 φησὶ,
3175 3267 3470 3340 οαρῤοῦσίν
3509 3270 3628 3322 ἐστι
3659 3267 3803 3320 πολε·

2237 3362 2362 3433 μίου
2384 3363 2734 3435 πικρότερος,
2775 3363 3052 3427 συνθήκας
3071 3363 3173 3415 οὐκ
3202 3359 3359 3426 εἰδὼς
3389 3362 3688 3432 φυλάττειν
3716 3360 3802 3413 αὐ-

2232 3455 2368 3519 τοῖς,
2400 3454 2538 3526 πρὸς
2570 3452 2652 3524 τῷ
2677 3455 2772 3508 καὶ
2795 3454 2916 3509 λίαν
2939 3448 3082 3508 εἶναι
3110 3453 3507 3524 σαθρός.”ισως
3525 3452 3607 3521 δὲ,
3632 3452 3798 3521 φασιν,

2235 3547 2356 3600 ἐπεί
2392 3563 2538 3612 τινες
2563 3547 2672 3601 τῶν
2709 3547 2818 3619 πρὸ
2843 3547 3010 3602 αὐτοῦ
3043 3546 3314 3617 βασιλέων
3341 3547 3800 3618 προσεκαλέσαντο

2233 3635 2326 3690 τὸν
2354 3636 2670 3706 Αἰγύπτιον,
2698 3639 2796 3692 καὶ
2825 3638 2934 3693 τὸν
2973 3637 3240 3699 Ἐζεκίαν
3264 3638 3435 3692 οἴεται
3468 3637 3650 3709 τούτῳ
3685 3637 3799 3707 θαρο

2238 3731 2373 3801 ῥεῖν.
2401 3730 2511 3784 Καὶ
2537 3729 2696 3786 τοῦτο
2724 3732 2822 3804 μὲν
2841 3732 2918 3796 ὡς
2945 3732 3005 3785 ὲν
3031 3732 3296 3804 παρέργῳ
3319 3731 3682 3805 προσέρριψε.
3704 3731 3800 3801 Τῆς

2233 3822 2294 3878 δὲ
2321 3823 2418 3877 τοῦ
2450 3822 2586 3877 Θεοῦ
2615 3822 2804 3878 λοιπὸν
2849 3827 3172 3897 συμμαχίας
3205 3825 3551 3880 καθάπτεται
3597 3824 3684 3880 τὸν
3720 3825 3798 3878 ἐπὶ

2237 3915 2455 3968 πάντων
2483 3909 2626 3969 εἶναι
2655 3914 2790 3970 Θεὸν
2822 3917 2986 3970 αὐτὸν
3024 3917 3259 3986 ἀγνοῶν.
3314 3915 3626 3988 Τοιγαροῦν
3659 3930 3796 3986 φησι.

2241 4005 2303 4060 Τί
2321 4004 2557 4075 θαῤῥεῖς
2580 4006 2678 4060 ἐπὶ
2706 4007 2875 4072 Θεὸν,
2894 4003 2966 4064 οὗ
2997 4008 3270 4076 καθεῖλες
3289 4009 3362 4063 τὰ
3391 4008 3609 4078 ὑψηλὰ
3628 4024 3688 4062 τε
3711 4008 3795 4061 καί

2234 4100 2308 4153 τὰ
2330 4100 2773 4168 θυσιαστήρια;
2803 4100 2940 4172 ῷετο
2967 4102 3076 4173 γὰρ
3105 4101 3182 4165 ώς
3201 4103 3264 4156 οὐ
3301 4101 3408 4155 τῶν
3441 4100 3699 4166 εἰδώλων,
3713 4102 3796 4154 τοῦ

2235 4189 2292 4244 δὲ
2311 4190 2444 4244 Θεοῦ
2467 4192 2747 4246 καθεῖλεν
2781 4192 3040 4260 Ἐζεκίας
3071 4193 3141 4248 τὰ
3167 4193 3400 4263 ὑψηλά.
3426 4195 3490 4248 Ei
3525 4195 3619 4248 ἐπὶ
3644 4193 3796 4262 τούτῳ

2235 4281 2291 4336 δὲ
2327 4283 2616 4356 θαρρεῖτε,
2650 4285 2906 4354 μίχθητε
2961 4285 3043 4353 τῷ
3102 4289 3294 4356 Κυρίῳ
3331 4303 3475 4357 μου,
3506 4287 3651 4340 τοῦτ’
3695 4286 3794 4339 ἐστι

554 4367 625 4423 sti
648 4369 674 4424 ?
698 4365 989 4420 Ezechiam
1015 4365 1160 4420 enim
1184 4364 1305 4428 Dei,
1339 4381 1447 4418 non
1471 4364 1745 4420 idolorum
1779 4366 1986 4422 excelsa
2015 4386 2129 4424 sus-

2241 4374 2402 4442 στῆτε
2438 4375 2576 4446 πρὸς
2607 4376 2806 4446 μάχην.
2849 4378 3193 4449 Κατατρέχει
3225 4377 3306 4442 δὲ,
3340 4378 3417 4441 ὡς
3447 4377 3606 4448 μηδὲ
3623 4378 3793 4446 δισχι-

555 4461 747 4515 tulisse
783 4457 1179 4512 arbitrabatur.
1217 4457 1372 4523 Quod
1401 4457 1449 4512 si
1480 4457 1534 4512 in
1585 4473 1652 4514 eo
1677 4458 1984 4525 conﬁditis,
2016 4459 2132 4529 jam

554 4567 675 4605 cum
705 4550 935 4604 Domino
961 4565 1081 4603 meo
1114 4549 1349 4616 misceri,
1386 4549 1437 4604 id
1471 4556 1578 4617 est,
1604 4565 1844 4620 pugnam
1867 4550 2031 4616 inire,
2065 4567 2135 4608 ne

554 4642 838 4698 dubitetis.
875 4641 1079 4712 Adjicit
1125 4658 1253 4697 vero
1305 4659 1375 4698 ne
1415 4642 1480 4697 ad
1521 4641 1627 4696 duo
1681 4643 1891 4713 quidem
1936 4645 2132 4710 millia,

553 4732 745 4805 quibus
762 4733 1034 4803 equitandi
1067 4734 1200 4786 vires
1225 4733 1355 4798 sint,
1374 4732 1540 4804 416
1573 4733 1807 4800 habere;
1834 4749 1957 4788 cum
1989 4737 2136 4807 igno-

555 4831 705 4880 raret
761 4824 910 4894 pium
978 4822 1268 4877 Ezechiam
1336 4824 1505 4893 legem
1567 4823 1957 4892 observare”,
2012 4845 2132 4897 quae

554 4930 826 4988 equorum
860 4913 1270 4968 multitudinem
1302 4914 1416 4982 regi
1444 4914 1656 4970 adimit.
1698 4915 1803 4982 Qui
1835 4930 2016 4974 autem
2057 4927 2130 4976 rei

553 5010 834 5084 equestris
863 5008 1070 5080 ignari,
1121 5009 1215 5072 ait,
1266 5009 1529 5063 sustinere
1569 5011 1813 5080 poteritis
1860 5026 2130 5082 aspectum

558 5102 1316 5174 toparcharumnoslrorum?
1347 5098 1454 5154 Pro
1496 5101 1707 5172 quibus
1760 5103 1836 5158 ita
1881 5105 2131 5177 Symma-

2233 4467 2412 4534 λίους
2452 4467 2719 4537 ἐχόντων
2745 4469 3122 4540 δυναμένους
3175 4470 3532 4532 ιππάᾰ-σθαι
3554 4489 3570 4504 ·
3604 4472 3792 4542 ἀγνοῶν

2233 4560 2308 4623 ὡς
2346 4562 2374 4614 ό
2403 4559 2666 4632 θεοσεϐὴς
2703 4561 2954 4628 Ἐζεκίας
3002 4563 3094 4618 τὸν
3141 4566 3307 4635 νόμον
3358 4566 3651 4634 ἐφύλαττε.
3679 4565 3790 4634 περὶ

2233 4651 2502 4721 βασιλέως
2533 4653 2793 4718 εὐσεϐοῦς
2817 4655 3180 4726 ἀγορεύονταο
3233 4657 3307 4712 Οὐ
3341 4657 3608 4728 πληθυνεῖ
3634 4657 3788 4726 ἑαυτῷ

2234 4741 2454 4806 ἵππους.
2485 4745 2740 4817 ’Δπειροι
2762 4745 2819 4800 δὲ
2846 4747 3206 4817 τυγχάνοντες
3233 4747 3490 4818 ἱππικῆς,
3539 4749 3662 4816 πῶς
3699 4748 3784 4802 δύο

2231 4835 2444 4899 νασθε,
2504 4835 2692 4904 φησὶν,
2732 4835 3112 4904 ἀποστρέψαι
3165 4839 3255 4904 εὶς
3311 4840 3638 4906 πρόσωπον
3684 4833 3783 4890 τῶν

2231 4923 2537 4992 ἡμετέρων
2559 4927 2900 4997 τοπαρχῶν;
2945 4928 3086 4982 Ἀνθ“
3111 4921 3173 4983 οὗ
3205 4929 3501 5002 Σύμμαχός
3525 4946 3676 5002 φησι,
3696 4925 3780 4982 καί

2236 5015 2361 5082 πῶς
2387 5018 2724 5085 ὐποστήσει
2747 5019 2814 5073 τὸ
2839 5021 3165 5089 πρόσωπον
3195 5020 3486 5092 ἄρχοντος
3520 5022 3656 5087 ἐνὸς
3682 5019 3780 5074 τῶν·

2232 5107 2471 5165 δούλων
2498 5109 2606 5167 τοῦ
2629 5113 2852 5182 Κυρίου
2874 5131 2996 5184 μου
3042 5111 3162 5168 τῶν
3210 5114 3430 5184 μικρῶν
3459 5133 3480 5182 ;
3512 5117 3562 5169 εί
3587 5115 3640 5169 δὲ
3664 5114 3758 5181 θιιῤ

554 5197 697 5253 chus
729 5245 731 5247 .
763 5195 831 5250 Et
857 5196 1117 5266 quomodo
1142 5193 1420 5249 sustinebit
1445 5192 1637 5262 {aciem
1676 5195 1937 5265 principis
1971 5199 2127 5253 unius

2232 5198 2389 5271 ρεῐτε
2417 5201 2553 5272 πρὸς
2582 5201 2741 5256 τοῦτο
2780 5205 2894 5267 τοῖς
2940 5205 3282 5272 Αἰγυπτίοις,
3308 5205 3592 5277 ἡμέτεροι,
3616 5204 3776 5277 φησὶν.

557 5303 829 5343 servorum
861 5284 1196 5340 Dominimei
1225 5283 1551 5355 parvorum?
1597 5280 1752 5348 Quod
1812 5285 1860 5341 si
1914 5286 1968 5341 in
2027 5288 2131 5346 hoc

555 5379 831 5453 Egyptiis
868 5377 1179 5449 conﬁditis,
1204 5377 1403 5441 nostri,
1442 5377 1538 5440 ait,
1565 5388 1617 5431 et
1649 5377 1750 5446 ipsi
1803 5381 1940 5434 serui
1987 5393 2129 5438 sunt.

2235 5291 2458 5348 οίκέται
2481 5294 2872 5366 τυγχάνουσι.
2897 5297 3085 5369 Πολλῴ
3111 5299 3314 5370 μᾶλλον
3336 5300 3445 5372 ἄρα
3464 5301 3563 5356 καὶ
3583 5303 3636 5356 οι
3663 5297 3778 5365 0015-

2229 5385 2488 5454 ῥοῦντες
2512 5387 2717 5456 αὐτοῖς
2738 5389 2833 5445 καὶ
2865 5390 3051 5461 σχεδὸν
3077 5390 3178 5463 ήδη
3207 5390 3626 5450 δουλεύωσιν.

557 5472 726 5530 Multo
753 5471 929 5546 magis
959 5473 1148 5544 igitur,
1179 5483 1226 5528 et
1259 5471 1349 5542 qui
1379 5470 1455 5524 eis
1486 5468 1778 5540 conﬁdunt,
1805 5473 1971 5531 veluti
1993 5475 2104 5546 jam
2143 5477 2304 5534 nobis
2337 5481 2587 5537 serviunt.

627 5644 649 5678 τ
683 5642 728 5697 ll
749 5643 926 5700 Paral.
950 5660 1122 5711 χχιιι,
1148 5645 1200 5699 8.
1253 5645 1298 5712 ,⁸
1319 5643 1466 5702 Psal.
1488 5661 1598 5709 nx,
1625 5643 1676 5700 8.
1753 5642 1774 5677 ’
1802 5643 1956 5700 Deut.
1993 5647 2229 5707 “11.16.
