3978 6374
177 362 288 428 2313

227 461 519 534 Δυστρόπως
538 457 592 512 δὲ
626 458 996 529 συλλογίζεται
1025 459 1103 531 μὴ
1130 461 1266 515 Θεοῦ
1287 462 1458 534 χωρὶς
1477 459 1688 514 ἐπιέναι
1715 463 1765 520 Α

167 563 219 632 τῇ
241 557 372 612 πόλει
400 553 561 622 λέγων
593 569 607 584 ο
647 553 710 605 Ei
741 552 915 622 μέγας
959 554 1099 618 ἐστὶ,
1131 555 1227 608 καὶ
1275 555 1374 625 τῆς
1405 553 1694 629 ⁸Ἰουδαίας

168 650 451 724 ὑπερμαχεῖ,
489 645 521 717 ἢ
581 645 655 718 μὴ
709 645 955 710 θέλοντος
1001 648 1283 719 ἐπέϐημεν
1337 647 1568 718 ταύτης,
1601 649 1696 701 καὶ

164 747 263 808 ’πῶς
306 745 441 796 ἐστιν
480 739 735 810 ἰσχυρόςς
786 740 821 813 ἢ
875 738 1202 811 βουλομένου
1253 739 1693 811 παρεγενόμεθα,

165 835 241 892 καὶ
263 833 429 901 ὥσπερ
459 829 563 882 τῶν
585 827 780 893 ἄλλων,
813 830 909 882 καὶ
937 828 1143 899 ταύτης
1170 830 1542 900 κρατήσομεν.
1569 830 1696 882 Τοι-

163 924 334 998 γαροῦν
369 922 458 976 καὶ
507 919 597 974 τὸν
640 920 854 992 Ἰσραὴλ
908 921 1171 990 ἀδελφοὺς
1213 921 1372 986 ὄντας
1397 921 1698 992 ὑμετέρους

163 1011 530 1088 ἐχειρωσάμεθα
554 1050 570 1074 .
623 1011 761 1080 πρὸς
789 1011 865 1082 τῷ
901 1011 978 1083 μὴ
1032 1011 1214 1081 λέγειν
1259 1013 1426 1081 ὑμᾶς’
1459 1012 1535 1077 ὡς
1567 1015 1698 1078 τοὺς

162 1107 324 1168 ἄλλους
347 1105 374 1156 ὁ
400 1103 526 1166 θεὸς
559 1104 633 1173 μὴ
662 1103 821 1165 ὄντας
853 1103 1015 1158 αὑτοῦ
1040 1103 1445 1174 παραδέδωκεν.
1460 1105 1699 1174 Ἀγνοῶν

161 1197 318 1263 ὡςκαὶ
347 1193 554 1265 Ἰσραὴλ
582 1193 1050 1267 είδωλολατρήσας
1079 1195 1216 1248 Θεοῦ
1242 1195 1512 1267 προῆλθεν
1537 1196 1698 1252 ἀλλό-

161 1304 302 1361 τριος.
327 1285 487 1356 Δῆλον
501 1285 579 1351 δὲ,
609 1287 794 1353 φασιν,
822 1287 872 1339 εί
903 1285 966 1351 ἐξ
987 1287 1213 1342 είκότων
1237 1285 1395 1356 ἔλεγε
1422 1287 1697 1356 ταῦτα,ὲκ

161 1381 235 1436 τοῦ
252 1379 454 1449 νικῆσαι
481 1379 574 1432 τὸν
606 1378 824 1450 Ἰσραὴλ
852 1379 980 1432 λαὸν
1000 1379 1128 1434 ὅντα
1145 1380 1311 1452 δῆθεν
1346 1379 1505 1444 θεοῦ,
1540 1380 1574 1452 ἢ
1603 1381 1699 1436 καὶ

161 1478 324 1552 ᾔσθετο
369 1475 502 1529 Θεοῦ
561 1477 677 1540 τοῖς
734 1475 902 1530 αὐτοῦ
970 1477 1253 1548 λογισμοῖς
1303 1477 1702 1544 ὐποὸάλλοντος

161 1573 371 1629 ἐπελθεῖν
403 1569 675 1634 Ἰουδαίοις
698 1571 785 1626 διὰ
802 1572 901 1635 τὰς
931 1573 1158 1628 ἐκείνων
1181 1576 1548 1644 παρανομίας.
1568 1569 1702 1628 Εἶτα

163 1667 383 1740 παραινεῖ
435 1663 514 1735 τῷ
569 1664 687 1734 λαῷ
715 1665 1054 1736 παραδοῦναι
1104 1665 1202 1737 τὴν
1256 1666 1432 1732 πόλιν,
1488 1668 1583 1721 καὶ
1602 1666 1703 1740 τὴν

161 1759 404 1829 διαὸόητον
432 1757 528 1812 καλ⁴
557 1758 689 1828 παρ’
718 1758 901 1823 αὐτοῖς
940 1758 1188 1822 Ἐζεκίου
1220 1758 1476 1831 καθαιρεῖ
1519 1760 1704 1814 θεοσέ-

163 1851 303 1904 ϐειαν.
341 1849 446 1903 Καὶ
477 1850 592 1903 ἄνω
621 1850 678 1902 δὲ
706 1850 1065 1920 συνέκρουσεν
1089 1851 1279 1917 αὑτὸν,
1307 1852 1384 1915 ὡς
1412 1854 1702 1908 καθελόν-

162 1960 221 1998 τα
244 1942 306 1997 τὰ
332 1941 559 2010 ὑψηλὰ,
595 1938 676 2007 οἷς
702 1941 844 2011 ἔγνω
886 1945 1028 1998 κατά
1068 1944 1167 2016 τὴν
1201 1944 1378 2016 Ἀχαζ
1427 1945 1704 2016 βασιλείαν

163 2036 380 2108 χαίροντα
417 2035 508 2088 τὸν
539 2035 670 2089 λαὸν
696 2033 832 2090 Θεοῦ
867 2037 1106 2107 νομίζων
1135 2038 1296 2092 αὑτά.
1340 2033 1476 2093 Εῐτα
1515 2038 1705 2093 συλλο-

164 2129 360 2197 γίζεται,
395 2129 468 2193 ὡς
495 2130 542 2182 εί
577 2129 707 2191 τοὺς
748 2129 945 2193 ἄλλους
976 2131 1078 2184 οὐκ
1104 2129 1320 2186 ἔσωσαν
1344 2133 1393 2186 οἱ
1423 2133 1556 2197 θεοὶ,
1584 2133 1706 2187 οὐδὲ

165 2223 248 2284 τὸν
289 2221 503 2276 Ἰούδαν
536 2222 572 2276 ὁ
607 2223 844 2291 Κύριος,
875 2223 1028 2278 οὐδὲν
1048 2224 1158 2278 τῶν
1186 2225 1362 2280 ἄλλων
1403 2227 1565 2280 αὑτὸν
1593 2227 1708 2280 δια-

166 2314 317 2385 φέρειν
337 2315 601 2385 οἰόμενος.
639 2316 784 2387 Πρὸς
830 2315 867 2370 ἃ
903 2317 1140 2387 ῥηθέντα
1177 2317 1320 2372 κατὰ
1377 2320 1709 2390 πρόσταγμα

167 2405 326 2471 σιγῶσι
354 2404 658 2475 βασιλικόν.
714 2407 970 2472 Εὐσεὸῶς
1014 2409 1126 2481 γὰρ
1164 2412 1276 2464 οὐκ
1321 2411 1708 2480 ἀποκρίνεται

169 2494 475 2566 βλασφήμης,
511 2499 639 2551 ἀντὶ
671 2497 747 2562 ὡς
779 2499 854 2570 μὴ
882 2499 909 2539 ιε
943 2500 1082 2572 πρὸς
1125 2497 1284 2554 τοῦτο
1317 2501 1580 2572 μειζόνως
1611 2504 1710 2558 αὑ-

167 2587 237 2638 τὸν
267 2587 572 2656 ὲρεθίσειεν.
638 2589 796 2642 Κατὰ
850 2590 934 2655 τὸ,
979 2609 998 2642 ι
1052 2591 1144 2662 Μὴ
1195 2591 1382 2646 ἔκκαιε
1431 2593 1710 2665 ἄνθρακας

167 2679 474 2750 ἀμαρτωλοῦ.
515 2701 534 2733 ι
580 2683 689 2734 Καὶ
719 2682 977 2754 ἀνόνητον
1006 2683 1063 2737 δὲ
1097 2686 1209 2747 τοῖς
1242 2684 1434 2739 ἀνίατα
1471 2688 1572 2758 τὴν
1607 2687 1713 2758 ψυ-

170 2771 249 2842 χὴν
274 2772 476 2826 νοσοῦσι
507 2774 1023 2845 προσδιαλέγεσθαι,
1062 2778 1199 2848 πρὸς
1247 2778 1342 2843 οὓς
1371 2779 1454 2833 δεῖ
1501 2782 1714 2852 πεφρά-

170 2863 270 2934 χθαι
294 2867 356 2936 τῇ
388 2869 590 2938 σιωπῇ,
622 2867 968 2936 κρύπτοντας
999 2870 1098 2940 μὲν
1125 2870 1253 2934 τοὺς
1273 2871 1496 2942 ἀληθεῖς
1523 2872 1714 2942 λόγους

173 2957 217 3006 ὲν
239 2957 452 3020 ἑαυτοῖς,
480 2959 884 3029 περιμένοντας
903 2958 961 3013 δὲ
983 2959 1085 3030 τὴν
1107 2961 1170 3013 ὲκ
1189 2959 1323 3013 Θεοῦ
1348 2961 1490 3014 κατὰ
1509 2962 1714 3016 τούτων

173 3046 392 3120 εὔκαιρον
420 3050 662 3121 κίνησιν.
696 3051 771 3104 Oti
805 3051 943 3122 πρὸς
971 3053 1122 3124 ημᾶς
1150 3053 1260 3125 γὰρ
1293 3053 1394 3117 ἔτι.
1422 3055 1562 3126 πρὸς
1583 3056 1714 3108 Θεὸν

1735 1809 1778 1864 Β

1287 348 1818 412 COMMENTARH
1849 348 1932 408 IN
1964 349 2249 411 ISAIAM.

3231 347 3370 410 2314

1863 457 2001 514 Male
2027 466 2209 514 autem
2227 472 2338 513 non
2350 458 2472 514 sine
2491 456 2584 514 Dei
2607 458 2838 514 numine
2859 457 3139 514 civitatem
3164 457 3369 512 adoriri

1797 564 1857 606 se
1916 550 2129 621 colligit
2179 550 2234 605 in
2296 549 2444 606 hunc
2497 551 2759 606 modum:
2795 548 2852 605 Si
2899 565 3134 622 magnus
3169 558 3275 614 est,
3319 559 3373 602 et

1797 641 2040 698 Judaeam
2070 650 2255 699 tuetur
2284 682 2299 706 ,
2357 651 2456 698 aut
2513 659 2581 699 eo
2615 645 2836 700 nolente
2887 644 3134 700 eamdem
3179 658 3374 699 sumus

1800 732 2002 795 adorti,
2065 741 2120 786 et
2175 731 2324 786 nulla
2385 739 2474 787 est
2526 732 2650 803 ejus
2693 735 2977 804 potentia:
3037 741 3132 787 aut
3181 732 3371 787 eodem

1797 822 2016 878 volente
2047 822 2422 886 accessimus,
2458 832 2514 878 et
2537 824 2726 879 eadem
2759 839 2980 895 quoque
3003 866 3017 888 ,
3057 825 3198 879 sicut
3227 825 3373 888 aliis,

1800 914 2098 984 potiemur.
2119 913 2311 986 Itaque
2340 924 2396 970 et
2428 915 2684 971 lsraelem
2712 915 2938 972 fratrem
2962 924 3206 973 vestrum
3232 917 3378 973 bello

1801 1015 2121 1076 superatum
2157 1006 2435 1078 captivum
2458 1006 2859 1068 habemusme
2911 1008 3052 1066 alios
3107 1009 3240 1080 jam,
3283 1009 3379 1078 qui

1802 1099 1891 1157 sui
1947 1113 2056 1152 non
2103 1107 2309 1162 essent,
2366 1097 2536 1153 Deum
2587 1098 2885 1157 tradidisse
2946 1098 3208 1154 adoratis.
3270 1098 3380 1154 Sed

1803 1192 2064 1250 lsraelem
2085 1191 2201 1262 jam
2225 1206 2256 1246 a
2285 1190 2423 1256 Deo,
2448 1199 2672 1263 prepter
2701 1191 3100 1260 idololatriam,
3136 1193 3378 1248 alienum

1804 1286 1980 1343 fuisse
2011 1285 2324 1355 ignorabat.
2363 1283 2524 1340 Patet
2561 1300 2718 1350 vero,
2750 1285 2930 1349 aiunt,
2983 1286 3029 1342 si
3078 1285 3146 1341 ab
3176 1301 3243 1341 eo
3273 1285 3383 1340 ista

1805 1385 2180 1435 consentanee
2203 1374 2490 1438 dicuntur,
2527 1389 2593 1430 ex
2616 1390 2728 1446 quo
2749 1375 3004 1431 lsraelem
3040 1377 3220 1445 ipsum
3245 1418 3259 1441 ,
3287 1375 3383 1432 Dei

1804 1472 2068 1544 populum
2127 1468 2379 1535 scilicet,
2442 1467 2792 1539 subiugavit,
2847 1467 2936 1522 vel
3004 1467 3109 1522 hoc
3179 1470 3386 1524 sentire

1803 1565 1994 1629 etiam,
2019 1561 2193 1618 Deum
2229 1559 2336 1618 sibi
2361 1567 2422 1614 ut
2446 1557 2666 1616 Juda’os
2698 1568 2926 1630 propter
2957 1573 3148 1614 eorum
3180 1559 3387 1614 scelera

1805 1656 2109 1725 adoriatur,
2143 1655 2199 1708 in
2227 1653 2472 1707 animum
2525 1651 2810 1707 inducere.
2865 1650 3073 1707 Deinde
3122 1660 3183 1704 ut
3231 1652 3388 1706 urbis

1805 1745 2144 1802 deditionem
2167 1742 2354 1810 iaciat,
2378 1743 2639 1813 populum
2654 1742 2982 1798 adhortatur
3004 1751 3093 1812 ;et
3113 1743 3386 1799 celebrem

1810 1838 1954 1909 apud
1983 1851 2082 1892 eos
2107 1833 2358 1890 Ezechiae
2387 1835 2646 1906 pietatem
2677 1835 2864 1890 studet
2893 1847 3217 1892 extenuare.
3243 1835 3387 1904 Quin

1809 1935 1864 1981 et
1891 1925 2148 1980 eumdem
2179 1924 2458 1994 superius,
2491 1932 2754 1995 tanquam
2819 1927 3030 1980 excelsa
3065 1928 3390 1992 sustulisset,

1809 2017 2113 2086 vellicavit,
2155 2017 2360 2089 quibus
2389 2017 2614 2073 Achazo
2638 2027 2906 2090 regnante
2936 2021 3199 2091 populum
3253 2037 3392 2093 gau-

1811 2110 1943 2167 dere
1968 2119 2220 2175 noverat,
2244 2109 2340 2165 Dei
2369 2123 2496 2166 esse
2551 2110 2648 2164 illa
2701 2111 3024 2166 arbitratus.
3067 2112 3146 2166 ita
3195 2111 3396 2168 deinde

1811 2203 2210 2260 ratiocinatur:
2242 2202 2302 2258 Si
2328 2204 2468 2259 alios
2491 2204 2578 2258 sui
2614 2218 2726 2259 non
2767 2213 3062 2261 servarunt
3080 2205 3156 2260 dii
3174 2244 3191 2271 ,
3216 2221 3399 2278 neque

1813 2298 2076 2354 Dominus
2105 2295 2362 2363 Iudaeos,
2422 2311 2588 2368 quem
2661 2296 2878 2353 caeteris
2942 2306 3208 2367 praestare
3282 2314 3394 2354 non

1813 2391 1994 2447 video.
2026 2393 2097 2444 At
2120 2389 2255 2444 nihil
2279 2390 2347 2444 ad
2393 2389 2768 2460 blasphemias
2809 2391 2948 2446 istas
3007 2391 3129 2461 pius
3181 2407 3276 2447 rex
3317 2408 3400 2445 re-

1814 2483 2064 2555 sponderi
2081 2499 2282 2555 passus
2301 2490 2410 2547 est,
2426 2498 2494 2537 ne
2516 2482 2583 2538 ad
2599 2483 2836 2554 majores
2854 2494 3183 2553 provocaret
3202 2500 3217 2550 ;
3240 2484 3400 2554 juxta

1817 2577 1985 2634 illud:
2052 2595 2071 2629 (
2109 2575 2190 2632 Ne
2243 2576 2552 2633 succendas
2605 2577 2879 2632 carbones
2933 2578 3247 2648 peccatoris
3269 2579 3336 2632 '°.
3374 2601 3392 2630 ι

1816 2669 2016 2725 Inutile
2045 2669 2216 2725 fuerit
2249 2680 2520 2740 praeterea
2555 2683 2680 2724 cum
2717 2669 2854 2732 illis,
2901 2669 3106 2740 quibus
3161 2677 3247 2724 est
3278 2672 3399 2724 ani-

1817 2776 1922 2818 ma:
1947 2761 2100 2816 salus
2129 2761 2442 2830 deplorata,
2469 2760 2650 2814 verbis
2667 2758 2984 2827 decertare;
3012 2775 3156 2832 quos
3178 2759 3402 2816 silentio

1819 2861 2047 2925 praestat
2073 2852 2391 2918 retundere,
2415 2853 2805 2923 sermonisque
2830 2853 3119 2907 veritatem
3155 2853 3210 2906 in
3239 2852 3401 2908 nobis

1820 2949 2013 3005 tandiu
2039 2963 2309 3020 premere,
2329 2947 2506 3003 donec
2532 2948 2731 3003 idoneo
2755 2957 3000 3018 tempore
3028 2962 3059 3002 a
3089 2948 3200 3003 Deo
3223 2949 3279 3004 in
3306 2965 3403 3004 eos

1820 3042 2152 3098 excitemur.
2176 3039 2370 3110 Neque
2390 3043 2538 3095 enim
2568 3050 2684 3095 tum
2708 3041 2999 3095 adversum
3021 3055 3123 3096 nos
3144 3042 3401 3112 amplius,

171 3141 214 3194 ἃ
235 3143 312 3195 τὸν
329 3142 562 3214 πόλεμον
583 3143 801 3212 ἔχουσιν
832 3145 860 3198 ὃ
881 3145 1136 3216 ποιητέον
1167 3147 1227 3198 ὲν
1256 3147 1436 3218 καιρῷ
1461 3149 1715 3220 διωγμῶν

1826 3132 1924 3187 sed
1956 3130 2252 3187 adversum
2275 3133 2457 3202 ipsum
2498 3129 2666 3186 Demn
2698 3131 2900 3186 bellum
2957 3132 3192 3202 geritur.
3241 3134 3399 3200 Quod

173 3233 218 3285 ὲν
249 3235 355 3298 ταῖς
393 3234 743 3306 βλασφήμοις
788 3235 900 3291 τῶν
953 3237 1166 3290 ἀσεϐῶν
1197 3237 1467 3305 διαλέξεσι
1509 3239 1719 3308 λέγοντι

175 3327 491 3406 πειθομένους
523 3330 694 3383 Δαϐίδ
717 3347 731 3361 ·
774 3349 794 3383 t
847 3331 1086 3402 Ἐθέμην
1116 3331 1195 3402 τῷ
1224 3333 1456 3403 στόματί
1491 3350 1591 3404 μου
1624 3352 1724 3403 φυ-

175 3419 336 3494 λακήν.
392 3424 478 3477 Ἐν
521 3424 608 3496 τῷ
658 3425 919 3496 συστῆναι
978 3426 1070 3479 τὸν
1128 3427 1452 3498 ἁμαρτωλὸν
1482 3429 1724 3484 ἐναντίον

178 3533 292 3584 μου,
316 3520 620 3593 ὲκωφώθην
658 3521 754 3575 καὶ
796 3519 1209 3592 ὲταπεινώθην,
1262 3522 1357 3575 καὶ
1403 3522 1636 3593 ἐσίγητα
1665 3522 1725 3588 ἐξ

175 3609 379 3678 ἀγαθῶν.
415 3631 432 3664 ι

741 3793 991 3848 ΚΕΦΑΛ.
1034 3794 1157 3848 ΛΖ’.

227 3884 341 3950 a-C'.
374 3887 482 3940 Καὶ
508 3887 756 3956 ἐγένετο
794 3889 865 3941 ἐν
896 3885 978 3952 τῷ
1009 3888 1268 3942 ἀκοῦσαι
1320 3889 1428 3942 τὸν
1459 3890 1728 3953 ,ϐασιλέα

182 3977 432 4045 Ἐζεκίαν,
460 3981 685 4049 ἔσχισε
737 3979 811 4034 τὰ
862 3979 1060 4048 ἱμάτια
1085 3981 1291 4045 αὐτοῦ,
1320 3982 1418 4034 καὶ
1455 3983 1725 4049 περιεϐά-

173 4073 287 4124 λετο
331 4071 584 4137 σάκκον,
638 4072 738 4126 καί
791 4072 974 4140 ἀνέϐη
1001 4074 1090 4138 εἰς
1125 4071 1232 4125 τὸν
1261 4069 1430 4126 οἷκον
1483 4074 1723 4142 Κυρίου,

174 4177 218 4215 κ.
242 4179 287 4215 τ.
311 4162 356 4216 λ.

231 4254 376 4318 Ἐθος
401 4251 468 4329 ἦν
514 4254 797 4326 Ἑϐραίοις
829 4254 922 4307 ἐπὶ
949 4257 1068 4317 ταῖς
1113 4255 1253 4308 κατὰ
1307 4254 1441 4310 Θεοῦ
1483 4255 1726 4328 βλασφη-

178 4345 304 4413 μίαις
330 4348 801 4421 περιρῤήγνυσθαι
827 4349 954 4411 τοὺς
995 4349 1232 4418 χιτῶνας
1254 4365 1269 4380 ο
1318 4351 1606 4420 τοιγαροῦν
1652 4353 1729 4403 εί-

174 4436 339 4501 πόντος
373 4439 466 4492 τοῦ
491 4438 772 4508 Σωτῆρος,
810 4457 830 4489 ‹
870 4437 1102 4508 Ἀπάρτι
1134 4437 1334 4507 ὄψεσθε
1356 4440 1448 4492 τὸν
1481 4439 1611 4493 Υίὸν
1631 4439 1726 4492 τοῦ

1824 3224 1947 3294 ipso
2000 3225 2244 3278 maxime
2320 3224 2786 3293 persecutionum.
2834 3233 3082 3295 tempore
3137 3237 3404 3297 praestare

1823 3325 2066 3388 oportet,
2089 3316 2252 3388 417
2283 3317 2537 3387 interque
2573 3317 2931 3388 blasphemas
2980 3318 3276 3388 impiorum
3312 3333 3405 3373 vo-

1825 3425 1938 3476 ces,
1969 3410 2228 3464 Davidem
2253 3410 2447 3465 audire
2481 3411 2801 3481 psallentem
2829 3411 2919 3466 his
2943 3413 3156 3468 verbis:
3188 3432 3206 3464 (
3236 3411 3403 3467 Posui

1824 3504 1906 3560 ori
1941 3519 2064 3559 meo
2099 3505 2448 3568 custodiam;
2483 3520 2610 3558 cum
2659 3504 2990 3560 consisteret
3022 3506 3290 3562 adversus
3319 3522 3404 3560 me

1823 3603 2101 3664 peccator,
2127 3594 2399 3659 obmutui,
2431 3603 2486 3649 et
2533 3593 2854 3651 humiliatus
2905 3611 3051 3659 sum,
3098 3606 3151 3651 et
3211 3596 3340 3652 silui
3374 3611 3405 3649 a

1825 3687 1986 3741 bonis
2011 3689 2075 3740 “.
2117 3708 2136 3738 ι

2381 3777 2537 3834 CAP.
2579 3777 2843 3834 XXXVII.

1897 3869 2064 3924 Vens.
2092 3870 2214 3925 1-7.
2255 3869 2322 3923 Et
2361 3869 2563 3938 factum
2609 3881 2684 3924 est
2727 3885 2846 3923 cum
2877 3870 3086 3922 audiret
3129 3884 3221 3923 rex
3273 3868 3410 3923 Eze-

1826 3962 1996 4026 chias,
2030 3962 2190 4016 scidit
2218 3963 2531 4016 vestimenta
2556 3979 2680 4025 sua,
2727 3970 2778 4016 et
2837 3978 3050 4015 saccum
3101 3961 3309 4027 induit,
3362 3973 3410 4016 et

1830 4051 2070 4106 ascendit
2091 4053 2148 4106 in
2173 4052 2391 4108 domum
2423 4053 2660 4119 Domini,
2692 4062 2803 4109 etc.

1902 4255 2069 4328 418
2102 4255 2217 4313 llos
2251 4265 2367 4312 erat
2400 4255 2668 4324 Hebraeis,
2697 4257 2742 4312 si
2774 4272 2914 4327 quas
2952 4259 3006 4312 in
3043 4258 3210 4314 Deum
3266 4259 3412 4315 blas-

1831 4348 2081 4419 phemias
2120 4350 2424 4414 audissent,
2458 4357 2641 4404 vestes
2671 4365 2802 4406 suas
2855 4351 3120 4406 lacerare.
3169 4352 3414 4423 Indeque

1833 4439 2267 4509 est,quod,cum
2293 4440 2799 4509 dixissetLSalvator
2827 4460 2840 4497 :
2875 4461 2893 4493 i
2923 4442 3138 4498 Amodo
3155 4444 3414 4499 videbitis

176 4529 429 4600 ἀνθρώπου
463 4531 772 4601 καθήμενον
812 4530 875 4582 ἐκ
907 4528 1093 4593 δεξιῶν
1150 4533 1250 4600 τῆς
1296 4530 1600 4602 δυνάμεως,
1634 4532 1715 4584 κοιῚ

1833 4531 2036 4586 Filium
2082 4532 2322 4590 hominis
2345 4534 2626 4590 sedentem
2661 4551 2690 4588 a
2722 4536 2933 4592 dextris
2965 4537 3210 4604 virtutis,
3242 4547 3296 4594 et
3320 4556 3414 4595 ve-

175 4616 437 4689 ἑρχόμενον
465 4621 562 4675 ἐπὶ
594 4621 704 4673 τῶν
737 4618 975 4686 νεφελῶν
1005 4623 1099 4670 τοῦ
1129 4621 1358 4688 οὐρανοῦ
1381 4661 1396 4684 ,
1434 4638 1453 4671 ›
1489 4627 1518 4673 ο
1547 4623 1732 4692 ἀρχιε-

178 4710 282 4778 ρεὺς
301 4711 551 4784 διέρρηξε
578 4711 648 4765 τὰ
679 4711 869 4781 ἱμάτια
899 4710 1068 4764 αὐτοῦ
1111 4709 1307 4778 λέγων,
1352 4729 1373 4762 ‹
1418 4711 1728 4783 Ἐϐλασφή-

176 4815 343 4871 μησεν.
373 4823 391 4856 ι
422 4806 534 4860 Καὶ
562 4805 632 4857 δι’
658 4803 774 4868 ἐνὸς
793 4803 849 4856 δὲ
876 4802 1024 4871 λέγει
1051 4801 1159 4854 τῶν
1185 4804 1502 4874 προφητῶν,
1523 4822 1542 4856 ι
1567 4806 1732 4876 Διαῤ-

179 4891 351 4962 ῥήξατε
382 4895 480 4959 τὰς
515 4894 745 4966 καρδίας
767 4893 942 4963 ὑμῶν,
975 4892 1069 4946 καὶ
1103 4892 1178 4963 μὴ
1213 4892 1280 4945 τὰ
1319 4893 1528 4964 ἱμάτια.
1563 4913 1582 4945 ι
1622 4896 1735 4958 Τὰς

178 4983 362 5038 ἑαυτῶν
403 4989 512 5057 γὰρ
543 4987 714 5058 ῷοντο
779 4986 1103 5056 θεραπευειν
1138 4986 1504 5056 παρανομίας,
1556 4989 1606 5040 εἰ
1641 4989 1735 5042 ἐπὶ

177 5079 278 5138 ταῖς
307 5081 442 5134 κατὰ
472 5080 611 5134 Θεοῦ
653 5079 1026 5154 βλασφημίαις
1053 5080 1587 5148 περιρῤηγνύοιντο
1612 5081 1731 5150 τὴν

178 5166 396 5238 ἐσθῆτα.
429 5173 606 5226 Τοῦτο
638 5171 814 5224 δὲκαὶ
845 5171 940 5225 νῦν
977 5171 1169 5244 ἔδρων,
1199 5172 1277 5235 ὡς
1314 5171 1589 5225 δυσσεϐὦν
1641 5191 1734 5227 κε-

179 5266 544 5334 κοινωνηκότες
557 5264 844 5333 ῥημάτων
864 5264 952 5317 διὰ
979 5267 1077 5334 τῆς
1099 5265 1290 5333 ἀκοῆς,
1315 5264 1347 5334 ῆ
1371 5264 1446 5329 ὡς
1472 5265 1541 5317 δι’
1568 5267 1731 5321 αὐτοῦ

183 5348 646 5425 βλασφημουμένου
685 5354 842 5408 Θεοῦ.
874 5354 950 5408 Οὐ
996 5355 1103 5425 γὰρ
1144 5354 1387 5408 ἀνελθεῖν
1437 5358 1452 5394 ¹
1493 5375 1732 5428 συνεχω-

184 5440 306 5515 ρήθη
347 5447 506 5518 μέχρι
534 5446 742 5515 πυλῶν,
783 5447 871 5500 ἵνα
905 5448 1001 5501 καὶ
1029 5445 1253 5500 τοιαῦτα
1284 5446 1733 5519 βλασφημοῦντος

1833 4625 2076 4680 nientem
2105 4625 2158 4679 in
2195 4625 2438 4681 nubibus
2461 4627 2628 4693 eaali;
2669 4648 2688 4681 ι
2746 4630 3095 4685 sacerdotum
3153 4631 3415 4702 princeps

1833 4717 2042 4788 dirupit
2063 4719 2392 4775 vestimenta
2424 4735 2546 4784 sua,
2574 4721 2788 4788 dicens,
2814 4740 2832 4774 ι
2861 4723 3273 4794 Blasphemavit
3292 4726 3356 4780 ¹⁹.
3388 4746 3407 4776 ι

1834 4813 2042 4868 Deinde
2069 4814 2151 4868 sic
2203 4814 2348 4883 apud
2407 4815 2732 4886 prophetam
2790 4818 3081 4888 quemdam
3140 4819 3414 4888 legimus:

1841 4921 1860 4955 ι
1901 4903 2200 4958 Discindite
2227 4903 2395 4959 corda
2427 4915 2610 4961 vestra
2643 4950 2657 4974 ,
2703 4919 2758 4963 et
2791 4924 2905 4963 non
2947 4910 3276 4964 vestimenta
3318 4925 3414 4963 ve-

1833 5001 1947 5050 stra
1986 4993 2066 5047 ¹³.
2113 5012 2131 5044 ι
2189 4993 2267 5048 Ita
2327 4995 2475 5048 enim
2532 4996 2650 5052 suis
2713 5013 2772 5051 se
2810 4997 3035 5068 purgari
3086 4998 3416 5053 criminibus

1831 5085 2263 5152 arbitrabantur,
2291 5087 2360 5154 si,
2391 5089 2577 5143 audita
2612 5090 2667 5144 in
2698 5091 2867 5145 Deum
2892 5091 3261 5162 blasphemia,
3285 5104 3417 5142 suas

1841 5185 2004 5232 uestes
2040 5177 2405 5233 lacerassent:
2462 5181 2609 5249 quod
2643 5190 2697 5237 et
2747 5183 2838 5236 hic
2892 5183 3055 5236 etiam
3113 5180 3413 5244 faciebant,

1840 5277 2099 5338 tanquam
2163 5271 2460 5339 impiorum
2534 5272 2807 5326 verborum
2873 5272 3224 5329 exauditione
3285 5269 3415 5325 facti

1841 5361 2162 5431 participes,
2197 5363 2279 5417 vel
2317 5373 2544 5432 propter
2595 5363 2796 5419 factam
2832 5365 2941 5420 Deo
2997 5363 3412 5419 contumeliam.

1842 5452 2022 5521 Neque
2066 5454 2216 5508 enim
2269 5451 2531 5524 Rapsacze
2586 5456 2654 5509 ad
2705 5465 2894 5526 portas
2934 5470 3111 5525 usque
3153 5452 3414 5525 progredi

246 5597 286 5630 ‘°
305 5597 468 5656 Eccli.
513 5615 631 5668 vni,
663 5601 746 5657 15.
829 5601 868 5631 ¹¹
898 5599 1047 5655 Psal.
1085 5617 1314 5666 xxxvm,
1343 5602 1398 5668 2,
1436 5603 1490 5658 '5.
1572 5606 1614 5635 "
1652 5603 1715 5658 M:

1821 5632 1846 5660 ς.
1884 5621 2036 5674 xum,
2065 5609 2154 5674 64,
2191 5611 2280 5668 65.
2363 5613 2403 5646 ³³
2441 5611 2560 5669 Joel
2600 5627 2663 5678 ιι,
2694 5610 2778 5666 15.

1481 5716 1716 5774 VARUE
1767 5717 2172 5779 LECTIUNES.

248 5803 273 5846 ι
303 5824 388 5877 τρν,
422 5805 497 5869 ὡς
529 5807 619 5861 ἂν.
701 5804 716 5845 1
751 5824 845 5876 γρ.
873 5805 938 5858 ἂν
969 5805 1165 5860 ἐλθεῖν.

482 5903 748 5965 ΡΑΤιιοι..
796 5904 913 5964 Gn.
949 5899 1318 5964 LXXXVII.

2939 5911 3015 5974 73
