3900 6530
532 392 676 459 2315

1867 387 2221 452 PROCOPII
2255 387 2501 452 GAZIEI

3632 395 3743 461 2316

534 509 869 581 permissum
905 516 1071 570 esset,
1094 515 1153 562 ut
1183 505 1665 578 biaspbemantem
1689 506 1970 572 audirent,
1997 505 2104 560 nisi

2225 504 2542 572 ἱκούσωσιν,
2569 504 2621 558 εί
2672 503 2748 576 μὴ
2778 501 2968 558 τούτου
3005 503 3295 573 γεγόνασιν
3356 504 3538 559 αιτιοι.
3569 506 3675 562 Ἔτι
3702 512 3748 564 δὲ

534 602 659 672 ejus
695 601 774 656 rei
809 609 1062 655 auctores
1109 599 1216 670 ipsi
1243 599 1611 655 exstitissent.
1659 597 1860 668 Magno
1913 597 2111 654 deinde

538 695 595 749 in
618 701 766 749 metu
792 692 1182 755 versabantur,
1208 707 1278 746 ne
1305 700 1360 746 et
1385 691 1492 762 ipsi
1519 689 1734 756 eadem,
1759 705 1884 758 qua‘
1913 691 2112 744 Sama-

537 784 644 846 ria,
682 792 902 853 propter
933 781 1266 851 impietatem
1336 795 1496 835 suam
1535 787 1886 846 paterentur.
1943 776 2112 833 Sacco

535 889 670 930 vero
735 872 964 928 indutus
1013 887 1128 937 rex,
1177 871 1417 942 lugentis
1475 869 1671 926 habitu
1726 885 1822 939 per
1869 867 2109 923 medium

535 966 728 1037 templi
753 974 958 1020 ctutum
984 963 1271 1020 incedebat
1295 980 1311 1029 ;
1347 963 1423 1018 ita
1448 979 1510 1019 se
1541 964 1804 1031 depresso
1834 969 1890 1017 et
1913 959 2112 1016 alliicto

539 1058 724 1112 animo
747 1071 890 1120 esse,
934 1055 1140 1125 Deique
1179 1053 1624 1110 misericordiam
1675 1053 1960 1123 postulare
2033 1061 2115 1106 tc-

540 1158 740 1204 smtus.
775 1146 893 1202 Non
933 1146 1281 1201 dissimiliter
1315 1146 1478 1199 etiam
1531 1159 1629 1214 pro
1661 1143 1843 1198 sacris
1870 1142 2113 1198 vestibus

542 1241 768 1295 indutos
797 1238 1141 1302 sacerdotes,
1164 1254 1305 1306 quos
1333 1237 1399 1291 ad
1427 1237 1748 1305 prophetam
1804 1235 1995 1296 mittit,
2029 1233 2113 1289 liis

541 1331 620 1384 uti
653 1330 928 1384 mandatis
965 1330 1244 1398 praacipit:
1279 1327 1408 1382 llwc
1435 1328 1564 1380 dicit
1602 1325 1876 1389 Ezechias,
1913 1341 2111 1380 nomen

539 1424 679 1494 regis
714 1423 1022 1478 subticens.
1055 1419 1226 1475 Vocnt
1259 1420 1459 1474 deinde
1501 1418 1896 1489 redargutiouis
1941 1427 1991 1472 et
2021 1418 2115 1471 ine

541 1515 702 1578 diem,
727 1530 836 1584 quo
859 1515 1025 1568 iratus
1049 1515 1192 1568 Deus
1216 1525 1436 1583 peccata
1462 1529 1650 1566 eorum
1676 1513 1823 1566 ultus
1844 1519 1944 1566 est.
1976 1511 2116 1564 Eva-

542 1607 880 1672 situusvero,
915 1607 1118 1675 inquit,
1155 1606 1501 1674 parturienti,
1536 1621 1712 1674 neque
1755 1614 1935 1658 tamen
1960 1603 2116 1658 dolo-

542 1716 632 1756 res
666 1699 809 1754 ferre
833 1700 1036 1753 valenti
1072 1700 1305 1764 similes,
1356 1699 1452 1768 qui
1481 1699 1670 1753 dicere
1731 1711 2103 1766 nequeamus:

551 1810 570 1844 ι
603 1792 647 1846 Α
678 1792 876 1846 timore
917 1801 1030 1856 tuo,
1055 1793 1304 1856 Domine,
1329 1791 1707 1861 cont-opimus,
1736 1799 1789 1845 et
1815 1790 2114 1854 doluimus,

542 1893 598 1940 et
655 1885 970 1953 peperimus
1049 1883 1306 1952 spiri:um
1377 1884 1574 1939 salutis
1619 1883 1703 1936 ".
1779 1901 1798 1932 ι
1872 1881 2108 1950 Itaque,

543 1975 710 2048 419
755 1975 917 2030 Deum
946 1985 1116 2038 tuum,
1153 1977 1251 2040 ait,
1288 1976 1453 2030 Deum
1515 1985 1766 2031 nostrum
1823 1975 2114 2028 nominare

543 2070 663 2121 ausi
695 2083 802 2120 non
833 2082 1046 2121 sumus.
1079 2066 1185 2122 Sed
1227 2067 1295 2120 ad
1337 2065 1598 2134 Rapsaca:
1654 2065 1806 2122 verba
1847 2065 2112 2128 attendat,

543 2167 599 2213 et
634 2157 778 2228 quod
813 2158 981 2212 sentit
1014 2157 1328 2226 eloquatur,
1370 2158 1463 2227 qui
1487 2159 1555 2212 de
1581 2171 1669 2220 eo,
1711 2172 1739 2209 a
1767 2171 1877 2226 quo
1910 2158 2116 2212 missus

545 2263 652 2316 est,
685 2252 884 2307 docere
912 2251 1251 2318 instituerit,
1276 2253 1359 2308 vel
1390 2253 1568 2308 eidem
1602 2269 1662 2308 se
1695 2254 1950 2307 comitem
1982 2269 2116 2322 pra:-

548 2344 774 2410 buerit;
808 2354 859 2398 te
899 2360 1052 2406 vero,
1081 2345 1369 2415 propheta,
1425 2345 1519 2413 qui
1583 2354 1835 2400 nostrum
1898 2360 2116 2398 omnem

546 2438 810 2508 populum
852 2436 907 2490 in
950 2437 1188 2492 hostium
1219 2437 1335 2508 jam
1391 2445 1721 2507 potestatem
1755 2438 1972 2492 venisse
2009 2453 2118 2492 non

546 2529 787 2600 ignoras,
819 2545 918 2598 pro
957 2530 1138 2596 nobis,
1167 2530 1263 2599 qui
1290 2530 1481 2600 reliqui
1505 2546 1712 2596 sumus,
1746 2546 1903 2582 orare
1935 2528 2116 2597 depreo

545 2639 753 2676 camur.
782 2623 850 2676 At
876 2637 1005 2676 vero
1059 2621 1305 2677 nondum
1364 2623 1665 2692 quidquam
1721 2623 1960 2684 locutos,
1996 2636 2119 2675 cum

548 2716 915 2785 appulissent,
979 2716 1244 2785 propheta
1297 2717 1609 2786 praevertit;
1659 2724 1920 2785 tauquam
1983 2715 2114 2769 Εῑοο

546 2808 728 2862 cbiam
771 2806 916 2863 Deus
937 2810 1253 2864 exaudisset
1278 2825 1292 2861 :
1315 2827 1333 2860 ι
1364 2807 1557 2864 Adhuc
1579 2809 1724 2864 enim
1757 2817 1810 2863 te
1841 2809 2120 2876 loquente,

548 2901 646 2964 ait,
687 2900 866 2955 dicam
893 2920 906 2955 :
951 2901 1092 2958 Ecce
1126 2902 1322 2956 adsum
1349 2901 1430 2969 ¹⁸;
1463 2920 1482 2953 ι
1520 2911 1573 2958 et
1599 2912 1728 2958 ante
1759 2903 1828 2958 de
1864 2901 2120 2971 Rapsace,

547 2991 617 3046 de
657 3008 804 3061 rege,
830 2993 1008 3062 deque
1037 2992 1127 3058 iis,
1163 3008 1287 3063 quae
1315 2992 1695 3062 respondentia
1755 3001 1963 3050 essent.
1989 3008 2116 3063 pro-

2206 597 2301 652 καὶ
2328 595 2578 666 ἠγωνίων
2621 595 2700 666 μὴ
2728 593 2838 665 ἄρα
2872 593 3120 648 πάθωσιν
3147 594 3292 666 ἅπερ
3315 596 3414 648 καὶ
3441 597 3475 667 ἠ
3503 596 3748 667 Σαμάρεια

2206 689 2296 741 διὰ
2346 688 2446 759 τὴν
2493 685 2752 741 ἀσέϐειαν
2803 686 2905 757 τὴν
2952 685 3153 740 αὐτῶν.
3201 687 3446 741 Σὰκκον
3479 687 3534 741 δὲ
3561 690 3750 756 πένθους

2207 778 2346 848 ἔχων
2377 779 2562 849 σχῆμα
2589 777 2679 833 διὰ
2711 779 2885 848 μέσης
2917 780 2951 832 ό
2969 779 3272 846 ,ϐασιλεὺς
3301 776 3502 848 ὲχὼρει
3539 779 3628 849 τῆς
3651 782 3751 850 ἀγο-

2214 871 2313 941 ρᾶς
2345 872 2404 923 ὲν
2435 870 2515 940 τῷ
2541 869 2676 942 ναῷ,
2702 869 2914 934 δεικνὺς
2955 870 3148 923 ἑαυτὸν
3173 871 3436 923 ταπεινὸν
3463 871 3538 939 τῷ
3563 870 3667 941 Θεῷ
3681 878 3754 926 καί

2211 965 2618 1034 κεκακωμένον,
2653 964 2729 1028 ὡς
2764 963 2830 1017 ἂν
2854 963 3008 1017 ἐλέου
3039 965 3222 1034 τυχεῖν
3244 962 3442 1028 ἀξιῶν.
3483 961 3753 1032 Ὃμοίωςδὲ

2212 1058 2376 1112 πάλιν
2397 1057 2618 1126 ἔχοντας
2645 1057 2768 1110 ἀντὶ
2795 1056 2996 1110 στολῶν
3028 1056 3320 1127 ίερατικῶν
3359 1055 3498 1126 πρὸς
3540 1054 3626 1108 τὸν
3649 1073 3756 1126 προ-

2213 1150 2390 1220 φήτην
2418 1150 2546 1212 τοὺς
2614 1149 2795 1220 ἱερέας
2833 1149 3150 1202 ἀπέστειλεν
3171 1148 3554 1218 παραγγείλας
3597 1149 3756 1213 είπείν,

2221 1241 2365 1294 Τάδε
2395 1242 2558 1309 λέγει
2596 1240 2878 1306 Ἐζεκίας,
2931 1242 3004 1312 μὴ
3060 1241 3321 1310 προσθεὶς
3385 1244 3418 1294 ὁ
3472 1242 3755 1307 βασιλεύς.

2227 1331 2516 1400 Ἐλεγμοῦ
2549 1333 2604 1385 δὲ
2655 1334 2750 1386 καὶ
2785 1331 2967 1402 ὀργῆς
3012 1333 3127 1398 τὴν
3181 1333 3420 1402 ἡμέραν
3468 1335 3634 1396 καλεῖ,
3663 1331 3757 1408 ἐνῇ

2214 1423 2346 1487 Θεὸς
2374 1425 2750 1494 ὀργιζόμενος
2788 1425 2888 1490 τὰς
2933 1425 3112 1477 αὐτῶν
3165 1427 3450 1496 ἁμαρτίας
3497 1427 3756 1496 διήλεγξεν.

2228 1517 2518 1587 Ἐοίκαμεν
2538 1518 2615 1581 δὲ,
2646 1520 2831 1591 φησιν,
2857 1519 3156 1585 ἐθελούσῃ
3185 1519 3407 1579 τεκεῖν,
3437 1519 3529 1570 καὶ
3562 1520 3628 1590 μὴ
3656 1537 3762 1589 np.

2215 1607 2449 1677 τερούσῃ
2475 1607 2575 1678 τὴν
2607 1607 2860 1678 βάσανον,
2918 1607 2992 1678 μὴ
3042 1607 3333 1676 δυνάμενοι
3389 1607 3598 1674 λέγειν·
3638 1629 3652 1658 ι
3688 1611 3761 1662 Ἐκ

2217 1699 2310 1752 τοῦ
2344 1700 2509 1768 φόϐου
2546 1717 2662 1763 σου,
2701 1701 2896 1772 Κύριε,
2931 1703 2987 1753 ἐν
3023 1702 3223 1771 γαστρὶ
3243 1699 3537 1769 ἐλάϐομεν,
3561 1702 3642 1753 καί
3665 1702 3763 1753 ὼδι.

2218 1792 2484 1862 νήσαμεν,
2503 1794 2598 1846 καὶ
2622 1793 2882 1863 ὲτέκομεν
2907 1793 3124 1862 πνεῦμα
3153 1794 3456 1864 σωτηρίας.
3495 1813 3512 1844 ι
3535 1795 3617 1846 Διό
3635 1811 3758 1862 φησι,

2219 1887 2326 1937 τὸν
2361 1885 2512 1938 Θεόν
2548 1901 2687 1946 σου⁹
2709 1887 2841 1939 Θεὸν
2873 1887 3081 1939 ἑαυτῶν
3109 1884 3408 1954 ὀνομάζειν
3435 1887 3533 1938 οὐκ
3574 1887 3760 1954 ἐτολμή-

2222 1995 2414 2047 σαμεν.
2443 1979 2567 2041 Τοῖς
2613 1978 2916 2047 Ῥαψάκου
2947 1979 3005 2030 δὲ
3036 1980 3293 2047 προσέχοι
3346 1981 3569 2046 λόγους
3605 1990 3659 2039 ω,
3689 1980 3762 2031 καὶ

2221 2068 2282 2122 τὸ
2313 2069 2506 2123 δοκοῦν
2529 2071 2782 2139 δρασάτω
2814 2081 2840 2108 η
2870 2071 3000 2141 περὶ
3030 2071 3124 2124 τοῦ
3172 2071 3500 2140 πέμψαντος
3551 2072 3760 2136 ἐπεξιὼν,

2223 2162 2255 2232 ἢ
2289 2162 2382 2215 καὶ
2411 2164 2944 2233 παραπεμπόμενοςο
2979 2164 3098 2217 οὐδὲ
3141 2173 3165 2197 υ
3191 2204 3204 2226 ,
3238 2157 3284 2216 ὧ
3328 2166 3600 2234 προφῆτα,
3631 2164 3758 2230 γινὼ-

2225 2271 2370 2307 σκων
2401 2255 2476 2317 ὡς
2506 2255 2568 2308 τὸ
2599 2257 2706 2308 πᾶν
2733 2256 2890 2327 ήμῶν
2923 2256 3124 2326 πλῆθος
3171 2257 3272 2327 ἤδη
3321 2257 3527 2324 ληφθὲν
3563 2256 3656 2308 ὑπὸ
3677 2257 3761 2307 τῶν

2225 2344 2501 2413 πολεμίων
2524 2347 2836 2418 γεγένηται,
2867 2349 3008 2418 ὑπὲρ
3045 2348 3204 2417 ἡμῶν
3228 2347 3353 2401 τῶν
3386 2347 3763 2416 καταλειφθέν-

2223 2454 2342 2490 των
2363 2437 2694 2494 ἱκέτευσον.
2727 2441 2909 2506 Μήπω
2935 2441 2994 2492 δὲ
3024 2440 3191 2510 μηδὲν
3224 2439 3481 2502 εἰπόντας
3528 2441 3555 2492 ὁ
3588 2440 3765 2508 προφή-

2224 2547 2322 2600 της
2343 2529 2595 2594 ἐλθόντας
2617 2531 2983 2601 προέφθασεν,
3003 2531 3078 2595 ὡς
3098 2531 3164 2585 ἂν
3189 2533 3602 2595 είσακούσαντος
3642 2532 3762 2595 Ἐζε-

2228 2621 2346 2674 κίου
2379 2621 2474 2675 τοῦ
2503 2621 2636 2676 Θεοῦ
2682 2623 2824 2678 κατὰ
2867 2625 2948 2689 τὸ,
3004 2644 3022 2676 ι
3055 2625 3175 2678 Ἔτι
3209 2625 3307 2678 σοῦ
3342 2624 3622 2687 λαλοῦντος
3659 2623 3761 2692 ἐρῶ,

2240 2712 2370 2766 Ἰδοὺ
2397 2713 2507 2780 ἐγὼ
2545 2715 2796 2786 πάρειμι,
2828 2734 2845 2767 ι
2897 2717 2993 2770 καὶ
3023 2715 3101 2786 τῷ
3130 2719 3388 2787 προφήτῃ
3430 2715 3765 2786 προαποκαλὺ-

2227 2800 2427 2868 ψαντος
2459 2805 2525 2857 τὰ
2565 2805 2714 2875 παρὰ
2750 2806 3078 2874 Ῥαψάκου.
3114 2807 3209 2858 καὶ
3235 2805 3308 2859 τὰ
3344 2809 3497 2876 παρὰ
3527 2805 3615 2858 τοῦ
3646 2805 3766 2874 βασι-

2227 2892 2384 2958 λέως,
2417 2896 2511 2948 καὶ
2535 2895 2603 2950 τὰ
2638 2897 2903 2966 μέλλοντα
2927 2897 3006 2968 τῷ
3048 2897 3266 2968 Ἐζεκίᾳ
3300 2897 3766 2969 λεχθήσεσθαι.Καί

2227 2985 2289 3038 τὸ
2313 2985 2651 3058 ἀνθρώπινον
2678 2990 2735 3042 ὲν
2761 2991 2901 3062 ἀρχῇ
2938 2990 3111 3054 πάθος
3157 2991 3394 3054 ἀνεῖλεν,
3429 2992 3514 3060 μὴ
3539 2987 3766 3058 φοϐηθῇς

550 3085 766 3151 plietam
802 3086 1126 3140 monuisSet.
1187 3083 1497 3139 Humanam
1529 3086 1697 3141 etiam
1750 3087 2117 3156 perturbatio-

2225 3074 2419 3143 εἰπὼν,
2451 3077 2814 3149 προαγορεύει
2842 3097 2902 3134 τε
2952 3080 3021 3134 τὰ
3068 3079 3334 3151 μέλλοντα
3366 3079 3675 3134 καταλαὸεῑν
3696 3078 3766 3130 τὸν

547 3192 672 3230 nem
699 3177 818 3246 ipso
849 3177 1034 3230 statim
1065 3176 1343 3246 principio
1372 3178 1608 3243 sedavit,
1633 3193 1756 3232 cum
1782 3189 1924 3231 uictu
1951 3177 2117 3230 adem-

2242 3169 2547 3240 Ἀσσύριον.
2591 3171 2677 3235 Ὠς
2710 3172 2814 3241 γὰρ
2840 3173 2896 3226 αί
2935 3172 3131 3225 ἑκατὸν
3171 3173 3510 3245 ὀγδοήκοντα
3536 3173 3678 3224 πέντε
3702 3189 3767 3240 χι·

545 3281 658 3341 pto,
678 3286 798 3338 qua:
825 3269 1055 3340 Assyrio
1075 3268 1475 3339 impenderent,
1499 3268 1773 3338 praedixit.
1793 3268 1930 3323 Cum
1954 3269 2117 3334 enim,

2228 3258 2408 3324 λιάδες
2439 3261 2811 3325 πεπτώκασιν,
2843 3264 2922 3326 εἰς
2944 3262 3043 3333 τὴν
3075 3261 3270 3317 ἑαυτοῦ
3303 3263 3495 3332 φυγὼν
3537 3265 3640 3324 τοῖς
3663 3265 3764 3314 ἐαυ-

547 3364 797 3418 virorum
823 3373 1042 3416 centum
1074 3360 1351 3432 octoginta
1368 3362 1616 3432 quinque
1633 3362 1872 3416 millibus
1885 3362 2117 3424 amissis,

2227 3353 2321 3406 τοῦ
2351 3354 2492 3417 θεοῖς
2521 3355 2796 3425 σωτηρίας
2831 3356 3136 3426 προσέφερε
3166 3358 3520 3428 χαριστήρια.
3551 3352 3765 3421 Ἐγνωῶ

549 3456 608 3510 in
651 3470 811 3510 suum
853 3470 914 3508 se
948 3469 1175 3524 regnum
1209 3453 1340 3524 fuga
1382 3455 1723 3523 recepisset,
1760 3456 1978 3524 diisque
2009 3457 2117 3509 suis

2231 3449 2460 3516 σφαγεὶς
2484 3449 2580 3518 τὴν
2605 3449 2809 3500 τούτων
2840 3450 3150 3511 ἀσθένειαν,
3171 3449 3240 3501 δι’
3266 3443 3344 3501 ὧν
3373 3449 3586 3519 ἐνόμιζε
3613 3449 3694 3500 καί
3713 3446 3766 3496 τὰ

548 3550 760 3618 adepta:
787 3547 983 3602 salutis
1014 3547 1241 3601 nomine
1281 3547 1500 3616 gratias
1547 3555 1752 3617 ageret,
1801 3545 2117 3601 interfectus

2229 3541 2421 3609 πρῶτα
2448 3542 2839 3611 πεποιηκέναι,
2876 3541 2990 3594 ἀλλ’
3030 3545 3090 3595 οὺ
3124 3541 3219 3594 τοῦ
3255 3541 3394 3594 Θεοῦ
3424 3540 3765 3610 συγχωρήσαν-

547 3649 657 3704 est,
696 3656 887 3696 eorum
929 3641 1073 3696 vires
1108 3640 1356 3694 inﬁrmas
1382 3655 1507 3694 esse
1535 3649 1820 3710 expertus,
1873 3656 2109 3709 quorum

2229 3649 2317 3694 τος
2345 3649 2359 3662 ·
2395 3632 2535 3686 κατὰ
2580 3633 2640 3684 τὸ
2667 3632 2854 3702 λεχθὲν
2883 3633 2960 3702 τῷ
3002 3636 3252 3705 προφήτῃ
3274 3649 3288 3662 ⁸
3332 3653 3350 3685 ι
3411 3633 3500 3701 Μὴ
3532 3629 3766 3700 ὑψωθήσε-

551 3742 713 3798 ιιιιῑιι,
774 3748 884 3787 non
949 3731 1290 3788 concedente
1359 3730 1490 3796 Deo,
1555 3732 1738 3801 priora
1796 3748 1855 3787 se
1889 3735 2117 3802 gessisse

2228 3742 2319 3777 ται
2353 3726 2528 3794 πρίων
2559 3725 2686 3778 ἄνευ
2724 3724 2816 3778 τοῦ
2851 3725 3103 3788 ἕλκοντος
3137 3726 3382 3795 αὑτὸν,ἥ
3417 3722 3761 3792 δοξασθήσεται

551 3827 966 3882 arbitrabatur:
1011 3840 1136 3880 cum
1178 3827 1254 3878 ita
1283 3834 1533 3880 moneret
1569 3826 1863 3896 propheta:
1923 3845 1941 3876 ι
1983 3823 2117 3878 Num

2228 3815 2386 3886 ἀξίνη
2435 3817 2562 3870 ἄνευ
2599 3816 2693 3870 τοῦ
2747 3817 3069 3880 κόπτοντοςς
3113 3835 3131 3868 ι
3188 3813 3437 3886 Πνεῦμα
3475 3817 3547 3881 δὲ,
3585 3811 3765 3882 φησὶνὸ

551 3918 836 3972 attolletur
871 3931 1045 3980 serra,
1077 3915 1123 3970 si
1155 3913 1298 3970 desit
1329 3915 1424 3984 qui
1485 3917 1688 3978 trahat,
1750 3924 1844 3969 aut
1891 3916 2117 3984 gloriam

2229 3903 2382 3968 (θεὸς,
2410 3903 2568 3969 αὐτῷ
2595 3905 2851 3974 ἐμϐαλῶ,
2882 3906 2971 3975 ὑφ’
3007 3901 3179 3976 οὗπερ
3201 3908 3502 3976 ἀπατηθεὶς
3525 3903 3760 3971 ἐπανήξει.

554 4015 934 4076 consequetur
991 4005 1231 4068 securis,
1301 4006 1349 4058 si
1401 4003 1549 4058 desit
1609 4005 1702 4074 qui
1762 4003 2117 4058 tundat”?t

2231 3997 2340 4048 Καὶ
2374 3995 2579 4066 ταύτην
2631 3998 2854 4068 πρώτην
2889 4003 3130 4053 ποιεῖται
3187 4000 3523 4072 προφητείαν
3568 3999 3594 4049 ὁ
3639 3995 3764 4060 λόγος

553 4098 816 4168 Spiritum
850 4114 1003 4160 vero,
1035 4096 1214 4167 inquit
1240 4097 1404 4160 Deus,
1428 4099 1481 4150 in
1510 4113 1628 4151 eum
1682 4097 1989 4158 immittam,
2019 4111 2117 4166 quc

2230 4088 2323 4140 ἐπὶ
2349 4087 2448 4156 τῆς
2481 4087 2848 4159 προκειμένης
2875 4090 3140 4160 ἱστορίας.

553 4192 781 4245 delusus
807 4199 1134 4244 reVertetur.
1196 4185 1386 4258 Ibique
1433 4189 1610 4259 prima
1655 4188 1821 4258 hujus
1886 4188 2130 4242 historia:

555 4285 840 4354 prophetia
880 4294 1126 4352 apparet.

624 4375 790 4449 420
825 4374 985 4430 Vens.
1024 4375 1175 4429 8-20.
1210 4374 1276 4427 Et
1305 4389 1544 4428 reversus
1567 4383 1641 4425 est
1663 4371 1944 4441 Rapsaces,
1964 4383 2013 4428 et
2045 4378 2133 4429 de—

551 4468 820 4535 prellendit
875 4485 1043 4538 regem
1098 4469 1439 4537 Assyriorum
1487 4465 1816 4534 pra’liautem
1877 4469 2130 4521 atltersus

553 4557 792 4612 Lobnan.
833 4556 897 4613 Et
938 4557 1138 4610 audivit
1182 4573 1272 4610 rex
1309 4557 1646 4625 Assyriorum
1681 4558 1818 4627 quod
1856 4557 2117 4625 prcfectus

2230 4547 2494 4612 ἤκουσεν
2533 4547 2834 4616 βασιλεὺς
2911 4549 3240 4616 Ἀσσυρίων
3289 4548 3374 4600 ὅτι
3437 4548 3637 4614 ἐξῆλθε
3679 4545 3766 4594 Θει-

553 4661 687 4705 esset
730 4651 792 4704 de
840 4649 1048 4712 ληίοις,
1085 4660 1132 4702 et
1179 4652 1314 4718 quod
1371 4650 1563 4702 exisset
1615 4648 1679 4701 de
1718 4647 1962 4702 Tharuca
2037 4666 2117 4702 rea

2225 4641 2375 4709 ριωιὰ
2422 4641 2720 4704 ,βασιλεὺς
2774 4643 3069 4694 Αἰθιόπων
3145 4641 3541 4708 πολιορκῆσαι
3591 4636 3754 4689 neutr.

2301 4354 2434 4424 η-κ’.
2473 4355 2577 4408 Καὶ
2617 4355 2960 4425 ἀπέστρεψε
3001 4356 3331 4425 Ῥαψάκης,
3387 4356 3482 4410 καὶ
3521 4351 3764 4408 κατέλαϐε

2232 4448 2338 4502 τὸν
2425 4449 2760 4515 Ἀσσι-ρίων
2848 4451 3290 4518 πολιορκοῦντα
3371 4449 3614 4505 Λοῦνὰν.
3680 4443 3760 4497 Καὶ

554 4741 950 4810 Ethiopummt
980 4739 1238 4794 obsideret
1265 4755 1418 4794 eum:
1443 4750 1491 4792 et
1519 4740 1734 4792 audiens
1765 4756 1997 4794 reversus
2031 4750 2127 4794 est.

556 4833 626 4886 Et
653 4833 794 4886 misit
826 4834 1034 4886 mmtios
1054 4835 1118 4884 ad
1143 4831 1448 4890 Ecce/tiam,
1467 4829 1666 4886 dicens:
1692 4832 1782 4885 Sic
1803 4831 1988 4884 dicetis
2003 4831 2134 4884 Eze-

556 4925 687 4978 chia:
709 4925 814 4992 regi
840 4923 1046 4977 Judaa:
1079 4941 1096 4977 :
1138 4922 1258 4977 Non
1298 4933 1343 4976 te
1380 4924 1604 4993 decipiat
1636 4923 1774 4976 Deus
1807 4933 1949 4989 tuus,
1989 4934 2097 4977 etc.

628 5096 708 5152 Re
763 5097 964 5152 infecta
1023 5096 1318 5162 derepente
1362 5096 1539 5150 audax
1593 5097 1804 5150 abierat
1843 5095 2124 5164 Rapsaces,

557 5191 760 5243 mentis
799 5205 828 5240 a
861 5188 973 5243 Duo
1013 5187 1198 5243 factus
1245 5189 1538 5257 impotens,
1586 5204 1709 5240 cum
1748 5205 1841 5241 rex
1877 5189 1993 5257 ipse
2022 5192 2125 5245 As-

559 5280 742 5351 syrius
777 5287 1083 5348 expugnata
1121 5277 1347 5342 Lachis,
1381 5275 1447 5330 ad
1497 5275 1713 5330 Lolman
1745 5276 2122 5350 ludam-.531

557 5369 832 5424 civitatem
873 5372 1152 5438 pervenit;
1202 5382 1366 5438 quam
1405 5366 1533 5420 dum
1589 5378 1934 5437 oppugnaret,
1973 5371 2125 5422 inde-

557 5476 666 5530 que
700 5461 752 5514 in
783 5457 1134 5528 Ait/impium,
1191 5457 1334 5512 sicut
1383 5467 1538 5510 antea
1588 5459 1915 5527 praedixerat
1966 5459 2126 5524 Dens,

631 5620 674 5653 ιδ
715 5617 819 5674 lsa.
849 5633 999 5684 nrt,
1029 5616 1115 5683 Π,
1152 5617 1239 5672 18.
1319 5616 1361 5647 ³⁵
1387 5616 1493 5673 lsa.
1527 5633 1684 5684 cvm,
1713 5617 1768 5673 9.

2234 4734 2332 4785 καὶ
2367 4734 2659 4797 ἀκούσας,
2697 4733 3062 4801 ἀπέστρεψε.
3097 4733 3204 4786 Καὶ
3243 4733 3589 4787 ἀπέστειλεν
3620 4725 3756 4795 ἀκέο

2230 4828 2379 4890 λους
2411 4824 2559 4892 πρὸς
2593 4824 2863 4889 Ἑζεκίαν,
2889 4825 3082 4895 λέγων
3108 4843 3121 4856 ’
3146 4826 3341 4890 Οὕτως
3371 4825 3546 4893 ἐρεῖτε
3577 4819 3753 4881 Ἐζεκίᾳ

2227 4915 2482 4977 ,βασιλεῖ
2510 4913 2619 4980 τῆς
2671 4914 2964 4980 ἰουδαίας
2987 4915 3116 4983 ’Μή
3153 4932 3228 4968 σε
3255 4912 3528 4968 ἀπατάτω
3574 4914 3604 4964 ὁ
3641 4905 3750 4968 Θεός

2235 5023 2371 5068 σου,
2407 5023 2458 5058 κ.
2486 5023 2538 5058 τ.
2574 5006 2626 5059 λ.

2316 5098 2551 5168 Ἀθρόως
2606 5098 2886 5168 ἄπρακτος
2945 5094 2994 5150 ὁ’
3040 5097 3246 5168 Θρασὺς
3299 5097 3463 5168 ἀπῄει
3505 5091 3753 5160 Ῥαψάκης

2231 5189 2428 5252 ἐκστὰς
2459 5191 2563 5242 ὑπὸ
2580 5189 2713 5241 Θεοῦ
2743 5190 2840 5260 τὴν
2871 5190 3131 5243 διάνοιαν.
3157 5189 3215 5242 '0
3245 5189 3300 5243 δὲ
3331 5191 3515 5242 τούτου
3551 5182 3751 5256 βασιλεὺς

2237 5285 2377 5352 μετὰ
2404 5282 2519 5349 τὴν
2549 5282 2787 5349 Λαχεὶς,
2825 5281 2938 5350 τὴν
2978 5283 3175 5336 Λόὸνα
3214 5283 3314 5353 τῆς
3365 5281 3605 5341 Ἰουδαίας
3632 5272 3749 5328 πόλιν

2233 5373 2594 5440 πολιορκῶν,
2652 5373 2910 5425 ἔσπευδεν
2968 5374 3063 5426 ἐπ’
3106 5375 3436 5437 Αἰθιοπίαν,
3489 5371 3616 5425 καθὰ
3651 5362 3752 5421 Θεδς

2237 5467 2516 5533 προεῖπεν,
2557 5463 2657 5518 οὐκ
2691 5465 2910 5533 ἀγαθῶν
2953 5464 3331 5534 ἀγγελθέντων
3385 5463 3542 5535 αὐτῷ,
3591 5457 3747 5528 Titi-09'

1847 5619 1891 5651 ⁸⁸
1917 5619 2021 5674 isa.
2051 5637 2105 5685 κ,
2139 5620 2224 5675 15.

1842 5725 2079 5785 νΑῐῖΙᾹΞ
2120 5725 2531 5784 LECTKONES.

620 5830 669 5891 ,ω
701 5839 793 5892 γρ.
815 5820 1014 5891 λόγοις⁴
1103 5831 1128 5858 ³
1161 5838 1251 5893 π).
1283 5820 1565 5890 φρασάτω.
1647 5828 1778 5890 "rp.
1805 5820 1869 5873 σὺ
1897 5819 1975 5875 δὲ.
