3978 6374
161 360 276 426 2317
527 379 531 384 '
1264 351 1472 412 COMM
1481 351 1572 411 EN
1580 349 1730 411 ΤΛΒ

1831 347 1911 407 1N
1954 347 2234 406 ISAIAM.
2347 317 2360 330 ’
3233 344 3371 408 9.313

162 489 245 528 σαν
272 465 492 523 ἀπειλῶν
507 463 596 518 καὶ
627 460 809 533 πάσης
838 459 1194 532 βλασφημίας
1233 459 1451 529 Ἐζεκίᾳ
1480 459 1702 531 πέμψας
1732 515 1733 519 η

1807 457 2103 527 cogitat-ct;
2147 457 2290 510 malo
2318 453 2385 511 ad
2417 471 2540 510 eum
2594 455 2802 523 perlato
2845 456 3059 513 nuntio.
3098 456 3369 513 minarum

158 559 430 631 ἐπιστολὴν,
479 557 552 620 ὡς
592 555 698 626 ἰδία
744 555 971 625 δυνάμει
1002 556 1183 610 πάντα
1215 552 1352 606 ἐλὼν
1385 552 1696 624 ὑποχείρια,

1803 552 1854 598 et
1879 545 2128 613 cujusvis
2150 543 2499 613 blasphemiae
2525 546 2759 597 relertas
2812 542 2880 596 ad
2913 541 3195 596 Ezechiam
3233 545 3374 597 litte-

158 654 279 712 καθά
301 652 498 722 φθάσας
529 652 557 702 ό
587 649 870 720 προφήτης
910 646 1018 720 πρὸ
1054 646 1164 700 τῶν
1200 645 1378 716 ἔργων
1405 647 1695 715 ἐμήνυσεν,

1802 649 1893 690 ras
1915 634 2094 699 dedit;
2132 644 2393 702 tanquam
2425 636 2517 706 qui
2558 636 2774 705 propria
2807 635 3005 690 virtute
3044 636 3227 689 omnia
3268 636 3371 689 sibi

161 747 318 812 «Οὐαὶ,
354 745 547 814 λέγων,
593 741 927 812 ’Δσσυρίοις,
960 743 993 811 ή
1026 739 1220 811 ράὁδος
1254 737 1349 791 τοῦ
1371 735 1547 808 θυμοῦ
1595 753 1696 806 μου

1801 727 2150 796 subiecisset,
2207 726 2348 780 sicut
2403 735 2489 782 est
2540 744 2570 780 ιι
2611 728 2876 798 pmpheta
2914 727 3370 788 demonstratum,

157 845 236 900 καὶ
261 841 418 913 ὀργῆς
451 840 597 891 ἐστιν
630 837 688 889 ἐν
729 837 854 900 ταῖς
901 836 1093 908 χερσὶν
1125 834 1326 900 αὐτῶν,
1352 853 1371 885 ι
1416 832 1512 886 καὶ
1553 830 1697 901 ἑξῆς.

1804 821 1890 875 his
1918 819 2100 874 verbis
2133 838 2146 874 :
2187 837 2204 870 ι
2261 817 2352 872 Van
2405 819 2671 886 Assyriis,
2706 820 2856 890 virga
2905 821 3110 874 furoris
3151 820 3279 882 mei,
3321 829 3375 874 et

155 909 302 997 Αῡτδξ
346 931 400 985 δὲ
444 930 542 999 οὐχ
588 927 762 992 οὕτως
814 927 1150 999 ἐνεθυμήθη.
1183 925 1295 980 Καὶ
1346 924 1445 986 τὰς
1478 922 1572 976 νῦν
1603 921 1700 976 τοῦ

1804 912 1900 967 ira:
1940 925 2074 966 mea:
2105 911 2157 964 in
2183 909 2440 965 manibus
2473 924 2662 964 corum
2698 911 2774 975 ιτς
2815 930 2834 962 ι
2879 919 2932 966 et
2961 927 3084 981 quae
3127 926 3372 980 sequun-

157 1019 528 1092 Σενναχηρεὶμ
584 1019 816 1083 ἀπειλὰς
870 1019 963 1072 ἐπὶ
1012 1017 1226 1080 τούτοις
1283 1017 1609 1085 ἐπήνεγκεν,
1644 1011 1699 1066 αἳ

1811 1011 1924 1055 tur.
1953 1006 2019 1054 At
2051 1005 2167 1070 ipse
2190 1016 2259 1054 ne
2289 1001 2367 1054 sic
2395 999 2659 1054 intellexit
2700 1000 2942 1069 quidem.
2968 1002 3141 1056 Minas
3172 1001 3370 1055 deinde

157 1090 517 1194 προρῤήθεῖσαι
573 1114 670 1168 νῦν
713 1111 1134 1183 ἐπληρώθησαν.
1180 1109 1239 1162 '0
1291 1109 1349 1162 δέ
1398 1107 1557 1161 πάλιν
1609 1106 1703 1158 ἐπὶ

1803 1108 1943 1162 quas
1975 1092 2276 1157 intuemur,
2310 1093 2362 1146 in
2395 1090 2770 1146 Semina/terim
2808 1093 3081 1161 adjunxit,
3113 1109 3232 1162 qua:
3263 1095 3374 1162 jam

155 1181 244 1265 τόν
265 1205 406 1260 ναὸν
437 1202 765 1272 καταφυγὼν
796 1202 888 1256 τοῦ
932 1200 1089 1265 Θεοῦ,
1120 1199 1394 1252 δείκνυσιν
1425 1195 1573 1266 αὐτῷ
1602 1195 1703 1266 τὴν

1807 1185 1934 1239 inde
1965 1184 2239 1254 praedicta:
2260 1199 2409 1238 nunc
2441 1183 2659 1238 demum
2687 1184 3006 1252 implentur.
3041 1181 3148 1238 Sed
3179 1201 3260 1237 run
3280 1199 3376 1237 sus

157 1299 429 1370 ἐπιστολὴν,
460 1297 558 1368 οὐχ
584 1271 999 1366 ῶςάγνοοῦντι,
1029 1294 1282 1365 μάρτυρα
1311 1290 1366 1343 δὲ
1392 1290 1491 1360 τῆς
1511 1289 1703 1344 τοσαύ-

1806 1275 1870 1328 ad
1909 1275 2004 1329 Dei
2063 1273 2312 1343 templum
2341 1274 2667 1343 confugiens
2720 1271 3005 1337 Ezechias,
3047 1273 3223 1328 eidem
3271 1274 3377 1344 (ερὶ-

157 1413 237 1466 της
281 1363 434 1447 αὐτὸν
478 1363 832 1461 βλασφημίας
892 1363 1238 1457 ποιούμενος,
1285 1385 1380 1438 καὶ
1423 1385 1522 1454 τὴν
1561 1384 1702 1437 κατὰ

1804 1365 2000 1420 stolam
2032 1363 2298 1432 ostendit,
2329 1380 2436 1418 non
2470 1373 2730 1434 tanquam
2763 1363 3018 1433 ignorare
3055 1365 3373 1428 arbitretur;

157 1490 341 1546 πάντων
377 1483 541 1539 αὑτοῦ
576 1481 901 1536 δεσποτείαν
942 1478 1241 1549 ὁμολογῶν,
1274 1479 1367 1530 καὶ
1389 1476 1462 1538 ὡς
1489 1475 1704 1545 ψευδεῖς

1807 1457 1902 1513 sed
1935 1467 1992 1512 ut
2014 1465 2180 1512 tanta:
2212 1456 2566 1527 blasphemia:
2597 1463 2791 1512 testem
2824 1455 3104 1521 adhibeat,
3145 1458 3378 1526 ejusque

156 1583 193 1633 cl
228 1577 491 1648 λεγόμενοι
533 1574 646 1627 τῶν
679 1572 851 1626 ἐθνῶν
880 1547 991 1624 εἷεν
1029 1569 1165 1624 θεοί.
1220 1567 1298 1620 Δι’
1333 1566 1705 1638 ὑπερϐάλλου-

1805 1551 2110 1606 dominium
2145 1549 2202 1604 in
2254 1564 2468 1613 omnes,
2505 1559 2560 1602 et
2611 1547 2780 1602 falsos
2813 1563 2936 1603 esse
2969 1549 3236 1616 gentium,
3283 1548 3375 1617 qui

158 1691 235 1728 σαν
253 1672 302 1725 δὲ
330 1670 387 1724 τὺ
417 1668 636 1739 πρῶτον
663 1665 976 1728 εὐλάϐειαν,
1025 1661 1125 1716 οὐκ
1167 1660 1460 1730 εὐξάμενος
1485 1661 1574 1713 ὅτε
1611 1657 1704 1712 τὸν

1810 1643 2091 1708 dicuntur,
2137 1641 2271 1696 deos
2307 1641 2649 1712 proﬁteatur.
2682 1639 2871 1712 Neque
2902 1655 3034 1694 vero
3068 1639 3234 1694 Deum
3268 1647 3377 1692 sta-

159 1765 328 1817 σάκκον
362 1758 670 1823 ἐνεδύσατο,
702 1756 777 1820 ὼς
813 1756 904 1810 ἐπὶ
955 1752 1090 1807 Θεοῦ
1131 1751 1266 1823 μηδὲ
1300 1750 1475 1822 στόμα
1521 1749 1702 1820 διᾶραι

1808 1737 1904 1790 tim
1953 1734 2098 1807 (quae
2128 1748 2344 1790 summa
2395 1733 2570 1803 ipsius
2599 1733 2700 1788 luit
2734 1733 2788 1788 in
2827 1733 3077 1788 eumdem
3118 1747 3378 1786 reveren-

756 1807 832 1900 se
855 1845 1002 1917 μόνῳ
1030 1843 1109 1916 τῷ
1131 1807 1701 1914 ’προφήτῃιχρησὰμε-

1809 1826 1906 1896 tia)
1976 1834 2140 1896 atque
2177 1839 2340 1879 sacco
2380 1823 2606 1878 indutus
2641 1823 2764 1890 fuit,
2795 1825 3042 1879 oratione
3084 1840 3379 1894 aggressus

160 1917 252 2012 νος,
279 1945 339 1998 δι’
366 1917 530 1997 αὑτοῦ
571 1941 668 1994 νῦν
693 1917 958 2007 ήόιξιωθεὶς
989 1936 1356 2007 ἀποκρίσεως,
1389 1934 1580 2010 θαρρεῖ
1601 1933 1700 2004 τὴν

1807 1927 1927 1986 est;
1983 1920 2080 1975 sed
2127 1935 2192 1974 ne
2232 1935 2296 1974 os
2341 1917 2559 1988 quidem
2610 1926 2742 1971 tunc
2779 1933 2948 1973 ausus
2997 1919 3212 1988 aperire
3247 1933 3378 1988 pro-

156 2035 484 2110 προκειμένην
513 2033 862 2104 ἀναπέμπειν
885 2031 1072 2101 εὐχήν.

1809 2014 1980 2086 pbetae
2032 2021 2242 2068 tantum
2287 2013 2452 2067 unius
2503 2011 2569 2064 ad
2637 2010 2692 2064 id
2743 2011 3011 2082 legatione
3071 2027 3226 2073 usus,
3287 2027 3380 2082 per

1802 2123 1964 2178 quem
2004 2106 2110 2160 hoc
2163 2104 2288 2158 loco
2319 2102 2427 2159 sibi
2479 2117 2809 2172 responsum
2852 2101 3048 2165 fuerat,
3088 2101 3381 2172 praedictas

1805 2213 1996 2270 preces
2024 2198 2222 2252 oll'erre
2250 2205 2499 2251 conatur.

213 2310 395 2379 χιι-λη’.
447 2307 564 2364 Καὶ
641 2305 955 2372 ἀπεστάλη
1007 2303 1245 2370 Ἡσαΐας
1317 2301 1446 2367 υἱὸς
1522 2299 1698 2372 Ἀμὼς

1916 2293 2036 2364 ι22
2089 2288 2256 2344 Vens.
2313 2288 2548 2344 21-58.
2603 2287 2672 2342 Et
2725 2287 2920 2342 missus
2962 2297 3039 2342 est
3087 2285 3265 2342 Isaias
3310 2288 3380 2340 ad
3483 2332 3487 2341 .

158 2377 563 2472 πρόςῈζεκίαν,
591 2399 687 2454 καὶ
714 2395 882 2452 εἶπεν
900 2397 1060 2463 αὐτῷ
1084 2411 1099 2427 °
1137 2395 1280 2450 Τιὶδε
1298 2393 1458 2463 λέγει
1489 2394 1700 2461 Κύριος

1809 2383 2116 2446 Ezechiam,
2149 2393 2197 2437 et
2220 2381 2357 2436 dixit
2375 2381 2424 2435 ei
2453 2397 2472 2434 :
2510 2379 2638 2434 Hac
2662 2377 2803 2432 dixit
2833 2379 3088 2432 Dominus
3115 2378 3256 2432 Deus
3289 2377 3370 2430 Is-

159 2468 334 2561 vest
374 2493 616 2564 Ἰσραήλ
649 2511 662 2524 ⁸
692 2494 966 2547 Ἤκουσα
994 2489 1032 2544 d
1064 2488 1388 2558 προσηύξω
1429 2488 1579 2554 πρός
1601 2502 1702 2555 με,

1807 2478 1918 2533 rae!
1949 2493 1970 2531 :
1997 2476 2189 2530 Audivi
2220 2490 2336 2545 qua:
2359 2483 2600 2542 precatus
2623 2487 2676 2525 es
2708 2487 2789 2524 me
2809 2487 2966 2540 super
3006 2468 3378 2524 Samae/terim

158 2587 265 2655 περὶ
290 2561 688 2655 Σενναχηρεὶμ
723 2582 1029 2649 βασιλέως
1063 2581 1416 2647 Ἀσσυρίων.
1454 2573 1642 2642 Οὗτος
1671 2579 1704 2631 ὁ

1810 2587 1923 2640 rege
1955 2569 2320 2638 Assyriorum.
2353 2564 2456 2619 Hic
2479 2573 2556 2619 est
2580 2579 2771 2628 sermo,
2796 2579 2949 2632 quem
2985 2561 3190 2616 locutus
3217 2572 3291 2615 est
3318 2561 3381 2612 de

156 2653 323 2747 λόγος.
354 2675 423 2730 ὃν
441 2653 719 2743 ἐξιάλησε
749 2672 881 2742 περὶ
910 2671 1098 2727 αὐτοῦ
1131 2675 1162 2726 ό
1182 2670 1342 2734 Θεός.
1382 2666 1704 2737 Ὲφαύλισέ

1808 2665 1898 2718 illo
1949 2661 2114 2720 Deus.
2163 2657 2464 2714 Contemnit
2525 2665 2573 2708 te
2610 2665 2661 2710 et
2700 2654 3017 2718 subsannat,
3071 2655 3216 2726 virgo
3265 2653 3379 2722 ﬁlia

156 2785 231 2833 σε,
257 2769 341 2822 καὶ
371 2769 518 2838 ἐμυκ
531 2766 745 2836 τήρισέ
773 2781 869 2830 σε,
911 2762 1205 2834 παρθένος
1239 2760 1499 2831 θυγάτηρ
1527 2759 1700 2827 Σιών,
1807 2755 1965 2818 Sion,
1997 2760 2107 2808 etc.

226 2878 268 2914 τ.
290 2859 334 2916 λ.
2596 2906 2605 2918 .

213 2955 334 3018 Τοὺς
366 2955 655 3025 προφήτας
675 2953 726 3006 οἱ
759 2949 1054 3013 ἀκούοντες
1071 2944 1371 3017 ἐγνώριζον
1405 2941 1542 2999 εῖναι
1565 2960 1702 3016 προσ-

1876 2946 2041 3020 423
2087 2944 2393 3016 Prophetas
2423 2945 2517 3014 qui
2566 2942 2884 3010 audiebant,
2927 2944 3063 2999 tales
3095 2959 3219 3000 esse
3271 2959 3381 2998 non

165 3046 308 3115 φήτας
351 3047 448 3098 οὐκ
501 3044 615 3098 ἀπὸ
678 3043 786 3096 τῶν
854 3041 1068 3114 χρόνοις
1124 3038 1405 3110 ἐσομένων
1468 3038 1700 3108 μακροῖς

1810 3055 1872 3096 eo
1927 3041 2045 3109 ipso
2106 3040 2504 3108 agnoscebant,
2565 3035 2711 3106 quod
2765 3052 2888 3106 quae
2946 3037 3125 3108 longis
3189 3047 3381 3108 postea

166 3138 381 3206 (ἠγνόουν
412 3135 565 3210 γάρ),
609 3135 728 3189 ἀλλ’
767 3135 874 3188 ἀπὸ
915 3133 1023 3186 τῶν
1052 3133 1262 3202 μικρῶν
1295 3140 1320 3180 P
1352 3128 1578 3199 ὕστερον
1620 3129 1709 3200 βε-
1736 3169 1737 3176 η

1817 3129 2156 3199 temporibus
2212 3127 2396 3182 futura
2444 3136 2623 3192 erant,
2678 3127 3060 3197 ignorantibus
3112 3128 3379 3198 praedice-

166 3228 463 3299 δαιουμένων
513 3228 702 3300 ἔργοις
753 3227 1130 3298 προρρήσεων,
1179 3223 1274 3291 ἀφ’
1322 3215 1396 3274 ὧν
1427 3221 1520 3274 καὶ
1577 3220 1708 3292 περὶ

1813 3229 1965 3277 rent:
1998 3220 2091 3274 sed
2128 3219 2271 3289 quod
2299 3235 2418 3290 quae
2443 3219 2852 3289 praedixissent,
2891 3220 3056 3275 rebus
3079 3221 3242 3291 paulo
3263 3232 3384 3292 post

166 3320 252 3373 τῶν
277 3320 438 3374 ἄλλων
469 3319 779 3373 ἐπίστευον.
813 3319 977 3371 Ὅθεν
1019 3315 1278 3386 προλέγει
1329 3315 1460 3384 περὶ
1505 3313 1642 3366 δνων
1679 3313 1708 3365 ὁ

1811 3312 2265 3382 comprobarent;
2308 3310 2450 3366 unde
2476 3319 2799 3365 ceterorum
2845 3311 3009 3366 etiam
3045 3313 3203 3368 tidem
3237 3313 3382 3368 face-

167 3413 412 3483 Σσμουήλ·
454 3414 549 3466 καὶ
588 3411 767 3476 ἄλλος,
803 3411 932 3481 περὶ
961 3408 1242 3470 νοσοῦντος
1272 3406 1535 3478 βασιλέως
1566 3402 1704 3456 υἱοῦο

1811 3412 1952 3456 rent.
1971 3402 2150 3470 Atque
2183 3401 2311 3455 hinc
2331 3409 2437 3463 est,
2465 3400 2611 3472 quod
2645 3417 2812 3472 super
2837 3403 3008 3457 asinis
3032 3401 3288 3470 Samuel;
3329 3415 3381 3457 ct

166 3501 286 3568 όδέ,
316 3502 573 3570 βασιλέως
627 3499 842 3571 Ἰσραὴλ
893 3496 1258 3570 προαγορεύει
1310 3496 1402 3548 τὸν
1456 3495 1704 3550 θάνατον.

1809 3508 1975 3565 super
2005 3495 2149 3566 regis
2188 3495 2300 3548 lilio
2335 3495 2478 3549 alius
2517 3495 2848 3548 vaticinatur
2915 3495 2997 3563 ¹⁸;
3056 3497 3146 3549 hic
3196 3509 3377 3551 autem

167 3593 426 3666 Συνεχώρει
452 3595 508 3648 δέ
531 3591 694 3648 τοῦτο
715 3594 871 3656 Θεὸς,
909 3592 982 3655 ὡς
1010 3591 1076 3644 ἂν
1110 3589 1185 3661 μὴ
1216 3588 1428 3660 λιχνείᾳ
1462 3585 1710 3658 προγνώ-

1811 3587 2094 3642 lsraelitici
2135 3589 2276 3658 regis
2303 3597 2535 3642 mortem
2569 3587 2818 3658 praedicit
2848 3589 2914 3646 ”.
2957 3591 3073 3644 Hoc
3102 3605 3229 3644 vero
3257 3606 3382 3660 per-

170 3699 280 3747 σεως
302 3722 317 3748 ,
355 3685 437 3740 ἐπ’
463 3681 911 3753 εἱδωλολατρείαν
939 3682 1225 3752 τρέποιντο
1278 3679 1372 3732 καὶ
1400 3677 1709 3748 χρηστήρια

1811 3680 2060 3733 mittebat
2099 3677 2263 3744 Deus,
2315 3695 2381 3734 ne
2435 3681 2744 3734 futurorum
2791 3680 3070 3744 aviditate,
3103 3682 3172 3736 ad
3211 3683 3379 3743 idola.

167 3775 244 3826 καὶ
287 3775 377 3839 τὰς
424 3776 637 3839 πλάνας
679 3774 909 3826 καθόλου
954 3771 1052 3834 τὰς
1106 3770 1394 3841 μαντικὰς.
1426 3767 1588 3820 Ὅθεν
1615 3769 1709 3820 καὶ

1810 3780 1863 3827 et
1902 3772 2150 3837 oracula,
2207 3781 2549 3842 czeterasque
2590 3774 2815 3828 omnino
2853 3773 3097 3838 fraudes,
3147 3791 3269 3845 quae
3299 3777 3381 3831 di-

168 3863 243 3918 νῦν
275 3867 507 3931 Ἐζεκίας
534 3867 712 3920 ἄνεισι
739 3865 839 3935 μὲν
865 3865 958 3918 ἐπὶ
993 3863 1085 3914 τὸν
1126 3860 1284 3914 νεών.
1327 3858 1708 3930 Ἀποκρίνεται

1811 3866 2089 3920 vinatione
2137 3873 2419 3928 constant,
2481 3880 2604 3922 sese
2649 3874 3056 3921 converterent.
3112 3867 3250 3924 llinc
3297 3880 3382 3924 est

168 3953 288 4009 δὲτὸ
330 3957 512 4028 μέλλον
546 3957 703 4019 Θεὸς,
736 3955 823 4009 διὰ
863 3953 958 4007 τοῦ
995 3954 1277 4025 προφήτου
1316 3949 1706 4019 φθεγξάμενος.

1811 3957 2000 4018 etiam,
2041 3955 2185 4025 quod
2237 3973 2364 4010 cum
2418 3957 2474 4010 in
2525 3957 2782 4027 templum
2840 3959 3182 4014 ascendisset
3247 3959 3380 4015 Eze-

167 4047 258 4099 Kal.
284 4051 512 4119 χρησμὸς
531 4048 737 4102 δίδοται
767 4046 1038 4116 δεύτερος,
1081 4043 1217 4096 Θεοῦ
1267 4042 1576 4105 δεικνύντος
1633 4041 1709 4102 ὼς

1812 4049 1988 4111 chias,
2030 4048 2204 4103 eidem
2239 4065 2336 4118 per
2380 4049 2700 4120 prephetam
2736 4051 2800 4103 de
2848 4049 3054 4106 futuris
3085 4053 3381 4121 respondet

170 4137 370 4207 ἀκήκοεν
395 4139 557 4194 αὑτοῦ
596 4138 694 4208 τῆς
726 4137 913 4208 εὐχῆς.
952 4135 1063 4188 Καὶ
1095 4134 1234 4206 πρὸς
1279 4134 1370 4186 τὸν
1422 4131 1710 4204 Ἀσσύριόν

1810 4138 2097 4202 Dominus,
2131 4139 2387 4210 editoque
2411 4141 2634 4193 oraculo
2664 4140 2861 4202 altero,
2907 4156 3096 4209 preces
3130 4141 3250 4211 ejus
3281 4159 3381 4196 au-

170 4244 295 4298 φησι·
327 4229 394 4282 Σὺ
431 4229 530 4301 μὲν
565 4226 1066 4297 κατηλαζονεύσω
1102 4226 1224 4278 κατ’
1282 4223 1442 4295 ἐμοῦ,
1491 4223 1708 4292 καὶτῆς

1810 4231 1953 4286 ditas
2003 4245 2123 4285 esse
2171 4229 2534 4296 demonstrat,
2590 4239 2645 4285 et
2697 4230 2984 4301 Assyrium
3052 4231 3136 4286 his
3195 4234 3379 4286 verbis

171 4317 494 4392 ἀνακειμένης
569 4337 660 4389 μοι
736 4321 969 4384 πόλεως
997 4357 1014 4381 ,
1087 4316 1272 4386 φοϐεῖν
1323 4315 1554 4378 ἐλπίσας
1610 4315 1709 4383 τὴν

1812 4323 2118 4395 alloquitur
2154 4340 2166 4375 :
2208 4323 2402 4393 Magna
2439 4331 2531 4376 tua
2559 4323 2660 4377 fuit
2696 4322 2748 4374 in
2791 4339 2897 4384 me,
2932 4323 3220 4394 urbemque
3246 4326 3377 4379 mihi

170 4411 453 4484 ἀδιάφθορον
503 4413 604 4466 καὶ
653 4410 742 4464 διὰ
771 4409 930 4462 τοῦτο
981 4409 1254 4482 παρθένῳ
1289 4406 1710 4479 παραϐαλλομέ-

1813 4423 2193 4469 consecratam
2235 4411 2502 4482 superbia,
2555 4414 2644 4483 qui
2699 4415 3096 4483 incorruptam,
3149 4415 3382 4486 ideoque

172 4517 248 4569 νην
264 4501 346 4554 τοῦ
373 4503 501 4556 Θεοῦ
521 4503 728 4566 πόλιν,
759 4500 852 4553 καὶ
881 4499 972 4555 τὸν
1002 4501 1060 4552 ἐν
1093 4501 1230 4570 αὐτῇ
1260 4499 1388 4551 λαὸν
1417 4497 1710 4565 θυγατέρα
1739 4485 1743 4536 Ῑ

1812 4507 2003 4576 virgini
2045 4511 2421 4574 comparatam
2454 4503 2545 4556 Dei
2584 4490 2883 4568 civitatein,
2920 4505 3214 4574 ipsumque
3241 4506 3362 4574 ejus

171 4591 298 4645 Σιών
322 4610 376 4646 τε
412 4594 508 4647 καὶ
542 4591 943 4660 Ἰερουσαλὴμ
982 4591 1407 4663 χρηματίζοντα.
1455 4591 1562 4643 Καὶ
1605 4589 1704 4642 αὐ-

1812 4601 1930 4654 dcm
1966 4598 2202 4652 incolam
2237 4597 2498 4667 populum
2533 4597 2646 4666 (qui
2692 4609 2746 4652 et
2780 4597 2896 4666 ﬁlia
2943 4597 3096 4662 Sion,
3129 4607 3180 4652 et
3218 4597 3383 4653 Jeru-

171 4683 243 4745 τὸς
273 4685 324 4738 δὲ
378 4684 694 4757 καθαρεύων
753 4682 1196 4752 εἰδωλολατρείας
1247 4680 1538 4748 παρθένος
1576 4679 1709 4732 ὠνό-

1814 4690 1998 4751 salem,
2043 4697 2097 4742 et
2127 4688 2270 4757 virgo
2315 4686 2478 4740 etiam
2517 4685 2682 4758 424
2725 4687 3062 4747 nominatur,
3105 4703 3226 4744 cum
3261 4693 3385 4744 nul-

176 4791 364 4842 μασται,
421 4779 510 4830 Διὸ
551 4775 758 4846 καὶτῷ
814 4777 927 4842 ἰδίῳ
977 4775 1255 4848 θαρρήσας
1296 4773 1413 4843 Θεῷ
1461 4773 1561 4834 τὰς
1607 4774 1705 4836 σὰς

1810 4781 1915 4836 lam
1975 4780 2138 4834 habet
2196 4780 2521 4833 idololatriae
2573 4777 2786 4849 labem)
2853 4778 3269 4848 perterriturum
3329 4791 3381 4834 te

172 4867 427 4934 ἐγέλασεν
453 4869 703 4932 ἀπειλὰς,
739 4868 862 4921 ἀντὶ
886 4868 941 4920 δὲ
990 4867 1107 4932 τοῦ,
1139 4866 1238 4919 ἐπὶ
1277 4865 1378 4918 σοὶ
1432 4863 1706 4935 κεφαλὴν

1807 4873 2066 4944 sperasti.
2114 4870 2233 4927 Non
2296 4871 2571 4926 immerito
2622 4871 2807 4941 itaque
2852 4870 2962 4925 Deo
3015 4887 3118 4926 suo
3169 4871 3376 4934 innixa,

173 4959 440 5027 ἐκίνησεν,
475 4963 706 5027 ἐξέδωκε
766 4961 1080 5032 Σύμμαχος,
1137 4958 1389 5012 ὄπισθέν
1435 4976 1552 5012 σου
1605 4975 1703 5010 κε-

1813 4967 1990 5021 minas
2037 4977 2160 5019 tuas
2213 4964 2330 5018 risu
2365 4963 2582 5031 excepit.
2620 4959 2820 5016 Verum
2872 4977 2982 5033 quo
3035 4964 3179 5030 loco,
3232 4964 3289 5018 in
3333 4978 3381 5018 te

174 5053 347 5119 φαίην
367 5057 630 5122 ἐκίνησε.
652 5055 743 5125 Μὴ
758 5053 922 5107 δοῦσα
942 5054 1051 5124 γάρ
1081 5070 1161 5105 σοι
1188 5052 1324 5122 πρὸς
1345 5051 1443 5113 τὰς
1471 5051 1706 5121 βλασφτΓ

1811 5065 1969 5128 caput
2023 5057 2204 5119 movit,
2247 5053 2514 5108 habemus
2548 5095 2563 5119 ,
2607 5062 2749 5107 retro
2804 5054 2987 5124 ipsum:
3009 5054 3145 5108 idem
3195 5055 3381 5125 fecisse

178 5143 282 5210 μίας
312 5148 614 5218 ἀπόκρισιν,
661 5148 1066 5220 ἀποστρέψαντε
1103 5163 1286 5218 φησιν,
1336 5145 1432 5198 ἐπὶ
1469 5146 1571 5198 ’σοὶ
1607 5161 1705 5197 κε-

1811 5148 1950 5202 dixit
1982 5144 2364 5218 Symmachus.
2398 5141 2535 5199 Cum
2577 5143 2746 5208 enim,
2775 5143 2872 5205 ait,
2911 5143 2977 5197 ad
3008 5144 3379 5213 blaspltetnins

176 5231 354 5300 κίνηκε
406 5238 698 5307 κεφαλὴν,
745 5237 933 5305 ἔλεγέν
977 5253 1038 5290 τε
1075 5236 1274 5306 μηκέτι
1303 5235 1532 5302 σιγῶσα,
1573 5237 1708 5287 τίνα

1814 5237 1949 5293 nihil
1987 5245 2200 5305 putaret
2247 5232 2687 5304 respondendum
2737 5249 2751 5286 :
2820 5231 2888 5286 In
2939 5243 2985 5287 te
3041 5240 3377 5289 revertentem

174 5320 451 5394 ὠνείδισας
504 5330 600 5382 καὶ
645 5328 1033 5398 πίιρώξυναςς
1071 5328 1187 5383 ἀνθ’
1253 5321 1314 5382 οῦ
1339 5367 1353 5391 ,
1398 5327 1707 5395 ἐϐλασφή-

1815 5337 1973 5398 caput
2001 5328 2198 5389 movit;
2229 5333 2498 5395 ruptoque
2540 5324 2763 5379 silentio
2792 5365 2806 5388 ,
2839 5326 2923 5377 cui
2949 5324 3301 5392 exprobrasti,
3328 5337 3377 5379 et

173 5433 346 5486 μησας
396 5422 659 5486 ἐξέδωκαν
717 5423 766 5476 οἱ
824 5422 999 5476 λοιποί
1034 5437 1049 5452 ·
1104 5419 1166 5474 οὐ
1219 5419 1575 5491 λογισάμενος
1633 5420 1708 5482 ὡς

1814 5435 1964 5487 quem
2003 5416 2280 5472 concitasti
2311 5415 2641 5488 ?quaesivit;
2689 5429 2924 5486 quorum
2957 5418 3096 5481 loco,
3132 5415 3187 5469 in
3225 5432 3376 5486 quem

261 5575 296 5605 "
323 5577 420 5631 lsa.
453 5595 508 5642 χ,
545 5578 596 5633 5.
671 5579 715 5612 ⁸⁸
741 5579 762 5636 1
789 5579 920 5653 Reg.
958 5594 1034 5646 ιιι,
1069 5577 1172 5647 10;
1204 5575 1272 5633 111
1311 5577 1446 5647 Reg.
1475 5591 1586 5638 xw,
1620 5574 1652 5628 5
1689 5588 1832 5642 seqq.

906 5619 920 5634 .
958 5594 1034 5646 ιιι,
1069 5577 1172 5647 10;
1204 5575 1272 5633 111
1311 5577 1446 5647 Reg.
1475 5591 1586 5638 XIV,
1620 5574 1652 5628 5
1689 5588 1845 5642 seqq.
1922 5573 1969 5603 ¹⁹
2001 5571 2102 5628 lsa.
2138 5586 2344 5629 xxxvut
2374 5613 2389 5639 ,
2426 5574 2477 5631 1..

1399 5691 1634 5749 VARUS
1675 5689 2079 5748 LECTlONES.

244 5791 268 5832 ι’
298 5801 378 5854 γρ-
411 5785 604 5858 amati»
