3978 6374
121 425 237 491 2321

1225 427 1367 486 C031
1381 425 1756 487 MENTARII
1799 424 1880 484 IN
1907 425 2104 484 ISAIA
2117 426 2169 484 Μ
2179 471 2193 486 .

3177 427 3318 492 e322

119 558 209 606 γων
235 536 281 588 δὲ
301 533 370 598 ὡς
395 534 431 600 ἡ
460 535 658 602 πικρία
683 550 798 590 σου
825 536 1011 605 ἀνέϐη
1056 541 1203 606 πρός
1243 558 1321 610 με
1345 581 1361 601 ,
1415 541 1448 610 ἢ
1501 542 1642 596 κατὰ

1750 540 1989 606 nomine,
2019 547 2251 593 mortem
2287 537 2442 609 ejus;
2485 556 2579 610 per
2610 539 2886 592 introitum
2919 549 3097 592 autem
3130 552 3183 594 et
3215 548 3329 596 exi-

120 628 390 697 Σύμμαχον,
431 627 466 691 ἠ
491 623 804 686 ἀλαζονεία
832 643 950 682 σου
999 631 1082 695 εις
1113 630 1184 683 τὰ
1231 626 1351 684 ὦτά
1373 649 1514 701 μου,
1545 649 1643 701 ση-

120 721 270 791 μαίνει
290 718 345 770 τὸ
377 717 468 770 νῦν
493 717 650 770 αὑτὸν
685 720 904 786 ὑφέξειν
941 721 1038 790 τὴν
1060 723 1152 776 ἐπὶ
1183 723 1396 788 τούτοις
1429 728 1642 796 ποινήν.

118 813 305 868 Λοιπὸν.
339 811 410 874 ὡς
444 813 570 882 περὶ
616 815 848 884 κτήνους
877 817 1084 886 φησιν·
1119 817 1307 886 Φιμὸν
1343 821 1491 874 κατὰ
1540 820 1648 874 τοῦ

116 905 373 970 στόματός
422 919 537 960 σου
585 908 880 961 τοσοῦτον
919 910 1173 979 ἐμϐαλῶ,
1230 912 1305 976 ὡς
1353 914 1446 966 καὶ
1477 914 1648 983 αὐτὴν

118 997 369 1066 συνέχοντα
395 1014 486 1050 σου
517 1000 612 1068 τὴν
659 1001 934 1073 ἀναπνοὴν
969 1003 1281 1068 ἁποπνίξαι.
1333 1005 1391 1058 Ὀ
1417 1007 1472 1058 δὲ
1505 1008 1649 1078 Σύμ-

115 1107 274 1160 μαχος,
304 1091 493 1155 Δώσω,
527 1091 684 1162 φησὶ,
719 1093 932 1160 κρίκον
967 1098 1053 1162 είς
1080 1096 1187 1149 τὸν
1205 1097 1482 1166 μυκτῆρά
1508 1117 1646 1167 σου,

113 1183 191 1233 ναὶ
226 1183 464 1248 χαλινὸν
488 1186 576 1247 είς
597 1187 668 1238 τὰ
695 1187 867 1254 χείλη
895 1201 1034 1252 σου,
1076 1189 1151 1252 ὡς
1172 1189 1239 1243 ἂν
1271 1191 1346 1262 μὴ
1370 1191 1481 1260 ἔχοι
1511 1194 1650 1261 πρὸς

114 1276 190 1326 ὅτι
215 1273 342 1326 Θέλοι
371 1279 587 1344 χωρεῖν,
620 1277 829 1331 ἕλκοιτο
858 1279 914 1332 δὲ
938 1281 1017 1343 είς
1039 1281 1281 1335 τούπίσω
1313 1284 1449 1354 πρὸς
1475 1286 1652 1338 Βαϐυ-

111 1363 227 1415 λῶνα
252 1363 471 1432 βαδίζων
502 1365 596 1418 καὶ
620 1366 693 1436 μὴ
727 1366 1070 1438 βουλόμενος,
1101 1370 1134 1442 ἢ
1168 1373 1262 1426 καὶ
1291 1373 1465 1438 ἄλλως
1493 1377 1651 1428 ἀπει-

113 1456 176 1505 λεί
196 1454 426 1524 καθάπερ
454 1457 682 1524 χαλινῷ
713 1461 829 1522 ταῖς
878 1461 1112 1531 πληγαῖς
1155 1465 1252 1533 τῆς
1303 1465 1651 1538 βλασφημίας

112 1543 351 1613 ὰπείρξειν
401 1545 584 1599 αὐτόν.
642 1548 827 1602 Ταῦτα
889 1552 989 1619 μὲν
1040 1549 1133 1606 οὖν
1193 1556 1453 1626 εἰρήσθω,
1493 1560 1648 1629 φησὶ,

115 1637 221 1704 πρὸς
244 1636 444 1689 ἐκεῖνον
476 1641 571 1692 καὶ
622 1641 696 1711 μὴ
737 1644 978 1713 παρόντα
1026 1646 1103 1716 τῷ
1131 1647 1366 1715 σώματι.
1401 1651 1545 1719 Πρὸς
1591 1653 1651 1706 σὲ

111 1727 295 1798 δὲλέγω
323 1728 410 1781 τὸν
455 1730 726 1794 Ἐζεκίαν.
779 1736 872 1798 Εἰς
905 1739 953 1790 οἱ
987 1738 1068 1791 δεῖ
1093 1749 1114 1776 ³
1168 1739 1395 1810 σημείου
1433 1743 1541 1797 τῶν
1569 1746 1650 1797 εί-

114 1821 326 1890 ρημένων
364 1824 500 1893 πρὸς
549 1828 753 1888 πίστιν,
804 1829 912 1882 ῖσθι
961 1831 1068 1884 τὸν
1115 1835 1383 1900 παρόντα
1434 1835 1649 1890 τοῦτον

1751 642 1883 696 tum,
1921 646 2041 686 eam
2076 633 2196 698 viae,
2231 647 2352 701 qua-
2384 633 2636 700 gerendis
2678 632 2840 685 rebus
2885 633 3142 687 omuilms
3173 635 3330 688 adhi-

1749 722 1930 788 betur,
1967 723 2236 776 rationem
2268 730 2459 793 putant
2497 722 2797 792 designari.
2839 722 2994 789 Quod
3030 732 3209 778 autem
3239 740 3328 779 se-

1749 818 1957 886 quitur,
2019 816 2379 868 amarulentia
2431 825 2522 868 tua
2573 816 2641 868 ad
2709 831 2825 880 me;
2878 819 2964 870 vel
3021 817 3327 872 Secundum

1751 906 2062 978 Symmachi
2096 907 2626 976 interpretationem.
2657 908 2966 976 arrogantia
3003 917 3094 960 tua
3125 907 3194 960 ad
3230 924 3329 960 au-

1750 1017 1830 1054 res
1857 1015 1998 1052 meas
2023 999 2296 1063 ascendit;
2321 999 2431 1068 jam
2480 1014 2627 1052 nime
2677 999 2907 1052 istorum
2957 1001 3178 1054 nomine
3213 1013 3330 1069 p03-

1748 1108 1848 1148 nas
1877 1108 2000 1146 cum
2028 1091 2414 1146 essedaturum
2437 1092 2731 1160 signiticet.
2754 1091 3042 1160 Deinceps.
3064 1099 3327 1162 tanquam

1749 1184 1815 1238 de
1854 1183 2105 1252 jumento
2137 1183 2416 1252 loquatur,
2457 1190 2692 1249 tantum,
2740 1183 2939 1254 inquit,
2967 1181 3064 1237 Ori
3101 1193 3188 1236 tuo
3224 1183 3331 1237 sive

1747 1275 1954 1344 [renum
2005 1275 2113 1329 sire
2170 1274 2429 1328 circulum
2483 1291 2747 1344 apponam
2779 1316 2795 1333 .
2851 1287 2909 1328 ut
2966 1276 3330 1344 respiratione

1749 1368 2028 1431 cohibita,
2067 1366 2327 1422 sull'ocari
2375 1365 2576 1420 valeas.
2629 1365 2700 1418 At
2728 1363 3112 1434 Symmachus,
3154 1363 3326 1428 Dabo,

1749 1458 1915 1530 426
1941 1459 2140 1528 inquit,
2167 1459 2221 1510 in
2265 1473 2422 1510 nares
2458 1466 2578 1510 tuas
2613 1458 2898 1518 annulum,
2945 1466 2990 1508 et
3037 1455 3244 1524 {renum
3274 1457 3330 1509 in

1753 1552 1896 1603 labia
1927 1559 2039 1614 tua,
2084 1565 2172 1611 ne,
2208 1564 2317 1618 quo
2367 1549 2503 1602 velis
2535 1549 2735 1612 abeas,
2770 1551 2866 1602 sed
2902 1548 3110 1602 invitus
3152 1546 3331 1616 Baby-

1750 1642 1928 1695 lonem
1962 1641 2284 1696 retraharis.
2336 1639 2657 1708 Quanquam
2715 1641 2852 1730 alias
2901 1640 3090 1703 etiam,
3133 1639 3327 1709 plagis,

1753 1739 2014 1799 tanquam
2057 1731 2228 1798 freno,
2265 1745 2294 1782 a
2326 1730 2684 1798 blasphemiis
2705 1747 2828 1784 eum
2854 1745 2914 1784 se
2945 1738 3328 1784 revocaturum

1753 1822 1999 1876 minitari
2033 1821 2304 1876 videatur.
2339 1823 2518 1890 Atque
2559 1824 2670 1875 haec
2714 1822 2960 1889 quidem,
3017 1821 3213 1890 inquit,
3261 1823 3327 1874 ad

111 1914 344 1966 ἐνιαυτὸν
379 1914 503 1981 τοῖς
532 1920 881 1987 αὐτομάτως
907 1923 1232 1992 φυομένοις
1269 1926 1338 1980 ἐκ
1376 1927 1490 1997 γῆς
1513 1945 1648 1995 τρα-

1752 1928 1901 1977 cum,
1939 1915 2066 1968 licet
2119 1914 2400 1968 absentem
2454 1928 2702 1980 corpore,
2739 1913 2886 1966 dicta
2939 1912 3070 1967 sint.
3144 1913 3226 1966 Ad
3277 1919 3331 1964 te

113 2007 431 2072 gchpsrcc.
493 2009 816 2082 Γεωργῆσαι
871 2016 980 2085 γὰρ
1033 2017 1121 2069 διὰ
1171 2018 1297 2082 τοὺς
1355 2020 1649 2091 πολεμίους

112 2096 394 2151 κεκώλυσαι.
431 2099 583 2173 ξΑντὶ
627 2104 736 2172 γὰρ
776 2105 868 2157 τοῦ
903 2107 919 2142 ί
965 2106 1297 2178 ἕσπαρκας,
1344 2115 1649 2182 αὐτόματα

112 2190 274 2252 πάντες
317 2189 586 2254 ἐξέδωκαν
621 2196 672 2246 οἱ
711 2197 904 2254 λοιποί.
945 2200 1070 2264 Τοῖς
1107 2203 1164 2256 δὲ
1192 2204 1398 2258 τούτων
1423 2208 1648 2261 ὑπολοί-

111 2297 208 2342 ποις
248 2281 517 2335 ἐνιαυτὸν
575 2287 833 2358 τραφήσῃ
879 2289 986 2342 τὸν
1038 2293 1339 2363 δεύτερον.
1392 2299 1538 2353 ’Λντὶ
1590 2301 1647 2354 δὲ

111 2370 180 2422 τοῦ
210 2371 264 2423 τὸ
323 2374 714 2444 κατάλειμμα.
757 2379 989 2444 Ἀκύλας
1056 2384 1154 2452 μὲν
1205 2387 1300 2439 καὶ
1355 2389 1646 2448 Θεοδοτίων

110 2462 356 2532 αὐτοφυῆ,
408 2467 437 2518 ὁ
491 2465 552 2520 δὲ
609 2467 909 2542 Σύμμαχος
959 2473 1081 2528 ἀπὸ
1137 2476 1402 2548 δένδρων
1453 2483 1648 2550 egeam.

111 2570 205 2607 καν.

161 2822 256 2918 Δύο
280 2825 459 2880 ταῦτα
490 2832 994 2904 στενοχωρηθέντες
1035 2835 1162 2905 ἔτη,
1190 2838 1278 2894 διὰ
1327 2841 1390 2896 τὸ
1415 2844 1512 2916 τὴν
1541 2847 1645 2918 χὼ-

115 2930 187 2981 ραν
215 2916 461 2987 ὑπάρχειν
489 2921 682 2992 ἀργὸν,
709 2925 850 2978 κατὰ
886 2927 948 2979 τὸ
996 2929 1198 2996 τρίτον
1241 2933 1395 2999 ἔτος,
1443 2916 1645 3001 sagit»;

114 3005 189 3070 γῆς
206 3007 516 3075 ἀπολαύσεις
547 3015 912 3084 καρπώσεσθε
937 3023 1056 3073 κατ’
1086 3024 1308 3095 είρήνην
1345 3027 1641 3096 διάγοντες,

113 3097 146 3146 oi
170 3099 216 3148 ἐν
255 3100 465 3172 Ἰουδαία
517 3108 664 3174 μετά
711 3107 808 3178 τὴν
844 3109 1046 3164 ἅλωσιν
1071 3113 1387 3186 Σαμαρείας
1429 3121 1643 3176 ὑπόλοι-

115 3203 194 3290 τοι,
212 3189 366 3255 ῥίζαν
410 3197 467 3296 ἐγ
511 3197 666 3296 φυγῇ
717 3199 1020 3296 Θεοσεὸείας
1071 3203 1378 3274 βαλόμενοι,
1425 3215 1644 3284 καὶτῆς
1673 3239 1715 3296 C

115 3279 220 3348 έμῆς
253 3287 516 3355 γεωργίας
581 3289 696 3342 ἄνω
746 3289 1014 3360 βλέποντα
1069 3297 1280 3367 καρπὸν
1314 3279 1643 3367 ἀποδώσετέ
1674 3279 1716 3297 υ

113 3369 178 3422 διὰ
215 3371 355 3427 τοῦτο
402 3377 726 3450 σωζόμενοι.
763 3383 917 3448 Τινὲς
945 3385 1023 3448 δὲ,
1061 3389 1134 3442 Τὰ
1153 3387 1283 3456 δύο,
1309 3395 1508 3461 φασιν,
1539 3396 1643 3464 ἐτη

114 3467 440 3560 τραφήσεσθε
469 3472 539 3525 ἐκ
575 3470 693 3526 τῶν
724 3473 1154 3542 ἀποτεθέντων,
1184 3482 1260 3545 ὡς
1281 3486 1339 3538 ἐν
1359 3485 1646 3560 πολιορκίᾳ

115 3559 317 3626 καρπῶν,
357 3563 498 3634 ἅπερ
529 3566 728 3635 ἔτυχον
758 3569 1101 3639 σπείραντες.
1136 3575 1250 3628 Δύο
1273 3577 1382 3648 γὰρ
1431 3559 1649 3650 ἐπιμειξ-

113 3666 262 3744 ντντες
291 3663 315 3692 υ
344 3655 445 3726 ἐτη
481 3663 549 3730 τῇ
594 3660 896 3734 Σαμαρείᾳ,
926 3663 1007 3729 τῷ
1044 3666 1218 3734 τρίτῳ
1253 3671 1525 3744 πεσούσης
1553 3675 1650 3727 αύ-

192 3746 276 3815 τῆς
299 3753 550 3820 στρατιᾶς
577 3752 824 3823 θεηλάτῳ
844 3755 1048 3828 πληγῇ,
1075 3761 1250 3826 φυγὰς
1270 3743 1646 3836 ὑπεχώρησεν.

116 3833 232 3890 ne
271 3841 361 3909 τῆς
391 3843 666 3914 εὐθυμίας
716 3845 935 3916 βέϐαιον
965 3849 1041 3912 ὼς
1075 3851 1168 3902 ἐπὶ
1220 3853 1404 3920 φυτῶν
1451 3833 1651 3928 ἦρξα

114 3928 242 3998 δηλοῖ,
272 3934 327 3986 τὸ
349 3935 404 3990 δὲ
431 3936 792 4008 πολυχρόνιον
824 3939 886 3993 τὸ
927 3942 1022 3994 καὶ
1055 3943 1167 3996 ἄνω
1199 3945 1420 4018 σπέρμα
1453 3954 1646 4006 ποιεῖν.

115 4023 342 4090 Ζηλῶοάι
364 4029 419 4082 δέ
450 4047 592 4102 φησι
631 4032 846 4099 Κύριος
881 4041 911 4072 ν
945 4033 1062 4103 ἅμα
1109 4035 1228 4105 μὲν,
1257 4036 1332 4101 ὡς
1372 4039 1511 4111 ὑπὲρ
1554 4043 1653 4096 πό-

115 4112 217 4179 λεως
243 4118 368 4182 ἰδίας
393 4137 406 4150 ·
433 4121 552 4190 ἅμα
586 4121 665 4185 δὲ,
701 4122 796 4176 καὶ
819 4122 907 4176 διὰ
929 4124 1029 4186 τὰς
1054 4127 1176 4177 κατ’
1205 4127 1370 4181 αὑτοῦ
1403 4129 1649 4204 βλασφη-

117 4205 230 4272 μίας.
252 4209 406 4265 Σώσω
434 4212 512 4272 δὲ.
545 4214 734 4282 φησιν,
769 4215 934 4283 ὑμᾶς,
967 4215 1056 4269 διὰ
1086 4215 1148 4268 τὸ
1170 4218 1380 4288 πρέπον
1407 4222 1550 4291 ἐμοί.
1583 4223 1648 4277 Ei

113 4294 156 4347 δὲ
199 4302 287 4371 χρὴ
325 4303 418 4356 καὶ
465 4305 644 4374 ἄνδρα
697 4307 950 4376 τιμῆσαι,
1007 4307 1102 4360 καὶ
1151 4307 1226 4371 ὡς
1258 4310 1395 4380 πρὸς
1426 4313 1496 4366 τὰ
1523 4316 1590 4385 τῇ
1623 4323 1649 4351 κ

113 4388 257 4445 δοῦναι
296 4396 390 4469 τὴν
438 4398 722 4468 σωτηρίαν
767 4399 868 4469 τῆς
906 4401 1131 4466 πόλεως,
1177 4401 1276 4456 διὰ
1328 4404 1507 4458 Δαὸὶδ
1542 4407 1651 4461 τὸν

112 4482 226 4548 ἐμὸν
248 4487 461 4543 δοῦλον
512 4491 693 4561 (οὕτω
741 4491 848 4562 γὰρ
878 4492 1146 4557 ἐξέδωκαν
1197 4493 1246 4545 οἱ
1296 4493 1513 4566 λοιποὶ)
1549 4497 1651 4567 τῆς

1746 2007 1858 2077 jam
1892 2005 2180 2061 Ezechiam
2216 2022 2333 2060 mea
2371 2016 2728 2061 convertatur
2770 2007 2967 2060 oratio.
3009 2007 3066 2060 Si
3092 2022 3202 2077 quo
3231 2005 3330 2060 tibi

1751 2097 1912 2167 signo
1947 2097 2012 2150 ad
2043 2111 2235 2150 eorum
2269 2097 2449 2162 fidem,
2482 2112 2604 2167 qua:
2649 2097 2796 2151 dicta
2846 2106 2996 2159 sunt,
3028 2113 3170 2169 opus
3201 2110 3286 2153 est
3313 2117 3326 2151 :

1750 2188 1889 2241 scito
1923 2195 1977 2241 te
2023 2203 2162 2240 anno
2207 2187 2310 2240 isto
2340 2187 2490 2241 rebus
2534 2203 2652 2258 qua:
2687 2197 2872 2256 sponte
2915 2198 3208 2242 nascuntur
3249 2190 3330 2243 oi-

1749 2288 1959 2332 cturum
1981 2320 1995 2344 ,
2025 2280 2118 2348 qui
2156 2288 2356 2333 terram
2387 2279 2570 2333 colere
2600 2290 2820 2348 propter
2851 2279 3038 2334 hostes
3063 2296 3170 2333 non
3203 2295 3330 2350 pos-

1749 2373 1844 2425 sis.
1884 2371 2020 2426 Nam
2074 2387 2195 2441 pro,
2240 2387 2363 2441 quae
2429 2373 2740 2435 seminasti,
2795 2372 2886 2425 alii
2944 2387 3159 2438 omnes,
3209 2388 3333 2442 quae

1748 2472 1934 2530 sponte
1987 2471 2304 2528 nascuntur,
2367 2461 2818 2530 interpretantur.
2870 2458 3107 2516 Istorum
3157 2473 3333 2516 autem

1748 2558 1989 2628 reliquiis
2023 2574 2162 2611 anno
2202 2557 2430 2611 secundo
2460 2557 2752 2612 nutrieris.
2787 2557 2892 2611 Sed
2929 2574 3026 2628 pro
3062 2558 3328 2628 reliquiis.

1747 2653 1944 2720 Aquila
1993 2651 2213 2720 quidem
2261 2659 2318 2705 et
2368 2649 2676 2704 Theodotio
2724 2659 2909 2718 sponte
2949 2652 3112 2715 natis,
3170 2651 3332 2721 Sym-

1750 2745 1976 2800 machus
1999 2753 2183 2797 autem
2221 2743 2286 2796 ab
2325 2742 2604 2796 arboribus
2636 2754 3041 2814 expresserunt.

1833 2838 1932 2893 Vos
1995 2837 2203 2891 biennio
2265 2837 2370 2890 isto
2423 2837 2678 2891 toleratis
2729 2844 2952 2906 propter
3007 2835 3326 2905 impeditum

1747 2947 1906 2992 terra:
1939 2935 2169 2996 cultum.
2205 2935 2432 3005 agrique
2467 2933 2830 2987 cessationem
2880 2933 3183 3001 angusuiis,
3227 2940 3334 2986 ter-

1750 3032 1820 3084 tio
1857 3029 2077 3082 demum
2125 3025 2422 3096 tranquille
2471 3024 2730 3093 degentes
2762 3023 2976 3078 fructus
3029 3032 3190 3076 terra:
3226 3022 3328 3092 ipsi

1749 3119 2086 3192 percipietis,
2124 3117 2218 3186 qui
2258 3126 2380 3186 post
2409 3115 2680 3169 devictam
2723 3113 3027 3167 Samariam
3063 3113 3116 3166 in
3141 3111 3325 3168 Judzea

1749 3210 2072 3283 superstites
2107 3209 2289 3262 adhuc
2325 3207 2544 3277 pietatis
2585 3205 2789 3259 radices
2813 3205 2866 3258 in
2899 3215 3081 3259 mente
3109 3205 3328 3275 egistis;

1748 3312 1802 3360 et
1833 3303 2182 3373 agricultura:
2220 3313 2354 3352 mete
2405 3312 2625 3353 sursum
2673 3303 3009 3366 spectantem
3063 3296 3326 3359 fructum,

1747 3397 1838 3466 qui
1875 3397 1930 3450 in
1969 3409 2092 3448 eum
2145 3393 2305 3446 ﬁnem
2361 3392 2563 3446 servati
2611 3389 2770 3451 estis,
2823 3387 3015 3441 edetis.
3068 3385 3328 3441 Nonnulli

1748 3504 1876 3542 vero
1905 3502 2070 3540 annos
2098 3483 2230 3537 duos
2261 3483 2547 3536 reconditis
2573 3521 2587 3546 ,
2623 3489 2886 3550 tanquam
2919 3478 2989 3533 de
3039 3480 3329 3534 seminatis

1748 3589 1875 3636 ante
1907 3577 2206 3640 fructibus,
2244 3575 2553 3630 obsidionis
2585 3582 2830 3643 tempore
2855 3573 3087 3627 victuros
3113 3573 3327 3626 dicunt.

1751 3670 1976 3724 Biennio
2009 3669 2154 3723 cnim
2197 3668 2250 3721 in
2301 3665 2548 3720 Samaria
2599 3664 2948 3725 immoratus.
2995 3664 3149 3718 tertio
3203 3671 3330 3716 tan-

1750 3759 1896 3823 dem,
1929 3759 2082 3828 plaga
2113 3757 2380 3810 divinitus
2423 3760 2668 3824 accepta,
2701 3752 2883 3822 fugam
2932 3753 3185 3822 arripuit.
3230 3749 3330 3806 Se-

1749 3852 2000 3907 curitatis
2045 3849 2244 3906 deinde
2294 3847 2550 3913 ﬁrmitas,
2601 3853 2866 3914 tauquam
2935 3846 2990 3898 in
3035 3842 3330 3898 arboribus

1748 3961 1814 4000 ex
1854 3941 2063 4007 radice,
2108 3940 2447 3996 diuturnitas
2487 3947 2667 3992 autem
2702 3951 2770 3990 ex
2815 3935 3022 3998 fructu,
3074 3937 3168 4006 qui
3202 3951 3328 3991 sur-

1751 4053 1872 4094 sum
1903 4037 2106 4102 editur,
2156 4033 2496 4104 agnoscitur.
2541 4029 2761 4084 Zelasse
2805 4045 2970 4100 porro
3018 4027 3326 4092 Dominum,

1749 4132 1837 4186 vel
1875 4138 2136 4199 tanquam
2165 4127 2401 4197 propriae
2428 4123 2669 4178 civitatis
2701 4123 2956 4188 nomine,
2992 4124 3071 4176 vel
3109 4131 3332 4192 pr0pter

1750 4225 1930 4279 illatas
1964 4224 2020 4278 in
2049 4237 2109 4277 se
2138 4218 2506 4290 blasphemias
2537 4216 2832 4284 signiﬁcat.
2870 4214 3077 4268 Deinde
3102 4229 3200 4282 pro
3231 4213 3326 4269 de-

1750 4319 1865 4375 cori
1905 4318 1988 4374 sui
2039 4317 2275 4379 ratione,
2327 4323 2646 4386 erepturum
2686 4326 2746 4366 se
2791 4325 2887 4365 eos
2927 4309 3135 4378 adjicit.
3169 4307 3328 4374 Quod

1753 4412 1824 4474 si,
1851 4410 1949 4475 ait,
1981 4419 2037 4463 et
2075 4409 2254 4461 virum
2284 4407 2447 4461 etiam
2482 4420 2580 4474 par
2609 4411 2695 4458 est
2727 4406 2934 4457 honore
2963 4399 3198 4463 allicere,
3229 4413 3326 4470 pa-

1753 4516 2023 4571 tronoque
2063 4499 2237 4562 urbis,
2288 4499 2520 4554 salutem
2569 4495 2744 4565 ipsius
2797 4492 3139 4557 concedere;
3195 4506 3324 4559 pro-

115 4575 279 4666 πόλεως
329 4583 576 4654 οἰκιστὴν
621 4583 715 4636 καὶ
772 4583 996 4654 βασιλέα
1046 4585 1265 4656 πρῶτον
1309 4589 1599 4658 γενόμενον
1627 4608 1641 4622 ο

1750 4604 1863 4666 pter
1902 4590 2078 4645 David
2104 4605 2310 4643 servum
2341 4603 2513 4640 meum
2555 4586 2654 4655 (ita
2699 4583 2846 4638 enim
2886 4581 3077 4651 reliqui
3137 4595 3330 4639 omnes

113 4665 168 4728 ὡς
191 4669 247 4720 ἂν
270 4674 436 4738 γνοῖεν
469 4675 676 4737 πάντες
707 4675 831 4727 ὅσον
883 4677 916 4746 ἡ
966 4675 1250 4731 θεοσέϐεια
1273 4678 1516 4746 δύναται,
1549 4683 1644 4735 καὶ

114 4760 196 4824 τοῖς
240 4765 366 4831 μετὰ
415 4768 611 4838 χρόνον
675 4768 915 4834 ἀναξίοις
960 4771 1232 4842 σωτηρίαν
1280 4771 1638 4845 χαριζομένη.

113 4851 207 4916 Τοῖς
229 4857 278 4910 δὲ
303 4857 474 4927 λόγοις
506 4860 792 4932 ἠκολούθει
817 4865 886 4914 τὰ
913 4861 1068 4933 ἔργα,
1114 4867 1386 4917 τοσούτων
1426 4866 1642 4920 ἀπολω-

113 4939 264 5009 λάτων,
290 4946 364 5012 οἷς
387 4953 414 5004 ὀ
434 4951 644 5004 τούτων
672 4951 733 5005 ού
766 4952 1112 5006 συναπώλετο
1145 4953 1417 5022 βασιλεὺς,
1467 4955 1543 5019 ὼς
1573 4955 1641 5010 ἂν

115 5034 209 5088 ἰδὼν
234 5039 289 5092 τὸ
313 5043 573 5113 πραχθὲν,
605 5043 704 5115 τὴν
749 5043 908 5098 ἄθεον
935 5045 1100 5098 αὑτοῦ
1135 5045 1385 5113 γλῶσσαν
1418 5049 1640 5102 ἐπιστο-

114 5126 275 5192 μίσειν,
319 5135 409 5187 καὶ
468 5137 732 5205 μειζόνως
780 5137 1061 5202 κολάζοιτο
1099 5142 1209 5192 τῶν
1258 5139 1514 5208 ὑπηκόων
1569 5143 1635 5213 τῇ

112 5228 341 5296 συμφορᾷ,
371 5228 625 5299 καθάπερ
651 5229 744 5282 καὶ
766 5229 984 5299 Φαραώ.
1017 5227 1126 5284 Ἦν
1176 5232 1233 5286 δὲ
1263 5232 1358 5284 καὶ
1383 5233 1639 5304 πικροτέ-

115 5324 188 5372 ρας
214 5318 464 5387 τιμωρίας
494 5320 555 5372 τὸ
596 5321 732 5390 πρὸς
760 5321 869 5373 τῶν
902 5322 1110 5375 παίδων
1137 5321 1350 5376 παθεῖν.
1397 5322 1639 5387 Ἀνὰξεις

111 5399 286 5474 δὲπρὸς
316 5410 546 5482 θεωρίαν
590 5415 681 5468 τὸν
720 5415 895 5482 λόγον.
934 5416 1055 5482 Τὴν
1074 5417 1183 5488 γὰρ
1207 5415 1300 5469 τοῦ
1335 5416 1484 5470 Θεοῦ
1529 5417 1636 5469 πό-

110 5495 190 5544 1"
211 5500 298 5570 τὴν
332 5503 652 5577 Ἐκκλησίαν
674 5509 1049 5579 πολιορκοῦσιν
1071 5509 1360 5580 αἰρετικοὶ,
1387 5507 1637 5580 καθάπερ

114 5587 194 5643 ὑπὸ
217 5600 492 5670 στρατηγῷ
523 5603 601 5673 τῷ
625 5603 854 5672 διαϐόλῳ
878 5604 1218 5674 ταττόμενοι.
1246 5604 1462 5658 Τούτων
1510 5606 1635 5657 πολο

1751 4681 2204 4756 interpretantur)
2260 4681 2352 4752 qui
2391 4680 2603 4751 primus
2660 4677 2850 4731 urbem
2912 4672 3221 4729 construxit
3271 4685 3331 4727 et

1749 4779 1916 4843 rexit,
1958 4776 2012 4830 id
2041 4775 2222 4846 ipsum
2259 4773 2504 4826 futurum
2535 4777 2657 4826 est:
2699 4777 2756 4820 ut
2791 4782 2982 4822 omnes
3017 4765 3328 4834 intelligant

1748 4880 2014 4942 quantum
2069 4869 2243 4946 pietas
2281 4866 2399 4936 ipsa
2452 4864 2647 4928 valeat,
2689 4876 2811 4930 qua:
2860 4858 3101 4929 posteris
3157 4859 3323 4911 etiam

1749 4965 1990 5034 indignis
2028 4962 2259 5018 salutem
2301 4959 2495 5027 pariat.
2532 4956 2723 5025 Neque
2763 4969 2892 5008 vero
2933 4952 3096 5024 427
3144 4952 3327 5007 verbis

1749 5072 1838 5111 res
1866 5056 2016 5126 ipsaa,
2049 5062 2126 5106 tot
2153 5051 2336 5107 statim
2369 5048 2676 5111 trucidatis,
2713 5045 3046 5099 defuerunt:
3094 5043 3326 5113 quibus-

1747 5159 1872 5199 cum
1907 5144 2027 5199 ideo
2069 5157 2165 5196 rex
2214 5156 2322 5195 non
2371 5138 2639 5193 cecidisse
2671 5135 2970 5206 putandus,
3009 5145 3067 5188 ut
3115 5139 3322 5186 tantam

1745 5247 1982 5305 stragem
2034 5235 2287 5292 intuitus.
2335 5248 2398 5285 os
2445 5231 2669 5300 impium
2725 5229 2830 5283 sibi
2876 5231 2992 5298 ipse
3041 5226 3324 5280 obturaret

1748 5342 2046 5397 pruinasque
2089 5327 2230 5381 idem
2288 5340 2452 5394 quam
2509 5323 2712 5377 subditi
2760 5323 3059 5392 graviores,
3099 5329 3156 5371 ut
3190 5318 3320 5370 olim

1747 5420 1983 5479 Pharao,
2025 5415 2385 5487 experiretur.
2423 5415 2669 5471 Fuerunt
2706 5430 2770 5470 eo
2807 5416 2926 5482 ipso
2959 5425 3152 5481 graves
3198 5425 3319 5462 Ina-

1747 5511 1830 5581 gis
1877 5520 1928 5564 et
1960 5509 2191 5571 acerbte,
2226 5509 2369 5576 quod
2415 5522 2444 5560 a
2479 5507 2594 5562 suis
2642 5506 2758 5576 ipse
2793 5504 2917 5558 ﬁliis
2961 5504 3321 5570 interemptus
3383 5521 3390 5526 ·

1744 5613 1846 5657 est.
1880 5600 2066 5656 Possis
2099 5609 2153 5654 et
2185 5599 2252 5654 ad
2297 5597 2817 5670 contemplationem
2870 5609 3177 5651 sermonem
3229 5605 3316 5645 re-

1361 5757 1599 5814 γΑιιιᾹὶ
1643 5754 2056 5811 ΗΞΟΤΙΟΝΕὸ.

171 5869 186 5895 ¹
212 5885 286 5936 γρ.
325 5872 373 5924 εἰ
402 5889 482 5925 σοι
512 5874 610 5930 δεῖ.
691 5879 706 5914 ί
742 5879 799 5931 .2.
971 5886 994 5914 υ
1025 5892 1108 5945 rp.
1132 5873 1527 5946 ἐπιμείναντας.

1608 5887 1632 5914 ν
1660 5893 1746 5946 π).
1784 5874 2004 5946 Κύριον.

2086 5885 2111 5914 ι
2137 5890 2223 5941 rp.
2262 5869 2559 5942 προστάτη.
