3900 6532
599 451 741 517 9323

1906 444 2250 512 PROCOPII
2289 452 2530 513 (ΞΑΖᾸΞῙ

3696 459 3806 525 232i

597 583 814 638 vocare.
848 564 944 619 ue“:
972 563 1117 620 enim
1150 563 1509 630 civitatem,id
1534 573 1619 621 est
1645 563 1968 630 Ecclesiam,
2001 566 2166 632 etiam

2279 567 2338 620 λὰ
2357 569 2896 640 ,βλασφημούντων
2946 569 3214 642 ἀσκητέον
3255 571 3360 642 τὴν
3394 571 3602 642 σιωπὴν
3653 575 3808 650 Παύλῳ

598 659 855 713 obsi’dent
881 667 936 712 et
974 665 1290 729 oppugnant
1340 658 1604 722 ha‘retici,
1631 657 1852 712 diabolo
1886 657 2012 726 ipsi,
2047 666 2170 711 tan-

597 767 761 822 quam
813 752 935 807 duci
982 752 1206 817 milites,
1239 752 1681 819 obtemperantes
1715 769 1728 805 :
1778 766 1918 820 quos
1949 750 2173 805 silentio

595 848 836 910 vincere,
884 846 1238 914 quantumvis
1272 844 1716 912 blasphemiarum
1748 850 2028 905 evomant,
2081 857 2173 898 as-

602 938 966 992 suesccndum
997 948 1099 1001 est,
1135 953 1244 991 non
1276 937 1342 991 de
1373 938 1536 991 rebus
1569 937 1746 1000 vanis,
1788 943 1978 990 contra
2015 933 2167 988 Pauli

599 1032 948 1093 sententiain,
993 1032 1176 1086 verbis
1208 1031 1488 1085 decertare
1537 1030 1630 1083 ὀι
1689 1029 1798 1084 imo
1848 1027 2168 1083 brereticum

597 1127 898 1189 hominem,
924 1137 1047 1195 post
1076 1125 1512 1180 adhortationem
1542 1125 1786 1185 alteram,
1823 1123 2066 1177 devitarc
2086 1121 2128 1152 “
2153 1137 2166 1174 :

598 1233 722 1269 cum
757 1217 810 1272 in
858 1218 1276 1271 obﬁrmatorum
1311 1227 1363 1270 et
1416 1216 1778 1285 pertinacium
1810 1215 2017 1268 morbis
2049 1213 2174 1267 nul-

597 1310 714 1360 lum
750 1309 1020 1362 medicina
1047 1309 1224 1362 locum
1250 1309 1479 1371 habeat;
1508 1325 1604 1360 nec
1635 1307 1737 1361 nisi
1767 1307 1856 1371 iis,
1884 1307 1976 1375 qui
2009 1320 2170 1360 aures

599 1401 822 1461 habent,
891 1401 1222 1470 loquendum
1283 1415 1406 1454 esse
1461 1401 1753 1453 scribatur.
1809 1398 2174 1464 Quantumvis

600 1498 793 1566 igitur,
831 1493 1092 1559 Rapsaces
1130 1495 1240 1558 ille,
1272 1495 1386 1548 sive
1409 1493 1674 1562 requiem,
1709 1493 1822 1547 sive
1861 1493 2038 1545 minas
2071 1505 2174 1543 an-

2279 660 2494 730 λέγοντι
2524 662 2904 732 πειθομένους,
2943 663 3019 734 μὴ
3049 665 3379 736 λογομαχεῖν
3407 665 3495 718 ἐπ’
3519 667 3680 720 οὐδενὶ
3703 689 3808 742 χρη.

2283 755 2446 825 σίμῳ.
2479 755 2589 808 Καὶ
2613 755 2798 820 πάλιν,
2823 756 3097 827 αἱρετικὸν
3122 757 3416 829 ἄνθρωπον
3451 758 3584 827 μετὰ
3611 761 3721 828 μίαν
3739 767 3810 817 καὶ

2278 845 2539 915 δευτέραν
2595 847 2877 900 νουθεσίαν
2921 850 3212 919 παραιτοῦ.
3266 849 3400 912 Τοῖς
3448 850 3556 921 γὰρ
3586 869 3810 927 κεκρατη.

2283 939 2465 1010 μένοις
2491 940 2552 992 οὐ
2599 939 2680 993 δεῖ
2705 942 2974 1012 ἐγχειρεῖν
3003 941 3080 1004 ὡς
3117 941 3372 996 νοσοῦσιν
3408 943 3616 998 ἁνῖατα.
3644 946 3810 1018 Γέγρα-

2278 1049 2408 1085 πται
2435 1032 2564 1103 γὰρ,
2597 1034 2690 1092 Εἰς
2719 1027 2832 1086 ὦτα
2855 1034 3161 1088 ἀκουόντων
3179 1035 3357 1090 λάλει.
3382 1035 3504 1088 Κᾶν
3529 1037 3810 1104 ἀναπαύσεις

2276 1120 2370 1175 οὖν
2397 1122 2860 1190 ὲπαγγέλλωνται,
2881 1123 3023 1178 κατὰ
3052 1123 3392 1194 Ῥαψάκην
3416 1125 3524 1178 κᾶν
3543 1125 3809 1193 ἁπειλῶσιν,

2280 1214 2399 1285 Θεῷ
2434 1214 2592 1284 μόνον
2649 1215 3050 1286 προσέρχεσθαι
3098 1215 3226 1286 χρὴ,
3262 1215 3368 1285 τὴν
3413 1215 3617 1270 ἄνωθεν
3646 1217 3726 1270 τοῦ
3747 1221 3812 1287 μέ.

2281 1325 2405 1370 νους
2435 1317 2464 1356 ."
2508 1307 2779 1377 βοήθειαν.
2821 1307 3180 1378 Ἀποσοὸήσει
3231 1310 3345 1379 γὰρ
3402 1310 3597 1370 αὐτοὺς
3637 1311 3812 1378 ἀφανῶς

2282 1398 2398 1464 τὴν
2426 1397 2580 1451 Σιὼν
2619 1397 2993 1468 διαφυλάττων
3026 1398 3326 1453 ἀνάλωτον.
3375 1398 3548 1452 Πύλαι
3585 1399 3681 1470 γὰρ
3717 1399 3810 1470 ᾆδον

2282 1489 2382 1560 τῆς
2420 1489 2749 1561 Ἐκκλησεας
2771 1491 2830 1543 οὐ
2867 1492 3277 1562 κατισχύσουσι.

599 1588 886 1652 titllllit‘lll;
923 1585 989 1639 ad
1022 1585 1190 1639 Deum
1221 1601 1321 1639 nos
1349 1584 1506 1638 decet
1533 1583 1814 1645 accedere,
1847 1590 1902 1637 et
1961 1597 2199 1652 superne
2236 1582 2501 1636 auxilium
2580 1592 2921 1653 exspectare.
2976 1583 3084 1639 Eos
3123 1586 3268 1639 enim
3332 1584 3573 1638 latenter
3625 1586 3804 1655 repellet

602 1681 869 1735 llomiuus
930 1680 1148 1736 Sionem
1205 1679 1494 1733 obsidione
1537 1678 1802 1741 liberans;
1861 1692 2038 1746 neque
2085 1677 2352 1733 adversus
2394 1678 2695 1733 Ecclesium
2740 1678 2901 1734 inferi
2940 1689 3112 1748 portae
3140 1680 3524 1750 przevalebunt
3553 1681 3618 1733 ".

1171 1758 1322 1826 CAP.
1366 1769 1653 1824 xxxvm.

2857 1773 3108 1826 ΚΕΦΑΛ.
3161 1773 3296 1826 AH’.

663 1866 1158 1940 ﬁ28'5291-22
1171 1866 1401 1936 Contigit
1421 1875 1592 1920 (uilem
1611 1883 1669 1919 eo
1684 1877 1929 1932 tempore,
1949 1874 2004 1918 ut
2020 1880 2175 1934 (egro-

2351 1864 2523 1936 α-κβ’.
2574 1864 2844 1934 Ἐγένετο
2871 1864 2938 1919 δὲ
2959 1864 3030 1918 ἑν
3057 1863 3138 1929 τῷ
3169 1862 3354 1932 καιρῷ
3380 1862 3607 1933 ἐκείνῳ,
3641 1863 3813 1930 ἐμαλα-

596 1971 730 2015 taret
765 1962 1018 2015 Ezechias
1043 1977 1203 2030 usque
1227 1959 1292 2012 ad
1331 1969 1548 2012 mortem
1569 1975 1587 2020 ;
1611 1960 1930 2028 accessitque
1962 1956 2030 2010 ad
2060 1972 2175 2011 eum

2282 1959 2464 2025 κισθη
2505 1954 2762 2024 Ἐζεκίας
2791 1957 2903 2023 ἕως
2939 1955 3222 2012 θανάτου.
3255 1954 3372 2010 Καὶ
3415 1949 3568 2024 ἦλθε
3595 1956 3724 2022 πρὸς
3737 1957 3812 2008 αὐ-

597 2055 772 2108 lsaias
793 2055 935 2123 ﬁlius
965 2054 1148 2116 Amos,
1172 2053 1444 2121 prop/tem,
1466 2063 1513 2106 et
1544 2053 1678 2105 dixit
1705 2053 1753 2105 ei
1776 2067 1793 2103 :
1821 2050 1948 2103 licet:
1970 2049 2047 2102 ait
2073 2048 2175 2102 Do-

2289 2051 2398 2104 τὸν
2445 2049 2695 2116 Ἡσαΐας
2749 2049 2882 2115 υὶὸς
2917 2046 3100 2118 Ἀμὼς
3129 2051 3161 2101 ὁ
3193 2046 3536 2115 προφήτης,
3583 2046 3671 2099 καὶ
3715 2042 3808 2099 εἷπε

594 2150 803 2200 minus:
835 2145 1060 2213 Dispane
1100 2145 1281 2198 doutui
1326 2153 1429 2196 lucc
1462 2163 1479 2196 :
1509 2143 1633 2212 quia
1686 2141 1946 2205 morieris,
1979 2149 2029 2194 et
2073 2153 2175 2192 non

2279 2139 2429 2212 πρὸς
2464 2144 2650 2198 αὐτόν
2676 2158 2692 2173 '
2730 2140 2877 2196 Τάδε
2927 2141 3088 2210 λέγει
3120 2143 3357 2208 Κύριος,
3395 2139 3572 2202 Τιὶξαι
3601 2139 3713 2206 περὶ
3735 2138 3809 2190 τοῦ

594 2243 754 2300 vives,
793 2250 899 2292 ctc.

2279 2235 2451 2289 οἴκου
2497 2247 2635 2288 σου.
2675 2229 3110 2299 Ἀποθνήσκεις
3164 2229 3273 2300 γὰρ
3295 2231 3405 2295 σὺ,
3436 2229 3534 2282 καὶ
3561 2229 3628 2282 οὐ
3645 2227 3716 2297 μὴ
3737 2226 3802 2293 ζή-

2279 2343 2383 2394 σῃ,
2409 2343 2463 2380 κ.
2495 2343 2548 2379 τ.
2583 2326 2633 2380 λ.

2362 2420 2420 2473 ’0
2441 2419 2601 2484 λέξας
2625 2418 2782 2484 Θεὸς,
2812 2435 2830 2469 ι
2867 2417 3012 2485 Ἐγὼ
3039 2415 3352 2479 ἀποκτενῶ,
3386 2414 3483 2472 καὶ
3514 2414 3606 2484 ζῇν
3626 2412 3802 2480 ποιήσω.

2277 2511 2524 2578 πατάξω,
2590 2509 2744 2578 κάγὼ
2801 2510 3050 2580 ἰάσομαι,
3085 2527 3103 2560 ι
3138 2508 3265 2571 τοὺς
3301 2505 3600 2577 πολεμίους
3623 2503 3806 2570 ἀγγέλου

2278 2604 2527 2670 πατάξας
2572 2603 2779 2673 πληγῇ,
2811 2603 2902 2654 τὸν
2945 2599 3167 2670 θεοφιλῆ
3218 2599 3452 2670 βασιλέα
3487 2597 3726 2662 ζωοποιεῖ.
3752 2593 3804 2645 Τὸ

2277 2698 2407 2769 γὰρ’
2431 2698 2501 2752 ἐν
2515 2695 2594 2762 τῷ
2621 2694 2804 2764 κωρῷ
2831 2695 3064 2762 ἐκείνῳ,
3092 2693 3254 2747 τοῦτο
3284 2691 3618 2764 παρίστησιν
3643 2687 3708 2756 τῷ
3735 2687 3805 2751 τῆς

2277 2788 2502 2842 ἐκείνων
2549 2787 2786 2856 πληγῆς.
2843 2786 2975 2849 Θεὸς
2995 2785 3051 2839 δὲ
3079 2783 3139 2838 τὸ
3170 2783 3325 2847 τέλος
3384 2781 3531 2852 αὖτῷ
3582 2777 3800 2850 προδηλῦῖν

2275 2886 2374 2948 τῆς
2403 2882 2675 2953 σωτηρίας
2705 2881 2915 2945 ὲνάγων
2940 2878 3319 2951 προσαέτησιν.
3380 2876 3461 2930 Δι’
3499 2870 3556 2930 οὗ
3606 2871 3804 2944 δηλοῦται

2281 2976 2356 3048 μὴ
2380 2975 2474 3028 τὸν
2497 2973 2686 3045 χρόνον
2713 2973 2814 3042 τῆς
2848 2970 2992 3042 ζωῆς
3037 2971 3308 3039 ἀνάγκαις
3346 2966 3670 3040 εἱμαρμένης
3705 2964 3802 3034 ἡμῖν

2277 3064 2706 3138 περικλείεσθαι,
2755 3063 2886 3116 Θεὸν
2907 3062 2966 3116 δὲ
2993 3061 3182 3116 τοῦτον
3211 3059 3443 3133 ὁρίζειν,
3476 3059 3592 3112 καθ’
3618 3056 3696 3119 οὓς
3726 3049 3802 3106 οἶδε

2277 3161 2469 3227 λόγους
2500 3154 2742 3226 αὐτὸς,ἢ
2782 3156 3050 3225 παράγων
3098 3157 3178 3217 εἰς
3224 3152 3365 3224 βίον,
3394 3151 3516 3223 ήτὰ
3549 3150 3700 3221 μέτρα
3735 3144 3800 3198 τοῦ

2278 3252 2470 3322 χρόνον
2521 3248 2719 3311 διδοὺς,
2750 3247 2784 3317 ἢ
2819 3247 3010 3317 τρόπῳ
3046 3246 3346 3317 προσάγων
3375 3244 3456 3314 τῷ
3483 3241 3704 3296 δοκοῦντι
3731 3238 3802 3308 τὴν

2277 3342 2554 3413 τελευτήν.
2586 3333 2657 3411 ⁷ῼ
2691 3338 2838 3410 μόνῳ
2890 3337 3116 3392 δυνατὸν
3150 3340 3244 3390 καὶ
3288 3336 3546 3407 θνήσκειν
3571 3331 3804 3402 μέλλοντας

2277 3433 2534 3506 ἐγείρειν,
2566 3429 2965 3502 ὲπιμετροῦντα
2991 3439 3012 3466 κ
3039 3429 3263 3500 χρόνους
3290 3429 3464 3498 ζωῆς,
3488 3427 3558 3490 ὡς
3577 3424 3660 3476 νῦν
3690 3419 3801 3482 Ἐζε-

2275 3526 2422 3589 κίαν,
2473 3524 2566 3577 καὶ
2601 3520 2934 3592 τεθνηκότας
2961 3519 3264 3584 ζωοποιεῖν,
3305 3519 3383 3584 ὡς
3416 3520 3570 3581 ὅσους
3593 3514 3800 3585 ἐδήλωσεν

2276 3621 2310 3689 ή
2346 3608 2563 3688 Γραφή.
2599 3616 2708 3668 Καὶ
2753 3613 3094 3684 πανταχόθεν
3142 3614 3276 3684 ἡμῖν
3306 3613 3358 3666 οἱ
3390 3612 3486 3683 τῆς
3523 3605 3799 3679 εἱμαρμένης

2277 3711 2585 3764 διαλύονται
2629 3706 2798 3776 λόγοι.
2853 3705 3032 3775 Ὅπερ
3099 3703 3354 3767 Ἐζεκίας
3405 3701 3575 3766 εἰδὼς,
3617 3699 3690 3752 ὅτε
3727 3693 3799 3764 μὲν

2279 3802 2509 3875 ἔρρωτο,
2563 3800 2702 3871 πρὸς
2743 3799 2853 3853 τὸν
2879 3796 3034 3853 νεὼν
3076 3796 3209 3861 ἔθει,
3246 3797 3382 3867 περὶ
3427 3795 3532 3848 τῶν
3575 3787 3798 3859 Ασσυρίων

2280 3894 2447 3948 αἰτῶν
2471 3911 2486 3926 ·
2543 3895 2609 3964 τῇ
2674 3892 2816 3962 νόσῳ
2845 3891 2900 3944 δὲ
2931 3888 3205 3957 πεδηθεὶς,
3257 3888 3318 3953 ἐξ
3357 3887 3528 3958 αὐτῆς
3573 3879 3798 3954 στρωμνῆς

2281 3987 2525 4058 ἀνήγαγε
2579 3983 2680 4054 τὴν
2741 3983 2927 4053 εὐχὴν,
2997 3980 3270 4050 πανταχοῦ
3323 3981 3577 4050 παρεῖναι
3602 3975 3652 4026 τὸ
3685 3971 3796 4024 Θεῖον

2284 4078 2459 4140 εἰδώς.
2483 4077 2590 4129 Καὶ
2636 4075 2765 4146 περὶ
2797 4078 2896 4146 τῆς
2925 4073 3061 4138 ιδίας
3090 4073 3323 4136 εὑζωῖας
3357 4071 3519 4142 μόνον
3547 4061 3796 4136 παρρησιά-

2285 4169 2459 4234 ζεται,
2486 4167 2807 4238 προσθήκην
2835 4165 2940 4218 οὑκ
2969 4165 3202 4234 αἰτήσας
3234 4161 3408 4232 ζωῆς,
3437 4161 3543 4213 τῶν
3566 4155 3684 4211 κατὰ
3712 4150 3796 4203 διὰ·

660 2414 824 2488 430
877 2413 980 2481 Qui
1009 2412 1151 2468 dixit
1205 2412 1346 2467 Deus
1385 2428 1397 2464 :
1440 2409 1550 2477 Ego
1570 2409 1840 2472 occidam,
1874 2416 1928 2461 et
1992 2404 2176 2460 vivere

591 2511 786 2564 faciam
815 2525 829 2573 ;
858 2506 1184 2578 percutiam,
1212 2512 1267 2559 et
1318 2501 1528 2558 sanabo
1558 2500 1637 2564 '3;
1671 2520 1689 2550 ι
1725 2499 1817 2553 ubi
1845 2501 2030 2553 hostes
2080 2511 2178 2567 per

591 2601 846 2669 angelum
912 2598 1069 2669 plaga
1136 2595 1446 2666 percussit,
1484 2594 1633 2662 pium
1694 2606 1877 2658 regem
1935 2587 2176 2658 pristina:

586 2688 890 2746 valetudini
931 2687 1193 2743 restituit.
1217 2685 1370 2751 Quod
1398 2686 1543 2739 enim
1573 2699 1633 2737 eo
1661 2691 1891 2750 tempore
1912 2679 2176 2750 propheta

589 2783 748 2848 dixit,
775 2781 849 2846 id,
883 2788 942 2835 ut
974 2779 1180 2834 cladem
1212 2778 1426 2831 illormn
1459 2777 1882 2838 demonstraret,
1902 2771 2170 2842 adjunxit.

592 2874 722 2943 ltegi
752 2882 933 2927 autem
975 2871 1098 2924 vita:
1160 2871 1320 2922 linem
1350 2869 1491 2921 hens
1550 2864 1959 2936 praasignilicat,
1994 2871 2052 2917 ut
2107 2863 2172 2917 ad

589 2968 821 3021 salutem
852 2961 1238 3035 postulandum
1288 2961 1515 3015 invitet:
1553 2958 1756 3028 quibus
1811 2964 1962 3012 certe
2004 2955 2172 3011 vitam

589 3061 750 3116 nobis
785 3076 894 3115 non
916 3059 1012 3114 l‘ati
1044 3056 1368 3114 necessitate
1400 3055 1606 3122 claudi,
1635 3055 1730 3111 sed
1760 3070 1790 3108 a
1823 3052 1932 3110 Deo
1973 3053 2176 3124 quibus

588 3157 742 3210 novit
769 3155 886 3224 ipse
917 3151 1248 3214 rationibus,
1307 3161 1402 3206 aut
1429 3152 1482 3205 in
1537 3151 1711 3204 lucem
1739 3148 2049 3214 educendo,
2078 3155 2174 3202 aut

590 3258 832 3316 tempora
869 3243 1165 3309 metiendo,
1188 3252 1280 3297 aut
1315 3257 1414 3311 pro
1443 3242 1727 3296 voluntate
1765 3239 2001 3309 denique
2041 3247 2173 3294 teta-

591 3341 662 3396 tis
687 3348 992 3394 extremum
1023 3334 1397 3406 producendo,
1453 3334 1667 3388 deliniri
1721 3332 2168 3388 demonstratur:

591 3447 716 3485 cum
749 3431 900 3486 solus
931 3428 1056 3482 vitro
1083 3437 1285 3482 nostrae
1314 3435 1557 3495 tempora
1590 3424 1898 3490 dimensus,
1941 3424 2167 3493 jarnjam

592 3521 889 3576 morituros
919 3519 1062 3574 sicut
1104 3517 1412 3581 Ezechiain,
1444 3532 1552 3572 non
1585 3496 1823 3570 excitare
1871 3523 2081 3569 tantum
2115 3521 2169 3570 et

591 3628 865 3673 recreare,
898 3613 995 3666 sed
1026 3612 1332 3667 exstinctos
1371 3611 1559 3673 etiam,
1594 3610 1735 3664 sicut
1769 3618 1914 3679 patet
1943 3625 1973 3664 e
2023 3607 2171 3663 Scri-

590 3705 791 3773 pturis,
824 3705 879 3758 in
915 3705 1080 3758 vitam
1139 3719 1397 3760 revocare
1459 3704 1654 3758 valeat.
1700 3701 1950 3772 Undique
2002 3702 2172 3772 igitur

592 3811 797 3851 eversa:
826 3796 988 3851 nobis
1005 3810 1068 3850 ac
1098 3795 1383 3850 dissolutae
1400 3803 1584 3864 iacent
1615 3794 1708 3848 fati
1732 3795 1992 3848 rationes.
2017 3794 2170 3861 Quod

593 3903 717 3943 cum
743 3904 850 3942 non
891 3887 1169 3956 ignoraret
1195 3885 1476 3950 Ezechias,
1505 3886 1632 3940 dum
1663 3901 1761 3956 per
1807 3885 2172 3943 valetudinem

594 3981 813 4046 licebat,
868 3980 1013 4035 haud
1046 3979 1233 4051 segnis
1265 3979 1407 4034 idem
1437 3979 1703 4034 adversus
1731 3979 1990 4050 Assyrios
2013 3994 2172 4050 Opem

595 4075 987 4145 imploraturos
1031 4076 1084 4128 in
1131 4072 1383 4141 templum
1437 4074 1805 4143 properabat;
1841 4074 1932 4142 qui
1983 4074 2177 4128 morbo

593 4184 743 4224 nunc
763 4169 1079 4238 impeditus,
1110 4185 1140 4222 e
1167 4169 1310 4223 lecto
1341 4168 1481 4238 ipso,
1533 4167 1700 4222 Deum
1739 4169 1945 4237 ubique
1982 4166 2177 4222 adesse

596 4263 729 4318 nihil
759 4264 1041 4326 dubitans,
1069 4264 1134 4317 ad
1171 4278 1362 4332 preces
1387 4277 1446 4316 se
1479 4263 1678 4324 vertit;
1718 4261 1770 4314 in
1799 4262 2000 4330 quibus
2049 4262 2175 4316 vitae

2281 4279 2429 4316 νοιαν
2465 4259 2624 4324 εἰδὼς
2659 4260 2819 4313 αὑτὸν
2849 4256 3220 4328 ὲπιγνώμονα,
3251 4257 3344 4310 καὶ
3376 4253 3488 4323 τῆς
3513 4247 3680 4320 εὐχῆς
3710 4246 3797 4297 ἐπι·

589 4355 930 4410 conscientia
978 4354 1175 4421 fretus,
1210 4354 1278 4409 de
1306 4369 1405 4410 sua
1448 4362 1658 4407 tantum
1692 4354 1965 4424 probitate
2011 4354 2177 4408 audet
2279 4352 2486 4423 τρέψας
2519 4370 2550 4406 τ
2622 4391 2636 4406 .
2717 4391 2731 4406 .
2805 4391 2821 4404 .

592 4447 882 4517 attingere,
909 4462 1019 4500 non
1057 4445 1182 4500 vitae
1228 4443 1675 4516 propagationem
1721 4444 2021 4514 postulare,
2078 4444 2169 4514 qui
2212 4442 2384 4498 Deum
2423 4444 2622 4513 ipsum,
2668 4458 2860 4498 eorum
2904 4456 3027 4512 quae
3083 4451 3265 4497 mente
3349 4439 3598 4512 gerimus,
3657 4434 3793 4502 inspe-

589 4549 800 4596 ctorem
841 4546 898 4594 et
948 4537 1215 4593 arbitrum
1263 4552 1386 4593 esse
1437 4551 1546 4590 non
1590 4537 1852 4606 ambigat,
1880 4546 1934 4591 et
1961 4536 2242 4591 orationis.
2282 4575 2294 4588 .
2334 4577 2348 4592 .
2393 4577 2406 4591 .
2451 4543 2469 4558 '

665 4669 684 4690 .
723 4671 741 4689 .
785 4673 802 4688 .
845 4671 863 4689 .
905 4674 919 4689 .
965 4671 979 4686 .
1022 4632 1193 4687 relicti
1224 4639 1344 4684 sunt
1417 4645 1520 4684 nec
1563 4630 1753 4685 laudes
1799 4630 1985 4687 forsan
2039 4631 2183 4686 cele-
2214 4634 2256 4690 D

593 4729 839 4793 hrnntes,
879 4733 974 4779 aut
1025 4724 1321 4779 virtutibus
1374 4731 1786 4792 promoventes,
1845 4723 1957 4777 imo
1998 4737 2178 4793 neque

593 4826 924 4888 peccantes,
961 4815 1054 4870 sed
1082 4815 1274 4885 jndicii
1304 4823 1516 4884 tempus
1553 4823 1959 4884 exspectantes.
2006 4814 2176 4868 Aiunt

595 4909 844 4964 nonnulli
901 4908 1325 4962 resurrectionis
1362 4923 1512 4975 spem
1556 4911 1664 4961 no'n
1718 4905 1925 4990 tollere,
1953 4904 2048 4959 sed
2104 4903 2175 4958 ad

593 5001 920 5073 perditionis
954 5000 1150 5070 inferos
1177 4999 1501 5070 potius,nisi
1523 5000 1810 5068 impetrata
1839 5006 2176 5062 peccatorum

594 5096 754 5150 venia
784 5095 876 5150 Dei
910 5109 1071 5149 manu
1097 5095 1430 5156 retrahatur,
1461 5092 1748 5148 devenisse
1777 5106 1837 5146 se
1867 5089 2174 5146 ostendere.

596 5189 782 5260 Itaque
812 5203 978 5258 prava
1015 5188 1107 5241 illa
1137 5196 1194 5242 et
1243 5185 1450 5240 lubrica
1506 5183 1840 5253 cogitatione
1888 5181 2180 5244 liberatus,

596 5282 662 5334 ad
694 5281 916 5351 nuptias
955 5279 1185 5350 jam,et
1234 5278 1518 5332 liberarunt
1565 5275 2024 5347 procreationem,
2076 5291 2175 5345 quo

2289 5275 2437 5339 νοίας
2463 5274 2835 5344 παυσάμενος,
2892 5274 3112 5326 σπεύσω
3147 5273 3283 5343 πρὸς
3314 5273 3489 5342 γάμον
3517 5266 3597 5320 καὶ
3629 5254 3779 5314 παιδο-

590 5374 820 5442 justitia:
872 5382 980 5426 tum
1003 5386 1335 5442 prteconesa
1371 5385 1457 5424 me
1511 5379 1828 5439 procreatos
1883 5367 2175 5422 ostendere

2294 5370 2498 5422 ποιΐαν
2545 5367 2742 5433 ἐλθεῖν,
2779 5368 2874 5420 καὶ
2916 5367 3042 5430 τοὺς
3074 5365 3134 5431 ἐξ
3163 5365 3297 5435 ἐμοῦ
3352 5366 3581 5436 κήρυκας
3605 5355 3682 5421 τῆς
3710 5357 3779 5442 “lli

601 5481 821 5536 queam,
855 5464 1150 5519 festinabo.
1189 5462 1301 5534 Ego
1347 5477 1541 5518 rursus
1597 5471 1794 5532 praeter
1848 5476 1992 5525 eam,
2061 5477 2175 5530 qua!

2289 5461 2570 5528 ἀποδεῖξαι
2592 5459 3006 5527 δικαιοσύνης.
3044 5456 3214 5527 Κάγὼ
3235 5457 3291 5511 δὲ
3315 5435 3449 5529 πρός
3473 5453 3560 5522 τήν
3585 5435 3778 5536 nimii?"

601 5559 760 5613 nobis
791 5557 989 5611 tradita
1013 5566 1120 5620 est,
1150 5556 1450 5626 subjectam
1483 5555 1669 5610 sensui
1727 5553 2175 5619 consolationem,

2291 5526 2536 5607 δοθεῖσαν
2583 5553 2714 5622 ἡμῖν
2758 5549 3272 5622 παραμυθίαν,τόν
3303 5526 3422 5606 σόν
3449 5534 3701 5602 obtorti)»,
3721 5526 3775 5586 εἰς

2202 3200 2244 3257 C

2693 4626 3169 4698 κατελήφθησαν
3193 4642 3219 4669 ιι
3280 4629 3418 4700 μήτε
3455 4618 3790 4692 δοξολογοῦντες

2285 4719 2487 4791 ἴσα)ῶῆ
2517 4720 2903 4790 προστιθέντες
2925 4722 3171 4790 ἀρεταῖς,
3211 4724 3350 4790 μήτε
3384 4718 3488 4791 μὴν
3516 4709 3786 4786 ἁμαρτάνονο

2281 4832 2395 4881 τες,
2459 4813 2548 4867 τὸν
2580 4813 2636 4867 δὲ
2662 4814 2762 4882 τῆς
2804 4813 3041 4884 κρίσεως
3075 4813 3264 4884 καιρὸν
3314 4811 3655 4883 ἐκδεχόμενοι.
3677 4797 3787 4856 Τινὲς

2281 4907 2340 4961 δέ
2374 4923 2558 4978 φασιν,
2587 4906 2662 4970 ὡς
2697 4907 2797 4958 οὐκ
2830 4906 3047 4977 ἀναιρεῖ
3090 4906 3189 4969 τὰς
3229 4906 3451 4967 ἐλπίδας
3475 4905 3564 4971 τῆς
3608 4890 3782 4951 ἀναστά-

2283 5015 2440 5062 σεως·
2461 4999 2610 5069 δηλοῖ
2632 4998 2686 5051 δὲ
2706 4997 2926 5067 μᾶλλον,
2954 4997 3029 5060 ὡς
3046 5000 3145 5062 Εἰς
3178 4997 3330 5064 ᾅδην
3362 4993 3618 5052 ἀπωλείας
3640 4980 3784 5046 ausim;

2284 5089 2488 5156 λύθειν,
2525 5088 2599 5161 μὴ
2632 5090 2731 5160 τῆς
2760 5090 2915 5159 παρὰ
2942 5089 3037 5142 σοῦ
3064 5089 3317 5161 βοηθείας
3345 5087 3515 5159 τυχὼν
3544 5075 3782 5151 παριδόντας

2285 5183 2386 5245 τὰς
2416 5182 2554 5253 ἐμὰς
2607 5183 2916 5251 ἁμαρτίας.
2943 5181 3035 5235 Διὸ
3065 5183 3166 5252 τῆς
3224 5182 3495 5252 σφαλερᾶς
3538 5172 3709 5237 ἐκείνης
3724 5167 3780 5216 ἐν’

1969 5731 2014 5762 "
2060 5727 2250 5784 Matth.
2284 5744 2404 5794 xvr,
2439 5725 2529 5783 18.
2600 5725 2823 5784 “Deut.
2852 5741 3027 5792 xxx",
3059 5724 3151 5781 '59.

1915 5844 2150 5904 ἾΑΒΙᾸΞ
2185 5842 2593 5901 LECTIONES.

677 5945 705 5988 ν
738 5964 823 6015 πρ.
852 5945 1243 6015 ὑπομένοντας.
1325 5954 1349 5981 ι
1378 5958 1470 6013 γρ.
1501 5939 1904 6014 ὲπιμετροῦντι.
1982 5952 2004 5981 ο
2041 5955 2131 6008 γρ.
2159 5936 2613 6009 κατελείφθησαν.

671 5737 715 5769 ⁸⁸³
752 5738 766 5791 1
805 5733 1043 5794 Timoth.
1085 5751 1169 5802 vr,
1199 5734 1290 5789 20.
1393 5736 1435 5766 ¹¹
1475 5731 1582 5788 Tit.
1644 5747 1735 5794 ιιι,
1789 5730 1873 5784 10.
