3978 6374
129 371 271 438 S325

1277 373 1804 434 (ΣΟΜΜΕΝΤΛΠΙΙ
1849 372 1924 432 IN
1967 371 2253 431 lSAIAM.

3251 371 3391 434 2326

129 497 220 534 τον
291 486 383 536 σὸν
438 488 583 554 ἡμᾶς
640 487 804 556 φόϐον
856 487 1270 550 συστέλλουσαν,
1329 488 1715 560 χαριστηρίους

1833 487 1868 538 Tn
1894 485 2108 537 domum
2141 495 2283 536 tuam
2308 484 2492 548 etiam,
2530 483 2584 537 in
2615 499 2720 551 qna
2753 482 2817 534 ml
2863 481 2936 534 tui
2997 481 3244 536 timorem
3276 486 3391 536 col-

129 573 402 627 ἁποδώσω
435 576 637 643 φωνάς.
671 577 826 640 Τινὲς
853 578 910 630 δὲ
930 578 1010 642 τὸ,
1042 577 1246 630 παιδία
1303 577 1535 643 ποιήσω
1565 577 1712 646 ἅπερ

129 665 604 733 ἀναγγελοῦσιν,
626 667 818 736 δηλοῦν
843 667 1070 736 ἔφασαν,
1093 669 1175 721 ὅτι
1197 669 1554 737 χοροστασίαν
1582 667 1716 735 ψαλ-

133 757 326 826 τῳδῶν
350 759 555 811 παίδων
575 757 832 826 εὐφώνως
854 757 1163 827 ὑμνούντων
1185 761 1240 810 ἐν
1259 758 1338 828 τῷ
1366 757 1473 827 ναῷ
1499 760 1716 826 στήσειν

134 850 556 917 ἐπαγγέλλεται.
594 850 672 903 Δι’
703 846 762 904 οὗ
789 851 844 902 δὲ
881 851 991 914 τὴν
1036 849 1334 916 τελευτὴν
1386 847 1532 918 αὑτῷ
1585 848 1718 911 Θεὸς

139 942 401 1011 ἐδήλωσε,
437 941 526 994 διὰ
577 941 766 996 τούτου
814 943 908 995 καὶ
929 942 1029 1013 τήν
1057 940 1353 1012 θεραπείαν
1374 942 1714 1012 προσήγαγε,

143 1035 217 1103 μή
247 1035 348 1088 καὶ
377 1037 550 1087 ποιεῖν
571 1035 695 1106 δόξῃ
724 1037 814 1087 τὸν
843 1036 1130 1106 προφήτην
1152 1033 1498 1105 ἑφύδριστον,
1530 1032 1717 1086 κακῶν

141 1127 301 1178 αὑτὸν
336 1127 516 1195 μόνων
545 1127 831 1194 ἀποδείξας
859 1127 1123 1181 διάκονον.
1177 1126 1628 1198 Παραδοξοποιῶν
1661 1125 1717 1178 δὲ

143 1219 295 1280 (θεὸς,
320 1218 517 1273 ὀδοκεί
568 1223 678 1283 τοῖς
719 1218 1030 1289 τραύμασιν
1054 1216 1314 1283 ἐπαύξειν
1353 1217 1448 1287 τὴν
1483 1216 1714 1286 βλάϐην,

145 1309 212 1362 τὰ
240 1310 426 1373 σῦκα,
457 1309 613 1362 τοῦτο
637 1310 770 1381 πρὸς
799 1309 942 1364 ἴασιν
965 1309 1182 1374 ἔδωκεν,
1205 1309 1345 1362 ὁκαὶ
1409 1308 1551 1378 μέγα
1604 1325 1717 1375 ση-

140 1401 312 1470 μεῖον
351 1403 701 1470 ἐκπλαγεὶς-ὁ
733 1402 982 1467 Ἐζεκίας
1031 1401 1187 1455 καλεῖ
1249 1400 1344 1454 τοῦ
1393 1400 1717 1470 δυνήσεσθαι

146 1491 224 1557 τῷ
248 1491 387 1544 ποδὶ
413 1493 712 1562 χρώμενος
741 1496 828 1559 εἰς
860 1493 966 1546 τὸν
1009 1497 1162 1546 νεὼν
1196 1493 1494 1547 ἀνελθεῖν.
1537 1491 1623 1544 Ἐν
1658 1491 1716 1544 δὲ

145 1588 210 1652 τῇ
239 1584 279 1636 δ’
300 1585 410 1638 τῶν
459 1584 753 1638 Βασιλειῶν
782 1585 1094 1655 γέγραπται
1119 1587 1200 1638 ὃτι
1230 1585 1336 1656 πρὸ
1375 1585 1542 1638 πάλαι
1564 1583 1718 1654 παρὰ

148 1675 237 1728 τοῦ
273 1678 556 1747 προφήτου
581 1677 786 1747 μαθὼν,
812 1677 884 1740 ὡς
911 1679 938 1730 ὁ
965 1677 1116 1746 ἥλιος
1143 1677 1327 1746 μέλλει
1374 1676 1474 1744 τὴν
1529 1677 1621 1727 ἐπὶ
1647 1674 1715 1727 τὰ

148 1765 338 1834 πρόσω
373 1765 641 1817 ποιεῖσθαι
672 1767 977 1836 ταχυτέραν
1016 1767 1155 1831 ὁδὸν,
1186 1769 1281 1818 καὶ
1314 1765 1402 1835 ὑφ’
1437 1765 1494 1818 ἓν
1523 1767 1652 1828 τοὺς
1685 1771 1716 1817 ι’

1818 577 2055 645 Iigimur,
2084 575 2384 644 prolectus.
2425 576 2722 646 gratiarum
2757 573 2853 627 tibi
2891 574 3135 629 actiones
3202 590 3394 644 repen-

1816 668 1960 722 dam.
1989 666 2146 738 [‘31
2173 665 2291 720 Non
2314 667 2512 722 desunt
2541 675 2744 729 tamen,
2767 665 3042 736 qui,quod
3074 666 3215 734 ﬁlios
3235 670 3389 722 edam

1816 761 1905 826 qui
1927 757 2344 817 anuuntiabunt,
2367 757 2523 821 dixit,
2556 756 2622 809 ad
2653 771 2946 825 puerorum
2977 755 3203 809 chorum
3233 756 3392 828 Itym—

1818 866 1920 906 nos
1967 852 2022 904 in
2080 851 2279 919 templo
2323 850 2569 904 suaviter
2616 847 3058 912 modulantium,
3113 845 3390 910 referant.

1817 960 1980 1014 quem
2027 959 2206 1013 regem
2253 942 2633 996 institutorum
2689 956 2746 994 se
2777 940 2966 994 volunt
3013 939 3284 1010 polliceri.
3321 941 3394 994 At

1817 1051 1916 1106 per
1939 1051 2099 1104 quem
2117 1035 2164 1088 ei
2191 1043 2408 1088 mortem
2436 1032 2578 1087 Deus
2598 1033 2966 1096 denuntiavit,
2993 1048 3085 1100 per
3122 1031 3374 1086 eumdem

1817 1128 1980 1182 etiam
2014 1135 2067 1181 et
2099 1127 2270 1180 morbi
2307 1125 2608 1179 remedium
2645 1125 2737 1188 (ne
2775 1125 3236 1177 contumeliosum
3266 1137 3393 1193 pro-

1817 1221 2055 1290 phetam,
2084 1218 2321 1286 malique
2363 1224 2573 1270 tantum
2613 1216 2931 1270 ministrum
2963 1214 3164 1270 habere
3191 1215 3399 1270 videre-

1819 1318 1928 1376 tur)
1958 1311 2159 1364 attulit.
2202 1310 2406 1366 Deinde
2433 1325 2558 1364 cum
2600 1309 2930 1363 miraculum
2962 1309 3125 1362 edere
3165 1309 3398 1363 statuis-

1819 1413 1902 1458 set
1931 1401 2096 1465 Deus,
2137 1402 2300 1470 ﬁcum
2338 1402 2416 1456 illi
2446 1406 2592 1472 (qum
2629 1401 2923 1455 vulnerum
2952 1401 3202 1470 alioquin
3240 1401 3398 1455 dolo-

1815 1513 1929 1551 rem
1961 1511 2165 1566 augere
2208 1497 2448 1550 maxime
2485 1497 2652 1562 solet)
2696 1495 2749 1548 in
2783 1494 3088 1548 remedium
3122 1494 3356 1548 tradidit
3381 1513 3399 1550 :

1817 1605 1925 1656 quo
1956 1589 2238 1659 perculsus
2257 1587 2763 1656 Ezeeliias,signnm
2785 1589 3082 1638 maximum
3109 1585 3159 1638 ἰιί
3178 1585 3400 1639 demum

1817 1698 1962 1747 esse,
2000 1697 2101 1749 quo
2141 1681 2270 1749 pede
2309 1690 2461 1734 utens
2503 1680 2557 1732 in
2601 1679 2850 1748 templum
2898 1679 3175 1733 ascendere
3210 1686 3399 1748 postea

1821 1775 2019 1834 valeat,
2064 1773 2370 1842 prolitetur.
2406 1771 2660 1825 Invenias
2689 1781 2870 1824 autem
2905 1781 3106 1840 quarto
3127 1771 3336 1838 Regum
3352 1770 3402 1804 "

148 1857 396 1909 κατιέναι
451 1856 712 1927 βαθμοὺς,
753 1857 914 1922 αὐτὸς
966 1858 1041 1921 ὡς
1089 1857 1432 1928 οἰκειώτερον
1470 1857 1722 1925 σημεῖον

1833 1861 2136 1922 Ezecliiam,
2195 1877 2317 1914 cum
2370 1862 2497 1915 olim
2548 1860 2716 1914 solem
2771 1860 2856 1914 via
2901 1861 3166 1916 celeriore
3213 1859 3401 1914 decem

149 1947 246 2015 τῆς
299 1949 436 2017 πρὸς
461 1947 551 1999 τὸν
589 1947 700 2016 βίον
751 1949 1120 2018 ἀναστροφῆς,
1153 1949 1246 2002 τοῦ
1283 1948 1434 2019 ήλίου
1465 1950 1556 2002 τὸν
1587 1952 1718 2002 ἀνα-

149 2036 414 2103 πσδισμδν
452 2037 752 2108 ἐξῃτήσατο
787 2078 801 2103 ,
861 2037 993 2091 ἔνθα
1043 2039 1137 2093 καί
1196 2057 1363 2110 φησιν
1421 2042 1454 2110 ή
1494 2040 1719 2109 Γραφὴ,

149 2127 226 2189 ὡς
280 2129 438 2192 ἕλκος
499 2128 646 2198 αὑτῷ
700 2130 938 2201 πονηρὸν
989 2131 1089 2202 τῆς
1139 2132 1454 2202 ἀρρωστίας
1510 2132 1718 2202 πρόφα-

154 2236 234 2282 σις
257 2215 348 2290 ἦν.

743 2313 995 2367 ΚΕΦΑΛ.
1020 2312 1145 2366 ΛΘ’.

220 2409 361 2472 α·η’.
409 2403 512 2457 Ἐν
552 2402 632 2469 τῷ
680 2405 862 2473 καιρῷ
895 2406 1104 2470 ἐκείνῳ
1155 2405 1476 2459 ἀπέστειλε
1519 2411 1724 2474 Μαρω-

148 2493 262 2562 δὰχ
293 2495 610 2560 Βαλαδὰν,
666 2499 699 2551 ό
730 2497 860 2563 υἱὸς
897 2497 1004 2551 τοῦ
1035 2498 1335 2558 Βαλάδον.
1371 2503 1403 2552 ὁ
1421 2499 1726 2565 ,βασιλεὺς

147 2585 260 2653 τῆς
287 2590 668 2662 Βαϐυλωνίας
692 2629 706 2654 ,
740 2590 1087 2656 ἐπιστολὰς,
1124 2591 1223 2643 καὶ
1271 2592 1574 2658 πρέσϐεις,
1624 2591 1724 2644 καὶ

144 2675 308 2744 δῶρα
345 2679 584 2747 Ἐζεκίᾳ.
617 2682 910 2735 Ἤκουσεν
949 2681 1078 2750 γὰρ,
1107 2681 1194 2734 ὅτι
1224 2680 1595 2751 ἑμαλακίσθη
1617 2681 1728 2746 ἕως

146 2767 433 2834 θανάτου,
466 2771 563 2824 καὶ
592 2770 836 2837 ἀνέστη,
873 2788 927 2826 κ.
958 2787 1010 2824 τ.
1037 2769 1086 2824 λ.

230 2859 290 2914 Ὁ
323 2861 436 2913 τῶν
469 2862 735 2916 Ἰουδαίων
769 2862 1085 2926 διδάσκαλος
1129 2862 1314 2931 ἔλεγεν
1372 2865 1726 2934 νενοσηκέναι

140 2951 236 3005 τὸν
272 2952 529 3014 Ἐζεκίαν
557 2953 702 3025 ᾠδὴν
731 2956 824 3008 ἐπὶ
849 2959 914 3027 τῇ
947 2955 1151 3010 πτώσει
1175 2955 1284 3008 τῶν
1299 2955 1601 3026 Ἀσσυρίων
1628 2957 1729 3010 οὐκ

140 3045 353 3117 ᾅσαντα
382 3051 760 3119 χαριστήριον,
781 3049 856 3112 ὡς
873 3051 958 3103 ἐπ’
984 3050 1304 3119 Αἰγυπτίοις
1320 3051 1347 3102 δ
1371 3050 1578 3118 Μωσῆς
1604 3089 1619 3114 ,
1652 3049 1728 3113 ὡς

143 3139 466 3209 ήΔεδὸωρὰ
495 3141 588 3194 ἐπὶ
623 3141 700 3211 τῷ
730 3141 956 3213 Σίσαρᾳ,
981 3142 1055 3204 ὡς
1089 3144 1122 3212 ἡ
1161 3143 1330 3194 ’Ἅννα
1359 3142 1450 3194 ἐπὶ
1473 3144 1540 3212 τῇ
1576 3140 1730 3209 γενέ-

145 3248 227 3283 σει
256 3231 356 3285 τοῦ
402 3233 677 3304 Σαμουὴλ.
734 3230 846 3286 Εἶτ’
903 3233 1248 3303 ἀρωσθέντα
1299 3234 1488 3287 τοῦτον
1537 3236 1571 3288 ὁ
1609 3232 1728 3287 τῶν

142 3327 548 3380 Βαϐυλωνίων
593 3327 780 3399 μαθὼν
825 3327 1144 3394 βασιλεὺς,
1194 3327 1556 3399 πρεσϐεύεται
1590 3327 1728 3398 πρὸς

143 3419 333 3478 αὐτὸν.
377 3420 478 3472 οὐκ
527 3420 733 3489 ἀργῶς,
788 3418 910 3473 ἰδὼν
955 3421 1010 3473 δὲ
1065 3422 1164 3490 τὴν
1222 3420 1457 3492 ἡμέραν,
1507 3419 1634 3473 καθ’
1662 3420 1729 3491 ἢν

141 3513 469 3565 ἀνεπόδισεν
503 3515 530 3565 δ
557 3514 729 3583 ἥλιος,
771 3513 1060 3567 διπλασίαν
1115 3514 1517 3584 γεγενημένην.
1576 3513 1730 3582 Μηδὲ

141 3605 253 3674 γὰρ
278 3603 468 3656 λαθεῖν
496 3604 796 3667 Χαλδαίους
825 3605 1032 3668 δεινοὺς
1063 3606 1193 3675 περὶ
1225 3604 1402 3658 ταῦτα
1433 3605 1732 3674 τυγχάνον-

141 3712 268 3759 τας.
295 3695 681 3758 Θεοποιοῠντες
700 3695 756 3748 δὲ
779 3696 869 3748 τὸν
895 3697 1065 3764 ἥλιον,
1093 3696 1197 3748 ὑπὸ
1223 3695 1531 3767 κρείττονος
1561 3693 1732 3766 ᾤοντο

141 3785 309 3838 τοῦτο
337 3785 939 3854 γενέσθαιςδυνάμεως.
997 3789 1108 3840 Καὶ
1166 3786 1266 3850 τὴν
1323 3787 1508 3840 αἰτίαν
1563 3785 1731 3840 πολυ-

144 3875 624 3948 πραγμονοῦντες,
650 3877 918 3945 ἔγνωσαν,
942 3877 1016 3942 ὡς
1044 3877 1113 3931 δι’
1163 3877 1415 3942 Ἑζεκίαν
1447 3877 1475 3929 ὁ
1499 3877 1606 3930 τῶν
1644 3877 1732 3930 Ἐ-

143 3970 360 4042 ὗραίων
395 3967 565 4022 ταῦτα
595 3970 886 4040 πεποιήμει
943 3970 1094 4033 Θεὸς.
1137 3970 1252 4038 Ἐφ’
1281 3962 1324 4036 ᾧ
1351 3971 1735 4038 καταπλαγεὶς

141 4063 168 4114 δ
204 4057 488 4128 βασιλεὺς,
539 4061 762 4112 ἐκείνων
801 4061 898 4123 τάς
929 4061 1080 4129 πρδςμ
1118 4060 1283 4112 αὐτὸν
1347 4061 1424 4123 ὡς
1481 4060 1733 4130 θεοφιλῆ,

145 4149 430 4218 συνθήκας
490 4150 812 4215 ἀσπάζεται.
868 4151 1054 4212 Eli-tot;
1083 4150 1128 4202 δ’
1154 4149 1220 4203 ἂν
1270 4150 1434 4213 αὐτὸς
1485 4151 1616 4214 ὼςδ
1664 4153 1735 4206 τὰ

145 4243 449 4313 θαυμαστὰ
467 4243 640 4298 πάντα
665 4243 788 4296 κατ’
823 4231 1068 4296 ἐνιαυτὸν
1088 4243 1184 4295 ’ένα
1209 4244 1493 4311 γεγονέναι
1521 4243 1733 4314 μαθὼν,

143 4334 242 4388 τοῦ
282 4334 571 4405 Ἀσσυρίου
621 4335 719 4407 τὴν
752 4333 959 4404 ἔφοδον,
1005 4335 1103 4407 τήν
1135 4336 1204 4388 δι’
1230 4336 1462 4405 ἀγγέλου
1497 4337 1734 4408 πληγὴν,

144 4429 254 4500 τὴν
309 4430 452 4480 κατὰ
521 4429 895 4499 Σενναχηρεὶμ
953 4429 1059 4481 ὑπὸ
1095 4430 1204 4482 τῶν
1231 4430 1439 4483 παίδων
1466 4432 1606 4502 μετὰ
1635 4431 1736 4502 τὴν

1823 1956 2026 2022 gradus
2045 1957 2210 2010 semel
2237 1971 2358 2009 esse
2379 1953 2761 2028 conlecturum
2783 1969 2808 2007 a
2837 1956 3104 2024 propheta
3132 1953 3401 2015 audisset,

1823 2048 2108 2118 promissa:
2135 2046 2391 2100 sanitatis
2413 2045 2623 2115 signum
2656 2046 2864 2115 aptius,
2900 2062 3092 2116 nempe
3134 2056 3192 2100 ut
3215 2058 3402 2114 regre-

1823 2145 2046 2196 deretur
2083 2140 2406 2210 posmlasse,
2437 2139 2724 2208 morbique
2750 2153 3002 2203 causam,
3042 2155 3151 2210 quo
3188 2138 3404 2193 deline-

1825 2232 2006 2294 batur,
2039 2232 2106 2286 ab
2135 2231 2334 2285 ulceris
2369 2230 2709 2300 malignitate
2741 2229 3084 2298 proﬂuxisse.

2391 2319 2545 2375 CAP.
2593 2319 2840 2374 XXXIX.

1894 2415 2055 2486 432
2095 2415 2258 2469 Visus.
2325 2413 2436 2468 'I-8.
2497 2413 2746 2482 Tempore
2795 2415 3062 2468 illomisit
3118 2413 3406 2469 Merodach

1825 2507 2092 2570 Baladan,
2124 2507 2266 2576 ﬁlius
2297 2505 2564 2570 Baladon,
2598 2521 2690 2560 rea:
2723 2506 3058 2576 Babyloniw,
3091 2506 3321 2566 litteras,
3354 2515 3403 2558 et

1828 2600 2049 2670 legatos,
2106 2611 2152 2653 et
2191 2617 2409 2653 numera
2464 2599 2531 2652 ad
2594 2597 2906 2654 Ezecltiam.
2958 2599 3213 2653 Audierat
3264 2601 3405 2653 enim

1827 2700 2109 2760 wgrolasse
2135 2689 2201 2743 ad
2229 2700 2467 2753 mortem,
2508 2699 2556 2742 et
2586 2689 2934 2754 convaluisse,
2973 2697 3081 2744 etc.

1901 2876 2047 2930 Dixit
2091 2873 2403 2930 Judaaorum
2459 2874 2724 2944 magister
2777 2872 3062 2928 Ezechiam
3118 2879 3407 2942 propterea

1829 2975 2146 3037 aegrotasse,
2182 2967 2326 3035 quod
2362 2974 2484 3034 post
2523 2964 2879 3034 Assyriorum
2927 2969 3202 3030 stragem,
3261 2962 3407 3016 sicut

1833 3057 2027 3113 deletis
2056 3055 2328 3128 Egyptiis
2362 3054 2544 3112 Moses
2579 3055 2659 3122 ²³;
2684 3055 2827 3109 sicut
2853 3053 3180 3122 interempto
3215 3052 3402 3108 Sisara

1755 3172 1802 3235 ο
1837 3146 2086 3202 Debbora
2113 3148 2192 3208 ¹⁶;
2233 3145 2379 3200 sicut
2431 3145 2589 3199 Anna
2648 3144 2909 3212 denique,
2951 3143 3041 3196 ubi
3097 3141 3410 3197 Samuelem

1833 3237 2139 3308 peperisset
2169 3237 2245 3302 ³⁷,
2277 3236 2369 3292 Dei
2423 3234 2752 3292 beneﬁcium
2802 3234 3051 3288 carmine
3101 3250 3210 3288 non
3266 3233 3413 3287 cele-

1830 3330 2063 3386 brasset.
2095 3328 2175 3384 Ad
2204 3331 2348 3384 hunc
2378 3344 2562 3398 porro,
2594 3343 2720 3383 eum
2753 3336 3036 3398 wgrotasse
3087 3325 3413 3398 Babylonio-

1832 3439 1950 3476 rum
1978 3437 2071 3475 rex
2105 3422 2360 3482 audisset,
2391 3437 2498 3474 non
2531 3436 2671 3475 vana
2702 3428 2886 3474 motus
2916 3419 3232 3482 occasione,
3259 3417 3411 3484 lega-

1835 3527 1919 3571 tos
1955 3515 2125 3580 misit,
2157 3514 2250 3569 sed
2282 3514 2426 3585 quod
2459 3515 2602 3568 diem
2641 3515 2821 3580 illum,
2858 3525 2970 3582 quo
2998 3525 3222 3565 cursum
3249 3525 3410 3563 suum

1834 3608 1916 3664 sol
1953 3607 2329 3676 retroegisset,
2387 3605 2556 3676 duplo
2589 3605 2850 3674 majorem
2885 3602 3170 3660 exstitisse
3223 3601 3415 3670 depre-

1835 3701 2140 3756 hendisset.
2189 3699 2379 3770 Neque
2416 3700 2560 3753 enim
2593 3699 2643 3752 id
2688 3698 2998 3761 Chaldaeos,
3052 3701 3144 3768 qui
3179 3699 3234 3752 in
3272 3699 3415 3754 side-

1835 3807 1954 3848 rum
1985 3791 2276 3862 disciplina
2313 3791 2544 3844 multum
2581 3791 2784 3844 versati
2827 3800 3038 3854 essent,
3095 3791 3266 3844 latere
3326 3805 3416 3860 po.

1837 3887 1973 3951 tuit;
2001 3900 2103 3941 nec
2133 3884 2202 3938 ab
2238 3883 2466 3947 eisdem,
2493 3883 2585 3953 qui
2637 3883 2806 3937 solem
2867 3884 3026 3938 deum
3079 3883 3343 3943 lacerent.
3385 3899 3416 3936 a

1838 3976 2141 4046 patentiore
2173 3976 2354 4044 aliqua
2398 3973 2602 4028 virtute
2657 3973 2859 4027 factum
2909 3975 3191 4043 denegari.
3247 3971 3410 4044 433

1838 4070 2026 4138 Itaque
2063 4081 2184 4120 cum
2221 4066 2299 4119 rei
2333 4081 2558 4121 causam
2597 4066 2758 4120 anxie
2789 4065 3022 4120 serutati
3056 4067 3124 4120 ab
3158 4065 3414 4121 Hebraeo-

1836 4177 1956 4215 rum
2001 4159 2110 4214 Deo
2139 4168 2358 4228 propter
2394 4157 2685 4212 Ezeclziam
2730 4157 2934 4212 factum
2972 4173 3095 4212 esse
3146 4172 3415 4229 agnosce-

1836 4259 1957 4308 rent
1985 4269 1997 4305 :
2029 4267 2094 4306 eo
2124 4259 2430 4305 commotus
2461 4265 2576 4314 rex,
2600 4248 2746 4320 quod
2774 4258 3035 4320 tanquam
3091 4249 3158 4304 ad
3215 4249 3416 4318 pietate

1838 4342 2277 4398 commendatum
2311 4343 2699 4405 accessissent,
2731 4343 3051 4397 eorumdem
3103 4341 3402 4394 amicitiam

1837 4444 1890 4488 et
1916 4433 2096 4488 lcedus
2127 4433 2499 4500 amplectitur.
2561 4431 2753 4488 Dicere
2794 4434 2976 4503 possis
3014 4434 3179 4487 etiam
3235 4430 3414 4486 Mero-

144 4520 334 4590 φυγὴν
387 4521 776 4584 ἐπανάστασιν,
809 4522 909 4589 τὴν
957 4520 1053 4574 τοῦ
1107 4521 1224 4591 μετ’
1270 4522 1436 4575 αὐτὸν
1467 4522 1733 4593 ἄρξαντος

1835 4526 2026 4578 ducum
2072 4540 2181 4578 non
2231 4523 2670 4584 Seunaelierimi.
2736 4524 2832 4579 sed
2892 4524 3126 4578 Baldani
3183 4540 3246 4577 ex
3305 4524 3414 4577 alia

145 4612 345 4675 παιδὺς
365 4611 622 4681 Ἀχορδᾰν
646 4629 831 4682 σεσιγη
843 4612 1008 4684 μένην
1028 4613 1328 4667 ἀπώλειαν.
1349 4614 1534 4668 Ταῦτα
1558 4615 1736 4668 πάντα

150 4703 349 4773 μαθὼν
371 4704 662 4771 Μαρωδάκ
703 4706 947 4759 Βαλδάν
972 4707 1102 4772 υίὸς
1129 4705 1225 4768 ὢν,
1256 4708 1315 4760 οὐ
1336 4706 1431 4760 τοῦ
1465 4708 1738 4778 Σενναχη-

151 4799 306 4869 ρεὶμ,
336 4796 476 4850 ἀλλά
531 4798 637 4851 τοῦ
684 4797 949 4862 Βαλδὰν,
978 4797 1038 4862 ἐξ
1067 4799 1257 4870 ἐτέρου
1312 4801 1503 4867 γένους
1551 4800 1734 4864 βασι·

147 4890 356 4942 λεύων
375 4890 793 4952 Βαϐυλωνίων,
824 4888 901 4952 ὡς
941 4889 1090 4960 ὠφελ
1114 4907 1174 4954 ος
1206 4891 1325 4961 (sic)
1348 4891 1448 4963 τήν
1479 4892 1616 4963 πρὸς
1644 4891 1737 4946 τὸν

149 4980 360 5050 εὐσεϐῆ
389 4980 575 5049 φιλίαν
603 4981 929 5047 ἀσπάζεται.

152 5076 333 5132 illium
367 5077 779 5140 Aeliordanum,
819 5079 915 5150 qui
948 5079 1091 5149 patri
1133 5089 1501 5146 successerat,
1554 5079 1719 5135 tacita
1757 5087 1935 5135 morte
1963 5080 2217 5145 interire,
2267 5090 2522 5150 tanquam
2598 5079 2653 5134 id
2699 5087 2875 5134 totum
2927 5079 2984 5134 in

1843 4616 2011 4685 stirpe
2043 4615 2239 4684 lilium,
2275 4622 2406 4669 IIIIIC
2461 4614 2873 4686 Babyloniorum
2906 4633 3094 4685 regem,
3127 4625 3416 4688 postquam

1840 4724 1952 4763 uno
1991 4724 2137 4762 anno
2173 4717 2282 4761 tam
2319 4711 2490 4762 multa
2521 4719 2576 4762 ct
2617 4710 2888 4779 stupenda
2918 4710 3217 4773 contigisse
3267 4707 3413 4763 didi-

1839 4803 2041 4866 cisset;
2075 4801 2428 4871 Assyriorum
2463 4817 2656 4872 nempe
2685 4804 2988 4856 exercitum
3030 4817 3125 4872 per
3159 4803 3412 4872 angelum

1840 4895 2044 4963 deleri;
2087 4891 2578 4948 Sennaclierimum
2615 4901 2880 4964 prxterea
2922 4910 3106 4964 regem
3154 4898 3278 4962 luga
3303 4894 3416 4947 ela-

1842 4998 2002 5054 psmn
2054 4983 2293 5037 llliorum
2342 4985 2597 5039 manibus
2643 4985 2950 5051 trucidari;
3010 4984 3131 5055 ejus
3182 4984 3417 5055 denique

3084 5093 3240 5134 suam
3297 5091 3414 5132 rem

152 5172 365 5229 factum
396 5187 524 5229 esse
549 5172 847 5244 iudicaret,
881 5174 956 5245 pii
1013 5177 1159 5246 regis
1213 5176 1514 5232 amicitiam
1554 5177 1879 5234 ambivisse.

221 5268 355 5321 ὀτι
406 5269 518 5337 γὰρ
555 5270 613 5322 ἐν
637 5269 718 5322 ἑνὶ
763 5272 940 5324 πάντα
965 5271 1232 5343 προῆλθεν
1255 5271 1488 5343 ἐνιαυτῷ
1544 5272 1740 5342 μάθοις

156 5358 220 5412 ἄν
255 5361 569 5430 ἐπιστήσας
596 5360 671 5425 ὡς
700 5363 734 5433 ή
757 5361 944 5432 ἔφοδος
977 5365 1072 5418 τοῦ
1120 5365 1407 5433 Ἀσσυρίου
1429 5365 1584 5428 ἔτους
1615 5382 1739 5418 τεσ-

161 5452 661 5522 σαρεσκαιδέκατον
709 5453 810 5518 τῆς
845 5454 1090 5519 Ἐζεκίου
1153 5456 1431 5529 βασιλείας
1492 5456 1731 5526 ἐγένετο.

228 5629 278 5661 ⁸⁸
309 5626 385 5682 IV
413 5627 548 5697 Reg.
573 5643 668 5693 xx,
698 5628 855 5686 9-II.

1919 5273 2108 5343 Neque
2139 5273 2284 5328 enim
2317 5272 2487 5341 hujus
2514 5271 2643 5326 anni
2670 5271 2851 5342 spatio
2883 5271 2987 5324 ista
3013 5268 3198 5354 omnia
3235 5265 3415 5322 conti-

1845 5364 1992 5437 gisse
2019 5366 2316 5431 dubitabis,
2355 5365 2402 5420 si
2450 5364 2661 5436 Assyrii
2695 5355 3111 5434 expeditionem
3135 5366 3331 5431 quarto
3357 5365 3414 5413 et

1844 5457 2059 5514 decimo
2083 5456 2329 5513 Ezechize
2356 5457 2636 5513 exstitisse
2673 5454 2955 5522 didiceris,
3012 5467 3138 5509 cum
3185 5450 3417 5524 quinde-

966 5633 1011 5666 “
1037 5631 1211 5690 Exod.
1239 5649 1351 5703 xtv,
1368 5644 1424 5691 et
1446 5649 1538 5690 xv.
1614 5631 1860 5688 "Judic.
1895 5647 1971 5696 iv,
1995 5642 2126 5690 etv.
2202 5634 2245 5666 ’⁷
2277 5631 2299 5690 1
2330 5635 2461 5707 Reg.
2481 5649 2542 5690 ιι.

1469 5749 1701 5806 VARUE
1743 5747 2142 5806 LECTIONES.

237 5835 266 5877 δ
300 5854 392 5908 γρ.
418 5836 495 5900 ὡς
531 5840 712 5904 αὑτός.
