3978 6374
552 301 690 364 2327

1887 310 2236 372 PROCOPII
2266 311 2504 371 GAZ/EI

3639 315 3760 379 ΞΜ

549 415 653 467 vim
678 421 934 483 praeterea
972 416 1266 486 adjunctis,
1306 433 1454 473 nono
1483 427 1536 474 et
1566 420 1828 476 vicesimo
1865 422 1938 476 ita
1968 421 2110 476 diem

2222 421 2316 482 Ὃς
2378 421 2783 492 προστεθέντων
2849 419 2987 474 ἐτῶν
3051 420 3200 492 αὐτῷ
3259 422 3666 492 πεντεκαίδεκα,
3695 432 3764 502 τῷ

549 514 857 560 extremum
892 505 1110 567 obierit,
1157 515 1216 559 ut
1249 507 1304 560 in
1337 524 1540 562 annum
1573 519 1831 579 quartum
1868 518 1921 565 ct
1969 511 2114 565 deci-

556 611 702 648 mum
735 597 986 650 morbum
1019 598 1218 651 cadere
1251 613 1538 654 necessum
1562 601 1654 664 sit,
1689 603 1900 672 reliqua
1934 615 2114 656 autent

555 687 807 743 eumdem
832 689 1162 758 prmcedere,
1188 697 1241 745 ct
1270 691 1460 745 eodem
1495 702 1742 764 tempore
1771 695 2070 764 contigisse
2100 713 2112 748 :

551 781 752 850 quibus
793 781 995 835 auditis
1034 783 1287 836 munibus
1338 784 1403 837 ad
1443 786 1744 855 legatorum
1798 787 2114 842 missionem

551 871 806 926 inductus
845 881 929 928 est
959 873 1235 945 Assyrius.
1272 876 1474 931 Verum
1505 895 1632 932 cum
1699 879 1767 932 ad
1821 878 2114 934 Ezechiam

548 967 937 1033 appulissent;
973 967 1136 1037 cujus
1171 978 1359 1038 partes
1387 979 1547 1024 erant
1577 987 1762 1026 rerum
1795 973 1923 1024 olim
1952 987 1980 1023 a
2004 970 2116 1025 Deo

547 1065 844 1124 gestarum,
886 1068 1049 1129 atque
1080 1061 1243 1114 etiam
1279 1064 1581 1116 recentium
1611 1063 1744 1132 ipsis
1775 1063 2114 1132 magnitudi-

549 1164 672 1202 nem
701 1165 970 1214 narrare;
1025 1153 1248 1220 partim,
1289 1160 1348 1207 ut
1401 1153 1650 1209 benelicii
1711 1171 2004 1209 memorem
2055 1170 2116 1210 se

546 1249 858 1309 prmstaret,
914 1240 1140 1312 partim,
1206 1255 1264 1299 ut
1312 1245 1438 1299 illos
1489 1246 1554 1300 ad
1620 1247 1876 1316 pietatem
1943 1247 2114 1317 magis

546 1332 892 1395 accenderet.
913 1350 1146 1404 quorum
1176 1338 1427 1406 exemplo
1452 1347 1507 1392 et
1530 1339 1751 1392 monitis
1775 1339 1864 1392 alii
1894 1355 2112 1394 rursum

549 1431 935 1480 moverentur:
972 1441 1035 1480 ea
1091 1443 1150 1482 re
1197 1430 1463 1498 neglecta,
1519 1429 1590 1482 ita
1641 1430 1899 1484 aviditate
1931 1432 2115 1500 gloriae

548 1513 727 1583 frangi
779 1531 838 1568 se
869 1530 1068 1584 passus
1099 1526 1202 1580 est,
1232 1529 1290 1571 ut
1325 1533 1457 1573 suos
1485 1520 1691 1572 eisdem
1725 1520 2023 1587 thesauros,
2061 1530 2112 1575 et

542 1604 761 1661 domum
799 1605 1037 1660 Nec/tota
1082 1610 1273 1677 (quam
1324 1621 1623 1663 aromatum
1679 1613 1866 1665 cellam
1914 1613 2112 1684 Aquila

542 1706 974 1774 iuterpreialur;
1009 1697 1154 1754 Gaza
1206 1700 1598 1772 Symmachus;
1653 1706 1874 1759 nomine
1928 1706 2111 1761 Persis

541 1795 763 1848 divitias
789 1789 1172 1863 significante)
1209 1794 1511 1845 ostentarit.
1544 1793 1659 1859 Qua
1684 1810 1742 1849 re
1767 1811 1873 1848 non
1896 1797 2108 1850 inanem
2145 1776 2184 1828 Β

540 1895 754 1939 tantum
792 1886 1122 1955 iactantiam
1181 1900 1334 1940 suam
1386 1886 1735 1954 prodidisse,
1782 1889 1876 1943 sed
1923 1907 2111 1945 eorum

537 1977 704 2030 etiam
730 1977 976 2046 potiundi
1000 1979 1353 2048 cupiditatem
1385 1977 1636 2034 hostibus
1664 1981 1967 2049 praebuisse
1995 1999 2115 2037 cre-

542 2071 709 2123 ditur.
761 2073 941 2142 Atque
975 2072 1104 2127 hinc
1156 2086 1261 2135 est,
1325 2073 1467 2137 quod
1523 2073 1589 2126 ad
1645 2089 1766 2128 eum
1826 2076 2113 2146 propheta,

543 2162 709 2216 veluti
750 2179 850 2217 sua
882 2175 1098 2233 sponte,
1137 2181 1246 2219 non
1275 2164 1511 2235 pellente
1549 2164 1676 2230 Deo.
1712 2169 2003 2230 accedens,
2061 2177 2116 2224 et

541 2253 685 2322 quod
714 2253 815 2322 ipsi
845 2255 1049 2309 vellent
1076 2271 1182 2310 non
1216 2257 1338 2311 sine
1372 2255 1547 2310 multo
1574 2257 1768 2312 allectu
1792 2261 2112 2330 exquirens;

541 2345 762 2400 venisse
793 2346 1037 2414 quidem,
1074 2356 1132 2400 tit
1183 2347 1278 2402 Dei
1321 2347 1670 2402 admirabilia
1722 2365 1890 2420 opera
1954 2351 2114 2406 audi-

544 2444 702 2502 rent;
783 2437 878 2492 scd
933 2439 1016 2492 sui
1076 2441 1259 2508 potius
1313 2455 1478 2509 quam
1545 2437 1639 2494 Dei
1695 2442 2114 2499 admirationem

543 2537 731 2583 monet.
761 2531 1053 2594 excitasse,
1092 2531 1184 2601 qui
1214 2531 1449 2587 eximias
1481 2534 1631 2588 illius
1672 2534 1927 2598 virtutes,
1962 2551 2114 2590 sum-

545 2637 804 2692 mumque
831 2623 884 2676 in
919 2640 1005 2679 res
1039 2633 1254 2680 creatas
1294 2625 1584 2696 imperium
1621 2627 1762 2697 apud
1809 2627 1975 2702 434
2019 2644 2116 2686 eos

545 2731 651 2767 non
679 2715 1011 2783 praedicarit.
1046 2717 1238 2787 itaque
1291 2721 1496 2774 veritus
1546 2721 1795 2776 accusari
1845 2737 1962 2784 rex,
1989 2737 2114 2776 cum

543 2806 670 2872 quid
704 2807 785 2861 illi
823 2808 1074 2875 dicerent,
1110 2810 1376 2879 propheta
1407 2813 1734 2880 postularet,
1786 2812 2062 2867 obmutuit
2097 2830 2112 2866 :

544 2901 634 2965 qui
669 2907 846 2955 tamen
893 2903 1031 2956 unde
1064 2903 1341 2965 venissent,
1401 2903 1786 2973 interroganti,
1843 2919 1951 2958 non
1987 2905 2109 2960 sine

543 2991 939 3058 OStentatione,
988 2995 1052 3048 de
1094 2995 1380 3065 longinqua
1436 3005 1579 3050 terra
1633 2997 1958 3066 respondit;
1992 3008 2116 3052 tan-

544 3099 708 3152 quam
747 3086 989 3141 nominis
1015 3087 1100 3142 sui
1141 3089 1282 3142 fama
1317 3090 1588 3142 excitatos
1644 3096 1756 3142 tam
1814 3089 1982 3160 longo
2025 3104 2117 3144 ve-
2145 3119 2189 3178 ο

546 3177 698 3232 uisse
725 3178 920 3232 itinere
947 3179 1295 3247 gloriaretur.
1329 3179 1509 3246 Atque
1537 3179 1664 3233 inde
1697 3186 1806 3243 est,
1833 3181 1978 3251 quod
2010 3180 2119 3234 lata

547 3282 576 3320 ο
619 3267 729 3321 Deo
759 3268 1049 3322 adversmn
1084 3283 1146 3322 se
1179 3269 1471 3338 sententia,
1508 3286 1538 3322 τι
1573 3269 1887 3338 Babyloniis
1941 3271 2120 3324 omnia

547 3375 650 3413 non
681 3360 836 3413 modo
868 3360 1128 3427 direptum
1157 3360 1246 3424 iri,
1277 3360 1366 3412 sed
1391 3377 1478 3413 eos
1509 3360 1693 3421 etiam,
1719 3363 1864 3431 quia
1908 3378 1963 3416 se
1995 3379 2121 3431 pro-

545 3451 770 3514 dissent,
815 3448 949 3519 regis
1000 3447 1262 3502 eunuchos
1303 3448 1441 3516 fore,
1477 3449 1659 3504 statim
1695 3450 1926 3504 audivit.
1965 3451 2122 3517 Quod

546 3542 823 3598 .Iechonite
851 3547 1031 3606 tetate,
1061 3551 1323 3610 quantum
1351 3557 1413 3595 ex
1448 3557 1639 3612 regum
1677 3542 1910 3597 historia
1965 3543 2124 3598 colli-

549 3650 675 3704 gere
709 3635 853 3698 licet,
891 3632 1158 3688 accidisse
1207 3643 1504 3703 putamus:
1537 3650 1645 3704 quo
1707 3644 1953 3705 tempore
2014 3635 2122 3690 Da-

553 3725 749 3780 nielem
787 3742 910 3780 cum
945 3727 1113 3782 sociis
1144 3727 1197 3780 in
1231 3726 1376 3794 regis
1425 3728 1546 3780 aula
1583 3730 1898 3782 eunuchum
1954 3728 2126 3785 fuisse

551 3815 798 3871 nonnulli
838 3817 1146 3871 voluerunt.
1193 3816 1404 3882 Quibus
1452 3816 1654 3872 auditis
1709 3817 1967 3872 Ezechias
2013 3819 2124 3873 cir-

553 3919 870 3978 ettmspecte
898 3908 1114 3978 quidem
1145 3916 1197 3962 et
1224 3909 1308 3979 pie
1369 3925 1689 3978 qmecunque
1737 3910 1941 3965 locutus
1991 3923 2124 3966 esset

557 4001 838 4062 Dominus,
880 4001 1235 4076 quantumvis
1279 3999 1561 4053 hominum
1616 4016 1777 4056 aures
1825 4002 2123 4067 oll'endant,

554 4093 689 4146 bona
717 4109 828 4146 esse
860 4090 1078 4161 adjecit,
1109 4105 1223 4145 sua:
1249 4091 1395 4143 a’tati
1434 4097 1642 4144 tantum
1680 4090 1952 4162 indulgeri
2000 4108 2127 4162 pos-

554 4186 758 4250 tulans,
795 4187 901 4240 Deo
931 4185 1138 4255 gratias
1166 4183 1295 4253 agit,
1338 4185 1483 4254 quod
1519 4200 1576 4238 se
1604 4200 1713 4238 non
1742 4201 1908 4241 sensu
1953 4186 2127 4240 malo-

555 4295 674 4332 rum
709 4278 1030 4340 ulciscatur,
1081 4278 1176 4333 sed
1235 4275 1351 4333 sola
1403 4277 1835 4346 impendentium
1886 4277 2029 4332 fama
2071 4278 2127 4332 in

553 4371 694 4423 viam
730 4381 981 4434 revocet;
1015 4371 1106 4440 qui
1140 4370 1278 4424 sciat
1314 4385 1382 4424 ne
1412 4385 1604 4439 plenas
1637 4368 1855 4438 quidem
1883 4370 2020 4425 istas
2061 4369 2129 4423 ad

2223 513 2455 584 εἰκοστῷ
2483 514 2576 567 καὶ
2599 513 2774 584 ἐνάτῳ
2833 511 3221 584 τετελεύτηκεν
3251 514 3382 578 έτει,
3412 516 3492 576 ὡς
3517 515 3610 585 τὴν
3632 519 3765 572 νόσον

2219 603 2370 673 αύτῷ
2401 603 2681 672 γεγονέναι
2702 603 2824 658 κατ’
2851 603 2971 666 ἔτος
2995 603 3058 656 τὸ
3081 605 3682 672 τεσσαρεσκαιδέκατον.
3698 609 3768 663 Τὰ

2220 691 2382 745 λοιπὰ
2408 693 2464 746 δὲ
2499 693 2676 746 πάντα
2737 692 2844 764 πρὸ
2881 691 3085 760 ταύτης
3112 691 3255 744 κατὰ
3279 691 3369 744 τὸν
3399 692 3564 744 αὐτὸν
3603 695 3768 763 χρόνον

2221 785 2644 856 συμϐεϐηκέναι,
2676 779 2750 838 ὧν
2783 783 3036 837 ἁπάντων
3097 782 3338 845 ἀκούσας
3388 783 3485 834 ἐπὶ
3512 783 3608 853 τὴν
3650 803 3770 854 πρε-

2222 876 2406 929 σϐείαν
2437 877 2717 945 ἠπείγετο.
2757 876 2869 928 Καὶ⁸
2907 875 3017 927 τῶν
3045 873 3253 944 ἀνδρῶν
3285 874 3530 943 ἡκόντων
3560 875 3671 927 δέον
3693 879 3770 930 τὸν

2232 965 2479 1030 Ἐζεκίαν
2506 967 2603 1029 τὰς
2627 965 2835 1020 ἄνωθεν
2866 964 2960 1017 τοῦ
2987 963 3122 1016 Θεοῦ
3147 963 3456 1032 διηγεῖσθαι
3487 964 3771 1034 μεγαλουρο

2219 1059 2365 1126 γίας,
2427 1059 2520 1112 καὶ
2545 1058 2613 1111 τὰ
2642 1058 2736 1110 νῦν
2771 1056 3160 1109 ἐπισυνάπτειν
3183 1055 3474 1124 γενόμενα,
3499 1055 3573 1116 ὡς
3601 1054 3663 1108 ἂν
3692 1058 3772 1109 £6-

2217 1149 2449 1218 γνώμων
2473 1165 2531 1200 τε
2547 1149 2700 1219 δοκῇ,
2723 1148 3011 1210 κάκείνους
3044 1146 3465 1217 εὐσεϐεστέρους
3493 1147 3772 1215 ποιήσειεν,

2218 1242 2310 1294 καὶ
2343 1241 2407 1292 δι’
2439 1240 2616 1292 αὐτῶν
2645 1240 2864 1310 ἑτέρους
2889 1239 3265 1309 διηγουμένων
3287 1239 3431 1308 ἆτιερ
3454 1235 3772 1305 ἐγνώκασιν·

2213 1334 2370 1388 τοῦτο
2397 1334 2497 1403 μὲν
2531 1335 2590 1386 οὐ
2610 1335 2770 1387 ποιεῖ.
2795 1332 3094 1401 Φιλοτίμως
3124 1331 3180 1384 δὲ
3212 1331 3514 1400 χαυνωθεὶς
3531 1371 3548 1396 ,
3571 1331 3776 1385 ἀνακα-

2215 1429 2426 1482 neme;
2483 1427 2718 1491 τούτοις
2760 1425 2905 1489 τοὺς
2948 1423 3316 1493 θησαυροὺς,
3359 1423 3458 1476 καὶ
3489 1421 3595 1475 τὸν
3630 1419 3778 1478 οἶκον

2213 1520 2320 1573 τοῦ
2363 1517 2606 1587 Νεχώθα
2631 1558 2644 1583 ,
2675 1519 2811 1587 ὅπερ
2841 1512 3009 1571 οἷκον
3035 1515 3355 1584 ἀρωμάτων
3413 1514 3645 1577 Ἀκύλας
3668 1514 3778 1583 ἔφη,

2215 1613 2307 1664 καὶ
2329 1610 2631 1681 Σύμμαχος
2673 1607 2837 1678 γάζα,
2865 1620 2887 1648 ο
2926 1609 2982 1662 δὲ
3016 1607 3169 1678 παρὰ
3196 1607 3432 1677 Πέρσαις
3453 1606 3554 1676 τὴν
3579 1621 3779 1677 περιου-

2218 1704 2340 1756 σίαν
2377 1702 2655 1774 σημαίνει,
2686 1702 2844 1754 τοῦτο
2867 1700 2925 1753 δὲ
2955 1700 3017 1753 ού
3045 1700 3205 1770 μόνον
3235 1699 3408 1767 τύφον
3442 1693 3562 1768 εἷχε
3591 1698 3778 1760 καινὸν,

2215 1796 2349 1850 ἀλλὰ
2367 1797 2586 1858 καὶτοῖς
2613 1793 3016 1866 [βλεπομένοις]
3036 1795 3164 1855 τοὺς
3184 1791 3482 1862 πολεμίους
3498 1790 3588 1842 ἐπ’
3603 1788 3783 1857 ὀφθαλ-

2219 1889 2349 1959 μίαν
2377 1888 2400 1926 d
2435 1887 2868 1956 παρεσκεύαζεν.
2930 1887 3095 1940 Ὅθεν
3125 1887 3153 1938 ὁ
3192 1886 3485 1954 προφήτης
3528 1881 3691 1935 ἐλθὼν
3718 1881 3783 1945 ὡς

2217 1983 2312 2033 ἀπ’
2341 1981 2549 2044 οἰκείας
2591 1977 2837 2050 γνώμης,
2865 1977 2979 2032 ἀλλ’
3002 1978 3064 2031 οὐ
3087 1976 3220 2029 Θεοῦ
3259 1977 3417 2045 δῆθεν
3454 1974 3780 2045 πέμψαντος,

2216 2075 2244 2127 ὅ
2262 2093 2314 2128 τι
2337 2060 2543 2127 θέλοιεν
2569 2069 2714 2128 οῦτοι
2733 2072 3084 2136 πυνθάνεται,
3103 2071 3224 2142 ἤθει
3239 2069 3586 2140 κεχρημένος
3600 2067 3781 2134 πολλῷ,

2215 2169 2310 2222 καὶ
2361 2169 2576 2232 δεικνὺς
2599 2167 2674 2230 ὡς
2697 2162 2861 2237 ἦλθον
2918 2164 3019 2234 μὲν
3050 2164 3122 2216 τὰ
3152 2162 3249 2215 τοῦ
3307 2161 3443 2215 Θεοῦ
3522 2158 3783 2230 παράδοξα

2221 2260 2609 2332 μαθησόμενοι,
2639 2260 2703 2312 σὺ
2727 2259 2782 2311 δὲ
2813 2257 3011 2310 σαυτὸν
3046 2257 3129 2318 εἰς
3183 2253 3368 2324 θαῦμα
3394 2253 3636 2317 τούτοις,
3678 2251 3784 2304 ἀντὶ

2216 2352 2354 2406 Θεοῦ
2409 2351 2820 2423 παραδέδωκας,
2852 2350 2952 2420 τὴν
2999 2348 3152 2402 θείαν
3175 2347 3234 2400 οὑ
3260 2344 3486 2410 διδάξας
3506 2343 3782 2414 ὑπεροχὴν,

2215 2447 2324 2501 οὐδ’
2377 2446 2458 2500 ὅτι
2481 2447 2592 2508 τοῖς
2621 2440 2785 2497 αὐτοῦ
2818 2441 3142 2511 νεύμασινὴ
3173 2439 3350 2502 κτίσις
3405 2438 3707 2506 ὑποχωρεῖ.
3736 2435 3785 2487 '0

2215 2539 2275 2593 δὲ
2297 2539 2436 2612 πρὸς
2483 2537 2584 2608 μὲν
2634 2536 2716 2599 τὸ,
2775 2535 2834 2588 τι
2876 2533 3192 2602 λέγουσιν,
3219 2531 3370 2584 οὐδὲν
3416 2527 3784 2600 ἀποκρίνεται,

2215 2627 2308 2681 τὸν
2337 2627 2557 2698 ἔλεγχον
2577 2625 2783 2689 δεδιώς.
2811 2623 2956 2695 Πρὸς
2977 2623 3035 2676 δὲ
3069 2623 3152 2687 τὸ,
3184 2623 3368 2676 πόθεν
3387 2621 3644 2689 ἧκασιν,
3669 2621 3787 2674 ἀλα-

2217 2722 2447 2791 ζονικῶς
2483 2719 2668 2788 λέγων
2687 2733 2703 2749 ο
2728 2719 2796 2771 ἐκ
2829 2715 2942 2787 γῆς
2983 2717 3308 2786 μακρόθεν,
3339 2715 3414 2777 ὡς
3445 2714 3597 2768 κατὰ
3649 2713 3788 2777 κλέος

2216 2815 2383 2870 αὑτοῦ
2413 2814 2510 2883 τῆς
2558 2811 2750 2882 φήμης
2782 2809 2980 2872 αὐτοὺς
3008 2807 3102 2860 καὶ
3133 2805 3416 2877 πόρρωθεν
3444 2805 3785 2876 ἐνεγκούσης,

2215 2907 2304 2961 ὅτε
2365 2904 2459 2958 καί
2487 2903 2586 2974 τὴν
2636 2901 2702 2955 ὲκ
2727 2899 2864 2954 Θεοῦ
2909 2898 3051 2952 κατὰ
3085 2897 3277 2950 τούτου
3303 2897 3493 2950 λοιπὸν
3527 2900 3789 2966 ἀπόφασιν

2216 2998 2424 3068 ἤγαγεν
2444 3009 2458 3025 ο
2491 2990 2689 3046 πάντα
2739 2987 3164 3057 ληφθήσεσθαι
3191 2983 3351 3056 παρὰ
3406 2985 3791 3040 Βαϐυλωνίων

2221 3087 2390 3142 εἰπὼν
2413 3084 2514 3139 καὶ
2556 3082 2698 3148 τοὺς
2733 3080 2802 3145 ἐξ
2837 3079 3023 3134 αὑτοῦ
3063 3078 3536 3148 καταγομένους,
3593 3076 3788 3130 εὐνού-

2221 3197 2370 3251 χους
2412 3176 2492 3242 τῷ
2535 3175 2766 3229 τούτων
2804 3172 3056 3227 ἔσεσθαι
3108 3170 3380 3235 βασιλεῖ.
3429 3169 3610 3222 Τοῦτο
3629 3169 3683 3221 δὲ
3710 3165 3791 3236 γέ-

2220 3285 2400 3339 γονεν,
2433 3266 2508 3328 ὡς
2537 3265 2596 3317 ὲν
2619 3265 2739 3324 ταῖς
2779 3260 3088 3322 Ιςασιλείαις
3119 3260 3464 3329 ἐγνώκαμεν,
3491 3259 3552 3310 ὲν
3573 3258 3790 3328 ἡμέραις

2235 3358 2505 3431 Ἰεχονίου,
2537 3357 2625 3409 ὅτε
2657 3355 2753 3408 καὶ
2781 3354 2832 3406 οἱ
2862 3352 2991 3424 περὶ
3017 3353 3107 3405 τὸν
3134 3350 3332 3421 Δανιὴλ
3359 3353 3416 3403 ὲν
3439 3350 3521 3419 τῷ
3550 3350 3682 3418 οἴκῳ
3706 3345 3790 3400 τοῦ

2225 3449 2489 3523 βασιλέως
2507 3448 2816 3518 γεγόνασιν,
2846 3442 3261 3515 εύνοῦχοι,καθά
3288 3442 3419 3512 φασί
3445 3459 3618 3506 τινες,
3646 3456 3789 3508 γεγο-

2223 3544 2394 3605 νότες.
2428 3542 2609 3610 Ἀπερ
2651 3538 2901 3604 Ἐζεκίας
2938 3535 3186 3598 ἀκούσας
3214 3534 3460 3598 εὐλαϐῶς
3495 3551 3558 3586 τε
3590 3531 3682 3585 καὶ
3714 3531 3790 3584 εὑο

2226 3634 2400 3699 σεδῶς
2433 3633 2659 3704 ἀγαθὸν
2679 3632 2794 3702 ἔφη
2819 3630 3016 3684 πάντα
3038 3626 3227 3698 λᾘγον
3263 3624 3415 3681 εἶναι
3440 3627 3614 3690 Θεοῦ,
3639 3623 3732 3677 κᾶν
3758 3623 3787 3691 ἡ

2223 3725 2431 3780 τούτων
2471 3725 2608 3795 ἀκοὴ
2663 3724 2789 3788 τοὺς
2837 3720 3161 3792 ἀνθρώπους
3217 3719 3531 3788 λυπήσειεν.
3591 3715 3693 3768 Τὸν
3716 3713 3790 3783 ἐφ’

2227 3814 2422 3869 ἑαυτοῦ
2445 3814 2502 3867 δὲ
2537 3815 2693 3884 μόνον
2719 3811 3080 3882 παρῃτήσατο
3120 3809 3335 3880 χρόνον,
3364 3804 3704 3878 εὐχαριστῶν
3726 3801 3790 3872 τῷ

2225 3907 2384 3976 Θεῷ,
2443 3908 2636 3976 ὅτιπερ
2668 3905 2728 3957 ού
2760 3905 2826 3975 τῇ
2861 3903 2971 3958 τῶν
3025 3901 3214 3956 κακῶν
3261 3901 3586 3970 ἐτιμωρεῖτο
3622 3895 3790 3966 πείρᾳ,

2227 4005 2384 4075 φήμῃ
2411 4004 2467 4057 δὲ
2491 4003 2627 4075 μόνῃ
2657 4001 2766 4056 τῶν
2793 4002 3058 4074 λυπηρῶν
3083 4000 3192 4055 τῶν
3229 3999 3534 4072 μελλόντων
3558 4000 3790 4065 ἐσωφρο-

2227 4097 2424 4160 νίζετο,
2454 4094 2610 4159 εἰδὼς
2639 4095 2775 4165 μηδὲ
2795 4097 2920 4158 τοὺς
2943 4095 3000 4161 ἐξ
3026 4093 3191 4148 αὑτοῦ
3217 4091 3313 4162 τὴν
3339 4091 3548 4144 τούτων
3570 4088 3790 4159 ἀκρίτως

2227 4188 2481 4256 δέξασθαι
2507 4191 2726 4257 πεῖραν,
2752 4187 2836 4255 ἐφ’
2867 4181 2949 4250 οἷς
2981 4185 3038 4238 δὲ
3076 4186 3486 4257 ἁμαρτήσονται
3534 4195 3791 4250 τιμωρου-

2231 4281 2445 4352 μένους,
2469 4280 2577 4332 τῶν
2601 4279 2660 4344 ἐξ
2678 4277 2844 4332 αὑτοῦ
2868 4278 3202 4348 τικτομένων
3228 4276 3454 4330 δικαίων
3473 4274 3548 4346 μὴ
3574 4273 3792 4342 βλαπτο-

2232 4373 2409 4442 μένων
2440 4375 2506 4444 τῇ
2533 4371 2699 4426 αὑτοῦ
2757 4371 3024 4442 ἁμαρτίᾳ.
3061 4371 3118 4424 '0
3147 4371 3206 4424 δὲ
3239 4370 3491 4440 Ἐϐραῖος
3534 4367 3684 4434 ἔλεγε
3710 4363 3790 4416 τὸν

555 4475 808 4536 posteros
840 4480 970 4520 suos
1004 4481 1127 4521 esse
1169 4472 1372 4520 temere
1423 4473 1826 4535 perventurus;
1883 4463 1978 4519 sed
2029 4479 2121 4520 sua

2232 4466 2364 4519 Θεὸν
2396 4464 2471 4537 μὴ
2505 4464 2868 4531 ἀποδέξασθαι
2919 4463 3017 4535 τὴν
3059 4462 3307 4527 Ἐζεκίου
3333 4461 3654 4532 προαίρεσιν
3681 4456 3789 4508 έαν·

555 4566 769 4611 tantum
821 4557 966 4623 illos,
1029 4572 1137 4611 non
1181 4545 1303 4626 Quae
1352 4557 1472 4626 ipse
1514 4555 1852 4619 admisisset,
1907 4565 2129 4625 peccata

555 4650 812 4704 luituros.
852 4648 1105 4704 Traduut
1148 4647 1361 4704 llcbrmi
1393 4647 1638 4704 Ezechiaa
1664 4649 2001 4712 institutum,
2037 4650 2130 4718 qui

555 4741 659 4796 sibi
689 4750 902 4796 tantum
923 4742 1189 4806 intentus,
1217 4743 1475 4813 papulum
1503 4752 1556 4794 et
1583 4741 1774 4798 urbem
1807 4741 2128 4813 negligeret,

559 4834 724 4889 Deum
768 4851 873 4890 non
907 4834 1184 4905 amplecti,
1209 4833 1439 4906 ideoque
1466 4834 1750 4906 deinceps,
1787 4833 2127 4888 Consolami-

558 4927 636 4993 ni,
656 4927 1005 4981 consolamini
1027 4928 1274 4997 populant
1303 4944 1496 4994 meum,
1528 4929 1657 4982 dicit
1686 4927 1967 4994 Dominus,
1998 4944 2130 4999 pro-

560 5020 780 5086 phetam
827 5018 1089 5088 adjicere.
1136 5020 1368 5086 Quando
1409 5019 1578 5084 enim,
1621 5020 1796 5084 aiunt,
1821 5034 2007 5074 auiore
2046 5021 2129 5073 sui

2235 4558 2330 4612 τοῦ
2364 4561 2525 4628 μόνου
2578 4557 2981 4628 φροντίσαντος,
3042 4555 3392 4627 ὑπεριδόντος
3427 4552 3486 4606 δὲ
3530 4550 3624 4604 τοῦ
3673 4543 3788 4599 λαοῦ

2237 4651 2332 4704 καὶ
2362 4651 2460 4721 τῆς
2499 4649 2728 4713 πόλεως.
2763 4650 2963 4720 Διόπερ
2993 4649 3298 4716 ἐπήνεγκεν
3329 4645 3413 4714 ἐφ’
3435 4642 3582 4712 ἑξῆς,
3615 4641 3790 4704 Παραν

2237 4745 2495 4810 καλεῖτε,
2513 4744 2910 4814 παρακαλεῖτε
2932 4741 3040 4797 τὸν
3059 4741 3215 4796 λαόν
3241 4755 3382 4809 μου,
3398 4733 3561 4803 λέγει
3582 4736 3613 4786 ὀ
3641 4729 3785 4792 Θεός.

2239 4839 2302 4891 El
2358 4839 2468 4909 γὰρ
2527 4840 2734 4901 ἐκεῖνος
2783 4837 3036 4906 φίλαυτος
3079 4833 3339 4903 πέφηνεν,
3387 4825 3504 4881 ἀλλ’
3562 4823 3714 4892 ὑμεῖς
3746 4817 3786 4869 εί

2237 4928 2545 4999 δυνάμενοι.
2577 4929 2973 4998 παρακαλεῖτε
3004 4927 3110 4981 τὸν
3145 4924 3292 4991 ἐμὸν
3329 4921 3508 4976 λαόν.
3561 4913 3786 4986 Κήδομίι

2239 5021 2350 5092 γάρ
2387 5039 2486 5090 μου
2503 5019 2596 5074 τοῦ
2627 5021 2963 5091 πλάσματος.

533 5125 738 5182 .regem
766 5113 991 5166 cernitis
1018 5114 1275 5178 avocari;
1308 5113 1392 5166 vel
1422 5112 1526 5182 ipsi
1564 5113 1782 5177 saltem,
1830 5112 1922 5181 qui
1958 5112 2206 5181 potestis,
2228 5113 2480 5182 populum
2516 5130 2709 5180 meum,
2776 5113 2933 5182 cujus
2990 5120 3251 5180 tanquam
3313 5101 3551 5176 ﬁgmenti
3615 5104 3782 5150 curam

557 5220 712 5274 gero,
744 5205 1112 5261 consolamini.

1191 5294 1342 5350 CAP.
1385 5293 1496 5349 XL.

629 5387 792 5460 435
823 5386 990 5441 Vens.
1025 5387 1141 5440 1-8.
1181 5385 1564 5452 Consolamini,
1596 5387 1941 5440 consolamiui
1975 5403 2140 5455 popu-

561 5474 670 5534 lum
729 5497 921 5542 meum,
976 5479 1105 5530 dicit
1165 5477 1326 5532 Deus.
1380 5477 1711 5544 Sacerdotrs,
1753 5479 2028 5549 loquimini
2064 5482 2131 5533 ad

2863 5289 3111 5344 ΚΕΦΑᾹ.
3137 5288 3226 5341 Μ’.

2317 5393 2454 5456 α-ην.
2487 5382 2882 5453 Παρακαλεῖτε
2906 5422 2920 5447 ,
2949 5377 3341 5447 παρακαλεῖτε
3365 5373 3471 5428 τὸν
3497 5370 3641 5426 λαόν
3657 5380 3780 5433 μου,

2241 5481 2400 5548 λέγει
2430 5483 2461 5533 ὀ
2501 5480 2645 5544 Θεός
2669 5495 2681 5507 ·
2717 5477 2908 5546 ἱερεῖς,
2941 5473 3254 5539 λαλήσητε
3295 5471 3382 5535 εἰς
3415 5465 3527 5535 τὴν
3557 5458 3782 5529 καρδίαν

1876 5654 1960 5708 VA
1973 5652 2108 5707 RM“.
2152 5651 2545 5707 LECTIONES.

643 5760 666 5782 ι
711 5766 800 5814 ηε,
838 5745 889 5799 ἃ.
970 5747 1106 5813 dm.
1140 5743 1536 5814 ἑποιρθαλμιᾷιι.
