3978 6374
185 284 303 346 2329

1307 289 1846 354 COMMENTARII
1888 292 1971 354 IN
2009 293 2297 358 ISAIAM.

3270 296 3417 364 2333

192 389 563 461 Ἰερουσαλήμ.
595 393 1062 460 Παρακαλέσατε
1082 396 1297 463 αὐτὴν,
1326 399 1415 452 ὅτι
1438 400 1719 470 ἐπλήσθη

1828 418 1915 455 cor
1962 401 2289 461 Jerusalem.
2327 407 2700 464 Consolantini
2744 423 2883 472 eam,
2938 409 3065 477 quia
3105 409 3301 476 repleta
3337 423 3419 466 est

178 487 209 550 ἠ
242 484 582 549 ταπείνωσις
631 483 842 553 αὐτῆς,
884 485 1135 541 ,λέλυται
1167 489 1358 555 αὐτῆς
1381 490 1419 557 ἡ
1447 493 1722 560 ἁμαρτία,

177 579 252 631 ὅτι
306 575 541 639 ἐδέξατο
563 577 628 629 ἐκ
653 576 850 646 χειρὸς
874 579 1094 647 Κυρίου
1137 579 1322 635 διπλᾶ
1350 584 1420 634 τὰ
1465 583 1726 653 ἁμαρτή-

171 684 304 739 ματα
326 668 528 736 αὐτῆς.
581 669 750 736 Φωνὴ
793 669 1065 737 ,βοῶντος
1083 672 1152 724 ἐν
1177 671 1249 741 τῇ
1277 673 1492 742 ἐρήμῳ,
1537 675 1725 729 Ἑτοι-

172 761 376 830 μάσατε
402 761 514 826 τὴν
533 761 675 815 ὁδὸν
694 765 937 830 Κυρίου,
963 782 1023 818 κ.
1061 783 1114 818 τ.
1142 765 1192 818 λ.

233 853 608 925 Περιγράψασα
630 856 726 926 τὴν
763 856 1018 910 ὑπόθεσιν
1047 859 1145 926 τῆς
1176 859 1315 910 κατὰ
1339 859 1430 911 τὸν
1465 859 1719 924 Ἐζεκίαν

173 946 474 1017 προφητείας
507 947 796 1017 ήὶστορία,
841 949 900 1013 ἐξ
943 949 1136 1020 ἑτέρας
1182 951 1354 1020 ἀρχῆς
1413 952 1506 1004 τοῦ
1566 955 1727 1020 εὐαγ-

172 1036 361 1106 γελικοῦ
385 1037 540 1106 λόγου
568 1039 921 1110 κατάρχεται,
953 1043 1066 1104 τοῖς
1086 1040 1145 1093 τὸ
1170 1041 1264 1094 τοῦ
1293 1043 1528 1111 Χριστοῦ
1563 1043 1726 1097 πνεῦο

175 1149 237 1200 μα
267 1131 350 1182 τὸν
370 1129 757 1198 παράκλητον
779 1132 1191 1202 ὑποδεξαμένοις
1214 1135 1506 1198 ἐπιϐοῶσα,
1532 1139 1725 1203 Παρα-

173 1221 381 1276 ναλεῖτε
405 1222 512 1274 τὸν
540 1224 695 1276 λαόν
721 1242 858 1291 μου.
894 1224 1079 1278 Πάντα
1111 1227 1219 1297 γὰρ
1250 1226 1341 1280 τὸν
1373 1227 1523 1292 ἄξιον
1563 1229 1724 1284 αὐτοῦ

172 1314 502 1383 χρηματίζειν
532 1313 689 1368 λαὸν
718 1314 812 1369 τὸν
833 1315 892 1382 ἐξ
928 1317 1182 1370 ἁπάντων
1203 1317 1312 1371 τῶν
1363 1319 1531 1372 ὲθνῶν
1587 1319 1726 1385 ἐξει-

173 1409 402 1477 λεγμένον
439 1409 762 1479 προστάττει
787 1412 898 1474 τοῖς
951 1411 1280 1476 ἀποστόλοις
1323 1415 1722 1482 παρακαλεῖν,

171 1502 284 1569 επερ
326 1499 511 1570 ἔδρων,
565 1501 640 1564 ὡς
684 1503 712 1555 6
770 1501 985 1566 Παῦλος
1043 1504 1280 1574 ἐδήλωσε
1305 1505 1478 1573 λέγων
1510 1523 1524 1537 ⁸
1566 1526 1584 1558 ‹
1617 1508 1724 1561 Εὐ-

170 1591 364 1663 λογητὸς
387 1594 415 1646 6
447 1593 580 1655 Θεὸς
610 1595 704 1647 καὶ
731 1596 918 1667 Πατὴρ
942 1597 1039 1650 τοῦ
1084 1599 1290 1670 Κυρίου
1333 1599 1490 1670 ἡμῶν
1548 1599 1723 1671 Ἰησοῦ

171 1681 398 1753 Χριστοῦ,
434 1684 462 1735 ὁ
491 1683 682 1754 Πατὴρ
708 1683 818 1738 τῶν
845 1686 1164 1757 οἰκτιρμῶν,
1214 1689 1309 1740 καὶ
1356 1687 1488 1751 Θεὸς
1545 1690 1726 1759 πάσης

170 1774 564 1844 παρακλήσεως,
600 1779 628 1829 ὁ
659 1777 991 1848 παρακαλῶν
1033 1779 1180 1848 ἡμᾶς
1247 1781 1304 1832 ἐν
1357 1779 1506 1852 πάσῃ
1547 1780 1723 1850 θλίψει

169 1866 320 1936 ἡμῶν,
374 1868 452 1930 εἰς
503 1868 564 1919 τὸ
618 1868 878 1922 δύνασθαι
915 1872 1065 1940 ἡμᾶς
1109 1871 1448 1942 παρακαλεῖν
1495 1873 1621 1937 τοὺς
1665 1875 1724 1928 ὲν

169 1959 293 2029 πάσῃ
324 1957 515 2026 θλίψει.
547 1959 636 2012 διὰ
663 1959 763 2030 τῆς
787 1963 1206 2032 παρακλήσεως,
1247 1958 1314 2035 ἧς
1353 1965 1506 2017 αὐτοὶ
1540 1983 1723 2036 παρα-

169 2051 445 2120 καλούμεθα
477 2050 586 2104 ύπὸ
614 2052 770 2115 Θεοῦ,
810 2073 828 2105 ι
868 2055 963 2106 καὶ
1010 2054 1078 2106 τὰ
1122 2054 1259 2124 μετὰ
1283 2054 1478 2118 ταῦτα,
1532 2057 1599 2110 δι’
1643 2052 1718 2111 ὧν

171 2144 356 2197 πάντων
391 2142 496 2195 τῶν
525 2144 655 2210 περὶ
685 2145 786 2214 τῆς
836 2129 1276 2214 παρακλήσεως
1314 2147 1470 2216 λόγον
1508 2149 1721 2204 ἀπέδω-

168 2252 261 2290 κεν.
285 2234 385 2287 Καὶ
408 2234 646 2305 ἀλλαχοῦ
676 2236 755 2300 δὲ,
786 2237 1038 2309 καθάπερ
1091 2239 1412 2307 πειθόμενος
1471 2242 1537 2310 τῇ
1588 2257 1724 2309 προ-

168 2329 339 2397 φητικῇ
369 2327 792 2398 παρακελεύσει,
826 2327 926 2398 βοᾶ
952 2345 966 2360 ⁸
1021 2348 1039 2380 ι
1077 2329 1321 2393 Δεόμεθα
1383 2330 1523 2400 ὑπὲρ
1583 2331 1720 2400 Χρι-

169 2420 291 2484 στοῦ,
319 2421 691 2490 καταλλάγητε
721 2421 798 2492 τῷ
825 2421 964 2492 Θεῷ.
993 2441 1011 2474 ι
1035 2423 1144 2476 Καὶ
1161 2422 1339 2475 πάλιν⁸
1371 2443 1390 2474 ι
1414 2422 1722 2493 Παρακαλῶ

167 2514 214 2566 δὲ
246 2514 374 2583 ὑμᾶς
413 2513 524 2582 ἐγὼ
551 2514 822 2583 ὁδέσμιος
864 2516 921 2566 ὲν
968 2514 1190 2585 Χριστῷ
1227 2515 1429 2585 Ἰησοῦ.
1460 2535 1478 2567 ι
1534 2515 1608 2568 Τὸ
1664 2515 1721 2569 δὲ

168 2607 331 2674 ἱερεῖς,
361 2606 434 2670 ὡς
460 2609 534 2676 μὴ
567 2607 826 2672 κείμενον
855 2607 1008 2678 παρὰ
1029 2610 1141 2672 τοῖς
1173 2608 1377 2672 ἄλλοις,
1430 2609 1722 2663 ὠϐἐλισται

168 2699 290 2767 παρὰ
320 2700 424 2760 τοῖς
440 2697 870 2770 Ἑϐδομήκοντα.

231 2790 282 2844 '0
311 2790 432 2860 γοῦν
465 2791 770 2861 Σύμμαχὸς
797 2809 929 2860 φησι
951 2807 966 2822 ⁸
999 2791 1414 2861 Παρηγορεῖτε,
1462 2807 1721 2861 παρηγο-

165 2880 291 2950 ρεῖτε
316 2882 417 2934 τὸν
438 2882 598 2935 ,λαόν
609 2899 729 2951 μου
750 2925 767 2946 ,
797 2881 959 2952 λέγει
983 2885 1016 2936 ό
1043 2882 1183 2948 Θεὸς
1205 2882 1388 2951 ὑμῶν.
1446 2887 1720 2952 Παραμυ-

171 2971 402 3038 (Nicaeae
427 2972 540 3039 τὴν
571 2971 829 3038 καρδίαν
885 2971 1301 3041 Ἰερουσαλήμ.
1348 2967 1419 3044 ’ᾯ
1459 2975 1550 3026 καὶ
1593 2989 1718 3026 συν-

171 3065 416 3133 εφώνησαν
437 3065 485 3117 οἱ
512 3063 716 3118 λοιποί.
755 3065 848 3127 Τις
868 3063 926 3116 δὲ
955 3065 987 3122 ὴ
1017 3062 1206 3134 ὥσπερ
1239 3064 1484 3135 ἐμψύχου
1511 3065 1721 3135 καρδία

171 3156 681 3225 τῆς’1ερουσα.ιήμ;
707 3153 815 3208 Ἦν
845 3156 945 3226 μὲν
975 3157 1146 3209 εἰπεῖν
1183 3157 1303 3208 ἀντὶ
1334 3157 1442 3209 τῶν
1502 3159 1719 3227 οἰκητό-

175 3268 260 3319 ρων
285 3250 522 3320 εἱρῆσθαι
570 3249 671 3321 τὴν
703 3250 878 3313 πόλιν,
912 3250 961 3302 εἰ
991 3248 1067 3318 μὴ
1107 3251 1200 3303 καὶ
1229 3249 1337 3303 τοῦ
1363 3250 1514 3304 λαοῦ
1541 3251 1723 3320 διεμέ-

175 3359 314 3413 μνητο
339 3344 526 3414 λέγων,
562 3343 675 3398 τὸν
694 3346 848 3398 λαόν
870 3361 1008 3412 μου.
1078 3343 1175 3406 Τίς
1195 3343 1251 3397 δὲ
1283 3346 1316 3398 ὀ
1340 3344 1526 3408 λαός;
1576 3344 1721 3408 τίνες

171 3433 215 3486 δὲ
233 3438 278 3489 ol
298 3434 1010 3504 :rapaxa.106rtec;Ai~,)tov
1045 3435 1120 3496 ὡς
1148 3436 1196 3487 οἱ
1253 3435 1313 3486 τὸ
1364 3435 1587 3505 Πνεῦμα
1629 3435 1721 3488 τὸν

173 3527 476 3597 παράκλητον
498 3528 742 3598 ἔχοντες,
769 3530 844 3591 ὡς
872 3529 1155 3599 ἐλέγομεν,
1179 3528 1314 3599 πρὸς
1346 3528 1440 3593 οὒς
1488 3529 1671 3597 ἔλεγεν
1692 3530 1720 3582 6

173 3618 349 3689 Σωτὴρ,
384 3640 401 3671 ι
435 3619 610 3688 Κάγὼ
641 3623 902 3691 ἐρωτήσω
926 3619 1016 3674 τὸν
1052 3621 1268 3691 Πατέρα
1298 3639 1421 3690 μου,
1475 3621 1570 3674 καὶ
1623 3620 1716 3674 ἆλ-

171 3712 242 3764 λον
267 3713 611 3784 Παράκλητον
636 3715 796 3766 δώσει
821 3714 971 3785 ὑμῖν,
1004 3714 1091 3768 ἵνα
1193 3713 1312 3783 μεθ’
1348 3713 1499 3784 ὑμῶν
1530 3714 1608 3774 εἰς
1631 3712 1720 3765 τὸν

171 3809 329 3875 αἰῶνα,
345 3812 402 3864 τὸ
421 3812 648 3881 Πνεῦμα
667 3812 765 3881 τῆς
779 3810 1054 3879 ἀληθείας.
1085 3831 1102 3862 ι
1141 3811 1252 3863 Καὶ
1279 3809 1439 3863 πάλιν
1461 3826 1474 3839 ⁸
1512 3829 1531 3861 ι
1552 3809 1720 3862 Ὅταν

170 3899 214 3949 δὲ
237 3900 348 3972 ἔλθῃ
370 3906 394 3954 6
429 3903 810 3974 Παράκλητος,
861 3923 879 3954 ι
907 3903 967 3955 τὸ
996 3902 1222 3972 Πνεῦμα
1243 3903 1303 3955 τὸ
1336 3903 1514 3971 ἆγιον,
1542 3903 1635 3955 καὶ
1659 3901 1719 3954 τὸ

171 3993 307 4061 θεῖον,
338 3995 471 4050 οὓτω
504 3997 769 4061 πολλάκις
798 3997 1024 4068 Πνεῦμα
1055 3998 1230 4052 καλεῖ.
1294 3998 1356 4050 Οἱ
1407 3997 1498 4049 τὸν
1533 3996 1720 4066 Παρά-

172 4085 336 4155 κλητον
360 4085 448 4143 οῦν
495 4089 806 4160 δεξάμενοι,
867 4089 1241 4158 παρακαλεῖν
1288 4089 1719 4160 προστάττονται

172 4179 259 4231 τὸν
280 4184 422 4236 λαὸν
451 4184 546 4237 τοῦ
580 4183 737 4238 Θεοῦ.
779 4184 921 4237 Ἀλλ’
947 4186 1007 4238 ού
1043 4185 1134 4237 τὸν
1169 4183 1404 4254 Ἰσραὴλ,
1462 4183 1580 4236 οὐδὲ
1629 4181 1720 4236 τὸν

182 4271 366 4339 Ἰακὼϐ,
405 4277 521 4330 οὐδὲ
576 4276 667 4329 τὸν
722 4276 955 4329 Ἰούδαν⁸
999 4276 1115 4330 ἀλλ’
1155 4275 1344 4346 ἕτερον
1397 4277 1549 4345 παρὰ
1592 4273 1719 4326 τοῦ·

173 4378 262 4424 τον,
312 4367 381 4428 ὡς
430 4369 458 4421 6
510 4367 791 4438 Ζαχαρίας
837 4369 987 4440 δηλοῖ
1020 4369 1237 4436 λέγων·
1288 4386 1307 4418 ς
1349 4366 1585 4437 Τέρπου,
1621 4365 1717 4418 καὶ

1747 3113 1789 3169 C

1757 1751 1798 1805 B

1827 491 2105 550 humilitas
2151 496 2288 565 ejus.
2324 497 2572 551 Solutum
2621 510 2698 552 est
2761 507 3035 565 peccatum
3079 499 3250 563 illius,
3287 517 3417 570 quo-

1827 584 1974 636 niam
2011 589 2236 655 suscepit
2269 588 2333 640 de
2359 605 2519 642 manu
2549 589 2764 642 Domini
2788 589 3024 657 duplicia
3050 601 3266 658 peccata
3289 609 3408 648 sua.

1836 672 1950 728 νοω
1969 677 2254 732 clamantis
2281 680 2333 733 in
2359 680 2566 734 deserto
2585 695 2604 734 :
2632 678 2834 734 Parate
2866 681 3006 733 viam
3038 680 3274 747 Domini,
3301 692 3411 743 etc.

1898 853 2164 908 Absoluta
2194 854 2259 908 de
2289 855 2521 909 Ezechia
2557 855 2859 925 prophetia:
2879 864 3216 921 narratione,
3241 859 3412 912 alium

1821 943 1934 1014 jam
1972 946 2082 1002 illis
2131 961 2466 1010 sermonem,
2501 947 2592 1016 qui
2648 947 2854 1003 Christi
2915 950 3169 1018 spiritum
3222 969 3414 1006 conso—

1829 1039 2049 1092 latorem
2101 1051 2464 1110 exceperunt,
2503 1039 2870 1094 Consolamini
2931 1043 3184 1111 populum
3241 1061 3413 1098 meum

1827 1133 2158 1198 inclamans,
2192 1133 2530 1204 aggreditur.
2591 1132 2907 1197 Quendibel
2971 1135 3139 1198 enim,
3181 1136 3273 1204 qui
3315 1151 3413 1203 po-

1826 1228 1939 1298 puli
1977 1227 2059 1281 sui
2108 1228 2480 1296 appellatione
2529 1226 2726 1294 dignus
2761 1225 2857 1288 sit,
2892 1241 2958 1279 ex
2999 1229 3248 1280 omnium
3281 1243 3414 1300 gen-

1828 1321 1961 1374 tium
1997 1332 2231 1373 numero
2269 1318 2531 1372 eximium
2567 1325 2622 1372 et
2659 1317 2922 1372 selectum
2957 1318 3220 1373 consolari
3256 1320 3415 1388 jubet

1827 1413 2106 1483 apostolos
2160 1435 2174 1468 :
2229 1410 2374 1482 quod
2428 1425 2524 1465 eos
2572 1411 2736 1465 etiam
2787 1411 3116 1480 praestitisse
3178 1420 3412 1466 testatur

1827 1505 2032 1561 Paulus
2087 1505 2174 1559 his
2232 1504 2413 1559 verbis
2461 1521 2532 1559 ε(
2571 1503 2902 1558 Benedictus
2943 1503 3103 1569 Deus,
3151 1515 3203 1558 et
3253 1505 3415 1561 Pater

1829 1596 2042 1651 Domini
2072 1596 2244 1650 nostri
2275 1595 2404 1650 Jesu
2438 1595 2662 1658 Christi,
2701 1595 2862 1649 Pater
2882 1594 3411 1662 misericordiarum,

1827 1697 1879 1742 et
1912 1687 2056 1742 Deus
2087 1687 2256 1741 totius
2287 1686 2712 1750 consolationis,
2746 1687 2836 1755 qui
2868 1687 3187 1742 consolatur
3223 1701 3321 1740 nos
3357 1685 3411 1738 in

1828 1779 1977 1832 omni
2009 1776 2323 1840 aﬂlictione,
2355 1791 2450 1847 per
2480 1775 2938 1849 consolationem,
2971 1793 3076 1847 qua
3111 1779 3212 1847 ipsi
3247 1791 3275 1829 a
3304 1775 3414 1830 Deo

1827 1869 2180 1923 consolamur
2224 1867 2293 1934 ⁸⁸,
2345 1885 2364 1918 ι
2412 1870 2758 1938 cazterisque,
2796 1884 2918 1939 quae
2965 1879 3312 1939 sequuntur;
3356 1871 3411 1922 in

1825 1965 2023 2034 quibus
2061 1963 2320 2018 omnibus
2359 1961 2738 2016 consolationis
2796 1963 3064 2016 rationem
3124 1961 3410 2016 exltihuit'

1823 2058 2040 2112 Alicubi
2095 2057 2316 2120 deinde,
2354 2065 2615 2126 tanquam
2654 2059 2976 2127 prophetica
3025 2056 3414 2111 adhortatione

1823 2166 2123 2221 persuasus
2176 2152 2377 2205 clatnat
2421 2168 2435 2206 :
2483 2169 2502 2201 ι
2543 2148 2912 2205 Obsecremus
2958 2165 3053 2221 per
3103 2149 3412 2220 Christum,

1822 2241 2264 2297 reconciliemini
2305 2256 2427 2294 cum
2471 2239 2582 2294 Deo
2619 2241 2685 2294 ’³.
2730 2260 2748 2292 ι
2788 2240 2851 2294 Et
2876 2256 3068 2295 rursus
3117 2256 3132 2294 :
3174 2258 3192 2290 ι
3241 2239 3418 2295 Obse-

1823 2349 1921 2388 cro
1949 2350 2044 2388 vos
2074 2349 2175 2404 ego
2220 2333 2442 2387 vinctus
2480 2334 2533 2387 in
2563 2333 2789 2387 Christo
2820 2333 2946 2388 Jesu
2980 2335 3046 2388 ³⁵.
3099 2353 3115 2386 ι
3161 2333 3255 2388 Est
3287 2347 3418 2386 vero

1823 2425 2126 2479 notandum
2187 2425 2492 2478 sacerdotes
2516 2425 2864 2491 vocabulum,
2902 2435 3163 2494 tanquam
3198 2427 3267 2480 ab
3293 2426 3417 2480 aliis

1823 2533 1931 2571 non
1958 2525 2312 2588 agnoscatur,
2347 2517 2491 2586 apud
2523 2516 2857 2587 interpretes
2883 2515 3240 2588 Septuaginta
3256 2518 3418 2573 obelo

1823 2609 2070 2666 confodi.

1896 2791 1988 2845 Sic
2024 2790 2196 2859 igitur
2241 2788 2606 2861 Symmachus
2654 2807 2668 2842 :
2711 2789 3112 2856 Consolamini,
3167 2787 3417 2845 consola-

1821 2883 1950 2936 mini
1993 2881 2244 2949 populant
2270 2897 2462 2944 meum,
2499 2881 2628 2934 dicit
2653 2879 2818 2952 436
2863 2881 2998 2936 Deus
3041 2891 3229 2937 vester.
3262 2883 3419 2937 Αιιο-

1821 2972 2046 3039 quimini
2091 2988 2182 3025 cor
2226 2971 2569 3036 Jerusalem;
2606 2972 2693 3025 cui
2734 2973 2898 3025 etiam
2939 2975 3122 3026 eteteri
3183 2988 3419 3029 censen-

1821 3067 1986 3119 tiunt.
2019 3066 2120 3119 Sed
2153 3064 2433 3134 quodnam
2461 3072 2544 3118 est
2575 3066 2754 3135 ipsius
2787 3065 3115 3131 Jerusalem,
3149 3075 3416 3136 tanquam

1825 3158 2145 3218 animantis.
2184 3157 2317 3210 cor?
2353 3157 2555 3211 Urbem
2609 3157 2832 3226 quidem
2890 3157 3099 3227 ipsam,
3139 3173 3239 3226 pro
3291 3157 3418 3226 ejus

1824 3252 2045 3312 incolis,
2080 3251 2398 3305 nominasse
2445 3251 2789 3320 respondere
2848 3251 3065 3316 liceret,
3116 3250 3223 3304 nisi
3257 3265 3422 3320 popu-

1824 3343 1933 3397 lum
1979 3359 2150 3396 meum
2188 3339 2759 3411 adjecisset.'Vcrum
2784 3382 2800 3405 ,
2849 3343 2977 3412 quis
3019 3343 3294 3412 populus?
3330 3342 3422 3410 qui

1822 3433 2232 3488 consolatores?
2269 3431 2374 3499 Ipsi
2405 3433 2691 3498 nimirum,
2726 3434 2818 3501 qui
2851 3433 3259 3488 consolatorem
3295 3431 3420 3504 Spi-

1822 3528 1986 3583 ritum
2040 3527 2324 3590 ltabentes,
2369 3527 2472 3581 ista
2520 3541 2549 3579 a
2591 3525 2881 3582 Salvatore
2912 3528 3256 3582 audierunt:
3297 3545 3315 3577 ι
3357 3526 3421 3578 Et

1820 3633 1920 3688 ego
1955 3617 2159 3686 rogabo
2216 3615 2436 3670 Patrem
2500 3632 2706 3680 meum,
2755 3624 2808 3671 et
2862 3617 3030 3671 alium
3074 3616 3418 3671 Paracletum

1821 3710 1972 3764 dabit
2001 3709 2178 3771 vobis,
2215 3717 2275 3762 ut
2308 3709 2379 3763 sit
2403 3708 2688 3762 vobiscum
2723 3709 2777 3763 in
2817 3709 3115 3772 saeculum;
3147 3708 3418 3778 Spiritum

1821 3799 2071 3854 veritatis
2123 3798 2191 3851 ³¹.
2247 3817 2265 3850 ι
2323 3798 2388 3852 Ει
2451 3815 2648 3853 rursus
2687 3815 2700 3852 :
2737 3816 2754 3848 ι
2790 3797 2926 3852 Cum
2985 3810 3167 3852 autem
3202 3798 3418 3852 venerit

1823 3891 2139 3946 Paracletus
2165 3892 2233 3956 ³³,
2299 3911 2317 3944 ι
2357 3900 2464 3946 etc.
2519 3891 2596 3944 Ita
2638 3892 2782 3944 enim
2816 3907 2959 3960 sa’pe
2992 3890 3259 3961 Spiritum
3291 3905 3419 3944 san-

1821 3995 1969 4042 ctum
2005 3997 2057 4040 et
2087 3985 2361 4049 divinum,
2395 3985 2511 4040 sola
2564 3983 2808 4054 Spiritus
2838 3984 3215 4055 appellatione
3248 3980 3420 4052 signi-

1822 4077 1968 4132 ﬁcat.
2014 4077 2117 4144 Qui
2145 4092 2276 4147 ergo
2305 4075 2646 4130 Paracletum
2695 4085 3054 4145 acceperunt,
3096 4074 3194 4128 Dei
3247 4090 3420 4142 popu-

1823 4168 1956 4231 lum,
2018 4184 2127 4223 non
2190 4169 2447 4233 Israelis,
2511 4183 2617 4221 non
2675 4165 2904 4230 Jacobi,
2958 4184 3064 4220 non
3103 4165 3418 4220 Judazorum

1822 4261 2054 4330 denique
2075 4301 2089 4326 ,
2113 4259 2206 4314 sed
2239 4259 2405 4312 alium
2449 4259 2722 4311 consolari
2755 4257 3042 4327 iubentur.
3074 4257 3143 4310 de
3173 4271 3285 4326 quo
3317 4253 3420 4308 Za-

1821 4352 2063 4405 chariam
2098 4352 2171 4404 ita
2207 4349 2504 4418 scripsisse
2543 4349 2775 4418 legimus
2806 4367 2819 4402 :
2851 4367 2868 4397 ι
2907 4348 3096 4402 Gaude
3127 4359 3179 4402 et
3209 4347 3415 4410 laetare,

173 4456 451 4525 εὖφραίνου,
477 4437 726 4529 θυγάτήρ
759 4437 916 4524 Σιὼν,
940 4459 1005 4511 δι’
1060 4459 1143 4511 ὅτι
1195 4457 1304 4510 ἰδοὺ
1332 4455 1578 4526 ἔρχομαι,
1631 4453 1723 4507 καὶ

1832 4444 1939 4498 lilia
1993 4443 2152 4504 Sion,
2203 4441 2330 4512 quia
2368 4457 2470 4512 ego
2518 4441 2700 4503 venio,
2731 4449 2786 4493 et
2827 4439 3090 4493 habitabo
3132 4437 3186 4492 in
3239 4437 3419 4493 medio

172 4547 548 4616 κατασκηνώσω
587 4551 646 4602 ὲν
681 4549 830 4618 μέσῳ
846 4566 962 4610 σου,
993 4547 1142 4615 λέγει
1175 4545 1400 4615 Κύριος.
1430 4546 1539 4598 Καὶ
1560 4560 1722 4596 κατα-

176 4638 428 4703 φεύξονται
463 4642 592 4713 ἔθνη
629 4641 798 4695 πολλὰ
827 4643 920 4694 ἐπὶ
952 4642 1041 4694 τὸν
1073 4639 1274 4710 Κύριον
1303 4639 1360 4690 ὲν
1413 4639 1478 4708 τῇ
1537 4637 1721 4708 ἡμέρα

175 4728 347 4803 ἐκείνῃ,
370 4736 460 4786 καὶ
491 4735 708 4788 ἔσονται
745 4733 893 4804 αύτῷ
931 4735 1008 4797 εἰς
1057 4732 1208 4797 λαὸν,
1243 4731 1336 4784 καὶ
1365 4729 1720 4799 κατασκηνώ-

178 4835 332 4875 σουσιν
367 4827 421 4876 ὲν
453 4827 604 4895 μέσῳ
636 4843 750 4889 σου,
780 4827 874 4878 καὶ
894 4824 1174 4896 ἐπιγνώσῃ
1206 4824 1286 4876 ὅτι
1318 4821 1522 4894 Κύριος
1580 4838 1720 4873 παν-

175 4911 424 4983 τοκράτωρ
447 4915 816 4980 ὲξαπὲσταλκέ
847 4933 913 4986 με
936 4916 1071 4987 πρός
1102 4932 1181 4969 σε.
1215 4933 1233 4966 ι
1307 4912 1381 4966 Δι’
1439 4907 1512 4965 ὧν
1539 4911 1722 4979 σαφῶς

179 5000 280 5072 ἔθνη
309 5006 467 5060 πολλὰ
486 5007 614 5071 λαὸς
643 5009 748 5062 τοῦ
787 5009 932 5064 Θεοῦ
983 5005 1416 5078 προαγορεύεται
1452 5004 1718 5072 γίνεσθαι.

180 5090 270 5144 Καὶ
293 5095 454 5151 ταῦτα
486 5099 633 5170 λέγει
681 5100 888 5172 Κύριος
933 5099 1339 5169 ἀπεσταλμένος
1384 5093 1487 5147 ὑπὸ
1532 5094 1721 5165 ἑτέρου

180 5181 375 5251 Κυρίου.

183 5298 497 5429 “militum
530 5323 568 5372 ι,
598 5308 650 5361 5.
728 5307 774 5340 ³⁸
815 5305 879 5375 ll,
911 5305 1040 5410 Cor.
1069 5321 1122 5370 ν,
1155 5303 1245 5359 20.
1322 5305 1365 5337 ⁸ο
1399 5303 1688 5375 ΕΡ¹¹θθο¹νν
1720 5304 1772 5356 1·

1830 4537 1933 4600 tui,
1964 4535 2094 4588 dicit
2127 4534 2413 4588 Dominus.
2461 4531 2526 4585 Et
2553 4531 2875 4601 confugient
2914 4543 3102 4602 gentes
3134 4531 3318 4586 multa:
3350 4528 3419 4586 ad

1829 4625 2121 4679 Dominum
2159 4623 2212 4676 iu
2246 4624 2334 4677 die
2368 4623 2490 4686 illa,
2525 4632 2579 4676 et
2613 4633 2777 4677 erunt
2814 4622 2863 4676 ei
2914 4623 2966 4675 in
3020 4623 3315 4692 populum;
3365 4630 3421 4677 et

1830 4718 2154 4774 habitabant
2196 4717 2248 4770 in
2286 4717 2464 4769 medio
2499 4718 2614 4783 tui;
2656 4728 2709 4771 et
2744 4725 3081 4785 cognoscent
3113 4716 3241 4786 quia
3278 4715 3422 4775 Deus

1828 4811 2175 4880 omnipotens
2204 4808 2352 4862 misit
2381 4825 2464 4861 me
2487 4809 2554 4862 ad
2588 4817 2642 4863 te
2672 4809 2749 4873 ",
2788 4829 2806 4860 ι
2838 4809 3040 4879 quibus
3070 4816 3260 4880 aperte
3289 4825 3423 4880 gen-

1827 4915 1910 4962 tes
1962 4907 2160 4959 multas
2224 4903 2276 4957 in
2333 4905 2588 4972 populant
2645 4891 2857 4958 Domini
2890 4905 3134 4960 abituras
3166 4904 3421 4973 praedici-

1827 5005 1918 5051 tur
1953 4995 2052 5066 (1).
2104 4994 2169 5049 Ει
2197 4994 2311 5050 inec
2348 4995 2481 5049 dicit
2509 4995 2776 5050 Dominus
2825 4997 3028 5052 missus
3073 4997 3142 5050 ah
3185 4997 3293 5052 alio
3320 4995 3421 5050 Do-

1830 5105 2002 5144 mmo.

1850 5295 1895 5328 ³⁷
1936 5290 2096 5347 Joan.
2124 5308 2236 5358 xw,
2272 5289 2358 5358 16,
2395 5291 2482 5345 17.
2563 5289 2608 5321 "
2649 5289 2783 5346 ibid.
2819 5289 2908 5344 ‘26.
2987 5289 3033 5322 ³³
3073 5286 3304 5342 Zachar.
3346 5301 3411 5356 ιι,

1662 5455 1901 5514 NOTAE.

244 5552 310 5627 (l)
325 5554 501 5612 Placet
524 5559 658 5614 viris
684 5557 956 5627 theologis
980 5556 1392 5627 brevem_istam
1419 5552 1726 5627 clausulam

187 5620 304 5700 ferri:
323 5641 495 5700 posse,
545 5645 665 5700 cum
702 5637 755 5681 et
803 5620 1045 5700 lgnatius
1096 5635 1148 5700 et
1176 5624 1444 5700 _.Iustinus
1498 5623 1726 5700 Martyr,

190 5693 251 5745 ita
279 5694 339 5767 de
364 5695 515 5754 Patre
540 5713 591 5754 et
616 5697 748 5754 Filio
775 5693 918 5767 sepe
946 5697 1109 5751 locuti
1144 5697 1289 5750 sint:
1317 5712 1440 5750 cum
1467 5693 1731 5767 etiamde

189 5766 366 5832 angelis
419 5769 502 5838 (de
545 5771 742 5841 quibus
809 5762 952 5840 apud
1012 5767 1334 5823 Zachariam
1389 5781 1571 5823 sermo
1624 5762 1730 5833 est)

1833 5549 2065 5618 intelligi
2117 5545 2313 5617 possit.
2351 5547 2460 5618 Ego
2513 5554 2694 5598 tamen
2729 5546 2797 5598 ab
2841 5546 3079 5618 Arriano
3127 5545 3312 5618 aliquo
3345 5545 3414 5602 ad

1835 5617 2139 5689 marginem
2171 5627 2360 5689 notata
2404 5617 2464 5671 in
2491 5626 2812 5689 contextum
2880 5617 3098 5671 venisse
3140 5617 3267 5689 ideo
3321 5633 3417 5689 su-

1835 5686 2043 5758 spicor,
2071 5688 2215 5816 qduod
2247 5691 2435 5745 eadem
2456 5686 2634 5742 ablata
2662 5687 2836 5741 locum
2869 5689 2980 5742 liori
3013 5687 3182 5758 magis
3209 5687 3419 5759 perspi-

1843 5776 2005 5816 cuum
2036 5777 2084 5814 vn
2128 5774 2270 5814 eam.

1843 5776 2005 5816 cuum
2036 5774 2270 5816 νιαθθηι.
