  <div class='ocr_page' id='page_1' title='image "/cluster/home/n/w/nwhite01/storage/ocr_20150623/87:2/hvd.32044019208008/405.png"; bbox 0 0 3978 6374; ppageno 0'>
   <div class='ocr_carea' id='block_1_1' title="bbox 583 276 721 340">
    <p class='ocr_par' dir='ltr' id='par_1_1' title="bbox 583 276 721 340">
     <span class='ocr_line' id='line_1_1' title="bbox 583 276 721 340; baseline 0 0"><span class='ocrx_word' id='word_1_1' title='bbox 583 276 721 340; x_wconf 82' lang='lat'><strong>2331</strong></span> 
     </span>
    </p>
   </div>
   <div class='ocr_carea' id='block_1_2' title="bbox 573 474 2147 548">
    <p class='ocr_par' dir='ltr' id='par_1_2' title="bbox 573 474 2147 548">
     <span class='ocr_line' id='line_1_2' title="bbox 573 474 2147 548; baseline 0.004 -20"><span class='ocrx_word' id='word_1_2' title='bbox 573 474 897 540; x_wconf 80' lang='lat' dir='ltr'><strong>Jerusalem,</strong></span> <span class='ocrx_word' id='word_1_3' title='bbox 931 476 1111 546; x_wconf 83' lang='lat' dir='ltr'><strong>populi</strong></span> <span class='ocrx_word' id='word_1_4' title='bbox 1139 475 1354 530; x_wconf 88' lang='lat' dir='ltr'><strong>scilicet</strong></span> <span class='ocrx_word' id='word_1_5' title='bbox 1402 477 1458 531; x_wconf 92' lang='lat' dir='ltr'><strong>in</strong></span> <span class='ocrx_word' id='word_1_6' title='bbox 1508 478 1752 532; x_wconf 80' lang='lat' dir='ltr'><strong>Ecclesia</strong></span> <span class='ocrx_word' id='word_1_7' title='bbox 1797 480 2147 548; x_wconf 70' lang='lat' dir='ltr'><strong>prmstantior</strong></span> 
     </span>
    </p>
   </div>
   <div class='ocr_carea' id='block_1_3' title="bbox 575 565 2148 641">
    <p class='ocr_par' dir='ltr' id='par_1_3' title="bbox 575 565 2148 641">
     <span class='ocr_line' id='line_1_3' title="bbox 575 565 2148 641; baseline 0 -15"><span class='ocrx_word' id='word_1_8' title='bbox 575 565 860 633; x_wconf 82' lang='lat' dir='ltr'><strong>numerus,</strong></span> <span class='ocrx_word' id='word_1_9' title='bbox 907 571 1242 639; x_wconf 84' lang='lat' dir='ltr'><strong>appellatur;</strong></span> <span class='ocrx_word' id='word_1_10' title='bbox 1279 585 1385 624; x_wconf 90' lang='lat' dir='ltr'><strong>non</strong></span> <span class='ocrx_word' id='word_1_11' title='bbox 1428 571 1586 626; x_wconf 92' lang='lat' dir='ltr'><strong>aliter</strong></span> <span class='ocrx_word' id='word_1_12' title='bbox 1614 587 1774 640; x_wconf 88' lang='lat' dir='ltr'><strong>quam</strong></span> <span class='ocrx_word' id='word_1_13' title='bbox 1816 573 1871 626; x_wconf 92' lang='lat' dir='ltr'><strong>in</strong></span> <span class='ocrx_word' id='word_1_14' title='bbox 1913 587 2148 641; x_wconf 89' lang='lat' dir='ltr'><strong>corpore</strong></span> 
     </span>
    </p>
   </div>
   <div class='ocr_carea' id='block_1_4' title="bbox 541 655 2148 733">
    <p class='ocr_par' dir='ltr' id='par_1_4' title="bbox 541 655 2148 733">
     <span class='ocr_line' id='line_1_4' title="bbox 541 655 2148 733; baseline 0.001 -17"><span class='ocrx_word' id='word_1_15' title='bbox 541 655 544 658; x_wconf 58' lang='grc'><em>’</em></span> <span class='ocrx_word' id='word_1_16' title='bbox 575 663 724 716; x_wconf 73' lang='lat' dir='ltr'><strong>cordi</strong></span> <span class='ocrx_word' id='word_1_17' title='bbox 757 663 1117 730; x_wconf 88' lang='lat' dir='ltr'><strong>principatum</strong></span> <span class='ocrx_word' id='word_1_18' title='bbox 1150 663 1466 718; x_wconf 91' lang='lat' dir='ltr'><strong>tribuimus.</strong></span> <span class='ocrx_word' id='word_1_19' title='bbox 1505 662 1626 729; x_wconf 86' lang='lat' dir='ltr'><strong>Quo</strong></span> <span class='ocrx_word' id='word_1_20' title='bbox 1667 663 1919 732; x_wconf 85' lang='lat' dir='ltr'><strong>loquendi</strong></span> <span class='ocrx_word' id='word_1_21' title='bbox 1949 679 2148 733; x_wconf 82' lang='lat' dir='ltr'><strong>genere</strong></span> 
     </span>
    </p>
   </div>
   <div class='ocr_carea' id='block_1_5' title="bbox 576 751 2148 823">
    <p class='ocr_par' dir='ltr' id='par_1_5' title="bbox 576 751 2148 823">
     <span class='ocr_line' id='line_1_5' title="bbox 576 751 2148 823; baseline -0.001 -16"><span class='ocrx_word' id='word_1_22' title='bbox 576 753 773 807; x_wconf 83' lang='lat' dir='ltr'><strong>rationi</strong></span> <span class='ocrx_word' id='word_1_23' title='bbox 825 761 879 806; x_wconf 91' lang='lat' dir='ltr'><strong>et</strong></span> <span class='ocrx_word' id='word_1_24' title='bbox 921 751 1133 817; x_wconf 77' lang='lat' dir='ltr'><strong>spiritui</strong></span> <span class='ocrx_word' id='word_1_25' title='bbox 1171 755 1342 820; x_wconf 85' lang='lat' dir='ltr'><strong>magis</strong></span> <span class='ocrx_word' id='word_1_26' title='bbox 1374 755 1864 823; x_wconf 87' lang='lat' dir='ltr'><strong>obtemperantium</strong></span> <span class='ocrx_word' id='word_1_27' title='bbox 1912 755 2047 807; x_wconf 82' lang='lat' dir='ltr'><strong>ordo</strong></span> <span class='ocrx_word' id='word_1_28' title='bbox 2073 757 2148 806; x_wconf 85' lang='lat' dir='ltr'><strong>si-</strong></span> 
     </span>
    </p>
   </div>
   <div class='ocr_carea' id='block_1_6' title="bbox 573 844 2143 915">
    <p class='ocr_par' dir='ltr' id='par_1_6' title="bbox 573 844 2143 915">
     <span class='ocr_line' id='line_1_6' title="bbox 573 844 2143 915; baseline 0.001 -17"><span class='ocrx_word' id='word_1_29' title='bbox 573 848 885 913; x_wconf 86' lang='lat' dir='ltr'><strong>gnilieatur.</strong></span> <span class='ocrx_word' id='word_1_30' title='bbox 922 844 1111 913; x_wconf 80' lang='lat' dir='ltr'><strong>Itaque</strong></span> <span class='ocrx_word' id='word_1_31' title='bbox 1138 845 1280 915; x_wconf 80' lang='lat' dir='ltr'><strong>loqui</strong></span> <span class='ocrx_word' id='word_1_32' title='bbox 1313 845 1534 912; x_wconf 87' lang='lat' dir='ltr'><strong>quidem</strong></span> <span class='ocrx_word' id='word_1_33' title='bbox 1570 848 1734 908; x_wconf 88' lang='lat' dir='ltr'><strong>istos,</strong></span> <span class='ocrx_word' id='word_1_34' title='bbox 1775 847 1912 898; x_wconf 88' lang='lat' dir='ltr'><strong>alios</strong></span> <span class='ocrx_word' id='word_1_35' title='bbox 1943 855 2143 912; x_wconf 87' lang='lat' dir='ltr'><strong>autem,</strong></span> 
     </span>
    </p>
   </div>
   <div class='ocr_carea' id='block_1_7' title="bbox 573 937 2145 1007">
    <p class='ocr_par' dir='ltr' id='par_1_7' title="bbox 573 937 2145 1007">
     <span class='ocr_line' id='line_1_7' title="bbox 573 937 2145 1007; baseline 0.001 -15"><span class='ocrx_word' id='word_1_36' title='bbox 573 946 832 1004; x_wconf 79' lang='lat' dir='ltr'><strong>tanquam</strong></span> <span class='ocrx_word' id='word_1_37' title='bbox 891 937 1253 991; x_wconf 86' lang='lat' dir='ltr'><strong>consolatione</strong></span> <span class='ocrx_word' id='word_1_38' title='bbox 1313 953 1454 1007; x_wconf 91' lang='lat' dir='ltr'><strong>opus</strong></span> <span class='ocrx_word' id='word_1_39' title='bbox 1513 940 1813 1002; x_wconf 83' lang='lat' dir='ltr'><strong>habentes,</strong></span> <span class='ocrx_word' id='word_1_40' title='bbox 1871 940 2145 994; x_wconf 84' lang='lat' dir='ltr'><strong>consolari</strong></span> 
     </span>
    </p>
   </div>
   <div class='ocr_carea' id='block_1_8' title="bbox 572 1028 2144 1100">
    <p class='ocr_par' dir='ltr' id='par_1_8' title="bbox 572 1028 2144 1100">
     <span class='ocr_line' id='line_1_8' title="bbox 572 1028 2144 1100; baseline 0.001 -19"><span class='ocrx_word' id='word_1_41' title='bbox 572 1030 844 1100; x_wconf 64' lang='lat' dir='ltr'><strong>praecipit.</strong></span> <span class='ocrx_word' id='word_1_42' title='bbox 876 1028 1034 1082; x_wconf 80' lang='lat' dir='ltr'><strong>Dicas</strong></span> <span class='ocrx_word' id='word_1_43' title='bbox 1065 1031 1227 1080; x_wconf 87' lang='lat' dir='ltr'><strong>etiam</strong></span> <span class='ocrx_word' id='word_1_44' title='bbox 1264 1038 1317 1082; x_wconf 91' lang='lat' dir='ltr'><strong>et</strong></span> <span class='ocrx_word' id='word_1_45' title='bbox 1342 1029 1528 1082; x_wconf 84' lang='lat' dir='ltr'><strong>sensui</strong></span> <span class='ocrx_word' id='word_1_46' title='bbox 1559 1029 1815 1096; x_wconf 82' lang='lat' dir='ltr'><strong>subjech</strong></span> <span class='ocrx_word' id='word_1_47' title='bbox 1841 1028 2144 1083; x_wconf 85' lang='lat' dir='ltr'><strong>Jerusalem</strong></span> 
     </span>
    </p>
   </div>
   <div class='ocr_carea' id='block_1_9' title="bbox 571 1121 2147 1191">
    <p class='ocr_par' dir='ltr' id='par_1_9' title="bbox 571 1121 2147 1191">
     <span class='ocr_line' id='line_1_9' title="bbox 571 1121 2147 1191; baseline -0.001 -17"><span class='ocrx_word' id='word_1_48' title='bbox 571 1126 718 1177; x_wconf 80' lang='lat' dir='ltr'><strong>cives</strong></span> <span class='ocrx_word' id='word_1_49' title='bbox 754 1124 965 1175; x_wconf 81' lang='lat' dir='ltr'><strong>ratione</strong></span> <span class='ocrx_word' id='word_1_50' title='bbox 1003 1122 1176 1189; x_wconf 86' lang='lat' dir='ltr'><strong>magis</strong></span> <span class='ocrx_word' id='word_1_51' title='bbox 1216 1121 1504 1188; x_wconf 86' lang='lat' dir='ltr'><strong>pollentes.</strong></span> <span class='ocrx_word' id='word_1_52' title='bbox 1554 1121 1936 1190; x_wconf 70' lang='lat' dir='ltr'><strong>tequioresque</strong></span> <span class='ocrx_word' id='word_1_53' title='bbox 1975 1122 2147 1191; x_wconf 78' lang='lat' dir='ltr'><strong>signi—</strong></span> 
     </span>
    </p>
   </div>
   <div class='ocr_carea' id='block_1_10' title="bbox 571 1212 2145 1282">
    <p class='ocr_par' dir='ltr' id='par_1_10' title="bbox 571 1212 2145 1282">
     <span class='ocr_line' id='line_1_10' title="bbox 571 1212 2145 1282; baseline -0.002 -14"><span class='ocrx_word' id='word_1_54' title='bbox 571 1214 761 1278; x_wconf 76' lang='lat' dir='ltr'><strong>ﬁcari;</strong></span> <span class='ocrx_word' id='word_1_55' title='bbox 794 1230 916 1265; x_wconf 90' lang='lat' dir='ltr'><strong>eum</strong></span> <span class='ocrx_word' id='word_1_56' title='bbox 959 1213 1165 1280; x_wconf 88' lang='lat' dir='ltr'><strong>reliqua</strong></span> <span class='ocrx_word' id='word_1_57' title='bbox 1210 1212 1368 1264; x_wconf 86' lang='lat' dir='ltr'><strong>turba</strong></span> <span class='ocrx_word' id='word_1_58' title='bbox 1408 1227 1595 1264; x_wconf 74' lang='lat' dir='ltr'><strong>crassa</strong></span> <span class='ocrx_word' id='word_1_59' title='bbox 1640 1212 1772 1272; x_wconf 82' lang='lat' dir='ltr'><strong>fere,</strong></span> <span class='ocrx_word' id='word_1_60' title='bbox 1816 1212 2145 1282; x_wconf 85' lang='lat' dir='ltr'><strong>corporique</strong></span> 
     </span>
    </p>
   </div>
   <div class='ocr_carea' id='block_1_11' title="bbox 570 1299 2144 1371">
    <p class='ocr_par' dir='ltr' id='par_1_11' title="bbox 570 1299 2144 1371">
     <span class='ocr_line' id='line_1_11' title="bbox 570 1299 2144 1371; baseline -0.001 -13"><span class='ocrx_word' id='word_1_61' title='bbox 570 1307 809 1358; x_wconf 81' lang='lat' dir='ltr'><strong>maxime</strong></span> <span class='ocrx_word' id='word_1_62' title='bbox 846 1303 1058 1357; x_wconf 88' lang='lat' dir='ltr'><strong>addicta</strong></span> <span class='ocrx_word' id='word_1_63' title='bbox 1098 1304 1187 1356; x_wconf 84' lang='lat' dir='ltr'><strong>sit.</strong></span> <span class='ocrx_word' id='word_1_64' title='bbox 1231 1299 1357 1355; x_wconf 89' lang='lat' dir='ltr'><strong>Vult</strong></span> <span class='ocrx_word' id='word_1_65' title='bbox 1403 1302 1570 1371; x_wconf 89' lang='lat' dir='ltr'><strong>igitur</strong></span> <span class='ocrx_word' id='word_1_66' title='bbox 1607 1309 1660 1355; x_wconf 90' lang='lat' dir='ltr'><strong>et</strong></span> <span class='ocrx_word' id='word_1_67' title='bbox 1697 1303 1762 1354; x_wconf 91' lang='lat' dir='ltr'><strong>ad</strong></span> <span class='ocrx_word' id='word_1_68' title='bbox 1806 1304 1941 1356; x_wconf 88' lang='lat' dir='ltr'><strong>istos</strong></span> <span class='ocrx_word' id='word_1_69' title='bbox 1980 1302 2144 1356; x_wconf 88' lang='lat' dir='ltr'><strong>verba</strong></span> 
     </span>
    </p>
   </div>
   <div class='ocr_carea' id='block_1_12' title="bbox 571 1394 2139 1463">
    <p class='ocr_par' dir='ltr' id='par_1_12' title="bbox 571 1394 2139 1463">
     <span class='ocr_line' id='line_1_12' title="bbox 571 1394 2139 1463; baseline -0.003 -15"><span class='ocrx_word' id='word_1_70' title='bbox 571 1397 688 1448; x_wconf 82' lang='lat' dir='ltr'><strong>tieri</strong></span> <span class='ocrx_word' id='word_1_71' title='bbox 721 1398 790 1448; x_wconf 91' lang='lat' dir='ltr'><strong>ab</strong></span> <span class='ocrx_word' id='word_1_72' title='bbox 815 1397 914 1458; x_wconf 85' lang='lat' dir='ltr'><strong>eis,</strong></span> <span class='ocrx_word' id='word_1_73' title='bbox 943 1396 1034 1463; x_wconf 90' lang='lat' dir='ltr'><strong>qui</strong></span> <span class='ocrx_word' id='word_1_74' title='bbox 1063 1394 1323 1463; x_wconf 89' lang='lat' dir='ltr'><strong>Spiritum</strong></span> <span class='ocrx_word' id='word_1_75' title='bbox 1357 1394 1753 1447; x_wconf 84' lang='lat' dir='ltr'><strong>consolationis</strong></span> <span class='ocrx_word' id='word_1_76' title='bbox 1777 1401 2139 1461; x_wconf 82' lang='lat' dir='ltr'><strong>acceperunt;</strong></span> 
     </span>
    </p>
   </div>
   <div class='ocr_carea' id='block_1_13' title="bbox 568 1482 2139 1552">
    <p class='ocr_par' dir='ltr' id='par_1_13' title="bbox 568 1482 2139 1552">
     <span class='ocr_line' id='line_1_13' title="bbox 568 1482 2139 1552; baseline 0 -16"><span class='ocrx_word' id='word_1_77' title='bbox 568 1491 622 1536; x_wconf 89' lang='lat' dir='ltr'><strong>et</strong></span> <span class='ocrx_word' id='word_1_78' title='bbox 655 1493 998 1552; x_wconf 72' lang='lat' dir='ltr'><strong>peccatorum</strong></span> <span class='ocrx_word' id='word_1_79' title='bbox 1044 1498 1135 1551; x_wconf 88' lang='lat' dir='ltr'><strong>per</strong></span> <span class='ocrx_word' id='word_1_80' title='bbox 1169 1482 1507 1550; x_wconf 84' lang='lat' dir='ltr'><strong>prophetiam</strong></span> <span class='ocrx_word' id='word_1_81' title='bbox 1542 1483 1608 1535; x_wconf 89' lang='lat' dir='ltr'><strong>de</strong></span> <span class='ocrx_word' id='word_1_82' title='bbox 1639 1482 1843 1536; x_wconf 84' lang='lat' dir='ltr'><strong>Christi</strong></span> <span class='ocrx_word' id='word_1_83' title='bbox 1883 1483 2139 1545; x_wconf 81' lang='lat' dir='ltr'><strong>adventu,</strong></span> 
     </span>
    </p>
   </div>
   <div class='ocr_carea' id='block_1_14' title="bbox 569 1574 2142 1637">
    <p class='ocr_par' dir='ltr' id='par_1_14' title="bbox 569 1574 2142 1637">
     <span class='ocr_line' id='line_1_14' title="bbox 569 1574 2142 1637; baseline 0 -9"><span class='ocrx_word' id='word_1_84' title='bbox 569 1591 694 1628; x_wconf 82' lang='lat' dir='ltr'><strong>cum</strong></span> <span class='ocrx_word' id='word_1_85' title='bbox 721 1583 972 1628; x_wconf 82' lang='lat' dir='ltr'><strong>cessante</strong></span> <span class='ocrx_word' id='word_1_86' title='bbox 1001 1574 1296 1626; x_wconf 82' lang='lat' dir='ltr'><strong>humilitate</strong></span> <span class='ocrx_word' id='word_1_87' title='bbox 1341 1574 1499 1627; x_wconf 88' lang='lat' dir='ltr'><strong>etiam</strong></span> <span class='ocrx_word' id='word_1_88' title='bbox 1538 1575 1770 1627; x_wconf 84' lang='lat' dir='ltr'><strong>solutum</strong></span> <span class='ocrx_word' id='word_1_89' title='bbox 1819 1576 1919 1628; x_wconf 87' lang='lat' dir='ltr'><strong>erit</strong></span> <span class='ocrx_word' id='word_1_90' title='bbox 1957 1591 2142 1637; x_wconf 83' lang='lat' dir='ltr'><strong>pecca-</strong></span> 
     </span>
    </p>
   </div>
   <div class='ocr_carea' id='block_1_15' title="bbox 571 1666 2141 1736">
    <p class='ocr_par' dir='ltr' id='par_1_15' title="bbox 571 1666 2141 1736">
     <span class='ocr_line' id='line_1_15' title="bbox 571 1666 2141 1736; baseline 0.002 -17"><span class='ocrx_word' id='word_1_91' title='bbox 571 1677 703 1730; x_wconf 82' lang='lat' dir='ltr'><strong>tum,</strong></span> <span class='ocrx_word' id='word_1_92' title='bbox 753 1670 964 1720; x_wconf 82' lang='lat' dir='ltr'><strong>veniam</strong></span> <span class='ocrx_word' id='word_1_93' title='bbox 1009 1668 1340 1720; x_wconf 84' lang='lat' dir='ltr'><strong>denuntiari.</strong></span> <span class='ocrx_word' id='word_1_94' title='bbox 1373 1666 1536 1721; x_wconf 80' lang='lat' dir='ltr'><strong>Cordi</strong></span> <span class='ocrx_word' id='word_1_95' title='bbox 1570 1682 1699 1734; x_wconf 68' lang='lat' dir='ltr'><strong>ergo</strong></span> <span class='ocrx_word' id='word_1_96' title='bbox 1741 1669 1995 1736; x_wconf 87' lang='lat' dir='ltr'><strong>superius</strong></span> <span class='ocrx_word' id='word_1_97' title='bbox 2029 1684 2141 1722; x_wconf 88' lang='lat' dir='ltr'><strong>me-</strong></span> 
     </span>
    </p>
   </div>
   <div class='ocr_carea' id='block_1_16' title="bbox 1855 281 2487 346">
    <p class='ocr_par' dir='ltr' id='par_1_16' title="bbox 1855 281 2487 346">
     <span class='ocr_line' id='line_1_16' title="bbox 1855 281 2487 346; baseline 0.009 -7"><span class='ocrx_word' id='word_1_98' title='bbox 1855 281 2207 343; x_wconf 75' lang='lat' dir='ltr'><strong>PROCOPII</strong></span> <span class='ocrx_word' id='word_1_99' title='bbox 2245 285 2487 346; x_wconf 73' lang='lat' dir='ltr'><strong>GAZ/EI</strong></span> 
     </span>
    </p>
   </div>
   <div class='ocr_carea' id='block_1_17' title="bbox 646 383 2222 456">
    <p class='ocr_par' dir='ltr' id='par_1_17' title="bbox 646 383 2222 456">
     <span class='ocr_line' id='line_1_17' title="bbox 646 383 2222 456; baseline 0.006 -23"><span class='ocrx_word' id='word_1_100' title='bbox 646 385 760 449; x_wconf 84' lang='lat' dir='ltr'><strong>Qua</strong></span> <span class='ocrx_word' id='word_1_101' title='bbox 801 400 930 456; x_wconf 89' lang='lat' dir='ltr'><strong>ergo</strong></span> <span class='ocrx_word' id='word_1_102' title='bbox 970 385 1180 439; x_wconf 87' lang='lat' dir='ltr'><strong>ratione</strong></span> <span class='ocrx_word' id='word_1_103' title='bbox 1211 383 1299 440; x_wconf 89' lang='lat' dir='ltr'><strong>hic</strong></span> <span class='ocrx_word' id='word_1_104' title='bbox 1332 383 1427 440; x_wconf 83' lang='lat' dir='ltr'><strong>Dei</strong></span> <span class='ocrx_word' id='word_1_105' title='bbox 1459 385 1709 455; x_wconf 81' lang='lat' dir='ltr'><strong>populus,</strong></span> <span class='ocrx_word' id='word_1_106' title='bbox 1746 387 1935 442; x_wconf 89' lang='lat' dir='ltr'><strong>eadem</strong></span> <span class='ocrx_word' id='word_1_107' title='bbox 1975 398 2030 442; x_wconf 88' lang='lat' dir='ltr'><strong>et</strong></span> <span class='ocrx_word' id='word_1_108' title='bbox 2058 405 2149 442; x_wconf 87' lang='lat' dir='ltr'><strong>cor</strong></span> <span class='ocrx_word' id='word_1_109' title='bbox 2175 397 2222 452; x_wconf 79' lang='grc' dir='ltr'>Α</span> 
     </span>
    </p>
   </div>
   <div class='ocr_carea' id='block_1_18' title="bbox 3658 305 3773 371">
    <p class='ocr_par' dir='ltr' id='par_1_18' title="bbox 3658 305 3773 371">
     <span class='ocr_line' id='line_1_18' title="bbox 3658 305 3773 371; baseline 0 0"><span class='ocrx_word' id='word_1_110' title='bbox 3658 305 3773 371; x_wconf 67' lang='grc'><strong>2332</strong></span> 
     </span>
    </p>
   </div>
   <div class='ocr_carea' id='block_1_19' title="bbox 2332 386 3776 473">
    <p class='ocr_par' dir='ltr' id='par_1_19' title="bbox 2332 386 3776 473">
     <span class='ocr_line' id='line_1_19' title="bbox 2332 386 3776 473; baseline 0.008 -29"><span class='ocrx_word' id='word_1_111' title='bbox 2332 391 2417 454; x_wconf 82' lang='grc' dir='ltr'>Ὠς</span> <span class='ocrx_word' id='word_1_112' title='bbox 2445 389 2538 446; x_wconf 81' lang='grc' dir='ltr'><strong>οῦν</strong></span> <span class='ocrx_word' id='word_1_113' title='bbox 2558 386 2711 458; x_wconf 72' lang='grc' dir='ltr'>οὗτος</span> <span class='ocrx_word' id='word_1_114' title='bbox 2735 395 2886 461; x_wconf 76' lang='grc' dir='ltr'><strong>λαός</strong></span> <span class='ocrx_word' id='word_1_115' title='bbox 2916 398 3084 461; x_wconf 83' lang='grc' dir='ltr'><em>Θεοῦ,</em></span> <span class='ocrx_word' id='word_1_116' title='bbox 3103 396 3243 451; x_wconf 75' lang='grc' dir='ltr'>οὕτω</span> <span class='ocrx_word' id='word_1_117' title='bbox 3275 399 3485 467; x_wconf 81' lang='grc' dir='ltr'>καρδιά</span> <span class='ocrx_word' id='word_1_118' title='bbox 3515 402 3776 473; x_wconf 80' lang='grc' dir='ltr'>Ἰερουσα.</span> 
     </span>
    </p>
   </div>
   <div class='ocr_carea' id='block_1_20' title="bbox 2249 483 3778 572">
    <p class='ocr_par' dir='ltr' id='par_1_20' title="bbox 2249 483 3778 572">
     <span class='ocr_line' id='line_1_20' title="bbox 2249 483 3778 572; baseline 0.006 -37"><span class='ocrx_word' id='word_1_119' title='bbox 2249 483 2375 552; x_wconf 81' lang='grc' dir='ltr'><strong>λὴμ</strong></span> <span class='ocrx_word' id='word_1_120' title='bbox 2395 485 2456 536; x_wconf 83' lang='grc' dir='ltr'>τὸ</span> <span class='ocrx_word' id='word_1_121' title='bbox 2483 488 2728 556; x_wconf 78' lang='grc' dir='ltr'>κρεῖττον</span> <span class='ocrx_word' id='word_1_122' title='bbox 2746 486 2840 540; x_wconf 90' lang='grc' dir='ltr'><strong>τοῦ</strong></span> <span class='ocrx_word' id='word_1_123' title='bbox 2876 486 3006 540; x_wconf 86' lang='grc' dir='ltr'>λαοῦ</span> <span class='ocrx_word' id='word_1_124' title='bbox 3047 490 3251 559; x_wconf 81' lang='grc' dir='ltr'><strong>τάγμα,</strong></span> <span class='ocrx_word' id='word_1_125' title='bbox 3295 492 3391 544; x_wconf 80' lang='grc' dir='ltr'><strong>καὶ</strong></span> <span class='ocrx_word' id='word_1_126' title='bbox 3437 496 3532 562; x_wconf 80' lang='grc' dir='ltr'>τῆς</span> <span class='ocrx_word' id='word_1_127' title='bbox 3584 497 3778 572; x_wconf 75' lang='grc' dir='ltr'>Ἐκκλη.</span> 
     </span>
    </p>
   </div>
   <div class='ocr_carea' id='block_1_21' title="bbox 2252 574 3778 655">
    <p class='ocr_par' dir='ltr' id='par_1_21' title="bbox 2252 574 3778 655">
     <span class='ocr_line' id='line_1_21' title="bbox 2252 574 3778 655; baseline 0.012 -31"><span class='ocrx_word' id='word_1_128' title='bbox 2252 574 2371 634; x_wconf 85' lang='grc' dir='ltr'>σίας</span> <span class='ocrx_word' id='word_1_129' title='bbox 2397 574 2457 627; x_wconf 80' lang='grc' dir='ltr'><strong>τὸ</strong></span> <span class='ocrx_word' id='word_1_130' title='bbox 2477 575 2830 645; x_wconf 83' lang='grc' dir='ltr'>κυριώτατον,</span> <span class='ocrx_word' id='word_1_131' title='bbox 2853 577 2929 640; x_wconf 82' lang='grc' dir='ltr'>ὡς</span> <span class='ocrx_word' id='word_1_132' title='bbox 2955 580 2993 646; x_wconf 82' lang='grc' dir='ltr'><strong>ή</strong></span> <span class='ocrx_word' id='word_1_133' title='bbox 3018 581 3229 648; x_wconf 84' lang='grc' dir='ltr'><strong>καρδία</strong></span> <span class='ocrx_word' id='word_1_134' title='bbox 3281 584 3378 636; x_wconf 82' lang='grc' dir='ltr'><strong>τοῦ</strong></span> <span class='ocrx_word' id='word_1_135' title='bbox 3429 585 3680 655; x_wconf 82' lang='grc' dir='ltr'>σώματος,</span> <span class='ocrx_word' id='word_1_136' title='bbox 3725 595 3778 647; x_wconf 80' lang='grc' dir='ltr'>δι’</span> 
     </span>
    </p>
   </div>
   <div class='ocr_carea' id='block_1_22' title="bbox 2248 661 3780 751">
    <p class='ocr_par' dir='ltr' id='par_1_22' title="bbox 2248 661 3780 751">
     <span class='ocr_line' id='line_1_22' title="bbox 2248 661 3780 751; baseline 0.012 -33"><span class='ocrx_word' id='word_1_137' title='bbox 2248 661 2309 719; x_wconf 72' lang='grc' dir='ltr'><strong>οὗ</strong></span> <span class='ocrx_word' id='word_1_138' title='bbox 2337 666 2588 736; x_wconf 86' lang='grc' dir='ltr'>δηλοῦται</span> <span class='ocrx_word' id='word_1_139' title='bbox 2610 670 2668 721; x_wconf 78' lang='grc' dir='ltr'><strong>τὸ</strong></span> <span class='ocrx_word' id='word_1_140' title='bbox 2691 670 2906 737; x_wconf 81' lang='grc' dir='ltr'>λογικόν</span> <span class='ocrx_word' id='word_1_141' title='bbox 2928 689 2988 724; x_wconf 90' lang='grc' dir='ltr'><strong>τε</strong></span> <span class='ocrx_word' id='word_1_142' title='bbox 3013 675 3101 726; x_wconf 73' lang='grc' dir='ltr'><strong>καὶ</strong></span> <span class='ocrx_word' id='word_1_143' title='bbox 3130 674 3361 746; x_wconf 81' lang='grc' dir='ltr'>νοερὼτε</span> <span class='ocrx_word' id='word_1_144' title='bbox 3372 693 3462 744; x_wconf 90' lang='grc' dir='ltr'><strong>ρον</strong></span> <span class='ocrx_word' id='word_1_145' title='bbox 3499 681 3684 751; x_wconf 74' lang='grc' dir='ltr'>τάγμα.</span> <span class='ocrx_word' id='word_1_146' title='bbox 3708 689 3780 742; x_wconf 82' lang='grc' dir='ltr'><strong>Διὸ</strong></span> 
     </span>
    </p>
   </div>
   <div class='ocr_carea' id='block_1_23' title="bbox 2248 757 3782 845">
    <p class='ocr_par' dir='ltr' id='par_1_23' title="bbox 2248 757 3782 845">
     <span class='ocr_line' id='line_1_23' title="bbox 2248 757 3782 845; baseline 0.015 -37"><span class='ocrx_word' id='word_1_147' title='bbox 2248 757 2456 822; x_wconf 75' lang='grc' dir='ltr'>τούτοις</span> <span class='ocrx_word' id='word_1_148' title='bbox 2504 760 2604 828; x_wconf 82' lang='grc' dir='ltr'><strong>μὲν</strong></span> <span class='ocrx_word' id='word_1_149' title='bbox 2657 761 2890 825; x_wconf 67' lang='grc' dir='ltr'><strong>λαλεῖν,</strong></span> <span class='ocrx_word' id='word_1_150' title='bbox 2934 766 3305 832; x_wconf 75' lang='grc' dir='ltr'><strong>παρακαλεῖν</strong></span> <span class='ocrx_word' id='word_1_151' title='bbox 3361 769 3419 821; x_wconf 82' lang='grc' dir='ltr'>δὲ</span> <span class='ocrx_word' id='word_1_152' title='bbox 3477 773 3595 834; x_wconf 78' lang='grc' dir='ltr'>τοὺς</span> <span class='ocrx_word' id='word_1_153' title='bbox 3624 776 3782 845; x_wconf 71' lang='grc' dir='ltr'>ἄλλους</span> 
     </span>
    </p>
   </div>
   <div class='ocr_carea' id='block_1_24' title="bbox 2249 847 3781 927">
    <p class='ocr_par' dir='ltr' id='par_1_24' title="bbox 2249 847 3781 927">
     <span class='ocr_line' id='line_1_24' title="bbox 2249 847 3781 927; baseline 0.014 -31"><span class='ocrx_word' id='word_1_154' title='bbox 2249 847 2527 912; x_wconf 77' lang='grc' dir='ltr'>ἐπέταξεν,</span> <span class='ocrx_word' id='word_1_155' title='bbox 2559 848 2632 912; x_wconf 83' lang='grc' dir='ltr'>ὡς</span> <span class='ocrx_word' id='word_1_156' title='bbox 2685 849 2752 902; x_wconf 82' lang='grc' dir='ltr'><strong>ἂν</strong></span> <span class='ocrx_word' id='word_1_157' title='bbox 2780 849 3064 921; x_wconf 81' lang='grc' dir='ltr'><strong>δεομένους</strong></span> <span class='ocrx_word' id='word_1_158' title='bbox 3113 857 3487 926; x_wconf 70' lang='grc' dir='ltr'><strong>παραμυθίας.</strong></span> <span class='ocrx_word' id='word_1_159' title='bbox 3533 861 3710 927; x_wconf 76' lang='grc' dir='ltr'>Εἴποις.</span> <span class='ocrx_word' id='word_1_160' title='bbox 3738 869 3781 920; x_wconf 81' lang='grc' dir='ltr'>δ’</span> 
     </span>
    </p>
   </div>
   <div class='ocr_carea' id='block_1_25' title="bbox 2246 938 3782 1027">
    <p class='ocr_par' dir='ltr' id='par_1_25' title="bbox 2246 938 3782 1027">
     <span class='ocr_line' id='line_1_25' title="bbox 2246 938 3782 1027; baseline 0.014 -36"><span class='ocrx_word' id='word_1_161' title='bbox 2246 938 2313 991; x_wconf 84' lang='grc' dir='ltr'><strong>ἂν</strong></span> <span class='ocrx_word' id='word_1_162' title='bbox 2340 939 2552 1007; x_wconf 76' lang='grc' dir='ltr'>καὶτῆς</span> <span class='ocrx_word' id='word_1_163' title='bbox 2585 940 2847 1012; x_wconf 79' lang='grc' dir='ltr'><strong>αἰσθητῆς</strong></span> <span class='ocrx_word' id='word_1_164' title='bbox 2891 944 3247 1015; x_wconf 78' lang='grc' dir='ltr'>Ἰερουσαλὴμ</span> <span class='ocrx_word' id='word_1_165' title='bbox 3268 949 3398 1008; x_wconf 78' lang='grc' dir='ltr'>τοὺς</span> <span class='ocrx_word' id='word_1_166' title='bbox 3431 948 3782 1027; x_wconf 79' lang='grc' dir='ltr'>λογικωτέρους</span> 
     </span>
    </p>
   </div>
   <div class='ocr_carea' id='block_1_26' title="bbox 2251 1028 3781 1114">
    <p class='ocr_par' dir='ltr' id='par_1_26' title="bbox 2251 1028 3781 1114">
     <span class='ocr_line' id='line_1_26' title="bbox 2251 1028 3781 1114; baseline 0.014 -36"><span class='ocrx_word' id='word_1_167' title='bbox 2251 1028 2631 1096; x_wconf 88' lang='grc' dir='ltr'>σημαίνεσθαι,</span> <span class='ocrx_word' id='word_1_168' title='bbox 2675 1030 2766 1082; x_wconf 86' lang='grc' dir='ltr'><strong>τοῦ</strong></span> <span class='ocrx_word' id='word_1_169' title='bbox 2801 1031 2986 1084; x_wconf 80' lang='grc' dir='ltr'>λοιποῦ</span> <span class='ocrx_word' id='word_1_170' title='bbox 3029 1034 3266 1104; x_wconf 80' lang='grc' dir='ltr'><strong>πλήθους</strong></span> <span class='ocrx_word' id='word_1_171' title='bbox 3307 1039 3473 1092; x_wconf 75' lang='grc' dir='ltr'>οἱονεὶ</span> <span class='ocrx_word' id='word_1_172' title='bbox 3516 1045 3781 1114; x_wconf 73' lang='grc' dir='ltr'>σαρκώδους</span> 
     </span>
    </p>
   </div>
   <div class='ocr_carea' id='block_1_27' title="bbox 2246 1119 3783 1204">
    <p class='ocr_par' dir='ltr' id='par_1_27' title="bbox 2246 1119 3783 1204">
     <span class='ocr_line' id='line_1_27' title="bbox 2246 1119 3783 1204; baseline 0.014 -33"><span class='ocrx_word' id='word_1_173' title='bbox 2246 1119 2338 1171; x_wconf 75' lang='grc' dir='ltr'>καὶ</span> <span class='ocrx_word' id='word_1_174' title='bbox 2368 1119 2681 1188; x_wconf 81' lang='grc' dir='ltr'>παχυτάτου</span> <span class='ocrx_word' id='word_1_175' title='bbox 2724 1125 3105 1193; x_wconf 80' lang='grc' dir='ltr'>τυγχάνοντος,</span> <span class='ocrx_word' id='word_1_176' title='bbox 3130 1128 3224 1180; x_wconf 70' lang='grc' dir='ltr'><strong>καὶ</strong></span> <span class='ocrx_word' id='word_1_177' title='bbox 3247 1130 3432 1193; x_wconf 81' lang='grc' dir='ltr'>αὐτοῖς</span> <span class='ocrx_word' id='word_1_178' title='bbox 3460 1129 3550 1184; x_wconf 76' lang='grc' dir='ltr'><strong>οὖν</strong></span> <span class='ocrx_word' id='word_1_179' title='bbox 3573 1135 3783 1204; x_wconf 78' lang='grc' dir='ltr'>βούλεται</span> 
     </span>
    </p>
   </div>
   <div class='ocr_carea' id='block_1_28' title="bbox 2241 1212 3780 1298">
    <p class='ocr_par' dir='ltr' id='par_1_28' title="bbox 2241 1212 3780 1298">
     <span class='ocr_line' id='line_1_28' title="bbox 2241 1212 3780 1298; baseline 0.013 -34"><span class='ocrx_word' id='word_1_180' title='bbox 2241 1212 2457 1265; x_wconf 71' lang='grc' dir='ltr'><em>λαλεῖν</em></span> <span class='ocrx_word' id='word_1_181' title='bbox 2479 1215 2604 1276; x_wconf 85' lang='grc' dir='ltr'>τοὺς</span> <span class='ocrx_word' id='word_1_182' title='bbox 2627 1215 2912 1285; x_wconf 78' lang='grc' dir='ltr'><strong>εἰληφότας</strong></span> <span class='ocrx_word' id='word_1_183' title='bbox 2941 1218 3000 1270; x_wconf 84' lang='grc' dir='ltr'><strong>τὸ</strong></span> <span class='ocrx_word' id='word_1_184' title='bbox 3028 1220 3251 1290; x_wconf 83' lang='grc' dir='ltr'><strong>Πνεῦμα</strong></span> <span class='ocrx_word' id='word_1_185' title='bbox 3268 1223 3369 1292; x_wconf 87' lang='grc' dir='ltr'><strong>τῆς</strong></span> <span class='ocrx_word' id='word_1_186' title='bbox 3401 1227 3780 1298; x_wconf 76' lang='grc' dir='ltr'>παρακλήσεως,</span> 
     </span>
    </p>
   </div>
   <div class='ocr_carea' id='block_1_29' title="bbox 2243 1301 3783 1395">
    <p class='ocr_par' dir='ltr' id='par_1_29' title="bbox 2243 1301 3783 1395">
     <span class='ocr_line' id='line_1_29' title="bbox 2243 1301 3783 1395; baseline 0.005 -38"><span class='ocrx_word' id='word_1_187' title='bbox 2243 1301 2436 1395; x_wconf 63' lang='grc' dir='ltr'>ἄρρεσιν</span> <span class='ocrx_word' id='word_1_188' title='bbox 2457 1305 2750 1395; x_wconf 20' lang='grc' dir='ltr'>Δὰμαρτιῶν</span> <span class='ocrx_word' id='word_1_189' title='bbox 2776 1308 3293 1381; x_wconf 79' lang='grc' dir='ltr'>εὑαγγελιζομένους</span> <span class='ocrx_word' id='word_1_190' title='bbox 3320 1314 3412 1367; x_wconf 77' lang='grc' dir='ltr'><strong>διὰ</strong></span> <span class='ocrx_word' id='word_1_191' title='bbox 3472 1317 3569 1386; x_wconf 81' lang='grc' dir='ltr'>τὴν</span> <span class='ocrx_word' id='word_1_192' title='bbox 3607 1337 3783 1395; x_wconf 74' lang='grc' dir='ltr'>προφη.</span> 
     </span>
    </p>
   </div>
   <div class='ocr_carea' id='block_1_30' title="bbox 2241 1392 3785 1475">
    <p class='ocr_par' dir='ltr' id='par_1_30' title="bbox 2241 1392 3785 1475">
     <span class='ocr_line' id='line_1_30' title="bbox 2241 1392 3785 1475; baseline 0.012 -32"><span class='ocrx_word' id='word_1_193' title='bbox 2241 1392 2408 1456; x_wconf 84' lang='grc' dir='ltr'>τείαν,</span> <span class='ocrx_word' id='word_1_194' title='bbox 2442 1393 2508 1463; x_wconf 80' lang='grc' dir='ltr'>ἢν</span> <span class='ocrx_word' id='word_1_195' title='bbox 2537 1395 2732 1462; x_wconf 76' lang='grc' dir='ltr'>ἐπάγει</span> <span class='ocrx_word' id='word_1_196' title='bbox 2765 1397 3011 1468; x_wconf 76' lang='grc' dir='ltr'>περὶτῆς</span> <span class='ocrx_word' id='word_1_197' title='bbox 3039 1401 3273 1472; x_wconf 78' lang='grc' dir='ltr'>Χριστοῦ</span> <span class='ocrx_word' id='word_1_198' title='bbox 3301 1407 3619 1475; x_wconf 78' lang='grc' dir='ltr'>παρουσίας,</span> <span class='ocrx_word' id='word_1_199' title='bbox 3647 1392 3785 1466; x_wconf 66' lang='grc' dir='ltr'>παυᾲ</span> 
     </span>
    </p>
   </div>
   <div class='ocr_carea' id='block_1_31' title="bbox 2245 1483 3781 1568">
    <p class='ocr_par' dir='ltr' id='par_1_31' title="bbox 2245 1483 3781 1568">
     <span class='ocr_line' id='line_1_31' title="bbox 2245 1483 3781 1568; baseline 0.014 -35"><span class='ocrx_word' id='word_1_200' title='bbox 2245 1483 2411 1553; x_wconf 80' lang='grc' dir='ltr'>μένης</span> <span class='ocrx_word' id='word_1_201' title='bbox 2434 1483 2543 1551; x_wconf 84' lang='grc' dir='ltr'><strong>τῆς</strong></span> <span class='ocrx_word' id='word_1_202' title='bbox 2569 1487 3000 1555; x_wconf 82' lang='grc' dir='ltr'><strong>ταπεινώσεως,</strong></span> <span class='ocrx_word' id='word_1_203' title='bbox 3044 1491 3142 1544; x_wconf 78' lang='grc' dir='ltr'><strong>καὶ</strong></span> <span class='ocrx_word' id='word_1_204' title='bbox 3171 1493 3481 1563; x_wconf 70' lang='grc' dir='ltr'>λυομένης</span> <span class='ocrx_word' id='word_1_205' title='bbox 3495 1496 3602 1565; x_wconf 86' lang='grc' dir='ltr'><strong>τῆς</strong></span> <span class='ocrx_word' id='word_1_206' title='bbox 3628 1503 3781 1568; x_wconf 83' lang='grc' dir='ltr'><strong>ἀμαρ-</strong></span> 
     </span>
    </p>
   </div>
   <div class='ocr_carea' id='block_1_32' title="bbox 2240 1576 3785 1660">
    <p class='ocr_par' dir='ltr' id='par_1_32' title="bbox 2240 1576 3785 1660">
     <span class='ocr_line' id='line_1_32' title="bbox 2240 1576 3785 1660; baseline 0.012 -31"><span class='ocrx_word' id='word_1_207' title='bbox 2240 1577 2386 1643; x_wconf 83' lang='grc' dir='ltr'>τίας.</span> <span class='ocrx_word' id='word_1_208' title='bbox 2423 1579 2500 1649; x_wconf 80' lang='grc' dir='ltr'><strong>Τῇ</strong></span> <span class='ocrx_word' id='word_1_209' title='bbox 2541 1576 2635 1633; x_wconf 79' lang='grc' dir='ltr'><strong>οὖν</strong></span> <span class='ocrx_word' id='word_1_210' title='bbox 2675 1580 2938 1653; x_wconf 74' lang='grc' dir='ltr'>εἰρημένῃ</span> <span class='ocrx_word' id='word_1_211' title='bbox 2995 1584 3210 1652; x_wconf 79' lang='grc' dir='ltr'>καρδία</span> <span class='ocrx_word' id='word_1_212' title='bbox 3255 1586 3371 1655; x_wconf 82' lang='grc' dir='ltr'><strong>τῆς</strong></span> <span class='ocrx_word' id='word_1_213' title='bbox 3431 1588 3785 1660; x_wconf 73' lang='grc' dir='ltr'>Ἰερουσαλὴμ</span> 
     </span>
    </p>
   </div>
   <div class='ocr_carea' id='block_1_33' title="bbox 2241 1667 3784 1747">
    <p class='ocr_par' dir='ltr' id='par_1_33' title="bbox 2241 1667 3784 1747">
     <span class='ocr_line' id='line_1_33' title="bbox 2241 1667 3784 1747; baseline 0.01 -27"><span class='ocrx_word' id='word_1_214' title='bbox 2241 1667 2469 1737; x_wconf 79' lang='grc' dir='ltr'>διπλῆν</span> <span class='ocrx_word' id='word_1_215' title='bbox 2515 1671 2872 1741; x_wconf 72' lang='grc' dir='ltr'>ἐπενηνέχθαι</span> <span class='ocrx_word' id='word_1_216' title='bbox 2908 1673 3058 1742; x_wconf 81' lang='grc' dir='ltr'>λέγει</span> <span class='ocrx_word' id='word_1_217' title='bbox 3109 1677 3209 1747; x_wconf 79' lang='grc' dir='ltr'><strong>τὴν</strong></span> <span class='ocrx_word' id='word_1_218' title='bbox 3270 1680 3520 1746; x_wconf 78' lang='grc' dir='ltr'>κόλασιν,</span> <span class='ocrx_word' id='word_1_219' title='bbox 3560 1684 3675 1735; x_wconf 76' lang='grc' dir='ltr'>ἐπεὶ</span> <span class='ocrx_word' id='word_1_220' title='bbox 3712 1687 3784 1738; x_wconf 68' lang='grc' dir='ltr'>καὶ</span> 
     </span>
    </p>
   </div>
   <div class='ocr_carea' id='block_1_34' title="bbox 568 1758 2137 1842">
    <p class='ocr_par' dir='ltr' id='par_1_34' title="bbox 568 1758 2137 1830">
     <span class='ocr_line' id='line_1_34' title="bbox 568 1758 2137 1830; baseline 0.001 -16"><span class='ocrx_word' id='word_1_221' title='bbox 568 1769 794 1815; x_wconf 60' lang='lat' dir='ltr'><strong>moratae</strong></span> <span class='ocrx_word' id='word_1_222' title='bbox 825 1759 1123 1814; x_wconf 77' lang='lat' dir='ltr'><strong>Jerusalem</strong></span> <span class='ocrx_word' id='word_1_223' title='bbox 1161 1760 1391 1827; x_wconf 79' lang='lat' dir='ltr'><strong>duplices</strong></span> <span class='ocrx_word' id='word_1_224' title='bbox 1435 1775 1626 1830; x_wconf 72' lang='lat' dir='ltr'><strong>pinnas</strong></span> <span class='ocrx_word' id='word_1_225' title='bbox 1675 1761 1945 1829; x_wconf 85' lang='lat' dir='ltr'><strong>irrogatas</strong></span> <span class='ocrx_word' id='word_1_226' title='bbox 1983 1758 2137 1830; x_wconf 67' lang='lat'><strong>437</strong></span> 
     </span>
    </p>
   </div>
   <div class='ocr_carea' id='block_1_35' title="bbox 2240 1758 3777 1842">
    <p class='ocr_par' dir='ltr' id='par_1_35' title="bbox 2247 1759 3777 1842">
     <span class='ocr_line' id='line_1_35' title="bbox 2247 1759 3777 1842; baseline 0.015 -33"><span class='ocrx_word' id='word_1_227' title='bbox 2247 1759 2528 1827; x_wconf 85' lang='grc' dir='ltr'>ἱστορικῶς</span> <span class='ocrx_word' id='word_1_228' title='bbox 2551 1764 2917 1818; x_wconf 68' lang='grc' dir='ltr'>συναπέλιαυον</span> <span class='ocrx_word' id='word_1_229' title='bbox 2959 1767 3068 1820; x_wconf 84' lang='grc' dir='ltr'><strong>τῶν</strong></span> <span class='ocrx_word' id='word_1_230' title='bbox 3122 1769 3216 1820; x_wconf 82' lang='grc' dir='ltr'><strong>τοῦ</strong></span> <span class='ocrx_word' id='word_1_231' title='bbox 3272 1771 3516 1842; x_wconf 75' lang='grc' dir='ltr'>πλήθους</span> <span class='ocrx_word' id='word_1_232' title='bbox 3547 1776 3711 1840; x_wconf 77' lang='grc' dir='ltr'>κακῶν</span> <span class='ocrx_word' id='word_1_233' title='bbox 3738 1781 3777 1832; x_wconf 83' lang='grc' dir='ltr'>οἱ</span> 
     </span>
    </p>
   </div>
   <div class='ocr_carea' id='block_1_36' title="bbox 568 1851 2143 1922">
    <p class='ocr_par' dir='ltr' id='par_1_36' title="bbox 568 1851 2143 1922">
     <span class='ocr_line' id='line_1_36' title="bbox 568 1851 2143 1922; baseline 0 -16"><span class='ocrx_word' id='word_1_234' title='bbox 568 1867 693 1906; x_wconf 86' lang='lat' dir='ltr'><strong>esse</strong></span> <span class='ocrx_word' id='word_1_235' title='bbox 740 1853 874 1906; x_wconf 91' lang='lat' dir='ltr'><strong>dicit</strong></span> <span class='ocrx_word' id='word_1_236' title='bbox 906 1869 919 1904; x_wconf 93' lang='lat'>:</span> <span class='ocrx_word' id='word_1_237' title='bbox 946 1851 1387 1922; x_wconf 81' lang='lat' dir='ltr'><strong>quandoquidem</strong></span> <span class='ocrx_word' id='word_1_238' title='bbox 1428 1851 1815 1922; x_wconf 68' lang='lat' dir='ltr'><strong>(praeterquam</strong></span> <span class='ocrx_word' id='word_1_239' title='bbox 1865 1855 2010 1920; x_wconf 87' lang='lat' dir='ltr'><strong>quod</strong></span> <span class='ocrx_word' id='word_1_240' title='bbox 2055 1867 2143 1906; x_wconf 89' lang='lat' dir='ltr'><strong>se-</strong></span> 
     </span>
    </p>
   </div>
   <div class='ocr_carea' id='block_1_37' title="bbox 567 1944 2144 2014">
    <p class='ocr_par' dir='ltr' id='par_1_37' title="bbox 567 1944 2144 2014">
     <span class='ocr_line' id='line_1_37' title="bbox 567 1944 2144 2014; baseline 0 -17"><span class='ocrx_word' id='word_1_241' title='bbox 567 1945 808 1997; x_wconf 78' lang='lat' dir='ltr'><strong>cundum</strong></span> <span class='ocrx_word' id='word_1_242' title='bbox 844 1945 1152 2010; x_wconf 87' lang='lat' dir='ltr'><strong>historiam,</strong></span> <span class='ocrx_word' id='word_1_243' title='bbox 1181 1959 1233 1997; x_wconf 88' lang='lat' dir='ltr'><strong>et</strong></span> <span class='ocrx_word' id='word_1_244' title='bbox 1260 1944 1403 2011; x_wconf 90' lang='lat' dir='ltr'><strong>illos,</strong></span> <span class='ocrx_word' id='word_1_245' title='bbox 1433 1960 1572 2014; x_wconf 89' lang='lat' dir='ltr'><strong>quos</strong></span> <span class='ocrx_word' id='word_1_246' title='bbox 1607 1945 1994 2007; x_wconf 85' lang='lat' dir='ltr'><strong>indicavimus,</strong></span> <span class='ocrx_word' id='word_1_247' title='bbox 2020 1959 2144 1998; x_wconf 88' lang='lat' dir='ltr'><strong>cum</strong></span> 
     </span>
    </p>
   </div>
   <div class='ocr_carea' id='block_1_38' title="bbox 567 2035 2148 2112">
    <p class='ocr_par' dir='ltr' id='par_1_38' title="bbox 567 2035 2148 2112">
     <span class='ocr_line' id='line_1_38' title="bbox 567 2035 2148 2112; baseline 0 -22"><span class='ocrx_word' id='word_1_248' title='bbox 567 2037 771 2112; x_wconf 78' lang='lat' dir='ltr'><strong>populo</strong></span> <span class='ocrx_word' id='word_1_249' title='bbox 826 2037 1112 2106; x_wconf 85' lang='lat' dir='ltr'><strong>agentibus</strong></span> <span class='ocrx_word' id='word_1_250' title='bbox 1149 2038 1350 2091; x_wconf 67' lang='lat' dir='ltr'><strong>exteris</strong></span> <span class='ocrx_word' id='word_1_251' title='bbox 1388 2037 1717 2101; x_wconf 82' lang='lat' dir='ltr'><strong>humiliatos,</strong></span> <span class='ocrx_word' id='word_1_252' title='bbox 1770 2036 1959 2090; x_wconf 76' lang='lat' dir='ltr'><strong>eadem</strong></span> <span class='ocrx_word' id='word_1_253' title='bbox 2013 2035 2148 2090; x_wconf 88' lang='lat' dir='ltr'><strong>tole-</strong></span> 
     </span>
    </p>
   </div>
   <div class='ocr_carea' id='block_1_39' title="bbox 567 2128 2141 2198">
    <p class='ocr_par' dir='ltr' id='par_1_39' title="bbox 567 2128 2141 2198">
     <span class='ocr_line' id='line_1_39' title="bbox 567 2128 2141 2198; baseline 0.001 -20"><span class='ocrx_word' id='word_1_254' title='bbox 567 2141 721 2180; x_wconf 84' lang='lat' dir='ltr'><strong>rasse</strong></span> <span class='ocrx_word' id='word_1_255' title='bbox 754 2130 992 2196; x_wconf 84' lang='lat' dir='ltr'><strong>constat)</strong></span> <span class='ocrx_word' id='word_1_256' title='bbox 1031 2135 1084 2180; x_wconf 90' lang='lat' dir='ltr'><strong>et</strong></span> <span class='ocrx_word' id='word_1_257' title='bbox 1125 2128 1228 2197; x_wconf 88' lang='lat' dir='ltr'><strong>ipsi</strong></span> <span class='ocrx_word' id='word_1_258' title='bbox 1264 2130 1430 2182; x_wconf 89' lang='lat' dir='ltr'><strong>etiam</strong></span> <span class='ocrx_word' id='word_1_259' title='bbox 1463 2129 1648 2183; x_wconf 88' lang='lat' dir='ltr'><strong>animo</strong></span> <span class='ocrx_word' id='word_1_260' title='bbox 1715 2129 2141 2198; x_wconf 85' lang='lat' dir='ltr'><strong>torquebantur;</strong></span> 
     </span>
    </p>
   </div>
   <div class='ocr_carea' id='block_1_40' title="bbox 565 2219 2143 2290">
    <p class='ocr_par' dir='ltr' id='par_1_40' title="bbox 565 2219 2143 2290">
     <span class='ocr_line' id='line_1_40' title="bbox 565 2219 2143 2290; baseline 0.004 -22"><span class='ocrx_word' id='word_1_261' title='bbox 565 2232 689 2269; x_wconf 90' lang='lat' dir='ltr'><strong>cum</strong></span> <span class='ocrx_word' id='word_1_262' title='bbox 728 2221 910 2286; x_wconf 88' lang='lat' dir='ltr'><strong>populi</strong></span> <span class='ocrx_word' id='word_1_263' title='bbox 955 2219 1301 2288; x_wconf 85' lang='lat' dir='ltr'><strong>rejectionem</strong></span> <span class='ocrx_word' id='word_1_264' title='bbox 1344 2220 1612 2290; x_wconf 82' lang='lat' dir='ltr'><strong>lugerent,</strong></span> <span class='ocrx_word' id='word_1_265' title='bbox 1647 2221 2000 2290; x_wconf 88' lang='lat' dir='ltr'><strong>secundoque</strong></span> <span class='ocrx_word' id='word_1_266' title='bbox 2032 2222 2143 2290; x_wconf 82' lang='lat' dir='ltr'><strong>jam</strong></span> 
     </span>
    </p>
   </div>
   <div class='ocr_carea' id='block_1_41' title="bbox 567 2308 2145 2383">
    <p class='ocr_par' dir='ltr' id='par_1_41' title="bbox 567 2308 2145 2383">
     <span class='ocr_line' id='line_1_41' title="bbox 567 2308 2145 2383; baseline 0.005 -24"><span class='ocrx_word' id='word_1_267' title='bbox 567 2308 702 2362; x_wconf 84' lang='lat' dir='ltr'><strong>urbe</strong></span> <span class='ocrx_word' id='word_1_268' title='bbox 733 2317 1064 2377; x_wconf 83' lang='lat' dir='ltr'><strong>expugnata,</strong></span> <span class='ocrx_word' id='word_1_269' title='bbox 1094 2311 1211 2364; x_wconf 85' lang='lat' dir='ltr'><strong>solo</strong></span> <span class='ocrx_word' id='word_1_270' title='bbox 1243 2313 1502 2382; x_wconf 90' lang='lat' dir='ltr'><strong>templum</strong></span> <span class='ocrx_word' id='word_1_271' title='bbox 1538 2328 1660 2368; x_wconf 88' lang='lat' dir='ltr'><strong>esse</strong></span> <span class='ocrx_word' id='word_1_272' title='bbox 1687 2313 2028 2383; x_wconf 65' lang='lat' dir='ltr'><strong>adaequatum</strong></span> <span class='ocrx_word' id='word_1_273' title='bbox 2061 2315 2145 2367; x_wconf 88' lang='lat' dir='ltr'><strong>in-</strong></span> 
     </span>
    </p>
   </div>
   <div class='ocr_carea' id='block_1_42' title="bbox 566 2398 2142 2474">
    <p class='ocr_par' dir='ltr' id='par_1_42' title="bbox 566 2398 2142 2474">
     <span class='ocr_line' id='line_1_42' title="bbox 566 2398 2142 2474; baseline 0.006 -26"><span class='ocrx_word' id='word_1_274' title='bbox 566 2405 869 2452; x_wconf 83' lang='lat' dir='ltr'><strong>tuerentur.</strong></span> <span class='ocrx_word' id='word_1_275' title='bbox 906 2398 1334 2454; x_wconf 74' lang='lat' dir='ltr'><strong>Consolatiouem</strong></span> <span class='ocrx_word' id='word_1_276' title='bbox 1369 2417 1500 2472; x_wconf 86' lang='lat' dir='ltr'><strong>ergo</strong></span> <span class='ocrx_word' id='word_1_277' title='bbox 1543 2401 1822 2474; x_wconf 83' lang='lat' dir='ltr'><strong>deinceps,</strong></span> <span class='ocrx_word' id='word_1_278' title='bbox 1859 2419 1980 2474; x_wconf 76' lang='lat' dir='ltr'><strong>quae</strong></span> <span class='ocrx_word' id='word_1_279' title='bbox 2017 2403 2142 2457; x_wconf 82' lang='lat' dir='ltr'><strong>Sal-</strong></span> 
     </span>
    </p>
   </div>
   <div class='ocr_carea' id='block_1_43' title="bbox 564 2493 2139 2563">
    <p class='ocr_par' dir='ltr' id='par_1_43' title="bbox 564 2493 2139 2563">
     <span class='ocr_line' id='line_1_43' title="bbox 564 2493 2139 2563; baseline 0.006 -20"><span class='ocrx_word' id='word_1_280' title='bbox 564 2493 772 2544; x_wconf 85' lang='lat' dir='ltr'><strong>vatoris</strong></span> <span class='ocrx_word' id='word_1_281' title='bbox 823 2495 1057 2546; x_wconf 89' lang='lat' dir='ltr'><strong>adventu</strong></span> <span class='ocrx_word' id='word_1_282' title='bbox 1112 2503 1486 2563; x_wconf 67' lang='lat' dir='ltr'><strong>praestaretur,</strong></span> <span class='ocrx_word' id='word_1_283' title='bbox 1537 2512 1662 2550; x_wconf 89' lang='lat' dir='ltr'><strong>cum</strong></span> <span class='ocrx_word' id='word_1_284' title='bbox 1717 2513 1813 2550; x_wconf 69' lang='lat' dir='ltr'><strong>vox</strong></span> <span class='ocrx_word' id='word_1_285' title='bbox 1858 2497 2139 2552; x_wconf 82' lang='lat' dir='ltr'><strong>clamantis</strong></span> 
     </span>
    </p>
   </div>
   <div class='ocr_carea' id='block_1_44' title="bbox 559 2583 2140 2652">
    <p class='ocr_par' dir='ltr' id='par_1_44' title="bbox 559 2583 2140 2652">
     <span class='ocr_line' id='line_1_44' title="bbox 559 2583 2140 2652; baseline 0.006 -17"><span class='ocrx_word' id='word_1_286' title='bbox 559 2583 719 2649; x_wconf 73' lang='lat' dir='ltr'><strong>dixit,</strong></span> <span class='ocrx_word' id='word_1_287' title='bbox 756 2585 976 2652; x_wconf 85' lang='lat' dir='ltr'><strong>adjecit.</strong></span> <span class='ocrx_word' id='word_1_288' title='bbox 1013 2585 1237 2650; x_wconf 85' lang='lat' dir='ltr'><strong>Deinde,</strong></span> <span class='ocrx_word' id='word_1_289' title='bbox 1271 2603 1321 2641; x_wconf 84' lang='lat' dir='ltr'><strong>et</strong></span> <span class='ocrx_word' id='word_1_290' title='bbox 1350 2589 1541 2643; x_wconf 81' lang='lat' dir='ltr'><strong>videbit</strong></span> <span class='ocrx_word' id='word_1_291' title='bbox 1564 2592 1732 2644; x_wconf 86' lang='lat' dir='ltr'><strong>omnis</strong></span> <span class='ocrx_word' id='word_1_292' title='bbox 1759 2607 1882 2644; x_wconf 82' lang='lat' dir='ltr'><strong>caro</strong></span> <span class='ocrx_word' id='word_1_293' title='bbox 1905 2592 2140 2644; x_wconf 82' lang='lat' dir='ltr'><strong>salutare</strong></span> 
     </span>
    </p>
   </div>
   <div class='ocr_carea' id='block_1_45' title="bbox 565 2673 2141 2751">
    <p class='ocr_par' dir='ltr' id='par_1_45' title="bbox 565 2673 2141 2751">
     <span class='ocr_line' id='line_1_45' title="bbox 565 2673 2141 2751; baseline 0.007 -26"><span class='ocrx_word' id='word_1_294' title='bbox 565 2673 681 2737; x_wconf 82' lang='lat' dir='ltr'><strong>Dei,</strong></span> <span class='ocrx_word' id='word_1_295' title='bbox 712 2675 945 2741; x_wconf 85' lang='lat' dir='ltr'><strong>addidit,</strong></span> <span class='ocrx_word' id='word_1_296' title='bbox 970 2687 1028 2730; x_wconf 90' lang='lat' dir='ltr'><strong>ut</strong></span> <span class='ocrx_word' id='word_1_297' title='bbox 1052 2677 1334 2750; x_wconf 79' lang='lat' dir='ltr'><strong>Evangelii</strong></span> <span class='ocrx_word' id='word_1_298' title='bbox 1362 2681 1991 2751; x_wconf 69' lang='lat' dir='ltr'><strong>praulicationem,unde</strong></span> <span class='ocrx_word' id='word_1_299' title='bbox 2022 2682 2141 2736; x_wconf 82' lang='lat' dir='ltr'><strong>Sal-</strong></span> 
     </span>
    </p>
   </div>
   <div class='ocr_carea' id='block_1_46' title="bbox 561 2767 2140 2833">
    <p class='ocr_par' dir='ltr' id='par_1_46' title="bbox 561 2767 2140 2833">
     <span class='ocr_line' id='line_1_46' title="bbox 561 2767 2140 2833; baseline 0.007 -14"><span class='ocrx_word' id='word_1_300' title='bbox 561 2776 717 2819; x_wconf 88' lang='lat' dir='ltr'><strong>vator</strong></span> <span class='ocrx_word' id='word_1_301' title='bbox 769 2767 1028 2833; x_wconf 91' lang='lat' dir='ltr'><strong>innotuit,</strong></span> <span class='ocrx_word' id='word_1_302' title='bbox 1083 2770 1377 2826; x_wconf 81' lang='lat' dir='ltr'><strong>indicaret.</strong></span> <span class='ocrx_word' id='word_1_303' title='bbox 1431 2773 1526 2826; x_wconf 89' lang='lat' dir='ltr'><strong>Est</strong></span> <span class='ocrx_word' id='word_1_304' title='bbox 1559 2789 1688 2828; x_wconf 91' lang='lat' dir='ltr'><strong>vero</strong></span> <span class='ocrx_word' id='word_1_305' title='bbox 1739 2774 2003 2828; x_wconf 79' lang='lat' dir='ltr'><strong>desertum</strong></span> <span class='ocrx_word' id='word_1_306' title='bbox 2053 2775 2140 2830; x_wconf 87' lang='lat' dir='ltr'><strong>hic</strong></span> 
     </span>
    </p>
   </div>
   <div class='ocr_carea' id='block_1_47' title="bbox 559 2861 2137 2935">
    <p class='ocr_par' dir='ltr' id='par_1_47' title="bbox 559 2861 2137 2935">
     <span class='ocr_line' id='line_1_47' title="bbox 559 2861 2137 2935; baseline 0.004 -23"><span class='ocrx_word' id='word_1_307' title='bbox 559 2863 627 2913; x_wconf 90' lang='lat' dir='ltr'><strong>ab</strong></span> <span class='ocrx_word' id='word_1_308' title='bbox 672 2875 738 2912; x_wconf 89' lang='lat' dir='ltr'><strong>eo</strong></span> <span class='ocrx_word' id='word_1_309' title='bbox 787 2861 957 2923; x_wconf 88' lang='lat' dir='ltr'><strong>aliud.</strong></span> <span class='ocrx_word' id='word_1_310' title='bbox 1010 2880 1106 2933; x_wconf 87' lang='lat' dir='ltr'><strong>per</strong></span> <span class='ocrx_word' id='word_1_311' title='bbox 1161 2865 1303 2934; x_wconf 86' lang='lat' dir='ltr'><strong>quod</strong></span> <span class='ocrx_word' id='word_1_312' title='bbox 1337 2866 1597 2935; x_wconf 91' lang='lat' dir='ltr'><strong>populum</strong></span> <span class='ocrx_word' id='word_1_313' title='bbox 1646 2866 1824 2921; x_wconf 83' lang='lat' dir='ltr'><strong>Moses</strong></span> <span class='ocrx_word' id='word_1_314' title='bbox 1875 2867 2137 2920; x_wconf 74' lang='lat' dir='ltr'><strong>traduxit.</strong></span> 
     </span>
    </p>
   </div>
   <div class='ocr_carea' id='block_1_48' title="bbox 558 2952 2138 3027">
    <p class='ocr_par' dir='ltr' id='par_1_48' title="bbox 558 2952 2138 3027">
     <span class='ocr_line' id='line_1_48' title="bbox 558 2952 2138 3027; baseline 0.008 -22"><span class='ocrx_word' id='word_1_315' title='bbox 558 2952 788 3020; x_wconf 79' lang='lat' dir='ltr'><strong>Deinde,</strong></span> <span class='ocrx_word' id='word_1_316' title='bbox 830 2958 1114 3027; x_wconf 68' lang='lat' dir='ltr'><strong>cujusnam</strong></span> <span class='ocrx_word' id='word_1_317' title='bbox 1165 2961 1270 3014; x_wconf 84' lang='lat' dir='ltr'><strong>viri</strong></span> <span class='ocrx_word' id='word_1_318' title='bbox 1316 2976 1417 3014; x_wconf 75' lang='lat' dir='ltr'><strong>vox</strong></span> <span class='ocrx_word' id='word_1_319' title='bbox 1449 2962 1502 3014; x_wconf 92' lang='lat' dir='ltr'><strong>in</strong></span> <span class='ocrx_word' id='word_1_320' title='bbox 1553 2963 1657 3014; x_wconf 79' lang='lat' dir='ltr'><strong>eo?</strong></span> <span class='ocrx_word' id='word_1_321' title='bbox 1705 2959 2138 3026; x_wconf 72' lang='lat' dir='ltr'><strong>Clumantis,re&quot;</strong></span> 
     </span>
    </p>
   </div>
   <div class='ocr_carea' id='block_1_49' title="bbox 557 3046 2140 3123">
    <p class='ocr_par' dir='ltr' id='par_1_49' title="bbox 557 3046 2140 3123">
     <span class='ocr_line' id='line_1_49' title="bbox 557 3046 2140 3123; baseline 0.006 -27"><span class='ocrx_word' id='word_1_322' title='bbox 557 3046 790 3114; x_wconf 82' lang='lat' dir='ltr'><strong>spondet</strong></span> <span class='ocrx_word' id='word_1_323' title='bbox 817 3063 831 3101; x_wconf 89' lang='lat'><strong>:</strong></span> <span class='ocrx_word' id='word_1_324' title='bbox 854 3059 949 3102; x_wconf 92' lang='lat' dir='ltr'><strong>aut</strong></span> <span class='ocrx_word' id='word_1_325' title='bbox 972 3057 1030 3103; x_wconf 91' lang='lat' dir='ltr'><strong>ut</strong></span> <span class='ocrx_word' id='word_1_326' title='bbox 1057 3050 1250 3120; x_wconf 80' lang='lat' dir='ltr'><strong>Aquila</strong></span> <span class='ocrx_word' id='word_1_327' title='bbox 1272 3053 1684 3123; x_wconf 84' lang='lat' dir='ltr'><strong>interpretatur,</strong></span> <span class='ocrx_word' id='word_1_328' title='bbox 1706 3054 1963 3107; x_wconf 79' lang='lat' dir='ltr'><strong>vocantis.</strong></span> <span class='ocrx_word' id='word_1_329' title='bbox 1990 3054 2140 3107; x_wconf 81' lang='lat' dir='ltr'><strong>Patet</strong></span> 
     </span>
    </p>
   </div>
   <div class='ocr_carea' id='block_1_50' title="bbox 2255 1849 3782 1935">
    <p class='ocr_par' dir='ltr' id='par_1_50' title="bbox 2255 1849 3782 1935">
     <span class='ocr_line' id='line_1_50' title="bbox 2255 1849 3782 1935; baseline 0.014 -35"><span class='ocrx_word' id='word_1_330' title='bbox 2255 1849 2590 1920; x_wconf 80' lang='grc' dir='ltr'>δηλωθέντες</span> <span class='ocrx_word' id='word_1_331' title='bbox 2627 1854 2717 1906; x_wconf 84' lang='grc' dir='ltr'><strong>ὑπ’</strong></span> <span class='ocrx_word' id='word_1_332' title='bbox 2762 1857 3082 1924; x_wconf 72' lang='grc' dir='ltr'>ἀλλοφύλοις</span> <span class='ocrx_word' id='word_1_333' title='bbox 3127 1859 3308 1915; x_wconf 82' lang='grc' dir='ltr'>ἔθνεσι</span> <span class='ocrx_word' id='word_1_334' title='bbox 3341 1868 3782 1935; x_wconf 77' lang='grc' dir='ltr'>ταπεινούμενοι.</span> 
     </span>
    </p>
   </div>
   <div class='ocr_carea' id='block_1_51' title="bbox 2249 1946 3784 2027">
    <p class='ocr_par' dir='ltr' id='par_1_51' title="bbox 2249 1946 3784 2027">
     <span class='ocr_line' id='line_1_51' title="bbox 2249 1946 3784 2027; baseline 0.01 -30"><span class='ocrx_word' id='word_1_335' title='bbox 2249 1946 2344 1998; x_wconf 78' lang='grc' dir='ltr'>καὶ</span> <span class='ocrx_word' id='word_1_336' title='bbox 2382 1947 2523 1999; x_wconf 72' lang='grc' dir='ltr'><strong>κατὰ</strong></span> <span class='ocrx_word' id='word_1_337' title='bbox 2554 1947 2793 2000; x_wconf 85' lang='grc' dir='ltr'>διάνοιαν</span> <span class='ocrx_word' id='word_1_338' title='bbox 2831 1951 3092 2015; x_wconf 75' lang='grc' dir='ltr'>ἐκόλαζον</span> <span class='ocrx_word' id='word_1_339' title='bbox 3125 1953 3381 2020; x_wconf 82' lang='grc' dir='ltr'>ἑαυτοὺς,</span> <span class='ocrx_word' id='word_1_340' title='bbox 3411 1955 3513 2027; x_wconf 81' lang='grc' dir='ltr'><strong>τὴν</strong></span> <span class='ocrx_word' id='word_1_341' title='bbox 3568 1957 3654 2012; x_wconf 86' lang='grc' dir='ltr'><strong>τοῦ</strong></span> <span class='ocrx_word' id='word_1_342' title='bbox 3685 1959 3784 2014; x_wconf 71' lang='grc' dir='ltr'>λασῖ</span> 
     </span>
    </p>
   </div>
   <div class='ocr_carea' id='block_1_52' title="bbox 2248 2037 3783 2120">
    <p class='ocr_par' dir='ltr' id='par_1_52' title="bbox 2248 2037 3783 2120">
     <span class='ocr_line' id='line_1_52' title="bbox 2248 2037 3783 2120; baseline 0.009 -30"><span class='ocrx_word' id='word_1_343' title='bbox 2248 2037 2571 2104; x_wconf 86' lang='grc' dir='ltr'>πενθοῦντες</span> <span class='ocrx_word' id='word_1_344' title='bbox 2601 2040 2896 2111; x_wconf 76' lang='grc' dir='ltr'>ἀποϐολήν.</span> <span class='ocrx_word' id='word_1_345' title='bbox 2945 2043 3106 2096; x_wconf 82' lang='grc' dir='ltr'>Ἀλλὰ</span> <span class='ocrx_word' id='word_1_346' title='bbox 3143 2047 3238 2098; x_wconf 75' lang='grc' dir='ltr'><strong>καὶ</strong></span> <span class='ocrx_word' id='word_1_347' title='bbox 3290 2047 3545 2119; x_wconf 82' lang='grc' dir='ltr'>δεύτερον</span> <span class='ocrx_word' id='word_1_348' title='bbox 3585 2051 3617 2120; x_wconf 83' lang='grc' dir='ltr'><strong>ή</strong></span> <span class='ocrx_word' id='word_1_349' title='bbox 3666 2053 3783 2113; x_wconf 76' lang='grc' dir='ltr'>πόλις</span> 
     </span>
    </p>
   </div>
   <div class='ocr_carea' id='block_1_53' title="bbox 2245 2129 3785 2211">
    <p class='ocr_par' dir='ltr' id='par_1_53' title="bbox 2245 2129 3785 2211">
     <span class='ocr_line' id='line_1_53' title="bbox 2245 2129 3785 2211; baseline 0.008 -30"><span class='ocrx_word' id='word_1_350' title='bbox 2245 2129 2455 2200; x_wconf 77' lang='grc' dir='ltr'>ἥλωκεν</span> <span class='ocrx_word' id='word_1_351' title='bbox 2483 2129 2556 2195; x_wconf 81' lang='grc' dir='ltr'>ὡς</span> <span class='ocrx_word' id='word_1_352' title='bbox 2585 2133 2677 2184; x_wconf 81' lang='grc' dir='ltr'>καὶ</span> <span class='ocrx_word' id='word_1_353' title='bbox 2703 2133 2792 2184; x_wconf 77' lang='grc' dir='ltr'><strong>τὸν</strong></span> <span class='ocrx_word' id='word_1_354' title='bbox 2835 2135 2892 2185; x_wconf 76' lang='grc' dir='ltr'>ἐν</span> <span class='ocrx_word' id='word_1_355' title='bbox 2922 2137 3058 2204; x_wconf 84' lang='grc' dir='ltr'>αὐτῇ</span> <span class='ocrx_word' id='word_1_356' title='bbox 3093 2134 3229 2188; x_wconf 85' lang='grc' dir='ltr'>νεὼν</span> <span class='ocrx_word' id='word_1_357' title='bbox 3260 2138 3649 2208; x_wconf 78' lang='grc' dir='ltr'>κατενεχθῆναι</span> <span class='ocrx_word' id='word_1_358' title='bbox 3679 2141 3785 2211; x_wconf 72' lang='grc' dir='ltr'>πρὸς</span> 
     </span>
    </p>
   </div>
   <div class='ocr_carea' id='block_1_54' title="bbox 2247 2220 3785 2303">
    <p class='ocr_par' dir='ltr' id='par_1_54' title="bbox 2247 2220 3785 2303">
     <span class='ocr_line' id='line_1_54' title="bbox 2247 2220 3785 2303; baseline 0.007 -29"><span class='ocrx_word' id='word_1_359' title='bbox 2247 2222 2464 2293; x_wconf 80' lang='grc' dir='ltr'>ἔδαφος.</span> <span class='ocrx_word' id='word_1_360' title='bbox 2493 2224 2601 2294; x_wconf 82' lang='grc' dir='ltr'><strong>Τὴν</strong></span> <span class='ocrx_word' id='word_1_361' title='bbox 2650 2223 2694 2276; x_wconf 79' lang='grc' dir='ltr'>δ’</span> <span class='ocrx_word' id='word_1_362' title='bbox 2723 2220 2816 2278; x_wconf 82' lang='grc' dir='ltr'><strong>οὖν</strong></span> <span class='ocrx_word' id='word_1_363' title='bbox 2867 2226 3253 2294; x_wconf 80' lang='grc' dir='ltr'>παράκλησιν</span> <span class='ocrx_word' id='word_1_364' title='bbox 3304 2229 3406 2298; x_wconf 83' lang='grc' dir='ltr'>τῆς</span> <span class='ocrx_word' id='word_1_365' title='bbox 3444 2231 3536 2282; x_wconf 88' lang='grc' dir='ltr'><strong>τοῦ</strong></span> <span class='ocrx_word' id='word_1_366' title='bbox 3577 2232 3785 2303; x_wconf 73' lang='grc' dir='ltr'>Σωτῆρος</span> 
     </span>
    </p>
   </div>
   <div class='ocr_carea' id='block_1_55' title="bbox 2246 2315 3784 2390">
    <p class='ocr_par' dir='ltr' id='par_1_55' title="bbox 2246 2315 3784 2390">
     <span class='ocr_line' id='line_1_55' title="bbox 2246 2315 3784 2390; baseline -0.003 -20"><span class='ocrx_word' id='word_1_367' title='bbox 2246 2315 2564 2384; x_wconf 70' lang='grc' dir='ltr'>ἐπιφανείας</span> <span class='ocrx_word' id='word_1_368' title='bbox 2583 2317 2667 2385; x_wconf 72' lang='grc' dir='ltr'><strong>ἐφ’</strong></span> <span class='ocrx_word' id='word_1_369' title='bbox 2681 2318 2805 2388; x_wconf 80' lang='grc' dir='ltr'>ἑξῆς</span> <span class='ocrx_word' id='word_1_370' title='bbox 2823 2319 3138 2389; x_wconf 72' lang='grc' dir='ltr'>ἐπενήνοχε,</span> <span class='ocrx_word' id='word_1_371' title='bbox 3155 2320 3324 2389; x_wconf 64' lang='grc' dir='ltr'>ρων-ὴ</span> <span class='ocrx_word' id='word_1_372' title='bbox 3348 2321 3525 2390; x_wconf 82' lang='grc' dir='ltr'>λέγων</span> <span class='ocrx_word' id='word_1_373' title='bbox 3532 2322 3784 2390; x_wconf 76' lang='grc' dir='ltr'><strong>βοῶντος-</strong></span> 
     </span>
    </p>
   </div>
   <div class='ocr_carea' id='block_1_56' title="bbox 2243 2405 3787 2483">
    <p class='ocr_par' dir='ltr' id='par_1_56' title="bbox 2243 2405 3787 2483">
     <span class='ocr_line' id='line_1_56' title="bbox 2243 2405 3787 2483; baseline 0.003 -21"><span class='ocrx_word' id='word_1_374' title='bbox 2243 2405 2343 2462; x_wconf 83' lang='grc' dir='ltr'>εἶθ’</span> <span class='ocrx_word' id='word_1_375' title='bbox 2377 2407 2501 2477; x_wconf 79' lang='grc' dir='ltr'>ἑξῆς</span> <span class='ocrx_word' id='word_1_376' title='bbox 2522 2410 2830 2480; x_wconf 59' lang='grc' dir='ltr'>ἐπιφέρων</span> <span class='ocrx_word' id='word_1_377' title='bbox 2860 2411 2966 2464; x_wconf 75' lang='grc' dir='ltr'><strong>Καὶ</strong></span> <span class='ocrx_word' id='word_1_378' title='bbox 2995 2412 3201 2479; x_wconf 67' lang='grc' dir='ltr'>ὄψεται</span> <span class='ocrx_word' id='word_1_379' title='bbox 3233 2411 3406 2469; x_wconf 82' lang='grc' dir='ltr'>πᾶσα</span> <span class='ocrx_word' id='word_1_380' title='bbox 3441 2415 3594 2483; x_wconf 79' lang='grc' dir='ltr'>σὰρξ</span> <span class='ocrx_word' id='word_1_381' title='bbox 3621 2418 3674 2469; x_wconf 79' lang='grc' dir='ltr'>τὸ</span> <span class='ocrx_word' id='word_1_382' title='bbox 3702 2436 3787 2470; x_wconf 87' lang='grc' dir='ltr'>σω-</span> 
     </span>
    </p>
   </div>
   <div class='ocr_carea' id='block_1_57' title="bbox 2243 2498 3785 2575">
    <p class='ocr_par' dir='ltr' id='par_1_57' title="bbox 2243 2498 3785 2575">
     <span class='ocr_line' id='line_1_57' title="bbox 2243 2498 3785 2575; baseline 0.004 -23"><span class='ocrx_word' id='word_1_383' title='bbox 2243 2498 2449 2566; x_wconf 81' lang='grc' dir='ltr'>τήριον</span> <span class='ocrx_word' id='word_1_384' title='bbox 2477 2499 2583 2552; x_wconf 86' lang='grc' dir='ltr'><strong>τοῦ</strong></span> <span class='ocrx_word' id='word_1_385' title='bbox 2647 2501 2816 2560; x_wconf 82' lang='grc' dir='ltr'>Θεοῦ,</span> <span class='ocrx_word' id='word_1_386' title='bbox 2848 2501 2908 2553; x_wconf 82' lang='grc' dir='ltr'>τὺ</span> <span class='ocrx_word' id='word_1_387' title='bbox 2962 2501 3320 2570; x_wconf 83' lang='grc' dir='ltr'>εὑαγγελικὸν</span> <span class='ocrx_word' id='word_1_388' title='bbox 3349 2507 3627 2575; x_wconf 87' lang='grc' dir='ltr'>κήρυγμα,</span> <span class='ocrx_word' id='word_1_389' title='bbox 3658 2505 3713 2558; x_wconf 80' lang='grc' dir='ltr'>δι’</span> <span class='ocrx_word' id='word_1_390' title='bbox 3739 2502 3785 2559; x_wconf 74' lang='grc' dir='ltr'>οὗ</span> 
     </span>
    </p>
   </div>
   <div class='ocr_carea' id='block_1_58' title="bbox 2242 2590 3784 2666">
    <p class='ocr_par' dir='ltr' id='par_1_58' title="bbox 2242 2590 3784 2666">
     <span class='ocr_line' id='line_1_58' title="bbox 2242 2590 3784 2666; baseline 0.004 -22"><span class='ocrx_word' id='word_1_391' title='bbox 2242 2591 2434 2660; x_wconf 76' lang='grc' dir='ltr'>Σωτὴρ</span> <span class='ocrx_word' id='word_1_392' title='bbox 2491 2590 2840 2664; x_wconf 74' lang='grc' dir='ltr'>ἐγνωρίζετο.</span> <span class='ocrx_word' id='word_1_393' title='bbox 2883 2592 3075 2663; x_wconf 80' lang='grc' dir='ltr'>Ἑτέρα</span> <span class='ocrx_word' id='word_1_394' title='bbox 3107 2595 3163 2646; x_wconf 81' lang='grc' dir='ltr'>δὲ</span> <span class='ocrx_word' id='word_1_395' title='bbox 3216 2594 3312 2648; x_wconf 88' lang='grc' dir='ltr'><strong>νῦν</strong></span> <span class='ocrx_word' id='word_1_396' title='bbox 3345 2595 3563 2665; x_wconf 81' lang='grc' dir='ltr'>ἕρημος</span> <span class='ocrx_word' id='word_1_397' title='bbox 3607 2599 3784 2666; x_wconf 75' lang='grc' dir='ltr'>εἴρηται</span> 
     </span>
    </p>
   </div>
   <div class='ocr_carea' id='block_1_59' title="bbox 2241 2685 3785 2760">
    <p class='ocr_par' dir='ltr' id='par_1_59' title="bbox 2241 2685 3785 2760">
     <span class='ocr_line' id='line_1_59' title="bbox 2241 2685 3785 2760; baseline 0.003 -23"><span class='ocrx_word' id='word_1_398' title='bbox 2241 2685 2371 2756; x_wconf 83' lang='grc' dir='ltr'>παρ’</span> <span class='ocrx_word' id='word_1_399' title='bbox 2395 2686 2460 2755; x_wconf 83' lang='grc' dir='ltr'>ἢν</span> <span class='ocrx_word' id='word_1_400' title='bbox 2490 2686 2517 2736; x_wconf 85' lang='grc' dir='ltr'>ὁ</span> <span class='ocrx_word' id='word_1_401' title='bbox 2535 2685 2739 2754; x_wconf 73' lang='grc' dir='ltr'>Μωσῆς</span> <span class='ocrx_word' id='word_1_402' title='bbox 2771 2687 2996 2756; x_wconf 80' lang='grc' dir='ltr'><strong>διήγαγε</strong></span> <span class='ocrx_word' id='word_1_403' title='bbox 3023 2686 3113 2739; x_wconf 81' lang='grc' dir='ltr'><strong>τὸν</strong></span> <span class='ocrx_word' id='word_1_404' title='bbox 3148 2688 3299 2743; x_wconf 85' lang='grc' dir='ltr'>λαόν.</span> <span class='ocrx_word' id='word_1_405' title='bbox 3328 2689 3441 2742; x_wconf 79' lang='grc' dir='ltr'><strong>Καὶ</strong></span> <span class='ocrx_word' id='word_1_406' title='bbox 3460 2691 3601 2753; x_wconf 86' lang='grc' dir='ltr'>τίνος</span> <span class='ocrx_word' id='word_1_407' title='bbox 3628 2691 3785 2760; x_wconf 46' lang='grc' dir='ltr'>ἀνδρκ</span> 
     </span>
    </p>
   </div>
   <div class='ocr_carea' id='block_1_60' title="bbox 2240 2776 3785 2847">
    <p class='ocr_par' dir='ltr' id='par_1_60' title="bbox 2240 2776 3785 2847">
     <span class='ocr_line' id='line_1_60' title="bbox 2240 2776 3785 2847; baseline 0.003 -18"><span class='ocrx_word' id='word_1_408' title='bbox 2240 2779 2298 2829; x_wconf 83' lang='grc' dir='ltr'>ὲν</span> <span class='ocrx_word' id='word_1_409' title='bbox 2325 2776 2497 2847; x_wconf 82' lang='grc' dir='ltr'>ταύτῃ</span> <span class='ocrx_word' id='word_1_410' title='bbox 2532 2777 2700 2846; x_wconf 70' lang='grc' dir='ltr'>φωνὴ</span> <span class='ocrx_word' id='word_1_411' title='bbox 2733 2777 3003 2844; x_wconf 79' lang='grc' dir='ltr'>βοῶντος</span> <span class='ocrx_word' id='word_1_412' title='bbox 3036 2795 3054 2843; x_wconf 84' lang='grc'><strong><em>;</em></strong></span> <span class='ocrx_word' id='word_1_413' title='bbox 3083 2780 3224 2833; x_wconf 83' lang='grc' dir='ltr'><strong>κατὰ</strong></span> <span class='ocrx_word' id='word_1_414' title='bbox 3274 2779 3370 2834; x_wconf 78' lang='grc' dir='ltr'><strong>τὸν</strong></span> <span class='ocrx_word' id='word_1_415' title='bbox 3415 2782 3658 2845; x_wconf 80' lang='grc' dir='ltr'>Ἀκύλαν,</span> <span class='ocrx_word' id='word_1_416' title='bbox 3707 2799 3785 2834; x_wconf 85' lang='grc' dir='ltr'><strong>κα-</strong></span> 
     </span>
    </p>
   </div>
   <div class='ocr_carea' id='block_1_61' title="bbox 2238 2848 3786 2941">
    <p class='ocr_par' dir='ltr' id='par_1_61' title="bbox 2238 2848 3786 2941">
     <span class='ocr_line' id='line_1_61' title="bbox 2238 2848 3786 2941; baseline 0.001 -19"><span class='ocrx_word' id='word_1_417' title='bbox 2238 2867 2517 2934; x_wconf 76' lang='grc' dir='ltr'>λοῦντος,</span> <span class='ocrx_word' id='word_1_418' title='bbox 2545 2868 2712 2938; x_wconf 84' lang='grc' dir='ltr'>Δῆλον</span> <span class='ocrx_word' id='word_1_419' title='bbox 2741 2848 2928 2923; x_wconf 45' lang='grc' dir='ltr'>δὲικαὶ</span> <span class='ocrx_word' id='word_1_420' title='bbox 2957 2871 3094 2940; x_wconf 86' lang='grc' dir='ltr'>πρὸς</span> <span class='ocrx_word' id='word_1_421' title='bbox 3122 2871 3274 2936; x_wconf 87' lang='grc' dir='ltr'>τίνας</span> <span class='ocrx_word' id='word_1_422' title='bbox 3307 2872 3520 2941; x_wconf 75' lang='grc' dir='ltr'>ἔλεγεν·</span> <span class='ocrx_word' id='word_1_423' title='bbox 3564 2872 3786 2941; x_wconf 79' lang='grc' dir='ltr'>Ἑτοιμὰ-</span> 
     </span>
    </p>
   </div>
   <div class='ocr_carea' id='block_1_62' title="bbox 2239 2956 3784 3031">
    <p class='ocr_par' dir='ltr' id='par_1_62' title="bbox 2239 2956 3784 3031">
     <span class='ocr_line' id='line_1_62' title="bbox 2239 2956 3784 3031; baseline 0.001 -20"><span class='ocrx_word' id='word_1_424' title='bbox 2239 2973 2388 3012; x_wconf 86' lang='grc' dir='ltr'>σατε</span> <span class='ocrx_word' id='word_1_425' title='bbox 2418 2959 2530 3026; x_wconf 80' lang='grc' dir='ltr'>τὴν</span> <span class='ocrx_word' id='word_1_426' title='bbox 2565 2958 2709 3013; x_wconf 77' lang='grc' dir='ltr'>ὀδόν</span> <span class='ocrx_word' id='word_1_427' title='bbox 2734 2960 2976 3026; x_wconf 82' lang='grc' dir='ltr'>Κυρίου.</span> <span class='ocrx_word' id='word_1_428' title='bbox 3006 2961 3186 3031; x_wconf 77' lang='grc' dir='ltr'>Ἀπερ</span> <span class='ocrx_word' id='word_1_429' title='bbox 3213 2962 3394 3015; x_wconf 79' lang='grc' dir='ltr'>πάντα</span> <span class='ocrx_word' id='word_1_430' title='bbox 3423 2962 3566 3026; x_wconf 80' lang='grc' dir='ltr'>είκὸς</span> <span class='ocrx_word' id='word_1_431' title='bbox 3591 2956 3654 3031; x_wconf 73' lang='grc' dir='ltr'>ἦν</span> <span class='ocrx_word' id='word_1_432' title='bbox 3684 2963 3784 3023; x_wconf 67' lang='grc' dir='ltr'>τοὺς</span> 
     </span>
    </p>
   </div>
   <div class='ocr_carea' id='block_1_63' title="bbox 2239 3049 3785 3122">
    <p class='ocr_par' dir='ltr' id='par_1_63' title="bbox 2239 3049 3785 3122">
     <span class='ocr_line' id='line_1_63' title="bbox 2239 3049 3785 3122; baseline 0.001 -18"><span class='ocrx_word' id='word_1_433' title='bbox 2239 3050 2441 3104; x_wconf 77' lang='grc' dir='ltr'>τούτων</span> <span class='ocrx_word' id='word_1_434' title='bbox 2463 3052 2734 3121; x_wconf 75' lang='grc' dir='ltr'>ἀκροατὰς</span> <span class='ocrx_word' id='word_1_435' title='bbox 2752 3051 2954 3120; x_wconf 80' lang='grc' dir='ltr'>ζητεῖν,</span> <span class='ocrx_word' id='word_1_436' title='bbox 2969 3049 3221 3122; x_wconf 74' lang='grc' dir='ltr'>εὔχεσθαί</span> <span class='ocrx_word' id='word_1_437' title='bbox 3237 3071 3295 3105; x_wconf 92' lang='grc' dir='ltr'><strong>τε</strong></span> <span class='ocrx_word' id='word_1_438' title='bbox 3322 3054 3386 3107; x_wconf 83' lang='grc' dir='ltr'><strong>τὸ</strong></span> <span class='ocrx_word' id='word_1_439' title='bbox 3406 3053 3687 3122; x_wconf 78' lang='grc' dir='ltr'>σωτήριον</span> <span class='ocrx_word' id='word_1_440' title='bbox 3704 3054 3785 3107; x_wconf 82' lang='grc' dir='ltr'><strong>τοῦ</strong></span> 
     </span>
    </p>
   </div>
   <div class='ocr_carea' id='block_1_64' title="bbox 560 3135 2137 3216">
    <p class='ocr_par' dir='ltr' id='par_1_64' title="bbox 560 3139 2133 3212">
     <span class='ocr_line' id='line_1_64' title="bbox 560 3139 2133 3212; baseline 0.006 -24"><span class='ocrx_word' id='word_1_441' title='bbox 560 3150 693 3191; x_wconf 68' lang='lat' dir='ltr'><strong>Vero</strong></span> <span class='ocrx_word' id='word_1_442' title='bbox 721 3147 774 3192; x_wconf 92' lang='lat' dir='ltr'><strong>et</strong></span> <span class='ocrx_word' id='word_1_443' title='bbox 805 3139 870 3192; x_wconf 92' lang='lat' dir='ltr'><strong>ad</strong></span> <span class='ocrx_word' id='word_1_444' title='bbox 902 3157 1041 3211; x_wconf 88' lang='lat' dir='ltr'><strong>quos</strong></span> <span class='ocrx_word' id='word_1_445' title='bbox 1091 3144 1432 3210; x_wconf 86' lang='lat' dir='ltr'><strong>loqueretur,</strong></span> <span class='ocrx_word' id='word_1_446' title='bbox 1470 3160 1592 3198; x_wconf 91' lang='lat' dir='ltr'><strong>cum</strong></span> <span class='ocrx_word' id='word_1_447' title='bbox 1627 3161 1819 3212; x_wconf 85' lang='lat' dir='ltr'><strong>parare</strong></span> <span class='ocrx_word' id='word_1_448' title='bbox 1853 3147 1992 3199; x_wconf 80' lang='lat' dir='ltr'><strong>viam</strong></span> <span class='ocrx_word' id='word_1_449' title='bbox 2028 3145 2133 3198; x_wconf 86' lang='lat' dir='ltr'><strong>Do-</strong></span> 
     </span>
    </p>
   </div>
   <div class='ocr_carea' id='block_1_65' title="bbox 2240 3135 3780 3216">
    <p class='ocr_par' dir='ltr' id='par_1_65' title="bbox 2241 3142 3780 3216">
     <span class='ocr_line' id='line_1_65' title="bbox 2241 3142 3780 3216; baseline 0.001 -19"><span class='ocrx_word' id='word_1_450' title='bbox 2241 3143 2387 3197; x_wconf 86' lang='grc' dir='ltr'>Θεοῦ</span> <span class='ocrx_word' id='word_1_451' title='bbox 2416 3142 2580 3205; x_wconf 80' lang='grc' dir='ltr'>ἰδεῖν,</span> <span class='ocrx_word' id='word_1_452' title='bbox 2611 3143 3010 3212; x_wconf 77' lang='grc' dir='ltr'>προϐαινούσης</span> <span class='ocrx_word' id='word_1_453' title='bbox 3039 3145 3116 3207; x_wconf 91' lang='grc' dir='ltr'><strong>είς</strong></span> <span class='ocrx_word' id='word_1_454' title='bbox 3143 3143 3304 3214; x_wconf 78' lang='grc' dir='ltr'>ἔργον</span> <span class='ocrx_word' id='word_1_455' title='bbox 3336 3146 3442 3214; x_wconf 80' lang='grc' dir='ltr'>τῆς</span> <span class='ocrx_word' id='word_1_456' title='bbox 3461 3144 3780 3216; x_wconf 75' lang='grc' dir='ltr'>προφητείας.</span> 
     </span>
    </p>
   </div>
   <div class='ocr_carea' id='block_1_66' title="bbox 558 3231 3782 3312">
    <p class='ocr_par' dir='ltr' id='par_1_66' title="bbox 558 3231 3782 3312">
     <span class='ocr_line' id='line_1_66' title="bbox 558 3231 3782 3312; baseline 0.002 -30"><span class='ocrx_word' id='word_1_457' title='bbox 558 3231 693 3284; x_wconf 83' lang='lat' dir='ltr'><strong>mini</strong></span> <span class='ocrx_word' id='word_1_458' title='bbox 727 3232 963 3312; x_wconf 88' lang='lat' dir='ltr'><strong>juberet.</strong></span> <span class='ocrx_word' id='word_1_459' title='bbox 997 3232 1126 3299; x_wconf 60' lang='lat' dir='ltr'><strong>Qum</strong></span> <span class='ocrx_word' id='word_1_460' title='bbox 1159 3238 1341 3290; x_wconf 84' lang='lat' dir='ltr'><strong>omnia</strong></span> <span class='ocrx_word' id='word_1_461' title='bbox 1381 3238 1660 3294; x_wconf 89' lang='lat' dir='ltr'><strong>auditores</strong></span> <span class='ocrx_word' id='word_1_462' title='bbox 1713 3241 1941 3293; x_wconf 85' lang='lat' dir='ltr'><strong>istorum</strong></span> <span class='ocrx_word' id='word_1_463' title='bbox 1981 3252 2252 3308; x_wconf 74' lang='lat' dir='ltr'><strong>quierere,</strong></span> <span class='ocrx_word' id='word_1_464' title='bbox 2282 3245 2356 3301; x_wconf 87' lang='lat' dir='ltr'><strong>et,</strong></span> <span class='ocrx_word' id='word_1_465' title='bbox 2384 3245 2440 3289; x_wconf 93' lang='lat' dir='ltr'><strong>ut</strong></span> <span class='ocrx_word' id='word_1_466' title='bbox 2485 3246 2738 3306; x_wconf 73' lang='lat' dir='ltr'><strong>pergente</strong></span> <span class='ocrx_word' id='word_1_467' title='bbox 2768 3238 2822 3291; x_wconf 89' lang='lat' dir='ltr'><strong>in</strong></span> <span class='ocrx_word' id='word_1_468' title='bbox 2863 3246 3042 3291; x_wconf 85' lang='lat' dir='ltr'><strong>actum</strong></span> <span class='ocrx_word' id='word_1_469' title='bbox 3073 3239 3351 3308; x_wconf 88' lang='lat' dir='ltr'><strong>prophetia</strong></span> <span class='ocrx_word' id='word_1_470' title='bbox 3381 3279 3398 3305; x_wconf 97' lang='lat'><strong>,</strong></span> <span class='ocrx_word' id='word_1_471' title='bbox 3448 3239 3673 3294; x_wconf 78' lang='lat' dir='ltr'><strong>salutare</strong></span> <span class='ocrx_word' id='word_1_472' title='bbox 3711 3238 3782 3292; x_wconf 81' lang='lat' dir='ltr'><strong>Dei</strong></span> 
     </span>
    </p>
   </div>
   <div class='ocr_carea' id='block_1_67' title="bbox 559 3330 1752 3400">
    <p class='ocr_par' dir='ltr' id='par_1_67' title="bbox 559 3330 1752 3400">
     <span class='ocr_line' id='line_1_67' title="bbox 559 3330 1752 3400; baseline 0.002 -12"><span class='ocrx_word' id='word_1_473' title='bbox 559 3331 812 3395; x_wconf 73' lang='lat' dir='ltr'><strong>viderent,</strong></span> <span class='ocrx_word' id='word_1_474' title='bbox 840 3332 1050 3400; x_wconf 67' lang='lat' dir='ltr'><strong>precari</strong></span> <span class='ocrx_word' id='word_1_475' title='bbox 1087 3330 1256 3387; x_wconf 83' lang='lat' dir='ltr'><strong>fuerat</strong></span> <span class='ocrx_word' id='word_1_476' title='bbox 1305 3344 1752 3390; x_wconf 84' lang='lat' dir='ltr'><strong>consentaneum.</strong></span> 
     </span>
    </p>
   </div>
   <div class='ocr_carea' id='block_1_68' title="bbox 629 3467 2142 3538">
    <p class='ocr_par' dir='ltr' id='par_1_68' title="bbox 629 3467 2142 3538">
     <span class='ocr_line' id='line_1_68' title="bbox 629 3467 2142 3538; baseline -0.001 -15"><span class='ocrx_word' id='word_1_477' title='bbox 629 3470 898 3536; x_wconf 83' lang='lat' dir='ltr'><strong>Quoniam</strong></span> <span class='ocrx_word' id='word_1_478' title='bbox 932 3470 1096 3538; x_wconf 83' lang='lat' dir='ltr'><strong>igitur</strong></span> <span class='ocrx_word' id='word_1_479' title='bbox 1126 3468 1228 3522; x_wconf 88' lang='lat' dir='ltr'><strong>ista</strong></span> <span class='ocrx_word' id='word_1_480' title='bbox 1258 3469 1657 3537; x_wconf 81' lang='lat' dir='ltr'><strong>exspectabant</strong></span> <span class='ocrx_word' id='word_1_481' title='bbox 1680 3469 1771 3536; x_wconf 91' lang='lat' dir='ltr'><strong>qui</strong></span> <span class='ocrx_word' id='word_1_482' title='bbox 1798 3484 1884 3522; x_wconf 91' lang='lat' dir='ltr'><strong>res</strong></span> <span class='ocrx_word' id='word_1_483' title='bbox 1910 3467 2142 3536; x_wconf 81' lang='lat' dir='ltr'><strong>prephe-</strong></span> 
     </span>
    </p>
   </div>
   <div class='ocr_carea' id='block_1_69' title="bbox 561 3559 2140 3628">
    <p class='ocr_par' dir='ltr' id='par_1_69' title="bbox 561 3559 2140 3628">
     <span class='ocr_line' id='line_1_69' title="bbox 561 3559 2140 3628; baseline -0.001 -16"><span class='ocrx_word' id='word_1_484' title='bbox 561 3561 700 3614; x_wconf 84' lang='lat' dir='ltr'><strong>ticas</strong></span> <span class='ocrx_word' id='word_1_485' title='bbox 719 3559 1020 3624; x_wconf 80' lang='lat' dir='ltr'><strong>callebant;</strong></span> <span class='ocrx_word' id='word_1_486' title='bbox 1063 3561 1148 3620; x_wconf 91' lang='lat' dir='ltr'><strong>iis,</strong></span> <span class='ocrx_word' id='word_1_487' title='bbox 1172 3560 1262 3626; x_wconf 89' lang='lat' dir='ltr'><strong>qui</strong></span> <span class='ocrx_word' id='word_1_488' title='bbox 1285 3561 1674 3628; x_wconf 85' lang='lat' dir='ltr'><strong>aprincipibus</strong></span> <span class='ocrx_word' id='word_1_489' title='bbox 1707 3561 2054 3614; x_wconf 85' lang='lat' dir='ltr'><strong>sacerdotum</strong></span> <span class='ocrx_word' id='word_1_490' title='bbox 2087 3566 2140 3611; x_wconf 90' lang='lat' dir='ltr'><strong>et</strong></span> 
     </span>
    </p>
   </div>
   <div class='ocr_carea' id='block_1_70' title="bbox 562 3650 2138 3720">
    <p class='ocr_par' dir='ltr' id='par_1_70' title="bbox 562 3650 2138 3720">
     <span class='ocr_line' id='line_1_70' title="bbox 562 3650 2138 3720; baseline -0.003 -15"><span class='ocrx_word' id='word_1_491' title='bbox 562 3653 838 3719; x_wconf 73' lang='lat' dir='ltr'><strong>magistris</strong></span> <span class='ocrx_word' id='word_1_492' title='bbox 895 3653 1046 3706; x_wconf 88' lang='lat' dir='ltr'><strong>missi</strong></span> <span class='ocrx_word' id='word_1_493' title='bbox 1087 3652 1149 3703; x_wconf 92' lang='lat' dir='ltr'><strong>ad</strong></span> <span class='ocrx_word' id='word_1_494' title='bbox 1200 3650 1461 3720; x_wconf 78' lang='lat' dir='ltr'><strong>Joannem</strong></span> <span class='ocrx_word' id='word_1_495' title='bbox 1515 3664 1800 3709; x_wconf 84' lang='lat' dir='ltr'><strong>venerant,</strong></span> <span class='ocrx_word' id='word_1_496' title='bbox 1875 3659 1931 3703; x_wconf 90' lang='lat' dir='ltr'><strong>ut</strong></span> <span class='ocrx_word' id='word_1_497' title='bbox 1975 3650 2138 3704; x_wconf 88' lang='lat' dir='ltr'><strong>Chri-</strong></span> 
     </span>
    </p>
   </div>
   <div class='ocr_carea' id='block_1_71' title="bbox 562 3743 2135 3814">
    <p class='ocr_par' dir='ltr' id='par_1_71' title="bbox 562 3743 2135 3814">
     <span class='ocr_line' id='line_1_71' title="bbox 562 3743 2135 3814; baseline -0.003 -17"><span class='ocrx_word' id='word_1_498' title='bbox 562 3753 771 3807; x_wconf 88' lang='lat' dir='ltr'><strong>stusne,</strong></span> <span class='ocrx_word' id='word_1_499' title='bbox 809 3760 875 3797; x_wconf 87' lang='lat' dir='ltr'><strong>an</strong></span> <span class='ocrx_word' id='word_1_500' title='bbox 912 3743 1080 3808; x_wconf 86' lang='lat' dir='ltr'><strong>Elias,</strong></span> <span class='ocrx_word' id='word_1_501' title='bbox 1127 3761 1194 3797; x_wconf 91' lang='lat' dir='ltr'><strong>an</strong></span> <span class='ocrx_word' id='word_1_502' title='bbox 1239 3745 1504 3814; x_wconf 89' lang='lat' dir='ltr'><strong>propheta</strong></span> <span class='ocrx_word' id='word_1_503' title='bbox 1531 3745 1647 3814; x_wconf 86' lang='lat' dir='ltr'><strong>ipse</strong></span> <span class='ocrx_word' id='word_1_504' title='bbox 1675 3753 1838 3808; x_wconf 90' lang='lat' dir='ltr'><strong>esset,</strong></span> <span class='ocrx_word' id='word_1_505' title='bbox 1866 3743 2135 3808; x_wconf 74' lang='lat' dir='ltr'><strong>audirent,</strong></span> 
     </span>
    </p>
   </div>
   <div class='ocr_carea' id='block_1_72' title="bbox 560 3833 2137 3901">
    <p class='ocr_par' dir='ltr' id='par_1_72' title="bbox 560 3833 2137 3901">
     <span class='ocr_line' id='line_1_72' title="bbox 560 3833 2137 3901; baseline -0.001 -15"><span class='ocrx_word' id='word_1_506' title='bbox 560 3833 652 3886; x_wconf 89' lang='lat' dir='ltr'><strong>illa</strong></span> <span class='ocrx_word' id='word_1_507' title='bbox 704 3834 918 3900; x_wconf 88' lang='lat' dir='ltr'><strong>quidem</strong></span> <span class='ocrx_word' id='word_1_508' title='bbox 956 3843 1248 3901; x_wconf 80' lang='lat' dir='ltr'><strong>pernegat,</strong></span> <span class='ocrx_word' id='word_1_509' title='bbox 1306 3849 1365 3888; x_wconf 91' lang='lat' dir='ltr'><strong>se</strong></span> <span class='ocrx_word' id='word_1_510' title='bbox 1413 3843 1593 3886; x_wconf 82' lang='lat' dir='ltr'><strong>autem</strong></span> <span class='ocrx_word' id='word_1_511' title='bbox 1644 3849 1816 3887; x_wconf 85' lang='lat' dir='ltr'><strong>vocem</strong></span> <span class='ocrx_word' id='word_1_512' title='bbox 1855 3833 2137 3885; x_wconf 82' lang='lat' dir='ltr'><strong>clamantis</strong></span> 
     </span>
    </p>
   </div>
   <div class='ocr_carea' id='block_1_73' title="bbox 559 3924 2129 3994">
    <p class='ocr_par' dir='ltr' id='par_1_73' title="bbox 559 3924 2129 3994">
     <span class='ocr_line' id='line_1_73' title="bbox 559 3924 2129 3994; baseline -0.004 -15"><span class='ocrx_word' id='word_1_513' title='bbox 559 3941 672 3979; x_wconf 86' lang='lat' dir='ltr'><strong>csse</strong></span> <span class='ocrx_word' id='word_1_514' title='bbox 716 3924 996 3993; x_wconf 78' lang='lat' dir='ltr'><strong>profitetur</strong></span> <span class='ocrx_word' id='word_1_515' title='bbox 1025 3926 1089 3979; x_wconf 62' lang='grc'><strong>³⁵.</strong></span> <span class='ocrx_word' id='word_1_516' title='bbox 1127 3924 1180 3977; x_wconf 87' lang='lat' dir='ltr'><strong>Id</strong></span> <span class='ocrx_word' id='word_1_517' title='bbox 1223 3927 1365 3978; x_wconf 89' lang='lat' dir='ltr'><strong>enim</strong></span> <span class='ocrx_word' id='word_1_518' title='bbox 1403 3925 1494 3986; x_wconf 88' lang='lat' dir='ltr'><strong>iis,</strong></span> <span class='ocrx_word' id='word_1_519' title='bbox 1529 3925 1618 3993; x_wconf 90' lang='lat' dir='ltr'><strong>qui</strong></span> <span class='ocrx_word' id='word_1_520' title='bbox 1656 3925 1994 3994; x_wconf 87' lang='lat' dir='ltr'><strong>prophetiam</strong></span> <span class='ocrx_word' id='word_1_521' title='bbox 2035 3939 2129 3974; x_wconf 83' lang='lat' dir='ltr'><strong>no-</strong></span> 
     </span>
    </p>
   </div>
   <div class='ocr_carea' id='block_1_74' title="bbox 561 4016 2128 4086">
    <p class='ocr_par' dir='ltr' id='par_1_74' title="bbox 561 4016 2128 4086">
     <span class='ocr_line' id='line_1_74' title="bbox 561 4016 2128 4086; baseline -0.003 -15"><span class='ocrx_word' id='word_1_522' title='bbox 561 4029 706 4083; x_wconf 82' lang='lat' dir='ltr'><strong>rant,</strong></span> <span class='ocrx_word' id='word_1_523' title='bbox 736 4019 961 4082; x_wconf 83' lang='lat' dir='ltr'><strong>dixisse,</strong></span> <span class='ocrx_word' id='word_1_524' title='bbox 983 4019 1363 4086; x_wconf 81' lang='lat' dir='ltr'><strong>desertumque,</strong></span> <span class='ocrx_word' id='word_1_525' title='bbox 1399 4017 1451 4069; x_wconf 93' lang='lat' dir='ltr'><strong>in</strong></span> <span class='ocrx_word' id='word_1_526' title='bbox 1482 4032 1589 4085; x_wconf 91' lang='lat' dir='ltr'><strong>quo</strong></span> <span class='ocrx_word' id='word_1_527' title='bbox 1621 4019 1832 4086; x_wconf 81' lang='lat' dir='ltr'><strong>agebat,</strong></span> <span class='ocrx_word' id='word_1_528' title='bbox 1866 4025 1920 4070; x_wconf 93' lang='lat' dir='ltr'><strong>et</strong></span> <span class='ocrx_word' id='word_1_529' title='bbox 1952 4016 2128 4085; x_wconf 89' lang='lat' dir='ltr'><strong>ipsum</strong></span> 
     </span>
    </p>
   </div>
   <div class='ocr_carea' id='block_1_75' title="bbox 559 4110 2128 4180">
    <p class='ocr_par' dir='ltr' id='par_1_75' title="bbox 559 4110 2128 4180">
     <span class='ocr_line' id='line_1_75' title="bbox 559 4110 2128 4180; baseline -0.003 -16"><span class='ocrx_word' id='word_1_530' title='bbox 559 4112 659 4164; x_wconf 77' lang='lat' dir='ltr'><strong>Dei</strong></span> <span class='ocrx_word' id='word_1_531' title='bbox 690 4112 926 4164; x_wconf 82' lang='lat' dir='ltr'><strong>salutare</strong></span> <span class='ocrx_word' id='word_1_532' title='bbox 958 4113 1105 4164; x_wconf 84' lang='lat' dir='ltr'><strong>oiniii</strong></span> <span class='ocrx_word' id='word_1_533' title='bbox 1155 4113 1307 4164; x_wconf 86' lang='lat' dir='ltr'><strong>carni</strong></span> <span class='ocrx_word' id='word_1_534' title='bbox 1339 4112 1793 4180; x_wconf 87' lang='lat' dir='ltr'><strong>conspiciendum</strong></span> <span class='ocrx_word' id='word_1_535' title='bbox 1841 4124 1939 4180; x_wconf 85' lang='lat' dir='ltr'><strong>pro</strong></span> <span class='ocrx_word' id='word_1_536' title='bbox 1991 4110 2128 4163; x_wconf 81' lang='lat' dir='ltr'><strong>fori-</strong></span> 
     </span>
    </p>
   </div>
   <div class='ocr_carea' id='block_1_76' title="bbox 459 4203 2128 4267">
    <p class='ocr_par' dir='ltr' id='par_1_76' title="bbox 459 4203 2128 4267">
     <span class='ocr_line' id='line_1_76' title="bbox 459 4203 2128 4267; baseline -0.002 -7"><span class='ocrx_word' id='word_1_537' title='bbox 459 4208 465 4213; x_wconf 88' lang='grc'><em>’</em></span> <span class='ocrx_word' id='word_1_538' title='bbox 556 4205 660 4260; x_wconf 89' lang='lat' dir='ltr'><strong>bus</strong></span> <span class='ocrx_word' id='word_1_539' title='bbox 706 4207 933 4267; x_wconf 85' lang='lat' dir='ltr'><strong>instare,</strong></span> <span class='ocrx_word' id='word_1_540' title='bbox 966 4207 1099 4259; x_wconf 81' lang='lat' dir='ltr'><strong>Satis</strong></span> <span class='ocrx_word' id='word_1_541' title='bbox 1151 4213 1270 4258; x_wconf 86' lang='lat' dir='ltr'><strong>erat</strong></span> <span class='ocrx_word' id='word_1_542' title='bbox 1305 4204 1632 4259; x_wconf 88' lang='lat' dir='ltr'><strong>ostendisse.</strong></span> <span class='ocrx_word' id='word_1_543' title='bbox 1689 4203 1783 4258; x_wconf 82' lang='lat' dir='ltr'><strong>Est</strong></span> <span class='ocrx_word' id='word_1_544' title='bbox 1818 4204 1960 4257; x_wconf 89' lang='lat' dir='ltr'><strong>enim</strong></span> <span class='ocrx_word' id='word_1_545' title='bbox 1995 4217 2128 4256; x_wconf 88' lang='lat' dir='ltr'><strong>con-</strong></span> 
     </span>
    </p>
   </div>
   <div class='ocr_carea' id='block_1_77' title="bbox 553 4295 2119 4366">
    <p class='ocr_par' dir='ltr' id='par_1_77' title="bbox 553 4295 2119 4366">
     <span class='ocr_line' id='line_1_77' title="bbox 553 4295 2119 4366; baseline -0.001 -16"><span class='ocrx_word' id='word_1_546' title='bbox 553 4295 804 4350; x_wconf 77' lang='lat' dir='ltr'><strong>cioiiatus</strong></span> <span class='ocrx_word' id='word_1_547' title='bbox 836 4297 888 4349; x_wconf 89' lang='lat' dir='ltr'><strong>in</strong></span> <span class='ocrx_word' id='word_1_548' title='bbox 926 4295 1185 4350; x_wconf 69' lang='lat' dir='ltr'><strong>Iordanis</strong></span> <span class='ocrx_word' id='word_1_549' title='bbox 1217 4303 1442 4360; x_wconf 78' lang='lat' dir='ltr'><strong>deserto,</strong></span> <span class='ocrx_word' id='word_1_550' title='bbox 1475 4296 1542 4352; x_wconf 89' lang='lat' dir='ltr'><strong>de</strong></span> <span class='ocrx_word' id='word_1_551' title='bbox 1567 4311 1676 4366; x_wconf 89' lang='lat' dir='ltr'><strong>quo</strong></span> <span class='ocrx_word' id='word_1_552' title='bbox 1707 4311 1853 4350; x_wconf 88' lang='lat' dir='ltr'><strong>nunc</strong></span> <span class='ocrx_word' id='word_1_553' title='bbox 1883 4295 2119 4365; x_wconf 89' lang='lat' dir='ltr'><strong>prophe-</strong></span> 
     </span>
    </p>
   </div>
   <div class='ocr_carea' id='block_1_78' title="bbox 555 4387 2119 4460">
    <p class='ocr_par' dir='ltr' id='par_1_78' title="bbox 555 4387 2119 4460">
     <span class='ocr_line' id='line_1_78' title="bbox 555 4387 2119 4460; baseline -0.001 -17"><span class='ocrx_word' id='word_1_554' title='bbox 555 4389 654 4453; x_wconf 86' lang='lat' dir='ltr'><strong>tia,</strong></span> <span class='ocrx_word' id='word_1_555' title='bbox 684 4405 791 4442; x_wconf 91' lang='lat' dir='ltr'><strong>non</strong></span> <span class='ocrx_word' id='word_1_556' title='bbox 809 4387 1189 4460; x_wconf 86' lang='lat' dir='ltr'><strong>Jerosolymis,</strong></span> <span class='ocrx_word' id='word_1_557' title='bbox 1223 4397 1276 4443; x_wconf 88' lang='lat' dir='ltr'><strong>et</strong></span> <span class='ocrx_word' id='word_1_558' title='bbox 1308 4393 1359 4443; x_wconf 91' lang='lat' dir='ltr'><strong>in</strong></span> <span class='ocrx_word' id='word_1_559' title='bbox 1380 4407 1441 4445; x_wconf 89' lang='lat' dir='ltr'><strong>ea</strong></span> <span class='ocrx_word' id='word_1_560' title='bbox 1470 4391 1584 4460; x_wconf 88' lang='lat' dir='ltr'><strong>ipsa</strong></span> <span class='ocrx_word' id='word_1_561' title='bbox 1614 4388 1896 4444; x_wconf 80' lang='lat' dir='ltr'><strong>solitudine</strong></span> <span class='ocrx_word' id='word_1_562' title='bbox 1918 4387 2119 4444; x_wconf 89' lang='lat' dir='ltr'><strong>Christi</strong></span> 
     </span>
    </p>
   </div>
   <div class='ocr_carea' id='block_1_79' title="bbox 551 4479 2123 4550">
    <p class='ocr_par' dir='ltr' id='par_1_79' title="bbox 551 4479 2123 4550">
     <span class='ocr_line' id='line_1_79' title="bbox 551 4479 2123 4550; baseline -0.002 -16"><span class='ocrx_word' id='word_1_563' title='bbox 551 4480 826 4542; x_wconf 85' lang='lat' dir='ltr'><strong>salutare,</strong></span> <span class='ocrx_word' id='word_1_564' title='bbox 883 4481 1240 4550; x_wconf 78' lang='lat' dir='ltr'><strong>ejusdemque</strong></span> <span class='ocrx_word' id='word_1_565' title='bbox 1303 4480 1477 4550; x_wconf 84' lang='lat' dir='ltr'><strong>gloria</strong></span> <span class='ocrx_word' id='word_1_566' title='bbox 1532 4479 1771 4533; x_wconf 88' lang='lat' dir='ltr'><strong>omnibus</strong></span> <span class='ocrx_word' id='word_1_567' title='bbox 1841 4479 2123 4547; x_wconf 82' lang='lat' dir='ltr'><strong>apparuit;</strong></span> 
     </span>
    </p>
   </div>
   <div class='ocr_carea' id='block_1_80' title="bbox 2323 3461 3781 3538">
    <p class='ocr_par' dir='ltr' id='par_1_80' title="bbox 2323 3461 3781 3538">
     <span class='ocr_line' id='line_1_80' title="bbox 2323 3461 3781 3538; baseline 0.001 -22"><span class='ocrx_word' id='word_1_568' title='bbox 2323 3462 2476 3516; x_wconf 80' lang='grc' dir='ltr'>Ἐπεὶ</span> <span class='ocrx_word' id='word_1_569' title='bbox 2501 3461 2595 3516; x_wconf 76' lang='grc' dir='ltr'><strong>οὖν</strong></span> <span class='ocrx_word' id='word_1_570' title='bbox 2631 3461 2805 3516; x_wconf 86' lang='grc' dir='ltr'>ταῦτα</span> <span class='ocrx_word' id='word_1_571' title='bbox 2832 3462 3178 3533; x_wconf 85' lang='grc' dir='ltr'>προσεδόκων</span> <span class='ocrx_word' id='word_1_572' title='bbox 3211 3465 3261 3516; x_wconf 72' lang='lat' dir='ltr'><strong>oi</strong></span> <span class='ocrx_word' id='word_1_573' title='bbox 3309 3465 3424 3518; x_wconf 83' lang='grc' dir='ltr'>τῶν</span> <span class='ocrx_word' id='word_1_574' title='bbox 3471 3467 3781 3538; x_wconf 77' lang='grc' dir='ltr'>προφητικῶν</span> 
     </span>
    </p>
   </div>
   <div class='ocr_carea' id='block_1_81' title="bbox 2239 3553 3781 3628">
    <p class='ocr_par' dir='ltr' id='par_1_81' title="bbox 2239 3553 3781 3628">
     <span class='ocr_line' id='line_1_81' title="bbox 2239 3553 3781 3628; baseline 0.002 -21"><span class='ocrx_word' id='word_1_575' title='bbox 2239 3553 2636 3623; x_wconf 74' lang='grc' dir='ltr'>ἐπιγνώμονες,</span> <span class='ocrx_word' id='word_1_576' title='bbox 2685 3556 2796 3615; x_wconf 84' lang='grc' dir='ltr'>τοῖς</span> <span class='ocrx_word' id='word_1_577' title='bbox 2845 3555 3073 3622; x_wconf 72' lang='grc' dir='ltr'>ἥκουσιν</span> <span class='ocrx_word' id='word_1_578' title='bbox 3113 3554 3218 3608; x_wconf 81' lang='grc' dir='ltr'><strong>ὑπὸ</strong></span> <span class='ocrx_word' id='word_1_579' title='bbox 3249 3555 3355 3608; x_wconf 85' lang='grc' dir='ltr'><strong>τὼν</strong></span> <span class='ocrx_word' id='word_1_580' title='bbox 3395 3559 3682 3628; x_wconf 78' lang='grc' dir='ltr'>ἀρχιερέων</span> <span class='ocrx_word' id='word_1_581' title='bbox 3710 3559 3781 3611; x_wconf 72' lang='grc' dir='ltr'><strong>καὶ</strong></span> 
     </span>
    </p>
   </div>
   <div class='ocr_carea' id='block_1_82' title="bbox 2237 3646 3781 3722">
    <p class='ocr_par' dir='ltr' id='par_1_82' title="bbox 2237 3646 3781 3722">
     <span class='ocr_line' id='line_1_82' title="bbox 2237 3646 3781 3722; baseline 0.001 -22"><span class='ocrx_word' id='word_1_582' title='bbox 2237 3646 2590 3710; x_wconf 77' lang='grc' dir='ltr'>διδασκάλων,</span> <span class='ocrx_word' id='word_1_583' title='bbox 2621 3647 2894 3715; x_wconf 77' lang='grc' dir='ltr'>ἐρωτῶσίν</span> <span class='ocrx_word' id='word_1_584' title='bbox 2907 3663 2966 3698; x_wconf 90' lang='grc' dir='ltr'><strong>τε</strong></span> <span class='ocrx_word' id='word_1_585' title='bbox 2987 3647 3076 3699; x_wconf 76' lang='grc' dir='ltr'><strong>τὸν</strong></span> <span class='ocrx_word' id='word_1_586' title='bbox 3095 3649 3370 3720; x_wconf 88' lang='grc' dir='ltr'>Ίώαννην,</span> <span class='ocrx_word' id='word_1_587' title='bbox 3398 3651 3693 3722; x_wconf 77' lang='grc' dir='ltr'>είΧριστδς,</span> <span class='ocrx_word' id='word_1_588' title='bbox 3715 3652 3739 3720; x_wconf 73' lang='grc' dir='ltr'><strong>ἢ</strong></span> <span class='ocrx_word' id='word_1_589' title='bbox 3759 3651 3781 3702; x_wconf 84' lang='grc'>6</span> 
     </span>
    </p>
   </div>
   <div class='ocr_carea' id='block_1_83' title="bbox 2242 3737 3778 3810">
    <p class='ocr_par' dir='ltr' id='par_1_83' title="bbox 2242 3737 3778 3810">
     <span class='ocr_line' id='line_1_83' title="bbox 2242 3737 3778 3810; baseline 0.002 -19"><span class='ocrx_word' id='word_1_590' title='bbox 2242 3739 2450 3800; x_wconf 81' lang='grc' dir='ltr'>Ἠλίας,</span> <span class='ocrx_word' id='word_1_591' title='bbox 2472 3737 2502 3806; x_wconf 82' lang='grc' dir='ltr'>ἢ</span> <span class='ocrx_word' id='word_1_592' title='bbox 2523 3739 2550 3789; x_wconf 92' lang='grc' dir='ltr'><strong>ό</strong></span> <span class='ocrx_word' id='word_1_593' title='bbox 2567 3739 2850 3807; x_wconf 75' lang='grc' dir='ltr'>προφήτης</span> <span class='ocrx_word' id='word_1_594' title='bbox 2865 3739 3031 3800; x_wconf 65' lang='grc' dir='ltr'>ἐστὶν,</span> <span class='ocrx_word' id='word_1_595' title='bbox 3052 3741 3358 3808; x_wconf 77' lang='grc' dir='ltr'>ἁποιράσκει</span> <span class='ocrx_word' id='word_1_596' title='bbox 3379 3743 3480 3810; x_wconf 80' lang='grc' dir='ltr'><strong>μὲν</strong></span> <span class='ocrx_word' id='word_1_597' title='bbox 3498 3742 3778 3804; x_wconf 51' lang='lat' dir='ltr'><strong>summa;</strong></span> 
     </span>
    </p>
   </div>
   <div class='ocr_carea' id='block_1_84' title="bbox 2243 3825 3780 3904">
    <p class='ocr_par' dir='ltr' id='par_1_84' title="bbox 2243 3825 3780 3904">
     <span class='ocr_line' id='line_1_84' title="bbox 2243 3825 3780 3904; baseline 0.003 -22"><span class='ocrx_word' id='word_1_598' title='bbox 2243 3827 2697 3899; x_wconf 67' lang='grc' dir='ltr'>φωνὴβοὼντος</span> <span class='ocrx_word' id='word_1_599' title='bbox 2727 3825 2879 3882; x_wconf 78' lang='grc' dir='ltr'>εἶναι</span> <span class='ocrx_word' id='word_1_600' title='bbox 2907 3830 3318 3901; x_wconf 77' lang='grc' dir='ltr'>διῖσχυρίζεται.</span> <span class='ocrx_word' id='word_1_601' title='bbox 3358 3835 3375 3852; x_wconf 84' lang='grc'><em>⁰</em></span> <span class='ocrx_word' id='word_1_602' title='bbox 3407 3836 3478 3897; x_wconf 85' lang='grc' dir='ltr'><strong>Ως</strong></span> <span class='ocrx_word' id='word_1_603' title='bbox 3508 3835 3609 3904; x_wconf 80' lang='grc' dir='ltr'><strong>γὰρ</strong></span> <span class='ocrx_word' id='word_1_604' title='bbox 3645 3833 3780 3886; x_wconf 79' lang='grc' dir='ltr'>εἰδόσι</span> 
     </span>
    </p>
   </div>
   <div class='ocr_carea' id='block_1_85' title="bbox 2240 3922 3781 3996">
    <p class='ocr_par' dir='ltr' id='par_1_85' title="bbox 2240 3922 3781 3996">
     <span class='ocr_line' id='line_1_85' title="bbox 2240 3922 3781 3996; baseline 0.003 -22"><span class='ocrx_word' id='word_1_605' title='bbox 2240 3923 2338 3991; x_wconf 79' lang='grc' dir='ltr'><strong>τὴν</strong></span> <span class='ocrx_word' id='word_1_606' title='bbox 2388 3922 2723 3992; x_wconf 74' lang='grc' dir='ltr'>προφητείαν</span> <span class='ocrx_word' id='word_1_607' title='bbox 2789 3922 3032 3992; x_wconf 71' lang='grc' dir='ltr'>ἠρκέσθη</span> <span class='ocrx_word' id='word_1_608' title='bbox 3097 3924 3348 3978; x_wconf 84' lang='grc' dir='ltr'>τοσοῦτον</span> <span class='ocrx_word' id='word_1_609' title='bbox 3384 3926 3570 3992; x_wconf 79' lang='grc' dir='ltr'>εἰπὼν,</span> <span class='ocrx_word' id='word_1_610' title='bbox 3595 3927 3781 3996; x_wconf 78' lang='grc' dir='ltr'>ἔρημόν</span> 
     </span>
    </p>
   </div>
   <div class='ocr_carea' id='block_1_86' title="bbox 2239 4009 3779 4090">
    <p class='ocr_par' dir='ltr' id='par_1_86' title="bbox 2239 4009 3779 4090">
     <span class='ocr_line' id='line_1_86' title="bbox 2239 4009 3779 4090; baseline 0.003 -23"><span class='ocrx_word' id='word_1_611' title='bbox 2239 4032 2296 4067; x_wconf 89' lang='grc' dir='ltr'><strong>τε</strong></span> <span class='ocrx_word' id='word_1_612' title='bbox 2327 4015 2540 4078; x_wconf 66' lang='grc' dir='ltr'>δεικνὺς</span> <span class='ocrx_word' id='word_1_613' title='bbox 2589 4015 2686 4085; x_wconf 78' lang='grc' dir='ltr'>τὴν</span> <span class='ocrx_word' id='word_1_614' title='bbox 2713 4009 2825 4087; x_wconf 79' lang='grc' dir='ltr'><strong>ὲνῇ</strong></span> <span class='ocrx_word' id='word_1_615' title='bbox 2876 4014 3053 4083; x_wconf 79' lang='grc' dir='ltr'>διῆγε,</span> <span class='ocrx_word' id='word_1_616' title='bbox 3089 4017 3184 4069; x_wconf 78' lang='grc' dir='ltr'>καὶ</span> <span class='ocrx_word' id='word_1_617' title='bbox 3227 4017 3286 4068; x_wconf 80' lang='grc' dir='ltr'>τὸ</span> <span class='ocrx_word' id='word_1_618' title='bbox 3323 4020 3415 4070; x_wconf 82' lang='grc' dir='ltr'>ὲπὶ</span> <span class='ocrx_word' id='word_1_619' title='bbox 3449 4019 3632 4090; x_wconf 80' lang='grc' dir='ltr'>θύραις</span> <span class='ocrx_word' id='word_1_620' title='bbox 3674 4017 3779 4072; x_wconf 72' lang='grc' dir='ltr'>εἶναι</span> 
     </span>
    </p>
   </div>
   <div class='ocr_carea' id='block_1_87' title="bbox 2234 4105 3778 4181">
    <p class='ocr_par' dir='ltr' id='par_1_87' title="bbox 2234 4105 3778 4181">
     <span class='ocr_line' id='line_1_87' title="bbox 2234 4105 3778 4181; baseline 0.005 -23"><span class='ocrx_word' id='word_1_621' title='bbox 2234 4107 2301 4158; x_wconf 71' lang='grc' dir='ltr'>τὸ</span> <span class='ocrx_word' id='word_1_622' title='bbox 2318 4105 2613 4173; x_wconf 77' lang='grc' dir='ltr'>σωτήριον</span> <span class='ocrx_word' id='word_1_623' title='bbox 2631 4105 2735 4159; x_wconf 87' lang='grc' dir='ltr'><strong>τοῦ</strong></span> <span class='ocrx_word' id='word_1_624' title='bbox 2761 4105 2905 4158; x_wconf 77' lang='grc' dir='ltr'>Θεοῦ</span> <span class='ocrx_word' id='word_1_625' title='bbox 2918 4106 2977 4158; x_wconf 79' lang='grc' dir='ltr'><strong>τὸ</strong></span> <span class='ocrx_word' id='word_1_626' title='bbox 2999 4108 3146 4178; x_wconf 81' lang='grc' dir='ltr'>πάσῃ</span> <span class='ocrx_word' id='word_1_627' title='bbox 3171 4125 3235 4160; x_wconf 86' lang='grc' dir='ltr'><strong>σα</strong></span> <span class='ocrx_word' id='word_1_628' title='bbox 3244 4110 3333 4178; x_wconf 85' lang='grc' dir='ltr'><strong>ρκί</strong></span> <span class='ocrx_word' id='word_1_629' title='bbox 3351 4112 3778 4181; x_wconf 79' lang='grc' dir='ltr'>γνωσθησόμενον.</span> 
     </span>
    </p>
   </div>
   <div class='ocr_carea' id='block_1_88' title="bbox 2245 4197 3778 4272">
    <p class='ocr_par' dir='ltr' id='par_1_88' title="bbox 2245 4197 3778 4272">
     <span class='ocr_line' id='line_1_88' title="bbox 2245 4197 3778 4272; baseline 0.003 -23"><span class='ocrx_word' id='word_1_630' title='bbox 2245 4198 2374 4268; x_wconf 79' lang='grc' dir='ltr'>Ἐκή</span> <span class='ocrx_word' id='word_1_631' title='bbox 2386 4214 2544 4268; x_wconf 81' lang='grc' dir='ltr'>ρυσσε</span> <span class='ocrx_word' id='word_1_632' title='bbox 2567 4197 2674 4267; x_wconf 82' lang='grc' dir='ltr'><strong>γὰρ</strong></span> <span class='ocrx_word' id='word_1_633' title='bbox 2704 4199 2762 4250; x_wconf 82' lang='grc' dir='ltr'>ὲν</span> <span class='ocrx_word' id='word_1_634' title='bbox 2789 4197 2863 4265; x_wconf 75' lang='grc' dir='ltr'>τῇ</span> <span class='ocrx_word' id='word_1_635' title='bbox 2886 4198 3082 4268; x_wconf 76' lang='grc' dir='ltr'>ἐρήμῳ</span> <span class='ocrx_word' id='word_1_636' title='bbox 3118 4201 3213 4253; x_wconf 87' lang='grc' dir='ltr'><strong>τοῦ</strong></span> <span class='ocrx_word' id='word_1_637' title='bbox 3247 4202 3533 4270; x_wconf 71' lang='grc' dir='ltr'>Ἰορδάνου,</span> <span class='ocrx_word' id='word_1_638' title='bbox 3555 4204 3667 4272; x_wconf 71' lang='grc' dir='ltr'>περὶ</span> <span class='ocrx_word' id='word_1_639' title='bbox 3687 4197 3778 4272; x_wconf 74' lang='grc' dir='ltr'>ἦςὴ</span> 
     </span>
    </p>
   </div>
   <div class='ocr_carea' id='block_1_89' title="bbox 2227 4291 3778 4365">
    <p class='ocr_par' dir='ltr' id='par_1_89' title="bbox 2227 4291 3778 4365">
     <span class='ocr_line' id='line_1_89' title="bbox 2227 4291 3778 4365; baseline 0.002 -22"><span class='ocrx_word' id='word_1_640' title='bbox 2227 4291 2528 4360; x_wconf 71' lang='grc' dir='ltr'>προφητεία</span> <span class='ocrx_word' id='word_1_641' title='bbox 2596 4292 2779 4361; x_wconf 64' lang='grc' dir='ltr'>φησιν,</span> <span class='ocrx_word' id='word_1_642' title='bbox 2829 4292 2941 4344; x_wconf 82' lang='grc' dir='ltr'>ἀλλ’</span> <span class='ocrx_word' id='word_1_643' title='bbox 2995 4296 3095 4346; x_wconf 65' lang='grc' dir='ltr'>οὐκ</span> <span class='ocrx_word' id='word_1_644' title='bbox 3189 4296 3245 4346; x_wconf 78' lang='grc' dir='ltr'><strong>ἐν</strong></span> <span class='ocrx_word' id='word_1_645' title='bbox 3284 4294 3653 4365; x_wconf 78' lang='grc' dir='ltr'>Ἰερουσαλήμ.</span> <span class='ocrx_word' id='word_1_646' title='bbox 3708 4295 3778 4347; x_wconf 85' lang='grc' dir='ltr'>Ἐν</span> 
     </span>
    </p>
   </div>
   <div class='ocr_carea' id='block_1_90' title="bbox 2226 4376 3777 4454">
    <p class='ocr_par' dir='ltr' id='par_1_90' title="bbox 2226 4376 3777 4454">
     <span class='ocr_line' id='line_1_90' title="bbox 2226 4376 3777 4454; baseline 0.001 -21"><span class='ocrx_word' id='word_1_647' title='bbox 2226 4376 2368 4454; x_wconf 77' lang='grc' dir='ltr'>ᾗπερ</span> <span class='ocrx_word' id='word_1_648' title='bbox 2383 4380 2576 4450; x_wconf 82' lang='grc' dir='ltr'>ἐρήμῳ</span> <span class='ocrx_word' id='word_1_649' title='bbox 2594 4382 2659 4434; x_wconf 86' lang='grc' dir='ltr'>τὸ</span> <span class='ocrx_word' id='word_1_650' title='bbox 2687 4381 3140 4452; x_wconf 70' lang='grc' dir='ltr'>σωτήριονῶφθη</span> <span class='ocrx_word' id='word_1_651' title='bbox 3164 4384 3406 4454; x_wconf 73' lang='grc' dir='ltr'>Χρισ.ὸς,</span> <span class='ocrx_word' id='word_1_652' title='bbox 3429 4387 3519 4452; x_wconf 72' lang='grc' dir='ltr'>ἦτε</span> <span class='ocrx_word' id='word_1_653' title='bbox 3545 4385 3676 4448; x_wconf 80' lang='grc' dir='ltr'>δόξα</span> <span class='ocrx_word' id='word_1_654' title='bbox 3701 4385 3777 4437; x_wconf 71' lang='grc' dir='ltr'><strong>αὖ·</strong></span> 
     </span>
    </p>
   </div>
   <div class='ocr_carea' id='block_1_91' title="bbox 2227 4471 3772 4548">
    <p class='ocr_par' dir='ltr' id='par_1_91' title="bbox 2227 4471 3772 4548">
     <span class='ocr_line' id='line_1_91' title="bbox 2227 4471 3772 4548; baseline 0.001 -23"><span class='ocrx_word' id='word_1_655' title='bbox 2227 4473 2320 4525; x_wconf 89' lang='grc' dir='ltr'><strong>τοῦ</strong></span> <span class='ocrx_word' id='word_1_656' title='bbox 2351 4472 2545 4530; x_wconf 74' lang='grc' dir='ltr'>πᾶσιν</span> <span class='ocrx_word' id='word_1_657' title='bbox 2557 4471 2847 4543; x_wconf 71' lang='grc' dir='ltr'>ἐγνώσθη,</span> <span class='ocrx_word' id='word_1_658' title='bbox 2883 4475 2990 4528; x_wconf 78' lang='grc' dir='ltr'><strong>τῶν</strong></span> <span class='ocrx_word' id='word_1_659' title='bbox 3020 4483 3115 4544; x_wconf 76' lang='grc' dir='ltr'><strong>μεν</strong></span> <span class='ocrx_word' id='word_1_660' title='bbox 3161 4477 3406 4545; x_wconf 74' lang='grc' dir='ltr'>οὐρανὼδ</span> <span class='ocrx_word' id='word_1_661' title='bbox 3434 4478 3772 4548; x_wconf 81' lang='grc' dir='ltr'>ἀνοιγομένων,</span> 
     </span>
    </p>
   </div>
   <div class='ocr_carea' id='block_1_92' title="bbox 553 4563 2137 4642">
    <p class='ocr_par' dir='ltr' id='par_1_92' title="bbox 553 4571 2130 4642">
     <span class='ocr_line' id='line_1_92' title="bbox 553 4571 2130 4642; baseline 0 -18"><span class='ocrx_word' id='word_1_662' title='bbox 553 4586 675 4624; x_wconf 92' lang='lat' dir='ltr'><strong>cum</strong></span> <span class='ocrx_word' id='word_1_663' title='bbox 712 4583 765 4624; x_wconf 89' lang='lat' dir='ltr'><strong>et</strong></span> <span class='ocrx_word' id='word_1_664' title='bbox 819 4571 883 4624; x_wconf 89' lang='lat' dir='ltr'><strong>ad</strong></span> <span class='ocrx_word' id='word_1_665' title='bbox 937 4573 1056 4641; x_wconf 86' lang='lat' dir='ltr'><strong>ejus</strong></span> <span class='ocrx_word' id='word_1_666' title='bbox 1089 4573 1415 4640; x_wconf 80' lang='lat' dir='ltr'><strong>haptismmn</strong></span> <span class='ocrx_word' id='word_1_667' title='bbox 1447 4575 1601 4627; x_wconf 69' lang='lat' dir='ltr'><strong>melis</strong></span> <span class='ocrx_word' id='word_1_668' title='bbox 1633 4574 1839 4642; x_wconf 82' lang='lat' dir='ltr'><strong>apertis</strong></span> <span class='ocrx_word' id='word_1_669' title='bbox 1875 4575 1925 4626; x_wconf 93' lang='lat' dir='ltr'><strong>in</strong></span> <span class='ocrx_word' id='word_1_670' title='bbox 1973 4589 2130 4627; x_wconf 89' lang='lat' dir='ltr'><strong>eum-</strong></span> 
     </span>
    </p>
   </div>
   <div class='ocr_carea' id='block_1_93' title="bbox 2240 4563 3772 4642">
    <p class='ocr_par' dir='ltr' id='par_1_93' title="bbox 2240 4564 3772 4637">
     <span class='ocr_line' id='line_1_93' title="bbox 2240 4564 3772 4637; baseline 0.001 -21"><span class='ocrx_word' id='word_1_671' title='bbox 2240 4564 2662 4635; x_wconf 74' lang='grc' dir='ltr'>βαπτιζομένου,</span> <span class='ocrx_word' id='word_1_672' title='bbox 2721 4565 2814 4617; x_wconf 85' lang='grc' dir='ltr'><strong>τοῦ</strong></span> <span class='ocrx_word' id='word_1_673' title='bbox 2868 4565 2924 4617; x_wconf 82' lang='grc' dir='ltr'><strong>δὲ</strong></span> <span class='ocrx_word' id='word_1_674' title='bbox 3002 4566 3147 4618; x_wconf 87' lang='grc' dir='ltr'>θείου</span> <span class='ocrx_word' id='word_1_675' title='bbox 3226 4567 3540 4637; x_wconf 69' lang='grc' dir='ltr'>Πνεῦματος</span> <span class='ocrx_word' id='word_1_676' title='bbox 3574 4571 3627 4621; x_wconf 81' lang='grc' dir='ltr'>ὲν</span> <span class='ocrx_word' id='word_1_677' title='bbox 3673 4567 3772 4619; x_wconf 78' lang='grc' dir='ltr'>εῖδει</span> 
     </span>
    </p>
   </div>
   <div class='ocr_carea' id='block_1_94' title="bbox 553 4661 2119 4732">
    <p class='ocr_par' dir='ltr' id='par_1_94' title="bbox 553 4661 2119 4732">
     <span class='ocr_line' id='line_1_94' title="bbox 553 4661 2119 4732; baseline 0.003 -19"><span class='ocrx_word' id='word_1_678' title='bbox 553 4661 674 4713; x_wconf 92' lang='lat' dir='ltr'><strong>dem</strong></span> <span class='ocrx_word' id='word_1_679' title='bbox 708 4677 766 4715; x_wconf 89' lang='lat' dir='ltr'><strong>se</strong></span> <span class='ocrx_word' id='word_1_680' title='bbox 786 4661 1019 4730; x_wconf 84' lang='lat' dir='ltr'><strong>Spiritus</strong></span> <span class='ocrx_word' id='word_1_681' title='bbox 1046 4664 1312 4716; x_wconf 68' lang='lat' dir='ltr'><strong>columbae</strong></span> <span class='ocrx_word' id='word_1_682' title='bbox 1344 4665 1526 4732; x_wconf 88' lang='lat' dir='ltr'><strong>specie</strong></span> <span class='ocrx_word' id='word_1_683' title='bbox 1553 4665 1791 4725; x_wconf 85' lang='lat' dir='ltr'><strong>demisit,</strong></span> <span class='ocrx_word' id='word_1_684' title='bbox 1825 4677 1876 4716; x_wconf 92' lang='lat' dir='ltr'><strong>et</strong></span> <span class='ocrx_word' id='word_1_685' title='bbox 1902 4681 1930 4716; x_wconf 91' lang='lat' dir='ltr'><strong>a</strong></span> <span class='ocrx_word' id='word_1_686' title='bbox 1960 4663 2119 4718; x_wconf 85' lang='lat' dir='ltr'><strong>Patre</strong></span> 
     </span>
    </p>
   </div>
   <div class='ocr_carea' id='block_1_95' title="bbox 551 4751 2119 4823">
    <p class='ocr_par' dir='ltr' id='par_1_95' title="bbox 551 4751 2119 4823">
     <span class='ocr_line' id='line_1_95' title="bbox 551 4751 2119 4823; baseline 0.002 -17"><span class='ocrx_word' id='word_1_687' title='bbox 551 4751 786 4808; x_wconf 80' lang='lat' dir='ltr'><strong>dilectus</strong></span> <span class='ocrx_word' id='word_1_688' title='bbox 827 4755 1085 4823; x_wconf 88' lang='lat' dir='ltr'><strong>appellari</strong></span> <span class='ocrx_word' id='word_1_689' title='bbox 1121 4753 1292 4809; x_wconf 86' lang='lat' dir='ltr'><strong>Filius</strong></span> <span class='ocrx_word' id='word_1_690' title='bbox 1335 4756 1553 4809; x_wconf 86' lang='lat' dir='ltr'><strong>auditus</strong></span> <span class='ocrx_word' id='word_1_691' title='bbox 1587 4765 1672 4809; x_wconf 88' lang='lat' dir='ltr'><strong>est</strong></span> <span class='ocrx_word' id='word_1_692' title='bbox 1702 4757 1768 4809; x_wconf 79' lang='grc'><strong>³⁸.</strong></span> <span class='ocrx_word' id='word_1_693' title='bbox 1804 4756 1928 4810; x_wconf 68' lang='lat' dir='ltr'><strong>Haec</strong></span> <span class='ocrx_word' id='word_1_694' title='bbox 1975 4760 2119 4810; x_wconf 88' lang='lat' dir='ltr'><strong>enim</strong></span> 
     </span>
    </p>
   </div>
   <div class='ocr_carea' id='block_1_96' title="bbox 552 4845 2128 4914">
    <p class='ocr_par' dir='ltr' id='par_1_96' title="bbox 552 4845 2128 4914">
     <span class='ocr_line' id='line_1_96' title="bbox 552 4845 2128 4914; baseline 0.003 -15"><span class='ocrx_word' id='word_1_695' title='bbox 552 4845 707 4914; x_wconf 85' lang='lat' dir='ltr'><strong>signa</strong></span> <span class='ocrx_word' id='word_1_696' title='bbox 753 4845 938 4914; x_wconf 69' lang='lat' dir='ltr'><strong>gloriae</strong></span> <span class='ocrx_word' id='word_1_697' title='bbox 987 4847 1244 4899; x_wconf 79' lang='lat' dir='ltr'><strong>salutaris</strong></span> <span class='ocrx_word' id='word_1_698' title='bbox 1293 4847 1345 4900; x_wconf 93' lang='lat' dir='ltr'><strong>in</strong></span> <span class='ocrx_word' id='word_1_699' title='bbox 1379 4845 1637 4903; x_wconf 68' lang='lat' dir='ltr'><strong>Iordanis</strong></span> <span class='ocrx_word' id='word_1_700' title='bbox 1667 4847 1955 4902; x_wconf 77' lang='lat' dir='ltr'><strong>solitudine</strong></span> <span class='ocrx_word' id='word_1_701' title='bbox 2001 4846 2128 4904; x_wconf 87' lang='lat' dir='ltr'><strong>data</strong></span> 
     </span>
    </p>
   </div>
   <div class='ocr_carea' id='block_1_97' title="bbox 552 4937 2131 5009">
    <p class='ocr_par' dir='ltr' id='par_1_97' title="bbox 552 4937 2131 5009">
     <span class='ocr_line' id='line_1_97' title="bbox 552 4937 2131 5009; baseline 0.003 -20"><span class='ocrx_word' id='word_1_702' title='bbox 552 4951 678 4990; x_wconf 87' lang='lat' dir='ltr'><strong>esse</strong></span> <span class='ocrx_word' id='word_1_703' title='bbox 707 4945 946 4990; x_wconf 84' lang='lat' dir='ltr'><strong>constat.</strong></span> <span class='ocrx_word' id='word_1_704' title='bbox 979 4939 1155 5007; x_wconf 83' lang='lat' dir='ltr'><strong>Atque</strong></span> <span class='ocrx_word' id='word_1_705' title='bbox 1192 4937 1319 4993; x_wconf 89' lang='lat' dir='ltr'><strong>inde</strong></span> <span class='ocrx_word' id='word_1_706' title='bbox 1349 4946 1453 5003; x_wconf 88' lang='lat' dir='ltr'><strong>est,</strong></span> <span class='ocrx_word' id='word_1_707' title='bbox 1500 4941 1645 5009; x_wconf 89' lang='lat' dir='ltr'><strong>quod</strong></span> <span class='ocrx_word' id='word_1_708' title='bbox 1693 4940 1938 4995; x_wconf 84' lang='lat' dir='ltr'><strong>eamdem</strong></span> <span class='ocrx_word' id='word_1_709' title='bbox 1971 4949 2131 4995; x_wconf 84' lang='lat' dir='ltr'><strong>antea</strong></span> 
     </span>
    </p>
   </div>
   <div class='ocr_carea' id='block_1_98' title="bbox 554 5029 2121 5098">
    <p class='ocr_par' dir='ltr' id='par_1_98' title="bbox 554 5029 2121 5098">
     <span class='ocr_line' id='line_1_98' title="bbox 554 5029 2121 5098; baseline 0.003 -17"><span class='ocrx_word' id='word_1_710' title='bbox 554 5029 609 5081; x_wconf 91' lang='lat' dir='ltr'><strong>in</strong></span> <span class='ocrx_word' id='word_1_711' title='bbox 649 5029 796 5083; x_wconf 88' lang='lat' dir='ltr'><strong>hunc</strong></span> <span class='ocrx_word' id='word_1_712' title='bbox 843 5029 1060 5084; x_wconf 91' lang='lat' dir='ltr'><strong>modum</strong></span> <span class='ocrx_word' id='word_1_713' title='bbox 1090 5031 1360 5085; x_wconf 87' lang='lat' dir='ltr'><strong>allocutus</strong></span> <span class='ocrx_word' id='word_1_714' title='bbox 1394 5042 1476 5087; x_wconf 90' lang='lat' dir='ltr'><strong>est</strong></span> <span class='ocrx_word' id='word_1_715' title='bbox 1511 5048 1525 5085; x_wconf 90' lang='lat'><strong>:</strong></span> <span class='ocrx_word' id='word_1_716' title='bbox 1568 5051 1587 5084; x_wconf 78' lang='grc' dir='ltr'><strong>ι</strong></span> <span class='ocrx_word' id='word_1_717' title='bbox 1629 5030 1857 5098; x_wconf 68' lang='lat' dir='ltr'><strong>Laetare,</strong></span> <span class='ocrx_word' id='word_1_718' title='bbox 1904 5031 2121 5087; x_wconf 88' lang='lat' dir='ltr'><strong>deserta</strong></span> 
     </span>
    </p>
   </div>
   <div class='ocr_carea' id='block_1_99' title="bbox 554 5122 2120 5195">
    <p class='ocr_par' dir='ltr' id='par_1_99' title="bbox 554 5122 2120 5195">
     <span class='ocr_line' id='line_1_99' title="bbox 554 5122 2120 5195; baseline 0.002 -19"><span class='ocrx_word' id='word_1_719' title='bbox 554 5122 784 5188; x_wconf 84' lang='lat' dir='ltr'><strong>sitiens;</strong></span> <span class='ocrx_word' id='word_1_720' title='bbox 817 5124 1054 5178; x_wconf 72' lang='lat' dir='ltr'><strong>exsultet</strong></span> <span class='ocrx_word' id='word_1_721' title='bbox 1099 5125 1372 5191; x_wconf 89' lang='lat' dir='ltr'><strong>solitudo,</strong></span> <span class='ocrx_word' id='word_1_722' title='bbox 1404 5133 1459 5180; x_wconf 90' lang='lat' dir='ltr'><strong>et</strong></span> <span class='ocrx_word' id='word_1_723' title='bbox 1488 5123 1677 5180; x_wconf 84' lang='lat' dir='ltr'><strong>ﬂoreat</strong></span> <span class='ocrx_word' id='word_1_724' title='bbox 1721 5126 1879 5195; x_wconf 87' lang='lat' dir='ltr'><strong>quasi</strong></span> <span class='ocrx_word' id='word_1_725' title='bbox 1925 5125 2120 5179; x_wconf 92' lang='lat' dir='ltr'><strong>lilium.</strong></span> 
     </span>
    </p>
   </div>
   <div class='ocr_carea' id='block_1_100' title="bbox 555 5208 2119 5275">
    <p class='ocr_par' dir='ltr' id='par_1_100' title="bbox 555 5208 2119 5275">
     <span class='ocr_line' id='line_1_100' title="bbox 555 5208 2119 5275; baseline 0.002 -13"><span class='ocrx_word' id='word_1_726' title='bbox 555 5208 885 5275; x_wconf 81' lang='lat' dir='ltr'><strong>Florebunt,</strong></span> <span class='ocrx_word' id='word_1_727' title='bbox 926 5219 979 5265; x_wconf 92' lang='lat' dir='ltr'><strong>et</strong></span> <span class='ocrx_word' id='word_1_728' title='bbox 1024 5212 1380 5267; x_wconf 83' lang='lat' dir='ltr'><strong>exsultabunt</strong></span> <span class='ocrx_word' id='word_1_729' title='bbox 1431 5213 1653 5267; x_wconf 84' lang='lat' dir='ltr'><strong>deserta</strong></span> <span class='ocrx_word' id='word_1_730' title='bbox 1699 5212 1953 5269; x_wconf 84' lang='lat' dir='ltr'><strong>Jordanis</strong></span> <span class='ocrx_word' id='word_1_731' title='bbox 1987 5213 2053 5267; x_wconf 78' lang='lat'><strong>&#39;°.</strong></span> <span class='ocrx_word' id='word_1_732' title='bbox 2100 5231 2119 5265; x_wconf 74' lang='grc' dir='ltr'><strong>ι</strong></span> 
     </span>
    </p>
   </div>
   <div class='ocr_carea' id='block_1_101' title="bbox 553 5300 2123 5373">
    <p class='ocr_par' dir='ltr' id='par_1_101' title="bbox 553 5300 2123 5373">
     <span class='ocr_line' id='line_1_101' title="bbox 553 5300 2123 5373; baseline 0.002 -20"><span class='ocrx_word' id='word_1_733' title='bbox 553 5300 633 5353; x_wconf 88' lang='lat' dir='ltr'><strong>Ita</strong></span> <span class='ocrx_word' id='word_1_734' title='bbox 662 5315 790 5355; x_wconf 84' lang='lat' dir='ltr'><strong>vero</strong></span> <span class='ocrx_word' id='word_1_735' title='bbox 819 5300 865 5355; x_wconf 87' lang='lat' dir='ltr'><strong>si</strong></span> <span class='ocrx_word' id='word_1_736' title='bbox 899 5301 963 5354; x_wconf 89' lang='lat' dir='ltr'><strong>ad</strong></span> <span class='ocrx_word' id='word_1_737' title='bbox 996 5301 1280 5357; x_wconf 89' lang='lat' dir='ltr'><strong>historiam</strong></span> <span class='ocrx_word' id='word_1_738' title='bbox 1317 5303 1590 5367; x_wconf 87' lang='lat' dir='ltr'><strong>intendas,</strong></span> <span class='ocrx_word' id='word_1_739' title='bbox 1622 5318 1734 5358; x_wconf 91' lang='lat' dir='ltr'><strong>rem</strong></span> <span class='ocrx_word' id='word_1_740' title='bbox 1757 5317 1881 5358; x_wconf 90' lang='lat' dir='ltr'><strong>esse</strong></span> <span class='ocrx_word' id='word_1_741' title='bbox 1913 5312 2123 5373; x_wconf 83' lang='lat' dir='ltr'><strong>gestam</strong></span> 
     </span>
    </p>
   </div>
   <div class='ocr_carea' id='block_1_102' title="bbox 557 5392 2120 5468">
    <p class='ocr_par' dir='ltr' id='par_1_102' title="bbox 557 5392 2120 5468">
     <span class='ocr_line' id='line_1_102' title="bbox 557 5392 2120 5468; baseline 0.004 -24"><span class='ocrx_word' id='word_1_742' title='bbox 557 5392 822 5448; x_wconf 86' lang='lat' dir='ltr'><strong>invenias.</strong></span> <span class='ocrx_word' id='word_1_743' title='bbox 849 5393 1003 5460; x_wconf 87' lang='lat' dir='ltr'><strong>Quod</strong></span> <span class='ocrx_word' id='word_1_744' title='bbox 1035 5395 1078 5449; x_wconf 92' lang='lat' dir='ltr'><strong>si</strong></span> <span class='ocrx_word' id='word_1_745' title='bbox 1108 5395 1176 5449; x_wconf 88' lang='lat' dir='ltr'><strong>ad</strong></span> <span class='ocrx_word' id='word_1_746' title='bbox 1203 5393 1372 5468; x_wconf 69' lang='grc'><strong>438</strong></span> <span class='ocrx_word' id='word_1_747' title='bbox 1396 5410 1649 5450; x_wconf 87' lang='lat' dir='ltr'><strong>arcanam</strong></span> <span class='ocrx_word' id='word_1_748' title='bbox 1705 5396 2120 5465; x_wconf 79' lang='lat' dir='ltr'><strong>intelligentiam</strong></span> 
     </span>
    </p>
   </div>
   <div class='ocr_carea' id='block_1_103' title="bbox 557 5486 2119 5560">
    <p class='ocr_par' dir='ltr' id='par_1_103' title="bbox 557 5486 2119 5560">
     <span class='ocr_line' id='line_1_103' title="bbox 557 5486 2119 5560; baseline 0.003 -21"><span class='ocrx_word' id='word_1_749' title='bbox 557 5499 798 5551; x_wconf 85' lang='lat' dir='ltr'><strong>revoces,</strong></span> <span class='ocrx_word' id='word_1_750' title='bbox 854 5486 922 5543; x_wconf 90' lang='lat' dir='ltr'><strong>de</strong></span> <span class='ocrx_word' id='word_1_751' title='bbox 976 5487 1214 5544; x_wconf 86' lang='lat' dir='ltr'><strong>Ecclesia</strong></span> <span class='ocrx_word' id='word_1_752' title='bbox 1267 5497 1415 5544; x_wconf 88' lang='lat' dir='ltr'><strong>recte</strong></span> <span class='ocrx_word' id='word_1_753' title='bbox 1467 5487 1760 5558; x_wconf 87' lang='lat' dir='ltr'><strong>intelligas,</strong></span> <span class='ocrx_word' id='word_1_754' title='bbox 1813 5504 1934 5560; x_wconf 75' lang='lat' dir='ltr'><strong>qua:</strong></span> <span class='ocrx_word' id='word_1_755' title='bbox 2008 5488 2119 5544; x_wconf 86' lang='lat' dir='ltr'><strong>Deo</strong></span> 
     </span>
    </p>
   </div>
   <div class='ocr_carea' id='block_1_104' title="bbox 2226 4659 3772 4730">
    <p class='ocr_par' dir='ltr' id='par_1_104' title="bbox 2226 4659 3772 4730">
     <span class='ocr_line' id='line_1_104' title="bbox 2226 4659 3772 4730; baseline -0.001 -18"><span class='ocrx_word' id='word_1_756' title='bbox 2226 4660 2550 4729; x_wconf 80' lang='grc' dir='ltr'>περιστερᾶς</span> <span class='ocrx_word' id='word_1_757' title='bbox 2575 4660 2661 4710; x_wconf 81' lang='grc' dir='ltr'>ἐπ’</span> <span class='ocrx_word' id='word_1_758' title='bbox 2692 4659 2852 4712; x_wconf 67' lang='grc' dir='ltr'>αὑτὸν</span> <span class='ocrx_word' id='word_1_759' title='bbox 2879 4659 3330 4730; x_wconf 83' lang='grc' dir='ltr'>καταντήσαντος,</span> <span class='ocrx_word' id='word_1_760' title='bbox 3359 4660 3453 4714; x_wconf 85' lang='grc' dir='ltr'><strong>τοῦ</strong></span> <span class='ocrx_word' id='word_1_761' title='bbox 3485 4663 3537 4714; x_wconf 80' lang='grc' dir='ltr'>δὲ</span> <span class='ocrx_word' id='word_1_762' title='bbox 3574 4660 3772 4727; x_wconf 78' lang='grc' dir='ltr'>Πατέρος</span> 
     </span>
    </p>
   </div>
   <div class='ocr_carea' id='block_1_105' title="bbox 2229 4751 3769 4822">
    <p class='ocr_par' dir='ltr' id='par_1_105' title="bbox 2229 4751 3769 4822">
     <span class='ocr_line' id='line_1_105' title="bbox 2229 4751 3769 4822; baseline -0.001 -20"><span class='ocrx_word' id='word_1_763' title='bbox 2229 4751 2499 4822; x_wconf 78' lang='grc' dir='ltr'>φήσαντος</span> <span class='ocrx_word' id='word_1_764' title='bbox 2516 4751 2677 4802; x_wconf 76' lang='grc' dir='ltr'>αὑτὸν</span> <span class='ocrx_word' id='word_1_765' title='bbox 2715 4751 2838 4803; x_wconf 59' lang='lat' dir='ltr'><strong>re»;</strong></span> <span class='ocrx_word' id='word_1_766' title='bbox 2868 4751 3134 4821; x_wconf 78' lang='grc' dir='ltr'>ὑπάρχειν</span> <span class='ocrx_word' id='word_1_767' title='bbox 3166 4751 3468 4822; x_wconf 86' lang='grc' dir='ltr'>ἀγαπητόν.</span> <span class='ocrx_word' id='word_1_768' title='bbox 3499 4753 3668 4805; x_wconf 84' lang='grc' dir='ltr'>Ταῦτα</span> <span class='ocrx_word' id='word_1_769' title='bbox 3688 4753 3769 4818; x_wconf 74' lang='grc' dir='ltr'><strong>γὰρ</strong></span> 
     </span>
    </p>
   </div>
   <div class='ocr_carea' id='block_1_106' title="bbox 2237 4841 3765 4915">
    <p class='ocr_par' dir='ltr' id='par_1_106' title="bbox 2237 4841 3765 4915">
     <span class='ocr_line' id='line_1_106' title="bbox 2237 4841 3765 4915; baseline -0.004 -19"><span class='ocrx_word' id='word_1_770' title='bbox 2237 4841 2344 4911; x_wconf 79' lang='grc' dir='ltr'>τῆς</span> <span class='ocrx_word' id='word_1_771' title='bbox 2374 4844 2669 4910; x_wconf 81' lang='grc' dir='ltr'>σωτηρίου</span> <span class='ocrx_word' id='word_1_772' title='bbox 2698 4842 2882 4910; x_wconf 80' lang='grc' dir='ltr'>δόξης</span> <span class='ocrx_word' id='word_1_773' title='bbox 2897 4845 3096 4912; x_wconf 76' lang='grc' dir='ltr'>σημεῖα</span> <span class='ocrx_word' id='word_1_774' title='bbox 3127 4844 3185 4896; x_wconf 81' lang='grc' dir='ltr'>ὲν</span> <span class='ocrx_word' id='word_1_775' title='bbox 3199 4844 3394 4915; x_wconf 82' lang='grc' dir='ltr'>ἐρήμῳ</span> <span class='ocrx_word' id='word_1_776' title='bbox 3419 4843 3510 4897; x_wconf 88' lang='grc' dir='ltr'><strong>τοῦ</strong></span> <span class='ocrx_word' id='word_1_777' title='bbox 3548 4843 3765 4912; x_wconf 66' lang='grc' dir='ltr'>Ἰορδάνοῑ</span> 
     </span>
    </p>
   </div>
   <div class='ocr_carea' id='block_1_107' title="bbox 2240 4936 3764 5008">
    <p class='ocr_par' dir='ltr' id='par_1_107' title="bbox 2240 4936 3764 5008">
     <span class='ocr_line' id='line_1_107' title="bbox 2240 4936 3764 5008; baseline -0.002 -20"><span class='ocrx_word' id='word_1_778' title='bbox 2240 4937 2526 5007; x_wconf 86' lang='grc' dir='ltr'>γενόμενα.</span> <span class='ocrx_word' id='word_1_779' title='bbox 2557 4937 2646 4990; x_wconf 84' lang='grc' dir='ltr'>Διὸ</span> <span class='ocrx_word' id='word_1_780' title='bbox 2701 4937 2909 5006; x_wconf 83' lang='grc' dir='ltr'>φθάσας</span> <span class='ocrx_word' id='word_1_781' title='bbox 2937 4937 3140 5008; x_wconf 80' lang='grc' dir='ltr'>ταύτην</span> <span class='ocrx_word' id='word_1_782' title='bbox 3193 4938 3571 5008; x_wconf 79' lang='grc' dir='ltr'>εὐηγγελίζετο</span> <span class='ocrx_word' id='word_1_783' title='bbox 3596 4936 3764 5004; x_wconf 81' lang='grc' dir='ltr'>λέγων’</span> 
     </span>
    </p>
   </div>
   <div class='ocr_carea' id='block_1_108' title="bbox 2237 5026 3766 5098">
    <p class='ocr_par' dir='ltr' id='par_1_108' title="bbox 2237 5026 3766 5098">
     <span class='ocr_line' id='line_1_108' title="bbox 2237 5026 3766 5098; baseline 0.002 -17"><span class='ocrx_word' id='word_1_784' title='bbox 2237 5049 2254 5081; x_wconf 79' lang='grc' dir='ltr'><strong>ι</strong></span> <span class='ocrx_word' id='word_1_785' title='bbox 2292 5026 2656 5098; x_wconf 76' lang='grc' dir='ltr'>Εὐφράνθητι,</span> <span class='ocrx_word' id='word_1_786' title='bbox 2678 5026 2881 5098; x_wconf 77' lang='grc' dir='ltr'>ἔρημος</span> <span class='ocrx_word' id='word_1_787' title='bbox 2916 5027 3201 5098; x_wconf 82' lang='grc' dir='ltr'>ήδιψῶσα,</span> <span class='ocrx_word' id='word_1_788' title='bbox 3236 5028 3574 5096; x_wconf 80' lang='grc' dir='ltr'>ἁγαλλιάσθω</span> <span class='ocrx_word' id='word_1_789' title='bbox 3602 5026 3766 5097; x_wconf 76' lang='grc' dir='ltr'>ἔρημος</span> 
     </span>
    </p>
   </div>
   <div class='ocr_carea' id='block_1_109' title="bbox 2239 5116 3764 5190">
    <p class='ocr_par' dir='ltr' id='par_1_109' title="bbox 2239 5116 3764 5190">
     <span class='ocr_line' id='line_1_109' title="bbox 2239 5116 3764 5190; baseline -0.005 -16"><span class='ocrx_word' id='word_1_790' title='bbox 2239 5121 2336 5175; x_wconf 73' lang='grc' dir='ltr'>καὶ</span> <span class='ocrx_word' id='word_1_791' title='bbox 2359 5119 2591 5173; x_wconf 79' lang='grc' dir='ltr'>ἀνθείτω</span> <span class='ocrx_word' id='word_1_792' title='bbox 2625 5119 2701 5182; x_wconf 87' lang='grc' dir='ltr'>ὡς</span> <span class='ocrx_word' id='word_1_793' title='bbox 2760 5119 2964 5190; x_wconf 87' lang='grc' dir='ltr'>κρίνον.</span> <span class='ocrx_word' id='word_1_794' title='bbox 2994 5120 3104 5174; x_wconf 82' lang='grc' dir='ltr'><strong>Καὶ</strong></span> <span class='ocrx_word' id='word_1_795' title='bbox 3125 5119 3410 5190; x_wconf 71' lang='grc' dir='ltr'>ἑξανθήσει</span> <span class='ocrx_word' id='word_1_796' title='bbox 3437 5120 3529 5174; x_wconf 55' lang='grc' dir='ltr'><strong>καὶ⁸</strong></span> <span class='ocrx_word' id='word_1_797' title='bbox 3550 5116 3764 5187; x_wconf 69' lang='grc' dir='ltr'>ἀγαλλιά-</span> 
     </span>
    </p>
   </div>
   <div class='ocr_carea' id='block_1_110' title="bbox 2242 5204 3762 5282">
    <p class='ocr_par' dir='ltr' id='par_1_110' title="bbox 2242 5204 3762 5282">
     <span class='ocr_line' id='line_1_110' title="bbox 2242 5204 3762 5282; baseline -0.003 -18"><span class='ocrx_word' id='word_1_798' title='bbox 2242 5214 2491 5264; x_wconf 86' lang='grc' dir='ltr'>σεταιτὰ</span> <span class='ocrx_word' id='word_1_799' title='bbox 2521 5210 2702 5281; x_wconf 80' lang='grc' dir='ltr'>ἔρημα</span> <span class='ocrx_word' id='word_1_800' title='bbox 2725 5209 2820 5263; x_wconf 88' lang='grc' dir='ltr'><strong>τοῦ</strong></span> <span class='ocrx_word' id='word_1_801' title='bbox 2863 5210 3153 5282; x_wconf 76' lang='grc' dir='ltr'>Ἰορδάνου.</span> <span class='ocrx_word' id='word_1_802' title='bbox 3185 5229 3203 5262; x_wconf 75' lang='grc' dir='ltr'><strong>ι</strong></span> <span class='ocrx_word' id='word_1_803' title='bbox 3249 5210 3576 5282; x_wconf 82' lang='grc' dir='ltr'>Ἐπληροῦτο</span> <span class='ocrx_word' id='word_1_804' title='bbox 3600 5204 3762 5262; x_wconf 79' lang='grc' dir='ltr'>δὲκαθ’</span> 
     </span>
    </p>
   </div>
   <div class='ocr_carea' id='block_1_111' title="bbox 2234 5294 3758 5373">
    <p class='ocr_par' dir='ltr' id='par_1_111' title="bbox 2234 5294 3758 5373">
     <span class='ocr_line' id='line_1_111' title="bbox 2234 5294 3758 5373; baseline -0.005 -16"><span class='ocrx_word' id='word_1_805' title='bbox 2234 5302 2475 5372; x_wconf 76' lang='grc' dir='ltr'>ἱστορίαν</span> <span class='ocrx_word' id='word_1_806' title='bbox 2511 5302 2610 5373; x_wconf 83' lang='grc' dir='ltr'>μὲν</span> <span class='ocrx_word' id='word_1_807' title='bbox 2639 5300 2834 5364; x_wconf 66' lang='grc' dir='ltr'>οὕτως*</span> <span class='ocrx_word' id='word_1_808' title='bbox 2861 5301 3002 5356; x_wconf 79' lang='grc' dir='ltr'>κατὰ</span> <span class='ocrx_word' id='word_1_809' title='bbox 3031 5302 3088 5356; x_wconf 84' lang='grc' dir='ltr'>δὲ</span> <span class='ocrx_word' id='word_1_810' title='bbox 3119 5302 3362 5356; x_wconf 84' lang='grc' dir='ltr'>διάνοιαν</span> <span class='ocrx_word' id='word_1_811' title='bbox 3387 5303 3477 5354; x_wconf 78' lang='grc' dir='ltr'>ἐπὶ</span> <span class='ocrx_word' id='word_1_812' title='bbox 3497 5301 3590 5371; x_wconf 81' lang='grc' dir='ltr'>τῆς</span> <span class='ocrx_word' id='word_1_813' title='bbox 3615 5297 3666 5362; x_wconf 82' lang='grc' dir='ltr'>ἐξ</span> <span class='ocrx_word' id='word_1_814' title='bbox 3689 5294 3758 5348; x_wconf 75' lang='grc' dir='ltr'><strong>ἑο·</strong></span> 
     </span>
    </p>
   </div>
   <div class='ocr_carea' id='block_1_112' title="bbox 2228 5390 3758 5467">
    <p class='ocr_par' dir='ltr' id='par_1_112' title="bbox 2228 5390 3758 5467">
     <span class='ocr_line' id='line_1_112' title="bbox 2228 5390 3758 5467; baseline -0.007 -15"><span class='ocrx_word' id='word_1_815' title='bbox 2228 5398 2335 5452; x_wconf 87' lang='grc' dir='ltr'>νῶν</span> <span class='ocrx_word' id='word_1_816' title='bbox 2372 5395 2698 5467; x_wconf 81' lang='grc' dir='ltr'>Ἐκκλησίας</span> <span class='ocrx_word' id='word_1_817' title='bbox 2754 5394 3042 5466; x_wconf 83' lang='grc' dir='ltr'>νοούμενα,</span> <span class='ocrx_word' id='word_1_818' title='bbox 3068 5394 3104 5466; x_wconf 76' lang='grc' dir='ltr'><strong>ἦ</strong></span> <span class='ocrx_word' id='word_1_819' title='bbox 3159 5411 3245 5460; x_wconf 86' lang='grc' dir='ltr'><strong>τις</strong></span> <span class='ocrx_word' id='word_1_820' title='bbox 3299 5393 3554 5467; x_wconf 80' lang='grc' dir='ltr'>πρότερον</span> <span class='ocrx_word' id='word_1_821' title='bbox 3590 5390 3758 5460; x_wconf 76' lang='grc' dir='ltr'>ἔρημος</span> 
     </span>
    </p>
   </div>
   <div class='ocr_carea' id='block_1_113' title="bbox 2229 5471 3758 5562">
    <p class='ocr_par' dir='ltr' id='par_1_113' title="bbox 2229 5471 3758 5562">
     <span class='ocr_line' id='line_1_113' title="bbox 2229 5471 3758 5562; baseline -0.007 -20"><span class='ocrx_word' id='word_1_822' title='bbox 2229 5488 2441 5559; x_wconf 80' lang='grc' dir='ltr'>ὑπῆρχε</span> <span class='ocrx_word' id='word_1_823' title='bbox 2465 5487 2621 5554; x_wconf 80' lang='grc' dir='ltr'>Θεοῦ,</span> <span class='ocrx_word' id='word_1_824' title='bbox 2653 5489 2711 5542; x_wconf 82' lang='grc' dir='ltr'>ὲν</span> <span class='ocrx_word' id='word_1_825' title='bbox 2828 5485 2991 5559; x_wconf 81' lang='grc' dir='ltr'>μέχρι</span> <span class='ocrx_word' id='word_1_826' title='bbox 3034 5486 3128 5540; x_wconf 75' lang='grc' dir='ltr'><strong>καὶ</strong></span> <span class='ocrx_word' id='word_1_827' title='bbox 3169 5487 3408 5558; x_wconf 83' lang='grc' dir='ltr'>τήμερον</span> <span class='ocrx_word' id='word_1_828' title='bbox 3438 5486 3468 5558; x_wconf 85' lang='grc' dir='ltr'><strong>ή</strong></span> <span class='ocrx_word' id='word_1_829' title='bbox 3501 5481 3625 5552; x_wconf 77' lang='grc' dir='ltr'>αὐτὴ</span> <span class='ocrx_word' id='word_1_830' title='bbox 3659 5471 3758 5544; x_wconf 76' lang='grc' dir='ltr'><strong>βοᾷ</strong></span> 
     </span>
    </p>
   </div>
   <div class='ocr_carea' id='block_1_114' title="bbox 650 5706 2137 5784">
    <p class='ocr_par' dir='ltr' id='par_1_114' title="bbox 650 5706 2122 5781">
     <span class='ocr_line' id='line_1_114' title="bbox 650 5706 2122 5781; baseline 0.006 -20"><span class='ocrx_word' id='word_1_831' title='bbox 650 5707 698 5739; x_wconf 71' lang='grc'>³⁸</span> <span class='ocrx_word' id='word_1_832' title='bbox 727 5706 887 5764; x_wconf 82' lang='lat' dir='ltr'><strong>Joan.</strong></span> <span class='ocrx_word' id='word_1_833' title='bbox 921 5725 961 5776; x_wconf 84' lang='lat' dir='ltr'><strong>i,</strong></span> <span class='ocrx_word' id='word_1_834' title='bbox 997 5710 1172 5767; x_wconf 75' lang='lat'><strong>19-25.</strong></span> <span class='ocrx_word' id='word_1_835' title='bbox 1247 5714 1291 5748; x_wconf 84' lang='grc'><strong><em>³⁸</em></strong></span> <span class='ocrx_word' id='word_1_836' title='bbox 1329 5713 1518 5769; x_wconf 78' lang='lat' dir='ltr'><strong>Matth.</strong></span> <span class='ocrx_word' id='word_1_837' title='bbox 1553 5729 1635 5781; x_wconf 86' lang='grc' dir='ltr'>ιιι,</span> <span class='ocrx_word' id='word_1_838' title='bbox 1670 5714 1856 5770; x_wconf 67' lang='lat' dir='ltr'><strong>lii-l7.</strong></span> <span class='ocrx_word' id='word_1_839' title='bbox 1933 5716 1979 5748; x_wconf 77' lang='lat'><strong>&quot;</strong></span> <span class='ocrx_word' id='word_1_840' title='bbox 2018 5713 2122 5771; x_wconf 85' lang='lat' dir='ltr'><strong>lsa.</strong></span> 
     </span>
    </p>
   </div>
   <div class='ocr_carea' id='block_1_115' title="bbox 2240 5706 2496 5784">
    <p class='ocr_par' dir='ltr' id='par_1_115' title="bbox 2240 5715 2496 5784">
     <span class='ocr_line' id='line_1_115' title="bbox 2240 5715 2496 5784; baseline 0 -13"><span class='ocrx_word' id='word_1_841' title='bbox 2240 5732 2322 5784; x_wconf 77' lang='lat' dir='ltr'><strong>xv,</strong></span> <span class='ocrx_word' id='word_1_842' title='bbox 2365 5715 2496 5782; x_wconf 74' lang='lat'><strong>1,2.</strong></span> 
     </span>
    </p>
   </div>
  </div>
