3978 6374
546 287 688 355 2335

1866 319 2089 383 I’ROCC

2192 323 2217 382 Ι
2261 323 2502 387 ΟΑΖίΕΙ
3671 348 3798 412 2336

548 413 825 470 cumcisos
856 426 1062 489 autem,
1113 426 1205 494 qui
1266 443 1452 484 carnes
1483 446 1609 488 esse
1636 439 1975 503 porrexerint
2001 480 2016 505 ,
2053 457 2089 498 θ’

548 500 670 541 incn
701 507 1015 541 Ωηηηηνιῖηἶο
1048 528 1209 541 οων...
1241 532 1357 541 --.μ
1389 537 1506 541 -_-__
1556 525 1579 541 .-

2192 494 2196 504 ,
2223 459 2327 498 του
2351 445 2502 519 δίκην
2526 448 2840 516 πεσοῦνται,
2869 453 3010 508 κατὰ
3033 455 3129 528 τὴν
3155 461 3474 533 προσθήκην
3504 465 3627 531 τοῦ,
3645 468 3798 541 Ἀλη-

547 500 670 570 ipso
699 507 1016 574 appcndicis
1047 528 1210 568 sensu
1239 532 1360 586 quae
1389 537 1513 577 vcre
1549 525 1731 594 fenum
1781 543 1904 583 esse
1950 547 2118 602 popu-

548 593 658 647 lum
702 597 972 667 adjunxit,
1005 603 1114 671 [cui
1145 606 1322 662 instar
1345 593 1632 672 evasuros.
1669 618 1752 672 Ab
1807 621 1964 678 initio
2016 639 2116 678 au-

547 692 652 738 tem
676 701 981 757 qumrentes
1003 701 1277 763 nonnulli,
1311 704 1402 771 qui
1434 709 1620 761 statim
1653 719 1776 780 post
1803 727 2112 772 sermonem

543 774 612 827 de
638 775 866 835 Ezechia
898 823 916 849 ,
953 786 1155 841 Christi
1193 791 1484 850 adventum
1525 774 1786 871 propheta
1813 806 2062 862 intulerit
2096 828 2112 877 ;

542 867 723 934 plures
755 873 972 939 quidem
1005 876 1505 954 l'lierosolymorum
1547 891 2099 968 fuissctlireptioues,

541 959 634 1012 sed
683 967 926 1018 omnium
978 973 1356 1040 novissimam,
1385 991 1510 1035 ante
1551 984 1762 1040 Christi
1817 991 2110 1050 adventum

540 1065 638 1119 per
663 1053 1262 1121 Nalmchodonosorem
1311 1069 1484 1127 fuisse
1521 1086 1734 1144 putant,
1776 1097 1952 1152 neque
1985 1087 2112 1143 inde

538 1154 724 1209 postea
766 1146 832 1198 ad
871 1148 1156 1208 Christum
1194 1172 1368 1227 usque
1426 1169 1571 1217 terra
1634 1168 1824 1237 pulsos
1863 1146 1980 1226 -aut
2013 1176 2110 1229 ab—

535 1233 732 1289 ductos
783 1238 975 1294 fuisse.
1016 1241 1200 1314 Itaque
1251 1264 1374 1303 cum
1434 1253 1599 1323 hujus
1623 1233 1803 1328 ,vquze
1864 1261 2111 1321 Ezechiae

532 1331 958 1397 praanuutiatur,
991 1341 1358 1408 meminisset,
1390 1357 1539 1402 recte
1561 1351 1725 1406 etiam
1789 1357 2108 1411 consolatio-

532 1435 649 1474 nem
681 1423 1022 1489 adjunxisse.
1059 1432 1130 1488 lis
1153 1436 1298 1490 enim
1323 1442 1597 1510 praecipue
1626 1443 1771 1501 facta
1797 1457 1882 1503 est
1913 1450 2106 1507 salutis

531 1514 937 1583 promulgatio;
966 1519 1127 1588 juxta
1162 1524 1293 1580 illud
1328 1545 1340 1580 :
1375 1546 1394 1578 ι
1433 1528 1549 1585 Νοη
1587 1548 1708 1588 sum
1753 1538 1960 1594 missus
1998 1542 2105 1597 nisi

487 1607 491 1612 '
529 1599 600 1652 ad
662 1617 791 1658 oves
847 1621 968 1674 qua:
1009 1613 1290 1678 perierunt
1341 1617 1539 1676 domus
1585 1623 1746 1680 Israel
1781 1629 1846 1680 ³⁵.
1879 1648 1898 1680 ι
1937 1631 2104 1686 Aiunt

527 1698 712 1748 tamen
753 1703 994 1756 nonnulli
1031 1706 1301 1764 absurdas
1331 1726 1519 1766 eorum
1570 1720 1941 1788 cogitationes
1979 1741 2103 1778 con-

526 1787 792 1842 solatione
856 1793 1051 1862 dignas
1103 1802 1412 1858 censuisse.
1469 1807 1604 1861 Cum
1654 1813 1799 1866 enim
1857 1817 2105 1872 absurdae
2137 1795 2178 1848 Β

523 1880 803 1945 Opiniouis
850 1901 955 1953 qua
1007 1905 1065 1942 se
1100 1905 1263 1956 eum,
1311 1897 1405 1964 qui
1453 1905 1880 1970 exspectabatur
1912 1948 1926 1970 ,
1978 1925 2102 1968 esse

521 1973 799 2040 putabat,
860 1994 1049 2047 pmnas
1088 1984 1332 2042 dedisset
1368 1991 1628 2051 Ezechias
1683 2001 1796 2070 (de
1850 2019 1908 2058 se
1955 2007 2098 2061 enim

521 2061 628 2116 dici
662 2064 829 2122 illud:
871 2088 889 2120 ι
937 2072 1142 2129 Cadent
1171 2094 1199 2129 a
1238 2079 1408 2136 latere
1465 2094 1560 2138 tuo
1610 2061 1778 2156 mille,
1818 2105 1871 2148 et
1910 2096 2096 2152 decem

521 2154 690 2208 millia
737 2171 766 2210 a
796 2160 1001 2217 dextris
1029 2167 1138 2219 tuis
1169 2169 1232 2233 ⁸ο,
1271 2189 1290 2221 ι
1326 2176 1418 2242 qui
1479 2184 1560 2230 tot
1594 2178 1775 2238 hostes
1830 2189 2100 2246 cecidisse

520 2243 746 2310 videret,
780 2252 920 2306 male
976 2258 1283 2314 crediturus
1358 2263 1580 2333 fuerat,
1637 2273 1744 2327 nisi
1797 2287 1945 2332 tanta
1998 2297 2096 2351 spe

517 2346 738 2405 prepter
803 2345 1050 2402 morbum
1100 2354 1372 2412 excidisse
1425 2375 1506 2423 se,
1557 2379 1735 2434 neque
1790 2369 1892 2424 sibi
1953 2357 2089 2441 jam,

517 2428 612 2480 sed
674 2430 894 2488 Christo
928 2440 1019 2492 uui
1071 2445 1342 2510 psalmum
1391 2455 1688 2511 convenire
1748 2461 2096 2520 animadver-

516 2528 698 2585 teret,
747 2525 838 2592 qui
891 2526 1167 2599 ﬂagellutn
1223 2539 1585 2600 tabernaculo
1644 2549 1765 2618 ejus
1792 2552 1956 2624 440
1988 2572 2096 2613 non

513 2615 1077 2688 appropinquaturum
1107 2642 1230 2683 esse
1276 2639 1564 2706 moneret),
1588 2645 1819 2710 populus
1849 2663 2098 2707 cessasse

514 2707 934 2775 promissioucs,
967 2725 1020 2769 et
1053 2733 1175 2787 quae
1223 2733 1384 2778 antea
1417 2732 1674 2795 sperabat
1720 2738 1906 2792 omnia
1980 2745 2215 2812 periisse
2252 2791 2259 2800 κ

509 2803 748 2871 amplius
773 2815 1204 2878 exspectandum
1239 2834 1364 2875 esse
1400 2824 1797 2886 arbitrabatur.

581 2895 762 2968 Atque
792 2899 917 2956 hinc
943 2913 1027 2960 est
1057 2909 1201 2976 quod
1243 2926 1394 2980 spem
1447 2918 1767 2986 abjicientes
1797 2929 2093 2987 universo-

511 3001 631 3040 rum
667 2989 811 3044 Deus
837 3008 931 3061 per
963 2999 1286 3065 prophetam
1318 3013 1372 3058 et
1399 3011 1723 3069 sacerdotes
1782 3021 2094 3076 consolatur

506 3079 728 3138 dicens:
762 3083 1066 3155 Loquimini
1094 3092 1163 3144 ad
1213 3111 1306 3149 cor
1363 3096 1664 3157 Jerusalem
1694 3124 1715 3171 ;
1746 3111 1904 3178 quasi
1957 3114 2075 3169 laeta
2105 3109 2147 3165 C

505 3180 560 3226 et
606 3170 751 3228 facili
802 3179 1082 3236 auditores
1127 3187 1488 3246 consolatione
1517 3193 2042 3268 demulcerejubeat
2070 3247 2086 3272 ,

508 3279 615 3334 qua
677 3268 835 3336 prius
893 3287 1130 3328 onerosa
1169 3277 1330 3334 valde
1387 3291 1440 3337 et
1474 3289 1704 3354 gravis,
1763 3294 2087 3365 umbrisque

503 3357 670 3410 etiam
711 3360 956 3418 involuta
996 3376 1048 3419 et
1099 3368 1337 3426 obscura
1389 3374 1474 3431 lex
1512 3379 1630 3448 ipsa
1665 3387 1928 3454 carebat,
1966 3405 2089 3458 quae

505 3454 970 3511 meutesmiuime
993 3464 1306 3518 necessaria
1366 3468 1621 3527 docebat.
1684 3474 1880 3536 Verbis
1937 3484 2082 3539 enim

502 3548 880 3601 tantummodo
904 3551 1072 3606 levem
1116 3559 1409 3623 quamdam
1440 3571 1493 3617 et
1511 3575 1796 3624 externam
1827 3575 2082 3631 notitiam

501 3635 768 3693 alierebat
800 3659 814 3706 ;
846 3659 967 3697 cum
997 3647 1192 3703 salutis
1222 3654 1542 3720 praedicatio
1571 3661 1624 3714 in
1677 3664 1904 3722 intimos
1961 3669 2084 3722 ani-

502 3743 606 3782 tua:
635 3745 886 3788 recessus
938 3735 1202 3806 Spiritum
1259 3743 1562 3804 induceret.
1611 3753 1752 3808 Hinc
1788 3756 1880 3812 illa
1918 3759 2082 3815 Davi-

499 3823 586 3878 dis
630 3841 643 3876 :
679 3845 697 3877 ι
740 3826 796 3882 ln
826 3833 990 3886 corde
1023 3851 1145 3889 meo
1181 3840 1443 3897 abscondi
1478 3847 1694 3917 eloquia
1725 3862 1838 3919 tua,
1879 3864 1938 3908 ttt
1970 3872 2080 3912 non

497 3935 719 3989 peccem
757 3925 852 3978 tibi
883 3926 949 3982 “.
988 3948 1006 3981 ι
1041 3929 1170 3986 Tale
1197 3943 1250 3988 et
1277 3935 1410 3992 illud
1447 3943 1592 4008 quod
1617 3962 1644 3997 a
1671 3948 1906 4014 quodam
1941 3966 2074 4019 pro-

498 4015 662 4084 pheta
692 4017 941 4074 dicitur:
983 4041 1003 4074 ι
1044 4022 1110 4076 Et
1169 4042 1297 4082 ecce
1364 4040 1755 4091 testamentum
1804 4015 1956 4110 quod
1977 4060 2077 4115 ego

499 4109 748 4164 testabor
786 4112 917 4177 illis,
953 4117 1007 4169 in
1049 4116 1247 4175 diebus
1275 4121 1409 4190 illis,
1451 4124 1587 4180 dicit
1623 4109 1904 4196 Dominus,
1936 4109 2075 4193 dans

493 4201 642 4271 leges
673 4221 825 4263 meas
854 4208 907 4262 iu
937 4220 1147 4267 mentes
1173 4231 1361 4271 eorum
1395 4237 1411 4285 ;
1461 4229 1516 4275 et
1554 4223 1611 4277 in
1655 4227 1821 4281 corda
1881 4246 2070 4287 eorum

493 4291 798 4350 inscribam
850 4314 945 4354 eas
981 4300 1049 4356 η.
1075 4321 1094 4354 ι
1130 4302 1270 4360 llinc
1303 4315 1357 4362 et
1384 4307 1538 4365 Pauli
1585 4314 1733 4371 alia:
1772 4335 1792 4369 ι
1829 4317 2080 4388 Epistola'

492 4400 683 4442 nostra
718 4405 816 4445 vos
855 4394 1026 4458 estis,
1074 4413 1195 4467 qua:
1253 4399 1577 4472 intelligitur
1605 4447 1620 4473 ,
1647 4419 1703 4462 et
1757 4409 1954 4480 legitur
2003 4416 2071 4470 ab

491 4478 752 4534 omnibus
819 4481 1177 4552 hominibus,
1241 4506 1364 4546 cum
1405 4493 1706 4554 declaratis
1736 4478 1883 4570 quod
1935 4507 2071 4562 estis

489 4569 721 4638 epistola
743 4571 971 4640 Christi,
1011 4579 1317 4637 ministrata
1349 4599 1379 4638 a
1414 4588 1598 4654 nobis,
1637 4591 1910 4665 descripta
1962 4613 2070 4652 non

490 4664 798 4714 atramento
830 4701 844 4726 ,
870 4663 963 4717 sed
997 4665 1204 4735 Spiritu
1235 4667 1330 4725 Dei
1356 4673 1608 4740 viventis,
1631 4694 1740 4735 non
1782 4663 1836 4736 in
1870 4685 2070 4740 tabulis

488 4748 740 4817 lapideis,
772 4755 864 4808 sed
915 4757 967 4810 iu
1009 4761 1215 4818 tabulis
1271 4767 1454 4822 cordis
1490 4774 1710 4828 carneis
1766 4775 1832 4827 ".
1871 4795 1889 4828 ›
1947 4777 2067 4834 Non

487 4841 690 4896 desunt
718 4845 808 4912 qui
843 4853 1178 4906 sacerdotum
1221 4859 1444 4915 nomine
1469 4864 1694 4931 angelos
1735 4866 2066 4938 intelligant,

485 4933 688 5001 quibus
706 4937 867 4990 etiam
889 4940 957 4992 ad
974 4945 1135 4998 corda
1174 4949 1314 5017 loqui
1346 4967 1504 5019 posse
1529 4958 1800 5026 congruit.
1833 4958 2068 5017 listvero

485 5030 784 5084 consolatio
815 5069 831 5095 ,
861 5047 984 5088 cum
1014 5037 1073 5090 lit
1122 5040 1222 5108 ipsi
1280 5045 1463 5101 multa:
1497 5048 1736 5118 duplicis
1766 5051 2017 5107 remissio
2045 5072 2070 5120 ;-

486 5117 601 5172 sive
653 5119 758 5188 ipsi
813 5125 999 5182 carnis
1053 5129 1436 5190 allectionibus
1482 5140 1844 5205 subiiciantur
1878 5148 1894 5212 (
1929 5144 2067 5199 ultio

483 5212 627 5264 enim
659 5225 712 5270 et
737 5216 863 5283 ista,
903 5234 1077 5291 eaque
1131 5239 1427 5297 permagna
1497 5231 1604 5287 illis
1643 5241 1726 5288 est
1768 5235 1860 5303 qui
1896 5251 2060 5292 sensu

481 5296 669 5367 aliquo
733 5306 941 5371 prtediti
975 5317 1104 5363 sunt
1132 5310 1174 5381 ),
1207 5296 1578 5386 sive-propter
1605 5336 1700 5375 eas
1727 5325 2022 5392 puniamur
2043 5366 2059 5391 ,

482 5388 536 5443 id
574 5403 679 5460 est,
722 5397 838 5452 sive
865 5412 896 5452 a
941 5403 1068 5468 Deo,
1099 5405 1190 5474 qui
1239 5421 1361 5462 vere
1402 5409 1526 5466 fons
1593 5415 1714 5469 vita:
1758 5427 1863 5482 est,
1907 5435 2032 5476 recc

553 5550 600 5584 ³³
628 5547 817 5604 Matth.
856 5570 943 5621 xv,
970 5555 1060 5613 24.
1135 5559 1182 5592 δ⁰
1205 5559 1348 5616 Psal.
1385 5578 1470 5628 xc,
1511 5565 1563 5620 7.

2221 535 2328 601 θῶς
2373 539 2588 608 χόρτος
2616 542 2644 594 ὁ
2710 542 2856 608 λαός.
2890 547 3129 601 Ἀνωθεν
3164 552 3221 605 δέ
3268 570 3411 614 τινες
3429 535 3797 630 ἀπορήσαντές

2219 627 2338 690 πῶς
2354 631 2465 692 τοῖς
2505 630 2752 694 Ἐζεκίου
2779 635 2956 705 λόγοις
2989 639 3086 711 τὴν
3136 642 3380 715 Χριστοῦ
3414 627 3724 720 παρουσίαν
3773 656 3800 708 ὁ

2219 720 2504 792 προφήτης
2531 725 2826 795 ἐπήνεγκε,
2859 728 3112 798 λέγουσιν
3136 735 3218 789 ὅτι
3251 739 3516 805 πολλάκις
3553 743 3798 814 πολέμιοι

2215 815 2314 882 τὴν
2356 815 2709 891 Ἰερουσαλὴμ
2736 825 3082 896 κατεδῄωσαν
3110 847 3126 860 ·
3160 833 3270 902 ἡδὲ
3322 835 3409 889 διὰ
3453 838 3797 909 Ναὸουχοδο-

2215 906 2386 979 νόσωρ
2417 911 2523 982 πρὸ
2563 914 2661 982 τῆς
2690 917 2927 986 Χριστοῦ
2976 926 3280 990 παρουσίας
3310 931 3605 985 τελευταία
3638 933 3796 1000 γέγο-

2215 1012 2302 1048 νεν
2334 997 2554 1062 ἅλωσις.
2599 1003 2732 1055 Μεθ’
2758 1006 2824 1076 ἣν
2849 1009 3235 1076 ἐπανελθόντες
3269 1015 3446 1085 ᾤκουν
3475 1021 3797 1091 ἀδιαιρέτως

2226 1089 2325 1158 τὴν
2359 1091 2460 1161 γῆν
2493 1094 2654 1165 μέχρι
2691 1097 2788 1165 τῆς
2817 1100 3056 1170 Χριστοῦ
3082 1109 3405 1176 παρουσίας.
3462 1112 3687 1183 Ταύτης
3709 1112 3797 1168 οὖν

2171 1215 2180 1222 -
2217 1182 2474 1252 μνησθεὶς
2499 1186 2634 1254 πρὸς
2675 1188 2922 1253 Ἐζεκίαν
2947 1194 3043 1263 τῆς
3061 1196 3314 1262 ἁλώσεως
3347 1202 3448 1272 τῆς
3490 1205 3586 1257 ἐπὶ
3605 1205 3779 1280 ταύτῃ

2216 1272 2488 1343 μέμνηται
2515 1280 2975 1350 παρακλήσεως.
3005 1287 3441 1360 Προηγουμένως
3460 1295 3532 1362 γὰ
3540 1313 3572 1366 ρ
3585 1272 3794 1362 τούτοις

2211 1363 2277 1416 τὸ
2335 1367 2633 1435 σωτήριον
2691 1372 2908 1440 ἐγένετο
2956 1378 3220 1449 κήρυγμα
3271 1385 3413 1437 κατά
3448 1363 3559 1439 τότ
3621 1408 3641 1440 ι
3684 1392 3796 1445 Ούκ

2210 1458 2524 1528 ἀπεστάλην
2552 1463 2598 1513 εί
2638 1464 2712 1533 μὴ
2741 1467 2823 1528 εἰς
2847 1465 2915 1519 τὶ
2963 1469 3281 1526 ἀπολωλότα
3339 1477 3590 1547 πρόϐατα
3643 1483 3794 1535 οῖκου

2221 1552 2458 1623 Ἰσραήλ.
2493 1572 2511 1604 ι
2567 1555 2724 1620 Τινὲς
2765 1559 2822 1610 δέ
2877 1578 3044 1628 φασιν
3076 1564 3154 1628 ὡς
3207 1567 3306 1630 τὰς
3333 1571 3518 1624 αὐτῶν
3550 1575 3794 1638 ἀτόπους

2206 1641 2410 1706 ἐννοίας
2465 1645 2664 1714 ἠξίωσε
2707 1653 3164 1722 παρακλήσεως.
3229 1657 3470 1722 Ἐζεκίου
3531 1664 3641 1734 γὰρ
3699 1668 3794 1719 ἐπὶ

2204 1736 2271 1803 τῇ
2297 1734 2483 1806 ἀτόπῳ
2519 1740 2895 1806 παιδευθέντας
2923 1747 3120 1815 οἰήσει,
3171 1749 3292 1801 καθ’
3326 1753 3393 1823 ἣν
3418 1752 3562 1823 ᾤετο
3587 1759 3795 1827 τυγχά-

2209 1841 2320 1878 νειν
2350 1829 2377 1878 ὁ
2430 1829 2897 1901 προσδοκώμενος,
2929 1835 3003 1898 ὠς
3058 1841 3153 1890 καὶ
3211 1843 3340 1912 περὶ
3383 1846 3550 1899 αὑτοῦ
3610 1849 3794 1902 δοκεῖν

2205 1918 2453 1987 εἰρῆσθαι
2483 1921 2561 1985 τὸ,
2605 1938 2624 1973 ι
2685 1925 2940 1980 Πεσεῖται
2974 1930 3040 1984 ἐκ
3088 1931 3181 1985 τοῦ
3229 1934 3414 1989 κλίτου
3451 1955 3544 1991 σου
3583 1941 3788 2010 χιλιὰς,

2207 2013 2299 2062 καὶ
2330 2012 2530 2080 μυριὰς
2558 2015 2621 2068 ὲκ
2647 2016 2839 2082 δεξιῶν
2868 2038 2982 2083 σου,
3020 2041 3039 2072 ι
3088 2026 3374 2091 τοσούτους
3429 2037 3792 2098 πεπτωκότας

2208 2102 2480 2174 θεώμενον
2510 2108 2558 2159 τι.
2595 2106 2811 2179 Ταύτης
2846 2111 2902 2166 δὲ
2935 2115 3035 2182 τῆς
3075 2116 3290 2182 ὲλπίδος
3323 2120 3675 2190 διαπεσόντος
3699 2127 3791 2182 διὰ

2206 2193 2305 2264 τὴν
2357 2195 2532 2259 νόσον,
2580 2199 2656 2262 ὡς
2707 2203 2902 2271 μηκέτι
2931 2205 3021 2258 τὸν
3068 2206 3280 2278 ψαλμὸν
3310 2211 3605 2282 ἁρμόττειν
3636 2218 3790 2288 αὐτῷ

2202 2288 2448 2356 λέγοντα,
2480 2293 2574 2346 καὶ
2605 2295 2802 2362 μάστιξ
2828 2297 2928 2349 οὐκ
2956 2299 3134 2366 ὲγγιεϊ
3182 2301 3260 2373 τῷ
3315 2305 3643 2376 σκηνώματί
3690 2327 3788 2362 σου

2205 2382 2388 2450 (μόνον
2406 2384 2513 2456 γὰρ
2548 2387 2786 2456 ἥρμοττε
2812 2389 2889 2460 τῷ
2914 2391 3182 2464 Χριστῷ),
3212 2398 3239 2448 ὁ
3267 2396 3393 2460 λαὸς
3423 2399 3561 2469 ᾧετο
3584 2402 3654 2454 τὰ
3683 2403 3788 2473 τῆς

2204 2478 2536 2544 ἐπαγγελίας
2559 2482 2890 2548 πεπαῦσθαι,
2925 2488 3107 2541 πάντα
3137 2506 3195 2542 τε
3247 2491 3457 2559 φροῦδα
3493 2497 3785 2563 γεγονέναι

2201 2565 2268 2618 τὰ
2301 2566 2643 2632 ἐλπισθέντα,
2673 2572 2875 2642 μηδένα
2908 2592 2966 2628 τε
2997 2579 3218 2648 σωτῆρα
3257 2580 3352 2633 τοῦ
3383 2580 3572 2649 γένους
3605 2587 3788 2657 φανὴ-

2205 2658 2411 2715 σεσθαι.

2354 2756 2567 2810 nullum
2630 2757 2854 2829 deinde,
2921 2761 3016 2831 qui
3085 2762 3236 2832 genti
3297 2765 3537 2822 salutem
3599 2769 3771 2827 daret

2273 2938 2434 2992 Ὅθεν
2461 2943 2489 2995 ὁ
2513 2943 2620 2996 τῶν
2650 2943 2786 2997 ὅλων
2815 2945 2947 3009 Θεὸς
2971 2946 3365 3015 ἀπεγνωκότας
3412 2951 3641 3018 τούτους
3686 2956 3782 3010 διὰ

2198 3030 2292 3084 τοῦ
2333 3035 2610 3104 προφήτου
2639 3038 2732 3090 καὶ
2775 3037 2882 3090 τῶν
2917 3039 3107 3109 ἱερέων
3159 3044 3527 3110 παρακαλεῖ,
3563 3047 3771 3116 λέγων,

2180 3123 2504 3189 Aediﬁcare
2553 3129 2639 3194 εις
2669 3127 2782 3195 τὴν
2839 3130 3096 3198 καρδίαν
3149 3133 3570 3206 Ἰερουσαλὴμ.
3629 3141 3781 3196 τοῦτ’

2190 3215 2361 3282 ἔστιν,
2396 3217 2800 3286 εὐπαράδεκτον
2877 3225 2988 3287 τοῖς
3059 3225 3432 3298 ἀκροωμένοις
3514 3229 3606 3283 τὸν
3661 3232 3779 3300 τῆς

2189 3311 2625 3378 παρακλήσεως
2680 3315 2982 3384 ποιήσασθε
3009 3316 3185 3385 λόγον,
3225 3320 3365 3390 ὅπερ
3429 3321 3529 3374 οὐκ
3551 3318 3698 3393 εἶχεν
3748 3327 3776 3379 ὁ

2187 3402 2350 3472 νόμος
2380 3404 2652 3474 φορτικῶς
2680 3407 2818 3474 ἄγαν
2854 3410 2984 3478 περὶ
3032 3410 3192 3463 σκιάν
3235 3415 3329 3465 καὶ
3352 3413 3556 3476 τύπους
3597 3415 3775 3470 εἰλού-

2189 3512 2366 3564 μενος,
2397 3496 2497 3550 οὐκ
2541 3497 2811 3565 ἀναγκαῖα
2899 3502 3173 3557 παιδεύων
3195 3504 3282 3557 τὸν
3301 3504 3446 3560 νοῦν.
3484 3507 3768 3580 Ἐξωφανῆ

2185 3588 2293 3659 γάρ
2323 3606 2443 3642 τινα
2467 3589 2666 3657 γνῶσιν
2697 3594 2943 3647 ἐνεποίει
2966 3595 3054 3648 διὰ
3097 3597 3192 3650 τοῦ
3221 3599 3572 3670 γράμματος.
3606 3603 3679 3659 Τὸ
3713 3603 3768 3655 δὲ

2185 3681 2489 3748 σωτήριον
2513 3684 2774 3753 κήρυγμα
2801 3685 3042 3757 θεωριῶν
3098 3687 3298 3759 πληροῖ
3340 3690 3438 3762 τὴν
3460 3693 3647 3762 ψυχὴν
3673 3695 3766 3746 τοῦ

2186 3776 2506 3846 Πνεύματος
2539 3779 2632 3831 τοῦ
2668 3780 2814 3833 θείου
2842 3781 2904 3834 τὸ
2936 3783 3097 3852 βάθος
3133 3786 3302 3855 αὐτῆς
3353 3786 3762 3855 ὑπανοίγοντος.

2183 3868 2336 3920 Οὕτω
2387 3870 2466 3921 τοί
2523 3887 2653 3940 φησι
2695 3873 2791 3925 καὶ
2855 3875 3042 3928 Δαϐίδ.
3097 3893 3117 3926 ι
3189 3877 3277 3928 Ἐν
3300 3879 3364 3946 τῇ
3407 3879 3606 3948 καρδίᾳ
3661 3895 3763 3947 μου

2179 3959 2392 4030 ἔκρυψα
2438 3960 2498 4013 τὸ
2543 3962 2723 4030 λόγιόν
2749 3982 2863 4028 σου,
2923 3966 3070 4028 ὅπως
3121 3967 3186 4020 ἂν
3236 3971 3308 4038 μὴ
3341 3969 3572 4040 ἁμάρτω
3594 3986 3696 4023 σοι.
3734 3986 3756 4021 ι

2179 4051 2432 4103 Τοιοῦτον
2483 4052 2579 4104 καὶ
2627 4053 2687 4105 τὸ
2731 4053 2798 4107 δι’
2834 4055 2955 4120 ἑνὸς
2987 4055 3094 4109 τῶν
3155 4057 3452 4127 προφητῶν
3487 4074 3503 4090 ο
3564 4077 3584 4110 ι
3651 4060 3760 4112 Καὶ

2178 4141 2317 4212 αὕτη
2342 4145 2376 4211 ή
2401 4143 2659 4214 διαθήκη,
2687 4146 2753 4216 ἢν
2781 4145 3107 4218 διαθήσομαι
3156 4150 3342 4212 αὐτοῖς
3399 4151 3458 4202 ἐν
3480 4153 3604 4214 ταῖς
3624 4152 3758 4229 ήμέ-ι

2178 4251 2298 4302 ραις
2323 4236 2560 4299 ἐκείναις
2591 4276 2606 4302 ,
2635 4238 2785 4306 λέγει
2811 4239 3034 4310 Κύριος,
3063 4241 3237 4305 διδοὺς
3264 4243 3462 4312 νόμους
3519 4260 3622 4313 μου
3675 4244 3755 4306 εἰς

2172 4326 2269 4396 τὴν
2300 4327 2542 4381 διάνοιαν
2597 4331 2798 4396 αὐτῶν,
2847 4333 2940 4385 καὶ
2983 4334 3070 4385 ἐπὶ
3135 4335 3234 4397 τὰς
3286 4334 3519 4405 καρδίας
3581 4335 3752 4388 αὐτῶν

2103 4460 2146 4515 D
2175 4416 2463 4486 ἐπιγράψω
2487 4418 2702 4483 αὐτούς.
2743 4439 2762 4472 ι
2824 4421 2932 4474 Καὶ
2959 4424 2987 4476 ό
3013 4421 3221 4487 Παῦλος
3252 4424 3307 4477 δέ
3363 4441 3528 4494 φησιν
3567 4441 3581 4455 ’
3623 4445 3641 4477 ι
3685 4424 3749 4478 Ἦ

2173 4508 2431 4578 ἐπιστολὴ
2460 4511 2617 4579 ήμῶν
2641 4512 2797 4582 ὑμεῖς
2826 4515 2969 4581 ἐστε,
2999 4517 3378 4587 γινωσκομένη
3427 4519 3524 4570 κα)⁸
3559 4519 3744 4586 ἀναγι-

2172 4599 2488 4669 νωσκομένη
2547 4600 2654 4654 ὑπὸ
2708 4603 2927 4656 πάντων
2989 4603 3317 4675 ἀνθρώπων,
3351 4607 3744 4675 φανερούμενοι

2170 4686 2254 4740 ὅτι
2309 4688 2432 4741 ἐστὲ
2468 4691 2724 4763 ἐπιστολὴ
2749 4694 3013 4764 Χριστοῦ,
3039 4695 3418 4766 διακονηθεῖσα
3444 4697 3540 4766 ὑφ’
3568 4695 3736 4767 ήμῶν,

2169 4778 2594 4852 ὲγγεγραμμένη
2617 4783 2678 4835 οὐ
2715 4784 2926 4853 μέλανι,
2958 4785 3096 4839 ἀλλά
3127 4787 3403 4858 Πνεύματι
3435 4787 3573 4842 Θεοῦ
3605 4788 3737 4852 ζῶν-

2171 4887 2293 4936 τος,
2351 4873 2450 4925 ο·ἐκ
2477 4874 2534 4928 ἐν
2576 4874 2741 4942 πλαξὶ
2767 4875 3017 4942 λιθίναις,
3062 4877 3175 4930 ἀλλ’
3203 4881 3260 4930 ἑν
3299 4879 3462 4943 πλαξὶ
3521 4881 3736 4948 καρδίας

2170 4963 2473 5032 σαρκίναις.
2515 4983 2532 5018 ι
2581 4965 2780 5034 Ἰερεῖς
2798 4967 2853 5019 δέ
2879 4985 3024 5032 τινες
3048 4971 3170 5033 τοὺς
3201 4971 3466 5039 ἀγγέλους
3492 4973 3730 5042 ἐνόησαν,

2164 5050 2249 5118 οἷς
2298 5057 2573 5126 ἐμπρέπει
2645 5065 2738 5112 καὶ
2787 5060 2846 5113 τὸ
2873 5061 2942 5114 ἐν
3000 5062 3268 5131 καρδίαις
3343 5063 3599 5117 δύνασθαι
3636 5068 3732 5116 .la-

2165 5147 2318 5202 .leir.
2387 5147 2446 5200 Ἡ
2480 5148 2535 5201 δὲ
2575 5149 2958 5219 παράκλησις
2980 5152 3037 5204 ἐν
3063 5154 3140 5223 τῷ
3189 5153 3445 5206 λελύσθαι
3472 5153 3570 5224 τὴν
3584 5152 3727 5219 δίκην

2163 5239 2300 5310 αὐτὴ
2339 5242 2355 5280 ί
2387 5239 2581 5310 διπλῆν
2608 5243 2932 5314 γενομένην,
2963 5243 3028 5297 ἐν
3055 5262 3113 5297 τε
3172 5246 3252 5316 τῷ
3305 5247 3507 5316 σαρκὸς
3546 5245 3725 5297 ἐπιθυ-

2169 5332 2319 5400 μίαις
2343 5333 2705 5402 προσκεῖσθαι
2729 5334 2974 5405 (κόλασις
3002 5343 3112 5408 γὰρ
3140 5339 3280 5409 αὐτὴ
3339 5340 3564 5409 μεγίστη
3611 5339 3720 5397 τοῖς

2166 5424 2378 5493 ἔχουσιν
2401 5425 2669 5498 αἴσθησιν)
2688 5427 2746 5482 ἐν
2770 5445 2830 5481 τε
2857 5429 2934 5502 τῷ
2971 5430 3038 5483 δι’
3079 5433 3262 5483 ἐκεῖνα
3288 5430 3302 5480 i
3368 5428 3713 5494 κολάξεαιθαίν

1641 5567 1683 5598 ⁸¹
1717 5566 1858 5623 l’sal.
1892 5584 2080 5628 cxvut.

2194 5613 2208 5627 .
2286 5574 2330 5607 δ’
2366 5575 2567 5636 Jerem.
2601 5597 2748 5651 xxxr,
2773 5584 2864 5641 55.
2937 5583 2983 5618 ⁸³
3018 5584 3061 5644 ll
3098 5586 3226 5643 Cor.
3265 5603 3344 5653 ttt,
3381 5589 3434 5652 2,
3461 5589 3514 5644 5.

1792 5685 2030 5744 VARI/IS
2063 5690 2456 5752 LECTIONES.

558 5760 585 5800 ¹ι
613 5779 701 5833 γρ.
734 5764 1028 5836 θεωμένου.
1111 5774 1122 5809 ¹
1169 5793 1252 5842 πρ.
1285 5775 1470 5831 αὑτοῦ.
1557 5781 1570 5828 l
1602 5798 1687 5850 νγ).
1726 5783 1960 5847 ὲκείνας.
