3978 6374
146 303 304 368 2337

1292 305 1824 370 COMMENTARII
1865 306 1945 367 IN
1987 308 2269 370 ISAIAM.

3265 315 3404 384 2338

147 420 394 492 Ἥγουν,
419 425 476 478 ἐν
508 441 566 478 τε
595 424 671 495 τῷ
692 425 992 494 ἀποστῆναι
1025 424 1162 478 Θεοῦ
1187 427 1286 494 τῆς
1328 425 1495 487 ὅντως
1545 421 1726 491 πηγῆς

1831 420 2062 488 damus;
2099 422 2213 478 sive
2268 423 2334 478 ad
2359 423 2634 480 daamonas
2691 425 2842 495 ipsos
2870 465 2885 491 ,
2935 426 3092 481 lacus
3129 431 3402 484 contrito:

142 516 331 586 ζωῆς,
357 518 449 571 καὶ⁵
479 516 557 589 τῷ
600 517 992 588 προσχωρῆσαι
1013 520 1125 580 τοῖς
1168 516 1440 587 δαίμοσιν,
1500 515 1727 578 λάκκοις

143 608 664 680 συντετριμμένοις,
696 609 834 661 κατὰ
860 608 958 680 τὴν
1023 608 1285 678 Ἰερεμίου
1339 606 1542 677 φωνὴν,
1603 623 1728 658 συν-

144 701 308 772 ἐχειν
339 701 481 769 ὕδωρ
521 701 595 771 μὴ
629 701 963 771 δυναμένοις.
993 703 1150 765 Τινὲς
1175 701 1228 754 δέ
1259 718 1440 769 φασιν,
1467 700 1548 752 δτι
1579 699 1654 760 ὡς
1678 699 1727 752 οἱ

144 792 509 864 φιλόστοργοι
530 793 766 863 πατέρες
797 793 895 864 τὴν
914 794 1153 864 σμικράν
1176 793 1316 846 κατὰ
1340 792 1526 853 παιδὸς
1545 791 1728 861 ἁμαρ-

140 887 281 938 τίαν
315 885 483 955 μείζω
539 886 673 939 πολὺ
711 887 808 956 τῆς
866 885 1021 950 ἀξίας
1076 885 1410 954 νομίζουσιν,
1447 883 1590 936 οὕτω
1640 883 1728 936 διὰ

143 977 574 1048 φιλανθρωπίαν
595 979 624 1031 ὁ
642 978 772 1040 Θεος
786 977 884 1048 τὴν
914 978 1121 1031 ἐλάττω
1148 977 1248 1045 τῆς
1265 977 1420 1042 ἀξίας
1440 977 1730 1030 διπλασίαν

143 1071 424 1140 ὁρίζεται.
451 1071 656 1132 Ἀλλως
684 1070 791 1141 γάρ
832 1070 934 1123 ούκ
981 1069 1130 1133 ἄξιον
1177 1070 1276 1138 τῆς
1304 1068 1467 1121 αὐτοῦ
1497 1069 1734 1138 χρηστός

145 1179 323 1230 τητος
365 1164 422 1214 ἐν
477 1161 648 1232 διπλῷ
696 1161 1056 1232 τιμωρεῖσθαι
1104 1161 1196 1214 τοῦ
1235 1161 1488 1224 λέξαντος
1513 1177 1526 1190 ·
1558 1180 1576 1212 ι
1617 1161 1730 1213 Οὐκ

147 1253 441 1322 ἐκδικήσει
466 1253 667 1324 Κύριος
696 1253 778 1314 δὶς
819 1256 909 1309 ἐπὶ
931 1255 991 1307 τὸ
1017 1253 1148 1314 αὐτὸ
1199 1255 1257 1305 ὲν
1281 1253 1476 1322 θλίψει.
1511 1251 1730 1322 Οίκτίρ-

151 1361 279 1414 μων
311 1344 421 1412 γὰρ
471 1343 562 1396 καὶ
615 1344 858 1412 ἐλεήμων
888 1347 915 1398 ὁ
973 1343 1198 1415 Κύριος,
1243 1343 1594 1414 μακρόθυμος
1636 1345 1731 1398 καὶ

149 1435 452 1498 πολυέλεος
482 1437 575 1488 καὶ
595 1436 866 1507 ἀληθινός.
911 1455 930 1488 ι
957 1437 1089 1501 Καὶ,
1126 1455 1143 1487 ι
1183 1436 1257 1488 Οὐ
1318 1437 1459 1490 κατὰ
1489 1447 1588 1498 τας
1609 1437 1733 1489 ἀνο-

151 1527 295 1599 μίας
333 1528 491 1600 ήμῶν
539 1528 792 1598 ἐποίησεν
826 1532 957 1599 ἡμῖν
1021 1531 1141 1584 οὐδὲ
1189 1529 1330 1583 κατὰ
1391 1531 1488 1594 τὰς
1553 1531 1732 1600 ἁμαρ-

148 1619 285 1682 τίας
347 1619 506 1688 ἡμῶν
563 1620 943 1674 ἀνταπὲδωκεν
1004 1622 1154 1692 ἡμῖν.
1229 1639 1248 1672 ι
1313 1619 1610 1688 Σύμφωνον
1677 1619 1730 1670 es

149 1710 258 1779 τῷ,
309 1709 688 1779 Ἑτοιμάσατε
715 1710 830 1778 τὴν
852 1711 997 1764 ὁδὸν
1038 1711 1278 1779 Κυρίου,
1327 1713 1419 1764 καὶ
1458 1711 1732 1780 Ζαχαρίας

150 1806 181 1857 ὁ
230 1804 331 1856 τοῦ
364 1803 665 1856 Βαπτιστοῦ
689 1803 837 1871 λέγει
870 1805 1058 1874 Πατήρ
1089 1820 1103 1834 ·
1144 1822 1163 1855 t
1221 1804 1327 1856 Καὶ
1357 1804 1418 1856 σὺ
1450 1843 1465 1869 ,
1502 1803 1728 1866 παιδίον,

150 1899 452 1966 προφήτης
493 1895 747 1964 Ὑψίστου
773 1895 1045 1967 κληθήσῃ.
1075 1895 1433 1967 Προπορεύσῃ
1491 1893 1599 1964 γὰρ
1626 1896 1732 1962 πρὸ

149 1989 460 2059 προσώπου
528 1989 756 2056 Κυρίου,
788 1990 1072 2058 ἑτοιμάσαι
1119 1989 1216 2052 τάς
1273 1989 1422 2050 ὀδοὺς
1453 1986 1638 2041 αὑτοῦ.
1705 2007 1724 2040 ι

152 2082 300 2153 Περὶ
327 2075 390 2136 οὗ
430 2098 590 2151 φησιν
629 2083 657 2135 ὁ
691 2082 881 2152 Σωτήρ
911 2099 924 2113 ·
963 2102 981 2134 ι
1033 2084 1265 2144 Ἐκεῖνος
1323 2078 1390 2152 ἦν
1427 2083 1454 2133 ὁ
1492 2079 1679 2150 λύχνος
1703 2085 1731 2135 ὁ

151 2176 454 2242 καιόμενος
507 2177 599 2228 καὶ
672 2176 896 2244 φαίνων.
943 2177 1127 2247 Ὑμεῖς
1149 2178 1204 2230 δὲ
1231 2178 1530 2250 ἠθελήσατε
1563 2179 1729 2246 ἀγαλ-

151 2268 414 2338 λιαθῆναι
472 2269 604 2340 πρὸς
644 2268 792 2339 ὥραν
842 2271 900 2322 ὲν
931 2269 1007 2339 τῷ
1061 2271 1200 2338 φωτὶ
1241 2272 1427 2326 αὐτοῦ.
1471 2293 1490 2326 ι
1543 2274 1730 2337 ’Ἥλιος

150 2364 269 2432 γάρ
322 2363 667 2434 δικαιοσύνης
706 2365 796 2417 καὶ
827 2364 942 2432 φῶς
994 2364 1246 2433 ἀληθινὸν
1274 2368 1302 2419 ὁ
1338 2366 1591 2434 Χριστός.
1621 2367 1731 2420 Καὶ

149 2458 215 2510 τὸ
263 2458 433 2526 μέσον
455 2455 780 2525 ἀμφοτέρων
805 2455 1173 2526 ἀσύμϐλητον,
1199 2457 1304 2510 κᾶν
1357 2458 1439 2510 ὅτι
1498 2459 1729 2528 μάλιστα

149 2546 216 2600 τὸ
249 2545 593 2617 ἀνθρώπινον
611 2545 815 2615 πλῆρες
846 2546 1057 2614 γένοιτο
1107 2547 1297 2614 σοφίας
1319 2563 1377 2600 τε
1407 2548 1502 2602 καὶ
1531 2549 1726 2617 φωτός.

223 2799 357 2864 Τοῖς
386 2801 442 2854 δὲ
499 2801 840 2870 ἀπεγνωκόσι
895 2805 1118 2872 σημεῖον
1184 2802 1366 2856 δίδωσι
1425 2806 1733 2873 παρακλή-

152 2911 334 2959 σεως.
371 2894 537 2946 Ὅταν
566 2893 673 2964 γὰρ
699 2893 804 2947 ἀπὸ
829 2894 928 2964 τῆς
985 2893 1209 2963 ἐρήμου
1265 2895 1392 2967 περὶ
1444 2898 1732 2966 μετανοίας

153 2986 382 3048 ἀκούοις
405 2984 628 3055 φωνῆς,
659 2987 778 3038 τότε
815 2985 925 3038 νόει
973 2989 1226 3056 παρεῖναι
1287 2988 1377 3040 τὸν
1428 2989 1734 3059 προσδοκώ-

1831 511 1850 581 (
1881 519 1940 565 ιιι
1977 511 2230 568 Jeremiae
2251 516 2484 571 vocibus
2507 525 2630 570 utar
2669 517 2759 586 ⁵⁸),
2785 517 2878 587 qui
2904 533 3100 588 aquam
3121 519 3405 574 continere

1829 617 1939 657 non
1968 612 2216 672 possunt,
2253 613 2617 662 transeamus.
2677 607 2845 662 Aiunt
2885 620 3064 663 autem
3104 610 3350 664 nonnulli
3387 650 3402 675 ,

1830 713 1940 752 non
1971 699 2131 755 aliter
2149 715 2310 770 quam
2342 710 2558 772 patres,
2589 705 2679 772 qui
2715 705 3228 775 magnoliherorum
3253 720 3405 760 amo-

1831 804 1890 844 re
1914 787 2230 859 ﬂagrantes,
2285 792 2402 848 leve
2431 810 2620 848 eorum
2641 806 2924 864 peccatum
2977 797 3140 866 longe
3188 800 3406 865 gravius

1831 886 1882 932 et
1912 880 2164 935 acerbius
2212 890 2436 951 putant;
2467 883 2546 938 sic
2593 891 2648 937 et
2701 885 2869 939 Deum
2907 900 3004 954 pro
3043 901 3144 940 sua
3210 886 3264 940 in
3307 885 3406 940 ho-

1832 974 2005 1026 mines
2052 973 2467 1039 benevolentia,
2497 977 2695 1044 culpa:
2744 977 2933 1032 leviori
2993 992 3185 1047 poenas
3239 977 3407 1048 duplo

1832 1062 2070 1132 majores
2128 1065 2388 1135 irrogare.
2424 1067 2680 1138 Alioquin
2735 1071 2882 1124 enim
2934 1069 3134 1140 duplex
3191 1071 3408 1140 exigere

1833 1158 2165 1226 supplicium
2196 1159 2314 1228 ejus
2345 1159 2588 1216 bonitate
2617 1161 2783 1216 fuerit
2817 1163 3102 1232 indignum
3135 1203 3152 1229 ,
3198 1164 3292 1234 qui
3323 1165 3409 1219 di—

1836 1248 1973 1301 xerit
2004 1265 2018 1302 :
2051 1267 2070 1300 ι
2106 1247 2226 1302 Non
2271 1251 2572 1308 vindicabit
2604 1251 2869 1309 Dominus
2927 1255 3012 1310 bis
3051 1255 3121 1309 ob
3178 1256 3318 1310 idem
3353 1256 3407 1310 in

1832 1337 2146 1394 afﬂictione.
2181 1340 2337 1413 M1
2373 1341 2684 1398 Misericors
2715 1347 2859 1398 enim
2888 1353 2943 1399 et
2975 1345 3266 1401 miseratur
3297 1346 3408 1400 Do-

1839 1434 2020 1487 minus
2051 1473 2066 1494 ,
2105 1434 2431 1506 longanimis
2465 1474 2479 1496 ,
2521 1443 2575 1490 et
2631 1437 2811 1491 multat
2891 1437 3320 1501 misericordiae,
3352 1447 3407 1491 et

1842 1539 2008 1578 verax
2032 1525 2097 1579 ⁸⁵.
2133 1543 2150 1576 ι
2188 1527 2292 1581 Et:
2321 1545 2339 1576 ι
2377 1526 2494 1581 Non
2516 1528 2818 1583 secundum
2845 1529 3160 1599 iniquitates
3187 1538 3410 1586 nostras

1837 1614 1963 1670 fecit
1997 1619 2153 1672 nobis
2185 1617 2250 1671 “.
2297 1637 2314 1670 ι
2351 1617 2593 1688 Itemque
2620 1635 2632 1670 :
2661 1640 2680 1672 ι
2712 1620 2829 1679 Non
2856 1622 3156 1676 secundum
3183 1631 3408 1692 peccata

1837 1719 2025 1764 nostra
2057 1710 2312 1765 retribuit
2344 1713 2503 1768 nobis
2540 1714 2603 1768 ⁸⁷.
2646 1732 2664 1764 ι
2707 1713 2773 1767 Ει
2801 1730 2932 1769 vero
2969 1715 3115 1784 quod
3152 1717 3264 1780 hic,
3295 1716 3404 1770 Pa-

1834 1811 1952 1854 rate
1979 1803 2117 1856 viam
2146 1803 2384 1868 Domini,
2413 1805 2702 1870 nabemus,
2744 1807 3064 1862 ei-maxime
3108 1823 3407 1880 congruum

1831 1895 1974 1962 quod
2033 1894 2284 1964 Baptista:
2314 1910 2468 1968 pater
2495 1897 2792 1952 Zacharias
2825 1900 2920 1963 ait,
2961 1900 3014 1953 in
3071 1899 3218 1954 hunc
3290 1916 3408 1955 mo-

1839 1985 2022 2039 dum:
2068 2004 2084 2036 ι
2139 1987 2205 2040 Ει
2245 1995 2326 2052 tu,
2381 2004 2540 2059 puer,
2613 1991 2873 2058 propheta
2924 1991 3189 2045 Altissimi
3244 2007 3408 2046 voca-

1832 2075 2254 2134 beris.Praeihis
2315 2081 2458 2134 enim
2497 2089 2624 2135 ante
2691 2080 2885 2136 faciem
2949 2082 3160 2137 Domini
3216 2097 3410 2151 parare

1836 2167 1956 2222 vias
1996 2168 2115 2238 ejus
2140 2171 2205 2224 ⁸⁸.
2238 2191 2256 2224 ι
2295 2172 2367 2227 De
2392 2189 2500 2244 quo
2526 2183 2580 2230 et
2615 2173 2698 2228 his
2734 2176 2918 2232 verbis
2949 2178 3110 2231 etiam
3164 2177 3408 2246 loquitur

1839 2255 2092 2313 Salvator
2131 2278 2145 2314 :
2203 2280 2220 2313 ι
2271 2263 2364 2318 llle
2406 2273 2526 2318 erat
2586 2267 2808 2322 lucerna
2844 2270 3042 2323 ardens
3064 2276 3118 2323 et
3159 2269 3354 2324 lucens
3389 2285 3404 2334 ;

1831 2366 1926 2406 vos
1949 2362 2130 2408 autem
2197 2357 2458 2411 voluistis
2507 2360 2786 2412 exsult‘are
2835 2360 2900 2413 ad
2963 2360 3152 2414 horam
3187 2361 3239 2414 in
3289 2363 3408 2417 luce

1829 2442 1948 2508 ejus
1962 2443 2037 2498 ⁸³.
2067 2463 2085 2496 ι
2114 2443 2210 2499 Est
2231 2446 2374 2500 enim
2399 2447 2629 2515 justitiaa
2661 2449 2742 2505 sol
2800 2458 2856 2504 et
2881 2465 3004 2505 vera
3022 2450 3111 2505 lux
3130 2451 3404 2509 Christus.

1831 2531 2015 2604 Neque
2053 2548 2134 2590 est
2187 2539 2332 2608 quod
2378 2541 2667 2612 utriusque
2701 2541 3065 2599 differentiam
3112 2545 3408 2609 investiga-

1832 2628 1898 2689 ri,
1937 2629 2024 2684 vel
2047 2646 2172 2682 cum
2203 2631 2309 2686 alia
2345 2633 2621 2699 conferri,
2655 2637 3053 2702 quantumlibet
3087 2637 3180 2691 illa
3233 2637 3409 2691 homi-

1831 2733 1961 2774 num
2003 2714 2268 2788 sapien'tia
2291 2730 2345 2776 et
2379 2724 2497 2778 luce
2525 2724 2794 2789 abundet,
2831 2741 2993 2794 posse
3021 2736 3299 2796 putemus.

1901 2811 1973 2863 lis
2027 2821 2232 2874 autem,
2279 2815 2371 2883 qui
2429 2831 2581 2884 spem
2635 2817 2977 2885 abjecerunt,
3019 2817 3407 2875 consolationis

1833 2901 2049 2970 signum
2094 2905 2370 2973 proponit.
2409 2905 2545 2958 Cum
2589 2907 2736 2959 enim
2777 2907 2831 2961 in
2863 2908 3172 2974 solitudine,
3209 2911 3306 2973 ait,
3337 2910 3409 2965 de

1834 2995 2156 3060 pmnitentia
2191 2996 2511 3049 concionari
2562 3013 2733 3051 vocem
2783 2997 3048 3064 audieris,
3092 3011 3220 3053 tunc
3253 3016 3404 3066 cum,

155 3097 345 3150 μενον.
397 3079 484 3140 Ὠς
517 3078 624 3130 ἀπὸ
651 3077 925 3150 λεωφόρου
947 3078 1006 3131 δὲ
1033 3079 1100 3131 τὰ
1128 3079 1224 3149 μὲν
1247 3079 1474 3149 ἐχούσης
1504 3080 1726 3152 ἀνάντη,

1832 3084 1922 3153 qui
1986 3086 2432 3154 exspectabatur,
2497 3085 2691 3142 adesse
2751 3092 3012 3158 cogitato.
3085 3090 3404 3145 Sermonem

148 3175 222 3226 τὰ
251 3172 311 3225 δὲ
367 3171 541 3234 κοῖλα,
598 3171 690 3224 καὶ
719 3171 808 3224 διὰ
837 3171 994 3224 τοῦτο
1036 3171 1423 3243 δυσπορεύτου,
1455 3174 1544 3227 τὸν
1569 3175 1726 3243 λόγον

148 3266 381 3336 εἴληφεν
411 3281 423 3294 ·
451 3266 570 3334 ἥτις
597 3264 661 3318 ἂν
691 3263 900 3331 γένοιτο
928 3265 1059 3318 λεία
1079 3306 1094 3330 ,
1127 3265 1233 3318 τῶν
1289 3265 1384 3335 μὲν
1437 3268 1728 3340 καθαιρου-

153 3359 343 3429 μένων
373 3357 539 3424 ὕψους
581 3357 605 3396 Ιι
627 3374 640 3388 ο
673 3357 780 3410 τῶν
807 3357 884 3420 δὲ,
955 3358 1350 3428 πληρουμένων
1382 3359 1723 3431 κοιλότητας,

149 3450 319 3504 ὁποία
368 3449 456 3502 διὰ
509 3450 744 3519 Χριστοῦ
798 3450 1084 3520 γέγονενή
1139 3453 1234 3520 τῆς
1257 3451 1536 3515 εὐσεϐείας
1562 3450 1724 3516 ὁδὸς,

149 3545 359 3604 ἄϐατος
417 3542 684 3611 πρότερον
739 3540 843 3593 ὑπὸ
923 3541 1032 3593 τῶν
1083 3542 1542 3611 κοσμοκρατόρων
1631 3541 1728 3596 τοῦ

151 3637 388 3697 σκότους
418 3634 738 3702 ὑπάρχουσα
769 3634 888 3694 ταῖς
915 3630 1176 3699 γεώδεσιν
1243 3633 1728 3700 ὲγκαταδησάντων

148 3725 307 3796 ἡμᾶς
331 3724 567 3792 ἡδοναῖς.
591 3722 784 3784 Δόξαν
811 3722 864 3773 δὲ
891 3723 1109 3788 Κυρίου
1150 3722 1304 3774 καλεῖ
1331 3724 1422 3774 τὸν
1467 3723 1614 3788 Υίὸν,
1653 3725 1727 3788 ὡς

148 3817 300 3884 ὑπὲρ
325 3817 506 3867 πᾶσαν
529 3813 654 3866 ὄντα
687 3813 783 3883 τὴν
806 3814 982 3866 κτίσιν
1015 3815 1106 3867 καὶ
1137 3814 1238 3882 τῆς
1284 3814 1450 3884 αὐτῆς
1475 3814 1726 3884 θεότητος

146 3907 234 3972 τῷ
258 3905 497 3973 Πατέρι.
526 3905 694 3957 Τοῦτο
723 3905 778 3957 δὲ
806 3905 898 3957 καὶ
920 3905 1208 3974 γενόμενος
1237 3905 1543 3974 ἅνθρωπος
1559 3907 1726 3972 ἔδειξε

146 3999 591 4068 θαυματουργῶν
619 3995 726 4058 ἀεὶ,
753 3995 846 4048 καὶ
871 3996 966 4067 τὴν
1001 3999 1175 4049 κτίσιν
1201 3992 1592 4067 μεταπλάττων
1649 3998 1726 4068 τῷ

148 4092 386 4162 ῥήματι,
439 4089 730 4157 γενόμενος
784 4090 918 4140 πᾶσι
1001 4090 1282 4158 σωτήριον,
1347 4091 1454 4143 τῶν
1517 4089 1726 4161 ἐννόμῳ

148 4181 360 4233 θυσιῶν
387 4179 659 4250 ἁμαρτίας
691 4179 974 4251 καθαιρεῖν
1011 4183 1086 4250 μὴ
1147 4180 1486 4249 δυναμένων.
1527 4182 1613 4233 Ἐν
1667 4183 1724 4234 δὲ

146 4271 376 4342 Χριστῷ
437 4271 798 4340 τελειούμενοι
851 4271 926 4341 τῷ
974 4271 1073 4340 τῆς
1128 4272 1401 4334 υἱοθεσίας
1453 4273 1724 4341 πνεύματι

145 4363 499 4433 τετιμήμεθα
532 4362 766 4433 πάντεςκ
791 4363 850 4416 τό
879 4380 941 4430 τε
963 4358 1095 4435 ἧκον
1126 4366 1204 4426 είς
1260 4363 1356 4433 τὴν
1384 4365 1480 4432 τῆς
1505 4367 1723 4433 χάριτος

1831 3175 2030 3230 deinde
2060 3184 2320 3245 tanquam
2353 3191 2383 3230 ιι
2419 3178 2519 3232 via:
2548 3177 2782 3248 publica:
2813 3182 3028 3235 ratione
3059 3181 3404 3250 aggreditur,

1833 3283 1954 3336 qua:
1987 3284 2112 3322 mox
2144 3268 2338 3335 ardua,
2369 3286 2491 3326 mox
2516 3287 2672 3334 cava,
2720 3273 2954 3343 indeque
2989 3275 3228 3330 dillicilis
3256 3275 3406 3329 exsi-

1827 3361 1956 3426 stit;
1998 3375 2119 3430 quae
2148 3370 2328 3415 tamen
2367 3363 2508 3416 elata
2550 3364 2746 3432 partim
2782 3366 3159 3434 deprimendo,
3204 3369 3405 3437 partim

1827 3451 2089 3521 depressa
2140 3452 2458 3518 attollendo,
2492 3454 2657 3522 plana
2707 3465 2761 3510 et
2810 3456 2994 3512 facilis
3027 3457 3178 3512 reddi
3204 3456 3406 3528 queat;

1827 3545 2008 3613 qualis
2045 3561 2139 3610 per
2168 3544 2456 3598 Christum
2488 3550 2573 3599 via
2606 3547 2831 3616 pietatis
2855 3549 2965 3616 jam
2996 3551 3248 3614 exsistit;
3284 3566 3406 3620 quae

1827 3637 1975 3690 invia
2004 3639 2131 3689 olim
2163 3639 2231 3691 ab
2259 3637 2422 3705 hujus
2447 3640 2630 3692 saeculi
2661 3641 3008 3694 tenebrarum
3036 3643 3403 3709 potestatibus

1827 3727 2205 3790 obsidebatur,
2236 3742 2265 3779 a
2293 3730 2494 3796 quibus
2529 3729 2760 3783 terrenis
2793 3731 3164 3796 voluptatibus
3195 3732 3403 3801 alligati

1826 3832 2066 3870 eramus.
2105 3815 2342 3870 Gloriam
2394 3828 2575 3871 autem
2630 3817 2846 3872 Domini
2894 3819 3091 3874 Filium
3143 3824 3398 3890 appellat,

1829 3917 2088 3978 tanquam
2125 3911 2217 3978 qui
2251 3911 2433 3964 omnia
2465 3926 2493 3962 a
2526 3909 2637 3964 Deo
2671 3919 2852 3965 creata
2904 3913 3064 3981 longe
3105 3930 3398 3982 superans,

1825 3999 2070 4067 ejusdem
2111 4001 2184 4055 sit
2229 4017 2347 4053 cum
2404 3999 2568 4054 Patre
2614 4000 2941 4056 divinitatis.
2983 4002 3224 4072 ldipsum
3269 4019 3401 4059 vero

1825 4093 1985 4146 etiam
2034 4090 2190 4146 homo
2235 4089 2412 4145 factus
2463 4094 2598 4147 satis
2651 4093 2925 4162 probavit,
2969 4110 3092 4148 cum
3135 4095 3398 4152 mirandis

1825 4185 2086 4254 operibus
2132 4201 2414 4256 nunquam
2456 4202 2564 4240 non
2614 4187 2801 4250 editis,
2844 4191 3106 4243 mundum
3153 4192 3314 4243 etiam
3366 4208 3398 4246 a

1826 4293 1884 4332 se
1921 4278 2226 4340 conditum,
2261 4286 2318 4330 ut
2361 4278 2578 4332 cunctis
2619 4286 2814 4330 auctor
2851 4280 3048 4332 salutis
3085 4281 3394 4346 exsisteret,

1825 4369 1991 4424 verbo
2034 4383 2136 4422 suo
2174 4368 2628 4435 transformavit;
2667 4370 2758 4436 qui
2797 4369 2961 4422 nullis
2999 4370 3050 4422 in
3089 4369 3202 4439 lege
3231 4373 3397 4425 sacri-

148 4455 386 4526 δωρεάν,
420 4456 584 4507 πᾶσιν
614 4455 783 4524 αὐτὴν
815 4454 1162 4516 ἁπλώσαντος
1192 4455 1282 4506 τοῦ
1319 4455 1452 4506 Θεοῦ
1479 4472 1492 4484 ο
1523 4457 1570 4506 εί
1630 4455 1723 4506 καὶ

1831 4461 1969 4515 liciis
2009 4475 2038 4513 a
2079 4467 2429 4527 peccatorum
2484 4459 2602 4516 labe
2637 4459 2887 4512 mundari
2929 4465 3255 4530 purgarique
3295 4481 3394 4532 pu-

147 4547 224 4616 τῷ
245 4549 348 4615 τῆς
371 4547 628 4606 ἀπιστίας
649 4548 824 4616 σκότῳ
842 4546 1043 4616 ταύτην
1091 4547 1229 4609 τινὲς
1263 4547 1324 4599 ού
1355 4549 1720 4618 προσήκαντο.

148 4639 333 4709 Μηδὲν
355 4638 414 4690 δὲ
458 4637 646 4706 ἶδιονῆ
692 4637 1069 4706 πεπλασμένον
1131 4639 1306 4705 λέγειν
1361 4633 1410 4691 δ’
1443 4643 1723 4709 προφήτης

149 4729 486 4792 ἐπιδεικνὺς,
557 4729 705 4782 Θεοῦ
763 4730 868 4782 τὸν
919 4731 1105 4794 λόγον
1152 4730 1427 4785 ἐκάλεσεν.
1478 4733 1610 4784 Τίνα
1665 4733 1721 4785 δὲ

149 4822 348 4892 τρόπον
389 4819 509 4872 ἔστι
554 4823 615 4872 τὸ
653 4819 955 4887 σωτήριον
977 4820 1125 4873 ἰδεῖν
1153 4821 1257 4874 τοῦ
1290 4822 1455 4885 Θεοῦ,
1483 4823 1718 4876 διδάσκει

149 4912 563 4980 καταφρονῆσαι
618 4911 725 4962 δεῖν
775 4911 882 4962 τῶν
940 4911 1295 4980 φαινομένων,
1349 4910 1423 4972 ὡς
1476 4913 1724 4964 ἀστάτων

149 5002 318 5054 εἰπὼν
342 5002 442 5054 καὶ
475 5001 666 5056 θᾶττον
691 5002 1163 5070 μαραινομένων,
1198 5001 1460 5065 λαϐόντας
1491 5007 1568 5066 εἰς
1598 5005 1720 5057 νοῦν

149 5093 256 5146 τὸν
290 5092 444 5146 Θεοῦ
469 5094 654 5162 λόγον
691 5093 849 5162 μόνον
877 5092 952 5155 ὡς
997 5093 1082 5146 ἀεὶ
1121 5093 1318 5157 ζῶντα,
1350 5093 1445 5145 καὶ
1470 5093 1716 5162 μένοντα,

151 5187 243 5237 καὶ
291 5183 556 5254 πρόξενον
600 5184 727 5236 ὄντα
752 5185 844 5253 τῆς
897 5185 1114 5236 αἰωνίου
1159 5184 1323 5253 ζωῆς.
1353 5185 1539 5247 Εἴποις
1563 5185 1607 5237 δ’
1654 5186 1719 5238 ἂν

148 5272 312 5342 ῥῆμα
326 5274 548 5342 Κυρίου
578 5275 669 5326 καὶ
697 5275 794 5342 τὴν
811 5274 1024 5343 ἐντολὴν
1049 5273 1142 5344 τὴν
1167 5275 1329 5326 αὑτοῦ
1357 5274 1447 5326 τοῦ
1471 5275 1718 5346 Σωτῆρος

152 5365 398 5428 είπὸντος
417 5382 431 5392 ·
470 5383 489 5417 ι
535 5365 705 5436 Ἀμὴν
730 5365 873 5434 λέγω
899 5367 1045 5436 ύμῖν,
1069 5366 1162 5418 ἐάν
1180 5382 1264 5429 τις
1283 5365 1374 5419 τὸν
1402 5366 1532 5436 ἐμὸν
1562 5366 1716 5434 λόγον

218 5540 488 5598 “Jeretn.
516 5557 577 5606 ιι,
614 5541 700 5598 15.
776 5541 822 5576 ⁸⁵
862 5541 1202 5613 Psal.cu,8,
1245 5543 1296 5599 9.
1375 5545 1417 5577 "
1443 5545 1572 5601 ibid.
1615 5544 1704 5600 10.
1777 5542 1820 5574 ⁸⁷
1861 5542 1994 5597 ibid.

1829 4557 1990 4602 terat.
2025 4547 2090 4599 At
2119 4546 2230 4613 jam
2267 4547 2320 4598 in
2356 4544 2576 4600 Christo
2608 4547 2828 4613 perfecti
2862 4548 3170 4618 adoptionis
3200 4555 3393 4620 spiritu

1826 4650 2015 4687 omnes
2044 4635 2405 4698 honoramur,
2445 4637 2573 4700 Deo,
2610 4647 2872 4705 quantum
2905 4639 2956 4690 ili
2991 4655 3050 4693 se
3079 4652 3180 4700 est,
3218 4645 3395 4708 ipsum

1825 4729 2014 4795 gratia:
2061 4743 2264 4782 munus
2312 4729 2567 4782 omnibus
2613 4728 2876 4782 offerente
2931 4740 2984 4784 et
3033 4733 3395 4801 obtrudcute,

1826 4820 1954 4872 licet
1994 4819 2338 4874 infidelitatis
2373 4821 2609 4875 tenebris
2643 4821 2907 4879 obcaecati
2951 4827 3199 4879 nonnulli
3235 4843 3394 4881 acco-

1823 4913 1951 4966 dere
2000 4913 2290 4966 noluerint.
2325 4913 2400 4964 Ac
2436 4928 2499 4968 ne
2544 4913 2672 4980 quid
2710 4929 2775 4967 ex
2809 4919 3030 4983 proprio
3057 4935 3245 4981 sensu,
3311 4923 3392 4975 vel

1824 5003 2004 5056 lictum
2041 5003 2234 5056 afferre
2261 5003 2526 5071 propheta
2555 5004 2846 5068 videretur,
2877 5011 3020 5074 quod
3052 5011 3148 5072 ait,
3183 5011 3392 5065 verbum

1826 5093 1923 5146 Dei
1959 5093 2284 5145 nominavit.
2325 5090 2574 5147 Ostendit
2625 5110 2754 5147 vero
2797 5098 3000 5162 quibus
3038 5100 3216 5154 modis
3250 5102 3394 5153 salu-

1822 5195 1936 5236 tare
1966 5183 2127 5254 M2
2165 5183 2259 5236 Dei
2309 5185 2480 5238 videre
2530 5186 2714 5250 liccat,
2753 5202 2877 5240 cum
2911 5205 3032 5258 quae
3064 5194 3239 5245 oculis
3270 5195 3390 5246 sab-

1822 5273 2110 5342 jiciuntur,
2165 5279 2426 5340 tanquam
2473 5273 2679 5327 incerta
2720 5277 3059 5346 celeriusque
3097 5283 3390 5335 arescentia

1826 5364 2140 5433 despicere;
2203 5362 2414 5416 verbum
2471 5371 2652 5418 autem
2698 5363 2828 5429 Dei,
2890 5375 3151 5438 tanquam
3205 5370 3385 5425 vivum

2071 5541 2115 5573 ’⁸³
2153 5538 2285 5597 Luc.
2318 5558 2358 5610 ι,
2389 5541 2476 5598 76.
2553 5545 2596 5577 δ’
2633 5544 2791 5600 Joan.
2820 5561 2871 5614 v,
2910 5547 2998 5602 55.

1446 5659 1677 5717 VABIAS
1714 5653 2116 5718 LECTIONES.

225 5746 259 5793 ι
286 5765 374 5818 rp.
401 5747 556 5821 ὕψος.
