3978 6374
594 239 740 364 2339

1908 294 2255 356 PROCOPII
2281 295 2521 357 GAZEI

3661 307 3776 372 2350

595 420 834 476 seuiiper,
861 416 1182 475 semperque
1227 416 1477 468 manens,
1532 403 1697 458 vitam
1741 403 1977 475 denique
2026 421 2164 460 sem-

2269 408 2503 478 τηρήσῃ,
2542 407 2769 462 θάνατον
2797 409 2857 462 ού
2895 410 2971 480 μὴ
3004 410 3088 482 ῐδῃ
3115 413 3195 474 είς
3251 411 3340 466 τὸν
3396 415 3583 471 αἰῶνα.
3619 439 3634 469 ι
3663 422 3789 492 Τινὲς

595 498 864 570 piternam
917 497 1188 560 adet-eus,
1231 503 1348 550 toto
1397 496 1614 559 animo,
1664 497 1907 566 totisque
1953 496 2166 552 viribus

597 591 847 660 amplecti
887 589 1041 666 dicit.
1065 586 1225 642 Dicas
1240 595 1295 641 et
1310 587 1448 640 uerbi
1476 585 1575 641 Dei
1601 588 1821 643 nomine
1867 586 2166 644 Salvatoris

596 689 868 752 pmcepta
917 679 1242 751 signilicari,
1273 680 1366 750 qui
1407 679 1528 733 ait:
1567 697 1586 731 ι
1623 681 1795 734 Amen
1842 694 2002 734 amen
2043 680 2166 734 dico

596 774 773 836 vobis,
806 772 852 827 si
882 772 1006 840 quis
1033 786 1342 826 sermonem
1375 786 1552 825 meum
1579 772 1901 835 servaverit,
1935 781 2164 826 mortem

596 881 706 920 non
759 864 964 918 videbit
1016 864 1070 917 in
1117 872 1384 917 aeternum
1419 863 1488 916 “.
1533 881 1552 914 ι
1600 861 1802 918 Volunt
1850 863 1976 918 item
2027 879 2165 917 non-

595 958 731 1012 nulli
780 957 1102 1026 prophetam
1146 956 1348 1024 ipsum,
1390 965 1650 1025 tanquam
1697 956 1838 1010 elata
1871 971 2003 1011 voce
2044 971 2167 1025 per-

594 1059 883 1104 venturam
923 1049 987 1100 ad
1025 1063 1216 1101 omnes
1247 1047 1481 1116 gratiam
1526 1048 1851 1101 denuntiare
1886 1046 2163 1114 jubeatur,

594 1144 771 1211 gentis
801 1155 914 1194 suae
948 1140 1302 1194 miseratione
1338 1147 1698 1201 commotum,
1733 1153 1855 1206 quae
1886 1140 2019 1191 nihil
2057 1140 2164 1208 jam

594 1249 706 1286 non
734 1231 911 1285 solum
940 1230 1222 1292 eximium,
1255 1240 1313 1282 ut
1337 1230 1491 1294 olim,
1518 1245 1641 1282 cum
1673 1229 1764 1282 Dei
1791 1244 1910 1283 sors
1932 1229 2165 1284 exsiste-

596 1336 697 1384 ret,
751 1325 1004 1378 habitura
1058 1323 1164 1385 sit,
1223 1322 1316 1374 sed
1370 1322 1531 1388 hujus
1587 1323 1750 1375 etiam
1794 1321 1978 1390 gloriae
2025 1322 2166 1375 hono

594 1416 836 1469 caritura
856 1455 868 1477 ,
903 1414 1027 1481 quid
1077 1414 1310 1466 clamare
1333 1420 1585 1482 oporteat
1613 1413 1927 1482 postulare,
1956 1412 2167 1480 ipsique

594 1507 787 1572 Deum,
836 1523 958 1560 cum
1013 1515 1221 1558 tantam
1273 1507 1504 1574 gratiam
1558 1519 1754 1572 capere
1796 1520 1906 1557 non
1957 1514 2165 1573 posset,

597 1597 780 1652 Omnis
811 1596 963 1648 homo
990 1595 1190 1663 fenum,
1223 1593 1576 1661 respondere.
1605 1591 1792 1661 Neque
1823 1590 1966 1645 enim
2001 1601 2054 1644 et
2083 1599 2162 1653 tu,

595 1690 692 1755 ait,
729 1690 820 1758 qui
880 1689 1172 1740 verborum
1229 1700 1474 1739 meorum
1543 1684 1854 1738 ministerio
1915 1682 2166 1737 addictus

592 1789 828 1834 mentem
852 1779 1000 1848 geris
1028 1793 1192 1831 carne
1219 1777 1595 1841 obscuratam,
1620 1791 1821 1844 capere
1843 1775 2042 1845 possis.
2063 1775 2167 1828 Sed

2266 497 2322 550 δέ
2360 515 2541 566 φασιν,
2577 498 2653 562 ὡς
2679 501 3043 571 προσταχθεὶς
3075 506 3109 557 ό
3143 505 3426 576 προφήτης
3455 509 3675 578 κηρύξαι
3710 533 3789 580 με-

2267 589 2593 658 γαλοφώνως
2653 591 2753 662 τὴν
2807 593 2886 655 είς
2915 594 3126 658 πάντας
3205 595 3442 666 ἥξουσαν
3483 599 3651 668 χάριν,
3700 605 3790 659 ἀπὸ

2269 681 2611 747 συμπαθείας
2630 683 2730 752 τῆς
2761 685 2896 756 πρὸς
2928 686 2988 738 τὸ
3017 686 3168 750 ἔθνος
3211 689 3424 753 ἑαυτοῦ,
3479 692 3638 759 μηδὲν
3675 695 3796 764 ἔχειν

2266 771 2538 842 ἐξαιρετὸν
2563 774 2867 843 μέλλοντος,
2901 775 2977 840 ὡς
3006 777 3167 847 ἡνίκα
3193 778 3394 848 κλῆρος
3445 780 3648 850 ὑπῆρχε
3663 785 3793 852 Θεοῦ,

2266 863 2570 932 ἁποϐλητοῦ
2601 865 2658 918 δὲ
2695 865 2796 936 τῆς
2819 866 3070 938 τοιαύτης
3097 869 3356 938 ἐσομένου
3389 871 3553 940 τιμῆς
3580 875 3798 940 ἐκκοπεὶς

2265 953 2364 1025 τὴν
2393 955 2648 1022 διάνοιαν,
2684 958 2742 1011 τί
2769 957 2891 1012 δέοι
2913 958 3176 1023 ,βοήσειν
3202 959 3409 1029 ἔλεγεν.
3464 961 3578 1030 Ἐφ’
3605 959 3678 1026 οἷς
3692 967 3798 1030 Θεὸς

2265 1045 2363 1116 τὴν
2436 1048 2700 1116 τοσαύτην
2771 1047 2846 1120 μὴ
2899 1050 3208 1118 χωρήσαντι
3255 1051 3414 1120 χάριν
3472 1054 3604 1122 φησὶ
3633 1093 3646 1114 ,
3701 1058 3799 1122 Πᾶς

2267 1138 2577 1205 ἅνθρωπος
2613 1141 2844 1208 χόρτος.
2877 1141 2984 1194 Καὶ
3017 1143 3079 1194 σὺ
3110 1142 3240 1212 γὰρ,
3274 1145 3460 1213 φησὶν,
3490 1147 3518 1197 ὁ
3548 1148 3652 1207 τοῖς
3678 1149 3800 1216 spot;

2265 1229 2678 1299 διακονούμενος
2709 1233 2970 1303 ῥήμασιν,
3005 1233 3108 1285 ὑπὸ
3149 1234 3248 1302 τῆς
3311 1235 3514 1304 σαρκὸς
3563 1236 3647 1289 τὸν
3701 1239 3801 1291 νοῦν

2268 1319 2735 1391 ὲπισκιαζόμενος,
2773 1326 2972 1393 χωρεῖν
3013 1324 3136 1377 οὐδὲ
3180 1325 3402 1396 δυνήσῃ.
3461 1327 3604 1397 Πλὴν
3658 1332 3801 1394 πᾶσα,

2268 1409 2450 1479 φησὶν,
2483 1408 2744 1478 ὑπόληψις
2765 1410 3080 1481 ἀνθρωπίνη
3139 1413 3348 1481 ταχέως
3371 1413 3714 1484 παυθήσεται,
3765 1423 3802 1470 cl

2268 1498 2392 1567 ἐμοὶ
2417 1499 2475 1552 δὲ
2504 1501 2632 1569 περὶ
2665 1500 2766 1570 τῆς
2798 1502 2876 1564 είς
2901 1502 3110 1565 πάντας
3162 1505 3382 1573 χάριτος
3424 1508 3802 1574 κυρωθὴσονται

2267 1588 2435 1658 λόγοι.
2469 1591 2638 1646 Τοῦτο
2667 1595 2760 1645 καλ⁵
2793 1592 3004 1657 Παῦλος
3030 1595 3230 1665 νοήσας
3263 1595 3449 1664 ἔλεγεν
3489 1613 3503 1626 ·
3543 1617 3560 1648 ι
3596 1599 3654 1650 Ὠ
3674 1599 3803 1668 βάθος

2270 1682 2500 1737 πλούτου
2528 1685 2621 1736 καὶ
2684 1686 2906 1754 σοφίαςί
2941 1706 2960 1737 ι
3021 1687 3324 1757 Τοιγαροῦν
3379 1689 3639 1752 ὲπιλύσας
3685 1695 3804 1761 αὐτῷ

2274 1772 2373 1843 τὴν
2393 1775 2746 1844 ἀμφιϐολίαν,
2777 1778 2868 1845 ἀφ’
2904 1776 3075 1847 ὕψους
3099 1779 3200 1848 τῆς
3249 1779 3488 1844 διανοίας
3519 1782 3698 1851 mea;
3727 1802 3805 1855 γη·

593 1871 922 1934 omnis,ait,
966 1870 1376 1939 quamprimum
1425 1869 1658 1922 humana
1704 1868 1941 1923 cessabit
1961 1867 2165 1936 Opinio;

2284 1867 2440 1937 ρῦξαι
2471 1885 2546 1920 πα
2555 1869 2926 1938 ρακελεύεται.

594 1963 1289 2031 meusantemdegratiain
1314 1977 1701 2016 omnesserino
1767 1960 2201 2015 eontirmabitur.
2237 1960 2391 2028 Quod
2417 1975 2541 2014 cum
2589 1963 2756 2031 probe
2802 1964 3125 2034 intelligeret
3152 1964 3354 2020 Paulus
3391 1984 3405 2019 :
3443 1985 3462 2016 ι
3521 1965 3566 2020 0
3612 1967 3804 2020 altitud»

593 2059 907 2114 divitiarum
929 2068 979 2111 et
999 2054 1308 2125 sapientiae!
1340 2073 1359 2106 ι
1415 2054 1734 2108 exclamans
1771 2051 1910 2107 dixit
1943 2053 2012 2106 ⁸⁸.
2053 2046 2740 2126 Sublataigiturprophetie
2759 2056 3250 2129 dubitatione,qu:.e
3269 2073 3490 2114 summa
3515 2061 3801 2129 cogitatione

593 2152 861 2224 percepit,
883 2150 952 2204 ab
977 2149 1198 2204 excelso
1221 2147 1421 2203 mentis
1433 2145 1866 2216 deincepsjubet
1884 2151 2240 2202 annuntiare.

665 2247 825 2320 443
861 2244 1026 2299 VERS.
1069 2243 1229 2300 9-26.
1260 2243 1428 2312 Super
1468 2251 1693 2296 montem
1746 2245 2014 2296 excelsum
2076 2256 2165 2293 as-

2340 2239 2516 2308 θ-κς·’.
2559 2242 2676 2294 Ἐπ’
2706 2242 2844 2310 ὄρος
2896 2242 3143 2311 ὑψηλὸν
3188 2242 3462 2312 ἀνάϐηθι,
3523 2246 3557 2298 ό
3595 2246 3802 2313 ebant.

595 2339 774 2402 cende,
799 2339 888 2408 qui
933 2337 1259 2408 euangelizas
1295 2335 1446 2390 Sion.
1499 2335 1699 2388 Exatta
1753 2333 1808 2386 in
1861 2332 2165 2402 fortitudine

2267 2334 2571 2402 λιζόμενος
2591 2335 2763 2388 Σιών.
2791 2335 3083 2404 "Td-amor
3135 2335 3204 2388 ἐν
3257 2336 3434 2404 ἰσχύϊ
3473 2335 3590 2402 τὴν
3633 2339 3803 2404 φωνήν

595 2447 768 2486 uocem
804 2439 968 2494 tuam,
1013 2430 1104 2499 qui
1151 2426 1478 2497 evangelizas
1535 2423 1858 2479 Jerusalem.
1905 2424 2165 2488 Attollite,

2269 2441 2406 2493 σου,
2433 2429 2464 2480 d
2495 2426 3464 2500 εὐαγγελιῷμενοςἸερουσαλήμ.
3511 2429 3802 2497 ’Υψώσατεο

596 2524 758 2578 nolite
795 2525 999 2576 timere.
1024 2520 1196 2574 Dicite
1217 2519 1518 2572 ciuitatibus
1545 2516 1692 2570 Iuda
1720 2533 1739 2570 :
1772 2517 1906 2570 Ecce
1932 2515 2071 2570 Deus
2090 2532 2165 2571 ve-

2267 2517 2350 2588 μὴ
2379 2519 2678 2589 φοϐεῖσθε.
2714 2517 2904 2574 Εἶπον
2947 2520 3076 2588 ταῖς
3133 2521 3390 2576 πόλεσιν
3431 2521 3650 2575 Ἰούδα·
3687 2523 3802 2576 Ἰδοὺ

595 2627 743 2677 ster;
781 2632 896 2669 ecce
932 2614 1191 2667 Dominus
1251 2627 1369 2664 cum
1401 2610 1716 2679 fortitudine
1758 2613 1916 2676 venit,
1963 2617 2012 2664 et
2051 2608 2165 2662 bra-

2272 2612 2417 2676 Θεὸς
2463 2615 2495 2666 ό
2521 2611 2707 2682 ὑμῶν,
2745 2612 2874 2666 ἰδοὺ
2915 2614 3147 2682 Κύριος.
3190 2615 3402 2682 Κύριος
3452 2613 3604 2683 μετὰ
3629 2616 3799 2683 ἰσχύες

595 2706 771 2760 chium
828 2704 941 2774 ejus
999 2718 1118 2756 cum
1166 2700 1549 2755 dominatione.
1606 2699 1742 2754 Ecce
1797 2714 1994 2754 merces
2057 2699 2165 2769 ejus

2267 2699 2521 2770 ἔρχεται,
2578 2700 2674 2754 καί
2726 2705 2758 2756 ό
2804 2703 3076 2770 βραχίων
3125 2704 3276 2772 μετὰ
3321 2705 3556 2772 κυρίας,
3599 2704 3737 2759 Ἰδοὺ
3779 2708 3803 2759 ὁ

596 2813 715 2850 cum
741 2812 823 2862 eo,
850 2804 957 2850 etc.

663 2885 830 2959 444
854 2884 1058 2939 Ordine
1099 2883 1233 2954 jam,
1264 2889 1554 2953 postquam
1586 2881 1655 2936 de
1688 2895 1821 2936 voce
1868 2881 1922 2934 in
1976 2880 2172 2936 solitu-

596 2977 725 3033 dine
761 2977 1032 3031 clamante
1069 2973 1351 3037 disseruit,
1402 2973 1468 3026 ad
1514 2972 1882 3042 evangelistas
1934 2969 2171 3024 Christi-

597 3085 703 3138 que
733 3069 1024 3122 adventum
1056 3065 1273 3120 transit.
1302 3063 1503 3118 Locum
1533 3079 1662 3120 vero
1696 3065 1841 3117 hunc
1865 3062 1918 3116 in
1942 3062 2160 3115 modum

598 3160 998 3226 interpretatur
1025 3155 1224 3226 Aquila
1255 3172 1270 3209 :
1309 3153 1378 3208 In
1423 3164 1647 3208 montem
1678 3153 1941 3206 excelsum
1977 3168 2160 3205 ascen-

2262 2792 2480 2862 μισθὸς
2510 2794 2696 2848 αὐτοῦ
2732 2796 2875 2863 μετὰ
2906 2795 3112 2862 αὑτοῦ,
3144 2813 3198 2850 κ.
3237 2795 3288 2850 τ.
3321 2795 3374 2849 λ.

2351 2885 2682 2948 ’Δκολούθως
2713 2887 2849 2956 μετὰ
2870 2888 2970 2958 τὴν
3002 2888 3059 2941 ὲν
3081 2890 3146 2959 τῇ
3185 2889 3377 2959 ἐρήμῳ
3401 2887 3614 2958 βοῶσαν
3628 2889 3798 2958 φωνὴν,

2269 2974 2336 3028 τὰ
2366 2975 2495 3048 περὶ
2533 2976 2638 3029 τῶν
2676 2977 3075 3046 εύαγγελιστῶν
3102 2979 3197 3031 καὶ
3253 2983 3350 3048 τῆς
3381 2979 3622 3049 Χριστοῦ
3636 2995 3803 3050 παρουυ

2272 3067 2390 3130 σίας
2453 3069 2748 3137 ἐπήγαγεν.
2785 3068 2844 3122 Ὅ
2904 3069 2959 3121 δὲ
3008 3069 3238 3132 Ἀκύλας
3287 3070 3454 3140 φησίν
3495 3069 3644 3121 ’Ἐπ’
3693 3069 3796 3138 ὄρος

2266 3159 2512 3226 ὑψηλὸν
2586 3160 2858 3227 ἀνάϐηθι,
2897 3159 3083 3228 ἑαυτῇ
3129 3159 3626 3230 εὐαγγελιζομένη
3659 3160 3798 3212 Σιών.

597 3252 684 3317 de,
709 3266 825 3321 qua:
846 3249 938 3302 tibi
970 3249 1069 3316 ipsi
1097 3246 1442 3316 euangelizas,
1471 3246 1631 3310 Sion;
1653 3255 1700 3299 et
1727 3244 1908 3297 attolle
1953 3244 2163 3312 fortiter

2267 3249 2373 3302 Καὶ
2418 3249 2653 3315 ἐπὰρων
2687 3249 2704 3288 1
2735 3251 2992 3320 ὶσχῑφῶς
3021 3251 3170 3320 τὴν,
3198 3252 3410 3320 φωνὴν
3447 3255 3801 3320 abun-altea-

598 3357 925 3410 uocem,qua:
952 3339 1299 3408 evangelisas,
1326 3336 1644 3391 Jerusalem.
1677 3336 1982 3405 Cancrique
2009 3335 2163 3389 sinti-

598 3432 745 3498 liter,
774 3440 1032 3501 tanquam
1061 3429 1128 3483 ad
1164 3443 1252 3484 res
1284 3428 1577 3490 animatas,
1609 3425 1914 3480 Jerusalem
1951 3433 2006 3479 et
2042 3425 2165 3478 Sio-

598 3540 747 3588 nem,
785 3539 1089 3580 sermonem
1123 3521 1387 3592 dirigunt.
1425 3517 1492 3572 In
1545 3535 1697 3589 quem
1755 3533 1886 3572 vero
1933 3527 2162 3572 montem

599 3616 842 3672 ascendet
881 3615 1029 3681 Sion,
1069 3629 1185 3668 cum
1212 3622 1263 3667 et
1291 3614 1398 3679 ipse
1425 3627 1572 3665 mons
1605 3611 1850 3664 dicatur?
1909 3608 2162 3678 Legimus

599 3709 791 3764 enim:
835 3724 855 3758 ι
901 3707 1058 3760 Mons
1109 3705 1260 3769 Sion,
1303 3703 1357 3757 in
1407 3717 1516 3772 quo
1573 3701 1827 3755 habitasti
1857 3701 1925 3754 ⁸¹.
1973 3717 1994 3751 ι
2056 3697 2159 3754 Et:

606 3819 626 3852 ι
663 3799 781 3854 Non
826 3800 968 3853 enim
1001 3797 1314 3852 accessistis
1350 3795 1419 3848 ad
1457 3804 1694 3848 montem
1737 3793 1869 3846 Sion
1902 3795 1967 3846 ".
2004 3810 2023 3842 ι
2072 3790 2162 3844 Vi-

602 3893 762 3948 detur
799 3891 961 3960 igitur
995 3889 1365 3958 apostolorum
1391 3887 1619 3940 chorum
1653 3885 1985 3952 signiﬁcare,
2018 3898 2159 3953 quos

601 3994 758 4039 antea
786 3999 881 4037 cor
916 3981 1240 4044 Jerusalem,
1265 3988 1519 4048 tanquam
1547 3991 1576 4031 e
1603 3976 1931 4030 circumciso
1962 3978 2162 4046 populo

601 4077 834 4133 eximios
868 4076 1081 4145 aliquos
1117 4073 1236 4127 ideo
1272 4071 1582 4142 appellavit,
1612 4067 1755 4138 quod
1797 4068 1889 4122 Dei
1922 4071 2163 4124 salutare

601 4169 802 4238 adepti,
841 4167 1106 4222 sublimes
1135 4165 1326 4232 aliqui,
1363 4163 1762 4232 unigenitoque
1795 4161 2003 4216 similes
2035 4179 2164 4217 eva-

602 4263 823 4325 sissent,
853 4260 946 4330 qui
990 4275 1136 4312 mons
1170 4273 1294 4312 esse
1346 4272 1566 4327 quoque
1603 4257 1805 4311 dicitur
1857 4271 1872 4308 :
1909 4256 1962 4308 in
2012 4271 2164 4326 quem

601 4355 899 4416 ascendere,
924 4354 1237 4421 Christique
1273 4350 1564 4404 adventum
1607 4350 1976 4419 promulgare,
2025 4350 2160 4402 nihil

600 4447 856 4514 denique,
897 4444 1299 4514 quantumlibet
1341 4442 1628 4511 insurgant
1679 4441 1868 4511 aliqui,
1921 4449 2164 4495 metuere

597 4539 858 4610 jubentur
889 4554 902 4590 :
935 4537 984 4590 id
1009 4545 1112 4600 est,
1146 4550 1252 4588 non
1285 4537 1446 4599 clam,
1471 4535 1564 4588 sed
1593 4535 1838 4603 publice,
1863 4549 1970 4587 non
2004 4533 2164 4587 unius

2263 3339 2418 3409 μένη
2456 3340 2873 3412 Ἰερουσαλήμ.
2910 3345 3012 3397 Καὶ
3029 3346 3078 3397 οἱ
3105 3344 3282 3396 λοιποὶ
3314 3344 3371 3397 δὲ
3401 3344 3716 3414 συμφώνως,
3743 3344 3800 3406 ὡς

2269 3434 2402 3502 πρὸς
2429 3433 2669 3504 ἔμψυχον
2698 3436 2796 3506 τὴν
2837 3436 3188 3507 Ἰερουσαλὴμ
3234 3439 3328 3490 καὶ
3374 3436 3478 3506 τὴν
3519 3437 3650 3488 Σιὼν
3691 3439 3801 3489 ἀπι-

2268 3527 2548 3580 τείνονται.
2588 3529 2716 3580 Ἐπὶ
2747 3527 2920 3582 ποῖον
2957 3518 3078 3583 οὖν⁹
3116 3529 3350 3582 ἄνεισιν
3387 3528 3532 3596 ὄρος
3565 3529 3604 3595 ἡ
3657 3527 3796 3600 Σιὼν.

2268 3618 2308 3686 ὴ
2337 3618 2432 3671 καὶ
2459 3619 2610 3686 αὑτὴ
2638 3618 2774 3686 ὄρος
2809 3621 3130 3688 λεχθεῖσα;
3180 3621 3320 3674 κατὰ
3350 3621 3430 3684 τὸ,
3464 3641 3483 3672 ε
3522 3622 3676 3692 Ὄρος
3690 3621 3800 3672 Σιὼν

2267 3708 2426 3761 τοῦτο
2469 3708 2497 3762 δ
2543 3713 2965 3780 κατεσκήνωσας
2995 3713 3052 3764 ὲν
3109 3712 3282 3782 αὐτῷ.
3324 3733 3342 3763 ι
3381 3715 3512 3774 Καὶ,
3551 3731 3569 3763 ι
3597 3713 3664 3765 Οὐ
3712 3714 3794 3778 γὰρ

2269 3800 2701 3871 προσεληλύθατε
2733 3804 2868 3855 Σιὼν
2925 3804 3062 3874 ὄρει.
3107 3823 3124 3854 ι
3169 3805 3354 3857 Ἔοικε
3419 3806 3603 3858 τοίνυν
3637 3804 3795 3875 δηλοῦν

2267 3891 2359 3943 τὸν
2415 3892 2521 3944 τῶν
2589 3893 2899 3947 ἀποστόλων
2958 3895 3140 3965 χορὸν,
3165 3894 3261 3957 οὒς
3301 3897 3393 3948 καὶ
3444 3896 3558 3950 ἄνω
3611 3896 3798 3966 καρδίαν

2269 3981 2464 4052 ἔφησεν
2481 3983 2850 4054 Ἰερουσαλὴμ,
2873 3986 2947 4050 ὡς
2981 3987 3044 4038 ἂν
3059 3988 3122 4040 ἐκ
3149 3985 3242 4040 τοῦ
3275 3990 3338 4040 ὲκ
3362 3988 3660 4058 περιτομῆς
3685 3986 3797 4052 iisi-

2268 4071 2530 4141 λεγμένου
2565 4073 2716 4137 λαοῦ,
2749 4075 2798 4127 οἳ
2855 4075 3036 4129 καὶτὸ
3084 4079 3349 4149 σωτήριον
3379 4079 3476 4132 τοῦ
3528 4080 3656 4131 Θεοῦ
3687 4095 3798 4147 παρ-

2269 4161 2515 4229 εδέξαντο
2573 4165 2869 4236 ἐπηρμένοι
2897 4167 3040 4231 τινὲς
3095 4168 3271 4232 ὄντες,
3323 4169 3529 4241 καὶτῷ
3560 4172 3799 4240 μονογενεί

2269 4257 2732 4327 παρεικασοέντες
2763 4260 2883 4326 ὄρει
2906 4261 2997 4312 καὶ
3044 4261 3190 4330 αύτῷ
3241 4263 3626 4333 χρηματίζοντι
3657 4279 3670 4292 ⁸
3725 4260 3797 4329 ἐρ’

2271 4346 2342 4400 ὃν
2368 4347 2596 4401 ἀνιέναι
2625 4349 2955 4414 κελεύονται,
2987 4352 3078 4404 τοῦ
3112 4354 3347 4424 Χριστοῦ
3381 4355 3477 4425 τὴν
3535 4355 3796 4426 παρουσίαν

2268 4436 2623 4506 κηρύξοντες,
2650 4439 2752 4492 κᾶν
2780 4457 2923 4502 τινες
2951 4442 3318 4505 ὲπαναστῶσι,
3365 4444 3590 4497 δεδιέναι
3620 4443 3760 4514 μηδέν
3783 4456 3793 4467 ·

2269 4529 2434 4598 ἧγουν
2469 4531 2542 4598 μὴ
2566 4528 2739 4602 λάϐρα
2770 4530 3040 4584 διδάσκειν
3083 4533 3316 4598 κελεύει,
3377 4535 3709 4605 δημοσιεύειν
3753 4534 3795 4585 δὲ

602 4639 658 4686 et
688 4630 911 4683 alterius
930 4637 1160 4691 tantum,
1187 4627 1282 4680 sed
1301 4628 1540 4680 omnium
1561 4626 1786 4679 auribus
1808 4623 2159 4692 Evangelium

2267 4619 2324 4670 τὸ
2360 4620 2639 4690 κήρυγμα,
2700 4623 2795 4675 καὶ
2837 4625 3060 4692 ποιῆσαι
3095 4626 3261 4677 πᾶσιν
3291 4627 3631 4692 ἐξάκουστον,
3684 4627 3794 4678 κατᾶ

601 4734 922 4792 personare,
950 4718 1102 4786 juxta
1146 4717 1276 4772 illud
1307 4735 1322 4770 :
1365 4734 1383 4767 ι
1413 4714 1566 4781 Quod
1601 4717 1653 4768 in
1687 4729 1820 4768 aure
1845 4713 2066 4777 auditis,
2106 4713 2159 4767 in

601 4810 762 4865 tectis
793 4816 1111 4862 annuntiate
1133 4806 1200 4860 “.
1232 4823 1250 4856 ι
1278 4806 1454 4875 Atque
1481 4805 1533 4858 id
1560 4805 1736 4873 ipsum
1761 4812 1909 4857 certe
1946 4803 2163 4872 paesti-

602 4909 808 4962 terunt,
831 4915 952 4952 eum
977 4907 1198 4952 orantes
1227 4897 1486 4951 dixerunt
1513 4913 1527 4949 :
1570 4913 1589 4946 ι
1626 4893 1692 4946 Et
1722 4910 1888 4958 nunc,
1918 4892 2162 4957 Domine,

602 4994 812 5048 intuere
847 4992 899 5044 in
931 4989 1092 5061 445
1129 4991 1303 5043 minas
1333 5002 1524 5041 eorum
1562 5002 1577 5038 :
1615 4993 1668 5040 et
1721 4985 1786 5039 da
1843 4985 2015 5038 servis
2059 4985 2166 5039 tuis

599 5100 723 5140 cunt
761 5085 1009 5137 libertate
1038 5083 1182 5152 loqui
1209 5080 1426 5136 verbum
1459 5086 1612 5132 tuum
1643 5078 1708 5131 ⁸⁸.
1751 5095 1770 5128 ι
1807 5074 2010 5130 Deinde
2031 5093 2160 5131 vero

601 5175 746 5246 quod
776 5191 889 5228 ecce
918 5175 1075 5237 dixit,
1120 5188 1228 5227 non
1259 5173 1416 5242 longe
1444 5171 1564 5240 ejus
1607 5169 1897 5223 adventum
1944 5169 2154 5232 abesse,

600 5267 692 5321 sed
739 5267 942 5320 instare
993 5265 1352 5318 demonstrat.
1405 5261 1568 5316 Jubet
1621 5260 1804 5329 itaque
1857 5260 2152 5314 civitatibus

599 5357 776 5424 Judw,
805 5359 858 5413 id
880 5367 964 5414 est
991 5358 1278 5428 synagogis
1301 5397 1317 5423 ,
1349 5355 1646 5410 inclamare
1666 5368 1787 5406 eum
1819 5351 1996 5421 ipsum
2020 5367 2162 5420 esse,

715 5475 762 5508 '°
790 5473 946 5529 Joan.
985 5489 1101 5542 vni,
1130 5472 1222 5528 5|.

603 5559 678 5611 tv,
701 5543 794 5600 29.

1296 5471 1340 5504 ⁸³
1372 5470 1534 5527 item.
1565 5485 1642 5536 ιι,
1671 5469 1759 5525 55.
1813 5467 1858 5499 ⁹¹
1895 5465 2041 5524 Psal.
2083 5487 2274 5538 Lxxui,
2303 5473 2358 5527 2.

2266 4711 2346 4775 τὸ,
2407 4727 2425 4762 ι
2471 4714 2534 4764 ὐ
2568 4713 2792 4766 ἀκούετε
2856 4715 2938 4778 εἰς
2961 4715 3020 4768 τὸ
3073 4714 3189 4778 ούς,
3253 4717 3348 4768 ἐπὶ
3403 4717 3514 4769 τῶν
3566 4717 3794 4784 δωμάτων

2271 4802 2564 4872 κηρύξατε.
2610 4823 2628 4856 ι
2679 4807 2744 4857 Ὀ
2767 4807 2860 4858 καὶ
2887 4807 3075 4875 ἔλεγον
3130 4808 3559 4878 προσευχόμενοι
3588 4825 3601 4837 ·
3637 4827 3656 4858 ‹
3709 4808 3792 4859 Καὶ

2271 4892 2386 4958 νῦν,
2423 4894 2618 4966 Κύριε,
2654 4896 2803 4950 ἔπιδε
2831 4899 2924 4951 ἐπὶ
2944 4900 3044 4963 τὰς
3075 4899 3308 4962 ἀπειλὰς
3369 4899 3566 4964 αὐτῶν,
3599 4900 3686 4952 καὶ
3725 4898 3791 4958 δὶς

2273 4989 2382 5048 τοῖς
2408 4986 2612 5050 δούλοις
2639 5005 2732 5041 σου
2766 4989 2904 5058 μετὰ
2957 4993 3272 5061 παρρησίας
3331 4991 3507 5043 λαλεῖν
3553 4991 3640 5043 τὸν
3669 4990 3791 5053 λόγον

2267 5093 2414 5131 σου.»
2448 5080 2555 5133 Καὶ
2575 5081 2635 5133 τὸ
2658 5081 2785 5133 ιδοὺ
2813 5081 2868 5134 δὲ
2893 5081 3245 5149 λέγων,φασὶ,
3270 5081 3332 5133 τὸ
3359 5082 3431 5152 μὴ
3460 5082 3592 5151 μετὰ
3613 5083 3792 5150 μακράν

2261 5167 2409 5238 ἥξειν
2431 5169 2598 5240 δηλοῖ,
2632 5174 2913 5242 μονονουχὶ
2939 5173 3165 5242 πλησίον
3194 5173 3322 5225 ὄντα
3380 5173 3603 5235 δεικνύς.
3625 5170 3791 5234 Ἠγουν

2259 5260 2386 5325 ταῖς
2411 5263 2850 5316 πόλεσινἸούδα
2871 5264 3078 5317 κελεύει
3107 5265 3254 5336 βοᾷν,
3278 5268 3399 5328 ταῖς
3421 5281 3618 5318 τουτων
3637 5261 3784 5328 δηλον-

3209 5359 3419 5419 ὲκεῖνος
3475 5358 3503 5409 ὁ
3552 5348 3788 5424 πρόπαλαι

2459 5472 2505 5503 ⁵³
2534 5470 2696 5529 Hebr.
2741 5487 2840 5540 xu,
2865 5472 2954 5528 9.2.
3031 5473 3078 5505 δι
3117 5473 3305 5528 Mazth.
3341 5490 3395 5541 x,
3431 5472 3521 5531 27.
3612 5474 3653 5505 "
3685 5477 3784 5522 ACI-

2273 5355 2356 5407 ότι
2415 5356 2777 5421 συναγωγαῖς,
2838 5355 2914 5419 ὼς
2973 5347 3128 5419 οὗτος

1885 5633 2114 5691 νΑιωΕ
2151 5631 2438 5690 LECTION
2446 5630 2548 5686 ES.

683 5722 704 5766 ι
731 5743 820 5797 γρ.
850 5724 1052 5796 ἔπαρον
1065 5757 1084 5779 .
