3978 6374
150 331 286 398 23M

1267 327 1799 399 COMMENTARII
1827 331 1911 392 IN
1975 333 2258 397 ISAIAM.

3241 328 3383 394 2342

151 438 622 514 προσδοκώμενος,
651 443 853 512 φωναῖς
876 443 1046 514 ἁγίων
1068 445 1566 518 προκαταγγελθεὶς
1594 461 1727 514 προ·

1843 441 1922 510 ῃυί
1945 441 2146 497 dudum
2177 449 2547 514 exspectatus,
2574 442 2960 514 prolihetarunt
2986 442 3212 499 vocibus
3257 458 3383 497 aute

148 549 361 605 φητων.

234 627 324 679 Ἐν
352 625 534 694 ταυτῷ
569 625 626 678 δὲ
661 627 755 678 καὶ
781 625 880 697 τὴν
904 627 1068 681 αὐτοῦ
1100 628 1405 700 παρουσίαν
1431 628 1718 698 ἐδήλωσεν,

144 715 298 786 μετὰ
335 714 607 786 μεγάλης
647 717 862 786 ἰσχύος
892 717 1062 785 ἥξειν
1103 719 1272 774 εἰπὼν
1308 721 1402 774 καὶ
1433 719 1721 788 κυριακῆς

149 809 495 876 αὐθεντίας,
514 809 602 862 ὅτε
623 809 761 880 πρὸς
790 809 861 864 τὰ
884 810 1022 880 ἔργα
1050 813 1144 865 καὶ
1171 813 1262 866 τὸν
1295 811 1486 884 μισθὸν
1506 812 1722 882 ἑκάστῳ

149 899 471 970 παρέξεται.
507 900 776 972 Καθάπερ
805 902 978 971 ἐλεγεο
1020 921 1039 954 ι
1066 903 1264 958 Μέλλει
1292 903 1400 974 γὰρ
1428 907 1456 957 6
1480 903 1604 967 Υἱὸς
1627 903 1722 955 τοῦ

149 991 445 1062 ἀνθρώπου
481 991 735 1063 ἔρχεσθαι
764 995 823 1047 ὲν
853 996 918 1065 τῇ
945 994 1070 1066 δόξῃ
1101 995 1196 1048 τοῦ
1243 995 1484 1065 Πατέρος
1533 995 1720 1060 αὑτοῦ,

151 1081 250 1134 καὶ
283 1079 554 1134 ἀποδώσει
602 1081 817 1154 ἑκάστῳ
861 1083 1002 1138 κατὰ
1031 1085 1100 1137 τὰ
1132 1084 1267 1154 ἔργα
1299 1084 1480 1140 αὑτοῦ.
1511 1103 1530 1136 ι
1563 1085 1726 1148 Τινὲς

149 1170 209 1223 δὲ
235 1171 332 1224 καὶ
367 1170 538 1223 ταῦτα
579 1173 788 1243 ὲπ“ιτῆς
819 1177 1088 1246 προτέρας
1118 1176 1368 1242 ἐδέξαντο
1396 1177 1721 1247 παρουσίας,

150 1260 442 1315 δεικνύντα
483 1261 557 1333 μὴ
598 1264 721 1316 καθ’
744 1265 838 1317 ἕνα
882 1266 991 1318 τῶν
1037 1265 1332 1337 προφητῶν
1361 1265 1511 1334 ἥξειν
1540 1267 1724 1330 αὐτὸν,

153 1353 203 1406 οἶ
233 1353 329 1405 καὶ
363 1353 900 1424 Θαυματουργοῦντες
929 1357 1176 1427 ηῠχοντο.
1209 1357 1440 1426 Χριστὸς
1490 1358 1546 1411 δὲ
1594 1358 1727 1412 κατ’

155 1444 443 1497 αὑθεντίαν
489 1445 682 1515 ἤλαυνε
731 1445 878 1514 πάθη
929 1447 1023 1500 καὶ
1067 1447 1478 1516 δαίμονας.”οτι
1525 1448 1581 1500 δὲ
1625 1449 1727 1501 οὐκ

154 1538 408 1605 ἄκαρπον
437 1536 572 1606 ὑπὲρ
597 1535 752 1605 ἡμῶν
775 1537 1034 1606 ὑπέμεινε
1057 1537 1148 1590 τὸν
1179 1539 1408 1609 σταυρὸν
1442 1538 1609 1609 δηλοῖ,
1639 1538 1728 1591 λέ-

154 1641 267 1691 γων
289 1642 302 1654 ·
322 1624 470 1677 Ἰδοὺ
491 1627 522 1678 ὁ
538 1624 756 1693 μισθὸς
782 1624 966 1678 αὺτοῦ
989 1625 1115 1693 μετ’
1131 1626 1567 1694 αὺτοῦ.’Έλεγεν
1589 1628 1723 1698 γάρ·

161 1737 177 1766 ι
201 1715 332 1768 Ἐὰν
357 1717 434 1786 μὴ
461 1717 488 1768 6
517 1715 712 1777 κόκκος
733 1714 826 1767 τοῦ
850 1716 997 1768 σίτου
1023 1717 1201 1770 πεσὼν
1227 1719 1308 1781 εἰς
1336 1718 1436 1789 τὴν
1589 1720 1725 1772 ἁποο

1821 535 2177 592 denuntiatus
2205 539 2298 592 sit.

1895 624 2075 680 Simul
2106 634 2289 680 autem
2327 635 2381 680 et
2429 624 2552 695 ejus
2585 624 2875 680 adventum
2912 623 3198 687 indicavit,
3239 624 3384 692 quod

1822 734 2015 788 magna
2052 733 2172 771 cum
2217 718 2407 771 uirtute
2452 726 2502 771 et
2543 726 2801 786 potestate
2831 716 3232 781 dominationis,
3277 730 3388 785 quo

1821 812 2068 873 tempore
2130 805 2440 859 mercedem
2519 804 2818 873 unicuique
2875 804 3178 858 secundum
3223 818 3388 872 opera

1822 895 2208 986 persoluturus
2245 903 2350 958 est,
2399 907 2688 950 venturum
2722 895 3029 950 allirmavit.
3055 896 3230 965 Atque
3263 896 3388 950 hinc

1822 997 1928 1051 est,
1959 989 2103 1057 quod
2145 988 2369 1042 dicebat
2401 1004 2415 1039 :
2461 1006 2480 1038 ι
2509 987 2682 1042 Filius
2711 987 2951 1045 hominis
2983 989 3163 1042 veniet
3191 989 3242 1042 in
3268 989 3390 1057 glo-

1823 1079 1905 1133 ria
1928 1077 2109 1134 Patris
2139 1078 2250 1141 sui,
2273 1087 2328 1132 et
2357 1078 2548 1133 reddet
2581 1078 2882 1148 unicuique
2907 1079 3205 1134 secundum
3225 1093 3390 1148 opera

1829 1186 1928 1225 sua
1957 1171 2025 1223 ⁸⁸.
2068 1190 2086 1221 ι
2121 1168 2240 1224 Non
2287 1169 2508 1234 desunt,
2545 1171 2636 1240 qui
2671 1172 2775 1226 ista
2821 1171 2988 1224 etiam
3044 1171 3110 1224 ad
3152 1172 3390 1240 priorem

1827 1265 2118 1318 adventum
2152 1261 2433 1327 referant;
2465 1277 2608 1332 quat,
2637 1278 2746 1316 non
2786 1273 2844 1316 ut
2871 1279 3035 1316 unum
3065 1273 3130 1317 ex
3163 1265 3395 1332 prophe-

1827 1356 1897 1410 tis
1929 1355 2198 1424 aliquem,
2225 1355 2319 1422 qui
2352 1353 2622 1407 miracula
2646 1354 2870 1407 edentes
2895 1354 3282 1422 precabantur,
3321 1352 3376 1421 ip

1827 1463 1947 1501 sum
1979 1456 2268 1500 venturum
2293 1446 2697 1508 demonstrent,
2735 1459 2858 1498 cum
2890 1459 2989 1497 sua
3015 1445 3180 1496 unius
3243 1452 3393 1512 pote-

1828 1546 1969 1593 state
2005 1547 2058 1592 et
2103 1539 2324 1593 morbos
2359 1545 2412 1592 et
2465 1538 2742 1592 daemonas
2785 1537 3111 1604 corporibus
3143 1534 3395 1589 Christus

1828 1632 2088 1700 abegerit.
2123 1629 2310 1699 Neque
2336 1644 2468 1684 vero
2507 1630 2627 1684 sine
2682 1628 2882 1691 fructu,
2922 1639 3115 1682 nostro
3177 1629 3396 1682 nomine

1830 1738 2051 1778 crucem
2081 1723 2320 1777 subiisse
2354 1721 2622 1783 ostendit,
2654 1736 2776 1775 cum
2809 1724 2903 1774 ait:
2940 1720 3072 1774 Ecce
3094 1737 3282 1774 merces
3304 1731 3393 1772 tua

154 1806 296 1877 θάνῃ
320 1845 335 1867 ,
373 1806 535 1868 αὐτὸς
571 1805 726 1874 μόνος
757 1805 1070 1875 μένει.Ἑὰν
1114 1809 1170 1864 δὲ
1215 1809 1483 1882 ἀποθάνῃ,
1515 1812 1726 1881 καρπὸν

1843 1831 2051 1868 necum.
2093 1813 2235 1866 Dixit
2277 1815 2422 1870 enim
2463 1831 2476 1866 :
2521 1831 2539 1862 ι
2568 1811 2682 1868 Nisi
2713 1828 2942 1883 granum
2993 1812 3250 1866 frumenti
3299 1827 3394 1865 ca-

152 1896 326 1948 πολὺν
381 1895 557 1965 φέρει.
585 1913 604 1944 ι
641 1895 748 1948 Καὶ
799 1896 993 1949 πάλιν·
1035 1898 1202 1951 «Ἐὰν
1249 1899 1446 1968 ὑψωθῶ
1492 1901 1555 1953 ἐκ
1598 1902 1723 1968 γῆς,

152 1987 372 2044 πάντας
403 1982 612 2036 ἑλκύσω
639 1984 774 2052 πρὸς
805 1984 1062 2053 ἐμαυτόν.
1093 2004 1110 2036 ι
1157 1987 1264 2039 Καὶ
1293 1987 1503 2051 Παῦλος
1541 1989 1596 2041 δέ
1629 2007 1729 2059 φη·

153 2089 240 2124 σιν
264 2087 279 2099 ·
338 2089 357 2121 ι
384 2071 672 2138 Ύπέμεινε
718 2073 948 2141 σταυρὸν
997 2076 1258 2146 αἰσχύνης
1287 2079 1724 2148 καταφρονήσας.

151 2165 246 2215 Διὸ
278 2163 374 2215 καὶ
407 2165 434 2216 6
461 2164 591 2225 Θεὸς
623 2164 782 2218 αὑτὸν
809 2166 1135 2236 ὑπερύψωσε
1157 2210 1171 2233 ,
1201 2170 1294 2222 καὶ
1321 2170 1611 2240 ἐχαρίσατο
1635 2172 1730 2224 αὑ-

152 2255 235 2326 τῷ
265 2257 326 2308 τὸ
356 2255 530 2326 ὄνομα
563 2257 622 2309 τὸ
654 2257 794 2328 ὑπὲρ
821 2261 926 2311 πᾶν
955 2258 1148 2329 ὄνομα,
1183 2261 1271 2314 ἴνα
1302 2263 1358 2312 ὲν
1388 2263 1464 2332 τῷ
1505 2263 1730 2333 ὀνόματι

152 2346 349 2411 αὐτοῦ,
385 2367 404 2398 ι
458 2347 554 2400 καὶ
601 2348 668 2400 τὰ
715 2349 863 2419 ἑξῆς.
914 2352 1024 2403 Καὶ
1053 2353 1080 2404 6
1115 2352 1277 2405 Aa6l6
1303 2353 1360 2405 δὲ
1391 2352 1686 2422 προῦλεγεν
1712 2371 1727 2386 θ

159 2457 180 2488 ι
207 2439 402 2491 Πάντα
444 2439 510 2490 τά
553 2437 679 2508 ἔθνη
705 2440 803 2492 ὅσα
832 2441 1091 2511 ἐποίησας
1128 2444 1335 2514 ἥξουσι,
1368 2445 1460 2496 καὶ
1490 2436 1732 2516 προσκυ-

153 2531 421 2600 νήσουσιν
446 2530 675 2582 ἐνώπιόν
704 2549 819 2586 σου.
852 2551 870 2583 ι
904 2533 976 2584 Τὸ
1000 2533 1076 2596 δὲ,
1096 2534 1190 2600 Ὡς
1217 2536 1442 2604 ποιμὴν
1463 2537 1742 2605 ποιμανεῖ

154 2621 228 2674 τὸ
278 2622 560 2689 ποίμνιον
603 2620 809 2684 αὐτοῦ,
857 2623 1304 2693 ὁμολογουμένως
1333 2627 1433 2696 τῆς
1465 2626 1736 2696 προτέρας

157 2710 283 2762 ἐστὶ
315 2711 640 2778 παρουσίας.
662 2710 748 2773 Ὧς
782 2711 911 2774 Θεὸς
947 2714 1044 2782 μὲν
1071 2714 1176 2784 γὰρ
1200 2719 1396 2785 κρινεῖ,
1430 2718 1503 2780 ὡς
1524 2719 1579 2771 δὲ
1606 2735 1734 2789 μορ·

162 2802 274 2874 φῆν
301 2803 488 2856 δούλου
511 2802 688 2856 λαϐὼν
718 2805 1052 2873 ποιμαίνειν
1077 2806 1144 2859 τὸ
1165 2808 1445 2876 ποίμνιον
1472 2810 1685 2880 εἴρηται
1710 2812 1739 2864 6

159 2895 362 2962 λέγων,
382 2893 524 2961 Ἐγώ
552 2897 667 2964 είμι
697 2895 726 2948 6
751 2895 953 2967 ποιμὴν
979 2898 1007 2949 6
1038 2898 1220 2960 καλός.
1243 2899 1540 2967 Βραχίονα
1569 2901 1625 2954 δὲ
1645 2902 1740 2954 αὑ-

162 2985 262 3038 τοῦ
287 2984 466 3045 καλεῖ,
483 2987 634 3053 φασὶ,
666 2985 764 3056 τὴν
784 2985 1033 3057 Θεότητα,
1061 2988 1127 3040 δι’
1144 2983 1203 3040 οῦ
1221 2989 1511 3054 συνάξειν
1529 2991 1738 3058 ἄρνας,

167 3079 269 3131 καὶ
318 3079 391 3130 ἐν
436 3079 647 3148 γαστρὶ
694 3079 959 3148 ἐχούσας
1010 3083 1454 3150 παρακαλέσειν
1505 3086 1738 3154 εἴρηται.

170 3172 389 3237 Ἀρνας
415 3169 509 3221 τοῦ
545 3169 704 3236 λόγου
735 3169 1016 3241 δηλοῦντος
1045 3175 1171 3234 τοὺς
1193 3174 1497 3244 ἀρτιγενείς
1520 3177 1576 3228 ὲν
1603 3177 1738 3245 Χρι-

170 3260 303 3331 στῷ.
334 3260 535 3331 Διόπερ
572 3259 804 3322 ’Δκύλας
836 3263 1011 3329 ἀρνία
1048 3263 1229 3334 φησίν.
1277 3264 1375 3334 Είη
1402 3266 1446 3319 δ’
1477 3266 1543 3319 ἂν
1571 3269 1598 3320 ὁ
1622 3267 1739 3331 νέος

166 3351 320 3413 λαός.
346 3353 420 3404 Οὐ
451 3353 560 3422 γὰρ
590 3352 691 3421 ἔφη
726 3354 934 3422 κριοὺς,
960 3354 992 3425 ἢ
1021 3357 1275 3424 τράγους,
1310 3356 1342 3426 ἢ
1378 3358 1621 3428 πρόϐατα
1651 3361 1738 3411 ἐν·

162 3443 323 3513 τελῆ,
354 3447 485 3511 περὶ
509 3438 581 3496 ὧν
607 3446 790 3514 ἕτερος
822 3446 1042 3499 τοιαῦτα
1070 3447 1303 3500 διδάσκει
1341 3450 1622 3518 προφήτης
1650 3449 1738 3502 λέ-

162 3549 316 3601 γων·
357 3553 376 3585 ι
407 3533 488 3586 Τά
521 3535 578 3587 δὲ
609 3535 756 3603 λέγει
785 3535 987 3607 Κύριος
1010 3554 1022 3566 ⁸
1041 3539 1171 3592 Ἰδοὺ
1197 3539 1307 3607 ἐγὼ
1336 3539 1507 3608 κρινῶ
1537 3540 1742 3610 ἀναμέ-

165 3645 270 3681 σον
301 3629 574 3698 προϐάτου
598 3629 690 3680 καὶ
713 3629 1011 3696 προϐάτου.
1028 3632 1120 3683 καὶ
1149 3631 1318 3702 κριῶν
1345 3632 1439 3684 καὶ
1467 3632 1735 3702 τράγων.»

161 3719 324 3772 Καί’
373 3739 392 3771 ι
423 3719 535 3790 Οὐχ
567 3720 748 3772 ἱκανὸν
779 3721 926 3788 ὑμῖν,
956 3722 1036 3773 ὅτι
1059 3723 1156 3789 τὴν
1189 3721 1358 3794 καλὴν
1386 3723 1556 3793 νομὴν
1587 3725 1745 3793 νέμε-

163 3813 294 3876 σθε,
321 3814 417 3865 καὶ
442 3815 508 3865 τὰ
532 3811 834 3865 κατάλοιπα
859 3815 968 3876 τοῖς
1000 3813 1155 3865 ποσὶν
1180 3814 1208 3865 ὑ
1217 3814 1330 3884 μῶν
1355 3819 1742 3879 κατεπατεῖτε;

162 3909 276 3961 καὶ
309 3906 372 3958 τὸ
396 3904 736 3972 καθεστηκός
769 3903 913 3973 ὕδωρ
945 3905 1193 3970 salvete;
1223 3905 1317 3958 καὶ
1344 3906 1403 3957 τὸ
1435 3905 1619 3958 λοιπὸν
1635 3909 1744 3968 τοῖς

162 4000 338 4053 ποσὶν
392 3997 542 4066 ὑμῶν
588 3997 951 4068 ὲταράσσετε;
985 4016 1002 4048 ι
1049 3997 1159 4050 Καὶ
1203 3997 1393 4050 πάλιν·
1437 3999 1606 4051 «Ἰδοὺ
1637 3997 1746 4067 ἐγὼ

164 4089 353 4162 κρίνω
387 4089 490 4140 ἀνὰ
525 4087 685 4158 μέσον
719 4085 991 4158 προϐάτου
1024 4086 1264 4156 ἰσχυροῦ.
1285 4088 1408 4140 Ἐπὶ
1437 4092 1556 4151 ταῖς
1583 4089 1746 4141 πλευ-

170 4183 304 4252 ραῖς
333 4181 429 4232 καὶ
457 4181 569 4239 τοῖς
599 4178 755 4229 ποσὶν
785 4177 936 4248 ὑμῶν
962 4177 1261 4242 διωθεῖσθε,
1295 4179 1390 4232 καὶ
1437 4182 1544 4242 τοῖς
1581 4182 1745 4252 κέρας

169 4293 268 4328 σιν
292 4273 451 4342 ὑμῶν
474 4271 838 4342 ἐκερατίζετε,
868 4270 962 4322 καὶ
985 4271 1046 4322 τὸ
1067 4271 1366 4342 ἠσθενηκὸς
1393 4272 1709 4337 sesumam.
1725 4292 1743 4324 ι

169 4366 272 4418 Διό
304 4364 402 4417 καὶ
447 4364 496 4414 οἱ
527 4361 782 4429 ποιμένες
812 4359 990 4412 αὐτῶν
1011 4361 1381 4416 διαϐάλλονται
1429 4367 1556 4437 παρ’
1583 4365 1745 4436 αὐτῷ,

168 4458 264 4511 Τά
291 4457 351 4509 δὲ
380 4455 533 4520 λέγει
565 4453 788 4521 Κύριος,
813 4451 1054 4521 λέγοντι·
1096 4449 1191 4505 «Ὦ
1222 4456 1474 4523 ποιμένες
1513 4455 1748 4525 Ἰσραὴλ,

174 4550 259 4620 μὴ
310 4547 605 4618 βόσκουσιν
654 4553 705 4600 ol
755 4547 1006 4617 ποιμένες
1039 4546 1294 4612 ἑαυτούς;
1325 4548 1384 4598 οὐ
1417 4548 1485 4600 τὰ
1513 4547 1756 4618 πρόϐατα

173 4640 479 4711 βόσκουσιν
523 4640 573 4690 οἱ
619 4639 910 4707 ποιμένες;
953 4639 1082 4691 Ἰδοὺ
1133 4639 1192 4691 τὸ
1233 4639 1375 4704 γάλα
1421 4639 1753 4693 κατεσθίετε.

170 4733 290 4784 Καὶ
321 4731 398 4783 τὰ
422 4731 547 4801 ἔρια
574 4729 984 4800 περιϐάλλεσοε.
1018 4749 1037 4781 ο
1070 4730 1173 4782 Καὶ
1207 4730 1267 4783 τὸ
1312 4731 1455 4800 παχὺ
1502 4732 1754 4799 σφάζετε·

173 4825 276 4877 καὶ
313 4824 390 4875 τὰ
414 4819 664 4891 πρόϐατά
689 4839 788 4890 μου
811 4823 872 4874 οῦ
903 4821 1144 4891 βόσκετε.
1163 4822 1310 4874 Ἐπεὶ
1333 4822 1508 4876 τοίνυν
1531 4825 1758 4890 ἠτάκτει

173 4916 246 4968 τά
281 4913 563 4982 πρόϐατα,
591 4913 641 4964 οἱ
669 4913 722 4965 δὲ
763 4914 1020 4981 ποιμένες
1064 4911 1412 4982 ἐλυμαίνοντο
1449 4914 1607 4980 αὐτὰ,
1646 4918 1758 4980 τοῖς

176 5007 416 5075 ποιμέσι
439 5004 766 5074 μετάστασιν
788 5005 1194 5073 ἁπειλεῖ,λέγων
1211 5021 1225 5034 ·
1261 5024 1279 5056 ι
1301 5005 1409 5059 Kal
1431 5006 1758 5077 ἁποστρέψω

176 5099 331 5168 ὑμᾶς
364 5096 464 5148 τοῦ
498 5097 574 5166 μὴ
601 5096 907 5166 ποιμαίνειν
932 5097 1000 5148 τὰ
1027 5095 1272 5166 πρόϐατά
1303 5113 1426 5165 μου.
1459 5115 1477 5148 ι
1508 5099 1616 5149 Καὶ
1640 5101 1758 5151 ἐπι-

175 5189 366 5259 λέγει·
416 5209 436 5240 ι
479 5188 605 5242 Ἰδοὺ
667 5187 776 5257 ἐγὼ
829 5189 987 5252 αὐτὸς
1041 5188 1324 5259 ὲκζητήσω
1389 5187 1458 5241 τὰ
1518 5190 1760 5261 πρόϐατά

1828 1911 1962 1966 dens
1989 1911 2042 1964 in
2063 1918 2264 1965 terram
2295 1917 2570 1962 mortuum
2592 1907 2778 1967 fuerit,
2801 1910 2976 1975 ipsum
2997 1910 3170 1962 solum
3189 1918 3391 1962 manet:

1829 2001 1874 2057 si
1897 2012 2078 2055 autem
2093 2013 2368 2053 mortuum
2392 1999 2576 2062 fuerit,
2599 2001 2828 2052 multum
2854 2000 3093 2052 fructum
3111 1999 3266 2052 all‘ert
3289 2002 3355 2052 ⁵⁷.
3373 2019 3390 2052 ι

1829 2091 1896 2147 Et
1926 2108 2146 2146 rursum
2186 2108 2198 2144 :
2244 2109 2263 2142 ι
2312 2090 2368 2143 Si
2407 2090 2682 2145 exaltatus
2730 2090 2886 2142 fuero
2918 2106 2946 2142 a
2991 2099 3158 2156 terra,
3211 2091 3397 2143 omnia

1830 2185 2046 2238 traham
2102 2198 2313 2237 mecum
2358 2181 2424 2235 ad
2466 2197 2553 2236 me
2591 2181 2660 2236 ⁵⁸.
2706 2200 2724 2233 ι
2770 2180 3065 2236 Enimvero
3107 2192 3161 2236 et
3200 2181 3399 2236 Paulus
3463 2239 3469 2243 _

1832 2277 1950 2346 ipse
1990 2276 2068 2330 sic
2109 2275 2230 2328 ait:
2270 2292 2288 2325 ι
2323 2273 2600 2328 Sustinuit
2638 2289 2861 2328 crucem
2914 2275 3209 2346 ignominia
3262 2290 3400 2327 con-

1831 2376 2034 2437 tempta
2074 2369 2140 2419 ⁸³.
2178 2391 2241 2406 -—
2264 2367 2498 2436 ideoque
2527 2375 2581 2418 et
2603 2364 2745 2422 Deus
2784 2367 2936 2420 illum
2959 2366 3401 2434 superexaltavit,

1834 2469 1890 2514 et
1918 2461 2069 2515 dedit
2098 2461 2177 2514 illi
2208 2475 2432 2521 nomen,
2468 2459 2613 2529 quod
2645 2468 2730 2514 est
2765 2475 2936 2529 super
2972 2474 3135 2512 omne
3159 2475 3356 2512 nomen
3385 2475 3399 2519 ;

1837 2565 1892 2606 ut
1921 2554 1976 2606 in
2017 2553 2241 2607 nomine
2261 2552 2382 2619 ejus
2414 2553 2480 2614 ⁸ο,
2521 2571 2538 2603 ›
2576 2559 2688 2606 etc.
2723 2551 2866 2604 Idem
2899 2565 3118 2620 quoque
3145 2559 3198 2604 et
3231 2549 3403 2602 David

1838 2645 2090 2716 praedixit
2130 2646 2217 2698 his
2254 2645 2442 2698 verbis
2479 2662 2491 2697 :
2525 2662 2543 2694 ι
2581 2642 2784 2697 Omnes
2815 2651 3005 2711 gentes
3040 2657 3178 2711 quas
3199 2642 3401 2705 fecisti,

1838 2740 2056 2793 venient
2079 2777 2092 2800 ,
2121 2738 2499 2792 etadorabunt
2534 2738 2587 2791 in
2612 2746 2908 2806 conspectu
2940 2747 3035 2790 tuo
3060 2739 3126 2794 ⁶¹.
3160 2756 3178 2787 ι
3202 2736 3406 2791 Deinde

1839 2828 1989 2898 quod
2029 2829 2189 2888 dixit,
2238 2827 2511 2898 Tanquam
2558 2839 2742 2896 pastor
2770 2837 2946 2897 pascet
2976 2844 3178 2898 gregem
3209 2844 3358 2880 suum
3387 2867 3403 2889 ,

1842 2920 1906 2974 ad
1953 2919 2192 2988 priorem
2261 2919 2557 2972 adventum
2597 2922 2790 2988 procul
2838 2918 3008 2973 dubio
3044 2919 3271 2984 retulit;
3310 2919 3402 2986 qui

1842 3023 2101 3082 tanquam
2129 3011 2554 3075 Deumjudieare
2577 3054 2592 3077 ,
2618 3019 2874 3080 tanquam
2897 3010 3170 3064 hominem
3197 3019 3400 3071 autem,

1845 3111 2125 3170 assumpta
2161 3101 2306 3156 servi
2339 3117 2595 3169 persona,
2614 3117 2816 3171 gregem
2845 3116 3019 3162 suum,
3063 3100 3190 3169 quia
3220 3109 3406 3168 pastor

1844 3200 2022 3252 bonus
2053 3206 2158 3255 est.
2182 3211 2395 3264 pascere
2423 3194 2623 3247 debere
2641 3193 2841 3248 videat.
2877 3190 3220 3245 Divinitalem
3239 3204 3406 3261 porro

1845 3290 2116 3343 brachium
2140 3289 2329 3339 volunt
2358 3286 2616 3355 intelligi,
2644 3301 2752 3354 quo
2778 3285 2982 3339 dicitur
3012 3301 3172 3352 agnos
3198 3299 3408 3353 congre-

1845 3392 2062 3451 gaturus
2089 3424 2102 3446 ,
2135 3392 2180 3434 et
2216 3387 2545 3448 praegnantes
2584 3377 2991 3440 consolaturus;
3038 3387 3092 3430 ut
3148 3391 3406 3444 agnorum

1847 3475 2066 3528 nomine
2094 3489 2189 3528 eos
2222 3473 2520 3540 intelligas,
2547 3471 2636 3538 qui
2669 3477 2920 3522 reccnter
2946 3469 2998 3520 iu
3030 3467 3251 3521 Christo
3294 3468 3404 3520 nati

1849 3572 1998 3627 sunt,
2057 3578 2196 3630 quos
2251 3562 2321 3616 ob
2359 3563 2410 3615 id
2463 3559 2736 3630 agniculos
2800 3558 2992 3627 Aquila
3052 3557 3404 3624 nuncupavit.

1849 3654 2026 3708 Possit
2057 3663 2109 3708 et
2133 3655 2235 3706 hac
2255 3668 2386 3705 voce
2419 3667 2612 3705 recens
2651 3651 2882 3718 populus
2915 3648 3214 3716 designari.
3249 3647 3412 3717 M6

1849 3747 1971 3802 Non
2018 3747 2160 3802 enim
2207 3746 2447 3808 arietes,
2501 3750 2597 3796 aut
2643 3742 2848 3804 hircos,
2887 3749 2978 3793 aut
3019 3755 3150 3793 oves
3197 3739 3411 3791 adultas

1851 3839 2018 3900 dixit,
2057 3839 2123 3892 dc
2154 3837 2356 3906 quibus
2400 3836 2542 3888 alius
2575 3835 2630 3888 in
2684 3835 2829 3887 hunc
2885 3832 3105 3886 modum
3148 3830 3410 3900 propheta

1855 3931 2099 3997 loquitur
2134 3947 2148 3982 :
2202 3949 2220 3980 ι
2271 3928 2394 3982 Haec
2437 3928 2563 3981 dicit
2605 3927 2907 3981 Dominus:
2934 3925 3072 3977 Ecce
3098 3939 3199 3992 ego
3225 3922 3413 3991 judico

1855 4026 1998 4078 inter
2033 4037 2186 4077 ovem
2237 4030 2292 4075 et
2322 4035 2513 4085 ovem;
2570 4019 2718 4073 inter
2747 4019 2948 4072 arietes
2987 4027 3041 4071 et
3067 4016 3254 4069 hircos
3283 4017 3350 4068 ⁶¹.
3389 4034 3409 4066 ι

1853 4113 1919 4167 Ει
1949 4131 1962 4166 :
1998 4131 2015 4164 ι
2052 4111 2244 4166 Nonne
2290 4110 2489 4166 sullicit
2537 4109 2714 4170 vobis,
2745 4106 2889 4176 quod
2920 4108 3057 4160 bona
3089 4119 3292 4174 pascua
3333 4111 3416 4157 at-

1855 4205 2124 4267 tondetis;
2151 4204 2252 4258 nisi
2287 4203 2497 4271 reliqua
2522 4201 2684 4255 etiam
2714 4197 2943 4268 pedibus
2965 4197 3166 4250 vestris
3188 4194 3416 4247 concul-

1855 4292 2033 4348 cetis?
2078 4293 2222 4360 quod
2265 4304 2463 4356 aquam
2505 4297 2737 4342 stantem
2770 4293 2823 4338 et
2859 4283 3136 4349 limpidam
3188 4281 3412 4346 bibitis;

1856 4382 1960 4435 nisi
2000 4380 2262 4447 reliquam
2299 4377 2530 4446 pedibus
2557 4374 2756 4428 vestris
2785 4372 3016 4425 turbelis
3040 4368 3124 4420 “?
3163 4386 3180 4419 ι
3227 4366 3289 4418 Et
3317 4367 3417 4420 itc-

1861 4489 1977 4525 rum
2016 4489 2030 4524 :
2078 4490 2096 4520 ι
2137 4470 2272 4524 Ecce
2311 4483 2410 4536 ego
2440 4465 2631 4535 judico
2663 4465 2804 4517 inter
2849 4477 3002 4517 ovem
3031 4460 3298 4523 validam;
3323 4472 3416 4509 ve-

1861 4564 1991 4620 stris
2013 4562 2273 4616 lateribus
2298 4567 2351 4612 ct
2375 4557 2602 4627 pedibus
2624 4553 3058 4624 protundehatis,
3080 4563 3132 4604 et
3154 4548 3416 4604 cornibus

1861 4655 2060 4709 vestris
2119 4653 2419 4715 leriebatis,
2473 4657 2528 4703 et
2571 4647 2864 4702 invalidam
2924 4645 3241 4708 alﬂigebatis
3285 4642 3352 4695 “.
3392 4660 3410 4691 ι

1863 4748 2039 4815 Atque
2070 4745 2197 4798 hinc
2245 4752 2350 4802 cst,
2383 4739 2524 4809 quod
2568 4747 2818 4808 pastores
2853 4751 3041 4791 eorum
3078 4721 3216 4788 idem
3253 4748 3418 4786 accu-

1860 4849 1946 4894 sat
1983 4839 2067 4892 bis
2101 4837 2317 4890 verbis:
2355 4832 2398 4889 Ο
2451 4843 2699 4902 pastores
2763 4829 2953 4891 Israel,
3009 4844 3135 4881 num
3189 4834 3420 4895 pascunt

1867 4939 2113 5001 pastores
2145 4929 2356 4996 seipsos
2371 4927 2394 4978 ’ἔ
2409 4941 2533 4978 num
2553 4938 2683 4976 oves
2704 4937 2730 4974 a
2752 4922 3064 4990 pastoribus
3089 4918 3420 4988 pascuntur?

1866 5023 2006 5078 Ecce
2045 5023 2127 5074 lac
2163 5019 2469 5079 eomedite;
2508 5015 2800 5070 velleribus
2838 5013 3126 5066 induimini
3173 5011 3238 5062 ⁸⁸.
3281 5030 3297 5057 ›
3354 5011 3422 5059 At

1867 5112 2012 5182 quod
2043 5112 2239 5181 pingue
2267 5115 2354 5161 est
2380 5106 2644 5176 jugulatis
2671 5123 2686 5172 ;
2716 5115 2766 5158 et
2804 5118 2934 5157 oves
2968 5115 3114 5154 meas
3154 5115 3262 5152 non
3295 5114 3422 5166 pas-

1869 5202 2015 5256 citis.
2053 5200 2320 5266 Quoniam
2345 5198 2510 5266 igitur
2538 5211 2668 5249 oves
2690 5193 2904 5247 infecta!
2921 5200 3198 5260 pastorum
3220 5189 3423 5255 impro-

1867 5290 2042 5345 bitate
2092 5287 2400 5355 petulantes
2434 5290 2739 5343 emiserant,
2769 5281 3083 5349 pastoribus
3113 5275 3248 5345 ipsis
3281 5275 3427 5326 exsi-

201 5381 345 5435 lium
378 5375 686 5436 minitatur,
719 5373 804 5427 his
838 5375 1019 5428 verbis
1062 5389 1075 5426 :
1110 5393 1128 5424 ι
1169 5372 1233 5427 Ει
1263 5385 1500 5429 avertam
1529 5393 1647 5442 vos,
1694 5395 1761 5436 ne
1799 5382 2036 5453 pascatis
2080 5393 2210 5432 oves
2291 5389 2440 5430 meas
2477 5374 2543 5428 “.
2585 5392 2604 5425 ι
2672 5371 2876 5427 Deinde
2921 5371 3124 5440 colligit
3167 5387 3179 5421 :
3213 5387 3229 5417 ι
3292 5365 3428 5420 Ιζυοθ

181 5486 294 5542 ego
319 5465 607 5536 requiram
647 5477 776 5517 oves
805 5476 952 5517 meas
978 5461 1042 5518 ".
1082 5483 1101 5514 ι

260 5652 312 5683 ⁸⁸
352 5650 549 5707 Matth.
575 5669 680 5714 xvr,
711 5654 802 5707 27.
879 5650 922 5681 ⁸⁷
960 5651 1119 5705 Joan.
1151 5665 1248 5714 xu,
1281 5649 1371 5706 24.
1459 5653 1503 5684 ⁵⁸
1528 5652 1767 5708 ibid.52.

186 5735 402 5787 uuv,
437 5722 491 5777 9.
568 5723 832 5780 “Ezech.
869 5734 1056 5790 xxxiv,
1094 5720 1186 5776 17.
1260 5720 1303 5754 ”
1322 5722 1452 5782 ibid.
1491 5723 1576 5778 18.
1655 5724 1699 5757 ⁸⁸

1843 5725 1870 5780 Ι.
1905 5725 1995 5792 20,
2026 5723 2116 5782 21.

3064 5501 3076 5515 .
3144 5459 3410 5529 propheta

1867 5653 1912 5687 δ’
1945 5654 2106 5709 llebr.
2146 5667 2250 5712 ιιι,
2285 5652 2345 5706 2.
2451 5650 2495 5682 ⁸ο
2531 5647 2771 5717 Philipp.
2810 5663 2871 5707 ιι.
2907 5649 2961 5712 9,
3002 5648 3088 5703 10.
3189 5649 3230 5680 ⁶¹
3280 5645 3425 5701 Psal.

2193 5727 2237 5758 ⁸⁵
2266 5721 2465 5780 Ezech.
2498 5735 2558 5786 tl,
2594 5719 2648 5773 5.
2723 5718 2923 5774 “ibid.
2960 5720 3044 5772 19·
3123 5720 3165 5752 ετ
3185 5719 3317 5774 ibid.
3347 5721 3428 5772 ιο.
