3978 6374
624 300 766 365 “.2343

622 413 668 465 A
698 411 868 465 multa
899 411 1092 481 gloria,
1137 419 1187 468 el
1237 412 1528 466 intrabore
1577 410 1932 480 fortitudinis.
1976 409 2107 461 nihil
2151 417 2198 460 te

625 505 777 558 latet.
836 503 1050 556 Dictum
1079 513 1165 556 est
1221 503 1367 556 enim
1434 503 1634 556 alicubi
1686 518 1699 555 :
1755 517 1774 552 ι
1818 498 2196 554 Nunterabiles

625 603 752 650 sunt
778 594 828 651 ei
862 605 1024 665 gutta:
1056 596 1252 666 pluviae
1280 596 1345 649 ⁸⁸.
1379 614 1398 646 ι

698 767 860 840 447
899 767 1060 824 Vens.
1091 769 1283 825 (ιδ-51.
1310 768 1431 823 Νοη
1457 771 1594 824 enim
1615 767 1977 836 dicas,Jacob,
1995 783 2042 824 et
2069 769 2194 840 quid

623 860 829 914 locutus
860 878 940 926 es,
997 861 1175 915 Israel
1200 863 1226 916 ἔ)
1255 863 1576 917 Abscondita
1619 873 1694 918 est
1725 865 1806 918 ria
1843 881 1959 938 mea
1993 881 2024 916 a
2061 863 2191 927 Deo,

619 963 672 1008 et
704 953 845 1008 Deus
887 971 1030 1008 meus
1067 953 1337 1022 judicium
1368 957 1611 1018 abstulit,
1642 965 1691 1009 et
1722 957 1959 1019 recessit,
1981 965 2031 1010 et
2059 973 2196 1010 nunc

622 1049 791 1102 nescis
815 1048 840 1100 .’
868 1045 1050 1101 Sinon
1083 1047 1320 1110 audisti,
1351 1047 1493 1101 Deus
1549 1057 1798 1109 teternus,
1829 1047 1966 1102 Deus
1996 1049 2084 1118 qui
2110 1048 2197 1117 fa-

623 1138 859 1194 bricatus
884 1149 963 1193 est
1001 1141 1250 1193 terminos
1284 1149 1438 1194 terra:
1465 1157 1566 1193 non
1595 1145 1811 1206 esuriat,
1843 1157 1944 1195 non
1977 1141 2196 1194 labora-

622 1231 720 1290 bit.
759 1246 924 1300 neque
941 1230 1041 1284 erit
1071 1231 1405 1300 investigatio
1427 1231 1701 1300 sapientia:
1723 1232 1907 1299 ipsius,
1943 1239 2052 1285 etc.

687 1404 855 1477 448
885 1405 963 1459 Ita
1001 1404 1361 1476 Symmachus
1385 1422 1398 1459 :
1424 1403 1650 1475 Propter
1671 1405 1798 1477 quid
1819 1405 1977 1473 dicis,
1999 1405 2192 1473 Jacob,

617 1510 667 1553 et
706 1497 960 1566 loqueris,
988 1495 1211 1550 Israel?
1236 1499 1396 1566 eique
1429 1497 1763 1567 reliquorum
1804 1501 2077 1552 consentit
2112 1499 2196 1550 in-

619 1590 962 1660 terpretatio.
992 1588 1191 1645 Verum
1225 1591 1477 1644 absoluto
1520 1591 1588 1645 de
1641 1591 1750 1645 Deo
1802 1604 2072 1650 sermone,
2113 1589 2194 1644 eis

613 1682 725 1752 jam
751 1690 1058 1747 succenset,
1083 1683 1174 1751 qui
1202 1683 1430 1752 epriore
1462 1682 1662 1752 populo
1695 1696 1793 1736 sua
1829 1695 1991 1750 Opera
2023 1679 2190 1733 Deum

619 1788 728 1828 non
765 1774 964 1828 intueri
995 1773 1428 1829 arbitrabantur.
1488 1772 1654 1828 Putas
1683 1781 1754 1836 te,
1797 1772 1843 1827 si
1886 1773 2077 1834 lateas,
2109 1771 2195 1824 in-

618 1863 760 1932 quit.
789 1862 1110 1931 Deijndicio
1146 1864 1369 1918 minime
1396 1864 1704 1934 subjacere,
1740 1866 1990 1935 quamvis
2024 1878 2198 1932 nuper

537 2025 542 2031 ι
620 1955 676 2010 in
702 1957 899 2011 robore
927 1956 1266 2012 fortitudinis
1295 1957 1428 2012 nihil
1447 1973 1570 2012 eum
1596 1957 1765 2012 latere
1797 1957 2056 2012 audieris.
2092 1953 2196 2012 Ve-

622 2064 744 2102 rum
785 2058 1043 2119 tanquam
1081 2051 1214 2104 illud
1244 2057 1405 2104 antea
1431 2065 1531 2106 nec
1561 2051 1764 2105 noveris
1794 2055 1932 2120 ipse,
1965 2065 2064 2104 nec
2094 2065 2198 2103 au-

618 2140 836 2207 diveris,
873 2143 1027 2197 disce
1054 2143 1164 2212 jam
1197 2162 1209 2196 :
1244 2143 1299 2196 id
1331 2152 1436 2206 est,
1472 2143 1518 2196 si
1547 2151 1626 2207 tu,
1660 2141 1768 2196 nisi
1798 2141 2010 2205 audias,
2041 2142 2198 2211 igno-

622 2241 748 2280 rare
779 2235 831 2282 te
855 2227 996 2283 dicis
1024 2269 1040 2294 ,
1065 2230 1228 2284 etiam
1264 2229 1668 2285 simulationem
1704 2239 1850 2284 tuam
1878 2230 2193 2294 admittens,

620 2319 822 2373 dicam.
864 2321 1240 2391 Respondebis
1271 2322 1561 2387 nimirum,
1594 2323 1851 2393 ignorare
1897 2331 1970 2377 te.
2004 2323 2193 2391 Atqui,

619 2413 668 2466 si
686 2412 878 2475 nescis,
911 2415 1039 2466 audi
1074 2430 1220 2470 nunc
1240 2414 1406 2470 Deum
1431 2432 1542 2470 esse
1571 2425 1849 2480 wternum,
1870 2430 2047 2485 neque
2083 2429 2198 2470 cte-

620 2502 734 2556 lum
785 2503 968 2568 modo,
998 2505 1091 2559 sed
1125 2515 1322 2558 terram
1363 2506 1675 2560 universam
1714 2520 1931 2575 quoque
1956 2504 2198 2574 comple—

620 2596 718 2650 cti.
742 2594 1028 2664 Quomodo
1067 2598 1250 2667 itaque
1292 2599 1466 2666 ipsum
1504 2598 1673 2652 latere
1701 2597 1911 2668 queas?
1938 2597 2044 2652 Sed
2075 2597 2192 2662 ubi,

621 2704 726 2741 non
752 2688 1036 2756 laborabit,
1073 2689 1334 2744 habemus
1359 2728 1375 2754 ,
1406 2690 1517 2753 alii,
1545 2691 1758 2744 minime
1779 2691 2070 2746 dissolutus
2093 2701 2194 2756 est,

623 2779 1077 2849 interpretantur.
1110 2779 1373 2845 Rursum,
1402 2789 1766 2850 praeterquam
1814 2779 1959 2849 quod
1990 2780 2194 2834 nullam

621 2887 862 2942 unquam
897 2873 1212 2941 inﬁrmitate
1242 2872 1473 2939 laborat,
1508 2889 1686 2943 neque
1711 2875 2010 2927 humanum
2063 2871 2196 2943 quid

621 2970 823 3038 patitur
862 3009 878 3035 ,
909 2985 972 3024 ea
1001 2970 1189 3034 etiam,
1225 2985 1346 3040 quae
1367 2970 1750 3040 comprehendi
1773 2971 1982 3040 nequit,
2009 2970 2198 3040 cogni-

619 3063 770 3117 tione
801 3062 1064 3132 praaditus
1086 3072 1194 3125 est,
1227 3078 1323 3132 per
1354 3078 1516 3132 quam
1572 3061 1640 3116 ad
1735 3062 1948 3131 singula
2025 3077 2196 3129 usque

619 3153 864 3223 ejusdem
901 3152 1239 3222 providentia
1261 3166 1583 3215 excurrens,
1607 3166 1873 3221 pauperes
1902 3151 2196 3221 aliquando

620 3247 756 3302 bene
787 3246 1049 3300 habentes
1069 3242 1269 3306 reddit,
1292 3245 1423 3298 luxu
1449 3253 1628 3297 autem
1643 3251 1696 3296 et
1715 3242 1912 3312 opibus
1948 3241 2192 3297 dililueno

621 3347 705 3393 tes
749 3338 1036 3393 doloribus
1059 3348 1113 3391 et
1143 3339 1298 3391 curis
1323 3337 1442 3390 vitae
1491 3335 1655 3403 hujus
1701 3334 1913 3390 multat.
1947 3333 2196 3388 Immittit

623 3447 750 3486 vero
782 3439 836 3484 et
867 3431 936 3485 iis
984 3430 1172 3494 etiam,
1209 3428 1302 3500 qui
1350 3437 1478 3484 sunt
1517 3429 1570 3481 in
1597 3428 1730 3481 ﬂore
1759 3425 1955 3488 anatis,
2004 3426 2194 3479 virium

620 3522 1036 3576 imbecillitatem
1098 3535 1194 3591 per
1223 3521 1444 3576 morbos
1476 3535 1490 3572 :
1523 3534 1668 3583 cum,
1695 3520 1787 3589 qui
1845 3518 2193 3573 sazvientibus

621 3616 956 3671 adversariis
989 3614 1160 3670 Deum
1191 3616 1246 3669 in
1281 3614 1562 3686 martyriis
1617 3621 1672 3666 et
1721 3612 2192 3682 persecutionibns

621 3718 953 3775 exspectant,
987 3709 1338 3776 quantumvis
1361 3711 1414 3760 in
1439 3709 1539 3761 hac
1573 3707 2012 3776 vitain/iratiores
2035 3707 2188 3775 ﬁant,

622 3815 688 3853 ea
729 3814 908 3853 rerum
954 3800 1259 3851 mutatione
1284 3813 1410 3851 mox
1441 3798 1692 3862 beentur,
1727 3807 1786 3850 ut
1809 3797 1964 3851 liberi
1999 3799 2052 3850 in
2082 3812 2193 3850 cm-

621 3892 735 3945 lum
767 3890 1006 3944 evolent.
1031 3889 1127 3943 Est
1167 3891 1313 3944 enim
1352 3890 1644 3942 altivolans
1670 3891 1851 3958 aquila
1877 3896 1967 3951 ;et
1997 3888 2189 3942 adver-

623 3998 721 4036 sus
761 3981 896 4036 solis
931 3980 1116 4033 radios
1155 3980 1441 4033 oculorum
1471 3979 1643 4032 aciem
1675 3981 1929 4044 intenuit,
1959 3989 2193 4034 naturae—

622 4090 728 4145 que
771 4073 985 4127 senium
1019 4073 1169 4127 exuit
1207 4072 1398 4141 ,juxta
1429 4072 1562 4126 illud
1600 4090 1613 4126 :
1648 4092 1666 4124 ‹
1703 4072 2070 4126 Renovabitur
2131 4079 2191 4126 ut

623 4167 825 4236 aquila:
873 4166 1133 4235 juventus
1181 4173 1274 4218 tua
1317 4166 1380 4211 ε’.
1416 4184 1436 4216 ι
1467 4193 1537 4204 -
1573 4184 1592 4216 ι
1633 4165 1903 4234 Operatur
1956 4181 2190 4233 namque

622 4259 883 4328 patientia
916 4259 1296 4328 probationem
1327 4257 1612 4326 ;probatio
1636 4267 1814 4312 autem
1840 4274 1989 4327 spem
2025 4275 2039 4322 ;
2066 4273 2189 4327 spes

623 4357 803 4403 autem
830 4363 939 4402 non
961 4349 1245 4402 confundit
1267 4350 1332 4401 ⁷⁰.
1367 4368 1386 4401 ι
1415 4351 1604 4418 Itaque
1625 4352 1959 4404 commutatis
1992 4353 2187 4403 viribus

620 4441 788 4494 vitam
839 4441 1000 4494 istam
1038 4456 1164 4495 cum
1226 4442 1521 4493 immortali
1551 4444 1985 4507 commutabant,
2018 4453 2071 4496 et
2132 4443 2186 4495 in

623 4534 922 4602 angelicam
959 4534 1297 4588 transibunt.
1336 4533 1445 4588 Eos
1496 4536 1639 4588 enim
1693 4535 1993 4604 aquilarum
2049 4534 2188 4588 facta

621 4625 919 4688 mentione,
953 4640 1076 4678 cum
1117 4625 1433 4679 caelestibus
1467 4628 1830 4695 potestatibus
1860 4637 2137 4694 centparat
2172 4644 2186 4690 ;

623 4732 763 4785 quas
800 4717 962 4769 alatis
1001 4719 1308 4785 persimiles
1341 4721 1527 4772 ellicit.
1561 4720 1736 4787 Atque
1767 4719 1891 4771 inde
1929 4728 2012 4772 est
2064 4734 2188 4785 pro-

624 4808 950 4878 fecto,quod
983 4825 1102 4877 qua:
1135 4811 1186 4862 in
1212 4811 1366 4878 aquis
1391 4810 1675 4879 tleguut,si
1705 4813 1903 4878 primas
1933 4810 2185 4871 habeant,

625 4899 825 4954 munda
883 4916 1005 4954 esse
1025 4916 1316 4954 censemus
1341 4903 1408 4954 ⁷³.
1444 4901 1532 4954 Sic
1561 4917 1691 4970 ergo
1721 4901 1886 4972 449
1913 4910 1967 4954 et
2009 4901 2061 4952 in
2091 4902 2189 4953 hac

623 5003 768 5056 tura,
795 4991 1181 5045 universorum
1215 5009 1230 5057 ;
1260 4993 1423 5046 etiam
1455 4993 1500 5046 si
1530 4994 1756 5047 minime
1797 4995 1871 5045 ita
1940 5009 2062 5048 esse
2094 4993 2404 5060 arbitreris,
2483 5012 2517 5050 ο
2569 4995 2735 5050 Israel
2787 5013 2800 5050 :

622 5087 874 5159 gentibus
900 5102 1142 5157 congrua
1177 5086 1460 5140 denuntio.

1237 5176 1390 5230 CAP.
1439 5174 1576 5228 XLI.

692 5269 859 5325 Vens.
908 5269 1027 5324 1-7.
1054 5268 1388 5324 Innovamini
1439 5268 1506 5320 ad
1547 5284 1646 5332 me,
1677 5266 1887 5319 insula}.
1922 5265 2190 5332 Principes

623 5363 760 5417 enim
810 5364 1088 5415 mutabunt
1143 5362 1476 5430 potentiam;
1516 5361 1764 5412 accedant
1813 5369 1861 5412 et
1912 5357 2194 5426 loquantur

625 5454 831 5516 simul;
873 5464 994 5507 tunc
1035 5454 1300 5522 judicium
1351 5453 1682 5504 annttntient.
1730 5451 1859 5515 Quis
1917 5451 2188 5504 suscitavit

625 5547 688 5600 de
721 5548 919 5600 oriente
937 5545 1260 5615 justitiam?
1299 5545 1497 5597 vomuit
1531 5559 1645 5597 eam
1678 5541 1744 5592 ml
1782 5541 1934 5608 pedes
1964 5558 2107 5606 suos,
2136 5549 2183 5594 ct

699 5724 743 5758 ⁸³
771 5723 940 5780 Eccli.
971 5740 1009 5789 t,
1041 5723 1094 5778 2.
1171 5723 1214 5757 ⁸⁹
1237 5721 1384 5779 Psal.
1414 5739 1505 5789 cu,
1525 5723 1575 5776 5.
1655 5721 1697 5755 ⁷⁰
1720 5721 1875 5776 Rom.
1899 5739 1948 5788 γ,
1969 5723 2021 5778 5.

1928 293 2280 357 PROCOPII
2325 293 2564 354 GAZ/El

3693 293 3803 356 23H

2223 408 2273 466 A
2301 445 2316 462 .
2359 449 2372 461 .
2417 445 2432 459 .
2477 447 2490 460 .
2538 444 2551 458 .
2598 446 2612 460 .
2658 445 2670 459 .
2721 445 2733 459 .
2779 444 2793 459 .
2837 443 2852 457 .
2895 401 3206 473 προφήτης.
3257 400 3382 453 Ἄπι)
3421 401 3638 468 πολ-πῆς
3662 403 3808 476 δόξης

2295 499 2394 552 καὶ
2417 499 2488 552 ἐν
2513 498 2710 566 κράτει
2739 495 2952 562 ισχύος
2971 492 3151 548 οὐδέν
3168 507 3243 544 σε
3264 491 3494 545 ἔλαθεν.
3513 493 3712 565 Εἴρηται
3729 501 3809 571 γὰρ

2294 590 2528 661 ἀλλαχοῦ
2568 607 2582 621 ·
2629 608 2647 641 ι
2688 586 3010 660 Ἀριθμηταί
3073 587 3210 638 εἰσιν
3271 583 3416 652 αὑτῴ
3475 587 3704 652 σταγόνες
3744 591 3811 644 ὐε.

2295 685 2409 739 τοῦ.
2445 704 2463 736 ι

2363 776 2570 842 κς·λα’.
2598 774 2694 844 Μὴ
2719 775 2825 844 γὰρ
2855 772 3052 839 εἴπῃς,
3069 769 3298 834 Ἰακὼϐ,
3326 771 3421 823 καὶ
3462 772 3516 823 τί
3537 772 3812 844 elei/tneor,

2308 866 2582 934 Ἰσραήλς
2607 863 2912 931 ἀπεκρύση
2941 862 2980 929 ἢ
3016 861 3158 926 ὁδός
3184 877 3303 928 μου
3323 859 3439 913 ἀπὸ
3464 861 3563 914 τοῦ
3581 865 3726 929 Θεοῦ,
3745 871 3814 922 καί

2295 962 2328 1012 ό
2361 958 2504 1023 Θεός
2533 973 2651 1025 μου
2688 954 2806 1023 τὴν
2830 953 3032 1021 κρίσιν
3067 951 3300 1020 ἀφεῖλε,
3345 951 3442 1004 καὶ
3488 952 3721 1020 ἀπέστη,
3746 961 3817 1011 καὶ

2293 1049 2411 1104 νῦν
2435 1051 2545 1102 οὐκ
2568 1047 2756 1116 ἔγνως
2774 1046 2869 1111 ;El
2885 1043 2970 1112 μὴ
2998 1043 3290 1112 ἤκουσας,
3312 1045 3452 1108 Θεὸς
3472 1042 3819 1115 αιὼνιοςβείς

2295 1144 2329 1195 ό
2348 1137 2812 1202 κατασκευάσας
2825 1138 2897 1190 τὰ
2913 1137 3067 1204 ἄκρα
3089 1133 3200 1202 τῆς
3227 1133 3358 1204 τῆς,
3384 1137 3455 1189 οὐ
3471 1135 3734 1201 creti-dest,
3749 1143 3820 1194 οὐ·

2294 1227 2363 1282 δὲ
2405 1227 2702 1292 κοπιάσει,
2765 1228 2908 1280 οὐδὲ
2943 1226 3117 1280 ἐστιν
3145 1225 3456 1293 ἐξέρευσις
3498 1224 3603 1295 τῆς
3641 1231 3818 1297 φρονῇ.

2297 1335 2453 1385 σεως
2481 1318 2690 1382 αὑτοῦ,
2724 1335 2780 1373 κ.
2807 1335 2860 1372 τ.
2892 1317 2941 1371 λ.

2375 1408 2436 1462 '0
2465 1409 2756 1478 Σύμμαχος
2777 1423 2792 1438 ⁸
2823 1408 2926 1460 Διὰ
2949 1407 3006 1459 τί
3032 1405 3490 1475 λέγεις-,ἰακὼόζ
3522 1405 3613 1460 καὶ
3637 1410 3817 1476 λαλεῖς,

2307 1500 2580 1568 Ἰσραήλ;
2630 1500 2724 1552 καὶ
2771 1499 2820 1550 οἱ
2873 1497 3051 1550 λοιποὶ
3097 1495 3426 1566 συμφώνως.
3469 1497 3616 1549 Μετὰ
3657 1497 3708 1548 δὲ
3747 1499 3819 1568 τὴν

2295 1593 2650 1646 ἀποδοθεῖσαν
2703 1589 3005 1656 θεολογίαν,
3038 1590 3267 1658 ἐπιτιμᾷ
3293 1590 3410 1650 τοῖς
3463 1587 3536 1656 μὴ
3588 1587 3819 1656 νομίξουσι

2296 1685 2392 1744 τὰς
2417 1682 2627 1736 ἑαυτῶν
2657 1682 2884 1752 πράξεις
2913 1681 3114 1753 ἐφορᾷν
3143 1681 3234 1733 τὸν
3260 1679 3391 1732 Θεὸν
3415 1719 3430 1743 ,
3458 1680 3520 1730 ἐκ
3555 1679 3641 1730 τοῦ
3665 1684 3820 1749 πρηέα

2231 1769 2271 1826 Β
2302 1793 2396 1846 ρου
2429 1775 2582 1829 λαοῦ.
2612 1773 2892 1843 Νομίζεις,
2920 1773 3074 1842 φησὶ,
3105 1771 3383 1826 λανθάνων
3434 1770 3509 1841 μὴ
3553 1771 3820 1826 ὑποκεῖσθαι

2298 1868 2488 1934 κρίσει
2515 1865 2662 1919 Θεοῦ
2681 1903 2698 1928 ,
2731 1866 2907 1918 καίτοι
2936 1865 3137 1934 ἀρτίως
3169 1865 3367 1934 ἢκουες
3402 1862 3538 1930 πρὸς
3564 1862 3684 1914 Θεὸν
3708 1865 3820 1934 εἰρη.

2301 1960 2478 2029 μένον,
2496 1959 2583 2012 Ἑν
2608 1958 2797 2029 κράτει
2831 1958 3012 2027 ἰσχύος
3029 1956 3179 2008 οὐδέν
3211 1972 3268 2007 σε
3295 1953 3507 2008 ἔλαθεν.
3537 1955 3672 2024 Πλὴν
3693 1956 3732 2006 εἰ
3753 1960 3820 2006 καὶ

2301 2055 2376 2126 μὴ
2419 2055 2688 2125 πρότερον
2742 2053 2879 2122 μήτε
2925 2052 3148 2122 ἔγνως,
3201 2052 3337 2121 μήτε
3389 2049 3674 2117 ἤκουσας,
3717 2050 3816 2118 μάθε

2297 2147 2391 2202 νῦν
2410 2165 2423 2178 ·
2454 2148 2638 2218 ἤγουν,
2667 2147 2714 2198 εἰ
2736 2147 2791 2198 δὲ
2817 2145 2921 2215 φὴς
2948 2145 3021 2216 μὴ
3044 2143 3356 2212 γινώσκειν,
3377 2145 3425 2194 εί
3456 2143 3530 2211 μὴ
3551 2141 3815 2206 ἀκούσειας·

2296 2242 2361 2310 τῇ
2394 2241 2459 2308 σῇ
2492 2241 2848 2307 προσποιήσει
2884 2235 3189 2306 συντρέχων
3219 2234 3597 2304 ὲρῶ.“Ηγουν,
3628 2234 3749 2302 ἐρεῖς
3766 2233 3816 2297 ὡς

2295 2333 2396 2385 οὐκ
2431 2333 2623 2400 ἔγνως.
2656 2327 2885 2391 Οὐκοῦν,
2912 2331 2966 2382 el
2985 2330 3069 2397 μὴ
3100 2326 3395 2395 ἤκουσας,
3433 2324 3539 2378 ἴσθι
3570 2325 3642 2390 ὡς
3665 2327 3693 2377 ὁ
3713 2327 3819 2391 Θεέ-ς

2297 2428 2330 2480 ὀ
2359 2424 2598 2490 αἰώνιος
2621 2463 2636 2486 ,
2670 2424 2731 2477 οὐ
2765 2423 2924 2493 μόνον
2957 2421 3206 2492 οὐρανὸν,
3244 2419 3384 2474 ἀλλὰ
3419 2419 3514 2472 καὶ
3544 2421 3705 2470 πᾶσαν
3731 2435 3822 2470 συν.

2299 2516 2415 2586 ἑχει
2444 2517 2560 2583 τὴν
2585 2514 2721 2584 γῆν.
2753 2515 2861 2568 Καὶ
2895 2513 3013 2577 πῶς
3040 2513 3242 2582 δυνήσῃ
3268 2511 3461 2564 τοῦτον
3489 2508 3664 2562 λαθεῖν
3684 2510 3822 2572 ;‘Avr‘.

2296 2608 2352 2662 δὲ
2381 2607 2497 2672 τοῦ,
2529 2610 2600 2662 οὐ
2632 2605 2930 2669 κοπιάσει,
2965 2606 3075 2658 οὐκ
3103 2603 3561 2670 ὲξελύθη,φασ“ιν
3593 2601 3639 2652 οἱ
3669 2601 3820 2655 λοιποί.

2299 2701 2441 2773 Πρὸς
2467 2700 2542 2772 τῷ
2573 2701 2629 2753 δὲ
2664 2699 2738 2770 μὴ
2763 2697 3065 2764 ἀσθενεῖν,
3096 2695 3230 2766 μηδέ
3272 2713 3324 2747 τι
3358 2693 3508 2765 ἔχειν
3542 2692 3822 2761 ἀνθρώπινον

2296 2794 2392 2847 καὶ
2421 2792 2801 2861 ἀκατάληπτον
2849 2789 2960 2858 ἔχει
3005 2788 3104 2856 τὴν
3138 2785 3360 2854 γνῶσιν,
3395 2784 3469 2837 δι’
3491 2778 3558 2854 ἧς
3589 2783 3730 2854 μέχρι
3754 2784 3824 2834 καὶ

2295 2885 2404 2939 τῶν
2425 2882 2567 2938 κατὰ
2590 2883 2753 2953 μέρος
2777 2883 2811 2952 ἡ
2841 2879 3031 2933 τούτου
3061 2878 3330 2948 διέρχεται
3361 2867 3610 2948 πρόνοια,
3633 2873 3822 2925 εὐεκτείν

2302 2979 2399 3050 μὲν
2433 2976 2545 3030 ἐσθ’
2585 2977 2672 3029 ὅτε
2721 2973 2950 3028 ποιοῦσα
2993 2973 3120 3034 τοὺς
3154 2971 3414 3040 πένητας,
3455 2969 3552 3038 τὴν
3578 2966 3633 3019 δὲ
3660 2967 3823 3034 τρυφὴν

2297 3071 2406 3125 τῶν
2437 3071 2495 3122 ὲν
2524 3068 2740 3136 πλούτῳ
2774 3064 3074 3129 κολάζουσα
3105 3062 3253 3134 λύπῃ
3290 3062 3385 3114 καὶ
3411 3058 3656 3131 φροντίσι
3682 3057 3824 3126 βιωτιο

2303 3166 2445 3228 καῖς.
2463 3161 2771 3216 Ἐπιΰάλλει
2797 3159 2854 3212 δὲ
2888 3159 2981 3212 καὶ
3007 3159 3122 3220 τοῖς
3151 3161 3208 3208 ὲν
3233 3157 3384 3225 ἀκμῇ
3430 3153 3536 3224 τὴν
3579 3150 3638 3215 ἐξ
3683 3151 3824 3220 aplu-

2303 3275 2401 3327 στη
2412 3257 2596 3328 μάτων
2621 3251 2942 3308 ἀσθένειαν
2958 3266 2972 3281 ·
2994 3251 3059 3304 ἐκ
3089 3249 3147 3301 δὲ
3175 3248 3283 3301 τῶν
3312 3247 3574 3300 ἐναντίων
3596 3247 3640 3297 οἱ
3660 3244 3771 3296 Θεὸν

2305 3348 2628 3419 μαρτυρίαις
2672 3345 2704 3416 ἢ
2748 3345 3008 3412 διωγμοῖς
3056 3339 3537 3409 ὑπομείναντες,
3589 3336 3716 3388 κατὰ
3755 3333 3825 3401 τὴν

2301 3440 2583 3513 παροῦσαν
2631 3437 3036 3500 ἀσθενοῦντες
3088 3434 3252 3504 ζωὴν,
3286 3431 3560 3500 τοσαύτης
3604 3425 3825 3492 ἀξιοῦνται

2303 3532 2626 3606 μεταϐολῆς,
2657 3531 2731 3594 ὡς
2765 3529 3078 3598 ἐλευθέρους
3108 3527 3562 3598 προσαναπτῆναι
3600 3521 3720 3591 πρὸς
3757 3519 3824 3569 οὐ·

2301 3628 2481 3697 ρανόν.
2500 3626 2557 3677 Ὀ
2585 3623 2691 3694 γὰρ
2723 3623 2898 3687 ἀετὸς
2921 3620 3186 3690 ὑψιπέτης
3215 3619 3350 3680 ἐστὶ,
3380 3617 3477 3669 καὶ
3503 3613 3826 3672 ἀντωπείτ-ιῖς

2297 3718 2391 3770 τοῦ
2437 3716 2588 3788 ἡλίου
2635 3716 3042 3786 μαρμαρυγαῖς,
3077 3711 3251 3782 γῆράς
3297 3726 3356 3761 τε
3386 3709 3448 3760 τὸ
3485 3706 3697 3775 φυσικὸν
3724 3704 3821 3755 ἀπο-

2297 3811 2479 3864 δύεται
2507 3809 2648 3861 κατὰ
2673 3808 2735 3859 τό
2755 3823 2768 3838 ·
2803 3826 2820 3856 ‹
2844 3805 3386 3872 Ἀνακαινισθὴσεται
3412 3801 3491 3864 ὡς
3520 3798 3670 3852 ἀετοῦ
3694 3799 3722 3865 ἡ
3744 3795 3826 3847 νεέ-

2297 3921 2396 3972 της
2447 3920 2558 3954 σου.
2593 3919 2610 3952 ι
2645 3931 2716 3940 ——
2747 3919 2764 3951 ι
2796 3897 3208 3969 Κατεργάζεται
3241 3895 3349 3966 γὰρ
3396 3895 3430 3964 ἡ
3484 3893 3583 3962 μὲν
3627 3887 3825 3958 ὑπομονὴ

2296 3992 2522 4061 δοκιμήν
2546 3993 2620 4060 ’ἡ
2671 3989 2727 4042 δὲ
2768 3988 2965 4058 δοκιμὴ
3011 3986 3200 4040 ἐλπίδα
3224 4003 3239 4018 ο
3287 3987 3319 4054 ὴ
3357 3985 3415 4036 δὲ
3451 3983 3603 4044 ἐλπὶς
3626 3981 3682 4034 οὐ
3724 3995 3827 4031 κατ-

2296 4082 2558 4151 αισχύνει.
2586 4101 2604 4132 ι
2645 4080 2735 4132 Ar)
2763 4079 2857 4131 καὶ
2887 4079 3000 4146 τὴν
3028 4077 3230 4146 ἱσχὺν’
3249 4075 3592 4137 ἀλλάξουσι
3621 4071 3702 4123 τὸν
3731 4068 3825 4136 Θνη-

2294 4173 2386 4224 τὸν
2419 4172 2530 4242 βίον
2561 4189 2687 4241 μετα
2709 4169 2972 4234 Σαλὸντες,
3002 4169 3095 4221 καὶ
3129 4172 3208 4232 είς
3235 4167 3536 4237 ἀγγελικὴν
3569 4161 3825 4234 μεταστάν-

2294 4281 2386 4325 τες
2414 4262 2580 4333 ζωὴν.
2600 4264 2696 4314 Διὰ
2725 4263 2833 4330 γὰρ
2858 4259 2976 4313 τῶν
3000 4258 3210 4324 ἀετῶν,
3237 4261 3356 4321 ταῖς
3382 4259 3650 4329 οὐρανίοις
3670 4254 3825 4312 αὐτοὺς

2295 4353 2582 4417 ἀπεικάζει
2610 4353 2923 4419 δυνάμεσιν,
2948 4352 3010 4415 ἃς
3035 4350 3352 4418 πτερωτοῖς
3376 4344 3824 4418 ἁφωμοίωσενᾼιτ

2223 4466 2267 4522 ι)
2291 4445 2448 4496 τοῦτο
2481 4445 2587 4514 ἄρα
2630 4445 2723 4496 καὶ
2749 4443 2856 4495 τῶν
2898 4444 2956 4494 ἐν
2989 4443 3144 4494 ὕδασι
3178 4441 3396 4511 καθαρὰ
3444 4443 3517 4493 τὰ
3558 4437 3818 4504 πτερύγια.

2296 4533 2482 4594 Οὕτως
2513 4535 2618 4604 ἄρα
2651 4536 2752 4586 κάν
2772 4532 2848 4602 τῷ
2874 4533 3098 4602 παρόντι
3131 4531 3228 4601 βίῳ
3257 4531 3455 4601 μερικὴ
3483 4531 3677 4595 κιξλίσις
3700 4521 3820 4584 ἐστὶ,

2294 4630 2388 4682 καὶ
2415 4628 2674 4698 καθολικὴ
2707 4630 2762 4679 ὲν
2793 4628 2868 4698 τῷ
2903 4626 3170 4697 μέλλοντι,
3201 4627 3300 4678 κᾶν
3331 4627 3405 4695 μὴ
3436 4625 3592 4676 τοῦτο
3627 4624 3685 4673 σὺ
3709 4618 3820 4672 νενό-

2222 3108 2265 3166 C

2298 4739 2483 4791 μικας,
2515 4721 2751 4790 Ἰσραήλ.
2781 4722 2870 4772 Διὸ
2915 4721 2997 4772 σοὶ
3033 4721 3129 4790 μὲν
3157 4718 3328 4772 ταῦτα
3351 4760 3366 4784 ,
3414 4722 3526 4781 τοῖς
3569 4718 3623 4771 δὲ
3658 4715 3817 4774 λοιποῖς

2295 4810 2470 4863 ἔθνεσι
2498 4811 2806 4882 κατάλληλα
2831 4811 3153 4880 προσφωνῶ.

2231 4902 2337 4954 vita
2363 4904 2702 4972 singulorum
2768 4903 3040 4971 quoddam
3071 4901 3329 4968 judicium
3357 4908 3479 4962 est;
3544 4907 3600 4951 ut
3660 4897 3706 4947 in
3753 4892 3811 4946 lu-

2878 4995 3112 5063 indeque
3169 4995 3274 5046 ista
3341 4994 3460 5057 tibi,
3526 4990 3814 5060 reliquisque

2859 5173 3108 5229 ΚΕΦΑΛ.
3163 5172 3299 5227 MA'.

2365 5265 2496 5328 α-ζ.
2533 5265 2965 5334 Ἐγκαινὶζεσθε
2990 5267 3137 5333 πρός
3169 5283 3265 5334 με,
3302 5264 3500 5332 ⁴νῆσοι.
3538 5265 3602 5316 Ol
3629 5261 3722 5330 γὰρ
3740 5259 3815 5319 ἆρ-

2290 5372 2502 5423 χοντες
2521 5355 2897 5420 ἀλλάξουσιν
2919 5357 3120 5423 ἰσχύν.
3140 5356 3596 5426 Ἐγγισάτωσαν.
3626 5353 3707 5406 καὶ
3730 5355 3813 5402 .lu-

2294 5447 2658 5513 λησάτωσαν
2701 5447 2842 5517 ἅμα,
2889 5451 3022 5502 τότε
3068 5449 3269 5516 κρίσιν
3312 5446 3808 5517 ἀναγγειλάτωσσν.

2297 5537 2397 5602 Τίς
2416 5539 2720 5607 ἐξήγειρεν
2740 5539 2854 5594 ἀπὸ
2876 5539 3184 5596 ἀνατολῶν
3208 5540 3614 5606 δικαιοσύνην,
3640 5534 3808 5589 ἐκάλει

2101 5724 2137 5755 ⁷¹
2164 5722 2334 5778 Lerit.
2372 5724 2494 5791 11,1
2523 5738 2674 5794 seqq.
