3978 6374
170 294 313 360 2345

1311 300 1516 362 COMM
1530 286 1845 361 ENTARII
1875 290 1959 360 1N
1994 298 2277 359 ISAIAM.

3280 301 3423 371 2346

167 425 283 466 aer
326 412 523 481 αὐτὴν
573 412 723 467 κατά
769 414 961 481 πόδας
1002 413 1213 481 αὐτοῦ,
1249 432 1348 469 και
1398 415 1744 483 «opsecras;

1852 414 2035 474 aadet,
2067 414 2231 468 Dabit
2284 415 2337 469 in
2375 424 2655 484 conspectu
2690 415 2947 487 gentium,
2973 426 3023 471 et
3063 424 3209 487 reges
3240 420 3426 474 obsta:

166 504 356 559 Δώσει
392 504 671 559 ἐναντίον
712 504 923 570 ἐθνῶν,
971 505 1072 560 καὶ
1110 506 1394 571 βασιλεῖς
1440 505 1747 571 ἐκστήσει.

166 596 282 650 Kal
308 595 489 651 δώσει
526 598 615 663 εις
654 597 774 667 γῆν
813 596 919 664 τὰς
954 598 1250 667 μαχαίρας
1290 597 1510 662 αὐτῶν,
1546 596 1647 649 καὶ
1672 596 1751 661 ὡς

165 686 445 755 φρύγανα
474 687 788 757 ἐξωσμένα
824 688 899 741 τὰ
922 685 1067 749 τόξα
1103 687 1320 753 αὐτῶν,
1350 690 1444 741 καὶ
1481 687 1750 751 διώξεται

165 775 412 841 αὐτοὺς,
442 795 496 830 κ.
523 795 573 830 τ.
602 778 653 830 λ.

254 868 695 935 Ἐγκαινίζεσθε
734 870 884 938 πρός
910 886 1007 938 με,
1040 867 1240 937 νῆσοι,
1276 870 1393 922 ἀνθ’
1421 866 1482 923 οὗ
1515 868 1747 938 Σύμμα-

164 977 260 1029 χος
289 958 413 1029 μὲν,
463 960 878 1025 Δουλεύσατε,
926 959 1091 1030 φησὶν
1116 1000 1133 1023 ,
1182 960 1275 1013 ἐπ’
1326 960 1498 1029 ἐμοῦ,
1544 959 1747 1028 νῆσοι,

178 1047 415 1112 ’Δκύλας
452 1048 509 1101 δὲ
552 1048 649 1102 καὶ
694 1048 1021 1113 Θεοδοτίων,
1051 1047 1411 1116 Κωφεύσατε
1460 1047 1612 1115 πρός
1650 1064 1747 1116 με.

162 1137 352 1209 Σιγᾷν
376 1138 488 1207 γὰρ
505 1140 698 1203 αὐταῖς
727 1140 1035 1205 ἐκέλευσεν,
1056 1137 1133 1201 ὡς
1162 1139 1226 1191 ἂν
1255 1138 1483 1208 ἐπήκοοι
1511 1136 1751 1205 γένοιντο

161 1230 318 1294 θείας
360 1231 578 1300 ὁμιλίας
625 1231 720 1286 καὶ
770 1231 1041 1302 σωτηρίου
1084 1226 1461 1301 κηρύγματος,
1516 1227 1750 1292 νήσους

159 1322 337 1389 λέγων
366 1322 463 1387 τὰς
492 1322 551 1385 ἐξ
577 1322 747 1377 ἐθνῶν
780 1322 1103 1393 Ἐκκλησίας
1126 1317 1161 1396 ᾗ
1183 1330 1221 1354 ⁸⁵
1248 1321 1467 1392 ἀλμυρὶ
1501 1319 1596 1373 τοῦ
1632 1319 1748 1389 βίου

157 1411 411 1483 περιέχει
447 1411 640 1476 κακία,
666 1412 761 1466 καὶ
791 1410 901 1465 τῶν
925 1409 1374 1480 ἐπανισταμένων
1404 1409 1472 1463 τὰ
1503 1406 1746 1477 κύματα.

167 1502 314 1555 Ἀλλ’
344 1503 486 1556 εἰσὶν
515 1503 777 1571 ἀσφαλεῖς
796 1542 811 1568 ,
845 1504 921 1567 ὡς
950 1504 1044 1557 ἐτι)⁸
1074 1504 1281 1574 πέτραν
1328 1502 1628 1572 βαίνουσαι,
1658 1500 1749 1553 τὸν

153 1593 418 1663 Χριστόν.
439 1594 531 1647 Διὸ
555 1595 616 1649 οὐ
641 1594 1138 1650 σαλεύονται.”Ανω
1159 1595 1216 1648 δὲ
1242 1592 1385 1659 τοὺς
1418 1591 1749 1662 ὑπομένον-

151 1700 265 1750 τας
316 1685 538 1751 Κύριον
573 1685 689 1753 τὴν
724 1686 909 1755 ἰσχὺν
937 1685 1237 1751 ἀλλάξειν
1284 1684 1477 1748 εἰπὼν,
1511 1681 1748 1736 ἐνταῦθα

1851 521 2059 575 pescere
2096 506 2253 575 faciet
2285 520 2304 559 :
2325 515 2374 561 et
2392 506 2543 562 dabit
2568 509 2621 562 in
2660 516 2859 563 terram
2887 508 3094 579 gladios
3141 525 3345 576 eorum,
3375 517 3425 566 et

1853 600 1990 652 sicut
2016 599 2269 652 ercmium
2299 616 2455 653 arcus
2491 616 2697 664 eorum,
2730 612 2781 654 et
2809 613 3147 672 persequetur
3175 619 3283 670 eos,
3314 612 3424 662 etc.

1852 908 1859 914 .
1926 862 2257 919 lnnovamini
2304 866 2373 918 ad
2423 882 2523 932 me,
2587 867 2820 931 insulaz;
2880 881 2979 936 pro
3008 867 3212 936 quibus
3266 866 3427 938 Sym‘

1855 955 2104 1019 machus,
2130 954 2331 1009 Servite
2348 956 2476 1009 nti/ti
2492 957 2681 1011 insula:
2695 974 2714 1021 ;
2728 957 2956 1024 Aquilas
2975 964 3157 1012 autem
3182 965 3235 1012 et
3250 955 3427 1013 ΤΙιθοι

1852 1044 2025 1105 dotio.
2062 1044 2248 1099 Tacete
2282 1045 2422 1114 apud
2459 1062 2557 1108 me,
2600 1047 3020 1103 transtulerunt.
3053 1046 3248 1101 Tacere
3280 1046 3427 1101 enim

1851 1152 1946 1193 eas
1987 1138 2164 1208 jubet,
2194 1149 2253 1193 ut
2308 1140 2546 1196 sermoni
2575 1148 2630 1194 et
2661 1141 2887 1195 salutari
2946 1140 3321 1210 praedicationi
3369 1153 3431 1195 se

1853 1235 2087 1283 attentas
2114 1229 2393 1297 praebeant
2420 1246 2434 1296 ;
2460 1229 2755 1283 insularum
2808 1228 3049 1296 nomine,
3084 1226 3348 1284 conﬂatas
3398 1240 3431 1283 e

1852 1317 2105 1386 gentibus
2135 1317 2411 1374 Ecclesias
2469 1317 2797 1389 intelligens,
2832 1318 2885 1373 in
2917 1332 3056 1388 quas
3108 1318 3273 1387 hujus
3306 1316 3431 1370 vita:

1852 1409 2120 1479 nequitia,
2150 1418 2409 1480 tanquam
2437 1410 2605 1467 maris
2644 1410 2921 1480 salsilago,
2980 1411 3145 1465 undis
3172 1418 3225 1465 et
3250 1408 3429 1464 (luetis

1851 1498 1955 1553 ltus
1997 1500 2237 1568 undique
2272 1501 2527 1572 insurgit.
2562 1498 2666 1554 Sed
2723 1508 2853 1553 tutze
2905 1499 3012 1554 illae
3070 1508 3247 1566 sunt;
3307 1514 3428 1568 qua:

1851 1587 2075 1644 Christo
2117 1589 2283 1660 lapidi
2318 1591 2547 1652 innixae.
2578 1590 2909 1646 commoveri
2949 1605 3057 1645 non
3088 1590 3327 1645 valeant.
3361 1590 3432 1644 At

1852 1680 2135 1749 superius,
2164 1696 2288 1735 cum
2320 1696 2436 1747 eos,
2470 1682 2560 1752 qui
2607 1681 2895 1735 Dominum
2955 1689 3283 1751 exspectant,
3337 1695 3431 1746 po-

148 1774 332 1843 λέγει,
373 1776 721 1845 Ἄρχοντες,
753 1778 920 1848 ἤγουν
950 1777 1079 1845 ἔθνη
1098 1817 1115 1843 ,
1146 1775 1530 1842 ἀλλαξάτωσαν
1572 1776 1744 1845 ἰσχὺν,

1856 1772 2073 1826 tentiam
2102 1781 2399 1827 mutaturos
2427 1788 2552 1828 esse
2601 1773 2851 1837 dixisset,
2885 1787 3032 1827 nunc
3059 1772 3343 1841 principes,
3375 1770 3432 1825 id

148 1867 303 1921 κατὰ
343 1867 643 1939 Σύμμαχον
680 1870 902 1939 (ὃπεριλ
950 1869 1073 1935 τοῖς
1122 1867 1498 1938 ὑπομένουσι
1529 1869 1746 1935 Κύριον

146 1957 318 2011 τοῦτο
361 1960 547 2028 νήσοις
583 1959 888 2013 ἐπιτάττων
927 1959 1021 2013 καὶ
1068 1958 1323 2027 ἔθνεσιν),
1350 1958 1425 2022 ὡς
1468 1957 1534 2012 ἂν
1567 1958 1660 2011 ἐπὶ
1687 1958 1747 2011 τὸ

148 2052 409 2119 κρεῖττον
435 2049 533 2121 τὴν
562 2051 667 2103 ἀπὸ
698 2050 941 2122 χείρονος
974 2051 1128 2120 ἰσχὺν
1175 2049 1553 2121 μεταϐάλοιεν.
1591 2050 1746 2113 Τινὲς

147 2138 208 2192 δέ
262 2158 433 2209 φασιν
478 2141 554 2205 ὡς
603 2140 828 2195 ἐσθ’ὂτι
874 2141 1057 2210 νῆσοι
1094 2140 1386 2195 καλοῦνται
1437 2140 1621 2204 πόλεις
1651 2142 1747 2194 καὶ

149 2231 369 2302 κῶμαι,
404 2231 665 2285 πλατεῖαν
696 2230 927 2302 ἔχουσαι
964 2232 1149 2301 κύκλῳ
1195 2232 1297 2303 γῆν
1342 2233 1621 2302 ἁνήρωτον
1654 2233 1747 2285 καὶ

150 2320 617 2391 κεχερσωμένην,
648 2322 765 2383 οἵας
808 2321 908 2385 τὰς
945 2321 1258 2391 Ἰδουμαίων
1290 2320 1430 2375 εἶναι
1463 2338 1615 2390 φασι,
1652 2322 1749 2375 καὶ

152 2411 508 2477 Μωαϐιτῶν,
536 2412 612 2477 ὡς
640 2413 698 2466 ἐν
732 2415 923 2485 ἐρήμῳ
965 2414 1247 2483 κειμένας,
1294 2408 1385 2476 αἷς
1436 2417 1747 2483 προσφωνεῖ

154 2504 520 2573 παράδειγμα
567 2503 749 2559 λαϐὼν
793 2504 963 2568 αὐτας
991 2505 1090 2574 τῆς
1118 2504 1227 2558 τῶν
1253 2503 1429 2558 ἄλλων
1464 2504 1747 2559 εἰδωλολα-

154 2598 305 2666 τρῶν
343 2599 561 2669 μανίας,
594 2601 693 2669 τὴν
738 2600 847 2654 τῶν
894 2600 1062 2654 ἐθνῶν
1090 2599 1395 2671 πρόσληψιν
1440 2602 1502 2653 ἐκ
1544 2601 1745 2671 μέρους

156 2687 358 2755 δηλῶν,
387 2688 423 2743 ἃ.
451 2689 701 2759 βούλεται
747 2691 883 2762 πρὸς
916 2691 1218 2759 καινότητα
1250 2691 1551 2761 μεταϐῆναι
1600 2691 1745 2755 ζωῆς

158 2775 259 2846 τὴν
310 2776 707 2833 παλαιώσασαν
756 2781 898 2834 αὐτὰ
946 2780 1349 2850 καταλείψαντα
1395 2782 1625 2850 πλάνην,
1659 2782 1745 2835 ἵνα

160 2867 427 2931 γένωνται
452 2869 719 2939 παρθένος
747 2870 908 2941 ἁγνὴ,
939 2870 1012 2941 μὴ
1038 2871 1258 2941 ἔχουσαι
1277 2872 1511 2940 σπίλονῆ
1538 2871 1742 2943 ῥυτίδα.

160 2944 261 3011 ’Ἤν
293 2962 347 3013 οἱ
377 2959 666 3028 ἄρχοντες
697 2960 1069 3015 ἀλλάττουσι
1097 2958 1214 3028 τὴν
1234 2960 1439 3028 ἰσχὺν,
1461 2962 1535 3024 ὼς
1562 2961 1666 3014 τῶν
1689 2962 1745 3013 ἐν

163 3050 312 3121 νόμῳ
367 3050 650 3123 κρείττους
698 3052 1014 3122 γενόμενοι,
1068 3052 1161 3105 καὶ
1214 3052 1470 3116 καθάπαξ
1521 3052 1746 3123 δυνάμει
1771 3091 1815 3153 C

166 3142 510 3211 πνευματικῇ
549 3140 913 3213 διαφέροντες.
949 3141 1105 3205 Τινὲς
1155 3141 1213 3195 δέ
1245 3159 1409 3213 φασιν
1441 3142 1517 3206 ὡς
1550 3142 1746 3214 ψυχαῖς

166 3231 597 3295 παλαιωθείσαις
624 3233 681 3283 ἐν
711 3231 923 3302 ἡδοναῖς
950 3232 1048 3294 τὰς
1074 3230 1312 3302 ψυχικὰς
1340 3231 1520 3285 αὐτῶν
1549 3232 1746 3286 ἀναλα-

161 3322 269 3376 ϐετι
308 3322 669 3392 συμϐουλεύει
697 3323 980 3393 δυνάμεις,
999 3322 1415 3393 ἀπονιψαμένας
1439 3325 1501 3376 τὸ
1525 3322 1631 3376 τῶν
1645 3340 1748 3376 πα-

154 3415 271 3469 θῶν
294 3414 566 3484 ἁλμυρὸν,
595 3413 740 3467 τοῦτ’
761 3414 879 3467 ἐστι
923 3415 1016 3468 τὸν
1056 3414 1285 3469 παλαιὸν
1318 3414 1623 3485 ἄνθρωπον,
1652 3414 1746 3468 καὶ

153 3505 251 3559 τὸν
280 3505 402 3559 νέον
430 3505 815 3575 ἐνδυσαμένας,
854 3505 996 3559 κατὰ
1038 3506 1101 3560 τὸ
1146 3506 1344 3576 Παύλῳ
1378 3506 1588 3562 δοκοῦν.
1622 3503 1746 3560 Εἶθ’

153 3596 288 3665 ἑξῆς
310 3612 507 3666 “om.
536 3596 986 3667 Ἐγγισάτωσαν
1008 3596 1107 3651 καὶ
1126 3598 1580 3665 λαλησάτωσαν
1603 3598 1743 3667 ἅμα.

151 3688 227 3741 τὰ
255 3686 387 3759 ἔθνη
409 3687 591 3741 καλῶν
624 3688 763 3758 πρὸς
795 3689 985 3742 ἑαυτὸν
1008 3689 1037 3741 ὁ
1065 3689 1217 3755 Θεὸς,
1247 3690 1344 3742 καὶ
1368 3691 1542 3744 ταῦτα
1566 3690 1746 3758 λέγειν

151 3794 217 3831 τε
263 3780 367 3833 καὶ
404 3782 618 3850 φρονεῖν
647 3781 705 3831 ἐν
740 3778 1037 3850 Ἐκκλησία
1063 3779 1363 3846 διδάσκων,
1404 3779 1746 3853 κεκριμένως

152 3886 216 3921 τε
254 3868 316 3921 τὸ
343 3866 581 3938 Χριστοῦ
617 3865 1014 3935 καταγγέλλειν
1049 3871 1370 3937 μυστήριον.
1403 3867 1526 3920 Τῶν
1555 3870 1663 3939 γὰρ
1686 3868 1747 3933 ἐξ

163 3959 530 4030 Ἰερουσαλὴμ
577 3960 783 4027 κρίσιν
814 3959 1190 4029 ὀνομαζόντων
1216 3960 1307 4012 τὸν
1339 3960 1524 4030 νόμον,
1559 3959 1747 4024 ἀντεξ-

150 4056 310 4121 άγων
349 4050 502 4120 αὐτῷ
535 4051 596 4103 τὸ
627 4048 900 4121 σωτηρίον
930 4051 1193 4121 κήρυγμα
1238 4052 1443 4119 κρίσιν
1465 4050 1740 4103 ἐκάλεσεν.

150 4146 234 4199 Οὐ
264 4143 378 4214 γὰρ
410 4140 756 4211 δικαιοσύνης
782 4140 896 4212 ἔχει
933 4140 1113 4207 σκιὰν,
1146 4139 1283 4194 ἀλλὰ
1311 4139 1411 4211 τὴν
1438 4140 1615 4211 ἀληθῆ
1647 4140 1740 4191 τοῦ

148 4235 294 4290 Θεοῦ
318 4234 737 4307 δικαιοκρισίαν,
770 4235 836 4305 ἢν
862 4235 913 4287 οἱ
940 4235 1049 4287 νέοι
1084 4234 1236 4303 παρὰ
1269 4232 1509 4303 Χριστοῦ
1540 4231 1741 4302 μαθόν-

146 4345 247 4390 τες
277 4325 625 4380 διδάσκουσιν
656 4325 948 4392 ἄρχοντες
969 4362 984 4389 ,
1022 4322 1274 4392 βούλησιν
1308 4317 1471 4376 οὖσαν
1490 4321 1584 4375 τοῦ
1604 4321 1741 4373 Θεοῦ

148 4419 250 4471 καὶ
289 4416 559 4484 Πατέρος.

222 4508 387 4571 Τινὲς
411 4508 471 4560 δέ
500 4524 683 4576 φασιν,
712 4506 788 4569 ὡς
809 4505 900 4559 τον
933 4506 1060 4576 περὶ
1084 4505 1337 4574 κρίσεως
1362 4504 1522 4572 λόγον
1547 4504 1736 4575 βούλε-

146 4616 237 4654 ται
264 4599 341 4651 τὰ
370 4598 501 4668 ἒθνη
532 4597 771 4667 μαθόντα
803 4597 896 4649 καὶ
924 4597 1128 4662 ἑτέροις
1154 4594 1577 4665 ἀπαγγέλλειν,
1600 4597 1739 4665 γνῶ-

144 4692 235 4744 ναί
270 4707 335 4742 τε
370 4690 466 4755 τίς
486 4687 794 4759 ἐξήγειρεν
827 4689 945 4744 ἀπὸ
982 4686 1296 4743 ἀνατολῶν
1320 4686 1735 4755 δικαιοσύνην.

146 4781 557 4846 Δικαιοσύνης
588 4779 695 4847 γὰρ
718 4778 877 4849 ἔργον
898 4779 958 4832 τὸ
982 4779 1056 4850 μὴ
1081 4779 1242 4849 μόνον
1277 4777 1583 4843 Ἰουδαίους,
1605 4780 1739 4833 ἀλλὰ

145 4874 238 4925 καὶ
265 4872 342 4923 τὰ
375 4871 541 4923 λοιπὰ
570 4869 676 4923 τῶν
711 4869 878 4923 ἐθνῶν
910 4869 1207 4938 ἐπιγνῶναι
1236 4870 1326 4922 τὸν
1354 4870 1578 4941 Κύριον.
1596 4870 1654 4923 Ὀ
1682 4871 1738 4923 δὲ

144 4962 293 5024 θεῖος
330 4958 656 5021 Ἀπόστολος
673 4960 768 5011 καὶ
794 4958 884 5011 τὸν
907 4958 1140 5029 Χριστὸν
1165 4956 1563 5025 δικαιοσύνην
1584 4959 1739 5010 καλεί

142 5053 360 5119 ὶέγωψ
407 5051 539 5111 (Ὃς
588 5049 821 5119 ἐγενήθη
856 5051 985 5119 ἡμῖν
1016 5052 1174 5119 σοφία
1205 5051 1313 5103 ἀπὸ
1340 5051 1496 5114 Θεοῦ,
1526 5049 1733 5102 δικαιο-

146 5144 287 5211 σύνη
320 5156 379 5191 τε
411 5138 510 5190 καὶ
540 5138 836 5209 ἁγιασμὸς,
880 5140 971 5192 καὶ
1003 5141 1401 5209 ἀπολύτρωσις.
1440 5159 1456 5189 ι
1492 5138 1647 5191 υῦτω
1677 5139 1733 5191 δὲ

145 5234 244 5289 καὶ
269 5234 363 5287 τδν
396 5230 756 5299 εύαγγελικὸν
770 5234 923 5284 καλεῖ
947 5231 1126 5299 λόγον,
1158 5232 1333 5299 λέγων
1358 5246 1369 5258 ⁸
1402 5230 1477 5283 Οὐ
1502 5230 1610 5300 γὰρ
1638 5231 1734 5281 ἐπ-

146 5323 487 5397 αισχύνομαι
520 5322 581 5375 τὸ
613 5322 944 5390 Εὐαγγέλιον
992 5322 1218 5391 δύναμίν
1248 5339 1307 5374 τε
1336 5320 1569 5383 καλέσας
1597 5321 1732 5373 Θεοῦ

216 5505 265 5537 τ’
296 5503 517 5558 Coloss.
541 5518 625 5567 ιιι,
666 5502 720 5567 9,
764 5502 853 5557 10.
929 5501 1019 5554 "l
1057 5501 1183 5556 Cor.
1220 5512 1258 5567 ι,
1286 5497 1376 5558 ει.

1849 1868 1934 1916 est
1954 1868 2164 1930 gentes,
2180 1863 2481 1917 secundum
2510 1860 2897 1931 Symmachum
2929 1864 3213 1931 (tanquam
3241 1860 3432 1915 Domi-

1851 1968 1976 2006 num
2003 1962 2368 2020 exspectantes
2402 1953 2613 2009 insulas
2635 1965 2691 2007 et
2728 1961 2919 2021 gentes
2956 1951 3316 2023 alloquatur),
3343 1949 3428 2006 ide

1852 2043 2027 2113 ipsum
2074 2044 2273 2109 facere,
2306 2044 2357 2098 id
2392 2053 2476 2099 est
2505 2044 2575 2098 ab
2609 2045 2949 2099 imbecilliori
2980 2045 3182 2100 virtute
3210 2045 3281 2100 ad
3328 2060 3430 2115 po-

1848 2135 2042 2189 tiorem
2079 2136 2311 2190 transire
2340 2136 2590 2205 imperat.
2616 2136 2783 2189 Aiunt
2829 2136 3080 2191 nonnulli
3129 2136 3427 2189 insularum

1851 2226 2489 2296 appellatione'civitates
2513 2236 2567 2289 et
2584 2242 2753 2299 pagos
2783 2228 3101 2298 aliquando,
3134 2228 3228 2298 qui
3258 2229 3427 2285 vastis

1850 2317 2183 2387 incultisque
2210 2318 2373 2375 terris
2396 2319 2710 2374 ambiantur
2733 2320 2947 2391 (quales
2978 2320 3034 2375 in
3054 2319 3424 2376 Nummorum

1848 2419 1903 2466 et
1947 2410 2309 2467 Moabitarum
2351 2412 2652 2469 solitudine
2678 2428 2800 2469 esse
2836 2412 3141 2485 dicuntur),
3174 2415 3427 2487 intelligi,

1848 2516 1989 2571 quos
2020 2503 2171 2557 velut
2217 2504 2270 2557 in
2300 2504 2610 2575 exemplum
2663 2513 2984 2561 cancrorum
3010 2506 3427 2563 idololatrarum

1850 2595 2102 2657 assumit,
2143 2602 2202 2648 ut
2228 2594 2471 2665 gentium
2508 2596 2945 2665 assumptionem
2970 2611 3036 2653 ex
3085 2606 3240 2667 parte
3286 2598 3431 2652 indis

1850 2693 1957 2746 cet,
1980 2698 2119 2752 quas
2153 2698 2344 2739 errore
2372 2684 2541 2739 veteri
2577 2685 2788 2751 relicto,
2819 2694 2879 2739 ut
2902 2686 3055 2758 virgo
3076 2704 3236 2758 pura,
3274 2690 3425 2744 omni

1852 2760 1992 2837 labe,
2036 2774 2294 2844 omnique
2329 2790 2461 2846 ruga
2494 2784 2742 2831 carentes
2776 2777 3029 2841 evadant,
3063 2778 3129 2832 ad
3169 2779 3294 2834 vitae
3327 2794 3428 2834 no-

1851 2865 2071 2920 vitatem
2105 2868 2345 2924 transire
2383 2867 2676 2937 significat,
2707 2869 3070 2939 principesque
3096 2870 3272 2940 ipsos,
3305 2878 3427 2924 tan.

1848 2973 2013 3028 quam
2034 2958 2122 3023 iis,
2145 2961 2240 3028 qui
2264 2959 2435 3029 legem
2454 2967 2784 3029 sequuntur,
2798 2961 3429 3030 superiores,etomniuo

1850 3049 2058 3104 virtute
2082 3048 2352 3120 spirituali
2382 3052 2796 3121 praestantiores
2815 3051 3113 3116 evaserint,
3136 3053 3425 3121 potentiam

1850 3150 2194 3195 commutare.
2223 3139 2465 3197 Censent
2487 3142 2579 3196 alii
2610 3141 2850 3209 animas,
2875 3157 2998 3213 qua:
3027 3156 3087 3198 se
3121 3142 3213 3198 diu
3268 3144 3427 3199 volus

1848 3233 2092 3302 ptatibus
2112 3232 2487 3299 exhauserint,
2507 3233 2575 3288 ad
2596 3234 2743 3288 vires
2766 3233 2873 3289 sibi
2909 3233 3266 3304 reparandas,
3292 3234 3426 3290 adea

1847 3325 2204 3394 ctionumque
2236 3324 2606 3396 salsilaginem
2639 3326 2950 3392 eluendam,
2978 3327 3030 3381 id
3067 3338 3153 3383 est
3180 3328 3248 3383 ad
3273 3338 3424 3385 vetes

1849 3432 1965 3471 rem
2021 3416 2321 3483 hominem,
2355 3422 2656 3474 secundum
2720 3417 2950 3473 Paulum
2985 3421 3051 3482 τ’.
3088 3422 3426 3489 exuendam,

1850 3522 2160 3578 novumque
2196 3510 2533 3567 induendum
2570 3511 2878 3567 adhortari.
2915 3511 3079 3566 Addit
3110 3528 3239 3568 vero
3269 3512 3426 3570 dein;

1847 3613 2000 3669 ceps,
2032 3600 2309 3663 accedant,
2339 3611 2388 3654 et
2417 3603 2703 3672 loquantur
2723 3603 2905 3668 simul,
2942 3605 3095 3673 quasi
3123 3614 3313 3676 gentes
3358 3604 3428 3661 ad

1847 3689 2090 3760 seipsum
2120 3702 2342 3746 vocatas
2363 3693 2624 3748 eademin
2646 3692 2887 3750 Ecclesia
2915 3693 3102 3751 dicere
3129 3706 3186 3751 et
3207 3711 3426 3767 sapere.

1842 3783 2163 3853 judicioque
2211 3785 2461 3841 adhibito
2490 3787 2693 3842 Christi
2729 3789 3051 3859 mysterium
3093 3790 3427 3848 annuntiare

1848 3869 1994 3927 Deus
2016 3880 2259 3928 moneat.
2282 3872 2420 3941 Quia
2445 3876 2592 3930 enim
2624 3876 2795 3947 legem
2817 3878 3015 3947 judicii
3041 3880 3264 3938 nomine
3300 3880 3427 3939 Hie.

1849 3963 2225 4033 rosolymitani
2269 3968 2682 4037 nuncupabant,
2717 3969 2770 4023 in
2821 3969 2949 4036 ejus
2998 3970 3179 4026 locum
3227 3974 3424 4031 salutis

1842 4053 2009 4127 450
2038 4057 2533 4129 promulgationem
2599 4061 2965 4126 suhstituens,
2995 4064 3244 4119 eamdem
3280 4065 3425 4134 judi~

1844 4150 1981 4202 cium
2006 4151 2242 4214 vocavit,
2275 4165 2398 4220 qua:
2420 4166 2526 4204 non
2554 4152 2785 4219 iustitia:
2808 4153 3081 4219 umbram,
3110 4155 3207 4210 sed
3237 4171 3421 4212 veram

1846 4236 1939 4293 Dei
1970 4240 2025 4293 in
2058 4240 2358 4309 judicando
2414 4243 2682 4297 rationem
2736 4246 3136 4313 complectitur,
3172 4260 3338 4315 quam
3391 4264 3421 4304 a

1842 4326 2063 4383 Christo
2116 4335 2395 4397 acceptam
2432 4330 2586 4399 (quia
2625 4329 2717 4385 Dei
2743 4337 2799 4385 et
2844 4331 3021 4386 Patris
3080 4332 3421 4390 voluntatem

1768 4424 1813 4478 D
1843 4416 2064 4488 habeat)
2095 4420 2219 4473 novi
2247 4418 2504 4487 principes
2522 4420 2871 4490 profitentur.

1916 4506 2117 4571 Putant
2136 4510 2227 4562 alii
2268 4510 2566 4578 postulare,
2619 4520 2675 4565 ut
2726 4511 2931 4581 quaede
2966 4511 3176 4579 judicio
3229 4520 3419 4583 gentes

1841 4599 2172 4660 didicerunt,
2202 4599 2323 4654 aliis
2354 4601 2518 4655 etiam
2568 4602 2701 4671 ipsas
2725 4603 3059 4669 annuntient,
3092 4610 3258 4674 utque
3282 4606 3422 4675 quis-

1844 4708 1967 4745 nam
1991 4694 2055 4745 ab
2093 4693 2287 4745 oriente
2304 4693 2572 4761 justitiam
2595 4694 2891 4759 suscitavit,
2925 4704 3251 4765 agnoscant.
3279 4693 3420 4753 Fore

1844 4781 1991 4834 enim
2038 4780 2267 4849 justitia:
2320 4796 2493 4850 opus,
2527 4782 2573 4837 si
2625 4798 2735 4837 non
2785 4782 2959 4838 Judaei
3016 4792 3249 4851 tantum,
3321 4782 3419 4840 sed

1846 4873 2071 4940 reliqua:
2100 4883 2292 4942 gentes
2320 4873 2483 4927 etiam
2513 4873 2727 4928 Domini
2750 4876 3115 4945 cognitionem
3141 4874 3417 4947 adipisca‘

1843 4969 1954 5016 tur.
1981 4963 2124 5027 Quin
2147 4972 2201 5016 et
2233 4964 2730 5033 beatusApostolus
2751 4964 3031 5021 Christum
3056 4967 3419 5037 ipsumjusti:

1842 5054 1972 5105 tiam
2001 5055 2356 5122 nuncupavit,
2388 5054 2516 5109 dum
2554 5056 2651 5117 ait,
2690 5075 2706 5105 ι
2735 5054 2837 5121 Qui
2892 5055 3072 5111 factus
3111 5066 3198 5113 est
3256 5058 3416 5112 nobis

1841 5142 2109 5211 sapientia
2138 5158 2164 5195 a
2198 5143 2330 5207 Deo,
2363 5155 2413 5199 et
2448 5144 2687 5214 justitia,
2716 5157 2767 5200 et
2810 5148 3199 5211 sanctiﬁcatio,
3232 5158 3285 5203 et
3332 5158 3417 5203 res

1840 5228 2080 5298 dcmptio
2109 5230 2175 5284 ".
2209 5250 2226 5282 ι
2266 5231 2356 5286 Sic
2384 5242 2437 5287 et
2462 5234 2603 5289 idem
2666 5236 3049 5304 Evangelicum
3105 5247 3411 5292 sermonem

1843 5320 2098 5389 appellat,
2125 5320 2255 5376 dum
2288 5338 2347 5378 se
2387 5324 2735 5396 Evangelium
2778 5342 2886 5381 non
2934 5330 3259 5384 erubescere
3285 5342 3413 5389 proII

1479 5609 1700 5672 MRIIE
1742 5608 2127 5674 LECTIONES

218 5690 257 5720 ⁸⁵
302 5704 395 5754 γρ.
430 5682 519 5748 ἃς.
597 5691 623 5722 υ
648 5702 738 5754 γρ.
770 5680 975 5757 ὥσπερ.
1180 5766 1209 5771 Α.

474 5777 741 5838 Parant.
776 5777 893 5837 Gn.
932 5769 1300 5838 LXXXVII.
