3978 6374
565 299 704 362 2347

1895 303 2248 365 PROCOPII
2279 302 2522 364 GAZ/EI

3666 302 3783 366 2348

565 423 767 485 fessus,
804 418 1060 474 virtutem
1091 417 1182 474 Dei
1236 418 1474 489 idipsum
1523 433 1646 475 esse
1680 419 1894 490 adjicit,
1917 421 1972 476 in
2029 436 2138 491 quo

2254 421 2466 489 ἐπάγειο
2501 416 2820 488 Δικαιοσύνη
2852 417 2960 488 γὰρ
3002 416 3138 471 Θεοῦ
3171 417 3229 472 ἐν
3256 414 3404 485 αύτῷ
3434 416 3786 472 ἀποκαλύπτε-

561 514 782 584 justitia
816 512 937 581 ejus
968 511 1266 574 reveletur,
1295 511 1390 580 qui
1427 511 1601 580 ipsam
1625 515 1688 566 ab
1714 513 1932 577 oriente,
1959 520 2018 566 nt
2056 513 2139 567 lu-

565 621 682 660 cem
714 603 1070 672 sequentibus
1101 601 1360 672 praiheat,
1379 604 1650 668 excitavit,
1677 613 1724 658 et
1752 604 1900 658 dedit
1930 607 1983 658 in
2014 622 2138 659 con-

564 705 796 764 spectum
823 695 1077 764 gentium,
1114 693 1259 748 unde
1286 695 1687 751 tumultuantes
1719 697 1957 767 primum
1980 711 2137 768 reges

565 786 620 840 in
653 799 770 848 eos,
807 784 899 853 qui
928 798 1047 838 eam
1101 783 1387 848 haberent,
1419 786 1861 855 persecutionem
1913 785 2135 857 quidem

566 892 804 940 movere,
839 875 931 930 sed
968 876 1038 929 ab
1067 875 1281 942 eadem,
1301 877 1602 933 auxiliante
1628 877 1758 943 Deo,
1796 878 1939 933 vinci
1963 887 2017 934 et
2043 894 2139 933 su-

567 968 745 1039 perari
781 967 1032 1036 contigit.
1060 965 1178 1036 lpse
1207 967 1353 1021 enim
1410 968 1656 1023 hosticas
1691 984 1878 1024 eorum
1928 969 2140 1023 machi-

567 1074 692 1123 nas,
729 1067 990 1126 tanquam
1047 1058 1299 1110 cremium
1341 1057 1667 1126 disperdidit
1713 1061 1948 1129 viamque
1991 1075 2141 1114 com-

565 1150 831 1222 planavit,
864 1149 920 1201 in
946 1165 1074 1217 pace
1107 1148 1260 1217 pedes
1291 1149 1404 1218 ejus
1441 1151 1748 1215 transirent,
1768 1151 1858 1220 qui
1867 1150 2141 1220 justitiam

567 1243 632 1296 ab
683 1243 795 1310 ipso
824 1242 1220 1310 generationum
1260 1242 1518 1310 principia
1578 1244 1804 1308 vocavit,
1844 1258 1942 1313 per
1975 1258 2138 1313 quam

567 1348 669 1388 nos
703 1332 1000 1402 postremis
1024 1331 1244 1385 tandem
1273 1331 1491 1386 saeculis
1516 1332 1873 1402 corruptione
1907 1333 2140 1388 diaboli-

569 1441 676 1497 que
713 1424 978 1478 aviditate
1003 1431 1058 1478 et
1092 1423 1284 1477 fraude
1320 1423 1601 1485 liberatos,
1634 1439 1732 1492 per
1785 1423 1943 1479 ﬁdem
1979 1424 2140 1480 deni-

571 1533 678 1588 que
715 1516 1080 1580 illuminatos,
1112 1529 1237 1570 cum
1296 1515 1351 1568 in
1400 1516 1641 1569 tenebris
1673 1515 2145 1584 versaremur,ju-

2237 513 2457 575 ται.Ὃς
2483 511 2580 565 καὶ
2613 511 2682 575 ἐξ
2711 508 3028 564 ἀνατολῶν
3053 509 3250 578 αὐτὴν
3278 509 3479 577 ἤγειρε
3505 506 3602 560 τοῦ
3642 512 3790 576 quis;

2238 606 2319 668 είς
2343 603 2402 656 τὸ
2425 602 2655 656 ἕπεσθαι
2689 599 2860 670 αὐτῷ,
2891 599 3037 666 δοὺς
3060 599 3255 667 αὐτὴν
3279 598 3401 652 τῶν
3428 596 3622 652 ἐθνῶν
3649 598 3791 653 trav.

2238 697 2389 760 τιον,
2412 697 2488 758 ὡς
2517 693 2885 766 θορυϐηθῆναι
2906 691 2976 744 τὰ
3003 691 3196 762 πρῶτα
3217 692 3345 754 τοὺς
3376 689 3556 743 αὐτῶν
3585 688 3793 754 βασιλεῖς

2237 786 2514 856 διωγμοὺς
2539 786 2650 847 τοῖς
2681 782 2896 852 ἔχουσιν
2935 781 3104 851 αὐτὴν
3134 779 3553 847 ἐπεγείραντας,
3589 775 3794 845 ἡττηθῆ-

2238 896 2329 934 ναι
2358 878 2415 930 δὲ
2447 875 2582 947 πρὸς
2613 874 2821 942 ταύτης
2851 869 3298 943 ὑπερμαχοῦντος
3327 867 3483 922 Θεοῦ.
3511 868 3682 929 Δύτδς
3706 867 3794 937 γὰρ

2237 969 2307 1023 τὰ
2330 967 2601 1038 πολεμικὰ
2628 964 2834 1018 τούτων
2859 962 3183 1033 φρυγάνων
3195 961 3350 1029 δίκην
3372 958 3661 1028 ἠφάνισεν,
3677 956 3798 1010 ὁδὸν

2240 1059 2528 1130 όμαλίσας,
2561 1057 2636 1120 ὠς
2672 1057 2742 1110 ἐν
2775 1055 2985 1124 εἰρήνῃ
3018 1051 3278 1106 διελθεῖν
3312 1049 3454 1115 τοὺς
3496 1045 3688 1112 πόδας
3712 1049 3799 1102 ab-

2240 1152 2368 1215 τοῦ,
2399 1149 2516 1218 τὴν
2543 1147 2946 1214 δικαιοσύνην
2991 1143 3111 1200 ἀπὸ
3159 1141 3383 1214 γενεῶν
3412 1138 3684 1204 καλέσας
3712 1139 3800 1206 dp-

2241 1243 2446 1313 χαίων,
2486 1241 2554 1295 δι’
2575 1235 2645 1312 ἦς
2685 1239 2772 1292 ἐπ’
2794 1238 3038 1308 ἐσχάτων
3075 1234 3378 1308 ῥυσάμενος
3405 1232 3558 1300 ἡμᾶς
3599 1229 3702 1282 ἁπδ
3721 1229 3802 1298 τῆς

2243 1332 2586 1406 φθορᾶς,καὶ
2620 1331 2722 1400 τῆς
2749 1329 2845 1384 τοῦ
2878 1328 3123 1383 διαϐόλου
3153 1323 3501 1391 πλεονεξίας,
3540 1321 3802 1374 ἐδικαίωσε

2241 1423 2332 1477 διὰ
2380 1423 2616 1486 πίστεως
2670 1420 2911 1491 φωτίσας
2945 1417 3365 1488 ἐσκοτισμένους
3410 1415 3502 1468 διὰ
3546 1410 3805 1482 προφήτου

2243 1515 2453 1584 λέγων’
2513 1531 2532 1564 ι
2561 1513 2674 1565 Καὶ
2719 1510 2971 1564 ἀνατελεί
3016 1511 3146 1578 ὑμῖν
3194 1509 3306 1568 τοῖς
3355 1501 3711 1575 φοϐουμένοις
3755 1501 3806 1553 τὸ

569 1611 850 1676 stificavit,
883 1607 976 1681 qui
1007 1623 1104 1678 per
1141 1609 1462 1678 prophetam
1494 1605 1670 1660 dicit:
1709 1625 1728 1658 ι
1761 1605 1829 1659 Ει
1864 1606 2145 1662 exorietur

2254 1606 2414 1675 Βνομα
2461 1621 2564 1674 μου
2601 1603 2753 1674 ἥλιος
2782 1600 3154 1671 δικαιοσύνης.
3191 1618 3209 1651 ι
3262 1597 3434 1660 Αύτδς
3469 1591 3568 1649 οὖν
3618 1591 3806 1646 ἐκάλε-

567 1704 744 1768 vobis,
775 1702 869 1772 qui
908 1715 1106 1755 nomen
1136 1713 1315 1754 meum
1355 1697 1620 1763 metuitis,
1649 1697 1740 1753 Sol
1763 1698 1998 1767 justitiae
2029 1700 2072 1754 ⁸.
2117 1717 2136 1749 ι

2254 1713 2360 1752 σεν
2388 1696 2582 1765 αὐτὴν
2610 1694 3010 1767 ἐμφανισθῆναι
3051 1694 3165 1756 τοῖς
3212 1690 3309 1744 ἐπὶ
3352 1689 3479 1758 γῆς,
3503 1685 3659 1740 τοῦτ’
3683 1683 3809 1736 ἔστιν

565 1792 692 1863 ipse
726 1791 895 1860 igitur
931 1805 1048 1842 eam
1078 1787 1303 1852 vocavit,
1339 1787 1507 1853 utiis,
1531 1789 1623 1857 qui
1657 1788 1711 1844 in
1742 1797 1887 1843 terra
1915 1788 2142 1860 degunt,

2254 1787 2422 1841 ἐλθεῖν
2469 1760 2873 1858 παρεσκεύασε,
2901 1760 2978 1847 ῶς
3027 1783 3122 1836 καὶ
3155 1778 3486 1852 πορεύεσθαι
3516 1774 3664 1830 κατὰ
3693 1773 3809 1826 πτιδα

572 1891 859 1956 appareret
893 1897 906 1936 :
946 1882 1000 1936 id
1033 1888 1143 1944 est,
1169 1878 1424 1934 veniendi
1464 1887 1660 1934 auctor
1684 1879 1804 1946 fuit,
1835 1887 1895 1935 ut
1944 1895 2148 1936 secun-

572 1975 701 2026 dum
755 1971 896 2024 viam
923 1970 1066 2039 ejus,
1095 1969 1189 2037 qui
1219 1968 1457 2033 vocavit,
1492 1970 1817 2025 ambularet.
1863 1969 1957 2025 Dei
2000 1971 2144 2026 enim

572 2062 865 2132 Patrisque
920 2059 1166 2130 vestigiis
1220 2059 1536 2125 insistebat,
1572 2059 1665 2129 qui
1715 2061 1832 2130 ejus
1858 2075 2027 2131 opera
2052 2062 2148 2117 ad-

575 2157 834 2226 implens,
864 2167 962 2209 sua
989 2153 1141 2206 illum
1171 2159 1392 2218 natura,
1418 2151 1509 2205 cui
1539 2152 1766 2221 aequalis
1825 2161 1932 2219 est,
1961 2154 2149 2224 expri-

573 2254 771 2303 meret.
799 2243 957 2300 Unde
995 2245 1109 2297 ait:
1149 2261 1166 2293 ι
1199 2242 1256 2297 Si
1284 2259 1393 2297 non
1439 2243 1581 2298 facio
1621 2258 1786 2314 opera
1817 2243 1997 2301 Patris
2019 2246 2147 2310 mei,

576 2338 748 2393 nolite
777 2335 909 2389 mihi
938 2334 1162 2389 credere
1190 2335 1233 2397 ’,
1275 2353 1292 2385 ι
1324 2342 1378 2389 ει
1409 2347 1530 2403 quae
1573 2341 1897 2404 sequuntur.
1917 2334 2147 2400 Deinde,

576 2446 706 2485 cum
736 2427 1007 2484 voluntati
1043 2427 1165 2496 ejus
1211 2427 1634 2496 obsequeretur,
1663 2428 1746 2482 vel
1784 2428 1988 2498 potius,
2024 2443 2148 2484 cum

574 2526 694 2592 ipse
729 2520 910 2575 Patris
945 2518 1200 2573 voluntas
1220 2518 1532 2583 exsisteret,
1565 2519 1639 2572 ita
1657 2516 1877 2574 Judaeos
1908 2520 2150 2590 alloque-

575 2613 784 2667 batur:
832 2627 850 2660 ‹
885 2608 992 2663 Vos
1033 2607 1335 2662 secundum
1361 2607 1518 2678 451
1579 2623 1798 2663 carnem
1833 2609 2099 2678 iudicatis
2133 2625 2148 2668 :

577 2719 680 2774 ego
711 2711 890 2757 autem
946 2716 1054 2754 non
1093 2700 1281 2770 judico
1303 2715 1654 2770 quemquam.
1696 2719 1715 2752 ι
1746 2700 1832 2768 Et,
1868 2719 1886 2753 ι
1926 2703 1970 2758 si
2007 2702 2152 2773 judi-

579 2809 644 2848 cn
691 2807 813 2862 ego,
838 2790 1110 2860 judicium
1141 2805 1322 2846 meum
1369 2805 1556 2845 verum
1591 2801 1697 2854 est,
1728 2792 1988 2862 quoniam
2039 2807 2150 2849 non

578 2898 767 2955 qumro
784 2883 1121 2938 voluntatem
1157 2898 1356 2947 meam,
1373 2884 1466 2938 sed
1485 2883 1605 2953 ejus
1627 2885 1887 2954 quimisit
1913 2901 2000 2941 me
2024 2886 2091 2951 ¹⁰,
2129 2905 2147 2937 ι

578 2976 726 3045 quod
755 2974 947 3031 eodem
985 2973 1112 3043 pede
1142 2989 1265 3030 cum
1299 2973 1462 3028 Patre
1515 2990 1744 3047 pergere
1771 2992 1897 3033 vere
1925 2977 2151 3045 dixeris,

2246 1878 2340 1932 τοῦ
2386 1878 2738 1948 κεκληκότος.
2773 1877 2912 1931 Κατ’
2939 1876 3083 1946 ἴχνος
3131 1871 3242 1943 γὰρ
3287 1869 3501 1933 ἐϐάδιζε
3549 1865 3649 1919 τοῦ
3694 1862 3810 1917 Θεοῦ

2249 1973 2341 2027 καὶ
2386 1972 2648 2044 Πατέρος,
2677 1973 2745 2025 τὰ
2780 1970 2992 2024 ἐκείνου
3044 1968 3181 2039 ἔργα
3229 1963 3472 2036 πληρῶν,
3522 1963 3582 2014 ἐν
3629 1959 3733 2028 ίδίᾳ
3761 1973 3809 2009 τε

2247 2063 2436 2117 τοῦτον
2471 2062 2630 2133 φύσει
2657 2056 3004 2124 δεικνύςῙΗν
3025 2059 3134 2129 γὰρ
3160 2057 3271 2119 ἴσος
3302 2053 3472 2124 αὐτῷ.
3505 2051 3598 2104 Διό
3629 2063 3808 2119 φησιν’

2257 2175 2274 2207 ι
2301 2157 2365 2209 Εί
2394 2157 2455 2209 οὐ
2489 2154 2627 2208 ποιῶ
2658 2154 2728 2208 τὰ
2761 2153 2900 2226 ἔργα
2931 2151 3026 2206 τοῦ
3057 2149 3300 2218 Πατέρος
3327 2163 3448 2217 μου,
3476 2145 3550 2214 μὴ
3575 2139 3808 2196 πιστεύε-

2249 2249 2309 2302 τέ
2345 2265 2470 2319 μοι,
2505 2265 2524 2299 ι
2555 2248 2650 2300 καὶ
2679 2246 2749 2300 τὰ
2789 2244 2935 2314 ἐξῆς.
2963 2244 3041 2314 Τῇ
3073 2241 3239 2296 αὑτοῦ
3274 2239 3330 2292 δὲ
3359 2237 3578 2308 θελήσει
3608 2233 3812 2287 ἀκολου-

2251 2339 2399 2403 θῶν,
2442 2338 2642 2410 μᾶλλον
2696 2337 2752 2391 δὲ
2801 2336 3019 2406 θέλησις
3061 2333 3137 2387 ὢν
3170 2331 3265 2386 τοῦ
3315 2331 3597 2402 Πατέρος,
3645 2327 3812 2395 ἐλεγεν

2264 2431 2562 2493 Ἰουδαίοις·
2596 2447 2614 2482 t
2636 2429 2826 2498 Ὑμεῖς
2855 2426 2994 2481 κατὰ
3017 2428 3116 2494 τὴν
3149 2425 3327 2494 σάρκα
3357 2421 3597 2492 κρίνετε,
3631 2415 3740 2484 ἐγὼ
3761 2416 3811 2468 ού

2252 2521 2424 2592 κρίνω
2471 2519 2680 2572 οὐδένα.
2712 2537 2731 2569 ι
2781 2516 2886 2570 Καί
2909 2533 2924 2547 °
2964 2533 2983 2567 t
3005 2514 3132 2568 Ἐὰν
3163 2514 3332 2585 κρίνω
3359 2509 3491 2579 ἐγὼ,
3521 2511 3556 2580 ἡ
3587 2505 3813 2577 κρίσιςή

2254 2613 2362 2685 ἐμὴ
2399 2612 2586 2666 δικαία
2618 2610 2786 2675 ἐστὶν,
2821 2610 2903 2663 ὅτι
2946 2608 3008 2660 ού
3040 2606 3190 2677 ζητῶ
3222 2607 3282 2660 τὸ
3312 2603 3526 2674 θέλημα
3570 2601 3632 2654 τὸ
3678 2601 3811 2671 ἐμὸν,

2254 2705 2390 2759 ἀλλὰ
2421 2705 2483 2758 τὸ
2510 2703 2724 2772 θέλημα
2746 2700 2839 2754 τοῦ
2870 2699 3184 2770 πέμψαντός
3215 2715 3302 2768 με,
3325 2715 3343 2748 ι
3374 2697 3513 2764 ὅπερ
3547 2694 3662 2747 ἐστὶ
3685 2693 3814 2747 κατὰ

2256 2797 2410 2852 πόδα
2438 2797 2640 2868 χωρεῖν
2661 2792 2758 2846 τοῦ
2785 2792 3049 2862 Πατέρος,
3075 2791 3197 2844 ὅθεν
3225 2788 3434 2857 ἔλεγεν·
3473 2806 3492 2839 t
3515 2783 3657 2855 Ἐγὼ
3677 2786 3733 2838 ἐν
3749 2784 3813 2852 τῷ

2257 2891 2458 2959 Πατέρι
2478 2931 2492 2954 ,
2527 2886 2624 2941 καὶ
2655 2887 2683 2937 ό
2717 2885 2906 2955 Πατὴρ
2936 2886 2995 2936 ἐν
3024 2881 3168 2953 ἐμοί.
3200 2899 3219 2934 ι
3255 2880 3366 2934 Καί
3384 2896 3398 2911 ο
3445 2897 3466 2930 ι
3487 2879 3545 2932 ’0
3572 2875 3814 2950 ἑωρακὼς

2255 2981 2374 3052 ἐμὲ,
2406 2979 2619 3050 ἑώρακε
2649 2976 2740 3030 τὸν
2763 2975 3004 3047 Πατέρα.
3038 2994 3056 3024 ι
3092 2973 3170 3025 Δι’
3193 2964 3268 3025 ὧν
3293 2969 3586 3033 ἁπάντων,
3617 2968 3738 3031 τοὺς
3765 2967 3814 3030 ἐξ

578 3081 704 3121 cum
759 3065 1102 3132 scribatur,¢
1138 3064 1250 3134 Ego
1308 3064 1361 3119 in
1423 3064 1604 3134 Patre,
1638 3075 1693 3122 et
1747 3066 1907 3122 Pater
1969 3068 2025 3123 in
2068 3085 2149 3126 me

2257 3071 2431 3142 ἀρχῆς
2461 3065 3058 3128 καταδυναστευθέντας
3087 3063 3192 3116 ύπὺ
3231 3062 3338 3116 τῶν
3377 3059 3815 3130 κοσμοκρατόρων

579 3166 663 3213 est
693 3157 757 3210 ¹¹.
801 3174 819 3208 ι
859 3155 964 3210 Et:
1007 3174 1026 3207 ι
1052 3155 1160 3221 Qui
1188 3155 1338 3210 videt
1375 3171 1483 3220 me,
1513 3157 1664 3212 videt
1696 3167 1749 3214 et
1781 3158 1997 3214 Patrem
2027 3162 2091 3214 ".
2129 3180 2147 3214 ι

580 3247 794 3315 Quibus
823 3247 1080 3302 omnibus
1127 3262 1247 3310 eos,
1281 3247 1372 3318 qui
1409 3263 1439 3302 a
1462 3249 1738 3320 principio
1762 3249 1817 3304 in
1859 3251 2023 3322 hujus
2054 3268 2156 3309 sae-

581 3341 692 3398 culi
718 3341 1186 3410 tcnebrarumque
1203 3340 1472 3410 principis
1500 3347 1828 3410 potestatem
1864 3352 2153 3409 venerant,

581 3433 828 3503 ejusdem
851 3431 1142 3503 tyrannide
1165 3432 1436 3495 liberauit;
1466 3447 1606 3502 quos
1663 3432 1732 3487 ad
1769 3441 1974 3488 tantam
2030 3436 2164 3491 vitai

582 3525 1066 3579 commutationem
1093 3523 1513 3591 obstupescentes
1541 3538 1697 3594 reges
1711 3524 1896 3580 dicere
1925 3526 2109 3583 valeas
2135 3544 2149 3592 ;

581 3613 676 3683 qui
711 3615 1051 3677 intueantur,
1089 3622 1147 3668 ut
1173 3614 1276 3683 ipsi
1316 3613 1648 3679 ceciderant,
1678 3623 1736 3666 ut
1773 3616 1966 3669 cremio
1997 3616 2152 3672 simi-

583 3706 664 3760 les
688 3713 978 3761 evaserant
1004 3722 1020 3771 ;
1053 3714 1112 3759 ut
1141 3705 1322 3759 omnis
1345 3704 1584 3773 denique
1615 3705 1745 3759 mali
1783 3708 1967 3776 operis
2012 3711 2152 3765 ratio

583 3804 809 3864 propter
869 3795 1139 3865 direptam
1199 3810 1296 3865 per
1348 3796 1630 3850 Christum
1685 3796 1992 3855 adversarii
2055 3818 2150 3857 su-

2254 3159 2348 3213 τοῦ
2381 3157 2605 3219 σκότους
2629 3154 2821 3208 τούτου
2855 3153 2954 3222 τῆς
2983 3151 3298 3223 τυραννίδος
3329 3147 3714 3215 ἀπήλλαξεν·
3737 3145 3815 3208 οὓς

2254 3251 2428 3312 εῐποις
2458 3247 2526 3302 ἂν
2552 3245 2805 3318 βασιλέας
2833 3242 3240 3311 ἐξεστηκότας
3261 3241 3354 3293 ἐπὶ
3381 3242 3449 3310 τῇ
3477 3237 3711 3307 τοσαύτῃ
3731 3235 3814 3290 τοῦ

2259 3341 2375 3412 βίου
2415 3338 2707 3411 μεταϐολῇ,
2736 3337 2834 3408 τὴν
2865 3335 3073 3388 πτῶσιν
3102 3332 3343 3405 ὁρῶντας
3372 3331 3468 3401 τὴν
3494 3328 3814 3396 ἐαυτῶν,καὶ

2257 3433 2332 3495 ὡς
2361 3427 2690 3500 φρυγάνοις
2737 3427 2841 3479 [σοι
2887 3423 3198 3491 γεγόνασιν,
3233 3419 3328 3473 καὶ
3372 3420 3481 3481 πᾶς
3521 3415 3694 3470 αὐτῶν
3725 3431 3813 3467 κα·-

2259 3521 2522 3592 κουργίας
2551 3517 2818 3589 ἠσθένησε
2847 3515 3070 3585 τρόπος,
3100 3508 3339 3584 Χριστοῦ
3359 3509 3427 3562 τὰ
3458 3510 3630 3577 σκεύη
3656 3504 3813 3560 αὐτῶν

2258 3612 2685 3685 διαρπάσαντος.
2731 3628 2748 3660 ι
2783 3609 2856 3662 Οὐ
2888 3606 2994 3678 γὰρ
3019 3605 3312 3674 ὠφελήσει,
3343 3601 3529 3672 φησιν,
3565 3599 3742 3670 ἐχθρὸς
3763 3598 3813 3649 ἐν

2261 3705 2429 3777 αύτῷ,
2462 3705 2558 3759 καὶ
2606 3703 2719 3765 υίὸς
2748 3699 2978 3770 ἀνομίας
3008 3695 3068 3750 οὐ
3106 3693 3408 3767 προσθήσει
3443 3691 3539 3746 τοῦ
3588 3690 3811 3744 κακῶσαι

2260 3800 2445 3856 αὐτόν.
2481 3815 2499 3848 ι

583 3890 910 3959 peltectilem
933 3890 1272 3960 elanguerat.
1294 3909 1312 3941 ι
1341 3889 1461 3946 Νοη
1501 3893 1649 3947 enim
1693 3893 1967 3962 proﬁciet,
1993 3898 2191 3969 inquit,
2239 3893 2594 3955 adversarius
2630 3890 2684 3946 in
2707 3903 2794 3955 eo,
2830 3894 2885 3943 et
2906 3885 3050 3941 ﬁlius
3099 3879 3412 3954 iniquitatis
3445 3895 3555 3936 non
3602 3889 3808 3950 appone:

585 3994 785 4033 nocere
825 3979 874 4033 ei
894 3981 957 4031 ⁸⁸.
987 3997 1004 4029 ι

656 4072 878 4142 Fugatis
919 4085 1051 4140 ergo
1095 4071 1377 4141 pulsisque
1423 4071 1780 4141 adversariis,
1829 4077 1915 4130 via
1964 4078 2154 4148 pedum

581 4165 692 4234 ejus
724 4164 873 4232 facta
915 4170 994 4215 est
1039 4161 1093 4214 in
1116 4175 1268 4228 pace.
1322 4159 1468 4214 Nihil
1505 4162 1649 4216 enim
1686 4163 1809 4233 ipsi,
1861 4169 2158 4236 quominus

579 4271 665 4320 ea,
705 4271 827 4324 quae
860 4254 928 4306 ad
975 4268 1078 4308 nos
1123 4260 1394 4322 spectant,
1443 4253 1858 4312 administraret
1889 4273 2014 4315 esse
2054 4261 2157 4314 im-

582 4344 894 4412 pedimento
922 4343 1122 4413 potuit.
1162 4342 1257 4397 llle
1285 4342 1452 4412 igitur
1484 4343 1596 4397 ait:
1625 4343 1736 4415 Ego
1761 4363 1904 4414 sum,
1932 4350 2024 4418 qui
2059 4365 2152 4404 no-

2338 4067 2460 4122 Τῶν
2486 4060 2578 4118 οῦν
2604 4061 2812 4132 ἐχθρῶν
2840 4057 3238 4127 δεδιωγμένων,
3264 4057 3302 4123 ἡ
3331 4054 3471 4120 ὁδὸς
3497 4053 3617 4108 τῶν
3638 4051 3809 4107 ποδῶν

2265 4159 2451 4216 αὐτοῦ
2484 4157 2733 4228 γέγονεν
2764 4154 2835 4207 ἐν
2859 4149 3091 4220 εὶρήνῃ.
3123 4151 3320 4216 Γέγονε
3341 4147 3451 4218 γὰρ
3488 4147 3640 4200 οὐδὲν
3665 4147 3807 4216 ἐμποο

2267 4253 2374 4308 δὼν
2403 4247 2774 4319 οἰκονομοῦντι
2808 4245 2876 4298 τὰ
2908 4243 3028 4298 καθ’
3057 4243 3227 4313 ἡμᾶς.
3265 4239 3406 4308 Ἐγὼ
3426 4240 3628 4303 τοίνυν,
3651 4237 3803 4308 φησιν,

2265 4345 2292 4396 ὁ
2323 4345 2380 4396 ἐν
2427 4339 2640 4410 ἐσχάτῳ
2683 4335 3004 4399 καταδείξας
3047 4331 3225 4403 καιρῷ
3265 4331 3376 4398 τὴν
3424 4329 3803 4393 δικαιοσύνην,

581 4435 808 4488 vissima
873 4440 1198 4503 tempestate
1258 4433 1534 4502 justitiam
1590 4415 2010 4508 demonstravi;
2071 4458 2149 4509 qua

2267 4431 2576 4500 κεκληκὼς
2613 4428 2681 4481 δὲ
2702 4426 2898 4493 αὐτὴν
2923 4425 3039 4479 ἀπὸ
3070 4421 3291 4493 γενεῶν
3315 4421 3598 4489 ἀρχαίων.
3632 4417 3699 4470 rs
3720 4415 3802 4484 γὰρ

581 4540 698 4578 eam
726 4541 756 4576 a
789 4523 1214 4593 generationibus
1244 4524 1476 4592 antiquis
1506 4527 1703 4578 vocavi.
1744 4526 1948 4582 Christi
1979 4529 2154 4599 siqui-

584 4612 708 4666 dem
762 4613 1081 4682 mysterium
1138 4612 1206 4665 ab
1250 4612 1368 4679 ipsa
1416 4613 1607 4666 mundi
1657 4615 1905 4684 origine;
1942 4632 2158 4688 qttoque

584 4704 746 4758 modo
785 4703 996 4771 lapsum
1051 4702 1246 4756 Atlanti
1281 4717 1538 4772 reparare
1585 4703 1820 4773 deceret,
1871 4711 2161 4777 praescive-

588 4805 693 4849 rat.
726 4791 832 4847 Nec
865 4794 1087 4857 mirum,
1114 4793 1337 4861 quando
1359 4800 1623 4847 eteorum
1672 4797 1856 4862 etiam,
1890 4800 1983 4867 qui
2020 4801 2157 4854 salvi

587 4901 683 4956 per
746 4884 904 4938 Iidem
983 4883 1155 4936 futuri
1225 4893 1386 4947 sunt,
1459 4886 1796 4940 vocationem
1863 4892 2159 4958 praescivit.

593 4993 612 5025 ‹
648 4975 798 5040 Quos
836 4972 981 5027 enim
1021 4972 1316 5041 prtescivit,
1352 4973 1448 5037 ait,
1481 4981 1536 5027 et
1575 4977 1984 5043 praedestinavit
2023 4993 2156 5034 cono

586 5069 792 5120 l‘orntes
805 5063 921 5118 ﬁeri
940 5063 1161 5131 imagini
1185 5060 1309 5116 Filii
1341 5065 1424 5116 sui
1451 5104 1467 5129 ,
1498 5064 1718 5119 eosdem
1744 5076 1798 5119 et
1819 5067 2034 5122 vocavit
2056 5069 2118 5120 ⁸³.
2133 5089 2150 5120 ι

585 5157 756 5211 Multo
795 5157 966 5226 magis
991 5154 1160 5224 igitur
1192 5163 1247 5208 et
1270 5153 1360 5207 ille
1385 5156 1751 5226 praecognitus
1789 5166 1894 5221 est,
1921 5159 2012 5228 qui
2051 5159 2160 5214 sal-

584 5259 741 5305 vator
783 5263 902 5304 esse
941 5247 1151 5302 debuit.
1199 5246 1277 5299 Ita
1334 5255 1512 5301 autem
1559 5249 1817 5304 dixerunt
1845 5253 2096 5307 nonnulli
2141 5273 2155 5310 :

585 5349 700 5414 ipse
733 5343 954 5414 quidem
999 5351 1103 5408 est,
1140 5340 1233 5410 qui
1273 5338 1414 5409 Cyro
1463 5343 1628 5396 etiam
1683 5343 1854 5399 robur
1898 5346 2164 5404 adversus

655 5482 675 5514 ⁸
717 5480 950 5535 Malach.
993 5496 1069 5542 tv,
1113 5478 1165 5537 2.
1262 5477 1282 5508 ’
1314 5475 1610 5544 Joan.xtv,
1645 5481 1734 5535 57.

588 5568 828 5608 vaxvnt
883 5551 974 5604 25.
1053 5550 1095 5580 ¹³
1146 5549 1301 5604 lion).
1336 5563 1450 5611 vm,
1482 5547 1573 5602 29.

1833 5485 1877 5516 ⁸ο
1915 5483 2072 5539 Joan.
2119 5487 2353 5553 vnt,15,
2404 5487 2487 5541 16.

2265 4520 2504 4594 Χριστοῦ
2540 4519 2840 4590 μυστήριον
2861 4517 2967 4569 ἀπὸ
2991 4515 3196 4583 κόσμου
3236 4513 3487 4582 προέγνω
3510 4507 3801 4576 καταϐολῆς,

2267 4615 2364 4668 καὶ
2394 4613 2510 4676 πῶς
2535 4611 2645 4664 δέοι
2675 4610 2776 4679 τὴν
2820 4607 2991 4676 Ἀδὰμ
3017 4604 3272 4674 γενέσθαι
3303 4601 3610 4672 διόρθωσιν.
3643 4597 3800 4653 Καὶώ

2267 4704 2603 4777 θαυμαστὸν,
2644 4703 2778 4755 ὅπου
2814 4699 2910 4754 καὶ
2956 4699 3064 4752 τῶν
3121 4696 3442 4767 σωζομένων
3477 4693 3580 4765 τὴν
3624 4693 3703 4746 διὰ
3738 4689 3802 4742 τί·

2270 4815 2440 4860 στεως
2469 4795 2789 4866 προέγνωκε
2840 4792 3056 4862 κλῆσιν.
3098 4807 3116 4840 t
3153 4787 3261 4852 Οὓς
3294 4789 3404 4857 γὰρ
3435 4786 3578 4851 ἔγνω
3612 4793 3655 4848 ο,
3679 4782 3798 4854 φησι,

2272 4890 2368 4943 καὶ
2403 4888 2677 4959 προώρισε
2710 4883 3068 4955 συμμόρφους
3103 4880 3202 4950 τῆς
3221 4879 3428 4941 εἰκόνος
3466 4877 3560 4929 τοῦ
3591 4874 3707 4929 Υίοῦ
3726 4873 3799 4926 αὖ·

2263 4980 2378 5045 τοῦ,
2413 4979 2639 5042 τούτους
2665 4978 2758 5031 καὶ
2786 4975 3063 5029 ἐκάλεσεν.
3095 4989 3114 5024 ι
3150 4969 3362 5024 Οὐκοῦν
3391 4969 3574 5039 πολλῷ
3593 4963 3801 5037 μᾶλλονό

2269 5075 2458 5128 σώσων
2525 5073 2897 5145 προέγνωστο.
2975 5068 3128 5129 Τινὲς
3175 5066 3231 5118 δὲ
3288 5064 3463 5127 οὕτως
3523 5065 3796 5134 εἰρήκασιν·

2271 5167 2446 5229 Αὐτὸς
2471 5165 2580 5236 γάρ
2600 5175 2626 5213 ρ
2656 5166 2801 5216 ἐστιν
2823 5163 2852 5214 ό
2884 5163 2978 5214 καὶ
2999 5159 3182 5228 Κῦρον
3195 5156 3514 5226 ἐνισχύσας,
3540 5154 3671 5208 κατὰ
3699 5151 3800 5204 τάν-

2269 5275 2376 5310 των
2430 5255 2620 5317 ἐθνῶν,
2674 5255 2733 5307 ὃν
2787 5252 2883 5306 καὶ
2931 5247 3326 5314 δικαιοσύνην
3376 5247 3609 5302 ἐνταῦθα
3657 5242 3798 5301 καλεῖ,

2266 5346 2715 5418 ἐλευθερώσαντα
2746 5345 2844 5414 μὲν
2867 5344 2957 5395 τὸν
2995 5339 3229 5410 Ἰσραὴλ,
3265 5341 3326 5392 ἐκ
3361 5337 3414 5392 δὲ
3456 5339 3557 5408 τῆς
3589 5334 3703 5408 περὶ
3724 5332 3801 5386 αὐ·

2589 5486 2627 5516 ¹¹
2672 5482 2829 5540 Joan.
2862 5497 2973 5546 xw,
3017 5479 3102 5534 10.
3207 5478 3249 5510 ¹⁸
3290 5477 3419 5536 ibid.
3457 5477 3511 5534 9.
3607 5475 3648 5508 “
3678 5469 3797 5530 P511.

1863 5642 2098 5698 νΛίὶΙᾹΞ
2139 5641 2544 5700 LECTIONES.

659 5723 682 5747 °
711 5731 796 5783 3-,0.
833 5712 1097 5782 προέγνω.
1178 5710 1307 5762 ria.
1355 5708 1474 5778 μέν.
