3978 6374
140 318 256 385 9349

1206 308 1754 373 COMMENTARII
1793 307 1875 368 ΙΝ
1915 302 2199 367 ISAIAM.

3234 300 3376 367 2350

140 434 215 489 τοῦ
240 430 583 502 προρρήσεως
607 426 977 501 κατειληφότα
1008 426 1108 499 τὴν
1135 427 1365 498 δύναμιν
1397 426 1492 480 τοῦ
1520 425 1679 481 Θεοῦ.

1805 438 1980 478 )mnes
2018 430 2209 494 gentes
2240 417 2653 492 suppeditavit;
2684 431 2848 489 quem
2878 428 2936 473 et
2969 417 3060 473 hic
3101 418 3379 488 justitiam

141 527 232 581 Kal
260 524 329 587 ὡς
355 522 599 592 βουλήσει
634 520 815 593 [Θεοῦ]
850 520 913 574 τὸ
958 524 1101 575 κατά
1150 520 1260 574 τῶν
1299 520 1470 573 ἐθνῶν
1498 519 1690 589 ἀνεδή-

142 633 253 669 σατο
279 615 468 684 κράτος
504 615 594 667 τσα
619 612 950 681 φρυγάνοις
992 612 1254 677 ἁλόντων,
1293 612 1389 665 καὶ
1420 611 1522 681 τὴν
1552 609 1691 681 πρὸς

141 705 277 759 αὑτὸν
319 702 466 769 ἄγειν
512 701 970 769 ἀναγκασθέντων
1018 702 1263 773 εἰρήνην.
1317 700 1548 771 Εἴρηται
1592 698 1693 769 μὲν

140 792 217 849 οὖν
240 796 264 847 ό
290 791 465 863 Κῦρος
489 792 843 859 δικαιοσύνη
863 790 950 845 διὰ
980 792 1175 856 ταῦτα,
1207 792 1302 846 καὶ
1338 792 1421 845 ὅτι
1456 789 1697 856 δικαίως

141 885 277 941 αὑτὸν
322 882 596 953 ἐπήγειρε
646 884 954 938 Βαϐυλῶνι.
1018 882 1077 936 '0
1117 884 1175 937 δὲ
1234 882 1419 936 καλῶν
1451 892 1479 931 «ι
1541 880 1698 935 τοῦδε

142 978 575 1051 συμπεράσματος
607 975 720 1045 τῆς
768 975 1166 1043 δικαιοσύνης
1198 976 1256 1027 ὲν
1306 973 1385 1044 τῷ
1418 971 1587 1042 Κύρῳ
1620 970 1696 1044 μὴ

144 1070 401 1140 ἱσταμένου
430 1070 523 1122 ἐπὶ
549 1068 650 1137 τὴν
682 1068 1166 1138 αὖτοδικαιοσὺνην
1201 1065 1437 1137 Χριστὸν
1477 1065 1505 1117 ό
1535 1063 1695 1132 λόγος

140 1166 386 1231 ἀνάγεται,
422 1162 498 1225 ὡς
536 1161 632 1215 καὶ
651 1163 700 1215 οἱ
734 1163 960 1232 πονηροὶ
984 1159 1269 1227 ,ϐασιλεῖς
1309 1161 1369 1211 ὲν
1397 1160 1464 1229 τῇ
1498 1156 1690 1226 Γραφῇ

1788 514 2026 585 appellat
2058 530 2071 565 :
2113 510 2333 581 partim,
2363 509 2509 580 quod
2535 507 2795 565 lsraelem
2840 506 2897 561 in
2935 506 3248 565 libertatem
3287 526 3381 567 as-

1791 604 1993 670 seruit;
2036 603 2237 674 partim
2270 601 2466 667 etiam,
2514 599 2661 671 quod
2699 599 2768 656 ab
2804 600 2951 657 edita
2980 600 3047 656 de
3092 617 3152 657 se
3184 603 3386 672 praedi-

1793 698 1978 751 ctione
2005 694 2261 749 virtutem
2300 691 2396 748 Dei
2442 699 2781 747 consecutus
2814 699 2921 747 est.
2952 690 3158 748 Deinde
3189 692 3381 759 etiam,

1795 786 1946 860 quod
1978 784 2252 841 voluntati
2279 784 2479 840 divina:
2502 784 2651 841 vires
2681 798 2815 841 suas
2839 793 3038 839 contra
3071 793 3265 856 gentes
3293 787 3384 841 al-

1796 876 2011 949 ligavit,
2040 891 2184 947 quas
2225 876 2421 929 cremio
2451 874 2661 929 similes
2682 876 3041 945 expugnavit,
3087 891 3388 947 pacemque

1794 977 1983 1038 petere
2005 968 2207 1036 coegit.
2244 965 2342 1021 Est
2368 966 2539 1036 igitur
2562 976 2787 1036 propter
2814 980 2915 1022 eas
2950 981 3151 1023 causas
3166 967 3389 1037 justitia

1792 1065 1971 1138 Cyrus
1996 1064 2325 1135 appellatus.
2361 1062 2567 1119 Deinde
2604 1064 2793 1129 etiam,
2832 1064 2979 1137 quod
3004 1066 3152 1134 jusle
3185 1065 3389 1122 adver-

1793 1173 1889 1215 sus
1918 1157 2253 1226 Babylonem
2277 1157 2350 1211 sit
2377 1157 2666 1211 excitatus.
2695 1154 2829 1222 Qua:
2855 1173 3025 1226 porro
3070 1157 3141 1213 ab
3172 1159 3263 1213 illa
3297 1156 3392 1227 jn-

141 1257 217 1308 énl
238 1254 321 1307 τὸν
344 1253 650 1324 ἀρχέκακον
689 1253 983 1322 ἀνάγονται
1021 1254 1278 1323 δαίμονα,
1312 1251 1412 1321 τῆς
1445 1249 1688 1320 ἀκράτου

1805 1248 1958 1304 stitia:
1992 1248 2355 1318 perfectione,
2393 1262 2517 1317 qua:
2553 1247 2610 1301 in
2652 1247 2799 1320 Cyro
2850 1265 2959 1304 non
3011 1251 3268 1313 habetur,
3321 1250 3390 1304 ad

143 1346 309 1409 κακίας
326 1347 383 1398 ὲν
406 1343 682 1415 ἀνθρώπῳ
710 1345 785 1416 μὴ
819 1345 1201 1416 χωρουμένης.

1789 1339 2072 1395 Christum
2110 1336 2274 1408 452
2320 1350 2451 1393 vere
2485 1337 2763 1407 justitiam
2818 1355 2920 1396 nos
2974 1350 3133 1395 vocat
3173 1340 3390 1421 oratio;

146 1438 349 1509 primum
394 1436 523 1490 mali
560 1445 846 1494 auctorem
873 1437 1178 1493 daemonem
1217 1434 1364 1506 (cum
1391 1444 1605 1488 summa
1628 1430 1686 1486 iu
1729 1429 2013 1488 hominem
2040 1430 2248 1486 malitia
2280 1446 2393 1487 non
2420 1431 2605 1503 cadat)
2639 1446 2739 1503 per
2768 1434 2945 1489 malos
3004 1450 3149 1504 neges
3216 1434 3393 1504 signi-

145 1528 270 1585 ﬁcari
300 1528 488 1582 innuit.

199 1621 318 1692 Περὶ
356 1620 411 1673 δὲ
439 1620 549 1675 τῶν
584 1621 915 1693 μελλόντων,
944 1623 1021 1688 ὡς
1045 1625 1350 1693 γεγονότων
1381 1624 1550 1695 φησί’
1596 1624 1692 1690 Τίς

1872 1614 2104 1683 Deinde,
2134 1615 2203 1673 de
2236 1615 2461 1681 futuris,
2496 1625 2759 1687 tanquam
2785 1618 3102 1687 praeteritis,
3123 1618 3390 1689 loquitur,

143 1713 406 1782 ἐνήργησε
442 1714 540 1768 καὶ
589 1714 844 1783 ἐποίησε
885 1715 1108 1779 satira;
1158 1715 1378 1779 δεικνὺς
1425 1715 1502 1779 ὡς
1551 1716 1697 1787 άπερ

1805 1724 1927 1765 cum
1965 1709 2041 1763 ait
2070 1725 2086 1762 :
2115 1710 2248 1775 Quis
2276 1720 2524 1778 operatus
2557 1719 2658 1774 est,
2691 1720 2739 1764 et
2765 1711 2888 1779 fecit
2912 1711 3066 1765 licet?
3092 1713 3395 1769 ostendens

144 1805 282 1875 ὥρισε
313 1804 561 1872 γενέσθαι
588 1806 741 1873 Θεὸς,
776 1807 950 1870 οὕτως
978 1807 1153 1873 ἔσται,
1177 1808 1254 1872 ὡς
1276 1808 1377 1879 ἠδη
1403 1808 1694 1877 γενόμενα·

144 1897 269 1949 οὐδὲν
296 1895 397 1963 γὰρ
428 1895 613 1951 αὐτῶν
646 1898 992 1953 διαπεσεῖται
1030 1900 1104 1971 μὴ
1139 1900 1278 1970 πρὸς
1306 1899 1469 1972 ἔργον
1504 1898 1693 1970 ἁχθέν.

144 1986 203 2038 Τὸ
226 1986 276 2039 δὲ
309 1985 410 2056 πρὸ
437 1987 661 2041 πάντων
690 1983 831 2042 εἶναι
861 1990 1097 2061 ἀναρχόν
1120 2006 1179 2043 τε
1212 1991 1308 2042 καὶ
1336 1989 1697 2059 ἀτελεύτητον

144 2076 250 2129 ὄντα
289 2075 517 2141 δεικνὺς,
564 2077 714 2147 Ἐγὼ
743 2079 890 2144 Θεὸς
922 2079 1173 2147 πρῶτος,
1208 2079 1363 2148 φησὶ,
1413 2079 1508 2132 καὶ
1559 2079 1700 2150 μετὰ

144 2166 307 2219 ταῦτα.
355 2167 526 2231 Αὐτὸς
583 2169 693 2239 γὰρ
736 2172 764 2223 ὁ
795 2171 894 2224 καὶ
941 2174 1051 2234 τοῖς
1090 2171 1152 2235 ἐξ
1194 2172 1372 2241 ἀρχῆς
1422 2170 1698 2241 θεοφιλέσι

146 2257 394 2325 γνωσθεὶς,
430 2260 524 2313 καὶ
569 2262 645 2330 ὀμ
680 2260 730 2333 [ό
765 2262 902 2332 μετὰ
932 2261 1045 2334 τὸν]
1073 2265 1341 2336 πρότερον
1383 2262 1514 2318 λαὸν
1538 2267 1606 2335 τῇ
1638 2264 1698 2331 ἐξ

146 2348 287 2402 ἐθνῶν
323 2350 620 2422 Ἐκκλησία
666 2354 1119 2422 πεπιστευμένος.
1155 2354 1319 2408 Ὅθεν
1366 2355 1693 2426 ἐπήνεγκεν·

150 2439 363 2493 ἰδοσαν
380 2441 548 2508 ἔθνη,
569 2443 670 2495 καί
691 2443 1101 2511 ἐφοϐήθησαν.
1125 2446 1197 2498 Ἦ
1211 2447 1292 2499 ὅτι
1312 2445 1455 2500 οὕτω
1471 2446 1697 2517 διέθηκα

146 2528 219 2583 τὸν
232 2530 521 2600 Ἀσσύριον,
549 2535 938 2604 ὲπαναστήσας
965 2536 1113 2607 αὑτῷ
1138 2538 1341 2607 Κῦρον,
1365 2538 1441 2601 ὡς
1463 2538 1700 2608 ἀνόνητα

146 2621 365 2690 γενέσθαι
393 2624 614 2695 βοηθεῖν
639 2626 834 2697 ἐκείνῳ
869 2626 1187 2698 βουλόμενα,
1222 2629 1317 2682 καὶ
1347 2630 1446 2700 τῆς
1484 2629 1591 2682 τῶν
1622 2631 1700 2683 εί-

147 2714 296 2768 δώλων
326 2716 616 2780 ἀσθενείας
638 2718 936 2790 καταόοᾷν,
965 2719 1060 2773 τοῦ
1089 2718 1224 2774 Θεοῦ
1250 2720 1312 2773 τὸ
1338 2720 1537 2790 κράτος
1569 2720 1701 2773 θαυ-

152 2805 385 2874 μάζονταδ
416 2808 448 2878 ἢ
475 2809 563 2861 ὄτι
606 2810 704 2880 τῆς
733 2811 1008 2882 προτέρας
1035 2811 1300 2879 ἀϐλεψίας
1348 2812 1698 2881 παυσάμενα,

149 2895 354 2963 ἔγνωσαν
398 2897 489 2951 τὸν
528 2899 797 2969 εἰρηκότα
817 2914 830 2928 ·
860 2900 1005 2968 Ἐγὼ
1026 2900 1175 2965 Θεὸς
1205 2898 1439 2967 πρῶτος
1480 2899 1578 2952 καί
1613 2900 1701 2964 εις

150 2987 205 3040 τὰ
226 2989 605 3059 ἐπερχόμενα.
641 2991 752 3046 Καὶ
793 2992 1000 3048 ἰδόντα
1038 2991 1431 3062 ἐφοϐήθησαν
1468 2993 1527 3044 ὲν
1555 2992 1698 3062 ἀρχῇ

150 3080 377 3152 γενόμενα
397 3084 617 3150 σοφίας.
645 3101 664 3134 ι
708 3083 877 3153 Ἀρχὴ
899 3083 1006 3155 γὰρ
1027 3083 1220 3153 σοφίας
1236 3082 1400 3152 φόϐος
1422 3081 1650 3151 Κυρίου.
1677 3100 1694 3132 ι

152 3172 238 3226 Καὶ
263 3175 415 3245 μέχρι
441 3175 554 3228 τῶν
588 3175 843 3245 περάτων
861 3178 962 3246 τῆς
992 3176 1116 3245 γῆς,
1143 3174 1240 3227 καὶ
1267 3173 1378 3226 τῶν
1410 3172 1703 3244 βαρϐαρω-

151 3263 296 3319 τάτων
320 3265 496 3336 διῆλθε
518 3267 588 3319 τὸ
610 3268 897 3339 κήρυγμα,
927 3268 1022 3320 καὶ
1047 3265 1148 3334 τῆς
1174 3264 1505 3334 θεογνωσίας
1542 3266 1575 3318 ὁ
1599 3264 1705 3333 φό-

152 3354 231 3419 ϐος
276 3355 407 3409 κατὰ
456 3357 519 3410 τό
541 3374 559 3389 ο
611 3357 1084 3427 Ἐγτισάτωσαν,
1120 3356 1220 3410 καί
1251 3354 1705 3424 λαλησάτωσαν

152 3446 265 3515 ἁμα.
301 3449 431 3503 Ἀλλ’
462 3451 589 3503 ἐκεῖ
624 3450 723 3520 μὲν
751 3450 1069 3504 ἐκελεύοντο
1093 3452 1338 3522 ἀπαντᾷν
1374 3451 1470 3505 καὶ
1494 3450 1700 3517 λαλεῖν,

151 3536 356 3603 δηλονότι
384 3537 637 3603 δοξάζειν
671 3539 807 3591 Θεόν
829 3556 842 3570 ·
880 3539 1115 3593 ἐνταῦθα
1142 3540 1221 3605 δὲ,
1262 3541 1571 3608 Ἥγγισαν,
1603 3539 1704 3592 καί

152 3622 308 3696 ἦλθον
337 3628 452 3698 ἅμα
494 3630 725 3698 κρίνων
752 3629 1011 3696 ἕκαστος
1053 3628 1132 3693 τῷ
1161 3632 1432 3696 πλησίον
1477 3628 1705 3697 βοηθῇ-

152 3733 253 3771 σαι.
279 3718 470 3783 Σώζειν
503 3721 623 3792 γὰρ
654 3722 702 3775 oi
736 3721 1007 3789 θεοφιλεῖς
1046 3720 1164 3791 μεθ’
1200 3721 1410 3774 ἑαυτῶν
1442 3720 1706 3786 καὶτοὺς

153 3814 384 3880 πλησίον
412 3814 753 3883 ἐπείγονται,
782 3816 1006 3886 ἀγάπης
1047 3816 1244 3878 αὐτοὺς
1270 3814 1418 3885 νόμῳ
1447 3816 1546 3884 τῆς
1572 3816 1705 3869 άπι-

155 3906 281 3968 στίας
301 3906 636 3972 ὲξέλκοντες,
669 3907 926 3976 λέγοντες
952 3908 1027 3970 ῶς
1050 3908 1164 3960 Καὶ
1194 3908 1355 3977 ἡμεῖς
1401 3924 1533 3960 ποτε
1560 3903 1705 3978 ἦμεν

154 3993 288 4048 τέκνα
312 3997 497 4067 ὀργῆς,
520 3996 946 4069 είδωλολατρείᾳ
968 3996 1377 4067 προσκείμενοι,
1407 3995 1503 4049 νῦν
1524 3995 1581 4048 δὲ
1614 3996 1706 4048 τὸν

153 4084 293 4150 ὅντως
329 4090 634 4156 ἐγνωκότες
656 4087 788 4142 Θεὸν
818 4087 1050 4159 διεσώθη
1061 4105 1181 4158 μεν.
1211 4090 1310 4158 τῆς
1332 4086 1443 4139 τῶν
1471 4086 1706 4141 εἰδώλων

155 4175 401 4243 ἀσθενείας
451 4180 871 4248 κατεγνωκότες
901 4179 1172 4250 δεομένων
1210 4177 1306 4231 τοῦ
1351 4178 1487 4249 πρὸς
1519 4179 1707 4232 στάσιν

156 4270 487 4339 στηρίζοντος,
535 4273 681 4343 ὅπερ
730 4272 831 4325 οὐκ
873 4271 1090 4342 ἔχουσιν
1138 4270 1379 4326 οἴκοθεν’
1419 4270 1534 4323 ἀλλ’
1584 4270 1707 4323 οὐδὲ

1801 1802 2087 1865 nimirum,
2123 1815 2213 1865 ea,
2241 1816 2364 1872 quae
2388 1801 2558 1856 semel
2593 1803 2707 1857 ﬁeri
2748 1802 2891 1857 Deus
2914 1803 3196 1867 statuerit,
3238 1819 3395 1874 mque

1800 1903 1950 1949 certa
1976 1907 2119 1958 esse,
2155 1905 2220 1946 ac
2253 1893 2301 1947 si
2328 1894 2443 1963 jam
2471 1892 2615 1947 facta
2650 1895 2793 1959 sint;
2821 1910 3000 1965 neque
3016 1910 3208 1950 eorum
3234 1896 3396 1966 quid-

1800 2000 1989 2056 quam,
2020 1986 2164 2054 quod
2204 1998 2315 2040 non
2350 1985 2404 2038 in
2441 2000 2582 2054 opus
2616 1984 2923 2053 redigatur,
2953 1988 3392 2056 praatermissum

1801 2076 1890 2129 iri.
1925 2074 2161 2141 Deinde,
2194 2083 2255 2129 ut
2299 2082 2427 2130 ante
2460 2074 2647 2129 omnia
2671 2074 2966 2140 exsistere,
3011 2076 3396 2147 principioque

1801 2175 1856 2221 et
1894 2166 2004 2221 ﬁne
2042 2180 2234 2221 carere
2275 2166 2710 2232 demonstraret,
2749 2164 2862 2235 Ego
2890 2165 3035 2221 Deus
3065 2168 3299 2237 primus,
3340 2177 3397 2224 et

1801 2273 1924 2329 qua:
1953 2266 2289 2328 sequuntur,
2319 2258 2551 2313 addidit.
2589 2258 2733 2312 Idem
2762 2258 2907 2313 enim
2938 2266 3045 2326 est,
3076 2269 3133 2316 et
3164 2262 3258 2332 qui
3286 2262 3396 2318 Deo

1800 2350 2202 2405 commendatis
2245 2352 2463 2420 piisque
2510 2351 2829 2407 hominibus
2873 2352 3033 2406 initio
3094 2355 3394 2424 cognitus;

1801 2451 1855 2495 ct
1880 2442 1972 2511 qui
2017 2442 2200 2512 priore
2232 2442 2439 2511 reiecto
2473 2443 2676 2513 populo
2710 2443 2955 2513 gentium
2983 2442 3244 2501 Ecclesiae
3269 2461 3395 2501 cre-

1801 2533 1949 2587 ditus
1981 2540 2086 2587 est.
2132 2533 2312 2603 Atque
2347 2533 2477 2588 inde
2519 2543 2623 2601 est,
2662 2534 2808 2604 quod
2837 2536 3037 2605 adjecit
3080 2555 3093 2591 :
3137 2536 3396 2592 Viderunt

1801 2634 1999 2695 gentes,
2036 2634 2086 2678 el
2119 2626 2448 2691 timuerunt;
2483 2627 2569 2682 vel
2607 2627 2755 2697 quod
2787 2629 2859 2684 ita
2890 2644 2986 2698 per
3021 2644 3082 2685 se
3111 2631 3185 2685 sit
3209 2644 3397 2701 accep-

1803 2729 1893 2775 tus
1921 2720 2207 2791 Assyrius,
2238 2721 2334 2791 qui
2377 2720 2581 2793 Cyrum
2618 2722 2671 2776 in
2702 2722 2958 2777 eumdem
2995 2723 3286 2795 insurgere
3317 2723 3397 2779 ie-

1802 2811 1981 2877 cerit;
2017 2819 2078 2864 ut
2106 2826 2307 2866 vanum
2353 2822 2402 2867 et
2439 2813 2637 2868 inutile
2674 2812 2851 2870 fuisse
2886 2818 3227 2872 demonstret
3260 2832 3393 2887 gen—

1803 2902 1940 2956 tium
1972 2917 2165 2958 earum
2198 2903 2491 2971 auxilium,
2519 2919 2640 2974 quae
2667 2908 2812 2961 ferre
2830 2907 3162 2973 voluerunt;
3192 2907 3397 2979 Deique

1804 3001 2112 3071 potentiam
2152 3001 2474 3068 admiratas,
2512 3002 2778 3059 adversus
2825 3004 3097 3060 idolorum
3140 3005 3396 3060 imbecil-

1806 3093 2016 3148 litatem
2049 3093 2384 3150 vociferatus
2419 3109 2542 3150 esse
2577 3112 2590 3149 :
2620 3096 2701 3150 vel
2737 3097 2884 3166 quod
2927 3097 3112 3167 priore
3143 3098 3397 3154 caecitate

1805 3184 2069 3251 liberatae,
2108 3201 2233 3255 qua:
2256 3186 2405 3241 dicta
2428 3196 2556 3242 snnt
2586 3206 2599 3243 :
2627 3186 2740 3258 Ego
2766 3186 2909 3243 Deus
2933 3188 3160 3255 primus,
3177 3199 3228 3243 et
3256 3190 3310 3243 in
3333 3205 3398 3244 ea

1804 3292 1922 3345 qua:
1942 3286 2166 3331 uentura
2204 3288 2327 3332 sunt
2357 3278 2430 3332 ita
2462 3278 2666 3334 habere
2696 3288 3041 3349 repererunt.
3068 3279 3223 3347 Quod
3252 3290 3309 3335 ut
3342 3281 3398 3336 in

1807 3367 1927 3436 ipso
1997 3365 2284 3437 sapientia;
2352 3368 2629 3438 principio
2702 3370 2990 3435 viderunt,
3078 3370 3390 3425 timuerunt.

1811 3472 1831 3505 ι
1880 3453 2100 3509 Initium
2127 3456 2278 3509 enim
2321 3458 2633 3527 sapientiae,
2684 3458 2971 3527 scribitur,
3013 3461 3185 3516 timor
3220 3460 3400 3517 Domi-

1807 3546 1863 3599 ni
1900 3547 1963 3599 “.
2008 3565 2026 3597 ι
2068 3546 2276 3602 Deinde
2319 3548 2385 3602 ad
2431 3556 2715 3607 extremos
2744 3551 2897 3607 orbis
2948 3567 3126 3623 usque
3167 3553 3397 3620 limites,

1805 3646 1861 3691 et
1900 3646 2094 3708 gentes
2108 3639 2349 3695 maxime
2385 3639 2679 3705 barbaras,
2707 3642 2827 3711 ipsa
2841 3641 3122 3713 Evangelii
3149 3647 3399 3714 promul-

1807 3731 1976 3801 gatio,
2035 3728 2350 3800 divinaeque
2398 3731 2741 3801 cognitionis
2786 3733 2947 3786 timor
2996 3735 3163 3804 (sicut
3211 3737 3398 3794 verbis

1809 3823 1934 3877 istis
1973 3840 1987 3880 :
2020 3822 2310 3885 Accedant,
2347 3832 2395 3877 et
2434 3824 2720 3893 loquantur
2748 3825 2931 3892 simul,
2959 3827 3255 3900 innititur),
3288 3845 3397 3899 pe-

1807 3922 2121 3971 netrarunt.
2156 3914 2226 3968 At
2254 3916 2331 3969 ibi
2367 3917 2617 3985 quidem,
2655 3916 2877 3971 obviam
2912 3919 3014 3984 ire,
3038 3927 3092 3975 et
3126 3921 3298 3992 loqui,
3343 3922 3399 3977 id

1806 4014 1914 4071 est,
1946 4005 2119 4062 Deum
2155 4006 2384 4062 laudare
2411 4007 2715 4077 jubebatur
2748 4026 2761 4063 :
2794 4009 2883 4064 hic
2908 4018 3117 4076 autem,
3140 4014 3400 4068 accessis-

1808 4114 1886 4160 se,
1921 4105 1971 4152 et
2001 4097 2206 4151 uenisse
2249 4097 2414 4151 simul
2437 4097 2690 4166 judicans
2724 4101 3102 4170 unusquisque,
3130 4111 3187 4154 ut
3210 4104 3398 4170 proxi-

1808 4204 1893 4241 mo
1926 4186 2238 4249 auxiliatur,
2278 4186 2561 4242 dicuntur.
2597 4187 2833 4242 Servare
2854 4189 3001 4242 enim
3043 4206 3232 4245 secum
3269 4193 3398 4245 uici-

1809 4292 1906 4330 nos
1931 4274 2099 4333 etiam
2128 4274 2221 4344 qui
2255 4275 2334 4343 pii
2375 4283 2531 4339 sunt,
2566 4284 2844 4329 conantur
2876 4291 2891 4329 :
2926 4292 3052 4330 ('um
3080 4277 3398 4334 dilectionis

157 4362 385 4418 σταθέντα
414 4366 691 4419 κινεῖσθαι
730 4366 1045 4437 δυνήσεται.
1075 4365 1188 4419 Καὶ
1236 4364 1353 4428 πῶς
1396 4363 1479 4417 ἔτι
1527 4362 1700 4419 ταῦτα

1814 4380 2007 4419 norma
2036 4364 2351 4433 provocati,
2380 4364 2450 4418 ab
2481 4365 2809 4419 inlidelitate
2850 4368 3073 4421 eosdem
3105 4368 3395 4437 eripiunt;

155 4451 245 4504 θεοί
262 4468 276 4518 ;

1814 4470 2088 4510 memores
2116 4470 2175 4508 se
2203 4454 2369 4509 etiam
2397 4454 2698 4524 aliquando
2727 4454 2872 4511 ﬁlios
2897 4455 2996 4510 irae
3024 4458 3308 4515 exstitisse
3328 4462 3395 4527 ",

154 4552 199 4595 et
227 4544 533 4605 idololatria:
580 4549 934 4615 incubuisse,
982 4564 1131 4605 nunc
1174 4558 1355 4605 autem
1392 4549 1562 4605 Deum
1585 4564 1715 4605 vere
1752 4556 2141 4619 agnoscentes,
2180 4555 2234 4601 et
2259 4547 2493 4601 salutem
2533 4555 2891 4611 consecutos,
2956 4548 3228 4606 idolorum
3290 4553 3397 4607 im-

159 4636 479 4697 becillitatem
505 4642 815 4708 damnare;
852 4657 975 4712 qua:
1015 4658 1120 4697 non
1150 4642 1260 4697 alio
1299 4645 1477 4699 solum
1504 4643 1573 4697 ad
1626 4651 1829 4697 statum
1885 4640 1990 4696 sibi
2064 4639 2528 4703 conﬁrmandum,
2598 4655 2762 4709 quem
2804 4655 2833 4694 a
2876 4657 2939 4698 se
2982 4658 3123 4699 non‘
3170 4647 3394 4718 habent,

158 4728 291 4803 453
315 4744 536 4806 egeant:
564 4738 660 4792 sed
687 4753 812 4791 cum
838 4738 1115 4802 Steterint,
1154 4753 1220 4792 ne
1253 4738 1459 4792 moveri
1482 4736 1703 4807 quidem
1737 4736 1980 4792 valeant.
2016 4734 2121 4802 Qui
2152 4734 2322 4805 igitur
2354 4734 2537 4788 adhuc
2580 4734 2707 4799 ista,
2736 4734 2810 4789 dii
2845 4750 2971 4791 esse
3005 4744 3258 4809 queant?

216 4827 382 4881 Ταῦτα
419 4829 477 4883 δὲ
526 4825 596 4901 ἦν
652 4828 796 4901 άπερ
843 4829 1031 4899 ἔλεγεν
1068 4830 1181 4884 ἄνω
1204 4847 1219 4861 ο
1246 4828 1709 4898 Λαλησάτωσαν

160 4914 276 4982 ἅμα,
320 4917 451 4987 μετὰ
498 4920 559 4973 τὸ
603 4918 860 4989 ἐγγίσαι,
896 4919 1094 4990 μηκέτι
1142 4918 1230 4972 διὰ
1281 4918 1381 4989 τὴν
1431 4916 1711 4988 ἁμαρτίαν

159 5005 286 5071 ὗντες
311 5010 544 5082 μακρὰν,
572 5012 884 5079 οἰκειότητα
907 5011 962 5064 δὲ
984 5010 1244 5073 λαϐόντες
1272 5010 1628 5081 πνευματικά
1659 5020 1709 5066 τ.

160 5095 455 5171 Γευσάμενοι
484 5103 596 5172 γὰρ
630 5103 869 5173 συνῆκαν
906 5104 988 5157 ὃτι
1016 5103 1254 5175 Χριστὸς
1292 5105 1321 5156 ό
1356 5102 1581 5173 Κύριος,
1614 5102 1710 5156 καὶ

160 5188 209 5240 τί,
241 5191 417 5256 κάλλος
446 5195 545 5265 τῆς
574 5194 834 5265 ἀληθείας
866 5195 1090 5259 ἰδόντες,
1128 5195 1228 5265 οὐχ
1251 5196 1463 5259 ἑαυτοῖς
1493 5196 1588 5248 καὶ
1615 5194 1711 5265 μό·

160 5294 253 5342 νοις
295 5282 561 5354 ἐτήρησαν
616 5285 960 5349 διδάσκοντες
1019 5285 1271 5352 ἑτέρους,
1339 5286 1419 5347 ὠς
1484 5286 1709 5356 ισχυσε

161 5370 353 5428 τέκτων
387 5376 543 5445 ἀνὴρ
569 5378 667 5432 καί
702 5379 992 5449 χαλκεύς.
1038 5379 1162 5443 Πῶς
1196 5379 1253 5433 δὲ
1287 5380 1599 5449 ἵσχυσαν;
1645 5379 1707 5434 Ὀ

224 5551 262 5583 ¹⁸
303 5551 445 5612 Psal.
494 5572 578 5626 cx,
614 5557 701 5613 lO.
785 5559 828 5591 ’⁵
876 5556 1078 5628 Ephcs.
1118 5574 1180 5625 ιι,
1210 5560 1264 5612 ’5.

1881 4828 2061 4898 Atque
2098 4828 2215 4882 haec
2251 4833 2431 4891 erant,
2485 4841 2609 4897 qua:
2663 4829 2920 4898 superius
2976 4832 3216 4904 volebat,
3266 4854 3390 4895 cum

1808 4918 2055 4974 diceret:
2113 4917 2425 4986 Loquautur
2474 4916 2637 4971 simul
2685 4927 2979 4989 postquam
3014 4938 3392 4996 accesserunt;

1809 5010 1862 5065 id
1897 5017 2002 5072 est,
2037 5014 2325 5078 postquam
2370 5009 2586 5063 sublata
2637 5011 2851 5078 peccati
2901 5012 3190 5082 distantia,
3232 5020 3396 5075 fami-

1810 5100 2101 5157 liaritatem
2152 5100 2299 5156 inter
2352 5115 2415 5155 se
2472 5099 2811 5170 spiritualem
2868 5104 3135 5162 inierunt.
3193 5107 3391 5167 Statim

1808 5194 1959 5250 enim
1995 5202 2158 5262 atque
2182 5205 2302 5246 eam
2333 5190 2716 5262 degustarunt,
2767 5192 3052 5250 Christum
3093 5195 3388 5257 Dominum

1808 5292 2169 5356 agnoverunt,
2218 5284 2581 5353 veritatisque
2629 5285 3093 5353 pulchritudinem
3145 5300 3394 5347 conten“-

1807 5379 1966 5451 plati,
1999 5394 2109 5434 non
2136 5393 2255 5433 eam
2289 5378 2391 5434 sibi
2429 5386 2644 5434 tantum
2692 5392 3085 5451 reservarunt,
3119 5384 3215 5441 sed
3267 5388 3392 5461 alii}

1441 5649 1675 5706 VARUE
1722 5648 2126 5707 LECTIONES.

220 5743 244 5784 ⁸³
275 5753 356 5808 ΥΡ.
394 5741 519 5798 ἀπό.
618 5754 637 5783 ι’
680 5763 771 5813 γρ.
815 5743 1221 5815 πνευματικήν.
