3900 6542
534 380 668 446 2351

1830 379 2179 441 PROCOPII
2214 380 2458 442 GAZIEI

3642 382 3763 446 233:2

537 495 768 562 potiores
833 493 1066 564 artiﬁces
1122 501 1171 547 et
1207 492 1431 547 marios
1483 491 1725 548 evasisse
1779 491 2106 546 docuerunt.

2230 493 2315 547 ιὲν
2358 492 2574 556 συνθεὶς
2599 493 2694 547 καὶ
2726 493 3028 564 διαγλύψας
3057 495 3276 551 εἴδωλον
3296 494 3463 566 τέχνη
3487 498 3762 568 τεκτονικῇ,

539 584 646 637 Sed
683 582 774 651 qui
807 583 1026 637 tandem
1077 584 1348 650 potiores?
1402 569 1561 647 Quia'
1591 579 1846 636 conlecto
1889 580 2109 650 quidem

537 683 594 730 et
625 675 904 745 insculpto
943 684 1060 730 arte
1089 690 1186 728 sua
1219 673 1368 730 idolo
1398 674 1572 739 alius;
1605 672 1748 728 alius
1773 680 1953 728 autem
1977 673 2117 726 mal-

541 764 608 818 lei
645 778 749 832 ope
781 762 1044 818 fabricata
1089 770 1298 826 statua,
1343 763 1604 832 deceptos
1647 761 1902 816 homines
1936 760 1993 814 in
2032 775 2113 816 re-

503 843 770 924 ’probum
803 869 1028 911 sensum
1060 865 1406 926 rapuerunt,
1447 853 1579 909 dum
1642 868 1743 908 sua
1790 867 1886 908 eos
1931 867 2117 922 opera,

538 946 631 1016 qui
659 945 725 1000 ad
766 945 1059 1016 imaginem
1095 946 1189 1000 Dei
1225 946 1398 1001 creati
1447 953 1661 1009 essent,
1699 944 1933 999 adorare
1966 959 2118 999 com-

542 1037 832 1105 pulerunt;
865 1035 1129 1106 idipsum,
1185 1037 1334 1108 quod
1366 1052 1396 1091 a
1427 1052 1488 1092 se
1518 1035 1833 1092 conlectum
1859 1044 2000 1100 erat,
2035 1051 2121 1089 so-

542 1126 857 1180 lidationem
903 1126 1118 1200 bonurn,
1169 1137 1428 1196 tanquam
1481 1126 1623 1181 bene
1693 1125 1812 1182 suis
1869 1125 2119 1195 partibus

541 1225 721 1285 aptam
755 1224 810 1271 et
857 1216 1247 1280 cohaerentem,
1300 1216 1662 1286 appellantes.
1717 1216 1786 1270 At
1848 1221 1978 1270 sunt
2025 1214 2118 1284 qui

543 1316 712 1362 totam
751 1308 997 1378 priorum
1029 1308 1322 1381 verborum
1374 1308 1570 1364 seriem
1609 1308 1667 1361 in
1712 1308 1858 1362 hunc
1889 1306 2116 1361 modum

541 1398 906 1466 explicarunt.
950 1395 1245 1466 Postquam
1275 1396 1410 1451 satis
1439 1395 1506 1452 de
1554 1396 1796 1467 gentium
1832 1394 2122 1450 vocatione

541 1487 827 1550 disseruit,
863 1486 933 1540 ad
987 1486 1267 1541 lsraelitas
1318 1499 1628 1540 sermonem
1679 1485 1942 1540 traducit.
1980 1482 2116 1538 Cum

543 1580 690 1635 enim
722 1579 777 1632 in
811 1577 992 1648 lapide
1033 1575 1350 1632 ollensionis
1396 1576 1772 1642 ollendissent,
1805 1583 1860 1630 et
1887 1591 1917 1630 a
1947 1576 2120 1630 salute

545 1669 704 1740 longe
731 1668 1024 1732 abessent,
1049 1674 1172 1737 post
1207 1665 1345 1737 legis
1389 1670 1641 1721 umbram
1674 1665 1896 1722 inducta
1923 1681 2019 1735 per
2055 1665 2120 1719 li-

545 1761 669 1816 dem
701 1768 786 1815 est
849 1759 1050 1829 gratia.
1109 1756 1526 1812 Murmurabant
1581 1765 1763 1812 autem
1811 1756 2059 1812 dicentes
2101 1774 2116 1812 :

2220 588 2249 639 ὁ
2274 586 2330 638 δὲ
2354 586 2582 655 ποιήσας
2605 585 2896 656 ἀνδριάντα
2921 587 3286 658 σφυρήλατον,
3309 587 3647 655 ἀπεκόμισαν
3661 587 3766 648 τοὺς

2218 676 2606 746 ἠπατημένους
2658 677 2739 738 είς
2788 675 3045 746 ἀδόκιμον
3101 676 3262 739 νοῦν,
3317 677 3640 745 ποιήσαντες
3678 675 3767 727 τῶν

2221 766 2368 820 ίδίων
2396 765 2574 836 ἔργων
2599 766 2984 837 προσκυνητάς
3004 767 3133 830 τοὺς
3157 767 3276 819 κατ’
3303 764 3489 818 είκόνα
3510 764 3769 831 γεγονότας

2217 855 2377 920 Θεοῦ,
2413 857 2766 920 ἐπαινοῦντες
2790 857 2852 911 τὸ
2873 857 3054 930 ἔργον,
3083 859 3179 912 καὶ
3215 858 3544 927 σύμϐλημα
3570 853 3770 908 καλοῦνο

2219 965 2311 1012 τες
2344 947 2560 1012 καλὸν,
2593 949 2670 1012 ὼς
2699 949 2881 1011 καλῶς
2909 951 2974 1002 ὲκ
3000 949 3109 1003 τῶν
3141 949 3287 1002 ἰδίων
3325 947 3668 1018 ἡρμοσμένον
3692 963 3771 1015 με·

2222 1034 2351 1104 ρῶν.
2384 1035 2497 1104 Τῆς
2527 1035 2586 1088 δὲ
2631 1035 2813 1106 πάσης
2840 1037 3054 1108 ρήσεως
3092 1037 3163 1090 τά
3206 1037 3402 1108 πρῶτά
3446 1052 3589 1097 τινες
3624 1035 3773 1096 οὕτως

2223 1126 2586 1195 ἑρμήνευσαν·
2624 1126 2762 1199 Περὶ
2790 1127 2890 1198 τῆς
2917 1129 3027 1181 ἀπὸ
3057 1129 3166 1181 τῶν
3195 1127 3366 1180 ὲθνῶν
3392 1126 3635 1198 κλήσεως
3659 1127 3772 1180 αὕτη

2219 1215 2403 1285 αρκῶς
2445 1213 2658 1281 είπὼν,
2724 1218 2817 1270 ἐπὶ
2887 1218 3015 1281 τοὺς
3069 1217 3130 1282 ἐξ
3187 1217 3402 1288 Ἰσραὴλ
3487 1216 3772 1286 μεταδέϐηο

2220 1323 2334 1359 κεν.
2378 1307 2810 1376 Προσκοψάντων
2856 1308 2964 1378 γὰρ
2997 1307 3178 1361 αὐτῶν
3219 1308 3299 1377 τῷ
3331 1307 3467 1377 λίθῳ
3497 1307 3593 1360 τοῦ
3621 1323 3774 1377 προσ-

2219 1397 2532 1465 κόμματος,
2612 1399 2708 1451 καὶ
2783 1398 2884 1466 τῆς
2957 1399 3239 1468 σωτηρίας
3313 1399 3616 1467 γεγονότων
3686 1416 3778 1467 μου

2220 1482 2380 1550 κρὰν,
2421 1483 2563 1554 μετὰ
2588 1485 2694 1554 τῆς
2720 1485 2862 1538 κατὰ
2906 1486 3074 1556 νόμον
3114 1489 3300 1549 σκιᾶς,
3333 1486 3669 1556 ἀντεισήχθη
3697 1488 3781 1556 μὲν

2222 1576 2254 1644 ἡ
2286 1572 2374 1627 διὰ
2401 1574 2638 1638 πίστεως
2663 1576 2844 1646 χάρις.
2869 1576 3230 1645 Διεγόγγυζον
3264 1578 3321 1630 δὲ
3351 1577 3635 1645 λέγοντεςο
3673 1577 3782 1631 Ἄπι

2219 1667 2437 1734 εκρύϐη
2459 1666 2496 1733 ἡ
2516 1665 2655 1733 ὁδός
2672 1684 2791 1735 μου
2815 1667 2935 1722 ἀπὸ
2964 1668 3070 1722 τοῦ
3101 1667 3280 1722 Θεοῦο
3305 1667 3452 1720 τοῦτ’
3478 1667 3646 1732 ἐστιν,
3669 1669 3780 1720 οὐκ·

2222 1757 2304 1810 ἐτι
2341 1761 2409 1828 τῇ
2453 1758 2594 1811 κατά
2649 1759 2816 1828 νόμον
2862 1760 3124 1831 προσέχει
3173 1760 3426 1832 λατρεία.
3472 1760 3699 1829 Ἀφεῖλε
3730 1761 3784 1813 δέ

547 1849 875 1906 Abscondita
893 1857 971 1904 est
1003 1848 1090 1902 eia
1119 1862 1237 1901 mea
1263 1863 1296 1900 a
1327 1847 1438 1902 Deo
1459 1888 1475 1914 ,
1501 1848 1554 1902 id
1584 1855 1672 1902 est
1703 1865 1716 1902 :
1748 1845 1867 1902 Non
1889 1846 2126 1916 amplius

2230 1866 2340 1918 μου
2372 1849 2487 1916 τὴν
2516 1850 2740 1918 κρίσιν,
2774 1853 2873 1906 καί
2908 1852 3147 1920 ἀπέστη
3171 1865 3186 1880 ⁶
3225 1852 3374 1906 τοῦτ’
3408 1853 3578 1918 ἔστιν,
3601 1853 3786 1906 ἔπαυσε

548 1942 684 2014 legis
715 1941 925 1996 cultum
965 1938 1347 2008 amplectitur;
1395 1939 1490 1995 sed
1515 1955 1546 1993 a
1588 1955 1671 1993 me
1694 1938 1964 2008 judicium
1995 1936 2122 1991 aba-

550 2028 670 2082 tulit
733 2038 783 2081 et
837 2029 1078 2089 recessit,
1123 2026 1177 2081 id
1211 2033 1318 2091 est,
1375 2027 1547 2098 legem
1586 2042 1805 2084 cessare
1845 2026 2000 2083 fecit.
2034 2025 2125 2081 Sic

547 2125 696 2180 enim
743 2133 797 2178 et
846 2122 1016 2176 David
1063 2122 1311 2178 cecinit:
1364 2141 1384 2177 ι
1427 2123 1705 2180 Iudicium
1756 2132 1811 2180 et
1857 2124 2125 2195 justitiam

550 2213 604 2267 in
640 2212 808 2267 Jacob
843 2212 1022 2267 lccisti
1065 2212 1145 2277 ¹⁶;
1187 2231 1207 2265 υ
1260 2211 1406 2282 quod
1448 2213 1590 2269 idem
1625 2215 1788 2284 plane
1833 2222 1938 2279 est,
1976 2229 2040 2268 ac
2079 2213 2125 2270 si

551 2305 726 2375 legem
762 2318 885 2358 eum
946 2319 1041 2373 per
1095 2302 1282 2361 Mosen
1341 2307 1592 2361 sanxisse
1648 2305 1819 2360 dicat.
1871 2305 2015 2371 Quin
2070 2315 2128 2361 et

553 2395 732 2452 Moses
759 2395 877 2465 ipse
905 2395 960 2448 in
996 2394 1142 2448 hunc
1191 2395 1412 2450 modum
1450 2397 1674 2450 scribit:
1719 2415 1737 2449 ι
1795 2394 1861 2450 Ει
1897 2396 2048 2452 dedit
2074 2393 2124 2452 ei

545 2486 756 2557 judicia
811 2487 966 2558 legis.
1007 2505 1027 2538 ι
1081 2482 1411 2541 Umbrarum
1459 2485 1678 2549 deinde,
1732 2487 1932 2556 quibus
1995 2487 2126 2542 olim

553 2579 975 2641 involvebatur,
1027 2591 1230 2648 scopus
1286 2579 1670 2650 praeﬁgebatur
1725 2578 2015 2644 Christus,
2069 2586 2128 2633 ut

553 2673 674 2742 ipse
707 2670 892 2736 docet,
929 2669 1017 2725 his
1061 2669 1290 2724 verbis:
1345 2687 1365 2722 ι
1425 2670 1482 2724 Si
1529 2669 1829 2724 crederetis
1886 2669 2042 2734 Mosi,
2073 2677 2128 2725 et

553 2765 688 2818 mihi
719 2764 882 2818 etiam
925 2763 1225 2818 crederetis
1267 2763 1333 2816 ”.
1375 2780 1423 2826 ι,
1448 2761 1529 2816 Ad
1563 2761 1700 2828 haec,
1737 2762 2124 2832 pr0phetarum

552 2871 834 2912 sermones
874 2857 1032 2928 longe.
1071 2865 1195 2910 ante
1243 2855 1488 2910 futurum
1533 2855 1739 2910 Christi
1779 2840 2124 2925 mysterium,

552 2948 697 3017 quod
732 2947 848 3017 ipsa
890 2948 1148 3002 Mosaicze
1196 2946 1333 3016 legis
1361 2955 1656 3016 exceptura
1701 2954 1852 3002 esset
1898 2959 2126 3000 acoeno-

555 3039 685 3105 niia,
719 3039 1138 3094 denuntiarunt.
1193 3035 1422 3102 Verum,
1475 3045 1738 3106 tanquam
1789 3053 1896 3092 non
1941 3035 2128 3091 audie-

554 3133 694 3197 ritis,
743 3133 922 3188 dicam
961 3150 975 3185 :
1010 3130 1148 3185 Deus
1188 3146 1293 3186 non
1327 3129 1548 3185 esuriet.
1587 3129 1777 3200 Neque
1808 3132 1952 3186 enim
1996 3129 2128 3186 mihi

555 3233 814 3296 tanquam
859 3223 1184 3294 indigerem,
1228 3223 1368 3294 legis
1413 3223 1618 3278 cultum
1649 3230 1704 3278 et
1733 3223 2003 3279 sacriﬁcia
2031 3237 2129 3278 ex-

555 3319 816 3385 hibuisti;
877 3317 1035 3388 juxta
1098 3317 1232 3371 illud
1285 3334 1299 3372 :
1353 3335 1372 3368 ι
1431 3313 1551 3371 Νοιι
1609 3331 1806 3373 vescor
1843 3325 2130 3373 taurorum

555 3409 726 3482 454
760 3409 1044 3471 carnibus,
1073 3416 1168 3486 apt
1192 3406 1475 3462 hircorum
1513 3407 1642 3462 bibo
1673 3411 1996 3479 sanguinem
2031 3411 2128 3463 η.»

559 3499 662 3564 Qui
711 3513 934 3569 possum
972 3511 1073 3566 ego
1107 3495 1226 3552 istis
1267 3496 1533 3567 indigere,
1575 3496 1669 3567 qui
1720 3513 1840 3553 sum
1873 3507 2134 3564 (stemus,

561 3590 695 3645 tntilli
733 3569 1127 3660 corruptioni,’
1151 3588 1288 3643 nulli
1321 3589 1579 3659 denique,
1622 3603 1774 3645 more
1826 3589 2133 3657 hominum,

561 3682 804 3750 passioni
862 3680 1172 3737 obnoxius?
1231 3679 1334 3734 Sed
1391 3689 1571 3736 tecum
1626 3681 1698 3735 ita
1762 3680 2134 3749 ratiocinaris,

566 3772 783 3841 inquit:
828 3770 884 3825 Si
923 3770 1196 3825 veteribus
1243 3777 1503 3839 praestant
1535 3810 1552 3836 ,
1601 3783 1723 3839 qua:
1777 3783 1919 3824 nova
1975 3779 2136 3838 sunt;

2229 1939 2321 1992 τὸν
2356 1941 2540 2011 νόμον.
2585 1942 2696 1996 Καὶ
2720 1943 2886 1996 Δαὸὶδ
2925 1945 3034 2014 γάρ
3083 1960 3238 2012 φησιο
3271 1963 3290 1994 ι
3327 1944 3528 2013 Κρίσιν
3579 1944 3673 1996 καὶ
3721 1943 3785 1995 δι-

2231 2031 2524 2103 καιοσύνην
2560 2034 2618 2086 ἑν
2661 2032 2855 2088 Ἰακὼϐ
2894 2034 2958 2087 σὺ
2986 2035 3270 2106 ἐποίησας,
3306 2054 3324 2087 ι
3355 2035 3599 2106 δηλονότι
3634 2035 3697 2088 σὺ
3714 2035 3787 2086 τὸν

2229 2123 2320 2176 διὰ
2368 2124 2611 2188 Μωσέως
2644 2125 2808 2194 νόμον
2844 2126 3124 2198 διώρισας.
3177 2126 3287 2179 Καὶ
3314 2127 3521 2196 Μωσῆς
3554 2126 3612 2178 δέ
3645 2141 3786 2195 φησι·

2236 2230 2256 2261 ι
2292 2213 2404 2265 Καὶ
2431 2213 2632 2266 ἔδωκεν
2653 2214 2804 2285 αύτῷ
2831 2216 3180 2287 δικαιώματα
3208 2217 3395 2287 νόμου.
3432 2235 3451 2268 ι
3486 2217 3662 2270 Πάλαι
3684 2232 3786 2268 σκο-

2233 2302 2332 2366 πὸς
2371 2303 2428 2356 δὲ
2474 2303 2655 2358 αὐτῶν
2695 2299 2771 2358 ῶν
2808 2300 2922 2377 εἶχε
2958 2307 3150 2374 σκιῶν,
3194 2309 3252 2361 ὲν
3306 2301 3393 2370 αἷς
3434 2307 3787 2377 προετυποῦτο

2233 2397 2489 2468 Χριστὸς,
2530 2398 2608 2462 ώς
2646 2401 2809 2464 αὑτός
2843 2418 3038 2472 φησιν·
3080 2420 3100 2455 ι
3139 2404 3200 2455 Ei
3243 2401 3559 2456 ἐπιστεύετε
3600 2400 3788 2465 Musaei,

2235 2491 2552 2546 ἐπιστεύετε
2576 2492 2643 2546 ἂν
2669 2493 2811 2563 ὲμοί.
2841 2511 2861 2546 ι
2892 2495 3004 2548 Καὶ
3030 2495 3326 2565 προφητῶν
3347 2494 3405 2547 δὲ
3426 2493 3577 2561 λόγοι
3603 2493 3662 2545 τὺ
3681 2491 3787 2560 μέλ-

2232 2581 2323 2635 λον
2391 2582 2630 2654 Χριστοῦ
2704 2585 3004 2655 μυστήριον
3066 2585 3580 2656 προκατήγγειλαν,
3638 2583 3710 2645 εἰς
3766 2580 3791 2631 8

2236 2676 2514 2744 καταντᾷν
2545 2675 2779 2744 ἡμελλεν
2813 2677 2845 2746 ὴ
2875 2675 2972 2730 τοῦ
3003 2678 3171 2747 νόμου
3216 2677 3460 2739 Μωσέως
3510 2674 3788 2744 οἰκονομία.

2233 2765 2398 2834 Πλὴν,
2415 2765 2489 2826 ὠς
2505 2764 2590 2834 μὴ
2606 2766 2954 2832 ἀκηκοότων
2980 2769 3112 2841 ὲρῶ,
3137 2768 3212 2831 ώς
3256 2767 3320 2820 '0
3349 2770 3494 2832 Θεὸς
3518 2769 3589 2820 οὑ
3606 2766 3790 2819 πεινά-

2233 2873 2348 2910 σει.
2376 2857 2466 2924 Μὴ
2495 2857 2734 2926 δεομένῳ
2759 2859 2867 2928 γάρ
2901 2875 2993 2928 μοι
3023 2858 3125 2920 τὰς
3153 2859 3296 2912 κατά
3339 2858 3504 2928 νόμον
3539 2856 3790 2926 προσῆγες

2232 2945 2489 3016 λατρείας
2521 2947 2828 3016 συμφώνως
2864 2947 2979 3019 τῷο
3015 2967 3035 3000 ι
3068 2949 3160 3017 Μὴ
3206 2949 3472 3018 φάγωμαι
3507 2947 3640 3018 κρέα
3675 2946 3791 2998 ταύο

2235 3052 2366 3105 ρων,
2415 3037 2448 3108 ἢ
2509 3031 2650 3108 αἷμα
2695 3038 2918 3109 τράγων
2967 3039 3210 3109 πίωμαι;
3253 3058 3272 3091 ι
3306 3039 3433 3100 Πῶς
3480 3037 3590 3109 γὰρ
3629 3035 3791 3103 ἐνδεὴς

2233 3126 2346 3195 ἐγὼ
2373 3127 2603 3195 τούτων,
2631 3129 2872 3205 ultimo;
2891 3130 3154 3202 ὑπάρχων
3181 3131 3278 3183 καὶ
3310 3130 3616 3202 ἀφθαρτοςς
3645 3128 3674 3196 ἦ
3697 3129 3790 3180 πά-

2233 3217 2323 3281 θος
2342 3218 2680 3288 ἀνθρώπινον
2703 3222 2960 3293 πείσομαι
2978 3238 2993 3288 ;
3013 3221 3171 3276 Ἀλλὰ
3187 3221 3398 3296 λογίζῃ,
3429 3228 3617 3290 φησὶν,
3637 3220 3707 3282 ὡς
3734 3219 3792 3270 Et

2232 3308 2472 3379 κρείττω
2497 3310 2569 3363 τὰ
2594 3311 2692 3365 νέα
2720 3311 2829 3364 τῶν
2857 3312 3051 3378 πάλαι,
3076 3311 3131 3366 τί
3169 3311 3307 3374 ὅλως
3339 3311 3448 3364 ἔδει
3478 3312 3577 3381 τῆς
3594 3308 3793 3380 πρώτης

2233 3400 2597 3470 νομοθεσίαςς
2630 3403 2705 3474 μὴ
2733 3403 2857 3458 τότε
2885 3403 2943 3458 δὲ
2969 3403 3313 3474 κηρυχθῆναι
3341 3403 3412 3455 τά
3435 3403 3566 3469 νῦν;
3597 3402 3793 3469 άγνοεξ

2232 3490 2342 3559 γὰρ
2373 3489 2512 3545 θεοῦ
2563 3496 2757 3563 σοφίας
2803 3495 3142 3565 οἰκονομίαν,
3185 3496 3255 3565 ῆν
3302 3493 3492 3564 μαθὼν
3533 3493 3563 3544 ό
3606 3490 3793 3550 Παῦλός

2233 3595 2422 3649 φησιν,
2455 3583 2538 3636 ὅτι
2574 3583 2762 3654 Νόμος
2790 3584 3160 3656 παρεισῆλθεν
3195 3585 3282 3638 ἵνα
3309 3583 3581 3657 πλεονάσῃ
3607 3581 3666 3636 τὸ
3702 3598 3794 3635 πα-

2239 3676 2532 3746 ράπτωμα.
2563 3678 2674 3732 Καὶ
2706 3677 2914 3742 πάλινο,
2937 3677 3255 3732 Συνέκλεισε
3279 3677 3389 3749 γὰρ
3417 3680 3451 3748 ἡ
3483 3675 3672 3748 Γραςὴ
3689 3676 3794 3736 τοὺς

2248 3765 2459 3831 πάντας
2481 3771 2574 3840 ὑφ’
2607 3770 2902 3842 ἁμαρτίαν,
2939 3771 3027 3825 ἵνα
3055 3772 3182 3834 τοὺς
3208 3771 3414 3833 πάντας
3459 3769 3680 3840 ἐλεήσῃ.

568 3860 697 3931 quid
732 3861 955 3915 omnino
991 3860 1202 3929 priores
1239 3859 1384 3915 ferre
1415 3859 1562 3930 leges
1590 3873 1730 3930 Opus
1751 3858 1965 3915 luerat’
1991 3876 2120 3915 num
2145 3870 2276 3916 tunc
2315 3861 2500 3916 doceri
2533 3861 2730 3924 satius,
2755 3877 2876 3931 qua:
2908 3876 3058 3916 nunc
3073 3859 3532 3932 promulganturi
3562 3860 3630 3913 At
3665 3859 3794 3930 igno-

565 3967 657 4008 ras
705 3952 898 4008 divina:
942 3951 1222 4019 sapientia:
1271 3950 1656 4016 ceconomiam,
1704 3950 1864 4019 cujus
1885 3952 2199 4022 cognitione
2232 3953 2492 4022 praeditus
2531 3953 2848 4022 Apostolus,
2880 3952 3057 4023 legem
3092 3950 3404 4016 introduci,
3440 3958 3500 4005 ut
3538 3958 3792 4020 peccatum

568 4043 895 4104 abundaret,
931 4039 1216 4093 aﬂirmavit
1260 4038 1344 4094 ":
1379 4037 1596 4101 deinde,
1639 4040 1974 4096 conclusisse
2001 4039 2342 4111 Scripturam
2389 4057 2583 4097 omnes
2635 4041 2738 4096 sub
2770 4049 3014 4111 peccato,
3069 4049 3130 4094 ut
3177 4039 3423 4094 omnium
3449 4039 3794 4094 misereretur.

637 4153 832 4221 Arguit
863 4151 1028 4222 igitur
1074 4150 1352 4208 hominum
1398 4150 1824 4206 imbecillitatem
1858 4151 1941 4206 lex
1991 4152 2127 4223 ipsa,

2311 4155 2572 4224 Ἔλεγχος
2602 4155 2712 4226 ἄρα
2754 4156 2852 4226 τῆς
2885 4153 3192 4226 ἀνθρώπιον
3241 4154 3536 4216 ἀσθενείας
3564 4154 3592 4205 ὁ
3636 4154 3793 4220 νόμος,

570 4259 680 4300 non
705 4258 802 4298 eos
835 4240 1170 4312 justilicans,
1218 4239 1314 4296 sed
1356 4239 1642 4306 damnans,
1710 4255 1852 4312 quos
1889 4242 2127 4298 Christui

2237 4246 2299 4300 οὐ
2348 4245 2598 4309 δικαιῶν,
2632 4246 2768 4302 ἀλλά
2815 4245 3186 4317 κατακρίνων,
3233 4243 3328 4308 οὓς
3367 4245 3395 4296 ὁ
3428 4243 3661 4316 Χριστὸς
3704 4242 3794 4294 t6:-

568 4337 746 4406 gratia
775 4333 1122 4405 justilieavit.
1145 4330 1266 4402 Ipse
1303 4333 1448 4387 enim
1479 4339 1586 4397 est,
1622 4332 1741 4399 qui,
1775 4341 2127 4404 praeterquan'

2240 4335 2445 4389 καίωσε
2466 4337 2669 4407 χάριτι.
2693 4336 2866 4399 Λὺτδς
2891 4336 3000 4406 γὰρ
3020 4337 3048 4389 ό
3076 4337 3172 4389 καὶ
3202 4335 3338 4406 πρὸς
3362 4333 3440 4404 τῷ
3467 4333 3556 4404 μὴ
3581 4328 3792 4396 πεινᾷν.

573 4428 715 4496 quod
744 4441 850 4480 non
875 4424 1064 4490 esurit,
1108 4423 1176 4479 iis
1225 4422 1414 4486 etiam,
1465 4423 1560 4493 qui
1599 4421 1872 4493 justitiam
1904 4425 2122 4478 esuriun

2241 4430 2358 4490 τοῖς
2409 4427 2657 4482 πεινῶσι
2704 4428 2805 4498 τὴν
2856 4427 3206 4498 δικαιοσύνην
3261 4425 3445 4494 ἰσχὺν
3497 4425 3673 4488 διδοὺς
3716 4423 3794 4492 τὴν

571 4516 856 4588 spirituale
903 4513 1066 4569 robur
1114 4513 1344 4585 largitur
1395 4515 1488 4580 '°;
1540 4529 1815 4585 sensuque
1854 4515 2127 4570 destituto:

2245 4520 2644 4588 πνευματικὴν,
2671 4519 2699 4571 ὁ
2732 4519 2829 4572 καὶ
2861 4521 2994 4582 τοὺς
3024 4519 3386 4586 ἀναισθήτους
3419 4518 3500 4580 είς
3540 4515 3786 4582 συναίσθη·

573 4607 824 4662 immisso
863 4621 1122 4670 mmrore,
1172 4605 1469 4660 vindictam
1523 4616 1871 4674 peccatorum
1914 4621 2127 4676 persen'

2253 4625 2337 4661 σιν
2393 4609 2544 4676 ἄγων
2603 4608 2890 4679 ὀδυνηρὰν,
2937 4609 3022 4676 ἐφ’
3051 4603 3130 4671 οἷς
3182 4607 3566 4678 ἀμαρτηκότες
3615 4605 3790 4658 τίσουσι

576 4697 684 4753 tire
717 4696 870 4752 facit.
904 4697 1056 4752 Solet
1105 4696 1252 4751 enim
1286 4696 1350 4750 ad
1383 4696 1616 4751 salutem
1657 4712 1851 4751 mceror
1872 4737 1890 4764 ,
1921 4697 2015 4768 qui
2060 4713 2127 4752 se

2250 4699 2426 4762 δίκας.
2471 4699 2536 4752 Ἦ
2573 4699 2680 4768 γὰρ
2711 4699 2851 4752 κατὰ
2881 4699 3034 4752 Θεὸν
3069 4700 3233 4765 λύπη
3273 4699 3564 4768 μετάνοιαν
3598 4699 3672 4758 εἰς
3710 4711 3786 4746 σω·

576 4787 819 4842 cundum
852 4786 1021 4842 Deum
1069 4793 1174 4852 est,
1225 4787 1604 4857 paenitentiam
1655 4789 1872 4860 operari
1921 4790 2127 4846 minimi

2244 4791 2443 4861 τηρίαν
2478 4789 2890 4861 ἀμεταμέλητον
2933 4789 3328 4860 κατεργάζεται
3353 4805 3368 4820 ο
3409 4790 3579 4861 ῆγουν
3617 4787 3785 4850 λύπην

581 4878 953 4949 pmnitendam
992 4879 1036 4911 ²¹
1065 4897 1078 4933 :
1122 4878 1202 4933 vel
1227 4887 1372 4932 certe
1403 4895 1677 4935 maerorem
1708 4896 1832 4936 eum
1867 4881 1956 4936 hic
1984 4882 2127 4936 intel‘

2246 4882 2422 4942 διδοὺς
2451 4883 2550 4952 τὴν
2582 4883 2646 4934 ὲκ
2688 4885 2787 4952 τῆς
2833 4881 3088 4944 ἁλώσεως
3132 4883 3243 4942 τοῖς
3288 4879 3540 4934 είποῦσι·
3579 4880 3648 4931 Τὸ
3679 4870 3784 4944 αἷμα

580 4972 718 5040 ligit.
745 4986 906 5040 quem
944 4970 1013 5024 ab
1055 4969 1212 5026 urbis
1241 4972 1648 5039 expugnatione
1690 4971 1853 5026 iidem
1888 4986 2127 5042 percepe‘

2250 4970 2418 5024 αὑτοῦ
2451 4970 2534 5039 ἐφ’
2560 4972 2708 5040 ἡμᾶς
2733 4971 2829 5024 καὶ
2866 4972 2958 5025 ἐπὶ
2999 4969 3067 5022 τά
3105 4969 3271 5022 τέκνα
3308 4969 3486 5039 ἡμῶν.
3523 4970 3584 5022 Οί
3606 4968 3689 5021 καὶ
3710 4965 3784 5032 τῆς,

578 5073 727 5124 runt,
759 5061 853 5130 qui
905 5060 1133 5131 sanguis
1183 5061 1304 5130 ejus
1362 5077 1527 5132 super
1575 5079 1678 5119 nos
1709 5070 1763 5117 et
1795 5077 1962 5132 super
2008 5063 2150 5120 lilios

581 5163 802 5208 nostros
854 5151 1320 5208 inclamarunt“.
1380 5153 1461 5208 llli
1501 5155 1648 5210 enim
1703 5155 1973 5226 spirituali
2023 5156 2150 5211 cibo

578 5242 852 5308 destituti,
908 5241 1107 5297 inﬁrmi
1158 5252 1454 5299 evaserunt
1497 5285 1512 5310 ,
1574 5245 1951 5315 quantumvis,
1990 5255 2148 5302 antea

580 5337 776 5390 robore
815 5341 1188 5404 praestarent:
1236 5349 1361 5390 cum
1420 5345 1644 5406 propter
1691 5335 2147 5404 imbecillitatem,

578 5425 778 5479 diaboli
813 5423 1041 5494 pedibus
1089 5431 1282 5492 gentes
1325 5426 1708 5488 calcarentur;
1749 5427 2147 5497 praeceptisque

580 5516 844 5586 legalibus
901 5514 1158 5576 educati,
1219 5515 1393 5584 gratia
1453 5516 1707 5587 gentibus
1759 5517 2142 5585 adventante,

651 5709 693 5740 "
728 5708 872 5762 Psal.
899 5721 1089 5770 xcvin,
1120 5706 1174 5763 6.
1251 5707 1295 5738 ¹⁷
1323 5703 1484 5776 Joan.
1517 5726 1567 5768 v.
1602 5708 1690 5765 l6.
1766 5707 1974 5767 "Psal.
2024 5722 2127 5764 XLII

2238 5709 2295 5765 3.
2369 5711 2412 5744 ¹⁹
2449 5708 2606 5764 Rom.
2641 5723 2696 5766 v.
2729 5707 2813 5762 15.

582 5777 674 5838 19,
701 5780 791 5832 ‘20.
865 5779 910 5808 "
942 5777 1317 5833 Muttinxxvn.
1343 5775 1434 5828 25.

2248 5065 2626 5134 πνευματικῆς
2663 5064 3018 5134 ἐστερημένοι
3046 5062 3250 5132 τροφῆς
3282 5060 3594 5124 ἀσθενοῦσι,
3623 5059 3783 5112 καίτοι

2251 5157 2517 5227 πρότερον
2566 5155 2870 5227 ἐρρωμένοι
2901 5155 3283 5224 τυγχάνοντες,
3319 5155 3410 5208 ὅτε
3455 5154 3524 5206 τά
3554 5151 3669 5218 ἔθνη
3701 5149 3785 5206 τοῖς

2245 5247 2573 5310 διαϐολικοῐς
2622 5246 2679 5313 ἐξ
2724 5244 3006 5308 ἀσθενείας
3053 5243 3440 5297 ὑποπεπτώκει
3495 5242 3666 5304 ποσὶν,
3713 5237 3783 5288 καὶ

2248 5341 2369 5400 ταῖς
2406 5337 2647 5399 ἐντολαῖς
2696 5339 2816 5400 ταῖς
2849 5335 2990 5390 κατά
3021 5335 3187 5405 νόμον
3238 5334 3582 5404 τρεφόμενοι,
3620 5331 3706 5398 τῆς
3739 5326 3783 5378 δὲ

2249 5430 2470 5500 χάριτος
2499 5427 2757 5497 ἐλθούσης
2792 5427 2897 5488 τοῖς
2935 5425 3168 5488 ἔθνεσιν,
3201 5426 3354 5478 αὐτοὶ
3387 5419 3784 5494 μετέστησανεὶς

2251 5519 2429 5590 λιμὸν,
2447 5519 2504 5573 ὃν
2532 5517 2910 5570 ἐπεσπάσαντο
2938 5516 3170 5581 ἑαυτοῖς,
3188 5516 3247 5568 ού
3278 5516 3460 5584 λιμὸν
3489 5516 3662 5588 ἄρτου,
3684 5505 3779 5562 οὐδὲ

2893 5705 2936 5738 ⁸⁸
2965 5699 3156 5759 Matth.
3192 5715 3247 5765 v,
3280 5700 3333 5754 6.
3410 5700 3452 5731 “
3485 5696 3522 5752 ΙΙ
3553 5695 3663 5752 Cor.
3693 5705 3769 5752 vn,
