3978 6374
162 410 272 476 2353
1242 410 1756 458 L'UMMISNI‘AHU

158 517 284 585 δίψαν
328 508 519 569 ὓδατος,
562 500 697 556 ἀλλά
739 501 919 572 λιμὸν
953 500 1046 555 τοῦ
1078 501 1311 558 ἀκοῦσαι
1360 503 1517 573 λόγον
1563 506 1681 558 Κυ-
1711 513 1756 567 Α

162 609 282 679 piou'
325 593 364 667 ᾧ
409 594 595 667 μηκέτι
653 593 952 664 τραφέντες
1009 594 1388 664 ἠσθένησαν,
1428 596 1675 665 λέγοντι·

1242 396 1773 458 COMMENTARII
1809 395 1890 455 IN
1958 392 2248 454 ISAIAM.

3221 376 3361 441 2354

1785 502 2014 557 esuriem
2055 499 2161 555 sibi
2225 512 2332 553 non
2371 495 2530 568 panis
2567 491 2786 565 quidem
2848 488 3018 550 illam,
3069 488 3211 541 sicut
3263 502 3366 543 nec

1782 608 1941 661 aqua:
1973 590 2153 655 sitim,
2205 589 2301 645 sed
2348 584 2606 641 audiendi
2656 580 2803 636 verbi
2838 578 3053 634 Domini
3088 577 3133 609 ⁸³
3171 577 3367 644 {amem

161 670 175 751 ξ
216 692 335 761 Ἐγώ
359 692 463 759 εἰμι
494 689 521 741 6
567 687 731 756 ἄρτος
778 688 806 740 6
836 688 901 739 ἐκ
926 686 1022 740 τοῦ
1073 687 1305 759 οὐρανοῦ
1351 688 1618 751 καταϐὰς,
1654 707 1672 740 ι

1801 683 1883 754 psi
1910 682 2325 738 accersiverunt
2351 695 2365 745 ;
2401 691 2510 747 quo
2533 690 2641 731 non
2673 673 2917 743 amplius
2943 672 3193 736 enutriti,
3221 670 3365 740 apud

158 788 230 840 καὶ
255 782 313 835 τὰ
352 778 489 848 ἑξῆς.
538 768 611 828 Οὗ
652 776 895 843 φαγόντα
928 776 997 829 τὰ
1048 774 1175 846 ἔθνη
1228 776 1429 831 οὐκέτι
1478 774 1676 845 πεινᾷ.

1776 790 1900 831 eum
1936 774 2139 843 inﬁrmi
2187 777 2507 835 evaserunt,
2559 767 2654 836 qui
2689 766 2820 819 dicit
2856 783 2868 818 :
2907 783 2925 815 ι
2966 762 3077 834 Ego
3112 777 3233 817 sum
3266 777 3367 832 pa-

157 874 264 945 Φησὶ
294 871 389 940 γὰρ
418 868 506 922 καὶ
532 865 805 945 Σολομῶν·
841 865 915 921 Οὐ
939 866 1321 938 λιμοκτονήσει
1347 866 1549 937 Κύριος
1570 868 1677 936 ψυ-

1798 866 1863 922 Iis
1884 866 1979 936 qui
2020 866 2089 921 de
2121 865 2265 921 caelo
2303 860 2567 918 descendi
2604 859 2684 925 “,
2723 877 2741 913 ι
2779 866 2835 913 ct.
2865 872 2992 927 qua:
3021 862 3371 931 sequuntur:

156 966 233 1035 χὴν
263 958 473 1023 δικαίαν,
501 944 642 1025 ζωὴν
672 955 729 1008 δὲ
762 954 980 1008 ἀσεϐῶν
1004 955 1317 1026 ἀνατρέψει.
1364 955 1676 1026 ’Υπέμεινε

157 1056 241 1123 γὰρ
267 1048 387 1104 αὑτά
430 1048 532 1101 τὸν
563 1045 712 1100 Θεὸν
742 1046 841 1116 τὴν
872 1046 938 1100 ὲκ
986 1045 1195 1118 πλάνης
1239 1046 1565 1103 ἀσθένειαν
1593 1049 1681 1114 εὶς

156 1144 304 1213 ἰσχὺν
344 1138 709 1209 πνευματικὴν
740 1138 1110 1209 ἀλλαξάμενα,
1142 1139 1378 1211 κρείττω
1418 1158 1478 1192 τε
1526 1158 1687 1210 γεγο-

154 1235 253 1288 νότα
264 1230 359 1283 τῶν
382 1227 649 1300 σαρκικῶν
670 1228 896 1300 ἡδονῶν,
917 1230 1153 1301 Χριστοῦ
1175 1230 1582 1301 κατισχύοντος,
1606 1230 1681 1293 ὼς

154 1326 266 1394 ἐρεῖν
296 1320 579 1391 ψάλλοντα·
624 1337 642 1371 ι
691 1318 867 1392 Ἰσχύς
918 1339 1019 1392 μου
1067 1323 1161 1378 καὶ
1211 1320 1446 1392 ὕμνησίς
1500 1338 1601 1390 μου
1651 1322 1679 1374 6

153 1414 338 1483 Κύριος.
369 1431 387 1464 ι

1794 973 1906 1028 quo
1931 958 2061 1029 quia
2099 970 2397 1013 vescuntur
2439 966 2651 1027 gentes,
2698 955 2932 1024 amplius
2970 970 3073 1007 non
3106 953 3371 1007 esuriant.

1787 1048 1936 1106 Justi
1966 1051 2114 1105 enim
2143 1049 2408 1115 animam,
2440 1050 2515 1103 ait
2570 1049 2833 1102 Salomon
2868 1046 2914 1078 ⁸⁸
2943 1086 2958 1112 ,
3009 1044 3153 1099 [ante
3195 1044 3376 1113 perire

1789 1155 2074 1212 nunquam
2126 1139 2361 1211 patietur
2401 1138 2702 1205 Dominus;
2740 1137 2833 1191 sed
2883 1137 3047 1190 vitam
3081 1135 3374 1204 impiorum

1787 1239 2013 1286 evertet.
2049 1230 2182 1300 Ipsae
2207 1245 2447 1300 namque
2477 1231 2678 1283 virium
2714 1230 2809 1282 illa
2845 1229 3181 1297 inﬁrmitate,
3210 1240 3376 1294 quam

1786 1336 1978 1377 errore
2006 1328 2422 1385 contraxerant,
2446 1321 2498 1374 in
2525 1322 2685 1375 robur
2706 1319 2995 1391 spirituale
3022 1325 3375 1386 commutata,

1790 1410 2368 1483 Deum'eazspectarunt,
2383 1413 2741 1483 corporisque
2756 1410 3119 1478 voluptatibus
3135 1406 3380 1478 superiO'

154 1522 221 1563 res
241 1507 302 1557 ita
316 1501 523 1558 Christo
545 1503 848 1573 opitulante
867 1511 1287 1569 evaserunt,ut:
1309 1521 1328 1557 ι
1349 1502 1634 1559 Fortitudo
1650 1516 1765 1555 mea
1786 1512 1840 1559 et
1858 1506 1978 1573 laus
1996 1522 2114 1563 mea
2134 1506 2471 1570 Dominus“,
2496 1525 2512 1555 ι
2538 1522 2662 1561 cum
2685 1504 2886 1559 Davide
2908 1504 3090 1559 dicere
3112 1503 3341 1556 valeant.

207 1604 322 1671 ησκ’.
367 1596 445 1651 Σὺ
478 1594 566 1663 δὲ,
607 1596 878 1665 Ἰσραὴλ,
913 1596 1054 1662 παῖς
1070 1614 1192 1667 μου
1227 1594 1451 1659 Ἰακὼϐ,
1487 1595 1586 1649 καὶ
1607 1593 1680 1648 ὃν
1715 1596 1754 1653 Β

151 1687 472 1758 ἐξελεξάμην
517 1688 758 1756 σπέρμα
804 1688 1080 1756 Ἀϐραὰμ,
1136 1686 1209 1741 ὃν
1256 1686 1567 1757 ἠγάπησα,
1608 1683 1681 1744 οὗ

152 1781 511 1850 ἀντελασόμην
564 1781 668 1835 ἀπ’
722 1781 921 1850 ἄκρων
971 1780 1082 1849 τῆς
1126 1780 1262 1850 γῆς,
1320 1779 1418 1833 καὶ
1448 1780 1514 1834 ἐκ
1565 1777 1684 1832 τῶν

153 1869 379 1926 σκοπιῶν
403 1867 588 1937 αὐτῆς
618 1868 890 1925 ἐκάλεσά
932 1886 1025 1934 σε,
1054 1870 1152 1925 καὶ
1187 1866 1327 1924 εἶπά
1362 1885 1494 1923 σοι·
1536 1866 1685 1931 Παῖς

147 1980 239 2031 μου
260 1956 324 2026 εἷ,
354 1977 404 2013 κ.
432 1977 480 2013 τ.
513 1959 561 2012 λ.

212 2048 463 2119 Ἀνωτέρω
499 2047 602 2118 μὲν
644 2045 725 2112 τῷ
767 2045 978 2103 Ἰακὼϐ
1027 2049 1055 2101 ὁ
1100 2047 1233 2110 Θεὸς
1268 2048 1548 2117 ἐμέμφετο
1591 2049 1684 2101 καὶ

149 2140 210 2206 τῷ
234 2138 478 2208 Ἰσραὴλ,
505 2139 779 2207 λέγουσιν,
801 2139 1111 2210 Ἀπεκρύϐη
1132 2141 1165 2210 ὴ
1192 2140 1306 2204 ὁδός
1329 2158 1429 2210 μου
1462 2141 1569 2194 ἀπὸ
1589 2140 1682 2194 τοῦ

149 2231 280 2285 Θεοῦ·
311 2231 398 2285 νῦν
422 2231 477 2284 δὲ
517 2233 577 2285 ὲν
621 2231 828 2303 ἐπαίνῳ
869 2231 1053 2285 παῖδα
1096 2232 1253 2286 καλεί
1292 2232 1401 2286 τὸν
1442 2231 1684 2300 Ἰσραὴλ

148 2323 223 2376 καὶ
255 2322 349 2376 τὸν
391 2322 608 2378 Ἰακὼϐ
648 2321 1108 2392 ἐκλελεγμένον,
1157 2323 1343 2393 σαφῶς
1388 2322 1485 2377 τοῦ
1520 2323 1682 2393 λόγου

148 2414 219 2468 δύο
239 2414 478 2484 τμήματα
507 2412 607 2466 τοῦ
652 2415 716 2467 ἐκ
760 2414 1066 2485 περιτομῆς
1113 2414 1488 2485 παριστῶντος
1529 2414 1682 2481 λαοῦ,

143 2505 193 2555 τὸ
224 2505 308 2574 μὲν
349 2502 605 2569 ἐκπεσὸν,
644 2503 733 2557 διὰ
759 2504 863 2577 τὴν
901 2503 1188 2558 ἀπιστίαν’
1227 2504 1287 2559 τὸ
1315 2504 1372 2558 δὲ
1399 2505 1571 2559 σωθὲν
1596 2506 1684 2560 διὰ

149 2595 340 2657 πίστεως
371 2593 689 2648 ἀποστόλων
720 2611 775 2647 τε
828 2594 923 2649 καὶ
952 2593 1060 2649 τῶν
1090 2595 1190 2650 σὺν
1215 2596 1397 2659 αὐτοῖς
1428 2593 1686 2666 ἐκλογῆς

146 2685 434 2756 ὴξιωμὲνων,
452 2684 599 2740 κατὰ
616 2686 705 2741 τὸν
722 2685 863 2740 θεῖον
878 2685 1201 2743 Ἀπόστολον
1218 2686 1459 2754 λέγοντα·
1487 2706 1505 2740 ι
1530 2687 1686 2741 Οὕτω

146 2779 217 2829 mi
243 2778 292 2829 ὲν
316 2777 389 2847 τῷ
420 2777 516 2831 νῦν
559 2778 746 2851 καιρῷ
772 2778 981 2849 λεῖμμα
1028 2778 1151 2831 κατ’
1182 2777 1413 2849 ἐκλογὴν
1461 2779 1684 2850 χάριτος

145 2869 315 2936 γέγονε.
344 2889 361 2921 ι
392 2869 501 2922 Καὶ
521 2871 586 2922 τὸ
614 2870 946 2938 Εὐαγγέλιον
974 2870 1028 2923 δέ
1052 2887 1184 2940 φησι
1208 2886 1222 2899 ο
1254 2888 1273 2922 ι
1303 2869 1537 2934 Τούτους
1557 2871 1683 2934 τοὺς

147 2957 311 3011 ἃὶιδεκα
339 2957 625 3025 ἐξελέξατο
655 2959 682 3009 6
724 2957 949 3030 Ἰησοῦς.
990 2978 1008 3009 ι
1038 2958 1255 3013 Πολλῶν
1286 2958 1341 3012 δὲ
1374 2959 1541 3014 ὄντων
1566 2958 1686 3028 κλη-

146 3048 226 3102 τῶν
249 3051 331 3103 καὶ
359 3050 422 3105 ὲκ
442 3050 535 3104 τοῦ
568 3050 842 3123 προτέρου
861 3050 1019 3114 λαοῦ,
1046 3050 1217 3119 ὀλίγοι
1244 3048 1382 3123 ἦσαν
1443 3053 1492 3107 οἱ
1520 3053 1690 3106 ἐκλε-

146 3142 261 3196 κτοί.
292 3143 427 3214 Πρὸς
455 3143 549 3208 οὓς
586 3146 618 3197 6
648 3144 805 3212 λόγος
842 3143 940 3207 τὰς
968 3143 1340 3216 προκειμένας
1356 3143 1688 3213 ἐπαγγελίας

147 3236 358 3301 ποιεῖται,
392 3236 530 3306 μετά
571 3236 679 3305 τὴν
722 3234 1161 3305 προδηλωθεῖσαν
1204 3235 1313 3288 τῶν
1356 3234 1526 3289 ὲθνῶν
1561 3234 1691 3306 κλῆ-

148 3342 208 3378 σιν
231 3327 281 3378 ὲν
310 3326 384 3397 τῷ
408 3344 422 3358 ·
454 3328 497 3379 Τ
504 3327 552 3391 ις
607 3326 802 3398 ἐξῆρεν
856 3328 964 3382 ἀπὸ
1004 3327 1277 3381 ἀνατολῶν
1322 3326 1688 3399 δικαιοσύνην,

146 3415 195 3481 ἦν
218 3413 306 3487 ἔφη
346 3416 534 3470 δώσειν
576 3418 827 3472 ἐναντίον
857 3417 1058 3485 ὲθνῶνς
1095 3419 1205 3472 Καὶ
1238 3419 1435 3473 πάλιν
1480 3419 1690 3475 Ἴδοσαν

144 3503 241 3575 ἔθνη
267 3507 351 3560 καὶ
382 3507 764 3578 ἐφοϐήθησαν,
792 3509 842 3559 οἱ
872 3508 1047 3561 λοιποὶ
1076 3508 1132 3561 δὲ
1166 3509 1435 3575 ἐξέδωκαν
1457 3526 1470 3540 ·
1492 3509 1576 3564 Σὺ
1598 3510 1688 3579 δὲ,

153 3595 380 3666 Ἰσραὴλ,
405 3598 602 3653 δοῦλέ
635 3617 777 3669 μου.
804 3600 1035 3654 Δοῦλον
1055 3600 1110 3653 δὲ
1137 3602 1352 3656 πρῶτον
1382 3602 1689 3673 ὠνόμασεν,

144 3681 235 3739 εἶτα
273 3689 579 3745 ἐκλεκτόν.
637 3691 724 3755 Ὠς
755 3692 812 3743 ὲν
865 3690 1059 3761 ἀρχαῖς
1106 3693 1226 3762 μὲν,
1274 3693 1423 3765 φόϐῳ
1452 3694 1695 3758 δουλείας

144 3776 223 3829 ὑπὸ
248 3779 331 3833 τὸν
355 3780 517 3850 νόμον
567 3781 1088 3853 παιδαγωγηθέντα,
1131 3778 1250 3836 εἶτα
1290 3783 1378 3838 διὰ
1406 3784 1693 3855 προκοπῆς

142 3868 419 3940 intererrat
443 3872 535 3928 διὰ
567 3873 676 3945 τῆς
703 3873 971 3945 κλήσεως,
998 3875 1183 3944 τάγμα
1213 3875 1269 3929 δὲ
1292 3875 1445 3947 ποιρά
1472 3876 1695 3941 τούτους

142 3960 311 4031 ιτερον,
338 3964 403 4019 τὸ
446 3965 700 4035 σπέρμα
747 3965 1046 4037 λεγόμενον
1076 3967 1342 4039 Ἀϐραὰμ,
1385 3970 1446 4023 τὸ
1491 3968 1695 4039 πλῆθος

141 4052 224 4105 τῶν
258 4055 521 4110 Ἰουδαίων
568 4056 796 4127 δηλοῦν,
845 4059 984 4128 πρὸς
1024 4057 1115 4123 οὒς
1163 4059 1350 4128 ἔλεγεν
1393 4061 1422 4112 6
1471 4060 1692 4131 Σωτήρ⁶

147 4138 374 4199 ιυῖδαὸτι
391 4148 628 4219 σπέρμα.
651 4147 905 4220 Ἀϐραάμ
920 4150 1065 4214 ἐστε,
1081 4169 1098 4202 ι
1127 4151 1347 4221 ἑτέρους
1364 4151 1522 4215 ὄντας
1544 4151 1697 4223 παρὰ

1713 2930 1752 2985 C

1850 1597 2014 1669 455
2049 1597 2212 1655 Vens.
2249 1599 2401 1654 8-29.
2444 1598 2487 1653 Τ
2492 1616 2524 1650 u
2559 1607 2734 1652 autent
2785 1597 2955 1653 Israel
3004 1611 3135 1664 puer
3191 1612 3332 1650 meus
3358 1636 3375 1663 ,

1784 1687 1951 1745 Jacob
1974 1706 2124 1757 quem
2143 1690 2296 1761 elegi,
2317 1703 2490 1745 semen
2519 1690 2816 1753 Abraham,
2843 1705 2993 1759 quem
3020 1688 3205 1752 dilexi,
3225 1704 3377 1754 quem

1786 1782 2053 1851 assumpsi
2115 1782 2181 1837 ab
2229 1783 2481 1838 extremis
2532 1790 2723 1846 term,
2781 1791 2831 1837 et
2891 1798 2924 1834 a
2979 1779 3378 1835 summitatibus

1785 1874 1901 1941 ejus
1931 1875 2111 1929 vocavi
2141 1883 2210 1938 te,
2244 1886 2293 1929 et
2324 1873 2441 1929 dixi
2474 1874 2611 1928 tibi:
2639 1872 2783 1927 Puer
2811 1889 2954 1928 meus
2985 1889 3059 1931 es.
3102 1880 3207 1925 etc.

1861 2050 2027 2123 456
2066 2050 2334 2122 Superius
2388 2052 2609 2122 quidem
2664 2049 2927 2106 Iacobum
2979 2059 3029 2104 et
3088 2049 3380 2114 Israelem,

1785 2146 1879 2215 qui
1914 2146 2053 2201 viam
2104 2145 2209 2200 sibi
2242 2146 2308 2201 ad
2341 2145 2635 2201 Dominum
2672 2143 2929 2215 impediri
2964 2141 3382 2212 quaerebantur,

1788 2234 1931 2291 Deus
1976 2235 2350 2305 reprehendit.
2410 2235 2568 2292 Nunc
2617 2243 2803 2291 autem
2856 2242 3152 2303 utrumque
3206 2230 3383 2286 laudis

1784 2340 1919 2396 ergo
1946 2324 2100 2380 electi
2129 2324 2234 2395 ﬁlii
2269 2325 2494 2381 nomine
2544 2326 2836 2395 dignatur;
2888 2324 3033 2378 unde
3086 2320 3382 2377 circumci-

1787 2432 1909 2473 sum
1935 2416 2198 2486 populum
2223 2418 2281 2472 in
2323 2416 2434 2472 duo
2478 2416 2772 2472 manifeste
2802 2414 3022 2469 videtur
3051 2412 3232 2468 oratio
3263 2410 3383 2465 dis-

1787 2508 2044 2565 tribuisse
2076 2525 2091 2561 :
2127 2507 2361 2563 alterum
2404 2506 2648 2577 quidem,
2680 2505 2772 2576 qui
2805 2514 3031 2576 propter
3091 2500 3389 2557 increduli-

1787 2608 1953 2655 tatem
1977 2599 2217 2666 excidit;
2246 2599 2479 2654 alterum
2508 2608 2714 2665 autem,
2746 2597 2839 2667 qui
2873 2610 2970 2664 per
3004 2590 3388 2663 apostolorum

1786 2700 1841 2748 et
1891 2692 2169 2746 sociorum
2225 2689 2390 2745 tidem
2438 2688 2694 2743 electione
2747 2687 2950 2758 dignus
2998 2693 3084 2740 est
3139 2682 3387 2747 habitus,

1787 2784 1931 2837 sicut
1975 2782 2051 2836 ait
2079 2780 2411 2851 Apostolus;
2445 2796 2465 2827 ι
2501 2777 2593 2833 Sic
2632 2786 2686 2832 et
2718 2778 2773 2832 in
2820 2778 2924 2831 hoc
2956 2783 3205 2845 tempore
3258 2772 3390 2828 reli-

1787 2875 1929 2945 quia:
1953 2889 2052 2945 per
2080 2862 2402 2929 electidnem
2430 2872 2620 2941 gratiae
2654 2871 2812 2927 iacnt
2843 2879 2975 2925 sunt
3006 2870 3075 2923 ’⁷.
3116 2886 3137 2920 ι
3178 2854 3393 2928 Deinde

1792 2965 2144 3035 Evangelium
2203 2983 2217 3019 :
2277 2982 2296 3017 ι
2354 2962 2465 3018 Hos
2511 2963 2797 3018 duodecim
2846 2961 3012 3032 elegit
3054 2958 3216 3015 Jesus
3249 2958 3317 3011 ⁸⁸.
3361 2975 3381 3009 ι

1790 3056 2053 3122 Quamvis
2106 3065 2288 3111 autem
2344 3055 2412 3110 de
2466 3056 2649 3125 priore
2706 3053 2910 3124 populo
2965 3054 3145 3108 vocati
3199 3061 3390 3108 essent

1794 3146 2073 3217 permulti,
2119 3147 2285 3217 pauci
2337 3154 2518 3201 tamen
2572 3144 2796 3200 fuerunt
2829 3144 3020 3207 electi;
3067 3143 3139 3198 ad
3183 3157 3391 3213 eosque

1792 3240 2191 3310 promissiones
2259 3238 2445 3294 retulit
2502 3240 2724 3304 oratio,
2790 3245 3083 3308 postquam
3138 3237 3387 3307 gentium

1794 3333 2081 3389 vocatione
2130 3332 2404 3403 explicata
2433 3372 2448 3398 ,
2499 3332 2759 3403 quisnam
2817 3330 2887 3385 ab
2938 3338 3064 3386 ortu
3115 3328 3391 3399 justitiam

1791 3425 2110 3491 excitasset,
2136 3425 2390 3494 quaesivit
2409 3437 2573 3494 quam
2593 3437 2654 3477 se
2680 3422 2735 3476 in
2759 3427 3117 3491 conspectum
3142 3417 3387 3490 gentium

1794 3515 2103 3584 positurum
2133 3514 2443 3570 aliirmavit.
2485 3512 2550 3567 Et
2568 3526 2785 3575 rursus,
2807 3526 2932 3568 eum
2956 3509 3176 3565 novisse
3198 3514 3389 3580 gentes

1793 3618 1847 3665 et
1878 3608 2131 3664 timuisse
2158 3602 2316 3661 dixit.
2348 3604 2551 3660 Verum
2582 3619 2703 3675 quae
2728 3605 2784 3660 in
2809 3604 3067 3659 manibus
3096 3603 3387 3664 habemus.

1795 3703 1869 3755 ita
1901 3697 2099 3769 reliqui
2136 3698 2613 3766 interpretantur:
2648 3694 2727 3749 Tu
2777 3702 2954 3751 autem
3002 3692 3199 3757 Israel,
3248 3708 3393 3749 serve

1795 3791 1888 3844 mi.
1942 3788 2093 3845 Serui
2139 3801 2340 3842 nomen
2396 3785 2568 3857 igitur
2624 3785 2780 3856 prius
2813 3784 3138 3855 usurpavit;
3192 3782 3395 3840 deinde

1794 3884 1947 3941 electi
1986 3898 2004 3938 :
2046 3891 2309 3952 tanquam
2359 3896 2483 3937 eum
2534 3880 2693 3935 initio
2746 3878 3034 3936 servitutis
3091 3885 3242 3932 metu
3292 3875 3399 3932 sub

1798 3978 1913 4049 lege
1936 3976 2252 4039 educatum,
2283 3990 2381 4046 per
2426 3973 2868 4045 progressionem
2903 3972 3102 4028 deinde
3130 3986 3198 4026 ex
3229 3984 3396 4025 voca-

1798 4070 1948 4126 tione
1994 4069 2253 4132 electum;
2309 4066 2404 4123 sed
2463 4074 2673 4122 certum
2733 4073 2915 4119 tamen
2969 4070 3196 4135 propter
3245 4061 3396 4116 hunc

1798 4174 2089 4216 numerum
2108 4159 2396 4225 innueret;
2421 4155 2570 4226 quod
2592 4171 2767 4210 semen
2790 4153 3019 4208 Abralza:
3036 4151 3395 4224 appellatum,

140 4231 193 4284 τά
216 4234 364 4290 τέκνα
388 4236 485 4292 τοῦ
530 4239 814 4310 Ἀϐραὰμ,
849 4241 979 4311 περὶ
1008 4234 1082 4295 ὧν
1125 4242 1340 4311 ἔλεγεν·
1384 4263 1401 4294 ι
1440 4243 1503 4297 El
1527 4242 1693 4298 τέκνα

1798 4250 2114 4307 Judaeorum
2138 4246 2547 4303 multitudinem
2581 4245 2959 4315 signiﬁcaret;
2991 4258 3133 4313 quos
3159 4240 3399 4297 Abrahas

143 4326 218 4380 τοῦ
250 4329 490 4403 Ἀϐραὰμ
515 4328 645 4405 ἦτε,
676 4333 746 4387 τὰ
772 4333 911 4405 ἔργα
944 4334 1037 4388 τοῦ
1074 4335 1327 4407 Ἀϐραὰμ
1369 4338 1626 4393 ἐποιεῖτε.
1663 4356 1689 4392 s

154 4415 365 4491 Ἁϐραάμ
414 4425 515 4494 μὲν
569 4421 667 4478 οὖν
727 4424 1034 4494 ἀγαπητὸς
1087 4424 1165 4497 ἦν
1199 4426 1307 4481 τοῦ
1362 4428 1535 4485 Θεοῦ.
1585 4430 1698 4501 Οὐχ

144 4510 310 4578 ὁμοίως
339 4514 493 4569 δὲτὸ
546 4516 795 4587 σπέρμα
844 4518 1167 4588 ὴγαπῆσθαί
1219 4537 1374 4590 φησι.
1409 4520 1559 4591 Πλὴν
1606 4522 1703 4576 καὶ

144 4600 328 4669 τούτους
346 4607 531 4663 ἐκάλει
568 4609 660 4663 διὰ
680 4609 787 4664 τῶν
818 4609 1139 4673 ἐκλεκτῶν,
1170 4611 1498 4682 Πορεύεσθε,
1524 4614 1704 4680 λέξας,

144 4693 254 4760 προς,
280 4696 344 4750 τὰ
370 4697 628 4769 πρόϐατα
667 4699 739 4753 τὰ
776 4700 1094 4754 ἀπολωλότα
1124 4701 1277 4756 οἴκου
1320 4702 1560 4775 Ἰσραήλ.
1595 4705 1707 4761 Καὶ

144 4783 303 4858 ἐπειδὴ
362 4787 763 4862 διεσπαρμένοι
832 4785 977 4860 ἦσαν
1045 4792 1123 4855 εἰς
1186 4793 1367 4847 πᾶσαν
1424 4793 1523 4864 τὴν
1571 4796 1706 4865 γῆν,

144 4876 433 4946 ἐπήνεγκενο
470 4877 558 4937 Οὗ
593 4883 1015 4951 ἀντελαϐόμην
1059 4882 1161 4937 ἀπ’
1202 4884 1390 4952 ἄκρου
1422 4886 1534 4954 τῆς
1567 4885 1707 4955 γῆς.

145 4964 224 5018 καὶ
250 4966 314 5021 ἐκ
348 4969 465 5023 τῶν
494 4971 776 5026 σκοπιῶν
800 4971 1013 5041 αὐτῆς,
1047 4972 1079 5043 ἢ
1107 4973 1227 5027 τῶν
1255 4974 1540 5044 ἀγκώνων
1567 4978 1711 5030 κατὰ

144 5060 431 5135 Σύμμαχον,
469 5068 743 5122 ἐκάλεσὰ
784 5083 879 5124 σε.
906 5069 1117 5133 Αὐτοὺς
1140 5069 1248 5139 γὰρ
1289 5070 1540 5141 πρώτους
1563 5072 1704 5126 ἐκά-

142 5152 319 5222 λεσεν,
335 5159 409 5223 ὡς
425 5161 453 5213 6
469 5160 690 5223 Παῦλος
704 5160 886 5223 αὐτοῖς
916 5159 1157 5229 ἔφασκεν
1173 5177 1188 5193 ο
1211 5178 1231 5211 ι
1259 5161 1418 5230 Ὑμῖν
1434 5162 1541 5214 ἔδει
1558 5163 1705 5235 πρώ-

143 5259 241 5309 τοις
261 5250 347 5302 τὸν
385 5251 547 5321 λόγον
580 5252 948 5322 κηρυχθῆναι.
996 5254 1151 5307 Ἐπεὶ
1179 5253 1233 5306 δὲ
1264 5255 1703 5326 ἀποστρέφεσθε,

144 5338 465 5409 πορευόμεθα
482 5342 541 5404 ἒς
563 5341 637 5395 τὰ
653 5340 801 5408 ἔθνη.
834 5362 853 5394 ι
880 5343 1001 5395 Τῶν
1019 5337 1111 5395 οὖν
1126 5341 1185 5407 ἐξ
1204 5342 1381 5396 αὐτῶν
1403 5362 1471 5397 πε
1482 5364 1702 5399 πιστευ-

143 5426 293 5482 κότων
323 5431 727 5502 ἀντειλῆφθαι
763 5450 946 5503 φησιν.

146 5516 224 5568 sed
267 5523 525 5588 quoniam
581 5524 832 5579 eumdem
885 5526 1120 5580 aversati
1166 5536 1390 5589 essent,
1424 5527 1492 5581 ad
1554 5535 1744 5598 gentes

1795 4358 1983 4402 semen
2038 4355 2163 4397 esse
2217 4338 2337 4409 ipse
2390 4336 2556 4391 etiam
2608 4334 2901 4390 confessus
2953 4340 3039 4388 est
3082 4330 3336 4386 Salvator
3378 4345 3396 4384 :

1798 4448 1923 4489 cum
1955 4431 2049 4485 alii
2068 4438 2251 4483 tamen
2281 4427 2352 4482 ab
2380 4427 2453 4482 iis
2482 4434 2691 4493 essent,
2737 4424 2805 4479 de
2839 4423 3041 4495 quibus
3072 4420 3217 4478 idem
3247 4420 3398 4477 dicc-

1800 4526 1894 4581 bat
1922 4542 1935 4578 :
1973 4540 1994 4576 ι
2033 4522 2091 4577 Si
2119 4520 2213 4575 ﬁlii
2243 4518 2480 4574 Abrahae
2526 4517 2748 4579 essetis,
2778 4529 2945 4585 opera
2977 4511 3214 4571 Abrahae
3248 4509 3399 4566 face-

1806 4611 1940 4667 retis
1967 4611 2033 4665 ’³.
2072 4627 2090 4661 ι
2127 4607 2261 4663 Erat
2315 4605 2483 4677 igitur
2535 4603 2644 4659 Deo
2690 4603 2852 4681 457
2882 4601 3104 4657 dilectus
3154 4597 3400 4655 Abraha-

1808 4721 1926 4758 mus
1957 4702 2088 4757 :cui
2123 4701 2246 4756 licet
2280 4715 2392 4755 non
2414 4698 2605 4755 eodem
2640 4696 2804 4758 modo
2834 4712 3007 4750 semen
3030 4693 3152 4764 ejus
3168 4691 3400 4746 charum

1810 4797 1980 4851 fuisse
2032 4802 2280 4860 testetur,
2316 4807 2412 4862 per
2458 4791 2652 4846 electos
2687 4797 2869 4844 tamen
2922 4795 2976 4842 et
3007 4786 3188 4856 ipsum
3234 4784 3401 4839 etiam

1809 4888 1990 4943 vocari
2029 4886 2225 4953 voluit,
2279 4900 2420 4955 quos
2456 4884 2523 4939 ad
2574 4897 2705 4938 oves
2749 4881 2949 4935 domus
3003 4878 3247 4943 lsraelis,
3280 4890 3403 4945 qua:

1808 4979 2110 5051 petierant,
2144 4976 2423 5048 proficisci
2452 4973 2623 5043 jussit
2652 4973 2720 5026 ³ο.
2756 4970 2960 5029 Deinde
2989 4968 3254 5041 quoniam
3282 4966 3399 5021 dis-

1811 5088 1981 5145 persa:
2005 5080 2166 5127 erant
2201 5085 2297 5139 per
2326 5068 2513 5123 orbem
2551 5067 2871 5121 universum
2897 5105 2912 5130 ,
2947 5062 3149 5133 adjecit
3186 5076 3202 5113 :
3231 5056 3401 5123 Quem

1811 5162 2075 5231 assumpsi
2104 5161 2170 5214 ab
2205 5158 2455 5214 extremis
2492 5167 2675 5221 terrm,
2702 5165 2752 5210 et
2786 5171 2818 5209 a
2847 5148 3243 5208 summitatibus
3274 5146 3391 5216 ejus

1813 5254 1929 5324 (aut
1980 5250 2282 5306 secundum
2314 5247 2725 5317 Symmachum,
2760 5244 3017 5296 montium
3048 5237 3381 5301 verticibus),

1810 5341 1990 5399 vacavi
2016 5352 2085 5395 te.
2127 5340 2233 5394 Eos
2265 5337 2411 5393 enim
2444 5335 2652 5405 primos
2681 5335 2908 5398 vocavit,
2952 5328 3122 5384 Paulo
3155 5334 3292 5381 teste
3318 5323 3385 5380 ³⁸.

1824 5436 1917 5506 qui
1944 5445 2254 5489 sermonem
2286 5429 2395 5484 illis
2425 5429 2661 5499 primum
2687 5424 2998 5494 oportuisse
3029 5413 3399 5491 promulgari:

1803 5542 1863 5583 se
1915 5539 2037 5581 esse
2096 5520 2374 5591 profectos
2425 5517 2635 5572 scribit.
2678 5514 2781 5581 Qui
2823 5512 2989 5585 igitur
3038 5524 3102 5565 ex
3154 5508 3400 5579 ipsorum

148 5623 350 5667 numero
378 5615 759 5680 crediderunt,
788 5616 1007 5673 eosdem
1042 5628 1340 5686 assumptos
1364 5635 1477 5673 esse
1502 5618 1794 5689 signiﬁcat.

151 5791 183 5803 η
205 5721 247 5803 ’_'
277 5727 441 5781 Amos
482 5746 617 5803 vui‘,
652 5730 747 5803 ll.
788 5730 859 5803 1‘
889 5729 1046 5803 Joan.
1081 5746 1153 5793 τι,
1351 5734 1395 5765 ³⁵
1427 5731 1588 5787 Prov.
1624 5749 1679 5794 χ,
1712 5735 1766 5787 5.

152 5791 183 5821 υ
213 5789 358 5850 Joan.
390 5814 509 5864 νιη,
537 5799 629 5855 .39.
710 5801 753 5833 ao
788 5799 976 5855 Matth.
1016 5817 1067 5863 x,
1103 5789 1155 5865 5;
1189 5802 1241 5856 6.
1288 5802 1326 5833 ει
1353 5806 1473 5857 Act.
1513 5819 1635 5867 xm,
1666 5789 1751 5857 ius.

1844 5734 1888 5765 “
1915 5731 2060 5787 Psal.
2097 5742 2262 5791 cxvii,
2309 5725 2388 5779 l4.
2469 5728 2510 5758 ²⁷
2554 5723 2711 5778 lion].
2743 5737 2803 5786 ll,
2835 5720 2886 5775 5.
2965 5716 3008 5748 ³⁸
3038 5713 3226 5767 Matth.
3264 5727 3315 5774 κ,
3349 5710 3400 5767 .3.
