3978 6374
594 354 740 422 2355

1932 372 2288 434 PROCOPII
2329 375 2573 438 GAZAEI

3714 383 3830 450 2356

669 464 914 534 ϐειιεειιῒ
941 469 1216 542 nonnulli.
1237 476 1524 550 postquam
1545 490 1736 552 gentes
1762 487 2044 557 mysteriis
2074 488 2180 543 ini-

2359 491 2517 554 Τινὲς
2571 488 2632 543 δὲ
2677 489 2954 560 λέγουσιν,
3011 490 3089 555 ὡς
3149 491 3595 563 μυσταγωγήσας
3635 498 3744 563 τοὺς
3786 504 3830 568 ξξ

595 566 808 631 tiasset,
834 568 1114 639 apostolos
1157 569 1263 638 iam
1305 574 1587 642 proposito
1617 578 1910 643 sermonis,
1947 587 2002 634 et
2030 589 2179 636 cate-

594 657 823 715 cheseos
836 669 1184 730 argumento,
1205 663 1482 720 conlidere
1495 665 1707 735 jubere,
1726 677 2055 741 patrumque
2071 671 2182 724 vir-

2283 581 2478 644 ἐθνῶν,
2511 580 2928 653 παραθαῤῥύνει
2949 582 3079 646 τοὺς
3105 583 3464 650 ἀποστόλους,
3496 585 3566 638 δι’
3606 577 3676 639 ὧν
3701 589 3832 659 ήμελ-

2282 671 2342 724 λε
2367 671 2458 725 τὸν
2502 671 2603 741 τῆς
2655 672 3017 744 κατηχήσεως
3051 673 3325 728 ποιεῖσθαι
3400 675 3594 743 λόγον·
3639 679 3724 730 καὶ
3755 683 3831 751 τῆς

595 758 792 814 tutem,
826 752 990 822 cujus
1036 754 1114 808 illi
1161 756 1386 812 nomine
1417 757 1529 814 Deo
1559 759 1739 815 dilecti
1780 775 2094 825 evaserant.
2125 764 2180 818 iu

2294 762 2394 816 τῶν
2425 762 2681 833 πατέρων
2729 764 2928 827 αὐτοὺς
2976 763 3293 834 ὑπέμνησεν
3315 765 3543 836 ἀρετῆς,
3570 765 3627 832 ἐξ
3668 761 3792 840 ἤπερ
3813 780 3831 807 ι

593 837 913 893 memoriam
965 856 1230 899 revocare
1274 861 1286 898 :
1320 844 1553 903 Dilectus
1586 861 1848 919 praeterea
1893 860 1947 907 et
1989 854 2180 909 electos

2283 855 2602 924 ὴγαπῶντο
2623 854 2778 925 παρὰ
2796 854 2953 909 Θεοῦ.
2991 855 3364 924 Ἀγαπητοὺς
3386 856 3444 909 δὲ
3470 857 3568 909 καὶ
3595 857 3836 929 ἐκλελεγ-

597 937 781 997 patres
819 945 1010 988 eorum
1043 935 1354 1002 nominare,
1388 946 1449 993 ut
1476 955 1541 994 ex
1578 942 1815 1012 ingenua
1860 953 1916 999 et
1965 945 2179 1001 liberali

2294 949 2508 1031 μένους
2538 949 2666 1011 τοὺς
2709 948 2955 1017 πατέρας
3006 948 3225 1011 καλῶν,
3263 949 3341 1012 ὡς
3393 948 3458 1001 ἐκ
3505 949 3663 1019 ῥίζης
3708 950 3836 1015 ὅντες

593 1021 766 1092 stirpe
799 1027 1106 1096 propagati,
1139 1030 1386 1097 patrihus
1440 1031 1551 1087 fieri
1606 1034 1834 1099 similes,
1881 1051 2183 1108 eorumque

595 1114 850 1182 pietatem
912 1120 1116 1174 imitari
1172 1122 1453 1178 studeant.
1511 1124 1807 1191 Abraham,
1847 1128 2044 1196 inquit,
2095 1145 2185 1184 as-

594 1210 816 1276 sumpsi,
864 1226 1057 1266 vocans
1085 1229 1205 1266 eum
1234 1215 1299 1268 ab
1343 1219 1594 1273 extremis
1622 1227 1799 1286 terret,
1830 1221 1918 1277 his
1951 1221 2134 1278 verbis
2164 1241 2178 1277 :

602 1313 622 1346 ι
662 1295 937 1369 Egredere
963 1297 1033 1354 de
1067 1308 1212 1356 terra
1247 1313 1361 1370 tua,
1394 1313 1445 1360 et
1478 1304 1548 1361 de
1573 1309 1904 1377 cognatione
1931 1315 2024 1363 tua
2056 1311 2125 1365 ³⁸.
2157 1327 2177 1362 ι

600 1385 826 1453 Deinde,
879 1404 909 1441 a
957 1391 1354 1447 summitatibus
1403 1395 1517 1460 ait;
1566 1396 1698 1465 quia
1755 1406 2007 1454 montosa
2064 1414 2186 1456 esse

595 1477 976 1535 Chaldaeorum
995 1491 1139 1538 terra
1161 1493 1419 1540 narratur
1442 1505 1457 1554 ;
1478 1490 1620 1544 unde
1640 1489 1948 1545 idololatria
1968 1507 2185 1548 summa

597 1569 886 1627 laborasse
915 1573 1214 1629 Abrahami
1242 1583 1495 1646 posteros
1519 1579 1868 1648 signiﬁcavit.
1892 1581 2182 1653 Deinceps,

599 1669 860 1731 tanquam
895 1665 962 1720 de
993 1667 1254 1723 universo
1311 1669 1509 1726 lsraele
1564 1673 1818 1741 locutus;
1875 1674 2006 1729 Dixi
2064 1675 2184 1743 tibi,

599 1753 771 1819 addit,
801 1769 932 1824 puer
960 1774 1105 1813 meus
1134 1777 1212 1814 es.
1249 1759 1345 1816 Est
1377 1762 1525 1818 enim
1553 1770 1608 1818 et
1638 1764 1755 1834 ipse
1790 1766 2186 1837 primogenitus

601 1855 974 1915 nuncupatus,
1033 1866 1210 1921 neque
1259 1867 1291 1906 a
1333 1851 1466 1918 Deo,
1517 1870 1549 1908 a
1587 1831 1696 1925 quo
1738 1831 1934 1912 electus
1970 1831 2184 1924 iuerat,
2222 1831 2262 1885 Β

601 1937 928 2005 derelictus;
953 1958 1078 1996 cum
1108 1944 1177 1998 ab
1196 1944 1389 1999 eodem
1423 1947 1610 2002 audiat
1638 1966 1650 2002 :
1681 1947 1762 2004 Ne
1784 1952 1991 2016 timeas,
2025 1969 2188 2024 neque

601 2047 766 2087 erres.
799 2031 909 2104 Ego
937 2035 1076 2089 enim
1109 2053 1226 2090 sum
1263 2037 1402 2093 Deus
1447 2049 1591 2108 tuus,
1637 2045 1730 2112 qui
1775 2045 2074 2110 confortavi
2105 2057 2186 2112 te;

600 2139 668 2180 eo
700 2131 943 2195 tempore
990 2128 1273 2193 nimirum,
1309 2146 1419 2200 quo
1461 2131 1668 2201 ipsum,
1715 2134 1836 2205 lege
1883 2139 2186 2208 proposita,

603 2215 773 2272 Deum
824 2234 1014 2282 unum,
1064 2228 1120 2275 et
1155 2222 1443 2278 Dominum
1492 2240 1659 2280 unum
1709 2240 1853 2293 esse,
1890 2229 2052 2298 eique
2083 2232 2218 2287 soli'

603 2309 950 2366 serviendum
976 2311 1198 2379 docuit;
1230 2329 1357 2369 cum
1388 2316 1625 2387 denique
1653 2316 1929 2390 Unigeniti
1965 2321 2188 2379 dextera

601 2401 946 2458 devictarum
975 2406 1218 2474 gentium
1247 2408 1622 2465 haereditatem
1655 2410 1809 2467 adire
1833 2413 1982 2468 fecit.

679 2493 777 2550 Sin
811 2505 995 2552 autem
1023 2498 1088 2552 ad
1119 2499 1358 2568 priorem
1382 2501 1896 2572 interpretationem
1920 2506 2185 2577 respicis:

605 2585 677 2642 ab
727 2589 847 2658 ipsa
898 2591 1111 2645 seminis
1156 2591 1384 2646 Abrahae
1433 2597 1731 2662 mentione,
1777 2597 1844 2652 ad
1897 2599 2186 2668 apostolici

603 2680 759 2735 chori
789 2681 1112 2736 electionem
1149 2683 1350 2739 iterum
1377 2688 1713 2754 revertitur;
1743 2690 1835 2759 qui
1884 2706 2013 2758 puer
2042 2707 2187 2746 meus

603 2771 786 2840 dicat;
817 2782 911 2828 aut
941 2773 1109 2846 458
1156 2777 1460 2832 secundum
1507 2778 1824 2850 Symmachi
1861 2782 2188 2853 interpreta-

605 2863 810 2917 tionem
844 2879 1022 2918 servus
1076 2868 1242 2931 meuq
1284 2882 1390 2937 qua
1441 2870 1655 2923 ratione
1701 2877 1758 2924 et
1795 2870 1997 2927 Paulus
2042 2871 2188 2927 servi

606 2953 870 3021 nomine,
935 2965 1192 3025 tanquam
1251 2959 1525 3027 praeclarae
1573 2961 1857 3032 dignitatis
1913 2963 2185 3034 alicujus,

502 3128 505 3130 _
601 3047 893 3110 gloriatur.
937 3048 1081 3116 Quin
1105 3057 1160 3105 et
1189 3051 1332 3121 apud
1375 3053 1697 3122 prophetam
1733 3065 1919 3123 postea
1968 3071 1983 3108 :
2021 3075 2040 3108 ι
2076 3055 2190 3111 Ma.

2285 1043 2413 1106 τοὺς
2450 1040 2511 1106 ὲξ
2553 1040 2737 1095 αὐτῶν
2795 1040 3053 1109 εὐγενοῦς
3089 1039 3111 1078 ί
3169 1039 3412 1111 ζηλῶσαι
3456 1041 3589 1105 τοὺς
3636 1044 3839 1115 πατέρας

2288 1131 2618 1203 παρακαλετ,
2650 1132 2746 1187 καὶ
2782 1132 2882 1204 τὴν
2929 1133 3156 1188 ἐκείνων
3187 1132 3472 1186 εὐσέϐειαν
3498 1148 3513 1162 ·
3553 1132 3744 1200 λέγων,
3781 1134 3839 1197 ὡς

2286 1225 2396 1279 τοῦ
2457 1225 2711 1294 Ἀϐραὰμ
2753 1224 3148 1288 ἀντελάϐετο,
3203 1224 3472 1291 καλέσας
3529 1224 3738 1279 τοῦτον
3787 1227 3840 1292 ἐξ

2285 1317 2472 1386 ἄκρου
2494 1316 2603 1386 τῆς
2642 1316 2773 1387 γῆς,
2804 1318 2977 1370 είπών
2999 1334 3014 1348 ·
3061 1315 3321 1382 «Ἔξελθε
3351 1317 3459 1370 ἀπὸ
3489 1317 3594 1387 τῆς
3626 1317 3725 1387 γῆς
3750 1335 3842 1386 σου,

2286 1410 2381 1462 καὶ
2419 1407 2526 1461 ἀπὸ
2559 1409 2657 1477 τῆς
2689 1405 3010 1474 συγγενείας
3048 1423 3166 1460 σου.
3202 1427 3222 1458 ι
3269 1405 3553 1461 Σκοπιῶν
3589 1406 3646 1458 δέ
3690 1425 3842 1478 φησιν,

2287 1498 2588 1569 ἐπειδήπερ
2621 1497 2840 1569 ὀρεινὴν
2878 1491 3139 1569 εἶναιτὴν
3163 1498 3435 1552 Χαλδαίαν
3468 1499 3768 1570 ἱστόρηται,
3795 1502 3845 1555 δι’

2289 1582 2364 1642 ὧν
2395 1589 2453 1640 ὲν
2483 1586 2640 1658 ἄκρῳ
2681 1587 2782 1657 τῆς
2827 1586 3276 1659 είδωλολατρείας
3311 1583 3453 1643 εἶναι
3482 1588 3578 1643 τὸν
3628 1589 3848 1660 Ἀϐραὰμ

2290 1682 2638 1753 ἐσημαίνετο.
2691 1676 2826 1734 Εἶτά
2883 1697 3048 1752 φησιν
3105 1680 3182 1742 ὡς
3215 1681 3346 1752 περὶ
3389 1680 3598 1744 παντὸς
3640 1683 3847 1753 Ἰσραὴλ,

2290 1775 2372 1828 ὅτι
2404 1770 2559 1828 Εἴπὰ
2590 1788 2720 1827 σοι’
2748 1773 2898 1838 Παῖς
2925 1789 3047 1841 μου
3084 1767 3157 1826 εἷ.
3197 1772 3556 1842 Πρωτότοκος
3587 1772 3698 1843 γὰρ
3744 1773 3849 1827 ὠνό-

2294 1883 2517 1938 μασται.
2552 1865 2822 1935 Γεγονότα
2855 1883 2916 1918 τε
2935 1864 3126 1919 τοῦτον
3174 1865 3518 1920 ἀπόλεκτον
3548 1867 3653 1919 οὐκ
3685 1867 3849 1934 ἔγκατα

2290 1959 2476 2014 έλιπεν
2515 1961 2544 2012 ό
2583 1957 2736 2021 Θεός,
2785 1957 2931 2029 Πρὸς
2987 1959 3047 2010 ὃν
3093 1973 3265 2026 φησι·
3320 1958 3418 2025 Μὴ
3457 1957 3671 2027 φοϐοῦ,
3724 1958 3850 2027 μηδὲ

2290 2051 2538 2105 πλανῶ·
2573 2048 2688 2119 ἐγὼ
2728 2047 2841 2119 γάρ
2889 2051 3008 2117 ειμι
3040 2051 3073 2102 ὁ
3119 2049 3266 2114 Θεός
3303 2063 3443 2112 σου,
3480 2051 3514 2103 ὁ
3541 2049 3852 2118 ἐνισχύσας

2289 2159 2384 2199 σε.
2426 2141 2654 2209 Διδάξας
2682 2141 2846 2195 αὐτὸν
2894 2141 2984 2194 διὰ
3019 2140 3114 2194 τοῦ
3160 2141 3350 2213 νόμου,
3386 2141 3470 2195 ὅτι
3507 2140 3604 2194 καὶ
3640 2139 3768 2203 Θεὸς
3790 2137 3851 2203 εἷς

2289 2238 2428 2299 ἔστι,
2452 2224 2550 2288 ’καὶ
2580 2234 2786 2306 Κύριος
2811 2225 2917 2296 εἷς,
2943 2231 3041 2285 καὶ
3067 2231 3218 2303 αὐτῷ
3252 2231 3360 2304 χρὴ
3395 2231 3545 2303 μόνῳ
3571 2230 3851 2303 λατρεύειν,

2289 2329 2376 2384 διὰ
2438 2330 2538 2399 τῆς
2583 2325 2718 2390 ἰδίας
2764 2322 2970 2390 δεξιᾶς
3013 2323 3110 2378 τοῦ
3141 2324 3482 2393 Μονογενοῦς
3543 2324 3852 2398 κληρονόμον

2291 2419 2529 2488 ποιήσας
2559 2415 2732 2470 ἐθνῶν
2766 2414 3115 2485 ἡττημένων.

2364 2505 2518 2558 Κατά
2559 2503 2618 2558 δὲ
2655 2503 2758 2574 τὴν
2801 2502 3028 2573 πρώτην
3064 2504 3348 2575 ἐξήγησιν,
3393 2503 3503 2558 τοῦ
3538 2504 3855 2572 σπέρματος

2302 2592 2552 2663 Ἀϐραὰμ
2578 2592 2983 2664 μνημονεύσας,
3022 2592 3116 2644 ἐπὶ
3143 2592 3243 2663 τὴν
3266 2591 3361 2646 τοῦ
3394 2592 3756 2646 ἀποστολικοῦ
3783 2610 3854 2662 χο-

2293 2683 2388 2757 ροῦ
2439 2683 2602 2738 πάλιν
2649 2683 2958 2755 ἀνέδραμεν
3010 2683 3268 2752 ἐκλογὴν,
3333 2681 3477 2746 παῖς
3509 2700 3630 2752 μου
3687 2683 3853 2748 λέγων,

2290 2776 2434 2830 κατά
2465 2775 2523 2829 δὲ
2551 2777 2678 2837 τοὺς
2698 2774 2940 2841 λοιποὺς,
2963 2772 3168 2841 δοῦλε,
3201 2776 3289 2844 ἐφ’
3314 2771 3358 2845 ᾧ
3380 2776 3475 2830 καὶ
3497 2774 3713 2838 Παῦλος
3739 2773 3854 2846 μέγα

2291 2867 2528 2938 φρονῶν,
2561 2866 2749 2921 δοῦλον
2777 2866 2994 2934 ἑαυτὸν,
3020 2865 3096 2930 ὡς
3121 2868 3230 2920 ἀπό
3256 2885 3401 2931 τινος
3431 2869 3697 2921 ἐκάλεσεν
3719 2867 3855 2932 ἀξιώ-

2295 2979 2485 3034 ματος.
2516 2961 2627 3016 Καὶ⁸
2660 2959 2868 3032 προῖὼν
2910 2960 3021 3031 γὰρ
3053 2960 3083 3013 ό
3134 2961 3422 3032 προφήτης
3477 2962 3625 3030 ὲρεῖ’
3674 2977 3693 3011 ι
3726 2960 3857 3025 Μέγα

2294 3055 2376 3107 σοί
2403 3055 2520 3107 ἐστι
2545 3051 2641 3106 τοῦ
2668 3051 2935 3124 κληθῆναί
2976 3067 3036 3105 σε
3068 3050 3236 3105 παῖδά
3270 3068 3392 3122 μου.
3439 3070 3457 3104 ι
3495 3050 3785 3106 Κάνταῦθα
3812 3051 3856 3102 δὲ

604 3154 772 3203 gnum
803 3139 905 3196 tibi
932 3149 1018 3196 est
1043 3142 1233 3196 vocari
1268 3158 1486 3199 servum
1533 3162 1736 3213 meum,
1770 3147 2020 3203 invenias
2049 3149 2118 3203 ³³.
2165 3169 2185 3203 ι

2300 3145 2462 3200 πάλιν
2489 3142 2600 3212 τῆς
2647 3143 2913 3214 ἐκλογῆς
2957 3142 3073 3211 τὴν
3099 3142 3388 3198 δουλείαν
3415 3143 3738 3216 προέταξεν,
3767 3144 3858 3196 li:-

607 3231 674 3287 Et
700 3232 788 3288 hic
810 3242 1075 3302 praeterea
1101 3236 1365 3299 electioni,
1395 3238 1698 3292 servitutem
1740 3241 2030 3309 praeponit,
2069 3241 2198 3296 Ele-

609 3326 836 3380 ctione-m
875 3341 1013 3380 vero
1043 3326 1108 3380 ad
1147 3325 1508 3399 Evangelium
1539 3331 1799 3400 gentibus
1840 3332 2197 3404 promulgan-

617 3419 748 3474 dum
770 3419 1041 3484 excitans,
1075 3419 1207 3476 Noli
1229 3432 1476 3488 metuere,
1505 3425 1707 3494 inquit,
1737 3435 2027 3505 egotecum
2053 3443 2192 3482 simi.

615 3519 783 3577 Juxta
819 3515 986 3572 illud:
1014 3535 1034 3568 ι
1055 3515 1195 3573 Ecce
1218 3534 1320 3588 ego
1348 3517 1634 3573 vobiscum
1656 3534 1776 3574 sum
1795 3519 2056 3574 omnibus
2085 3518 2199 3573 die-

609 3613 735 3678 bus,
789 3626 967 3682 usque
1009 3611 1077 3665 ad
1133 3611 1670 3666 consummationem
1718 3610 1905 3666 saeculi
1929 3609 1995 3663 ³⁸.
2033 3627 2052 3660 ι
2090 3607 2196 3665 Sed

611 3707 756 3769 vide,
807 3722 872 3761 ne
921 3721 1084 3767 erres,
1140 3704 1358 3774 adjicit;
1395 3704 1490 3774 qui
1537 3713 1630 3758 tua
1679 3711 1732 3758 te
1777 3702 1942 3758 unius
1994 3701 2198 3758 virtute

611 3805 780 3854 tanta:
827 3798 1256 3868 promulgationi
1285 3798 1442 3852 satis
1490 3811 1614 3852 esse
1664 3811 1826 3866 posse
1884 3795 2196 3851 arbitreris.

611 3891 754 3958 Quid
779 3889 925 3946 enim
951 3904 1039 3944 me
1071 3889 1318 3953 absente,
1351 3887 1563 3957 tibique
1590 3887 1740 3941 vires
1771 3885 2039 3942 adversus
2070 3895 2199 3941 tan-

615 3994 702 4040 tas
737 3982 994 4039 miserias
1026 3997 1133 4036 non
1168 3980 1580 4051 suppeditante,
1614 3979 1869 4036 facturus
1893 3979 2062 4035 eras?
2087 3978 2201 4050 Ego

612 4077 761 4133 enim
786 4084 858 4140 te,
896 4091 965 4130 ne
1018 4087 1325 4144 praeconem
1383 4071 1566 4141 agenti
1602 4070 1904 4142 quidquam
1935 4070 2198 4138 alliceret,

613 4176 878 4238 tanquam
931 4163 1190 4234 praisidio
1227 4162 1562 4216 muniebam.
1619 4160 1812 4232 Itaque
1855 4168 1981 4216 tuos
2015 4160 2201 4216 adver-

613 4260 789 4314 sarios
814 4257 974 4313 nihili
1003 4255 1197 4311 facias.
1244 4253 1416 4308 Erunt
1447 4254 1587 4308 enim
1624 4254 1779 4322 quasi
1812 4270 1917 4308 nou
1944 4254 2074 4316 sint,
2104 4252 2200 4323 qui

613 4365 725 4406 non
765 4348 840 4402 ita
871 4347 1082 4417 pridem
1133 4345 1422 4401 saevientes
1453 4343 1663 4414 aliquid
1695 4359 1821 4400 esse
1847 4343 2200 4412 videbantur,

2302 3237 2660 3310 ραθαρῤύνων
2689 3235 2745 3289 δὲ
2774 3235 2888 3304 τὴν
2916 3235 3182 3305 ἐκλογὴν
3207 3236 3341 3305 πρὸς
3381 3235 3441 3289 τὸ
3469 3237 3601 3290 πᾶσι
3627 3236 3691 3289 τὸ
3717 3235 3857 3303 Εὐαγ-

2299 3331 2482 3398 γέλιον
2511 3329 2749 3400 κηρύξαι
2777 3331 2889 3391 τοῖς
2911 3327 3120 3380 ἔθνεσιν
3141 3343 3155 3360 ο
3184 3327 3280 3395 Μὴ
3311 3327 3523 3397 φοϐοῦ,
3555 3327 3689 3399 φησί
3707 3343 3718 3355 ·
3733 3327 3858 3397 μετὰ

2299 3421 2417 3476 σοῦ
2447 3420 2557 3491 γάρ
2593 3424 2730 3489 ειμι.
2759 3420 2919 3474 Κατά
2949 3419 3030 3472 τό·
3075 3438 3093 3471 ι
3119 3419 3249 3472 Ἰδοὺ
3279 3418 3394 3488 ἐγὼ
3423 3419 3545 3488 μεθ’
3578 3419 3732 3490 ὑμῶν
3767 3419 3858 3487 εἰμι

2300 3514 2484 3577 πάσας
2513 3512 2612 3576 τὰς
2647 3512 2879 3582 ἡμέρας,
2910 3510 3017 3571 ἕως
3047 3510 3148 3581 τῆς
3175 3510 3488 3574 συντελείας
3515 3509 3610 3563 τοῦ
3632 3509 3855 3572 αἰῶνος.»

2316 3605 2477 3659 Ἀλλὰ
2509 3605 2666 3676 μηδὲ
2721 3602 2952 3670 πλανῶ,
2995 3603 3184 3674 φησὶν,
3237 3603 3467 3674 νομίσας
3523 3602 3631 3672 ἰδίᾳ
3662 3601 3859 3671 δυνάμει

2301 3701 2440 3772 πρὸς
2491 3699 2747 3772 τοσοῦτον
2790 3698 3087 3768 ἐξαρκέσαι
3135 3696 3199 3750 τὸ
3251 3696 3535 3766 κήρυγμα.
3572 3695 3639 3747 Τί
3685 3694 3785 3765 γὰρ
3807 3693 3858 3746 ἂν

2302 3789 2570 3860 ἔπραξας,
2608 3789 2683 3861 μὴ
2714 3788 2985 3860 παρόντος
3019 3787 3176 3858 ἐμοῦ,
3212 3786 3310 3841 καὶ
3341 3787 3481 3856 πρὸς
3517 3783 3858 3856 ταλαιπωρίας

2303 3879 2600 3950 καρτερίαν
2661 3877 3051 3950 ὲμῦάλλοντος;
3110 3875 3223 3946 ἐγώ
3294 3893 3354 3929 σε
3402 3875 3513 3946 γὰρ
3570 3876 3857 3945 ἐφρούφυν,

2303 3972 2442 4043 πρὸς
2474 3971 2535 4025 τδ
2595 3971 2763 4042 μηδὲν
2823 3969 3076 4041 ἐμποδῶν
3110 3984 3192 4021 σοι
3247 3967 3503 4036 γενέσθαι
3547 3966 3855 4038 κηρύττοντι.

2308 4061 2434 4117 Τῶν
2478 4055 2571 4116 οὖν
2621 4059 3076 4130 ἀνθισταμένων
3129 4058 3336 4129 μηδένα
3388 4057 3659 4127 πεποίησο
3709 4055 3856 4120 λόγον.

2309 4155 2597 4208 Ἔσονται
2623 4151 2736 4222 γὰρ
2762 4153 2850 4218 είς
2876 4149 3079 4216 οὐδὲν,
3103 4150 3153 4203 οἱ
3192 4148 3328 4220 πρὸς
3360 4147 3544 4216 ὀλίγον
3582 4148 3637 4201 ὲν
3665 4144 3734 4216 τῷ
3758 4141 3858 4198 διώ-

2305 4261 2424 4299 κειν
2457 4239 2600 4299 εἶναί
2631 4261 2682 4297 τι
2712 4242 2985 4310 δόξαντες,
3016 4234 3091 4295 ὧν
3129 4241 3192 4294 τὸ
3232 4241 3386 4303 τέλος
3424 4238 3691 4293 ἀπώλεια.
3727 4233 3859 4290 Κατά

2303 4335 2386 4390 τόο
2425 4355 2444 4390 ι
2477 4332 2633 4388 Εἶδον
2666 4333 2758 4410 τὸν
2800 4333 2972 4403 ἀσεσῆ
3026 4330 3502 4404 ὑπεροψούμενον,
3556 4330 3653 4383 καὶ
3681 4327 3858 4399 παρῆλ-

613 4457 740 4497 cum
772 4439 844 4496 sit
880 4453 1073 4494 eorum
1130 4435 1253 4491 linis
1284 4435 1575 4502 interitus;
1603 4435 1763 4505 juxta
1796 4434 1933 4489 illud
1965 4451 1979 4488 :
2018 4450 2037 4485 ι
2077 4431 2190 4488 Vidi

2307 4428 2420 4495 θον,
2451 4427 2547 4481 καὶ
2565 4426 2674 4480 ἰδοὺ
2699 4427 2800 4480 οὐκ
2819 4422 2908 4498 ἦν.
2943 4443 2962 4476 ι
2986 4453 3054 4463 —
3077 4445 3096 4476 ι
3123 4425 3188 4478 Oi
3206 4423 3316 4496 γὰρ
3351 4421 3699 4494 φρονοῦντες,
3726 4418 3855 4489 φησι,

613 4535 840 4603 impium
863 4531 1168 4586 exaltatum
1195 4529 1452 4594 maxime,
1479 4535 1536 4583 et
1558 4528 1812 4593 transivi,
1835 4534 1890 4582 et
1921 4540 2052 4582 ecce
2090 4541 2190 4581 non

2308 4519 2378 4575 τὰ
2404 4519 2608 4590 ὑψηλὰ,
2639 4519 2818 4588 δεινὴν
2850 4517 2945 4571 καὶ
2989 4517 3254 4587 ἀδόκητον
3306 4515 3642 4586 ὑπομένουσι
3679 4527 3859 4608 συντρῗ

613 4632 732 4678 erat
759 4621 826 4674 ⁸⁸.
869 4639 887 4672 ι
933 4639 950 4671 ι
986 4618 1092 4685 Qui
1129 4617 1275 4674 enim
1307 4619 1482 4674 altum
1542 4617 1792 4688 sapiunt,
1831 4617 2041 4686 inquit,
2071 4631 2190 4687 gra-

2304 4613 2426 4682 6ήν.
2468 4629 2488 4662 ι
2525 4609 2636 4663 Καὶ
2682 4609 2846 4663 πάλιν
2874 4626 2887 4639 ·
2930 4609 3065 4672 «Ὃς
3114 4606 3317 4677 ὑψηλὸν
3358 4609 3508 4658 ποιεῖ
3555 4606 3648 4657 τὸν
3701 4605 3858 4656 ἑαυτοῦ

618 4727 735 4767 vem
781 4717 837 4764 et
887 4710 1320 4780 inexspectalam
1369 4709 1586 4763 ruinam
1639 4707 1924 4778 patiuntur
1952 4707 2018 4759 ³⁸.
2076 4725 2094 4758 ι
2139 4705 2190 4758 EI

2301 4698 2472 4769 οἷκον,
2500 4702 2656 4773 ζητεῖ
2678 4698 2972 4769 συντριϐήν
3020 4717 3038 4749 ι
3067 4698 3140 4749 Τὸ
3167 4698 3247 4761 δὲ,
3277 4696 3421 4766 Ἐγὼ
3442 4692 3739 4764 ἐϐοήθησὰ
3757 4707 3854 4750 σοι,

618 4817 839 4856 rursum
875 4820 889 4855 :
931 4820 952 4853 ι
997 4800 1101 4866 Qui
1151 4800 1399 4855 excelsas
1444 4800 1590 4854 aedes
1636 4797 1932 4862 construit,
1983 4795 2190 4849 ruinam

2299 4793 2384 4863 μὴ
2439 4791 2648 4861 φοϐοῦ,
2683 4789 2934 4858 σκώληξ
2975 4789 3202 4853 Ἰακὼϐ,
3243 4789 3305 4841 οὐ
3359 4791 3540 4843 κεῖται
3587 4787 3729 4855 παρά
3762 4787 3855 4842 τοῖς

619 4901 774 4964 parat
817 4893 882 4947 ⁸⁷.
939 4912 960 4945 ι
993 4893 1062 4947 At
1103 4893 1235 4947 illud
1283 4910 1298 4946 :
1352 4890 1464 4961 Ego
1497 4891 1800 4944 auxiliatur
1829 4906 1948 4943 sum
1985 4887 2102 4952 tibi,
2134 4905 2190 4942 ne

2313 4884 2737 4955 Ἐϐδομήκοντα.
2767 4881 3057 4948 Σκώληκα
3104 4879 3160 4932 δὲ
3190 4879 3633 4950 προσηγόρευσεν
3665 4878 3718 4931 ὃν
3749 4890 3856 4943 προ·

620 4987 830 5050 timeas,
860 4985 1050 5039 vermis
1083 4982 1272 5046 Iacob,
1298 4998 1404 5037 non
1434 4983 1755 5053 agnoscitur
1788 4980 1858 5034 ab
1893 4978 2179 5047 interpreti

2310 4974 2493 5030 λαϐὼν
2524 4973 2783 5027 ἐκάλεσεν
2810 4971 3121 5032 ἐκλεκτὸν,
3148 4969 3238 5063 διά
3281 4968 3341 5021 τὸ
3391 4968 3705 5036 σκώληκος
3728 4965 3854 5064 δίκην

621 5075 723 5128 lius
767 5070 1154 5142 Septuaginta.
1218 5068 1428 5124 Deinde
1481 5071 1673 5123 vermis
1732 5069 1874 5122 idem
1944 5069 2171 5124 nomine

2307 5067 2418 5120 τῶν
2456 5065 2706 5120 ἀπίστων
2739 5062 2836 5126 τὰς
2886 5061 3072 5124 πόλεις
3118 5053 3491 5130 ὑποδυόμενον
3530 5059 3628 5130 τὴν
3654 5053 3853 5110 δεισιδαί-

617 5164 765 5235 quod
791 5163 942 5220 electi
991 5171 1174 5226 antea,
1206 5161 1561 5230 signiﬁcavit,
1597 5162 1716 5216 sive
1743 5159 1892 5230 quod
1920 5163 2114 5214 vermis
2150 5162 2186 5215 it

2311 5177 2450 5230 μονα
2484 5155 2695 5224 πλάνην
2744 5153 2805 5219 ἐξ
2852 5153 3018 5207 αὐτοῦ
3071 5153 3272 5222 βάθους
3301 5151 3404 5221 τῆς
3460 5149 3569 5204 τῶν
3594 5149 3850 5218 ἀνθρώπων

621 5242 843 5313 modum
897 5253 1312 5310 increduloruiu
1342 5253 1506 5309 urbes
1564 5255 1980 5323 subingressus,
2015 5269 2190 5324 super-

2308 5249 2651 5323 ὲξαφανίζειν
2699 5248 2902 5318 ψυχῆς,
2951 5247 3044 5299 καὶ
3072 5248 3155 5300 ὅτι
3186 5263 3293 5316 περ
3318 5245 3534 5307 εὐτελὲς
3573 5244 3660 5298 καὶ
3692 5241 3851 5349 iitum:

621 5350 866 5406 stitionis
917 5362 1160 5404 errorem
1198 5345 1451 5401 funditus
1489 5361 1556 5401 ex
1608 5347 1895 5401 hominum
1935 5347 2190 5402 mentibus

2319 5347 2413 5399 κὸν
2443 5345 2553 5398 τῶν
2594 5340 2911 5397 ἀποστόλων
2945 5339 3180 5409 ὑπάρχει
3227 5338 3288 5389 τὸ
3339 5339 3619 5409 κήρυγμα.
3655 5333 3835 5435 Οἵ)τωῖ

619 5441 939 5511 exstirparit
991 5458 1004 5496 :
1051 5440 1169 5497 sive
1229 5440 1377 5511 quod
1433 5439 1584 5492 humi
1621 5455 1852 5510 serpens
1895 5442 2012 5512 ipsa
2043 5441 2190 5494 ctian

2318 5433 2413 5491 οὖν
2447 5436 2544 5491 καὶ
2570 5435 2732 5498 αὐτὸς
2761 5434 2820 5487 ὲν
2858 5429 3061 5502 ψαλμῷ
3107 5445 3272 5500 φησιν
3309 5428 3339 5480 ὁ
3369 5427 3584 5497 Σωτήρ·
3620 5420 3771 5490 «Ἐγὼ
3801 5417 3849 5469 δέ

695 5638 740 5674 ³⁸
776 5637 915 5695 Gen.
943 5655 1040 5707 xu,
1070 5642 1122 5696 l.
1185 5640 1232 5674 ⁸⁸
1270 5642 1373 5698 lsa.
1409 5639 1627 5705 xux,6.
1707 5639 1750 5672 “
1788 5639 1980 5696 Matth.
2021 5638 2324 5702 xxvmﬂa’l.
2401 5635 2444 5670 ³⁸
2484 5635 2633 5691 Psal.
2670 5650 2855 5702 xxxvi,
2912 5629 3004 5687 55.
3074 5629 3120 5663 ”
3151 5628 3320 5687 Prov.
3345 5643 3480 5695 xvu,
3521 5626 3606 5682 i9.
3671 5620 3709 5654 "
3735 5611 3844 5672 ibid.

747 5787 764 5808 κ
1942 5755 2028 5807 γλ
2037 5753 2170 5808 RL'E

2301 5749 2609 5808 {ZTIONES

697 5837 718 5868 ο
749 5847 836 5900 Π),
867 5822 1132 5903 ἐφ’ᾖπεο.
1229 5831 1243 5864 ¹
1281 5845 1371 5897 γρ.
1411 5827 1673 5897 εὐγενεῖς.
