3978 6374
168 381 296 447 2357

1270 385 1805 449 COMMENTARII
1841 387 1921 450 IN
1972 390 2257 451 ISAIAM.

3257 382 3397 445 2358

160 514 261 565 ειμι
290 492 523 563 σκώληξ,
575 495 668 548 καὶ
714 496 814 549 οὐκ
846 496 1155 567 ἄνθρωπος.
1194 517 1213 549 ι
1275 498 1628 570 Ὀλιγοστὸν
1661 502 1716 554 δὲ

1854 513 1967 558 sset
1994 505 2367 573 apostolorum
2423 500 2757 571 praedicatio.
2789 497 2881 553 Sic
2909 496 3074 568 igitur
3107 506 3160 552 et
3191 499 3309 566 ipse
3341 500 3395 551 in

160 586 299 639 καλεῖ
333 585 440 637 τόν
486 584 723 652 Ἰσραὴλ
764 584 854 639 διὰ
879 585 941 638 τὸ
976 585 1086 639 τῶν
1127 587 1389 658 μαθητῶν
1413 588 1714 660 εὐαρίθμη-

157 696 254 732 τον.
286 676 530 730 «Δώδεκα
574 678 682 747 γὰρ
709 673 871 747 ἦσαν,
906 679 953 731 οἱ
986 678 1043 730 δὲ
1079 679 1198 749 μετ’
1238 680 1462 743 αὐτοὺς,
1492 680 1718 751 ἐϐδομή-

158 785 324 821 κοντα.
352 784 372 817 ›
423 766 481 820 Ὀ
532 767 587 820 δὲ
621 768 918 838 Σύμμαχος
966 769 1249 836 ἐξέδωκεν,
1300 770 1548 839 ἀριθμὸς
1601 770 1717 825 Ἰσ-

151 860 315 930 ραήλ.
355 859 411 913 '0
458 860 518 912 δὲ
550 859 801 924 Ἀκύλας,
851 860 1170 926 τεθνεῶτες
1224 862 1494 931 Ἰσραήλ.
1558 862 1617 914 'U
1664 862 1719 914 δέ

157 952 449 1017 Θεοδοτίων,
480 954 683 1022 νεκροί
706 969 722 985 ⁶
748 954 828 1024 τῷ
854 954 1197 1025 άποστολικῷ
1221 954 1528 1025 συμφώνως
1553 969 1567 985 ο
1603 954 1720 1008 «Ζῶ

156 1043 204 1096 δὲ
229 1042 402 1095 οὐκέτι
429 1042 563 1110 ἐγὼ,
591 1042 660 1114 ζῇ
682 1042 742 1096 δὲ
773 1045 830 1096 ἐν
860 1044 986 1114 ἐμοὶ
1020 1045 1277 1113 Χριστός.
1310 1064 1329 1096 ι
1364 1047 1507 1099 Καὶ*
1539 1065 1557 1097 ι
1586 1045 1720 1098 Καθ’

158 1134 349 1203 ἡμέραν
388 1132 746 1205 ἀποθνήσκω,
792 1135 856 1203 νὴ
910 1136 1009 1206 τὴν
1059 1136 1333 1208 ὑμετέραν
1379 1137 1667 1208 καύχησιν.
1700 1156 1717 1185 ν

170 1223 312 1277 Ἀλλὰ
383 1222 587 1294 καίπερ
663 1222 913 1291 σκώληξ
1016 1223 1139 1289 ὢν,
1206 1224 1421 1291 νεκρός
1496 1240 1558 1278 τε
1625 1224 1725 1277 καὶ

163 1314 481 1381 ὀλιγοστὸς,
512 1316 598 1384 μὴ
628 1314 839 1385 φοϐοῦ,
873 1314 962 1369 διὰ
992 1315 1091 1387 τὴν
1122 1315 1181 1380 ἐξ
1208 1315 1342 1387 ἐμοῦ
1379 1315 1723 1386 συμμαχίαν,

159 1407 218 1459 δι’
251 1399 314 1476 ἧς
340 1404 631 1471 άλοήσεις
660 1406 767 1459 τῶν
802 1406 1047 1460 ἀπίστων
1089 1406 1259 1460 ἐθνῶν
1304 1405 1402 1477 τὴν
1448 1405 1725 1470 ἀσέϐειαν,

161 1497 253 1565 ὅρη
276 1495 373 1549 καὶ
412 1495 687 1563 βουνοὺς
713 1497 888 1566 λέγων
916 1498 1017 1562 τὰς
1041 1499 1422 1569 ἀντικειμένας
1446 1499 1727 1571 δυνάμεις,

160 1588 224 1649 ὼς
252 1586 621 1657 ἐπαιρομένας
676 1586 818 1640 κατά
849 1588 949 1656 τῆς
999 1588 1256 1656 γνώσεως
1307 1588 1398 1641 τοῦ
1442 1589 1598 1654 Θεοῦ,
1623 1590 1731 1643 τῶν

163 1676 572 1747 ὑποϐεϐηκότων
605 1679 936 1748 πνευμάτων
987 1679 1295 1750 λεγομένων
1317 1680 1564 1744 βουνῶν
1591 1698 1604 1711 ο
1657 1674 1733 1734 ὧν

160 1767 490 1836 ἀπολομένων
546 1770 936 1839 εὐφρανθήσῃ
996 1770 1077 1824 σὺ
1132 1770 1202 1824 ἐν
1256 1772 1471 1839 Κυρίῳ.
1526 1772 1733 1825 Δέδωκε

1822 597 2031 663 psalmo
2062 595 2306 664 loquitur
2335 594 2616 657 Salvator;
2656 612 2674 642 ι
2730 592 2843 661 Ego
2894 606 3014 644 sum
3066 590 3288 652 vermis,
3344 597 3400 643 et

1820 702 1929 741 non
1984 687 2149 740 homo
2193 686 2260 740 ³⁸.
2306 704 2323 735 ι
2359 686 2514 751 Quod
2586 692 2767 738 autem
2846 681 3190 751 perexiguum
3239 691 3401 735 vocat

1822 777 2103 840 Israelem,
2135 778 2203 832 ad
2250 792 2476 847 parvum
2538 776 2930 843 discipulorum
2990 787 3281 828 numerum
3314 787 3401 826 re-

1822 871 2022 939 spexit.
2063 888 2081 920 ‹
2115 870 2283 923 Erant
2312 868 2455 923 enim
2503 867 2903 930 duodecim;et
2937 866 3003 920 ab
3050 864 3135 919 his
3182 872 3401 932 septua-

1822 962 1971 1032 ginta
2000 961 2157 1015 alteri
2191 960 2257 1014 ”.
2308 979 2326 1011 ›
2382 961 2449 1012 At
2501 958 2864 1029 Symmachus
2908 972 3156 1009 numerus
3202 953 3399 1013 Israel,

1824 1052 2050 1122 Aquilas
2082 1058 2268 1105 autem
2302 1059 2355 1104 et
2388 1048 2714 1110 Theodotio,
2761 1047 2955 1100 mortui
2988 1044 3186 1107 Israel,
3235 1044 3405 1097 inter—

1830 1152 2141 1214 pretantur;
2201 1140 2332 1194 nihil
2382 1146 2531 1195 certe
2581 1138 2648 1193 ab
2702 1137 2950 1208 Apostoli
2992 1136 3175 1190 verbis
3216 1134 3401 1196 alieni,

1829 1232 1921 1301 qui
1963 1230 2109 1286 dicat
2144 1247 2158 1284 :
2198 1247 2216 1281 ι
2261 1227 2395 1285 V-ivo
2447 1235 2629 1282 autem
2682 1241 2792 1280 non
2848 1224 3085 1294 amplius
3130 1237 3266 1292 ego;
3311 1222 3404 1276 sed

1832 1323 1964 1376 vivit
2004 1321 2062 1375 in
2118 1336 2205 1377 me
2239 1320 2495 1375 Christus
2518 1318 2585 1370 ‘°.
2647 1336 2665 1369 ι
2721 1317 2786 1369 Et
2833 1333 2845 1369 :
2898 1314 3153 1381 Quotidie
3205 1313 3409 1366 morior

1833 1416 2055 1481 propter
2085 1409 2316 1479 gloriam
2352 1405 2673 1462 vestram“.
2705 1425 2722 1456 ι
2748 1404 3046 1468 Caeterum,
3081 1402 3205 1457 licet
3224 1400 3409 1455 vermis

1830 1499 1998 1571 459
2023 1500 2117 1564 sis,
2168 1500 2367 1568 inquit,
2418 1506 2467 1552 et
2514 1506 2779 1559 mortuus,
2808 1505 2855 1549 et
2884 1509 3214 1563 perpaucas;
3255 1505 3412 1546 cessa

1835 1601 2018 1645 tamen
2052 1590 2258 1643 auxilio
2279 1598 2473 1644 nostro
2496 1588 2668 1642 fretus
2698 1598 2946 1651 metuere,
2970 1585 3061 1656 qui
3094 1599 3159 1639 eo
3192 1582 3413 1651 adjutus

1836 1680 2137 1737 inﬁdelium
2197 1679 2443 1748 gentium
2495 1676 2829 1745 impietatem
2895 1675 3247 1727 trituraturus
3302 1670 3413 1731 sis;

1839 1782 2041 1827 montes
2081 1778 2132 1825 et
2170 1771 2329 1822 colles
2365 1767 2711 1821 adversarios
2745 1772 3047 1835 potestates
3086 1762 3411 1831 appellans:

166 1859 263 1930 γὰρ
289 1860 420 1929 ἡμῖν
455 1871 483 1899 ιι
523 1860 774 1924 ἐξουσίαν
808 1864 999 1916 πατεῖν
1025 1862 1213 1916 ἐπάνω
1238 1863 1414 1932 ὀφέων
1442 1865 1539 1917 καὶ
1570 1880 1730 1934 σκορ-

1851 1853 2102 1932 ;ὁη‹ιυοιη
2147 1876 2270 1931 qua:
2321 1860 2584 1912 adversus
2632 1858 2724 1912 Dei
2785 1856 3066 1921 notitiam,
3123 1854 3417 1923 spirituum

163 1950 304 2015 πίων,
334 1952 429 2005 καὶ
450 1952 546 2004 ἐπὶ
574 1954 756 2007 πᾶσαν
782 1952 879 2024 τὴν
900 1952 1133 2024 δύναμιν
1160 1953 1255 2006 τοῦ
1283 1954 1504 2025 ἐχθροῦ.

1839 1950 2152 2007 ministerio
2192 1950 2284 2018 qui
2334 1947 2493 2000 colles
2549 1948 2925 2009 nominantur,
2964 1943 3366 1998 insurrexcriut
3401 1958 3414 1993 :

163 2039 343 2112 quibus
376 2043 735 2112 pereuntibus
772 2052 827 2096 tu
870 2045 923 2097 in
960 2043 1189 2099 Domino
1225 2045 1515 2100 laetaberis.
1600 2044 1761 2099 Dedit
1836 2044 1982 2098 enim
2053 2042 2207 2096 vobis
2270 2040 2589 2095 facultatem
2649 2045 2935 2107 serpentes
2988 2044 3041 2089 et
3096 2033 3420 2102 scorpiones

167 2138 530 2204 conculcandi,
591 2148 646 2195 et
689 2139 954 2195 adversus
1000 2155 1222 2196 omnem
1276 2141 1515 2197 hostium
1544 2148 1870 2209 potestatem
1900 2137 1970 2190 δ’.

224 2232 405 2294 Ετποις
449 2230 495 2283 δ’
533 2229 604 2284 ἂν
644 2230 752 2298 ὅρη
778 2232 871 2285 καὶ
893 2231 1167 2298 ,βουνοὺς
1205 2232 1300 2285 καὶ
1339 2233 1467 2296 τοὺς
1496 2234 1552 2285 ἐν
1574 2232 1734 2287 δυνα-

167 2321 348 2383 στείαις
398 2322 697 2391 κοσμικαῖς
748 2322 863 2383 τοῖς
928 2320 1249 2383 ἀποστόλοις
1301 2303 1733 2385 ἐπαναστάντας.

177 2412 320 2465 Ἀλλὰ
350 2412 677 2466 καὶτούτων
730 2413 1155 2485 καθῃρημένων,
1206 2414 1290 2467 σὺ
1343 2414 1736 2483 εὐφρανθήσῃ

166 2504 225 2556 έν
274 2502 393 2569 τοῖς
449 2502 649 2571 ἁγίοις
722 2501 970 2570 Ἰσραὴλ
996 2541 1010 2565 ,
1056 2502 1337 2574 ἐντρυφῶν
1387 2504 1463 2557 ὅτ’
1506 2504 1573 2559 ἂν
1623 2504 1738 2574 ἴδῃς

170 2593 371 2656 πολλοὺς
406 2592 705 2662 γεγονότας
751 2593 983 2660 ἁγίους,
1038 2595 1133 2647 καὶ
1196 2596 1255 2647 ἐν
1296 2593 1448 2660 υἱοῖς
1495 2594 1741 2663 Ἰσραὴλ

170 2686 543 2755 τεταγμένους.
583 2703 601 2737 ι
636 2686 711 2739 Οὐ
757 2685 867 2755 γὰρ
901 2685 1107 2749 πάντες
1149 2687 1197 2740 οἱ
1231 2686 1291 2753 ἐξ
1332 2688 1571 2760 Ἰσραὴλ,
1595 2683 1742 2743 οῦτοι

182 2778 396 2850 Ἰσραήλ.
436 2797 456 2831 ι
498 2779 757 2834 Τοιοῦτον
792 2784 942 2851 παρὰ
971 2779 1050 2850 τῷ
1076 2781 1387 2851 ’Λποστόλῳ
1423 2782 1507 2847 τὸ,
1542 2800 1561 2833 ι
1585 2783 1744 2853 Χαρὰ

176 2870 255 2921 καί
276 2869 537 2940 στέφανός
582 2889 707 2942 μου.
748 2890 765 2922 ι
805 2871 992 2925 Ταῦτα
1039 2872 1170 2942 περὶ
1214 2871 1325 2925 τῶν
1367 2872 1683 2926 ἀποστόλων
1715 2874 1743 2926 ὁ

176 2963 489 3032 προφητικδς
521 2963 685 3032 λόγος
714 2962 903 3029 εἰπὼν,
942 2963 1003 3028 ἐξ
1034 2965 1230 3034 ἐτέρας
1256 2964 1433 3034 ἀρχῆς
1470 2965 1597 3034 περὶ
1642 2964 1742 3032 τῆς

178 3053 269 3107 τῶν
308 3054 473 3108 ἐθνῶν
529 3055 870 3125 ἐπιστροφῆς
922 3055 1089 3124 λέγει’
1145 3054 1635 3124 Ἀγαλλιάσονται
1687 3059 1741 3109 οι

178 3143 395 3211 πτωχοὶ,
430 3145 532 3198 καὶ
589 3147 643 3198 οἱ
670 3144 913 3210 ἐνδεεῖς.
959 3138 1343 3200 Ὠϐἐλισταιδέ
1370 3146 1429 3199 τὸ
1458 3146 1743 3216 similid-

180 3249 385 3288 σοντοι·
426 3236 581 3307 παρὰ
608 3235 718 3307 γὰρ
744 3239 857 3300 τοῖς
880 3237 1087 3299 λοιποῖς
1112 3236 1347 3307 εἴρηται·
1387 3241 1452 3291 Οἱ
1492 3238 1738 3307 πτωχοὶ,

182 3324 267 3378 καὶ
300 3328 351 3381 ot
399 3325 635 3392 ἐνδεεῖς
673 3324 1042 3394 ζητήσουσιν
1072 3326 1250 3395 ὕδωρ,
1285 3327 1381 3381 καὶ
1413 3328 1523 3380 οὐκ
1548 3327 1741 3382 ἔσται.

193 3415 334 3470 Ἀλλά
346 3417 518 3472 ταῦτα
550 3415 720 3471 πάλαι
749 3416 1074 3471 πεπόνθασι.
1099 3416 1213 3470 Νῦν
1240 3417 1319 3483 δὲ,
1352 3418 1475 3471 Οὐκ
1494 3417 1745 3486 ἐγκατα·

184 3508 351 3577 λείψω
380 3508 631 3574 αὐτοὺς,
665 3510 802 3563 ἀλλ’
848 3508 1051 3573 ἀνάξω
1074 3518 1099 3546 ν
1132 3508 1233 3561 ἐπὶ
1266 3506 1385 3561 τῶν
1421 3506 1608 3575 ὀρέων
1640 3523 1747 3560 πο-

185 3599 403 3669 ταμοὺς,
437 3602 537 3654 καὶ
564 3599 633 3653 τὰ
665 3600 810 3670 ἐξῆς.
851 3601 918 3653 Ai
950 3599 1058 3670 γὰρ
1089 3599 1257 3653 πάλαι
1286 3598 1456 3669 ψυχαὶ
1505 3600 1603 3670 τῆς
1652 3600 1750 3653 τοῦ

186 3686 303 3741 Θεοῦ
331 3688 589 3757 γνώσεως
611 3690 831 3756 ἐνδεεῖς,
863 3691 936 3751 ὡς
980 3689 1079 3761 τὴν
1109 3689 1403 3760 γλῶσσαν
1431 3690 1631 3757 αὐτῶν,
1654 3693 1752 3745 καὶ

187 3778 266 3833 τὸν
289 3780 440 3850 λόγον
485 3781 822 3851 ἐξηράνθαι
850 3780 942 3834 τὸν
988 3781 1056 3835 δι’
1105 3781 1274 3851 αὐτῆς
1319 3782 1748 3852 προφερόμενον,

192 3873 358 3941 ρανίδα
386 3874 638 3945 πόματος
663 3874 763 3927 οὐκ
794 3872 986 3942 ἔχοντα
1018 3872 1273 3937 ζωτικοῦ,
1320 3866 1479 3926 αὗται
1501 3871 1631 3943 παρ’
1667 3872 1753 3924 ἐλ-

194 3962 334 4027 πίδας
373 3965 625 4037 σωτήρια
681 3962 897 4017 πίνουσι
950 3962 1038 4017 διὰ
1086 3965 1186 4035 τῆς
1241 3963 1465 4033 χάριτος
1512 3962 1750 4033 νάματα,

191 4052 320 4107 κατὰ
342 4054 399 4107 τὸ
432 4052 771 4125 προρρηθὲν*
812 4073 830 4105 ι
855 4053 964 4105 Καὶ
991 4051 1207 4105 πιονται
1243 4051 1389 4121 ὕδωρ
1422 4052 1485 4104 ἐκ
1508 4051 1617 4105 τῶν
1643 4068 1753 4121 πη·-

191 4142 290 4210 γῶν
313 4142 402 4197 τοῦ
436 4142 733 4214 σωτηρίου.
770 4162 788 4194 ι
840 4143 951 4196 Καὶ
987 4143 1115 4213 μὴν,
1152 4143 1247 4196 καὶ
1290 4143 1397 4196 ἀπὸ
1424 4141 1617 4213 πηγῶν
1656 4141 1755 4194 Ἰσ-

196 4233 334 4304 ραὴλ,
379 4236 521 4289 κατὰ
562 4235 623 4287 τὸ
665 4236 724 4287 ἐν
770 4234 1023 4304 Ψαλμοῖς
1055 4249 1069 4265 ·
1127 4232 1257 4287 «Ἐν
1297 4232 1619 4303 ἐκκλησίαις
1665 4232 1755 4286 εὑ-

194 4322 380 4391 λογεττε
403 4326 493 4380 τὸν
525 4325 660 4379 Θεὸν
689 4325 894 4396 Κύριον
931 4326 995 4378 ἐκ
1021 4325 1216 4395 πηγῶν
1252 4324 1491 4396 Ἰσραήλ.
1532 4343 1551 4377 ι
1584 4324 1757 4378 Τοῦτο

196 4411 246 4465 δέ
277 4416 381 4468 ἐστι
407 4414 469 4469 τὺ
514 4414 743 4486 Πνεῦμα
785 4415 844 4467 τὸ
873 4415 1050 4481 ἅγιον,
1097 4414 1160 4467 τὺ
1190 4414 1439 4485 πηγάζον
1470 4416 1528 4466 ἐν
1557 4414 1755 4484 ἐκκλη-

199 4502 321 4567 σίαις
348 4504 512 4559 ῦδατα
549 4506 776 4570 ζωτικὰ,
809 4506 874 4559 ἐκ
902 4506 1000 4575 τῆς
1029 4506 1252 4576 Γραφῆς
1273 4505 1375 4575 τῆς
1397 4522 1456 4558 τε
1491 4505 1754 4569 Παλαιᾶή

198 4595 279 4687 καλ
306 4598 541 4667 Καινῆς·
600 4595 729 4649 ἔνθα
754 4686 757 4687 ν
784 4595 880 4687 καὶ
936 4596 1192 4665 ποταμοὶ
1232 4595 1423 4681 ἄνδρες
1459 4595 1607 4664 ἆγιοι
1656 4595 1755 4667 τὴν
1789 4632 1832 4687 D

200 4686 313 4755 πρὶν
336 4687 543 4758 ἔρημον
571 4686 1001 4751 κατακλύζουσιν
1029 4687 1136 4741 ἀπὸ
1156 4686 1249 4741 τοῦ
1266 4678 1511 4758 μεγάλου
1544 4687 1756 4759 ῥέοντες

201 4779 462 4848 ποταμοῦ,
508 4773 575 4833 οῦ
632 4780 702 4832 τὰ
749 4780 1050 4851 όρμήματα
1092 4779 1448 4850 εὐφραίνουσι
1477 4780 1578 4849 τὴν
1610 4780 1763 4834 πόλιν

202 4870 282 4923 τοῦ
327 4873 478 4939 Θεοῦ,
528 4873 594 4927 δι’
647 4873 707 4926 ὃν
754 4873 1003 4943 εἴρηται·
1050 4890 1070 4925 ι
1097 4872 1155 4926 '0
1198 4873 1442 4941 ποταμὸς
1486 4872 1581 4925 τοῦ
1624 4872 1762 4929 Θεοῦ

204 4961 473 5038 ἐπληρώθη
501 4965 730 5020 ὑδάτων.
770 4984 789 5018 ι

270 5139 413 5194 Ἐστι
440 5142 551 5212 γὰρ
587 5141 715 5195 ἰδεῖν
761 5142 861 5212 τὴν
887 5140 1153 5208 ἄνυδρον
1197 5139 1367 5193 πάλαι
1399 5140 1498 5209 τὴν
1535 5136 1765 5207 Ἐκκλη-

211 5228 335 5297 σίαν,
360 5230 454 5300 τὴν
507 5231 713 5303 ἔρημον
761 5230 899 5284 Θεοῦ
940 5231 1035 5285 καὶ
1066 5230 1266 5293 παντὸς
1314 5228 1545 5298 ἀγαθοῦ,
1575 5228 1672 5283 νῦν
1703 5230 1768 5281 ἐκ

209 5320 458 5376 τοσούτων
510 5322 748 5378 ὑδάτων
819 5323 999 5394 ψυχὰς
1051 5325 1323 5393 ἔχουσαν
1368 5321 1617 5384 εὐθαλεῖς
1675 5322 1769 5373 καὶ

212 5410 642 5486 ὐπερυψουμὲνας
672 5416 769 5487 τῆς
808 5417 923 5487 (ἧς,
956 5414 1096 5470 κατά
1121 5415 1191 5470 τὰ
1210 5414 1354 5483 φυτὰ
1386 5414 1454 5468 τὰ
1477 5415 1536 5467 ἐν
1560 5412 1769 5467 ὑδάτων

296 5531 317 5562 ⁸
351 5533 490 5589 Psal.
518 5552 632 5598 xxi,
666 5536 717 5589 7.
826 5535 871 5566 ”
908 5534 1037 5589 Luc.
1072 5552 1123 5595 χ,
1163 5536 1213 5588 l.
1311 5535 1354 5566 ³ο
1394 5530 1573 5594 Galat,
1607 5548 1664 5591 ιι.
1699 5529 1769 5584 20

216 5598 252 5632 ⁸⁸
281 5598 465 5673 Philip.
499 5622 571 5671 ιν,
596 5606 647 5661 1.
726 5605 772 5636 ⁸⁸
796 5603 901 5661 lsa.
943 5620 1040 5669 xu,
1077 5606 1128 5658 5.
1209 5606 1249 5637 ιθ
1278 5604 1421 5661 Psal.
1450 5618 1617 5657 van.
1648 5602 1741 5655 27.

1777 5569 1790 5585 .
1816 5601 1857 5633 ⁸⁷
1899 5569 2283 5663 Ρεᾷιῗ
2308 5569 2398 5627 νλδ
2441 5569 2894 5653 ΡείιὶῘίιίινξῚθξ

1916 2228 2131 2283 Dixeris
2155 2242 2286 2284 vero
2309 2235 2511 2281 montes
2536 2233 2585 2279 et
2616 2224 2776 2279 colles
2794 2239 2888 2278 eos
2912 2225 3099 2286 etiam,
3142 2222 3234 2291 qui
3266 2236 3423 2274 mun-

1844 2318 2006 2373 danis
2044 2319 2216 2373 evecti
2274 2315 2688 2384 magistratibus
2732 2312 2996 2384 apostolis
3039 2312 3421 2380 insurgebant.

1846 2410 1954 2465 Sed
1982 2421 2038 2466 et
2066 2410 2152 2465 bis
2191 2409 2356 2465 etiam
2384 2408 2635 2474 sublatis,
2666 2405 2930 2460 lwtaberis
2986 2405 3039 2459 in
3098 2404 3300 2457 sanctis
3335 2400 3422 2456 Is-

1844 2503 1979 2568 rael,
2021 2516 2219 2572 magna
2242 2509 2356 2555 tum
2387 2501 2608 2555 demum
2649 2499 2863 2564 laetitia,
2893 2505 2947 2553 et
2969 2496 3246 2565 voluptate
3280 2496 3423 2564 poti-

1846 2604 1954 2659 tus,
1979 2608 2102 2647 cum
2136 2600 2362 2648 sanctos
2392 2592 2637 2646 evasisse
2666 2589 2991 2659 permultos,
3020 2595 3073 2642 et
3098 2588 3154 2641 in
3184 2586 3424 2640 ﬁliorum

1844 2684 2067 2743 lsraelis
2129 2684 2383 2740 ordinem
2449 2681 2719 2736 transisse
2759 2677 3085 2734 intueberis.
3155 2696 3174 2729 ι
3233 2675 3423 2745 Neque

1845 2775 1991 2831 enim
2016 2788 2232 2839 omnes,
2263 2770 2358 2843 qui
2385 2787 2451 2826 ex
2488 2769 2688 2825 lsraele
2709 2776 2859 2833 sunt,
2889 2767 2927 2822 ii
2964 2778 3089 2823 sunt
3113 2765 3356 2821 Israel“.
3400 2782 3420 2816 ι

1851 2867 1983 2923 Tale
2008 2874 2093 2922 est
2147 2875 2203 2920 et
2253 2863 2406 2917 Pauli
2464 2861 2599 2916 illud
2642 2878 2657 2915 :
2724 2879 2744 2914 ι
2795 2859 3064 2914 Gaudium
3120 2866 3174 2914 et
3222 2872 3423 2913 comma

1850 2957 2054 3014 mea“.
2096 2975 2113 3009 ι
2140 2958 2319 3026 Atque
2350 2955 2464 3008 haec
2495 2953 2716 3024 quidem
2752 2952 2820 3007 de
2853 2950 3117 3020 apostolis
3147 2964 3270 3005 cum
3296 2963 3427 3019 pro«

1850 3051 2013 3121 pheta
2043 3048 2310 3113 dixisset,
2355 3055 2617 3114 tanquam
2665 3043 2811 3097 facto
2861 3043 3083 3096 aliunde
3134 3042 3425 3111 principio,

1849 3143 1917 3197 de
1955 3142 2203 3212 gentium
2237 3138 2602 3194 conversione
2631 3149 2939 3190 sermonem
2973 3133 3309 3203 aggreditur,
3342 3132 3428 3187 his

1848 3235 2031 3290 verbis
2048 3252 2063 3292 ;
2081 3231 2447 3288 Exsultabunt
2473 3243 2728 3300 pauperes
2751 3236 2799 3281 et
2818 3228 3020 3297 inopes.
3052 3224 3222 3280 Obelo
3248 3234 3429 3280 autem

1850 3326 2167 3383 confoditur
2223 3325 2450 3379 verbum
2498 3320 2863 3376 exsultabant.
2920 3318 2963 3372 A
3019 3316 3235 3373 caeteris
3282 3315 3430 3371 enim

1852 3420 2082 3476 dicitur:
2115 3417 2383 3485 Pauperes
2408 3414 2547 3467 enim
2582 3423 2629 3465 et
2667 3411 2814 3481 egeni
2851 3416 3085 3475 quwrent
3117 3421 3332 3476 aquam,
3381 3415 3431 3459 et

1852 3528 1957 3567 non
2008 3511 2130 3565 erit.
2195 3508 2302 3563 Sed
2339 3508 2456 3574 ,ista
2520 3504 2725 3558 dudum
2769 3500 3011 3571 perpessi
3064 3506 3214 3553 sunt.
3275 3494 3433 3550 Nunc

1852 3608 2059 3665 autem,
2090 3613 2195 3651 non
2221 3594 2584 3663 derelinquam
2610 3607 2721 3654 eos,
2753 3587 2842 3643 sed
2875 3588 3113 3657 aperiant
3153 3587 3206 3637 in
3235 3584 3431 3637 monti-

1854 3690 1948 3743 bus
1978 3686 2225 3756 ﬂumina,
2259 3691 2313 3738 et
2347 3697 2470 3752 qua:
2524 3680 2807 3747 deinceps.
2840 3674 3050 3729 Animae
3111 3670 3279 3730 enim,
3312 3684 3435 3739 quae

1855 3776 1931 3831 ita
1965 3774 2059 3830 Dei
2098 3772 2415 3843 cognitione
2446 3768 2725 3823 destituta:
2749 3771 2924 3829 erant,
2961 3770 3018 3815 ut
3076 3760 3258 3829 lingua
3289 3758 3431 3827 ipsa,

1856 3867 2095 3938 ipsoque
2127 3875 2408 3925 sermone,
2447 3858 2539 3929 qui
2578 3872 2676 3927 per
2709 3870 2828 3911 eam
2853 3852 3147 3925 profertur,
3175 3860 3437 3920 tanquam

1857 3957 2046 4011 vitalis
2098 3952 2284 4024 poculi
2330 3948 2650 4020 irrigatione
2709 3954 2978 4008 carentes,
3037 3950 3433 4004 exarescerent,

1855 4046 2082 4111 eardem,
2138 4044 2384 4113 inquam,
2434 4039 2771 4097 salutaribus
2821 4037 2932 4107 jam
2988 4034 3228 4106 Spiritus
3260 4033 3436 4089 sancti

1859 4138 2117 4194 laticibus
2169 4134 2452 4188 fruuntur.
2524 4129 2663 4183 Hinc
2726 4126 2860 4181 illud
2927 4126 3216 4194 superius:
3299 4141 3317 4173 ι
3374 4120 3440 4174 Ει

1859 4230 2058 4283 bibunt
2090 4240 2288 4296 aquam
2353 4221 2421 4276 de
2454 4218 2703 4275 fontibus
2758 4214 3145 4271 Salvatoris“.
3187 4233 3205 4265 ι
3244 4213 3358 4267 lmo
3384 4219 3439 4265 et

1859 4323 1927 4376 dc
1958 4318 2203 4373 fontibus
2250 4314 2439 4379 Israel,
2466 4313 2627 4380 juxta
2670 4307 2805 4363 illud
2860 4308 2913 4361 in
2951 4305 3192 4360 Psalmis
3239 4321 3252 4359 :
3321 4321 3339 4354 ι
3380 4301 3437 4355 lu

1865 4410 2126 4465 Ecclesiis
2184 4406 2497 4463 benedieite
2572 4401 2804 4456 Domino
2874 4397 2985 4451 Deo
3058 4397 3124 4450 de
3195 4393 3438 4449 fontibus

1862 4499 2108 4557 Israel“.
2157 4518 2173 4548 ι
2215 4496 2426 4562 Quibus
2452 4491 2673 4563 quidem
2699 4488 2940 4558 Spiritus
2980 4493 3207 4541 sanctus
3259 4483 3439 4537 innui-

1863 4597 1975 4653 tur,
2008 4587 2102 4656 qui
2136 4585 2332 4639 vitales
2375 4596 2548 4651 aquas
2580 4581 2634 4633 in
2686 4577 2987 4632 Ecclesiam
3016 4591 3080 4630 ex
3135 4573 3339 4629 veteris
3388 4580 3442 4626 et

1862 4679 2101 4735 recentis
2120 4675 2417 4745 Scriptura:
2450 4671 2702 4727 fontibus
2752 4668 3122 4733 ell'undit,ubi
3166 4665 3442 4720 desertam

1866 4779 2028 4825 antea
2056 4767 2159 4822 viri
2186 4766 2362 4823 sancti
2386 4764 2669 4833 ﬂuviorum
2694 4761 2890 4825 instar,
2915 4775 2945 4814 a
2965 4774 3161 4829 magno
3196 4757 3287 4811 illo
3314 4770 3443 4825 pro-

1864 4865 2153 4913 manantes
2178 4856 2340 4912 etiam
2374 4854 2623 4924 irrigant,
2650 4849 2815 4922 [ιδο
2844 4849 3004 4918 cujus
3046 4848 3279 4916 impetus
3304 4846 3444 4901 laeti-

1864 4952 2032 5005 ﬁcant
2073 4948 2353 5004 civitatem
2407 4945 2499 4999 Dei
2519 4945 2598 5011 ιι⁷;
2631 4944 2699 4998 de
2749 4957 2860 5011 quo
2892 4941 3088 4994 etiam:
3159 4956 3176 4989 ι
3220 4936 3444 4992 Fluvius

1873 5040 1965 5096 Dei
1997 5040 2242 5109 repletus
2258 5046 2342 5092 est
2386 5034 2546 5106 aquis
2566 5033 2633 5097 ‘3,
2670 5051 2687 5083 ι
2728 5031 3011 5087 scribitur.

1938 5132 2141 5187 Videas
2162 5131 2307 5186 enim
2342 5128 2645 5183 Ecelesiam
2672 5126 2824 5195 aquis
2853 5123 3007 5189 olim,
3027 5130 3081 5177 et
3101 5122 3230 5188 Deo,
3261 5119 3442 5175 omni—

1868 5238 1977 5296 que
2006 5224 2154 5280 bono
2184 5222 2521 5285 destitutam,
2552 5217 2770 5273 abunde
2803 5230 2945 5270 nunc
2970 5214 3249 5283 irriguum,
3280 5228 3443 5281 vege-

1868 5326 1953 5372 tas
1985 5316 2222 5379 animas,
2248 5321 2301 5369 et
2328 5312 2588 5368 sublimes
2611 5317 2807 5365 eterra
2840 5306 3126 5362 attollere:
3154 5320 3260 5359 non
3288 5303 3444 5357 aliter

1868 5425 2033 5480 quam
2066 5415 2287 5479 propter
2316 5420 2581 5475 aquarum
2612 5401 2826 5471 copiam
2861 5398 2975 5457 ﬁeri
3008 5397 3148 5454 solet
3183 5397 3236 5451 in
3277 5396 3442 5452 arbo-

1888 5530 1929 5560 ⁸¹
1972 5528 1992 5581 l
2028 5528 2156 5583 Cor.
2194 5543 2283 5591 xv,
2307 5525 2396 5579 ⁷51.
2496 5522 2537 5553 δ’
2580 5517 2713 5573 Luc.
2744 5516 2912 5591 1,19.
3013 5515 3059 5548 ⁸³
3083 5514 3242 5572 llom.
3276 5530 3352 5579 iv,
3389 5511 3444 5566 6.

1457 5714 1690 5772 VARle
1723 5711 2103 5772 LECTIONES

280 5792 301 5825 υ
329 5788 575 5860 τρ.ὑμῖν.
654 5799 677 5824 ν
718 5806 806 5859 π).
839 5785 1049 5852 ἀνοίξω.
