  <div class='ocr_page' id='page_1' title='image "/cluster/home/n/w/nwhite01/storage/ocr_20150623/87:2/hvd.32044019208008/419.png"; bbox 0 0 3978 6374; ppageno 0'>
   <div class='ocr_carea' id='block_1_1' title="bbox 576 341 717 419">
    <p class='ocr_par' dir='ltr' id='par_1_1' title="bbox 576 341 717 419">
     <span class='ocr_line' id='line_1_1' title="bbox 576 341 717 419; baseline -0.035 -15"><span class='ocrx_word' id='word_1_1' title='bbox 576 341 717 419; x_wconf 65' lang='lat'><strong>2359</strong></span> 
     </span>
    </p>
   </div>
   <div class='ocr_carea' id='block_1_2' title="bbox 1910 340 2540 403">
    <p class='ocr_par' dir='ltr' id='par_1_2' title="bbox 1910 340 2540 403">
     <span class='ocr_line' id='line_1_2' title="bbox 1910 340 2540 403; baseline -0.002 0"><span class='ocrx_word' id='word_1_2' title='bbox 1910 340 2260 403; x_wconf 83' lang='lat' dir='ltr'>PROCOPII</span> <span class='ocrx_word' id='word_1_3' title='bbox 2299 342 2540 402; x_wconf 76' lang='lat' dir='ltr'><strong>GAZ/El</strong></span> 
     </span>
    </p>
   </div>
   <div class='ocr_carea' id='block_1_3' title="bbox 3663 354 3771 419">
    <p class='ocr_par' dir='ltr' id='par_1_3' title="bbox 3663 354 3771 419">
     <span class='ocr_line' id='line_1_3' title="bbox 3663 354 3771 419; baseline 0.046 -5"><span class='ocrx_word' id='word_1_4' title='bbox 3663 354 3771 419; x_wconf 72' lang='lat' dir='ltr'><strong>2m</strong></span> 
     </span>
    </p>
   </div>
   <div class='ocr_carea' id='block_1_4' title="bbox 577 412 2156 533">
    <p class='ocr_par' dir='ltr' id='par_1_4' title="bbox 577 446 2147 518">
     <span class='ocr_line' id='line_1_4' title="bbox 577 446 2147 518; baseline -0.002 -14"><span class='ocrx_word' id='word_1_5' title='bbox 577 447 755 509; x_wconf 84' lang='lat' dir='ltr'><strong>ribus,</strong></span> <span class='ocrx_word' id='word_1_6' title='bbox 793 460 1025 517; x_wconf 91' lang='lat' dir='ltr'><strong>quarum</strong></span> <span class='ocrx_word' id='word_1_7' title='bbox 1054 446 1159 501; x_wconf 87' lang='lat' dir='ltr'><strong>hoc</strong></span> <span class='ocrx_word' id='word_1_8' title='bbox 1197 446 1317 502; x_wconf 89' lang='lat' dir='ltr'><strong>loco</strong></span> <span class='ocrx_word' id='word_1_9' title='bbox 1351 447 1616 500; x_wconf 88' lang='lat' dir='ltr'><strong>meminit.</strong></span> <span class='ocrx_word' id='word_1_10' title='bbox 1652 447 1727 505; x_wconf 92' lang='lat' dir='ltr'><strong>De</strong></span> <span class='ocrx_word' id='word_1_11' title='bbox 1755 464 1894 518; x_wconf 81' lang='lat' dir='ltr'><strong>aqua</strong></span> <span class='ocrx_word' id='word_1_12' title='bbox 1951 451 2057 504; x_wconf 90' lang='lat' dir='ltr'><strong>ista</strong></span> <span class='ocrx_word' id='word_1_13' title='bbox 2091 457 2147 504; x_wconf 88' lang='lat' dir='ltr'><strong>et</strong></span> 
     </span>
    </p>
   </div>
   <div class='ocr_carea' id='block_1_5' title="bbox 2258 412 3773 533">
    <p class='ocr_par' dir='ltr' id='par_1_5' title="bbox 2258 450 3773 533">
     <span class='ocr_line' id='line_1_5' title="bbox 2258 450 3773 533; baseline 0.011 -31"><span class='ocrx_word' id='word_1_14' title='bbox 2258 450 2413 520; x_wconf 83' lang='grc' dir='ltr'>μόνον</span> <span class='ocrx_word' id='word_1_15' title='bbox 2446 451 2641 522; x_wconf 86' lang='grc' dir='ltr'>πλήθει</span> <span class='ocrx_word' id='word_1_16' title='bbox 2674 455 3064 524; x_wconf 76' lang='grc' dir='ltr'><strong>συνεστηκότα.</strong></span> <span class='ocrx_word' id='word_1_17' title='bbox 3099 454 3317 509; x_wconf 82' lang='grc' dir='ltr'><strong>Τούτων</strong></span> <span class='ocrx_word' id='word_1_18' title='bbox 3376 457 3481 528; x_wconf 75' lang='grc' dir='ltr'><strong>γάρ</strong></span> <span class='ocrx_word' id='word_1_19' title='bbox 3531 460 3773 533; x_wconf 77' lang='grc' dir='ltr'>μέμνηται.</span> 
     </span>
    </p>
   </div>
   <div class='ocr_carea' id='block_1_6' title="bbox 577 538 2152 610">
    <p class='ocr_par' dir='ltr' id='par_1_6' title="bbox 577 538 2152 610">
     <span class='ocr_line' id='line_1_6' title="bbox 577 538 2152 610; baseline 0.003 -18"><span class='ocrx_word' id='word_1_20' title='bbox 577 538 829 594; x_wconf 71' lang='lat' dir='ltr'><strong>Christus</strong></span> <span class='ocrx_word' id='word_1_21' title='bbox 858 538 974 608; x_wconf 89' lang='lat' dir='ltr'><strong>ipse</strong></span> <span class='ocrx_word' id='word_1_22' title='bbox 1002 540 1147 593; x_wconf 82' lang='lat' dir='ltr'><strong>hunc</strong></span> <span class='ocrx_word' id='word_1_23' title='bbox 1192 538 1249 591; x_wconf 89' lang='lat' dir='ltr'><strong>in</strong></span> <span class='ocrx_word' id='word_1_24' title='bbox 1309 538 1532 592; x_wconf 92' lang='lat' dir='ltr'><strong>modum</strong></span> <span class='ocrx_word' id='word_1_25' title='bbox 1576 539 1935 610; x_wconf 78' lang='lat' dir='ltr'><strong>loquebatur:</strong></span> <span class='ocrx_word' id='word_1_26' title='bbox 1992 560 2009 592; x_wconf 79' lang='grc' dir='ltr'><strong>ι</strong></span> <span class='ocrx_word' id='word_1_27' title='bbox 2046 541 2152 607; x_wconf 86' lang='lat' dir='ltr'><strong>Qui</strong></span> 
     </span>
    </p>
   </div>
   <div class='ocr_carea' id='block_1_7' title="bbox 578 630 2155 704">
    <p class='ocr_par' dir='ltr' id='par_1_7' title="bbox 578 630 2155 704">
     <span class='ocr_line' id='line_1_7' title="bbox 578 630 2155 704; baseline 0.002 -20"><span class='ocrx_word' id='word_1_28' title='bbox 578 630 777 685; x_wconf 89' lang='lat' dir='ltr'><strong>biberit</strong></span> <span class='ocrx_word' id='word_1_29' title='bbox 799 641 996 701; x_wconf 87' lang='lat' dir='ltr'><strong>aquam</strong></span> <span class='ocrx_word' id='word_1_30' title='bbox 1019 646 1087 685; x_wconf 79' lang='lat' dir='ltr'><strong>ex</strong></span> <span class='ocrx_word' id='word_1_31' title='bbox 1146 630 1313 696; x_wconf 76' lang='lat' dir='ltr'><strong>me“,</strong></span> <span class='ocrx_word' id='word_1_32' title='bbox 1357 650 1374 681; x_wconf 73' lang='grc' dir='ltr'>ι</span> <span class='ocrx_word' id='word_1_33' title='bbox 1421 634 1729 703; x_wconf 76' lang='lat' dir='ltr'><strong>caeteraque</strong></span> <span class='ocrx_word' id='word_1_34' title='bbox 1784 633 2063 704; x_wconf 89' lang='lat' dir='ltr'><strong>deinceps.</strong></span> <span class='ocrx_word' id='word_1_35' title='bbox 2090 633 2155 688; x_wconf 85' lang='lat' dir='ltr'><strong>Et</strong></span> 
     </span>
    </p>
   </div>
   <div class='ocr_carea' id='block_1_8' title="bbox 577 721 2155 795">
    <p class='ocr_par' dir='ltr' id='par_1_8' title="bbox 577 721 2155 795">
     <span class='ocr_line' id='line_1_8' title="bbox 577 721 2155 795; baseline 0.003 -19"><span class='ocrx_word' id='word_1_36' title='bbox 577 736 804 776; x_wconf 80' lang='lat' dir='ltr'><strong>rursus:</strong></span> <span class='ocrx_word' id='word_1_37' title='bbox 838 740 856 774; x_wconf 79' lang='grc' dir='ltr'>ι</span> <span class='ocrx_word' id='word_1_38' title='bbox 892 721 993 787; x_wconf 83' lang='lat' dir='ltr'><strong>Qui</strong></span> <span class='ocrx_word' id='word_1_39' title='bbox 1019 736 1215 793; x_wconf 91' lang='lat' dir='ltr'><strong>aquam</strong></span> <span class='ocrx_word' id='word_1_40' title='bbox 1242 722 1464 787; x_wconf 88' lang='lat' dir='ltr'><strong>biberit,</strong></span> <span class='ocrx_word' id='word_1_41' title='bbox 1492 739 1657 794; x_wconf 89' lang='lat' dir='ltr'><strong>quam</strong></span> <span class='ocrx_word' id='word_1_42' title='bbox 1708 740 1808 795; x_wconf 83' lang='lat' dir='ltr'><strong>ego</strong></span> <span class='ocrx_word' id='word_1_43' title='bbox 1856 725 2017 792; x_wconf 85' lang='lat' dir='ltr'><strong>dabo,</strong></span> <span class='ocrx_word' id='word_1_44' title='bbox 2054 725 2155 780; x_wconf 82' lang='lat' dir='ltr'><strong>ﬂu-</strong></span> 
     </span>
    </p>
   </div>
   <div class='ocr_carea' id='block_1_9' title="bbox 579 810 2154 885">
    <p class='ocr_par' dir='ltr' id='par_1_9' title="bbox 579 810 2154 885">
     <span class='ocr_line' id='line_1_9' title="bbox 579 810 2154 885; baseline 0.006 -23"><span class='ocrx_word' id='word_1_45' title='bbox 579 812 725 865; x_wconf 83' lang='lat' dir='ltr'><strong>mina</strong></span> <span class='ocrx_word' id='word_1_46' title='bbox 745 810 816 866; x_wconf 90' lang='lat' dir='ltr'><strong>de</strong></span> <span class='ocrx_word' id='word_1_47' title='bbox 845 822 1034 866; x_wconf 88' lang='lat' dir='ltr'><strong>ventre</strong></span> <span class='ocrx_word' id='word_1_48' title='bbox 1071 812 1193 884; x_wconf 87' lang='lat' dir='ltr'><strong>ejus</strong></span> <span class='ocrx_word' id='word_1_49' title='bbox 1223 812 1396 869; x_wconf 83' lang='lat' dir='ltr'><strong>liuent</strong></span> <span class='ocrx_word' id='word_1_50' title='bbox 1424 830 1580 885; x_wconf 67' lang='lat' dir='ltr'><strong>aqua:</strong></span> <span class='ocrx_word' id='word_1_51' title='bbox 1613 817 1849 872; x_wconf 85' lang='lat' dir='ltr'><strong>viventis</strong></span> <span class='ocrx_word' id='word_1_52' title='bbox 1871 818 1938 873; x_wconf 81' lang='grc' dir='ltr'>⁸ο.</span> <span class='ocrx_word' id='word_1_53' title='bbox 1972 836 1992 870; x_wconf 73' lang='grc' dir='ltr'>ι</span> <span class='ocrx_word' id='word_1_54' title='bbox 2037 817 2154 874; x_wconf 83' lang='lat' dir='ltr'><strong>Hoc</strong></span> 
     </span>
    </p>
   </div>
   <div class='ocr_carea' id='block_1_10' title="bbox 577 900 2153 977">
    <p class='ocr_par' dir='ltr' id='par_1_10' title="bbox 577 900 2153 977">
     <span class='ocr_line' id='line_1_10' title="bbox 577 900 2153 977; baseline 0.003 -20"><span class='ocrx_word' id='word_1_55' title='bbox 577 900 1094 969; x_wconf 37' lang='lat' dir='ltr'><strong>autem’dicebatde</strong></span> <span class='ocrx_word' id='word_1_56' title='bbox 1133 903 1352 974; x_wconf 91' lang='lat' dir='ltr'><strong>spiritu,</strong></span> <span class='ocrx_word' id='word_1_57' title='bbox 1411 920 1575 974; x_wconf 83' lang='lat' dir='ltr'><strong>quem</strong></span> <span class='ocrx_word' id='word_1_58' title='bbox 1635 909 1921 977; x_wconf 79' lang='lat' dir='ltr'><strong>accepturi</strong></span> <span class='ocrx_word' id='word_1_59' title='bbox 1975 915 2153 971; x_wconf 86' lang='lat' dir='ltr'><strong>erant,</strong></span> 
     </span>
    </p>
   </div>
   <div class='ocr_carea' id='block_1_11' title="bbox 577 989 2155 1069">
    <p class='ocr_par' dir='ltr' id='par_1_11' title="bbox 577 989 2155 1069">
     <span class='ocr_line' id='line_1_11' title="bbox 577 989 2155 1069; baseline 0.006 -27"><span class='ocrx_word' id='word_1_60' title='bbox 577 989 670 1058; x_wconf 89' lang='lat' dir='ltr'><strong>qui</strong></span> <span class='ocrx_word' id='word_1_61' title='bbox 704 989 759 1043; x_wconf 90' lang='lat' dir='ltr'><strong>in</strong></span> <span class='ocrx_word' id='word_1_62' title='bbox 795 990 976 1060; x_wconf 87' lang='lat' dir='ltr'><strong>ipsum</strong></span> <span class='ocrx_word' id='word_1_63' title='bbox 1002 993 1322 1060; x_wconf 89' lang='lat' dir='ltr'><strong>credebant,</strong></span> <span class='ocrx_word' id='word_1_64' title='bbox 1366 994 1527 1064; x_wconf 89' lang='lat' dir='ltr'><strong>cujus</strong></span> <span class='ocrx_word' id='word_1_65' title='bbox 1552 996 1819 1051; x_wconf 83' lang='lat' dir='ltr'><strong>beneﬁcio</strong></span> <span class='ocrx_word' id='word_1_66' title='bbox 1871 996 2074 1069; x_wconf 73' lang='lat' dir='ltr'><strong>vigere,</strong></span> <span class='ocrx_word' id='word_1_67' title='bbox 2099 1005 2155 1053; x_wconf 88' lang='lat' dir='ltr'><strong>ct</strong></span> 
     </span>
    </p>
   </div>
   <div class='ocr_carea' id='block_1_12' title="bbox 464 1075 2154 1159">
    <p class='ocr_par' dir='ltr' id='par_1_12' title="bbox 464 1075 2154 1159">
     <span class='ocr_line' id='line_1_12' title="bbox 464 1075 2154 1159; baseline 0.007 -30"><span class='ocrx_word' id='word_1_68' title='bbox 464 1154 467 1159; x_wconf 20' lang='grc' dir='ltr'><strong>η</strong></span> <span class='ocrx_word' id='word_1_69' title='bbox 576 1075 633 1130; x_wconf 79' lang='lat' dir='ltr'><strong>in</strong></span> <span class='ocrx_word' id='word_1_70' title='bbox 686 1076 857 1132; x_wconf 92' lang='lat' dir='ltr'><strong>altum</strong></span> <span class='ocrx_word' id='word_1_71' title='bbox 915 1080 1074 1151; x_wconf 80' lang='lat' dir='ltr'><strong>erigi,</strong></span> <span class='ocrx_word' id='word_1_72' title='bbox 1132 1097 1524 1152; x_wconf 86' lang='lat' dir='ltr'><strong>nunquamque</strong></span> <span class='ocrx_word' id='word_1_73' title='bbox 1585 1095 1921 1154; x_wconf 86' lang='lat' dir='ltr'><strong>putrescere,</strong></span> <span class='ocrx_word' id='word_1_74' title='bbox 1966 1088 2154 1141; x_wconf 89' lang='lat' dir='ltr'><strong>odoris</strong></span> 
     </span>
    </p>
   </div>
   <div class='ocr_carea' id='block_1_13' title="bbox 578 1166 2154 1240">
    <p class='ocr_par' dir='ltr' id='par_1_13' title="bbox 578 1166 2154 1240">
     <span class='ocr_line' id='line_1_13' title="bbox 578 1166 2154 1240; baseline 0.004 -14"><span class='ocrx_word' id='word_1_75' title='bbox 578 1166 817 1240; x_wconf 87' lang='lat' dir='ltr'><strong>denique</strong></span> <span class='ocrx_word' id='word_1_76' title='bbox 841 1175 1170 1230; x_wconf 89' lang='lat' dir='ltr'><strong>suavitatem</strong></span> <span class='ocrx_word' id='word_1_77' title='bbox 1216 1178 1467 1231; x_wconf 87' lang='lat' dir='ltr'><strong>emittere</strong></span> <span class='ocrx_word' id='word_1_78' title='bbox 1517 1178 1808 1237; x_wconf 82' lang='lat' dir='ltr'><strong>credentes</strong></span> <span class='ocrx_word' id='word_1_79' title='bbox 1852 1194 2154 1234; x_wconf 83' lang='lat' dir='ltr'><strong>consueve-</strong></span> 
     </span>
    </p>
   </div>
   <div class='ocr_carea' id='block_1_14' title="bbox 578 1260 2154 1342">
    <p class='ocr_par' dir='ltr' id='par_1_14' title="bbox 578 1260 2154 1342">
     <span class='ocr_line' id='line_1_14' title="bbox 578 1260 2154 1342; baseline 0.007 -28"><span class='ocrx_word' id='word_1_80' title='bbox 578 1270 727 1316; x_wconf 90' lang='lat' dir='ltr'><strong>runt.</strong></span> <span class='ocrx_word' id='word_1_81' title='bbox 759 1260 892 1319; x_wconf 85' lang='lat' dir='ltr'><strong>Olea</strong></span> <span class='ocrx_word' id='word_1_82' title='bbox 941 1264 1134 1335; x_wconf 81' lang='lat' dir='ltr'><strong>igitur,</strong></span> <span class='ocrx_word' id='word_1_83' title='bbox 1167 1273 1221 1321; x_wconf 92' lang='lat' dir='ltr'><strong>et</strong></span> <span class='ocrx_word' id='word_1_84' title='bbox 1250 1267 1454 1337; x_wconf 89' lang='lat' dir='ltr'><strong>palma,</strong></span> <span class='ocrx_word' id='word_1_85' title='bbox 1497 1278 1551 1323; x_wconf 89' lang='lat' dir='ltr'><strong>et</strong></span> <span class='ocrx_word' id='word_1_86' title='bbox 1592 1268 1722 1324; x_wconf 87' lang='lat' dir='ltr'><strong>vitis</strong></span> <span class='ocrx_word' id='word_1_87' title='bbox 1758 1269 1812 1324; x_wconf 90' lang='lat' dir='ltr'><strong>in</strong></span> <span class='ocrx_word' id='word_1_88' title='bbox 1866 1269 2154 1342; x_wconf 87' lang='lat' dir='ltr'><strong>Scriptura</strong></span> 
     </span>
    </p>
   </div>
   <div class='ocr_carea' id='block_1_15' title="bbox 579 1354 2153 1432">
    <p class='ocr_par' dir='ltr' id='par_1_15' title="bbox 579 1354 2153 1432">
     <span class='ocr_line' id='line_1_15' title="bbox 579 1354 2153 1432; baseline 0.006 -22"><span class='ocrx_word' id='word_1_89' title='bbox 579 1354 793 1412; x_wconf 78' lang='lat' dir='ltr'><strong>fructus</strong></span> <span class='ocrx_word' id='word_1_90' title='bbox 846 1355 1110 1414; x_wconf 72' lang='lat' dir='ltr'><strong>Ecclesia:</strong></span> <span class='ocrx_word' id='word_1_91' title='bbox 1160 1358 1440 1415; x_wconf 89' lang='lat' dir='ltr'><strong>denotant.</strong></span> <span class='ocrx_word' id='word_1_92' title='bbox 1479 1360 1582 1416; x_wconf 87' lang='lat' dir='ltr'><strong>Hic</strong></span> <span class='ocrx_word' id='word_1_93' title='bbox 1628 1373 1812 1417; x_wconf 90' lang='lat' dir='ltr'><strong>autem</strong></span> <span class='ocrx_word' id='word_1_94' title='bbox 1871 1377 1994 1432; x_wconf 73' lang='lat' dir='ltr'><strong>quae</strong></span> <span class='ocrx_word' id='word_1_95' title='bbox 2051 1378 2153 1419; x_wconf 88' lang='lat' dir='ltr'><strong>no-</strong></span> 
     </span>
    </p>
   </div>
   <div class='ocr_carea' id='block_1_16' title="bbox 579 1446 2155 1526">
    <p class='ocr_par' dir='ltr' id='par_1_16' title="bbox 579 1446 2155 1526">
     <span class='ocr_line' id='line_1_16' title="bbox 579 1446 2155 1526; baseline 0.008 -28"><span class='ocrx_word' id='word_1_96' title='bbox 579 1446 861 1503; x_wconf 88' lang='lat' dir='ltr'><strong>minantur</strong></span> <span class='ocrx_word' id='word_1_97' title='bbox 894 1448 1145 1515; x_wconf 86' lang='lat' dir='ltr'><strong>arbores,</strong></span> <span class='ocrx_word' id='word_1_98' title='bbox 1205 1466 1420 1519; x_wconf 90' lang='lat' dir='ltr'><strong>eorum,</strong></span> <span class='ocrx_word' id='word_1_99' title='bbox 1477 1453 1572 1523; x_wconf 90' lang='lat' dir='ltr'><strong>qui</strong></span> <span class='ocrx_word' id='word_1_100' title='bbox 1628 1454 1681 1509; x_wconf 92' lang='lat' dir='ltr'><strong>in</strong></span> <span class='ocrx_word' id='word_1_101' title='bbox 1739 1470 1803 1510; x_wconf 87' lang='lat' dir='ltr'><strong>ea</strong></span> <span class='ocrx_word' id='word_1_102' title='bbox 1861 1455 2155 1526; x_wconf 86' lang='lat' dir='ltr'><strong>proﬁciunt</strong></span> 
     </span>
    </p>
   </div>
   <div class='ocr_carea' id='block_1_17' title="bbox 581 1537 2152 1619">
    <p class='ocr_par' dir='ltr' id='par_1_17' title="bbox 581 1537 2152 1619">
     <span class='ocr_line' id='line_1_17' title="bbox 581 1537 2152 1619; baseline 0.008 -29"><span class='ocrx_word' id='word_1_103' title='bbox 581 1537 909 1605; x_wconf 85' lang='lat' dir='ltr'><strong>ubertatem,</strong></span> <span class='ocrx_word' id='word_1_104' title='bbox 978 1542 1368 1610; x_wconf 87' lang='lat' dir='ltr'><strong>altitudinem,</strong></span> <span class='ocrx_word' id='word_1_105' title='bbox 1421 1546 1721 1601; x_wconf 84' lang='lat' dir='ltr'><strong>novitatem</strong></span> <span class='ocrx_word' id='word_1_106' title='bbox 1786 1555 1843 1603; x_wconf 91' lang='lat' dir='ltr'><strong>et</strong></span> <span class='ocrx_word' id='word_1_107' title='bbox 1908 1547 2152 1619; x_wconf 77' lang='lat' dir='ltr'><strong>vigorem</strong></span> 
     </span>
    </p>
   </div>
   <div class='ocr_carea' id='block_1_18' title="bbox 578 1627 2153 1704">
    <p class='ocr_par' dir='ltr' id='par_1_18' title="bbox 578 1627 2153 1704">
     <span class='ocr_line' id='line_1_18' title="bbox 578 1627 2153 1704; baseline 0.008 -21"><span class='ocrx_word' id='word_1_108' title='bbox 578 1627 998 1701; x_wconf 80' lang='lat' dir='ltr'><strong>demonstrant;</strong></span> <span class='ocrx_word' id='word_1_109' title='bbox 1035 1635 1180 1704; x_wconf 90' lang='lat' dir='ltr'><strong>quod</strong></span> <span class='ocrx_word' id='word_1_110' title='bbox 1206 1635 1263 1691; x_wconf 92' lang='lat' dir='ltr'><strong>in</strong></span> <span class='ocrx_word' id='word_1_111' title='bbox 1288 1636 1493 1699; x_wconf 77' lang='lat' dir='ltr'><strong>deserto</strong></span> <span class='ocrx_word' id='word_1_112' title='bbox 1551 1637 1673 1692; x_wconf 82' lang='lat' dir='ltr'><strong>ﬁeri</strong></span> <span class='ocrx_word' id='word_1_113' title='bbox 1702 1639 1921 1694; x_wconf 88' lang='lat' dir='ltr'><strong>videtur</strong></span> <span class='ocrx_word' id='word_1_114' title='bbox 1975 1639 2153 1695; x_wconf 74' lang='lat' dir='ltr'><strong>admi~</strong></span> 
     </span>
    </p>
   </div>
   <div class='ocr_carea' id='block_1_19' title="bbox 578 1720 2153 1797">
    <p class='ocr_par' dir='ltr' id='par_1_19' title="bbox 578 1720 2153 1797">
     <span class='ocr_line' id='line_1_19' title="bbox 578 1720 2153 1797; baseline 0.007 -23"><span class='ocrx_word' id='word_1_115' title='bbox 578 1720 773 1776; x_wconf 89' lang='lat' dir='ltr'><strong>rabile.</strong></span> <span class='ocrx_word' id='word_1_116' title='bbox 805 1722 986 1793; x_wconf 82' lang='lat' dir='ltr'><strong>Atque</strong></span> <span class='ocrx_word' id='word_1_117' title='bbox 1017 1725 1144 1781; x_wconf 89' lang='lat' dir='ltr'><strong>inde</strong></span> <span class='ocrx_word' id='word_1_118' title='bbox 1171 1739 1274 1791; x_wconf 74' lang='grc' dir='ltr'>εει,</span> <span class='ocrx_word' id='word_1_119' title='bbox 1310 1727 1457 1797; x_wconf 89' lang='lat' dir='ltr'><strong>quod</strong></span> <span class='ocrx_word' id='word_1_120' title='bbox 1515 1744 1734 1783; x_wconf 75' lang='lat' dir='ltr'><strong>manum</strong></span> <span class='ocrx_word' id='word_1_121' title='bbox 1780 1727 2001 1784; x_wconf 81' lang='lat' dir='ltr'><strong>Domini</strong></span> <span class='ocrx_word' id='word_1_122' title='bbox 2047 1730 2153 1785; x_wconf 77' lang='lat' dir='ltr'><strong>ista</strong></span> 
     </span>
    </p>
   </div>
   <div class='ocr_carea' id='block_1_20' title="bbox 2258 544 3776 622">
    <p class='ocr_par' dir='ltr' id='par_1_20' title="bbox 2258 544 3776 622">
     <span class='ocr_line' id='line_1_20' title="bbox 2258 544 3776 622; baseline 0.007 -27"><span class='ocrx_word' id='word_1_123' title='bbox 2258 544 2393 611; x_wconf 77' lang='grc' dir='ltr'>Περὶ</span> <span class='ocrx_word' id='word_1_124' title='bbox 2420 544 2612 597; x_wconf 85' lang='grc' dir='ltr'>τούτου</span> <span class='ocrx_word' id='word_1_125' title='bbox 2648 547 2743 599; x_wconf 77' lang='grc' dir='ltr'>καὶ</span> <span class='ocrx_word' id='word_1_126' title='bbox 2770 548 2799 599; x_wconf 99' lang='lat'><strong>6</strong></span> <span class='ocrx_word' id='word_1_127' title='bbox 2845 547 3034 617; x_wconf 81' lang='grc' dir='ltr'>Σωτὴρ</span> <span class='ocrx_word' id='word_1_128' title='bbox 3064 547 3159 601; x_wconf 83' lang='grc' dir='ltr'>τοῦ</span> <span class='ocrx_word' id='word_1_129' title='bbox 3185 547 3406 614; x_wconf 77' lang='grc' dir='ltr'>ὕδατος</span> <span class='ocrx_word' id='word_1_130' title='bbox 3433 549 3633 618; x_wconf 78' lang='grc' dir='ltr'>ἐλετενο</span> <span class='ocrx_word' id='word_1_131' title='bbox 3661 572 3678 605; x_wconf 81' lang='grc' dir='ltr'>ι</span> <span class='ocrx_word' id='word_1_132' title='bbox 3703 559 3776 622; x_wconf 83' lang='grc' dir='ltr'><strong>’ος</strong></span> 
     </span>
    </p>
   </div>
   <div class='ocr_carea' id='block_1_21' title="bbox 2256 635 3779 713">
    <p class='ocr_par' dir='ltr' id='par_1_21' title="bbox 2256 635 3779 713">
     <span class='ocr_line' id='line_1_21' title="bbox 2256 635 3779 713; baseline 0.009 -24"><span class='ocrx_word' id='word_1_133' title='bbox 2256 636 2301 690; x_wconf 83' lang='grc' dir='ltr'>δ’</span> <span class='ocrx_word' id='word_1_134' title='bbox 2332 635 2398 690; x_wconf 82' lang='grc' dir='ltr'>ἂν</span> <span class='ocrx_word' id='word_1_135' title='bbox 2427 637 2529 709; x_wconf 75' lang='grc' dir='ltr'><strong>πίῃ</strong></span> <span class='ocrx_word' id='word_1_136' title='bbox 2581 639 2646 691; x_wconf 84' lang='grc' dir='ltr'>ὲκ</span> <span class='ocrx_word' id='word_1_137' title='bbox 2693 638 2787 693; x_wconf 82' lang='grc' dir='ltr'>τοῦ</span> <span class='ocrx_word' id='word_1_138' title='bbox 2838 640 2974 711; x_wconf 76' lang='grc' dir='ltr'><strong>ἐμοῦ</strong></span> <span class='ocrx_word' id='word_1_139' title='bbox 3022 639 3237 704; x_wconf 78' lang='grc' dir='ltr'>ὓδατος,</span> <span class='ocrx_word' id='word_1_140' title='bbox 3272 660 3293 693; x_wconf 69' lang='grc' dir='ltr'>ι</span> <span class='ocrx_word' id='word_1_141' title='bbox 3328 642 3512 697; x_wconf 78' lang='grc' dir='ltr'>καὶτὰ</span> <span class='ocrx_word' id='word_1_142' title='bbox 3539 644 3667 713; x_wconf 75' lang='grc' dir='ltr'>ἑξῆς.</span> <span class='ocrx_word' id='word_1_143' title='bbox 3694 649 3779 704; x_wconf 77' lang='grc' dir='ltr'><strong>Καὶ</strong></span> 
     </span>
    </p>
   </div>
   <div class='ocr_carea' id='block_1_22' title="bbox 2259 726 3780 801">
    <p class='ocr_par' dir='ltr' id='par_1_22' title="bbox 2259 726 3780 801">
     <span class='ocr_line' id='line_1_22' title="bbox 2259 726 3780 801; baseline 0.008 -21"><span class='ocrx_word' id='word_1_144' title='bbox 2259 726 2441 781; x_wconf 86' lang='grc' dir='ltr'>πάλιν·</span> <span class='ocrx_word' id='word_1_145' title='bbox 2484 746 2502 779; x_wconf 79' lang='grc' dir='ltr'><strong>ι</strong></span> <span class='ocrx_word' id='word_1_146' title='bbox 2524 729 2583 781; x_wconf 88' lang='lat'><strong>&#39;0</strong></span> <span class='ocrx_word' id='word_1_147' title='bbox 2628 728 2797 784; x_wconf 93' lang='grc' dir='ltr'>πίνων</span> <span class='ocrx_word' id='word_1_148' title='bbox 2826 732 2889 783; x_wconf 82' lang='grc' dir='ltr'>ὲκ</span> <span class='ocrx_word' id='word_1_149' title='bbox 2922 730 3015 784; x_wconf 77' lang='grc' dir='ltr'><strong>τοῦ</strong></span> <span class='ocrx_word' id='word_1_150' title='bbox 3048 730 3259 795; x_wconf 81' lang='grc' dir='ltr'>ὕδατος,</span> <span class='ocrx_word' id='word_1_151' title='bbox 3304 726 3366 786; x_wconf 76' lang='grc' dir='ltr'>οὗ</span> <span class='ocrx_word' id='word_1_152' title='bbox 3404 732 3513 801; x_wconf 67' lang='grc' dir='ltr'><strong>ἑγὼ</strong></span> <span class='ocrx_word' id='word_1_153' title='bbox 3543 734 3678 789; x_wconf 81' lang='grc' dir='ltr'>δώσω</span> <span class='ocrx_word' id='word_1_154' title='bbox 3704 741 3780 792; x_wconf 62' lang='grc' dir='ltr'><strong>αὐτ</strong></span> 
     </span>
    </p>
   </div>
   <div class='ocr_carea' id='block_1_23' title="bbox 2255 816 3780 894">
    <p class='ocr_par' dir='ltr' id='par_1_23' title="bbox 2255 816 3780 894">
     <span class='ocr_line' id='line_1_23' title="bbox 2255 816 3780 894; baseline 0.007 -24"><span class='ocrx_word' id='word_1_155' title='bbox 2255 816 2355 888; x_wconf 82' lang='grc' dir='ltr'><strong>τῷ,</strong></span> <span class='ocrx_word' id='word_1_156' title='bbox 2392 817 2625 890; x_wconf 72' lang='grc' dir='ltr'>ποταμοὶ</span> <span class='ocrx_word' id='word_1_157' title='bbox 2658 819 2723 872; x_wconf 84' lang='grc' dir='ltr'>ἐκ</span> <span class='ocrx_word' id='word_1_158' title='bbox 2750 819 2848 890; x_wconf 81' lang='grc' dir='ltr'><strong>τῆς</strong></span> <span class='ocrx_word' id='word_1_159' title='bbox 2878 820 3083 884; x_wconf 83' lang='grc' dir='ltr'><strong>κοιλίας</strong></span> <span class='ocrx_word' id='word_1_160' title='bbox 3121 821 3287 876; x_wconf 77' lang='grc' dir='ltr'>αὐτοῦ</span> <span class='ocrx_word' id='word_1_161' title='bbox 3324 824 3596 891; x_wconf 76' lang='grc' dir='ltr'><strong>ῥεύσουσιν</strong></span> <span class='ocrx_word' id='word_1_162' title='bbox 3631 826 3780 894; x_wconf 73' lang='grc' dir='ltr'>ὓδατος</span> 
     </span>
    </p>
   </div>
   <div class='ocr_carea' id='block_1_24' title="bbox 2258 908 3781 988">
    <p class='ocr_par' dir='ltr' id='par_1_24' title="bbox 2258 908 3781 988">
     <span class='ocr_line' id='line_1_24' title="bbox 2258 908 3781 988; baseline 0.005 -25"><span class='ocrx_word' id='word_1_163' title='bbox 2258 908 2481 975; x_wconf 79' lang='grc' dir='ltr'>ζῶντος.</span> <span class='ocrx_word' id='word_1_164' title='bbox 2540 929 2559 962; x_wconf 77' lang='grc' dir='ltr'>ι</span> <span class='ocrx_word' id='word_1_165' title='bbox 2622 909 2794 964; x_wconf 75' lang='grc' dir='ltr'>Τοῦτο</span> <span class='ocrx_word' id='word_1_166' title='bbox 2840 913 2896 966; x_wconf 82' lang='grc' dir='ltr'>δὲ</span> <span class='ocrx_word' id='word_1_167' title='bbox 2946 913 3103 984; x_wconf 78' lang='grc' dir='ltr'>ἔλεγε</span> <span class='ocrx_word' id='word_1_168' title='bbox 3162 916 3290 986; x_wconf 82' lang='grc' dir='ltr'>περὶ</span> <span class='ocrx_word' id='word_1_169' title='bbox 3347 915 3441 969; x_wconf 79' lang='grc' dir='ltr'>τοῦ</span> <span class='ocrx_word' id='word_1_170' title='bbox 3498 917 3781 988; x_wconf 73' lang='grc' dir='ltr'>Πνεύματος,</span> 
     </span>
    </p>
   </div>
   <div class='ocr_carea' id='block_1_25' title="bbox 2256 1001 3783 1078">
    <p class='ocr_par' dir='ltr' id='par_1_25' title="bbox 2256 1001 3783 1078">
     <span class='ocr_line' id='line_1_25' title="bbox 2256 1001 3783 1078; baseline 0.007 -23"><span class='ocrx_word' id='word_1_171' title='bbox 2256 1001 2394 1072; x_wconf 83' lang='grc' dir='ltr'>ὅπερ</span> <span class='ocrx_word' id='word_1_172' title='bbox 2435 1002 2671 1073; x_wconf 75' lang='grc' dir='ltr'><strong>ἤμελλον</strong></span> <span class='ocrx_word' id='word_1_173' title='bbox 2720 1005 3022 1075; x_wconf 77' lang='grc' dir='ltr'>λαμϐάνειν</span> <span class='ocrx_word' id='word_1_174' title='bbox 3059 1007 3109 1061; x_wconf 80' lang='grc' dir='ltr'><strong>οι</strong></span> <span class='ocrx_word' id='word_1_175' title='bbox 3145 1007 3491 1071; x_wconf 80' lang='grc' dir='ltr'><strong>πιστεύοντες</strong></span> <span class='ocrx_word' id='word_1_176' title='bbox 3524 1010 3597 1071; x_wconf 77' lang='grc' dir='ltr'><strong>εἰς</strong></span> <span class='ocrx_word' id='word_1_177' title='bbox 3633 1012 3783 1078; x_wconf 80' lang='grc' dir='ltr'>αὐτὸν,</span> 
     </span>
    </p>
   </div>
   <div class='ocr_carea' id='block_1_26' title="bbox 2256 1094 3786 1169">
    <p class='ocr_par' dir='ltr' id='par_1_26' title="bbox 2256 1094 3786 1169">
     <span class='ocr_line' id='line_1_26' title="bbox 2256 1094 3786 1169; baseline 0.005 -21"><span class='ocrx_word' id='word_1_178' title='bbox 2256 1094 2318 1148; x_wconf 77' lang='grc' dir='ltr'>τὸ</span> <span class='ocrx_word' id='word_1_179' title='bbox 2350 1094 2575 1158; x_wconf 71' lang='grc' dir='ltr'>εὐθαλὲς</span> <span class='ocrx_word' id='word_1_180' title='bbox 2603 1113 2663 1150; x_wconf 89' lang='grc' dir='ltr'>τε</span> <span class='ocrx_word' id='word_1_181' title='bbox 2699 1097 2792 1149; x_wconf 78' lang='grc' dir='ltr'>καὶ</span> <span class='ocrx_word' id='word_1_182' title='bbox 2840 1098 3061 1168; x_wconf 77' lang='grc' dir='ltr'>ὑψηλὸν,</span> <span class='ocrx_word' id='word_1_183' title='bbox 3110 1100 3349 1169; x_wconf 74' lang='grc' dir='ltr'>ἄσηπτον</span> <span class='ocrx_word' id='word_1_184' title='bbox 3400 1116 3462 1151; x_wconf 89' lang='grc' dir='ltr'>τε</span> <span class='ocrx_word' id='word_1_185' title='bbox 3495 1102 3583 1153; x_wconf 71' lang='grc' dir='ltr'><strong>καὶ</strong></span> <span class='ocrx_word' id='word_1_186' title='bbox 3625 1103 3786 1168; x_wconf 79' lang='grc' dir='ltr'>εὐῶδες</span> 
     </span>
    </p>
   </div>
   <div class='ocr_carea' id='block_1_27' title="bbox 2257 1188 3786 1261">
    <p class='ocr_par' dir='ltr' id='par_1_27' title="bbox 2257 1188 3786 1261">
     <span class='ocr_line' id='line_1_27' title="bbox 2257 1188 3786 1261; baseline 0.007 -23"><span class='ocrx_word' id='word_1_187' title='bbox 2257 1188 2369 1250; x_wconf 79' lang='grc' dir='ltr'>τοῖς</span> <span class='ocrx_word' id='word_1_188' title='bbox 2393 1189 2785 1241; x_wconf 79' lang='grc' dir='ltr'><strong>πεπιστευκόσι</strong></span> <span class='ocrx_word' id='word_1_189' title='bbox 2815 1190 3198 1260; x_wconf 78' lang='grc' dir='ltr'>χαριζομένου.</span> <span class='ocrx_word' id='word_1_190' title='bbox 3238 1190 3421 1245; x_wconf 83' lang='grc' dir='ltr'>Ἐλαία</span> <span class='ocrx_word' id='word_1_191' title='bbox 3469 1192 3565 1261; x_wconf 75' lang='grc' dir='ltr'>μὲν</span> <span class='ocrx_word' id='word_1_192' title='bbox 3589 1189 3689 1259; x_wconf 76' lang='grc' dir='ltr'>οὖν,</span> <span class='ocrx_word' id='word_1_193' title='bbox 3714 1195 3786 1248; x_wconf 73' lang='grc' dir='ltr'>καὶ</span> 
     </span>
    </p>
   </div>
   <div class='ocr_carea' id='block_1_28' title="bbox 2259 1281 3788 1358">
    <p class='ocr_par' dir='ltr' id='par_1_28' title="bbox 2259 1281 3788 1358">
     <span class='ocr_line' id='line_1_28' title="bbox 2259 1281 3788 1358; baseline 0.004 -26"><span class='ocrx_word' id='word_1_194' title='bbox 2259 1281 2454 1348; x_wconf 77' lang='grc' dir='ltr'>φοῖνιξ,</span> <span class='ocrx_word' id='word_1_195' title='bbox 2492 1282 2589 1336; x_wconf 81' lang='grc' dir='ltr'><strong>καὶ</strong></span> <span class='ocrx_word' id='word_1_196' title='bbox 2612 1283 2856 1353; x_wconf 78' lang='grc' dir='ltr'><strong>ἄμπελος</strong></span> <span class='ocrx_word' id='word_1_197' title='bbox 2886 1287 2944 1337; x_wconf 73' lang='grc' dir='ltr'>ἐν</span> <span class='ocrx_word' id='word_1_198' title='bbox 2971 1286 3037 1355; x_wconf 81' lang='grc' dir='ltr'>τῇ</span> <span class='ocrx_word' id='word_1_199' title='bbox 3073 1284 3261 1355; x_wconf 79' lang='grc' dir='ltr'>Γραφῇ</span> <span class='ocrx_word' id='word_1_200' title='bbox 3299 1286 3425 1348; x_wconf 77' lang='grc' dir='ltr'>τοὺς</span> <span class='ocrx_word' id='word_1_201' title='bbox 3460 1286 3686 1358; x_wconf 76' lang='grc' dir='ltr'>καρποὺς</span> <span class='ocrx_word' id='word_1_202' title='bbox 3712 1288 3788 1356; x_wconf 80' lang='grc' dir='ltr'>τῆς</span> 
     </span>
    </p>
   </div>
   <div class='ocr_carea' id='block_1_29' title="bbox 2270 1373 3789 1447">
    <p class='ocr_par' dir='ltr' id='par_1_29' title="bbox 2270 1373 3789 1447">
     <span class='ocr_line' id='line_1_29' title="bbox 2270 1373 3789 1447; baseline 0.005 -22"><span class='ocrx_word' id='word_1_203' title='bbox 2270 1373 2594 1444; x_wconf 86' lang='grc' dir='ltr'>Ἐκκλησίας</span> <span class='ocrx_word' id='word_1_204' title='bbox 2625 1376 2973 1446; x_wconf 84' lang='grc' dir='ltr'><strong>σημαίνουσι.</strong></span> <span class='ocrx_word' id='word_1_205' title='bbox 3008 1377 3087 1430; x_wconf 87' lang='grc' dir='ltr'>Τὰ</span> <span class='ocrx_word' id='word_1_206' title='bbox 3117 1376 3172 1430; x_wconf 76' lang='grc' dir='ltr'>δὲ</span> <span class='ocrx_word' id='word_1_207' title='bbox 3200 1378 3295 1431; x_wconf 82' lang='grc' dir='ltr'><strong>νῦν</strong></span> <span class='ocrx_word' id='word_1_208' title='bbox 3328 1376 3603 1447; x_wconf 82' lang='grc' dir='ltr'><strong>λεχθέντα,</strong></span> <span class='ocrx_word' id='word_1_209' title='bbox 3647 1378 3700 1432; x_wconf 83' lang='grc' dir='ltr'><strong>τδ</strong></span> <span class='ocrx_word' id='word_1_210' title='bbox 3723 1380 3789 1433; x_wconf 76' lang='grc' dir='ltr'><strong>εὐ·</strong></span> 
     </span>
    </p>
   </div>
   <div class='ocr_carea' id='block_1_30' title="bbox 2260 1460 3791 1542">
    <p class='ocr_par' dir='ltr' id='par_1_30' title="bbox 2260 1460 3791 1542">
     <span class='ocr_line' id='line_1_30' title="bbox 2260 1460 3791 1542; baseline 0.006 -24"><span class='ocrx_word' id='word_1_211' title='bbox 2260 1463 2443 1531; x_wconf 79' lang='grc' dir='ltr'>θαλὲς,</span> <span class='ocrx_word' id='word_1_212' title='bbox 2473 1467 2568 1520; x_wconf 81' lang='grc' dir='ltr'><strong>καὶ</strong></span> <span class='ocrx_word' id='word_1_213' title='bbox 2592 1467 2924 1539; x_wconf 84' lang='grc' dir='ltr'>διῃρημένον</span> <span class='ocrx_word' id='word_1_214' title='bbox 2950 1483 3001 1535; x_wconf 73' lang='grc' dir='ltr'><strong>ι,</strong></span> <span class='ocrx_word' id='word_1_215' title='bbox 3024 1470 3221 1540; x_wconf 85' lang='grc' dir='ltr'>νεαρόν</span> <span class='ocrx_word' id='word_1_216' title='bbox 3242 1460 3302 1524; x_wconf 83' lang='grc' dir='ltr'>τὲ</span> <span class='ocrx_word' id='word_1_217' title='bbox 3346 1470 3440 1526; x_wconf 83' lang='grc' dir='ltr'><strong>καὶ</strong></span> <span class='ocrx_word' id='word_1_218' title='bbox 3470 1471 3688 1542; x_wconf 77' lang='grc' dir='ltr'>ἀκμαῖον</span> <span class='ocrx_word' id='word_1_219' title='bbox 3706 1473 3791 1527; x_wconf 82' lang='grc' dir='ltr'><strong>τῶν</strong></span> 
     </span>
    </p>
   </div>
   <div class='ocr_carea' id='block_1_31' title="bbox 2258 1557 3791 1633">
    <p class='ocr_par' dir='ltr' id='par_1_31' title="bbox 2258 1557 3791 1633">
     <span class='ocr_line' id='line_1_31' title="bbox 2258 1557 3791 1633; baseline 0.006 -23"><span class='ocrx_word' id='word_1_220' title='bbox 2258 1557 2316 1611; x_wconf 83' lang='grc' dir='ltr'>ἐν</span> <span class='ocrx_word' id='word_1_221' title='bbox 2365 1559 2502 1629; x_wconf 74' lang='grc' dir='ltr'>αὐτῇ</span> <span class='ocrx_word' id='word_1_222' title='bbox 2545 1560 3022 1630; x_wconf 85' lang='grc' dir='ltr'>προσκοπτόντων,</span> <span class='ocrx_word' id='word_1_223' title='bbox 3074 1562 3213 1633; x_wconf 83' lang='grc' dir='ltr'>ὅπερ</span> <span class='ocrx_word' id='word_1_224' title='bbox 3252 1563 3313 1616; x_wconf 84' lang='grc' dir='ltr'><strong>ὲν</strong></span> <span class='ocrx_word' id='word_1_225' title='bbox 3358 1561 3554 1632; x_wconf 79' lang='grc' dir='ltr'>ἐρήμῳ</span> <span class='ocrx_word' id='word_1_226' title='bbox 3580 1564 3791 1631; x_wconf 73' lang='grc' dir='ltr'><strong>γενέσθαι</strong></span> 
     </span>
    </p>
   </div>
   <div class='ocr_carea' id='block_1_32' title="bbox 2258 1649 3790 1722">
    <p class='ocr_par' dir='ltr' id='par_1_32' title="bbox 2258 1649 3790 1722">
     <span class='ocr_line' id='line_1_32' title="bbox 2258 1649 3790 1722; baseline 0.005 -21"><span class='ocrx_word' id='word_1_227' title='bbox 2258 1649 2585 1720; x_wconf 80' lang='grc' dir='ltr'>παράδοξον.</span> <span class='ocrx_word' id='word_1_228' title='bbox 2622 1651 2715 1704; x_wconf 88' lang='grc' dir='ltr'><strong>Διό</strong></span> <span class='ocrx_word' id='word_1_229' title='bbox 2746 1669 2901 1722; x_wconf 84' lang='grc' dir='ltr'>φησι,</span> <span class='ocrx_word' id='word_1_230' title='bbox 2933 1652 3068 1721; x_wconf 70' lang='grc' dir='ltr'><strong>Χεὶρ</strong></span> <span class='ocrx_word' id='word_1_231' title='bbox 3097 1654 3321 1721; x_wconf 79' lang='grc' dir='ltr'>Κυρίου</span> <span class='ocrx_word' id='word_1_232' title='bbox 3357 1655 3605 1721; x_wconf 77' lang='grc' dir='ltr'>ἐποίησε</span> <span class='ocrx_word' id='word_1_233' title='bbox 3621 1656 3790 1720; x_wconf 82' lang='grc' dir='ltr'>ταῦτα,</span> 
     </span>
    </p>
   </div>
   <div class='ocr_carea' id='block_1_33' title="bbox 2256 1739 3796 1816">
    <p class='ocr_par' dir='ltr' id='par_1_33' title="bbox 2256 1739 3796 1816">
     <span class='ocr_line' id='line_1_33' title="bbox 2256 1739 3796 1816; baseline 0.005 -24"><span class='ocrx_word' id='word_1_234' title='bbox 2256 1739 2397 1793; x_wconf 85' lang='grc' dir='ltr'>ῶστε</span> <span class='ocrx_word' id='word_1_235' title='bbox 2419 1740 2549 1805; x_wconf 86' lang='grc' dir='ltr'>τοὺς</span> <span class='ocrx_word' id='word_1_236' title='bbox 2582 1741 2677 1795; x_wconf 72' lang='grc' dir='ltr'>ἐπὶ</span> <span class='ocrx_word' id='word_1_237' title='bbox 2710 1742 2814 1813; x_wconf 87' lang='grc' dir='ltr'><strong>γῆς</strong></span> <span class='ocrx_word' id='word_1_238' title='bbox 2854 1743 3275 1816; x_wconf 76' lang='grc' dir='ltr'><strong>ὲρῤιζωμένους,</strong></span> <span class='ocrx_word' id='word_1_239' title='bbox 3306 1746 3364 1797; x_wconf 76' lang='grc' dir='ltr'><strong>ἐν</strong></span> <span class='ocrx_word' id='word_1_240' title='bbox 3393 1744 3477 1814; x_wconf 82' lang='grc' dir='ltr'>τῷ</span> <span class='ocrx_word' id='word_1_241' title='bbox 3516 1745 3681 1816; x_wconf 80' lang='grc' dir='ltr'>θνητῷ</span> <span class='ocrx_word' id='word_1_242' title='bbox 3721 1750 3796 1800; x_wconf 69' lang='grc' dir='ltr'><strong>και</strong></span> 
     </span>
    </p>
   </div>
   <div class='ocr_carea' id='block_1_34' title="bbox 575 1805 2156 1905">
    <p class='ocr_par' dir='ltr' id='par_1_34' title="bbox 575 1812 2152 1889">
     <span class='ocr_line' id='line_1_34' title="bbox 575 1812 2152 1889; baseline 0.007 -22"><span class='ocrx_word' id='word_1_243' title='bbox 575 1812 811 1882; x_wconf 76' lang='lat' dir='ltr'><strong>eﬂ&#39;ecisse</strong></span> <span class='ocrx_word' id='word_1_244' title='bbox 841 1814 1066 1883; x_wconf 87' lang='lat' dir='ltr'><strong>subjicit</strong></span> <span class='ocrx_word' id='word_1_245' title='bbox 1092 1836 1107 1873; x_wconf 86' lang='lat'><strong>:</strong></span> <span class='ocrx_word' id='word_1_246' title='bbox 1144 1832 1341 1888; x_wconf 88' lang='lat' dir='ltr'><strong>nempe</strong></span> <span class='ocrx_word' id='word_1_247' title='bbox 1371 1827 1429 1874; x_wconf 93' lang='lat' dir='ltr'><strong>ut</strong></span> <span class='ocrx_word' id='word_1_248' title='bbox 1454 1819 1548 1889; x_wconf 91' lang='lat' dir='ltr'><strong>qui</strong></span> <span class='ocrx_word' id='word_1_249' title='bbox 1582 1820 1638 1875; x_wconf 91' lang='lat' dir='ltr'><strong>in</strong></span> <span class='ocrx_word' id='word_1_250' title='bbox 1658 1828 1805 1877; x_wconf 89' lang='lat' dir='ltr'><strong>terra</strong></span> <span class='ocrx_word' id='word_1_251' title='bbox 1830 1821 2067 1886; x_wconf 87' lang='lat' dir='ltr'><strong>radices,</strong></span> <span class='ocrx_word' id='word_1_252' title='bbox 2100 1823 2152 1878; x_wconf 89' lang='lat' dir='ltr'><strong>id</strong></span> 
     </span>
    </p>
   </div>
   <div class='ocr_carea' id='block_1_35' title="bbox 2258 1805 3794 1905">
    <p class='ocr_par' dir='ltr' id='par_1_35' title="bbox 2258 1805 3794 1905">
     <span class='ocr_line' id='line_1_35' title="bbox 2258 1805 3794 1905; baseline 0.003 -22"><span class='ocrx_word' id='word_1_253' title='bbox 2258 1830 2586 1902; x_wconf 85' lang='grc' dir='ltr'><strong>ἀνθρωπίνῳ</strong></span> <span class='ocrx_word' id='word_1_254' title='bbox 2613 1805 3044 1902; x_wconf 33' lang='grc' dir='ltr'>βίῳ-πρδςῶψος</span> <span class='ocrx_word' id='word_1_255' title='bbox 3062 1805 3394 1903; x_wconf 46' lang='grc' dir='ltr'><strong>’ἀνατρέχειν</strong></span> <span class='ocrx_word' id='word_1_256' title='bbox 3422 1805 3680 1904; x_wconf 67' lang='grc' dir='ltr'>οὐράνιον,</span> <span class='ocrx_word' id='word_1_257' title='bbox 3717 1835 3794 1905; x_wconf 79' lang='grc' dir='ltr'>τῆς</span> 
     </span>
    </p>
   </div>
   <div class='ocr_carea' id='block_1_36' title="bbox 577 1908 2154 1984">
    <p class='ocr_par' dir='ltr' id='par_1_36' title="bbox 577 1908 2154 1984">
     <span class='ocr_line' id='line_1_36' title="bbox 577 1908 2154 1984; baseline 0.006 -24"><span class='ocrx_word' id='word_1_258' title='bbox 577 1912 682 1968; x_wconf 85' lang='lat' dir='ltr'><strong>est,</strong></span> <span class='ocrx_word' id='word_1_259' title='bbox 717 1908 980 1962; x_wconf 86' lang='lat' dir='ltr'><strong>caducam</strong></span> <span class='ocrx_word' id='word_1_260' title='bbox 1006 1910 1377 1965; x_wconf 87' lang='lat' dir='ltr'><strong>etbumanam</strong></span> <span class='ocrx_word' id='word_1_261' title='bbox 1402 1912 1570 1967; x_wconf 91' lang='lat' dir='ltr'><strong>vitam</strong></span> <span class='ocrx_word' id='word_1_262' title='bbox 1603 1924 1850 1984; x_wconf 78' lang='lat' dir='ltr'><strong>agerent,</strong></span> <span class='ocrx_word' id='word_1_263' title='bbox 1882 1914 1938 1968; x_wconf 90' lang='lat' dir='ltr'><strong>in</strong></span> <span class='ocrx_word' id='word_1_264' title='bbox 1983 1915 2154 1970; x_wconf 65' lang='lat' dir='ltr'><strong>cccle-</strong></span> 
     </span>
    </p>
   </div>
   <div class='ocr_carea' id='block_1_37' title="bbox 578 1998 2156 2073">
    <p class='ocr_par' dir='ltr' id='par_1_37' title="bbox 578 1998 2156 2073">
     <span class='ocr_line' id='line_1_37' title="bbox 578 1998 2156 2073; baseline 0.007 -22"><span class='ocrx_word' id='word_1_265' title='bbox 578 1998 685 2052; x_wconf 85' lang='lat' dir='ltr'><strong>stia</strong></span> <span class='ocrx_word' id='word_1_266' title='bbox 719 1999 959 2069; x_wconf 81' lang='lat' dir='ltr'><strong>fastigia,</strong></span> <span class='ocrx_word' id='word_1_267' title='bbox 992 2015 1089 2070; x_wconf 87' lang='lat' dir='ltr'><strong>spe</strong></span> <span class='ocrx_word' id='word_1_268' title='bbox 1113 2001 1268 2073; x_wconf 75' lang='lat' dir='ltr'><strong>regni</strong></span> <span class='ocrx_word' id='word_1_269' title='bbox 1298 2001 1627 2060; x_wconf 85' lang='lat' dir='ltr'><strong>immortalis</strong></span> <span class='ocrx_word' id='word_1_270' title='bbox 1667 2005 1864 2071; x_wconf 89' lang='lat' dir='ltr'><strong>evecti,</strong></span> <span class='ocrx_word' id='word_1_271' title='bbox 1890 2006 2156 2062; x_wconf 90' lang='lat' dir='ltr'><strong>ascende-</strong></span> 
     </span>
    </p>
   </div>
   <div class='ocr_carea' id='block_1_38' title="bbox 580 2090 2156 2166">
    <p class='ocr_par' dir='ltr' id='par_1_38' title="bbox 580 2090 2156 2166">
     <span class='ocr_line' id='line_1_38' title="bbox 580 2090 2156 2166; baseline 0.005 -22"><span class='ocrx_word' id='word_1_272' title='bbox 580 2097 722 2144; x_wconf 90' lang='lat' dir='ltr'><strong>rent.</strong></span> <span class='ocrx_word' id='word_1_273' title='bbox 764 2090 916 2151; x_wconf 81' lang='lat' dir='ltr'><strong>Adeo</strong></span> <span class='ocrx_word' id='word_1_274' title='bbox 968 2091 1076 2147; x_wconf 79' lang='lat' dir='ltr'><strong>fuit</strong></span> <span class='ocrx_word' id='word_1_275' title='bbox 1134 2093 1247 2158; x_wconf 88' lang='lat' dir='ltr'><strong>illa,</strong></span> <span class='ocrx_word' id='word_1_276' title='bbox 1311 2108 1478 2165; x_wconf 86' lang='lat' dir='ltr'><strong>quam</strong></span> <span class='ocrx_word' id='word_1_277' title='bbox 1541 2094 1600 2150; x_wconf 91' lang='lat' dir='ltr'><strong>in</strong></span> <span class='ocrx_word' id='word_1_278' title='bbox 1658 2096 1917 2166; x_wconf 76' lang='lat' dir='ltr'><strong>gentibus</strong></span> <span class='ocrx_word' id='word_1_279' title='bbox 1982 2096 2156 2152; x_wconf 90' lang='lat' dir='ltr'><strong>edidit</strong></span> 
     </span>
    </p>
   </div>
   <div class='ocr_carea' id='block_1_39' title="bbox 579 2179 2156 2256">
    <p class='ocr_par' dir='ltr' id='par_1_39' title="bbox 579 2179 2156 2256">
     <span class='ocr_line' id='line_1_39' title="bbox 579 2179 2156 2256; baseline 0.004 -20"><span class='ocrx_word' id='word_1_280' title='bbox 579 2179 865 2244; x_wconf 82' lang='lat' dir='ltr'><strong>Dominus,</strong></span> <span class='ocrx_word' id='word_1_281' title='bbox 926 2183 1291 2243; x_wconf 85' lang='lat' dir='ltr'><strong>admiratione</strong></span> <span class='ocrx_word' id='word_1_282' title='bbox 1357 2184 1521 2256; x_wconf 79' lang='lat' dir='ltr'><strong>digna</strong></span> <span class='ocrx_word' id='word_1_283' title='bbox 1582 2186 1894 2242; x_wconf 84' lang='lat' dir='ltr'><strong>conversio.</strong></span> <span class='ocrx_word' id='word_1_284' title='bbox 1947 2187 2156 2243; x_wconf 90' lang='lat' dir='ltr'><strong>Deinde</strong></span> 
     </span>
    </p>
   </div>
   <div class='ocr_carea' id='block_1_40' title="bbox 580 2272 2152 2347">
    <p class='ocr_par' dir='ltr' id='par_1_40' title="bbox 580 2272 2152 2347">
     <span class='ocr_line' id='line_1_40' title="bbox 580 2272 2152 2347; baseline 0.003 -18"><span class='ocrx_word' id='word_1_285' title='bbox 580 2286 735 2342; x_wconf 66' lang='lat' dir='ltr'><strong>aqum</strong></span> <span class='ocrx_word' id='word_1_286' title='bbox 758 2272 1014 2328; x_wconf 77' lang='lat' dir='ltr'><strong>ductuum</strong></span> <span class='ocrx_word' id='word_1_287' title='bbox 1031 2276 1274 2341; x_wconf 87' lang='lat' dir='ltr'><strong>nomine,</strong></span> <span class='ocrx_word' id='word_1_288' title='bbox 1298 2276 1560 2337; x_wconf 63' lang='lat' dir='ltr'><strong>Ecclesia</strong></span> <span class='ocrx_word' id='word_1_289' title='bbox 1581 2276 1838 2335; x_wconf 85' lang='lat' dir='ltr'><strong>doctores</strong></span> <span class='ocrx_word' id='word_1_290' title='bbox 1868 2278 2152 2347; x_wconf 88' lang='lat' dir='ltr'><strong>indicavit,</strong></span> 
     </span>
    </p>
   </div>
   <div class='ocr_carea' id='block_1_41' title="bbox 578 2363 2156 2439">
    <p class='ocr_par' dir='ltr' id='par_1_41' title="bbox 578 2363 2156 2439">
     <span class='ocr_line' id='line_1_41' title="bbox 578 2363 2156 2439; baseline 0.006 -23"><span class='ocrx_word' id='word_1_291' title='bbox 578 2363 673 2432; x_wconf 89' lang='lat' dir='ltr'><strong>qui</strong></span> <span class='ocrx_word' id='word_1_292' title='bbox 714 2363 969 2419; x_wconf 85' lang='lat' dir='ltr'><strong>haustum</strong></span> <span class='ocrx_word' id='word_1_293' title='bbox 1001 2365 1186 2422; x_wconf 93' lang='lat' dir='ltr'><strong>animo</strong></span> <span class='ocrx_word' id='word_1_294' title='bbox 1230 2366 1299 2421; x_wconf 91' lang='lat' dir='ltr'><strong>de</strong></span> <span class='ocrx_word' id='word_1_295' title='bbox 1329 2367 1615 2437; x_wconf 87' lang='lat' dir='ltr'><strong>Scriptura</strong></span> <span class='ocrx_word' id='word_1_296' title='bbox 1661 2368 1932 2425; x_wconf 80' lang='lat' dir='ltr'><strong>divinitus</strong></span> <span class='ocrx_word' id='word_1_297' title='bbox 1982 2369 2156 2439; x_wconf 87' lang='lat' dir='ltr'><strong>inspi-</strong></span> 
     </span>
    </p>
   </div>
   <div class='ocr_carea' id='block_1_42' title="bbox 578 2457 2156 2527">
    <p class='ocr_par' dir='ltr' id='par_1_42' title="bbox 578 2457 2156 2527">
     <span class='ocr_line' id='line_1_42' title="bbox 578 2457 2156 2527; baseline 0.006 -17"><span class='ocrx_word' id='word_1_298' title='bbox 578 2464 697 2519; x_wconf 83' lang='lat' dir='ltr'><strong>rata</strong></span> <span class='ocrx_word' id='word_1_299' title='bbox 733 2457 828 2523; x_wconf 81' lang='lat' dir='ltr'><strong>Dei</strong></span> <span class='ocrx_word' id='word_1_300' title='bbox 891 2457 1119 2515; x_wconf 89' lang='lat' dir='ltr'><strong>verbum</strong></span> <span class='ocrx_word' id='word_1_301' title='bbox 1158 2460 1216 2516; x_wconf 89' lang='lat' dir='ltr'><strong>in</strong></span> <span class='ocrx_word' id='word_1_302' title='bbox 1269 2459 1410 2517; x_wconf 88' lang='lat' dir='ltr'><strong>alios</strong></span> <span class='ocrx_word' id='word_1_303' title='bbox 1456 2459 1881 2527; x_wconf 81' lang='lat' dir='ltr'><strong>transfundunt,</strong></span> <span class='ocrx_word' id='word_1_304' title='bbox 1919 2469 1981 2516; x_wconf 92' lang='lat' dir='ltr'><strong>ut</strong></span> <span class='ocrx_word' id='word_1_305' title='bbox 2030 2462 2156 2519; x_wconf 82' lang='lat' dir='ltr'><strong>vitae</strong></span> 
     </span>
    </p>
   </div>
   <div class='ocr_carea' id='block_1_43' title="bbox 577 2546 2153 2619">
    <p class='ocr_par' dir='ltr' id='par_1_43' title="bbox 577 2546 2153 2619">
     <span class='ocr_line' id='line_1_43' title="bbox 577 2546 2153 2619; baseline 0.004 -18"><span class='ocrx_word' id='word_1_306' title='bbox 577 2546 800 2615; x_wconf 84' lang='lat' dir='ltr'><strong>quidem</strong></span> <span class='ocrx_word' id='word_1_307' title='bbox 834 2547 1086 2607; x_wconf 90' lang='lat' dir='ltr'><strong>instituto</strong></span> <span class='ocrx_word' id='word_1_308' title='bbox 1132 2550 1320 2607; x_wconf 90' lang='lat' dir='ltr'><strong>odoris</strong></span> <span class='ocrx_word' id='word_1_309' title='bbox 1375 2551 1710 2619; x_wconf 87' lang='lat' dir='ltr'><strong>bonitatem;</strong></span> <span class='ocrx_word' id='word_1_310' title='bbox 1746 2553 2153 2608; x_wconf 87' lang='lat' dir='ltr'><strong>mundanarum</strong></span> 
     </span>
    </p>
   </div>
   <div class='ocr_carea' id='block_1_44' title="bbox 577 2641 2154 2715">
    <p class='ocr_par' dir='ltr' id='par_1_44' title="bbox 577 2641 2154 2715">
     <span class='ocr_line' id='line_1_44' title="bbox 577 2641 2154 2715; baseline 0.002 -18"><span class='ocrx_word' id='word_1_311' title='bbox 577 2647 759 2699; x_wconf 76' lang='lat' dir='ltr'><strong>autem</strong></span> <span class='ocrx_word' id='word_1_312' title='bbox 792 2641 1133 2711; x_wconf 82' lang='lat' dir='ltr'><strong>voluptatum</strong></span> <span class='ocrx_word' id='word_1_313' title='bbox 1190 2641 1341 2714; x_wconf 73' lang='lat' dir='ltr'><strong>fuga,</strong></span> <span class='ocrx_word' id='word_1_314' title='bbox 1378 2644 1850 2714; x_wconf 87' lang='lat' dir='ltr'><strong>incorruptionem</strong></span> <span class='ocrx_word' id='word_1_315' title='bbox 1900 2645 2154 2715; x_wconf 80' lang='lat' dir='ltr'><strong>adipisci,</strong></span> 
     </span>
    </p>
   </div>
   <div class='ocr_carea' id='block_1_45' title="bbox 580 2730 2154 2803">
    <p class='ocr_par' dir='ltr' id='par_1_45' title="bbox 580 2730 2154 2803">
     <span class='ocr_line' id='line_1_45' title="bbox 580 2730 2154 2803; baseline 0.005 -18"><span class='ocrx_word' id='word_1_316' title='bbox 580 2730 740 2789; x_wconf 75' lang='lat' dir='ltr'><strong>firmo</strong></span> <span class='ocrx_word' id='word_1_317' title='bbox 762 2733 1001 2803; x_wconf 85' lang='lat' dir='ltr'><strong>denique</strong></span> <span class='ocrx_word' id='word_1_318' title='bbox 1030 2743 1083 2791; x_wconf 93' lang='lat' dir='ltr'><strong>et</strong></span> <span class='ocrx_word' id='word_1_319' title='bbox 1109 2734 1292 2791; x_wconf 89' lang='lat' dir='ltr'><strong>stabili</strong></span> <span class='ocrx_word' id='word_1_320' title='bbox 1340 2736 1394 2790; x_wconf 87' lang='lat' dir='ltr'><strong>in</strong></span> <span class='ocrx_word' id='word_1_321' title='bbox 1438 2738 1601 2792; x_wconf 85' lang='lat' dir='ltr'><strong>rebus</strong></span> <span class='ocrx_word' id='word_1_322' title='bbox 1652 2738 1914 2793; x_wconf 90' lang='lat' dir='ltr'><strong>omnibus</strong></span> <span class='ocrx_word' id='word_1_323' title='bbox 1963 2738 2154 2794; x_wconf 88' lang='lat' dir='ltr'><strong>habitu</strong></span> 
     </span>
    </p>
   </div>
   <div class='ocr_carea' id='block_1_46' title="bbox 577 2827 2156 2899">
    <p class='ocr_par' dir='ltr' id='par_1_46' title="bbox 577 2827 2156 2899">
     <span class='ocr_line' id='line_1_46' title="bbox 577 2827 2156 2899; baseline 0.006 -21"><span class='ocrx_word' id='word_1_324' title='bbox 577 2833 919 2895; x_wconf 79' lang='lat' dir='ltr'><strong>comparato,</strong></span> <span class='ocrx_word' id='word_1_325' title='bbox 967 2827 1183 2889; x_wconf 81' lang='lat' dir='ltr'><strong>radices</strong></span> <span class='ocrx_word' id='word_1_326' title='bbox 1235 2842 1421 2897; x_wconf 78' lang='lat' dir='ltr'><strong>agere,</strong></span> <span class='ocrx_word' id='word_1_327' title='bbox 1472 2837 1526 2883; x_wconf 91' lang='lat' dir='ltr'><strong>et</strong></span> <span class='ocrx_word' id='word_1_328' title='bbox 1582 2839 1870 2884; x_wconf 86' lang='lat' dir='ltr'><strong>venturum</strong></span> <span class='ocrx_word' id='word_1_329' title='bbox 1917 2830 2156 2899; x_wconf 87' lang='lat' dir='ltr'><strong>impetus</strong></span> 
     </span>
    </p>
   </div>
   <div class='ocr_carea' id='block_1_47' title="bbox 576 2916 2153 2990">
    <p class='ocr_par' dir='ltr' id='par_1_47' title="bbox 576 2916 2153 2990">
     <span class='ocr_line' id='line_1_47' title="bbox 576 2916 2153 2990; baseline 0.008 -21"><span class='ocrx_word' id='word_1_330' title='bbox 576 2916 820 2988; x_wconf 82' lang='lat' dir='ltr'><strong>perferre</strong></span> <span class='ocrx_word' id='word_1_331' title='bbox 872 2918 1107 2974; x_wconf 90' lang='lat' dir='ltr'><strong>valeant.</strong></span> <span class='ocrx_word' id='word_1_332' title='bbox 1135 2919 1438 2975; x_wconf 76' lang='lat' dir='ltr'><strong>Confirmat</strong></span> <span class='ocrx_word' id='word_1_333' title='bbox 1466 2921 1612 2979; x_wconf 89' lang='lat' dir='ltr'><strong>enim</strong></span> <span class='ocrx_word' id='word_1_334' title='bbox 1647 2920 1823 2989; x_wconf 84' lang='lat' dir='ltr'><strong>justos</strong></span> <span class='ocrx_word' id='word_1_335' title='bbox 1854 2921 2153 2990; x_wconf 86' lang='lat' dir='ltr'><strong>Dominus;</strong></span> 
     </span>
    </p>
   </div>
   <div class='ocr_carea' id='block_1_48' title="bbox 578 3011 2155 3089">
    <p class='ocr_par' dir='ltr' id='par_1_48' title="bbox 578 3011 2155 3089">
     <span class='ocr_line' id='line_1_48' title="bbox 578 3011 2155 3089; baseline 0.007 -26"><span class='ocrx_word' id='word_1_336' title='bbox 578 3026 814 3081; x_wconf 86' lang='lat' dir='ltr'><strong>eumque</strong></span> <span class='ocrx_word' id='word_1_337' title='bbox 847 3011 1005 3067; x_wconf 88' lang='lat' dir='ltr'><strong>decet</strong></span> <span class='ocrx_word' id='word_1_338' title='bbox 1041 3014 1271 3067; x_wconf 87' lang='lat' dir='ltr'><strong>istorum</strong></span> <span class='ocrx_word' id='word_1_339' title='bbox 1303 3022 1581 3068; x_wconf 91' lang='lat' dir='ltr'><strong>auctorem</strong></span> <span class='ocrx_word' id='word_1_340' title='bbox 1614 3023 1667 3070; x_wconf 92' lang='lat' dir='ltr'><strong>et</strong></span> <span class='ocrx_word' id='word_1_341' title='bbox 1695 3030 1922 3071; x_wconf 87' lang='lat' dir='ltr'><strong>causam</strong></span> <span class='ocrx_word' id='word_1_342' title='bbox 1950 3031 2155 3089; x_wconf 76' lang='lat' dir='ltr'><strong>cogno-</strong></span> 
     </span>
    </p>
   </div>
   <div class='ocr_carea' id='block_1_49' title="bbox 577 3103 1966 3177">
    <p class='ocr_par' dir='ltr' id='par_1_49' title="bbox 577 3103 1966 3177">
     <span class='ocr_line' id='line_1_49' title="bbox 577 3103 1966 3177; baseline 0.001 -14"><span class='ocrx_word' id='word_1_343' title='bbox 577 3118 751 3170; x_wconf 68' lang='lat' dir='ltr'><strong>scere,</strong></span> <span class='ocrx_word' id='word_1_344' title='bbox 782 3118 891 3159; x_wconf 92' lang='lat' dir='ltr'><strong>nou</strong></span> <span class='ocrx_word' id='word_1_345' title='bbox 925 3118 1118 3175; x_wconf 83' lang='lat' dir='ltr'><strong>sponte</strong></span> <span class='ocrx_word' id='word_1_346' title='bbox 1139 3115 1193 3159; x_wconf 92' lang='lat' dir='ltr'><strong>et</strong></span> <span class='ocrx_word' id='word_1_347' title='bbox 1210 3103 1439 3160; x_wconf 77' lang='lat' dir='ltr'><strong>fortuito</strong></span> <span class='ocrx_word' id='word_1_348' title='bbox 1469 3105 1720 3162; x_wconf 90' lang='lat' dir='ltr'><strong>accidere</strong></span> <span class='ocrx_word' id='word_1_349' title='bbox 1748 3116 1966 3177; x_wconf 88' lang='lat' dir='ltr'><strong>putare.</strong></span> 
     </span>
    </p>
   </div>
   <div class='ocr_carea' id='block_1_50' title="bbox 648 3191 2153 3265">
    <p class='ocr_par' dir='ltr' id='par_1_50' title="bbox 648 3191 2153 3265">
     <span class='ocr_line' id='line_1_50' title="bbox 648 3191 2153 3265; baseline 0.005 -18"><span class='ocrx_word' id='word_1_350' title='bbox 648 3191 785 3247; x_wconf 88' lang='lat' dir='ltr'><strong>Sunt</strong></span> <span class='ocrx_word' id='word_1_351' title='bbox 819 3208 951 3249; x_wconf 90' lang='lat' dir='ltr'><strong>vero</strong></span> <span class='ocrx_word' id='word_1_352' title='bbox 994 3195 1089 3265; x_wconf 92' lang='lat' dir='ltr'><strong>qui</strong></span> <span class='ocrx_word' id='word_1_353' title='bbox 1131 3202 1244 3251; x_wconf 91' lang='lat' dir='ltr'><strong>tota</strong></span> <span class='ocrx_word' id='word_1_354' title='bbox 1304 3196 1407 3252; x_wconf 90' lang='lat' dir='ltr'><strong>ista</strong></span> <span class='ocrx_word' id='word_1_355' title='bbox 1443 3196 1738 3252; x_wconf 88' lang='lat' dir='ltr'><strong>verborum</strong></span> <span class='ocrx_word' id='word_1_356' title='bbox 1792 3199 1938 3254; x_wconf 90' lang='lat' dir='ltr'><strong>serie</strong></span> <span class='ocrx_word' id='word_1_357' title='bbox 1980 3198 2153 3256; x_wconf 87' lang='lat' dir='ltr'><strong>Deum</strong></span> 
     </span>
    </p>
   </div>
   <div class='ocr_carea' id='block_1_51' title="bbox 583 3282 2156 3358">
    <p class='ocr_par' dir='ltr' id='par_1_51' title="bbox 583 3282 2156 3358">
     <span class='ocr_line' id='line_1_51' title="bbox 583 3282 2156 3358; baseline 0.006 -20"><span class='ocrx_word' id='word_1_358' title='bbox 583 3282 779 3345; x_wconf 79' lang='lat' dir='ltr'><strong>Israeli</strong></span> <span class='ocrx_word' id='word_1_359' title='bbox 811 3286 1117 3340; x_wconf 89' lang='lat' dir='ltr'><strong>secundum</strong></span> <span class='ocrx_word' id='word_1_360' title='bbox 1151 3287 1592 3357; x_wconf 76' lang='lat' dir='ltr'><strong>progressionem</strong></span> <span class='ocrx_word' id='word_1_361' title='bbox 1625 3298 1819 3358; x_wconf 90' lang='lat' dir='ltr'><strong>putent</strong></span> <span class='ocrx_word' id='word_1_362' title='bbox 1848 3291 1905 3346; x_wconf 90' lang='lat' dir='ltr'><strong>in</strong></span> <span class='ocrx_word' id='word_1_363' title='bbox 1951 3306 2156 3347; x_wconf 83' lang='lat' dir='ltr'><strong>memo-</strong></span> 
     </span>
    </p>
   </div>
   <div class='ocr_carea' id='block_1_52' title="bbox 577 3378 2155 3451">
    <p class='ocr_par' dir='ltr' id='par_1_52' title="bbox 577 3378 2155 3451">
     <span class='ocr_line' id='line_1_52' title="bbox 577 3378 2155 3451; baseline 0.002 -15"><span class='ocrx_word' id='word_1_364' title='bbox 577 3378 717 3441; x_wconf 78' lang='lat' dir='ltr'><strong>riam</strong></span> <span class='ocrx_word' id='word_1_365' title='bbox 750 3393 1013 3435; x_wconf 88' lang='lat' dir='ltr'><strong>revocare</strong></span> <span class='ocrx_word' id='word_1_366' title='bbox 1045 3393 1155 3448; x_wconf 91' lang='lat' dir='ltr'><strong>quo</strong></span> <span class='ocrx_word' id='word_1_367' title='bbox 1219 3379 1337 3434; x_wconf 88' lang='lat' dir='ltr'><strong>loco</strong></span> <span class='ocrx_word' id='word_1_368' title='bbox 1388 3395 1603 3451; x_wconf 90' lang='lat' dir='ltr'><strong>semper</strong></span> <span class='ocrx_word' id='word_1_369' title='bbox 1638 3382 1784 3451; x_wconf 91' lang='lat' dir='ltr'><strong>apud</strong></span> <span class='ocrx_word' id='word_1_370' title='bbox 1825 3397 1886 3437; x_wconf 90' lang='lat' dir='ltr'><strong>se</strong></span> <span class='ocrx_word' id='word_1_371' title='bbox 1932 3383 2155 3440; x_wconf 88' lang='lat' dir='ltr'><strong>habitus</strong></span> 
     </span>
    </p>
   </div>
   <div class='ocr_carea' id='block_1_53' title="bbox 578 3467 2156 3538">
    <p class='ocr_par' dir='ltr' id='par_1_53' title="bbox 578 3467 2156 3538">
     <span class='ocr_line' id='line_1_53' title="bbox 578 3467 2156 3538; baseline 0.004 -16"><span class='ocrx_word' id='word_1_372' title='bbox 578 3467 881 3538; x_wconf 83' lang='lat' dir='ltr'><strong>sit;quem</strong></span> <span class='ocrx_word' id='word_1_373' title='bbox 917 3468 1038 3523; x_wconf 90' lang='lat' dir='ltr'><strong>orbi</strong></span> <span class='ocrx_word' id='word_1_374' title='bbox 1072 3469 1353 3531; x_wconf 84' lang='lat' dir='ltr'><strong>universo,</strong></span> <span class='ocrx_word' id='word_1_375' title='bbox 1396 3470 1562 3525; x_wconf 89' lang='lat' dir='ltr'><strong>veluti</strong></span> <span class='ocrx_word' id='word_1_376' title='bbox 1626 3486 1917 3526; x_wconf 86' lang='lat' dir='ltr'><strong>accensam</strong></span> <span class='ocrx_word' id='word_1_377' title='bbox 1961 3475 2156 3529; x_wconf 75' lang='lat' dir='ltr'><strong>divina:</strong></span> 
     </span>
    </p>
   </div>
   <div class='ocr_carea' id='block_1_54' title="bbox 578 3557 2156 3629">
    <p class='ocr_par' dir='ltr' id='par_1_54' title="bbox 578 3557 2156 3629">
     <span class='ocr_line' id='line_1_54' title="bbox 578 3557 2156 3629; baseline 0.001 -14"><span class='ocrx_word' id='word_1_378' title='bbox 578 3559 897 3629; x_wconf 67' lang='lat' dir='ltr'><strong>(agnitionis</strong></span> <span class='ocrx_word' id='word_1_379' title='bbox 927 3557 1126 3625; x_wconf 83' lang='lat' dir='ltr'><strong>facem,</strong></span> <span class='ocrx_word' id='word_1_380' title='bbox 1152 3559 1454 3628; x_wconf 82' lang='lat' dir='ltr'><strong>praelucere</strong></span> <span class='ocrx_word' id='word_1_381' title='bbox 1488 3560 1746 3616; x_wconf 87' lang='lat' dir='ltr'><strong>voluerit.</strong></span> <span class='ocrx_word' id='word_1_382' title='bbox 1791 3563 2156 3618; x_wconf 77' lang='lat' dir='ltr'><strong>Abraltamum</strong></span> 
     </span>
    </p>
   </div>
   <div class='ocr_carea' id='block_1_55' title="bbox 578 3651 2155 3724">
    <p class='ocr_par' dir='ltr' id='par_1_55' title="bbox 578 3651 2155 3724">
     <span class='ocr_line' id='line_1_55' title="bbox 578 3651 2155 3724; baseline 0.004 -19"><span class='ocrx_word' id='word_1_383' title='bbox 578 3652 776 3706; x_wconf 87' lang='lat' dir='ltr'><strong>deinde</strong></span> <span class='ocrx_word' id='word_1_384' title='bbox 820 3651 889 3707; x_wconf 88' lang='lat' dir='ltr'><strong>ab</strong></span> <span class='ocrx_word' id='word_1_385' title='bbox 933 3651 1093 3723; x_wconf 60' lang='lat'><strong>5,61</strong></span> <span class='ocrx_word' id='word_1_386' title='bbox 1126 3654 1388 3707; x_wconf 77' lang='lat' dir='ltr'><strong>extremis</strong></span> <span class='ocrx_word' id='word_1_387' title='bbox 1441 3659 1601 3708; x_wconf 69' lang='lat' dir='ltr'><strong>terra:</strong></span> <span class='ocrx_word' id='word_1_388' title='bbox 1633 3653 1833 3711; x_wconf 85' lang='lat' dir='ltr'><strong>(inibus</strong></span> <span class='ocrx_word' id='word_1_389' title='bbox 1871 3657 2155 3724; x_wconf 84' lang='lat' dir='ltr'><strong>evocavit;</strong></span> 
     </span>
    </p>
   </div>
   <div class='ocr_carea' id='block_1_56' title="bbox 577 3741 2153 3816">
    <p class='ocr_par' dir='ltr' id='par_1_56' title="bbox 577 3741 2153 3816">
     <span class='ocr_line' id='line_1_56' title="bbox 577 3741 2153 3816; baseline 0.004 -22"><span class='ocrx_word' id='word_1_390' title='bbox 577 3741 816 3812; x_wconf 60' lang='grc' dir='ltr'>,Εεῑριο</span> <span class='ocrx_word' id='word_1_391' title='bbox 854 3742 1114 3812; x_wconf 91' lang='lat' dir='ltr'><strong>denique,</strong></span> <span class='ocrx_word' id='word_1_392' title='bbox 1156 3742 1333 3797; x_wconf 91' lang='lat' dir='ltr'><strong>altero</strong></span> <span class='ocrx_word' id='word_1_393' title='bbox 1362 3750 1521 3797; x_wconf 71' lang='lat' dir='ltr'><strong>terrae</strong></span> <span class='ocrx_word' id='word_1_394' title='bbox 1565 3752 1824 3809; x_wconf 77' lang='lat' dir='ltr'><strong>extremo,</strong></span> <span class='ocrx_word' id='word_1_395' title='bbox 1866 3746 2153 3816; x_wconf 90' lang='lat' dir='ltr'><strong>eripuerit,</strong></span> 
     </span>
    </p>
   </div>
   <div class='ocr_carea' id='block_1_57' title="bbox 576 3830 2154 3907">
    <p class='ocr_par' dir='ltr' id='par_1_57' title="bbox 576 3830 2154 3907">
     <span class='ocr_line' id='line_1_57' title="bbox 576 3830 2154 3907; baseline 0.006 -23"><span class='ocrx_word' id='word_1_396' title='bbox 576 3830 815 3905; x_wconf 71' lang='lat' dir='ltr'><strong>ﬁliorum</strong></span> <span class='ocrx_word' id='word_1_397' title='bbox 843 3832 965 3887; x_wconf 92' lang='lat' dir='ltr'><strong>loco</strong></span> <span class='ocrx_word' id='word_1_398' title='bbox 996 3831 1273 3886; x_wconf 89' lang='lat' dir='ltr'><strong>habuerit.</strong></span> <span class='ocrx_word' id='word_1_399' title='bbox 1315 3831 1541 3888; x_wconf 86' lang='lat' dir='ltr'><strong>Conlide</strong></span> <span class='ocrx_word' id='word_1_400' title='bbox 1569 3833 1754 3904; x_wconf 78' lang='lat' dir='ltr'><strong>igitur,</strong></span> <span class='ocrx_word' id='word_1_401' title='bbox 1807 3836 2008 3905; x_wconf 89' lang='lat' dir='ltr'><strong>inquit,</strong></span> <span class='ocrx_word' id='word_1_402' title='bbox 2062 3838 2154 3907; x_wconf 90' lang='lat' dir='ltr'><strong>qui</strong></span> 
     </span>
    </p>
   </div>
   <div class='ocr_carea' id='block_1_58' title="bbox 580 3922 2156 3996">
    <p class='ocr_par' dir='ltr' id='par_1_58' title="bbox 580 3922 2156 3996">
     <span class='ocr_line' id='line_1_58' title="bbox 580 3922 2156 3996; baseline 0.004 -19"><span class='ocrx_word' id='word_1_403' title='bbox 580 3932 660 3977; x_wconf 85' lang='lat' dir='ltr'><strong>tot</strong></span> <span class='ocrx_word' id='word_1_404' title='bbox 689 3922 1033 3989; x_wconf 84' lang='lat' dir='ltr'><strong>admirabilia</strong></span> <span class='ocrx_word' id='word_1_405' title='bbox 1057 3932 1316 3991; x_wconf 78' lang='lat' dir='ltr'><strong>expertus</strong></span> <span class='ocrx_word' id='word_1_406' title='bbox 1335 3924 1447 3990; x_wconf 89' lang='lat' dir='ltr'><strong>sis;</strong></span> <span class='ocrx_word' id='word_1_407' title='bbox 1471 3939 1650 3993; x_wconf 90' lang='lat' dir='ltr'><strong>neque</strong></span> <span class='ocrx_word' id='word_1_408' title='bbox 1671 3941 1836 3992; x_wconf 78' lang='lat' dir='ltr'><strong>erres,</strong></span> <span class='ocrx_word' id='word_1_409' title='bbox 1860 3938 2156 3996; x_wconf 80' lang='lat' dir='ltr'><strong>quantum-</strong></span> 
     </span>
    </p>
   </div>
   <div class='ocr_carea' id='block_1_59' title="bbox 577 4014 2152 4090">
    <p class='ocr_par' dir='ltr' id='par_1_59' title="bbox 577 4014 2152 4090">
     <span class='ocr_line' id='line_1_59' title="bbox 577 4014 2152 4090; baseline 0.007 -25"><span class='ocrx_word' id='word_1_410' title='bbox 577 4016 662 4069; x_wconf 74' lang='lat' dir='ltr'><strong>vis</strong></span> <span class='ocrx_word' id='word_1_411' title='bbox 694 4023 748 4069; x_wconf 91' lang='lat' dir='ltr'><strong>te</strong></span> <span class='ocrx_word' id='word_1_412' title='bbox 767 4014 978 4069; x_wconf 90' lang='lat' dir='ltr'><strong>circum</strong></span> <span class='ocrx_word' id='word_1_413' title='bbox 1022 4023 1216 4084; x_wconf 79' lang='lat' dir='ltr'><strong>gentes</strong></span> <span class='ocrx_word' id='word_1_414' title='bbox 1264 4015 1549 4083; x_wconf 65' lang='lat' dir='ltr'><strong>permultae</strong></span> <span class='ocrx_word' id='word_1_415' title='bbox 1577 4016 1841 4074; x_wconf 88' lang='lat' dir='ltr'><strong>ambiant.</strong></span> <span class='ocrx_word' id='word_1_416' title='bbox 1874 4018 1988 4090; x_wconf 78' lang='lat' dir='ltr'><strong>Ego</strong></span> <span class='ocrx_word' id='word_1_417' title='bbox 2008 4022 2152 4077; x_wconf 87' lang='lat' dir='ltr'><strong>enim</strong></span> 
     </span>
    </p>
   </div>
   <div class='ocr_carea' id='block_1_60' title="bbox 579 4107 2154 4190">
    <p class='ocr_par' dir='ltr' id='par_1_60' title="bbox 579 4107 2154 4190">
     <span class='ocr_line' id='line_1_60' title="bbox 579 4107 2154 4190; baseline 0.003 -26"><span class='ocrx_word' id='word_1_418' title='bbox 579 4117 869 4190; x_wconf 84' lang='lat' dir='ltr'><strong>postquam</strong></span> <span class='ocrx_word' id='word_1_419' title='bbox 901 4108 967 4164; x_wconf 89' lang='lat' dir='ltr'><strong>de</strong></span> <span class='ocrx_word' id='word_1_420' title='bbox 1014 4109 1126 4165; x_wconf 91' lang='lat' dir='ltr'><strong>tuis</strong></span> <span class='ocrx_word' id='word_1_421' title='bbox 1157 4107 1409 4164; x_wconf 78' lang='lat' dir='ltr'><strong>hostibus</strong></span> <span class='ocrx_word' id='word_1_422' title='bbox 1455 4110 1785 4180; x_wconf 85' lang='lat' dir='ltr'><strong>supplicium</strong></span> <span class='ocrx_word' id='word_1_423' title='bbox 1841 4126 2154 4183; x_wconf 85' lang='lat' dir='ltr'><strong>sumpsero,</strong></span> 
     </span>
    </p>
   </div>
   <div class='ocr_carea' id='block_1_61' title="bbox 575 4201 2157 4277">
    <p class='ocr_par' dir='ltr' id='par_1_61' title="bbox 575 4201 2157 4277">
     <span class='ocr_line' id='line_1_61' title="bbox 575 4201 2157 4277; baseline 0.003 -20"><span class='ocrx_word' id='word_1_424' title='bbox 575 4201 930 4274; x_wconf 81' lang='lat' dir='ltr'><strong>quantumvis</strong></span> <span class='ocrx_word' id='word_1_425' title='bbox 960 4202 1221 4271; x_wconf 87' lang='lat' dir='ltr'><strong>prodeant</strong></span> <span class='ocrx_word' id='word_1_426' title='bbox 1259 4201 1374 4268; x_wconf 91' lang='lat' dir='ltr'><strong>alii,</strong></span> <span class='ocrx_word' id='word_1_427' title='bbox 1409 4203 1463 4257; x_wconf 94' lang='lat' dir='ltr'><strong>in</strong></span> <span class='ocrx_word' id='word_1_428' title='bbox 1503 4202 1749 4258; x_wconf 85' lang='lat' dir='ltr'><strong>nihilum</strong></span> <span class='ocrx_word' id='word_1_429' title='bbox 1776 4212 1962 4261; x_wconf 91' lang='lat' dir='ltr'><strong>tamen</strong></span> <span class='ocrx_word' id='word_1_430' title='bbox 1995 4222 2157 4277; x_wconf 90' lang='lat' dir='ltr'><strong>repu-</strong></span> 
     </span>
    </p>
   </div>
   <div class='ocr_carea' id='block_1_62' title="bbox 574 4292 2154 4366">
    <p class='ocr_par' dir='ltr' id='par_1_62' title="bbox 574 4292 2154 4366">
     <span class='ocr_line' id='line_1_62' title="bbox 574 4292 2154 4366; baseline 0.001 -15"><span class='ocrx_word' id='word_1_431' title='bbox 574 4293 861 4352; x_wconf 88' lang='lat' dir='ltr'><strong>tabuntur.</strong></span> <span class='ocrx_word' id='word_1_432' title='bbox 895 4292 1001 4348; x_wconf 87' lang='lat' dir='ltr'><strong>Sed</strong></span> <span class='ocrx_word' id='word_1_433' title='bbox 1048 4292 1236 4347; x_wconf 77' lang='lat' dir='ltr'><strong>forsan</strong></span> <span class='ocrx_word' id='word_1_434' title='bbox 1296 4292 1420 4348; x_wconf 90' lang='lat' dir='ltr'><strong>ideo</strong></span> <span class='ocrx_word' id='word_1_435' title='bbox 1475 4295 1687 4360; x_wconf 81' lang='lat' dir='ltr'><strong>metuis,</strong></span> <span class='ocrx_word' id='word_1_436' title='bbox 1743 4296 1889 4366; x_wconf 92' lang='lat' dir='ltr'><strong>quod</strong></span> <span class='ocrx_word' id='word_1_437' title='bbox 1935 4306 2154 4353; x_wconf 88' lang='lat' dir='ltr'><strong>tuorum</strong></span> 
     </span>
    </p>
   </div>
   <div class='ocr_carea' id='block_1_63' title="bbox 576 4387 2155 4463">
    <p class='ocr_par' dir='ltr' id='par_1_63' title="bbox 576 4387 2155 4463">
     <span class='ocr_line' id='line_1_63' title="bbox 576 4387 2155 4463; baseline 0.005 -23"><span class='ocrx_word' id='word_1_438' title='bbox 576 4388 942 4458; x_wconf 72' lang='lat' dir='ltr'><strong>paucitatem;</strong></span> <span class='ocrx_word' id='word_1_439' title='bbox 983 4399 1171 4439; x_wconf 91' lang='lat' dir='ltr'><strong>eorum</strong></span> <span class='ocrx_word' id='word_1_440' title='bbox 1203 4392 1417 4451; x_wconf 90' lang='lat' dir='ltr'><strong>contra,</strong></span> <span class='ocrx_word' id='word_1_441' title='bbox 1439 4387 1529 4457; x_wconf 94' lang='lat' dir='ltr'><strong>qui</strong></span> <span class='ocrx_word' id='word_1_442' title='bbox 1570 4395 1619 4442; x_wconf 89' lang='lat' dir='ltr'><strong>te</strong></span> <span class='ocrx_word' id='word_1_443' title='bbox 1645 4388 1917 4455; x_wconf 88' lang='lat' dir='ltr'><strong>ambiunt,</strong></span> <span class='ocrx_word' id='word_1_444' title='bbox 1963 4390 2155 4463; x_wconf 82' lang='lat' dir='ltr'><strong>ingen-</strong></span> 
     </span>
    </p>
   </div>
   <div class='ocr_carea' id='block_1_64' title="bbox 2260 1919 3794 1993">
    <p class='ocr_par' dir='ltr' id='par_1_64' title="bbox 2260 1919 3794 1993">
     <span class='ocr_line' id='line_1_64' title="bbox 2260 1919 3794 1993; baseline 0.001 -20"><span class='ocrx_word' id='word_1_445' title='bbox 2260 1919 2534 1989; x_wconf 70' lang='grc' dir='ltr'><strong>βασιλείας</strong></span> <span class='ocrx_word' id='word_1_446' title='bbox 2559 1921 2667 1974; x_wconf 86' lang='grc' dir='ltr'><strong>τῶν</strong></span> <span class='ocrx_word' id='word_1_447' title='bbox 2697 1921 2945 1992; x_wconf 74' lang='grc' dir='ltr'>οὐρανῶν</span> <span class='ocrx_word' id='word_1_448' title='bbox 2972 1922 3072 1986; x_wconf 82' lang='grc' dir='ltr'><strong>τὰς</strong></span> <span class='ocrx_word' id='word_1_449' title='bbox 3113 1922 3320 1976; x_wconf 80' lang='grc' dir='ltr'>ἑαυτῶν</span> <span class='ocrx_word' id='word_1_450' title='bbox 3354 1922 3692 1993; x_wconf 82' lang='grc' dir='ltr'>άναρτῶντας</span> <span class='ocrx_word' id='word_1_451' title='bbox 3725 1924 3794 1975; x_wconf 59' lang='lat' dir='ltr'><strong>ti.</strong></span> 
     </span>
    </p>
   </div>
   <div class='ocr_carea' id='block_1_65' title="bbox 2257 2011 3795 2084">
    <p class='ocr_par' dir='ltr' id='par_1_65' title="bbox 2257 2011 3795 2084">
     <span class='ocr_line' id='line_1_65' title="bbox 2257 2011 3795 2084; baseline 0 -19"><span class='ocrx_word' id='word_1_452' title='bbox 2257 2012 2437 2075; x_wconf 84' lang='grc' dir='ltr'>πίδας.</span> <span class='ocrx_word' id='word_1_453' title='bbox 2472 2011 2628 2065; x_wconf 75' lang='grc' dir='ltr'>Οὕτω</span> <span class='ocrx_word' id='word_1_454' title='bbox 2658 2012 2976 2084; x_wconf 81' lang='grc' dir='ltr'>θαυμαστὴν</span> <span class='ocrx_word' id='word_1_455' title='bbox 2998 2015 3027 2067; x_wconf 90' lang='lat'><strong>6</strong></span> <span class='ocrx_word' id='word_1_456' title='bbox 3051 2013 3183 2075; x_wconf 83' lang='grc' dir='ltr'>Θεὸς</span> <span class='ocrx_word' id='word_1_457' title='bbox 3208 2015 3266 2067; x_wconf 84' lang='grc' dir='ltr'><strong>ὲν</strong></span> <span class='ocrx_word' id='word_1_458' title='bbox 3294 2012 3510 2067; x_wconf 74' lang='grc' dir='ltr'>ἔθνεσιν</span> <span class='ocrx_word' id='word_1_459' title='bbox 3536 2013 3694 2066; x_wconf 77' lang='grc' dir='ltr'>ἐποίει</span> <span class='ocrx_word' id='word_1_460' title='bbox 3723 2029 3795 2083; x_wconf 68' lang='grc' dir='ltr'><strong>μευ</strong></span> 
     </span>
    </p>
   </div>
   <div class='ocr_carea' id='block_1_66' title="bbox 2254 2104 3794 2177">
    <p class='ocr_par' dir='ltr' id='par_1_66' title="bbox 2254 2104 3794 2177">
     <span class='ocr_line' id='line_1_66' title="bbox 2254 2104 3794 2177; baseline -0.003 -16"><span class='ocrx_word' id='word_1_461' title='bbox 2254 2105 2508 2176; x_wconf 79' lang='grc' dir='ltr'><strong>ταόολήν.</strong></span> <span class='ocrx_word' id='word_1_462' title='bbox 2556 2105 2967 2177; x_wconf 79' lang='grc' dir='ltr'><strong>’Υδραγωγοὺς</strong></span> <span class='ocrx_word' id='word_1_463' title='bbox 3013 2104 3069 2159; x_wconf 77' lang='grc' dir='ltr'>δὲ</span> <span class='ocrx_word' id='word_1_464' title='bbox 3103 2106 3229 2168; x_wconf 78' lang='grc' dir='ltr'>τοὺς</span> <span class='ocrx_word' id='word_1_465' title='bbox 3260 2105 3359 2176; x_wconf 85' lang='grc' dir='ltr'><strong>τῆς</strong></span> <span class='ocrx_word' id='word_1_466' title='bbox 3404 2104 3713 2175; x_wconf 85' lang='grc' dir='ltr'>Ἑκκλησίας</span> <span class='ocrx_word' id='word_1_467' title='bbox 3732 2106 3794 2157; x_wconf 83' lang='grc' dir='ltr'>δι-</span> 
     </span>
    </p>
   </div>
   <div class='ocr_carea' id='block_1_67' title="bbox 2254 2196 3795 2270">
    <p class='ocr_par' dir='ltr' id='par_1_67' title="bbox 2254 2196 3795 2270">
     <span class='ocr_line' id='line_1_67' title="bbox 2254 2196 3795 2270; baseline -0.006 -14"><span class='ocrx_word' id='word_1_468' title='bbox 2254 2199 2561 2263; x_wconf 84' lang='grc' dir='ltr'>δασκάλους</span> <span class='ocrx_word' id='word_1_469' title='bbox 2614 2200 2898 2265; x_wconf 78' lang='grc' dir='ltr'>ἐκάλεσεν,</span> <span class='ocrx_word' id='word_1_470' title='bbox 2947 2198 2997 2252; x_wconf 76' lang='grc' dir='ltr'><strong>οἳ</strong></span> <span class='ocrx_word' id='word_1_471' title='bbox 3042 2197 3293 2270; x_wconf 86' lang='grc' dir='ltr'>καθάπερ</span> <span class='ocrx_word' id='word_1_472' title='bbox 3320 2198 3386 2251; x_wconf 83' lang='grc' dir='ltr'>ὲκ</span> <span class='ocrx_word' id='word_1_473' title='bbox 3425 2196 3617 2269; x_wconf 81' lang='grc' dir='ltr'>πηγῶν</span> <span class='ocrx_word' id='word_1_474' title='bbox 3640 2212 3693 2249; x_wconf 81' lang='grc' dir='ltr'>τε</span> <span class='ocrx_word' id='word_1_475' title='bbox 3720 2199 3795 2250; x_wconf 74' lang='grc' dir='ltr'>καὶ</span> 
     </span>
    </p>
   </div>
   <div class='ocr_carea' id='block_1_68' title="bbox 2258 2288 3795 2363">
    <p class='ocr_par' dir='ltr' id='par_1_68' title="bbox 2258 2288 3795 2363">
     <span class='ocr_line' id='line_1_68' title="bbox 2258 2288 3795 2363; baseline -0.004 -16"><span class='ocrx_word' id='word_1_476' title='bbox 2258 2293 2542 2363; x_wconf 82' lang='grc' dir='ltr'>ποταμῶν,</span> <span class='ocrx_word' id='word_1_477' title='bbox 2570 2290 2662 2346; x_wconf 79' lang='grc' dir='ltr'><strong>τὸν</strong></span> <span class='ocrx_word' id='word_1_478' title='bbox 2686 2292 2783 2362; x_wconf 80' lang='grc' dir='ltr'>τῆς</span> <span class='ocrx_word' id='word_1_479' title='bbox 2816 2290 3176 2345; x_wconf 85' lang='grc' dir='ltr'>θεοπνεύστου</span> <span class='ocrx_word' id='word_1_480' title='bbox 3202 2290 3425 2362; x_wconf 81' lang='grc' dir='ltr'>Γραφῆς</span> <span class='ocrx_word' id='word_1_481' title='bbox 3457 2290 3538 2352; x_wconf 76' lang='grc' dir='ltr'>εἰς</span> <span class='ocrx_word' id='word_1_482' title='bbox 3568 2288 3684 2342; x_wconf 80' lang='grc' dir='ltr'>νοῦν</span> <span class='ocrx_word' id='word_1_483' title='bbox 3708 2292 3795 2342; x_wconf 75' lang='lat' dir='ltr'><strong>els-</strong></span> 
     </span>
    </p>
   </div>
   <div class='ocr_carea' id='block_1_69' title="bbox 2256 2380 3796 2455">
    <p class='ocr_par' dir='ltr' id='par_1_69' title="bbox 2256 2380 3796 2455">
     <span class='ocr_line' id='line_1_69' title="bbox 2256 2380 3796 2455; baseline -0.003 -18"><span class='ocrx_word' id='word_1_484' title='bbox 2256 2383 2608 2455; x_wconf 83' lang='grc' dir='ltr'>οικησάμενοι</span> <span class='ocrx_word' id='word_1_485' title='bbox 2664 2384 2854 2451; x_wconf 82' lang='grc' dir='ltr'>λόγον,</span> <span class='ocrx_word' id='word_1_486' title='bbox 2904 2385 2999 2437; x_wconf 67' lang='grc' dir='ltr'><strong>καὶ⁵</strong></span> <span class='ocrx_word' id='word_1_487' title='bbox 3050 2384 3131 2446; x_wconf 79' lang='grc' dir='ltr'>είς</span> <span class='ocrx_word' id='word_1_488' title='bbox 3182 2382 3403 2452; x_wconf 69' lang='grc' dir='ltr'>ἐτέρους</span> <span class='ocrx_word' id='word_1_489' title='bbox 3446 2380 3609 2436; x_wconf 76' lang='grc' dir='ltr'>αὐτὸν</span> <span class='ocrx_word' id='word_1_490' title='bbox 3652 2397 3796 2450; x_wconf 77' lang='grc' dir='ltr'>παρα-</span> 
     </span>
    </p>
   </div>
   <div class='ocr_carea' id='block_1_70' title="bbox 2256 2469 3797 2543">
    <p class='ocr_par' dir='ltr' id='par_1_70' title="bbox 2256 2469 3797 2543">
     <span class='ocr_line' id='line_1_70' title="bbox 2256 2469 3797 2543; baseline -0.002 -17"><span class='ocrx_word' id='word_1_491' title='bbox 2256 2472 2591 2543; x_wconf 82' lang='grc' dir='ltr'>πέμπουσιν,</span> <span class='ocrx_word' id='word_1_492' title='bbox 2652 2472 2729 2535; x_wconf 86' lang='grc' dir='ltr'><strong>ὡς</strong></span> <span class='ocrx_word' id='word_1_493' title='bbox 2783 2473 2852 2526; x_wconf 82' lang='grc' dir='ltr'>ἂν</span> <span class='ocrx_word' id='word_1_494' title='bbox 2900 2473 3074 2542; x_wconf 81' lang='grc' dir='ltr'>ἔχοιεν</span> <span class='ocrx_word' id='word_1_495' title='bbox 3118 2471 3206 2525; x_wconf 79' lang='grc' dir='ltr'><strong>διὰ</strong></span> <span class='ocrx_word' id='word_1_496' title='bbox 3265 2471 3364 2539; x_wconf 87' lang='grc' dir='ltr'>μὲν</span> <span class='ocrx_word' id='word_1_497' title='bbox 3416 2469 3700 2533; x_wconf 81' lang='grc' dir='ltr'>πολιτείας,</span> <span class='ocrx_word' id='word_1_498' title='bbox 3748 2470 3797 2523; x_wconf 75' lang='grc' dir='ltr'>τὸ</span> 
     </span>
    </p>
   </div>
   <div class='ocr_carea' id='block_1_71' title="bbox 2257 2560 3796 2635">
    <p class='ocr_par' dir='ltr' id='par_1_71' title="bbox 2257 2560 3796 2635">
     <span class='ocr_line' id='line_1_71' title="bbox 2257 2560 3796 2635; baseline -0.004 -18"><span class='ocrx_word' id='word_1_499' title='bbox 2257 2563 2533 2635; x_wconf 66' lang='grc' dir='ltr'>εὖοσμονῖίο</span> <span class='ocrx_word' id='word_1_500' title='bbox 2561 2563 2651 2618; x_wconf 79' lang='grc' dir='ltr'>διὰ</span> <span class='ocrx_word' id='word_1_501' title='bbox 2689 2563 2748 2617; x_wconf 80' lang='grc' dir='ltr'>δὲ</span> <span class='ocrx_word' id='word_1_502' title='bbox 2776 2565 2877 2635; x_wconf 75' lang='grc' dir='ltr'><strong>τῆς</strong></span> <span class='ocrx_word' id='word_1_503' title='bbox 2917 2563 3130 2634; x_wconf 82' lang='grc' dir='ltr'><strong>ἀποχῆς</strong></span> <span class='ocrx_word' id='word_1_504' title='bbox 3155 2562 3267 2617; x_wconf 90' lang='grc' dir='ltr'><strong>τῶν</strong></span> <span class='ocrx_word' id='word_1_505' title='bbox 3296 2560 3580 2633; x_wconf 78' lang='grc' dir='ltr'>κοσμικῶν</span> <span class='ocrx_word' id='word_1_506' title='bbox 3610 2560 3796 2631; x_wconf 70' lang='grc' dir='ltr'>ἡδονῶν,</span> 
     </span>
    </p>
   </div>
   <div class='ocr_carea' id='block_1_72' title="bbox 2254 2654 3797 2728">
    <p class='ocr_par' dir='ltr' id='par_1_72' title="bbox 2254 2654 3797 2728">
     <span class='ocr_line' id='line_1_72' title="bbox 2254 2654 3797 2728; baseline -0.003 -17"><span class='ocrx_word' id='word_1_507' title='bbox 2254 2658 2316 2711; x_wconf 79' lang='grc' dir='ltr'>τὸ</span> <span class='ocrx_word' id='word_1_508' title='bbox 2340 2658 2414 2728; x_wconf 83' lang='grc' dir='ltr'>μὴ</span> <span class='ocrx_word' id='word_1_509' title='bbox 2440 2657 2760 2728; x_wconf 71' lang='grc' dir='ltr'>φθείρεσθαι</span> <span class='ocrx_word' id='word_1_510' title='bbox 2783 2674 2798 2690; x_wconf 76' lang='grc'><em>’</em></span> <span class='ocrx_word' id='word_1_511' title='bbox 2826 2657 2913 2710; x_wconf 83' lang='grc' dir='ltr'><strong>διὰ</strong></span> <span class='ocrx_word' id='word_1_512' title='bbox 2942 2656 2999 2715; x_wconf 81' lang='grc' dir='ltr'>δὲ</span> <span class='ocrx_word' id='word_1_513' title='bbox 3024 2657 3127 2727; x_wconf 84' lang='grc' dir='ltr'><strong>τῆς</strong></span> <span class='ocrx_word' id='word_1_514' title='bbox 3156 2655 3462 2718; x_wconf 80' lang='grc' dir='ltr'>εὐσταθοῦς</span> <span class='ocrx_word' id='word_1_515' title='bbox 3492 2657 3587 2709; x_wconf 72' lang='grc' dir='ltr'><strong>καὶ</strong></span> <span class='ocrx_word' id='word_1_516' title='bbox 3613 2654 3797 2724; x_wconf 77' lang='grc' dir='ltr'><strong>βεϐαίας</strong></span> 
     </span>
    </p>
   </div>
   <div class='ocr_carea' id='block_1_73' title="bbox 2256 2746 3799 2820">
    <p class='ocr_par' dir='ltr' id='par_1_73' title="bbox 2256 2746 3799 2820">
     <span class='ocr_line' id='line_1_73' title="bbox 2256 2746 3799 2820; baseline -0.004 -16"><span class='ocrx_word' id='word_1_517' title='bbox 2256 2751 2316 2804; x_wconf 83' lang='grc' dir='ltr'>ὲν</span> <span class='ocrx_word' id='word_1_518' title='bbox 2357 2748 2564 2803; x_wconf 77' lang='grc' dir='ltr'>ἅπασιν</span> <span class='ocrx_word' id='word_1_519' title='bbox 2606 2748 2794 2814; x_wconf 75' lang='grc' dir='ltr'>ἕξεως,</span> <span class='ocrx_word' id='word_1_520' title='bbox 2827 2751 2888 2802; x_wconf 86' lang='grc' dir='ltr'><strong>τὸ</strong></span> <span class='ocrx_word' id='word_1_521' title='bbox 2940 2748 3295 2820; x_wconf 70' lang='grc' dir='ltr'>ἐρριζῶσθαι,</span> <span class='ocrx_word' id='word_1_522' title='bbox 3346 2748 3447 2803; x_wconf 75' lang='grc' dir='ltr'>καὶ</span> <span class='ocrx_word' id='word_1_523' title='bbox 3501 2747 3678 2818; x_wconf 82' lang='grc' dir='ltr'>φέρειν</span> <span class='ocrx_word' id='word_1_524' title='bbox 3710 2746 3799 2799; x_wconf 81' lang='grc' dir='ltr'><strong>τῶν</strong></span> 
     </span>
    </p>
   </div>
   <div class='ocr_carea' id='block_1_74' title="bbox 2258 2836 3799 2909">
    <p class='ocr_par' dir='ltr' id='par_1_74' title="bbox 2258 2836 3799 2909">
     <span class='ocr_line' id='line_1_74' title="bbox 2258 2836 3799 2909; baseline -0.003 -17"><span class='ocrx_word' id='word_1_525' title='bbox 2258 2839 2588 2909; x_wconf 85' lang='grc' dir='ltr'>πνευμάτων</span> <span class='ocrx_word' id='word_1_526' title='bbox 2621 2840 2718 2900; x_wconf 83' lang='grc' dir='ltr'>τὰς</span> <span class='ocrx_word' id='word_1_527' title='bbox 2768 2838 3097 2908; x_wconf 74' lang='grc' dir='ltr'>προσϐολάς.</span> <span class='ocrx_word' id='word_1_528' title='bbox 3143 2837 3536 2908; x_wconf 81' lang='grc' dir='ltr'>’Υποστηρίζει</span> <span class='ocrx_word' id='word_1_529' title='bbox 3576 2836 3677 2907; x_wconf 80' lang='grc' dir='ltr'><strong>γὰρ</strong></span> <span class='ocrx_word' id='word_1_530' title='bbox 3698 2836 3799 2898; x_wconf 70' lang='grc' dir='ltr'>τοὺς</span> 
     </span>
    </p>
   </div>
   <div class='ocr_carea' id='block_1_75' title="bbox 2256 2925 3797 2999">
    <p class='ocr_par' dir='ltr' id='par_1_75' title="bbox 2256 2925 3797 2999">
     <span class='ocr_line' id='line_1_75' title="bbox 2256 2925 3797 2999; baseline -0.005 -14"><span class='ocrx_word' id='word_1_531' title='bbox 2256 2930 2501 2993; x_wconf 83' lang='grc' dir='ltr'>δικαίους</span> <span class='ocrx_word' id='word_1_532' title='bbox 2529 2930 2558 2981; x_wconf 91' lang='lat'><strong>6</strong></span> <span class='ocrx_word' id='word_1_533' title='bbox 2585 2930 2808 2999; x_wconf 84' lang='grc' dir='ltr'>Κύριος.</span> <span class='ocrx_word' id='word_1_534' title='bbox 2859 2930 2969 2982; x_wconf 75' lang='grc' dir='ltr'><strong>Καὶ</strong></span> <span class='ocrx_word' id='word_1_535' title='bbox 3012 2928 3094 2981; x_wconf 82' lang='grc' dir='ltr'>δεῖ</span> <span class='ocrx_word' id='word_1_536' title='bbox 3123 2927 3314 2983; x_wconf 82' lang='grc' dir='ltr'>τοῦτον</span> <span class='ocrx_word' id='word_1_537' title='bbox 3357 2928 3533 2982; x_wconf 70' lang='grc' dir='ltr'>αἴτιον</span> <span class='ocrx_word' id='word_1_538' title='bbox 3562 2925 3797 2999; x_wconf 76' lang='grc' dir='ltr'>ἡγεῖσθαι,</span> 
     </span>
    </p>
   </div>
   <div class='ocr_carea' id='block_1_76' title="bbox 2259 3020 3272 3094">
    <p class='ocr_par' dir='ltr' id='par_1_76' title="bbox 2259 3020 3272 3094">
     <span class='ocr_line' id='line_1_76' title="bbox 2259 3020 3272 3094; baseline -0.003 -15"><span class='ocrx_word' id='word_1_539' title='bbox 2259 3022 2355 3079; x_wconf 67' lang='lat' dir='ltr'><strong>atati.</strong></span> <span class='ocrx_word' id='word_1_540' title='bbox 2391 3021 2467 3092; x_wconf 85' lang='grc' dir='ltr'>μὴ</span> <span class='ocrx_word' id='word_1_541' title='bbox 2494 3020 2667 3079; x_wconf 77' lang='grc' dir='ltr'>ταῦτα</span> <span class='ocrx_word' id='word_1_542' title='bbox 2699 3020 2940 3094; x_wconf 71' lang='grc' dir='ltr'>νομίζειν</span> <span class='ocrx_word' id='word_1_543' title='bbox 2969 3021 3272 3091; x_wconf 80' lang='grc' dir='ltr'>αὐτόματα.</span> 
     </span>
    </p>
   </div>
   <div class='ocr_carea' id='block_1_77' title="bbox 2328 3197 3799 3272">
    <p class='ocr_par' dir='ltr' id='par_1_77' title="bbox 2328 3197 3799 3272">
     <span class='ocr_line' id='line_1_77' title="bbox 2328 3197 3799 3272; baseline -0.005 -14"><span class='ocrx_word' id='word_1_544' title='bbox 2328 3204 2483 3265; x_wconf 84' lang='grc' dir='ltr'>Τινὲς</span> <span class='ocrx_word' id='word_1_545' title='bbox 2517 3202 2576 3257; x_wconf 79' lang='grc' dir='ltr'>δὲ</span> <span class='ocrx_word' id='word_1_546' title='bbox 2604 3203 2734 3272; x_wconf 74' lang='grc' dir='ltr'>περὶ</span> <span class='ocrx_word' id='word_1_547' title='bbox 2761 3202 2861 3271; x_wconf 84' lang='grc' dir='ltr'><strong>τῆς</strong></span> <span class='ocrx_word' id='word_1_548' title='bbox 2885 3201 3064 3271; x_wconf 80' lang='grc' dir='ltr'>πάσης</span> <span class='ocrx_word' id='word_1_549' title='bbox 3097 3200 3309 3270; x_wconf 74' lang='grc' dir='ltr'>ἔφασαν</span> <span class='ocrx_word' id='word_1_550' title='bbox 3342 3199 3576 3270; x_wconf 81' lang='grc' dir='ltr'>ρήσεως,</span> <span class='ocrx_word' id='word_1_551' title='bbox 3602 3198 3670 3264; x_wconf 84' lang='grc' dir='ltr'>ὡς</span> <span class='ocrx_word' id='word_1_552' title='bbox 3694 3197 3799 3251; x_wconf 74' lang='grc' dir='ltr'>ὓπο-</span> 
     </span>
    </p>
   </div>
   <div class='ocr_carea' id='block_1_78' title="bbox 2260 3291 3800 3369">
    <p class='ocr_par' dir='ltr' id='par_1_78' title="bbox 2260 3291 3800 3369">
     <span class='ocr_line' id='line_1_78' title="bbox 2260 3291 3800 3369; baseline -0.005 -19"><span class='ocrx_word' id='word_1_553' title='bbox 2260 3299 2561 3369; x_wconf 86' lang='grc' dir='ltr'>μιμνήσκει</span> <span class='ocrx_word' id='word_1_554' title='bbox 2615 3295 2750 3359; x_wconf 81' lang='grc' dir='ltr'><strong>Θεὸς</strong></span> <span class='ocrx_word' id='word_1_555' title='bbox 2795 3294 2890 3348; x_wconf 83' lang='grc' dir='ltr'><strong>τὸν</strong></span> <span class='ocrx_word' id='word_1_556' title='bbox 2934 3294 3074 3347; x_wconf 84' lang='grc' dir='ltr'>κατὰ</span> <span class='ocrx_word' id='word_1_557' title='bbox 3103 3292 3387 3364; x_wconf 82' lang='grc' dir='ltr'>προκοπὴν</span> <span class='ocrx_word' id='word_1_558' title='bbox 3426 3292 3669 3360; x_wconf 69' lang='grc' dir='ltr'>Ἰσραὴλ</span> <span class='ocrx_word' id='word_1_559' title='bbox 3705 3291 3800 3343; x_wconf 78' lang='grc' dir='ltr'>οἷαν</span> 
     </span>
    </p>
   </div>
   <div class='ocr_carea' id='block_1_79' title="bbox 2259 3381 3800 3459">
    <p class='ocr_par' dir='ltr' id='par_1_79' title="bbox 2259 3381 3800 3459">
     <span class='ocr_line' id='line_1_79' title="bbox 2259 3381 3800 3459; baseline -0.006 -16"><span class='ocrx_word' id='word_1_560' title='bbox 2259 3390 2347 3443; x_wconf 75' lang='grc' dir='ltr'><strong>ἀεὶ</strong></span> <span class='ocrx_word' id='word_1_561' title='bbox 2370 3388 2507 3459; x_wconf 78' lang='grc' dir='ltr'>πρὸς</span> <span class='ocrx_word' id='word_1_562' title='bbox 2531 3387 2696 3443; x_wconf 81' lang='grc' dir='ltr'>αὐτὸν</span> <span class='ocrx_word' id='word_1_563' title='bbox 2719 3385 2817 3458; x_wconf 78' lang='grc' dir='ltr'>τὴν</span> <span class='ocrx_word' id='word_1_564' title='bbox 2852 3386 3037 3456; x_wconf 72' lang='grc' dir='ltr'>σχέσιν</span> <span class='ocrx_word' id='word_1_565' title='bbox 3064 3385 3361 3455; x_wconf 78' lang='grc' dir='ltr'>ἐκτήσατο,</span> <span class='ocrx_word' id='word_1_566' title='bbox 3388 3384 3579 3436; x_wconf 83' lang='grc' dir='ltr'>τοῦτον</span> <span class='ocrx_word' id='word_1_567' title='bbox 3623 3381 3800 3449; x_wconf 65' lang='grc' dir='ltr'>ἀνάψας</span> 
     </span>
    </p>
   </div>
   <div class='ocr_carea' id='block_1_80' title="bbox 2258 3476 3797 3555">
    <p class='ocr_par' dir='ltr' id='par_1_80' title="bbox 2258 3476 3797 3555">
     <span class='ocr_line' id='line_1_80' title="bbox 2258 3476 3797 3555; baseline -0.006 -19"><span class='ocrx_word' id='word_1_568' title='bbox 2258 3483 2336 3555; x_wconf 83' lang='grc' dir='ltr'>τῷ</span> <span class='ocrx_word' id='word_1_569' title='bbox 2409 3481 2575 3536; x_wconf 76' lang='grc' dir='ltr'>παντὶ</span> <span class='ocrx_word' id='word_1_570' title='bbox 2634 3480 2827 3551; x_wconf 84' lang='grc' dir='ltr'>κόσμῳ</span> <span class='ocrx_word' id='word_1_571' title='bbox 2909 3477 3159 3547; x_wconf 87' lang='grc' dir='ltr'>καθάπερ</span> <span class='ocrx_word' id='word_1_572' title='bbox 3231 3476 3364 3546; x_wconf 73' lang='grc' dir='ltr'>δᾷδα</span> <span class='ocrx_word' id='word_1_573' title='bbox 3433 3476 3797 3546; x_wconf 79' lang='grc' dir='ltr'><strong>θεογνωσίαςο</strong></span> 
     </span>
    </p>
   </div>
   <div class='ocr_carea' id='block_1_81' title="bbox 2272 3567 3798 3645">
    <p class='ocr_par' dir='ltr' id='par_1_81' title="bbox 2272 3567 3798 3645">
     <span class='ocr_line' id='line_1_81' title="bbox 2272 3567 3798 3645; baseline -0.008 -15"><span class='ocrx_word' id='word_1_574' title='bbox 2272 3575 2533 3644; x_wconf 78' lang='grc' dir='ltr'>Ἀϐραὰμ</span> <span class='ocrx_word' id='word_1_575' title='bbox 2583 3574 2683 3645; x_wconf 86' lang='grc' dir='ltr'><strong>μὲν</strong></span> <span class='ocrx_word' id='word_1_576' title='bbox 2711 3570 2949 3634; x_wconf 80' lang='grc' dir='ltr'>καλέσας</span> <span class='ocrx_word' id='word_1_577' title='bbox 2979 3570 3074 3625; x_wconf 83' lang='grc' dir='ltr'>ἀπ’</span> <span class='ocrx_word' id='word_1_578' title='bbox 3105 3569 3276 3641; x_wconf 77' lang='grc' dir='ltr'>ἄκρου</span> <span class='ocrx_word' id='word_1_579' title='bbox 3317 3570 3418 3639; x_wconf 84' lang='grc' dir='ltr'><strong>τῆς</strong></span> <span class='ocrx_word' id='word_1_580' title='bbox 3460 3569 3565 3640; x_wconf 80' lang='grc' dir='ltr'><strong>γῆς</strong></span> <span class='ocrx_word' id='word_1_581' title='bbox 3591 3610 3607 3636; x_wconf 83' lang='grc'><strong>,</strong></span> <span class='ocrx_word' id='word_1_582' title='bbox 3650 3567 3703 3632; x_wconf 76' lang='grc' dir='ltr'><strong>ἐξ</strong></span> <span class='ocrx_word' id='word_1_583' title='bbox 3725 3567 3798 3619; x_wconf 50' lang='lat' dir='ltr'><strong>Ai.</strong></span> 
     </span>
    </p>
   </div>
   <div class='ocr_carea' id='block_1_82' title="bbox 2257 3657 3800 3737">
    <p class='ocr_par' dir='ltr' id='par_1_82' title="bbox 2257 3657 3800 3737">
     <span class='ocr_line' id='line_1_82' title="bbox 2257 3657 3800 3737; baseline -0.009 -16"><span class='ocrx_word' id='word_1_584' title='bbox 2257 3666 2466 3737; x_wconf 82' lang='grc' dir='ltr'>γύπτου</span> <span class='ocrx_word' id='word_1_585' title='bbox 2495 3665 2553 3719; x_wconf 82' lang='grc' dir='ltr'>δὲ</span> <span class='ocrx_word' id='word_1_586' title='bbox 2578 3663 2803 3726; x_wconf 90' lang='grc' dir='ltr'>τούτους</span> <span class='ocrx_word' id='word_1_587' title='bbox 2842 3661 3032 3733; x_wconf 79' lang='grc' dir='ltr'>ἑτέρου</span> <span class='ocrx_word' id='word_1_588' title='bbox 3085 3660 3402 3729; x_wconf 75' lang='grc' dir='ltr'>ἐξελόμενος</span> <span class='ocrx_word' id='word_1_589' title='bbox 3441 3659 3626 3727; x_wconf 75' lang='grc' dir='ltr'>ἄκρου</span> <span class='ocrx_word' id='word_1_590' title='bbox 3653 3657 3733 3709; x_wconf 82' lang='grc' dir='ltr'><strong>καὶ</strong></span> <span class='ocrx_word' id='word_1_591' title='bbox 3754 3657 3800 3706; x_wconf 81' lang='grc' dir='ltr'>ἐν</span> 
     </span>
    </p>
   </div>
   <div class='ocr_carea' id='block_1_83' title="bbox 2258 3747 3799 3826">
    <p class='ocr_par' dir='ltr' id='par_1_83' title="bbox 2258 3747 3799 3826">
     <span class='ocr_line' id='line_1_83' title="bbox 2258 3747 3799 3826; baseline -0.008 -15"><span class='ocrx_word' id='word_1_592' title='bbox 2258 3755 2411 3813; x_wconf 82' lang='grc' dir='ltr'>πᾶσι</span> <span class='ocrx_word' id='word_1_593' title='bbox 2440 3764 2469 3805; x_wconf 69' lang='grc'>7</span> <span class='ocrx_word' id='word_1_594' title='bbox 2496 3755 2873 3826; x_wconf 78' lang='grc' dir='ltr'><strong>λογισάμενος.</strong></span> <span class='ocrx_word' id='word_1_595' title='bbox 2902 3752 3187 3807; x_wconf 88' lang='grc' dir='ltr'>Τοσούτων</span> <span class='ocrx_word' id='word_1_596' title='bbox 3209 3749 3301 3806; x_wconf 77' lang='grc' dir='ltr'><strong>οὖν</strong></span> <span class='ocrx_word' id='word_1_597' title='bbox 3325 3750 3569 3819; x_wconf 84' lang='grc' dir='ltr'>γεγονὼς</span> <span class='ocrx_word' id='word_1_598' title='bbox 3589 3750 3645 3801; x_wconf 81' lang='grc' dir='ltr'><strong>ὲν</strong></span> <span class='ocrx_word' id='word_1_599' title='bbox 3666 3747 3799 3815; x_wconf 63' lang='grc' dir='ltr'>πείρᾳ</span> 
     </span>
    </p>
   </div>
   <div class='ocr_carea' id='block_1_84' title="bbox 2259 3838 3795 3918">
    <p class='ocr_par' dir='ltr' id='par_1_84' title="bbox 2259 3838 3795 3918">
     <span class='ocr_line' id='line_1_84' title="bbox 2259 3838 3795 3918; baseline -0.008 -16"><span class='ocrx_word' id='word_1_600' title='bbox 2259 3846 2578 3918; x_wconf 88' lang='grc' dir='ltr'>θαυμάτων,</span> <span class='ocrx_word' id='word_1_601' title='bbox 2606 3845 2797 3918; x_wconf 76' lang='grc' dir='ltr'>θάρῤει</span> <span class='ocrx_word' id='word_1_602' title='bbox 2819 3859 2833 3874; x_wconf 82' lang='grc'><em>’</em></span> <span class='ocrx_word' id='word_1_603' title='bbox 2869 3844 2975 3901; x_wconf 77' lang='grc' dir='ltr'>κᾶν</span> <span class='ocrx_word' id='word_1_604' title='bbox 3022 3843 3196 3896; x_wconf 87' lang='grc' dir='ltr'>πολλά</span> <span class='ocrx_word' id='word_1_605' title='bbox 3220 3859 3281 3909; x_wconf 89' lang='grc' dir='ltr'>σε</span> <span class='ocrx_word' id='word_1_606' title='bbox 3313 3841 3443 3911; x_wconf 73' lang='grc' dir='ltr'>ἔθνη</span> <span class='ocrx_word' id='word_1_607' title='bbox 3490 3838 3795 3911; x_wconf 63' lang='grc' dir='ltr'>πρικυκλοί,</span> 
     </span>
    </p>
   </div>
   <div class='ocr_carea' id='block_1_85' title="bbox 2261 3929 3797 4013">
    <p class='ocr_par' dir='ltr' id='par_1_85' title="bbox 2261 3929 3797 4013">
     <span class='ocr_line' id='line_1_85' title="bbox 2261 3929 3797 4013; baseline -0.019 -3"><span class='ocrx_word' id='word_1_608' title='bbox 2261 3940 2337 4013; x_wconf 75' lang='grc' dir='ltr'><strong>μὴ</strong></span> <span class='ocrx_word' id='word_1_609' title='bbox 2365 3938 2596 3994; x_wconf 63' lang='grc' dir='ltr'><strong>πλανίῖλ</strong></span> <span class='ocrx_word' id='word_1_610' title='bbox 2640 3937 2782 4006; x_wconf 86' lang='grc' dir='ltr'><strong>Ἐγὼ</strong></span> <span class='ocrx_word' id='word_1_611' title='bbox 2830 3936 2938 4007; x_wconf 83' lang='grc' dir='ltr'><strong>γὰρ</strong></span> <span class='ocrx_word' id='word_1_612' title='bbox 2986 3936 3015 3989; x_wconf 90' lang='lat'><strong>6</strong></span> <span class='ocrx_word' id='word_1_613' title='bbox 3044 3935 3172 3998; x_wconf 80' lang='grc' dir='ltr'>τοὺς</span> <span class='ocrx_word' id='word_1_614' title='bbox 3206 3935 3330 3996; x_wconf 81' lang='grc' dir='ltr'>σοὺς</span> <span class='ocrx_word' id='word_1_615' title='bbox 3384 3933 3613 4004; x_wconf 69' lang='grc' dir='ltr'>ἐχθροὺς</span> <span class='ocrx_word' id='word_1_616' title='bbox 3642 3929 3797 4000; x_wconf 83' lang='grc' dir='ltr'>μετελ-</span> 
     </span>
    </p>
   </div>
   <div class='ocr_carea' id='block_1_86' title="bbox 2258 4025 3794 4098">
    <p class='ocr_par' dir='ltr' id='par_1_86' title="bbox 2258 4025 3794 4098">
     <span class='ocr_line' id='line_1_86' title="bbox 2258 4025 3794 4098; baseline -0.008 -12"><span class='ocrx_word' id='word_1_617' title='bbox 2258 4030 2388 4095; x_wconf 81' lang='grc' dir='ltr'>θὼν,</span> <span class='ocrx_word' id='word_1_618' title='bbox 2431 4030 2537 4083; x_wconf 85' lang='grc' dir='ltr'>κᾶν</span> <span class='ocrx_word' id='word_1_619' title='bbox 2582 4029 2761 4098; x_wconf 75' lang='grc' dir='ltr'>ἕτεροι</span> <span class='ocrx_word' id='word_1_620' title='bbox 2806 4028 3045 4095; x_wconf 84' lang='grc' dir='ltr'>φανεῖεν,</span> <span class='ocrx_word' id='word_1_621' title='bbox 3102 4027 3184 4089; x_wconf 84' lang='grc' dir='ltr'>είς</span> <span class='ocrx_word' id='word_1_622' title='bbox 3210 4025 3362 4079; x_wconf 80' lang='grc' dir='ltr'>οὐδὲν</span> <span class='ocrx_word' id='word_1_623' title='bbox 3400 4025 3794 4095; x_wconf 82' lang='grc' dir='ltr'>λογισθήσονται.</span> 
     </span>
    </p>
   </div>
   <div class='ocr_carea' id='block_1_87' title="bbox 2271 4110 3798 4187">
    <p class='ocr_par' dir='ltr' id='par_1_87' title="bbox 2271 4110 3798 4187">
     <span class='ocr_line' id='line_1_87' title="bbox 2271 4110 3798 4187; baseline -0.007 -12"><span class='ocrx_word' id='word_1_624' title='bbox 2271 4120 2411 4175; x_wconf 86' lang='grc' dir='ltr'>Ἀλλ’</span> <span class='ocrx_word' id='word_1_625' title='bbox 2456 4121 2587 4183; x_wconf 78' lang='grc' dir='ltr'>ίσως</span> <span class='ocrx_word' id='word_1_626' title='bbox 2631 4116 2882 4184; x_wconf 77' lang='grc' dir='ltr'><strong>δειλιᾷς,</strong></span> <span class='ocrx_word' id='word_1_627' title='bbox 2912 4116 3012 4187; x_wconf 77' lang='grc' dir='ltr'><strong>τὴν</strong></span> <span class='ocrx_word' id='word_1_628' title='bbox 3043 4117 3144 4185; x_wconf 81' lang='grc' dir='ltr'><strong>σὴν</strong></span> <span class='ocrx_word' id='word_1_629' title='bbox 3175 4115 3465 4187; x_wconf 84' lang='grc' dir='ltr'>ὀλιγότητα</span> <span class='ocrx_word' id='word_1_630' title='bbox 3498 4115 3699 4186; x_wconf 79' lang='grc' dir='ltr'>βλέπων</span> <span class='ocrx_word' id='word_1_631' title='bbox 3722 4110 3798 4166; x_wconf 80' lang='grc' dir='ltr'><strong>καὶ</strong></span> 
     </span>
    </p>
   </div>
   <div class='ocr_carea' id='block_1_88' title="bbox 2257 4203 3797 4277">
    <p class='ocr_par' dir='ltr' id='par_1_88' title="bbox 2257 4203 3797 4277">
     <span class='ocr_line' id='line_1_88' title="bbox 2257 4203 3797 4277; baseline -0.008 -9"><span class='ocrx_word' id='word_1_632' title='bbox 2257 4213 2367 4269; x_wconf 86' lang='grc' dir='ltr'><strong>τῶν</strong></span> <span class='ocrx_word' id='word_1_633' title='bbox 2391 4209 2738 4267; x_wconf 70' lang='grc' dir='ltr'>κυκλούντων</span> <span class='ocrx_word' id='word_1_634' title='bbox 2762 4209 2824 4261; x_wconf 83' lang='grc' dir='ltr'><strong>τὸ</strong></span> <span class='ocrx_word' id='word_1_635' title='bbox 2870 4206 3097 4277; x_wconf 78' lang='grc' dir='ltr'>πλῆθος.</span> <span class='ocrx_word' id='word_1_636' title='bbox 3137 4206 3300 4259; x_wconf 78' lang='grc' dir='ltr'>Ἀλλά</span> <span class='ocrx_word' id='word_1_637' title='bbox 3327 4207 3426 4276; x_wconf 76' lang='grc' dir='ltr'>τὴν</span> <span class='ocrx_word' id='word_1_638' title='bbox 3468 4205 3605 4276; x_wconf 72' lang='grc' dir='ltr'>ἐμὴν</span> <span class='ocrx_word' id='word_1_639' title='bbox 3636 4203 3797 4257; x_wconf 76' lang='grc' dir='ltr'>σκότει</span> 
     </span>
    </p>
   </div>
   <div class='ocr_carea' id='block_1_89' title="bbox 2253 4295 3801 4376">
    <p class='ocr_par' dir='ltr' id='par_1_89' title="bbox 2253 4295 3801 4376">
     <span class='ocr_line' id='line_1_89' title="bbox 2253 4295 3801 4376; baseline -0.008 -17"><span class='ocrx_word' id='word_1_640' title='bbox 2253 4304 2571 4376; x_wconf 74' lang='grc' dir='ltr'><strong>βοήθειαν,</strong></span> <span class='ocrx_word' id='word_1_641' title='bbox 2603 4302 2670 4356; x_wconf 89' lang='grc' dir='ltr'>δι’</span> <span class='ocrx_word' id='word_1_642' title='bbox 2697 4295 2767 4373; x_wconf 71' lang='grc' dir='ltr'>ἧς</span> <span class='ocrx_word' id='word_1_643' title='bbox 2790 4298 3131 4369; x_wconf 80' lang='grc' dir='ltr'>κατακόψετε</span> <span class='ocrx_word' id='word_1_644' title='bbox 3157 4298 3283 4359; x_wconf 79' lang='grc' dir='ltr'>τοὺς</span> <span class='ocrx_word' id='word_1_645' title='bbox 3330 4296 3453 4350; x_wconf 85' lang='grc' dir='ltr'>καθ’</span> <span class='ocrx_word' id='word_1_646' title='bbox 3488 4296 3640 4365; x_wconf 86' lang='grc' dir='ltr'>ὑμῶν</span> <span class='ocrx_word' id='word_1_647' title='bbox 3658 4296 3801 4362; x_wconf 72' lang='grc' dir='ltr'>ἐπαρ-</span> 
     </span>
    </p>
   </div>
   <div class='ocr_carea' id='block_1_90' title="bbox 2259 4384 3800 4459">
    <p class='ocr_par' dir='ltr' id='par_1_90' title="bbox 2259 4384 3800 4459">
     <span class='ocr_line' id='line_1_90' title="bbox 2259 4384 3800 4459; baseline -0.01 -11"><span class='ocrx_word' id='word_1_648' title='bbox 2259 4394 2470 4459; x_wconf 76' lang='grc' dir='ltr'>θέντας,</span> <span class='ocrx_word' id='word_1_649' title='bbox 2497 4393 2573 4456; x_wconf 83' lang='grc' dir='ltr'>ὡς</span> <span class='ocrx_word' id='word_1_650' title='bbox 2620 4392 2785 4458; x_wconf 77' lang='grc' dir='ltr'>ὄρεσι</span> <span class='ocrx_word' id='word_1_651' title='bbox 2812 4390 2906 4443; x_wconf 76' lang='grc' dir='ltr'><strong>καὶ</strong></span> <span class='ocrx_word' id='word_1_652' title='bbox 2927 4387 3183 4453; x_wconf 82' lang='grc' dir='ltr'><strong>βουνοῖς</strong></span> <span class='ocrx_word' id='word_1_653' title='bbox 3215 4384 3627 4449; x_wconf 76' lang='grc' dir='ltr'>ἁπεικάζεσθαι.</span> <span class='ocrx_word' id='word_1_654' title='bbox 3652 4384 3800 4448; x_wconf 86' lang='grc' dir='ltr'>Ὅπερ</span> 
     </span>
    </p>
   </div>
   <div class='ocr_carea' id='block_1_91' title="bbox 576 4463 2156 4552">
    <p class='ocr_par' dir='ltr' id='par_1_91' title="bbox 576 4475 2152 4541">
     <span class='ocr_line' id='line_1_91' title="bbox 576 4475 2152 4541; baseline -0.003 -11"><span class='ocrx_word' id='word_1_655' title='bbox 576 4488 686 4532; x_wconf 91' lang='lat' dir='ltr'><strong>tem</strong></span> <span class='ocrx_word' id='word_1_656' title='bbox 732 4476 1137 4531; x_wconf 83' lang='lat' dir='ltr'><strong>multitudinem</strong></span> <span class='ocrx_word' id='word_1_657' title='bbox 1182 4475 1436 4537; x_wconf 89' lang='lat' dir='ltr'><strong>intueris.</strong></span> <span class='ocrx_word' id='word_1_658' title='bbox 1481 4475 1682 4541; x_wconf 76' lang='lat' dir='ltr'><strong>Verum</strong></span> <span class='ocrx_word' id='word_1_659' title='bbox 1736 4479 1804 4533; x_wconf 90' lang='lat' dir='ltr'><strong>ad</strong></span> <span class='ocrx_word' id='word_1_660' title='bbox 1844 4498 2022 4536; x_wconf 87' lang='lat' dir='ltr'><strong>meum</strong></span> <span class='ocrx_word' id='word_1_661' title='bbox 2067 4499 2152 4540; x_wconf 87' lang='lat' dir='ltr'><strong>re-</strong></span> 
     </span>
    </p>
   </div>
   <div class='ocr_carea' id='block_1_92' title="bbox 2258 4463 3800 4552">
    <p class='ocr_par' dir='ltr' id='par_1_92' title="bbox 2260 4474 3800 4552">
     <span class='ocr_line' id='line_1_92' title="bbox 2260 4474 3800 4552; baseline -0.01 -15"><span class='ocrx_word' id='word_1_662' title='bbox 2260 4485 2352 4538; x_wconf 68' lang='grc' dir='ltr'>ἐπὶ</span> <span class='ocrx_word' id='word_1_663' title='bbox 2374 4483 2480 4536; x_wconf 85' lang='grc' dir='ltr'><strong>τῶν</strong></span> <span class='ocrx_word' id='word_1_664' title='bbox 2527 4488 2645 4552; x_wconf 83' lang='grc' dir='ltr'>ρπε⁹</span> <span class='ocrx_word' id='word_1_665' title='bbox 2679 4480 2927 4551; x_wconf 82' lang='grc' dir='ltr'>χιλιάδων</span> <span class='ocrx_word' id='word_1_666' title='bbox 2971 4478 3078 4531; x_wconf 90' lang='grc' dir='ltr'><strong>τῶν</strong></span> <span class='ocrx_word' id='word_1_667' title='bbox 3124 4475 3423 4547; x_wconf 68' lang='grc' dir='ltr'>Ἀσσυρίων</span> <span class='ocrx_word' id='word_1_668' title='bbox 3466 4474 3691 4542; x_wconf 74' lang='grc' dir='ltr'><strong>ἐγένετο,</strong></span> <span class='ocrx_word' id='word_1_669' title='bbox 3720 4487 3800 4541; x_wconf 75' lang='grc' dir='ltr'>μη-</span> 
     </span>
    </p>
   </div>
   <div class='ocr_carea' id='block_1_93' title="bbox 575 4565 2152 4640">
    <p class='ocr_par' dir='ltr' id='par_1_93' title="bbox 575 4565 2152 4640">
     <span class='ocr_line' id='line_1_93' title="bbox 575 4565 2152 4640; baseline 0.006 -18"><span class='ocrx_word' id='word_1_670' title='bbox 575 4568 731 4637; x_wconf 85' lang='lat' dir='ltr'><strong>spice</strong></span> <span class='ocrx_word' id='word_1_671' title='bbox 784 4568 1082 4633; x_wconf 76' lang='lat' dir='ltr'><strong>auxilium;</strong></span> <span class='ocrx_word' id='word_1_672' title='bbox 1121 4581 1231 4635; x_wconf 93' lang='lat' dir='ltr'><strong>quo</strong></span> <span class='ocrx_word' id='word_1_673' title='bbox 1284 4565 1530 4635; x_wconf 89' lang='lat' dir='ltr'><strong>adjutus,</strong></span> <span class='ocrx_word' id='word_1_674' title='bbox 1586 4569 1933 4640; x_wconf 79' lang='lat' dir='ltr'><strong>insurgentes</strong></span> <span class='ocrx_word' id='word_1_675' title='bbox 1989 4573 2044 4628; x_wconf 91' lang='lat' dir='ltr'><strong>in</strong></span> <span class='ocrx_word' id='word_1_676' title='bbox 2100 4586 2152 4633; x_wconf 88' lang='lat' dir='ltr'><strong>te</strong></span> 
     </span>
    </p>
   </div>
   <div class='ocr_carea' id='block_1_94' title="bbox 574 4657 2156 4730">
    <p class='ocr_par' dir='ltr' id='par_1_94' title="bbox 574 4657 2156 4730">
     <span class='ocr_line' id='line_1_94' title="bbox 574 4657 2156 4730; baseline 0.004 -13"><span class='ocrx_word' id='word_1_677' title='bbox 574 4662 768 4717; x_wconf 83' lang='lat' dir='ltr'><strong>hostes</strong></span> <span class='ocrx_word' id='word_1_678' title='bbox 789 4659 1058 4719; x_wconf 78' lang='lat' dir='ltr'><strong>utentibus</strong></span> <span class='ocrx_word' id='word_1_679' title='bbox 1080 4657 1217 4726; x_wconf 89' lang='lat' dir='ltr'><strong>ipsis</strong></span> <span class='ocrx_word' id='word_1_680' title='bbox 1263 4666 1320 4712; x_wconf 90' lang='lat' dir='ltr'><strong>et</strong></span> <span class='ocrx_word' id='word_1_681' title='bbox 1355 4657 1579 4713; x_wconf 78' lang='lat' dir='ltr'><strong>collibus</strong></span> <span class='ocrx_word' id='word_1_682' title='bbox 1621 4670 1972 4730; x_wconf 88' lang='lat' dir='ltr'><strong>comparatos</strong></span> <span class='ocrx_word' id='word_1_683' title='bbox 2028 4680 2156 4723; x_wconf 85' lang='lat' dir='ltr'><strong>con-</strong></span> 
     </span>
    </p>
   </div>
   <div class='ocr_carea' id='block_1_95' title="bbox 575 4744 2154 4818">
    <p class='ocr_par' dir='ltr' id='par_1_95' title="bbox 575 4744 2154 4818">
     <span class='ocr_line' id='line_1_95' title="bbox 575 4744 2154 4818; baseline 0.004 -13"><span class='ocrx_word' id='word_1_684' title='bbox 575 4749 801 4805; x_wconf 75' lang='lat' dir='ltr'><strong>feceris.</strong></span> <span class='ocrx_word' id='word_1_685' title='bbox 846 4747 1000 4802; x_wconf 87' lang='lat' dir='ltr'><strong>Sicut</strong></span> <span class='ocrx_word' id='word_1_686' title='bbox 1049 4747 1103 4801; x_wconf 93' lang='lat' dir='ltr'><strong>in</strong></span> <span class='ocrx_word' id='word_1_687' title='bbox 1159 4744 1467 4810; x_wconf 79' lang='lat' dir='ltr'><strong>CLXXXV,</strong></span> <span class='ocrx_word' id='word_1_688' title='bbox 1501 4747 1854 4818; x_wconf 86' lang='lat' dir='ltr'><strong>Assyriorum</strong></span> <span class='ocrx_word' id='word_1_689' title='bbox 1907 4753 2154 4813; x_wconf 84' lang='lat' dir='ltr'><strong>millibus</strong></span> 
     </span>
    </p>
   </div>
   <div class='ocr_carea' id='block_1_96' title="bbox 573 4837 2152 4921">
    <p class='ocr_par' dir='ltr' id='par_1_96' title="bbox 573 4837 2152 4921">
     <span class='ocr_line' id='line_1_96' title="bbox 573 4837 2152 4921; baseline 0.003 -25"><span class='ocrx_word' id='word_1_690' title='bbox 573 4841 771 4921; x_wconf 86' lang='lat' dir='ltr'><strong>patuit,</strong></span> <span class='ocrx_word' id='word_1_691' title='bbox 794 4839 889 4911; x_wconf 86' lang='lat' dir='ltr'><strong>qui</strong></span> <span class='ocrx_word' id='word_1_692' title='bbox 913 4848 1051 4894; x_wconf 89' lang='lat' dir='ltr'><strong>tene</strong></span> <span class='ocrx_word' id='word_1_693' title='bbox 1071 4837 1357 4893; x_wconf 90' lang='lat' dir='ltr'><strong>adoriente</strong></span> <span class='ocrx_word' id='word_1_694' title='bbox 1383 4837 1626 4913; x_wconf 85' lang='lat' dir='ltr'><strong>quidem,</strong></span> <span class='ocrx_word' id='word_1_695' title='bbox 1654 4853 1774 4893; x_wconf 93' lang='lat' dir='ltr'><strong>mea</strong></span> <span class='ocrx_word' id='word_1_696' title='bbox 1799 4842 1963 4898; x_wconf 92' lang='lat' dir='ltr'><strong>unius</strong></span> <span class='ocrx_word' id='word_1_697' title='bbox 1984 4859 2152 4913; x_wconf 89' lang='lat' dir='ltr'><strong>opera</strong></span> 
     </span>
    </p>
   </div>
   <div class='ocr_carea' id='block_1_97' title="bbox 2261 4562 3797 4642">
    <p class='ocr_par' dir='ltr' id='par_1_97' title="bbox 2261 4562 3797 4642">
     <span class='ocr_line' id='line_1_97' title="bbox 2261 4562 3797 4642; baseline -0.009 -15"><span class='ocrx_word' id='word_1_698' title='bbox 2261 4573 2320 4627; x_wconf 78' lang='grc' dir='ltr'>δὲ</span> <span class='ocrx_word' id='word_1_699' title='bbox 2371 4571 2780 4642; x_wconf 85' lang='grc' dir='ltr'>πολεμήσαντος</span> <span class='ocrx_word' id='word_1_700' title='bbox 2818 4568 3053 4640; x_wconf 79' lang='grc' dir='ltr'>Ἰσραήλ.</span> <span class='ocrx_word' id='word_1_701' title='bbox 3104 4568 3187 4619; x_wconf 75' lang='grc' dir='ltr'><strong>Τά</strong></span> <span class='ocrx_word' id='word_1_702' title='bbox 3214 4567 3272 4620; x_wconf 85' lang='grc' dir='ltr'>δὲ</span> <span class='ocrx_word' id='word_1_703' title='bbox 3308 4567 3433 4630; x_wconf 78' lang='grc' dir='ltr'>τοὺς</span> <span class='ocrx_word' id='word_1_704' title='bbox 3479 4564 3695 4635; x_wconf 76' lang='grc' dir='ltr'>ἐχθροὺς</span> <span class='ocrx_word' id='word_1_705' title='bbox 3723 4562 3797 4614; x_wconf 85' lang='grc' dir='ltr'><strong>αὐ-</strong></span> 
     </span>
    </p>
   </div>
   <div class='ocr_carea' id='block_1_98' title="bbox 2260 4646 3797 4732">
    <p class='ocr_par' dir='ltr' id='par_1_98' title="bbox 2260 4646 3797 4732">
     <span class='ocr_line' id='line_1_98' title="bbox 2260 4646 3797 4732; baseline -0.008 -14"><span class='ocrx_word' id='word_1_706' title='bbox 2260 4665 2369 4718; x_wconf 86' lang='grc' dir='ltr'><strong>τῶν</strong></span> <span class='ocrx_word' id='word_1_707' title='bbox 2422 4646 2843 4732; x_wconf 78' lang='grc' dir='ltr'>καταληψόμενα</span> <span class='ocrx_word' id='word_1_708' title='bbox 2899 4660 3046 4729; x_wconf 87' lang='grc' dir='ltr'>πάθη</span> <span class='ocrx_word' id='word_1_709' title='bbox 3108 4658 3260 4728; x_wconf 83' lang='grc' dir='ltr'>δηλοί</span> <span class='ocrx_word' id='word_1_710' title='bbox 3322 4658 3383 4711; x_wconf 83' lang='grc' dir='ltr'>τό</span> <span class='ocrx_word' id='word_1_711' title='bbox 3406 4673 3420 4688; x_wconf 75' lang='grc'><strong><em>⁸</em></strong></span> <span class='ocrx_word' id='word_1_712' title='bbox 3447 4656 3797 4724; x_wconf 72' lang='grc' dir='ltr'>Ζητήσουσιν</span> 
     </span>
    </p>
   </div>
   <div class='ocr_carea' id='block_1_99' title="bbox 2259 4740 3797 4825">
    <p class='ocr_par' dir='ltr' id='par_1_99' title="bbox 2259 4740 3797 4825">
     <span class='ocr_line' id='line_1_99' title="bbox 2259 4740 3797 4825; baseline -0.01 -13"><span class='ocrx_word' id='word_1_713' title='bbox 2259 4756 2437 4825; x_wconf 77' lang='grc' dir='ltr'>ὕδωρ,</span> <span class='ocrx_word' id='word_1_714' title='bbox 2488 4756 2582 4809; x_wconf 64' lang='grc' dir='ltr'><strong>καὶ⁵</strong></span> <span class='ocrx_word' id='word_1_715' title='bbox 2604 4740 2717 4822; x_wconf 78' lang='grc' dir='ltr'>οὐχ</span> <span class='ocrx_word' id='word_1_716' title='bbox 2751 4752 3103 4820; x_wconf 78' lang='grc' dir='ltr'>εὑρήσουσι.</span> <span class='ocrx_word' id='word_1_717' title='bbox 3136 4752 3219 4805; x_wconf 83' lang='grc' dir='ltr'><strong>Τὰ</strong></span> <span class='ocrx_word' id='word_1_718' title='bbox 3262 4750 3321 4804; x_wconf 82' lang='grc' dir='ltr'>δὲ</span> <span class='ocrx_word' id='word_1_719' title='bbox 3347 4750 3472 4820; x_wconf 78' lang='grc' dir='ltr'>περὶ</span> <span class='ocrx_word' id='word_1_720' title='bbox 3508 4748 3626 4801; x_wconf 76' lang='grc' dir='ltr'><strong>τῶν</strong></span> <span class='ocrx_word' id='word_1_721' title='bbox 3650 4758 3797 4799; x_wconf 69' lang='grc' dir='ltr'>ποτα·</span> 
     </span>
    </p>
   </div>
   <div class='ocr_carea' id='block_1_100' title="bbox 2255 4833 3795 4919">
    <p class='ocr_par' dir='ltr' id='par_1_100' title="bbox 2255 4833 3795 4919">
     <span class='ocr_line' id='line_1_100' title="bbox 2255 4833 3795 4919; baseline -0.011 -16"><span class='ocrx_word' id='word_1_722' title='bbox 2255 4848 2387 4919; x_wconf 79' lang='grc' dir='ltr'><strong>μῶν</strong></span> <span class='ocrx_word' id='word_1_723' title='bbox 2417 4847 2510 4901; x_wconf 65' lang='grc' dir='ltr'><strong>καὶ¹</strong></span> <span class='ocrx_word' id='word_1_724' title='bbox 2549 4846 2643 4901; x_wconf 74' lang='grc' dir='ltr'><strong>ἐπὶ</strong></span> <span class='ocrx_word' id='word_1_725' title='bbox 2684 4844 2785 4914; x_wconf 86' lang='grc' dir='ltr'>τῆς</span> <span class='ocrx_word' id='word_1_726' title='bbox 2812 4844 3055 4913; x_wconf 84' lang='grc' dir='ltr'>ἱστορίας</span> <span class='ocrx_word' id='word_1_727' title='bbox 3083 4841 3369 4911; x_wconf 82' lang='grc' dir='ltr'>γεγονέναι</span> <span class='ocrx_word' id='word_1_728' title='bbox 3394 4840 3578 4908; x_wconf 81' lang='grc' dir='ltr'>φασὶν,</span> <span class='ocrx_word' id='word_1_729' title='bbox 3622 4837 3690 4899; x_wconf 85' lang='grc' dir='ltr'>ὡς</span> <span class='ocrx_word' id='word_1_730' title='bbox 3721 4833 3795 4887; x_wconf 74' lang='grc' dir='ltr'>καὶ</span> 
     </span>
    </p>
   </div>
   <div class='ocr_carea' id='block_1_101' title="bbox 574 4920 2156 5009">
    <p class='ocr_par' dir='ltr' id='par_1_101' title="bbox 574 4930 2156 5001">
     <span class='ocr_line' id='line_1_101' title="bbox 574 4930 2156 5001; baseline 0.027 -47"><span class='ocrx_word' id='word_1_731' title='bbox 574 4933 980 4991; x_wconf 48' lang='lat' dir='ltr'><strong>ceciderunt“.</strong></span> <span class='ocrx_word' id='word_1_732' title='bbox 1014 4930 1267 4986; x_wconf 76' lang='lat' dir='ltr'><strong>Ostendit</strong></span> <span class='ocrx_word' id='word_1_733' title='bbox 1321 4945 1486 5001; x_wconf 88' lang='lat' dir='ltr'><strong>porro</strong></span> <span class='ocrx_word' id='word_1_734' title='bbox 1518 4945 1641 4999; x_wconf 70' lang='lat' dir='ltr'><strong>qum</strong></span> <span class='ocrx_word' id='word_1_735' title='bbox 1703 4932 1903 4988; x_wconf 88' lang='lat' dir='ltr'><strong>damna</strong></span> <span class='ocrx_word' id='word_1_736' title='bbox 1964 4937 2156 4996; x_wconf 85' lang='lat' dir='ltr'><strong>hostes</strong></span> 
     </span>
    </p>
   </div>
   <div class='ocr_carea' id='block_1_102' title="bbox 2258 4920 3795 5009">
    <p class='ocr_par' dir='ltr' id='par_1_102' title="bbox 2258 4920 3795 5009">
     <span class='ocr_line' id='line_1_102' title="bbox 2258 4920 3795 5009; baseline -0.009 -18"><span class='ocrx_word' id='word_1_737' title='bbox 2258 4943 2462 5008; x_wconf 76' lang='grc' dir='ltr'>πέτρας</span> <span class='ocrx_word' id='word_1_738' title='bbox 2492 4937 2835 5009; x_wconf 84' lang='grc' dir='ltr'>ἀκροτόμους</span> <span class='ocrx_word' id='word_1_739' title='bbox 2870 4935 3172 5005; x_wconf 73' lang='grc' dir='ltr'>ἐκραγῆναι</span> <span class='ocrx_word' id='word_1_740' title='bbox 3203 4935 3342 5002; x_wconf 72' lang='grc' dir='ltr'>πρὸς</span> <span class='ocrx_word' id='word_1_741' title='bbox 3379 4931 3542 4984; x_wconf 78' lang='grc' dir='ltr'>ὕδατα</span> <span class='ocrx_word' id='word_1_742' title='bbox 3566 4946 3580 4962; x_wconf 88' lang='grc'><strong>·</strong></span> <span class='ocrx_word' id='word_1_743' title='bbox 3610 4926 3696 4981; x_wconf 74' lang='grc' dir='ltr'><strong>καὶ</strong></span> <span class='ocrx_word' id='word_1_744' title='bbox 3720 4920 3795 4977; x_wconf 78' lang='grc' dir='ltr'><strong>αὖ·</strong></span> 
     </span>
    </p>
   </div>
   <div class='ocr_carea' id='block_1_103' title="bbox 574 5024 2153 5099">
    <p class='ocr_par' dir='ltr' id='par_1_103' title="bbox 574 5024 2153 5099">
     <span class='ocr_line' id='line_1_103' title="bbox 574 5024 2153 5099; baseline 0.001 -17"><span class='ocrx_word' id='word_1_745' title='bbox 574 5032 725 5099; x_wconf 86' lang='lat' dir='ltr'><strong>ipsos</strong></span> <span class='ocrx_word' id='word_1_746' title='bbox 760 5024 1004 5080; x_wconf 87' lang='lat' dir='ltr'><strong>invasuri</strong></span> <span class='ocrx_word' id='word_1_747' title='bbox 1033 5024 1146 5080; x_wconf 90' lang='lat' dir='ltr'><strong>sint</strong></span> <span class='ocrx_word' id='word_1_748' title='bbox 1166 5040 1182 5091; x_wconf 91' lang='lat'><strong>;</strong></span> <span class='ocrx_word' id='word_1_749' title='bbox 1206 5037 1332 5078; x_wconf 89' lang='lat' dir='ltr'><strong>cum</strong></span> <span class='ocrx_word' id='word_1_750' title='bbox 1353 5024 1667 5092; x_wconf 70' lang='lat' dir='ltr'><strong>qutesituros</strong></span> <span class='ocrx_word' id='word_1_751' title='bbox 1687 5025 1906 5095; x_wconf 90' lang='lat' dir='ltr'><strong>quidem</strong></span> <span class='ocrx_word' id='word_1_752' title='bbox 1937 5044 2153 5097; x_wconf 86' lang='lat' dir='ltr'><strong>aquam,</strong></span> 
     </span>
    </p>
   </div>
   <div class='ocr_carea' id='block_1_104' title="bbox 566 5100 2154 5185">
    <p class='ocr_par' dir='ltr' id='par_1_104' title="bbox 566 5100 2154 5185">
     <span class='ocr_line' id='line_1_104' title="bbox 566 5100 2154 5185; baseline -0.002 -9"><span class='ocrx_word' id='word_1_753' title='bbox 566 5100 669 5176; x_wconf 67' lang='lat' dir='ltr'><strong>sed</strong></span> <span class='ocrx_word' id='word_1_754' title='bbox 698 5134 802 5179; x_wconf 75' lang='lat' dir='ltr'><strong>non</strong></span> <span class='ocrx_word' id='word_1_755' title='bbox 831 5126 1130 5185; x_wconf 77' lang='lat' dir='ltr'><strong>reperturas</strong></span> <span class='ocrx_word' id='word_1_756' title='bbox 1169 5113 1441 5182; x_wconf 73' lang='lat' dir='ltr'><strong>adjunxit.</strong></span> <span class='ocrx_word' id='word_1_757' title='bbox 1465 5113 1533 5168; x_wconf 86' lang='lat' dir='ltr'><strong>At</strong></span> <span class='ocrx_word' id='word_1_758' title='bbox 1570 5116 1716 5184; x_wconf 91' lang='lat' dir='ltr'><strong>quod</strong></span> <span class='ocrx_word' id='word_1_759' title='bbox 1749 5115 1816 5172; x_wconf 87' lang='lat' dir='ltr'><strong>de</strong></span> <span class='ocrx_word' id='word_1_760' title='bbox 1841 5112 2154 5183; x_wconf 69' lang='lat' dir='ltr'><strong>ﬂuminibus</strong></span> 
     </span>
    </p>
   </div>
   <div class='ocr_carea' id='block_1_105' title="bbox 574 5204 2152 5274">
    <p class='ocr_par' dir='ltr' id='par_1_105' title="bbox 574 5204 2152 5274">
     <span class='ocr_line' id='line_1_105' title="bbox 574 5204 2152 5274; baseline 0.002 -9"><span class='ocrx_word' id='word_1_761' title='bbox 574 5210 734 5274; x_wconf 81' lang='lat' dir='ltr'><strong>dixit,</strong></span> <span class='ocrx_word' id='word_1_762' title='bbox 768 5209 841 5263; x_wconf 91' lang='lat' dir='ltr'><strong>ita</strong></span> <span class='ocrx_word' id='word_1_763' title='bbox 878 5206 1087 5261; x_wconf 79' lang='lat' dir='ltr'><strong>factum</strong></span> <span class='ocrx_word' id='word_1_764' title='bbox 1116 5219 1260 5270; x_wconf 89' lang='lat' dir='ltr'><strong>esse,</strong></span> <span class='ocrx_word' id='word_1_765' title='bbox 1291 5204 1466 5270; x_wconf 88' lang='lat' dir='ltr'><strong>aiunt,</strong></span> <span class='ocrx_word' id='word_1_766' title='bbox 1505 5205 1751 5262; x_wconf 73' lang='lat' dir='ltr'><strong>historia:</strong></span> <span class='ocrx_word' id='word_1_767' title='bbox 1800 5210 1909 5265; x_wconf 66' lang='lat' dir='ltr'><strong>illae</strong></span> <span class='ocrx_word' id='word_1_768' title='bbox 1943 5220 2152 5269; x_wconf 82' lang='lat' dir='ltr'><strong>testan-</strong></span> 
     </span>
    </p>
   </div>
   <div class='ocr_carea' id='block_1_106' title="bbox 576 5296 2154 5373">
    <p class='ocr_par' dir='ltr' id='par_1_106' title="bbox 576 5296 2154 5373">
     <span class='ocr_line' id='line_1_106' title="bbox 576 5296 2154 5373; baseline 0.003 -20"><span class='ocrx_word' id='word_1_769' title='bbox 576 5312 689 5365; x_wconf 82' lang='lat' dir='ltr'><strong>tur,</strong></span> <span class='ocrx_word' id='word_1_770' title='bbox 717 5316 839 5373; x_wconf 66' lang='lat' dir='ltr'><strong>quae</strong></span> <span class='ocrx_word' id='word_1_771' title='bbox 868 5300 937 5355; x_wconf 91' lang='lat' dir='ltr'><strong>de</strong></span> <span class='ocrx_word' id='word_1_772' title='bbox 980 5296 1278 5369; x_wconf 73' lang='lat' dir='ltr'><strong>praeruptis</strong></span> <span class='ocrx_word' id='word_1_773' title='bbox 1298 5298 1473 5367; x_wconf 90' lang='lat' dir='ltr'><strong>petris</strong></span> <span class='ocrx_word' id='word_1_774' title='bbox 1502 5313 1674 5368; x_wconf 90' lang='lat' dir='ltr'><strong>aquas</strong></span> <span class='ocrx_word' id='word_1_775' title='bbox 1701 5315 1994 5358; x_wconf 87' lang='lat' dir='ltr'><strong>emanasse</strong></span> <span class='ocrx_word' id='word_1_776' title='bbox 2024 5320 2154 5359; x_wconf 87' lang='lat' dir='ltr'><strong>nar-</strong></span> 
     </span>
    </p>
   </div>
   <div class='ocr_carea' id='block_1_107' title="bbox 576 5388 2150 5463">
    <p class='ocr_par' dir='ltr' id='par_1_107' title="bbox 576 5388 2150 5463">
     <span class='ocr_line' id='line_1_107' title="bbox 576 5388 2150 5463; baseline -0.01 -11"><span class='ocrx_word' id='word_1_777' title='bbox 576 5405 727 5457; x_wconf 83' lang='lat' dir='ltr'><strong>rant:</strong></span> <span class='ocrx_word' id='word_1_778' title='bbox 760 5407 820 5449; x_wconf 89' lang='lat' dir='ltr'><strong>ut</strong></span> <span class='ocrx_word' id='word_1_779' title='bbox 851 5403 906 5450; x_wconf 90' lang='lat' dir='ltr'><strong>ct</strong></span> <span class='ocrx_word' id='word_1_780' title='bbox 934 5393 1126 5460; x_wconf 81' lang='lat' dir='ltr'><strong>ﬂuvios</strong></span> <span class='ocrx_word' id='word_1_781' title='bbox 1153 5388 1423 5446; x_wconf 82' lang='lat' dir='ltr'><strong>defecisse</strong></span> <span class='ocrx_word' id='word_1_782' title='bbox 1445 5406 1460 5451; x_wconf 88' lang='lat'><strong>;</strong></span> <span class='ocrx_word' id='word_1_783' title='bbox 1485 5403 1608 5444; x_wconf 89' lang='lat' dir='ltr'><strong>cum</strong></span> <span class='ocrx_word' id='word_1_784' title='bbox 1645 5405 1676 5452; x_wconf 84' lang='lat' dir='ltr'><strong>a</strong></span> <span class='ocrx_word' id='word_1_785' title='bbox 1711 5392 1915 5463; x_wconf 77' lang='lat' dir='ltr'><strong>pupulo</strong></span> <span class='ocrx_word' id='word_1_786' title='bbox 1958 5392 2150 5451; x_wconf 77' lang='lat' dir='ltr'><strong>Jurda-</strong></span> 
     </span>
    </p>
   </div>
   <div class='ocr_carea' id='block_1_108' title="bbox 2258 5010 3791 5098">
    <p class='ocr_par' dir='ltr' id='par_1_108' title="bbox 2258 5010 3791 5098">
     <span class='ocr_line' id='line_1_108' title="bbox 2258 5010 3791 5098; baseline -0.011 -16"><span class='ocrx_word' id='word_1_787' title='bbox 2258 5029 2339 5092; x_wconf 90' lang='grc' dir='ltr'>θις</span> <span class='ocrx_word' id='word_1_788' title='bbox 2375 5028 2684 5098; x_wconf 84' lang='grc' dir='ltr'>ποταμοὺς</span> <span class='ocrx_word' id='word_1_789' title='bbox 2716 5026 2982 5087; x_wconf 76' lang='grc' dir='ltr'>ἐκλιπεῖν,</span> <span class='ocrx_word' id='word_1_790' title='bbox 3019 5024 3095 5087; x_wconf 83' lang='grc' dir='ltr'>ὡς</span> <span class='ocrx_word' id='word_1_791' title='bbox 3136 5023 3227 5076; x_wconf 81' lang='grc' dir='ltr'>τὸν</span> <span class='ocrx_word' id='word_1_792' title='bbox 3270 5021 3538 5091; x_wconf 83' lang='grc' dir='ltr'>Ἰορδάνην</span> <span class='ocrx_word' id='word_1_793' title='bbox 3569 5017 3653 5070; x_wconf 77' lang='grc' dir='ltr'><strong>τοῦ</strong></span> <span class='ocrx_word' id='word_1_794' title='bbox 3688 5010 3791 5067; x_wconf 74' lang='grc' dir='ltr'>λαοῦ</span> 
     </span>
    </p>
   </div>
   <div class='ocr_carea' id='block_1_109' title="bbox 2254 5102 3792 5186">
    <p class='ocr_par' dir='ltr' id='par_1_109' title="bbox 2254 5102 3792 5186">
     <span class='ocr_line' id='line_1_109' title="bbox 2254 5102 3792 5186; baseline -0.012 -12"><span class='ocrx_word' id='word_1_795' title='bbox 2254 5118 2642 5179; x_wconf 74' lang='grc' dir='ltr'>διαϐαίνοντος.</span> <span class='ocrx_word' id='word_1_796' title='bbox 2678 5117 2743 5169; x_wconf 88' lang='grc'><strong>’⁸0</strong></span> <span class='ocrx_word' id='word_1_797' title='bbox 2767 5116 2867 5171; x_wconf 75' lang='grc' dir='ltr'>καὶ</span> <span class='ocrx_word' id='word_1_798' title='bbox 2892 5118 2925 5186; x_wconf 78' lang='grc' dir='ltr'>ἡ</span> <span class='ocrx_word' id='word_1_799' title='bbox 2950 5114 3194 5173; x_wconf 78' lang='grc' dir='ltr'>θάλασσα</span> <span class='ocrx_word' id='word_1_800' title='bbox 3222 5112 3491 5173; x_wconf 77' lang='grc' dir='ltr'>παθοῦσα,</span> <span class='ocrx_word' id='word_1_801' title='bbox 3515 5107 3645 5179; x_wconf 74' lang='grc' dir='ltr'>πρὸς</span> <span class='ocrx_word' id='word_1_802' title='bbox 3669 5102 3792 5158; x_wconf 74' lang='grc' dir='ltr'>ἀναί-</span> 
     </span>
    </p>
   </div>
   <div class='ocr_carea' id='block_1_110' title="bbox 2257 5197 3790 5287">
    <p class='ocr_par' dir='ltr' id='par_1_110' title="bbox 2257 5197 3790 5287">
     <span class='ocr_line' id='line_1_110' title="bbox 2257 5197 3790 5287; baseline -0.016 -18"><span class='ocrx_word' id='word_1_803' title='bbox 2257 5230 2405 5287; x_wconf 90' lang='grc' dir='ltr'>ρεσιν</span> <span class='ocrx_word' id='word_1_804' title='bbox 2438 5207 2595 5274; x_wconf 83' lang='grc' dir='ltr'>αὖθις</span> <span class='ocrx_word' id='word_1_805' title='bbox 2622 5212 2730 5264; x_wconf 88' lang='grc' dir='ltr'><strong>τῶν</strong></span> <span class='ocrx_word' id='word_1_806' title='bbox 2755 5208 3069 5278; x_wconf 71' lang='grc' dir='ltr'>Αἰγυπτίων</span> <span class='ocrx_word' id='word_1_807' title='bbox 3121 5206 3337 5278; x_wconf 83' lang='grc' dir='ltr'><strong>ὲχέετο·</strong></span> <span class='ocrx_word' id='word_1_808' title='bbox 3371 5204 3419 5257; x_wconf 85' lang='grc' dir='ltr'><strong>οἶ</strong></span> <span class='ocrx_word' id='word_1_809' title='bbox 3450 5204 3541 5255; x_wconf 72' lang='grc' dir='ltr'>καὶ</span> <span class='ocrx_word' id='word_1_810' title='bbox 3567 5197 3790 5265; x_wconf 69' lang='grc' dir='ltr'>ὲξεὸράσλ</span> 
     </span>
    </p>
   </div>
   <div class='ocr_carea' id='block_1_111' title="bbox 2265 5290 3787 5373">
    <p class='ocr_par' dir='ltr' id='par_1_111' title="bbox 2265 5290 3787 5373">
     <span class='ocr_line' id='line_1_111' title="bbox 2265 5290 3787 5373; baseline -0.011 -8"><span class='ocrx_word' id='word_1_811' title='bbox 2265 5326 2441 5373; x_wconf 89' lang='grc' dir='ltr'>σοντο,</span> <span class='ocrx_word' id='word_1_812' title='bbox 2498 5307 2598 5361; x_wconf 81' lang='grc' dir='ltr'>οὐκ</span> <span class='ocrx_word' id='word_1_813' title='bbox 2646 5306 2740 5371; x_wconf 52' lang='lat' dir='ltr'><strong>(ei;</strong></span> <span class='ocrx_word' id='word_1_814' title='bbox 2803 5303 2970 5373; x_wconf 80' lang='grc' dir='ltr'>ἄμφω</span> <span class='ocrx_word' id='word_1_815' title='bbox 3044 5302 3143 5371; x_wconf 83' lang='grc' dir='ltr'><strong>τῆς</strong></span> <span class='ocrx_word' id='word_1_816' title='bbox 3199 5298 3469 5366; x_wconf 85' lang='grc' dir='ltr'>θαλάσσης</span> <span class='ocrx_word' id='word_1_817' title='bbox 3525 5293 3591 5345; x_wconf 80' lang='grc' dir='ltr'>τά</span> <span class='ocrx_word' id='word_1_818' title='bbox 3643 5290 3787 5361; x_wconf 68' lang='grc' dir='ltr'>μέρη,</span> 
     </span>
    </p>
   </div>
   <div class='ocr_carea' id='block_1_112' title="bbox 2263 5383 3787 5470">
    <p class='ocr_par' dir='ltr' id='par_1_112' title="bbox 2263 5383 3787 5470">
     <span class='ocr_line' id='line_1_112' title="bbox 2263 5383 3787 5470; baseline -0.017 -14"><span class='ocrx_word' id='word_1_819' title='bbox 2263 5402 2377 5457; x_wconf 84' lang='grc' dir='ltr'>ἀλλ’</span> <span class='ocrx_word' id='word_1_820' title='bbox 2424 5400 2552 5454; x_wconf 78' lang='grc' dir='ltr'>ἔνθα</span> <span class='ocrx_word' id='word_1_821' title='bbox 2606 5394 2674 5470; x_wconf 77' lang='grc' dir='ltr'><strong>ἦν</strong></span> <span class='ocrx_word' id='word_1_822' title='bbox 2718 5396 2968 5469; x_wconf 63' lang='grc' dir='ltr'><strong>’ίσραήλμ</strong></span> <span class='ocrx_word' id='word_1_823' title='bbox 2998 5395 3074 5458; x_wconf 77' lang='grc' dir='ltr'>ὡς</span> <span class='ocrx_word' id='word_1_824' title='bbox 3124 5391 3191 5447; x_wconf 84' lang='grc' dir='ltr'>ἂν</span> <span class='ocrx_word' id='word_1_825' title='bbox 3237 5390 3468 5462; x_wconf 82' lang='grc' dir='ltr'>ὁρῶντες</span> <span class='ocrx_word' id='word_1_826' title='bbox 3513 5383 3787 5456; x_wconf 71' lang='grc' dir='ltr'>θαρρήσουσι</span> 
     </span>
    </p>
   </div>
   <div class='ocr_carea' id='block_1_113' title="bbox 648 5577 2252 5644">
    <p class='ocr_par' dir='ltr' id='par_1_113' title="bbox 648 5577 2252 5644">
     <span class='ocr_line' id='line_1_113' title="bbox 648 5577 2252 5644; baseline 0.001 -11"><span class='ocrx_word' id='word_1_827' title='bbox 648 5577 693 5616; x_wconf 63' lang='grc' dir='ltr'>λ’</span> <span class='ocrx_word' id='word_1_828' title='bbox 722 5578 881 5634; x_wconf 79' lang='lat' dir='ltr'><strong>.Ioan.</strong></span> <span class='ocrx_word' id='word_1_829' title='bbox 902 5593 975 5642; x_wconf 86' lang='lat' dir='ltr'><strong>tv,</strong></span> <span class='ocrx_word' id='word_1_830' title='bbox 1017 5577 1105 5632; x_wconf 80' lang='lat' dir='ltr'><strong>l5.</strong></span> <span class='ocrx_word' id='word_1_831' title='bbox 1179 5579 1225 5611; x_wconf 78' lang='grc' dir='ltr'><strong>⁵ο</strong></span> <span class='ocrx_word' id='word_1_832' title='bbox 1253 5578 1411 5633; x_wconf 86' lang='lat' dir='ltr'><strong>Joan.</strong></span> <span class='ocrx_word' id='word_1_833' title='bbox 1437 5594 1531 5640; x_wconf 81' lang='lat' dir='ltr'><strong>vn,</strong></span> <span class='ocrx_word' id='word_1_834' title='bbox 1557 5579 1643 5634; x_wconf 79' lang='lat'><strong>38.</strong></span> <span class='ocrx_word' id='word_1_835' title='bbox 1723 5582 1766 5615; x_wconf 86' lang='lat'><strong>&quot;</strong></span> <span class='ocrx_word' id='word_1_836' title='bbox 1796 5581 1902 5639; x_wconf 89' lang='lat' dir='ltr'><strong>lsa.</strong></span> <span class='ocrx_word' id='word_1_837' title='bbox 1934 5594 2142 5644; x_wconf 74' lang='lat' dir='ltr'><strong>Xxxvn,</strong></span> <span class='ocrx_word' id='word_1_838' title='bbox 2163 5580 2252 5635; x_wconf 76' lang='grc'><strong>36.</strong></span> 
     </span>
    </p>
   </div>
   <div class='ocr_carea' id='block_1_114' title="bbox 1884 5686 2555 5749">
    <p class='ocr_par' dir='ltr' id='par_1_114' title="bbox 1884 5686 2555 5749">
     <span class='ocr_line' id='line_1_114' title="bbox 1884 5686 2555 5749; baseline -0.012 0"><span class='ocrx_word' id='word_1_839' title='bbox 1884 5690 2115 5749; x_wconf 72' lang='lat' dir='ltr'><strong>VARLE</strong></span> <span class='ocrx_word' id='word_1_840' title='bbox 2150 5686 2555 5749; x_wconf 80' lang='lat' dir='ltr'><strong>LECTIONES.</strong></span> 
     </span>
    </p>
   </div>
   <div class='ocr_carea' id='block_1_115' title="bbox 648 5761 1629 5841">
    <p class='ocr_par' dir='ltr' id='par_1_115' title="bbox 648 5761 1629 5841">
     <span class='ocr_line' id='line_1_115' title="bbox 648 5761 1629 5841; baseline -0.005 -22"><span class='ocrx_word' id='word_1_841' title='bbox 648 5781 672 5819; x_wconf 76' lang='grc' dir='ltr'><strong>ιι</strong></span> <span class='ocrx_word' id='word_1_842' title='bbox 706 5785 794 5841; x_wconf 74' lang='grc' dir='ltr'>γρ.</span> <span class='ocrx_word' id='word_1_843' title='bbox 816 5765 1127 5838; x_wconf 76' lang='grc' dir='ltr'>διηρμένον.</span> <span class='ocrx_word' id='word_1_844' title='bbox 1205 5773 1233 5813; x_wconf 72' lang='grc' dir='ltr'><strong><em>γ</em></strong></span> <span class='ocrx_word' id='word_1_845' title='bbox 1258 5780 1345 5832; x_wconf 71' lang='grc' dir='ltr'>γρ.</span> <span class='ocrx_word' id='word_1_846' title='bbox 1368 5763 1423 5817; x_wconf 76' lang='grc' dir='ltr'>ἒν</span> <span class='ocrx_word' id='word_1_847' title='bbox 1448 5761 1629 5817; x_wconf 76' lang='grc' dir='ltr'>παισί.</span> 
     </span>
    </p>
   </div>
  </div>
