3978 6374
167 365 282 431 2361
1255 371 1791 433 COMMENTARII.
1820 373 1901 434 IN
1930 375 2218 437 ISAIAM.
3238 386 3383 450 2362

162 480 417 548 λέγοντεςο
456 467 618 537 Οὗτός
687 490 791 544 μου
846 475 980 541 Θεὸς
1037 477 1066 529 6
1130 478 1394 549 πρότερον
1445 479 1702 532 ἀπιστού-

1810 495 1907 537 nes
1936 481 2053 551 ipse
2108 481 2379 553 trajectus
2423 491 2529 540 est.
2590 484 2741 540 ldem
2793 496 3054 555 praeterea
3114 494 3169 543 et
3230 505 3380 543 mare

164 583 320 641 μενος.
1807 585 2030 641 passum
2057 588 2355 640 esse,cum
2391 590 2611 630 rursum
2646 576 2715 630 ad
2772 576 3035 632 delendos
3090 578 3382 649 [Egyplios

159 664 358 721 eliusum
380 670 482 725 est,
506 661 599 731 qui
634 676 743 718 non
766 670 999 733 utroque
1040 662 1211 718 maris
1253 663 1459 726 littore,
1491 663 1586 719 sed
1614 678 1677 719 ea
1718 672 1931 721 tantum
1964 675 2138 737 parte,
2191 669 2247 723 in
2295 684 2402 740 qua
2450 678 2565 724 tum
2644 672 3011 725 versabantur
3097 670 3380 737 Israelita),

160 753 521 811 ebullicrunt"
552 769 566 819 ;
598 768 707 821 quo
748 768 863 808 rem
919 754 1273 824 contemplati
1341 754 1704 820 conﬁderent,
1744 771 1981 827 eumque
2006 758 2120 828 jam
2180 759 2354 814 Deum
2406 773 2567 816 suum
2636 774 2783 825 esse,
2861 761 2953 815 cui
3005 758 3165 813 tidem
3229 762 3384 829 prius

160 846 479 916 deuegarant,
524 846 929 913 proliterentur.

216 953 277 990 κα
302 934 398 988 κο’.
441 933 679 1004 Ἐγγίζει
729 936 765 1003 ἠ
796 936 991 1003 κρίσις
1012 935 1199 1004 ὑμῶν,
1221 935 1384 1005 λέγει
1410 937 1626 1005 Κύριος
1667 938 1699 991 ὁ

1867 936 2029 1008 462
2048 934 2215 993 Vsus.
2237 935 2428 991 21-29.
2445 935 2837 1005 Appropinquat
2850 936 3113 1004 judicium
3132 946 3381 998 vestrum.

162 1028 296 1090 Θεός.
332 1026 619 1093 Ἧγγισαν
657 1029 715 1078 al
748 1026 973 1090 βουλαὶ
1027 1026 1213 1096 ὑμῶν,
1259 1028 1421 1098 λέγει
1461 1032 1494 1083 d
1516 1030 1702 1092 βασι·-

1815 1028 1927 1081 licit
1960 1028 2219 1081 Dominus
2273 1026 2435 1081 Deus.
2466 1028 2966 1097 Appropinquaruut
3010 1027 3234 1081 consilia
3297 1043 3386 1083 ve-

157 1117 279 1183 λεὺς
324 1116 534 1170 Ἰακώϐ.
577 1117 1023 1186 Ἓγγισάτωσαν
1047 1118 1143 1172 καὶ
1172 1119 1704 1189 ἀναγγειλάτωσαν

1839 1129 1935 1181 ιτα,
1958 1119 2089 1172 dicit
2129 1133 2221 1173 rea:
2249 1116 2435 1171 Jacob.
2474 1118 2923 1186 Appropinquent,
2958 1126 3006 1169 et
3064 1118 3410 1171 annuntieut-

160 1209 279 1279 ὑμῖν
305 1206 342 1262 ᾰ
373 1207 763 1276 συμϐήσεται,
810 1208 849 1277 ἣ
900 1209 972 1263 τὰ
1014 1212 1307 1280 πρότερον
1350 1213 1485 1265 τινα
1512 1208 1593 1282 ἦν
1620 1213 1703 1266 ει-

1810 1209 1947 1264 vobis
1962 1225 2080 1280 qua:
2102 1218 2319 1264 ventura
2345 1219 2489 1271 sunt,
2517 1216 2609 1261 aut
2633 1210 2815 1276 priora
2842 1224 2958 1277 qua:
2985 1218 3157 1272 erant,
3193 1209 3381 1273 dicite,

162 1314 305 1363 ποτε,
334 1296 427 1351 καί
469 1296 882 1367 ἐπιστήσομεν
919 1298 1029 1352 τὸν
1046 1298 1219 1365 νοῦν,
1246 1298 1346 1353 καί
1389 1300 1704 1371 γνωσώμε-

1811 1311 1858 1355 et
1890 1313 2116 1354 mentem
2147 1299 2495 1363 advertemus,
2530 1310 2582 1354 et
2624 1315 2989 1369 cognoscemus
3013 1315 3131 1369 qua:
3172 1298 3382 1363 ultima,

162 1396 236 1455 θα,
272 1392 323 1443 τί
346 1388 414 1443 τὰ
446 1390 700 1459 ἔσχατα,
727 1391 825 1445 καὶ
855 1392 928 1446 τὰ
959 1392 1348 1463 ἐπερχόμενα,
1379 1411 1433 1447 κ.
1461 1409 1513 1447 τ.
1543 1393 1596 1447 λ.

855 1392 928 1446 τὰ
959 1392 1348 1463 ἐπερχόμενα,
1379 1411 1433 1447 κ.
1461 1409 1513 1447 τ.
1543 1393 1596 1447 λ.
1808 1403 1859 1449 et
1888 1409 2005 1464 qua:
2034 1402 2275 1456 uentura,
2298 1398 2404 1447 etc.

219 1484 382 1540 Εἰπὼν
411 1484 511 1554 τῆς
566 1486 696 1556 πρὶν
726 1487 934 1556 ἐρήμου
962 1487 1062 1557 τὴν
1104 1489 1197 1541 ἐπὶ
1229 1488 1288 1541 τὸ
1327 1490 1574 1559 κρεῖττον
1605 1504 1703 1557 μευ

1880 1482 2010 1537 Post
2027 1480 2339 1537 absolutqu
2362 1478 2432 1534 de
2453 1476 2674 1547 regione
2696 1488 3005 1530 sermonem
3029 1487 3152 1542 qua:
3169 1473 3384 1527 deserta

160 1577 381 1647 ταὸολὴν,
431 1575 515 1642 ἐφ’
560 1576 747 1648 ἕτερον
801 1577 1117 1645 μεταϐαίνει
1162 1577 1370 1647 τάγμα,
1409 1577 1438 1631 ὃ
1484 1581 1552 1648 τῇ
1592 1577 1701 1631 τῶν

1817 1570 1941 1626 olim
1968 1571 2082 1640 jam
2112 1569 2309 1624 melior
2353 1572 2643 1631 evaserat;
2677 1564 2744 1618 ad
2789 1564 2957 1618 alium
2993 1578 3183 1618 eorum
3240 1578 3388 1618 nunc

161 1666 362 1722 εἰδώλων
389 1666 746 1736 ὲγκατέμεινε
793 1666 990 1737 πλάνῃ,
1029 1666 1105 1737 μὴ
1136 1669 1435 1738 ὲπιστῆσαν
1462 1668 1547 1720 ὄτι
1579 1666 1702 1737 χεὶρ

1815 1660 2009 1716 transit
2036 1658 2304 1722 ordinem,
2335 1657 2427 1725 qui
2457 1654 2726 1709 idolorum
2755 1668 2941 1709 errore
2967 1652 3204 1707 nondum
3238 1653 3386 1722 posi-

160 1757 334 1828 Κυρίου
364 1756 620 1827 ἐποίησεν
659 1757 852 1812 ταῦτα.
911 1757 1076 1811 Οὐδὲν
1112 1752 1207 1811 οὖν
1256 1757 1383 1828 ὑμῖν
1436 1758 1471 1829 ἢ
1529 1758 1700 1812 κατάο

1816 1759 1880 1816 lo,
1925 1749 2030 1803 ista
2089 1762 2254 1802 manu
2295 1744 2508 1801 Domini
2564 1743 2707 1799 facta
2741 1758 2863 1799 esse
2917 1743 3228 1815 ignorabat.
3266 1741 3387 1797 Una

161 1864 310 1918 κρίσις
354 1846 626 1911 λείπεται,
662 1846 761 1916 τῆς
810 1846 1083 1913 τοσαύτης
1128 1847 1558 1919 ἀναισθητήσασι
1604 1849 1701 1918 χά-

1821 1840 1965 1911 gitur
1996 1838 2173 1904 vobis,
2209 1836 2404 1907 inquit,
2438 1843 2686 1902 superest
2736 1832 3139 1898 condemnatio,
3166 1833 3260 1903 qui
3318 1831 3388 1887 ad

161 1956 297 2007 ριτος.
340 1936 427 1991 Διὸ
474 1936 756 2005 ἐπιλέγει·
794 1938 1087 2007 Ἤγγισαν
1131 1941 1191 1993 αἱ
1237 1938 1462 2003 ,βουλαὶ
1513 1938 1697 2009 ὑμῶν.

1817 1934 2009 1983 .antam
2032 1924 2263 1995 gratiam
2300 1920 2724 1991 Obstupescatis.
2748 1920 2925 1990 Atque
2950 1922 3077 1976 hinc
3108 1930 3212 1986 est,
3240 1919 3388 1991 quod

168 2028 286 2080 ’AvO'
328 2026 388 2080 οὗ
419 2026 736 2098 Σύμμαχος·
783 2029 1108 2099 Ἐγγίσατε,
1142 2029 1297 2100 φησὶ,
1357 2030 1429 2083 τὰ
1480 2029 1703 2099 ισχυρὰ

1819 2017 2293 2086 ιρρνορὶηιιιιανιιηι
2318 2012 2545 2068 consilia
2575 2021 2749 2067 vestra
2773 2013 3091 2082 subiungit;
3127 2026 3226 2094 pro
3266 2010 3390 2081 qui-

159 2115 312 2186 ὑμῶν.
351 2117 405 2171 Ὀ
437 2118 494 2172 δὲ
542 2118 839 2173 Θεοδοτίων
864 2134 879 2151 ·
935 2120 1012 2175 Td
1056 2119 1485 2190 κραταιώματα.
1531 2120 1591 2174 Ὀ
1644 2121 1702 2175 δὲ

1816 2125 1904 2164 ous
1935 2109 2351 2178 appropinquate
2382 2107 2547 2175 fortia
2569 2113 2741 2159 vestra
2773 2103 3169 2174 Symmachus;
3198 2103 3387 2171 ﬁrma-

168 2208 369 2273 Ἀκύλας
403 2225 420 2243 ο
484 2208 842 2276 Ὀστεώσεις
881 2219 925 2248 ι’
980 2210 1125 2265 τοῦτ’
1173 2210 1311 2276 ἔστι,
1356 2214 1485 2275 τοὺς
1540 2212 1699 2276 θεοὺς

1811 2199 2301 2256 meutaTheodmio
2321 2215 2336 2266 ;
2359 2198 2667 2267 fulcimenta
2686 2196 2934 2267 Aquilus,
2954 2193 3382 2249 transtulerunt:

160 2300 287 2370 ὑμῶν
336 2302 413 2364 εἰς
471 2299 533 2355 τὺ
624 2302 789 2373 μέσον
856 2303 1115 2373 ἀγάγετε.
1188 2302 1373 2366 Οὕτως
1437 2304 1705 2376 ἐρμήνευ-

1817 2294 1967 2363 quasi
1995 2292 2133 2348 Deos
2165 2293 2221 2347 in
2247 2291 2485 2347 medium
2521 2289 2769 2360 proferre
2812 2287 3064 2359 jubeant.
3092 2285 3184 2342 Sic
3217 2285 3388 2342 inter-

162 2406 344 2446 σίνηη.

1806 2384 1999 2454 pretati
2028 2390 2177 2441 sunt.
2221 2423 2236 2438 .
2281 2422 2296 2436 .
2340 2420 2358 2437 .
2399 2418 2415 2436 .
2457 2416 2474 2434 .

710 2483 957 2538 ΚΕΦΑΛ.
998 2484 1131 2538 MB’.

2405 2467 2561 2525 CAP.
2600 2466 2765 2523 XLII.
2830 2534 2854 2553 .

118 2600 121 2605 ‹
214 2570 328 2627 α-θ’.
373 2571 590 2627 Ἰακὼϐ
618 2576 651 2628 ὁ
692 2574 833 2641 παῖς
855 2593 999 2643 μου,
1050 2575 1458 2645 ἀντιλήψομαι
1494 2575 1703 2631 αὐτοῦ.
1878 2563 2037 2636 563
2075 2561 2242 2618 Vsus.
2277 2560 2395 2617 1-9.
2448 2559 2616 2614 Iacob
2672 2574 2805 2629 puer
2856 2573 3002 2612 meus
3030 2596 3046 2622 ,
3109 2554 3392 2623 suscipiam

171 2663 384 2733 Ἰσραὴλ
422 2665 767 2733 όὲκλεκτός
794 2683 935 2735 μου,
996 2667 1402 2734 προσεδέξατο
1448 2669 1636 2721 αὐτὸν
1667 2667 1707 2735 ἠ

1820 2673 1959 2721 tum;
1989 2653 2163 2710 Israel
2188 2654 2381 2709 electus
2416 2669 2583 2715 meus,
2611 2651 2840 2720 suscepit
2878 2665 2997 2703 eum
3043 2647 3223 2701 anima
3255 2661 3391 2700 mea.

163 2756 302 2827 ψυχή
327 2776 464 2827 μου.
482 2758 734 2813 ’Ἐδωκα
795 2758 861 2812 τὸ
924 2757 1161 2828 πνεῦμά
1186 2777 1304 2827 μου
1358 2759 1450 2812 ἐπ’
1499 2758 1706 2824 αὐτὸν,

1820 2746 1946 2802 Dedi
1988 2747 2233 2814 spiritum
2262 2760 2431 2797 meum
2471 2758 2627 2810 super
2665 2739 3099 2796 eum..ludicium
3151 2735 3391 2807 gentibus

164 2847 330 2913 κρίσιν
354 2846 475 2913 τοῖς
512 2846 764 2901 ἔθνεσιν
814 2846 1068 2911 ἐξοίσει·
1101 2848 1174 2902 οὐ
1220 2846 1592 2915 κεκράξεται,
1638 2848 1711 2902 οὐ

1823 2834 2159 2902 εάιιεει.ξΝοη
2181 2836 2453 2901 clamabit,
2490 2851 2653 2905 neque
2689 2834 2939 2899 dimittet,
2962 2847 3122 2901 neque
3150 2829 3394 2884 audietur

164 2937 217 2991 δὲ
238 2937 456 3006 ἀνήσει,
487 2937 642 2993 οὐδὲ
668 2938 1116 3006 ἀκουσθήσεται
1159 2937 1275 3004 ἔξω
1328 2939 1365 3007 ἡ
1409 2938 1579 3008 φωνὴ
1607 2939 1713 2993 αὐ-

813 2938 1116 3006 νσθήσεται
1159 2937 1275 3004 ἔξω
1328 2939 1365 3007 ἡ
1409 2938 1579 3008 φωνὴ
1607 2939 1713 2993 αὐ-
1814 2930 1946 2998 foris
1976 2943 2076 2983 vox
2106 2928 2244 2998 ejus,
2274 2935 2384 2982 etc.

166 3028 269 3092 τοῦ,
300 3046 349 3083 κ.
373 3046 423 3082 τ.
463 3029 513 3083 λ.
1684 3090 1685 3093 η

400 3160 414 3174 .
490 3119 948 3191 προεπήγγελται
1026 3117 1234 3185 λέγων’
1314 3117 1512 3189 Ἀρχὴν
1571 3090 1709 3171 Σιὼν
1739 3064 1781 3121 C
1885 3109 1971 3182 M

1885 3108 2052 3182 464
2096 3146 2112 3163 .
2156 3146 2173 3163 .
2218 3148 2232 3163 .
2278 3146 2292 3162 .
2347 3102 2739 3162 Praenuntiavit
2786 3101 2976 3157 dicens
3026 3117 3041 3155 :
3102 3096 3397 3167 Imperium

171 3206 314 3263 δώσω.
345 3209 451 3262 Καὶ
476 3209 610 3268 ποία
638 3225 722 3271 τις
762 3207 923 3278 αὕτη,
956 3206 1143 3277 σαφῶς
1171 3208 1520 3277 ἐπενήνοχεν.
1548 3206 1711 3274 Λέγει

1827 3204 1969 3259 Sioni
2005 3202 2169 3257 dabo.
2210 3197 2415 3254 Deinde
2473 3195 2752 3266 quodnam
2814 3191 2950 3247 illud
2994 3196 3163 3254 esset,
3210 3194 3398 3258 aperte

171 3317 241 3352 ται
262 3300 358 3371 γὰρ
379 3302 468 3354 ὲπὶ
495 3300 595 3372 τὴν
639 3299 967 3371 Ἐκκλησίαν
988 3301 1069 3362 εἰς
1088 3298 1262 3369 ἀρχὴν
1289 3298 1559 3364 δεδόσθαι,
1577 3297 1712 3351 καθὸ

1826 3296 2017 3350 uitulit.
2046 3292 2254 3349 Dicitur
2280 3291 2423 3345 enim
2464 3288 2532 3343 ad
2573 3285 2836 3341 Ecclesiae
2886 3282 3177 3352 imperium
3211 3279 3397 3343 datus,

172 3391 359 3459 γέγονεν
385 3390 697 3462 ἄνθρωπος,
750 3391 809 3444 τὸ
842 3390 982 3444 κατὰ
1011 3388 1229 3443 πάντων
1276 3390 1477 3459 κράτος
1508 3387 1710 3459 λαχών.

1827 3397 2084 3457 ιιιίιιειιιιε
2113 3386 2278 3438 homo
2318 3382 2495 3436 factus
2528 3392 2797 3435 summam
2827 3376 2879 3430 in
2920 3388 3112 3429 omnes
3155 3379 3398 3442 potesta-

174 3482 245 3536 Διὸ
288 3483 373 3536 καὶ
416 3482 619 3537 Ἰακὼϐ
673 3482 856 3548 αὑτὸν,
897 3480 972 3544 ὡς
1002 3480 1063 3545 ἐξ
1106 3480 1335 3549 αἵματος
1382 3479 1632 3547 Ἰσραὴλ
1652 3480 1714 3532 τὸ

1830 3492 1921 3532 .em
1943 3476 2197 3531 obtinuit.
2231 3474 2417 3543 Itaque
2448 3478 2501 3526 et
2540 3468 2706 3523 Iacob
2759 3469 2960 3538 ipsutu,
2996 3472 3251 3534 tanquam
3306 3462 3401 3532 qui

175 3572 289 3627 κατὰ
314 3573 482 3644 σάρκα
528 3573 801 3642 γεγονότα
835 3572 1008 3626 καλεῖ.
1056 3570 1488 3639 Ἀντιλήψομαι
1511 3570 1590 3635 δὲ,
1612 3587 1714 3640 φη-

1829 3571 1888 3625 de
1920 3568 2188 3637 sanguine
2214 3563 2391 3619 Israel
2418 3561 2722 3618 secundum
2762 3572 2985 3613 carnem
3016 3565 3176 3609 natus
3230 3562 3400 3619 esset,

176 3665 261 3729 civ,
286 3639 482 3720 αὐέοῦ.
542 3639 942 3735 ῗυννειργάξετο
994 3664 1103 3735 γὰρ
1144 3665 1172 3716 ὁ
1224 3662 1410 3732 Πατὴρ
1434 3661 1605 3731 αὐτῷ,
1639 3660 1714 3724 ὼς

1833 3658 2132 3729 appellavit.
2183 3654 2387 3708 Deinde
2438 3651 2723 3718 suscipiam
2778 3662 2897 3701 eum
2946 3644 3166 3713 adjecit.
3227 3639 3404 3695 Simul

175 3755 244 3809 διὰ
270 3756 533 3827 δυνάμεως
572 3734 717 3819 ίδίαςν
739 3754 1150 3826 μεγαλουργῶν.
1174 3754 1328 3807 Ἔστι
1357 3754 1413 3806 δὲ
1441 3752 1537 3805 καὶ
1564 3753 1714 3806 ἀπό-

1833 3753 1962 3809 anim
1995 3765 2120 3804 cum
2148 3763 2213 3803 eo
2240 3746 2403 3801 Pater
2448 3743 2813 3814 operabatur;
2870 3747 3130 3808 tanquam
3180 3734 3404 3805 propria

175 3845 373 3911 lextoc,
398 3846 476 3901 ὅτι
500 3846 597 3900 καὶ
629 3847 830 3916 ὡραῖος
878 3844 1065 3899 κάλλει
1094 3843 1243 3914 παρὰ
1275 3843 1399 3905 τοὺς
1437 3842 1583 3906 υίοὺς
1608 3842 1717 3895 τῶν

1834 3846 2024 3898 virtute
2049 3848 2103 3896 et
2130 3838 2374 3911 potentia
2426 3851 2516 3892 res
2552 3848 2780 3905 magnas
2830 3836 3072 3901 pararet.
3115 3829 3211 3884 Est
3275 3840 3405 3880 vero

176 3933 459 4005 ἀνθρώπων.
496 3937 610 3989 Καὶ
664 3913 1052 4003 τιαράδεκτος,
1081 3935 1156 3996 ὡς
1179 3913 1562 4003 ἠγαπημένοις.
1612 3932 1717 3984 Εὐ·-

1835 3936 1985 3991 :tiam
2005 3933 2226 3995 electus,
2288 3937 2550 3999 tanquam
2606 3924 2701 3995 qui
2752 3922 2942 3977 forma:
2991 3913 3406 3990 pulchritudine

176 4022 338 4092 δόκησε
361 4024 463 4095 γὰρ
483 4027 511 4078 6
546 4022 739 4095 Πατὴρ
796 4024 855 4075 ὲν
889 4020 1039 4091 αὐτῷ
1083 4021 1254 4090 λέγων
1274 4039 1288 4053 ο
1320 4039 1338 4073 t
1379 4015 1547 4084 Οὗτός
1570 4021 1718 4076 ἐστιν

1834 4026 2080 4081 mortales
2113 4036 2308 4077 omnes
2332 4024 2726 4089 exsuperaret;
2763 4022 2818 4068 ει
2851 4020 3115 4079 acceptus,
3145 4016 3405 4076 tanquam

176 4114 321 4179 ὁΥἱός
351 4134 449 4187 μου
475 4121 503 4171 6
536 4116 845 4186 ἀγαπητὸς,
903 4116 962 4169 ἐν
990 4108 1035 4183 ᾦ
1076 4114 1364 4185 εὐδόκησα.
1400 4132 1418 4164 ι
1460 4113 1721 4184 Χριποεὶς

1835 4119 1915 4188 qui
1955 4118 2289 4185 diligeretur.
2327 4110 2538 4166 Placuit
2571 4108 2719 4162 enim
2766 4104 2940 4169 Patri,
2982 4105 3073 4172 qui
3105 4100 3174 4156 de
3225 4113 3292 4188 eo
3348 4095 3406 4151 in

180 4204 243 4271 δὲ,
277 4210 408 4261 κατὰ
457 4210 518 4261 τὸ
578 4206 941 4278 ἀνθρώπινον,
988 4204 1512 4276 μετεσχηκέναιτοῦ
1564 4204 1719 4272 ἁγίου

1834 4187 1969 4264 hunc
1996 4207 2217 4263 modum
2241 4204 2458 4259 locutus
2494 4214 2617 4258 esse
2640 4198 2876 4268 legitur:
2923 4212 2942 4246 ι
2980 4192 3083 4247 llic
3107 4198 3192 4246 est
3232 4187 3405 4244 Filius

183 4299 461 4369 Πνεῦματυς
490 4300 739 4368 λέγεται,
775 4301 953 4353 καίτοι
981 4297 1043 4351 τὸ
1081 4296 1323 4365 Πνεῦμα
1360 4294 1587 4361 διδοὺς,
1625 4294 1722 4351 καὶ

1832 4314 1980 4355 meus
2009 4297 2265 4361 dilectus,
2301 4294 2353 4353 in
2385 4306 2498 4362 quo
2540 4285 2845 4358 complacui
2876 4284 2942 4337 ⁸³.
2976 4301 2994 4334 ι
3035 4280 3247 4337 Unctus
3304 4291 3403 4329 an-

182 4366 389 4455 ἁγιάξων
417 4392 513 4462 τὴν
535 4366 737 4444 κλείειν.
800 4388 1162 4443 Βαπτισθέντι
1192 4390 1301 4458 γὰρ
1347 4388 1409 4440 τὸ
1453 4388 1716 4455 Πνεῦμα,
1749 4392 1753 4445 ἶ

1833 4398 1956 4455 lem,
1988 4385 2290 4443 secundum
2320 4379 2739 4440 humanitatem,
2773 4372 3012 4444 Spiritus
3035 4366 3209 4425 sancti
3240 4366 3404 4420 etiam

183 4482 339 4550 φησὶν,
373 4454 756 4552 ἐπειροίτησεν.
797 4481 1053 4550 Ἑχρίσθη
1087 4479 1142 4531 δὲ
1157 4454 1360 4548 κρίσιν
1379 4477 1581 4547 ἐξοίσαι
1608 4454 1721 4540 ἑοῖς

1837 4454 2093 4549 iarticeps
2118 4490 2241 4533 esse
2278 4473 2521 4536 dicitur;
2565 4478 2877 4539 quanquam
2917 4470 2971 4518 et
3022 4458 3265 4528 spiritum
3294 4454 3408 4507 lar-

182 4570 377 4636 ἐονεσιν,
407 4574 435 4627 ὅ
459 4575 576 4627 ἐστι
605 4572 1029 4643 δικαιοκρισίαν.
1053 4569 1385 4625 Δεδικαίωκε
1437 4562 1547 4640 γὰρ
1585 4568 1723 4623 αὐτὰ

1834 4572 1941 4640 tiri,
1974 4584 2099 4625 cum
2128 4574 2310 4623 creata
2339 4561 2666 4624 sanctiﬁcat,
2706 4557 2944 4611 dicatur.
2979 4552 3036 4606 lu
3068 4564 3193 4604 eum
3238 4552 3405 4612 enim,

183 4664 479 4733 κατακρίνας
540 4665 625 4719 τὸν
680 4663 1151 4733 πλεονεκτήσειν-ια
1200 4661 1470 4725 Σατανᾶν,
1502 4660 1677 4726 λέγων
1706 4674 1720 4689 ⁸

1837 4678 1947 4718 sum
1986 4662 2313 4731 tingeretur,
2341 4658 2437 4718 ait,
2485 4652 2719 4721 Spiritus
2774 4649 3002 4717 illapsus
3043 4649 3151 4699 est.
3197 4638 3408 4694 Unctus

188 4770 201 4801 ι
233 4754 333 4809 Νῦν
356 4756 529 4828 κρίσις
557 4756 678 4809 ἐστὶ
713 4754 806 4807 τοῦ
853 4753 1060 4823 κόσμου
1101 4751 1317 4806 τούτου.
1349 4750 1467 4805 Νῦν
1488 4753 1516 4804 6
1544 4750 1728 4820 ἄρχων

1837 4759 1918 4808 est
1942 4766 2067 4806 vero
2099 4756 2160 4803 ut
2188 4748 2344 4818 justo
2370 4744 2575 4814 judicio
2612 4747 2802 4812 gentes
2834 4737 2888 4792 in
2913 4736 3218 4790 libertatem
3251 4742 3408 4784 asse-

183 4843 261 4897 τοῦ
309 4819 522 4917 κόσμου⁷
551 4847 744 4900 τούτου
794 4819 1199 4915 ὲκϐλτίθήσεται
1245 4844 1371 4912 ἔξω.
1416 4819 1596 4913 Κάγὼῗ
1632 4819 1729 4896 ἐὰν

1838 4846 2017 4895 reret:
2050 4836 2197 4906 quod
2231 4835 2300 4889 ab
2325 4849 2391 4890 eo
2418 4832 2621 4887 factum
2647 4836 2751 4895 est,
2791 4840 2917 4882 cum
2951 4819 3409 4879 contumeliosum

185 4933 356 5003 ὑψωθῶ
375 4910 437 4993 ei
451 4940 576 5009 γῆς,
605 4937 813 5001 πάντας
836 4910 1049 4991 ἐλκῦσῷ
1073 4938 1207 5007 πρδς
1228 4910 1492 5006 ἐμαυτόν.
1518 4910 1542 4986 ἰ
1567 4933 1726 5001 Εἶτα,

1836 4941 1891 4987 et
1914 4928 2321 4986 fraudulentum
2350 4923 2609 4980 Satanam
2637 4916 3025 4977 condemnavit
3054 4914 3139 4969 his
3175 4910 3354 4966 verbis
3392 4923 3407 4961 :

187 5003 473 5101 instﬁijnsp‘
499 5003 739 5100 ἧάύχως,
767 5030 862 5082 καὶ
891 5028 1083 5097 πράως
1110 5003 1203 5081 ’ξὺν
1231 5003 1575 5098 ἀνθρώπινον
1604 5025 1727 5079 διώ-

1839 5043 1858 5078 ι
1885 5022 2045 5080 Nunc
2081 5019 2353 5092 judicium
2382 5024 2467 5073 est
2509 5014 2673 5085 hujus
2700 5009 2911 5067 mundi.
2949 5006 3107 5063 Nunc
3157 5003 3409 5074 princeps

186 5093 475 5190 Csucevﬂlo'v,
508 5093 568 5175 έν
595 5093 783 5191 δξρέσει
812 5093 1005 5191 πολὶίῇ,
1058 5118 1191 5190 μηδὲ
1235 5093 1350 5182 coic-
1383 5118 1729 5189 Θραπευομέ-

1838 5114 2000 5185 hujus
2045 5111 2237 5167 mundi
2285 5108 2533 5180 ejicietur
2586 5104 2756 5163 foras.
2792 5103 2855 5156 Et
2883 5115 3005 5171 ego,
3030 5097 3079 5155 si
3139 5093 3409 5197 etaltat‘us

188 5225 281 5272 νοις
300 5181 558 5284 φανεροῦν
587 5181 898 5283 term:an
932 5181 1261 5277 αὗτὶινίοὺκ
1278 5181 1514 5277 ἀνήσει,
1545 5181 1732 5279 φησιν,

1839 5181 1992 5261 fuero
2026 5220 2056 5257 a
2090 5212 2256 5266 terra,
2287 5214 2481 5255 omnes
2519 5196 2729 5252 traham
2775 5193 2842 5248 ad
2890 5207 2977 5246 me
3004 5190 3071 5247 ⁸⁵.
3112 5204 3131 5240 ο
3180 5181 3406 5250 Deinde,

190 5298 310 5353 οὐδὲ
330 5280 766 5371 ἀκουσθήσεται
798 5304 914 5368 ἔξω
949 5302 988 5369 ἡ
1036 5303 1207 5372 φωνὴ
1239 5302 1445 5357 αὐτοῦ.
1482 5298 1734 5370 Οὐδαμοῦ

1837 5295 2097 5369 quoniam
2129 5292 2341 5364 placide
2390 5298 2445 5347 et
2493 5294 2779 5344 mansuete
2802 5285 2969 5340 vitam
2992 5283 3151 5337 istam
3207 5280 3407 5345 exegit,

191 5389 282 5460 γὰρ
302 5390 399 5456 ἔξω
420 5396 516 5465 τῆς
550 5393 810 5459 Ἰουδαίας
833 5396 927 5448 καὶ
956 5394 1245 5459 Γαλιλαίας
1264 5389 1733 5465 διέτριψενΪΗλοε

1840 5402 2035 5458 magna
2086 5383 2352 5442 modestia
2383 5396 2452 5439 ne
2500 5380 2569 5439 iis
2626 5376 2848 5437 quidem
2887 5388 3027 5447 quos
3096 5372 3404 5436 sanavcral.

252 5564 293 5599 "
318 5564 497 5625 Matth.
529 5584 610 5635 ιιι,
642 5570 749 5638 17;
789 5570 922 5636 xvii,
949 5570 1001 5627 5.
1079 5570 1299 5626 l“.ioau.
1332 5586 1430 5633 xu,
1465 5566 1671 5633 31,52.

1432 5678 1667 5743 VARIAE
1707 5673 2110 5741 LECTIONES.

259 5755 277 5788 '
298 5765 377 5830 γρ.
409 5752 739 5829 στερεώτεις.
