3900 6514
537 407 680 486 2363
1854 434 2208 499 PROCOPII
2245 440 2487 502 GAZAEI
3642 451 3761 517 εει

534 534 595 576 se
621 521 738 593 ipse
771 525 947 593 palam
983 525 1162 584 facere
1213 531 1555 602 permittens,
1586 543 1708 592 non‘
1736 538 1987 611 dimittet,
2016 546 2112 613 ait,

2220 550 2273 604 δὲ
2299 553 2393 606 καὶ
2417 552 2579 624 μέχρι
2608 553 2715 609 τῶν
2742 554 2908 626 ὁρίων
2937 556 3116 629 Τύρου
3147 559 3245 614 καὶ
3283 558 3534 624 Σιδῶνος,
3565 562 3650 614 καὶ
3674 564 3759 630 τῆς

535 628 695 684 neque
721 617 971 671 audietur
993 635 1091 676 vor-
1113 621 1248 690 ejus.
1279 623 1481 682 Nullibi
1506 628 1650 684 cnim
1679 641 1834 688 extra
1862 633 2105 692 Iudaeam

2220 617 2869 715 bilinnoukutoapsiac.
2945 617 3084 701 Ἀλλ’
3112 650 3214 704 οὒκ
3268 650 3451 704 αὐτῶν
3479 617 3640 720 ἐπέϐη
3666 617 3758 704 τῶν

534 710 588 757 et
619 705 894 763 Galilaeam
921 712 1065 782 egit;
1101 713 1196 768 sed
1221 714 1289 768 ad
1320 714 1448 787 Tyri
1488 735 1686 790 usque,
1751 731 1806 779 et
1862 725 2104 794 Sidonis,

2220 732 2525 801 ἀλλοφύλων
2552 705 2780 788 πόλεων.
2807 705 2964 790 ὀῦτω
2990 739 3067 804 δὲ,
3095 741 3279 810 φησὶν,
3315 741 3559 811 ἀψοφητὶ
3584 705 3760 795 διελεύ-

537 811 748 852 necnon
807 798 1084 869 Caesareae,
1121 820 1244 873 quae
1296 806 1528 880 Philippi
1593 813 1814 881 dicitur,
1870 819 2110 875 conﬁnia

2220 798 2390 890 σεται,
2424 825 2502 889 ὡς
2545 826 2678 897 μηδὲ
2739 827 2983 899 λυπῆσαι
3147 798 3560 895 ἀσθενέστατον,
3583 833 3664 885 καὶ
3689 833 3763 887 διὰ

536 895 768 955 tantum,
796 894 1180 960 praetermissis
1225 897 1652 969 alienigenarum
1694 907 1945 972 urbibus,
1981 926 2108 980 pro-

2220 915 2373 969 τοῦτο
2400 894 2665 986 udicium,
2709 921 2803 972 καὶ
2833 894 3008 991 τούτῳ
3045 923 3431 993 τεθλασμένῳ
3464 922 3763 993 παρεικαζὰ

533 992 755 1047 gressus
796 989 881 1036 est
909 984 975 1038 ⁸⁸.
1010 985 1160 1041 Adeo
1203 998 1406 1057 autem,
1435 993 1634 1064 inquit,
1677 999 1830 1053 nullo
1879 1003 2108 1071 strepitu

2220 1024 2397 1078 μενον.
2437 984 2576 1062 Ἀλλ’
2600 1010 2721 1064 οὐδὲ
2748 1011 2924 1067 λίνον
2940 984 3296 1068 κατασϐέσει
3337 984 3761 1083 καπνιξόμενόγ.

535 1071 912 1138 pertransibit,
945 1083 1004 1128 ut
1034 1076 1284 1135 inﬁrmus
1314 1085 1570 1150 maxime,
1604 1095 1659 1141 et
1692 1089 1762 1143 ob
1787 1089 1840 1144 id
1881 1094 2110 1148 contrito

2220 1071 2388 1152 :1‘0510
2415 1099 2525 1168 γὰρ
2557 1101 2616 1152 τὸ
2654 1105 3015 1174 τυφόμενον,
3054 1105 3192 1175 ὅπερ
3242 1106 3492 1176 ἄμαυρον
3527 1071 3765 1169 ὲέέδωκαν

537 1163 746 1215 calamo
767 1176 1138 1234 comparatus,
1161 1170 1348 1228 dolore
1385 1175 1494 1231 ullo
1524 1193 1633 1234 non
1665 1181 1934 1239 aﬁlciatur
1955 1228 1970 1253 ,
2005 1189 2114 1244 imo

2220 1190 2261 1242 ai
2292 1163 2892 1262 latitet-Anioﬁv'ﬁé'rd
2945 1163 3122 1248 λίνον
3144 1163 3376 1264 (pertint)
3401 1163 3763 1264 τυφόμενον,

536 1267 604 1306 ne
637 1252 805 1307 linunt
833 1257 1052 1327 quidem
1086 1261 1375 1333 fumigans,
1399 1267 1452 1321 id
1483 1279 1567 1325 est
1618 1252 1969 1343 comburens,
2018 1295 2113 1332 ea:-

2220 1282 2304 1336 τὸν
2337 1284 2459 1353 εικῆ
2483 1252 2676 1352 φυσιού
2686 1303 2844 1356 μενον
2880 1286 2984 1340 ὑπὸ
3003 1287 3098 1341 τοῦ
3126 1252 3244 1351 νοὸς
3259 1289 3356 1358 τῆς
3381 1287 3584 1358 σαρκὸς
3603 1285 3766 1340 αὐτοῦ.

537 1345 880 1416 stinguatur;
911 1355 1057 1421 quod
1088 1355 1178 1410 alii
1206 1359 1484 1414 evanidum
1540 1363 1918 1423 reddiderunt.
1947 1369 2115 1425 Aiunt

2220 1372 2294 1424 Ού
2324 1345 2574 1428 ταπεινὸν
2596 1345 2704 1447 γὰρ
2728 1375 3095 1447 ὲλύπησεν,ού
3124 1345 3389 1450 μετίήλθεν
3422 1345 3768 1447 ὑπερήφανον,

538 1450 666 1490 vero
695 1453 792 1507 per
858 1441 1126 1512 fumigans
1182 1447 1350 1502 linum
1402 1465 1524 1506 eum
1579 1454 1965 1525 demonstrari,
2020 1461 2111 1528 qui

2220 1464 2358 1534 πρὸς
2385 1467 2593 1532 πάντας
2609 1441 2692 1521 ῶν
2729 1441 2924 1539 πρᾶος,
2955 1469 3049 1523 καὶ
3081 1441 3335 1534 ταπεινὸς
3365 1474 3433 1540 τῇ
3469 1441 3678 1540 καρδίᾳ.

536 1541 718 1586 mente
774 1535 958 1590 carnis
981 1551 1097 1592 suae
1152 1545 1356 1596 temere
1401 1542 1749 1602 intumescat.
1784 1549 1903 1604 Non
1966 1551 2110 1606 enim
2151 1562 2244 1608 aut
2276 1555 2531 1613 humilem
2560 1561 2721 1625 laesit,
2753 1569 2846 1616 aut
2873 1563 3166 1632 superbum
3233 1563 3377 1618 ultus
3436 1570 3542 1628 est,
3589 1563 3674 1632 qui
3723 1563 3770 1619 in

535 1637 725 1678 omnes
747 1633 1066 1684 mansuetus
1088 1637 1142 1683 et
1174 1630 1394 1689 humilis
1419 1635 1584 1690 corde
1607 1636 1727 1692 fuit.

603 1713 766 1785 465
812 1713 930 1771 Non
980 1717 1198 1786 desunt,
1234 1723 1328 1791 qui
1384 1725 1481 1778 lini
1516 1727 1828 1798 funtiganlis
1871 1733 2112 1802 appella-

2290 1735 2448 1800 Τινὲς
2475 1737 2532 1791 δὲ
2558 1737 2738 1792 λίνον
2781 1741 3141 1810 τυφόμενον,
3199 1739 3288 1795 τὸν
3337 1742 3529 1812 γήϊνον
3586 1742 3770 1812 ἔφασαν

534 1801 706 1868 tione,
745 1810 1023 1861 terrenum
1080 1809 1361 1865 hominem
1415 1815 1587 1870 velint
1645 1801 1967 1890 significari,
2017 1823 2110 1893 qni

2220 1827 2529 1899 ἄνθρωπον,
2561 1828 2652 1884 τὸν
2681 1801 2883 1900 ἀρετῆς
2999 1801 3309 1897 θεοσεϐείας
3348 1801 3637 1902 ’σπινθῆρα
3660 1837 3771 1905 βρα·

536 1894 758 1950 virtutis
789 1897 970 1953 adhuc
999 1907 1094 1953 aut
1125 1901 1343 1969 pietatis
1381 1906 1674 1963 scintillam
1713 1913 1963 1984 exiguam
2005 1916 2108 1972 sibi

2220 1916 2314 1986 χὺν
2369 1917 2726 1982 διασώζοντα.
2769 1917 2972 1973 Τοῦτον
3012 1921 3122 1991 γὰρ
3183 1921 3542 1992 παρακαλῶν,
3587 1924 3680 1976 οὒκ
3717 1925 3771 1994 ἐᾷ

535 1983 820 2053 reliquam
849 1987 999 2043 fecit.
1032 1989 1190 2047 Hunc
1225 1995 1372 2049 enim
1408 2001 1730 2058 consolatus
1777 1983 1928 2073 spem
1975 2007 2112 2076 abji-

535 2087 661 2129 cere
708 2091 820 2130 non
862 2078 1029 2144 sinit,
1074 2082 1167 2151 qui
1215 2085 1489 2142 volentem
1547 2094 1860 2162 septuagies
1911 2100 2112 2166 septies

535 2162 606 2216 ad
656 2165 1040 2233 paenitentiam
1101 2167 1498 2230 admittendum
1555 2180 1728 2237 edixit
1773 2185 1853 2251 ⁵⁶;
1909 2162 2114 2257 quique

536 2269 736 2327 magna
765 2259 985 2315 dicendi
1020 2263 1270 2321 libertate
1298 2268 1367 2322 de
1384 2269 1591 2338 judicio
1618 2271 1713 2328 Dei
1753 2277 1896 2346 apud
1923 2294 2113 2336 omnes

535 2347 869 2419 disputavit;
904 2365 1082 2422 neque
1111 2355 1264 2424 prius
1289 2359 1518 2428 destitit,
1545 2361 1721 2420 donec
1749 2365 1888 2423 lucis
1913 2368 2110 2438 instar,

537 2441 634 2506 per
671 2442 1131 2499 resurrectionem
1166 2461 1231 2502 ex
1271 2451 1506 2507 mortuis
1542 2454 1906 2526 splenduerit,
1947 2475 2110 2531 quam

539 2536 597 2582 ut
629 2529 901 2598 innueret,
928 2536 1278 2611 respondebit,
1301 2549 1349 2595 et
1382 2558 1484 2597 non
1514 2555 1816 2602 conteretur
1841 2529 2111 2620 adjunxit.

537 2619 720 2692 ipsum
755 2627 900 2683 enim
941 2639 1226 2701 conterere,
1262 2643 1316 2689 et
1361 2639 1694 2710 exstinguere
1731 2641 1932 2714 (morte
1964 2647 2110 2702 enim

538 2711 790 2770 homines
820 2723 1203 2793 conteruntur),
1235 2725 1329 2794 qui
1365 2728 1516 2783 necis
1555 2729 1673 2797 ejus
1705 2711 1961 2790 auctores
1995 2734 2113 2791 fue-

536 2812 691 2871 runt,
724 2809 906 2863 conati
943 2819 1073 2866 sunt
1109 2833 1124 2867 :
1151 2813 1244 2868 sed
1276 2831 1418 2872 unus
1455 2818 1710 2877 Christus
1743 2832 1919 2880 morte
1947 2840 2113 2895 supe-

537 2892 653 2946 rior
684 2899 878 2953 evasit.
916 2897 1029 2955 lmo
1067 2901 1339 2971 splendere
1375 2921 1484 2960 non
1532 2908 1718 2977 desiit,
1765 2909 1928 2966 donec
1955 2892 2112 2982 judi-

537 2978 679 3032 cium
723 2998 881 3052 super
931 2995 1129 3040 terram
1187 3001 1434 3058 poneret,
1489 2993 1542 3048 id
1593 3005 1698 3062 est,
1739 2978 2000 3054 Ecclesiae
2055 3001 2109 3054 in

540 3081 684 3129 terra
745 3078 1276 3138 administrationem
1333 3094 1389 3140 et
1431 3087 1733 3156 judicium,
1785 3093 1931 3163 quod
1993 3096 2112 3153 suis

2214 2010 2414 2079 χωρεῖν
2457 2009 2538 2071 εἰς
2593 2009 2925 2076 ἀπόγνωσιν,
2995 2010 3094 2072 τὰς
3151 2005 3609 2080 ἑϐδομηκοντάκις
3652 2015 3772 2065 ἑπτὰ

2218 2099 2507 2169 μετανοίας
2568 2099 2908 2170 νομοθετῶνυ
2966 2099 3063 2152 σὺν
3121 2102 3407 2173 παρρησίᾳ
3459 2103 3516 2156 δὲ
3564 2106 3771 2156 πᾶσιτὰ

2215 2190 2345 2262 περὶ
2377 2191 2476 2260 τῆς
2503 2190 2597 2242 τοῦ
2624 2190 2760 2243 Θεοῦ
2791 2190 3123 2244 διεστέλλετο
3147 2194 3423 2260 κρίσεως.
3447 2194 3560 2248 Kal.
3580 2196 3638 2246 οὗ
3659 2195 3771 2264 πρό⁹

2184 2299 2370 2354 ,τερον
2409 2281 2767 2352 ὲπαύσατο,ἢ
2800 2281 2977 2351 φωτὸς
3028 2283 3191 2353 δίκην
3236 2283 3542 2354 ἐκλάμψαι
3579 2285 3662 2339 διὰ
3686 2286 3772 2354 τῆς

2214 2375 2279 2430 ὲκ
2329 2377 2536 2448 νεκρῶν
2580 2376 2974 2442 ἀναστάσεως,
3023 2377 3090 2447 ἦν
3145 2377 3540 2448 αἰνιττόμενος,
3594 2376 3768 2446 φησίν·

2215 2468 2609 2538 Ἀναλάμψει,
2659 2469 2758 2523 καὶ
2789 2470 2862 2522 οὺ
2900 2468 3370 2537 θραυσθήσεται.
3405 2467 3658 2537 Θραῦσαι
3682 2466 3772 2537 μὲν

2213 2557 2324 2629 γὰρ
2353 2559 2516 2612 αὑτὸν
2545 2559 2638 2613 καὶ
2658 2559 2998 2614 ἀποσϐέσαι
3028 2559 3389 2630 πεπείρανται
3432 2559 3481 2613 οἱ
3512 2557 3601 2612 τὸν
3625 2557 3768 2613 θάναο

2213 2665 2304 2703 τον
2329 2649 2479 2718 αὐτῷ
2535 2650 3065 2714 κατασκευάσαντες.
3117 2649 3344 2720 Θανάτῳ
3373 2649 3484 2719 γὰρ
3513 2647 3770 2718 ἄνθρωποι

2215 2740 2554 2808 θραύονται.
2607 2742 2786 2804 Μόνος
2849 2741 2906 2794 δὲ
2964 2741 3198 2812 Χριστὸς
3243 2741 3480 2820 θανάτομ
3522 2741 3770 2812 κρείττων

2215 2832 2452 2899 ἐγένετο.
2487 2831 2845 2902 Ἐλλὰμψας
2874 2832 2930 2886 δὲ
2986 2833 3086 2888 οὐκ
3114 2833 3416 2898 ἐπαύσατο,
3447 2833 3557 2898 ἕως
3586 2830 3656 2899 θῇ
3678 2830 3767 2884 ἐπὶ

2213 2922 2326 2990 τῆς
2350 2922 2466 2992 γῆς
2515 2923 2739 2992 κρίσιν,
2783 2923 2926 2978 τοῦτ’
2979 2924 3116 2991 ἔστι,
3162 2926 3291 2996 πρὶν
3331 2924 3430 2979 ἐπὶ
3464 2922 3575 2993 γῆς
3600 2922 3768 2976 διατά-

2216 3013 2406 3080 ξασθαι
2465 3013 2564 3084 τὴν
2628 3013 2757 3084 περὶ
2808 3016 2907 3084 τῆς
2947 3014 3277 3086 Ἐκκλησίας
3316 3012 3584 3083 διοίκησίν
3604 3027 3658 3063 τε
3682 3010 3769 3062 καὶ

2215 3105 2441 3172 κρίσιν,
2469 3104 2536 3174 ἣν
2558 3106 2674 3168 τοῖς
2729 3105 2898 3158 αὑτοῦ
2935 3105 3220 3176 παρέδωκε
3267 3105 3554 3175 μαθηταῖς.
3577 3102 3769 3170 Κρίσιν

543 3165 832 3236 discipulis
890 3174 1185 3241 commisit,
1228 3176 1529 3234 ordinaret.
1582 3181 1812 3239 Videtur
1853 3187 1998 3242 enim
2054 3190 2108 3244 in

2220 3165 2322 3268 γαρ
2349 3165 2524 3250 ἔοικεν
2559 3196 2618 3248 ὲν
2645 3165 2852 3259 τούτοις
2883 3196 2975 3250 τὸν
3013 3165 3176 3266 νόμον
3209 3165 3418 3259 καλεῖν,
3453 3165 3529 3258 ὡς
3575 3194 3766 3264 εἴρηται

541 3257 663 3314 istis
687 3260 882 3329 judicii
916 3266 1136 3322 nomine
1163 3268 1331 3339 legem
1364 3272 1697 3343 signiﬁcare,
1735 3287 1795 3333 ut
1826 3280 1893 3336 de
1915 3281 2116 3340 lsraele

541 3350 749 3407 dictum
773 3363 878 3421 est,
908 3372 1032 3412 eum
1066 3359 1139 3414 ibi
1161 3358 1585 3429 justiﬁcationes
1613 3375 1668 3423 et
1693 3368 1962 3440 judicium
1993 3389 2115 3432 esse

543 3443 804 3502 voluisse.
832 3446 899 3502 Et
927 3464 1143 3517 rursus,
1175 3451 1450 3510 Judicium
1480 3465 1535 3513 et
1561 3457 1832 3529 justitiam
1860 3464 1915 3518 in
1943 3464 2116 3522 Jacob

543 3533 795 3592 eﬁ'ecisse
821 3539 890 3592 ".
925 3540 1094 3597 Aiunt
1123 3542 1320 3601 deinde
1352 3550 1599 3606 nonnulli
1626 3552 1798 3624 legem
1824 3556 1878 3611 in
1903 3560 2116 3616 umbris

543 3634 598 3681 et
619 3627 764 3697 typis
785 3626 1217 3701 delitescentem,
1241 3635 1478 3694 decretis
1502 3642 1834 3712 evangelicis
1857 3644 1911 3699 in
1937 3646 2113 3702 lucem

544 3731 669 3773 esse
703 3719 1054 3780 educturum.
1088 3724 1278 3796 Neque
1310 3744 1440 3785 vero
1473 3734 1743 3802 particula
1776 3735 1939 3792 donec
1973 3753 2111 3809 prae-

548 3806 761 3864 ﬁnitum
819 3815 1081 3884 temporis
1135 3820 1432 3876 terminum
1483 3824 1721 3895 aliquem
1774 3842 1884 3898 quo
1930 3806 2118 3900 elapso

547 3902 892 3958 conterendus
937 3907 1027 3972 sit,
1079 3908 1304 3979 indicat,
1359 3914 1454 3969 sed
1508 3923 1718 3972 tantum
1772 3919 2115 3990 eﬁ‘ecturum,

549 3998 608 4044 ut
630 3991 688 4045 in
714 4000 824 4048 toto
853 3996 976 4052 orbe
994 3998 1259 4067 judicium
1285 4004 1401 4073 ejus
1427 4015 1716 4063 statuatur.
1750 4009 1913 4067 Juxta
1943 4012 2115 4069 illud:

552 4100 573 4136 ι
613 4081 754 4142 Sede
783 4101 812 4141 a
845 4087 1057 4147 dextris
1090 4095 1248 4160 meis,
1274 4095 1450 4153 donec
1479 4113 1677 4168 ponam
1709 4103 1961 4162 inimicos
1993 4114 2119 4163 tuos

547 4176 846 4233 scabellum
889 4181 1087 4251 pedum
1134 4191 1353 4242 tuorum
1392 4189 1461 4243 ⁸⁸.
1500 4208 1521 4243 ι
1577 4191 1645 4248 Ει
1691 4193 1827 4250 illud
1861 4213 1877 4250 :
1919 4215 1938 4250 ι
1978 4197 2120 4257 Ecce

549 4281 651 4337 ego
687 4269 972 4327 vobiscum
1012 4288 1134 4330 sum
1175 4277 1351 4336 donec
1395 4281 1582 4338 saeculi
1627 4283 1722 4339 ﬁat
1768 4300 2119 4345 consumma-

548 4357 625 4412 tio
648 4359 717 4414 ⁸³.
747 4378 767 4412 ι
810 4359 904 4417 Sic
945 4371 1001 4420 et
1042 4379 1190 4422 nunc
1239 4367 1583 4427 decretorum
1628 4388 1858 4431 suorum
1906 4389 2117 4434 certam

547 4455 603 4503 et
626 4450 1020 4510 immutabilem
1049 4461 1418 4517 constantiam
1447 4462 1813 4521 demonstrat.
1845 4466 2119 4526 Scribitur

547 4541 732 4596 enim:
771 4561 790 4595 ι
833 4543 1054 4602 Justitia
1102 4558 1218 4614 tua,
1258 4550 1476 4620 justitia
1523 4555 1578 4610 in
1618 4566 1906 4625 aeternum,
1943 4569 1998 4616 et
2027 4562 2114 4617 lex
2147 4566 2193 4622 Β

550 4638 642 4685 tua
670 4633 875 4689 veritas
907 4636 972 4690 “.
1010 4655 1032 4690 ι

622 4720 917 4790 Sperarunt
959 4743 1089 4784 vero
1123 4739 1174 4785 et
1217 4743 1395 4803 gentes
1446 4735 1500 4789 in
1546 4741 1755 4793 nomine
1792 4739 1931 4808 ejus,
1967 4751 2120 4811 post-

549 4826 714 4880 quam
769 4813 937 4870 Deum
1021 4834 1144 4875 esse
1201 4822 1549 4889 didicerunt,
1591 4826 1806 4883 etiamsi
1847 4829 1902 4882 in
1951 4843 2118 4886 carne

552 4901 886 4969 apparuerit.
945 4903 1092 4970 Quin
1143 4915 1199 4962 et
1253 4909 1552 4966 secundum
1609 4910 1870 4966 Davidcm
1926 4931 1940 4966 :
1997 4932 2017 4966 ι
2060 4914 2116 4968 ln

553 4992 774 5048 nomine
821 4993 998 5064 ipsius
1048 4998 1398 5054 exsultabant
1453 5007 1568 5056 tota
1617 5001 1708 5058 die
1754 5003 1822 5057 ⁸⁸.
1859 5022 1878 5056 ι
1927 5004 2010 5060 Ab
2055 5020 2122 5061 eo

549 5083 699 5139 enim
727 5083 1028 5142 Christiani
1056 5103 1460 5160 nuncupamur,
1487 5099 1542 5146 et
1569 5091 1623 5146 in
1647 5107 1713 5148 eo
1745 5108 1872 5166 spes
1900 5104 2118 5153 nostras

552 5185 744 5228 omnes
793 5174 1091 5232 collocatas
1143 5177 1431 5236 habemus.
1493 5180 1764 5237 Caeterum
1829 5199 1938 5254 quo
1995 5185 2118 5242 loco

551 5272 726 5332 gentes
757 5265 1043 5334 habemus,
1080 5266 1336 5326 Hebrmos
1380 5272 1529 5342 ipsos
1571 5283 1905 5346 ueteresque
1946 5276 2117 5332 inter-

555 5363 757 5424 pretes,
811 5358 1004 5414 insulae
1054 5359 1219 5431 466
1271 5362 1458 5417 videas
1508 5363 1723 5435 legere;
1779 5366 1870 5421 ubi
1919 5365 2121 5421 deinde

555 5448 781 5514 nomine,
813 5448 974 5520 legem
1010 5451 1273 5508 scribere.
1309 5451 1620 5509 Insularum
1670 5471 1834 5526 porro
1879 5461 2121 5528 appella-

2223 3285 2464 3359 περὶτοῦ
2503 3287 2740 3359 Ἰσραὴλ,
2770 3289 2852 3343 ὅτι
2891 3290 3007 3341 ἐκεῖ
3032 3287 3234 3341 ἔδωκεν
3263 3287 3415 3357 αύτῷ
3453 3287 3768 3355 δικαιώματα

2163 3433 2165 3436 .
2221 3379 2316 3433 καὶ
2342 3378 2556 3449 κρίσινΓ
2579 3379 2688 3433 Καὶ
2714 3378 2876 3433 πάλιν
2896 3396 2910 3410 ·
2962 3379 3162 3450 Κρίσιν
3225 3378 3321 3432 καὶ
3357 3376 3690 3448 δικαιοσύνην
3719 3379 3768 3427 ἐν

2235 3465 2428 3521 Ἰακὼό
2452 3467 2514 3519 τὸ
2539 3479 2565 3508 ι
2592 3468 2877 3536 ἐποίησας.
2910 3468 3020 3522 Καί
3059 3467 3194 3538 φασί
3213 3485 3380 3533 τινες,
3412 3467 3490 3530 ὡς
3517 3466 3603 3519 τὸν
3628 3463 3767 3534 νόμον

2223 3562 2281 3612 ὲν
2309 3560 2489 3621 σκιαῖς
2513 3557 2643 3611 ὄντα
2672 3559 2767 3612 καὶ
2795 3558 3005 3623 τύποις,
3043 3559 3124 3621 είς
3169 3558 3432 3629 ἀλήθειαν
3461 3555 3667 3621 ἐξοίσει,
3691 3554 3767 3606 διὰ

2221 3647 2330 3702 τῶν
2381 3647 2754 3715 εὐαγγελικῶν
2811 3647 3220 3718 θεσπισμάτων.
3275 3648 3350 3701 Τὸ
3379 3647 3459 3714 δὲ,
3499 3648 3622 3713 ἕως,
3673 3643 3765 3716 [οὐ]

2222 3737 2416 3808 καιροῦ
2469 3737 2809 3808 προθεσμίαν
2855 3739 3026 3810 δηλοῖ,
3061 3738 3184 3810 μεθ’
3211 3740 3280 3811 ῆν
3327 3739 3764 3810 θραυσθήσεται,

2221 3829 2338 3885 ἀλλ’
2361 3830 2444 3884 ὅτι
2473 3831 2740 3902 κρατήσει
2768 3831 3022 3885 τοσοῦτον
3045 3849 3060 3864 ο
3096 3831 3238 3886 ὥστε
3278 3832 3374 3886 καὶ
3427 3833 3500 3886 ἐν
3524 3831 3679 3898 πάσῃ
3705 3827 3767 3895 τῇ

2223 3921 2302 3992 γῇ
2325 3921 2512 3977 θεῖναι
2538 3923 2653 3990 τὴν
2680 3922 2902 3990 κρίσιν.
2935 3923 3097 3978 Κατὰ
3134 3924 3214 3977 τό·
3252 3943 3270 3976 ι
3306 3923 3494 3978 Κάθου
3525 3925 3586 3976 ὲκ
3604 3921 3766 3986 δεξιῶν

2227 4031 2349 4082 μου,
2378 4014 2484 4076 ἕως
2534 4013 2602 4067 ἂν
2635 4013 2788 4085 θήσω
2808 4014 2938 4079 τοὺς
2987 4015 3220 4086 ἐχθρούς
3251 4032 3344 4069 σου
3381 4015 3660 4070 ὑποπόδιον
3678 4013 3766 4066 τῶν

2223 4104 2398 4158 ποδῶν
2425 4121 2582 4159 σου.»
2610 4105 2720 4158 Καὶ
2749 4104 2842 4158 τό·
2879 4122 2900 4158 t
2946 4105 3080 4160 Ἰδοὺ
3135 4105 3246 4175 ἐγὼ
3291 4105 3411 4177 μεθ’
3452 4106 3601 4177 ὑμῶν
3654 4106 3765 4174 εἰμι,

2223 4200 2328 4263 ἕως
2355 4199 2455 4269 τῆς
2482 4197 2794 4262 συντελείας
2826 4197 2923 4252 τοῦ
2950 4198 3168 4262 αἰῶνος.
3205 4217 3224 4250 ι
3261 4198 3419 4252 Οὕτω
3449 4199 3544 4252 καὶ
3568 4197 3656 4251 νῦν
3679 4195 3767 4248 τῶν

2223 4291 2390 4348 αὑτοῦ
2414 4289 2808 4362 θεσπισμάτων
2830 4289 2892 4343 τδ
2917 4289 3160 4362 ἀρῤαγὲς
3177 4289 3327 4360 δηλοῖ
3363 4290 3458 4344 καὶ
3483 4288 3765 4342 ἀσάλευτον.

2223 4385 2537 4456 Γέγραπται
2567 4381 2699 4454 γάρ’
2736 4399 2757 4434 ι
2799 4380 2866 4434 Ἦ
2889 4380 3202 4450 δικαιοσύνη
3231 4397 3347 4445 σου,
3379 4379 3680 4450 δικαιοσύνη
3703 4377 3768 4440 εἰς

2224 4475 2315 4529 τὸν
2351 4475 2545 4540 αἰῶνα,
2574 4474 2668 4526 καὶ
2695 4473 2725 4525 ὁ
2755 4471 2922 4541 νόμος
2949 4488 3043 4524 σου
3075 4471 3325 4541 ἀλήθεια.
3368 4489 3388 4521 ι

2297 4733 2593 4795 Ἦλπισέν
2607 4751 2670 4804 γε
2691 4734 2798 4806 μὴν
2825 4733 2900 4788 τὰ
2921 4734 3067 4802 ἔθνη
3078 4732 3178 4788 ἐπὶ
3200 4733 3280 4799 τῷ
3308 4734 3550 4802 ὀνόματι
3575 4731 3760 4796 αὑτοῦ,

2221 4827 2357 4882 Θεὸν
2406 4822 2544 4880 εἶναι
2581 4825 2846 4896 μαθόντα,
2875 4825 2922 4878 εί
2947 4825 3044 4879 καὶ
3090 4825 3330 4894 πέφηνεν
3364 4826 3424 4878 ἐν
3457 4826 3629 4897 σαρκί.
3673 4823 3760 4876 Καὶ

2225 4917 2367 4974 κατὰ
2396 4918 2487 4972 τὸν
2505 4917 2687 4970 Δαόίδ·
2729 4934 2748 4968 ι
2799 4917 2890 4971 Ἐν
2910 4915 2990 4988 τῷ
3013 4916 3238 4988 ὀνόματι
3254 4916 3420 4970 αὑτοῦ
3446 4915 3759 4984 ἀγαλλιάσονο

2225 5028 2316 5065 ται
2343 5010 2471 5080 ὅλην
2493 5008 2593 5080 τὴν
2624 5007 2860 5080 ἡμέραν.
2898 5027 2917 5060 ι
2959 5007 3289 5078 Κεκλήμεθα
3325 5007 3436 5079 γὰρ
3463 5002 3756 5078 Χριστιανοὶ,

2229 5101 2324 5155 καὶ
2352 5099 2440 5153 ἐπ’
2468 5097 2617 5166 αύτῷ
2645 5099 2826 5152 πᾶσαν
2850 5097 3050 5170 ἔχομεν
3079 5098 3178 5169 τὴν
3227 5098 3444 5155 ἐλπίδα.
3466 5099 3538 5151 Τὸ
3578 5095 3756 5164 Ἐϐραῖ-

2223 5190 2320 5246 κδν
2341 5189 2420 5255 δὲ,
2447 5188 2542 5242 καὶ
2563 5189 2611 5242 οἱ
2652 5187 2853 5253 λοιποὶ,
2884 5189 3004 5241 ἀντὶ
3048 5188 3140 5241 τοῦ
3172 5188 3340 5256 ἔθνη,
3373 5187 3571 5257 νῆσοι,
3603 5182 3752 5253 φασίν.

2224 5282 2336 5336 Καὶ
2397 5278 2519 5335 ἀντὶ
2565 5279 2658 5332 τοῦ
2679 5320 2695 5345 ,
2747 5279 3014 5348 ὀνόματι,
3064 5281 3244 5350 νόμῳ.
3307 5279 3550 5345 Νήσους
3596 5277 3647 5330 δὲ
3679 5271 3753 5333 τὰς

2220 5371 2516 5443 ἐκκλησίας
2551 5370 2783 5440 λέγομεν
2833 5371 2938 5424 ὑπὸ
2981 5371 3090 5426 τῶν
3125 5372 3391 5439 ἀπίστων,
3425 5372 3500 5435 ὠς
3547 5368 3641 5423 ὑπὸ
3668 5364 3746 5418 θα-

2227 5461 2428 5532 λάττης
2460 5459 2904 5529 κεκυκλωμένας.
2961 5461 3156 5536 Νόμος
3190 5460 3247 5516 δὲ
3267 5460 3360 5515 τοῦ
3386 5451 3751 5532 προφητευομέο

711 5558 900 5644 hiatth.
931 5564 1142 5644 xv,_2_9,
1339 5569 1386 5644 ’ξ
1415 5569 1611 5624 Matth.
1646 5587 1797 5634 xvm,
1832 5573 1925 5630 22.
1999 5577 2044 5610 ⁵⁷
2074 5575 2222 5633 Psal.
2257 5591 2446 5641 xcvm,
2476 5575 2530 5631 4.
2605 5574 2652 5607 ⁸⁸
2681 5573 2823 5630 Psal.
2847 5591 2958 5641 cu,
2989 5576 3039 5644 i,
3062 5577 3116 5632 2.
3191 5577 3236 5610 ”
3264 5575 3454 5631 Matth.
3485 5588 3654 5635 xxvm.
3675 5567 3746 5628 20.

557 5629 604 5664 ⁶⁶
633 5627 777 5684 l’sal.
805 5627 1145 5703 cxvm,”2.
1185 5638 1228 5670 ⁶¹
1261 5636 1402 5695 Psal.
1448 5654 1715 5712 Lxxxvm,
1748 5627 1831 5700 l‘l.

1855 5753 2086 5814 VARIE
2117 5754 2522 5814 LECTIONES.

629 5817 648 5843 ⁸
673 5808 774 5878 ἀρ.
821 5811 879 5864 τό
