3978 6374
178 359 325 424 2365

1359 358 1896 423 COMMENTARII
1932 360 2016 422 IN
2058 360 2348 427 ISAIAM.

3313 371 3454 434 2366

178 486 271 523 νου
300 485 391 532 τις
422 470 594 540 παρά
624 472 712 524 τὸν
736 471 1028 525 Μωσαῖκδν
1048 471 1133 525 ἒτε
1143 488 1254 543 ρος,
1291 472 1429 540 πλὴν
1451 472 1553 542 τῆς
1591 470 1782 540 καινῆς

1890 474 2055 539 tione,
2092 475 2369 531 Ecelesias
2397 476 2567 546 ipsas,
2596 492 2717 547 quae
2747 492 2776 531 a
2812 477 2918 533 fide
2947 477 3159 542 alienis,
3192 485 3451 549 tanquam

177 558 479 627 διαθήκης,
520 560 657 630 περὶ
690 554 756 630 ἧς
798 558 1065 632 Ἱερεμίας
1115 559 1280 630 φησί·
1323 578 1342 610 ι
1381 560 1491 613 Καὶ¹
1519 559 1776 629 διαθήσο-

183 663 282 718 μαι
315 647 519 710 αὐτοῖς
555 648 825 719 διαθήκην
876 649 1088 719 καινὴν,
1119 649 1179 700 οὐ
1206 647 1347 701 κατὰ
1384 649 1486 719 τὴν
1512 648 1780 720 διαθήκην

178 738 246 806 ἢν
269 736 551 806 διεθέμην
585 740 694 799 τοῖς
753 738 1024 806 πατράσιν
1074 736 1275 790 αὐτῶν.
1316 755 1334 788 ι
1370 738 1515 807 Ἔφη
1536 737 1594 790 δὲ
1624 738 1717 790 καὶ
1749 739 1778 788 ὁ

181 826 374 896 παρὼν
407 829 734 899 προφήτης·
771 847 789 878 ι
836 829 928 880 Ἐκ
951 829 1058 898 γὰρ
1082 826 1220 880 Σιὼν
1248 827 1590 893 ἐξελεύσεται
1615 828 1781 896 νόμος

180 919 268 971 καὶ
292 917 462 984 λόγος
511 918 728 988 Κυρίου
773 917 833 982 ἐξ
891 917 1267 988 Ἰερουσαλήμ.
1311 936 1329 969 ι
1370 916 1587 987 Ἐπειδὴ
1628 917 1684 969 δὲ
1713 918 1778 987 τῇ

181 1006 543 1080 προκειμένῃ
577 1010 734 1080 ῥήσει
765 1009 975 1079 ἁθρόως
1002 1008 1268 1062 ἐπέϐαλεν
1321 1006 1512 1072 εἰπὼν,
1574 1006 1786 1063 Ἰακὼὸ

180 1108 212 1157 ό
227 1103 371 1169 παῖς
380 1121 538 1171 μου,
572 1106 651 1174 μὴ
672 1104 911 1175 διορίσας
931 1105 992 1157 τὸ
1011 1103 1302 1173 πρόσωπον
1321 1117 1335 1132 ·
1359 1101 1453 1153 νῦν
1476 1102 1778 1171 ἐπήγαγεν,

185 1192 383 1258 οὕτως
397 1192 582 1261 λέγει
601 1195 817 1260 Κύριος
844 1195 876 1245 ό
895 1191 1057 1258 Θεὸς,
1082 1192 1139 1256 ἐξ
1159 1190 1324 1244 αὐτοῦ
1337 1190 1510 1259 δηλῶν
1527 1189 1781 1259 εἰρῆσθαι

182 1285 245 1336 τὰ
300 1282 728 1353 τεθεσπισμένα
788 1283 918 1353 περὶ
972 1283 1232 1353 Χριστοῦ.
1283 1280 1390 1335 Τοῦ
1426 1281 1481 1333 δὲ
1532 1280 1783 1349 λέγοντος

185 1376 420 1447 ἀοράτου
448 1376 847 1445 τυγχάνοντος,
888 1375 985 1445 τὴν
1014 1374 1202 1427 οὐσίαν
1234 1370 1419 1435 αὑτοῦ,
1444 1372 1537 1424 καὶ
1564 1369 1663 1440 τὴν
1693 1370 1785 1422 δύ·-

184 1484 348 1535 ναμιν
379 1468 449 1519 ὲκ
485 1466 763 1536 μεγέθους
788 1466 1083 1536 παρίστησι
1142 1465 1484 1535 κτισμάτων,
1521 1462 1663 1515 κατὰ
1684 1461 1783 1531 τὴν

185 1555 394 1608 Παύλου
419 1557 647 1626 φωνήν.
683 1557 801 1610 Τὸν
853 1557 1113 1624 οἰφανόν
1155 1555 1224 1609 δὲ
1256 1554 1563 1623 πεπῆχθαί
1594 1571 1778 1623 φησιν.

197 1647 283 1711 Ὶίξ
309 1646 514 1709 ὕδατος
550 1647 666 1718 γὰρ
694 1646 945 1717 συνέστη,
975 1647 1114 1699 κατὰ
1140 1646 1238 1715 τὴν
1266 1646 1508 1707 Μωσέως
1540 1644 1776 1714 γραφὴν,

184 1742 277 1795 οῦκ
310 1741 378 1793 ἐκ
411 1740 623 1812 πυρὸς,
653 1740 796 1793 κατὰ
837 1742 964 1803 τοὺς
1021 1738 1126 1804 ἔξω
1160 1738 1376 1807 σοφούς·
1432 1738 1541 1807 Τὴν
1570 1738 1625 1791 δὲ
1664 1736 1782 1805 γῆν

185 1829 620 1899 ἐστερεῶσθαι,
650 1830 737 1885 διὰ
781 1830 842 1881 τὸ
898 1830 1068 1900 μέσην
1117 1827 1282 1881 οὖσαν
1333 1827 1589 1897 ἀκίνητον
1618 1824 1775 1890 εἶναι,
1813 1811 1854 1868 Β

187 1925 299 1975 ἀντὶ
320 1921 378 1974 δὲ
396 1920 523 1987 τοῦ,
544 1921 742 1975 καὶτὰ
757 1922 828 1975 ἐν
843 1919 997 1989 αὐτῇ
1017 1935 1030 1949 ’
1065 1918 1163 1972 καὶ
1199 1921 1271 1971 τὰ
1292 1918 1663 1985 πορευόμενα
1685 1916 1777 1970 ἐπ’

189 2013 372 2080 αὐτῆς
401 2015 431 2066 ὁ
498 2013 807 2083 Σύμμαχος
853 2012 1089 2081 εἴρηκεν.
1121 2010 1255 2062 Τίνα
1297 2009 1354 2062 δὲ
1415 2007 1586 2062 ταῦτα
1632 2008 1777 2074 λέγει

188 2107 219 2158 ὁ
238 2104 445 2169 διδοὺς
476 2103 692 2172 πνοὴν
722 2100 804 2168 τῷ
840 2099 967 2166 λαῷ
1006 2099 1086 2165 τῷ
1123 2100 1215 2153 ἐπ’
1242 2098 1429 2166 αὐτῆς
1455 2115 1475 2162 ;
1506 2099 1646 2151 ΙΙᾶσι
1669 2098 1779 2168 γάρ

192 2195 500 2265 ἀνθρώποις
533 2195 635 2248 διὰ
673 2195 765 2248 τοῦ
804 2191 1232 2263 πρωτοπλάστου
1260 2193 1341 2254 εἰς
1371 2190 1549 2261 ψυχὴν
1582 2190 1776 2259 ἐνεφύ-

193 2304 315 2357 σησε
344 2287 559 2352 ζῶσαν,
604 2286 704 2340 τοῦ
731 2286 788 2339 δὲ
804 2284 1143 2354 πνεύματος
1171 2284 1233 2338 οὐ
1284 2284 1419 2336 πᾶσι
1453 2282 1774 2353 μετέδωκεν,

194 2377 320 2431 ἀλλὰ
371 2378 492 2440 τοῖς
550 2375 822 2430 πατοῦσι
860 2372 976 2442 τὴν
1017 2372 1153 2443 γῆν,
1185 2372 1490 2443 κρείττοσιν
1530 2366 1651 2426 οὖσι
1682 2372 1775 2425 τοῦ

194 2467 422 2537 γεώδους
455 2467 842 2539 φρονήματος.
903 2463 1091 2527 Είποις
1114 2463 1167 2526 δ’⁴
1215 2462 1281 2517 ἃν
1330 2462 1427 2517 καὶ
1473 2464 1581 2516 πᾶν
1621 2462 1777 2530 γένος

196 2559 481 2633 δηλοῦσθαι
540 2560 707 2625 ζώων
755 2558 977 2626 λογικόν
1007 2573 1066 2610 τε
1097 2555 1192 2610 καὶ
1231 2556 1445 2622 ἄλογον.
1478 2553 1697 2608 Πολλῶν
1722 2554 1780 2608 δὲ

196 2651 669 2723 ψευδοπροφητῶν
716 2649 1023 2718 γεγονότων
1076 2649 1134 2700 ἐν
1206 2645 1449 2718 Ἰσραὴλ,
1500 2645 1781 2697 συνέϐαινε

197 2741 373 2795 λοιπὸν
405 2742 505 2795 καὶ
538 2740 678 2803 τοὺς
711 2738 930 2809 ἀληθεῖς
983 2734 1333 2789 ἀπιστεῖσθαι
1368 2735 1674 2803 προφήτας,
1706 2734 1782 2796 ὼς

1882 563 2043 626 mari,
2073 564 2316 633 undique
2360 564 2705 627 obsidentur,
2736 564 3125 635 intelligimus;
3167 564 3326 634 legem
3354 579 3454 617 au-

1883 662 2013 716 tem,
2037 655 2199 708 aliam
2230 655 2298 709 ab
2324 669 2410 718 ea,
2444 670 2566 725 quae
2599 654 2703 709 fuit
2732 672 2829 725 per
2861 654 3047 709 Mosen
3071 654 3410 723 pruinulgata
3436 673 3451 709 :

1882 742 1934 797 id
1966 751 2071 809 est,
2109 751 2496 799 testamentum
2535 745 2672 799 illud
2705 759 2918 810 recens,
2954 745 3021 799 de
3064 761 3171 814 quo
3213 744 3271 799 in
3309 745 3455 800 hunc

1884 833 2103 888 modum
2144 834 2386 903 loquitur
2416 834 2681 889 Jeremias
2709 853 2722 889 :
2760 852 2779 886 ι
2818 835 2882 888 Et
2908 836 3152 890 testabor
3178 835 3257 889 eis
3289 843 3455 891 testa-

1884 932 2127 980 mentum
2154 941 2386 991 novum;
2418 940 2525 979 non
2554 927 2856 980 secundum
2881 926 3035 992 illud,
3062 925 3208 993 quod
3234 925 3454 981 condidi

1885 1016 2131 1086 patribus
2159 1031 2349 1071 eorum
2381 1018 2446 1072 “.
2488 1035 2507 1068 ι
2545 1016 2633 1071 Αἰι
2666 1032 2795 1072 vero
2844 1027 2900 1071 et
2950 1026 3144 1073 noster
3191 1017 3282 1071 hic
3330 1030 3456 1086 pro-

1884 1106 2046 1175 pheta
2075 1123 2089 1160 :
2131 1125 2149 1157 ‹
2182 1105 2258 1160 De
2297 1104 2429 1159 Sion
2463 1105 2635 1160 exibit
2664 1106 2773 1172 lex,
2808 1114 2864 1160 et
2892 1107 3114 1160 verbum
3153 1104 3365 1159 Domini
3388 1104 3457 1159 de

1881 1196 2183 1252 Jerusalem
2209 1198 2275 1252 ⁸³.
2312 1216 2330 1249 ι
2369 1196 2659 1259 Craterum,
2689 1196 2817 1266 quia
2844 1197 3139 1266 proposita:
3162 1195 3453 1250 verborum

1883 1286 2067 1347 seriei,
2101 1285 2251 1338 nulla
2291 1300 2537 1355 personae
2574 1285 2849 1354 loquentis
2900 1283 3043 1338 facta
3078 1284 3455 1350 distinctione,

1881 1375 2050 1429 Iacob
2094 1376 2239 1445 [ilius
2274 1392 2419 1430 meus
2459 1375 2752 1430 confertim
2792 1374 3145 1444 adiunxerat,
3181 1390 3349 1439 nunc,
3382 1377 3457 1430 ita

1882 1467 2173 1522 Dominum
2216 1468 2387 1523 Deum
2427 1468 2655 1531 dixisse,
2695 1476 2955 1537 tanquam
3006 1466 3075 1520 ab
3110 1466 3299 1521 eodem
3337 1482 3455 1535 pro-

1882 1561 2047 1617 deant
2076 1575 2197 1630 quae
2240 1560 2309 1614 de
2345 1559 2570 1614 Christo
2609 1558 2797 1613 futura
2843 1565 3159 1623 narrantur,
3192 1557 3455 1612 ostendit.

1882 1652 2108 1718 Deinde,
2137 1654 2266 1723 quia
2311 1655 2364 1705 in
2411 1652 2695 1707 oculorum
2744 1665 2967 1704 sensum
3014 1664 3122 1703 non
3163 1649 3330 1714 cadit,
3362 1651 3455 1718 qui

1881 1744 2145 1813 loquitur,
2196 1741 2443 1813 ejusdem
2504 1741 2801 1796 essentiam
2870 1748 2925 1793 et
2994 1739 3138 1793 vires
3186 1752 3214 1791 a
3272 1753 3455 1792 rerum

1885 1843 2196 1889 creatarum
2256 1832 2662 1904 magnitudine,
2715 1831 2792 1884 uti
2839 1836 2894 1884 et
2948 1828 3184 1894 Paulus,
3234 1830 3459 1883 demon-

1886 1934 2023 1980 strat
2056 1924 2123 1979 “.
2157 1923 2304 1978 Dixit
2352 1923 2519 1993 igitur
2570 1922 2757 1975 caelum
2813 1921 2981 1989 ﬁxum
3029 1936 3140 1973 esse
3157 1935 3177 1983 ;
3210 1928 3270 1974 ut
3318 1935 3457 1989 aqua

1885 2025 2159 2082 constare,
2184 2015 2483 2072 secundum
2512 2014 2677 2068 Mosae
2707 2013 3033 2067 sententiam
3060 2012 3105 2043 ⁸⁸
3129 2029 3145 2077 ;
3176 2026 3283 2066 non
3310 2011 3456 2081 igne,

1888 2111 2028 2166 sicut
2075 2107 2317 2179 profanae
2380 2106 2663 2175 sapientiae
2715 2104 2993 2175 magistris
3044 2104 3257 2173 placet,
3307 2101 3458 2171 judi-

1887 2211 2055 2258 caret.
2105 2200 2253 2254 Dixit
2299 2206 2355 2253 et
2403 2197 2611 2265 ﬁrmari
2652 2206 2853 2250 terram
2899 2193 3042 2259 ideo,
3077 2199 3274 2263 putant
3318 2208 3459 2247 non-

1888 2292 2047 2358 nulli,
2071 2289 2219 2360 quod
2247 2289 2301 2342 in
2334 2288 2455 2358 ipso
2484 2285 2671 2340 mundi
2706 2285 2888 2340 medio
2914 2284 3113 2339 librata
3142 2290 3461 2354 permaneat

1888 2378 2414 2438 immobilis.\'erum
2431 2393 2541 2449 quo
2562 2378 2708 2442 loco,
2722 2385 2771 2431 et
2804 2392 2921 2447 quae
2945 2375 2999 2429 in
3018 2375 3156 2445 ipsa,
3173 2373 3458 2439 habemus,

1890 2476 1958 2529 Et
1982 2491 2098 2546 qua:
2118 2476 2173 2528 in
2198 2475 2315 2543 ipsa
2338 2471 2639 2537 ambulant,
2664 2471 3058 2539 interpretatur
3077 2465 3458 2538 Symmachus.

1887 2568 1955 2622 At
1989 2580 2238 2636 quaenam
2273 2573 2422 2627 sunt,
2459 2577 2580 2633 quae
2617 2560 2794 2615 verbis
2834 2560 2977 2624 istis,
3025 2558 3129 2623 Qui
3168 2556 3315 2611 dedit
3354 2557 3460 2625 ﬂa-

1890 2669 2002 2710 tum
2039 2654 2253 2724 poputo,
2291 2652 2392 2717 Qui
2421 2654 2476 2706 in
2505 2668 2569 2706 ea
2601 2658 2702 2716 est,
2734 2650 3027 2719 intelligit?
3058 2648 3285 2703 Cunctis
3314 2648 3460 2702 enim

1888 2743 2207 2798 hominibus
2237 2755 2333 2811 per
2375 2738 2776 2809 protoplastum
2814 2736 2869 2790 in
2913 2738 3150 2789 animam
3189 2734 3462 2791 viventem

201 2835 287 2888 nl.
329 2832 499 2886 αὑτὸν
574 2828 955 2897 ἀπιστηθῆναι
1014 2824 1191 2878 καίτοι
1262 2822 1784 2894 θαυματουργοῦντα

1890 2834 2181 2906 inspiravit
2226 2831 2469 2902 quidem,
2502 2845 2613 2883 non
2644 2837 2828 2883 autem
2864 2841 3056 2882 omnes
3087 2827 3306 2895 spiritus
3340 2841 3465 2896 par-

200 2924 443 2995 Χριστόν.
495 2920 830 2976 Ἐκϐάλλειν
860 2920 969 2988 γὰρ
1022 2916 1183 2971 αὐτὸν
1204 2916 1447 2984 ἔφασκον
1475 2918 1532 2968 έν
1556 2915 1779 2979 Βεελζε-

1892 2929 2082 2996 ticipes
2115 2924 2335 2989 eﬂ‘ecit;
2378 2924 2471 2978 sed
2512 2936 2609 2975 eos
2648 2927 2882 2982 tantum,
2912 2916 3006 2986 qui
3044 2916 3277 2971 terrenis
3319 2918 3467 2985 cogi-

205 3018 399 3072 ϐοῦλτά
419 3015 709 3086 δαιμόνια,
734 3012 917 3080 ἔλεγόν
936 3027 996 3063 τε
1016 3024 1030 3040 ·
1060 3028 1079 3060 ι
1108 3010 1167 3062 Et
1191 3004 1259 3079 ἦν
1280 3002 1433 3071 οὗτος
1460 3008 1601 3078 παρὰ
1626 3007 1781 3071 Θεοῦ,

1891 3020 2189 3074 tationibus
2240 3015 2555 3084 superiores
2607 3012 2820 3073 ell‘ecti,
2877 3019 3075 3063 terram
3125 3007 3463 3062 conculcant.

206 3112 296 3163 οὒκ
352 3108 478 3162 ελυε
530 3106 598 3159 τδ
633 3104 934 3159 Σάϐϐατον.
966 3120 983 3152 ι
1024 3100 1223 3171 Διόπερ
1261 3098 1499 3167 ἔφασκεν
1545 3100 1727 3163 αὐτοῖς
1756 3100 1784 3151 ὁ

1895 3111 2056 3164 Dicas
2090 3123 2219 3163 vero
2260 3106 2442 3161 omnia
2484 3104 2650 3158 etiam
2695 3099 3056 3155 animantium
3093 3112 3315 3168 genera,
3351 3096 3468 3152 sive

212 3205 390 3275 Σωτήρ
413 3219 429 3234 ·
463 3222 483 3255 ‹
532 3203 595 3256 '0
627 3201 870 3269 κλέπτης
925 3200 1025 3253 οὐκ
1052 3197 1299 3267 ἔρχεται,
1343 3198 1391 3250 εί
1436 3196 1509 3268 μὴ
1543 3197 1630 3249 ῐνα
1666 3196 1785 3250 κλέ-

1894 3202 2105 3257 ratione
2153 3199 2418 3268 polleant,
2451 3195 2565 3250 sive
2598 3193 2784 3247 eadem
2829 3190 3220 3255 destituantur,
3257 3187 3467 3258 signiti-

209 3294 297 3365 ψῃ,
334 3293 425 3346 καὶ
450 3291 629 3361 θύσῃ,
670 3289 762 3341 καὶ
782 3288 1041 3359 ἀπολέσῃ.
1110 3286 1249 3352 Ἐγὼ
1275 3281 1439 3356 ἦλθον
1504 3286 1592 3340 ἵνα
1624 3286 1768 3357 ζωὴν

1892 3292 2028 3347 cari.
2075 3290 2366 3351 Caeterum,
2402 3285 2530 3354 quia
2582 3283 2733 3337 falsis
2785 3279 3139 3336 abundabant
3186 3277 3467 3349 prophetis

214 3384 415 3453 ἔχωσιν.
450 3402 470 3435 ι
515 3381 633 3435 Καὶ
703 3379 901 3433 πάλιν·
942 3397 960 3430 ι
1008 3376 1147 3447 Ἐγὼ
1176 3373 1339 3449 ἦλθον
1379 3377 1435 3431 ἐν
1464 3377 1540 3449 τῷ
1563 3378 1785 3449 ὀνόματι

1894 3381 2171 3442 lsraelitae,
2219 3379 2421 3433 factum
2471 3383 2556 3430 est
2602 3373 2844 3434 tandem,
2890 3379 2950 3425 ut
2993 3370 3139 3426 veris
3180 3369 3314 3424 tides
3358 3382 3466 3423 non

213 3474 296 3527 τοῦ
324 3474 570 3545 Πατέρος
603 3489 735 3544 μου.
778 3490 795 3523 ι

1893 3472 2245 3528 adhiberetur
2278 3484 2294 3521 ε
2327 3467 2436 3520 imo
2472 3479 2541 3519 ne
2572 3462 2793 3518 Christo
2835 3460 3077 3531 quidem,
3118 3457 3469 3530 quantumvis

219 3566 462 3642 illiracula
497 3572 768 3636 patraret.
815 3561 953 3617 Eum
985 3561 1130 3617 enim
1165 3572 1220 3617 et
1253 3572 1465 3632 sumpta
1499 3578 1529 3616 a
1557 3564 1845 3621 Beelzebul
1880 3572 2147 3636 potestate
2181 3560 2451 3615 daemonia
2484 3558 2705 3627 ejicere,
2734 3563 2833 3619 et,’
2872 3555 2918 3610 si
2979 3569 3049 3609 ex
3118 3554 3226 3609 Deo
3294 3561 3464 3616 esset,

219 3653 505 3710 Sabbatum
552 3670 839 3726 nunquam
882 3654 1190 3710 soluturum
1255 3654 1427 3711 fuisse
1478 3655 1732 3712 dicebant
1766 3660 1827 3714 “.
1892 3659 2031 3713 Hine
2078 3656 2170 3710 illa
2222 3652 2569 3707 Salvatoris:
2610 3667 2628 3699 ι
2672 3646 2783 3701 Fur
2849 3661 2959 3700 non
3002 3646 3177 3712 venit,
3250 3643 3359 3699 nisi
3408 3649 3468 3695 ut

222 3748 433 3812 foretur,
461 3757 695 3814 mactet,
722 3746 882 3818 [.67
915 3753 970 3801 et
996 3746 1214 3815 perdat;
1246 3761 1347 3815 ego
1379 3755 1559 3803 autem
1590 3750 1773 3817 venio,
1816 3762 1873 3805 ut
1926 3750 2092 3805 vitam
2148 3746 2385 3802 habeant
2416 3744 2480 3795 ⁸⁷.
2522 3762 2539 3794 ι
2586 3741 2697 3796 Et:
2768 3740 2879 3810 Ego
2922 3741 3049 3796 veni
3134 3738 3188 3792 in
3245 3735 3470 3791 nomine

220 3836 385 3895 Patris
411 3839 519 3895 mei
547 3840 617 3893 ⁸⁸.
649 3858 669 3892 ι

285 3928 439 3984 Ὅθεν
475 3930 636 4001 αὖτῷ
660 3931 694 4001 ἡ
718 3927 1026 4000 προφητεία
1063 3929 1441 3999 μαρτυροῦντα
1456 3931 1546 3985 τὸν
1571 3934 1787 4006 Πατέρα

222 4022 371 4087 ποιεί,
403 4020 479 4085 ὡς
526 4020 756 4090 κληθείς
786 4015 969 4089 ἦλθεν,
1000 4018 1114 4072 ἀλλ’
1142 4019 1242 4073 οὐκ
1282 4020 1603 4091 αὐτόμολος,
1645 4025 1790 4079 κατά

222 4110 333 4171 τοὺς
351 4110 455 4163 ἀπὸ
482 4110 719 4181 καρδίας
780 4108 1099 4174 λαλοῦντας,
1158 4108 1274 4163 ἀλλ’
1308 4110 1378 4164 ἐν
1403 4110 1786 4183 δικαιοσύνῃ,

226 4201 332 4251 κατ’
373 4201 527 4265 ἀξίαν
576 4202 682 4272 τὴν
733 4200 928 4268 κλῆσιν
979 4198 1179 4253 λαϐών.
1223 4200 1333 4253 Καὶ
1376 4201 1482 4254 τῶν
1509 4202 1790 4269 δυνάμεων

227 4288 326 4342 δντι
351 4290 539 4363 Κυρίῳ
598 4292 884 4360 συνεργεῖν
935 4288 1357 4357 ἐπαγγέλλεται,
1387 4290 1479 4345 διὰ
1510 4292 1579 4346 τὰ
1612 4297 1788 4363 μέτρα

226 4380 313 4447 τῆς
331 4381 769 4453 ἀνθρωπότητος,
824 4380 883 4433 ὃν
910 4380 1006 4433 καὶ
1029 4380 1164 4433 Θεὸν
1194 4380 1432 4448 δεικνὺς,
1458 4383 1553 4435 καὶ
1581 4382 1695 4453 φῶς
1723 4386 1789 4436 ὲκ

229 4472 507 4536 φωτὸς,είς
536 4472 667 4542 φῶς
691 4471 854 4524 αὐτὸν
905 4470 1096 4524 ἐθνῶν
1136 4470 1327 4542 ὥσπερ
1372 4489 1423 4525 τι
1448 4471 1619 4543 δῶρον
1642 4474 1789 4527 δεδό-

233 4558 539 4633 σθαιφησὶν,
578 4565 663 4627 είς
700 4561 1001 4629 Διαθήκην
1027 4562 1232 4633 Καινὴν
1258 4562 1358 4632 τῆς
1397 4562 1669 4634 προτέρας
1690 4562 1788 4634 τὴν
1824 4547 1863 4601 D

233 4650 376 4703 σκιὰν
423 4650 742 4724 θεοπρεπῶς
783 4652 1228 4721 καταργήσαντα.
1273 4651 1404 4713 Καὶ,
1432 4650 1664 4721 ἐπείπερ
1693 4652 1790 4706 αὑ-

233 4737 311 4801 τδς
335 4736 399 4810 ἦν
423 4744 456 4813 ἡ
479 4743 761 4810 Διαθήκη,
788 4742 1016 4813 μεσίτης
1068 4741 1143 4795 ὢν
1173 4740 1308 4796 Θεοῦ
1343 4742 1439 4794 καὶ
1462 4742 1789 4813 ἀνθρώπων,

234 4829 340 4882 οὐδὲ
371 4834 607 4905 γραφὴν,
656 4834 778 4887 οὐδὲ
826 4832 1050 4903 βιϐλίον,
1082 4832 1285 4902 ὁμοίως
1331 4830 1559 4896 ἐξέδωκε
1581 4834 1792 4887 Μωσεῖ·

239 4918 288 4970 ὲν
314 4922 452 4993 αὺτῷ
512 4925 570 4978 δὲ
622 4926 717 4979 καὶ
758 4925 866 4978 τῶν
919 4923 1087 4977 πάλαι
1126 4922 1374 4991 τυφλῶν
1407 4921 1505 4985 τὰς
1533 4922 1713 4993 ψυχας
1741 4926 1796 4977 oi

239 5010 503 5082 ὀφθαλμοὶ
570 5016 975 5085 διανοῖγονται
1037 5014 1173 5085 πρὸς
1225 5013 1427 5081 γνῶσιν
1485 5013 1659 5079 Θεοῦ,
1730 5012 1791 5078 ἐξ

243 5098 443 5166 ἀγνοίας
466 5106 561 5177 τῆς
589 5108 718 5178 περὶ
737 5106 931 5160 εἴδωλά
949 5122 1009 5157 τε
1038 5104 1131 5158 καὶ
1156 5104 1438 5173 δαίμονας,
1459 5099 1538 5167 οἷς
1566 5103 1628 5157 τὸ
1651 5104 1792 5159 θεῖον

245 5192 389 5259 σέϐας
431 5198 572 5271 ἆπερ
601 5202 733 5272 ὲμόν
762 5201 815 5255 ιι.
869 5199 927 5253 '0
960 5200 1016 5254 δὲ
1069 5199 1229 5260 αὐτὸς
1266 5199 1363 5252 καὶ
1398 5202 1509 5262 τοῖς
1544 5200 1599 5253 ὲν
1639 5199 1791 5270 ᾅδου,

247 5286 657 5359 ludum-[terere
680 5292 751 5347 ἐν
785 5292 930 5358 οικῳ
969 5290 1253 5360 φυλακῆς
1283 5276 1791 5361 ἐκήρυξεὲπνεύμα-

249 5386 340 5437 σιν,
364 5378 423 5431 ὲκ
443 5380 677 5451 δεσμῶν
722 5383 968 5451 ἀνάγκης
1016 5384 1225 5443 πάντας
1283 5382 1452 5445 ἀνείς.
1499 5380 1667 5453 Ὀμοῦ
1706 5382 1786 5450 δὲ,

1965 3930 2101 3986 Hinc
2122 3941 2340 3984 rursum
2369 3923 2552 3979 Patris
2582 3922 2959 3979 testimonium
2989 3922 3251 3993 propheta
3280 3930 3472 3976 noster

1892 4024 2138 4089 adhibet,
2171 4034 2409 4090 eumque
2444 4033 2554 4072 non
2605 4024 2823 4087 sponte,
2876 4024 2935 4070 ut
2985 4014 3346 4084 transfugam,
3376 4019 3471 4067 aut

1892 4131 2081 4173 eorum
2131 4113 2393 4183 aliquem,
2432 4108 2527 4179 qui
2579 4108 2648 4163 de
2706 4122 2809 4163 suo
2856 4114 3067 4161 tantum
3125 4104 3347 4176 ingenio
3391 4105 3471 4159 lo-

1893 4214 2159 4278 quuntur,
2196 4202 2292 4257 sed
2327 4201 2431 4256 rite
2465 4206 2719 4253 vocatum
2759 4199 2815 4250 in
2848 4197 3056 4259 iustitia
3091 4195 3376 4258 accedere,
3415 4202 3471 4249 et

1895 4312 2018 4352 cum
2048 4293 2390 4349 exercituum
2422 4290 2676 4354 Domino,
2708 4303 2809 4359 pro
2843 4285 3207 4341 humanitatis
3236 4286 3467 4350 ratione,

1895 4386 2179 4456 coopetari
2228 4383 2538 4444 confirmat,
2584 4379 2868 4449 Deumque
2904 4391 3052 4443 esse,
3084 4383 3139 4431 et
3182 4376 3363 4431 lumen
3405 4376 3472 4429 de

1894 4478 2124 4542 lumine,
2152 4485 2204 4530 et
2229 4477 2395 4528 lucem
2422 4474 2675 4544 gentium,
2699 4479 2958 4541 tanquam
2991 4469 3195 4523 donum
3222 4466 3468 4536 aliquod,

1899 4569 1953 4625 in
2006 4558 2372 4623 testamentum
2420 4579 2647 4629 novom,
2685 4563 2889 4619 veteris
2938 4561 3131 4616 umbra
3179 4559 3468 4625 divinitus,

1888 4668 1948 4716 ut
1996 4674 2095 4730 par
2137 4666 2276 4723 erat,
2328 4656 2595 4727 dissipata
2633 4655 2700 4708 ".
2754 4651 3023 4718 Quoniam
3077 4649 3275 4705 deinde
3324 4649 3467 4704 idem

1888 4751 2003 4822 ipse
2050 4756 2423 4803 testamentum
2473 4753 2592 4799 erat
2637 4743 2923 4815 (tanquam
2971 4740 3151 4795 factus
3196 4738 3467 4795 mediator

1892 4842 1984 4896 Dei
2017 4851 2070 4896 et
2104 4838 2407 4905 hominum)
2440 4850 2616 4906 neque
2650 4836 3006 4904 scripturam,
3037 4846 3215 4901 neque
3243 4830 3462 4895 librum,

1894 4933 2059 4988 veluti
2105 4930 2306 4997 Moses,
2357 4929 2574 4986 edidit:
2608 4927 2703 4983 sed
2752 4928 2806 4982 in
2858 4929 2982 4997 ipso
3030 4941 3222 4982 eorum
3275 4927 3461 4991 etiam,

1898 5024 1991 5094 qui
2037 5023 2309 5093 quondam
2368 5021 2677 5075 animorum
2727 5020 2962 5075 caecitate
3012 5017 3355 5081 laborabant,
3396 5017 3463 5071 ad

1900 5116 1994 5171 Dei
2029 5115 2362 5186 agnitionem
2400 5113 2541 5168 acuti
2587 5112 2918 5181 aperiuntur,
2942 5109 2997 5164 id
3047 5116 3134 5165 est
3170 5109 3239 5163 ab
3279 5108 3461 5172 idolis,

1900 5204 2098 5273 quibus
2156 5202 2404 5258 divinum
2459 5200 2665 5254 cultum
2722 5197 3060 5261 tribuebant,
3116 5204 3463 5251 revocantur.

1898 5293 2043 5349 Idem
2077 5307 2204 5347 vero
2234 5299 2287 5347 et
2317 5292 2384 5347 iis
2408 5290 2572 5345 etiam
2605 5289 2910 5356 spiritibus,
2937 5287 3031 5357 qui
3061 5284 3203 5356 apud
3234 5286 3464 5353 inferos,

1899 5387 1955 5440 in
1984 5386 2207 5440 carceris
2232 5383 2388 5439 domo
2415 5382 2688 5437 constricti
2719 5380 3048 5436 tenebantur
3078 5379 3145 5445 7°,
3171 5378 3238 5434 de
3263 5393 3322 5434 se
3347 5377 3464 5448 ipse

254 5487 351 5585 υτ
380 5487 570 5550 Jerem.
611 5511 756 5550 χχχι.
785 5494 873 5552 ⁸51.
901 5493 993 5546 32.
1068 5494 1115 5526 ⁸³
1151 5493 1259 5549 lsa.
1284 5493 1418 5555 ".5.
1496 5494 1543 5525 “
1582 5495 1785 5551 Rom.t

343 5572 435 5585 nn—
495 5578 522 5585 _
577 5565 640 5585 an
696 5566 750 5585 ΔΙ
858 5565 903 5585 ιι
944 5562 1069 5585 Ιιι-..
1132 5580 1163 5585 --
1224 5564 1281 5585 ιη
1381 5564 1425 5585 ια
1458 5563 1471 5585 Ι
1520 5562 1641 5585 Ικ---
1704 5579 1740 5585 --

1890 5493 1971 5585 0;“
2002 5493 2230 5585 ‘°:‘G.en.
2267 5508 2305 5557 ι,
2337 5494 2410 5585 (ii;
2470 5493 2514 5526 “
2541 5491 2674 5549 Luc.
2704 5505 2782 5557 xt,
2819 5489 2905 5556 14,
2940 5489 3037 5557 15;
3072 5486 3228 5547 toan.
3264 5504 3339 5555 ιχ,
3375 5486 3460 5543 16.

313 5554 458 5616 Joan.
494 5578 548 5630 ι,
574 5565 662 5632 10,
694 5566 755 5620 11
858 5565 903 5598 ⁵⁸
936 5562 1095 5619 Joan.
1132 5580 1183 5630 v,
1216 5564 1302 5619 45.
1381 5564 1425 5597 ⁸⁵
1455 5563 1475 5618 l
1509 5562 1668 5621 Joan.
1703 5579 1764 5631 ιι,

1926 5566 1971 5597 ⁷ο
2002 5565 2019 5619 1
2048 5564 2195 5621 Petr.
2225 5554 2311 5632 nt,
2345 5565 2411 5622 10

1475 5672 1709 5730 VARI/li
1739 5673 2142 5732 LECTIONES.

319 5736 343 5778 δ
381 5757 458 5811 γρ.
494 5742 771 5818 ἀπένεμον.
