3900 6498
451 420 587 489 Ξ367

1744 417 2098 481 PROCOPII
2121 417 2365 479 GAZAEI

3557 417 3688 482 2368

452 537 810 594 concinnatus
843 543 948 603 est,
981 542 1036 593 et
1069 536 1291 592 uinculis
1337 534 1688 593 necessitatis
1730 551 1923 594 omnes
1959 537 2026 592 li-

2140 536 2222 590 ιιαὶ
2252 535 2380 598 τοὺς
2422 533 2836 607 «pomum;
2892 532 3184 603 τυφλοὺς,
3216 535 3340 601 ταῖς
3382 533 3493 587 τῶν
3555 533 3689 587 ἰδίων

453 632 682 688 beravit.
721 631 866 697 Quin
900 639 956 686 et
985 631 1055 686 iis
1079 630 1269 695 etiam,
1293 644 1434 700 quos
1475 631 1734 700 superius
1771 630 1885 684 disi
1922 645 2025 685 cte-

453 724 609 776 citate
649 721 922 787 laborare,
957 735 1082 775 cum
1132 720 1376 789 peccatis
1407 726 1668 789 tanquam
1703 719 1935 784 catenis,
1969 718 2026 772 in

454 811 590 882 ipsis
631 811 898 866 scelerum
941 809 1167 864 tenebris
1202 809 1479 864 constricti
1520 816 1863 874 tenerentur,
1900 824 2028 879 pec-

454 915 700 970 caturum
733 904 945 958 veniam
979 905 1237 973 largitus,
1274 905 1498 962 eosdem
1529 905 1730 960 diaboli
1763 905 2030 962 servitute

455 995 680 1064 eripuit,
713 1002 766 1048 et
799 995 1055 1050 libertate
1085 995 1344 1063 donavit;
1374 1011 1485 1052 non
1505 995 1727 1052 Judwos
1754 995 2026 1066 privatim,

455 1101 565 1142 non
597 1084 878 1151 Israelem,
913 1101 1024 1139 non
1058 1083 1346 1153 Iacobum,
1387 1087 1483 1143 sed
1527 1101 1702 1157 genus
1747 1086 2028 1141 hominum

455 1180 774 1233 universum
811 1196 824 1232 :
856 1187 914 1232 ut
951 1178 1200 1234 adhibito
1234 1179 1469 1249 gentium
1499 1178 1722 1234 nomine
1753 1178 2032 1249 signiﬁca-

455 1266 552 1320 vit.
589 1264 816 1326 Deinde.
845 1281 967 1320 cum
1005 1281 1065 1320 se
1111 1265 1404 1320 Dominum
1454 1265 1622 1320 Deum
1654 1279 1776 1322 esse
1816 1265 2031 1335 ρι’ωωί-

456 1355 639 1418 sisset,
689 1353 914 1423 gloriam
963 1369 1133 1408 meam
1189 1355 1349 1408 alteri
1405 1371 1510 1408 non
1557 1354 1718 1419 dabo,
1759 1354 2026 1425 adjunxit.

458 1441 604 1497 Dixit
631 1449 812 1498 autem
853 1443 1033 1508 alteri,
1067 1443 1221 1498 aiunt
1264 1443 1537 1510 nonnulli,
1569 1451 1626 1499 et
1666 1443 1785 1508 uni,
1813 1451 2029 1498 tantum

455 1550 576 1590 eam
605 1533 674 1590 de
695 1548 804 1603 qua
847 1535 1194 1604 loquebatur,
1227 1548 1352 1589 cum
1392 1550 1604 1590 vocasse
1630 1535 1684 1588 in
1704 1534 1945 1603 justitia,
1975 1540 2032 1590 et

457 1641 580 1696 qua:
605 1637 936 1696 sequuntur,
987 1625 1218 1690 diceret,
1268 1624 1466 1679 laetam
1514 1639 1636 1680 esse
1668 1625 1900 1696 gratiam
1935 1625 2030 1680 de-

459 1722 815 1772 monstraret.
859 1715 988 1770 Erat
1018 1725 1200 1770 autem
1232 1715 1408 1786 gloria
1438 1715 1675 1772 dicentis
1710 1733 1724 1771 :
1764 1715 1878 1786 Ego
1917 1715 2031 1769 Do-

459 1810 635 1864 minus
666 1808 825 1864 Deus.
859 1807 973 1863 Hoc
1002 1809 1147 1864 enim
1181 1807 1404 1864 nomine
1426 1809 1784 1878 gloriﬁcatur.
1818 1807 2032 1863 Praesti-

460 1902 588 1956 lerit
615 1915 746 1956 vero
777 1901 982 1966 dicere,
1012 1901 1138 1969 quia
1177 1899 1437 1955 Dominus
1473 1899 1613 1955 Deus
1645 1901 1762 1970 ipsa
1789 1907 1874 1957 est
1907 1899 2028 1954 Tri-

461 1993 628 2056 nitas,
643 2006 821 2061 neque
841 1991 984 2046 alius
1003 1990 1243 2046 essentia
1257 1989 1420 2045 Pater
1438 2005 1468 2043 a
1491 1991 1648 2056 Filio,
1661 2004 1820 2060 quem
1838 2003 2033 2060 magna

460 2090 810 2152 praestantem
835 2081 987 2146 fecit,
1010 2081 1259 2136 eumdem
1288 2082 1489 2150 ipsum,
1513 2081 1561 2136 si
1589 2091 1839 2137 creatura
1865 2088 2033 2147 esset,

461 2187 730 2242 supremae
763 2171 949 2242 gloria:
993 2172 1317 2241 participem
1361 2185 1487 2226 esse
1520 2185 1629 2226 non
1673 2186 1860 2242 posse,
1896 2170 2036 2226 velle

459 2266 627 2338 468
655 2264 1055 2321 demonstrare.
1103 2262 1272 2318 Beato
1319 2263 1589 2334 siquidem
1627 2273 1853 2319 auctore
1885 2263 2035 2332 Apo-

462 2354 638 2418 stolo;
683 2371 703 2404 ι
741 2353 967 2407 Etiamsi
1000 2352 1152 2406 multi
1177 2352 1398 2422 quidem
1433 2352 1548 2407 sint
1569 2352 1686 2418 Dei,
1710 2362 1766 2407 et
1792 2351 2033 2418 Domini,

460 2446 580 2502 sive
612 2445 668 2500 in
695 2445 858 2511 caelo,
889 2444 1005 2500 sive
1050 2443 1104 2498 in
1151 2452 1320 2510 terra,
1351 2445 1512 2502 nobis
1556 2455 1738 2501 tamen
1769 2458 1915 2499 unus
1951 2451 2038 2499 est

463 2539 608 2593 Deus
635 2535 818 2603 Pater,
844 2551 913 2592 ex
939 2551 1048 2606 quo
1075 2537 1260 2590 omnia
1287 2555 1302 2592 :
1332 2544 1389 2592 et
1419 2551 1564 2592 unus
1588 2535 1854 2591 Dominus
1873 2533 2037 2592 Jesus

461 2625 738 2692 Christus,
771 2639 868 2696 per
897 2641 1058 2696 quem
1095 2626 1305 2691 omnia,
1338 2633 1394 2679 et
1426 2641 1527 2681 nos
1557 2641 1654 2696 per
1695 2626 1876 2696 ipsum
1909 2625 1978 2681 ⁷¹.
2011 2642 2032 2677 ι

462 2717 648 2789 Neque
688 2718 835 2775 enim
870 2719 1011 2773 alius
1059 2729 1146 2773 est
1194 2726 1390 2788 praeter
1433 2719 1632 2788 ipsum,
1663 2718 1880 2774 etiamsi
1911 2733 2040 2787 pro-

463 2809 586 2879 prio
635 2821 884 2878 personas
939 2808 1264 2863 discrimine
1316 2815 1622 2878 separetur.
1672 2805 1806 2861 Cum
1855 2811 2037 2858 autem

463 2900 681 2953 uirtutes
721 2913 874 2963 suas,
911 2899 1030 2953 sive
1073 2898 1280 2951 laudem
1325 2896 1404 2967 (ut
1436 2895 1663 2966 Aquilas
1698 2902 1753 2950 et
1789 2892 2040 2948 Theodo-

466 2992 565 3058 tio,
592 2991 907 3046 nominibus
944 2991 1168 3060 quidem
1205 2989 1468 3053 diversis,
1501 2988 1594 3043 sed
1642 2987 1783 3042 idem
1827 2984 2039 3057 signiti-

464 3080 738 3146 cantibus,
787 3079 1269 3149 interpretantur),
1320 3077 1657 3146 sculptilibus
1707 3077 1932 3130 minime
1979 3090 2040 3130 se

464 3171 718 3226 daturum
756 3170 926 3237 dicit,
961 3170 1099 3224 nihil
1145 3184 1357 3233 eorum,
1391 3184 1513 3237 qua:
1560 3175 1686 3222 ante
1728 3167 2038 3230 coluerunt,

468 3263 636 3320 Deum
684 3263 930 3329 credere,
965 3277 1142 3332 neque
1182 3260 1396 3314 laudem
1442 3260 1668 3329 impiam
1714 3258 1912 3313 olierre
1952 3257 2041 3313 de-

465 3358 597 3414 bere
624 3364 814 3428 gentes
856 3356 1135 3412 admonet.
1181 3353 1347 3410 Solus
1381 3354 1526 3409 enim
1557 3353 1736 3410 Patris
1763 3353 1882 3409 sine
1907 3367 2042 3408 con-

470 3447 734 3504 troversia
765 3448 984 3501 virtutes
1021 3447 1183 3501 habet
1215 3445 1520 3502 secundum
1551 3443 1895 3500 divinitatem
1921 3442 2044 3513 qui-

467 3541 621 3605 dem,
675 3539 788 3610 jam
843 3549 1022 3594 autem
1079 3549 1132 3594 et
1187 3536 1492 3593 secundum
1552 3535 2040 3607 dispensationem.

471 3630 684 3686 Placuit
732 3631 1025 3701 siquidem,
1059 3639 1114 3684 ut
1164 3629 1218 3684 in
1266 3628 1384 3697 ipso
1415 3627 1596 3684 omnis
1631 3626 1916 3696 plenitudo
1958 3625 2041 3680 di-

469 3722 718 3777 vinitatis
761 3721 1122 3791 corporaliter
1162 3720 1497 3776 inhabitaret
1523 3721 1586 3773 ".
1626 3722 1755 3776 Post
1787 3721 1903 3776 haec
1933 3720 2047 3775 col-

473 3813 592 3883 ligit
623 3830 639 3868 :
670 3813 802 3879 Quae
845 3831 876 3866 a
918 3813 1200 3881 principio,
1242 3827 1358 3866 ecce
1388 3821 1656 3866 uenerunt.
1697 3809 1898 3868 Verum
1936 3826 2046 3882 quo

471 3905 618 3968 loco,
658 3916 938 3973 antequam
990 3905 1397 3968 annuntientur,
1439 3903 1678 3956 indicata
1719 3912 1842 3956 sunt
1880 3903 2045 3969 vobis,

475 3993 742 4064 legimus;
773 3994 846 4047 ita
881 3991 1244 4064 Symmachus
1278 3993 1613 4062 :Antequam
1644 3994 2046 4060 annuntientur,

472 4101 539 4138 ea
567 4084 756 4138 audita
783 4083 980 4152 faciant
1013 4084 1178 4138 vobis.
1215 4082 1286 4138 Ut
1311 4085 1458 4139 enim
1489 4085 1685 4154 prima,
1716 4085 1814 4151 ait,
1844 4100 1902 4142 re
1929 4086 2049 4156 ipsa

477 4177 700 4246 impleta
732 4182 860 4230 sunt
891 4174 1225 4246 (Abrahamo
1260 4175 1530 4246 siquidem
1572 4175 1722 4246 quod
1750 4177 1798 4231 ei
1839 4191 1935 4245 per
1965 4192 2050 4234 me

479 4264 546 4321 de
569 4264 781 4321 semine
801 4265 956 4333 ejus;
979 4267 1121 4335 quod
1161 4282 1255 4336 per
1287 4266 1472 4323 Mosen
1506 4267 1761 4338 denique,
1785 4268 2052 4339 reliquos-

476 4371 584 4426 que
605 4357 918 4428 prophetas,
943 4358 1270 4427 promissnm
1298 4358 1818 4429 pronuntiatumque
1838 4368 1940 4426 est,
1971 4358 2052 4414 lac

477 4451 566 4497 cta
589 4459 711 4500 esse
737 4459 848 4500 non
885 4445 1184 4514 ambigitis.
1223 4445 1316 4499 Sic
1345 4455 1399 4500 et
1427 4461 1548 4515 quae
1592 4461 1741 4501 nunc
1769 4446 1885 4515 ipse
1919 4463 2052 4502 nova

2126 626 2494 696 ἐσφιγμένους
2541 627 2957 696 ἁμαρτημάτων
3015 627 3250 695 σειραῖς,
3281 626 3486 692 σκότῳ
3517 642 3576 677 τε
3603 642 3692 680 κα-

2128 718 2248 780 κίας
2274 716 2752 785 πεπεδημένους,
2790 717 2990 786 ἠξίωσε
3030 717 3121 769 διὸ.
3139 715 3241 785 τῆς
3260 717 3485 786 χάριτος
3528 715 3694 785 ἁμαρ⁴

2126 826 2193 878 τη
2203 809 2389 878 μάτων
2422 807 2692 877 ἀφέσεως,
2717 808 2814 876 τῆς
2843 806 2938 860 τοῦ
2955 807 3205 861 διαὸόλου
3232 808 3458 870 τούτους
3492 807 3696 860 ἐλευθε-

2131 898 2312 972 ρώσας
2327 900 2570 970 εἱρκτῆς,
2585 899 2688 953 οὐκ
2702 897 3022 964 Ἰουδαίους
3037 897 3237 963 ξδικῶς,
3256 898 3316 951 ού
3329 898 3420 951 τὸν
3434 897 3694 965 Ἰσραὴλ,

2129 990 2192 1043 οὐ
2217 991 2310 1044 τὸν
2351 989 2577 1053 Ἰακὼϐ,
2646 990 2756 1043 πᾶν
2805 988 2864 1042 δὲ
2909 988 3068 1057 γένος
3115 985 3438 1057 ἀνθρώπων.
3507 985 3700 1053 Διόπερ

2132 1075 2306 1144 εἶπεν,
2336 1080 2546 1135 ἐθνῶν.
2577 1075 2713 1134 Εἶτα
2735 1079 2940 1149 Κύριος
2989 1080 3018 1131 ὁ
3059 1078 3192 1140 Θεὸς
3221 1077 3494 1146 ὑπάρχειν
3516 1073 3698 1128 εἰπών’

2136 1170 2254 1238 Τὴν
2275 1170 2466 1235 δόξαν
2485 1187 2627 1239 μου,
2650 1170 2836 1238 φησιν,
2859 1168 3039 1237 ἑτέρῳ
3062 1169 3134 1222 οὺ
3163 1166 3356 1220 δώσω.
3388 1167 3506 1219 υύκ
3535 1161 3702 1226 εἶπεν,

2131 1262 2327 1328 οὐδενὶ,
2354 1262 2543 1330 φασὶν,
2570 1260 2687 1314 ἀλλ’
2710 1259 2910 1328 ἑτέρῳ,
2937 1259 3221 1329 ἐμφαίνων
3256 1259 3336 1311 ἐνὶ
3367 1257 3520 1327 μόνῳ
3547 1272 3703 1324 γεγο-

2131 1355 2284 1408 νέναι
2313 1351 2680 1423 συγχώρησιν,
2739 1351 2868 1422 περὶ
2901 1343 3074 1420 οὗπερ
3111 1349 3368 1418 ἔφασκεν·
3412 1345 3707 1400 Ἑκὰλεσὰ

2131 1460 2207 1499 σε
2227 1444 2298 1498 ἐν
2325 1443 2706 1512 δικαιοσύνῃ,
2727 1441 2824 1496 καὶ
2846 1442 2915 1496 τὰ
2938 1441 3090 1510 ἑξῆς.
3133 1441 3198 1494 Ἠ
3224 1441 3279 1493 δέ
3311 1439 3462 1504 δόξα
3498 1437 3595 1491 τοῦ
3619 1438 3706 1490 λέη

2131 1553 2318 1604 γοντος
2351 1531 2439 1606 ἦν·
2485 1534 2626 1604 Ἐγὼ
2682 1535 2898 1601 Κύριος
2943 1536 2976 1587 ὁ
3034 1533 3200 1598 Θεός.
3229 1533 3329 1586 Διὰ
3369 1531 3573 1584 τούτου
3600 1529 3708 1599 γὰρ

2131 1624 2432 1688 δοξάζεται
2463 1624 2555 1678 τοῦ
2582 1625 2864 1694 ὀνόματος.
2887 1625 3141 1693 ’Ἄμεινον
3159 1623 3216 1676 δὲ
3235 1623 3435 1691 λέγειν,
3465 1620 3706 1686 Ἐπειδή

2133 1719 2347 1788 Κύριος
2373 1721 2406 1771 ὀ
2433 1716 2575 1782 Θεὸς
2603 1718 2636 1784 ἡ
2671 1716 2715 1767 Τ
2718 1717 2864 1787 ριὰς,
2887 1716 2984 1769 καλ⁸
3008 1716 3108 1784 οὐχ
3143 1715 3332 1786 ἐτερος
3363 1715 3484 1768 κατ’
3518 1711 3708 1767 οὐσίαν

2133 1809 2228 1862 τοῦ
2261 1808 2498 1878 Πατέρος
2520 1809 2549 1860 6
2570 1807 2718 1871 Υίδς,
2744 1807 2957 1877 μεγάλα
2974 1807 3032 1861 δὲ
3055 1805 3424 1878 κατορθοῦντα
3441 1804 3691 1874 παρέστη

2139 1917 2254 1966 σεν,
2298 1900 2570 1953 δείκνυσιν
2623 1898 2698 1962 ὡς
2749 1898 2909 1969 εἴπερ
2970 1894 3038 1969 ἦν
3097 1896 3322 1967 κτίσμα,
3357 1896 3458 1950 οὐκ
3495 1894 3560 1950 ἂν
3611 1896 3734 1964 τῆς

2135 1991 2399 2046 ἀνωτάτω
2424 1991 2582 2062 δόξης
2597 1991 2789 2059 γέγονε
2825 1990 3101 2054 κοινωνός.
3121 1989 3280 2044 Κατὰ
3305 1988 3417 2060 γὰρ
3442 1989 3534 2042 τδν
3566 1988 3713 2041 θεῖον

2149 2081 2492 2143 Ἀπόστολον,
2537 2099 2556 2133 ι
2593 2081 2712 2134 Κᾶν
2776 2082 2826 2134 εξ
2875 2079 3064 2134 πολλοί
3117 2097 3264 2143 τινες
3311 2076 3419 2133 εἷεν
3445 2079 3584 2142 θεοὶ,
3619 2078 3713 2132 καὶ

2137 2172 2338 2242 κύριοι,
2387 2172 2444 2226 ἐν
2506 2189 2564 2226 τε
2616 2171 2851 2244 οὐρανῷ,
2897 2172 2992 2226 καὶ
3041 2172 3136 2225 ἐπὶ
3157 2172 3259 2240 τῆς
3279 2169 3551 2241 γῆς-ἁλλ’
3576 2171 3714 2239 ἡμῖν

2139 2255 2218 2324 εἷς
2265 2260 2397 2325 Θεὸς
2427 2261 2456 2314 6
2486 2261 2696 2333 Πατὴρ,
2729 2261 2790 2326 ἐξ
2827 2256 2888 2317 οὗ
2939 2261 3010 2315 τὰ
3041 2263 3239 2326 πάντα,
3273 2262 3369 2315 καὶ
3395 2256 3475 2324 εἷς
3505 2259 3713 2330 Κύριος

2151 2354 2356 2423 Ἰησοῦς
2384 2352 2640 2424 Χριστὸς,
2669 2354 2738 2408 δι’
2771 2345 2832 2407 οὗ
2868 2353 2940 2408 τὰ
2973 2353 3171 2421 πάντα,
3201 2355 3297 2408 καὶ
3325 2354 3483 2424 ἡμεῖς
3512 2353 3581 2406 δι’
3612 2353 3712 2406 αὐ-

2136 2446 2253 2503 τοῦ.
2287 2465 2305 2499 ι
2340 2448 2415 2501 Οὐ
2446 2446 2553 2517 γὰρ
2580 2446 2770 2517 ἕτερος
2807 2448 2936 2519 παρ’
2967 2445 3155 2510 αὑτὸν,
3177 2447 3283 2500 κᾶν
3302 2448 3380 2509 εἰς
3410 2445 3711 2498 ὑπόστασιν

2142 2536 2316 2606 ίδικὴν
2343 2535 2682 2608 ἀφορίζεται.
2713 2536 2903 2601 Λέγων
2942 2537 3021 2602 δέ,
3051 2537 3185 2590 Οὐδὲ
3218 2536 3318 2598 τὰς
3361 2534 3576 2604 ἀρετάς
3607 2552 3710 2605 μου

2137 2629 2310 2682 δώσω
2349 2628 2472 2693 τοῖς
2523 2627 2850 2697 τλυπτοῒςο
2890 2627 2925 2699 ἡ
2972 2627 3070 2699 τὴν
3117 2628 3402 2697 ὕμνησιν,
3441 2626 3582 2680 κατά
3629 2624 3711 2677 τὸν

2151 2720 2380 2774 Ἀκύλαν
2404 2737 2418 2752 ·
2446 2719 2479 2791 ἦ
2505 2720 2598 2774 τὸν
2643 2719 2916 2786 ἔπαινον,
2958 2719 3100 2774 κατὰ
3143 2719 3458 2790 Σύμμαχον,
3483 2718 3555 2772 τὰ
3581 2716 3709 2786 ἔθνη

2139 2810 2386 2865 παιδεύει
2458 2810 2623 2880 μηδὲν
2671 2809 2780 2865 τῶν
2812 2811 2984 2865 παλαι
3043 2810 3403 2880 σεδασμάτων
3460 2808 3710 2878 ἡγεῖσθαι

2138 2903 2291 2966 Θεὸν,
2355 2901 2489 2972 μηδέ
2538 2901 2870 2972 προσφέρειν
2925 2904 3164 2958 αἴγεσιν
3192 2900 3582 2972 ἀσεϐῆ.Μὸνος
3604 2899 3711 2970 γὰρ

2138 2994 2253 3065 ἔχει
2277 2997 2396 3058 ·τὰς
2425 2995 2519 3049 τοῦ
2553 2997 2794 3069 Πατέρος
2831 2998 3070 3065 ἀρετὰς,
3120 2996 3564 3068 ὁμολογουμένως
3615 2995 3712 3063 μὲν

2139 3087 2282 3143 κατὰ
2301 3088 2404 3160 τὴν
2431 3088 2685 3158 Θεότητα,
2733 3091 2835 3160 ἤδη
2875 3091 2935 3144 δὲ
2974 3091 3070 3143 καὶ⁵
3098 3090 3239 3144 κατά
3260 3089 3359 3160 τὴν
3376 3088 3709 3158 οἰκονομίαν.

2155 3179 2242 3234 Ἐν
2273 3180 2422 3252 αὐτῴ
2437 3181 2545 3251 γὰρ
2571 3180 2830 3252 εύδόκησε
2856 3184 2970 3236 πᾶν
3000 3182 3061 3235 τὸ
3089 3181 3365 3252 πλήρωμα
3388 3181 3489 3250 τῆς
3525 3179 3713 3249 Orom-

2139 3287 2232 3335 τος
2299 3271 2626 3341 κατοικῆσαι
2665 3273 3016 3341 σωματικῶς.
3050 3273 3274 3334 Τούτοις
3322 3270 3595 3338 ἐπιλέγει’
3644 3271 3718 3324 Τὰ

2142 3362 2241 3415 ἀπ’
2293 3361 2486 3430 ἀρχῆς
2542 3360 2672 3416 ἰδοὺ
2705 3361 2955 3428 ἤκασιν.
3005 3363 3156 3415 Ἀντὶ
3203 3362 3262 3415 δὲ
3308 3360 3425 3426 τοῦ,
3455 3359 3579 3428 Πρὸ
3610 3358 3717 3412 τοῦ

2143 3451 2489 3520 ἀναγγεῖλαι
2551 3451 2825 3521 ἐδηλώθη
2888 3451 3050 3522 ὑμῖν,
3105 3453 3134 3505 6
3189 3451 3485 3523 Σύμμαχος
3541 3445 3715 3502 εἶπεν·

2145 3536 2264 3604 Πρὸ
2290 3537 2396 3591 τοῦ
2429 3537 2775 3608 ἀναγγεῖλαι
2807 3540 2958 3593 αὐτὰ
2993 3540 3269 3595 ἀκουστὰ
3299 3539 3536 3606 ποιήσω
3558 3537 3718 3608 ὑμῖν.

2149 3629 2318 3682 Ὠσπε
2329 3646 2360 3698 ρ
2391 3631 2500 3700 γὰρ
2527 3629 2596 3684 τὰ
2626 3630 2836 3698 πρῶτα,
2870 3633 3062 3702 φησιν,
3107 3631 3404 3703 ἐπληρώθη
3435 3631 3508 3684 δι’
3548 3630 3723 3701 ἔργων

2147 3723 2313 3791 (καθὰ
2342 3725 2448 3796 γὰρ
2483 3724 2733 3797 Ἀϐραὰμ
2762 3727 3180 3798 ἐπηγγειλάμην
3202 3727 3331 3798 περὶ
3352 3724 3448 3780 τοῦ
3471 3725 3724 3792 σπέρμασι

2146 3831 2237 3877 τος
2269 3815 2455 3882 αὐτοῦ,
2489 3817 2767 3886 πεποίηκα
2795 3834 2812 3850 ⁸
2856 3818 3149 3890 ἐπληρώθη
3168 3818 3226 3872 δὲ
3256 3817 3350 3872 καὶ
3391 3818 3462 3871 τὰ
3484 3815 3573 3868 διᾶ
3596 3815 3724 3869 Μω-

2149 3905 2287 3968 σέως
2307 3906 2400 3959 καὶ
2437 3907 2546 3958 τῶν
2576 3907 2872 3977 προφητῶν
2901 3907 3314 3978 προλεχοέντα),
3335 3905 3483 3960 οὕτω
3513 3906 3606 3961 καὶ
3629 3904 3724 3959 νῦν

2149 3993 2568 4065 εὐαγγελίζομαι
2607 3997 2722 4058 τοῖς
2777 3997 2913 4051 πᾶσι
2953 3997 3151 4053 καινά.
3191 3998 3301 4052 Καὶ
3352 3996 3496 4066 πρὶν
3543 3996 3722 4064 ἀνατ-

2147 4085 2360 4154 τεῒλαι,
2393 4087 2491 4140 καὶ
2519 4087 2657 4156 πρὸς
2689 4087 2751 4140 τὸ
2803 4091 3037 4160 φανερὸν
3082 4089 3279 4153 ἐλθεῖν,
3323 4087 3568 4142 ἀκουστὰ
3597 4088 3726 4154 ὑμῖν

2148 4177 2236 4230 διὰ
2262 4178 2362 4248 τῆς
2385 4177 2668 4250 παρούσης
2710 4181 3054 4251 προφητείας
3093 4181 3349 4252 ἐποίησα,
3397 4180 3543 4250 ἅπερ
3595 4178 3719 4248 ἑξῆς

2151 4269 2496 4340 ἐπενήνοχεν.
2529 4271 2633 4326 Τὸν
2676 4272 2734 4326 δὲ
2778 4273 2908 4343 περὶ
2947 4273 3042 4327 τοῦ
3073 4273 3327 4343 Σωτῆρος
3352 4271 3718 4332 ἀπιστεῖσθαι,

2153 4360 2472 4428 φασίτινες,
2517 4360 2676 4430 λόγον
2733 4363 2793 4414 ού
2854 4366 3148 4434 συγχωρεῖ.
3184 4365 3318 4418 Ποῖα
3345 4363 3423 4425 δὲ,
3475 4363 3626 4430 φασὶ,
3656 4361 3722 4414 τὰ

2154 4452 2371 4520 araer-ci;
2397 4454 2578 4525 Ἀπερ
2599 4455 2967 4525 ἐπήγγελται
2991 4458 3018 4508 6
3035 4455 3238 4526 Κύριος
3266 4454 3427 4524 ἡμῶν
3469 4451 3674 4521 Ἰησοῦς
3695 4454 3722 4506 6

479 4535 634 4591 vobis
662 4535 918 4592 omnibus
971 4535 1141 4591 all'ero
1170 4552 1184 4590 :
1223 4535 1542 4606 Priusquam
1575 4538 1975 4605 annuntientur,
1998 4548 2037 4593 et

2157 4545 2411 4615 Χριστὸς,
2437 4546 2537 4617 τὴν
2568 4549 2647 4610 εἰς
2672 4547 2845 4600 αἰῶνα
2873 4547 2964 4601 τδν
3010 4547 3272 4618 μέλλοντα
3299 4547 3467 4617 ζωὴν,
3508 4545 3605 4599 καὶ
3630 4544 3723 4598 ὅσα

479 4628 535 4682 in
567 4639 812 4697 apertum
864 4627 1120 4692 veniant;
1164 4627 1350 4682 audita
1379 4627 1536 4682 vobis
1577 4643 1672 4696 per
1712 4628 1881 4697 ipsam
1918 4645 2045 4698 pro-

2152 4633 2288 4704 πρὸς
2312 4633 2470 4698 ἀξίαν
2498 4637 2609 4698 τοῖς
2639 4635 2819 4703 ἁγίοις
2849 4636 3160 4691 ἀπόκειται.

434 4760 458 4794 τ
479 4717 716 4787 phetiam
745 4730 868 4772 esse
895 4717 1040 4772 volui
1067 4737 1080 4772 :
1113 4734 1234 4788 qua:
1262 4718 1522 4790 deinceps
1544 4719 1898 4790 adjiciuntur.
1932 4723 2001 4778 At
2031 4725 2294 4788 sermoni,
2329 4727 2424 4795 qui
2453 4726 2522 4782 de
2555 4727 2840 4783 Salvatore
2895 4735 3000 4793 est,
3027 4727 3270 4783 difﬁdere
3290 4742 3403 4782 non
3457 4727 3724 4792 concedit,

480 4813 634 4869 aiunt
671 4809 939 4865 nonnulli.
992 4810 1190 4867 Verum
1239 4813 1424 4882 qualia
1483 4815 1700 4871 tandem
1748 4831 1881 4870 nova
1955 4817 2082 4885 ista,
2158 4820 2406 4876 addunt?
2438 4822 2516 4876 Ea
2555 4823 2840 4889 nimirum,
2873 4838 2996 4893 quas
3044 4822 3306 4879 Dominus
3347 4832 3534 4878 noster
3572 4824 3725 4879 .lesus

480 4903 734 4959 Christus
767 4900 914 4957 nobis
951 4906 1315 4971 annuntiavit,
1345 4905 1512 4963 vitam
1553 4905 1726 4963 l'uturi
1761 4908 1971 4974 saaculi,
1996 4920 2050 4966 et
2119 4925 2461 4984 quaecunque
2520 4914 2733 4972 sanctis
2815 4915 2953 4986 ipsis
3007 4913 3283 4972 exsistunt
3329 4928 3430 4985 pro
3476 4915 3728 4987 dignitate

482 4995 787 5053 recondita.

440 5118 443 5122 -
549 5088 717 5161 469
763 5086 930 5145 Vsus.
973 5087 1164 5144 l0-25.
1220 5087 1449 5145 Caritate
1508 5090 1735 5146 Domino
1785 5096 2037 5148 canticum

2226 5101 2372 5150 t-ue'.
2409 5093 2748 5164 ’Υμνήσατε
2811 5092 2892 5156 τῷ
2939 5093 3131 5161 Κυρίῳ
3183 5092 3378 5160 ὕμνον
3420 5091 3663 5153 καινὸν,
3691 5089 3728 5158 ἠ

483 5196 694 5246 novum,
721 5180 1048 5248 principatus
1073 5179 1211 5248 ejus,
1241 5180 1540 5250 glori/ictuc
1584 5199 1772 5237 nomen
1818 5184 1932 5252 ejus
1987 5184 2037 5237 al

2151 5187 2308 5254 ἁρχὴ
2337 5185 2544 5240 αὐτοῦ’
2577 5184 2852 5249 δοξάζετε
2878 5184 2945 5238 τὸ
2979 5184 3169 5252 ὄνομα
3181 5181 3390 5246 αὑτοῦ,
3421 5181 3528 5236 ἀπ’
3547 5181 3728 5248 ἄκρου

483 5280 716 5327 extremo
750 5281 904 5327 terra'
929 5271 1020 5342 qui
1043 5269 1364 5326 descenditis
1394 5273 1449 5326 in
1478 5289 1643 5338 mare,
1673 5275 1763 5343 qui
1791 5275 2037 5344 navigati:

2158 5275 2261 5344 τῆς
2289 5276 2426 5346 γῆς,
2468 5277 2523 5330 oi
2555 5275 3022 5341 καταϐαίνοντες
3077 5277 3165 5339 εις
3220 5271 3336 5340 τὴν
3379 5270 3727 5332 θάλασσαν,

487 5364 683 5426 ipsum,
724 5359 938 5427 insulis,
967 5370 1017 5415 et
1034 5359 1362 5419 habitatores
1383 5378 1588 5416 earum.
1646 5362 1853 5418 Lwtare
1885 5363 2036 5419 deser

2157 5367 2451 5433 πλέοντες
2479 5368 2695 5434 αὐτὴν,
2713 5366 2812 5420 καὶ
2840 5365 3042 5433 νῆσοι,
3073 5364 3173 5419 καί
3218 5367 3272 5419 οι
3317 5363 3730 5425 κατοικοῦντες

489 5465 622 5520 tum,
655 5464 704 5510 et
732 5454 831 5510 uici
853 5454 991 5525 ejus,
1024 5453 1185 5520 υειιω,
1214 5463 1265 5513 α
1301 5453 1627 5517 habitatores
1655 5455 1852 5523 Cedar,
1880 5463 1986 5513 etc.

2159 5458 2367 5523 αὐτάς.
2392 5457 2795 5528 Εὐφράνθητι,
2825 5457 3069 5528 ἕρημος,
3095 5456 3193 5510 καί
3223 5457 3284 5510 αἱ
3307 5454 3496 5524 κῶμαι
3525 5449 3724 5518 αὐτῆς.

2165 5549 2470 5616 ἐπαύλεις,
2517 5549 2617 5603 καὶ
2643 5551 2697 5603 oi
2728 5548 3150 5614 κατοικοῦντες
3177 5545 3396 5614 Κηδάρ,
3438 5562 3495 5600 κ.
3536 5560 3587 5597 τ.
3616 5542 3664 5596 λ.

564 5635 728 5708 470
757 5633 926 5691 Vobis
955 5635 1101 5700 istis,
1131 5649 1253 5706 quae
1276 5647 1414 5690 nova
1437 5632 1591 5704 prius
1617 5635 1851 5706 vocarit,
1877 5646 2036 5697 esten

2252 5641 2552 5713 Ἑπήνεγκε
2633 5640 2720 5700 διὰ
2777 5639 3011 5706 τούτων,
3073 5639 3214 5712 ἅπερ
3261 5639 3364 5707 ἔφη
3435 5634 3725 5699 statvam:-

567 5814 606 5844 "
638 5809 656 5867 ι
684 5809 815 5870 Cor.
851 5827 968 5878 vm,
1006 5812 1058 5866 5.
1095 5806 1101 5814 ’
1140 5809 1182 5842 ⁷³
1210 5806 1419 5866 Coloss.
1451 5821 1514 5874 tt,
1551 5809 1601 5866 9.
