  <div class='ocr_page' id='page_1' title='image "/cluster/home/n/w/nwhite01/storage/ocr_20150623/87:2/hvd.32044019208008/424.png"; bbox 0 0 3978 6374; ppageno 0'>
   <div class='ocr_carea' id='block_1_1' title="bbox 201 265 333 329">
    <p class='ocr_par' dir='ltr' id='par_1_1' title="bbox 201 265 333 329">
     <span class='ocr_line' id='line_1_1' title="bbox 201 265 333 329; baseline -0.053 0"><span class='ocrx_word' id='word_1_1' title='bbox 201 265 333 329; x_wconf 72' lang='lat'><strong>2369</strong></span> 
     </span>
    </p>
   </div>
   <div class='ocr_carea' id='block_1_2' title="bbox 1260 256 2238 322">
    <p class='ocr_par' dir='ltr' id='par_1_2' title="bbox 1260 256 2238 322">
     <span class='ocr_line' id='line_1_2' title="bbox 1260 256 2238 322; baseline -0.004 0"><span class='ocrx_word' id='word_1_2' title='bbox 1260 256 1791 322; x_wconf 78' lang='lat' dir='ltr'><strong>COMMENTARII</strong></span> <span class='ocrx_word' id='word_1_3' title='bbox 1838 258 1915 319; x_wconf 81' lang='lat' dir='ltr'><strong>IN</strong></span> <span class='ocrx_word' id='word_1_4' title='bbox 1958 258 2238 318; x_wconf 77' lang='lat' dir='ltr'><strong>ISAIAM.</strong></span> 
     </span>
    </p>
   </div>
   <div class='ocr_carea' id='block_1_3' title="bbox 3301 268 3445 334">
    <p class='ocr_par' dir='ltr' id='par_1_3' title="bbox 3301 268 3445 334">
     <span class='ocr_line' id='line_1_3' title="bbox 3301 268 3445 334; baseline 0.035 -5"><span class='ocrx_word' id='word_1_5' title='bbox 3301 268 3445 334; x_wconf 74' lang='lat'><strong>2370</strong></span> 
     </span>
    </p>
   </div>
   <div class='ocr_carea' id='block_1_4' title="bbox 204 368 1764 444">
    <p class='ocr_par' dir='ltr' id='par_1_4' title="bbox 204 368 1764 443">
     <span class='ocr_line' id='line_1_4' title="bbox 204 368 1764 443; baseline -0.001 -20"><span class='ocrx_word' id='word_1_6' title='bbox 204 372 359 423; x_wconf 84' lang='grc' dir='ltr'>λεύων</span> <span class='ocrx_word' id='word_1_7' title='bbox 384 369 556 423; x_wconf 77' lang='grc' dir='ltr'>πᾶσιν</span> <span class='ocrx_word' id='word_1_8' title='bbox 597 368 905 440; x_wconf 82' lang='grc' dir='ltr'>ἀνθρώποις</span> <span class='ocrx_word' id='word_1_9' title='bbox 930 369 1123 440; x_wconf 80' lang='grc' dir='ltr'>ὕμνον</span> <span class='ocrx_word' id='word_1_10' title='bbox 1150 371 1338 439; x_wconf 71' lang='grc' dir='ltr'>ᾅδειν,</span> <span class='ocrx_word' id='word_1_11' title='bbox 1376 372 1410 443; x_wconf 77' lang='grc' dir='ltr'><strong>ἢ</strong></span> <span class='ocrx_word' id='word_1_12' title='bbox 1455 370 1597 427; x_wconf 77' lang='grc' dir='ltr'>κατὰ</span> <span class='ocrx_word' id='word_1_13' title='bbox 1646 371 1764 431; x_wconf 73' lang='grc' dir='ltr'>τοὺς</span> 
     </span>
    </p>
   </div>
   <div class='ocr_carea' id='block_1_5' title="bbox 1868 368 3445 444">
    <p class='ocr_par' dir='ltr' id='par_1_5' title="bbox 1873 368 3445 444">
     <span class='ocr_line' id='line_1_5' title="bbox 1873 368 3445 444; baseline 0.006 -22"><span class='ocrx_word' id='word_1_14' title='bbox 1873 369 1993 433; x_wconf 89' lang='lat' dir='ltr'><strong>dit;</strong></span> <span class='ocrx_word' id='word_1_15' title='bbox 2030 369 2124 439; x_wconf 90' lang='lat' dir='ltr'><strong>qui</strong></span> <span class='ocrx_word' id='word_1_16' title='bbox 2162 368 2437 438; x_wconf 83' lang='lat' dir='ltr'><strong>hymnum,</strong></span> <span class='ocrx_word' id='word_1_17' title='bbox 2474 371 2557 426; x_wconf 82' lang='lat' dir='ltr'><strong>vel</strong></span> <span class='ocrx_word' id='word_1_18' title='bbox 2598 373 2865 427; x_wconf 84' lang='lat' dir='ltr'><strong>canticum</strong></span> <span class='ocrx_word' id='word_1_19' title='bbox 2907 373 3000 444; x_wconf 89' lang='lat' dir='ltr'><strong>(ut</strong></span> <span class='ocrx_word' id='word_1_20' title='bbox 3027 376 3209 431; x_wconf 70' lang='lat' dir='ltr'><strong>cmteri</strong></span> <span class='ocrx_word' id='word_1_21' title='bbox 3258 388 3445 436; x_wconf 61' lang='lat' dir='ltr'><strong>trans-</strong></span> 
     </span>
    </p>
   </div>
   <div class='ocr_carea' id='block_1_6' title="bbox 204 454 1770 530">
    <p class='ocr_par' dir='ltr' id='par_1_6' title="bbox 204 454 1770 530">
     <span class='ocr_line' id='line_1_6' title="bbox 204 454 1770 530; baseline -0.002 -16"><span class='ocrx_word' id='word_1_22' title='bbox 204 460 433 523; x_wconf 77' lang='grc' dir='ltr'>λοιποὺς,</span> <span class='ocrx_word' id='word_1_23' title='bbox 459 454 646 529; x_wconf 74' lang='grc' dir='ltr'>ᾆσμαο</span> <span class='ocrx_word' id='word_1_24' title='bbox 685 460 872 530; x_wconf 81' lang='grc' dir='ltr'>ἐπειδὴ</span> <span class='ocrx_word' id='word_1_25' title='bbox 899 460 937 529; x_wconf 79' lang='grc' dir='ltr'><strong><em>ἡ</em></strong></span> <span class='ocrx_word' id='word_1_26' title='bbox 970 459 1119 530; x_wconf 73' lang='grc' dir='ltr'>ἀρχὴ</span> <span class='ocrx_word' id='word_1_27' title='bbox 1147 461 1311 515; x_wconf 84' lang='grc' dir='ltr'>αὐτοῦ</span> <span class='ocrx_word' id='word_1_28' title='bbox 1356 463 1452 515; x_wconf 58' lang='grc' dir='ltr'><strong>καὶ⁸</strong></span> <span class='ocrx_word' id='word_1_29' title='bbox 1506 459 1770 530; x_wconf 81' lang='grc' dir='ltr'>καθολικὴ</span> 
     </span>
    </p>
   </div>
   <div class='ocr_carea' id='block_1_7' title="bbox 204 549 1768 623">
    <p class='ocr_par' dir='ltr' id='par_1_7' title="bbox 204 549 1768 623">
     <span class='ocr_line' id='line_1_7' title="bbox 204 549 1768 623; baseline 0.001 -21"><span class='ocrx_word' id='word_1_30' title='bbox 204 550 411 614; x_wconf 77' lang='grc' dir='ltr'><strong>ἐξουσία</strong></span> <span class='ocrx_word' id='word_1_31' title='bbox 444 549 577 601; x_wconf 84' lang='grc' dir='ltr'>καθ’</span> <span class='ocrx_word' id='word_1_32' title='bbox 606 550 732 621; x_wconf 83' lang='grc' dir='ltr'>ὅλης</span> <span class='ocrx_word' id='word_1_33' title='bbox 790 551 1093 620; x_wconf 80' lang='grc' dir='ltr'><strong>ἐδοξάσθη</strong></span> <span class='ocrx_word' id='word_1_34' title='bbox 1123 555 1221 622; x_wconf 77' lang='grc' dir='ltr'>τῆς</span> <span class='ocrx_word' id='word_1_35' title='bbox 1250 555 1372 623; x_wconf 84' lang='grc' dir='ltr'>γῆς.</span> <span class='ocrx_word' id='word_1_36' title='bbox 1408 552 1768 623; x_wconf 82' lang='grc' dir='ltr'><strong>Πεπλήρωται</strong></span> 
     </span>
    </p>
   </div>
   <div class='ocr_carea' id='block_1_8' title="bbox 199 640 1769 716">
    <p class='ocr_par' dir='ltr' id='par_1_8' title="bbox 199 640 1769 716">
     <span class='ocr_line' id='line_1_8' title="bbox 199 640 1769 716; baseline 0.001 -21"><span class='ocrx_word' id='word_1_37' title='bbox 199 643 302 713; x_wconf 83' lang='grc' dir='ltr'>γὰρ</span> <span class='ocrx_word' id='word_1_38' title='bbox 325 640 434 693; x_wconf 86' lang='grc' dir='ltr'><strong>τῶν</strong></span> <span class='ocrx_word' id='word_1_39' title='bbox 467 640 583 693; x_wconf 82' lang='grc' dir='ltr'>ἀπὸ</span> <span class='ocrx_word' id='word_1_40' title='bbox 630 642 730 712; x_wconf 84' lang='grc' dir='ltr'><strong>τῆς</strong></span> <span class='ocrx_word' id='word_1_41' title='bbox 769 642 1009 714; x_wconf 80' lang='grc' dir='ltr'><strong>Χριστοῦ</strong></span> <span class='ocrx_word' id='word_1_42' title='bbox 1050 645 1424 716; x_wconf 75' lang='grc' dir='ltr'><strong>προσηγορίας</strong></span> <span class='ocrx_word' id='word_1_43' title='bbox 1459 644 1769 715; x_wconf 80' lang='grc' dir='ltr'>λεγομένων</span> 
     </span>
    </p>
   </div>
   <div class='ocr_carea' id='block_1_9' title="bbox 199 732 1768 807">
    <p class='ocr_par' dir='ltr' id='par_1_9' title="bbox 199 732 1768 807">
     <span class='ocr_line' id='line_1_9' title="bbox 199 732 1768 807; baseline 0.001 -20"><span class='ocrx_word' id='word_1_44' title='bbox 199 732 553 804; x_wconf 83' lang='grc' dir='ltr'>Χριστιανῶν.</span> <span class='ocrx_word' id='word_1_45' title='bbox 597 734 685 786; x_wconf 86' lang='grc' dir='ltr'>Ἐν</span> <span class='ocrx_word' id='word_1_46' title='bbox 731 734 951 806; x_wconf 80' lang='grc' dir='ltr'><strong>καθαρᾷ</strong></span> <span class='ocrx_word' id='word_1_47' title='bbox 985 736 1043 789; x_wconf 83' lang='grc' dir='ltr'>δὲ</span> <span class='ocrx_word' id='word_1_48' title='bbox 1075 737 1280 807; x_wconf 80' lang='grc' dir='ltr'>θεωρίᾳ</span> <span class='ocrx_word' id='word_1_49' title='bbox 1310 736 1419 790; x_wconf 87' lang='grc' dir='ltr'><strong>τῶν</strong></span> <span class='ocrx_word' id='word_1_50' title='bbox 1466 736 1768 806; x_wconf 82' lang='grc' dir='ltr'><strong>μελλόντων</strong></span> 
     </span>
    </p>
   </div>
   <div class='ocr_carea' id='block_1_10' title="bbox 198 824 1768 899">
    <p class='ocr_par' dir='ltr' id='par_1_10' title="bbox 198 824 1768 899">
     <span class='ocr_line' id='line_1_10' title="bbox 198 824 1768 899; baseline 0.001 -20"><span class='ocrx_word' id='word_1_51' title='bbox 198 827 225 879; x_wconf 87' lang='grc' dir='ltr'><strong>ὁ</strong></span> <span class='ocrx_word' id='word_1_52' title='bbox 248 824 529 895; x_wconf 73' lang='grc' dir='ltr'><strong>προφήτης</strong></span> <span class='ocrx_word' id='word_1_53' title='bbox 562 825 834 889; x_wconf 78' lang='grc' dir='ltr'><strong>ἑστιαθεὶς</strong></span> <span class='ocrx_word' id='word_1_54' title='bbox 855 826 956 897; x_wconf 82' lang='grc' dir='ltr'><strong>τὴν</strong></span> <span class='ocrx_word' id='word_1_55' title='bbox 987 827 1186 899; x_wconf 76' lang='grc' dir='ltr'>ψυχὴν,</span> <span class='ocrx_word' id='word_1_56' title='bbox 1226 829 1603 899; x_wconf 83' lang='grc' dir='ltr'>συνεορτάζειν</span> <span class='ocrx_word' id='word_1_57' title='bbox 1621 826 1768 897; x_wconf 77' lang='grc' dir='ltr'>αὐτῷ</span> 
     </span>
    </p>
   </div>
   <div class='ocr_carea' id='block_1_11' title="bbox 199 912 1768 985">
    <p class='ocr_par' dir='ltr' id='par_1_11' title="bbox 199 912 1768 985">
     <span class='ocr_line' id='line_1_11' title="bbox 199 912 1768 985; baseline 0.001 -17"><span class='ocrx_word' id='word_1_58' title='bbox 199 917 283 971; x_wconf 72' lang='grc' dir='ltr'><strong>καὶ</strong></span> <span class='ocrx_word' id='word_1_59' title='bbox 309 914 434 975; x_wconf 79' lang='grc' dir='ltr'>τοὺς</span> <span class='ocrx_word' id='word_1_60' title='bbox 460 912 661 976; x_wconf 77' lang='grc' dir='ltr'>ἄλλους</span> <span class='ocrx_word' id='word_1_61' title='bbox 693 917 1020 985; x_wconf 85' lang='grc' dir='ltr'>παρακαλεῖ,</span> <span class='ocrx_word' id='word_1_62' title='bbox 1059 918 1169 970; x_wconf 88' lang='grc' dir='ltr'><strong>τῶν</strong></span> <span class='ocrx_word' id='word_1_63' title='bbox 1209 917 1432 985; x_wconf 77' lang='grc' dir='ltr'>ἀγαθῶν</span> <span class='ocrx_word' id='word_1_64' title='bbox 1464 917 1768 985; x_wconf 82' lang='grc' dir='ltr'>ὑμνοῦντας</span> 
     </span>
    </p>
   </div>
   <div class='ocr_carea' id='block_1_12' title="bbox 197 1004 1767 1080">
    <p class='ocr_par' dir='ltr' id='par_1_12' title="bbox 197 1004 1767 1080">
     <span class='ocr_line' id='line_1_12' title="bbox 197 1004 1767 1080; baseline 0.001 -21"><span class='ocrx_word' id='word_1_65' title='bbox 197 1008 250 1059; x_wconf 82' lang='grc' dir='ltr'><strong>τὸ</strong></span> <span class='ocrx_word' id='word_1_66' title='bbox 275 1006 465 1059; x_wconf 75' lang='grc' dir='ltr'>αἴτιον.</span> <span class='ocrx_word' id='word_1_67' title='bbox 498 1004 956 1075; x_wconf 87' lang='grc' dir='ltr'>Παρηκολούθουν</span> <span class='ocrx_word' id='word_1_68' title='bbox 982 1008 1094 1079; x_wconf 83' lang='grc' dir='ltr'><strong>γὰρ</strong></span> <span class='ocrx_word' id='word_1_69' title='bbox 1143 1009 1193 1061; x_wconf 84' lang='grc' dir='ltr'>οἱ</span> <span class='ocrx_word' id='word_1_70' title='bbox 1245 1011 1519 1080; x_wconf 76' lang='grc' dir='ltr'>προφῆται</span> <span class='ocrx_word' id='word_1_71' title='bbox 1563 1010 1674 1070; x_wconf 85' lang='grc' dir='ltr'>τοῖς</span> <span class='ocrx_word' id='word_1_72' title='bbox 1708 1008 1767 1074; x_wconf 77' lang='grc' dir='ltr'><strong>ἐξ</strong></span> 
     </span>
    </p>
   </div>
   <div class='ocr_carea' id='block_1_13' title="bbox 196 1094 1767 1169">
    <p class='ocr_par' dir='ltr' id='par_1_13' title="bbox 196 1094 1767 1169">
     <span class='ocr_line' id='line_1_13' title="bbox 196 1094 1767 1169; baseline 0.001 -19"><span class='ocrx_word' id='word_1_73' title='bbox 196 1095 394 1150; x_wconf 70' lang='grc' dir='ltr'>ἑαυτῶν</span> <span class='ocrx_word' id='word_1_74' title='bbox 433 1094 777 1165; x_wconf 80' lang='grc' dir='ltr'>λεγομένοις,</span> <span class='ocrx_word' id='word_1_75' title='bbox 804 1095 879 1160; x_wconf 88' lang='grc' dir='ltr'><strong>ῶς</strong></span> <span class='ocrx_word' id='word_1_76' title='bbox 901 1097 1032 1150; x_wconf 81' lang='grc' dir='ltr'>ποτὲ</span> <span class='ocrx_word' id='word_1_77' title='bbox 1073 1098 1172 1168; x_wconf 82' lang='grc' dir='ltr'>μὲν</span> <span class='ocrx_word' id='word_1_78' title='bbox 1193 1098 1603 1169; x_wconf 83' lang='grc' dir='ltr'>παραιτεῖσθαι,</span> <span class='ocrx_word' id='word_1_79' title='bbox 1634 1101 1767 1152; x_wconf 80' lang='grc' dir='ltr'>ποτὲ</span> 
     </span>
    </p>
   </div>
   <div class='ocr_carea' id='block_1_14' title="bbox 195 1186 1766 1260">
    <p class='ocr_par' dir='ltr' id='par_1_14' title="bbox 195 1186 1766 1260">
     <span class='ocr_line' id='line_1_14' title="bbox 195 1186 1766 1260; baseline 0.001 -19"><span class='ocrx_word' id='word_1_80' title='bbox 195 1189 245 1241; x_wconf 74' lang='grc' dir='ltr'>δὲ</span> <span class='ocrx_word' id='word_1_81' title='bbox 272 1186 485 1258; x_wconf 81' lang='grc' dir='ltr'>χαίρειν</span> <span class='ocrx_word' id='word_1_82' title='bbox 534 1187 630 1239; x_wconf 73' lang='grc' dir='ltr'>ἐπὶ</span> <span class='ocrx_word' id='word_1_83' title='bbox 658 1189 772 1250; x_wconf 86' lang='grc' dir='ltr'>τοῖς</span> <span class='ocrx_word' id='word_1_84' title='bbox 804 1187 957 1259; x_wconf 83' lang='grc' dir='ltr'>παρὰ</span> <span class='ocrx_word' id='word_1_85' title='bbox 1006 1189 1142 1242; x_wconf 84' lang='grc' dir='ltr'>Θεοῦ</span> <span class='ocrx_word' id='word_1_86' title='bbox 1180 1190 1515 1260; x_wconf 80' lang='grc' dir='ltr'>λεγομένοις.</span> <span class='ocrx_word' id='word_1_87' title='bbox 1555 1192 1621 1243; x_wconf 87' lang='grc' dir='ltr'><strong>Ὃ</strong></span> <span class='ocrx_word' id='word_1_88' title='bbox 1670 1191 1766 1243; x_wconf 78' lang='grc' dir='ltr'><strong>καὶ</strong></span> 
     </span>
    </p>
   </div>
   <div class='ocr_carea' id='block_1_15' title="bbox 195 1278 1765 1353">
    <p class='ocr_par' dir='ltr' id='par_1_15' title="bbox 195 1278 1765 1353">
     <span class='ocr_line' id='line_1_15' title="bbox 195 1278 1765 1353; baseline 0.003 -22"><span class='ocrx_word' id='word_1_89' title='bbox 195 1280 281 1332; x_wconf 89' lang='grc' dir='ltr'><strong>νῦν</strong></span> <span class='ocrx_word' id='word_1_90' title='bbox 312 1278 514 1348; x_wconf 82' lang='grc' dir='ltr'>πάσχει</span> <span class='ocrx_word' id='word_1_91' title='bbox 548 1278 644 1332; x_wconf 90' lang='grc' dir='ltr'><strong>τοῦ</strong></span> <span class='ocrx_word' id='word_1_92' title='bbox 673 1278 928 1348; x_wconf 83' lang='grc' dir='ltr'>Σωτῆρος</span> <span class='ocrx_word' id='word_1_93' title='bbox 958 1281 1057 1350; x_wconf 88' lang='grc' dir='ltr'><strong>τὴν</strong></span> <span class='ocrx_word' id='word_1_94' title='bbox 1093 1282 1401 1352; x_wconf 73' lang='grc' dir='ltr'>παρουσίαν</span> <span class='ocrx_word' id='word_1_95' title='bbox 1427 1282 1589 1353; x_wconf 81' lang='grc' dir='ltr'>ὁρῶν,</span> <span class='ocrx_word' id='word_1_96' title='bbox 1621 1283 1765 1337; x_wconf 76' lang='grc' dir='ltr'>διδά-</span> 
     </span>
    </p>
   </div>
   <div class='ocr_carea' id='block_1_16' title="bbox 198 1370 1765 1445">
    <p class='ocr_par' dir='ltr' id='par_1_16' title="bbox 198 1370 1765 1445">
     <span class='ocr_line' id='line_1_16' title="bbox 198 1370 1765 1445; baseline 0.002 -21"><span class='ocrx_word' id='word_1_97' title='bbox 198 1387 329 1425; x_wconf 76' lang='grc' dir='ltr'>σκων</span> <span class='ocrx_word' id='word_1_98' title='bbox 356 1370 476 1441; x_wconf 72' lang='grc' dir='ltr'><strong>ἅμα</strong></span> <span class='ocrx_word' id='word_1_99' title='bbox 500 1370 580 1434; x_wconf 84' lang='grc' dir='ltr'>ὡς</span> <span class='ocrx_word' id='word_1_100' title='bbox 601 1372 629 1423; x_wconf 86' lang='grc' dir='ltr'><strong>ὁ</strong></span> <span class='ocrx_word' id='word_1_101' title='bbox 659 1372 1037 1442; x_wconf 83' lang='grc' dir='ltr'>φανησόμενος</span> <span class='ocrx_word' id='word_1_102' title='bbox 1068 1373 1274 1444; x_wconf 83' lang='grc' dir='ltr'>Κύριος</span> <span class='ocrx_word' id='word_1_103' title='bbox 1301 1374 1362 1426; x_wconf 82' lang='grc' dir='ltr'><strong>οὐ</strong></span> <span class='ocrx_word' id='word_1_104' title='bbox 1398 1374 1518 1427; x_wconf 90' lang='grc' dir='ltr'>τότε</span> <span class='ocrx_word' id='word_1_105' title='bbox 1549 1373 1765 1445; x_wconf 87' lang='grc' dir='ltr'>πρῶτον</span> 
     </span>
    </p>
   </div>
   <div class='ocr_carea' id='block_1_17' title="bbox 196 1460 1763 1531">
    <p class='ocr_par' dir='ltr' id='par_1_17' title="bbox 196 1460 1763 1531">
     <span class='ocr_line' id='line_1_17' title="bbox 196 1460 1763 1531; baseline 0.004 -18"><span class='ocrx_word' id='word_1_106' title='bbox 196 1461 366 1530; x_wconf 77' lang='grc' dir='ltr'>ἀρεει,</span> <span class='ocrx_word' id='word_1_107' title='bbox 406 1460 632 1531; x_wconf 87' lang='grc' dir='ltr'>κρατῶν</span> <span class='ocrx_word' id='word_1_108' title='bbox 678 1462 736 1515; x_wconf 64' lang='grc' dir='ltr'>δὲ</span> <span class='ocrx_word' id='word_1_109' title='bbox 779 1463 1015 1527; x_wconf 84' lang='grc' dir='ltr'>πάντων,</span> <span class='ocrx_word' id='word_1_110' title='bbox 1066 1463 1141 1528; x_wconf 86' lang='grc' dir='ltr'><strong>ῶς</strong></span> <span class='ocrx_word' id='word_1_111' title='bbox 1186 1464 1339 1528; x_wconf 82' lang='grc' dir='ltr'>Θεὸς,</span> <span class='ocrx_word' id='word_1_112' title='bbox 1382 1464 1476 1518; x_wconf 74' lang='grc' dir='ltr'>καὶ</span> <span class='ocrx_word' id='word_1_113' title='bbox 1511 1468 1622 1527; x_wconf 87' lang='grc' dir='ltr'>τοῖς</span> <span class='ocrx_word' id='word_1_114' title='bbox 1664 1464 1763 1519; x_wconf 78' lang='grc' dir='ltr'><strong>ἐπὶ</strong></span> 
     </span>
    </p>
   </div>
   <div class='ocr_carea' id='block_1_18' title="bbox 195 1551 1765 1627">
    <p class='ocr_par' dir='ltr' id='par_1_18' title="bbox 195 1551 1765 1627">
     <span class='ocr_line' id='line_1_18' title="bbox 195 1551 1765 1627; baseline 0.003 -23"><span class='ocrx_word' id='word_1_115' title='bbox 195 1552 296 1623; x_wconf 72' lang='grc' dir='ltr'>γῆς</span> <span class='ocrx_word' id='word_1_116' title='bbox 348 1552 617 1621; x_wconf 80' lang='grc' dir='ltr'>ὑπάρχων</span> <span class='ocrx_word' id='word_1_117' title='bbox 659 1551 902 1617; x_wconf 89' lang='grc' dir='ltr'>τοιοῦτος</span> <span class='ocrx_word' id='word_1_118' title='bbox 930 1554 1402 1625; x_wconf 84' lang='grc' dir='ltr'>φανερωθήσεται,</span> <span class='ocrx_word' id='word_1_119' title='bbox 1449 1573 1765 1627; x_wconf 87' lang='grc' dir='ltr'>προκαταρ-</span> 
     </span>
    </p>
   </div>
   <div class='ocr_carea' id='block_1_19' title="bbox 196 1640 1764 1715">
    <p class='ocr_par' dir='ltr' id='par_1_19' title="bbox 196 1640 1764 1715">
     <span class='ocr_line' id='line_1_19' title="bbox 196 1640 1764 1715; baseline 0.005 -23"><span class='ocrx_word' id='word_1_120' title='bbox 196 1644 381 1711; x_wconf 81' lang='grc' dir='ltr'>χόντων</span> <span class='ocrx_word' id='word_1_121' title='bbox 410 1640 583 1693; x_wconf 85' lang='grc' dir='ltr'>αὐτοῦ</span> <span class='ocrx_word' id='word_1_122' title='bbox 632 1641 731 1710; x_wconf 81' lang='grc' dir='ltr'>τῆς</span> <span class='ocrx_word' id='word_1_123' title='bbox 769 1641 1025 1710; x_wconf 85' lang='grc' dir='ltr'>γνώσεως</span> <span class='ocrx_word' id='word_1_124' title='bbox 1058 1644 1168 1698; x_wconf 91' lang='grc' dir='ltr'><strong>τῶν</strong></span> <span class='ocrx_word' id='word_1_125' title='bbox 1215 1646 1599 1715; x_wconf 77' lang='grc' dir='ltr'>ἐργαζομένων</span> <span class='ocrx_word' id='word_1_126' title='bbox 1631 1648 1764 1700; x_wconf 87' lang='grc' dir='ltr'>ἀπο-</span> 
     </span>
    </p>
   </div>
   <div class='ocr_carea' id='block_1_20' title="bbox 198 1731 1765 1805">
    <p class='ocr_par' dir='ltr' id='par_1_20' title="bbox 198 1731 1765 1805">
     <span class='ocr_line' id='line_1_20' title="bbox 198 1731 1765 1805; baseline 0.006 -22"><span class='ocrx_word' id='word_1_127' title='bbox 198 1731 383 1785; x_wconf 80' lang='grc' dir='ltr'>στόλων</span> <span class='ocrx_word' id='word_1_128' title='bbox 407 1731 510 1800; x_wconf 81' lang='grc' dir='ltr'>τὴν</span> <span class='ocrx_word' id='word_1_129' title='bbox 535 1732 862 1797; x_wconf 70' lang='grc' dir='ltr'>θάλατταν,</span> <span class='ocrx_word' id='word_1_130' title='bbox 890 1735 957 1804; x_wconf 75' lang='grc' dir='ltr'>ἣν</span> <span class='ocrx_word' id='word_1_131' title='bbox 982 1734 1173 1789; x_wconf 75' lang='grc' dir='ltr'>ἔπλεον</span> <span class='ocrx_word' id='word_1_132' title='bbox 1202 1737 1526 1800; x_wconf 81' lang='grc' dir='ltr'>ἁλιεύοντες.</span> <span class='ocrx_word' id='word_1_133' title='bbox 1549 1738 1765 1805; x_wconf 85' lang='grc' dir='ltr'>Καινὸς</span> 
     </span>
    </p>
   </div>
   <div class='ocr_carea' id='block_1_21' title="bbox 196 1824 1762 1900">
    <p class='ocr_par' dir='ltr' id='par_1_21' title="bbox 196 1824 1762 1900">
     <span class='ocr_line' id='line_1_21' title="bbox 196 1824 1762 1900; baseline 0.006 -23"><span class='ocrx_word' id='word_1_134' title='bbox 196 1824 244 1877; x_wconf 80' lang='grc' dir='ltr'>δὲ</span> <span class='ocrx_word' id='word_1_135' title='bbox 278 1824 462 1892; x_wconf 82' lang='grc' dir='ltr'>ὕμνος</span> <span class='ocrx_word' id='word_1_136' title='bbox 508 1825 579 1894; x_wconf 84' lang='grc' dir='ltr'>τῇ</span> <span class='ocrx_word' id='word_1_137' title='bbox 634 1824 744 1877; x_wconf 88' lang='grc' dir='ltr'><strong>τῶν</strong></span> <span class='ocrx_word' id='word_1_138' title='bbox 791 1826 1134 1896; x_wconf 80' lang='grc' dir='ltr'>πραγμάτων</span> <span class='ocrx_word' id='word_1_139' title='bbox 1186 1830 1388 1900; x_wconf 82' lang='grc' dir='ltr'>πρέπει</span> <span class='ocrx_word' id='word_1_140' title='bbox 1434 1833 1762 1900; x_wconf 79' lang='grc' dir='ltr'>καινότητι.</span> 
     </span>
    </p>
   </div>
   <div class='ocr_carea' id='block_1_22' title="bbox 198 1916 1766 1992">
    <p class='ocr_par' dir='ltr' id='par_1_22' title="bbox 198 1916 1766 1992">
     <span class='ocr_line' id='line_1_22' title="bbox 198 1916 1766 1992; baseline 0.004 -22"><span class='ocrx_word' id='word_1_141' title='bbox 198 1917 256 1970; x_wconf 76' lang='lat' dir='ltr'><strong>Ei</strong></span> <span class='ocrx_word' id='word_1_142' title='bbox 278 1933 356 1979; x_wconf 91' lang='grc' dir='ltr'><strong>τις</strong></span> <span class='ocrx_word' id='word_1_143' title='bbox 384 1916 494 1987; x_wconf 79' lang='grc' dir='ltr'>γὰρ</span> <span class='ocrx_word' id='word_1_144' title='bbox 526 1919 588 1969; x_wconf 77' lang='grc' dir='ltr'><strong>ἐν</strong></span> <span class='ocrx_word' id='word_1_145' title='bbox 622 1917 863 1988; x_wconf 79' lang='grc' dir='ltr'>Χριστῷ,</span> <span class='ocrx_word' id='word_1_146' title='bbox 899 1918 1078 1987; x_wconf 79' lang='grc' dir='ltr'>καινὴ</span> <span class='ocrx_word' id='word_1_147' title='bbox 1108 1919 1305 1983; x_wconf 79' lang='grc' dir='ltr'>κτίσις,</span> <span class='ocrx_word' id='word_1_148' title='bbox 1344 1922 1439 1974; x_wconf 74' lang='grc' dir='ltr'><strong>καὶ</strong></span> <span class='ocrx_word' id='word_1_149' title='bbox 1468 1923 1535 1975; x_wconf 85' lang='grc' dir='ltr'>τὰ</span> <span class='ocrx_word' id='word_1_150' title='bbox 1561 1925 1766 1992; x_wconf 82' lang='grc' dir='ltr'>ἀρχαῖα</span> 
     </span>
    </p>
   </div>
   <div class='ocr_carea' id='block_1_23' title="bbox 197 2003 1764 2083">
    <p class='ocr_par' dir='ltr' id='par_1_23' title="bbox 197 2003 1764 2083">
     <span class='ocr_line' id='line_1_23' title="bbox 197 2003 1764 2083; baseline 0.004 -25"><span class='ocrx_word' id='word_1_151' title='bbox 197 2003 483 2076; x_wconf 74' lang='grc' dir='ltr'>παρῆλθεν·</span> <span class='ocrx_word' id='word_1_152' title='bbox 510 2006 704 2074; x_wconf 82' lang='grc' dir='ltr'>γέγονε</span> <span class='ocrx_word' id='word_1_153' title='bbox 731 2006 789 2059; x_wconf 84' lang='grc' dir='ltr'>δὲ</span> <span class='ocrx_word' id='word_1_154' title='bbox 817 2007 998 2060; x_wconf 81' lang='grc' dir='ltr'>πάντα</span> <span class='ocrx_word' id='word_1_155' title='bbox 1018 2008 1213 2062; x_wconf 83' lang='grc' dir='ltr'>καινά.</span> <span class='ocrx_word' id='word_1_156' title='bbox 1248 2012 1629 2082; x_wconf 79' lang='grc' dir='ltr'>Ιινευματικῆς</span> <span class='ocrx_word' id='word_1_157' title='bbox 1657 2014 1764 2083; x_wconf 77' lang='grc' dir='ltr'>γὰρ</span> 
     </span>
    </p>
   </div>
   <div class='ocr_carea' id='block_1_24' title="bbox 194 2096 1757 2174">
    <p class='ocr_par' dir='ltr' id='par_1_24' title="bbox 194 2096 1757 2174">
     <span class='ocr_line' id='line_1_24' title="bbox 194 2096 1757 2174; baseline 0.003 -24"><span class='ocrx_word' id='word_1_158' title='bbox 194 2096 441 2161; x_wconf 80' lang='grc' dir='ltr'>δουλείας,</span> <span class='ocrx_word' id='word_1_159' title='bbox 472 2097 536 2149; x_wconf 81' lang='grc' dir='ltr'><strong>ού</strong></span> <span class='ocrx_word' id='word_1_160' title='bbox 576 2097 873 2167; x_wconf 84' lang='grc' dir='ltr'>σαρκικῆς,</span> <span class='ocrx_word' id='word_1_161' title='bbox 901 2100 1045 2152; x_wconf 83' lang='grc' dir='ltr'>κατὰ</span> <span class='ocrx_word' id='word_1_162' title='bbox 1084 2100 1175 2152; x_wconf 82' lang='grc' dir='ltr'><strong>τὸν</strong></span> <span class='ocrx_word' id='word_1_163' title='bbox 1222 2101 1456 2173; x_wconf 80' lang='grc' dir='ltr'>Ἰσραὴλ,</span> <span class='ocrx_word' id='word_1_164' title='bbox 1493 2103 1757 2174; x_wconf 76' lang='grc' dir='ltr'>λελυτρῶο</span> 
     </span>
    </p>
   </div>
   <div class='ocr_carea' id='block_1_25' title="bbox 201 2187 1764 2265">
    <p class='ocr_par' dir='ltr' id='par_1_25' title="bbox 201 2187 1764 2265">
     <span class='ocr_line' id='line_1_25' title="bbox 201 2187 1764 2265; baseline 0.005 -24"><span class='ocrx_word' id='word_1_165' title='bbox 201 2187 356 2258; x_wconf 85' lang='grc' dir='ltr'>μεθα·</span> <span class='ocrx_word' id='word_1_166' title='bbox 390 2188 489 2242; x_wconf 74' lang='grc' dir='ltr'>καὶ</span> <span class='ocrx_word' id='word_1_167' title='bbox 520 2190 650 2241; x_wconf 70' lang='grc' dir='ltr'>ἀντὶ</span> <span class='ocrx_word' id='word_1_168' title='bbox 687 2190 989 2254; x_wconf 86' lang='grc' dir='ltr'>πλινθείας,</span> <span class='ocrx_word' id='word_1_169' title='bbox 1023 2191 1131 2244; x_wconf 87' lang='grc' dir='ltr'><strong>τῶν</strong></span> <span class='ocrx_word' id='word_1_170' title='bbox 1172 2194 1238 2244; x_wconf 82' lang='grc' dir='ltr'>ὲκ</span> <span class='ocrx_word' id='word_1_171' title='bbox 1273 2194 1630 2265; x_wconf 85' lang='grc' dir='ltr'>φιλοσαρκίας</span> <span class='ocrx_word' id='word_1_172' title='bbox 1660 2197 1764 2262; x_wconf 73' lang='grc' dir='ltr'>ἔξω</span> 
     </span>
    </p>
   </div>
   <div class='ocr_carea' id='block_1_26' title="bbox 197 2279 1763 2356">
    <p class='ocr_par' dir='ltr' id='par_1_26' title="bbox 197 2279 1763 2356">
     <span class='ocr_line' id='line_1_26' title="bbox 197 2279 1763 2356; baseline 0.008 -27"><span class='ocrx_word' id='word_1_173' title='bbox 197 2279 483 2348; x_wconf 85' lang='grc' dir='ltr'>γεγόναμεν</span> <span class='ocrx_word' id='word_1_174' title='bbox 546 2279 848 2350; x_wconf 82' lang='grc' dir='ltr'>μολυσμῶν</span> <span class='ocrx_word' id='word_1_175' title='bbox 872 2320 887 2346; x_wconf 96' lang='grc'><strong>,</strong></span> <span class='ocrx_word' id='word_1_176' title='bbox 940 2283 1203 2351; x_wconf 81' lang='grc' dir='ltr'>φυγόντες</span> <span class='ocrx_word' id='word_1_177' title='bbox 1252 2285 1353 2337; x_wconf 82' lang='grc' dir='ltr'><strong>οὐκ</strong></span> <span class='ocrx_word' id='word_1_178' title='bbox 1398 2286 1763 2356; x_wconf 82' lang='grc' dir='ltr'>ἐργοδιωκτὰς</span> 
     </span>
    </p>
   </div>
   <div class='ocr_carea' id='block_1_27' title="bbox 198 2370 1763 2445">
    <p class='ocr_par' dir='ltr' id='par_1_27' title="bbox 198 2370 1763 2445">
     <span class='ocr_line' id='line_1_27' title="bbox 198 2370 1763 2445; baseline 0.01 -24"><span class='ocrx_word' id='word_1_179' title='bbox 198 2370 543 2437; x_wconf 65' lang='grc' dir='ltr'>Αἰγυπτίους,</span> <span class='ocrx_word' id='word_1_180' title='bbox 580 2371 707 2424; x_wconf 80' lang='grc' dir='ltr'>οὐδὲ</span> <span class='ocrx_word' id='word_1_181' title='bbox 757 2371 1021 2442; x_wconf 89' lang='grc' dir='ltr'>τύραννον</span> <span class='ocrx_word' id='word_1_182' title='bbox 1054 2375 1362 2445; x_wconf 81' lang='grc' dir='ltr'>ἄνθρωπον,</span> <span class='ocrx_word' id='word_1_183' title='bbox 1391 2380 1517 2443; x_wconf 81' lang='grc' dir='ltr'>τοὺς</span> <span class='ocrx_word' id='word_1_184' title='bbox 1550 2381 1607 2434; x_wconf 80' lang='grc' dir='ltr'>δὲ</span> <span class='ocrx_word' id='word_1_185' title='bbox 1636 2400 1763 2435; x_wconf 91' lang='grc' dir='ltr'>συν-</span> 
     </span>
    </p>
   </div>
   <div class='ocr_carea' id='block_1_28' title="bbox 197 2460 1761 2537">
    <p class='ocr_par' dir='ltr' id='par_1_28' title="bbox 197 2460 1761 2537">
     <span class='ocr_line' id='line_1_28' title="bbox 197 2460 1761 2537; baseline 0.006 -20"><span class='ocrx_word' id='word_1_186' title='bbox 197 2460 448 2524; x_wconf 72' lang='grc' dir='ltr'>ωθοῦντας</span> <span class='ocrx_word' id='word_1_187' title='bbox 510 2464 598 2525; x_wconf 81' lang='grc' dir='ltr'><strong>είς</strong></span> <span class='ocrx_word' id='word_1_188' title='bbox 651 2465 929 2534; x_wconf 84' lang='grc' dir='ltr'>ἁμαρτίαν</span> <span class='ocrx_word' id='word_1_189' title='bbox 983 2466 1135 2536; x_wconf 79' lang='grc' dir='ltr'>ἡμᾶς</span> <span class='ocrx_word' id='word_1_190' title='bbox 1183 2467 1466 2537; x_wconf 87' lang='grc' dir='ltr'>δαίμονας,</span> <span class='ocrx_word' id='word_1_191' title='bbox 1520 2473 1613 2524; x_wconf 72' lang='grc' dir='ltr'>καὶ</span> <span class='ocrx_word' id='word_1_192' title='bbox 1669 2473 1761 2526; x_wconf 65' lang='grc' dir='ltr'>τὸν</span> 
     </span>
    </p>
   </div>
   <div class='ocr_carea' id='block_1_29' title="bbox 198 2550 1763 2634">
    <p class='ocr_par' dir='ltr' id='par_1_29' title="bbox 198 2550 1763 2634">
     <span class='ocr_line' id='line_1_29' title="bbox 198 2550 1763 2634; baseline 0.009 -30"><span class='ocrx_word' id='word_1_193' title='bbox 198 2550 383 2614; x_wconf 80' lang='grc' dir='ltr'>τούτοις</span> <span class='ocrx_word' id='word_1_194' title='bbox 427 2554 779 2623; x_wconf 77' lang='grc' dir='ltr'>ἐφεστηκότα</span> <span class='ocrx_word' id='word_1_195' title='bbox 817 2555 1085 2623; x_wconf 79' lang='grc' dir='ltr'>διάϐολον,</span> <span class='ocrx_word' id='word_1_196' title='bbox 1135 2557 1211 2621; x_wconf 80' lang='grc' dir='ltr'>ὡς</span> <span class='ocrx_word' id='word_1_197' title='bbox 1252 2559 1505 2631; x_wconf 77' lang='grc' dir='ltr'>διαϐῆναι</span> <span class='ocrx_word' id='word_1_198' title='bbox 1547 2563 1647 2634; x_wconf 81' lang='grc' dir='ltr'>τὴν</span> <span class='ocrx_word' id='word_1_199' title='bbox 1699 2566 1763 2618; x_wconf 82' lang='grc' dir='ltr'><strong>ἐκ</strong></span> 
     </span>
    </p>
   </div>
   <div class='ocr_carea' id='block_1_30' title="bbox 199 2642 1763 2720">
    <p class='ocr_par' dir='ltr' id='par_1_30' title="bbox 199 2642 1763 2720">
     <span class='ocr_line' id='line_1_30' title="bbox 199 2642 1763 2720; baseline 0.01 -26"><span class='ocrx_word' id='word_1_200' title='bbox 199 2642 278 2695; x_wconf 87' lang='grc' dir='ltr'><strong>τοῦ</strong></span> <span class='ocrx_word' id='word_1_201' title='bbox 334 2642 445 2711; x_wconf 81' lang='grc' dir='ltr'>βίου</span> <span class='ocrx_word' id='word_1_202' title='bbox 500 2644 741 2715; x_wconf 79' lang='grc' dir='ltr'>τύρὸην,</span> <span class='ocrx_word' id='word_1_203' title='bbox 773 2646 849 2708; x_wconf 83' lang='grc' dir='ltr'><strong>ῶς</strong></span> <span class='ocrx_word' id='word_1_204' title='bbox 881 2647 1206 2713; x_wconf 75' lang='grc' dir='ltr'>θάλατταν,</span> <span class='ocrx_word' id='word_1_205' title='bbox 1254 2651 1351 2703; x_wconf 69' lang='grc' dir='ltr'>καὶ</span> <span class='ocrx_word' id='word_1_206' title='bbox 1396 2656 1588 2720; x_wconf 84' lang='grc' dir='ltr'>φαγεῖν</span> <span class='ocrx_word' id='word_1_207' title='bbox 1643 2656 1763 2709; x_wconf 78' lang='grc' dir='ltr'>ἀντὶ</span> 
     </span>
    </p>
   </div>
   <div class='ocr_carea' id='block_1_31' title="bbox 202 2735 1764 2816">
    <p class='ocr_par' dir='ltr' id='par_1_31' title="bbox 202 2735 1764 2816">
     <span class='ocr_line' id='line_1_31' title="bbox 202 2735 1764 2816; baseline 0.009 -32"><span class='ocrx_word' id='word_1_208' title='bbox 202 2736 371 2802; x_wconf 69' lang='grc' dir='ltr'>μάννα,</span> <span class='ocrx_word' id='word_1_209' title='bbox 399 2735 489 2787; x_wconf 84' lang='grc' dir='ltr'><strong>τὸν</strong></span> <span class='ocrx_word' id='word_1_210' title='bbox 519 2735 693 2807; x_wconf 78' lang='grc' dir='ltr'>ἄρτον</span> <span class='ocrx_word' id='word_1_211' title='bbox 721 2738 812 2789; x_wconf 71' lang='grc' dir='ltr'><strong>τὸν</strong></span> <span class='ocrx_word' id='word_1_212' title='bbox 832 2738 892 2802; x_wconf 78' lang='grc' dir='ltr'>ἐξ</span> <span class='ocrx_word' id='word_1_213' title='bbox 920 2739 1151 2809; x_wconf 77' lang='grc' dir='ltr'>ούρανοῦ</span> <span class='ocrx_word' id='word_1_214' title='bbox 1178 2741 1271 2794; x_wconf 80' lang='grc' dir='ltr'><strong>καὶ</strong></span> <span class='ocrx_word' id='word_1_215' title='bbox 1300 2739 1448 2811; x_wconf 83' lang='grc' dir='ltr'>ζωὴν</span> <span class='ocrx_word' id='word_1_216' title='bbox 1474 2742 1552 2813; x_wconf 83' lang='grc' dir='ltr'>τῷ</span> <span class='ocrx_word' id='word_1_217' title='bbox 1573 2744 1764 2816; x_wconf 82' lang='grc' dir='ltr'>κόσμῳ</span> 
     </span>
    </p>
   </div>
   <div class='ocr_carea' id='block_1_32' title="bbox 201 2825 1764 2905">
    <p class='ocr_par' dir='ltr' id='par_1_32' title="bbox 201 2825 1764 2905">
     <span class='ocr_line' id='line_1_32' title="bbox 201 2825 1764 2905; baseline 0.008 -30"><span class='ocrx_word' id='word_1_218' title='bbox 201 2825 485 2893; x_wconf 80' lang='grc' dir='ltr'>παρέχοντα</span> <span class='ocrx_word' id='word_1_219' title='bbox 510 2843 525 2857; x_wconf 77' lang='grc' dir='ltr'><strong><em>ο</em></strong></span> <span class='ocrx_word' id='word_1_220' title='bbox 558 2828 663 2879; x_wconf 76' lang='grc' dir='ltr'><strong>καὶ</strong></span> <span class='ocrx_word' id='word_1_221' title='bbox 691 2830 804 2890; x_wconf 83' lang='grc' dir='ltr'>τοῖς</span> <span class='ocrx_word' id='word_1_222' title='bbox 828 2830 889 2881; x_wconf 82' lang='grc' dir='ltr'>ἐκ</span> <span class='ocrx_word' id='word_1_223' title='bbox 915 2830 1149 2901; x_wconf 86' lang='grc' dir='ltr'>Χριστοῦ</span> <span class='ocrx_word' id='word_1_224' title='bbox 1179 2832 1280 2901; x_wconf 81' lang='grc' dir='ltr'>τῆς</span> <span class='ocrx_word' id='word_1_225' title='bbox 1303 2833 1524 2900; x_wconf 72' lang='grc' dir='ltr'>πέτρας</span> <span class='ocrx_word' id='word_1_226' title='bbox 1547 2836 1764 2905; x_wconf 76' lang='grc' dir='ltr'>ἐνετρύ-</span> 
     </span>
    </p>
   </div>
   <div class='ocr_carea' id='block_1_33' title="bbox 201 2916 1762 2995">
    <p class='ocr_par' dir='ltr' id='par_1_33' title="bbox 201 2916 1762 2995">
     <span class='ocr_line' id='line_1_33' title="bbox 201 2916 1762 2995; baseline 0.008 -29"><span class='ocrx_word' id='word_1_227' title='bbox 201 2931 357 2985; x_wconf 75' lang='grc' dir='ltr'>φησαν</span> <span class='ocrx_word' id='word_1_228' title='bbox 388 2926 411 2953; x_wconf 77' lang='grc' dir='ltr'>α</span> <span class='ocrx_word' id='word_1_229' title='bbox 442 2916 543 2986; x_wconf 86' lang='grc' dir='ltr'><strong>μὲν</strong></span> <span class='ocrx_word' id='word_1_230' title='bbox 577 2917 812 2988; x_wconf 80' lang='grc' dir='ltr'>νάμασι.</span> <span class='ocrx_word' id='word_1_231' title='bbox 847 2921 1102 2989; x_wconf 83' lang='grc' dir='ltr'>τυχόντες</span> <span class='ocrx_word' id='word_1_232' title='bbox 1146 2938 1207 2974; x_wconf 88' lang='grc' dir='ltr'><strong>τε</strong></span> <span class='ocrx_word' id='word_1_233' title='bbox 1239 2922 1333 2975; x_wconf 89' lang='grc' dir='ltr'><strong>τοῦ</strong></span> <span class='ocrx_word' id='word_1_234' title='bbox 1372 2922 1517 2976; x_wconf 85' lang='grc' dir='ltr'>θείου</span> <span class='ocrx_word' id='word_1_235' title='bbox 1564 2925 1762 2995; x_wconf 86' lang='grc' dir='ltr'>βαπτί-</span> 
     </span>
    </p>
   </div>
   <div class='ocr_carea' id='block_1_34' title="bbox 1870 458 3520 534">
    <p class='ocr_par' dir='ltr' id='par_1_34' title="bbox 1870 458 3520 534">
     <span class='ocr_line' id='line_1_34' title="bbox 1870 458 3520 534; baseline 0.008 -22"><span class='ocrx_word' id='word_1_236' title='bbox 1870 458 2147 526; x_wconf 90' lang='lat' dir='ltr'><strong>tulerunt)</strong></span> <span class='ocrx_word' id='word_1_237' title='bbox 2183 459 2445 514; x_wconf 77' lang='lat' dir='ltr'><strong>mortales</strong></span> <span class='ocrx_word' id='word_1_238' title='bbox 2490 475 2682 515; x_wconf 90' lang='lat' dir='ltr'><strong>omnes</strong></span> <span class='ocrx_word' id='word_1_239' title='bbox 2719 478 2908 517; x_wconf 83' lang='lat' dir='ltr'><strong>canere</strong></span> <span class='ocrx_word' id='word_1_240' title='bbox 2958 464 3279 534; x_wconf 68' lang='lat' dir='ltr'><strong>praecipiat;</strong></span> <span class='ocrx_word' id='word_1_241' title='bbox 3318 485 3443 524; x_wconf 92' lang='lat' dir='ltr'><strong>cum</strong></span> <span class='ocrx_word' id='word_1_242' title='bbox 3518 488 3520 490; x_wconf 69' lang='lat'><strong>&#39;</strong></span> 
     </span>
    </p>
   </div>
   <div class='ocr_carea' id='block_1_35' title="bbox 1868 548 3447 628">
    <p class='ocr_par' dir='ltr' id='par_1_35' title="bbox 1868 548 3447 628">
     <span class='ocr_line' id='line_1_35' title="bbox 1868 548 3447 628; baseline 0.008 -28"><span class='ocrx_word' id='word_1_243' title='bbox 1868 548 2204 617; x_wconf 75' lang='lat' dir='ltr'><strong>principatus</strong></span> <span class='ocrx_word' id='word_1_244' title='bbox 2236 548 2381 617; x_wconf 87' lang='lat' dir='ltr'><strong>ejus,</strong></span> <span class='ocrx_word' id='word_1_245' title='bbox 2411 564 2743 620; x_wconf 90' lang='lat' dir='ltr'><strong>summaque</strong></span> <span class='ocrx_word' id='word_1_246' title='bbox 2774 553 2826 606; x_wconf 92' lang='lat' dir='ltr'><strong>in</strong></span> <span class='ocrx_word' id='word_1_247' title='bbox 2857 568 3052 610; x_wconf 84' lang='lat' dir='ltr'><strong>omnes</strong></span> <span class='ocrx_word' id='word_1_248' title='bbox 3084 566 3327 626; x_wconf 73' lang='lat' dir='ltr'><strong>potestas</strong></span> <span class='ocrx_word' id='word_1_249' title='bbox 3350 575 3447 628; x_wconf 77' lang='lat' dir='ltr'><strong>per</strong></span> 
     </span>
    </p>
   </div>
   <div class='ocr_carea' id='block_1_36' title="bbox 1869 640 3446 710">
    <p class='ocr_par' dir='ltr' id='par_1_36' title="bbox 1869 640 3446 710">
     <span class='ocr_line' id='line_1_36' title="bbox 1869 640 3446 710; baseline 0.006 -15"><span class='ocrx_word' id='word_1_250' title='bbox 1869 640 2059 695; x_wconf 84' lang='lat' dir='ltr'><strong>orbem</strong></span> <span class='ocrx_word' id='word_1_251' title='bbox 2086 640 2405 695; x_wconf 84' lang='lat' dir='ltr'><strong>universum</strong></span> <span class='ocrx_word' id='word_1_252' title='bbox 2437 642 2791 710; x_wconf 73' lang='lat' dir='ltr'><strong>gloriﬁcatur.</strong></span> <span class='ocrx_word' id='word_1_253' title='bbox 2812 644 2883 698; x_wconf 88' lang='lat' dir='ltr'><strong>lis</strong></span> <span class='ocrx_word' id='word_1_254' title='bbox 2912 646 3059 699; x_wconf 91' lang='lat' dir='ltr'><strong>enim</strong></span> <span class='ocrx_word' id='word_1_255' title='bbox 3096 656 3246 704; x_wconf 90' lang='lat' dir='ltr'><strong>totus</strong></span> <span class='ocrx_word' id='word_1_256' title='bbox 3271 651 3446 705; x_wconf 66' lang='lat' dir='ltr'><strong>refero</strong></span> 
     </span>
    </p>
   </div>
   <div class='ocr_carea' id='block_1_37' title="bbox 1869 727 3443 806">
    <p class='ocr_par' dir='ltr' id='par_1_37' title="bbox 1869 727 3443 806">
     <span class='ocr_line' id='line_1_37' title="bbox 1869 727 3443 806; baseline 0.008 -27"><span class='ocrx_word' id='word_1_257' title='bbox 1869 734 1959 782; x_wconf 84' lang='lat' dir='ltr'><strong>tus</strong></span> <span class='ocrx_word' id='word_1_258' title='bbox 1987 734 2092 792; x_wconf 88' lang='lat' dir='ltr'><strong>est,</strong></span> <span class='ocrx_word' id='word_1_259' title='bbox 2123 729 2214 797; x_wconf 92' lang='lat' dir='ltr'><strong>qui</strong></span> <span class='ocrx_word' id='word_1_260' title='bbox 2247 728 2314 781; x_wconf 90' lang='lat' dir='ltr'><strong>de</strong></span> <span class='ocrx_word' id='word_1_261' title='bbox 2339 727 2546 783; x_wconf 78' lang='lat' dir='ltr'><strong>Christi</strong></span> <span class='ocrx_word' id='word_1_262' title='bbox 2578 730 2800 784; x_wconf 87' lang='lat' dir='ltr'><strong>nomine</strong></span> <span class='ocrx_word' id='word_1_263' title='bbox 2826 732 3129 788; x_wconf 74' lang='lat' dir='ltr'><strong>Christiani</strong></span> <span class='ocrx_word' id='word_1_264' title='bbox 3159 738 3443 806; x_wconf 84' lang='lat' dir='ltr'><strong>appellan-</strong></span> 
     </span>
    </p>
   </div>
   <div class='ocr_carea' id='block_1_38' title="bbox 1868 817 3445 890">
    <p class='ocr_par' dir='ltr' id='par_1_38' title="bbox 1868 817 3445 890">
     <span class='ocr_line' id='line_1_38' title="bbox 1868 817 3445 890; baseline 0.006 -17"><span class='ocrx_word' id='word_1_265' title='bbox 1868 826 1978 874; x_wconf 89' lang='lat' dir='ltr'><strong>tur.</strong></span> <span class='ocrx_word' id='word_1_266' title='bbox 2013 817 2306 887; x_wconf 85' lang='lat' dir='ltr'><strong>Postquam</strong></span> <span class='ocrx_word' id='word_1_267' title='bbox 2330 827 2514 873; x_wconf 88' lang='lat' dir='ltr'><strong>autem</strong></span> <span class='ocrx_word' id='word_1_268' title='bbox 2559 835 2695 890; x_wconf 89' lang='lat' dir='ltr'><strong>pura</strong></span> <span class='ocrx_word' id='word_1_269' title='bbox 2728 836 2913 875; x_wconf 88' lang='lat' dir='ltr'><strong>rerum</strong></span> <span class='ocrx_word' id='word_1_270' title='bbox 2962 823 3272 880; x_wconf 81' lang='lat' dir='ltr'><strong>futurarum</strong></span> <span class='ocrx_word' id='word_1_271' title='bbox 3312 842 3445 881; x_wconf 81' lang='lat' dir='ltr'><strong>con-</strong></span> 
     </span>
    </p>
   </div>
   <div class='ocr_carea' id='block_1_39' title="bbox 1867 909 3443 987">
    <p class='ocr_par' dir='ltr' id='par_1_39' title="bbox 1867 909 3443 987">
     <span class='ocr_line' id='line_1_39' title="bbox 1867 909 3443 987; baseline 0.008 -24"><span class='ocrx_word' id='word_1_272' title='bbox 1867 909 2219 977; x_wconf 79' lang='lat' dir='ltr'><strong>temptatione</strong></span> <span class='ocrx_word' id='word_1_273' title='bbox 2274 910 2518 963; x_wconf 87' lang='lat' dir='ltr'><strong>animum</strong></span> <span class='ocrx_word' id='word_1_274' title='bbox 2554 926 2715 966; x_wconf 89' lang='lat' dir='ltr'><strong>suum</strong></span> <span class='ocrx_word' id='word_1_275' title='bbox 2774 914 2993 968; x_wconf 86' lang='lat' dir='ltr'><strong>satiavit</strong></span> <span class='ocrx_word' id='word_1_276' title='bbox 3040 918 3339 987; x_wconf 70' lang='lat' dir='ltr'><strong>propinata;</strong></span> <span class='ocrx_word' id='word_1_277' title='bbox 3374 920 3443 975; x_wconf 86' lang='lat' dir='ltr'><strong>ad</strong></span> 
     </span>
    </p>
   </div>
   <div class='ocr_carea' id='block_1_40' title="bbox 1866 999 3443 1078">
    <p class='ocr_par' dir='ltr' id='par_1_40' title="bbox 1866 999 3443 1078">
     <span class='ocr_line' id='line_1_40' title="bbox 1866 999 3443 1078; baseline 0.006 -23"><span class='ocrx_word' id='word_1_278' title='bbox 1866 1000 2083 1055; x_wconf 87' lang='lat' dir='ltr'><strong>easdem</strong></span> <span class='ocrx_word' id='word_1_279' title='bbox 2107 999 2220 1068; x_wconf 86' lang='lat' dir='ltr'><strong>jam</strong></span> <span class='ocrx_word' id='word_1_280' title='bbox 2252 999 2443 1068; x_wconf 89' lang='lat' dir='ltr'><strong>epulas</strong></span> <span class='ocrx_word' id='word_1_281' title='bbox 2464 1008 2517 1055; x_wconf 90' lang='lat' dir='ltr'><strong>et</strong></span> <span class='ocrx_word' id='word_1_282' title='bbox 2542 1001 2682 1055; x_wconf 89' lang='lat' dir='ltr'><strong>alios</strong></span> <span class='ocrx_word' id='word_1_283' title='bbox 2702 1001 2864 1055; x_wconf 87' lang='lat' dir='ltr'><strong>etiam</strong></span> <span class='ocrx_word' id='word_1_284' title='bbox 2894 1003 3111 1072; x_wconf 88' lang='lat' dir='ltr'><strong>invitat,</strong></span> <span class='ocrx_word' id='word_1_285' title='bbox 3136 1021 3443 1078; x_wconf 81' lang='lat' dir='ltr'><strong>secumque</strong></span> 
     </span>
    </p>
   </div>
   <div class='ocr_carea' id='block_1_41' title="bbox 1865 1088 3443 1156">
    <p class='ocr_par' dir='ltr' id='par_1_41' title="bbox 1865 1088 3443 1156">
     <span class='ocr_line' id='line_1_41' title="bbox 1865 1088 3443 1156; baseline 0.008 -12"><span class='ocrx_word' id='word_1_286' title='bbox 1865 1088 2138 1144; x_wconf 87' lang='lat' dir='ltr'><strong>bonorum</strong></span> <span class='ocrx_word' id='word_1_287' title='bbox 2170 1097 2450 1145; x_wconf 78' lang='lat' dir='ltr'><strong>auctorem</strong></span> <span class='ocrx_word' id='word_1_288' title='bbox 2486 1093 2772 1149; x_wconf 87' lang='lat' dir='ltr'><strong>celebrare</strong></span> <span class='ocrx_word' id='word_1_289' title='bbox 2830 1095 3173 1153; x_wconf 84' lang='lat' dir='ltr'><strong>adhortatur.</strong></span> <span class='ocrx_word' id='word_1_290' title='bbox 3229 1099 3443 1156; x_wconf 82' lang='lat' dir='ltr'><strong>Intelli-</strong></span> 
     </span>
    </p>
   </div>
   <div class='ocr_carea' id='block_1_42' title="bbox 1865 1181 3441 1258">
    <p class='ocr_par' dir='ltr' id='par_1_42' title="bbox 1865 1181 3441 1258">
     <span class='ocr_line' id='line_1_42' title="bbox 1865 1181 3441 1258; baseline 0.01 -26"><span class='ocrx_word' id='word_1_291' title='bbox 1865 1181 2068 1250; x_wconf 82' lang='lat' dir='ltr'><strong>gebant</strong></span> <span class='ocrx_word' id='word_1_292' title='bbox 2095 1182 2241 1236; x_wconf 89' lang='lat' dir='ltr'><strong>enim</strong></span> <span class='ocrx_word' id='word_1_293' title='bbox 2270 1182 2549 1251; x_wconf 75' lang='lat' dir='ltr'><strong>prOpIIelze</strong></span> <span class='ocrx_word' id='word_1_294' title='bbox 2580 1198 2702 1252; x_wconf 82' lang='lat' dir='ltr'><strong>quae</strong></span> <span class='ocrx_word' id='word_1_295' title='bbox 2725 1198 2753 1237; x_wconf 90' lang='lat' dir='ltr'><strong>a</strong></span> <span class='ocrx_word' id='word_1_296' title='bbox 2797 1200 2856 1240; x_wconf 83' lang='lat' dir='ltr'><strong>se</strong></span> <span class='ocrx_word' id='word_1_297' title='bbox 2888 1187 3248 1258; x_wconf 85' lang='lat' dir='ltr'><strong>dicebantur;</strong></span> <span class='ocrx_word' id='word_1_298' title='bbox 3283 1192 3441 1247; x_wconf 57' lang='lat' dir='ltr'><strong>indee</strong></span> 
     </span>
    </p>
   </div>
   <div class='ocr_carea' id='block_1_43' title="bbox 1866 1270 3440 1348">
    <p class='ocr_par' dir='ltr' id='par_1_43' title="bbox 1866 1270 3440 1348">
     <span class='ocr_line' id='line_1_43' title="bbox 1866 1270 3440 1348; baseline 0.007 -24"><span class='ocrx_word' id='word_1_299' title='bbox 1866 1285 1972 1340; x_wconf 89' lang='lat' dir='ltr'><strong>que</strong></span> <span class='ocrx_word' id='word_1_300' title='bbox 2050 1285 2146 1326; x_wconf 90' lang='lat' dir='ltr'><strong>eos</strong></span> <span class='ocrx_word' id='word_1_301' title='bbox 2201 1270 2486 1342; x_wconf 88' lang='lat' dir='ltr'><strong>deprecari</strong></span> <span class='ocrx_word' id='word_1_302' title='bbox 2542 1273 2858 1344; x_wconf 85' lang='lat' dir='ltr'><strong>aliquando,</strong></span> <span class='ocrx_word' id='word_1_303' title='bbox 2923 1278 3217 1348; x_wconf 86' lang='lat' dir='ltr'><strong>aliquando</strong></span> <span class='ocrx_word' id='word_1_304' title='bbox 3275 1281 3440 1335; x_wconf 89' lang='lat' dir='ltr'><strong>etiam</strong></span> 
     </span>
    </p>
   </div>
   <div class='ocr_carea' id='block_1_44' title="bbox 1865 1363 3442 1442">
    <p class='ocr_par' dir='ltr' id='par_1_44' title="bbox 1865 1363 3442 1442">
     <span class='ocr_line' id='line_1_44' title="bbox 1865 1363 3442 1442; baseline 0.006 -25"><span class='ocrx_word' id='word_1_305' title='bbox 1865 1363 2163 1432; x_wconf 87' lang='lat' dir='ltr'><strong>postulare,</strong></span> <span class='ocrx_word' id='word_1_306' title='bbox 2194 1364 2365 1418; x_wconf 67' lang='lat' dir='ltr'><strong>lauari</strong></span> <span class='ocrx_word' id='word_1_307' title='bbox 2391 1365 2631 1435; x_wconf 90' lang='lat' dir='ltr'><strong>denique</strong></span> <span class='ocrx_word' id='word_1_308' title='bbox 2662 1382 3060 1439; x_wconf 83' lang='lat' dir='ltr'><strong>nonnunquam</strong></span> <span class='ocrx_word' id='word_1_309' title='bbox 3092 1370 3185 1426; x_wconf 87' lang='lat' dir='ltr'><strong>Dei</strong></span> <span class='ocrx_word' id='word_1_310' title='bbox 3213 1387 3442 1442; x_wconf 77' lang='lat' dir='ltr'><strong>respon-</strong></span> 
     </span>
    </p>
   </div>
   <div class='ocr_carea' id='block_1_45' title="bbox 1865 1455 3439 1532">
    <p class='ocr_par' dir='ltr' id='par_1_45' title="bbox 1865 1455 3439 1532">
     <span class='ocr_line' id='line_1_45' title="bbox 1865 1455 3439 1532; baseline 0.004 -22"><span class='ocrx_word' id='word_1_311' title='bbox 1865 1470 1927 1510; x_wconf 90' lang='lat' dir='ltr'><strong>so</strong></span> <span class='ocrx_word' id='word_1_312' title='bbox 1955 1455 2147 1511; x_wconf 83' lang='lat' dir='ltr'><strong>videas</strong></span> <span class='ocrx_word' id='word_1_313' title='bbox 2184 1473 2199 1509; x_wconf 90' lang='lat'><strong>:</strong></span> <span class='ocrx_word' id='word_1_314' title='bbox 2238 1457 2384 1527; x_wconf 89' lang='lat' dir='ltr'><strong>quod</strong></span> <span class='ocrx_word' id='word_1_315' title='bbox 2417 1468 2471 1511; x_wconf 90' lang='lat' dir='ltr'><strong>et</strong></span> <span class='ocrx_word' id='word_1_316' title='bbox 2502 1473 2650 1512; x_wconf 91' lang='lat' dir='ltr'><strong>nunc</strong></span> <span class='ocrx_word' id='word_1_317' title='bbox 2685 1461 2891 1529; x_wconf 88' lang='lat' dir='ltr'><strong>patitur</strong></span> <span class='ocrx_word' id='word_1_318' title='bbox 2924 1460 3115 1527; x_wconf 89' lang='lat' dir='ltr'><strong>Isaias,</strong></span> <span class='ocrx_word' id='word_1_319' title='bbox 3162 1463 3255 1532; x_wconf 90' lang='lat' dir='ltr'><strong>qui</strong></span> <span class='ocrx_word' id='word_1_320' title='bbox 3284 1478 3439 1517; x_wconf 81' lang='lat' dir='ltr'><strong>com-</strong></span> 
     </span>
    </p>
   </div>
   <div class='ocr_carea' id='block_1_46' title="bbox 1863 1546 3441 1618">
    <p class='ocr_par' dir='ltr' id='par_1_46' title="bbox 1863 1546 3441 1618">
     <span class='ocr_line' id='line_1_46' title="bbox 1863 1546 3441 1618; baseline 0.006 -20"><span class='ocrx_word' id='word_1_321' title='bbox 1863 1546 2051 1600; x_wconf 89' lang='lat' dir='ltr'><strong>munis</strong></span> <span class='ocrx_word' id='word_1_322' title='bbox 2081 1546 2326 1600; x_wconf 88' lang='lat' dir='ltr'><strong>omnium</strong></span> <span class='ocrx_word' id='word_1_323' title='bbox 2353 1548 2656 1604; x_wconf 82' lang='lat' dir='ltr'><strong>Salvatoris</strong></span> <span class='ocrx_word' id='word_1_324' title='bbox 2688 1551 2982 1605; x_wconf 82' lang='lat' dir='ltr'><strong>adventum</strong></span> <span class='ocrx_word' id='word_1_325' title='bbox 3014 1552 3257 1618; x_wconf 89' lang='lat' dir='ltr'><strong>intuens,</strong></span> <span class='ocrx_word' id='word_1_326' title='bbox 3285 1567 3441 1607; x_wconf 83' lang='lat' dir='ltr'><strong>eum-</strong></span> 
     </span>
    </p>
   </div>
   <div class='ocr_carea' id='block_1_47' title="bbox 1866 1635 3440 1714">
    <p class='ocr_par' dir='ltr' id='par_1_47' title="bbox 1866 1635 3440 1714">
     <span class='ocr_line' id='line_1_47' title="bbox 1866 1635 3440 1714; baseline 0.005 -24"><span class='ocrx_word' id='word_1_327' title='bbox 1866 1635 1988 1690; x_wconf 88' lang='lat' dir='ltr'><strong>dem</strong></span> <span class='ocrx_word' id='word_1_328' title='bbox 2058 1637 2243 1703; x_wconf 86' lang='lat' dir='ltr'><strong>simul,</strong></span> <span class='ocrx_word' id='word_1_329' title='bbox 2310 1653 2435 1692; x_wconf 90' lang='lat' dir='ltr'><strong>cum</strong></span> <span class='ocrx_word' id='word_1_330' title='bbox 2504 1642 2808 1710; x_wconf 83' lang='lat' dir='ltr'><strong>apparebit,</strong></span> <span class='ocrx_word' id='word_1_331' title='bbox 2862 1658 2970 1697; x_wconf 88' lang='lat' dir='ltr'><strong>non</strong></span> <span class='ocrx_word' id='word_1_332' title='bbox 3021 1650 3137 1698; x_wconf 89' lang='lat' dir='ltr'><strong>tum</strong></span> <span class='ocrx_word' id='word_1_333' title='bbox 3204 1645 3440 1714; x_wconf 88' lang='lat' dir='ltr'><strong>primum</strong></span> 
     </span>
    </p>
   </div>
   <div class='ocr_carea' id='block_1_48' title="bbox 1867 1727 3437 1805">
    <p class='ocr_par' dir='ltr' id='par_1_48' title="bbox 1867 1727 3437 1805">
     <span class='ocr_line' id='line_1_48' title="bbox 1867 1727 3437 1805; baseline 0.007 -26"><span class='ocrx_word' id='word_1_334' title='bbox 1867 1727 2143 1796; x_wconf 82' lang='lat' dir='ltr'><strong>imperium</strong></span> <span class='ocrx_word' id='word_1_335' title='bbox 2205 1744 2369 1785; x_wconf 90' lang='lat' dir='ltr'><strong>suum</strong></span> <span class='ocrx_word' id='word_1_336' title='bbox 2427 1731 2884 1800; x_wconf 88' lang='lat' dir='ltr'><strong>auspicaturum,</strong></span> <span class='ocrx_word' id='word_1_337' title='bbox 2942 1734 3060 1798; x_wconf 91' lang='lat' dir='ltr'><strong>sed,</strong></span> <span class='ocrx_word' id='word_1_338' title='bbox 3114 1734 3207 1803; x_wconf 85' lang='lat' dir='ltr'><strong>qui</strong></span> <span class='ocrx_word' id='word_1_339' title='bbox 3276 1734 3437 1805; x_wconf 67' lang='lat'><strong>471</strong></span> 
     </span>
    </p>
   </div>
   <div class='ocr_carea' id='block_1_49' title="bbox 1866 1820 3440 1895">
    <p class='ocr_par' dir='ltr' id='par_1_49' title="bbox 1866 1820 3440 1895">
     <span class='ocr_line' id='line_1_49' title="bbox 1866 1820 3440 1895; baseline 0.003 -21"><span class='ocrx_word' id='word_1_340' title='bbox 1866 1820 2112 1874; x_wconf 87' lang='lat' dir='ltr'><strong>onmium</strong></span> <span class='ocrx_word' id='word_1_341' title='bbox 2145 1821 2387 1889; x_wconf 88' lang='lat' dir='ltr'><strong>potiatur</strong></span> <span class='ocrx_word' id='word_1_342' title='bbox 2415 1830 2677 1891; x_wconf 85' lang='lat' dir='ltr'><strong>tanquam</strong></span> <span class='ocrx_word' id='word_1_343' title='bbox 2716 1823 2883 1887; x_wconf 90' lang='lat' dir='ltr'><strong>Deus,</strong></span> <span class='ocrx_word' id='word_1_344' title='bbox 2912 1825 2979 1878; x_wconf 91' lang='lat' dir='ltr'><strong>iis</strong></span> <span class='ocrx_word' id='word_1_345' title='bbox 3026 1826 3213 1891; x_wconf 88' lang='lat' dir='ltr'><strong>etiam,</strong></span> <span class='ocrx_word' id='word_1_346' title='bbox 3259 1826 3352 1895; x_wconf 88' lang='lat' dir='ltr'><strong>qui</strong></span> <span class='ocrx_word' id='word_1_347' title='bbox 3384 1826 3440 1878; x_wconf 86' lang='lat' dir='ltr'><strong>in</strong></span> 
     </span>
    </p>
   </div>
   <div class='ocr_carea' id='block_1_50' title="bbox 1868 1915 3437 1987">
    <p class='ocr_par' dir='ltr' id='par_1_50' title="bbox 1868 1915 3437 1987">
     <span class='ocr_line' id='line_1_50' title="bbox 1868 1915 3437 1987; baseline 0.003 -21"><span class='ocrx_word' id='word_1_348' title='bbox 1868 1921 2011 1968; x_wconf 83' lang='lat' dir='ltr'><strong>terra</strong></span> <span class='ocrx_word' id='word_1_349' title='bbox 2045 1921 2362 1979; x_wconf 87' lang='lat' dir='ltr'><strong>versantur,</strong></span> <span class='ocrx_word' id='word_1_350' title='bbox 2394 1915 2558 1968; x_wconf 88' lang='lat' dir='ltr'><strong>talem</strong></span> <span class='ocrx_word' id='word_1_351' title='bbox 2592 1930 2650 1971; x_wconf 90' lang='lat' dir='ltr'><strong>se</strong></span> <span class='ocrx_word' id='word_1_352' title='bbox 2677 1916 2959 1985; x_wconf 65' lang='lat' dir='ltr'><strong>praelibata</strong></span> <span class='ocrx_word' id='word_1_353' title='bbox 3003 1918 3086 1972; x_wconf 90' lang='lat' dir='ltr'><strong>sui</strong></span> <span class='ocrx_word' id='word_1_354' title='bbox 3119 1917 3437 1987; x_wconf 80' lang='lat' dir='ltr'><strong>cognitione</strong></span> 
     </span>
    </p>
   </div>
   <div class='ocr_carea' id='block_1_51' title="bbox 1864 2006 3439 2077">
    <p class='ocr_par' dir='ltr' id='par_1_51' title="bbox 1864 2006 3439 2077">
     <span class='ocr_line' id='line_1_51' title="bbox 1864 2006 3439 2077; baseline -0.001 -18"><span class='ocrx_word' id='word_1_355' title='bbox 1864 2021 1962 2075; x_wconf 87' lang='lat' dir='ltr'><strong>per</strong></span> <span class='ocrx_word' id='word_1_356' title='bbox 1990 2006 2291 2075; x_wconf 88' lang='lat' dir='ltr'><strong>apostolos,</strong></span> <span class='ocrx_word' id='word_1_357' title='bbox 2325 2006 2414 2075; x_wconf 88' lang='lat' dir='ltr'><strong>qui</strong></span> <span class='ocrx_word' id='word_1_358' title='bbox 2452 2006 2801 2075; x_wconf 86' lang='lat' dir='ltr'><strong>piscatoriam</strong></span> <span class='ocrx_word' id='word_1_359' title='bbox 2833 2008 3001 2061; x_wconf 88' lang='lat' dir='ltr'><strong>vitam</strong></span> <span class='ocrx_word' id='word_1_360' title='bbox 3039 2016 3263 2077; x_wconf 78' lang='lat' dir='ltr'><strong>agentes</strong></span> <span class='ocrx_word' id='word_1_361' title='bbox 3288 2020 3439 2059; x_wconf 79' lang='lat' dir='ltr'><strong>mare</strong></span> 
     </span>
    </p>
   </div>
   <div class='ocr_carea' id='block_1_52' title="bbox 1866 2099 3435 2169">
    <p class='ocr_par' dir='ltr' id='par_1_52' title="bbox 1866 2099 3435 2169">
     <span class='ocr_line' id='line_1_52' title="bbox 1866 2099 3435 2169; baseline -0.001 -16"><span class='ocrx_word' id='word_1_362' title='bbox 1866 2099 2168 2169; x_wconf 80' lang='lat' dir='ltr'><strong>fatigabant</strong></span> <span class='ocrx_word' id='word_1_363' title='bbox 2199 2100 2265 2163; x_wconf 82' lang='grc'><strong>⁷³,</strong></span> <span class='ocrx_word' id='word_1_364' title='bbox 2296 2110 2649 2154; x_wconf 89' lang='lat' dir='ltr'><strong>ostensurum</strong></span> <span class='ocrx_word' id='word_1_365' title='bbox 2674 2100 2857 2154; x_wconf 89' lang='lat' dir='ltr'><strong>docet.</strong></span> <span class='ocrx_word' id='word_1_366' title='bbox 2893 2100 3062 2154; x_wconf 83' lang='lat' dir='ltr'><strong>Decet</strong></span> <span class='ocrx_word' id='word_1_367' title='bbox 3092 2114 3223 2154; x_wconf 92' lang='lat' dir='ltr'><strong>vero</strong></span> <span class='ocrx_word' id='word_1_368' title='bbox 3250 2114 3435 2155; x_wconf 87' lang='lat' dir='ltr'><strong>rerum</strong></span> 
     </span>
    </p>
   </div>
   <div class='ocr_carea' id='block_1_53' title="bbox 1865 2189 3438 2260">
    <p class='ocr_par' dir='ltr' id='par_1_53' title="bbox 1865 2189 3438 2260">
     <span class='ocr_line' id='line_1_53' title="bbox 1865 2189 3438 2260; baseline 0 -15"><span class='ocrx_word' id='word_1_369' title='bbox 1865 2191 2148 2245; x_wconf 79' lang='lat' dir='ltr'><strong>novitatem</strong></span> <span class='ocrx_word' id='word_1_370' title='bbox 2178 2201 2231 2244; x_wconf 89' lang='lat' dir='ltr'><strong>et</strong></span> <span class='ocrx_word' id='word_1_371' title='bbox 2254 2191 2435 2259; x_wconf 80' lang='lat' dir='ltr'><strong>hymni</strong></span> <span class='ocrx_word' id='word_1_372' title='bbox 2464 2205 2683 2260; x_wconf 88' lang='lat' dir='ltr'><strong>quoque</strong></span> <span class='ocrx_word' id='word_1_373' title='bbox 2711 2192 2937 2245; x_wconf 80' lang='lat' dir='ltr'><strong>novitas.</strong></span> <span class='ocrx_word' id='word_1_374' title='bbox 2972 2189 3027 2244; x_wconf 91' lang='lat' dir='ltr'><strong>Si</strong></span> <span class='ocrx_word' id='word_1_375' title='bbox 3058 2191 3184 2260; x_wconf 89' lang='lat' dir='ltr'><strong>quis</strong></span> <span class='ocrx_word' id='word_1_376' title='bbox 3207 2190 3351 2245; x_wconf 85' lang='lat' dir='ltr'><strong>enim</strong></span> <span class='ocrx_word' id='word_1_377' title='bbox 3382 2191 3438 2246; x_wconf 91' lang='lat' dir='ltr'><strong>in</strong></span> 
     </span>
    </p>
   </div>
   <div class='ocr_carea' id='block_1_54' title="bbox 1864 2280 3441 2351">
    <p class='ocr_par' dir='ltr' id='par_1_54' title="bbox 1864 2280 3441 2351">
     <span class='ocr_line' id='line_1_54' title="bbox 1864 2280 3441 2351; baseline 0 -14"><span class='ocrx_word' id='word_1_378' title='bbox 1864 2280 2084 2337; x_wconf 88' lang='lat' dir='ltr'><strong>Christo</strong></span> <span class='ocrx_word' id='word_1_379' title='bbox 2115 2289 2220 2344; x_wconf 84' lang='lat' dir='ltr'><strong>est,</strong></span> <span class='ocrx_word' id='word_1_380' title='bbox 2246 2291 2497 2336; x_wconf 86' lang='lat' dir='ltr'><strong>creatura</strong></span> <span class='ocrx_word' id='word_1_381' title='bbox 2540 2299 2674 2336; x_wconf 83' lang='lat' dir='ltr'><strong>nova</strong></span> <span class='ocrx_word' id='word_1_382' title='bbox 2707 2293 2823 2349; x_wconf 91' lang='lat' dir='ltr'><strong>est;</strong></span> <span class='ocrx_word' id='word_1_383' title='bbox 2860 2283 3267 2351; x_wconf 88' lang='lat' dir='ltr'><strong>antiquatisque</strong></span> <span class='ocrx_word' id='word_1_384' title='bbox 3288 2290 3441 2338; x_wconf 82' lang='lat' dir='ltr'><strong>vete—</strong></span> 
     </span>
    </p>
   </div>
   <div class='ocr_carea' id='block_1_55' title="bbox 1865 2370 3442 2445">
    <p class='ocr_par' dir='ltr' id='par_1_55' title="bbox 1865 2370 3442 2445">
     <span class='ocr_line' id='line_1_55' title="bbox 1865 2370 3442 2445; baseline 0.001 -18"><span class='ocrx_word' id='word_1_385' title='bbox 1865 2375 2039 2435; x_wconf 85' lang='lat' dir='ltr'><strong>ribus,</strong></span> <span class='ocrx_word' id='word_1_386' title='bbox 2067 2390 2198 2426; x_wconf 83' lang='lat' dir='ltr'><strong>nova</strong></span> <span class='ocrx_word' id='word_1_387' title='bbox 2224 2370 2303 2428; x_wconf 90' lang='lat' dir='ltr'><strong>illi</strong></span> <span class='ocrx_word' id='word_1_388' title='bbox 2338 2373 2523 2429; x_wconf 84' lang='lat' dir='ltr'><strong>omnia</strong></span> <span class='ocrx_word' id='word_1_389' title='bbox 2557 2373 2814 2427; x_wconf 90' lang='lat' dir='ltr'><strong>abierunt</strong></span> <span class='ocrx_word' id='word_1_390' title='bbox 2845 2375 2912 2428; x_wconf 72' lang='lat'><strong>&quot;.</strong></span> <span class='ocrx_word' id='word_1_391' title='bbox 2948 2373 3234 2443; x_wconf 88' lang='lat' dir='ltr'><strong>Spirituali</strong></span> <span class='ocrx_word' id='word_1_392' title='bbox 3266 2374 3442 2445; x_wconf 84' lang='lat' dir='ltr'><strong>siqui-</strong></span> 
     </span>
    </p>
   </div>
   <div class='ocr_carea' id='block_1_56' title="bbox 1863 2465 3439 2534">
    <p class='ocr_par' dir='ltr' id='par_1_56' title="bbox 1863 2465 3439 2534">
     <span class='ocr_line' id='line_1_56' title="bbox 1863 2465 3439 2534; baseline -0.001 -14"><span class='ocrx_word' id='word_1_393' title='bbox 1863 2466 2012 2531; x_wconf 88' lang='lat' dir='ltr'><strong>dem,</strong></span> <span class='ocrx_word' id='word_1_394' title='bbox 2054 2481 2163 2519; x_wconf 91' lang='lat' dir='ltr'><strong>non</strong></span> <span class='ocrx_word' id='word_1_395' title='bbox 2188 2466 2396 2519; x_wconf 87' lang='lat' dir='ltr'><strong>carnali</strong></span> <span class='ocrx_word' id='word_1_396' title='bbox 2424 2465 2712 2528; x_wconf 84' lang='lat' dir='ltr'><strong>servitute.</strong></span> <span class='ocrx_word' id='word_1_397' title='bbox 2749 2472 2808 2518; x_wconf 92' lang='lat' dir='ltr'><strong>ut</strong></span> <span class='ocrx_word' id='word_1_398' title='bbox 2833 2465 3003 2520; x_wconf 88' lang='lat' dir='ltr'><strong>Israel</strong></span> <span class='ocrx_word' id='word_1_399' title='bbox 3039 2466 3307 2534; x_wconf 89' lang='lat' dir='ltr'><strong>redempti</strong></span> <span class='ocrx_word' id='word_1_400' title='bbox 3346 2481 3439 2521; x_wconf 83' lang='lat' dir='ltr'><strong>su-</strong></span> 
     </span>
    </p>
   </div>
   <div class='ocr_carea' id='block_1_57' title="bbox 1865 2557 3439 2626">
    <p class='ocr_par' dir='ltr' id='par_1_57' title="bbox 1865 2557 3439 2626">
     <span class='ocr_line' id='line_1_57' title="bbox 1865 2557 3439 2626; baseline -0.001 -16"><span class='ocrx_word' id='word_1_401' title='bbox 1865 2572 1988 2611; x_wconf 89' lang='lat' dir='ltr'><strong>mus</strong></span> <span class='ocrx_word' id='word_1_402' title='bbox 2019 2575 2033 2623; x_wconf 89' lang='lat'><strong>;</strong></span> <span class='ocrx_word' id='word_1_403' title='bbox 2067 2572 2247 2626; x_wconf 89' lang='lat' dir='ltr'><strong>neque</strong></span> <span class='ocrx_word' id='word_1_404' title='bbox 2290 2557 2517 2611; x_wconf 89' lang='lat' dir='ltr'><strong>laterum</strong></span> <span class='ocrx_word' id='word_1_405' title='bbox 2556 2557 2928 2622; x_wconf 81' lang='lat' dir='ltr'><strong>confectione,</strong></span> <span class='ocrx_word' id='word_1_406' title='bbox 2975 2557 3068 2613; x_wconf 89' lang='lat' dir='ltr'><strong>sed</strong></span> <span class='ocrx_word' id='word_1_407' title='bbox 3098 2557 3283 2612; x_wconf 88' lang='lat' dir='ltr'><strong>carnis</strong></span> <span class='ocrx_word' id='word_1_408' title='bbox 3315 2557 3439 2611; x_wconf 86' lang='lat' dir='ltr'><strong>ille-</strong></span> 
     </span>
    </p>
   </div>
   <div class='ocr_carea' id='block_1_58' title="bbox 1863 2648 3437 2719">
    <p class='ocr_par' dir='ltr' id='par_1_58' title="bbox 1863 2648 3437 2719">
     <span class='ocr_line' id='line_1_58' title="bbox 1863 2648 3437 2719; baseline 0 -16"><span class='ocrx_word' id='word_1_409' title='bbox 1863 2648 2043 2703; x_wconf 87' lang='lat' dir='ltr'><strong>cebris</strong></span> <span class='ocrx_word' id='word_1_410' title='bbox 2066 2649 2609 2718; x_wconf 87' lang='lat' dir='ltr'><strong>inquinamentisque</strong></span> <span class='ocrx_word' id='word_1_411' title='bbox 2633 2650 2874 2716; x_wconf 89' lang='lat' dir='ltr'><strong>liberati,</strong></span> <span class='ocrx_word' id='word_1_412' title='bbox 2900 2666 3004 2704; x_wconf 92' lang='lat' dir='ltr'><strong>non</strong></span> <span class='ocrx_word' id='word_1_413' title='bbox 3031 2650 3192 2704; x_wconf 90' lang='lat' dir='ltr'><strong>modo</strong></span> <span class='ocrx_word' id='word_1_414' title='bbox 3214 2665 3437 2719; x_wconf 89' lang='lat' dir='ltr'><strong>operum</strong></span> 
     </span>
    </p>
   </div>
   <div class='ocr_carea' id='block_1_59' title="bbox 1865 2741 3439 2813">
    <p class='ocr_par' dir='ltr' id='par_1_59' title="bbox 1865 2741 3439 2813">
     <span class='ocr_line' id='line_1_59' title="bbox 1865 2741 3439 2813; baseline 0.001 -17"><span class='ocrx_word' id='word_1_415' title='bbox 1865 2749 2149 2796; x_wconf 80' lang='lat' dir='ltr'><strong>exactores</strong></span> <span class='ocrx_word' id='word_1_416' title='bbox 2171 2741 2476 2811; x_wconf 63' lang='lat' dir='ltr'><strong>Egyptios,</strong></span> <span class='ocrx_word' id='word_1_417' title='bbox 2499 2748 2902 2813; x_wconf 81' lang='lat' dir='ltr'><strong>tyrannumque</strong></span> <span class='ocrx_word' id='word_1_418' title='bbox 2927 2743 3127 2811; x_wconf 89' lang='lat' dir='ltr'><strong>ipsum,</strong></span> <span class='ocrx_word' id='word_1_419' title='bbox 3149 2744 3242 2797; x_wconf 89' lang='lat' dir='ltr'><strong>sed</strong></span> <span class='ocrx_word' id='word_1_420' title='bbox 3264 2742 3439 2797; x_wconf 88' lang='lat' dir='ltr'><strong>malos</strong></span> 
     </span>
    </p>
   </div>
   <div class='ocr_carea' id='block_1_60' title="bbox 1863 2832 3431 2905">
    <p class='ocr_par' dir='ltr' id='par_1_60' title="bbox 1863 2832 3431 2905">
     <span class='ocr_line' id='line_1_60' title="bbox 1863 2832 3431 2905; baseline 0.001 -18"><span class='ocrx_word' id='word_1_421' title='bbox 1863 2832 2161 2898; x_wconf 66' lang='lat' dir='ltr'><strong>daamones,</strong></span> <span class='ocrx_word' id='word_1_422' title='bbox 2184 2848 2482 2903; x_wconf 89' lang='lat' dir='ltr'><strong>eorumque</strong></span> <span class='ocrx_word' id='word_1_423' title='bbox 2500 2834 2824 2903; x_wconf 86' lang='lat' dir='ltr'><strong>principem,</strong></span> <span class='ocrx_word' id='word_1_424' title='bbox 2852 2849 2880 2887; x_wconf 89' lang='lat' dir='ltr'><strong>a</strong></span> <span class='ocrx_word' id='word_1_425' title='bbox 2903 2835 3105 2905; x_wconf 88' lang='lat' dir='ltr'><strong>quibus</strong></span> <span class='ocrx_word' id='word_1_426' title='bbox 3131 2835 3197 2888; x_wconf 90' lang='lat' dir='ltr'><strong>ad</strong></span> <span class='ocrx_word' id='word_1_427' title='bbox 3224 2835 3431 2891; x_wconf 89' lang='lat' dir='ltr'><strong>scelera</strong></span> 
     </span>
    </p>
   </div>
   <div class='ocr_carea' id='block_1_61' title="bbox 1865 2923 3432 2995">
    <p class='ocr_par' dir='ltr' id='par_1_61' title="bbox 1865 2923 3432 2995">
     <span class='ocr_line' id='line_1_61' title="bbox 1865 2923 3432 2995; baseline 0 -17"><span class='ocrx_word' id='word_1_428' title='bbox 1865 2924 2236 2993; x_wconf 82' lang='lat' dir='ltr'><strong>rapiebamur,</strong></span> <span class='ocrx_word' id='word_1_429' title='bbox 2271 2923 2592 2993; x_wconf 82' lang='lat' dir='ltr'><strong>etTugimus;</strong></span> <span class='ocrx_word' id='word_1_430' title='bbox 2628 2926 2858 2994; x_wconf 64' lang='lat' dir='ltr'><strong>vitaeque</strong></span> <span class='ocrx_word' id='word_1_431' title='bbox 2910 2926 3094 2991; x_wconf 87' lang='lat' dir='ltr'><strong>istius,</strong></span> <span class='ocrx_word' id='word_1_432' title='bbox 3168 2935 3432 2995; x_wconf 86' lang='lat' dir='ltr'><strong>tanquam</strong></span> 
     </span>
    </p>
   </div>
   <div class='ocr_carea' id='block_1_62' title="bbox 205 3007 1764 3089">
    <p class='ocr_par' dir='ltr' id='par_1_62' title="bbox 205 3007 1763 3082">
     <span class='ocr_line' id='line_1_62' title="bbox 205 3007 1763 3082; baseline 0.01 -26"><span class='ocrx_word' id='word_1_433' title='bbox 205 3021 382 3074; x_wconf 83' lang='grc' dir='ltr'>σματος</span> <span class='ocrx_word' id='word_1_434' title='bbox 415 3007 505 3060; x_wconf 81' lang='grc' dir='ltr'><strong>τὸν</strong></span> <span class='ocrx_word' id='word_1_435' title='bbox 548 3009 828 3080; x_wconf 79' lang='grc' dir='ltr'>Ἰορδάνην</span> <span class='ocrx_word' id='word_1_436' title='bbox 857 3010 1134 3081; x_wconf 79' lang='grc' dir='ltr'>διέϐημεν,</span> <span class='ocrx_word' id='word_1_437' title='bbox 1184 3014 1264 3077; x_wconf 82' lang='grc' dir='ltr'><strong>είς</strong></span> <span class='ocrx_word' id='word_1_438' title='bbox 1294 3015 1397 3082; x_wconf 82' lang='grc' dir='ltr'>γῆν</span> <span class='ocrx_word' id='word_1_439' title='bbox 1436 3017 1763 3082; x_wconf 76' lang='grc' dir='ltr'>εἰσελθόντες</span> 
     </span>
    </p>
   </div>
   <div class='ocr_carea' id='block_1_63' title="bbox 1868 3007 3441 3089">
    <p class='ocr_par' dir='ltr' id='par_1_63' title="bbox 1868 3014 3441 3087">
     <span class='ocr_line' id='line_1_63' title="bbox 1868 3014 3441 3087; baseline 0.001 -18"><span class='ocrx_word' id='word_1_440' title='bbox 1868 3016 2034 3069; x_wconf 80' lang='lat' dir='ltr'><strong>maris</strong></span> <span class='ocrx_word' id='word_1_441' title='bbox 2085 3021 2466 3084; x_wconf 88' lang='lat' dir='ltr'><strong>tempestatem</strong></span> <span class='ocrx_word' id='word_1_442' title='bbox 2524 3014 2830 3070; x_wconf 87' lang='lat' dir='ltr'><strong>incolumes</strong></span> <span class='ocrx_word' id='word_1_443' title='bbox 2873 3015 3186 3081; x_wconf 88' lang='lat' dir='ltr'><strong>evasimus;</strong></span> <span class='ocrx_word' id='word_1_444' title='bbox 3237 3026 3291 3071; x_wconf 90' lang='lat' dir='ltr'><strong>et</strong></span> <span class='ocrx_word' id='word_1_445' title='bbox 3341 3031 3441 3087; x_wconf 89' lang='lat' dir='ltr'><strong>pro</strong></span> 
     </span>
    </p>
   </div>
   <div class='ocr_carea' id='block_1_64' title="bbox 204 3098 1765 3181">
    <p class='ocr_par' dir='ltr' id='par_1_64' title="bbox 204 3098 1765 3181">
     <span class='ocr_line' id='line_1_64' title="bbox 204 3098 1765 3181; baseline 0.01 -32"><span class='ocrx_word' id='word_1_446' title='bbox 204 3098 287 3167; x_wconf 78' lang='grc' dir='ltr'>τὴν</span> <span class='ocrx_word' id='word_1_447' title='bbox 314 3101 418 3162; x_wconf 82' lang='grc' dir='ltr'>τοῖς</span> <span class='ocrx_word' id='word_1_448' title='bbox 459 3100 639 3167; x_wconf 81' lang='grc' dir='ltr'>ἁγίοις</span> <span class='ocrx_word' id='word_1_449' title='bbox 676 3102 1115 3174; x_wconf 76' lang='grc' dir='ltr'>ἐπηγγελμένην,</span> <span class='ocrx_word' id='word_1_450' title='bbox 1145 3105 1212 3176; x_wconf 75' lang='grc' dir='ltr'>ἣν</span> <span class='ocrx_word' id='word_1_451' title='bbox 1247 3107 1296 3159; x_wconf 80' lang='grc' dir='ltr'>οἱ</span> <span class='ocrx_word' id='word_1_452' title='bbox 1334 3109 1765 3181; x_wconf 80' lang='grc' dir='ltr'>μακαριζόμενοι</span> 
     </span>
    </p>
   </div>
   <div class='ocr_carea' id='block_1_65' title="bbox 209 3187 1765 3268">
    <p class='ocr_par' dir='ltr' id='par_1_65' title="bbox 209 3187 1765 3268">
     <span class='ocr_line' id='line_1_65' title="bbox 209 3187 1765 3268; baseline 0.011 -29"><span class='ocrx_word' id='word_1_453' title='bbox 209 3187 581 3261; x_wconf 81' lang='grc' dir='ltr'>κληρονομοῦσι</span> <span class='ocrx_word' id='word_1_454' title='bbox 640 3196 869 3262; x_wconf 74' lang='grc' dir='ltr'>πραεῖςο</span> <span class='ocrx_word' id='word_1_455' title='bbox 928 3193 1014 3263; x_wconf 77' lang='grc' dir='ltr'><strong>ἐφ’</strong></span> <span class='ocrx_word' id='word_1_456' title='bbox 1061 3190 1141 3260; x_wconf 73' lang='grc' dir='ltr'>οἷς</span> <span class='ocrx_word' id='word_1_457' title='bbox 1200 3197 1306 3250; x_wconf 80' lang='grc' dir='ltr'>ἔδει</span> <span class='ocrx_word' id='word_1_458' title='bbox 1362 3200 1617 3268; x_wconf 84' lang='grc' dir='ltr'>γενέσθαι</span> <span class='ocrx_word' id='word_1_459' title='bbox 1672 3204 1765 3256; x_wconf 71' lang='grc' dir='ltr'><strong>τὸν</strong></span> 
     </span>
    </p>
   </div>
   <div class='ocr_carea' id='block_1_66' title="bbox 208 3280 1760 3359">
    <p class='ocr_par' dir='ltr' id='par_1_66' title="bbox 208 3280 1760 3359">
     <span class='ocr_line' id='line_1_66' title="bbox 208 3280 1760 3359; baseline 0.008 -26"><span class='ocrx_word' id='word_1_460' title='bbox 208 3280 374 3347; x_wconf 80' lang='grc' dir='ltr'>ὕμνον</span> <span class='ocrx_word' id='word_1_461' title='bbox 401 3284 519 3353; x_wconf 86' lang='grc' dir='ltr'><strong>Θεῷ</strong></span> <span class='ocrx_word' id='word_1_462' title='bbox 551 3286 717 3354; x_wconf 84' lang='grc' dir='ltr'>παρὰ</span> <span class='ocrx_word' id='word_1_463' title='bbox 746 3285 856 3353; x_wconf 83' lang='grc' dir='ltr'>τῆς</span> <span class='ocrx_word' id='word_1_464' title='bbox 884 3287 1078 3356; x_wconf 80' lang='grc' dir='ltr'>ἀρχῆς</span> <span class='ocrx_word' id='word_1_465' title='bbox 1097 3289 1305 3355; x_wconf 85' lang='grc' dir='ltr'>αὐτοῦ,</span> <span class='ocrx_word' id='word_1_466' title='bbox 1330 3292 1438 3344; x_wconf 87' lang='grc' dir='ltr'><strong>τῶν</strong></span> <span class='ocrx_word' id='word_1_467' title='bbox 1460 3292 1551 3345; x_wconf 82' lang='grc' dir='ltr'><strong>ὑπ’</strong></span> <span class='ocrx_word' id='word_1_468' title='bbox 1575 3294 1760 3359; x_wconf 80' lang='grc' dir='ltr'>αὐτοῦ,</span> 
     </span>
    </p>
   </div>
   <div class='ocr_carea' id='block_1_67' title="bbox 208 3371 1759 3452">
    <p class='ocr_par' dir='ltr' id='par_1_67' title="bbox 208 3371 1759 3452">
     <span class='ocr_line' id='line_1_67' title="bbox 208 3371 1759 3452; baseline 0.007 -28"><span class='ocrx_word' id='word_1_469' title='bbox 208 3371 331 3427; x_wconf 81' lang='grc' dir='ltr'>καθά</span> <span class='ocrx_word' id='word_1_470' title='bbox 360 3374 490 3442; x_wconf 79' lang='grc' dir='ltr'>φασί</span> <span class='ocrx_word' id='word_1_471' title='bbox 520 3391 693 3440; x_wconf 88' lang='grc' dir='ltr'>τινες,</span> <span class='ocrx_word' id='word_1_472' title='bbox 721 3376 1040 3447; x_wconf 78' lang='grc' dir='ltr'>ἀρχομένων</span> <span class='ocrx_word' id='word_1_473' title='bbox 1059 3381 1120 3432; x_wconf 85' lang='grc' dir='ltr'><strong>οὑ</strong></span> <span class='ocrx_word' id='word_1_474' title='bbox 1166 3384 1306 3434; x_wconf 87' lang='grc' dir='ltr'><strong>κατὰ</strong></span> <span class='ocrx_word' id='word_1_475' title='bbox 1334 3384 1433 3452; x_wconf 81' lang='grc' dir='ltr'>τὴν</span> <span class='ocrx_word' id='word_1_476' title='bbox 1479 3384 1759 3450; x_wconf 82' lang='grc' dir='ltr'>Ἰουδαίαν,</span> 
     </span>
    </p>
   </div>
   <div class='ocr_carea' id='block_1_68' title="bbox 210 3464 1760 3547">
    <p class='ocr_par' dir='ltr' id='par_1_68' title="bbox 210 3464 1760 3547">
     <span class='ocr_line' id='line_1_68' title="bbox 210 3464 1760 3547; baseline 0.009 -32"><span class='ocrx_word' id='word_1_477' title='bbox 210 3464 328 3517; x_wconf 65' lang='grc' dir='ltr'>κατὰ</span> <span class='ocrx_word' id='word_1_478' title='bbox 351 3464 405 3517; x_wconf 81' lang='grc' dir='ltr'>δὲ</span> <span class='ocrx_word' id='word_1_479' title='bbox 436 3467 626 3520; x_wconf 76' lang='grc' dir='ltr'>πᾶσαν</span> <span class='ocrx_word' id='word_1_480' title='bbox 661 3467 778 3535; x_wconf 81' lang='grc' dir='ltr'>τὴν</span> <span class='ocrx_word' id='word_1_481' title='bbox 814 3468 950 3537; x_wconf 71' lang='grc' dir='ltr'>γῆν.</span> <span class='ocrx_word' id='word_1_482' title='bbox 998 3471 1074 3523; x_wconf 83' lang='grc' dir='ltr'><strong>Οὐ</strong></span> <span class='ocrx_word' id='word_1_483' title='bbox 1116 3472 1224 3542; x_wconf 81' lang='grc' dir='ltr'>γὰρ</span> <span class='ocrx_word' id='word_1_484' title='bbox 1254 3472 1329 3535; x_wconf 86' lang='grc' dir='ltr'>ὡς</span> <span class='ocrx_word' id='word_1_485' title='bbox 1374 3474 1544 3526; x_wconf 82' lang='grc' dir='ltr'>πάλαι</span> <span class='ocrx_word' id='word_1_486' title='bbox 1605 3477 1664 3527; x_wconf 84' lang='grc' dir='ltr'>ὲν</span> <span class='ocrx_word' id='word_1_487' title='bbox 1694 3479 1760 3547; x_wconf 84' lang='grc' dir='ltr'>τῇ</span> 
     </span>
    </p>
   </div>
   <div class='ocr_carea' id='block_1_69' title="bbox 218 3550 1764 3636">
    <p class='ocr_par' dir='ltr' id='par_1_69' title="bbox 218 3550 1764 3636">
     <span class='ocr_line' id='line_1_69' title="bbox 218 3550 1764 3636; baseline 0.009 -32"><span class='ocrx_word' id='word_1_488' title='bbox 218 3550 420 3626; x_wconf 81' lang='grc' dir='ltr'>Ἰουδαίᾳ</span> <span class='ocrx_word' id='word_1_489' title='bbox 441 3557 688 3623; x_wconf 77' lang='grc' dir='ltr'>γνωστὸς</span> <span class='ocrx_word' id='word_1_490' title='bbox 711 3559 738 3610; x_wconf 86' lang='grc' dir='ltr'>ὁ</span> <span class='ocrx_word' id='word_1_491' title='bbox 772 3558 975 3628; x_wconf 83' lang='grc' dir='ltr'>Κύριος</span> <span class='ocrx_word' id='word_1_492' title='bbox 993 3600 1008 3624; x_wconf 91' lang='grc'><strong>,</strong></span> <span class='ocrx_word' id='word_1_493' title='bbox 1047 3561 1142 3613; x_wconf 75' lang='grc' dir='ltr'>καὶ</span> <span class='ocrx_word' id='word_1_494' title='bbox 1167 3563 1225 3613; x_wconf 86' lang='grc' dir='ltr'>ὲν</span> <span class='ocrx_word' id='word_1_495' title='bbox 1259 3562 1404 3632; x_wconf 86' lang='grc' dir='ltr'>μόνῳ</span> <span class='ocrx_word' id='word_1_496' title='bbox 1428 3564 1506 3632; x_wconf 86' lang='grc' dir='ltr'>τῷ</span> <span class='ocrx_word' id='word_1_497' title='bbox 1550 3565 1764 3636; x_wconf 84' lang='grc' dir='ltr'>Ἰσραὴλ</span> 
     </span>
    </p>
   </div>
   <div class='ocr_carea' id='block_1_70' title="bbox 209 3644 1761 3729">
    <p class='ocr_par' dir='ltr' id='par_1_70' title="bbox 209 3644 1761 3729">
     <span class='ocr_line' id='line_1_70' title="bbox 209 3644 1761 3729; baseline 0.01 -33"><span class='ocrx_word' id='word_1_498' title='bbox 209 3644 260 3696; x_wconf 87' lang='grc' dir='ltr'><strong>τδ</strong></span> <span class='ocrx_word' id='word_1_499' title='bbox 284 3644 440 3715; x_wconf 74' lang='grc' dir='ltr'>ὄνομα</span> <span class='ocrx_word' id='word_1_500' title='bbox 467 3648 659 3702; x_wconf 76' lang='grc' dir='ltr'>αὐτοῦ.</span> <span class='ocrx_word' id='word_1_501' title='bbox 695 3650 915 3721; x_wconf 77' lang='grc' dir='ltr'>Πλήρης</span> <span class='ocrx_word' id='word_1_502' title='bbox 942 3651 997 3704; x_wconf 82' lang='grc' dir='ltr'>δὲ</span> <span class='ocrx_word' id='word_1_503' title='bbox 1026 3651 1123 3704; x_wconf 86' lang='grc' dir='ltr'><strong>νῦν</strong></span> <span class='ocrx_word' id='word_1_504' title='bbox 1157 3653 1185 3706; x_wconf 86' lang='grc' dir='ltr'>ὁ</span> <span class='ocrx_word' id='word_1_505' title='bbox 1224 3654 1452 3724; x_wconf 79' lang='grc' dir='ltr'>οὐρανὸς</span> <span class='ocrx_word' id='word_1_506' title='bbox 1500 3657 1594 3708; x_wconf 76' lang='grc' dir='ltr'><strong>καὶ</strong></span> <span class='ocrx_word' id='word_1_507' title='bbox 1625 3658 1657 3727; x_wconf 82' lang='grc' dir='ltr'><strong>ἡ</strong></span> <span class='ocrx_word' id='word_1_508' title='bbox 1691 3659 1761 3729; x_wconf 83' lang='grc' dir='ltr'>γῆ</span> 
     </span>
    </p>
   </div>
   <div class='ocr_carea' id='block_1_71' title="bbox 211 3734 1760 3817">
    <p class='ocr_par' dir='ltr' id='par_1_71' title="bbox 211 3734 1760 3817">
     <span class='ocr_line' id='line_1_71' title="bbox 211 3734 1760 3817; baseline 0.008 -29"><span class='ocrx_word' id='word_1_509' title='bbox 211 3734 292 3803; x_wconf 81' lang='grc' dir='ltr'>τῆς</span> <span class='ocrx_word' id='word_1_510' title='bbox 314 3736 461 3805; x_wconf 71' lang='grc' dir='ltr'>δόξης</span> <span class='ocrx_word' id='word_1_511' title='bbox 483 3737 677 3793; x_wconf 84' lang='grc' dir='ltr'>αὐτοῦ.</span> <span class='ocrx_word' id='word_1_512' title='bbox 710 3740 820 3792; x_wconf 69' lang='lat' dir='ltr'><strong>Kal.</strong></span> <span class='ocrx_word' id='word_1_513' title='bbox 853 3740 1017 3793; x_wconf 77' lang='grc' dir='ltr'>Δαὸὶδ</span> <span class='ocrx_word' id='word_1_514' title='bbox 1049 3741 1104 3794; x_wconf 80' lang='grc' dir='ltr'>δέ</span> <span class='ocrx_word' id='word_1_515' title='bbox 1138 3759 1300 3812; x_wconf 73' lang='grc' dir='ltr'>φησιο</span> <span class='ocrx_word' id='word_1_516' title='bbox 1338 3743 1760 3817; x_wconf 80' lang='grc' dir='ltr'>Πληρωθήσεται</span> 
     </span>
    </p>
   </div>
   <div class='ocr_carea' id='block_1_72' title="bbox 209 3825 1040 3902">
    <p class='ocr_par' dir='ltr' id='par_1_72' title="bbox 209 3825 1040 3902">
     <span class='ocr_line' id='line_1_72' title="bbox 209 3825 1040 3902; baseline 0.011 -26"><span class='ocrx_word' id='word_1_517' title='bbox 209 3825 292 3894; x_wconf 80' lang='grc' dir='ltr'>τῆς</span> <span class='ocrx_word' id='word_1_518' title='bbox 318 3827 466 3898; x_wconf 83' lang='grc' dir='ltr'>δόξης</span> <span class='ocrx_word' id='word_1_519' title='bbox 494 3830 665 3883; x_wconf 82' lang='grc' dir='ltr'>αὐτοῦ</span> <span class='ocrx_word' id='word_1_520' title='bbox 691 3833 844 3884; x_wconf 79' lang='grc' dir='ltr'>πᾶσα</span> <span class='ocrx_word' id='word_1_521' title='bbox 876 3833 910 3902; x_wconf 84' lang='grc' dir='ltr'>ἡ</span> <span class='ocrx_word' id='word_1_522' title='bbox 945 3831 1040 3902; x_wconf 84' lang='grc' dir='ltr'><strong>γῆ.</strong></span> 
     </span>
    </p>
   </div>
   <div class='ocr_carea' id='block_1_73' title="bbox 1870 3104 3433 3176">
    <p class='ocr_par' dir='ltr' id='par_1_73' title="bbox 1870 3104 3433 3176">
     <span class='ocr_line' id='line_1_73' title="bbox 1870 3104 3433 3176; baseline 0 -18"><span class='ocrx_word' id='word_1_523' title='bbox 1870 3120 2093 3170; x_wconf 86' lang='lat' dir='ltr'><strong>manna,</strong></span> <span class='ocrx_word' id='word_1_524' title='bbox 2123 3119 2315 3174; x_wconf 80' lang='lat' dir='ltr'><strong>panem</strong></span> <span class='ocrx_word' id='word_1_525' title='bbox 2347 3104 2414 3159; x_wconf 89' lang='lat' dir='ltr'><strong>de</strong></span> <span class='ocrx_word' id='word_1_526' title='bbox 2438 3104 2602 3170; x_wconf 64' lang='lat' dir='ltr'><strong>coelo,</strong></span> <span class='ocrx_word' id='word_1_527' title='bbox 2631 3105 2721 3175; x_wconf 90' lang='lat' dir='ltr'><strong>qui</strong></span> <span class='ocrx_word' id='word_1_528' title='bbox 2760 3104 2967 3159; x_wconf 89' lang='lat' dir='ltr'><strong>mundo</strong></span> <span class='ocrx_word' id='word_1_529' title='bbox 3001 3107 3170 3160; x_wconf 85' lang='lat' dir='ltr'><strong>vitam</strong></span> <span class='ocrx_word' id='word_1_530' title='bbox 3208 3107 3433 3176; x_wconf 76' lang='lat' dir='ltr'><strong>praebet,</strong></span> 
     </span>
    </p>
   </div>
   <div class='ocr_carea' id='block_1_74' title="bbox 1870 3197 3438 3268">
    <p class='ocr_par' dir='ltr' id='par_1_74' title="bbox 1870 3197 3438 3268">
     <span class='ocr_line' id='line_1_74' title="bbox 1870 3197 3438 3268; baseline -0.001 -15"><span class='ocrx_word' id='word_1_531' title='bbox 1870 3199 2085 3253; x_wconf 83' lang='lat' dir='ltr'><strong>edimus</strong></span> <span class='ocrx_word' id='word_1_532' title='bbox 2110 3199 2176 3251; x_wconf 80' lang='grc'><strong>⁷⁵.</strong></span> <span class='ocrx_word' id='word_1_533' title='bbox 2208 3198 2326 3252; x_wconf 91' lang='lat' dir='ltr'><strong>lmo</strong></span> <span class='ocrx_word' id='word_1_534' title='bbox 2355 3204 2411 3251; x_wconf 89' lang='lat' dir='ltr'><strong>et</strong></span> <span class='ocrx_word' id='word_1_535' title='bbox 2437 3197 2715 3261; x_wconf 89' lang='lat' dir='ltr'><strong>laticibus,</strong></span> <span class='ocrx_word' id='word_1_536' title='bbox 2752 3198 2846 3268; x_wconf 88' lang='lat' dir='ltr'><strong>qui</strong></span> <span class='ocrx_word' id='word_1_537' title='bbox 2895 3199 2962 3252; x_wconf 89' lang='lat' dir='ltr'><strong>de</strong></span> <span class='ocrx_word' id='word_1_538' title='bbox 3017 3209 3189 3267; x_wconf 81' lang='lat' dir='ltr'><strong>petra,</strong></span> <span class='ocrx_word' id='word_1_539' title='bbox 3249 3199 3301 3253; x_wconf 90' lang='lat' dir='ltr'><strong>id</strong></span> <span class='ocrx_word' id='word_1_540' title='bbox 3352 3208 3438 3254; x_wconf 86' lang='lat' dir='ltr'><strong>est</strong></span> 
     </span>
    </p>
   </div>
   <div class='ocr_carea' id='block_1_75' title="bbox 1868 3288 3438 3360">
    <p class='ocr_par' dir='ltr' id='par_1_75' title="bbox 1868 3288 3438 3360">
     <span class='ocr_line' id='line_1_75' title="bbox 1868 3288 3438 3360; baseline 0.001 -17"><span class='ocrx_word' id='word_1_541' title='bbox 1868 3290 2111 3353; x_wconf 87' lang='lat' dir='ltr'><strong>Christo,</strong></span> <span class='ocrx_word' id='word_1_542' title='bbox 2149 3297 2460 3355; x_wconf 84' lang='lat' dir='ltr'><strong>manarunt,</strong></span> <span class='ocrx_word' id='word_1_543' title='bbox 2492 3288 2558 3343; x_wconf 88' lang='lat' dir='ltr'><strong>ad</strong></span> <span class='ocrx_word' id='word_1_544' title='bbox 2584 3288 2811 3346; x_wconf 89' lang='lat' dir='ltr'><strong>delicias</strong></span> <span class='ocrx_word' id='word_1_545' title='bbox 2842 3304 3015 3360; x_wconf 88' lang='lat' dir='ltr'><strong>usque</strong></span> <span class='ocrx_word' id='word_1_546' title='bbox 3054 3291 3185 3360; x_wconf 91' lang='lat' dir='ltr'><strong>poti,</strong></span> <span class='ocrx_word' id='word_1_547' title='bbox 3216 3299 3438 3345; x_wconf 79' lang='lat' dir='ltr'><strong>sancto-</strong></span> 
     </span>
    </p>
   </div>
   <div class='ocr_carea' id='block_1_76' title="bbox 1870 3379 3439 3453">
    <p class='ocr_par' dir='ltr' id='par_1_76' title="bbox 1870 3379 3439 3453">
     <span class='ocr_line' id='line_1_76' title="bbox 1870 3379 3439 3453; baseline 0.002 -19"><span class='ocrx_word' id='word_1_548' title='bbox 1870 3398 1975 3453; x_wconf 88' lang='lat' dir='ltr'><strong>que</strong></span> <span class='ocrx_word' id='word_1_549' title='bbox 2001 3381 2331 3452; x_wconf 88' lang='lat' dir='ltr'><strong>baptismate</strong></span> <span class='ocrx_word' id='word_1_550' title='bbox 2363 3379 2561 3443; x_wconf 77' lang='lat' dir='ltr'><strong>abluti,</strong></span> <span class='ocrx_word' id='word_1_551' title='bbox 2592 3380 2827 3450; x_wconf 86' lang='lat' dir='ltr'><strong>trajecto</strong></span> <span class='ocrx_word' id='word_1_552' title='bbox 2859 3379 3101 3436; x_wconf 87' lang='lat' dir='ltr'><strong>Jordane</strong></span> <span class='ocrx_word' id='word_1_553' title='bbox 3122 3381 3176 3435; x_wconf 90' lang='lat' dir='ltr'><strong>in</strong></span> <span class='ocrx_word' id='word_1_554' title='bbox 3202 3383 3439 3452; x_wconf 57' lang='lat' dir='ltr'><strong>promis.</strong></span> 
     </span>
    </p>
   </div>
   <div class='ocr_carea' id='block_1_77' title="bbox 1869 3472 3440 3543">
    <p class='ocr_par' dir='ltr' id='par_1_77' title="bbox 1869 3472 3440 3543">
     <span class='ocr_line' id='line_1_77' title="bbox 1869 3472 3440 3543; baseline -0.002 -13"><span class='ocrx_word' id='word_1_555' title='bbox 1869 3490 1986 3530; x_wconf 87' lang='lat' dir='ltr'><strong>sam</strong></span> <span class='ocrx_word' id='word_1_556' title='bbox 2023 3482 2222 3529; x_wconf 89' lang='lat' dir='ltr'><strong>terram</strong></span> <span class='ocrx_word' id='word_1_557' title='bbox 2251 3472 2679 3543; x_wconf 85' lang='lat' dir='ltr'><strong>penetravimus,</strong></span> <span class='ocrx_word' id='word_1_558' title='bbox 2716 3486 2881 3541; x_wconf 90' lang='lat' dir='ltr'><strong>quam</strong></span> <span class='ocrx_word' id='word_1_559' title='bbox 2910 3472 3006 3543; x_wconf 88' lang='lat' dir='ltr'><strong>qui</strong></span> <span class='ocrx_word' id='word_1_560' title='bbox 3049 3474 3196 3528; x_wconf 88' lang='lat' dir='ltr'><strong>beati</strong></span> <span class='ocrx_word' id='word_1_561' title='bbox 3238 3473 3440 3542; x_wconf 55' lang='lat' dir='ltr'><strong>praedi-</strong></span> 
     </span>
    </p>
   </div>
   <div class='ocr_carea' id='block_1_78' title="bbox 1868 3565 3437 3633">
    <p class='ocr_par' dir='ltr' id='par_1_78' title="bbox 1868 3565 3437 3633">
     <span class='ocr_line' id='line_1_78' title="bbox 1868 3565 3437 3633; baseline -0.001 -12"><span class='ocrx_word' id='word_1_562' title='bbox 1868 3576 2085 3631; x_wconf 87' lang='lat' dir='ltr'><strong>cantur,</strong></span> <span class='ocrx_word' id='word_1_563' title='bbox 2114 3565 2275 3619; x_wconf 88' lang='lat' dir='ltr'><strong>mites</strong></span> <span class='ocrx_word' id='word_1_564' title='bbox 2319 3571 2739 3633; x_wconf 89' lang='lat' dir='ltr'><strong>consequuntur</strong></span> <span class='ocrx_word' id='word_1_565' title='bbox 2766 3565 2831 3621; x_wconf 81' lang='grc'><strong>⁷⁸.</strong></span> <span class='ocrx_word' id='word_1_566' title='bbox 2892 3565 3137 3631; x_wconf 86' lang='lat' dir='ltr'><strong>Quorum</strong></span> <span class='ocrx_word' id='word_1_567' title='bbox 3193 3566 3437 3629; x_wconf 88' lang='lat' dir='ltr'><strong>nomine,</strong></span> 
     </span>
    </p>
   </div>
   <div class='ocr_carea' id='block_1_79' title="bbox 1866 3654 3437 3727">
    <p class='ocr_par' dir='ltr' id='par_1_79' title="bbox 1866 3654 3437 3727">
     <span class='ocr_line' id='line_1_79' title="bbox 1866 3654 3437 3727; baseline -0.001 -17"><span class='ocrx_word' id='word_1_568' title='bbox 1866 3658 2119 3727; x_wconf 82' lang='lat' dir='ltr'><strong>hymnum</strong></span> <span class='ocrx_word' id='word_1_569' title='bbox 2155 3654 2266 3709; x_wconf 89' lang='lat' dir='ltr'><strong>Deo</strong></span> <span class='ocrx_word' id='word_1_570' title='bbox 2294 3654 2359 3708; x_wconf 89' lang='lat' dir='ltr'><strong>ab</strong></span> <span class='ocrx_word' id='word_1_571' title='bbox 2384 3654 2498 3724; x_wconf 80' lang='lat' dir='ltr'><strong>ejus</strong></span> <span class='ocrx_word' id='word_1_572' title='bbox 2529 3656 2853 3724; x_wconf 84' lang='lat' dir='ltr'><strong>principatu,</strong></span> <span class='ocrx_word' id='word_1_573' title='bbox 2888 3655 2942 3709; x_wconf 85' lang='lat' dir='ltr'><strong>id</strong></span> <span class='ocrx_word' id='word_1_574' title='bbox 2971 3663 3080 3721; x_wconf 86' lang='lat' dir='ltr'><strong>est,</strong></span> <span class='ocrx_word' id='word_1_575' title='bbox 3101 3664 3161 3710; x_wconf 89' lang='lat' dir='ltr'><strong>ut</strong></span> <span class='ocrx_word' id='word_1_576' title='bbox 3190 3658 3437 3710; x_wconf 86' lang='lat' dir='ltr'><strong>nonnulli</strong></span> 
     </span>
    </p>
   </div>
   <div class='ocr_carea' id='block_1_80' title="bbox 1865 3743 3438 3819">
    <p class='ocr_par' dir='ltr' id='par_1_80' title="bbox 1865 3743 3438 3819">
     <span class='ocr_line' id='line_1_80' title="bbox 1865 3743 3438 3819; baseline -0.005 -16"><span class='ocrx_word' id='word_1_577' title='bbox 1865 3756 2081 3819; x_wconf 88' lang='lat' dir='ltr'><strong>putant,</strong></span> <span class='ocrx_word' id='word_1_578' title='bbox 2102 3746 2171 3800; x_wconf 91' lang='lat' dir='ltr'><strong>ab</strong></span> <span class='ocrx_word' id='word_1_579' title='bbox 2193 3746 2313 3815; x_wconf 88' lang='lat' dir='ltr'><strong>ejus</strong></span> <span class='ocrx_word' id='word_1_580' title='bbox 2336 3745 2592 3809; x_wconf 90' lang='lat' dir='ltr'><strong>subditis,</strong></span> <span class='ocrx_word' id='word_1_581' title='bbox 2620 3760 2728 3798; x_wconf 92' lang='lat' dir='ltr'><strong>non</strong></span> <span class='ocrx_word' id='word_1_582' title='bbox 2754 3745 2807 3799; x_wconf 92' lang='lat' dir='ltr'><strong>in</strong></span> <span class='ocrx_word' id='word_1_583' title='bbox 2829 3743 3038 3812; x_wconf 61' lang='lat' dir='ltr'><strong>Judaaa,</strong></span> <span class='ocrx_word' id='word_1_584' title='bbox 3066 3745 3158 3801; x_wconf 88' lang='lat' dir='ltr'><strong>sed</strong></span> <span class='ocrx_word' id='word_1_585' title='bbox 3185 3745 3438 3799; x_wconf 78' lang='lat' dir='ltr'><strong>universa</strong></span> 
     </span>
    </p>
   </div>
   <div class='ocr_carea' id='block_1_81' title="bbox 1866 3833 3407 3900">
    <p class='ocr_par' dir='ltr' id='par_1_81' title="bbox 1866 3833 3407 3900">
     <span class='ocr_line' id='line_1_81' title="bbox 1866 3833 3407 3900; baseline -0.003 -7"><span class='ocrx_word' id='word_1_586' title='bbox 1866 3847 2030 3900; x_wconf 83' lang='lat' dir='ltr'><strong>terra,</strong></span> <span class='ocrx_word' id='word_1_587' title='bbox 2066 3834 2277 3890; x_wconf 86' lang='lat' dir='ltr'><strong>cantari</strong></span> <span class='ocrx_word' id='word_1_588' title='bbox 2309 3833 2510 3889; x_wconf 84' lang='lat' dir='ltr'><strong>decuit.</strong></span> <span class='ocrx_word' id='word_1_589' title='bbox 2537 3833 2654 3887; x_wconf 83' lang='lat' dir='ltr'><strong>Non</strong></span> <span class='ocrx_word' id='word_1_590' title='bbox 2694 3835 2862 3897; x_wconf 90' lang='lat' dir='ltr'><strong>enim,</strong></span> <span class='ocrx_word' id='word_1_591' title='bbox 2890 3842 2949 3888; x_wconf 92' lang='lat' dir='ltr'><strong>ut</strong></span> <span class='ocrx_word' id='word_1_592' title='bbox 2992 3835 3122 3888; x_wconf 91' lang='lat' dir='ltr'><strong>olim</strong></span> <span class='ocrx_word' id='word_1_593' title='bbox 3167 3836 3219 3889; x_wconf 89' lang='lat' dir='ltr'><strong>in</strong></span> <span class='ocrx_word' id='word_1_594' title='bbox 3253 3833 3407 3888; x_wconf 68' lang='lat' dir='ltr'><strong>Judae</strong></span> 
     </span>
    </p>
   </div>
   <div class='ocr_carea' id='block_1_82' title="bbox 213 3923 3439 3997">
    <p class='ocr_par' dir='ltr' id='par_1_82' title="bbox 213 3923 3439 3997">
     <span class='ocr_line' id='line_1_82' title="bbox 213 3923 3439 3997; baseline 0.004 -25"><span class='ocrx_word' id='word_1_595' title='bbox 213 3928 355 3977; x_wconf 89' lang='lat' dir='ltr'><strong>notus</strong></span> <span class='ocrx_word' id='word_1_596' title='bbox 384 3923 651 3980; x_wconf 87' lang='lat' dir='ltr'><strong>Dominus</strong></span> <span class='ocrx_word' id='word_1_597' title='bbox 683 3926 763 3990; x_wconf 86' lang='lat'><strong>&quot;,</strong></span> <span class='ocrx_word' id='word_1_598' title='bbox 788 3926 870 3981; x_wconf 87' lang='lat' dir='ltr'><strong>sic</strong></span> <span class='ocrx_word' id='word_1_599' title='bbox 896 3935 950 3980; x_wconf 91' lang='lat' dir='ltr'><strong>et</strong></span> <span class='ocrx_word' id='word_1_600' title='bbox 990 3942 1138 3981; x_wconf 92' lang='lat' dir='ltr'><strong>nunc</strong></span> <span class='ocrx_word' id='word_1_601' title='bbox 1183 3928 1237 3982; x_wconf 91' lang='lat' dir='ltr'><strong>in</strong></span> <span class='ocrx_word' id='word_1_602' title='bbox 1291 3930 1494 3986; x_wconf 84' lang='lat' dir='ltr'><strong>Israele</strong></span> <span class='ocrx_word' id='word_1_603' title='bbox 1552 3940 1761 3986; x_wconf 87' lang='lat' dir='ltr'><strong>tantum</strong></span> <span class='ocrx_word' id='word_1_604' title='bbox 1803 3932 2121 3988; x_wconf 87' lang='lat' dir='ltr'><strong>celebratur</strong></span> <span class='ocrx_word' id='word_1_605' title='bbox 2152 3944 2351 3983; x_wconf 89' lang='lat' dir='ltr'><strong>nomen</strong></span> <span class='ocrx_word' id='word_1_606' title='bbox 2384 3929 2527 3997; x_wconf 90' lang='lat' dir='ltr'><strong>ejus,</strong></span> <span class='ocrx_word' id='word_1_607' title='bbox 2562 3930 2656 3983; x_wconf 84' lang='lat' dir='ltr'><strong>sed</strong></span> <span class='ocrx_word' id='word_1_608' title='bbox 2693 3928 2942 3997; x_wconf 85' lang='lat' dir='ltr'><strong>ejusdem</strong></span> <span class='ocrx_word' id='word_1_609' title='bbox 3006 3929 3169 3984; x_wconf 88' lang='lat' dir='ltr'><strong>laude</strong></span> <span class='ocrx_word' id='word_1_610' title='bbox 3238 3930 3439 3986; x_wconf 68' lang='lat' dir='ltr'><strong>caelum</strong></span> 
     </span>
    </p>
   </div>
   <div class='ocr_carea' id='block_1_83' title="bbox 211 4012 3183 4091">
    <p class='ocr_par' dir='ltr' id='par_1_83' title="bbox 211 4012 3183 4091">
     <span class='ocr_line' id='line_1_83' title="bbox 211 4012 3183 4091; baseline 0.003 -28"><span class='ocrx_word' id='word_1_611' title='bbox 211 4016 257 4062; x_wconf 90' lang='lat' dir='ltr'><strong>et</strong></span> <span class='ocrx_word' id='word_1_612' title='bbox 285 4018 439 4078; x_wconf 87' lang='lat' dir='ltr'><strong>terra,</strong></span> <span class='ocrx_word' id='word_1_613' title='bbox 478 4012 684 4069; x_wconf 87' lang='lat' dir='ltr'><strong>Davide</strong></span> <span class='ocrx_word' id='word_1_614' title='bbox 704 4023 867 4080; x_wconf 91' lang='lat' dir='ltr'><strong>teste,</strong></span> <span class='ocrx_word' id='word_1_615' title='bbox 904 4017 1236 4085; x_wconf 89' lang='lat' dir='ltr'><strong>redundant,</strong></span> <span class='ocrx_word' id='word_1_616' title='bbox 1277 4019 1368 4088; x_wconf 91' lang='lat' dir='ltr'><strong>qui</strong></span> <span class='ocrx_word' id='word_1_617' title='bbox 1418 4018 1538 4089; x_wconf 79' lang='lat' dir='ltr'><strong>ejus</strong></span> <span class='ocrx_word' id='word_1_618' title='bbox 1587 4020 1757 4091; x_wconf 78' lang='lat' dir='ltr'><strong>gloria</strong></span> <span class='ocrx_word' id='word_1_619' title='bbox 1798 4032 1999 4078; x_wconf 88' lang='lat' dir='ltr'><strong>terram</strong></span> <span class='ocrx_word' id='word_1_620' title='bbox 2030 4033 2247 4075; x_wconf 90' lang='lat' dir='ltr'><strong>omnem</strong></span> <span class='ocrx_word' id='word_1_621' title='bbox 2280 4018 2540 4087; x_wconf 87' lang='lat' dir='ltr'><strong>repletam</strong></span> <span class='ocrx_word' id='word_1_622' title='bbox 2576 4016 2643 4070; x_wconf 90' lang='lat' dir='ltr'><strong>iri</strong></span> <span class='ocrx_word' id='word_1_623' title='bbox 2677 4018 3005 4073; x_wconf 86' lang='lat' dir='ltr'><strong>vaticinatus</strong></span> <span class='ocrx_word' id='word_1_624' title='bbox 3023 4026 3104 4073; x_wconf 90' lang='lat' dir='ltr'><strong>est</strong></span> <span class='ocrx_word' id='word_1_625' title='bbox 3136 4018 3183 4050; x_wconf 83' lang='grc'><strong>⁷⁸</strong></span> 
     </span>
    </p>
   </div>
   <div class='ocr_carea' id='block_1_84' title="bbox 268 4102 1771 4179">
    <p class='ocr_par' dir='ltr' id='par_1_84' title="bbox 268 4102 1771 4179">
     <span class='ocr_line' id='line_1_84' title="bbox 268 4102 1771 4179; baseline 0.008 -25"><span class='ocrx_word' id='word_1_626' title='bbox 268 4102 412 4167; x_wconf 83' lang='grc' dir='ltr'>Τίνες</span> <span class='ocrx_word' id='word_1_627' title='bbox 440 4104 494 4157; x_wconf 85' lang='grc' dir='ltr'><strong>δὲ</strong></span> <span class='ocrx_word' id='word_1_628' title='bbox 524 4107 573 4158; x_wconf 83' lang='grc' dir='ltr'><strong>οἱ</strong></span> <span class='ocrx_word' id='word_1_629' title='bbox 611 4106 739 4170; x_wconf 79' lang='grc' dir='ltr'>τοὺς</span> <span class='ocrx_word' id='word_1_630' title='bbox 772 4107 997 4178; x_wconf 78' lang='grc' dir='ltr'>ᾄδοντας</span> <span class='ocrx_word' id='word_1_631' title='bbox 1019 4108 1109 4160; x_wconf 73' lang='grc' dir='ltr'><strong>τὸν</strong></span> <span class='ocrx_word' id='word_1_632' title='bbox 1136 4109 1346 4163; x_wconf 79' lang='grc' dir='ltr'>καινὸν</span> <span class='ocrx_word' id='word_1_633' title='bbox 1366 4110 1561 4179; x_wconf 83' lang='grc' dir='ltr'>ὕμνον</span> <span class='ocrx_word' id='word_1_634' title='bbox 1588 4112 1771 4165; x_wconf 75' lang='grc' dir='ltr'>ἱστάν-</span> 
     </span>
    </p>
   </div>
   <div class='ocr_carea' id='block_1_85' title="bbox 1946 4107 3441 4180">
    <p class='ocr_par' dir='ltr' id='par_1_85' title="bbox 1946 4107 3441 4180">
     <span class='ocr_line' id='line_1_85' title="bbox 1946 4107 3441 4180; baseline -0.003 -14"><span class='ocrx_word' id='word_1_635' title='bbox 1946 4110 2172 4175; x_wconf 88' lang='lat' dir='ltr'><strong>Verum,</strong></span> <span class='ocrx_word' id='word_1_636' title='bbox 2211 4109 2434 4180; x_wconf 90' lang='lat' dir='ltr'><strong>quinam</strong></span> <span class='ocrx_word' id='word_1_637' title='bbox 2458 4116 2607 4171; x_wconf 87' lang='lat' dir='ltr'><strong>sunt,</strong></span> <span class='ocrx_word' id='word_1_638' title='bbox 2640 4109 2732 4176; x_wconf 91' lang='lat' dir='ltr'><strong>qui</strong></span> <span class='ocrx_word' id='word_1_639' title='bbox 2767 4109 2932 4161; x_wconf 88' lang='lat' dir='ltr'><strong>allato</strong></span> <span class='ocrx_word' id='word_1_640' title='bbox 2977 4123 3103 4161; x_wconf 87' lang='lat' dir='ltr'><strong>novo</strong></span> <span class='ocrx_word' id='word_1_641' title='bbox 3140 4107 3333 4177; x_wconf 71' lang='lat' dir='ltr'><strong>hymno</strong></span> <span class='ocrx_word' id='word_1_642' title='bbox 3375 4109 3441 4161; x_wconf 88' lang='lat' dir='ltr'><strong>ad</strong></span> 
     </span>
    </p>
   </div>
   <div class='ocr_carea' id='block_1_86' title="bbox 215 4196 1764 4272">
    <p class='ocr_par' dir='ltr' id='par_1_86' title="bbox 215 4196 1764 4271">
     <span class='ocr_line' id='line_1_86' title="bbox 215 4196 1764 4271; baseline 0.01 -29"><span class='ocrx_word' id='word_1_643' title='bbox 215 4207 309 4260; x_wconf 86' lang='grc' dir='ltr'>τες,</span> <span class='ocrx_word' id='word_1_644' title='bbox 340 4196 427 4248; x_wconf 69' lang='grc' dir='ltr'><strong>καλ⁵</strong></span> <span class='ocrx_word' id='word_1_645' title='bbox 459 4198 595 4267; x_wconf 80' lang='grc' dir='ltr'>πρὸς</span> <span class='ocrx_word' id='word_1_646' title='bbox 634 4197 794 4267; x_wconf 76' lang='grc' dir='ltr'>χορὸν</span> <span class='ocrx_word' id='word_1_647' title='bbox 831 4198 1233 4267; x_wconf 86' lang='grc' dir='ltr'>συγκαλοῦντες</span> <span class='ocrx_word' id='word_1_648' title='bbox 1263 4203 1671 4271; x_wconf 83' lang='grc' dir='ltr'>πνευματικόν;</span> <span class='ocrx_word' id='word_1_649' title='bbox 1703 4207 1764 4258; x_wconf 76' lang='lat' dir='ltr'><strong>Ui</strong></span> 
     </span>
    </p>
   </div>
   <div class='ocr_carea' id='block_1_87' title="bbox 1868 4196 3441 4272">
    <p class='ocr_par' dir='ltr' id='par_1_87' title="bbox 1875 4196 3441 4272">
     <span class='ocr_line' id='line_1_87' title="bbox 1875 4196 3441 4272; baseline -0.004 -15"><span class='ocrx_word' id='word_1_650' title='bbox 1875 4201 2161 4272; x_wconf 90' lang='lat' dir='ltr'><strong>spirituale</strong></span> <span class='ocrx_word' id='word_1_651' title='bbox 2201 4198 2499 4267; x_wconf 90' lang='lat' dir='ltr'><strong>tripudium</strong></span> <span class='ocrx_word' id='word_1_652' title='bbox 2543 4196 2940 4250; x_wconf 81' lang='lat' dir='ltr'><strong>cohortantur?</strong></span> <span class='ocrx_word' id='word_1_653' title='bbox 2979 4196 3222 4265; x_wconf 84' lang='lat' dir='ltr'><strong>Apostoli</strong></span> <span class='ocrx_word' id='word_1_654' title='bbox 3275 4198 3441 4250; x_wconf 85' lang='lat' dir='ltr'><strong>nimi-</strong></span> 
     </span>
    </p>
   </div>
   <div class='ocr_carea' id='block_1_88' title="bbox 214 4283 1764 4363">
    <p class='ocr_par' dir='ltr' id='par_1_88' title="bbox 214 4283 1761 4363">
     <span class='ocr_line' id='line_1_88' title="bbox 214 4283 1761 4363; baseline 0.008 -29"><span class='ocrx_word' id='word_1_655' title='bbox 214 4283 295 4353; x_wconf 82' lang='grc' dir='ltr'><strong>τὴν</strong></span> <span class='ocrx_word' id='word_1_656' title='bbox 314 4286 610 4342; x_wconf 73' lang='grc' dir='ltr'>θάλατταν</span> <span class='ocrx_word' id='word_1_657' title='bbox 651 4287 940 4355; x_wconf 71' lang='grc' dir='ltr'>πλέοντες</span> <span class='ocrx_word' id='word_1_658' title='bbox 969 4288 1059 4342; x_wconf 79' lang='grc' dir='ltr'><strong>διὰ</strong></span> <span class='ocrx_word' id='word_1_659' title='bbox 1087 4291 1185 4360; x_wconf 85' lang='grc' dir='ltr'>τὴν</span> <span class='ocrx_word' id='word_1_660' title='bbox 1216 4291 1412 4363; x_wconf 87' lang='grc' dir='ltr'>τέχνην</span> <span class='ocrx_word' id='word_1_661' title='bbox 1450 4294 1761 4348; x_wconf 87' lang='grc' dir='ltr'>ἀπόστολοι.</span> 
     </span>
    </p>
   </div>
   <div class='ocr_carea' id='block_1_89' title="bbox 1868 4283 3439 4363">
    <p class='ocr_par' dir='ltr' id='par_1_89' title="bbox 1872 4286 3439 4358">
     <span class='ocr_line' id='line_1_89' title="bbox 1872 4286 3439 4358; baseline -0.006 -11"><span class='ocrx_word' id='word_1_662' title='bbox 1872 4308 2017 4354; x_wconf 86' lang='lat' dir='ltr'><strong>rum,</strong></span> <span class='ocrx_word' id='word_1_663' title='bbox 2057 4290 2150 4358; x_wconf 91' lang='lat' dir='ltr'><strong>qui</strong></span> <span class='ocrx_word' id='word_1_664' title='bbox 2190 4288 2474 4357; x_wconf 80' lang='lat' dir='ltr'><strong>navigandi</strong></span> <span class='ocrx_word' id='word_1_665' title='bbox 2513 4286 2707 4356; x_wconf 88' lang='lat' dir='ltr'><strong>peritia</strong></span> <span class='ocrx_word' id='word_1_666' title='bbox 2747 4302 2895 4339; x_wconf 87' lang='lat' dir='ltr'><strong>mare</strong></span> <span class='ocrx_word' id='word_1_667' title='bbox 2928 4293 3284 4355; x_wconf 85' lang='lat' dir='ltr'><strong>superarunt.</strong></span> <span class='ocrx_word' id='word_1_668' title='bbox 3335 4286 3439 4350; x_wconf 83' lang='lat' dir='ltr'><strong>Qui</strong></span> 
     </span>
    </p>
   </div>
   <div class='ocr_carea' id='block_1_90' title="bbox 219 4374 1764 4451">
    <p class='ocr_par' dir='ltr' id='par_1_90' title="bbox 219 4374 1764 4451">
     <span class='ocr_line' id='line_1_90' title="bbox 219 4374 1764 4451; baseline 0.007 -25"><span class='ocrx_word' id='word_1_669' title='bbox 219 4374 310 4428; x_wconf 69' lang='lat' dir='ltr'><strong>Kal</strong></span> <span class='ocrx_word' id='word_1_670' title='bbox 334 4378 409 4431; x_wconf 75' lang='grc' dir='ltr'>ὅτι</span> <span class='ocrx_word' id='word_1_671' title='bbox 435 4381 531 4448; x_wconf 79' lang='grc' dir='ltr'>τὴν</span> <span class='ocrx_word' id='word_1_672' title='bbox 552 4379 680 4434; x_wconf 86' lang='grc' dir='ltr'>καθ’</span> <span class='ocrx_word' id='word_1_673' title='bbox 703 4380 851 4450; x_wconf 76' lang='grc' dir='ltr'>ἡμᾶς</span> <span class='ocrx_word' id='word_1_674' title='bbox 873 4381 1258 4451; x_wconf 80' lang='grc' dir='ltr'>περιπλέοντες</span> <span class='ocrx_word' id='word_1_675' title='bbox 1280 4383 1602 4448; x_wconf 79' lang='grc' dir='ltr'>θάλατταν,</span> <span class='ocrx_word' id='word_1_676' title='bbox 1632 4385 1764 4437; x_wconf 84' lang='grc' dir='ltr'>ποτὲ</span> 
     </span>
    </p>
   </div>
   <div class='ocr_carea' id='block_1_91' title="bbox 1868 4374 3437 4451">
    <p class='ocr_par' dir='ltr' id='par_1_91' title="bbox 1872 4376 3437 4438">
     <span class='ocr_line' id='line_1_91' title="bbox 1872 4376 3437 4438; baseline -0.005 -3"><span class='ocrx_word' id='word_1_677' title='bbox 1872 4398 2021 4435; x_wconf 87' lang='lat' dir='ltr'><strong>mare</strong></span> <span class='ocrx_word' id='word_1_678' title='bbox 2049 4379 2251 4433; x_wconf 86' lang='lat' dir='ltr'><strong>deinde</strong></span> <span class='ocrx_word' id='word_1_679' title='bbox 2281 4378 2443 4432; x_wconf 89' lang='lat' dir='ltr'><strong>nobis</strong></span> <span class='ocrx_word' id='word_1_680' title='bbox 2473 4377 2868 4431; x_wconf 81' lang='lat' dir='ltr'><strong>circumfusum</strong></span> <span class='ocrx_word' id='word_1_681' title='bbox 2902 4376 3244 4438; x_wconf 76' lang='lat' dir='ltr'><strong>oberrantes,</strong></span> <span class='ocrx_word' id='word_1_682' title='bbox 3275 4376 3437 4430; x_wconf 85' lang='lat' dir='ltr'><strong>Chri-</strong></span> 
     </span>
    </p>
   </div>
   <div class='ocr_carea' id='block_1_92' title="bbox 219 4465 1764 4543">
    <p class='ocr_par' dir='ltr' id='par_1_92' title="bbox 219 4465 1764 4543">
     <span class='ocr_line' id='line_1_92' title="bbox 219 4465 1764 4543; baseline 0.007 -26"><span class='ocrx_word' id='word_1_683' title='bbox 219 4465 304 4532; x_wconf 84' lang='grc' dir='ltr'><strong>μὲν</strong></span> <span class='ocrx_word' id='word_1_684' title='bbox 338 4469 641 4538; x_wconf 80' lang='grc' dir='ltr'>ὲννήσοις</span> <span class='ocrx_word' id='word_1_685' title='bbox 678 4471 997 4542; x_wconf 80' lang='grc' dir='ltr'>ἐκήρυττον,</span> <span class='ocrx_word' id='word_1_686' title='bbox 1034 4472 1165 4525; x_wconf 87' lang='grc' dir='ltr'>ποτὲ</span> <span class='ocrx_word' id='word_1_687' title='bbox 1190 4472 1247 4526; x_wconf 76' lang='grc' dir='ltr'>δὲ</span> <span class='ocrx_word' id='word_1_688' title='bbox 1263 4473 1362 4543; x_wconf 82' lang='grc' dir='ltr'><strong>τῆς</strong></span> <span class='ocrx_word' id='word_1_689' title='bbox 1402 4474 1632 4537; x_wconf 84' lang='grc' dir='ltr'>Ἰταλίας</span> <span class='ocrx_word' id='word_1_690' title='bbox 1668 4476 1764 4528; x_wconf 74' lang='grc' dir='ltr'><strong>καὶ</strong></span> 
     </span>
    </p>
   </div>
   <div class='ocr_carea' id='block_1_93' title="bbox 1868 4465 3441 4543">
    <p class='ocr_par' dir='ltr' id='par_1_93' title="bbox 1869 4467 3441 4541">
     <span class='ocr_line' id='line_1_93' title="bbox 1869 4467 3441 4541; baseline -0.006 -13"><span class='ocrx_word' id='word_1_691' title='bbox 1869 4485 2014 4529; x_wconf 86' lang='lat' dir='ltr'><strong>stum</strong></span> <span class='ocrx_word' id='word_1_692' title='bbox 2044 4471 2264 4541; x_wconf 90' lang='lat' dir='ltr'><strong>quidem</strong></span> <span class='ocrx_word' id='word_1_693' title='bbox 2311 4469 2449 4523; x_wconf 86' lang='lat' dir='ltr'><strong>alias</strong></span> <span class='ocrx_word' id='word_1_694' title='bbox 2496 4468 2551 4521; x_wconf 91' lang='lat' dir='ltr'><strong>in</strong></span> <span class='ocrx_word' id='word_1_695' title='bbox 2618 4468 2831 4531; x_wconf 77' lang='lat' dir='ltr'><strong>insulis,</strong></span> <span class='ocrx_word' id='word_1_696' title='bbox 2891 4468 3027 4522; x_wconf 89' lang='lat' dir='ltr'><strong>alias</strong></span> <span class='ocrx_word' id='word_1_697' title='bbox 3080 4467 3244 4521; x_wconf 90' lang='lat' dir='ltr'><strong>etiam</strong></span> <span class='ocrx_word' id='word_1_698' title='bbox 3298 4467 3441 4519; x_wconf 80' lang='lat' dir='ltr'><strong>ulzra</strong></span> 
     </span>
    </p>
   </div>
   <div class='ocr_carea' id='block_1_94' title="bbox 227 4551 1764 4636">
    <p class='ocr_par' dir='ltr' id='par_1_94' title="bbox 227 4553 1763 4636">
     <span class='ocr_line' id='line_1_94' title="bbox 227 4553 1763 4636; baseline 0.009 -30"><span class='ocrx_word' id='word_1_699' title='bbox 227 4553 473 4623; x_wconf 82' lang='grc' dir='ltr'>Ἱσπανίας</span> <span class='ocrx_word' id='word_1_700' title='bbox 514 4562 795 4616; x_wconf 80' lang='grc' dir='ltr'>ἐπέκεινα.</span> <span class='ocrx_word' id='word_1_701' title='bbox 826 4562 1095 4616; x_wconf 76' lang='grc' dir='ltr'>Ἐπλεον</span> <span class='ocrx_word' id='word_1_702' title='bbox 1145 4562 1203 4616; x_wconf 86' lang='grc' dir='ltr'>δὲ</span> <span class='ocrx_word' id='word_1_703' title='bbox 1233 4564 1328 4617; x_wconf 73' lang='grc' dir='ltr'>καὶ</span> <span class='ocrx_word' id='word_1_704' title='bbox 1371 4565 1464 4617; x_wconf 92' lang='grc' dir='ltr'><strong>τοῦ</strong></span> <span class='ocrx_word' id='word_1_705' title='bbox 1517 4566 1633 4636; x_wconf 88' lang='grc' dir='ltr'>βίου</span> <span class='ocrx_word' id='word_1_706' title='bbox 1663 4567 1763 4636; x_wconf 85' lang='grc' dir='ltr'>τὴν</span> 
     </span>
    </p>
   </div>
   <div class='ocr_carea' id='block_1_95' title="bbox 1868 4551 3442 4636">
    <p class='ocr_par' dir='ltr' id='par_1_95' title="bbox 1868 4551 3442 4627">
     <span class='ocr_line' id='line_1_95' title="bbox 1868 4551 3442 4627; baseline -0.008 -11"><span class='ocrx_word' id='word_1_707' title='bbox 1868 4562 2095 4625; x_wconf 90' lang='lat' dir='ltr'><strong>Italiam,</strong></span> <span class='ocrx_word' id='word_1_708' title='bbox 2133 4559 2384 4627; x_wconf 88' lang='lat' dir='ltr'><strong>ultraque</strong></span> <span class='ocrx_word' id='word_1_709' title='bbox 2430 4555 2748 4625; x_wconf 85' lang='lat' dir='ltr'><strong>Hispaniam</strong></span> <span class='ocrx_word' id='word_1_710' title='bbox 2781 4554 3222 4623; x_wconf 82' lang='lat' dir='ltr'><strong>promulgarunt.</strong></span> <span class='ocrx_word' id='word_1_711' title='bbox 3272 4551 3442 4605; x_wconf 81' lang='lat' dir='ltr'><strong>Navi-</strong></span> 
     </span>
    </p>
   </div>
   <div class='ocr_carea' id='block_1_96' title="bbox 218 4645 1764 4727">
    <p class='ocr_par' dir='ltr' id='par_1_96' title="bbox 218 4647 1764 4727">
     <span class='ocr_line' id='line_1_96' title="bbox 218 4647 1764 4727; baseline 0.008 -30"><span class='ocrx_word' id='word_1_712' title='bbox 218 4647 508 4719; x_wconf 67' lang='grc' dir='ltr'>θάλατταν,</span> <span class='ocrx_word' id='word_1_713' title='bbox 536 4654 609 4706; x_wconf 71' lang='grc' dir='ltr'>ἐν</span> <span class='ocrx_word' id='word_1_714' title='bbox 644 4653 860 4719; x_wconf 84' lang='grc' dir='ltr'>νήσοις</span> <span class='ocrx_word' id='word_1_715' title='bbox 901 4656 1021 4718; x_wconf 80' lang='grc' dir='ltr'>ταῖς</span> <span class='ocrx_word' id='word_1_716' title='bbox 1062 4654 1172 4707; x_wconf 88' lang='grc' dir='ltr'><strong>τῶν</strong></span> <span class='ocrx_word' id='word_1_717' title='bbox 1217 4655 1387 4709; x_wconf 82' lang='grc' dir='ltr'>ἐθνῶν</span> <span class='ocrx_word' id='word_1_718' title='bbox 1417 4658 1764 4727; x_wconf 83' lang='grc' dir='ltr'>Ἐκκλησίαις</span> 
     </span>
    </p>
   </div>
   <div class='ocr_carea' id='block_1_97' title="bbox 1868 4645 3440 4727">
    <p class='ocr_par' dir='ltr' id='par_1_97' title="bbox 1868 4645 3440 4724">
     <span class='ocr_line' id='line_1_97' title="bbox 1868 4645 3440 4724; baseline -0.006 -17"><span class='ocrx_word' id='word_1_719' title='bbox 1868 4660 2059 4724; x_wconf 84' lang='lat' dir='ltr'><strong>garunt</strong></span> <span class='ocrx_word' id='word_1_720' title='bbox 2091 4665 2222 4705; x_wconf 82' lang='lat' dir='ltr'><strong>vero</strong></span> <span class='ocrx_word' id='word_1_721' title='bbox 2255 4657 2309 4703; x_wconf 87' lang='lat' dir='ltr'><strong>et</strong></span> <span class='ocrx_word' id='word_1_722' title='bbox 2351 4650 2474 4702; x_wconf 66' lang='lat' dir='ltr'><strong>vita:</strong></span> <span class='ocrx_word' id='word_1_723' title='bbox 2507 4647 2667 4701; x_wconf 81' lang='lat' dir='ltr'><strong>istius</strong></span> <span class='ocrx_word' id='word_1_724' title='bbox 2695 4646 2933 4714; x_wconf 79' lang='lat' dir='ltr'><strong>pelagus,</strong></span> <span class='ocrx_word' id='word_1_725' title='bbox 2980 4646 3107 4699; x_wconf 92' lang='lat' dir='ltr'><strong>dum</strong></span> <span class='ocrx_word' id='word_1_726' title='bbox 3161 4645 3440 4698; x_wconf 86' lang='lat' dir='ltr'><strong>Ecclesias</strong></span> 
     </span>
    </p>
   </div>
   <div class='ocr_carea' id='block_1_98' title="bbox 220 4736 1764 4820">
    <p class='ocr_par' dir='ltr' id='par_1_98' title="bbox 220 4740 1764 4820">
     <span class='ocr_line' id='line_1_98' title="bbox 220 4740 1764 4820; baseline 0.01 -31"><span class='ocrx_word' id='word_1_727' title='bbox 220 4740 549 4809; x_wconf 86' lang='grc' dir='ltr'>κηρύττοντες</span> <span class='ocrx_word' id='word_1_728' title='bbox 598 4746 695 4798; x_wconf 91' lang='grc' dir='ltr'><strong>τοῦ</strong></span> <span class='ocrx_word' id='word_1_729' title='bbox 759 4745 875 4816; x_wconf 86' lang='grc' dir='ltr'>βίου</span> <span class='ocrx_word' id='word_1_730' title='bbox 925 4746 1024 4810; x_wconf 82' lang='grc' dir='ltr'>τὰς</span> <span class='ocrx_word' id='word_1_731' title='bbox 1070 4747 1395 4817; x_wconf 76' lang='grc' dir='ltr'>προσϐολὰς,</span> <span class='ocrx_word' id='word_1_732' title='bbox 1437 4748 1512 4813; x_wconf 87' lang='grc' dir='ltr'><strong>ὡς</strong></span> <span class='ocrx_word' id='word_1_733' title='bbox 1546 4750 1764 4820; x_wconf 86' lang='grc' dir='ltr'>κύματα</span> 
     </span>
    </p>
   </div>
   <div class='ocr_carea' id='block_1_99' title="bbox 1868 4736 3439 4820">
    <p class='ocr_par' dir='ltr' id='par_1_99' title="bbox 1868 4736 3439 4818">
     <span class='ocr_line' id='line_1_99' title="bbox 1868 4736 3439 4818; baseline -0.007 -19"><span class='ocrx_word' id='word_1_734' title='bbox 1868 4746 2130 4818; x_wconf 78' lang='lat' dir='ltr'><strong>gentium,</strong></span> <span class='ocrx_word' id='word_1_735' title='bbox 2158 4758 2279 4814; x_wconf 60' lang='lat' dir='ltr'><strong>quae</strong></span> <span class='ocrx_word' id='word_1_736' title='bbox 2302 4743 2427 4795; x_wconf 62' lang='lat' dir='ltr'><strong>vitae</strong></span> <span class='ocrx_word' id='word_1_737' title='bbox 2459 4740 2622 4807; x_wconf 88' lang='lat' dir='ltr'><strong>hujus</strong></span> <span class='ocrx_word' id='word_1_738' title='bbox 2647 4741 2960 4803; x_wconf 79' lang='lat' dir='ltr'><strong>insultibns,</strong></span> <span class='ocrx_word' id='word_1_739' title='bbox 2988 4747 3245 4809; x_wconf 85' lang='lat' dir='ltr'><strong>tanquam</strong></span> <span class='ocrx_word' id='word_1_740' title='bbox 3277 4736 3439 4790; x_wconf 86' lang='lat' dir='ltr'><strong>undis</strong></span> 
     </span>
    </p>
   </div>
   <div class='ocr_carea' id='block_1_100' title="bbox 221 4830 1764 4909">
    <p class='ocr_par' dir='ltr' id='par_1_100' title="bbox 221 4833 1763 4909">
     <span class='ocr_line' id='line_1_100' title="bbox 221 4833 1763 4909; baseline 0.01 -29"><span class='ocrx_word' id='word_1_741' title='bbox 221 4834 486 4899; x_wconf 77' lang='grc' dir='ltr'>φερούσαις</span> <span class='ocrx_word' id='word_1_742' title='bbox 516 4839 611 4889; x_wconf 78' lang='grc' dir='ltr'>καὶ</span> <span class='ocrx_word' id='word_1_743' title='bbox 663 4835 971 4906; x_wconf 88' lang='grc' dir='ltr'>πνεύματα,</span> <span class='ocrx_word' id='word_1_744' title='bbox 1014 4838 1144 4908; x_wconf 85' lang='grc' dir='ltr'><strong>περί¹</strong></span> <span class='ocrx_word' id='word_1_745' title='bbox 1187 4833 1254 4909; x_wconf 80' lang='grc' dir='ltr'>ἦς</span> <span class='ocrx_word' id='word_1_746' title='bbox 1288 4856 1452 4908; x_wconf 86' lang='grc' dir='ltr'>φησιν</span> <span class='ocrx_word' id='word_1_747' title='bbox 1499 4842 1527 4893; x_wconf 91' lang='grc' dir='ltr'><strong>ό</strong></span> <span class='ocrx_word' id='word_1_748' title='bbox 1569 4841 1763 4894; x_wconf 76' lang='grc' dir='ltr'>Δαϐίδ⁸</span> 
     </span>
    </p>
   </div>
   <div class='ocr_carea' id='block_1_101' title="bbox 1868 4830 3442 4909">
    <p class='ocr_par' dir='ltr' id='par_1_101' title="bbox 1868 4830 3442 4904">
     <span class='ocr_line' id='line_1_101' title="bbox 1868 4830 3442 4904; baseline -0.008 -12"><span class='ocrx_word' id='word_1_749' title='bbox 1868 4848 1922 4892; x_wconf 90' lang='lat' dir='ltr'><strong>et</strong></span> <span class='ocrx_word' id='word_1_750' title='bbox 1945 4838 2145 4897; x_wconf 83' lang='lat' dir='ltr'><strong>ventis,</strong></span> <span class='ocrx_word' id='word_1_751' title='bbox 2175 4834 2591 4904; x_wconf 84' lang='lat' dir='ltr'><strong>quatiebantur,</strong></span> <span class='ocrx_word' id='word_1_752' title='bbox 2625 4832 2682 4884; x_wconf 84' lang='lat' dir='ltr'><strong>in</strong></span> <span class='ocrx_word' id='word_1_753' title='bbox 2715 4831 2911 4884; x_wconf 76' lang='lat' dir='ltr'><strong>insulis</strong></span> <span class='ocrx_word' id='word_1_754' title='bbox 2952 4830 3297 4884; x_wconf 81' lang='lat' dir='ltr'><strong>docuerunt:</strong></span> <span class='ocrx_word' id='word_1_755' title='bbox 3330 4841 3442 4896; x_wconf 89' lang='lat' dir='ltr'><strong>quo</strong></span> 
     </span>
    </p>
   </div>
   <div class='ocr_carea' id='block_1_102' title="bbox 228 4919 1764 5001">
    <p class='ocr_par' dir='ltr' id='par_1_102' title="bbox 228 4919 1764 5001">
     <span class='ocr_line' id='line_1_102' title="bbox 228 4919 1764 5001; baseline 0.01 -31"><span class='ocrx_word' id='word_1_756' title='bbox 228 4919 391 4992; x_wconf 75' lang='grc' dir='ltr'>ιΔῦτη</span> <span class='ocrx_word' id='word_1_757' title='bbox 439 4926 471 4995; x_wconf 76' lang='grc' dir='ltr'>ἡ</span> <span class='ocrx_word' id='word_1_758' title='bbox 517 4926 762 4980; x_wconf 83' lang='grc' dir='ltr'>θάλασσα</span> <span class='ocrx_word' id='word_1_759' title='bbox 796 4927 829 4996; x_wconf 85' lang='grc' dir='ltr'><strong>ἡ</strong></span> <span class='ocrx_word' id='word_1_760' title='bbox 887 4927 1099 4997; x_wconf 84' lang='grc' dir='ltr'>μεγάλη</span> <span class='ocrx_word' id='word_1_761' title='bbox 1134 4928 1227 4981; x_wconf 71' lang='grc' dir='ltr'><strong>καὶ</strong></span> <span class='ocrx_word' id='word_1_762' title='bbox 1261 4929 1589 5001; x_wconf 79' lang='grc' dir='ltr'>εὐρύχωρος,</span> <span class='ocrx_word' id='word_1_763' title='bbox 1621 4950 1640 4983; x_wconf 75' lang='grc' dir='ltr'><strong>ι</strong></span> <span class='ocrx_word' id='word_1_764' title='bbox 1676 4932 1764 4985; x_wconf 70' lang='grc' dir='ltr'>καὶ</span> 
     </span>
    </p>
   </div>
   <div class='ocr_carea' id='block_1_103' title="bbox 1868 4919 3438 5001">
    <p class='ocr_par' dir='ltr' id='par_1_103' title="bbox 1869 4922 3438 4987">
     <span class='ocr_line' id='line_1_103' title="bbox 1869 4922 3438 4987; baseline -0.01 -2"><span class='ocrx_word' id='word_1_765' title='bbox 1869 4931 1936 4985; x_wconf 91' lang='lat' dir='ltr'><strong>de</strong></span> <span class='ocrx_word' id='word_1_766' title='bbox 1963 4937 2017 4984; x_wconf 91' lang='lat' dir='ltr'><strong>et</strong></span> <span class='ocrx_word' id='word_1_767' title='bbox 2058 4928 2147 4982; x_wconf 88' lang='lat' dir='ltr'><strong>illa</strong></span> <span class='ocrx_word' id='word_1_768' title='bbox 2179 4933 2313 4981; x_wconf 88' lang='lat' dir='ltr'><strong>sunt</strong></span> <span class='ocrx_word' id='word_1_769' title='bbox 2342 4924 2565 4979; x_wconf 86' lang='lat' dir='ltr'><strong>Davidis</strong></span> <span class='ocrx_word' id='word_1_770' title='bbox 2594 4943 2606 4977; x_wconf 89' lang='lat'><strong>:</strong></span> <span class='ocrx_word' id='word_1_771' title='bbox 2640 4942 2658 4975; x_wconf 79' lang='grc' dir='ltr'><strong>ι</strong></span> <span class='ocrx_word' id='word_1_772' title='bbox 2726 4922 2841 4977; x_wconf 90' lang='lat' dir='ltr'><strong>Hoc</strong></span> <span class='ocrx_word' id='word_1_773' title='bbox 2884 4936 3035 4977; x_wconf 86' lang='lat' dir='ltr'><strong>mare</strong></span> <span class='ocrx_word' id='word_1_774' title='bbox 3084 4934 3342 4987; x_wconf 80' lang='lat' dir='ltr'><strong>magnum</strong></span> <span class='ocrx_word' id='word_1_775' title='bbox 3386 4924 3438 4971; x_wconf 89' lang='lat' dir='ltr'><strong>et</strong></span> 
     </span>
    </p>
   </div>
   <div class='ocr_carea' id='block_1_104' title="bbox 223 5009 1771 5091">
    <p class='ocr_par' dir='ltr' id='par_1_104' title="bbox 223 5009 1771 5091">
     <span class='ocr_line' id='line_1_104' title="bbox 223 5009 1771 5091; baseline 0.01 -31"><span class='ocrx_word' id='word_1_776' title='bbox 223 5009 280 5062; x_wconf 78' lang='grc' dir='ltr'>τὰ</span> <span class='ocrx_word' id='word_1_777' title='bbox 294 5013 487 5080; x_wconf 88' lang='grc' dir='ltr'>τούτοις</span> <span class='ocrx_word' id='word_1_778' title='bbox 520 5019 782 5087; x_wconf 81' lang='grc' dir='ltr'>ἑπόμενα.</span> <span class='ocrx_word' id='word_1_779' title='bbox 817 5018 973 5071; x_wconf 75' lang='grc' dir='ltr'>Ἐπεὶ</span> <span class='ocrx_word' id='word_1_780' title='bbox 994 5021 1089 5072; x_wconf 75' lang='grc' dir='ltr'><strong>καὶ</strong></span> <span class='ocrx_word' id='word_1_781' title='bbox 1108 5017 1203 5071; x_wconf 89' lang='grc' dir='ltr'><strong>τοῦ</strong></span> <span class='ocrx_word' id='word_1_782' title='bbox 1228 5018 1342 5088; x_wconf 85' lang='grc' dir='ltr'>βίου</span> <span class='ocrx_word' id='word_1_783' title='bbox 1371 5022 1438 5073; x_wconf 88' lang='grc' dir='ltr'>τὰ</span> <span class='ocrx_word' id='word_1_784' title='bbox 1467 5022 1771 5091; x_wconf 83' lang='grc' dir='ltr'>πράγματα</span> 
     </span>
    </p>
   </div>
   <div class='ocr_carea' id='block_1_105' title="bbox 224 5100 1765 5181">
    <p class='ocr_par' dir='ltr' id='par_1_105' title="bbox 224 5100 1765 5181">
     <span class='ocr_line' id='line_1_105' title="bbox 224 5100 1765 5181; baseline 0.01 -32"><span class='ocrx_word' id='word_1_785' title='bbox 224 5100 277 5151; x_wconf 76' lang='grc' dir='ltr'>τὸ</span> <span class='ocrx_word' id='word_1_786' title='bbox 298 5102 626 5177; x_wconf 81' lang='grc' dir='ltr'>ἀστάθμητον</span> <span class='ocrx_word' id='word_1_787' title='bbox 658 5110 872 5179; x_wconf 79' lang='grc' dir='ltr'>ἔχοντα,</span> <span class='ocrx_word' id='word_1_788' title='bbox 905 5110 1019 5164; x_wconf 83' lang='grc' dir='ltr'>ἄνω</span> <span class='ocrx_word' id='word_1_789' title='bbox 1055 5110 1205 5164; x_wconf 80' lang='grc' dir='ltr'>κάτω</span> <span class='ocrx_word' id='word_1_790' title='bbox 1238 5110 1498 5181; x_wconf 88' lang='grc' dir='ltr'>συγχύσει</span> <span class='ocrx_word' id='word_1_791' title='bbox 1534 5114 1765 5165; x_wconf 88' lang='grc' dir='ltr'>κινεῖται</span> 
     </span>
    </p>
   </div>
   <div class='ocr_carea' id='block_1_106' title="bbox 226 5194 1768 5273">
    <p class='ocr_par' dir='ltr' id='par_1_106' title="bbox 226 5194 1768 5273">
     <span class='ocr_line' id='line_1_106' title="bbox 226 5194 1768 5273; baseline 0.016 -29"><span class='ocrx_word' id='word_1_792' title='bbox 226 5194 391 5267; x_wconf 80' lang='grc' dir='ltr'>πολλῇ,</span> <span class='ocrx_word' id='word_1_793' title='bbox 420 5202 484 5270; x_wconf 82' lang='grc' dir='ltr'>ἢν</span> <span class='ocrx_word' id='word_1_794' title='bbox 516 5201 866 5257; x_wconf 81' lang='grc' dir='ltr'>διαπλέουσιν</span> <span class='ocrx_word' id='word_1_795' title='bbox 915 5204 963 5255; x_wconf 82' lang='lat' dir='ltr'><strong>oi</strong></span> <span class='ocrx_word' id='word_1_796' title='bbox 997 5202 1073 5272; x_wconf 83' lang='grc' dir='ltr'>μὴ</span> <span class='ocrx_word' id='word_1_797' title='bbox 1113 5202 1250 5273; x_wconf 80' lang='grc' dir='ltr'>πρὸς</span> <span class='ocrx_word' id='word_1_798' title='bbox 1288 5203 1461 5272; x_wconf 79' lang='grc' dir='ltr'>αὐτῆς</span> <span class='ocrx_word' id='word_1_799' title='bbox 1509 5202 1768 5273; x_wconf 75' lang='grc' dir='ltr'>βαπτιζό-</span> 
     </span>
    </p>
   </div>
   <div class='ocr_carea' id='block_1_107' title="bbox 229 5293 1771 5369">
    <p class='ocr_par' dir='ltr' id='par_1_107' title="bbox 229 5293 1771 5369">
     <span class='ocr_line' id='line_1_107' title="bbox 229 5293 1771 5369; baseline 0.007 -29"><span class='ocrx_word' id='word_1_800' title='bbox 229 5300 379 5354; x_wconf 77' lang='grc' dir='ltr'>μενοι,</span> <span class='ocrx_word' id='word_1_801' title='bbox 401 5293 505 5347; x_wconf 83' lang='grc' dir='ltr'><strong>τῶν</strong></span> <span class='ocrx_word' id='word_1_802' title='bbox 540 5296 595 5349; x_wconf 81' lang='grc' dir='ltr'>δὲ</span> <span class='ocrx_word' id='word_1_803' title='bbox 623 5294 832 5366; x_wconf 88' lang='grc' dir='ltr'>ταύτης</span> <span class='ocrx_word' id='word_1_804' title='bbox 870 5295 1135 5366; x_wconf 82' lang='grc' dir='ltr'>κυμάτων</span> <span class='ocrx_word' id='word_1_805' title='bbox 1185 5297 1637 5369; x_wconf 83' lang='grc' dir='ltr'>ύπερανέχοντες,</span> <span class='ocrx_word' id='word_1_806' title='bbox 1676 5298 1771 5367; x_wconf 80' lang='grc' dir='ltr'>δη-</span> 
     </span>
    </p>
   </div>
   <div class='ocr_carea' id='block_1_108' title="bbox 282 5396 1303 5473">
    <p class='ocr_par' dir='ltr' id='par_1_108' title="bbox 282 5396 1303 5473">
     <span class='ocr_line' id='line_1_108' title="bbox 282 5396 1303 5473; baseline 0.011 -22"><span class='ocrx_word' id='word_1_807' title='bbox 282 5396 323 5430; x_wconf 81' lang='lat'>&quot;</span> <span class='ocrx_word' id='word_1_808' title='bbox 352 5400 528 5459; x_wconf 75' lang='lat' dir='ltr'><strong>Matth.</strong></span> <span class='ocrx_word' id='word_1_809' title='bbox 563 5422 633 5471; x_wconf 84' lang='lat' dir='ltr'><strong>Iv,</strong></span> <span class='ocrx_word' id='word_1_810' title='bbox 663 5407 748 5461; x_wconf 80' lang='grc'><strong>18.</strong></span> <span class='ocrx_word' id='word_1_811' title='bbox 824 5406 869 5440; x_wconf 73' lang='grc'><strong>’⁷⁸</strong></span> <span class='ocrx_word' id='word_1_812' title='bbox 897 5406 937 5461; x_wconf 92' lang='lat' dir='ltr'><strong>ll</strong></span> <span class='ocrx_word' id='word_1_813' title='bbox 966 5407 1092 5462; x_wconf 87' lang='lat' dir='ltr'><strong>Cor.</strong></span> <span class='ocrx_word' id='word_1_814' title='bbox 1124 5426 1179 5473; x_wconf 75' lang='grc' dir='ltr'><strong>γ,</strong></span> <span class='ocrx_word' id='word_1_815' title='bbox 1214 5409 1303 5462; x_wconf 82' lang='lat' dir='ltr'><strong>l7.</strong></span> 
     </span>
    </p>
   </div>
   <div class='ocr_carea' id='block_1_109' title="bbox 225 5473 1688 5543">
    <p class='ocr_par' dir='ltr' id='par_1_109' title="bbox 225 5473 1688 5543">
     <span class='ocr_line' id='line_1_109' title="bbox 225 5473 1688 5543; baseline 0.011 -26"><span class='ocrx_word' id='word_1_816' title='bbox 225 5477 363 5534; x_wconf 71' lang='lat' dir='ltr'><strong>LXXV,</strong></span> <span class='ocrx_word' id='word_1_817' title='bbox 390 5473 442 5525; x_wconf 75' lang='grc'><strong>2.</strong></span> <span class='ocrx_word' id='word_1_818' title='bbox 513 5476 557 5507; x_wconf 82' lang='grc'>⁷⁸</span> <span class='ocrx_word' id='word_1_819' title='bbox 587 5476 731 5532; x_wconf 83' lang='lat' dir='ltr'><strong>Psal.</strong></span> <span class='ocrx_word' id='word_1_820' title='bbox 761 5491 985 5543; x_wconf 72' lang='lat' dir='ltr'><strong>CXLVIII,</strong></span> <span class='ocrx_word' id='word_1_821' title='bbox 1019 5479 1111 5535; x_wconf 74' lang='grc'><strong>15.</strong></span> <span class='ocrx_word' id='word_1_822' title='bbox 1188 5480 1234 5512; x_wconf 75' lang='grc' dir='ltr'><strong>τ’</strong></span> <span class='ocrx_word' id='word_1_823' title='bbox 1268 5477 1417 5535; x_wconf 87' lang='lat' dir='ltr'><strong>Psal.</strong></span> <span class='ocrx_word' id='word_1_824' title='bbox 1450 5494 1568 5543; x_wconf 81' lang='lat' dir='ltr'><strong>cm,</strong></span> <span class='ocrx_word' id='word_1_825' title='bbox 1597 5478 1688 5533; x_wconf 74' lang='grc'><strong>25.</strong></span> 
     </span>
    </p>
   </div>
   <div class='ocr_carea' id='block_1_110' title="bbox 1412 5401 2476 5472">
    <p class='ocr_par' dir='ltr' id='par_1_110' title="bbox 1412 5401 2476 5472">
     <span class='ocr_line' id='line_1_110' title="bbox 1412 5401 2476 5472; baseline -0.008 -9"><span class='ocrx_word' id='word_1_826' title='bbox 1412 5410 1458 5440; x_wconf 79' lang='grc'><strong>’⁵</strong></span> <span class='ocrx_word' id='word_1_827' title='bbox 1487 5407 1643 5462; x_wconf 81' lang='lat' dir='ltr'><strong>Joan.</strong></span> <span class='ocrx_word' id='word_1_828' title='bbox 1676 5424 1748 5472; x_wconf 85' lang='lat' dir='ltr'><strong>vt,</strong></span> <span class='ocrx_word' id='word_1_829' title='bbox 1776 5407 1866 5472; x_wconf 81' lang='lat'><strong>5|,</strong></span> <span class='ocrx_word' id='word_1_830' title='bbox 1907 5406 2007 5470; x_wconf 74' lang='lat'><strong>53;</strong></span> <span class='ocrx_word' id='word_1_831' title='bbox 2053 5401 2221 5459; x_wconf 86' lang='lat' dir='ltr'><strong>lCor.</strong></span> <span class='ocrx_word' id='word_1_832' title='bbox 2257 5418 2313 5468; x_wconf 71' lang='grc' dir='ltr'>ι,</span> <span class='ocrx_word' id='word_1_833' title='bbox 2337 5402 2392 5466; x_wconf 77' lang='lat'><strong>3,</strong></span> <span class='ocrx_word' id='word_1_834' title='bbox 2423 5401 2476 5456; x_wconf 75' lang='grc'><strong>4.</strong></span> 
     </span>
    </p>
   </div>
   <div class='ocr_carea' id='block_1_111' title="bbox 1870 5010 3438 5095">
    <p class='ocr_par' dir='ltr' id='par_1_111' title="bbox 1870 5010 3438 5095">
     <span class='ocr_line' id='line_1_111' title="bbox 1870 5010 3438 5095; baseline -0.011 -16"><span class='ocrx_word' id='word_1_835' title='bbox 1870 5025 2175 5095; x_wconf 83' lang='lat' dir='ltr'><strong>spatiosum</strong></span> <span class='ocrx_word' id='word_1_836' title='bbox 2210 5022 2275 5086; x_wconf 68' lang='grc' dir='ltr'><strong>τυ,</strong></span> <span class='ocrx_word' id='word_1_837' title='bbox 2323 5038 2341 5071; x_wconf 74' lang='grc' dir='ltr'><strong>ι</strong></span> <span class='ocrx_word' id='word_1_838' title='bbox 2377 5027 2685 5086; x_wconf 59' lang='lat' dir='ltr'><strong>ceteraque</strong></span> <span class='ocrx_word' id='word_1_839' title='bbox 2723 5031 2843 5085; x_wconf 66' lang='lat' dir='ltr'><strong>quae</strong></span> <span class='ocrx_word' id='word_1_840' title='bbox 2874 5020 3199 5084; x_wconf 87' lang='lat' dir='ltr'><strong>sequuntur.</strong></span> <span class='ocrx_word' id='word_1_841' title='bbox 3226 5010 3438 5064; x_wconf 74' lang='lat' dir='ltr'><strong>incerta</strong></span> 
     </span>
    </p>
   </div>
   <div class='ocr_carea' id='block_1_112' title="bbox 1870 5102 3434 5177">
    <p class='ocr_par' dir='ltr' id='par_1_112' title="bbox 1870 5102 3434 5177">
     <span class='ocr_line' id='line_1_112' title="bbox 1870 5102 3434 5177; baseline -0.011 -6"><span class='ocrx_word' id='word_1_842' title='bbox 1870 5117 2066 5171; x_wconf 87' lang='lat' dir='ltr'><strong>deinde</strong></span> <span class='ocrx_word' id='word_1_843' title='bbox 2116 5123 2170 5168; x_wconf 89' lang='lat' dir='ltr'><strong>et</strong></span> <span class='ocrx_word' id='word_1_844' title='bbox 2219 5110 2594 5166; x_wconf 86' lang='lat' dir='ltr'><strong>inconstantia</strong></span> <span class='ocrx_word' id='word_1_845' title='bbox 2648 5120 2776 5164; x_wconf 87' lang='lat' dir='ltr'><strong>sunt</strong></span> <span class='ocrx_word' id='word_1_846' title='bbox 2824 5109 2990 5177; x_wconf 89' lang='lat' dir='ltr'><strong>hujus</strong></span> <span class='ocrx_word' id='word_1_847' title='bbox 3046 5106 3169 5160; x_wconf 70' lang='lat' dir='ltr'><strong>vitm</strong></span> <span class='ocrx_word' id='word_1_848' title='bbox 3196 5102 3434 5173; x_wconf 87' lang='lat' dir='ltr'><strong>negotia,</strong></span> 
     </span>
    </p>
   </div>
   <div class='ocr_carea' id='block_1_113' title="bbox 1871 5190 3442 5273">
    <p class='ocr_par' dir='ltr' id='par_1_113' title="bbox 1871 5190 3442 5273">
     <span class='ocr_line' id='line_1_113' title="bbox 1871 5190 3442 5273; baseline -0.011 -13"><span class='ocrx_word' id='word_1_849' title='bbox 1871 5218 2180 5273; x_wconf 85' lang='lat' dir='ltr'><strong>magnaque</strong></span> <span class='ocrx_word' id='word_1_850' title='bbox 2227 5217 2328 5256; x_wconf 90' lang='lat' dir='ltr'><strong>nos</strong></span> <span class='ocrx_word' id='word_1_851' title='bbox 2378 5198 2704 5254; x_wconf 78' lang='lat' dir='ltr'><strong>confusione</strong></span> <span class='ocrx_word' id='word_1_852' title='bbox 2751 5212 2969 5252; x_wconf 89' lang='lat' dir='ltr'><strong>sursum</strong></span> <span class='ocrx_word' id='word_1_853' title='bbox 3011 5196 3268 5250; x_wconf 88' lang='lat' dir='ltr'><strong>deorsum</strong></span> <span class='ocrx_word' id='word_1_854' title='bbox 3329 5190 3442 5258; x_wconf 79' lang='lat' dir='ltr'><strong>agi-</strong></span> 
     </span>
    </p>
   </div>
   <div class='ocr_carea' id='block_1_114' title="bbox 1871 5285 3441 5365">
    <p class='ocr_par' dir='ltr' id='par_1_114' title="bbox 1871 5285 3441 5365">
     <span class='ocr_line' id='line_1_114' title="bbox 1871 5285 3441 5365; baseline -0.01 -15"><span class='ocrx_word' id='word_1_855' title='bbox 1871 5304 2013 5361; x_wconf 88' lang='lat' dir='ltr'><strong>tant,</strong></span> <span class='ocrx_word' id='word_1_856' title='bbox 2042 5294 2241 5365; x_wconf 88' lang='lat' dir='ltr'><strong>quibus</strong></span> <span class='ocrx_word' id='word_1_857' title='bbox 2268 5307 2326 5347; x_wconf 86' lang='lat' dir='ltr'><strong>se</strong></span> <span class='ocrx_word' id='word_1_858' title='bbox 2353 5291 2453 5346; x_wconf 91' lang='lat' dir='ltr'><strong>soli</strong></span> <span class='ocrx_word' id='word_1_859' title='bbox 2480 5291 2779 5362; x_wconf 78' lang='lat' dir='ltr'><strong>explicant,</strong></span> <span class='ocrx_word' id='word_1_860' title='bbox 2814 5290 2907 5359; x_wconf 91' lang='lat' dir='ltr'><strong>qui</strong></span> <span class='ocrx_word' id='word_1_861' title='bbox 2946 5288 3054 5342; x_wconf 91' lang='lat' dir='ltr'><strong>illis</strong></span> <span class='ocrx_word' id='word_1_862' title='bbox 3084 5285 3246 5357; x_wconf 58' lang='lat'><strong>572</strong></span> <span class='ocrx_word' id='word_1_863' title='bbox 3295 5297 3441 5337; x_wconf 90' lang='lat' dir='ltr'><strong>nun-</strong></span> 
     </span>
    </p>
   </div>
   <div class='ocr_carea' id='block_1_115' title="bbox 2626 5390 3435 5461">
    <p class='ocr_par' dir='ltr' id='par_1_115' title="bbox 2626 5390 3435 5461">
     <span class='ocr_line' id='line_1_115' title="bbox 2626 5390 3435 5461; baseline -0.007 -10"><span class='ocrx_word' id='word_1_864' title='bbox 2626 5400 2670 5432; x_wconf 78' lang='lat'><em>&quot;</em></span> <span class='ocrx_word' id='word_1_865' title='bbox 2690 5396 2893 5451; x_wconf 64' lang='lat' dir='ltr'><strong>Matth.</strong></span> <span class='ocrx_word' id='word_1_866' title='bbox 2930 5412 2980 5461; x_wconf 77' lang='grc' dir='ltr'><strong>ν,</strong></span> <span class='ocrx_word' id='word_1_867' title='bbox 3020 5397 3071 5450; x_wconf 71' lang='grc'><strong>4.</strong></span> <span class='ocrx_word' id='word_1_868' title='bbox 3220 5396 3264 5427; x_wconf 82' lang='grc'><strong>⁷⁷</strong></span> <span class='ocrx_word' id='word_1_869' title='bbox 3290 5390 3435 5445; x_wconf 75' lang='lat' dir='ltr'><strong>Psal-</strong></span> 
     </span>
    </p>
   </div>
   <div class='ocr_carea' id='block_1_116' title="bbox 1473 5585 2149 5649">
    <p class='ocr_par' dir='ltr' id='par_1_116' title="bbox 1473 5585 2149 5649">
     <span class='ocr_line' id='line_1_116' title="bbox 1473 5585 2149 5649; baseline -0.006 -4"><span class='ocrx_word' id='word_1_870' title='bbox 1473 5589 1711 5649; x_wconf 70' lang='lat' dir='ltr'><strong>VARUE-</strong></span> <span class='ocrx_word' id='word_1_871' title='bbox 1746 5586 1910 5646; x_wconf 62' lang='grc' dir='ltr'><strong>ωσι</strong></span> <span class='ocrx_word' id='word_1_872' title='bbox 1927 5585 2149 5644; x_wconf 81' lang='lat' dir='ltr'><strong>IONES.</strong></span> 
     </span>
    </p>
   </div>
   <div class='ocr_carea' id='block_1_117' title="bbox 285 5652 825 5730">
    <p class='ocr_par' dir='ltr' id='par_1_117' title="bbox 285 5652 825 5730">
     <span class='ocr_line' id='line_1_117' title="bbox 285 5652 825 5730; baseline 0.017 -27"><span class='ocrx_word' id='word_1_873' title='bbox 285 5657 305 5687; x_wconf 66' lang='grc' dir='ltr'><strong>ε</strong></span> <span class='ocrx_word' id='word_1_874' title='bbox 332 5652 409 5707; x_wconf 74' lang='grc' dir='ltr'><strong>ἴθ’.</strong></span> <span class='ocrx_word' id='word_1_875' title='bbox 444 5658 825 5730; x_wconf 68' lang='grc' dir='ltr'>ἐνετρύιρημεν.</span> 
     </span>
    </p>
   </div>
  </div>
