3978 6374
511 234 646 300 2371

1844 219 2196 284 PROCOPII
2234 217 2478 279 GAZzEl

3629 218 3756 288 2372

512 358 679 415 quam
711 337 956 414 demergi
1015 355 1076 397 se
1103 339 1413 412 patiuntur,
1445 336 1496 394 id
1527 344 1636 402 est,
1665 336 1758 408 qui
1799 334 2096 392 mundanis

2212 334 2333 405 λαδὴ
2353 333 2466 386 τῶν
2510 329 2795 401 κοσμικῶν
2837 331 2975 404 πρός
3013 346 3080 400 γε
3137 331 3252 396 τοῖς
3283 331 3463 396 ἄλλοις
3503 349 3755 403 περισπα.

514 450 574 492 se
604 433 1064 505 occupationibus
1091 446 1204 487 non
1236 430 1552 486 involvunt.
1589 428 1872 498 lntelligas
1909 435 1966 484 et
2011 426 2096 480 in-

514 526 758 581 sularum
784 523 1032 588 nomine,
1065 537 1260 578 eorum
1289 520 1457 576 etiam
1487 519 1723 583 animas,
1752 518 1848 589 qui
1891 516 2096 573 amaris

517 613 1028 685 perturbationibus
1053 620 1180 666 ante
1203 608 1406 665 Christi
1431 610 1723 663 adventum
1747 606 2094 663 iuundaban-

517 714 628 761 tur.
653 705 864 772 Quibus
887 703 1114 773 subiicit
1147 719 1161 757 :
1192 701 1404 756 Laetare
1424 701 1719 766 desertum,
1743 709 1792 755 et
1821 701 1923 754 vici
1945 699 2096 770 ejus;

517 805 615 852 aut
643 795 947 853 secundum
983 794 1146 860 alios,
1197 793 1458 847 civitates.
1511 789 1716 846 Multas
1746 789 2017 860 siquidem
2044 787 2098 841 in

519 889 769 944 Ecclesia
809 887 906 942 Dei
965 885 1236 952 ciuitates,
1275 899 1376 955 pro
1428 883 1582 938 varia
1627 897 1819 937 earum
1864 879 2104 935 admini—

521 979 736 1036 strandi
764 977 1107 1048 regendique
1137 978 1374 1041 ratione,
1408 974 1672 1045 reperias.
1697 974 1930 1042 Ideoque
1959 982 2013 1028 et
2043 971 2100 1026 in

518 1068 740 1142 Egypti
759 1069 993 1136 visione,
1017 1067 1268 1138 quinque
1310 1067 1550 1120 civitates
1588 1065 1644 1120 in
1683 1062 1945 1134 Aigypto,
1976 1076 2098 1132 quae

518 1161 700 1230 lingua
723 1158 1032 1214 Chananaea
1074 1164 1386 1220 uterentur,
1429 1154 1551 1210 fore
1589 1152 1939 1224 prmdixerat.
1978 1151 2101 1207 Non

517 1252 720 1308 desunt
743 1257 952 1314 tamen,
1008 1248 1104 1318 qui
1139 1247 1333 1302 deserti
1381 1246 1624 1301 civitates
1647 1259 1742 1301 eas
1781 1259 1906 1300 esse
1957 1243 2106 1297 arbi-

519 1350 756 1408 trantur,
821 1355 961 1411 quas
1012 1339 1130 1394 suis
1176 1337 1493 1392 nominibus
1557 1334 1734 1391 Cedar
1800 1344 1857 1389 et
1882 1331 2101 1387 Petram

518 1440 856 1504 nuncupat:
914 1445 1151 1502 quarum
1214 1430 1308 1484 illa
1363 1426 1822 1491 Sarracenorum,
1855 1432 2104 1480 extremo

519 1541 687 1596 supra
725 1524 986 1580 Arabiam
1042 1524 1248 1578 deserto
1306 1522 1412 1577 sita
1457 1530 1562 1586 est,
1632 1523 1748 1574 haec
1807 1528 1990 1573 autem
2050 1517 2105 1572 in

518 1615 808 1670 Palaestina
869 1614 1112 1683 regione,
1179 1611 1449 1684 impietati
1493 1619 1549 1666 et
1601 1608 1976 1680 superstitioiii
2013 1607 2108 1662 ad-

519 1709 846 1764 dictissima.
913 1706 1160 1773 Quarum
1225 1707 1527 1770 mentione,
1581 1710 1840 1772 tanquam
1903 1699 2110 1755 Judzeis

520 1809 666 1854 notae
733 1798 865 1864 sint,
939 1798 1007 1854 ad
1059 1805 1340 1853 extremos
1405 1809 1586 1866 usque
1654 1804 1808 1849 terra
1897 1793 2110 1848 incolas

519 1889 687 1946 etiam
733 1891 1044 1946 idololatria
1107 1891 1347 1944 maxime
1400 1888 1740 1951 laborantes,
1793 1892 2111 1941 manantem

521 1996 590 2036 ex
651 1982 822 2037 verbo
913 1981 1165 2036 latitiam
1223 1987 1614 2051 perventuram
1693 1992 1818 2036 esse
1897 1976 2112 2048 signiﬁ-

521 2081 630 2129 cat.
673 2072 750 2127 Ex
785 2073 1021 2142 singulis
1061 2071 1208 2128 enim
1267 2072 1600 2142 quibusdam
1663 2081 1719 2127 et
1764 2070 2111 2127 auditoribus

523 2165 750 2220 minime
784 2165 1013 2236 ignotis,
1045 2165 1114 2219 ad
1142 2175 1334 2236 gentes
1367 2165 1660 2219 universas
1711 2173 2110 2233 perventuram

523 2274 650 2314 esse
686 2257 780 2312 Dei
814 2258 1189 2328 cognitionem
1217 2258 1582 2314 demonstrat.
1616 2255 1844 2321 Deinde,
1868 2263 1925 2312 et
1967 2256 2108 2326 apud

523 2362 620 2404 eos
640 2347 829 2412 etiam,
853 2362 1090 2417 quorum
1118 2347 1385 2411 meminit,
1415 2346 1626 2402 Christi
1660 2347 1938 2402 Ecclesias
1962 2362 2108 2414 esse,

525 2440 671 2496 sicut
698 2438 1026 2520 praedictum
1058 2446 1200 2502 erat,
1250 2452 1412 2494 uerno
1467 2452 1581 2494 non
1635 2438 1807 2493 videt.
1840 2438 2004 2494 Dicas
2055 2446 2104 2493 et

528 2532 824 2598 Ecclesias,
877 2544 1001 2600 qua;
1055 2530 1149 2585 Dei
1182 2529 1499 2600 COgnitione
1550 2528 1828 2598 quondam
1881 2529 2111 2599 privatae

527 2617 770 2683 fuerant,
808 2617 1001 2673 deserti
1042 2631 1265 2672 nomine
1290 2657 1304 2683 ,
1355 2632 1656 2686 earumque
1709 2618 2111 2687 ignorationem

526 2725 626 2781 per
665 2709 840 2766 Cedar
896 2710 1046 2780 (quo
1085 2709 1254 2764 verbo
1289 2710 1528 2766 tenebrae
1557 2709 1981 2780 signiﬁcantur)
2011 2709 2111 2765 de-

527 2801 874 2857 monstrari:
907 2801 1112 2872 quibus
1155 2800 1293 2870 jam,
1343 2800 1473 2870 quia
1531 2801 1800 2856 illustrari
1854 2801 2109 2867 debeant,

527 2892 822 2948 annuntiat
851 2892 1040 2957 simul,
1075 2900 1134 2947 et
1155 2892 1318 2946 docet
1352 2890 1472 2946 fore
1499 2900 1586 2958 ut,
1623 2891 1932 2962 appellente
1985 2890 2110 2946 Sal-

2197 426 2376 496 σμῶν.
2404 423 2597 488 Εἶποις
2640 424 2687 478 δ’
2719 424 2785 478 ἂν
2815 421 3072 490 νήσους,
3107 422 3202 477 καὶ
3231 423 3328 488 τὰς
3369 424 3478 494 πρὸ
3505 424 3600 495 τῆς
3639 429 3757 500 Χρι.

2198 517 2326 572 στοῦ
2361 515 2668 588 παρουσίας
2703 515 2934 570 πάθεσιν
2975 515 3243 586 ἁλμυροῖς
3282 515 3758 586 κατακλυζομέναᾱ

2197 610 2398 682 ψυχάς.
2439 610 2553 678 Ἐφ’
2575 605 2656 672 οἷς
2680 625 2845 679 φησιν
2864 623 2878 640 ’
2907 606 3310 676 Εὐφράνθητι,
3339 607 3578 677 ἕρημος,
3607 611 3762 668 καὶαι

2199 702 2388 774 κῶμαι
2447 701 2679 771 αὐτῆς,
2729 701 2764 772 ἢ
2819 701 2962 755 κατά
2985 702 3112 764 τοὺς
3141 701 3386 766 λοιποὺς,
3441 704 3503 754 al
3553 703 3758 770 πόλεις.

2202 795 2406 849 Πολλαὶ
2432 793 2543 865 γὰρ
2602 793 2815 860 πόλεις
2850 795 2910 846 ἐν
2961 791 3262 863 Ἐκκλησία
3311 791 3474 854 Θεοῦ,
3516 793 3650 847 κατὰ
3678 795 3762 860 τὰς

2202 885 2492 957 διαφόρους
2515 883 2820 950 πολιτείας,
2858 883 3228 938 ἐπινοοῦνται.
3279 884 3374 936 Διὸ
3421 885 3524 937 κάν
3567 887 3632 954 τῇ
3677 886 3762 954 τῆς

2202 977 2484 1046 Αἰγύπτου
2513 978 2728 1048 ὁράσει,
2763 976 2926 1028 πέντε
2963 976 3177 1041 πόλεις
3207 974 3396 1043 ἔλεγεν
3445 975 3505 1026 ἐν
3528 975 3766 1046 Αἰγύπτῳ

2203 1069 2535 1139 γενήσεσθαι
2559 1067 2828 1131 λαλούσας
2855 1066 3072 1137 γλώττῃ
3097 1067 3165 1136 τῇ
3186 1065 3526 1119 Χανανίτιδι.
3549 1064 3694 1128 Τινὲς
3718 1065 3766 1118 δὲ

2204 1163 2418 1227 πόλεις
2477 1158 2705 1230 ἐρήμου
2755 1159 2892 1228 φασὶ
2946 1159 3046 1223 τὰς
3095 1157 3532 1228 ἐπιφερομένας,
3578 1155 3672 1226 τήν
3715 1173 3767 1208 τε

2204 1251 2409 1321 Κηδὰρ
2439 1253 2534 1306 καὶ
2559 1253 2657 1323 τὴν
2687 1252 2938 1320 Πέτραν.
2969 1244 3072 1303 Ὧν
3109 1251 3143 1320 ή
3177 1251 3276 1320 μὲν
3311 1248 3506 1318 Κηδάρ
3533 1248 3769 1319 2:19am,-

2209 1344 2316 1398 νῶν
2342 1345 2500 1408 πόλις
2549 1343 2809 1398 ἐπέκεινα
2841 1344 2942 1413 τῆς
2981 1339 3243 1412 Ἀραῦίας
3289 1339 3385 1393 ἐπὶ
3411 1339 3515 1408 τῆς
3556 1338 3770 1408 ἐσχάτης

2209 1435 2459 1507 ἐρήμου.
2491 1437 2673 1506 Πέτρα
2695 1435 2753 1488 δὲ
2787 1433 3325 1504 δεισιδαιμονεστάτη
3357 1429 3516 1494 πόλις
3539 1433 3631 1501 τῆς
3673 1433 3772 1484 [ια-

2210 1527 2494 1594 λαιστίνης
2519 1541 2532 1556 ⁸
2567 1524 2635 1578 δι’
2667 1517 2743 1578 ὧν
2777 1523 3073 1594 γνωρίμων
3103 1521 3280 1575 οὐσῶν
3320 1519 3616 1583 Ἰουδαίοις,
3644 1521 3774 1589 δηλοῖ

2214 1619 2311 1672 καὶ
2335 1620 2417 1682 είς
2461 1620 2588 1681 τοὺς
2617 1617 2685 1671 τὰ
2717 1615 2924 1685 ἔσχατα
2956 1611 3351 1676 κατοικοῦντας
3378 1611 3490 1680 τῆς
3520 1611 3630 1681 γῆς
3655 1614 3775 1682 φθάο

2216 1728 2332 1766 σειν
2381 1709 2482 1781 τὴν
2529 1709 2923 1779 εὐφροσύνην
2969 1705 3069 1776 τὴν
3125 1703 3352 1775 λογικὴν
3398 1705 3495 1758 καὶ
3546 1708 3622 1768 εις
3665 1707 3777 1768 τοὺς

2212 1803 2456 1874 ἐσχάτην
2504 1799 2950 1870 εἰδωλολατρείαν
3001 1797 3362 1868 νοσήσαντας.
3405 1797 3505 1850 Διά
3558 1797 3777 1867 μερικῶν

2214 1897 2326 1967 γάρ
2355 1911 2516 1949 τινων
2556 1897 2590 1964 ἡ
2642 1891 2836 1964 Γραφὴ
2865 1889 2964 1946 καὶ
3007 1892 3123 1955 τοῖς
3158 1891 3464 1962 ἀκροαταῖς
3508 1889 3777 1960 γνωρίμων

2213 1989 2316 2059 τῆς
2352 1987 2534 2057 πάσης
2554 1986 2660 2056 γῆς
2688 1986 2787 2054 τὴν
2819 1982 3148 2052 θεογνωσίαν
3181 1981 3540 2052 παρίστησιν.
3566 1981 3710 2034 Ἔστι
3728 1981 3778 2035 δέ

2214 2077 2310 2131 νῦν
2355 2077 2484 2130 ἰδεῖν
2539 2075 2616 2138 ὡς
2663 2075 2760 2128 καὶ
2801 2072 2956 2145 παρὰ
3008 2075 3122 2136 τοῖς
3179 2071 3501 2144 εἰρημένοις
3562 2071 3778 2140 Χριστοῦ

2213 2168 2578 2238 τυγχάνουσιν
2607 2164 2935 2235 Ἐκκλησίαι
2958 2163 3104 2219 κατὰ
3129 2163 3229 2234 τὴν
3253 2161 3779 2235 πρόρῤησιν.Ἐῑποις

2213 2257 2258 2311 δ’
2289 2257 2357 2310 ἂν
2387 2257 2482 2310 καὶ
2506 2256 2604 2319 τὰς
2624 2255 2805 2325 ψυχὰς
2834 2255 2934 2317 τάς
2960 2252 3340 2324 ἐστερημένας
3367 2253 3540 2305 πάλαι
3571 2252 3779 2320 θεογνω·

2217 2347 2338 2408 σίας
2365 2346 2589 2417 ἔρημον
2617 2345 2894 2415 λέγεσθαι,
2917 2340 2993 2399 ὧν
3014 2346 3114 2415 τὴν
3143 2345 3374 2413 ἄγνοιαν
3405 2345 3724 2414 παρίστησιν
3747 2345 3776 2414 ἡ

2214 2438 2418 2507 Κηδὰρ
2476 2437 2785 2508 σκοτασμδς
2855 2437 3294 2509 ἐρμηνευομένη.
3343 2438 3445 2499 “Ac;
3507 2436 3582 2499 ὡς
3630 2452 3781 2504 φωτι-

2219 2529 2568 2600 σθησομένας
2600 2528 3035 2598 εὐαγγελίζεται,
3073 2528 3210 2599 ὁμοῦ
3247 2528 3343 2582 καὶ
3389 2527 3674 2586 διδάσκων.
3713 2525 3779 2589 ὡς

2216 2623 2274 2676 αἱ
2307 2622 2446 2694 πρὸς
2475 2621 2576 2693 τὴν
2621 2620 2928 2692 παρουσίαν
2957 2621 3382 2691 ἀπομαχόμεναι
3425 2619 3520 2673 τοῦ
3552 2619 3780 2690 Σωτῆρος

2213 2712 2408 2782 ψυχαὶ,
2448 2712 2509 2766 τὸ
2529 2713 2667 2784 πρὸς
2697 2713 2860 2766 αὑτὸν
2895 2712 3063 2776 σέὸας
3100 2713 3556 2783 ὁμολογήσουσιν.
3588 2708 3782 2781 Χωρίον

2214 2803 2324 2873 γὰρ
2352 2805 2385 2874 ἡ
2417 2804 2620 2874 Κηδὰρ
2647 2803 2742 2858 τοῦ
2764 2803 2954 2872 γένους
2989 2803 3162 2858 Ἠσαῦ
3187 2803 3281 2857 τοῦ
3309 2803 3710 2864 διατελέσαντος
3731 2804 3781 2854 ἐν

2215 2894 2439 2964 πολέμῳ
2485 2895 2624 2967 πρὸς
2665 2893 3046 2966 Ἰερουσαλὴμ,
3102 2895 3197 2949 καὶ
3246 2895 3341 2949 τὸν
3391 2895 3558 2964 νόμον
3601 2895 3688 2946 τὸν
3731 2893 3782 2945 ἐν

526 2991 738 3048 vatore,
766 2998 889 3053 quae
914 2982 1076 3036 victae
1105 2991 1263 3036 antea
1298 2978 1696 3050 debellatasque
1746 2979 1967 3035 fuerant
1990 2979 2107 3034 ani-

2217 2987 2379 3057 αὒτῇ.
2413 2988 2523 3040 Καὶ
2555 2986 2732 3050 ἄλλως
2762 2986 2839 3050 δὲ,
2883 2988 2932 3040 οἱ
2969 2986 3402 3053 κατοικοῦντες
3426 2985 3652 3053 Πέτραν
3694 2985 3780 3038 εὐ·

526 3091 650 3142 mae,
686 3076 931 3144 ejusdem
965 3074 1174 3130 cultum
1235 3088 1431 3130 rursus
1465 3073 1867 3143 amplectantur
1893 3079 1949 3128 et
1974 3086 2116 3141 pree-

527 3167 733 3224 dicent.
765 3165 892 3222 Fuit
919 3167 1069 3222 enim
1106 3164 1282 3222 Cedar
1316 3174 1668 3236 posterorum
1732 3162 1878 3219 Esau
1928 3165 2111 3231 sedes,

527 3258 624 3329 qui
667 3256 763 3312 diu
811 3255 1082 3312 adversus
1136 3253 1445 3310 Jerusalem
1498 3263 1552 3309 et
1599 3254 1774 3323 legem
1826 3252 2013 3308 hostes
2053 3267 2114 3308 se

528 3351 905 3422 praebuerunt.
939 3347 1092 3404 Alias
1135 3360 1268 3402 vero
1298 3345 1630 3400 letabunlur
1662 3354 1718 3399 et
1751 3345 1846 3415 qui
1896 3343 2111 3400 Petram

529 3444 703 3515 ipsam
740 3441 1009 3505 incolunt;
1045 3455 1158 3511 quo
1206 3440 1430 3494 nomine
1473 3438 1731 3494 Christus
1781 3439 2108 3508 appellatur.

529 3535 816 3608 Significat
839 3543 1022 3590 autem
1060 3533 1377 3604 praemissos
1402 3547 1620 3597 omnes,
1650 3539 1912 3601 tanquam
1938 3531 2033 3601 qui
2057 3531 2114 3585 in

529 3627 791 3680 montium
831 3623 927 3680 Dei
961 3623 1241 3679 verticibus
1294 3621 1558 3689 habitent,
1606 3621 1660 3676 id
1705 3631 1811 3689 est,
1859 3622 2112 3678 oraculo-

529 3733 652 3772 rum
685 3718 807 3787 ejus
842 3717 1188 3772 altitudinem
1237 3725 1630 3786 assequantur,
1683 3716 1948 3788 hymnum
2002 3718 2114 3774 Deo

529 3825 654 3867 esse
701 3810 1023 3876 oblaturos;
1067 3808 1225 3878 juxta
1279 3807 1415 3862 illud
1449 3825 1462 3861 :
1505 3825 1524 3858 ι
1565 3807 1626 3862 In
1659 3817 1900 3863 montem
1935 3811 2116 3866 excel-

2217 3075 2697 3146 φρανθήσονται.
2746 3077 2812 3130 Ἡ
2864 3077 2921 3131 δὲ
2951 3076 3128 3148 πέτρα
3171 3072 3240 3147 ἦν
3283 3077 3315 3128 ὁ
3363 3076 3620 3147 Χριστός.
3661 3074 3782 3145 Περὶ

2218 3169 2439 3223 πάντων
2495 3168 2555 3223 δὲ
2605 3168 2716 3222 τῶν
2771 3167 3079 3240 εἰρημένων
3120 3169 3324 3238 φησιν,
3380 3169 3461 3232 ὼς
3513 3168 3583 3220 ἐν
3633 3166 3782 3236 ὄρεσι

2216 3260 2474 3327 στάντες
2522 3261 2633 3316 τῶν
2660 3261 2755 3316 τοῦ
2803 3259 2964 3326 Θεοῦ,
3006 3260 3252 3332 δηλονότι
3312 3261 3536 3328 λογίων,
3585 3260 3641 3315 ἐν
3673 3260 3782 3330 ὕψει

2216 3355 2599 3424 προσοίσουσιν
2651 3354 2849 3423 ὕμνον
2879 3353 3076 3432 αὐτῷ,
3127 3355 3268 3408 κατὰ
3316 3355 3412 3409 τό·
3465 3371 3484 3405 ι
3521 3354 3634 3408 Ἐπ’
3671 3353 3781 3424 θρος

2218 3445 2420 3516 ὑψηλὸν
2438 3446 2695 3517 ἀνάϐηθι,
2733 3449 2762 3500 ὁ
2785 3437 3280 3517 εὐαγγελιζόμενος
3311 3447 3474 3501 Σιών.
3510 3465 3530 3498 s
3557 3446 3660 3500 Kal.
3687 3444 3781 3510 τὰς

2215 3537 2433 3608 ἀρετὰς
2461 3540 2518 3594 δὲ
2547 3540 2715 3594 αὐτοῦ
2746 3542 2806 3594 ἐν
2845 3543 2965 3605 ταῖς
3011 3539 3420 3610 δεδηλωμέναις
3456 3538 3664 3605 νήσοις
3691 3537 3782 3606 ἀγ·

2215 3632 2416 3702 τελεῖν
2439 3649 2608 3704 φησιν
2632 3649 2648 3666 ο
2688 3633 2828 3704 ὅπερ
2866 3631 3088 3687 ἐποίουν
3127 3634 3177 3685 οἱ
3221 3631 3485 3702 μαθηταὶ,
3529 3629 3655 3684 ποτὲ
3695 3627 3782 3699 μὲν

2214 3724 2380 3778 αὑτοῦ
2415 3725 2515 3796 τὴν
2561 3725 2937 3799 ὑπερκόσμιον
2962 3725 3251 3797 δηλοῦντες
3284 3724 3518 3796 θεότητα
3538 3761 3554 3788 ,
3586 3720 3705 3775 ποτέ
3732 3719 3782 3772 δὶ

2213 3816 2313 3880 τὰς
2344 3817 2626 3881 θεοσεϐίας
2647 3817 3026 3886 ἀγγέλλοντες.

531 3919 654 3958 sum
686 3903 944 3968 ascende,
986 3902 1081 3972 qui
1120 3900 1467 3972 evangelizas
1501 3899 1638 3955 Sion
1665 3901 1734 3954 ⁸ο.
1758 3920 1795 3977 Ι»
1846 3902 1928 3956 Ad
1984 3903 2112 3972 hoc,
2153 3910 2372 3966 virtutes
2399 3912 2542 3982 ejus.
2569 3910 2625 3965 lu
2649 3911 2929 3982 praedictis
2954 3909 3118 3982 5.73
3194 3910 3390 3966 insulis
3461 3909 3780 3964 nuntiatum

531 4010 654 4050 esse
683 3993 1058 4064 dicit,qualia
1081 3990 1816 4061 constatadiscipulisesse
1839 3991 2110 4063 factitata,
2185 4000 2316 4054 dum
2386 4003 2582 4072 partim
2629 4001 2854 4073 quidem
2906 4001 3084 4071 ipsius
3139 4001 3486 4058 divinitatem
3539 3999 3779 4055 mundum

531 4102 885 4157 exsuperare,
913 4086 1110 4157 partim
1147 4094 1326 4141 autem
1358 4099 1516 4141 veras
1557 4085 1654 4142 Dei
1703 4087 1926 4143 colendi
1968 4089 2116 4162 leges
2147 4095 2411 4152 exsistere
2441 4097 2620 4168 palam
2649 4096 3063 4168 proﬁterentur.

606 4181 986 4251 Deinde,quia
1017 4178 1219 4234 ﬁducia
1272 4187 1327 4235 et
1366 4179 1627 4237 libertate
1682 4181 1924 4236 maxima
1965 4183 2033 4238 ad
2064 4183 2107 4239 id

2289 4190 2402 4243 Καὶ
2423 4188 2612 4260 ἐπειδὴ
2639 4190 2927 4262 παρρησίᾳ
2971 4189 3140 4260 πολλῇ
3191 4187 3321 4259 περὶ
3343 4188 3536 4262 τοῦτου
3583 4189 3782 4260 χρωμέ·

532 4272 817 4327 utentibus
845 4286 955 4326 non
987 4279 1144 4325 erant
1192 4269 1462 4336 defuturi,
1506 4285 1536 4325 a
1575 4270 1778 4340 quibus
1837 4287 2107 4345 oppugna-

2220 4299 2330 4346 νοις
2363 4281 2597 4352 ἤμελλον
2625 4283 3000 4354 ἐπαναστῆναι
3029 4281 3242 4348 πολλοὶ,
3270 4281 3364 4334 καὶ
3397 4283 3448 4334 oi
3481 4281 3570 4335 διὰ
3596 4281 3782 4335 τούτων

533 4372 767 4430 rentur;
805 4363 922 4419 sive
957 4361 1010 4415 id
1045 4377 1144 4417 sua
1177 4371 1401 4432 sponte,
1443 4362 1562 4416 sive
1591 4363 1903 4418 daemonum
1955 4379 2107 4436 oper:

2221 4375 2614 4443 ἐνεργήσαντες
2651 4373 2924 4444 δαίμονες,
2957 4373 3036 4437 ὡς
3081 4373 3146 4444 δὴ
3197 4373 3570 4445 σαλευομένης
3615 4373 3781 4434 αὐτοῖς

535 4458 748 4512 incitati
805 4456 1076 4519 facerent,
1133 4461 1398 4524 tanquam
1443 4469 1718 4510 concusso
1751 4465 1803 4512 et
1832 4467 2027 4514 ruente
2058 4459 2107 4512 il-

2221 4466 2321 4535 τῆς
2348 4465 2550 4536 ἀρχῆς,
2611 4464 2924 4528 ἀναλῶτους
2966 4464 3168 4528 αὐτοὺς
3213 4452 3584 4536 προαγορεύει
3637 4463 3777 4532 γενήο

533 4551 712 4605 lorum
749 4547 1004 4617 imperio,
1027 4545 1269 4611 eosdem,
1301 4545 1414 4601 Deo
1451 4547 1760 4617 opitulante
1807 4557 1863 4604 et
1908 4565 2107 4620 propu-

2225 4558 2437 4622 σεσθαι,
2463 4556 2940 4629 προπολεμοῦντος
2987 4555 3167 4610 αὐτῶν
3195 4557 3290 4609 τοῦ
3350 4555 3509 4610 Θεοῦ.
3556 4553 3781 4620 Ἐξελεύο

534 4650 760 4715 gnante,
791 4653 1077 4710 nunquam
1107 4638 1414 4708 expugnari
1438 4652 1602 4706 posse
1635 4639 1904 4709 praedicit.
1935 4641 2107 4696 Exibit

2223 4667 2376 4704 σεται
2400 4650 2476 4715 δὲ,
2503 4651 2690 4721 φησιν,
2722 4649 2799 4713 ὡς
2842 4650 2936 4702 ἐπὶ
2971 4647 3237 4719 βασιλέως
3266 4649 3541 4715 ἐξιόντος
3579 4650 3663 4714 είς
3687 4648 3782 4700 πό·

536 4736 683 4791 enim
729 4743 994 4803 tanquam
1039 4745 1160 4797 rex,
1193 4730 1285 4800 qui
1323 4729 1593 4799 egreditur
1649 4730 1719 4783 ad
1758 4731 1972 4786 bellum.
2005 4732 2107 4788 lnu

2218 4747 2427 4813 λεμον.
2471 4740 2771 4810 Ἐπετερεῖ
2818 4740 2876 4794 δὲ
2931 4739 3139 4808 ζῆλον,
3200 4741 3234 4812 ἢ
3283 4740 3374 4795 τον
3418 4741 3552 4810 παρ’
3605 4737 3777 4795 ἑαυτοῦ

538 4824 820 4882 εαεσίιαὺίι
871 4823 1083 4888 zelum;
1116 4831 1213 4877 aut
1274 4836 1401 4877 eum
1455 4821 1692 4887 scilicet,
1743 4824 1837 4892 qui
1868 4840 1898 4878 a
1929 4840 1988 4881 se
2017 4836 2107 4891 est,

2217 4835 2340 4888 κατ’
2369 4832 2580 4904 ἐχθρῶν
2607 4831 2870 4885 τοιοῦτον·
2895 4831 3006 4903 γὰρ
3027 4831 3185 4904 παρὰ
3209 4832 3456 4904 Ζαχαρίᾳ
3480 4832 3571 4899 τὸ,
3605 4851 3624 4884 ι
3644 4831 3780 4902 Ἐζή-

538 4919 808 4974 adversus
863 4915 1053 4971 hostes
1099 4933 1114 4969 :
1179 4913 1343 4984 quale
1405 4913 1540 4967 illud
1599 4922 1688 4969 est
1739 4918 1882 4986 apud
1914 4917 2122 4973 Zacha-

540 5010 678 5064 riam
708 5025 724 5062 :
757 5025 776 5059 ι
814 5005 1000 5062 Zelavi
1024 5005 1292 5062 adversus
1331 5003 1638 5060 Jerusalem
1667 5013 1724 5062 et
1755 5007 1907 5075 Sion,
1941 5012 2117 5066 zelum

542 5111 802 5168 magnum
870 5095 940 5148 ⁸³.
989 5112 1008 5146 ι
1063 5098 1177 5148 Aut
1229 5107 1326 5149 eos
1387 5095 1666 5165 profecto,
1699 5098 1872 5166 quiin
1905 5100 2111 5170 ipsum,

540 5203 725 5244 amore
758 5193 1086 5242 exaestuant.
1125 5183 1315 5252 Qualis
1347 5191 1466 5239 erat
1482 5188 1798 5256 Apostolus,
1821 5191 1913 5259 qui
1939 5191 2068 5248 dicit
2096 5212 2109 5247 :

545 5298 566 5332 ι
597 5279 735 5347 Quis
777 5293 880 5334 nos
933 5275 1209 5349 separabit
1245 5290 1276 5330 a
1301 5275 1597 5333 dilectione
1635 5278 1838 5336 Christi
1867 5282 1965 5336 ﬂ?
1999 5301 2017 5334 ι
2049 5285 2113 5339 Et

2219 4926 2372 4979 λωκα
2393 4926 2493 4995 τὴν
2529 4923 2910 4994 Ἰερουσαλὴμ,
2944 4924 3037 4976 καὶ
3066 4925 3165 4994 τὴν
3191 4924 3332 4978 Σιὼν
3363 4923 3522 4991 ζῆλον
3552 4925 3733 4996 μέγαν,
3758 4941 3774 4974 ι

2227 5017 2260 5087 ἢ
2289 5017 2418 5078 τοὺς
2448 5014 2588 5086 ὑπὲρ
2629 5015 2796 5068 αὐτοῦ
2827 5014 3210 5086 ζηλῶσοντας,
3240 5017 3425 5080 ὁποῖος
3453 5011 3521 5088 ἦν
3553 5016 3582 5068 ὁ
3625 5014 3779 5081 λέγων

2238 5105 2565 5170 Ἀπόστολος
2589 5123 2603 5136 ο
2642 5126 2662 5159 ι
2695 5107 2792 5170 Τίς
2840 5107 2990 5178 ἡμᾶς
3022 5108 3250 5179 χωρίσει
3297 5108 3407 5162 ἀπὸ
3453 5108 3553 5178 τῆς
3583 5107 3778 5175 ἀγάπης

2223 5199 2316 5251 τοῦ
2351 5199 2624 5269 Χριστοῦ;
2669 5218 2688 5250 ι
2725 5199 2833 5254 Καὶ
2871 5199 3057 5254 πάλινο
3097 5218 3116 5252 ι
3140 5198 3298 5270 Ἐμοὶ
3320 5199 3430 5270 γὰρ
3474 5199 3570 5252 καὶ
3594 5197 3651 5249 τὸ
3693 5196 3778 5265 ζῇν

2223 5289 2479 5360 Χριστος,
2510 5292 2606 5344 καὶ
2635 5291 2696 5344 τὸ
2725 5291 3020 5345 ἀποθανεῖν
3051 5290 3262 5363 κέρδος.
3301 5308 3320 5341 ι
3343 5286 3587 5360 Ζηλωταί
3613 5287 3667 5341 δὲ
3697 5284 3778 5340 καὶ

611 5457 660 5493 ⁸⁸
696 5459 800 5517 lsa.
836 5476 924 5528 XL,
967 5462 1020 5518 9.
1099 5465 1142 5496 ⁸⁸
1178 5463 1347 5522 Zaclt.
1382 5482 1496 5521 \‘Ill.
1522 5467 1577 5522 2.
1653 5467 1700 5499 ⁸⁸
1734 5469 1891 5524 Rom.
1932 5485 2046 5535 \‘lll,
2078 5471 2107 5524 5

2243 5471 2290 5504 ⁸³
2316 5471 2554 5547 Philipp.
2591 5494 2628 5547 ι,
2667 5476 2757 5534 21,

1839 5590 1922 5645 VA
1935 5589 2069 5647 ΒΙᾸΞ
2103 5592 2510 5651 LECTIONES.

611 5651 636 5692 δ
670 5670 729 5724 τί
743 5691 756 5705 .
785 5651 1285 5725 κατακλυζομενας.
