3978 6374
242 254 381 323 2373

1371 254 1910 317 COMMENTARII
1950 256 2033 317 IN
2074 255 2363 315 ISAIAM.

3342 252 3485 319 2374

238 380 283 429 ut
310 376 447 429 θεῖοι
489 374 747 442 γεγόνασι
781 373 1075 444 μάρτυρες.
1118 372 1176 426 '0
1208 372 1264 425 δὲ
1316 372 1497 440 ζῆλος
1542 374 1602 426 οὐ
1634 372 1807 435 πάθος

1918 386 2145 427 rursus:
2173 389 2191 422 ι
2221 370 2352 424 Mihi
2378 369 2524 425 enim
2558 378 2612 424 et
2638 367 2821 425 vivere
2848 368 3107 427 Christus
3140 376 3248 439 est,
3274 379 3329 427 et
3348 376 3489 428 mnri

237 465 391 525 Θεοῦ,
422 466 517 517 ἐπὶ
556 464 611 516 δὲ
662 465 789 525 τοὺς
828 463 1223 534 ἡμαρτηκότας
1254 463 1555 532 ἐκδίκησις.
1597 462 1687 526 Ὠς
1717 462 1812 515 ἐπὶ

240 553 538 624 πολεμικοῦ
563 554 618 609 δὲ
644 552 981 623 ἀλαλαγμοῦ,
1007 553 1182 607 καὶτὸ
1210 553 1506 621 βοήσεται
1544 553 1643 607 ἐπὶ
1670 554 1813 620 τοὺς

237 643 491 713 ἐχθροὺς
518 644 842 714 ἐπενήνοχεν
862 658 875 672 ·
911 642 941 695 ὃ
960 642 1025 713 δὴ
1052 641 1297 696 ποιοῦσιν
1318 642 1352 712 ἢ
1388 642 1809 711 συμϐάλλοντες,

236 734 268 801 ἢ
314 733 750 805 κατορχούμενοι
794 733 904 787 τῶν
935 732 1275 805 ἡττημένων.
1317 728 1455 788 Εῖτα
1486 734 1583 806 τὴν
1611 735 1812 805 πολλὴν

237 825 327 876 ἐπὶ
348 827 465 887 τοῖς
506 825 716 879 ἔθνεσιν
738 823 1188 895 είδωλολατροῦσι
1222 825 1606 897 μακροθυμίαν
1638 827 1812 896 δηλῶν

237 917 566 987 ἐπενήνοχεν
586 933 600 947 ⁸
648 917 1016 985 Ἐσιώπησα,
1042 919 1129 987 μὴ
1154 922 1251 974 καὶ
1275 922 1366 975 del
1396 923 1812 991 σιωπήσομαι;

243 1005 441 1057 Ἤθελε
482 1006 581 1075 μὲν
625 1008 737 1078 γάρ
788 1009 881 1061 καὶ
914 1008 1081 1062 πάλαι
1139 1011 1407 1081 ῥύσασθαι
1439 1013 1662 1077 τούτους
1715 1013 1811 1067 τοῦ

239 1094 475 1147 Σατανᾶ.
500 1094 605 1147 Τὸν
631 1094 687 1147 δὲ
716 1096 1061 1167 προσήκοντα
1088 1099 1275 1169 καιρὸν
1306 1101 1618 1170 περιέμενε,
1648 1102 1811 1172 μέχρι

239 1185 323 1237 διὰ
352 1184 590 1255 Χριστοῦ
611 1185 720 1239 τῶν
742 1188 888 1256 ἡμᾶς
912 1188 1271 1258 νενικηκότων
1287 1193 1809 1261 κατεστρατεύσατο.

241 1273 412 1326 Ἰϊῦτο
434 1273 493 1325 δὲ
519 1274 579 1325 τὸ
602 1273 935 1341 ἐσιώπησα,
963 1276 1057 1329 καὶ
1075 1276 1169 1329 ἐπὶ
1188 1277 1280 1330 τοῦ
1298 1279 1560 1347 λεγεῶνος
1582 1282 1812 1351 ἁρμόσει

241 1362 334 1416 τοῦ
383 1362 535 1433 παρά
591 1364 719 1426 τοὺς
756 1363 961 1432 τάφους
1016 1366 1337 1422 ἀποκτεῖναι
1391 1370 1481 1423 τὸν
1530 1371 1813 1442 ἄνθρωπον

243 1451 595 1523 ἐθελήσαντος
613 1467 628 1483 '
662 1453 757 1506 καὶ
774 1454 867 1507 ἐπὶ
899 1455 997 1525 τῆς
1019 1456 1245 1510 καθόλου
1267 1460 1519 1530 κρίσεως,
1546 1461 1812 1534 ἡνίκαπερ

242 1545 535 1598 ἀποδίδωσι
579 1544 649 1598 τὰ
685 1545 823 1616 πρὸς
864 1547 1022 1614 ἀξίαν
1069 1550 1305 1622 ἑκάστῳ.
1340 1554 1451 1622 Τὴν
1500 1555 1630 1627 περὶ
1666 1557 1814 1626 ἡμᾶς

1914 464 2129 517 lucrum
2145 462 2216 515 ⁸⁸.
2246 480 2266 514 ι
2297 459 2427 516 Zelo
2455 476 2587 517 vero
2618 459 2919 532 ﬂagrarunt
2948 470 3003 517 et
3022 463 3165 518 beati
3196 470 3485 534 martyres.

1914 553 2141 619 Deinde,
2168 567 2293 609 cum
2323 553 2467 607 zelus
2482 552 2591 607 Deo
2619 553 2901 618 tribuitur,
2922 568 3030 607 non
3050 555 3238 623 passio
3260 555 3445 624 aliqua
3468 593 3486 620 ,

1914 644 2007 700 sed
2038 644 2092 697 in
2126 658 2241 709 eos,
2271 644 2364 714 qui
2414 653 2664 714 peccant,
2702 644 3107 713 animadversio
3137 645 3485 701 demonstra-

1914 740 2025 787 tur.
2066 732 2357 798 Praeterea,
2387 743 2643 803 tanquam
2689 733 2757 788 de
2800 734 2993 787 bellica
3040 733 3434 790 vociferatione
3470 752 3486 789 :

1916 822 1985 877 Et
2020 825 2271 879 clamabit
2296 839 2454 893 super
2480 825 2653 879 hostes
2685 841 2830 890 suos,
2870 824 3054 880 intulit
3085 840 3099 891 ;
3129 825 3291 897 quale
3320 835 3412 881 aut
3434 827 3490 882 in

1915 908 2170 964 conﬂictu
2201 912 2341 980 ipso,
2382 919 2477 966 aut
2509 913 2634 966 dum
2666 912 2828 967 victis
2859 912 3176 979 insultatur,
3206 928 3234 967 a
3262 914 3490 969 victori-

1914 998 2019 1054 bus
2058 1001 2197 1055 eﬂici
2232 1004 2538 1057 consuevit.
2582 1002 2810 1066 Deinde,
2845 1010 2903 1057 ut
2930 1004 3158 1059 multam
3193 1006 3247 1059 in
3278 1014 3487 1076 gentes,

1915 1106 2037 1161 qua
2078 1092 2221 1147 idola
2255 1094 2562 1159 coluerant,
2596 1095 2765 1149 animi
2802 1094 2889 1150 sui
2926 1095 3205 1151 lenitatem
3231 1096 3489 1153 ostende-

1915 1189 2020 1249 ret,
2046 1184 2189 1237 tacui
2208 1184 2409 1253 adjecit
2442 1204 2456 1239 :
2479 1183 2532 1237 N
2537 1201 2623 1238 um
2639 1201 2844 1253 semper
2864 1186 3027 1239 etiam
3060 1186 3286 1242 tacebo?
3306 1187 3491 1243 Voluit

1915 1273 2061 1329 enim
2088 1282 2144 1328 et
2174 1273 2394 1330 eosdem
2427 1273 2643 1329 Satanae
2670 1274 2873 1330 dudum
2910 1278 3122 1346 eripere
3174 1277 3270 1332 sed
3304 1292 3370 1332 eo
3396 1293 3490 1333 us-

1916 1381 2023 1436 que
2044 1366 2306 1435 temporis
2322 1368 2783 1436 opportunitatem
2806 1368 3227 1438 exspectandam
3250 1368 3488 1433 censuit,

1916 1457 2091 1513 donec
2122 1457 2342 1511 Christo
2390 1457 2550 1523 duce,
2583 1458 2638 1512 in
2666 1472 2781 1523 eos,
2814 1473 2844 1510 a
2874 1458 3078 1528 quibus
3106 1458 3485 1525 vincebamur,

1918 1548 2060 1603 bella
2083 1556 2319 1617 gereret.
2344 1548 2414 1602 At
2436 1548 2583 1619 quod
2612 1548 2761 1601 tacui
2790 1549 2945 1614 dicit,
2969 1548 3134 1603 etiam
3168 1548 3369 1618 legioni
3399 1562 3488 1603 re-

241 1637 295 1689 δὲ
352 1636 518 1705 φειδὼ
568 1638 866 1710 παρίστησι
917 1641 1010 1694 τοῦ
1060 1641 1217 1705 Θεοῦ,
1276 1644 1335 1697 τὸ
1384 1645 1481 1715 τὴν
1530 1648 1807 1718 ἡμετέραν

1919 1646 2009 1693 cte
2036 1639 2329 1693 conveniat
2357 1637 2427 1703 ⁸⁸,
2460 1640 2555 1710 qui
2596 1639 2663 1694 ad
2696 1641 2946 1709 sepulcra
2974 1639 3250 1694 hominem
3280 1641 3487 1695 exstin-

242 1729 417 1782 οἱονεὶ
482 1730 759 1799 σωτηρίαν
813 1730 1051 1786 ὠδίνειν
1105 1734 1205 1797 τάς
1256 1736 1364 1788 τῶν
1430 1739 1805 1810 ὑποκειμένων

1918 1743 2076 1800 gnere
2106 1737 2345 1785 conatus
2370 1738 2475 1785 est.
2502 1730 2808 1786 Conveniat
2841 1732 3009 1786 etiam
3044 1741 3099 1786 et
3127 1731 3383 1785 universo
3411 1731 3486 1784 illi

242 1819 606 1890 οἰκειούμενον
651 1821 862 1889 φύσεις,
894 1823 969 1887 ὡς
1023 1825 1093 1879 τὰ
1139 1825 1337 1894 ἔκγονα
1388 1828 1674 1895 ὠδίνουσα,
1711 1832 1805 1885 καὶ

1918 1819 2135 1887 iudicio,
2169 1836 2280 1891 quo
2309 1830 2553 1890 tempore
2584 1837 2684 1891 pro
2732 1822 3051 1885 meritorum
3105 1823 3338 1885 ratione,
3388 1836 3486 1876 sua

240 1910 407 1963 ταῦτα
437 1911 666 1981 μηδενὸς
696 1912 978 1976 ποιοῦντος
1023 1916 1367 1987 χρηστότητα
1396 1921 1537 1972 κατά
1563 1921 1654 1973 τὸν
1699 1923 1807 1975 Δα-

243 2003 321 2054 εῐδ
340 2020 354 2032 ·
387 2003 464 2055 υῦ
497 2004 771 2074 κατοιήσω
798 2003 817 2043 ἲ
851 2006 1029 2059 τοίνυν
1056 2006 1124 2059 δι’
1154 2008 1377 2079 ἀγάπην
1412 2011 1803 2082 μακροθυμῶν,

241 2090 311 2154 ὡς
362 2091 548 2161 ἐκείνη
606 2091 895 2162 πάσχουσα
934 2093 1142 2147 τέκνων
1190 2095 1388 2163 ἐλπίδι,
1423 2098 1651 2168 ἠρεμεῖν
1706 2101 1805 2168 μὲν
1844 2146 1853 2159 ,

242 2182 633 2252 παραγγέλλων
647 2186 758 2247 τοῖς
787 2183 1035 2247 πάθεσιν,
1059 2187 1412 2257 πηγαζούσας
1432 2189 1488 2242 δὲ
1507 2189 1808 2258 ξηραίνων

239 2274 331 2334 τάξ
357 2274 576 2340 ἡδονὰς,
616 2276 872 2345 τοιαύτην
921 2276 1107 2340 αὐτοῖς
1156 2278 1480 2349 προσάγων
1522 2281 1609 2334 διά
1642 2299 1806 2352 μετα-

238 2366 383 2428 νόίας
410 2366 521 2418 ἀπο
552 2365 660 2419 τῶν
697 2367 914 2421 ἀτόπων
937 2368 1036 2439 τὴν
1063 2370 1338 2426 ἔκστασιν.
1354 2372 1478 2436 Πῶς
1503 2373 1608 2445 γάρ
1637 2375 1703 2429 ἀν
1726 2392 1809 2438 τις

241 2456 597 2527 μετανοήσειε
652 2457 726 2526 μὴ
755 2460 1061 2526 καταγνοὺς
1086 2461 1304 2528 ἑαυτοῦ,
1336 2464 1430 2517 καὶ
1463 2464 1571 2519 τῶν
1612 2466 1808 2537 προτέ-

240 2562 346 2614 ρων
374 2548 761 2616 παυσάμενος;
808 2550 945 2603 κατά
972 2551 1059 2603 τό·
1106 2571 1124 2603 ι
1170 2552 1290 2607 ”()τ’
1325 2553 1391 2606 ἂν
1442 2557 1810 2629 ἀποστραφεὶς

238 2639 543 2704 στενάξεις,
608 2641 731 2693 τότε
780 2641 1021 2713 σωθήσῃ.
1057 2661 1075 2695 ι
1128 2645 1299 2699 Τοῦτο
1344 2646 1399 2699 δὲ
1446 2649 1641 2713 πᾶσιν,
1688 2650 1810 2702 ὅσον

234 2727 322 2795 ἐφ’
349 2727 555 2798 ἑαυτῷ,
589 2729 823 2800 Χριστὸς
876 2731 1225 2804 ἐπιδημήσας
1257 2735 1549 2806 είργάσατο
1572 2753 1587 2770 ⁸
1615 2739 1663 2790 εἰ
1717 2739 1812 2792 καὶ

234 2818 461 2884 τυφλοί
478 2835 645 2883 τινες,
673 2818 769 2871 τοῦ
789 2820 965 2888 φωτὸς
992 2822 1281 2893 παρόντος,
1313 2824 1587 2895 διαμένειν
1613 2826 1813 2880 ἐσπού-

233 2905 408 2960 δασαν
466 2908 606 2979 πρὸς
643 2910 773 2973 τοὺς
816 2910 993 2973 θείους
1041 2912 1552 2985 ὲθελοκωφήσαντες
1598 2916 1809 2985 λόγους,

1908 1909 2144 1980 singulis
2163 1917 2248 1965 est
2274 1910 2609 1967 redditurus.
2635 1912 2926 1976 Caeterum,
2941 1911 3026 1966 vel
3042 1925 3107 1966 eo
3129 1911 3289 1967 nobis
3312 1909 3487 1965 Deum

1908 2014 2141 2071 parcere
2180 2000 2527 2055 demonstrat
2553 2001 2812 2065 maxime,
2831 2002 2977 2072 quod
3002 2003 3074 2056 ita
3108 2010 3311 2058 nostras
3340 2004 3489 2057 salu-

1911 2091 1982 2147 tis
2018 2090 2239 2146 nomine
2278 2101 2533 2160 angatur,
2566 2101 2628 2146 ut
2676 2092 3021 2147 subditorum
3051 2102 3332 2164 assumpta
3360 2109 3488 2163 per-

1911 2197 2047 2238 sona
2076 2182 2233 2236 veluti
2254 2191 2499 2237 nostram
2529 2183 2757 2238 salutem
2787 2186 3080 2251 parturiat,
3104 2184 3254 2238 nullo
3278 2193 3487 2249 tamen.

1910 2271 2114 2327 Davide
2145 2280 2301 2337 teste,
2333 2272 2479 2341 quod
2513 2280 2719 2327 rectum
2743 2280 2828 2327 est
2850 2272 3107 2338 faciente,
3139 2272 3384 2328 dolorem
3410 2274 3489 2328 fe-

1911 2374 1999 2418 rat
2030 2364 2098 2419 ".
2131 2362 2250 2419 Non
2277 2364 2604 2419 transferam
2652 2364 2843 2433 igitur,
2874 2364 3074 2433 inquit,
3100 2373 3323 2434 propter
3350 2365 3490 2419 dile-

1913 2457 2155 2512 ctionem
2208 2470 2367 2525 aequo
2422 2456 2603 2509 animo
2623 2455 2788 2527 474
2838 2456 3139 2525 perferens,
3176 2456 3492 2511 doloribus-

1911 2563 2019 2618 que
2045 2548 2320 2616 imperans
2348 2563 2362 2611 ;
2398 2556 2458 2601 ut
2492 2548 2608 2611 illa,
2640 2563 2763 2617 qua:
2797 2548 3093 2600 liberorum
3114 2562 3212 2617 spe
3233 2548 3441 2617 patitur
3473 2566 3488 2603 :

1913 2640 2009 2695 sed
2040 2639 2407 2694 scaturientes
2426 2638 2705 2691 exsiccabo
2733 2640 3198 2706 voluptates,eam
3220 2640 3328 2695 illis
3347 2655 3495 2693 auer-

1912 2730 2114 2783 siouem
2145 2727 2417 2782 scelerum
2449 2742 2546 2796 per
2604 2728 2985 2797 paenitentiam
3051 2728 3351 2785 adducens.
3390 2730 3494 2797 Qui

1913 2822 2087 2891 possit
2111 2818 2256 2876 enim
2279 2819 2629 2888 resipiscere,
2659 2819 2752 2889 qui
2776 2834 2877 2874 nec
2894 2819 3111 2889 culpam
3142 2835 3298 2874 suam
3328 2835 3497 2885 agno-

1918 2913 2022 2970 scit
2064 2929 2079 2976 ;
2115 2929 2215 2969 nec
2238 2914 2368 2968 vitae
2421 2911 2626 2982 prioris
2660 2910 2840 2966 studia
2893 2911 3149 2965 omittit?
3181 2912 3311 2967 Inde
3358 2913 3492 2968 illud

236 2998 333 3050 καὶ
357 3000 474 3061 τοίς
508 2999 752 3065 εἰδώλοις
790 3001 1093 3072 ἐνέμειναν,
1125 3004 1266 3057 κατά
1288 3004 1348 3058 τό
1370 3022 1384 3035 ⁸
1414 3023 1432 3057 ι
1455 3006 1671 3077 Ὅμοιοι
1716 3008 1813 3061 αὑ·-

1918 3015 2032 3062 est:
2063 3024 2081 3058 ι
2106 3005 2241 3060 Cum
2270 3018 2524 3060 reversus
2551 3002 2910 3074 ingemueris,
2925 3012 3056 3058 tunc
3072 3003 3371 3060 salvaberis
3387 3004 3489 3060 “J

238 3089 349 3152 τοῖς
388 3089 634 3157 γένοιντο
663 3091 712 3144 οἱ
738 3091 1012 3157 ποιοῦντες
1041 3094 1200 3148 αὐτά.
1232 3113 1251 3147 ι

1924 3100 2163 3170 ldipsum
2216 3111 2345 3150 vero
2400 3094 2677 3157 omnibus,
2715 3103 2980 3163 quantum
3017 3094 3072 3148 in
3105 3109 3166 3150 se
3207 3094 3332 3159 fuit,
3362 3094 3493 3149 dum

242 3178 295 3231 in
321 3179 487 3233 terris
528 3188 732 3249 ageret.
764 3179 1018 3237 Christus
1069 3183 1341 3252 praestitit.
1377 3185 1493 3240 Etsi
1535 3187 1660 3241 οωοί
1697 3188 1919 3259 quidam
1951 3188 2092 3245 lucis
2122 3185 2289 3255 hujus
2326 3199 2433 3239 non
2455 3183 2753 3249 defuerint,
2787 3184 2882 3254 qui
2915 3193 3109 3254 sponte
3136 3199 3233 3241 sua
3269 3185 3323 3239 in
3354 3186 3497 3240 divi-

241 3272 329 3325 nis
360 3270 485 3326 istis
523 3271 870 3328 sermonibus
898 3274 1155 3331 caecutire
1189 3291 1424 3347 semper,
1444 3285 1497 3334 et
1520 3295 1619 3353 pro
1655 3281 1815 3339 idolis
1839 3283 1955 3339 suis
1984 3290 2135 3339 stare
2167 3278 2489 3343 maluerint,
2526 3276 2685 3347 juxta
2714 3278 2849 3333 illud
2883 3295 2898 3333 :
2938 3296 2957 3329 ι
2990 3275 3210 3332 Similes
3234 3276 3342 3333 illis
3367 3268 3498 3332 facti

243 3370 394 3427 sunt,
425 3363 520 3432 qui
553 3363 800 3418 fecerunt
818 3379 882 3419 ea
912 3365 979 3422 "'.
1005 3383 1024 3416 ι

310 3456 387 3508 Τὸ
423 3455 502 3522 δὲ,
532 3456 833 3522 ἐκστήσω,
861 3457 1004 3521 τινὲς
1033 3458 1088 3529 ἢ,
1116 3459 1207 3512 ἐπὶ
1230 3459 1325 3513 τοῦ
1366 3461 1467 3531 τῆς
1517 3462 1609 3516 ὑπ’
1634 3464 1813 3518 αὐτῶν

247 3546 625 3616 κρατουμένης
656 3548 759 3617 γῆς
793 3547 898 3611 ἔξω
927 3550 1158 3619 ποιήσω,
1192 3551 1346 3619 φασὶ,
1376 3552 1471 3606 καὶ
1504 3553 1603 3623 τῆς
1658 3570 1815 3622 περι-

248 3637 557 3708 ωρισμένης
574 3637 759 3701 αὐτοῖς
780 3640 922 3693 κατά
947 3641 1165 3693 πάντων
1180 3642 1374 3713 ἀρχῆς,
1394 3643 1535 3696 κατὰ
1551 3644 1637 3696 τό⁸
1669 3645 1745 3697 «Ν
1752 3644 1814 3698 ὗν

249 3728 277 3779 ὁ
324 3727 507 3797 ἄρχων
554 3727 650 3781 τοῦ
698 3729 904 3799 κόσμου
950 3730 1139 3784 τούτου
1181 3732 1580 3804 ἐκϐληθήσεται
1630 3735 1756 3801 ἔξω,
1790 3756 1807 3787 ι

251 3820 411 3889 ἤγουν
466 3820 566 3873 ἐπὶ
613 3820 721 3875 τοῦ
766 3822 1115 3891 θαυμάσαιες
1154 3824 1364 3893 ποιήσω
1409 3826 1535 3888 τοὺς
1576 3827 1814 3897 ὁρῶντας

252 3912 314 3964 τά
355 3912 785 3984 κατωρθωμένα.
851 3914 967 3983 Ἐφ’
1006 3909 1089 3977 οἷς
1141 3916 1234 3968 καὶ
1274 3915 1598 3989 Ἀμϐακοὺμ
1648 3936 1818 3973 κατα-

255 4002 642 4073 πληττόμενος,
671 4004 824 4072 ἔλεγε
844 4021 858 4035 ο
917 4024 936 4057 ι
964 4004 1158 4075 Κύριε,
1194 4008 1494 4077 εἰσακήκοα
1522 4010 1619 4078 τὴν
1649 4011 1819 4081 ἀκοήν

257 4110 363 4156 σου,
396 4099 492 4147 καὶ
524 4094 821 4164 ἐφοϐήθην.
853 4095 1049 4166 Κύριε,
1085 4097 1392 4168 κατενόησα
1417 4100 1483 4153 τὰ
1524 4100 1661 4169 ἔργα
1703 4118 1819 4167 σου,

1989 3458 2095 3516 Sed
2122 3458 2389 3513 avertendi
2422 3456 2652 3511 verbum
2677 3455 2754 3510 ita
2789 3462 3060 3526 usurpant
3089 3455 3343 3511 nonnulli
3372 3474 3386 3523 ;
3415 3464 3497 3522 ut,

1914 3559 2010 3606 aut
2032 3549 2307 3604 dmmonas
2328 3557 2494 3613 terra,
2520 3560 2682 3615 quam
2706 3547 2988 3615 possident
3044 3561 3152 3601 non
3195 3547 3496 3616 ejecturum

1917 3659 1977 3698 se
2003 3641 2191 3705 modo,
2224 3641 2320 3695 sed
2350 3641 2623 3709 praefinito
2648 3642 2700 3695 in
2732 3654 2927 3694 omnes
2971 3640 3203 3708 imperio
3247 3640 3498 3708 privatu-

1923 3748 2076 3797 rum;
2106 3732 2264 3801 juxta
2319 3730 2454 3785 illud
2484 3751 2497 3784 :
2534 3749 2554 3784 ι
2591 3732 2749 3785 Νυιιο
2808 3730 3064 3800 princeps
3096 3732 3288 3785 mundi
3335 3732 3499 3801 hujus

1921 3820 2175 3889 ejicietur
2219 3819 2368 3875 foras
2397 3821 2445 3853 ⁸⁸
2476 3840 2489 3877 :
2522 3840 2541 3873 ι
2580 3822 2892 3893 signiﬁcare
2948 3828 3160 3889 putent.
3185 3824 3293 3875 Aut
3328 3830 3497 3886 certe,

1917 3922 1971 3965 ut
1991 3910 2134 3981 apud
2154 3926 2370 3975 omnes,
2393 3912 2486 3981 qui
2517 3912 2638 3981 ejus
2663 3912 2926 3982 praeclare
2952 3911 3093 3966 facta
3116 3911 3497 3979 intuebuntur,

1917 4005 1974 4057 in
2000 4004 2409 4058 admirationem
2438 4006 2630 4069 ueniat,
2662 4004 2981 4060 eﬂ‘ecturum
3018 4020 3032 4057 :
3062 4004 3262 4073 quibus
3291 4011 3343 4059 et
3392 3994 3502 4059 lla-

1921 4093 2121 4149 bacum
2182 4095 2299 4163 ipse
2349 4096 2639 4165 perculsus
2668 4094 2890 4149 dicebat
2921 4109 2935 4147 :
2977 4111 2997 4145 ι
3035 4093 3284 4159 Domine,
3313 4094 3498 4149 audivi

254 4184 339 4235 καὶ
364 4182 609 4253 ἐξέστην.
643 4202 662 4235 ι
691 4184 764 4237 Τὸ
786 4183 844 4236 δὲ
891 4184 1081 4252 ξηρὰν
1127 4188 1376 4258 σφηνίζει
1403 4190 1577 4258 λέγων
1596 4206 1611 4220 ·
1647 4190 1813 4257 Θήσω

1928 4185 2263 4239 auditionem
2299 4193 2447 4239 tuam
2478 4195 2535 4240 et
2566 4186 2761 4251 timui,
2789 4184 3021 4239 Domine
3052 4186 3284 4254 cogitavi
3334 4200 3500 4254 opera

255 4274 354 4343 γὰρ
381 4274 689 4342 ποταμοὺς
716 4278 806 4340 είς
833 4275 1086 4343 νήσους,
1117 4279 1213 4332 καὶ
1244 4280 1352 4347 ἕλη
1384 4280 1640 4349 imparem,
1677 4282 1819 4336 οὓτω

1928 4282 2043 4341 tua,
2084 4285 2139 4330 et
2171 4276 2428 4345 obstupui
2457 4277 2523 4329 δ’.
2554 4294 2573 4327 ι
2610 4275 2835 4343 Deinde,
2886 4276 3014 4346 quid
3062 4276 3297 4328 siccandi
3334 4277 3502 4331 verbo

258 4363 428 4416 καλῶν
458 4364 588 4427 τοὺς
616 4364 747 4435 παρ’
772 4366 999 4436 Ἕλλησι
1054 4370 1274 4437 σοφοὺς,
1308 4371 1401 4423 καὶ
1450 4373 1549 4425 ὅσα
1592 4372 1655 4441 δὴ
1685 4376 1813 4443 περὶ

1926 4364 2213 4433 intelligat,
2246 4367 2502 4435 explicat,
2529 4381 2652 4419 cum
2682 4367 2871 4435 adjicit
2912 4368 3207 4435 positurum
3230 4382 3283 4419 se
3311 4366 3499 4435 ﬂuuios

256 4452 385 4505 θεῶν
400 4455 800 4510 ἀνεπλάσαντο.
828 4458 906 4509 Δι’
935 4453 1010 4511 ὧν
1033 4460 1159 4522 τοὺς
1184 4461 1541 4532 πειθομένους
1566 4464 1815 4528 saw:th

251 4545 530 4614 ἀνατροπῇ
563 4543 782 4615 θολερᾷ,
818 4547 959 4599 κατά
989 4548 1089 4618 τὴν
1144 4550 1393 4620 Γραφὴν,
1436 4551 1528 4615 οὒς
1560 4554 1655 4605 καί
1706 4554 1817 4621 ἕλη

251 4633 419 4695 καλεῖ,
460 4633 522 4685 τὸ
550 4632 775 4697 εὖανθες
797 4635 930 4703 ὁμοῦ
963 4638 1056 4690 καὶ
1085 4637 1146 4690 τὸ
1168 4638 1417 4710 ἄκαρπον
1439 4639 1681 4709 ἔχοντας,
1722 4641 1817 4705 οὓς

250 4727 433 4789 φανεὶς
458 4726 486 4777 ὁ
519 4724 754 4794 Χριστὸς
778 4724 969 4796 ὥσπερ
1004 4727 1293 4796 ξηράνας,
1348 4732 1664 4802 ἀπράκτους
1712 4735 1817 4787 ἀπ-

248 4811 464 4875 έδειξεν,
499 4811 642 4864 καθά
690 4814 785 4865 καὶ
812 4814 1020 4878 Παῦλός
1070 4833 1223 4887 φησι⁶
1260 4836 1279 4869 ι
1313 4820 1421 4873 Ποῦ
1473 4824 1673 4891 σοφός;
1712 4822 1815 4875 ποῦ

248 4901 653 4972 γραμματεύς;
697 4903 798 4956 ποῦ
835 4905 1145 4977 συζητητὴς
1195 4908 1290 4963 τοῦ
1340 4911 1535 4975 αἰῶνος
1584 4913 1812 4979 τούτους

246 4995 365 5063 οὐχὶ
394 4994 682 5065 ἐμώρανεν
706 4994 734 5046 ὁ
782 4995 913 5059 Θεὸς
947 4999 1048 5067 τὴν
1079 5000 1272 5070 σοφίαν
1301 5002 1397 5055 τοῦ
1425 5004 1629 5073 κόσμου
1656 5022 1671 5070 ;
1706 5023 1725 5057 ι
1757 5006 1817 5071 ἐξ

244 5078 320 5137 ὧν
345 5085 441 5138 καὶ⁵
473 5083 915 5155 χρηματίζουσαι
959 5088 1112 5159 νῆσοι
1159 5091 1449 5159 γεγόνασιν
1502 5090 1817 5164 Ἐκκλησίαι

244 5176 367 5239 scin;
416 5178 473 5230 ὲν
528 5175 752 5247 Χριστῷ
802 5177 1253 5251 ναυτιλλομένους
1314 5183 1622 5255 δεχόμεναι,
1684 5204 1817 5240 κατ-

1919 4456 1977 4508 in
2004 4454 2230 4519 insulas,
2270 4464 2321 4510 et
2367 4456 2585 4524 paludes
2612 4457 2931 4510 siccaturum
2964 4472 2982 4519 ;
3013 4457 3086 4510 ita
3133 4457 3377 4527 gentium
3408 4471 3500 4513 sa-

1922 4549 2136 4617 pientes
2171 4562 2523 4618 nuncupans,
2548 4557 2601 4603 et
2627 4562 2974 4618 quascunque
2996 4547 3064 4601 de
3092 4545 3200 4601 diis
3226 4548 3344 4602 suis
3367 4561 3503 4603 con-

1920 4639 2222 4705 linxerunt,
2246 4639 2391 4694 unde
2422 4639 2528 4693 sibi
2558 4639 2811 4694 credulos
2842 4638 3066 4694 turbido
3101 4645 3257 4709 potu,
3293 4653 3500 4695 secun-

1918 4731 2048 4785 dum
2076 4729 2417 4800 Scripturam
2450 4731 2768 4785 evertebant
2794 4749 2807 4785 :
2831 4746 2969 4800 quos
3009 4739 3063 4786 et
3116 4732 3356 4801 paludes,
3403 4731 3503 4788 ﬂo-

1920 4819 2076 4875 ribus
2109 4820 2329 4889 quidem
2351 4820 2596 4884 vestitas,
2630 4820 2730 4875 sed
2762 4819 2944 4875 fructu
2976 4820 3271 4879 destitutas
3303 4832 3499 4890 vocat;

1926 4926 2048 4982 qua:
2079 4912 2389 4982 appellente
2436 4911 2680 4973 Christo,
2708 4912 2855 4968 velut
2892 4913 3170 4969 exsiccata:
3196 4922 3250 4970 et
3281 4914 3501 4970 inutiles

1926 5012 2337 5067 remanserunt,
2382 5013 2442 5057 nt
2472 5004 2548 5056 ait
2582 5002 2787 5059 Paulus
2825 5003 2912 5059 his
2935 5004 3119 5059 verbis
3162 5021 3176 5061 :
3217 5023 3236 5058 ι
3282 5005 3382 5061 Ubi
3413 5017 3502 5060 sa-

1924 5094 2126 5165 piens?
2155 5094 2248 5150 uhi
2291 5094 2472 5151 scriba
2514 5093 2661 5148 ‘lubi
2715 5093 3003 5164 indagator
3056 5095 3242 5151 saeculi
3286 5094 3503 5164 hujus?

1925 5182 2118 5240 Nonne
2132 5184 2356 5240 stultam
2369 5181 2654 5240 fecitDeus
2666 5182 2990 5253 sapientiam
3007 5184 3171 5255 hujus
3190 5183 3378 5237 mundi
3396 5182 3495 5237 "2s

317 5350 519 5434 :‘ll‘suc.
541 5369 661 5434 vni,
702 5352 794 5409 30.
872 5349 1086 5411 “Psal.
1112 5370 1233 5423 xm,
1256 5358 1312 5413 5.
1385 5359 1432 5391 ⁸⁸
1467 5359 1569 5415 lsa.
1591 5375 1718 5425 xxx,
1765 5361 1851 5416 l5.
1929 5364 1972 5395 ⁸⁷
1997 5363 2143 5420 Psal.
2174 5365 2401 5434 cxin,8.
2477 5365 2523 5398 ⁸⁸
2552 5360 2715 5420 Joan.
2750 5378 2849 5430 an,
2878 5362 2967 5421 5|.
3044 5362 3090 5395 ⁸³
3115 5358 3319 5417 llahac.
3338 5374 3420 5425 ιιι,
3445 5360 3499 5417 2.

246 5422 294 5454 ”
322 5418 342 5473 Ι
370 5422 496 5476 Cor.
523 5440 558 5489 ι,
590 5424 679 5477 ‘20.

1541 5531 1773 5588 VARUE
1814 5532 2217 5595 LECTIONES.

325 5626 343 5665 ί
381 5644 472 5697 ne.
497 5627 827 5696 κατοικήσω.
906 5627 932 5668 ⁸
974 5644 1057 5699 γρ.
1105 5625 1503 5697 ιπιθαυμάσαι.
