  <div class='ocr_page' id='page_1' title='image "/cluster/home/n/w/nwhite01/storage/ocr_20150623/87:2/hvd.32044019208008/428.png"; bbox 0 0 3978 6374; ppageno 0'>
   <div class='ocr_carea' id='block_1_1' title="bbox 179 363 281 426">
    <p class='ocr_par' dir='ltr' id='par_1_1' title="bbox 179 363 281 426">
     <span class='ocr_line' id='line_1_1' title="bbox 179 363 281 426; baseline -0.02 0"><span class='ocrx_word' id='word_1_1' title='bbox 179 363 281 426; x_wconf 70' lang='lat'><strong>2377</strong></span> 
     </span>
    </p>
   </div>
   <div class='ocr_carea' id='block_1_2' title="bbox 1243 348 2200 418">
    <p class='ocr_par' dir='ltr' id='par_1_2' title="bbox 1243 348 2200 418">
     <span class='ocr_line' id='line_1_2' title="bbox 1243 348 2200 418; baseline -0.013 0"><span class='ocrx_word' id='word_1_2' title='bbox 1243 351 1778 418; x_wconf 71' lang='lat' dir='ltr'><strong>COMMENTARII</strong></span> <span class='ocrx_word' id='word_1_3' title='bbox 1816 350 1899 412; x_wconf 85' lang='lat' dir='ltr'><strong>IN</strong></span> <span class='ocrx_word' id='word_1_4' title='bbox 1942 348 2200 409; x_wconf 82' lang='lat' dir='ltr'><strong>lSAIAM</strong></span> 
     </span>
    </p>
   </div>
   <div class='ocr_carea' id='block_1_3' title="bbox 3248 336 3387 401">
    <p class='ocr_par' dir='ltr' id='par_1_3' title="bbox 3248 336 3387 401">
     <span class='ocr_line' id='line_1_3' title="bbox 3248 336 3387 401; baseline -0.014 0"><span class='ocrx_word' id='word_1_5' title='bbox 3248 336 3387 401; x_wconf 71' lang='lat'><strong>2378</strong></span> 
     </span>
    </p>
   </div>
   <div class='ocr_carea' id='block_1_4' title="bbox 178 449 1751 540">
    <p class='ocr_par' dir='ltr' id='par_1_4' title="bbox 178 449 1751 540">
     <span class='ocr_line' id='line_1_4' title="bbox 178 449 1751 540; baseline 0 -16"><span class='ocrx_word' id='word_1_6' title='bbox 178 472 220 524; x_wconf 79' lang='grc' dir='ltr'>δὲ</span> <span class='ocrx_word' id='word_1_7' title='bbox 255 468 571 537; x_wconf 76' lang='grc' dir='ltr'>λιμνάζοντα</span> <span class='ocrx_word' id='word_1_8' title='bbox 625 468 859 537; x_wconf 79' lang='grc' dir='ltr'><strong>λογικῶν</strong></span> <span class='ocrx_word' id='word_1_9' title='bbox 918 470 1133 525; x_wconf 79' lang='grc' dir='ltr'>ὑδάτων</span> <span class='ocrx_word' id='word_1_10' title='bbox 1181 471 1377 540; x_wconf 85' lang='grc' dir='ltr'><strong>χωρία,</strong></span> <span class='ocrx_word' id='word_1_11' title='bbox 1425 470 1502 531; x_wconf 83' lang='grc' dir='ltr'>ὡς</span> <span class='ocrx_word' id='word_1_12' title='bbox 1545 449 1751 524; x_wconf 64' lang='grc' dir='ltr'>ἕλεα-ιι</span> 
     </span>
    </p>
   </div>
   <div class='ocr_carea' id='block_1_5' title="bbox 1856 449 3389 540">
    <p class='ocr_par' dir='ltr' id='par_1_5' title="bbox 1856 452 3389 528">
     <span class='ocr_line' id='line_1_5' title="bbox 1856 452 3389 528; baseline -0.005 -13"><span class='ocrx_word' id='word_1_13' title='bbox 1856 478 1942 515; x_wconf 86' lang='lat' dir='ltr'><strong>am</strong></span> <span class='ocrx_word' id='word_1_14' title='bbox 1976 463 2030 515; x_wconf 88' lang='lat' dir='ltr'><strong>in</strong></span> <span class='ocrx_word' id='word_1_15' title='bbox 2064 463 2319 515; x_wconf 77' lang='lat' dir='ltr'><strong>insulam.</strong></span> <span class='ocrx_word' id='word_1_16' title='bbox 2347 457 2462 513; x_wconf 84' lang='lat' dir='ltr'><strong>lmo</strong></span> <span class='ocrx_word' id='word_1_17' title='bbox 2498 471 2618 528; x_wconf 64' lang='lat' dir='ltr'><strong>qua!</strong></span> <span class='ocrx_word' id='word_1_18' title='bbox 2648 456 2766 511; x_wconf 80' lang='lat' dir='ltr'><strong>loca</strong></span> <span class='ocrx_word' id='word_1_19' title='bbox 2794 455 2938 527; x_wconf 85' lang='lat' dir='ltr'><strong>apud</strong></span> <span class='ocrx_word' id='word_1_20' title='bbox 2971 454 3091 508; x_wconf 84' lang='lat' dir='ltr'><strong>illos</strong></span> <span class='ocrx_word' id='word_1_21' title='bbox 3124 452 3197 507; x_wconf 83' lang='lat' dir='ltr'><strong>ita</strong></span> <span class='ocrx_word' id='word_1_22' title='bbox 3226 454 3389 508; x_wconf 84' lang='lat' dir='ltr'><strong>ratio-</strong></span> 
     </span>
    </p>
   </div>
   <div class='ocr_carea' id='block_1_6' title="bbox 178 560 899 630">
    <p class='ocr_par' dir='ltr' id='par_1_6' title="bbox 178 560 899 630">
     <span class='ocr_line' id='line_1_6' title="bbox 178 560 899 630; baseline 0.001 -17"><span class='ocrx_word' id='word_1_23' title='bbox 178 560 606 630; x_wconf 74' lang='grc' dir='ltr'>παραϐάλλεσθαι,</span> <span class='ocrx_word' id='word_1_24' title='bbox 639 560 899 629; x_wconf 59' lang='grc' dir='ltr'>ξηρανὰ</span> 
     </span>
    </p>
   </div>
   <div class='ocr_carea' id='block_1_7' title="bbox 236 734 1712 809">
    <p class='ocr_par' dir='ltr' id='par_1_7' title="bbox 236 734 1712 809">
     <span class='ocr_line' id='line_1_7' title="bbox 236 734 1712 809; baseline -0.003 -17"><span class='ocrx_word' id='word_1_25' title='bbox 236 738 555 809; x_wconf 75' lang='grc' dir='ltr'>’Δπειλήσας</span> <span class='ocrx_word' id='word_1_26' title='bbox 610 738 817 804; x_wconf 87' lang='grc' dir='ltr'>ταῦτα,</span> <span class='ocrx_word' id='word_1_27' title='bbox 870 737 1189 808; x_wconf 76' lang='grc' dir='ltr'>μεταϐαίνει</span> <span class='ocrx_word' id='word_1_28' title='bbox 1244 737 1405 790; x_wconf 81' lang='grc' dir='ltr'>πάλιν</span> <span class='ocrx_word' id='word_1_29' title='bbox 1478 736 1573 788; x_wconf 74' lang='grc' dir='ltr'>ἐπὶ</span> <span class='ocrx_word' id='word_1_30' title='bbox 1614 734 1712 805; x_wconf 77' lang='grc' dir='ltr'><strong>τὴν</strong></span> 
     </span>
    </p>
   </div>
   <div class='ocr_carea' id='block_1_8' title="bbox 172 828 1714 906">
    <p class='ocr_par' dir='ltr' id='par_1_8' title="bbox 172 828 1714 906">
     <span class='ocr_line' id='line_1_8' title="bbox 172 828 1714 906; baseline -0.003 -19"><span class='ocrx_word' id='word_1_31' title='bbox 172 837 300 906; x_wconf 79' lang='grc' dir='ltr'>χάριν</span> <span class='ocrx_word' id='word_1_32' title='bbox 324 834 423 905; x_wconf 83' lang='grc' dir='ltr'>τὴν</span> <span class='ocrx_word' id='word_1_33' title='bbox 446 833 691 887; x_wconf 79' lang='grc' dir='ltr'>δοθεῖσαν</span> <span class='ocrx_word' id='word_1_34' title='bbox 712 836 826 896; x_wconf 89' lang='grc' dir='ltr'>τοῖς</span> <span class='ocrx_word' id='word_1_35' title='bbox 850 832 1029 885; x_wconf 78' lang='grc' dir='ltr'>ἔθνεσι</span> <span class='ocrx_word' id='word_1_36' title='bbox 1056 830 1419 899; x_wconf 74' lang='grc' dir='ltr'>λέγωνοἊξω</span> <span class='ocrx_word' id='word_1_37' title='bbox 1442 828 1714 897; x_wconf 68' lang='grc' dir='ltr'>τυφλοὺς</span> 
     </span>
    </p>
   </div>
   <div class='ocr_carea' id='block_1_9' title="bbox 170 922 1713 996">
    <p class='ocr_par' dir='ltr' id='par_1_9' title="bbox 170 922 1713 996">
     <span class='ocr_line' id='line_1_9' title="bbox 170 922 1713 996; baseline -0.001 -18"><span class='ocrx_word' id='word_1_38' title='bbox 170 929 224 978; x_wconf 72' lang='grc' dir='ltr'><strong>ἐν</strong></span> <span class='ocrx_word' id='word_1_39' title='bbox 245 924 372 990; x_wconf 82' lang='grc' dir='ltr'><strong>ὀδῷ.</strong></span> <span class='ocrx_word' id='word_1_40' title='bbox 408 925 517 979; x_wconf 79' lang='grc' dir='ltr'><strong>Καὶ</strong></span> <span class='ocrx_word' id='word_1_41' title='bbox 546 925 751 995; x_wconf 80' lang='grc' dir='ltr'><strong>πρόσθε</strong></span> <span class='ocrx_word' id='word_1_42' title='bbox 778 925 886 995; x_wconf 87' lang='grc' dir='ltr'><strong>γὰρ</strong></span> <span class='ocrx_word' id='word_1_43' title='bbox 915 924 1023 996; x_wconf 73' lang='grc' dir='ltr'>ἔφη</span> <span class='ocrx_word' id='word_1_44' title='bbox 1055 926 1183 996; x_wconf 76' lang='grc' dir='ltr'>περὶ</span> <span class='ocrx_word' id='word_1_45' title='bbox 1212 922 1473 996; x_wconf 68' lang='grc' dir='ltr'>Χριστοῦυ</span> <span class='ocrx_word' id='word_1_46' title='bbox 1505 922 1713 977; x_wconf 72' lang='grc' dir='ltr'>«Ἔδω-</span> 
     </span>
    </p>
   </div>
   <div class='ocr_carea' id='block_1_10' title="bbox 171 1011 1717 1085">
    <p class='ocr_par' dir='ltr' id='par_1_10' title="bbox 171 1011 1717 1085">
     <span class='ocr_line' id='line_1_10' title="bbox 171 1011 1717 1085; baseline -0.003 -16"><span class='ocrx_word' id='word_1_47' title='bbox 171 1018 227 1069; x_wconf 66' lang='lat' dir='ltr'><strong>xi</strong></span> <span class='ocrx_word' id='word_1_48' title='bbox 257 1034 309 1068; x_wconf 89' lang='grc' dir='ltr'><strong>σε</strong></span> <span class='ocrx_word' id='word_1_49' title='bbox 359 1019 439 1079; x_wconf 76' lang='grc' dir='ltr'><strong>εἰς</strong></span> <span class='ocrx_word' id='word_1_50' title='bbox 469 1016 734 1085; x_wconf 77' lang='grc' dir='ltr'><strong>διαθήκην</strong></span> <span class='ocrx_word' id='word_1_51' title='bbox 770 1016 981 1083; x_wconf 86' lang='grc' dir='ltr'>γένους,</span> <span class='ocrx_word' id='word_1_52' title='bbox 1027 1016 1107 1077; x_wconf 82' lang='grc' dir='ltr'><strong>είς</strong></span> <span class='ocrx_word' id='word_1_53' title='bbox 1150 1013 1264 1083; x_wconf 85' lang='grc' dir='ltr'><strong>φῶς</strong></span> <span class='ocrx_word' id='word_1_54' title='bbox 1313 1012 1482 1066; x_wconf 80' lang='grc' dir='ltr'>ἐθνῶν</span> <span class='ocrx_word' id='word_1_55' title='bbox 1510 1011 1717 1079; x_wconf 81' lang='grc' dir='ltr'><strong>ἀνοῖξαι</strong></span> 
     </span>
    </p>
   </div>
   <div class='ocr_carea' id='block_1_11' title="bbox 170 1105 1719 1179">
    <p class='ocr_par' dir='ltr' id='par_1_11' title="bbox 170 1105 1719 1179">
     <span class='ocr_line' id='line_1_11' title="bbox 170 1105 1719 1179; baseline -0.002 -18"><span class='ocrx_word' id='word_1_56' title='bbox 170 1109 455 1179; x_wconf 71' lang='grc' dir='ltr'>ὀφθαλμοὺς</span> <span class='ocrx_word' id='word_1_57' title='bbox 486 1108 728 1174; x_wconf 79' lang='grc' dir='ltr'>τυφλῶν.</span> <span class='ocrx_word' id='word_1_58' title='bbox 752 1127 769 1158; x_wconf 77' lang='grc' dir='ltr'><strong>ι</strong></span> <span class='ocrx_word' id='word_1_59' title='bbox 796 1108 869 1161; x_wconf 82' lang='grc' dir='ltr'>Τὸ</span> <span class='ocrx_word' id='word_1_60' title='bbox 890 1108 947 1161; x_wconf 82' lang='grc' dir='ltr'>δὲ</span> <span class='ocrx_word' id='word_1_61' title='bbox 991 1107 1129 1173; x_wconf 81' lang='grc' dir='ltr'>ὀδῷ,</span> <span class='ocrx_word' id='word_1_62' title='bbox 1156 1114 1306 1179; x_wconf 85' lang='grc' dir='ltr'>παρα</span> <span class='ocrx_word' id='word_1_63' title='bbox 1331 1107 1496 1160; x_wconf 78' lang='grc' dir='ltr'>πᾶσιν</span> <span class='ocrx_word' id='word_1_64' title='bbox 1523 1105 1719 1168; x_wconf 80' lang='grc' dir='ltr'><strong>ἑνικῶς</strong></span> 
     </span>
    </p>
   </div>
   <div class='ocr_carea' id='block_1_12' title="bbox 172 1197 1721 1273">
    <p class='ocr_par' dir='ltr' id='par_1_12' title="bbox 172 1197 1721 1273">
     <span class='ocr_line' id='line_1_12' title="bbox 172 1197 1721 1273; baseline -0.003 -18"><span class='ocrx_word' id='word_1_65' title='bbox 172 1202 512 1271; x_wconf 72' lang='grc' dir='ltr'>ἐξενήνεκται,</span> <span class='ocrx_word' id='word_1_66' title='bbox 569 1203 636 1273; x_wconf 83' lang='grc' dir='ltr'>ἢν</span> <span class='ocrx_word' id='word_1_67' title='bbox 667 1201 936 1273; x_wconf 64' lang='grc' dir='ltr'>ὲῶηλωσεν</span> <span class='ocrx_word' id='word_1_68' title='bbox 960 1200 990 1253; x_wconf 80' lang='grc' dir='ltr'>ὀ</span> <span class='ocrx_word' id='word_1_69' title='bbox 1027 1200 1215 1271; x_wconf 78' lang='grc' dir='ltr'>Σωτὴρ</span> <span class='ocrx_word' id='word_1_70' title='bbox 1246 1199 1417 1253; x_wconf 85' lang='grc' dir='ltr'>εἰπών</span> <span class='ocrx_word' id='word_1_71' title='bbox 1439 1215 1455 1230; x_wconf 86' lang='grc'><strong>·</strong></span> <span class='ocrx_word' id='word_1_72' title='bbox 1498 1218 1517 1251; x_wconf 78' lang='grc' dir='ltr'><strong>ι</strong></span> <span class='ocrx_word' id='word_1_73' title='bbox 1576 1197 1721 1267; x_wconf 82' lang='grc' dir='ltr'><strong>Ἐγώ</strong></span> 
     </span>
    </p>
   </div>
   <div class='ocr_carea' id='block_1_13' title="bbox 174 1292 1722 1365">
    <p class='ocr_par' dir='ltr' id='par_1_13' title="bbox 174 1292 1722 1365">
     <span class='ocr_line' id='line_1_13' title="bbox 174 1292 1722 1365; baseline -0.003 -17"><span class='ocrx_word' id='word_1_74' title='bbox 174 1298 269 1365; x_wconf 78' lang='grc' dir='ltr'>εἰμι</span> <span class='ocrx_word' id='word_1_75' title='bbox 301 1295 332 1364; x_wconf 74' lang='grc' dir='ltr'>ἡ</span> <span class='ocrx_word' id='word_1_76' title='bbox 360 1294 500 1357; x_wconf 76' lang='grc' dir='ltr'>ὁδὸς,</span> <span class='ocrx_word' id='word_1_77' title='bbox 542 1312 562 1345; x_wconf 76' lang='grc' dir='ltr'><strong>ι</strong></span> <span class='ocrx_word' id='word_1_78' title='bbox 599 1295 666 1364; x_wconf 71' lang='grc' dir='ltr'>ἢν</span> <span class='ocrx_word' id='word_1_79' title='bbox 690 1292 1031 1363; x_wconf 73' lang='grc' dir='ltr'><strong>ἠγνοοῦμεν</strong></span> <span class='ocrx_word' id='word_1_80' title='bbox 1064 1292 1123 1345; x_wconf 82' lang='grc' dir='ltr'>τὸ</span> <span class='ocrx_word' id='word_1_81' title='bbox 1156 1294 1445 1364; x_wconf 87' lang='grc' dir='ltr'>πρότερον.</span> <span class='ocrx_word' id='word_1_82' title='bbox 1462 1293 1570 1347; x_wconf 77' lang='grc' dir='ltr'><strong>Καὶ</strong></span> <span class='ocrx_word' id='word_1_83' title='bbox 1601 1292 1722 1361; x_wconf 80' lang='grc' dir='ltr'>τρί-</span> 
     </span>
    </p>
   </div>
   <div class='ocr_carea' id='block_1_14' title="bbox 176 1381 1721 1455">
    <p class='ocr_par' dir='ltr' id='par_1_14' title="bbox 176 1381 1721 1455">
     <span class='ocr_line' id='line_1_14' title="bbox 176 1381 1721 1455; baseline -0.003 -15"><span class='ocrx_word' id='word_1_84' title='bbox 176 1388 312 1452; x_wconf 76' lang='grc' dir='ltr'>ϐους,</span> <span class='ocrx_word' id='word_1_85' title='bbox 346 1385 445 1448; x_wconf 67' lang='grc' dir='ltr'>τὰς</span> <span class='ocrx_word' id='word_1_86' title='bbox 506 1385 856 1454; x_wconf 75' lang='grc' dir='ltr'>προφητικὰς</span> <span class='ocrx_word' id='word_1_87' title='bbox 916 1383 1162 1453; x_wconf 74' lang='grc' dir='ltr'>δηλονότι</span> <span class='ocrx_word' id='word_1_88' title='bbox 1196 1384 1441 1455; x_wconf 83' lang='grc' dir='ltr'>Γραφὰς,</span> <span class='ocrx_word' id='word_1_89' title='bbox 1497 1387 1592 1437; x_wconf 72' lang='grc' dir='ltr'><strong>καὶ</strong></span> <span class='ocrx_word' id='word_1_90' title='bbox 1626 1381 1721 1435; x_wconf 89' lang='grc' dir='ltr'><strong>τοῦ</strong></span> 
     </span>
    </p>
   </div>
   <div class='ocr_carea' id='block_1_15' title="bbox 1820 545 3387 623">
    <p class='ocr_par' dir='ltr' id='par_1_15' title="bbox 1820 545 3387 623">
     <span class='ocr_line' id='line_1_15' title="bbox 1820 545 3387 623; baseline -0.005 -15"><span class='ocrx_word' id='word_1_91' title='bbox 1820 554 2039 609; x_wconf 88' lang='lat' dir='ltr'><strong>nalibus</strong></span> <span class='ocrx_word' id='word_1_92' title='bbox 2072 553 2229 623; x_wconf 81' lang='lat' dir='ltr'><strong>aquis</strong></span> <span class='ocrx_word' id='word_1_93' title='bbox 2257 559 2539 621; x_wconf 77' lang='lat' dir='ltr'><strong>stagnant,</strong></span> <span class='ocrx_word' id='word_1_94' title='bbox 2576 560 2634 605; x_wconf 89' lang='lat' dir='ltr'><strong>ut</strong></span> <span class='ocrx_word' id='word_1_95' title='bbox 2662 564 2786 603; x_wconf 86' lang='lat' dir='ltr'><strong>cum</strong></span> <span class='ocrx_word' id='word_1_96' title='bbox 2804 547 3084 618; x_wconf 77' lang='lat' dir='ltr'><strong>paludibus</strong></span> <span class='ocrx_word' id='word_1_97' title='bbox 3100 545 3387 601; x_wconf 62' lang='lat' dir='ltr'><strong>conferam</strong></span> 
     </span>
    </p>
   </div>
   <div class='ocr_carea' id='block_1_16' title="bbox 1818 638 2496 706">
    <p class='ocr_par' dir='ltr' id='par_1_16' title="bbox 1818 638 2496 706">
     <span class='ocr_line' id='line_1_16' title="bbox 1818 638 2496 706; baseline -0.004 -11"><span class='ocrx_word' id='word_1_98' title='bbox 1818 652 1932 706; x_wconf 90' lang='lat' dir='ltr'><strong>tur,</strong></span> <span class='ocrx_word' id='word_1_99' title='bbox 1976 639 2165 697; x_wconf 82' lang='lat' dir='ltr'><strong>eadem</strong></span> <span class='ocrx_word' id='word_1_100' title='bbox 2203 638 2496 693; x_wconf 69' lang='lat' dir='ltr'><strong>exsiccabo.</strong></span> 
     </span>
    </p>
   </div>
   <div class='ocr_carea' id='block_1_17' title="bbox 1892 726 3394 803">
    <p class='ocr_par' dir='ltr' id='par_1_17' title="bbox 1892 726 3394 803">
     <span class='ocr_line' id='line_1_17' title="bbox 1892 726 3394 803; baseline -0.008 -13"><span class='ocrx_word' id='word_1_101' title='bbox 1892 733 2026 801; x_wconf 74' lang='lat' dir='ltr'><strong>Qua:</strong></span> <span class='ocrx_word' id='word_1_102' title='bbox 2063 738 2357 803; x_wconf 86' lang='lat' dir='ltr'><strong>postquam</strong></span> <span class='ocrx_word' id='word_1_103' title='bbox 2406 741 2493 785; x_wconf 84' lang='lat' dir='ltr'><strong>est</strong></span> <span class='ocrx_word' id='word_1_104' title='bbox 2522 728 2937 790; x_wconf 75' lang='lat' dir='ltr'><strong>interminatus,</strong></span> <span class='ocrx_word' id='word_1_105' title='bbox 2967 726 3169 782; x_wconf 87' lang='lat' dir='ltr'><strong>transit</strong></span> <span class='ocrx_word' id='word_1_106' title='bbox 3200 740 3394 781; x_wconf 80' lang='lat' dir='ltr'><strong>rursus</strong></span> 
     </span>
    </p>
   </div>
   <div class='ocr_carea' id='block_1_18' title="bbox 1823 818 3392 897">
    <p class='ocr_par' dir='ltr' id='par_1_18' title="bbox 1823 818 3392 897">
     <span class='ocr_line' id='line_1_18' title="bbox 1823 818 3392 897; baseline -0.007 -17"><span class='ocrx_word' id='word_1_107' title='bbox 1823 827 1889 882; x_wconf 90' lang='lat' dir='ltr'><strong>ad</strong></span> <span class='ocrx_word' id='word_1_108' title='bbox 1926 827 2182 897; x_wconf 89' lang='lat' dir='ltr'><strong>gratiam,</strong></span> <span class='ocrx_word' id='word_1_109' title='bbox 2220 838 2343 893; x_wconf 85' lang='lat' dir='ltr'><strong>quae</strong></span> <span class='ocrx_word' id='word_1_110' title='bbox 2369 821 2628 893; x_wconf 75' lang='lat' dir='ltr'><strong>gentibus</strong></span> <span class='ocrx_word' id='word_1_111' title='bbox 2656 834 2920 875; x_wconf 86' lang='lat' dir='ltr'><strong>concessa</strong></span> <span class='ocrx_word' id='word_1_112' title='bbox 2942 828 3049 885; x_wconf 80' lang='lat' dir='ltr'><strong>est,</strong></span> <span class='ocrx_word' id='word_1_113' title='bbox 3076 819 3160 873; x_wconf 89' lang='lat' dir='ltr'><strong>his</strong></span> <span class='ocrx_word' id='word_1_114' title='bbox 3176 818 3392 872; x_wconf 82' lang='lat' dir='ltr'><strong>verbis:</strong></span> 
     </span>
    </p>
   </div>
   <div class='ocr_carea' id='block_1_19' title="bbox 1825 911 3395 974">
    <p class='ocr_par' dir='ltr' id='par_1_19' title="bbox 1825 911 3395 974">
     <span class='ocr_line' id='line_1_19' title="bbox 1825 911 3395 974; baseline -0.009 0"><span class='ocrx_word' id='word_1_115' title='bbox 1825 920 2035 974; x_wconf 81' lang='lat' dir='ltr'><strong>Ducam</strong></span> <span class='ocrx_word' id='word_1_116' title='bbox 2060 933 2228 973; x_wconf 67' lang='lat' dir='ltr'><strong>caecos</strong></span> <span class='ocrx_word' id='word_1_117' title='bbox 2262 917 2318 970; x_wconf 84' lang='lat' dir='ltr'><strong>in</strong></span> <span class='ocrx_word' id='word_1_118' title='bbox 2356 916 2463 969; x_wconf 80' lang='lat' dir='ltr'><strong>nia.</strong></span> <span class='ocrx_word' id='word_1_119' title='bbox 2498 913 2811 969; x_wconf 76' lang='lat' dir='ltr'><strong>Dixitenim</strong></span> <span class='ocrx_word' id='word_1_120' title='bbox 2864 913 2932 968; x_wconf 87' lang='lat' dir='ltr'><strong>de</strong></span> <span class='ocrx_word' id='word_1_121' title='bbox 2977 911 3202 967; x_wconf 84' lang='lat' dir='ltr'><strong>Christo</strong></span> <span class='ocrx_word' id='word_1_122' title='bbox 3228 911 3395 964; x_wconf 84' lang='lat' dir='ltr'><strong>etiam</strong></span> 
     </span>
    </p>
   </div>
   <div class='ocr_carea' id='block_1_20' title="bbox 1824 1004 3399 1083">
    <p class='ocr_par' dir='ltr' id='par_1_20' title="bbox 1824 1004 3399 1083">
     <span class='ocr_line' id='line_1_20' title="bbox 1824 1004 3399 1083; baseline -0.008 -16"><span class='ocrx_word' id='word_1_123' title='bbox 1824 1012 2126 1083; x_wconf 82' lang='lat' dir='ltr'><strong>superius:</strong></span> <span class='ocrx_word' id='word_1_124' title='bbox 2165 1029 2185 1064; x_wconf 86' lang='grc' dir='ltr'><strong>ι</strong></span> <span class='ocrx_word' id='word_1_125' title='bbox 2223 1009 2351 1066; x_wconf 87' lang='lat' dir='ltr'><strong>Dedi</strong></span> <span class='ocrx_word' id='word_1_126' title='bbox 2383 1019 2435 1065; x_wconf 89' lang='lat' dir='ltr'><strong>te</strong></span> <span class='ocrx_word' id='word_1_127' title='bbox 2463 1009 2516 1064; x_wconf 90' lang='lat' dir='ltr'><strong>in</strong></span> <span class='ocrx_word' id='word_1_128' title='bbox 2549 1014 2937 1063; x_wconf 80' lang='lat' dir='ltr'><strong>testamentum</strong></span> <span class='ocrx_word' id='word_1_129' title='bbox 2968 1005 3206 1076; x_wconf 88' lang='lat' dir='ltr'><strong>generis,</strong></span> <span class='ocrx_word' id='word_1_130' title='bbox 3241 1005 3294 1058; x_wconf 91' lang='lat' dir='ltr'><strong>in</strong></span> <span class='ocrx_word' id='word_1_131' title='bbox 3317 1004 3399 1057; x_wconf 89' lang='lat' dir='ltr'><strong>lu-</strong></span> 
     </span>
    </p>
   </div>
   <div class='ocr_carea' id='block_1_21' title="bbox 1824 1092 3394 1175">
    <p class='ocr_par' dir='ltr' id='par_1_21' title="bbox 1824 1092 3394 1175">
     <span class='ocr_line' id='line_1_21' title="bbox 1824 1092 3394 1175; baseline -0.01 -17"><span class='ocrx_word' id='word_1_132' title='bbox 1824 1118 1945 1159; x_wconf 72' lang='lat' dir='ltr'><strong>cem</strong></span> <span class='ocrx_word' id='word_1_133' title='bbox 2000 1103 2288 1175; x_wconf 85' lang='lat' dir='ltr'><strong>gentium,</strong></span> <span class='ocrx_word' id='word_1_134' title='bbox 2335 1107 2397 1156; x_wconf 91' lang='lat' dir='ltr'><strong>ut</strong></span> <span class='ocrx_word' id='word_1_135' title='bbox 2438 1101 2685 1170; x_wconf 75' lang='lat' dir='ltr'><strong>aperires</strong></span> <span class='ocrx_word' id='word_1_136' title='bbox 2726 1098 2917 1152; x_wconf 89' lang='lat' dir='ltr'><strong>oculos</strong></span> <span class='ocrx_word' id='word_1_137' title='bbox 2971 1109 3243 1151; x_wconf 70' lang='lat' dir='ltr'><strong>caecorum</strong></span> <span class='ocrx_word' id='word_1_138' title='bbox 3281 1092 3322 1146; x_wconf 78' lang='grc' dir='ltr'>ί.</span> <span class='ocrx_word' id='word_1_139' title='bbox 3375 1110 3394 1143; x_wconf 75' lang='grc' dir='ltr'><strong>ι</strong></span> 
     </span>
    </p>
   </div>
   <div class='ocr_carea' id='block_1_22' title="bbox 1827 1192 3402 1264">
    <p class='ocr_par' dir='ltr' id='par_1_22' title="bbox 1827 1192 3402 1264">
     <span class='ocr_line' id='line_1_22' title="bbox 1827 1192 3402 1264; baseline -0.008 -13"><span class='ocrx_word' id='word_1_140' title='bbox 1827 1196 1954 1251; x_wconf 87' lang='lat' dir='ltr'><strong>Ideo</strong></span> <span class='ocrx_word' id='word_1_141' title='bbox 1988 1208 2170 1257; x_wconf 83' lang='lat' dir='ltr'><strong>autem</strong></span> <span class='ocrx_word' id='word_1_142' title='bbox 2203 1196 2301 1251; x_wconf 70' lang='lat' dir='ltr'><strong>vice</strong></span> <span class='ocrx_word' id='word_1_143' title='bbox 2331 1209 2528 1250; x_wconf 87' lang='lat' dir='ltr'><strong>nomen</strong></span> <span class='ocrx_word' id='word_1_144' title='bbox 2559 1192 2915 1264; x_wconf 78' lang='lat' dir='ltr'><strong>singulariter</strong></span> <span class='ocrx_word' id='word_1_145' title='bbox 2945 1204 3137 1244; x_wconf 86' lang='lat' dir='ltr'><strong>omnes</strong></span> <span class='ocrx_word' id='word_1_146' title='bbox 3165 1201 3402 1256; x_wconf 88' lang='lat' dir='ltr'><strong>usurpa-</strong></span> 
     </span>
    </p>
   </div>
   <div class='ocr_carea' id='block_1_23' title="bbox 1829 1280 3399 1357">
    <p class='ocr_par' dir='ltr' id='par_1_23' title="bbox 1829 1280 3399 1357">
     <span class='ocr_line' id='line_1_23' title="bbox 1829 1280 3399 1357; baseline -0.005 -14"><span class='ocrx_word' id='word_1_147' title='bbox 1829 1296 1981 1351; x_wconf 87' lang='lat' dir='ltr'><strong>runt,</strong></span> <span class='ocrx_word' id='word_1_148' title='bbox 2012 1294 2072 1343; x_wconf 84' lang='lat' dir='ltr'><strong>ut</strong></span> <span class='ocrx_word' id='word_1_149' title='bbox 2100 1302 2247 1351; x_wconf 89' lang='lat' dir='ltr'><strong>eam,</strong></span> <span class='ocrx_word' id='word_1_150' title='bbox 2278 1286 2347 1341; x_wconf 85' lang='lat' dir='ltr'><strong>de</strong></span> <span class='ocrx_word' id='word_1_151' title='bbox 2366 1292 2473 1357; x_wconf 88' lang='lat' dir='ltr'><strong>qua</strong></span> <span class='ocrx_word' id='word_1_152' title='bbox 2517 1283 2778 1339; x_wconf 82' lang='lat' dir='ltr'><strong>Salvator</strong></span> <span class='ocrx_word' id='word_1_153' title='bbox 2808 1282 3071 1352; x_wconf 80' lang='lat' dir='ltr'><strong>loquitur,</strong></span> <span class='ocrx_word' id='word_1_154' title='bbox 3101 1292 3227 1335; x_wconf 86' lang='lat' dir='ltr'><strong>cum</strong></span> <span class='ocrx_word' id='word_1_155' title='bbox 3255 1280 3399 1335; x_wconf 87' lang='lat' dir='ltr'><strong>viam</strong></span> 
     </span>
    </p>
   </div>
   <div class='ocr_carea' id='block_1_24' title="bbox 1828 1373 3403 1446">
    <p class='ocr_par' dir='ltr' id='par_1_24' title="bbox 1828 1373 3403 1446">
     <span class='ocr_line' id='line_1_24' title="bbox 1828 1373 3403 1446; baseline -0.003 -13"><span class='ocrx_word' id='word_1_156' title='bbox 1828 1393 1890 1433; x_wconf 88' lang='lat' dir='ltr'><strong>se</strong></span> <span class='ocrx_word' id='word_1_157' title='bbox 1920 1392 2046 1433; x_wconf 89' lang='lat' dir='ltr'><strong>esse</strong></span> <span class='ocrx_word' id='word_1_158' title='bbox 2064 1378 2267 1433; x_wconf 84' lang='lat' dir='ltr'><strong>asserit</strong></span> <span class='ocrx_word' id='word_1_159' title='bbox 2288 1379 2331 1441; x_wconf 81' lang='grc'>⁸,</span> <span class='ocrx_word' id='word_1_160' title='bbox 2355 1392 2517 1446; x_wconf 86' lang='lat' dir='ltr'><strong>quam</strong></span> <span class='ocrx_word' id='word_1_161' title='bbox 2547 1384 2709 1430; x_wconf 81' lang='lat' dir='ltr'><strong>antea</strong></span> <span class='ocrx_word' id='word_1_162' title='bbox 2741 1375 3120 1439; x_wconf 78' lang='lat' dir='ltr'><strong>nesciebamus,</strong></span> <span class='ocrx_word' id='word_1_163' title='bbox 3156 1388 3280 1429; x_wconf 84' lang='lat' dir='ltr'><strong>esse</strong></span> <span class='ocrx_word' id='word_1_164' title='bbox 3305 1373 3403 1428; x_wconf 83' lang='lat' dir='ltr'><strong>de-</strong></span> 
     </span>
    </p>
   </div>
   <div class='ocr_carea' id='block_1_25' title="bbox 180 1467 1751 1549">
    <p class='ocr_par' dir='ltr' id='par_1_25' title="bbox 180 1476 1724 1549">
     <span class='ocr_line' id='line_1_25' title="bbox 180 1476 1724 1549; baseline -0.001 -17"><span class='ocrx_word' id='word_1_165' title='bbox 180 1479 273 1549; x_wconf 76' lang='grc' dir='ltr'>βίου</span> <span class='ocrx_word' id='word_1_166' title='bbox 294 1479 418 1540; x_wconf 76' lang='grc' dir='ltr'>τοὺς</span> <span class='ocrx_word' id='word_1_167' title='bbox 463 1477 566 1549; x_wconf 54' lang='lat' dir='ltr'><strong>uno</strong></span> <span class='ocrx_word' id='word_1_168' title='bbox 602 1477 700 1547; x_wconf 89' lang='grc' dir='ltr'><strong>τῆς</strong></span> <span class='ocrx_word' id='word_1_169' title='bbox 746 1477 896 1541; x_wconf 84' lang='grc' dir='ltr'>θείας</span> <span class='ocrx_word' id='word_1_170' title='bbox 954 1476 1428 1547; x_wconf 72' lang='grc' dir='ltr'>ύποὸαλλομένους</span> <span class='ocrx_word' id='word_1_171' title='bbox 1467 1476 1724 1531; x_wconf 84' lang='grc' dir='ltr'>διδασκα-</span> 
     </span>
    </p>
   </div>
   <div class='ocr_carea' id='block_1_26' title="bbox 1856 1467 3400 1549">
    <p class='ocr_par' dir='ltr' id='par_1_26' title="bbox 1856 1467 3400 1538">
     <span class='ocr_line' id='line_1_26' title="bbox 1856 1467 3400 1538; baseline -0.003 -17"><span class='ocrx_word' id='word_1_172' title='bbox 1856 1475 2236 1523; x_wconf 86' lang='lat' dir='ltr'><strong>nonstrarent.</strong></span> <span class='ocrx_word' id='word_1_173' title='bbox 2260 1467 2490 1524; x_wconf 85' lang='lat' dir='ltr'><strong>Semitas</strong></span> <span class='ocrx_word' id='word_1_174' title='bbox 2521 1467 2741 1529; x_wconf 87' lang='lat' dir='ltr'><strong>deinde.</strong></span> <span class='ocrx_word' id='word_1_175' title='bbox 2764 1468 2967 1537; x_wconf 88' lang='lat' dir='ltr'><strong>scripta</strong></span> <span class='ocrx_word' id='word_1_176' title='bbox 2992 1468 3400 1538; x_wconf 86' lang='lat' dir='ltr'><strong>prophetarum,</strong></span> 
     </span>
    </p>
   </div>
   <div class='ocr_carea' id='block_1_27' title="bbox 156 1545 1751 1639">
    <p class='ocr_par' dir='ltr' id='par_1_27' title="bbox 156 1545 1727 1639">
     <span class='ocr_line' id='line_1_27' title="bbox 156 1545 1727 1639; baseline -0.001 -16"><span class='ocrx_word' id='word_1_177' title='bbox 156 1545 291 1634; x_wconf 65' lang='lat' dir='ltr'><strong>.iiag.</strong></span> <span class='ocrx_word' id='word_1_178' title='bbox 344 1569 456 1622; x_wconf 75' lang='grc' dir='ltr'><strong>Καὶ</strong></span> <span class='ocrx_word' id='word_1_179' title='bbox 470 1545 585 1638; x_wconf 63' lang='grc' dir='ltr'>’τὴν</span> <span class='ocrx_word' id='word_1_180' title='bbox 638 1545 889 1638; x_wconf 69' lang='grc' dir='ltr'>ἄγνοιαν</span> <span class='ocrx_word' id='word_1_181' title='bbox 915 1570 1008 1622; x_wconf 88' lang='grc' dir='ltr'><strong>τοῦ</strong></span> <span class='ocrx_word' id='word_1_182' title='bbox 1050 1567 1186 1623; x_wconf 85' lang='grc' dir='ltr'>Θεοῦ</span> <span class='ocrx_word' id='word_1_183' title='bbox 1222 1545 1546 1639; x_wconf 74' lang='grc' dir='ltr'>μεταϐαλεῖν</span> <span class='ocrx_word' id='word_1_184' title='bbox 1594 1568 1727 1638; x_wconf 74' lang='grc' dir='ltr'>ἡμῖν</span> 
     </span>
    </p>
   </div>
   <div class='ocr_carea' id='block_1_28' title="bbox 1856 1545 3407 1639">
    <p class='ocr_par' dir='ltr' id='par_1_28' title="bbox 1856 1560 3407 1631">
     <span class='ocr_line' id='line_1_28' title="bbox 1856 1560 3407 1631; baseline -0.003 -16"><span class='ocrx_word' id='word_1_185' title='bbox 1856 1577 1887 1615; x_wconf 95' lang='lat' dir='ltr'><strong>n</strong></span> <span class='ocrx_word' id='word_1_186' title='bbox 1930 1562 2134 1631; x_wconf 86' lang='lat' dir='ltr'><strong>quibus</strong></span> <span class='ocrx_word' id='word_1_187' title='bbox 2164 1562 2339 1617; x_wconf 63' lang='lat' dir='ltr'><strong>beatae</strong></span> <span class='ocrx_word' id='word_1_188' title='bbox 2370 1563 2496 1615; x_wconf 70' lang='lat' dir='ltr'><strong>vitae</strong></span> <span class='ocrx_word' id='word_1_189' title='bbox 2510 1561 2654 1615; x_wconf 85' lang='lat' dir='ltr'><strong>ratio</strong></span> <span class='ocrx_word' id='word_1_190' title='bbox 2681 1560 2843 1616; x_wconf 85' lang='lat' dir='ltr'><strong>nobis</strong></span> <span class='ocrx_word' id='word_1_191' title='bbox 2860 1563 3126 1630; x_wconf 88' lang='lat' dir='ltr'><strong>aperitur,</strong></span> <span class='ocrx_word' id='word_1_192' title='bbox 3146 1560 3407 1630; x_wconf 85' lang='lat' dir='ltr'><strong>appellat,</strong></span> 
     </span>
    </p>
   </div>
   <div class='ocr_carea' id='block_1_29' title="bbox 179 1652 1751 1730">
    <p class='ocr_par' dir='ltr' id='par_1_29' title="bbox 179 1657 1727 1730">
     <span class='ocr_line' id='line_1_29' title="bbox 179 1657 1727 1730; baseline -0.003 -14"><span class='ocrx_word' id='word_1_193' title='bbox 179 1665 246 1729; x_wconf 78' lang='grc' dir='ltr'>εὶς</span> <span class='ocrx_word' id='word_1_194' title='bbox 269 1659 408 1730; x_wconf 66' lang='grc' dir='ltr'>φῶς,</span> <span class='ocrx_word' id='word_1_195' title='bbox 455 1661 552 1714; x_wconf 77' lang='grc' dir='ltr'>καὶ</span> <span class='ocrx_word' id='word_1_196' title='bbox 596 1664 667 1714; x_wconf 81' lang='grc' dir='ltr'>τὰ</span> <span class='ocrx_word' id='word_1_197' title='bbox 693 1662 860 1715; x_wconf 81' lang='grc' dir='ltr'>πάλαι</span> <span class='ocrx_word' id='word_1_198' title='bbox 902 1661 1129 1718; x_wconf 77' lang='grc' dir='ltr'>σκολιά</span> <span class='ocrx_word' id='word_1_199' title='bbox 1166 1678 1225 1715; x_wconf 89' lang='grc' dir='ltr'><strong>τε</strong></span> <span class='ocrx_word' id='word_1_200' title='bbox 1275 1662 1370 1715; x_wconf 75' lang='grc' dir='ltr'>καὶ</span> <span class='ocrx_word' id='word_1_201' title='bbox 1401 1660 1586 1729; x_wconf 84' lang='grc' dir='ltr'>ἀσαφῆ</span> <span class='ocrx_word' id='word_1_202' title='bbox 1629 1657 1727 1712; x_wconf 85' lang='grc' dir='ltr'><strong>τοῦ</strong></span> 
     </span>
    </p>
   </div>
   <div class='ocr_carea' id='block_1_30' title="bbox 1856 1652 3407 1730">
    <p class='ocr_par' dir='ltr' id='par_1_30' title="bbox 1856 1652 3407 1723">
     <span class='ocr_line' id='line_1_30' title="bbox 1856 1652 3407 1723; baseline 0.001 -18"><span class='ocrx_word' id='word_1_203' title='bbox 1856 1652 2044 1723; x_wconf 82' lang='lat' dir='ltr'><strong>)eique</strong></span> <span class='ocrx_word' id='word_1_204' title='bbox 2093 1654 2484 1723; x_wconf 79' lang='lat' dir='ltr'><strong>ignorationem</strong></span> <span class='ocrx_word' id='word_1_205' title='bbox 2520 1654 2577 1707; x_wconf 86' lang='lat' dir='ltr'><strong>in</strong></span> <span class='ocrx_word' id='word_1_206' title='bbox 2616 1652 2809 1715; x_wconf 82' lang='lat' dir='ltr'><strong>lucem,</strong></span> <span class='ocrx_word' id='word_1_207' title='bbox 2862 1662 2915 1707; x_wconf 86' lang='lat' dir='ltr'><strong>et</strong></span> <span class='ocrx_word' id='word_1_208' title='bbox 2958 1668 3081 1723; x_wconf 68' lang='lat' dir='ltr'><strong>quin</strong></span> <span class='ocrx_word' id='word_1_209' title='bbox 3130 1654 3407 1721; x_wconf 85' lang='lat' dir='ltr'><strong>quondam</strong></span> 
     </span>
    </p>
   </div>
   <div class='ocr_carea' id='block_1_31' title="bbox 180 1744 1751 1825">
    <p class='ocr_par' dir='ltr' id='par_1_31' title="bbox 180 1746 1728 1825">
     <span class='ocr_line' id='line_1_31' title="bbox 180 1746 1728 1825; baseline -0.001 -17"><span class='ocrx_word' id='word_1_210' title='bbox 180 1753 289 1808; x_wconf 77' lang='grc' dir='ltr'>Θεοῦ</span> <span class='ocrx_word' id='word_1_211' title='bbox 365 1754 525 1821; x_wconf 76' lang='grc' dir='ltr'>λόγια</span> <span class='ocrx_word' id='word_1_212' title='bbox 593 1753 918 1825; x_wconf 85' lang='grc' dir='ltr'>γενήσεσθαί</span> <span class='ocrx_word' id='word_1_213' title='bbox 986 1765 1147 1825; x_wconf 77' lang='grc' dir='ltr'>φησιν</span> <span class='ocrx_word' id='word_1_214' title='bbox 1212 1751 1431 1825; x_wconf 73' lang='grc' dir='ltr'><strong>ὁμαλά.</strong></span> <span class='ocrx_word' id='word_1_215' title='bbox 1491 1752 1607 1822; x_wconf 79' lang='grc' dir='ltr'><strong>Ἐφ’</strong></span> <span class='ocrx_word' id='word_1_216' title='bbox 1647 1746 1728 1816; x_wconf 83' lang='grc' dir='ltr'>οἷς</span> 
     </span>
    </p>
   </div>
   <div class='ocr_carea' id='block_1_32' title="bbox 1856 1744 3412 1825">
    <p class='ocr_par' dir='ltr' id='par_1_32' title="bbox 1856 1744 3412 1817">
     <span class='ocr_line' id='line_1_32' title="bbox 1856 1744 3412 1817; baseline 0 -18"><span class='ocrx_word' id='word_1_217' title='bbox 1856 1746 2054 1815; x_wconf 74' lang='grc' dir='ltr'>ιὺίὲᾳιια</span> <span class='ocrx_word' id='word_1_218' title='bbox 2089 1746 2441 1817; x_wconf 78' lang='lat' dir='ltr'><strong>dilﬁciliaque</strong></span> <span class='ocrx_word' id='word_1_219' title='bbox 2487 1746 2741 1807; x_wconf 76' lang='lat' dir='ltr'><strong>fuerant,</strong></span> <span class='ocrx_word' id='word_1_220' title='bbox 2793 1745 2960 1811; x_wconf 85' lang='lat' dir='ltr'><strong>plana</strong></span> <span class='ocrx_word' id='word_1_221' title='bbox 2996 1755 3052 1800; x_wconf 90' lang='lat' dir='ltr'><strong>et</strong></span> <span class='ocrx_word' id='word_1_222' title='bbox 3088 1753 3235 1799; x_wconf 89' lang='lat' dir='ltr'><strong>recta</strong></span> <span class='ocrx_word' id='word_1_223' title='bbox 3294 1744 3412 1799; x_wconf 78' lang='lat' dir='ltr'><strong>fore</strong></span> 
     </span>
    </p>
   </div>
   <div class='ocr_carea' id='block_1_33' title="bbox 179 1831 1751 1918">
    <p class='ocr_par' dir='ltr' id='par_1_33' title="bbox 179 1847 1733 1918">
     <span class='ocr_line' id='line_1_33' title="bbox 179 1847 1733 1918; baseline 0.001 -17"><span class='ocrx_word' id='word_1_224' title='bbox 179 1849 469 1918; x_wconf 79' lang='grc' dir='ltr'>ἐπήνεγκε,</span> <span class='ocrx_word' id='word_1_225' title='bbox 528 1848 719 1902; x_wconf 77' lang='grc' dir='ltr'>Ταῦτα</span> <span class='ocrx_word' id='word_1_226' title='bbox 779 1848 851 1900; x_wconf 83' lang='grc' dir='ltr'>τὰ</span> <span class='ocrx_word' id='word_1_227' title='bbox 918 1849 1157 1917; x_wconf 72' lang='grc' dir='ltr'>ῥήματα</span> <span class='ocrx_word' id='word_1_228' title='bbox 1213 1847 1449 1917; x_wconf 82' lang='grc' dir='ltr'>ποιήσω</span> <span class='ocrx_word' id='word_1_229' title='bbox 1506 1847 1733 1913; x_wconf 82' lang='grc' dir='ltr'>αὐτοῖς.</span> 
     </span>
    </p>
   </div>
   <div class='ocr_carea' id='block_1_34' title="bbox 1856 1831 3413 1918">
    <p class='ocr_par' dir='ltr' id='par_1_34' title="bbox 1856 1835 3413 1905">
     <span class='ocr_line' id='line_1_34' title="bbox 1856 1835 3413 1905; baseline -0.001 -14"><span class='ocrx_word' id='word_1_230' title='bbox 1856 1836 2148 1892; x_wconf 72' lang='grc' dir='ltr'>ιοιιὶεοιιιι.</span> <span class='ocrx_word' id='word_1_231' title='bbox 2184 1835 2340 1892; x_wconf 89' lang='lat' dir='ltr'><strong>Unde</strong></span> <span class='ocrx_word' id='word_1_232' title='bbox 2381 1839 2565 1893; x_wconf 80' lang='lat' dir='ltr'><strong>statim</strong></span> <span class='ocrx_word' id='word_1_233' title='bbox 2609 1838 2720 1891; x_wconf 79' lang='lat' dir='ltr'><strong>Iure</strong></span> <span class='ocrx_word' id='word_1_234' title='bbox 2754 1854 2808 1891; x_wconf 88' lang='lat' dir='ltr'><strong>se</strong></span> <span class='ocrx_word' id='word_1_235' title='bbox 2831 1840 2910 1891; x_wconf 85' lang='lat' dir='ltr'><strong>eis</strong></span> <span class='ocrx_word' id='word_1_236' title='bbox 2943 1837 3103 1891; x_wconf 77' lang='lat' dir='ltr'><strong>verba</strong></span> <span class='ocrx_word' id='word_1_237' title='bbox 3141 1837 3413 1905; x_wconf 79' lang='lat' dir='ltr'><strong>facturum</strong></span> 
     </span>
    </p>
   </div>
   <div class='ocr_carea' id='block_1_35' title="bbox 190 1936 1736 2011">
    <p class='ocr_par' dir='ltr' id='par_1_35' title="bbox 190 1936 1736 2011">
     <span class='ocr_line' id='line_1_35' title="bbox 190 1936 1736 2011; baseline -0.001 -17"><span class='ocrx_word' id='word_1_238' title='bbox 190 1938 438 2011; x_wconf 77' lang='grc' dir='ltr'>Ἀκριὸῶς</span> <span class='ocrx_word' id='word_1_239' title='bbox 463 1939 519 1992; x_wconf 79' lang='grc' dir='ltr'>δὲ</span> <span class='ocrx_word' id='word_1_240' title='bbox 545 1936 717 2005; x_wconf 82' lang='grc' dir='ltr'>εἶπεν,</span> <span class='ocrx_word' id='word_1_241' title='bbox 743 1940 828 1997; x_wconf 80' lang='grc' dir='ltr'>ού.</span> <span class='ocrx_word' id='word_1_242' title='bbox 854 1939 1091 2010; x_wconf 74' lang='grc' dir='ltr'>λαλήσω,</span> <span class='ocrx_word' id='word_1_243' title='bbox 1118 1941 1274 2003; x_wconf 84' lang='grc' dir='ltr'>ἀλλὰ,</span> <span class='ocrx_word' id='word_1_244' title='bbox 1287 1938 1541 2010; x_wconf 79' lang='grc' dir='ltr'>ποιήσω.</span> <span class='ocrx_word' id='word_1_245' title='bbox 1562 1939 1736 1993; x_wconf 79' lang='grc' dir='ltr'>Πάλαι</span> 
     </span>
    </p>
   </div>
   <div class='ocr_carea' id='block_1_36' title="bbox 179 2031 1739 2106">
    <p class='ocr_par' dir='ltr' id='par_1_36' title="bbox 179 2031 1739 2106">
     <span class='ocr_line' id='line_1_36' title="bbox 179 2031 1739 2106; baseline -0.001 -20"><span class='ocrx_word' id='word_1_246' title='bbox 179 2034 262 2102; x_wconf 82' lang='grc' dir='ltr'>μὲν</span> <span class='ocrx_word' id='word_1_247' title='bbox 286 2033 397 2103; x_wconf 82' lang='grc' dir='ltr'><strong>γὰρ</strong></span> <span class='ocrx_word' id='word_1_248' title='bbox 443 2031 537 2084; x_wconf 82' lang='grc' dir='ltr'>διὰ</span> <span class='ocrx_word' id='word_1_249' title='bbox 562 2032 859 2103; x_wconf 76' lang='grc' dir='ltr'>προφητῶν</span> <span class='ocrx_word' id='word_1_250' title='bbox 891 2033 1183 2104; x_wconf 83' lang='grc' dir='ltr'>ἐλελάλητο</span> <span class='ocrx_word' id='word_1_251' title='bbox 1202 2049 1215 2063; x_wconf 90' lang='grc'><strong>·</strong></span> <span class='ocrx_word' id='word_1_252' title='bbox 1242 2033 1339 2088; x_wconf 88' lang='grc' dir='ltr'><strong>νῦν</strong></span> <span class='ocrx_word' id='word_1_253' title='bbox 1364 2034 1420 2087; x_wconf 85' lang='grc' dir='ltr'>δὲ</span> <span class='ocrx_word' id='word_1_254' title='bbox 1459 2034 1527 2086; x_wconf 85' lang='grc' dir='ltr'>δι’</span> <span class='ocrx_word' id='word_1_255' title='bbox 1559 2032 1739 2106; x_wconf 74' lang='grc' dir='ltr'>ἔργων</span> 
     </span>
    </p>
   </div>
   <div class='ocr_carea' id='block_1_37' title="bbox 176 2124 1739 2197">
    <p class='ocr_par' dir='ltr' id='par_1_37' title="bbox 176 2124 1739 2197">
     <span class='ocr_line' id='line_1_37' title="bbox 176 2124 1739 2197; baseline -0.001 -19"><span class='ocrx_word' id='word_1_256' title='bbox 176 2125 431 2178; x_wconf 78' lang='grc' dir='ltr'>ἐπιτελεῖν</span> <span class='ocrx_word' id='word_1_257' title='bbox 486 2124 907 2194; x_wconf 82' lang='grc' dir='ltr'>ἐπαγγέλλεται.</span> <span class='ocrx_word' id='word_1_258' title='bbox 952 2124 1231 2179; x_wconf 79' lang='grc' dir='ltr'>Ἐντεῦθεν</span> <span class='ocrx_word' id='word_1_259' title='bbox 1273 2125 1591 2197; x_wconf 82' lang='grc' dir='ltr'>ἐπιστρέφει</span> <span class='ocrx_word' id='word_1_260' title='bbox 1646 2125 1739 2179; x_wconf 80' lang='grc' dir='ltr'><strong>τὸν</strong></span> 
     </span>
    </p>
   </div>
   <div class='ocr_carea' id='block_1_38' title="bbox 173 2214 1738 2285">
    <p class='ocr_par' dir='ltr' id='par_1_38' title="bbox 173 2214 1738 2285">
     <span class='ocr_line' id='line_1_38' title="bbox 173 2214 1738 2285; baseline 0.002 -18"><span class='ocrx_word' id='word_1_261' title='bbox 173 2215 313 2282; x_wconf 81' lang='grc' dir='ltr'>λόγον</span> <span class='ocrx_word' id='word_1_262' title='bbox 344 2214 445 2267; x_wconf 79' lang='grc' dir='ltr'>ἐπὶ</span> <span class='ocrx_word' id='word_1_263' title='bbox 474 2216 602 2277; x_wconf 83' lang='grc' dir='ltr'>τοὺς</span> <span class='ocrx_word' id='word_1_264' title='bbox 636 2214 805 2268; x_wconf 82' lang='grc' dir='ltr'>πάλαι</span> <span class='ocrx_word' id='word_1_265' title='bbox 846 2214 1107 2285; x_wconf 80' lang='grc' dir='ltr'>μένοντας</span> <span class='ocrx_word' id='word_1_266' title='bbox 1147 2215 1374 2284; x_wconf 84' lang='grc' dir='ltr'>πλησίον</span> <span class='ocrx_word' id='word_1_267' title='bbox 1401 2214 1558 2278; x_wconf 83' lang='grc' dir='ltr'>Θεοῦ,</span> <span class='ocrx_word' id='word_1_268' title='bbox 1586 2216 1738 2270; x_wconf 82' lang='grc' dir='ltr'>ἀπο-</span> 
     </span>
    </p>
   </div>
   <div class='ocr_carea' id='block_1_39' title="bbox 170 2305 1737 2380">
    <p class='ocr_par' dir='ltr' id='par_1_39' title="bbox 170 2305 1737 2380">
     <span class='ocr_line' id='line_1_39' title="bbox 170 2305 1737 2380; baseline 0.004 -19"><span class='ocrx_word' id='word_1_269' title='bbox 170 2308 540 2377; x_wconf 64' lang='grc' dir='ltr'>στραφέντας</span> <span class='ocrx_word' id='word_1_270' title='bbox 571 2306 638 2360; x_wconf 80' lang='grc' dir='ltr'>δὲ</span> <span class='ocrx_word' id='word_1_271' title='bbox 652 2310 739 2372; x_wconf 82' lang='grc' dir='ltr'><strong>είς</strong></span> <span class='ocrx_word' id='word_1_272' title='bbox 757 2305 833 2360; x_wconf 84' lang='grc' dir='ltr'>τὰ</span> <span class='ocrx_word' id='word_1_273' title='bbox 862 2306 1075 2373; x_wconf 74' lang='grc' dir='ltr'>ὀπίσω,</span> <span class='ocrx_word' id='word_1_274' title='bbox 1107 2309 1236 2372; x_wconf 79' lang='grc' dir='ltr'>τοὺς</span> <span class='ocrx_word' id='word_1_275' title='bbox 1269 2308 1553 2373; x_wconf 74' lang='grc' dir='ltr'>Ἰουδαίους</span> <span class='ocrx_word' id='word_1_276' title='bbox 1574 2309 1737 2380; x_wconf 76' lang='grc' dir='ltr'>φημί.</span> 
     </span>
    </p>
   </div>
   <div class='ocr_carea' id='block_1_40' title="bbox 170 2398 1741 2473">
    <p class='ocr_par' dir='ltr' id='par_1_40' title="bbox 170 2398 1741 2473">
     <span class='ocr_line' id='line_1_40' title="bbox 170 2398 1741 2473; baseline 0.001 -20"><span class='ocrx_word' id='word_1_277' title='bbox 170 2401 413 2453; x_wconf 81' lang='grc' dir='ltr'>Δείκνυσι</span> <span class='ocrx_word' id='word_1_278' title='bbox 442 2400 501 2453; x_wconf 83' lang='grc' dir='ltr'>δὲ</span> <span class='ocrx_word' id='word_1_279' title='bbox 558 2398 748 2470; x_wconf 82' lang='grc' dir='ltr'>ὥσπερ</span> <span class='ocrx_word' id='word_1_280' title='bbox 780 2399 965 2463; x_wconf 82' lang='grc' dir='ltr'>αὐτοῖς</span> <span class='ocrx_word' id='word_1_281' title='bbox 1001 2400 1110 2453; x_wconf 88' lang='grc' dir='ltr'><strong>τῶν</strong></span> <span class='ocrx_word' id='word_1_282' title='bbox 1148 2399 1319 2453; x_wconf 88' lang='grc' dir='ltr'>ἐθνῶν</span> <span class='ocrx_word' id='word_1_283' title='bbox 1360 2401 1459 2470; x_wconf 81' lang='grc' dir='ltr'>τὴν</span> <span class='ocrx_word' id='word_1_284' title='bbox 1486 2404 1741 2473; x_wconf 84' lang='grc' dir='ltr'>ἐπιστρο-</span> 
     </span>
    </p>
   </div>
   <div class='ocr_carea' id='block_1_41' title="bbox 172 2491 1743 2561">
    <p class='ocr_par' dir='ltr' id='par_1_41' title="bbox 172 2491 1743 2561">
     <span class='ocr_line' id='line_1_41' title="bbox 172 2491 1743 2561; baseline 0.002 -18"><span class='ocrx_word' id='word_1_285' title='bbox 172 2493 290 2561; x_wconf 77' lang='grc' dir='ltr'>φὴν,</span> <span class='ocrx_word' id='word_1_286' title='bbox 332 2492 433 2546; x_wconf 74' lang='grc' dir='ltr'>καὶ</span> <span class='ocrx_word' id='word_1_287' title='bbox 459 2492 581 2545; x_wconf 79' lang='grc' dir='ltr'>οἵαν</span> <span class='ocrx_word' id='word_1_288' title='bbox 610 2491 770 2561; x_wconf 74' lang='grc' dir='ltr'>ἔσχον</span> <span class='ocrx_word' id='word_1_289' title='bbox 786 2491 1135 2561; x_wconf 70' lang='grc' dir='ltr'>μεταϐολὴν</span> <span class='ocrx_word' id='word_1_290' title='bbox 1161 2492 1241 2555; x_wconf 80' lang='grc' dir='ltr'>εἰς</span> <span class='ocrx_word' id='word_1_291' title='bbox 1275 2492 1391 2561; x_wconf 84' lang='grc' dir='ltr'><strong>φῶς</strong></span> <span class='ocrx_word' id='word_1_292' title='bbox 1422 2496 1485 2547; x_wconf 78' lang='grc' dir='ltr'><strong>ἐκ</strong></span> <span class='ocrx_word' id='word_1_293' title='bbox 1522 2494 1743 2557; x_wconf 84' lang='grc' dir='ltr'>σκότους</span> 
     </span>
    </p>
   </div>
   <div class='ocr_carea' id='block_1_42' title="bbox 169 2582 1745 2655">
    <p class='ocr_par' dir='ltr' id='par_1_42' title="bbox 169 2582 1745 2655">
     <span class='ocr_line' id='line_1_42' title="bbox 169 2582 1745 2655; baseline 0.003 -22"><span class='ocrx_word' id='word_1_294' title='bbox 169 2582 540 2652; x_wconf 72' lang='grc' dir='ltr'><strong>χωρήσαντες,</strong></span> <span class='ocrx_word' id='word_1_295' title='bbox 590 2582 963 2646; x_wconf 81' lang='grc' dir='ltr'>ὀνειδιστικῶς</span> <span class='ocrx_word' id='word_1_296' title='bbox 990 2583 1131 2655; x_wconf 85' lang='grc' dir='ltr'>πρὸς</span> <span class='ocrx_word' id='word_1_297' title='bbox 1172 2584 1300 2646; x_wconf 84' lang='grc' dir='ltr'>τοὺς</span> <span class='ocrx_word' id='word_1_298' title='bbox 1352 2584 1745 2655; x_wconf 82' lang='grc' dir='ltr'>είδωλολὰτρας</span> 
     </span>
    </p>
   </div>
   <div class='ocr_carea' id='block_1_43' title="bbox 169 2672 1746 2746">
    <p class='ocr_par' dir='ltr' id='par_1_43' title="bbox 169 2672 1746 2746">
     <span class='ocr_line' id='line_1_43' title="bbox 169 2672 1746 2746; baseline 0.003 -22"><span class='ocrx_word' id='word_1_299' title='bbox 169 2672 339 2741; x_wconf 81' lang='grc' dir='ltr'>λέγων</span> <span class='ocrx_word' id='word_1_300' title='bbox 363 2688 380 2702; x_wconf 81' lang='lat'><strong><em>°</em></strong></span> <span class='ocrx_word' id='word_1_301' title='bbox 407 2674 790 2743; x_wconf 71' lang='grc' dir='ltr'>Αἰσχύνθητε</span> <span class='ocrx_word' id='word_1_302' title='bbox 820 2674 1150 2744; x_wconf 74' lang='grc' dir='ltr'>αἰσχύνην,</span> <span class='ocrx_word' id='word_1_303' title='bbox 1175 2675 1271 2729; x_wconf 72' lang='grc' dir='ltr'>καὶ</span> <span class='ocrx_word' id='word_1_304' title='bbox 1301 2675 1370 2730; x_wconf 81' lang='grc' dir='ltr'><strong>τὰ</strong></span> <span class='ocrx_word' id='word_1_305' title='bbox 1392 2675 1540 2745; x_wconf 78' lang='grc' dir='ltr'>ἑξῆς.</span> <span class='ocrx_word' id='word_1_306' title='bbox 1568 2676 1746 2746; x_wconf 84' lang='grc' dir='ltr'>Ὅπερ</span> 
     </span>
    </p>
   </div>
   <div class='ocr_carea' id='block_1_44' title="bbox 170 2762 1746 2836">
    <p class='ocr_par' dir='ltr' id='par_1_44' title="bbox 170 2762 1746 2836">
     <span class='ocr_line' id='line_1_44' title="bbox 170 2762 1746 2836; baseline 0.001 -19"><span class='ocrx_word' id='word_1_307' title='bbox 170 2762 415 2836; x_wconf 79' lang='grc' dir='ltr'>ἁκριὸῶς</span> <span class='ocrx_word' id='word_1_308' title='bbox 448 2764 759 2836; x_wconf 80' lang='grc' dir='ltr'>ἐρμήνευσε</span> <span class='ocrx_word' id='word_1_309' title='bbox 808 2764 1107 2835; x_wconf 85' lang='grc' dir='ltr'>Σύμμαχος</span> <span class='ocrx_word' id='word_1_310' title='bbox 1165 2764 1335 2820; x_wconf 86' lang='grc' dir='ltr'>είπών</span> <span class='ocrx_word' id='word_1_311' title='bbox 1360 2781 1375 2797; x_wconf 77' lang='grc'><strong><em>⁸</em></strong></span> <span class='ocrx_word' id='word_1_312' title='bbox 1406 2767 1746 2835; x_wconf 73' lang='grc' dir='ltr'><strong>Αἰσχυνθή-</strong></span> 
     </span>
    </p>
   </div>
   <div class='ocr_carea' id='block_1_45' title="bbox 170 2854 1745 2926">
    <p class='ocr_par' dir='ltr' id='par_1_45' title="bbox 170 2854 1745 2926">
     <span class='ocr_line' id='line_1_45' title="bbox 170 2854 1745 2926; baseline 0.003 -19"><span class='ocrx_word' id='word_1_313' title='bbox 170 2869 383 2908; x_wconf 83' lang='grc' dir='ltr'>σονται</span> <span class='ocrx_word' id='word_1_314' title='bbox 410 2856 720 2924; x_wconf 75' lang='grc' dir='ltr'><strong>αἰσχύνην</strong></span> <span class='ocrx_word' id='word_1_315' title='bbox 751 2857 808 2909; x_wconf 81' lang='grc' dir='ltr'><strong>οι</strong></span> <span class='ocrx_word' id='word_1_316' title='bbox 860 2854 1213 2923; x_wconf 77' lang='grc' dir='ltr'>πεποιθότες</span> <span class='ocrx_word' id='word_1_317' title='bbox 1265 2856 1390 2921; x_wconf 80' lang='grc' dir='ltr'>τοῖς</span> <span class='ocrx_word' id='word_1_318' title='bbox 1434 2858 1745 2926; x_wconf 74' lang='grc' dir='ltr'><strong>γλυπτοῖς.</strong></span> 
     </span>
    </p>
   </div>
   <div class='ocr_carea' id='block_1_46' title="bbox 180 2944 1748 3017">
    <p class='ocr_par' dir='ltr' id='par_1_46' title="bbox 180 2944 1748 3017">
     <span class='ocr_line' id='line_1_46' title="bbox 180 2944 1748 3017; baseline 0.004 -22"><span class='ocrx_word' id='word_1_319' title='bbox 180 2944 233 2995; x_wconf 86' lang='lat'><strong>&#39;0</strong></span> <span class='ocrx_word' id='word_1_320' title='bbox 266 2944 326 2998; x_wconf 83' lang='grc' dir='ltr'>δὲ</span> <span class='ocrx_word' id='word_1_321' title='bbox 380 2944 642 3011; x_wconf 83' lang='grc' dir='ltr'>’Δκύλας,</span> <span class='ocrx_word' id='word_1_322' title='bbox 672 2947 1200 3017; x_wconf 75' lang='grc' dir='ltr'>αἱσχυνθήτωσαν.</span> <span class='ocrx_word' id='word_1_323' title='bbox 1231 2948 1289 3000; x_wconf 90' lang='lat'><strong>&#39;0</strong></span> <span class='ocrx_word' id='word_1_324' title='bbox 1334 2946 1392 3002; x_wconf 84' lang='grc' dir='ltr'>δὲ</span> <span class='ocrx_word' id='word_1_325' title='bbox 1437 2947 1748 3015; x_wconf 79' lang='grc' dir='ltr'>Θεοδοτίων,</span> 
     </span>
    </p>
   </div>
   <div class='ocr_carea' id='block_1_47' title="bbox 174 3038 1753 3111">
    <p class='ocr_par' dir='ltr' id='par_1_47' title="bbox 174 3038 1753 3111">
     <span class='ocr_line' id='line_1_47' title="bbox 174 3038 1753 3111; baseline 0.004 -24"><span class='ocrx_word' id='word_1_326' title='bbox 174 3038 818 3106; x_wconf 66' lang='grc' dir='ltr'>ωταισχυνθήτωσαν.</span> <span class='ocrx_word' id='word_1_327' title='bbox 877 3040 986 3093; x_wconf 76' lang='grc' dir='ltr'><strong>Καὶ</strong></span> <span class='ocrx_word' id='word_1_328' title='bbox 1036 3039 1147 3111; x_wconf 86' lang='grc' dir='ltr'>γὰρ</span> <span class='ocrx_word' id='word_1_329' title='bbox 1205 3039 1419 3109; x_wconf 86' lang='grc' dir='ltr'>ἀληθῶς</span> <span class='ocrx_word' id='word_1_330' title='bbox 1461 3041 1569 3094; x_wconf 86' lang='grc' dir='ltr'><strong>τῶν</strong></span> <span class='ocrx_word' id='word_1_331' title='bbox 1623 3044 1753 3111; x_wconf 75' lang='grc' dir='ltr'>πρὶν</span> 
     </span>
    </p>
   </div>
   <div class='ocr_carea' id='block_1_48' title="bbox 176 3124 1750 3201">
    <p class='ocr_par' dir='ltr' id='par_1_48' title="bbox 176 3124 1750 3201">
     <span class='ocr_line' id='line_1_48' title="bbox 176 3124 1750 3201; baseline 0.005 -28"><span class='ocrx_word' id='word_1_332' title='bbox 176 3124 708 3199; x_wconf 78' lang='grc' dir='ltr'>είδωλολατρούντων</span> <span class='ocrx_word' id='word_1_333' title='bbox 733 3129 905 3183; x_wconf 89' lang='grc' dir='ltr'>ἐθνῶν</span> <span class='ocrx_word' id='word_1_334' title='bbox 936 3130 1293 3201; x_wconf 77' lang='grc' dir='ltr'>μεταϐάντων</span> <span class='ocrx_word' id='word_1_335' title='bbox 1311 3133 1389 3195; x_wconf 87' lang='grc' dir='ltr'><strong>είς</strong></span> <span class='ocrx_word' id='word_1_336' title='bbox 1416 3131 1750 3197; x_wconf 77' lang='grc' dir='ltr'>θεοσέϐειαν,</span> 
     </span>
    </p>
   </div>
   <div class='ocr_carea' id='block_1_49' title="bbox 176 3217 1756 3292">
    <p class='ocr_par' dir='ltr' id='par_1_49' title="bbox 176 3217 1756 3292">
     <span class='ocr_line' id='line_1_49' title="bbox 176 3217 1756 3292; baseline 0.006 -24"><span class='ocrx_word' id='word_1_337' title='bbox 176 3217 233 3269; x_wconf 79' lang='grc' dir='ltr'>τὸ</span> <span class='ocrx_word' id='word_1_338' title='bbox 264 3218 544 3273; x_wconf 82' lang='grc' dir='ltr'>Ἰουδαίων</span> <span class='ocrx_word' id='word_1_339' title='bbox 567 3219 719 3285; x_wconf 77' lang='grc' dir='ltr'>ἔθνος</span> <span class='ocrx_word' id='word_1_340' title='bbox 742 3221 1022 3291; x_wconf 75' lang='grc' dir='ltr'><strong>ᾐσχύνθη</strong></span> <span class='ocrx_word' id='word_1_341' title='bbox 1046 3238 1059 3252; x_wconf 89' lang='grc'><strong>·</strong></span> <span class='ocrx_word' id='word_1_342' title='bbox 1090 3223 1184 3276; x_wconf 73' lang='grc' dir='ltr'>καὶ</span> <span class='ocrx_word' id='word_1_343' title='bbox 1203 3223 1296 3277; x_wconf 85' lang='grc' dir='ltr'><strong>νῦν</strong></span> <span class='ocrx_word' id='word_1_344' title='bbox 1324 3224 1756 3292; x_wconf 67' lang='grc' dir='ltr'>αἰσχυνθέντες</span> 
     </span>
    </p>
   </div>
   <div class='ocr_carea' id='block_1_50' title="bbox 180 3309 1755 3385">
    <p class='ocr_par' dir='ltr' id='par_1_50' title="bbox 180 3309 1755 3385">
     <span class='ocr_line' id='line_1_50' title="bbox 180 3309 1755 3385; baseline 0.004 -22"><span class='ocrx_word' id='word_1_345' title='bbox 180 3309 491 3364; x_wconf 74' lang='grc' dir='ltr'>ἐπαύσαντο</span> <span class='ocrx_word' id='word_1_346' title='bbox 524 3311 650 3375; x_wconf 80' lang='grc' dir='ltr'>τοὺς</span> <span class='ocrx_word' id='word_1_347' title='bbox 697 3312 866 3367; x_wconf 85' lang='grc' dir='ltr'>πάλαι</span> <span class='ocrx_word' id='word_1_348' title='bbox 898 3313 1169 3385; x_wconf 76' lang='grc' dir='ltr'>τυφλοὺς</span> <span class='ocrx_word' id='word_1_349' title='bbox 1206 3315 1574 3385; x_wconf 76' lang='grc' dir='ltr'>φωτισθέντας</span> <span class='ocrx_word' id='word_1_350' title='bbox 1618 3315 1755 3369; x_wconf 81' lang='grc' dir='ltr'>ἰδόν-</span> 
     </span>
    </p>
   </div>
   <div class='ocr_carea' id='block_1_51' title="bbox 181 3418 283 3465">
    <p class='ocr_par' dir='ltr' id='par_1_51' title="bbox 181 3418 283 3465">
     <span class='ocr_line' id='line_1_51' title="bbox 181 3418 283 3465; baseline 0.02 -12"><span class='ocrx_word' id='word_1_351' title='bbox 181 3418 283 3465; x_wconf 85' lang='grc' dir='ltr'>τες.</span> 
     </span>
    </p>
   </div>
   <div class='ocr_carea' id='block_1_52' title="bbox 257 3494 1758 3569">
    <p class='ocr_par' dir='ltr' id='par_1_52' title="bbox 257 3494 1758 3569">
     <span class='ocr_line' id='line_1_52' title="bbox 257 3494 1758 3569; baseline 0.003 -23"><span class='ocrx_word' id='word_1_352' title='bbox 257 3494 610 3563; x_wconf 78' lang='grc' dir='ltr'>Ἐμφατικῶς</span> <span class='ocrx_word' id='word_1_353' title='bbox 640 3494 696 3549; x_wconf 71' lang='grc' dir='ltr'>δὲ</span> <span class='ocrx_word' id='word_1_354' title='bbox 728 3495 869 3566; x_wconf 31' lang='grc' dir='ltr'>λίανί</span> <span class='ocrx_word' id='word_1_355' title='bbox 895 3496 1002 3568; x_wconf 72' lang='grc' dir='ltr'>ἔφη</span> <span class='ocrx_word' id='word_1_356' title='bbox 1057 3498 1188 3569; x_wconf 75' lang='grc' dir='ltr'>περὶ</span> <span class='ocrx_word' id='word_1_357' title='bbox 1245 3498 1446 3551; x_wconf 68' lang='grc' dir='ltr'>αὐτῶν*</span> <span class='ocrx_word' id='word_1_358' title='bbox 1504 3499 1669 3552; x_wconf 54' lang='lat' dir='ltr'><strong>sca—.01</strong></span> <span class='ocrx_word' id='word_1_359' title='bbox 1701 3499 1758 3551; x_wconf 75' lang='grc' dir='ltr'>δὲ</span> 
     </span>
    </p>
   </div>
   <div class='ocr_carea' id='block_1_53' title="bbox 184 3586 1760 3661">
    <p class='ocr_par' dir='ltr' id='par_1_53' title="bbox 184 3586 1760 3661">
     <span class='ocr_line' id='line_1_53' title="bbox 184 3586 1760 3661; baseline 0.002 -21"><span class='ocrx_word' id='word_1_360' title='bbox 184 3586 662 3656; x_wconf 61' lang='grc' dir='ltr'>ἀπεστράφησαν</span> <span class='ocrx_word' id='word_1_361' title='bbox 685 3590 736 3641; x_wconf 78' lang='grc' dir='ltr'>οἱ</span> <span class='ocrx_word' id='word_1_362' title='bbox 762 3588 913 3661; x_wconf 85' lang='grc' dir='ltr'>νόμῳ</span> <span class='ocrx_word' id='word_1_363' title='bbox 944 3589 1074 3659; x_wconf 85' lang='grc' dir='ltr'>θείῳ</span> <span class='ocrx_word' id='word_1_364' title='bbox 1110 3589 1460 3658; x_wconf 83' lang='grc' dir='ltr'>παιδαγωγού</span> <span class='ocrx_word' id='word_1_365' title='bbox 1469 3608 1637 3660; x_wconf 83' lang='grc' dir='ltr'>μενοι,</span> <span class='ocrx_word' id='word_1_366' title='bbox 1663 3591 1760 3644; x_wconf 74' lang='grc' dir='ltr'>καὶ</span> 
     </span>
    </p>
   </div>
   <div class='ocr_carea' id='block_1_54' title="bbox 187 3680 1758 3755">
    <p class='ocr_par' dir='ltr' id='par_1_54' title="bbox 187 3680 1758 3755">
     <span class='ocr_line' id='line_1_54' title="bbox 187 3680 1758 3755; baseline 0.004 -26"><span class='ocrx_word' id='word_1_367' title='bbox 187 3680 269 3731; x_wconf 69' lang='grc' dir='ltr'>τὸν</span> <span class='ocrx_word' id='word_1_368' title='bbox 294 3680 402 3733; x_wconf 89' lang='grc' dir='ltr'><strong>τῶν</strong></span> <span class='ocrx_word' id='word_1_369' title='bbox 430 3681 570 3734; x_wconf 82' lang='grc' dir='ltr'>ὅλων</span> <span class='ocrx_word' id='word_1_370' title='bbox 599 3681 901 3749; x_wconf 74' lang='grc' dir='ltr'>ἐγνωκότες</span> <span class='ocrx_word' id='word_1_371' title='bbox 932 3681 1085 3735; x_wconf 84' lang='grc' dir='ltr'>Θεόν’</span> <span class='ocrx_word' id='word_1_372' title='bbox 1112 3683 1307 3755; x_wconf 80' lang='grc' dir='ltr'>ῆκουον</span> <span class='ocrx_word' id='word_1_373' title='bbox 1341 3681 1473 3753; x_wconf 81' lang='grc' dir='ltr'>γὰρ,</span> <span class='ocrx_word' id='word_1_374' title='bbox 1507 3700 1526 3734; x_wconf 86' lang='grc' dir='ltr'><strong>ι</strong></span> <span class='ocrx_word' id='word_1_375' title='bbox 1556 3682 1758 3752; x_wconf 78' lang='grc' dir='ltr'>Κύριος</span> 
     </span>
    </p>
   </div>
   <div class='ocr_carea' id='block_1_55' title="bbox 190 3767 1762 3845">
    <p class='ocr_par' dir='ltr' id='par_1_55' title="bbox 190 3767 1762 3845">
     <span class='ocr_line' id='line_1_55' title="bbox 190 3767 1762 3845; baseline 0.006 -26"><span class='ocrx_word' id='word_1_376' title='bbox 190 3768 360 3832; x_wconf 81' lang='grc' dir='ltr'>ὁΘεός</span> <span class='ocrx_word' id='word_1_377' title='bbox 410 3788 529 3836; x_wconf 88' lang='grc' dir='ltr'>σου,</span> <span class='ocrx_word' id='word_1_378' title='bbox 585 3772 791 3845; x_wconf 73' lang='grc' dir='ltr'>Κύριος</span> <span class='ocrx_word' id='word_1_379' title='bbox 830 3767 911 3837; x_wconf 82' lang='grc' dir='ltr'>εἷς</span> <span class='ocrx_word' id='word_1_380' title='bbox 933 3774 1102 3828; x_wconf 85' lang='grc' dir='ltr'>ἐστιν.</span> <span class='ocrx_word' id='word_1_381' title='bbox 1134 3793 1152 3826; x_wconf 77' lang='grc' dir='ltr'><strong>ι</strong></span> <span class='ocrx_word' id='word_1_382' title='bbox 1191 3774 1324 3840; x_wconf 74' lang='grc' dir='ltr'>Καὶ,</span> <span class='ocrx_word' id='word_1_383' title='bbox 1364 3792 1384 3825; x_wconf 82' lang='grc' dir='ltr'><strong>ι</strong></span> <span class='ocrx_word' id='word_1_384' title='bbox 1407 3776 1519 3828; x_wconf 85' lang='grc' dir='ltr'><strong>Οὐκ</strong></span> <span class='ocrx_word' id='word_1_385' title='bbox 1548 3773 1762 3828; x_wconf 77' lang='grc' dir='ltr'>ἔσονταί</span> 
     </span>
    </p>
   </div>
   <div class='ocr_carea' id='block_1_56' title="bbox 196 3861 1762 3936">
    <p class='ocr_par' dir='ltr' id='par_1_56' title="bbox 196 3861 1762 3936">
     <span class='ocr_line' id='line_1_56' title="bbox 196 3861 1762 3936; baseline 0.008 -23"><span class='ocrx_word' id='word_1_386' title='bbox 196 3876 270 3914; x_wconf 85' lang='grc' dir='ltr'><strong>σοι</strong></span> <span class='ocrx_word' id='word_1_387' title='bbox 298 3861 411 3915; x_wconf 76' lang='grc' dir='ltr'>θεοὶ</span> <span class='ocrx_word' id='word_1_388' title='bbox 452 3862 594 3933; x_wconf 82' lang='grc' dir='ltr'>πλὴν</span> <span class='ocrx_word' id='word_1_389' title='bbox 630 3865 784 3935; x_wconf 81' lang='grc' dir='ltr'>ἐμοῦ.</span> <span class='ocrx_word' id='word_1_390' title='bbox 810 3884 830 3918; x_wconf 76' lang='grc' dir='ltr'><strong>ι</strong></span> <span class='ocrx_word' id='word_1_391' title='bbox 866 3864 1052 3920; x_wconf 85' lang='grc' dir='ltr'>Ταῦτα</span> <span class='ocrx_word' id='word_1_392' title='bbox 1076 3865 1268 3930; x_wconf 79' lang='grc' dir='ltr'>εἰπὼν,</span> <span class='ocrx_word' id='word_1_393' title='bbox 1301 3866 1378 3930; x_wconf 83' lang='grc' dir='ltr'>ὡς</span> <span class='ocrx_word' id='word_1_394' title='bbox 1410 3868 1488 3930; x_wconf 75' lang='grc' dir='ltr'><strong>είς</strong></span> <span class='ocrx_word' id='word_1_395' title='bbox 1548 3867 1762 3936; x_wconf 69' lang='grc' dir='ltr'>κωφῶν</span> 
     </span>
    </p>
   </div>
   <div class='ocr_carea' id='block_1_57' title="bbox 196 3946 1760 4030">
    <p class='ocr_par' dir='ltr' id='par_1_57' title="bbox 196 3946 1760 4030">
     <span class='ocr_line' id='line_1_57' title="bbox 196 3946 1760 4030; baseline 0.003 -24"><span class='ocrx_word' id='word_1_396' title='bbox 196 3946 300 4008; x_wconf 76' lang='grc' dir='ltr'>ὦτα</span> <span class='ocrx_word' id='word_1_397' title='bbox 357 3957 607 4028; x_wconf 82' lang='grc' dir='ltr'>κραυγὴν</span> <span class='ocrx_word' id='word_1_398' title='bbox 649 3958 831 4026; x_wconf 78' lang='grc' dir='ltr'>ἀφιεὶς</span> <span class='ocrx_word' id='word_1_399' title='bbox 876 3959 1102 4030; x_wconf 73' lang='grc' dir='ltr'>ἐπιϐοᾷο</span> <span class='ocrx_word' id='word_1_400' title='bbox 1131 3961 1196 4012; x_wconf 78' lang='grc' dir='ltr'><em>Οἱ</em></span> <span class='ocrx_word' id='word_1_401' title='bbox 1218 3959 1760 4027; x_wconf 74' lang='grc' dir='ltr'>κωφοὶ,ἁκούσατε.</span> 
     </span>
    </p>
   </div>
   <div class='ocr_carea' id='block_1_58' title="bbox 207 4043 1760 4122">
    <p class='ocr_par' dir='ltr' id='par_1_58' title="bbox 207 4043 1760 4122">
     <span class='ocr_line' id='line_1_58' title="bbox 207 4043 1760 4122; baseline 0.009 -29"><span class='ocrx_word' id='word_1_402' title='bbox 207 4043 287 4108; x_wconf 83' lang='grc' dir='ltr'>Ὧς</span> <span class='ocrx_word' id='word_1_403' title='bbox 318 4044 383 4100; x_wconf 82' lang='grc' dir='ltr'>ἂν</span> <span class='ocrx_word' id='word_1_404' title='bbox 411 4048 469 4099; x_wconf 72' lang='grc' dir='ltr'>δὲ</span> <span class='ocrx_word' id='word_1_405' title='bbox 501 4048 580 4117; x_wconf 81' lang='grc' dir='ltr'>μὴ</span> <span class='ocrx_word' id='word_1_406' title='bbox 601 4047 834 4119; x_wconf 81' lang='grc' dir='ltr'>νομισθῇ</span> <span class='ocrx_word' id='word_1_407' title='bbox 869 4050 998 4121; x_wconf 76' lang='grc' dir='ltr'>περὶ</span> <span class='ocrx_word' id='word_1_408' title='bbox 1044 4050 1155 4103; x_wconf 87' lang='grc' dir='ltr'><strong>τῶν</strong></span> <span class='ocrx_word' id='word_1_409' title='bbox 1180 4049 1350 4104; x_wconf 87' lang='grc' dir='ltr'>ἐθνῶν</span> <span class='ocrx_word' id='word_1_410' title='bbox 1371 4054 1399 4105; x_wconf 81' lang='grc' dir='ltr'>ὁ</span> <span class='ocrx_word' id='word_1_411' title='bbox 1424 4051 1579 4120; x_wconf 80' lang='grc' dir='ltr'>λόγος</span> <span class='ocrx_word' id='word_1_412' title='bbox 1610 4052 1760 4122; x_wconf 79' lang='grc' dir='ltr'>εἰρῆ-</span> 
     </span>
    </p>
   </div>
   <div class='ocr_carea' id='block_1_59' title="bbox 199 4137 1763 4215">
    <p class='ocr_par' dir='ltr' id='par_1_59' title="bbox 199 4137 1763 4215">
     <span class='ocr_line' id='line_1_59' title="bbox 199 4137 1763 4215; baseline 0.004 -25"><span class='ocrx_word' id='word_1_413' title='bbox 199 4137 311 4192; x_wconf 81' lang='grc' dir='ltr'>σθαι</span> <span class='ocrx_word' id='word_1_414' title='bbox 332 4139 524 4210; x_wconf 81' lang='grc' dir='ltr'>(πάλαι</span> <span class='ocrx_word' id='word_1_415' title='bbox 556 4141 666 4211; x_wconf 84' lang='grc' dir='ltr'><strong>γὰρ</strong></span> <span class='ocrx_word' id='word_1_416' title='bbox 697 4141 926 4206; x_wconf 87' lang='grc' dir='ltr'>ἐκείνοις</span> <span class='ocrx_word' id='word_1_417' title='bbox 954 4142 1127 4197; x_wconf 86' lang='grc' dir='ltr'>ταῦτα</span> <span class='ocrx_word' id='word_1_418' title='bbox 1164 4144 1418 4215; x_wconf 79' lang='grc' dir='ltr'>προσῆν),</span> <span class='ocrx_word' id='word_1_419' title='bbox 1448 4143 1763 4215; x_wconf 75' lang='grc' dir='ltr'>διορίζεται,</span> 
     </span>
    </p>
   </div>
   <div class='ocr_carea' id='block_1_60' title="bbox 197 4232 1765 4307">
    <p class='ocr_par' dir='ltr' id='par_1_60' title="bbox 197 4232 1765 4307">
     <span class='ocr_line' id='line_1_60' title="bbox 197 4232 1765 4307; baseline 0.004 -23"><span class='ocrx_word' id='word_1_420' title='bbox 197 4233 295 4286; x_wconf 78' lang='grc' dir='ltr'><strong>Καὶ</strong></span> <span class='ocrx_word' id='word_1_421' title='bbox 347 4234 439 4300; x_wconf 81' lang='grc' dir='ltr'><strong>τίς</strong></span> <span class='ocrx_word' id='word_1_422' title='bbox 492 4232 723 4303; x_wconf 76' lang='grc' dir='ltr'>τυφλὸς</span> <span class='ocrx_word' id='word_1_423' title='bbox 776 4233 975 4303; x_wconf 75' lang='grc' dir='ltr'><strong>ἀλλ’ἢ</strong></span> <span class='ocrx_word' id='word_1_424' title='bbox 1015 4238 1069 4290; x_wconf 77' lang='grc' dir='ltr'><strong>οι</strong></span> <span class='ocrx_word' id='word_1_425' title='bbox 1091 4236 1299 4303; x_wconf 82' lang='grc' dir='ltr'>παῖδές</span> <span class='ocrx_word' id='word_1_426' title='bbox 1353 4253 1503 4307; x_wconf 78' lang='grc' dir='ltr'>μου;</span> <span class='ocrx_word' id='word_1_427' title='bbox 1545 4232 1765 4292; x_wconf 78' lang='grc' dir='ltr'>Ἀνθ“οῦ</span> 
     </span>
    </p>
   </div>
   <div class='ocr_carea' id='block_1_61' title="bbox 197 4322 1765 4399">
    <p class='ocr_par' dir='ltr' id='par_1_61' title="bbox 197 4322 1765 4399">
     <span class='ocr_line' id='line_1_61' title="bbox 197 4322 1765 4399; baseline 0.006 -24"><span class='ocrx_word' id='word_1_428' title='bbox 197 4322 483 4394; x_wconf 76' lang='grc' dir='ltr'>Σύμμαχός</span> <span class='ocrx_word' id='word_1_429' title='bbox 519 4342 695 4396; x_wconf 79' lang='grc' dir='ltr'>φησι·</span> <span class='ocrx_word' id='word_1_430' title='bbox 730 4325 839 4380; x_wconf 84' lang='grc' dir='ltr'><strong>Καὶ</strong></span> <span class='ocrx_word' id='word_1_431' title='bbox 874 4331 965 4394; x_wconf 81' lang='grc' dir='ltr'><strong>τις</strong></span> <span class='ocrx_word' id='word_1_432' title='bbox 1001 4329 1252 4398; x_wconf 73' lang='grc' dir='ltr'>τυφλὸς,</span> <span class='ocrx_word' id='word_1_433' title='bbox 1282 4331 1334 4383; x_wconf 82' lang='grc' dir='ltr'><strong>εί</strong></span> <span class='ocrx_word' id='word_1_434' title='bbox 1367 4329 1453 4399; x_wconf 83' lang='grc' dir='ltr'>μὴ</span> <span class='ocrx_word' id='word_1_435' title='bbox 1486 4333 1518 4385; x_wconf 87' lang='grc' dir='ltr'><strong><em>ό</em></strong></span> <span class='ocrx_word' id='word_1_436' title='bbox 1546 4330 1765 4396; x_wconf 69' lang='grc' dir='ltr'>δοῦλός</span> 
     </span>
    </p>
   </div>
   <div class='ocr_carea' id='block_1_62' title="bbox 190 4416 1767 4491">
    <p class='ocr_par' dir='ltr' id='par_1_62' title="bbox 190 4416 1767 4491">
     <span class='ocr_line' id='line_1_62' title="bbox 190 4416 1767 4491; baseline 0.006 -23"><span class='ocrx_word' id='word_1_437' title='bbox 190 4432 329 4482; x_wconf 61' lang='lat' dir='ltr'><strong>nov;</strong></span> <span class='ocrx_word' id='word_1_438' title='bbox 347 4416 444 4470; x_wconf 79' lang='grc' dir='ltr'>καὶ</span> <span class='ocrx_word' id='word_1_439' title='bbox 472 4417 674 4485; x_wconf 63' lang='grc' dir='ltr'>κωφὸς</span> <span class='ocrx_word' id='word_1_440' title='bbox 696 4418 776 4484; x_wconf 88' lang='grc' dir='ltr'>ὡς</span> <span class='ocrx_word' id='word_1_441' title='bbox 798 4422 831 4472; x_wconf 84' lang='grc' dir='ltr'><em>ὀ</em></span> <span class='ocrx_word' id='word_1_442' title='bbox 855 4420 1111 4491; x_wconf 75' lang='grc' dir='ltr'>ἄγγελός</span> <span class='ocrx_word' id='word_1_443' title='bbox 1133 4439 1252 4490; x_wconf 83' lang='grc' dir='ltr'>μου</span> <span class='ocrx_word' id='word_1_444' title='bbox 1272 4438 1289 4485; x_wconf 87' lang='grc'><strong><em>;</em></strong></span> <span class='ocrx_word' id='word_1_445' title='bbox 1319 4423 1409 4488; x_wconf 85' lang='grc' dir='ltr'><strong>τίς</strong></span> <span class='ocrx_word' id='word_1_446' title='bbox 1424 4422 1664 4491; x_wconf 63' lang='grc' dir='ltr'><strong>τυφλὸς.</strong></span> <span class='ocrx_word' id='word_1_447' title='bbox 1687 4424 1767 4488; x_wconf 84' lang='grc' dir='ltr'>ὡς</span> 
     </span>
    </p>
   </div>
   <div class='ocr_carea' id='block_1_63' title="bbox 1839 1928 3414 2002">
    <p class='ocr_par' dir='ltr' id='par_1_63' title="bbox 1839 1928 3414 2002">
     <span class='ocr_line' id='line_1_63' title="bbox 1839 1928 3414 2002; baseline 0 -20"><span class='ocrx_word' id='word_1_448' title='bbox 1839 1928 2051 1999; x_wconf 82' lang='lat' dir='ltr'><strong>adjicit.</strong></span> <span class='ocrx_word' id='word_1_449' title='bbox 2097 1931 2363 2000; x_wconf 80' lang='lat' dir='ltr'><strong>Apposite</strong></span> <span class='ocrx_word' id='word_1_450' title='bbox 2409 1941 2593 1985; x_wconf 90' lang='lat' dir='ltr'><strong>autem</strong></span> <span class='ocrx_word' id='word_1_451' title='bbox 2626 1940 2681 1985; x_wconf 92' lang='lat' dir='ltr'><strong>et</strong></span> <span class='ocrx_word' id='word_1_452' title='bbox 2735 1930 3131 2002; x_wconf 81' lang='lat' dir='ltr'><strong>signiﬁcanter,</strong></span> <span class='ocrx_word' id='word_1_453' title='bbox 3180 1946 3292 1984; x_wconf 89' lang='lat' dir='ltr'><strong>non</strong></span> <span class='ocrx_word' id='word_1_454' title='bbox 3331 1929 3414 1983; x_wconf 88' lang='lat' dir='ltr'><strong>di-</strong></span> 
     </span>
    </p>
   </div>
   <div class='ocr_carea' id='block_1_64' title="bbox 1839 2020 3412 2092">
    <p class='ocr_par' dir='ltr' id='par_1_64' title="bbox 1839 2020 3412 2092">
     <span class='ocr_line' id='line_1_64' title="bbox 1839 2020 3412 2092; baseline 0.001 -19"><span class='ocrx_word' id='word_1_455' title='bbox 1839 2020 2000 2075; x_wconf 87' lang='lat' dir='ltr'><strong>cendi</strong></span> <span class='ocrx_word' id='word_1_456' title='bbox 2030 2022 2279 2085; x_wconf 77' lang='lat' dir='ltr'><strong>verbum,</strong></span> <span class='ocrx_word' id='word_1_457' title='bbox 2310 2021 2404 2076; x_wconf 88' lang='lat' dir='ltr'><strong>sed</strong></span> <span class='ocrx_word' id='word_1_458' title='bbox 2432 2021 2665 2090; x_wconf 72' lang='lat' dir='ltr'><strong>faciendi</strong></span> <span class='ocrx_word' id='word_1_459' title='bbox 2690 2022 2999 2092; x_wconf 80' lang='lat' dir='ltr'><strong>usurpavit,</strong></span> <span class='ocrx_word' id='word_1_460' title='bbox 3022 2022 3116 2089; x_wconf 88' lang='lat' dir='ltr'><strong>qui</strong></span> <span class='ocrx_word' id='word_1_461' title='bbox 3146 2035 3268 2091; x_wconf 68' lang='lat' dir='ltr'><strong>quae</strong></span> <span class='ocrx_word' id='word_1_462' title='bbox 3283 2021 3412 2075; x_wconf 89' lang='lat' dir='ltr'><strong>olim</strong></span> 
     </span>
    </p>
   </div>
   <div class='ocr_carea' id='block_1_65' title="bbox 1840 2112 3418 2184">
    <p class='ocr_par' dir='ltr' id='par_1_65' title="bbox 1840 2112 3418 2184">
     <span class='ocr_line' id='line_1_65' title="bbox 1840 2112 3418 2184; baseline 0.001 -19"><span class='ocrx_word' id='word_1_463' title='bbox 1840 2127 1937 2182; x_wconf 87' lang='lat' dir='ltr'><strong>per</strong></span> <span class='ocrx_word' id='word_1_464' title='bbox 1972 2112 2270 2182; x_wconf 80' lang='lat' dir='ltr'><strong>prophetas</strong></span> <span class='ocrx_word' id='word_1_465' title='bbox 2295 2113 2472 2168; x_wconf 79' lang='lat' dir='ltr'><strong>fuerat</strong></span> <span class='ocrx_word' id='word_1_466' title='bbox 2501 2115 2739 2176; x_wconf 64' lang='lat' dir='ltr'><strong>lor-ntus,</strong></span> <span class='ocrx_word' id='word_1_467' title='bbox 2769 2129 2918 2168; x_wconf 90' lang='lat' dir='ltr'><strong>nunc</strong></span> <span class='ocrx_word' id='word_1_468' title='bbox 2944 2115 3124 2183; x_wconf 89' lang='lat' dir='ltr'><strong>reipsa</strong></span> <span class='ocrx_word' id='word_1_469' title='bbox 3157 2128 3217 2167; x_wconf 89' lang='lat' dir='ltr'><strong>se</strong></span> <span class='ocrx_word' id='word_1_470' title='bbox 3276 2128 3418 2184; x_wconf 74' lang='lat' dir='ltr'><strong>prae—</strong></span> 
     </span>
    </p>
   </div>
   <div class='ocr_carea' id='block_1_66' title="bbox 1841 2205 3416 2275">
    <p class='ocr_par' dir='ltr' id='par_1_66' title="bbox 1841 2205 3416 2275">
     <span class='ocr_line' id='line_1_66' title="bbox 1841 2205 3416 2275; baseline -0.001 -16"><span class='ocrx_word' id='word_1_471' title='bbox 1841 2206 2101 2259; x_wconf 87' lang='lat' dir='ltr'><strong>stiturum</strong></span> <span class='ocrx_word' id='word_1_472' title='bbox 2139 2207 2483 2275; x_wconf 76' lang='lat' dir='ltr'><strong>polliceatur.</strong></span> <span class='ocrx_word' id='word_1_473' title='bbox 2506 2208 2681 2275; x_wconf 82' lang='lat' dir='ltr'><strong>Atque</strong></span> <span class='ocrx_word' id='word_1_474' title='bbox 2710 2208 2838 2261; x_wconf 81' lang='lat' dir='ltr'><strong>ltine</strong></span> <span class='ocrx_word' id='word_1_475' title='bbox 2871 2216 2977 2274; x_wconf 82' lang='lat' dir='ltr'><strong>est,</strong></span> <span class='ocrx_word' id='word_1_476' title='bbox 3014 2206 3156 2275; x_wconf 77' lang='lat' dir='ltr'><strong>tpiod</strong></span> <span class='ocrx_word' id='word_1_477' title='bbox 3191 2205 3257 2258; x_wconf 87' lang='lat' dir='ltr'><strong>ad</strong></span> <span class='ocrx_word' id='word_1_478' title='bbox 3297 2220 3416 2269; x_wconf 90' lang='lat' dir='ltr'><strong>eos,</strong></span> 
     </span>
    </p>
   </div>
   <div class='ocr_carea' id='block_1_67' title="bbox 1841 2296 3420 2367">
    <p class='ocr_par' dir='ltr' id='par_1_67' title="bbox 1841 2296 3420 2367">
     <span class='ocr_line' id='line_1_67' title="bbox 1841 2296 3420 2367; baseline 0 -18"><span class='ocrx_word' id='word_1_479' title='bbox 1841 2300 1935 2365; x_wconf 85' lang='lat' dir='ltr'><strong>qui</strong></span> <span class='ocrx_word' id='word_1_480' title='bbox 1976 2298 2085 2351; x_wconf 78' lang='lat' dir='ltr'><strong>lleo</strong></span> <span class='ocrx_word' id='word_1_481' title='bbox 2116 2298 2390 2365; x_wconf 82' lang='lat' dir='ltr'><strong>quondam</strong></span> <span class='ocrx_word' id='word_1_482' title='bbox 2413 2299 2667 2367; x_wconf 81' lang='lat' dir='ltr'><strong>proximi,</strong></span> <span class='ocrx_word' id='word_1_483' title='bbox 2700 2312 2835 2351; x_wconf 80' lang='lat' dir='ltr'><strong>nunc</strong></span> <span class='ocrx_word' id='word_1_484' title='bbox 2861 2307 3155 2352; x_wconf 80' lang='lat' dir='ltr'><strong>retrorsum</strong></span> <span class='ocrx_word' id='word_1_485' title='bbox 3185 2296 3420 2350; x_wconf 84' lang='lat' dir='ltr'><strong>conversi</strong></span> 
     </span>
    </p>
   </div>
   <div class='ocr_carea' id='block_1_68' title="bbox 1842 2388 3418 2455">
    <p class='ocr_par' dir='ltr' id='par_1_68' title="bbox 1842 2388 3418 2455">
     <span class='ocr_line' id='line_1_68' title="bbox 1842 2388 3418 2455; baseline -0.001 -11"><span class='ocrx_word' id='word_1_486' title='bbox 1842 2400 1988 2455; x_wconf 80' lang='lat' dir='ltr'><strong>sunt,</strong></span> <span class='ocrx_word' id='word_1_487' title='bbox 2017 2392 2068 2444; x_wconf 92' lang='lat' dir='ltr'><strong>id</strong></span> <span class='ocrx_word' id='word_1_488' title='bbox 2104 2400 2210 2454; x_wconf 85' lang='lat' dir='ltr'><strong>est,</strong></span> <span class='ocrx_word' id='word_1_489' title='bbox 2256 2393 2328 2445; x_wconf 83' lang='lat' dir='ltr'><strong>ad</strong></span> <span class='ocrx_word' id='word_1_490' title='bbox 2361 2390 2607 2453; x_wconf 68' lang='lat' dir='ltr'><strong>Iudaeos,</strong></span> <span class='ocrx_word' id='word_1_491' title='bbox 2647 2406 2956 2446; x_wconf 85' lang='lat' dir='ltr'><strong>sermonem</strong></span> <span class='ocrx_word' id='word_1_492' title='bbox 2985 2391 3275 2444; x_wconf 76' lang='lat' dir='ltr'><strong>convertit.</strong></span> <span class='ocrx_word' id='word_1_493' title='bbox 3313 2388 3418 2443; x_wconf 82' lang='lat' dir='ltr'><strong>Os-</strong></span> 
     </span>
    </p>
   </div>
   <div class='ocr_carea' id='block_1_69' title="bbox 1846 2482 3420 2553">
    <p class='ocr_par' dir='ltr' id='par_1_69' title="bbox 1846 2482 3420 2553">
     <span class='ocr_line' id='line_1_69' title="bbox 1846 2482 3420 2553; baseline -0.001 -19"><span class='ocrx_word' id='word_1_494' title='bbox 1846 2483 2022 2535; x_wconf 83' lang='lat' dir='ltr'><strong>tendit</strong></span> <span class='ocrx_word' id='word_1_495' title='bbox 2062 2491 2247 2537; x_wconf 78' lang='lat' dir='ltr'><strong>auteui</strong></span> <span class='ocrx_word' id='word_1_496' title='bbox 2292 2483 2699 2552; x_wconf 78' lang='lat' dir='ltr'><strong>quodammodo</strong></span> <span class='ocrx_word' id='word_1_497' title='bbox 2730 2483 2866 2551; x_wconf 87' lang='lat' dir='ltr'><strong>ipsis</strong></span> <span class='ocrx_word' id='word_1_498' title='bbox 2897 2482 3141 2553; x_wconf 86' lang='lat' dir='ltr'><strong>gentium</strong></span> <span class='ocrx_word' id='word_1_499' title='bbox 3190 2496 3420 2534; x_wconf 86' lang='lat' dir='ltr'><strong>conver-</strong></span> 
     </span>
    </p>
   </div>
   <div class='ocr_carea' id='block_1_70' title="bbox 1844 2574 3421 2645">
    <p class='ocr_par' dir='ltr' id='par_1_70' title="bbox 1844 2574 3421 2645">
     <span class='ocr_line' id='line_1_70' title="bbox 1844 2574 3421 2645; baseline -0.001 -18"><span class='ocrx_word' id='word_1_500' title='bbox 1844 2574 2079 2637; x_wconf 80' lang='lat' dir='ltr'><strong>sionem,</strong></span> <span class='ocrx_word' id='word_1_501' title='bbox 2113 2584 2167 2628; x_wconf 87' lang='lat' dir='ltr'><strong>et</strong></span> <span class='ocrx_word' id='word_1_502' title='bbox 2208 2589 2373 2644; x_wconf 85' lang='lat' dir='ltr'><strong>quam</strong></span> <span class='ocrx_word' id='word_1_503' title='bbox 2424 2575 2771 2629; x_wconf 86' lang='lat' dir='ltr'><strong>mutationem</strong></span> <span class='ocrx_word' id='word_1_504' title='bbox 2813 2575 2958 2645; x_wconf 84' lang='lat' dir='ltr'><strong>passi</strong></span> <span class='ocrx_word' id='word_1_505' title='bbox 2990 2583 3171 2629; x_wconf 84' lang='lat' dir='ltr'><strong>essent</strong></span> <span class='ocrx_word' id='word_1_506' title='bbox 3199 2614 3212 2634; x_wconf 91' lang='lat'><strong>,</strong></span> <span class='ocrx_word' id='word_1_507' title='bbox 3259 2575 3351 2643; x_wconf 90' lang='lat' dir='ltr'><strong>qui</strong></span> <span class='ocrx_word' id='word_1_508' title='bbox 3391 2588 3421 2625; x_wconf 85' lang='lat' dir='ltr'><strong>a</strong></span> 
     </span>
    </p>
   </div>
   <div class='ocr_carea' id='block_1_71' title="bbox 1850 2668 3420 2736">
    <p class='ocr_par' dir='ltr' id='par_1_71' title="bbox 1850 2668 3420 2736">
     <span class='ocr_line' id='line_1_71' title="bbox 1850 2668 3420 2736; baseline -0.001 -17"><span class='ocrx_word' id='word_1_509' title='bbox 1850 2669 2094 2724; x_wconf 64' lang='lat' dir='ltr'><strong>teni-bris</strong></span> <span class='ocrx_word' id='word_1_510' title='bbox 2135 2669 2189 2722; x_wconf 87' lang='lat' dir='ltr'><strong>in</strong></span> <span class='ocrx_word' id='word_1_511' title='bbox 2252 2669 2427 2723; x_wconf 81' lang='lat' dir='ltr'><strong>lucent</strong></span> <span class='ocrx_word' id='word_1_512' title='bbox 2470 2668 2807 2736; x_wconf 84' lang='lat' dir='ltr'><strong>prodierant,</strong></span> <span class='ocrx_word' id='word_1_513' title='bbox 2848 2669 2979 2722; x_wconf 90' lang='lat' dir='ltr'><strong>dum</strong></span> <span class='ocrx_word' id='word_1_514' title='bbox 3020 2668 3101 2723; x_wconf 82' lang='lat' dir='ltr'><strong>sic</strong></span> <span class='ocrx_word' id='word_1_515' title='bbox 3150 2669 3420 2722; x_wconf 86' lang='lat' dir='ltr'><strong>idolorum</strong></span> 
     </span>
    </p>
   </div>
   <div class='ocr_carea' id='block_1_72' title="bbox 1852 2760 3423 2831">
    <p class='ocr_par' dir='ltr' id='par_1_72' title="bbox 1852 2760 3423 2831">
     <span class='ocr_line' id='line_1_72' title="bbox 1852 2760 3423 2831; baseline 0.002 -20"><span class='ocrx_word' id='word_1_516' title='bbox 1852 2760 2100 2815; x_wconf 84' lang='lat' dir='ltr'><strong>cultores</strong></span> <span class='ocrx_word' id='word_1_517' title='bbox 2125 2761 2513 2829; x_wconf 75' lang='lat' dir='ltr'><strong>exprobrantis</strong></span> <span class='ocrx_word' id='word_1_518' title='bbox 2544 2765 2706 2814; x_wconf 84' lang='lat' dir='ltr'><strong>modo</strong></span> <span class='ocrx_word' id='word_1_519' title='bbox 2727 2762 3043 2829; x_wconf 73' lang='lat' dir='ltr'><strong>aggreditur</strong></span> <span class='ocrx_word' id='word_1_520' title='bbox 3074 2780 3089 2814; x_wconf 82' lang='lat'><strong>:</strong></span> <span class='ocrx_word' id='word_1_521' title='bbox 3124 2761 3423 2831; x_wconf 74' lang='lat' dir='ltr'><strong>Confundi-</strong></span> 
     </span>
    </p>
   </div>
   <div class='ocr_carea' id='block_1_73' title="bbox 1852 2850 3423 2921">
    <p class='ocr_par' dir='ltr' id='par_1_73' title="bbox 1852 2850 3423 2921">
     <span class='ocr_line' id='line_1_73' title="bbox 1852 2850 3423 2921; baseline 0.001 -17"><span class='ocrx_word' id='word_1_522' title='bbox 1852 2852 1984 2904; x_wconf 87' lang='lat' dir='ltr'><strong>mini</strong></span> <span class='ocrx_word' id='word_1_523' title='bbox 2010 2850 2347 2919; x_wconf 74' lang='lat' dir='ltr'><strong>confusione,</strong></span> <span class='ocrx_word' id='word_1_524' title='bbox 2373 2860 2430 2905; x_wconf 84' lang='lat' dir='ltr'><strong>et</strong></span> <span class='ocrx_word' id='word_1_525' title='bbox 2457 2866 2582 2921; x_wconf 80' lang='lat' dir='ltr'><strong>quae</strong></span> <span class='ocrx_word' id='word_1_526' title='bbox 2618 2851 2907 2920; x_wconf 80' lang='lat' dir='ltr'><strong>deinceps;</strong></span> <span class='ocrx_word' id='word_1_527' title='bbox 2933 2864 3053 2921; x_wconf 66' lang='lat' dir='ltr'><strong>quae</strong></span> <span class='ocrx_word' id='word_1_528' title='bbox 3074 2864 3331 2909; x_wconf 85' lang='lat' dir='ltr'><strong>accurate</strong></span> <span class='ocrx_word' id='word_1_529' title='bbox 3352 2853 3423 2907; x_wconf 87' lang='lat' dir='ltr'><strong>ita</strong></span> 
     </span>
    </p>
   </div>
   <div class='ocr_carea' id='block_1_74' title="bbox 1854 2941 3425 3015">
    <p class='ocr_par' dir='ltr' id='par_1_74' title="bbox 1854 2941 3425 3015">
     <span class='ocr_line' id='line_1_74' title="bbox 1854 2941 3425 3015; baseline 0.003 -20"><span class='ocrx_word' id='word_1_530' title='bbox 1854 2941 2092 2998; x_wconf 87' lang='lat' dir='ltr'><strong>reddidit</strong></span> <span class='ocrx_word' id='word_1_531' title='bbox 2116 2942 2480 3012; x_wconf 79' lang='lat' dir='ltr'><strong>Symmachus</strong></span> <span class='ocrx_word' id='word_1_532' title='bbox 2516 2963 2528 2997; x_wconf 92' lang='lat'>:</span> <span class='ocrx_word' id='word_1_533' title='bbox 2569 2941 2976 3011; x_wconf 74' lang='lat' dir='ltr'><strong>Confundentur</strong></span> <span class='ocrx_word' id='word_1_534' title='bbox 2995 2946 3304 3014; x_wconf 79' lang='lat' dir='ltr'><strong>confusione</strong></span> <span class='ocrx_word' id='word_1_535' title='bbox 3336 2949 3425 3015; x_wconf 83' lang='lat' dir='ltr'><strong>qui</strong></span> 
     </span>
    </p>
   </div>
   <div class='ocr_carea' id='block_1_75' title="bbox 1853 3034 3429 3106">
    <p class='ocr_par' dir='ltr' id='par_1_75' title="bbox 1853 3034 3429 3106">
     <span class='ocr_line' id='line_1_75' title="bbox 1853 3034 3429 3106; baseline 0.003 -17"><span class='ocrx_word' id='word_1_536' title='bbox 1853 3034 2129 3103; x_wconf 77' lang='lat' dir='ltr'><strong>conﬁdunt</strong></span> <span class='ocrx_word' id='word_1_537' title='bbox 2160 3036 2217 3087; x_wconf 88' lang='lat' dir='ltr'><strong>in</strong></span> <span class='ocrx_word' id='word_1_538' title='bbox 2251 3034 2609 3102; x_wconf 78' lang='lat' dir='ltr'><strong>sculptilibus,</strong></span> <span class='ocrx_word' id='word_1_539' title='bbox 2647 3036 2844 3106; x_wconf 81' lang='lat' dir='ltr'><strong>Aquila</strong></span> <span class='ocrx_word' id='word_1_540' title='bbox 2872 3048 3053 3092; x_wconf 86' lang='lat' dir='ltr'><strong>autem</strong></span> <span class='ocrx_word' id='word_1_541' title='bbox 3084 3054 3136 3093; x_wconf 79' lang='lat' dir='ltr'><strong>et</strong></span> <span class='ocrx_word' id='word_1_542' title='bbox 3178 3037 3429 3093; x_wconf 82' lang='lat' dir='ltr'><strong>Theodo-</strong></span> 
     </span>
    </p>
   </div>
   <div class='ocr_carea' id='block_1_76' title="bbox 1856 3126 3426 3195">
    <p class='ocr_par' dir='ltr' id='par_1_76' title="bbox 1856 3126 3426 3195">
     <span class='ocr_line' id='line_1_76' title="bbox 1856 3126 3426 3195; baseline 0.003 -15"><span class='ocrx_word' id='word_1_543' title='bbox 1856 3127 1935 3181; x_wconf 88' lang='lat' dir='ltr'><strong>tio</strong></span> <span class='ocrx_word' id='word_1_544' title='bbox 1983 3126 2405 3195; x_wconf 76' lang='lat' dir='ltr'><strong>confundantur.</strong></span> <span class='ocrx_word' id='word_1_545' title='bbox 2448 3127 2654 3181; x_wconf 75' lang='lat' dir='ltr'><strong>Revera</strong></span> <span class='ocrx_word' id='word_1_546' title='bbox 2688 3129 2833 3182; x_wconf 87' lang='lat' dir='ltr'><strong>enim</strong></span> <span class='ocrx_word' id='word_1_547' title='bbox 2878 3142 3002 3182; x_wconf 86' lang='lat' dir='ltr'><strong>cum</strong></span> <span class='ocrx_word' id='word_1_548' title='bbox 3044 3129 3114 3183; x_wconf 81' lang='lat' dir='ltr'><strong>ab</strong></span> <span class='ocrx_word' id='word_1_549' title='bbox 3155 3130 3426 3184; x_wconf 87' lang='lat' dir='ltr'><strong>idolorum</strong></span> 
     </span>
    </p>
   </div>
   <div class='ocr_carea' id='block_1_77' title="bbox 1857 3220 3430 3293">
    <p class='ocr_par' dir='ltr' id='par_1_77' title="bbox 1857 3220 3430 3293">
     <span class='ocr_line' id='line_1_77' title="bbox 1857 3220 3430 3293; baseline 0.001 -17"><span class='ocrx_word' id='word_1_550' title='bbox 1857 3221 2009 3276; x_wconf 89' lang='lat' dir='ltr'><strong>cultu</strong></span> <span class='ocrx_word' id='word_1_551' title='bbox 2038 3220 2106 3273; x_wconf 89' lang='lat' dir='ltr'><strong>ad</strong></span> <span class='ocrx_word' id='word_1_552' title='bbox 2142 3220 2400 3290; x_wconf 88' lang='lat' dir='ltr'><strong>pietatem</strong></span> <span class='ocrx_word' id='word_1_553' title='bbox 2447 3229 2637 3289; x_wconf 81' lang='lat' dir='ltr'><strong>gentes</strong></span> <span class='ocrx_word' id='word_1_554' title='bbox 2669 3222 3018 3284; x_wconf 85' lang='lat' dir='ltr'><strong>transissent,</strong></span> <span class='ocrx_word' id='word_1_555' title='bbox 3046 3220 3217 3277; x_wconf 71' lang='lat' dir='ltr'><strong>.ludan</strong></span> <span class='ocrx_word' id='word_1_556' title='bbox 3240 3223 3430 3293; x_wconf 73' lang='lat' dir='ltr'><strong>confu-</strong></span> 
     </span>
    </p>
   </div>
   <div class='ocr_carea' id='block_1_78' title="bbox 1856 3311 3431 3387">
    <p class='ocr_par' dir='ltr' id='par_1_78' title="bbox 1856 3311 3431 3387">
     <span class='ocr_line' id='line_1_78' title="bbox 1856 3311 3431 3387; baseline 0.003 -20"><span class='ocrx_word' id='word_1_557' title='bbox 1856 3312 1904 3367; x_wconf 79' lang='lat' dir='ltr'><strong>si</strong></span> <span class='ocrx_word' id='word_1_558' title='bbox 1934 3321 2057 3365; x_wconf 86' lang='lat' dir='ltr'><strong>sunt</strong></span> <span class='ocrx_word' id='word_1_559' title='bbox 2087 3328 2106 3365; x_wconf 90' lang='lat'><strong><em>:</em></strong></span> <span class='ocrx_word' id='word_1_560' title='bbox 2138 3313 2231 3367; x_wconf 84' lang='lat' dir='ltr'><strong>sed</strong></span> <span class='ocrx_word' id='word_1_561' title='bbox 2248 3311 2361 3381; x_wconf 86' lang='lat' dir='ltr'><strong>jam</strong></span> <span class='ocrx_word' id='word_1_562' title='bbox 2383 3311 2667 3367; x_wconf 83' lang='lat' dir='ltr'><strong>desierunt</strong></span> <span class='ocrx_word' id='word_1_563' title='bbox 2691 3314 3074 3387; x_wconf 70' lang='lat' dir='ltr'><strong>confundi,qui</strong></span> <span class='ocrx_word' id='word_1_564' title='bbox 3099 3334 3263 3371; x_wconf 70' lang='lat' dir='ltr'><strong>carcos</strong></span> <span class='ocrx_word' id='word_1_565' title='bbox 3278 3320 3431 3384; x_wconf 87' lang='lat' dir='ltr'><strong>olim,</strong></span> 
     </span>
    </p>
   </div>
   <div class='ocr_carea' id='block_1_79' title="bbox 1858 3402 3157 3478">
    <p class='ocr_par' dir='ltr' id='par_1_79' title="bbox 1858 3402 3157 3478">
     <span class='ocr_line' id='line_1_79' title="bbox 1858 3402 3157 3478; baseline 0.005 -20"><span class='ocrx_word' id='word_1_566' title='bbox 1858 3418 2006 3459; x_wconf 90' lang='lat' dir='ltr'><strong>nunc</strong></span> <span class='ocrx_word' id='word_1_567' title='bbox 2042 3418 2165 3459; x_wconf 86' lang='lat' dir='ltr'><strong>esse</strong></span> <span class='ocrx_word' id='word_1_568' title='bbox 2198 3406 2377 3459; x_wconf 88' lang='lat' dir='ltr'><strong>visum</strong></span> <span class='ocrx_word' id='word_1_569' title='bbox 2410 3402 2642 3477; x_wconf 82' lang='lat' dir='ltr'><strong>adeptos</strong></span> <span class='ocrx_word' id='word_1_570' title='bbox 2670 3408 3013 3463; x_wconf 88' lang='lat' dir='ltr'><strong>intueantur.</strong></span> <span class='ocrx_word' id='word_1_571' title='bbox 3092 3422 3157 3478; x_wconf 55' lang='grc' dir='ltr'><strong>ς,</strong></span> 
     </span>
    </p>
   </div>
   <div class='ocr_carea' id='block_1_80' title="bbox 1927 3494 3435 3569">
    <p class='ocr_par' dir='ltr' id='par_1_80' title="bbox 1927 3494 3435 3569">
     <span class='ocr_line' id='line_1_80' title="bbox 1927 3494 3435 3569; baseline 0.003 -21"><span class='ocrx_word' id='word_1_572' title='bbox 1927 3494 2091 3566; x_wconf 70' lang='grc'><strong>477</strong></span> <span class='ocrx_word' id='word_1_573' title='bbox 2109 3494 2376 3551; x_wconf 70' lang='lat' dir='ltr'><strong>Caeterum</strong></span> <span class='ocrx_word' id='word_1_574' title='bbox 2392 3511 2501 3551; x_wconf 86' lang='lat' dir='ltr'><strong>non</strong></span> <span class='ocrx_word' id='word_1_575' title='bbox 2514 3498 2633 3552; x_wconf 89' lang='lat' dir='ltr'><strong>sine</strong></span> <span class='ocrx_word' id='word_1_576' title='bbox 2646 3513 2845 3567; x_wconf 88' lang='lat' dir='ltr'><strong>magna</strong></span> <span class='ocrx_word' id='word_1_577' title='bbox 2868 3501 3112 3569; x_wconf 84' lang='lat' dir='ltr'><strong>emphasi</strong></span> <span class='ocrx_word' id='word_1_578' title='bbox 3125 3501 3193 3554; x_wconf 90' lang='lat' dir='ltr'><strong>de</strong></span> <span class='ocrx_word' id='word_1_579' title='bbox 3208 3501 3288 3556; x_wconf 91' lang='lat' dir='ltr'><strong>eis</strong></span> <span class='ocrx_word' id='word_1_580' title='bbox 3314 3516 3435 3554; x_wconf 87' lang='lat' dir='ltr'><strong>con-</strong></span> 
     </span>
    </p>
   </div>
   <div class='ocr_carea' id='block_1_81' title="bbox 1860 3589 3436 3660">
    <p class='ocr_par' dir='ltr' id='par_1_81' title="bbox 1860 3589 3436 3660">
     <span class='ocr_line' id='line_1_81' title="bbox 1860 3589 3436 3660; baseline 0.003 -19"><span class='ocrx_word' id='word_1_581' title='bbox 1860 3589 1996 3641; x_wconf 75' lang='lat' dir='ltr'><strong>versi</strong></span> <span class='ocrx_word' id='word_1_582' title='bbox 2013 3596 2136 3640; x_wconf 75' lang='lat' dir='ltr'><strong>sunt</strong></span> <span class='ocrx_word' id='word_1_583' title='bbox 2162 3589 2700 3658; x_wconf 89' lang='lat' dir='ltr'><strong>usurpavit;quippe</strong></span> <span class='ocrx_word' id='word_1_584' title='bbox 2717 3589 2810 3659; x_wconf 89' lang='lat' dir='ltr'><strong>qui</strong></span> <span class='ocrx_word' id='word_1_585' title='bbox 2826 3589 2940 3660; x_wconf 90' lang='lat' dir='ltr'><strong>lege</strong></span> <span class='ocrx_word' id='word_1_586' title='bbox 2955 3591 3137 3644; x_wconf 85' lang='lat' dir='ltr'><strong>divina</strong></span> <span class='ocrx_word' id='word_1_587' title='bbox 3155 3594 3436 3654; x_wconf 71' lang='lat' dir='ltr'><strong>instructi,</strong></span> 
     </span>
    </p>
   </div>
   <div class='ocr_carea' id='block_1_82' title="bbox 1863 3680 3437 3751">
    <p class='ocr_par' dir='ltr' id='par_1_82' title="bbox 1863 3680 3437 3751">
     <span class='ocr_line' id='line_1_82' title="bbox 1863 3680 3437 3751; baseline 0.003 -19"><span class='ocrx_word' id='word_1_588' title='bbox 1863 3680 2033 3734; x_wconf 87' lang='lat' dir='ltr'><strong>Deum</strong></span> <span class='ocrx_word' id='word_1_589' title='bbox 2070 3681 2240 3735; x_wconf 87' lang='lat' dir='ltr'><strong>etiam</strong></span> <span class='ocrx_word' id='word_1_590' title='bbox 2280 3682 2664 3735; x_wconf 85' lang='lat' dir='ltr'><strong>universorum</strong></span> <span class='ocrx_word' id='word_1_591' title='bbox 2692 3682 3100 3751; x_wconf 84' lang='lat' dir='ltr'><strong>cognovissent.</strong></span> <span class='ocrx_word' id='word_1_592' title='bbox 3135 3685 3437 3738; x_wconf 87' lang='lat' dir='ltr'><strong>Audierant</strong></span> 
     </span>
    </p>
   </div>
   <div class='ocr_carea' id='block_1_83' title="bbox 1862 3772 3434 3837">
    <p class='ocr_par' dir='ltr' id='par_1_83' title="bbox 1862 3772 3434 3837">
     <span class='ocr_line' id='line_1_83' title="bbox 1862 3772 3434 3837; baseline -0.001 -9"><span class='ocrx_word' id='word_1_593' title='bbox 1862 3775 2011 3828; x_wconf 75' lang='lat' dir='ltr'><strong>enim</strong></span> <span class='ocrx_word' id='word_1_594' title='bbox 2051 3789 2065 3825; x_wconf 89' lang='lat'><strong>:</strong></span> <span class='ocrx_word' id='word_1_595' title='bbox 2104 3790 2122 3822; x_wconf 79' lang='grc' dir='ltr'><strong>ι</strong></span> <span class='ocrx_word' id='word_1_596' title='bbox 2152 3772 2420 3827; x_wconf 75' lang='grc' dir='ltr'>ιιυιιιῖιιιιε</span> <span class='ocrx_word' id='word_1_597' title='bbox 2450 3772 2592 3827; x_wconf 87' lang='lat' dir='ltr'><strong>Deus</strong></span> <span class='ocrx_word' id='word_1_598' title='bbox 2616 3781 2763 3837; x_wconf 91' lang='lat' dir='ltr'><strong>tuus,</strong></span> <span class='ocrx_word' id='word_1_599' title='bbox 2800 3772 3065 3828; x_wconf 89' lang='lat' dir='ltr'><strong>Dominus</strong></span> <span class='ocrx_word' id='word_1_600' title='bbox 3101 3790 3244 3829; x_wconf 86' lang='lat' dir='ltr'><strong>unus</strong></span> <span class='ocrx_word' id='word_1_601' title='bbox 3262 3775 3434 3829; x_wconf 63' lang='lat' dir='ltr'><strong>est’.»</strong></span> 
     </span>
    </p>
   </div>
   <div class='ocr_carea' id='block_1_84' title="bbox 1865 3864 3438 3935">
    <p class='ocr_par' dir='ltr' id='par_1_84' title="bbox 1865 3864 3438 3935">
     <span class='ocr_line' id='line_1_84' title="bbox 1865 3864 3438 3935; baseline 0.006 -19"><span class='ocrx_word' id='word_1_602' title='bbox 1865 3864 1961 3918; x_wconf 80' lang='lat' dir='ltr'><strong>Et:</strong></span> <span class='ocrx_word' id='word_1_603' title='bbox 1984 3881 2002 3915; x_wconf 80' lang='grc' dir='ltr'><strong>ι</strong></span> <span class='ocrx_word' id='word_1_604' title='bbox 2032 3866 2326 3918; x_wconf 65' lang='grc' dir='ltr'>Νοιιοτυιιι</span> <span class='ocrx_word' id='word_1_605' title='bbox 2344 3865 2439 3919; x_wconf 87' lang='lat' dir='ltr'><strong>tibi</strong></span> <span class='ocrx_word' id='word_1_606' title='bbox 2459 3864 2533 3918; x_wconf 89' lang='lat' dir='ltr'><strong>dii</strong></span> <span class='ocrx_word' id='word_1_607' title='bbox 2551 3872 2747 3935; x_wconf 65' lang='lat' dir='ltr'><strong>praeter</strong></span> <span class='ocrx_word' id='word_1_608' title='bbox 2766 3880 2851 3921; x_wconf 90' lang='lat' dir='ltr'><strong>me</strong></span> <span class='ocrx_word' id='word_1_609' title='bbox 2870 3865 2912 3920; x_wconf 72' lang='grc' dir='ltr'>δ.</span> <span class='ocrx_word' id='word_1_610' title='bbox 2942 3884 2960 3917; x_wconf 73' lang='grc' dir='ltr'><strong>ι</strong></span> <span class='ocrx_word' id='word_1_611' title='bbox 2982 3867 3107 3922; x_wconf 72' lang='lat' dir='ltr'><strong>Haec</strong></span> <span class='ocrx_word' id='word_1_612' title='bbox 3122 3884 3242 3924; x_wconf 87' lang='lat' dir='ltr'><strong>cum</strong></span> <span class='ocrx_word' id='word_1_613' title='bbox 3264 3868 3438 3925; x_wconf 83' lang='lat' dir='ltr'><strong>dixis-</strong></span> 
     </span>
    </p>
   </div>
   <div class='ocr_carea' id='block_1_85' title="bbox 1864 3956 3445 4026">
    <p class='ocr_par' dir='ltr' id='par_1_85' title="bbox 1864 3956 3445 4026">
     <span class='ocr_line' id='line_1_85' title="bbox 1864 3956 3445 4026; baseline 0.004 -17"><span class='ocrx_word' id='word_1_614' title='bbox 1864 3966 1972 4020; x_wconf 78' lang='lat' dir='ltr'><strong>srt,</strong></span> <span class='ocrx_word' id='word_1_615' title='bbox 1996 3966 2256 4026; x_wconf 86' lang='lat' dir='ltr'><strong>tanquam</strong></span> <span class='ocrx_word' id='word_1_616' title='bbox 2277 3957 2330 4010; x_wconf 89' lang='lat' dir='ltr'><strong>in</strong></span> <span class='ocrx_word' id='word_1_617' title='bbox 2349 3956 2633 4010; x_wconf 82' lang='lat' dir='ltr'><strong>surdorum</strong></span> <span class='ocrx_word' id='word_1_618' title='bbox 2647 3972 2808 4013; x_wconf 86' lang='lat' dir='ltr'><strong>aures</strong></span> <span class='ocrx_word' id='word_1_619' title='bbox 2824 3968 3078 4021; x_wconf 84' lang='lat' dir='ltr'><strong>contenta</strong></span> <span class='ocrx_word' id='word_1_620' title='bbox 3094 3976 3225 4015; x_wconf 72' lang='lat' dir='ltr'><strong>vove</strong></span> <span class='ocrx_word' id='word_1_621' title='bbox 3245 3978 3259 4015; x_wconf 89' lang='lat'>:</span> <span class='ocrx_word' id='word_1_622' title='bbox 3280 3961 3445 4018; x_wconf 76' lang='lat' dir='ltr'><strong>Surdt’</strong></span> 
     </span>
    </p>
   </div>
   <div class='ocr_carea' id='block_1_86' title="bbox 1865 4050 3441 4122">
    <p class='ocr_par' dir='ltr' id='par_1_86' title="bbox 1865 4050 3441 4122">
     <span class='ocr_line' id='line_1_86' title="bbox 1865 4050 3441 4122; baseline 0.004 -19"><span class='ocrx_word' id='word_1_623' title='bbox 1865 4050 2068 4111; x_wconf 87' lang='lat' dir='ltr'><strong>audite,</strong></span> <span class='ocrx_word' id='word_1_624' title='bbox 2089 4050 2372 4103; x_wconf 74' lang='lat' dir='ltr'><strong>inclamat.</strong></span> <span class='ocrx_word' id='word_1_625' title='bbox 2394 4051 2474 4103; x_wconf 83' lang='lat' dir='ltr'><strong>Ac</strong></span> <span class='ocrx_word' id='word_1_626' title='bbox 2498 4066 2567 4105; x_wconf 85' lang='lat' dir='ltr'><strong>ne</strong></span> <span class='ocrx_word' id='word_1_627' title='bbox 2591 4050 2655 4103; x_wconf 90' lang='lat' dir='ltr'><strong>de</strong></span> <span class='ocrx_word' id='word_1_628' title='bbox 2670 4052 2943 4120; x_wconf 77' lang='lat' dir='ltr'><strong>gentibus,</strong></span> <span class='ocrx_word' id='word_1_629' title='bbox 2969 4054 3169 4122; x_wconf 89' lang='lat' dir='ltr'><strong>quibus</strong></span> <span class='ocrx_word' id='word_1_630' title='bbox 3189 4058 3289 4109; x_wconf 87' lang='lat' dir='ltr'><strong>ista</strong></span> <span class='ocrx_word' id='word_1_631' title='bbox 3313 4058 3441 4110; x_wconf 90' lang='lat' dir='ltr'><strong>olim</strong></span> 
     </span>
    </p>
   </div>
   <div class='ocr_carea' id='block_1_87' title="bbox 1866 4142 3440 4212">
    <p class='ocr_par' dir='ltr' id='par_1_87' title="bbox 1866 4142 3440 4212">
     <span class='ocr_line' id='line_1_87' title="bbox 1866 4142 3440 4212; baseline 0.006 -15"><span class='ocrx_word' id='word_1_632' title='bbox 1866 4144 2114 4208; x_wconf 89' lang='lat' dir='ltr'><strong>deerant,</strong></span> <span class='ocrx_word' id='word_1_633' title='bbox 2141 4143 2329 4197; x_wconf 89' lang='lat' dir='ltr'><strong>haberi</strong></span> <span class='ocrx_word' id='word_1_634' title='bbox 2357 4157 2541 4197; x_wconf 88' lang='lat' dir='ltr'><strong>sermo</strong></span> <span class='ocrx_word' id='word_1_635' title='bbox 2558 4142 2837 4198; x_wconf 86' lang='lat' dir='ltr'><strong>videretur</strong></span> <span class='ocrx_word' id='word_1_636' title='bbox 2860 4147 2999 4212; x_wconf 78' lang='lat' dir='ltr'><strong>(haec</strong></span> <span class='ocrx_word' id='word_1_637' title='bbox 3024 4148 3167 4200; x_wconf 87' lang='lat' dir='ltr'><strong>enim</strong></span> <span class='ocrx_word' id='word_1_638' title='bbox 3189 4149 3297 4204; x_wconf 87' lang='lat' dir='ltr'><strong>illis</strong></span> <span class='ocrx_word' id='word_1_639' title='bbox 3311 4151 3440 4205; x_wconf 79' lang='lat' dir='ltr'><strong>olim</strong></span> 
     </span>
    </p>
   </div>
   <div class='ocr_carea' id='block_1_88' title="bbox 1866 4235 3441 4309">
    <p class='ocr_par' dir='ltr' id='par_1_88' title="bbox 1866 4235 3441 4309">
     <span class='ocr_line' id='line_1_88' title="bbox 1866 4235 3441 4309; baseline 0.003 -18"><span class='ocrx_word' id='word_1_640' title='bbox 1866 4236 2317 4305; x_wconf 82' lang='lat' dir='ltr'><strong>conveniebant),</strong></span> <span class='ocrx_word' id='word_1_641' title='bbox 2351 4235 2606 4290; x_wconf 81' lang='lat' dir='ltr'><strong>distinxit</strong></span> <span class='ocrx_word' id='word_1_642' title='bbox 2636 4236 2723 4290; x_wconf 87' lang='lat' dir='ltr'><strong>his</strong></span> <span class='ocrx_word' id='word_1_643' title='bbox 2750 4238 2936 4293; x_wconf 82' lang='lat' dir='ltr'><strong>verbis</strong></span> <span class='ocrx_word' id='word_1_644' title='bbox 2964 4255 2978 4291; x_wconf 91' lang='lat'><strong>:</strong></span> <span class='ocrx_word' id='word_1_645' title='bbox 3017 4236 3207 4309; x_wconf 77' lang='lat' dir='ltr'><strong>Ecquis</strong></span> <span class='ocrx_word' id='word_1_646' title='bbox 3241 4257 3441 4305; x_wconf 74' lang='lat' dir='ltr'><strong>ca&#39;cus,</strong></span> 
     </span>
    </p>
   </div>
   <div class='ocr_carea' id='block_1_89' title="bbox 1867 4326 3443 4399">
    <p class='ocr_par' dir='ltr' id='par_1_89' title="bbox 1867 4326 3443 4399">
     <span class='ocr_line' id='line_1_89' title="bbox 1867 4326 3443 4399; baseline 0.001 -15"><span class='ocrx_word' id='word_1_647' title='bbox 1867 4330 1973 4384; x_wconf 78' lang='lat' dir='ltr'><strong>nisi</strong></span> <span class='ocrx_word' id='word_1_648' title='bbox 2014 4329 2116 4399; x_wconf 82' lang='lat' dir='ltr'><strong>ﬁlii</strong></span> <span class='ocrx_word' id='word_1_649' title='bbox 2154 4329 2302 4384; x_wconf 78' lang='lat' dir='ltr'><strong>mei?</strong></span> <span class='ocrx_word' id='word_1_650' title='bbox 2333 4344 2435 4399; x_wconf 84' lang='lat' dir='ltr'><strong>pro</strong></span> <span class='ocrx_word' id='word_1_651' title='bbox 2490 4342 2601 4397; x_wconf 86' lang='lat' dir='ltr'><strong>quo</strong></span> <span class='ocrx_word' id='word_1_652' title='bbox 2673 4326 3039 4399; x_wconf 80' lang='lat' dir='ltr'><strong>Symmachus</strong></span> <span class='ocrx_word' id='word_1_653' title='bbox 3079 4348 3091 4383; x_wconf 87' lang='lat'><strong>:</strong></span> <span class='ocrx_word' id='word_1_654' title='bbox 3129 4331 3321 4399; x_wconf 82' lang='lat' dir='ltr'><strong>Ecquis</strong></span> <span class='ocrx_word' id='word_1_655' title='bbox 3345 4349 3443 4386; x_wconf 75' lang='grc' dir='ltr'>σαι-</span> 
     </span>
    </p>
   </div>
   <div class='ocr_carea' id='block_1_90' title="bbox 1869 4421 3445 4483">
    <p class='ocr_par' dir='ltr' id='par_1_90' title="bbox 1869 4421 3445 4483">
     <span class='ocr_line' id='line_1_90' title="bbox 1869 4421 3445 4483; baseline 0.003 -8"><span class='ocrx_word' id='word_1_656' title='bbox 1869 4438 1983 4483; x_wconf 88' lang='lat' dir='ltr'><strong>cus,</strong></span> <span class='ocrx_word' id='word_1_657' title='bbox 2023 4421 2129 4475; x_wconf 85' lang='lat' dir='ltr'><strong>nisi</strong></span> <span class='ocrx_word' id='word_1_658' title='bbox 2154 4436 2339 4475; x_wconf 81' lang='lat' dir='ltr'><strong>servus</strong></span> <span class='ocrx_word' id='word_1_659' title='bbox 2367 4436 2512 4474; x_wconf 84' lang='lat' dir='ltr'><strong>meus</strong></span> <span class='ocrx_word' id='word_1_660' title='bbox 2538 4422 2633 4475; x_wconf 61' lang='grc' dir='ltr'>ἵει</span> <span class='ocrx_word' id='word_1_661' title='bbox 2679 4431 2855 4473; x_wconf 84' lang='lat' dir='ltr'><strong>mutus</strong></span> <span class='ocrx_word' id='word_1_662' title='bbox 2898 4432 2954 4473; x_wconf 85' lang='lat' dir='ltr'><strong>ut</strong></span> <span class='ocrx_word' id='word_1_663' title='bbox 2995 4423 3212 4477; x_wconf 82' lang='lat' dir='ltr'><strong>nuntius</strong></span> <span class='ocrx_word' id='word_1_664' title='bbox 3263 4428 3445 4480; x_wconf 82' lang='lat' dir='ltr'><strong>mens?</strong></span> 
     </span>
    </p>
   </div>
   <div class='ocr_carea' id='block_1_91' title="bbox 196 4507 1751 4585">
    <p class='ocr_par' dir='ltr' id='par_1_91' title="bbox 196 4507 1751 4583">
     <span class='ocr_line' id='line_1_91' title="bbox 196 4507 1751 4583; baseline 0.006 -25"><span class='ocrx_word' id='word_1_665' title='bbox 196 4510 225 4558; x_wconf 87' lang='grc' dir='ltr'><strong><em>ό</em></strong></span> <span class='ocrx_word' id='word_1_666' title='bbox 242 4507 467 4574; x_wconf 72' lang='grc' dir='ltr'>τέλειος</span> <span class='ocrx_word' id='word_1_667' title='bbox 490 4525 512 4573; x_wconf 85' lang='grc'><strong><em>;</em></strong></span> <span class='ocrx_word' id='word_1_668' title='bbox 543 4509 643 4561; x_wconf 73' lang='grc' dir='ltr'>καὶ</span> <span class='ocrx_word' id='word_1_669' title='bbox 698 4511 897 4579; x_wconf 75' lang='grc' dir='ltr'>κωφὸς</span> <span class='ocrx_word' id='word_1_670' title='bbox 919 4512 998 4579; x_wconf 86' lang='grc' dir='ltr'>ὡς</span> <span class='ocrx_word' id='word_1_671' title='bbox 1026 4515 1059 4566; x_wconf 84' lang='grc' dir='ltr'><strong><em>ό</em></strong></span> <span class='ocrx_word' id='word_1_672' title='bbox 1085 4512 1308 4579; x_wconf 72' lang='grc' dir='ltr'>δοῦλός</span> <span class='ocrx_word' id='word_1_673' title='bbox 1341 4529 1497 4583; x_wconf 65' lang='lat' dir='ltr'><strong>pou;</strong></span> <span class='ocrx_word' id='word_1_674' title='bbox 1540 4514 1751 4568; x_wconf 72' lang='grc' dir='ltr'>Δοῦλοι</span> 
     </span>
    </p>
   </div>
   <div class='ocr_carea' id='block_1_92' title="bbox 1856 4507 3444 4585">
    <p class='ocr_par' dir='ltr' id='par_1_92' title="bbox 1872 4514 3444 4585">
     <span class='ocr_line' id='line_1_92' title="bbox 1872 4514 3444 4585; baseline 0.003 -18"><span class='ocrx_word' id='word_1_675' title='bbox 1872 4516 1989 4585; x_wconf 78' lang='lat' dir='ltr'><strong>quis</strong></span> <span class='ocrx_word' id='word_1_676' title='bbox 2053 4531 2267 4577; x_wconf 68' lang='lat' dir='ltr'><strong>crocus,</strong></span> <span class='ocrx_word' id='word_1_677' title='bbox 2314 4522 2375 4567; x_wconf 79' lang='lat' dir='ltr'><strong>ut</strong></span> <span class='ocrx_word' id='word_1_678' title='bbox 2427 4514 2744 4583; x_wconf 79' lang='lat' dir='ltr'><strong>perfectus?</strong></span> <span class='ocrx_word' id='word_1_679' title='bbox 2802 4522 2852 4568; x_wconf 77' lang='lat' dir='ltr'><strong>et</strong></span> <span class='ocrx_word' id='word_1_680' title='bbox 2912 4527 3109 4578; x_wconf 83' lang='lat' dir='ltr'><strong>mutus,</strong></span> <span class='ocrx_word' id='word_1_681' title='bbox 3158 4525 3214 4569; x_wconf 85' lang='lat' dir='ltr'><strong>ut</strong></span> <span class='ocrx_word' id='word_1_682' title='bbox 3268 4535 3444 4573; x_wconf 78' lang='lat' dir='ltr'><strong>servus</strong></span> 
     </span>
    </p>
   </div>
   <div class='ocr_carea' id='block_1_93' title="bbox 194 4596 1767 4674">
    <p class='ocr_par' dir='ltr' id='par_1_93' title="bbox 194 4596 1767 4674">
     <span class='ocr_line' id='line_1_93' title="bbox 194 4596 1767 4674; baseline 0.008 -27"><span class='ocrx_word' id='word_1_683' title='bbox 194 4596 277 4649; x_wconf 75' lang='grc' dir='ltr'>τὸν</span> <span class='ocrx_word' id='word_1_684' title='bbox 301 4601 366 4653; x_wconf 88' lang='grc' dir='ltr'><strong>ἐκ</strong></span> <span class='ocrx_word' id='word_1_685' title='bbox 390 4600 704 4671; x_wconf 80' lang='grc' dir='ltr'>περιτομῆς</span> <span class='ocrx_word' id='word_1_686' title='bbox 750 4602 908 4656; x_wconf 84' lang='grc' dir='ltr'>καλεῖ</span> <span class='ocrx_word' id='word_1_687' title='bbox 956 4604 1107 4668; x_wconf 77' lang='grc' dir='ltr'>λαὸν,</span> <span class='ocrx_word' id='word_1_688' title='bbox 1159 4603 1422 4674; x_wconf 73' lang='grc' dir='ltr'>ἄγγελόν</span> <span class='ocrx_word' id='word_1_689' title='bbox 1447 4621 1509 4659; x_wconf 82' lang='grc' dir='ltr'><strong>τε</strong></span> <span class='ocrx_word' id='word_1_690' title='bbox 1546 4606 1643 4659; x_wconf 76' lang='grc' dir='ltr'>καὶ</span> <span class='ocrx_word' id='word_1_691' title='bbox 1676 4606 1767 4659; x_wconf 85' lang='grc' dir='ltr'>τέ-</span> 
     </span>
    </p>
   </div>
   <div class='ocr_carea' id='block_1_94' title="bbox 193 4691 1767 4769">
    <p class='ocr_par' dir='ltr' id='par_1_94' title="bbox 193 4691 1767 4769">
     <span class='ocr_line' id='line_1_94' title="bbox 193 4691 1767 4769; baseline 0.006 -27"><span class='ocrx_word' id='word_1_692' title='bbox 193 4691 356 4744; x_wconf 67' lang='lat' dir='ltr'><strong>lator</strong></span> <span class='ocrx_word' id='word_1_693' title='bbox 409 4693 782 4764; x_wconf 90' lang='grc' dir='ltr'>κατακρίνων,</span> <span class='ocrx_word' id='word_1_694' title='bbox 831 4696 913 4749; x_wconf 83' lang='grc' dir='ltr'>ὅτι</span> <span class='ocrx_word' id='word_1_695' title='bbox 960 4695 1269 4761; x_wconf 86' lang='grc' dir='ltr'>τοιούτουςί</span> <span class='ocrx_word' id='word_1_696' title='bbox 1296 4698 1569 4769; x_wconf 64' lang='grc' dir='ltr'><strong>⁴ὑπάρχειν</strong></span> <span class='ocrx_word' id='word_1_697' title='bbox 1605 4698 1767 4768; x_wconf 73' lang='grc' dir='ltr'>ἠϐού-</span> 
     </span>
    </p>
   </div>
   <div class='ocr_carea' id='block_1_95' title="bbox 194 4780 1765 4861">
    <p class='ocr_par' dir='ltr' id='par_1_95' title="bbox 194 4780 1765 4861">
     <span class='ocr_line' id='line_1_95' title="bbox 194 4780 1765 4861; baseline 0.008 -29"><span class='ocrx_word' id='word_1_698' title='bbox 194 4780 327 4836; x_wconf 80' lang='grc' dir='ltr'>λετο.</span> <span class='ocrx_word' id='word_1_699' title='bbox 377 4785 502 4837; x_wconf 86' lang='grc' dir='ltr'><strong>Ὀτι</strong></span> <span class='ocrx_word' id='word_1_700' title='bbox 530 4784 588 4837; x_wconf 86' lang='grc' dir='ltr'>δὲ</span> <span class='ocrx_word' id='word_1_701' title='bbox 623 4786 850 4850; x_wconf 76' lang='grc' dir='ltr'>ἑαυτοὺς</span> <span class='ocrx_word' id='word_1_702' title='bbox 898 4786 1260 4858; x_wconf 67' lang='grc' dir='ltr'>ἐτύφλωσάν</span> <span class='ocrx_word' id='word_1_703' title='bbox 1287 4806 1347 4842; x_wconf 85' lang='grc' dir='ltr'><strong>τε</strong></span> <span class='ocrx_word' id='word_1_704' title='bbox 1389 4790 1483 4843; x_wconf 75' lang='grc' dir='ltr'>καὶ</span> <span class='ocrx_word' id='word_1_705' title='bbox 1528 4791 1765 4861; x_wconf 74' lang='grc' dir='ltr'>κωφοὺς</span> 
     </span>
    </p>
   </div>
   <div class='ocr_carea' id='block_1_96' title="bbox 191 4872 1768 4950">
    <p class='ocr_par' dir='ltr' id='par_1_96' title="bbox 191 4872 1768 4950">
     <span class='ocr_line' id='line_1_96' title="bbox 191 4872 1768 4950; baseline 0.01 -28"><span class='ocrx_word' id='word_1_706' title='bbox 191 4872 621 4945; x_wconf 81' lang='grc' dir='ltr'>ἀπειργάσαντο,</span> <span class='ocrx_word' id='word_1_707' title='bbox 666 4879 965 4949; x_wconf 86' lang='grc' dir='ltr'>παρίστησι</span> <span class='ocrx_word' id='word_1_708' title='bbox 1022 4880 1192 4948; x_wconf 85' lang='grc' dir='ltr'>λέγων</span> <span class='ocrx_word' id='word_1_709' title='bbox 1214 4897 1228 4912; x_wconf 89' lang='grc'><strong>·</strong></span> <span class='ocrx_word' id='word_1_710' title='bbox 1256 4881 1433 4935; x_wconf 81' lang='grc' dir='ltr'>Ἴδετε</span> <span class='ocrx_word' id='word_1_711' title='bbox 1468 4882 1768 4950; x_wconf 73' lang='grc' dir='ltr'>πολλάκις</span> 
     </span>
    </p>
   </div>
   <div class='ocr_carea' id='block_1_97' title="bbox 192 4962 1767 5043">
    <p class='ocr_par' dir='ltr' id='par_1_97' title="bbox 192 4962 1767 5043">
     <span class='ocr_line' id='line_1_97' title="bbox 192 4962 1767 5043; baseline 0.009 -27"><span class='ocrx_word' id='word_1_712' title='bbox 192 4962 285 5016; x_wconf 78' lang='grc' dir='ltr'>καὶ</span> <span class='ocrx_word' id='word_1_713' title='bbox 335 4967 449 5019; x_wconf 82' lang='grc' dir='ltr'>οὐκ</span> <span class='ocrx_word' id='word_1_714' title='bbox 496 4966 908 5035; x_wconf 69' lang='grc' dir='ltr'>ἐφυλάξασθε.</span> <span class='ocrx_word' id='word_1_715' title='bbox 955 4973 1306 5043; x_wconf 78' lang='grc' dir='ltr'>ἰινοιγμένα</span> <span class='ocrx_word' id='word_1_716' title='bbox 1351 4974 1425 5028; x_wconf 84' lang='grc' dir='ltr'>τὰ</span> <span class='ocrx_word' id='word_1_717' title='bbox 1477 4970 1618 5040; x_wconf 85' lang='grc' dir='ltr'>ὦτα,</span> <span class='ocrx_word' id='word_1_718' title='bbox 1667 4976 1767 5030; x_wconf 76' lang='grc' dir='ltr'>καὶ</span> 
     </span>
    </p>
   </div>
   <div class='ocr_carea' id='block_1_98' title="bbox 192 5058 1775 5139">
    <p class='ocr_par' dir='ltr' id='par_1_98' title="bbox 192 5058 1775 5139">
     <span class='ocr_line' id='line_1_98' title="bbox 192 5058 1775 5139; baseline 0.008 -32"><span class='ocrx_word' id='word_1_719' title='bbox 192 5058 303 5109; x_wconf 76' lang='grc' dir='ltr'>οὐκ</span> <span class='ocrx_word' id='word_1_720' title='bbox 328 5058 657 5124; x_wconf 77' lang='grc' dir='ltr'>ἠκούσατε.</span> <span class='ocrx_word' id='word_1_721' title='bbox 690 5062 911 5134; x_wconf 81' lang='grc' dir='ltr'>Προέφη</span> <span class='ocrx_word' id='word_1_722' title='bbox 938 5063 994 5116; x_wconf 85' lang='grc' dir='ltr'>δὲ</span> <span class='ocrx_word' id='word_1_723' title='bbox 1019 5066 1114 5117; x_wconf 76' lang='grc' dir='ltr'>καὶ</span> <span class='ocrx_word' id='word_1_724' title='bbox 1137 5064 1220 5131; x_wconf 84' lang='grc' dir='ltr'>τὸ,</span> <span class='ocrx_word' id='word_1_725' title='bbox 1246 5084 1264 5117; x_wconf 83' lang='grc' dir='ltr'><strong>ι</strong></span> <span class='ocrx_word' id='word_1_726' title='bbox 1289 5066 1449 5137; x_wconf 82' lang='grc' dir='ltr'>’Δκοῇ</span> <span class='ocrx_word' id='word_1_727' title='bbox 1481 5067 1775 5139; x_wconf 82' lang='grc' dir='ltr'>ἀκούσητε,</span> 
     </span>
    </p>
   </div>
   <div class='ocr_carea' id='block_1_99' title="bbox 189 5149 1780 5229">
    <p class='ocr_par' dir='ltr' id='par_1_99' title="bbox 189 5149 1780 5229">
     <span class='ocr_line' id='line_1_99' title="bbox 189 5149 1780 5229; baseline 0.008 -30"><span class='ocrx_word' id='word_1_728' title='bbox 189 5149 283 5200; x_wconf 77' lang='grc' dir='ltr'>καὶ</span> <span class='ocrx_word' id='word_1_729' title='bbox 303 5150 369 5202; x_wconf 82' lang='grc' dir='ltr'>οὐ</span> <span class='ocrx_word' id='word_1_730' title='bbox 406 5151 484 5221; x_wconf 82' lang='grc' dir='ltr'>μὴ</span> <span class='ocrx_word' id='word_1_731' title='bbox 516 5152 736 5222; x_wconf 82' lang='grc' dir='ltr'>συνῆτε,</span> <span class='ocrx_word' id='word_1_732' title='bbox 773 5172 792 5205; x_wconf 75' lang='grc' dir='ltr'><strong>ι</strong></span> <span class='ocrx_word' id='word_1_733' title='bbox 826 5155 922 5207; x_wconf 73' lang='grc' dir='ltr'>καὶ</span> <span class='ocrx_word' id='word_1_734' title='bbox 953 5156 1021 5210; x_wconf 80' lang='grc' dir='ltr'>τὰ</span> <span class='ocrx_word' id='word_1_735' title='bbox 1058 5156 1206 5227; x_wconf 80' lang='grc' dir='ltr'>ἑξῆς.</span> <span class='ocrx_word' id='word_1_736' title='bbox 1234 5158 1308 5210; x_wconf 86' lang='grc' dir='ltr'>Τὸ</span> <span class='ocrx_word' id='word_1_737' title='bbox 1333 5158 1391 5211; x_wconf 81' lang='grc' dir='ltr'><strong>δέ</strong></span> <span class='ocrx_word' id='word_1_738' title='bbox 1420 5158 1583 5229; x_wconf 77' lang='grc' dir='ltr'>ῥητὸν</span> <span class='ocrx_word' id='word_1_739' title='bbox 1606 5159 1780 5222; x_wconf 89' lang='grc' dir='ltr'>οῦτως</span> 
     </span>
    </p>
   </div>
   <div class='ocr_carea' id='block_1_100' title="bbox 184 5238 1778 5320">
    <p class='ocr_par' dir='ltr' id='par_1_100' title="bbox 184 5238 1778 5320">
     <span class='ocr_line' id='line_1_100' title="bbox 184 5238 1778 5320; baseline 0.009 -30"><span class='ocrx_word' id='word_1_740' title='bbox 184 5238 429 5303; x_wconf 76' lang='grc' dir='ltr'>ἐξέδωκε</span> <span class='ocrx_word' id='word_1_741' title='bbox 456 5242 776 5315; x_wconf 83' lang='grc' dir='ltr'>Σύμμαχος·</span> <span class='ocrx_word' id='word_1_742' title='bbox 802 5242 979 5314; x_wconf 80' lang='grc' dir='ltr'>Εἶδες</span> <span class='ocrx_word' id='word_1_743' title='bbox 999 5249 1221 5313; x_wconf 73' lang='grc' dir='ltr'>πολλὰ,</span> <span class='ocrx_word' id='word_1_744' title='bbox 1252 5250 1349 5303; x_wconf 78' lang='grc' dir='ltr'>καὶ</span> <span class='ocrx_word' id='word_1_745' title='bbox 1367 5252 1439 5304; x_wconf 83' lang='grc' dir='ltr'>οὐ</span> <span class='ocrx_word' id='word_1_746' title='bbox 1462 5249 1778 5320; x_wconf 64' lang='grc' dir='ltr'><strong>φυλάξεις.</strong></span> 
     </span>
    </p>
   </div>
   <div class='ocr_carea' id='block_1_101' title="bbox 201 5333 1785 5411">
    <p class='ocr_par' dir='ltr' id='par_1_101' title="bbox 201 5333 1785 5411">
     <span class='ocr_line' id='line_1_101' title="bbox 201 5333 1785 5411; baseline 0.009 -24"><span class='ocrx_word' id='word_1_747' title='bbox 201 5333 584 5404; x_wconf 80' lang='grc' dir='ltr'>Ἀνεφγμένα</span> <span class='ocrx_word' id='word_1_748' title='bbox 616 5336 687 5390; x_wconf 83' lang='grc' dir='ltr'>τὰ</span> <span class='ocrx_word' id='word_1_749' title='bbox 715 5333 835 5391; x_wconf 82' lang='grc' dir='ltr'>ὦτα</span> <span class='ocrx_word' id='word_1_750' title='bbox 878 5341 1089 5406; x_wconf 83' lang='grc' dir='ltr'>αὑτοῦ,</span> <span class='ocrx_word' id='word_1_751' title='bbox 1139 5342 1239 5397; x_wconf 74' lang='grc' dir='ltr'>καὶ</span> <span class='ocrx_word' id='word_1_752' title='bbox 1262 5344 1334 5397; x_wconf 82' lang='grc' dir='ltr'>οὐ</span> <span class='ocrx_word' id='word_1_753' title='bbox 1360 5342 1446 5411; x_wconf 78' lang='grc' dir='ltr'>μὴ</span> <span class='ocrx_word' id='word_1_754' title='bbox 1475 5343 1785 5410; x_wconf 79' lang='grc' dir='ltr'>ἀκούσεις.</span> 
     </span>
    </p>
   </div>
   <div class='ocr_carea' id='block_1_102' title="bbox 184 5423 1776 5502">
    <p class='ocr_par' dir='ltr' id='par_1_102' title="bbox 184 5423 1776 5502">
     <span class='ocr_line' id='line_1_102' title="bbox 184 5423 1776 5502; baseline 0.007 -26"><span class='ocrx_word' id='word_1_755' title='bbox 184 5423 411 5491; x_wconf 76' lang='grc' dir='ltr'>Κύριος</span> <span class='ocrx_word' id='word_1_756' title='bbox 440 5424 747 5495; x_wconf 72' lang='grc' dir='ltr'>ἠθέλησεν</span> <span class='ocrx_word' id='word_1_757' title='bbox 779 5429 879 5483; x_wconf 78' lang='grc' dir='ltr'><strong>ἵνα</strong></span> <span class='ocrx_word' id='word_1_758' title='bbox 906 5430 1199 5500; x_wconf 79' lang='grc' dir='ltr'>δικαιώσῃ</span> <span class='ocrx_word' id='word_1_759' title='bbox 1236 5433 1423 5488; x_wconf 85' lang='grc' dir='ltr'>αὐτὸν</span> <span class='ocrx_word' id='word_1_760' title='bbox 1439 5432 1776 5502; x_wconf 69' lang='grc' dir='ltr'>μεγαλῡναι</span> 
     </span>
    </p>
   </div>
   <div class='ocr_carea' id='block_1_103' title="bbox 269 5535 2257 5609">
    <p class='ocr_par' dir='ltr' id='par_1_103' title="bbox 269 5535 2257 5609">
     <span class='ocr_line' id='line_1_103' title="bbox 269 5535 2257 5609; baseline 0.005 -20"><span class='ocrx_word' id='word_1_761' title='bbox 269 5536 291 5566; x_wconf 80' lang='grc'>⁸</span> <span class='ocrx_word' id='word_1_762' title='bbox 331 5535 441 5590; x_wconf 82' lang='lat' dir='ltr'><strong>lsa.</strong></span> <span class='ocrx_word' id='word_1_763' title='bbox 486 5553 622 5603; x_wconf 72' lang='grc' dir='ltr'>χιιι,</span> <span class='ocrx_word' id='word_1_764' title='bbox 667 5538 720 5593; x_wconf 88' lang='lat'><strong>6.</strong></span> <span class='ocrx_word' id='word_1_765' title='bbox 803 5540 823 5569; x_wconf 80' lang='lat'><strong>’</strong></span> <span class='ocrx_word' id='word_1_766' title='bbox 856 5539 1016 5595; x_wconf 83' lang='lat' dir='ltr'><strong>Joan.</strong></span> <span class='ocrx_word' id='word_1_767' title='bbox 1046 5559 1159 5607; x_wconf 75' lang='lat' dir='ltr'><strong>xw,</strong></span> <span class='ocrx_word' id='word_1_768' title='bbox 1189 5548 1242 5598; x_wconf 85' lang='lat'><strong>6.</strong></span> <span class='ocrx_word' id='word_1_769' title='bbox 1322 5546 1343 5576; x_wconf 85' lang='grc'>³</span> <span class='ocrx_word' id='word_1_770' title='bbox 1372 5544 1527 5601; x_wconf 89' lang='lat' dir='ltr'><strong>Dent.</strong></span> <span class='ocrx_word' id='word_1_771' title='bbox 1561 5562 1640 5608; x_wconf 84' lang='lat' dir='ltr'><strong>vt,</strong></span> <span class='ocrx_word' id='word_1_772' title='bbox 1678 5545 1729 5600; x_wconf 75' lang='lat' dir='ltr'><strong>li.</strong></span> <span class='ocrx_word' id='word_1_773' title='bbox 1808 5546 1828 5576; x_wconf 75' lang='grc'>⁸</span> <span class='ocrx_word' id='word_1_774' title='bbox 1859 5544 2033 5598; x_wconf 78' lang='lat' dir='ltr'><strong>Exod.</strong></span> <span class='ocrx_word' id='word_1_775' title='bbox 2062 5560 2152 5609; x_wconf 72' lang='lat' dir='ltr'><strong>xx,</strong></span> <span class='ocrx_word' id='word_1_776' title='bbox 2177 5562 2257 5601; x_wconf 86' lang='grc' dir='ltr'>ιιι.</span> 
     </span>
    </p>
   </div>
   <div class='ocr_carea' id='block_1_104' title="bbox 1873 4607 3444 4676">
    <p class='ocr_par' dir='ltr' id='par_1_104' title="bbox 1873 4607 3444 4676">
     <span class='ocr_line' id='line_1_104' title="bbox 1873 4607 3444 4676; baseline 0.002 -16"><span class='ocrx_word' id='word_1_777' title='bbox 1873 4609 2063 4662; x_wconf 81' lang='lat' dir='ltr'><strong>meus?</strong></span> <span class='ocrx_word' id='word_1_778' title='bbox 2122 4607 2341 4660; x_wconf 80' lang='lat' dir='ltr'><strong>Servum</strong></span> <span class='ocrx_word' id='word_1_779' title='bbox 2398 4607 2787 4661; x_wconf 82' lang='lat' dir='ltr'><strong>circumcisum</strong></span> <span class='ocrx_word' id='word_1_780' title='bbox 2846 4608 3104 4676; x_wconf 89' lang='lat' dir='ltr'><strong>populum</strong></span> <span class='ocrx_word' id='word_1_781' title='bbox 3181 4609 3444 4675; x_wconf 84' lang='lat' dir='ltr'><strong>nominat,</strong></span> 
     </span>
    </p>
   </div>
   <div class='ocr_carea' id='block_1_105' title="bbox 1874 4697 3446 4768">
    <p class='ocr_par' dir='ltr' id='par_1_105' title="bbox 1874 4697 3446 4768">
     <span class='ocr_line' id='line_1_105' title="bbox 1874 4697 3446 4768; baseline 0.001 -15"><span class='ocrx_word' id='word_1_782' title='bbox 1874 4698 2115 4753; x_wconf 78' lang='lat' dir='ltr'><strong>nuntium</strong></span> <span class='ocrx_word' id='word_1_783' title='bbox 2149 4707 2203 4751; x_wconf 92' lang='lat' dir='ltr'><strong>et</strong></span> <span class='ocrx_word' id='word_1_784' title='bbox 2246 4697 2537 4766; x_wconf 76' lang='lat' dir='ltr'><strong>perfectum</strong></span> <span class='ocrx_word' id='word_1_785' title='bbox 2578 4700 2995 4763; x_wconf 86' lang='lat' dir='ltr'><strong>condemnans;</strong></span> <span class='ocrx_word' id='word_1_786' title='bbox 3028 4699 3287 4768; x_wconf 70' lang='lat' dir='ltr'><strong>quioniam</strong></span> <span class='ocrx_word' id='word_1_787' title='bbox 3323 4700 3446 4755; x_wconf 86' lang='lat' dir='ltr'><strong>talis</strong></span> 
     </span>
    </p>
   </div>
   <div class='ocr_carea' id='block_1_106' title="bbox 1872 4785 3449 4854">
    <p class='ocr_par' dir='ltr' id='par_1_106' title="bbox 1872 4785 3449 4854">
     <span class='ocr_line' id='line_1_106' title="bbox 1872 4785 3449 4854; baseline 0.001 -12"><span class='ocrx_word' id='word_1_788' title='bbox 1872 4802 1995 4843; x_wconf 84' lang='lat' dir='ltr'><strong>esse</strong></span> <span class='ocrx_word' id='word_1_789' title='bbox 2023 4786 2262 4842; x_wconf 83' lang='lat' dir='ltr'><strong>volebat.</strong></span> <span class='ocrx_word' id='word_1_790' title='bbox 2298 4785 2522 4854; x_wconf 88' lang='lat' dir='ltr'><strong>Seipsos</strong></span> <span class='ocrx_word' id='word_1_791' title='bbox 2554 4800 2683 4839; x_wconf 88' lang='lat' dir='ltr'><strong>vero</strong></span> <span class='ocrx_word' id='word_1_792' title='bbox 2714 4802 2881 4840; x_wconf 73' lang='lat' dir='ltr'><strong>ca&#39;cos</strong></span> <span class='ocrx_word' id='word_1_793' title='bbox 2913 4795 2968 4842; x_wconf 90' lang='lat' dir='ltr'><strong>et</strong></span> <span class='ocrx_word' id='word_1_794' title='bbox 2996 4797 3169 4841; x_wconf 83' lang='lat' dir='ltr'><strong>mutos</strong></span> <span class='ocrx_word' id='word_1_795' title='bbox 3203 4788 3449 4843; x_wconf 69' lang='lat' dir='ltr'><strong>t&#39;lfcclSSC</strong></span> 
     </span>
    </p>
   </div>
   <div class='ocr_carea' id='block_1_107' title="bbox 1875 4875 3453 4947">
    <p class='ocr_par' dir='ltr' id='par_1_107' title="bbox 1875 4875 3453 4947">
     <span class='ocr_line' id='line_1_107' title="bbox 1875 4875 3453 4947; baseline -0.001 -13"><span class='ocrx_word' id='word_1_796' title='bbox 1875 4876 2171 4947; x_wconf 83' lang='lat' dir='ltr'><strong>signiﬁcat,</strong></span> <span class='ocrx_word' id='word_1_797' title='bbox 2213 4893 2339 4931; x_wconf 85' lang='lat' dir='ltr'><strong>cum</strong></span> <span class='ocrx_word' id='word_1_798' title='bbox 2380 4877 2457 4929; x_wconf 90' lang='lat' dir='ltr'><strong>ait</strong></span> <span class='ocrx_word' id='word_1_799' title='bbox 2495 4893 2508 4929; x_wconf 91' lang='lat'><strong>:</strong></span> <span class='ocrx_word' id='word_1_800' title='bbox 2562 4875 2783 4931; x_wconf 82' lang='lat' dir='ltr'><strong>Vidistis</strong></span> <span class='ocrx_word' id='word_1_801' title='bbox 2826 4892 2987 4947; x_wconf 70' lang='lat' dir='ltr'><strong>stupe,</strong></span> <span class='ocrx_word' id='word_1_802' title='bbox 3029 4888 3079 4931; x_wconf 86' lang='lat' dir='ltr'><strong>et</strong></span> <span class='ocrx_word' id='word_1_803' title='bbox 3135 4896 3241 4933; x_wconf 88' lang='lat' dir='ltr'><strong>non</strong></span> <span class='ocrx_word' id='word_1_804' title='bbox 3272 4890 3453 4933; x_wconf 58' lang='lat' dir='ltr'><strong>custoc</strong></span> 
     </span>
    </p>
   </div>
   <div class='ocr_carea' id='block_1_108' title="bbox 1883 4970 3451 5040">
    <p class='ocr_par' dir='ltr' id='par_1_108' title="bbox 1883 4970 3451 5040">
     <span class='ocr_line' id='line_1_108' title="bbox 1883 4970 3451 5040; baseline 0.003 -18"><span class='ocrx_word' id='word_1_805' title='bbox 1883 4970 2064 5025; x_wconf 69' lang='lat' dir='ltr'><strong>dictis.</strong></span> <span class='ocrx_word' id='word_1_806' title='bbox 2096 4972 2306 5040; x_wconf 74' lang='lat' dir='ltr'><strong>Aperta:</strong></span> <span class='ocrx_word' id='word_1_807' title='bbox 2348 4970 2496 5023; x_wconf 70' lang='lat' dir='ltr'><strong>vobis</strong></span> <span class='ocrx_word' id='word_1_808' title='bbox 2523 4985 2701 5035; x_wconf 85' lang='lat' dir='ltr'><strong>aures,</strong></span> <span class='ocrx_word' id='word_1_809' title='bbox 2734 4980 2783 5023; x_wconf 83' lang='lat' dir='ltr'><strong>et</strong></span> <span class='ocrx_word' id='word_1_810' title='bbox 2814 4987 2917 5025; x_wconf 87' lang='lat' dir='ltr'><strong>non</strong></span> <span class='ocrx_word' id='word_1_811' title='bbox 2949 4972 3201 5027; x_wconf 81' lang='lat' dir='ltr'><strong>audistis.</strong></span> <span class='ocrx_word' id='word_1_812' title='bbox 3240 4974 3451 5029; x_wconf 81' lang='lat' dir='ltr'><strong>Scribi-</strong></span> 
     </span>
    </p>
   </div>
   <div class='ocr_carea' id='block_1_109' title="bbox 1876 5054 3449 5129">
    <p class='ocr_par' dir='ltr' id='par_1_109' title="bbox 1876 5054 3449 5129">
     <span class='ocr_line' id='line_1_109' title="bbox 1876 5054 3449 5129; baseline 0.004 -17"><span class='ocrx_word' id='word_1_813' title='bbox 1876 5070 1965 5115; x_wconf 89' lang='lat' dir='ltr'><strong>tnr</strong></span> <span class='ocrx_word' id='word_1_814' title='bbox 1988 5064 2135 5116; x_wconf 90' lang='lat' dir='ltr'><strong>enim</strong></span> <span class='ocrx_word' id='word_1_815' title='bbox 2168 5070 2223 5116; x_wconf 90' lang='lat' dir='ltr'><strong>et</strong></span> <span class='ocrx_word' id='word_1_816' title='bbox 2252 5062 2387 5115; x_wconf 87' lang='lat' dir='ltr'><strong>illud</strong></span> <span class='ocrx_word' id='word_1_817' title='bbox 2419 5080 2433 5116; x_wconf 89' lang='lat'><strong>:</strong></span> <span class='ocrx_word' id='word_1_818' title='bbox 2470 5080 2489 5113; x_wconf 81' lang='grc' dir='ltr'><strong>ι</strong></span> <span class='ocrx_word' id='word_1_819' title='bbox 2520 5061 2725 5115; x_wconf 79' lang='lat' dir='ltr'><strong>Auditu</strong></span> <span class='ocrx_word' id='word_1_820' title='bbox 2756 5062 3014 5129; x_wconf 88' lang='lat' dir='ltr'><strong>audietis,</strong></span> <span class='ocrx_word' id='word_1_821' title='bbox 3037 5074 3089 5118; x_wconf 91' lang='lat' dir='ltr'><strong>et</strong></span> <span class='ocrx_word' id='word_1_822' title='bbox 3124 5054 3232 5118; x_wconf 82' lang='lat' dir='ltr'><strong>non</strong></span> <span class='ocrx_word' id='word_1_823' title='bbox 3285 5065 3449 5119; x_wconf 87' lang='lat' dir='ltr'><strong>intel-</strong></span> 
     </span>
    </p>
   </div>
   <div class='ocr_carea' id='block_1_110' title="bbox 1877 5153 3450 5224">
    <p class='ocr_par' dir='ltr' id='par_1_110' title="bbox 1877 5153 3450 5224">
     <span class='ocr_line' id='line_1_110' title="bbox 1877 5153 3450 5224; baseline 0.002 -18"><span class='ocrx_word' id='word_1_824' title='bbox 1877 5154 2057 5224; x_wconf 73' lang='lat' dir='ltr'><strong>ligetis</strong></span> <span class='ocrx_word' id='word_1_825' title='bbox 2082 5155 2125 5217; x_wconf 81' lang='grc'>⁸,</span> <span class='ocrx_word' id='word_1_826' title='bbox 2164 5170 2188 5204; x_wconf 78' lang='grc' dir='ltr'><strong>ι</strong></span> <span class='ocrx_word' id='word_1_827' title='bbox 2224 5165 2552 5222; x_wconf 69' lang='lat' dir='ltr'><strong>cantes-aque,</strong></span> <span class='ocrx_word' id='word_1_828' title='bbox 2575 5168 2699 5221; x_wconf 68' lang='lat' dir='ltr'><strong>qua:</strong></span> <span class='ocrx_word' id='word_1_829' title='bbox 2735 5164 3061 5222; x_wconf 88' lang='lat' dir='ltr'><strong>sequuntur.</strong></span> <span class='ocrx_word' id='word_1_830' title='bbox 3093 5153 3296 5209; x_wconf 80' lang='lat' dir='ltr'><strong>Locum</strong></span> <span class='ocrx_word' id='word_1_831' title='bbox 3319 5172 3450 5210; x_wconf 87' lang='lat' dir='ltr'><strong>vero</strong></span> 
     </span>
    </p>
   </div>
   <div class='ocr_carea' id='block_1_111' title="bbox 1880 5246 3448 5317">
    <p class='ocr_par' dir='ltr' id='par_1_111' title="bbox 1880 5246 3448 5317">
     <span class='ocr_line' id='line_1_111' title="bbox 1880 5246 3448 5317; baseline 0.001 -17"><span class='ocrx_word' id='word_1_832' title='bbox 1880 5250 1952 5300; x_wconf 85' lang='lat' dir='ltr'><strong>ita</strong></span> <span class='ocrx_word' id='word_1_833' title='bbox 2004 5248 2286 5303; x_wconf 88' lang='lat' dir='ltr'><strong>transtulit</strong></span> <span class='ocrx_word' id='word_1_834' title='bbox 2324 5246 2689 5317; x_wconf 83' lang='lat' dir='ltr'><strong>Symmachus</strong></span> <span class='ocrx_word' id='word_1_835' title='bbox 2733 5266 2747 5300; x_wconf 86' lang='lat'><strong>:</strong></span> <span class='ocrx_word' id='word_1_836' title='bbox 2788 5248 2983 5302; x_wconf 82' lang='lat' dir='ltr'><strong>Vidisti</strong></span> <span class='ocrx_word' id='word_1_837' title='bbox 3022 5250 3211 5315; x_wconf 83' lang='lat' dir='ltr'><strong>multa,</strong></span> <span class='ocrx_word' id='word_1_838' title='bbox 3264 5260 3313 5303; x_wconf 80' lang='lat' dir='ltr'><strong>et</strong></span> <span class='ocrx_word' id='word_1_839' title='bbox 3347 5267 3448 5304; x_wconf 89' lang='lat' dir='ltr'><strong>non</strong></span> 
     </span>
    </p>
   </div>
   <div class='ocr_carea' id='block_1_112' title="bbox 1879 5337 3450 5403">
    <p class='ocr_par' dir='ltr' id='par_1_112' title="bbox 1879 5337 3450 5403">
     <span class='ocr_line' id='line_1_112' title="bbox 1879 5337 3450 5403; baseline 0.003 -15"><span class='ocrx_word' id='word_1_840' title='bbox 1879 5337 2167 5390; x_wconf 70' lang='lat' dir='ltr'><strong>custodia.</strong></span> <span class='ocrx_word' id='word_1_841' title='bbox 2193 5338 2406 5403; x_wconf 82' lang='lat' dir='ltr'><strong>Aperta:</strong></span> <span class='ocrx_word' id='word_1_842' title='bbox 2421 5352 2577 5390; x_wconf 84' lang='lat' dir='ltr'><strong>aures</strong></span> <span class='ocrx_word' id='word_1_843' title='bbox 2607 5348 2731 5402; x_wconf 72' lang='lat' dir='ltr'><strong>tute,</strong></span> <span class='ocrx_word' id='word_1_844' title='bbox 2761 5348 2936 5392; x_wconf 87' lang='lat' dir='ltr'><strong>etnon</strong></span> <span class='ocrx_word' id='word_1_845' title='bbox 2960 5341 3165 5395; x_wconf 84' lang='lat' dir='ltr'><strong>audies.</strong></span> <span class='ocrx_word' id='word_1_846' title='bbox 3196 5338 3450 5393; x_wconf 82' lang='lat' dir='ltr'><strong>Dominus</strong></span> 
     </span>
    </p>
   </div>
   <div class='ocr_carea' id='block_1_113' title="bbox 1893 5428 3454 5501">
    <p class='ocr_par' dir='ltr' id='par_1_113' title="bbox 1893 5428 3454 5501">
     <span class='ocr_line' id='line_1_113' title="bbox 1893 5428 3454 5501; baseline 0.001 -20"><span class='ocrx_word' id='word_1_847' title='bbox 1893 5429 2059 5482; x_wconf 81' lang='lat' dir='ltr'><strong>roluit</strong></span> <span class='ocrx_word' id='word_1_848' title='bbox 2086 5428 2390 5498; x_wconf 76' lang='lat' dir='ltr'><strong>justi/icore</strong></span> <span class='ocrx_word' id='word_1_849' title='bbox 2417 5444 2537 5482; x_wconf 82' lang='lat' dir='ltr'><strong>eum</strong></span> <span class='ocrx_word' id='word_1_850' title='bbox 2584 5429 2653 5482; x_wconf 85' lang='lat' dir='ltr'><strong>ad</strong></span> <span class='ocrx_word' id='word_1_851' title='bbox 2698 5431 2859 5501; x_wconf 80' lang='lat' dir='ltr'><strong>legem</strong></span> <span class='ocrx_word' id='word_1_852' title='bbox 2913 5430 3358 5499; x_wconf 74' lang='lat' dir='ltr'><strong>magnificentiam</strong></span> <span class='ocrx_word' id='word_1_853' title='bbox 3404 5441 3454 5483; x_wconf 81' lang='lat' dir='ltr'><strong>et</strong></span> 
     </span>
    </p>
   </div>
   <div class='ocr_carea' id='block_1_114' title="bbox 2372 5530 2725 5613">
    <p class='ocr_par' dir='ltr' id='par_1_114' title="bbox 2372 5530 2725 5613">
     <span class='ocr_line' id='line_1_114' title="bbox 2372 5530 2725 5613; baseline 0.008 -14"><span class='ocrx_word' id='word_1_854' title='bbox 2372 5546 2395 5579; x_wconf 78' lang='grc'>⁸</span> <span class='ocrx_word' id='word_1_855' title='bbox 2423 5545 2525 5599; x_wconf 85' lang='lat' dir='ltr'><strong>lsa.</strong></span> <span class='ocrx_word' id='word_1_856' title='bbox 2553 5560 2624 5613; x_wconf 77' lang='lat' dir='ltr'><strong>Vl,</strong></span> <span class='ocrx_word' id='word_1_857' title='bbox 2657 5530 2725 5601; x_wconf 36' lang='lat'><strong>9..</strong></span> 
     </span>
    </p>
   </div>
   <div class='ocr_carea' id='block_1_115' title="bbox 1504 5662 2180 5719">
    <p class='ocr_par' dir='ltr' id='par_1_115' title="bbox 1504 5662 2180 5719">
     <span class='ocr_line' id='line_1_115' title="bbox 1504 5662 2180 5719; baseline 0.003 -4"><span class='ocrx_word' id='word_1_858' title='bbox 1504 5664 1637 5718; x_wconf 71' lang='lat' dir='ltr'><strong>VAll</strong></span> <span class='ocrx_word' id='word_1_859' title='bbox 1650 5664 1736 5718; x_wconf 68' lang='lat' dir='ltr'><strong>IAS</strong></span> <span class='ocrx_word' id='word_1_860' title='bbox 1780 5662 2180 5719; x_wconf 71' lang='lat' dir='ltr'><strong>LECTIONES.</strong></span> 
     </span>
    </p>
   </div>
   <div class='ocr_carea' id='block_1_116' title="bbox 280 5746 717 5815">
    <p class='ocr_par' dir='ltr' id='par_1_116' title="bbox 280 5746 717 5815">
     <span class='ocr_line' id='line_1_116' title="bbox 280 5746 717 5815; baseline -0.002 -15"><span class='ocrx_word' id='word_1_861' title='bbox 280 5749 305 5787; x_wconf 73' lang='grc' dir='ltr'><strong>ί</strong></span> <span class='ocrx_word' id='word_1_862' title='bbox 326 5763 418 5815; x_wconf 79' lang='grc' dir='ltr'>γρ.</span> <span class='ocrx_word' id='word_1_863' title='bbox 453 5746 717 5809; x_wconf 82' lang='grc' dir='ltr'>τοιοῦτος.</span> 
     </span>
    </p>
   </div>
   <div class='ocr_carea' id='block_1_117' title="bbox 531 5841 1392 5907">
    <p class='ocr_par' dir='ltr' id='par_1_117' title="bbox 531 5841 1392 5907">
     <span class='ocr_line' id='line_1_117' title="bbox 531 5841 1392 5907; baseline 0.006 -5"><span class='ocrx_word' id='word_1_864' title='bbox 531 5841 802 5902; x_wconf 71' lang='lat' dir='ltr'><strong>Pn&#39;non.</strong></span> <span class='ocrx_word' id='word_1_865' title='bbox 845 5844 962 5904; x_wconf 83' lang='lat' dir='ltr'><strong>Gn.</strong></span> <span class='ocrx_word' id='word_1_866' title='bbox 1017 5844 1392 5907; x_wconf 70' lang='lat' dir='ltr'><strong>LXXXVII.</strong></span> 
     </span>
    </p>
   </div>
  </div>
