3978 6374
588 306 733 370 9379

1925 296 2275 360 PROCOPII
2304 295 2545 355 ΟΛΖΕῙ

3663 296 3779 363 2380

588 413 947 472 extollendam
980 428 998 468 :
1027 413 1231 485 quibus
1278 420 1464 482 aperte
1493 410 1560 465 de
1606 407 1812 464 Iudaeis
1858 422 2170 463 sermonem

2274 408 2482 474 νόμον,
2529 405 2626 458 καὶ
2679 402 2980 473 θαυμάσαι
3008 416 3022 431 ο
3061 399 3251 470 σαφῶς
3279 399 3447 470 δηλῶν
3469 402 3538 467 ὡς
3564 407 3676 476 περὶ
3695 411 3782 467 τῶν

589 523 716 565 esse
750 504 1173 561 demonstravit.
1219 502 1327 558 Sed
1376 500 1505 573 ipsi,
1535 500 1737 571 inquit,
1771 500 1927 555 intus
1962 499 2170 553 babent

590 600 837 672 laqueum
889 598 1144 651 latentem
1188 596 1242 649 iu
1281 594 1451 649 animi
1494 594 1794 660 sensibus,
1837 606 1980 664 quos
2015 590 2171 645 initio

589 692 857 748 adversus
889 688 1172 743 Christum
1224 685 1459 742 consilio
1506 684 1864 740 occultarunt.
1898 683 2019 749 Vel,
2060 695 2170 737 non

592 782 1002 853 perpenderunt
1048 792 1156 847 quo
1203 784 1366 848 pacto
1409 776 1517 832 sibi
1567 776 1634 832 de
1670 774 1836 832 domo
1886 770 2171 830 servitutis

591 877 817 947 ereptis,
847 875 965 943 lege
1002 883 1265 942 tanquam
1296 869 1612 941 paedagogo,
1661 867 1983 924 moderatus
2023 879 2168 920 sum.

590 968 849 1039 Alioquin
888 966 1033 1021 enim
1064 964 1259 1035 gratiis
1291 962 1432 1019 mibi
1479 961 1775 1033 persolutis
1805 960 2019 1014 laudem
2052 974 2171 1012 ma-

587 1063 949 1133 gniﬁcassent,
986 1058 1080 1131 qui
1110 1073 1259 1112 nunc
1298 1055 1367 1111 ad
1412 1054 1806 1118 idololatriam,
1846 1054 2172 1121 sceleraque

587 1156 773 1210 omnia
801 1168 926 1209 sese
966 1156 1382 1208 converterunt.
1408 1146 1598 1218 itaque
1625 1145 1846 1211 dicebat
1876 1160 1890 1198 :
1914 1161 1934 1196 ι
1962 1141 2172 1213 Exspe-

588 1250 733 1307 ctavi
764 1256 827 1304 ut
858 1246 1069 1304 faceret
1098 1261 1300 1313 uvam;
1332 1244 1463 1301 fecit
1493 1252 1677 1298 autem
1713 1238 1959 1311 spinas‘.
1984 1257 2003 1291 ι
2031 1236 2173 1291 Hinc

586 1353 641 1398 et
673 1357 736 1398 ea
757 1342 925 1397 etiam
976 1340 1089 1396 illis
1118 1340 1174 1395 in
1201 1337 1521 1394 memoriam
1556 1342 1801 1398 revocat,
1830 1348 1954 1403 quae
1998 1328 2172 1400 patri—

589 1435 691 1490 bus
743 1434 861 1490 suis
918 1433 1294 1504 contigerunt.
1347 1429 1516 1501 578
1560 1425 1673 1497 Ego
1717 1425 1892 1488 enim,
1954 1420 2169 1490 inquit,

588 1526 697 1583 vidi
731 1512 1065 1597 impietatem
1088 1540 1305 1580 eorum.
1348 1521 1557 1591 ltirepti
1591 1517 1865 1589 siquidem
1895 1515 2029 1585 facti
2046 1522 2170 1568 sunt

590 1620 642 1673 in
665 1624 902 1688 pmdam
939 1617 1203 1672 hostibus.
1234 1615 1482 1687 Laqueus
1512 1615 1654 1669 enim
1684 1628 1867 1667 eorum
1901 1613 1955 1664 in
1988 1607 2172 1663 cubili-

588 1709 682 1766 bus
716 1710 924 1779 ubique.
951 1708 1019 1762 Et
1045 1710 1101 1763 in
1136 1707 1383 1763 dantibus
1415 1705 1579 1762 simul
1620 1704 2015 1759 absconderant
2044 1716 2131 1755 eos
2150 1716 2169 1765 ;

586 1802 718 1856 deos
743 1800 1001 1855 nimirum
1035 1799 1362 1857 conﬂatiles.

657 1896 762 1962 Qui
802 1895 950 1951 enim
1007 1896 1210 1964 populo
1253 1889 1759 1963 praeerant,palam
1813 1903 1874 1943 se
1920 1904 1988 1943 ex
2037 1886 2172 1957 legis

590 1988 855 2042 instituto
884 1988 1053 2040 vitam
1089 2002 1251 2056 agere.
1274 1985 1553 2055 ﬁngebant
1584 1982 1832 2053 quidem,
1859 1981 1956 2037 sed
1987 1980 2172 2035 animo

591 2078 928 2147 impietatem
964 2078 1354 2142 occultabant;
1389 2077 1558 2145 inque
1584 2074 1876 2129 domorum
1909 2079 2170 2143 penetra-

591 2166 735 2219 libus
770 2165 916 2219 idola
950 2164 1247 2231 habebant,
1272 2180 1395 2235 quae
1416 2163 1694 2218 colebant.
1725 2161 1913 2232 Itaque
1929 2160 2012 2216 sic
2033 2159 2173 2215 Eze-

586 2258 822 2312 cbielem
848 2256 1151 2325 alloquitur
1180 2255 1450 2311 Dominus
1484 2273 1501 2311 :
1542 2272 1561 2307 ι
1604 2251 1710 2309 Fili
1741 2252 2006 2317 hominis,
2043 2266 2174 2323 per-

591 2351 731 2415 t‘ora,
767 2356 823 2405 et
855 2349 1134 2421 perl‘or'avi
1162 2348 1427 2419 parietem
1447 2388 1464 2415 ,
1491 2358 1545 2404 et
1567 2348 1703 2404 vidi.
1734 2345 1801 2401 Et
1832 2360 1965 2402 ecce
1988 2346 2173 2401 omnis

590 2444 891 2499 similitudo
914 2441 1491 2513 reptilis,etjumeuti,
1514 2451 1570 2498 et
1590 2442 1778 2497 omnia
1803 2442 1950 2497 idola
1972 2441 2173 2496 domus

590 2535 757 2590 lirael
785 2534 1066 2605 descripta
1094 2535 1149 2589 in
1172 2549 1240 2591 eo
1261 2535 1493 2591 circum.
1522 2534 1586 2589 Et
1606 2534 1827 2590 dixitad
1856 2550 1943 2590 me
1970 2534 2172 2589 :Ccrte

591 2626 797 2691 vidisti,
821 2626 893 2680 [ili
919 2626 1184 2692 hominis,
1203 2641 1274 2681 an
1303 2642 1471 2698 parva
1488 2635 1617 2683 sunt
1634 2626 1821 2682 domui
1845 2627 2038 2692 Israel,
2054 2643 2175 2699 quae

590 2718 1016 2790 faciuutsinguli
1033 2719 1175 2775 clam
1198 2719 1250 2773 in
1278 2720 1539 2776 cubiculo
1569 2735 1674 2777 suo
1697 2720 1752 2774 ’τ
1772 2739 1791 2773 ι
1819 2718 1951 2776 Inde
1970 2732 2050 2776 est
2070 2720 2176 2791 igi-

592 2820 705 2875 tur,
724 2810 870 2880 quod
894 2824 992 2866 eos
1026 2825 1088 2866 se
1117 2810 1172 2864 iu
1201 2812 1561 2880 captivitatem
1602 2810 1889 2867 tradidisse
1921 2811 2168 2882 subiicit.

596 2903 704 2958 ί).το
722 2912 903 2957 autern
927 2903 1237 2970 deserente,
1257 2905 1383 2973 quis
1400 2912 1506 2969 est,
1530 2904 1625 2975 qui
1653 2910 1893 2973 tueatur,
1919 2906 2013 2977 qui
2036 2906 2178 2960 dire-

590 3002 685 3062 pta
700 3002 927 3065 repetat,
948 3009 1076 3049 cum
1092 2993 1323 3049 deorum
1349 2995 1559 3058 nullus,
1579 3009 1722 3064 quos
1745 2994 1853 3066 ipsi
1881 2996 2094 3060 colunt,
2121 2995 2173 3051 id

2285 494 2553 549 Ἰουδαίων
2579 496 2607 547 ὁ
2640 493 2797 563 λόγος
2862 492 3003 546 Ἀλλ’
3032 492 3206 557 αὐτοὶ,
3257 492 3438 561 φησὶν,
3476 493 3610 550 ἔνδον
3633 498 3783 569 [χουσι

2269 586 2387 656 τὴν
2412 585 2635 658 παγῖδα
2662 586 2721 640 ὲν
2750 588 2863 649 τοῖς
2889 586 3195 655 λογισμοῖς,
3238 583 3331 647 οὓς
3358 584 3638 654 ἔκρυπτον
3670 596 3787 650 κατὰ

2274 678 2371 733 τοῦ
2430 677 2675 749 Χριστοῦ
2724 677 3122 750 βουλευόμενοι.
3158 678 3361 746 Ἥγουν
3386 678 3481 732 οὐκ
3526 679 3787 750 ἑλογίσαντο

2272 768 2392 835 πῶς
2419 769 2692 842 ἐξήγαγον
2738 769 2939 834 αὐτοὺς
2965 769 3026 835 ἐξ
3052 768 3202 824 οἴκου
3260 768 3515 838 δουλείας,
3561 775 3646 829 καὶ
3669 778 3789 851 νόμῳ

2272 864 2764 935 πεπαιδαγώγηκα.
2797 864 2869 917 Ἢ
2924 863 3033 933 γὰρ
3056 861 3124 917 ἂν
3163 860 3527 932 ἐμετάλυνον
3570 866 3789 941 αινεσιγ,

2273 954 2641 1027 προσάγοντες
2680 972 2772 1027 μοι
2803 955 2870 1008 τὰ
2897 954 3253 1025 χαριστήρια.
3304 952 3417 1007 Νῦν
3444 953 3499 1007 δὲ
3523 955 3647 1025 πρὸς
3667 959 3790 1013 εἰδω-

2271 1049 2590 1122 λολατρείαν
2658 1051 2755 1104 καὶ
2804 1050 2986 1103 πᾶσαν
3019 1047 3234 1102 ἀδικίαν
3279 1047 3603 1121 ἀπέστησαν.
3629 1052 3792 1127 Διόπερ

2274 1143 2459 1213 ἔλεγεν
2484 1160 2501 1177 σ
2518 1163 2537 1196 t
2560 1142 2867 1214 ’Υπὲμεινα
2896 1140 2990 1196 τοῦ
3022 1143 3247 1211 ποιῆσαι
3268 1140 3555 1211 σταφυλὴν,
3578 1141 3793 1215 δποίησεν

2270 1238 2327 1292 δλ
2357 1237 2621 1301 ἀκάνθας.
2659 1257 2677 1290 ι
2709 1236 2872 1291 Ὅθεν
2896 1235 3093 1299 αὐτοὺς
3121 1235 3201 1297 εἰς
3222 1232 3519 1305 ἀνάμνησιν
3542 1234 3683 1303 φέρει
3708 1236 3793 1292 τῶν

2269 1334 2385 1396 τοῖς
2449 1331 2691 1403 πατράσι
2736 1328 3181 1400 συμϐεϐηκότων.
3233 1325 3378 1394 Ἐγὼ
3437 1326 3530 1396 μὲν
3558 1328 3657 1397 γὰρ
3686 1321 3794 1382 εἶδον

2270 1427 2368 1490 τὰς
2389 1425 2645 1488 ἀσεϐείας
2673 1423 2875 1477 αὐτῶν.
2912 1420 3088 1476 Αὐτοὶ
3120 1420 3188 1474 δὲ
3228 1417 3639 1488 διηρπασμένα
3661 1424 3794 1491 τεγό.

2272 1535 2418 1575 νασι
2466 1519 2558 1584 εἷς
2584 1535 2647 1572 τε
2670 1514 2981 1587 προνομὴν
3014 1513 3135 1579 τοῖς
3182 1510 3435 1583 ἐχθροῖς.
3480 1510 3547 1565 Ἦ
3575 1510 3674 1581 τὰρ
3706 1528 3797 1567 πα-

2273 1613 2389 1684 γίς,
2421 1611 2607 1682 φησιν,
2635 1609 2706 1663 ἐν
2734 1607 2859 1674 τοῖς
2921 1606 3199 1676 ταμιείοις
3248 1602 3555 1674 πανταχοῦ
3584 1620 3598 1636 ο
3641 1606 3723 1660 καί
3744 1607 3799 1660 ἐν

2272 1706 2466 1770 οἴκοις
2526 1702 2647 1773 ἅμα
2682 1701 2960 1771 ἔκρυψαν
3023 1699 3269 1765 αὐτοὺς,
3320 1696 3556 1768 δηλονότι
3582 1698 3695 1763 τοὺς
3713 1717 3799 1770 χω·

2272 1794 2514 1859 νευτούς.

2342 1889 2408 1943 Οἱ
2430 1887 2541 1956 γάρ
2558 1884 2852 1958 ἡγούμενοι
2869 1884 2964 1938 τοῦ
2990 1882 3119 1937 λαοῦ
3162 1880 3417 1953 φανερῶς
3447 1879 3543 1951 μὲν
3572 1876 3667 1950 ζῇν
3688 1882 3803 1935 κατὰ

2270 1981 2363 2035 τὸν
2395 1979 2560 2052 νόμον
2590 1978 2937 2044 ὲπλάττοντο,
2967 1977 3026 2030 ὲν
3060 1974 3137 2047 νῷ
3164 1975 3221 2029 δὲ
3244 1974 3348 2046 τὴν
3367 1972 3609 2027 ἀσέϐειαν
3637 1973 3803 2045 ἐκγρυο

2271 2092 2428 2130 πτον.
2486 2073 2599 2127 Καὶ
2646 2074 2704 2126 ιν
2748 2072 2921 2135 οἴκοις
2968 2071 3183 2142 ἔχοντες
3232 2068 3523 2139 ἀγάλματα
3563 2065 3718 2139 λάθρα
3756 2068 3803 2123 τδ

2272 2169 2437 2233 σέϐας
2464 2166 2828 2240 προσέφερον.
2855 2165 2947 2219 sit
2975 2164 3113 2236 πρὸς
3152 2162 3415 2233 Ἰεζεκιὴλ
3446 2178 3602 2234 φησιν
3628 2164 3655 2216 ὁ
3682 2162 3799 2224 Θεός’

2280 2280 2299 2314 ι
2324 2260 2422 2314 Υίὲ
2443 2255 3093 2332 ἀνθρώπου,δρυξον.1(αὶ
3113 2252 3385 2326 ὤρυξα,δὴ
3409 2252 3466 2305 ὲν
3488 2251 3562 2322 τῷ
3573 2251 3718 2321 τοίχῳ
3733 2252 3804 2305 καὶ

2272 2350 2429 2408 εἶδον,
2463 2352 2574 2406 Καὶ
2611 2351 2719 2405 ἰδοὺ
2737 2350 2888 2403 πᾶσα
2916 2348 3176 2419 ὁμοίωσις
3200 2344 3457 2417 ἑρπετοῦ,
3480 2345 3571 2398 καὶ⁴
3596 2344 3805 2415 κτήνους,

2273 2448 2369 2501 καὶ
2400 2445 2583 2499 πάντα
2612 2444 2679 2497 τὰ
2711 2442 2907 2496 εἴδωλα
2951 2440 3105 2495 οἴκου
3151 2438 3374 2512 Ἰσραὴλ
3404 2438 3809 2510 διαγεγραμμὲνα

2274 2541 2363 2595 ἐπ’
2393 2537 2561 2593 αὐτοῦ
2593 2538 2797 2609 κύκλῳ.
2828 2537 2936 2590 Καὶ
2960 2531 3117 2590 εἶπεν
3137 2535 3274 2607 πρός
3309 2548 3404 2605 με’
3436 2532 3809 2605 ⁹Εώρακας,Υἱὲ

2273 2630 2585 2705 ἀνθρώπου.
2638 2631 2730 2700 Μὴ
2778 2629 2951 2701 μικρά
3003 2628 3083 2701 τῷ
3135 2628 3269 2698 οἴκῳ
3302 2625 3579 2699 Ἰσραὴλά
3605 2625 3811 2679 ποιοῦσιν

2274 2726 2505 2788 ἔκαστος
2525 2724 2585 2777 ἐν
2600 2722 2677 2795 τῷ
2693 2722 2911 2776 κοιτῶνι
2924 2720 3103 2775 αὐτῶν
3127 2720 3206 2792 τῷ
3228 2719 3460 2791 κρυπτῷ
3478 2737 3492 2785 ;
3514 2738 3532 2771 ι
3562 2719 3638 2774 διό
3658 2735 3809 2790 φησιν,

2275 2817 2486 2882 Αὐτοὺς
2532 2820 2611 2883 εις
2647 2818 3071 2895 αιχμαλωσίαν
3111 2814 3447 2883 παρέδωκα.
3476 2812 3607 2867 Θεοῦ
3631 2812 3682 2866 δὲ
3707 2830 3814 2883 προ-

2274 2913 2475 2978 δόντος,
2508 2910 2593 2975 τίς
2625 2910 2692 2965 ἃν
2718 2910 2957 2981 προέστη
2984 2907 3053 2962 τὰ
3075 2907 3496 2978 διηρπασμένα
3549 2906 3816 2976 πραττόμε-

2274 3022 2385 3070 νος,
2436 3003 2664 3076 μηδενδς
2714 3001 2876 3056 τοῦτο
2946 3001 3209 3072 πράττειν
3234 3000 3538 3069 δυναμένου
3560 2997 3662 3051 τῶν
3693 3013 3817 3068 νομι-

596 3096 859 3155 prazstare
878 3086 1092 3141 valeat?
1121 3084 1430 3140 Prudenter
1448 3094 1696 3141 autemet
1726 3087 2024 3143 commode
2047 3102 2172 3142 cum

2283 3093 2518 3147 σθέντων
2563 3091 2734 3163 θεῶνίς
2761 3090 3123 3163 οἰκονομικῶς
3142 3090 3201 3145 δι
3226 3090 3367 3161 μετὰ
3420 3090 3517 3161 τὴν
3550 3089 3652 3143 τῶν
3679 3088 3820 3142 ὲθνὼν

596 3186 721 3249 post
747 3179 992 3249 gentium
1028 3178 1373 3234 vocationem
1416 3178 1697 3234 lsraelitas
1722 3178 1933 3249 ejiciat,
1953 3195 2178 3235 causam

594 3286 714 3326 eam
742 3269 990 3334 adducit,
1019 3284 1184 3340 quant
1211 3278 1273 3324 et
1296 3268 1476 3325 5|o$es
1506 3270 1623 3341 ipse
1651 3270 2179 3336 demonstravit,ubi

595 3364 672 3417 ait
712 3381 726 3418 :
784 3379 804 3413 ι
856 3360 962 3432 Ipsi
1010 3364 1078 3416 ad
1126 3362 1533 3417 aemulationem
1584 3377 1671 3418 me
1716 3376 2178 3434 provocaveruut,

596 3464 859 3527 tanquam
893 3457 1040 3512 Deus
1073 3470 1185 3511 non
1214 3471 1435 3519 essem;
1462 3472 1564 3525 ego
1598 3465 1780 3511 autem
1803 3472 1901 3513 eos
1916 3473 2183 3530 provoca-

598 3552 688 3613 bo,
724 3559 988 3619 tauquam
1029 3564 1166 3621 gens
1207 3564 1318 3604 non
1366 3553 1439 3604 sit
1486 3552 1527 3604 ⁸.
1564 3568 1583 3601 ι
1634 3548 1700 3602 Et
1724 3550 1933 3605 David:
1973 3569 1992 3603 ι
2037 3550 2179 3605 Εκα-

596 3643 962 3698 cerbaverunt
1007 3657 1132 3697 eum
1174 3642 1228 3695 in
1262 3642 1522 3697 ﬁctilibus
1547 3643 1665 3697 suis
1689 3643 1732 3709 ⁹,
1774 3662 1792 3696 i
1844 3651 1900 3699 et
1927 3659 2050 3715 quae
2088 3660 2179 3700 δυο

596 3744 865 3805 quuntur.
894 3733 1036 3790 Sunt
1073 3735 1260 3804 itaque
1288 3734 1588 3804 diligenter
1621 3736 1934 3790 animorum
1969 3736 2179 3791 vitamli

598 3828 794 3898 laquei,
827 3843 899 3883 ne
944 3828 1152 3884 nostris
1192 3828 1298 3897 ipsi
1331 3828 1728 3898 cupiditatibus
1762 3830 1932 3900 capti,
1973 3829 2176 3885 daemo-

599 3920 708 3976 niis
749 3922 803 3975 in
856 3920 1221 3990 depastionem
1254 3922 1565 3985 tradamur,
1612 3921 1771 3990 juxta
1821 3922 1953 3977 illud
1997 3939 2012 3977 :
2056 3941 2075 3974 ι
2120 3920 2177 3976 Si

598 4014 830 4083 spiritus
870 4013 1211 4069 dominantis
1257 4014 1314 4067 in
1365 4023 1418 4067 te
1471 4014 1755 4077 ascendat,
1810 4013 1991 4067 locum
2026 4024 2178 4066 tuum

599 4120 667 4161 ne
689 4106 914 4161 deseras
945 4104 1012 4160 ⁸⁸.
1049 4124 1068 4156 ι
1097 4103 1324 4169 Deinde,
1368 4113 1631 4173 tauquam
1668 4105 1735 4157 ad
1774 4108 1967 4157 surdos
2001 4104 2182 4174 loque-

597 4205 771 4261 retur,
790 4194 1209 4251 etauditoribus
1234 4203 1473 4260 careret,
1499 4196 1633 4266 ipsis
1658 4195 2179 4251 auditoribusdicit:

596 4288 733 4355 Quis
763 4298 841 4343 est
863 4290 919 4343 in
950 4289 1117 4354 vobis,
1145 4290 1235 4359 qui
1264 4289 1377 4343 Iure
1404 4288 1639 4343 audiat?
1674 4287 1788 4343 Etsi
1818 4287 1967 4343 enim
1995 4304 2178 4343 rerum

594 4386 827 4435 eventus
856 4380 1100 4435 nondum
1135 4388 1363 4436 secutus
1395 4388 1502 4444 est,
1530 4390 1684 4434 certo
1704 4389 1886 4434 tamen
1917 4378 1973 4432 in
1999 4388 2181 4449 poste-

596 4486 716 4525 rum
742 4486 808 4526 ea
838 4472 955 4543 ipsa
990 4473 1175 4526 futura
1207 4480 1359 4528 sunt.
1383 4469 1522 4539 Quis
1553 4472 1722 4539 igitur
1751 4486 1974 4525 causam
2028 4472 2173 4525 dire—

600 4566 799 4632 ptionis
823 4567 1007 4636 populi
1051 4567 1124 4621 ita
1154 4578 1382 4637 quaeret,
1430 4576 1489 4621 ut
1528 4567 1672 4620 dicat
1716 4566 1894 4631 :Qut’s
1930 4565 2077 4619 dedit
2122 4566 2177 4618 in

593 4656 937 4726 direptionem
954 4657 1167 4715 Iacob?
1194 4658 1450 4713 Nondum
1468 4661 1613 4713 enim
1643 4658 1695 4713 id
1729 4661 2022 4730 quisquam
2052 4662 2180 4713 feeit

593 4757 791 4818 praeter
838 4748 992 4803 illum
1025 4750 1081 4802 in
1115 4765 1267 4818 quem
1294 4758 1662 4817 peccaverunt,
1699 4750 1755 4802 in
1790 4750 2045 4818 cujusque
2077 4748 2177 4802 viis

594 4838 870 4894 ambulare
919 4839 1224 4894 noluerunt.
1274 4838 1467 4895 Vocati
1520 4842 1666 4896 enim
1718 4841 1786 4895 ad
1828 4842 2178 4912 evangelicas

594 4931 729 4997 vias,
762 4946 867 4985 non
893 4930 1267 4986 auscultarunt
1298 4946 1317 4985 :
1345 4947 1524 5001 neque
1564 4942 1841 4986 recentem
1880 4932 2045 5002 legem
2073 4949 2176 4985 au-

594 5023 710 5077 dire
735 5023 1024 5077 voluerunt
1051 5039 1067 5089 ;
1092 5022 1237 5077 unde
1268 5021 1435 5093 479
1457 5022 1654 5076 bellum
1684 5023 1741 5075 in
1760 5038 1849 5076 eos
1871 5024 2174 5091 praevaluit.

593 5112 736 5171 Olim
769 5115 915 5169 enim
950 5112 1085 5169 bello
1108 5114 1294 5182 aliquo
1328 5130 1504 5183 usque
1553 5116 1747 5178 vexati,
1784 5115 1859 5169 ita
1888 5129 1948 5169 se
1993 5123 2177 5169 tamen

597 5211 929 5277 repararunt
960 5245 975 5271 ,
1015 5213 1078 5259 ut
1127 5213 1183 5260 et
1211 5204 1430 5267 urbem,
1475 5214 1532 5257 et
1581 5204 2033 5274 tcmplumetiam
2096 5206 2181 5259 in-

595 5306 843 5357 staurata
867 5298 1136 5354 baberent
1167 5315 1183 5353 :
1208 5306 1264 5351 at
1294 5313 1443 5352 nunc
1470 5312 1535 5352 ex
1562 5312 1674 5367 quo
1703 5297 1847 5367 pulsi
1876 5304 2028 5363 sunt,
2051 5307 2176 5352 tau-

596 5401 711 5447 tum
739 5391 992 5446 adversus
1020 5406 1110 5445 eos
1149 5389 1451 5443 animorum
1486 5389 1681 5443 bellum
1712 5388 1976 5455 invaluit,
2012 5399 2071 5443 ut
2108 5404 2177 5446 ne

591 5482 663 5539 ad
690 5484 957 5539 malorum
996 5482 1221 5555 quidem
1256 5484 1487 5537 istormu
1522 5497 1751 5539 causam
1790 5483 2099 5536 advertant.

2281 3184 2497 3255 κλῆσιν,
2546 3182 2645 3255 τὴν
2693 3182 2874 3239 αίτίαν
2938 3182 3044 3253 ἔφη
3075 3182 3175 3253 τῆς
3214 3182 3491 3254 ἀποϐολῆς
3532 3180 3819 3254 ’1σραὴλ,ἧν

2278 3275 2457 3348 δηλῶν
2509 3276 2665 3345 ἔλεγε
2705 3274 2933 3345 Μωσῆς*
2970 3292 2989 3326 ι
3020 3274 3187 3328 Αὐτοὶ
3244 3274 3641 3344 παρεξήλωσάν
3664 3291 3723 3344 με
3750 3274 3819 3327 ἔπ’

2278 3370 2340 3424 οὐ
2365 3368 2507 3439 Θεῷ.
2561 3366 2720 3437 κάγὼ
2748 3366 3129 3439 παραζηλώσω
3155 3368 3353 3433 αὐτοὺς
3390 3367 3478 3421 ἐπ’
3507 3367 3604 3421 οὐκ
3642 3366 3814 3421 εθνει.ι

2280 3463 2393 3518 Καὶ
2433 3461 2599 3516 Δαϐὶδ
2629 3461 2686 3515 δέ
2719 3477 2876 3533 φησι·
2916 3480 2936 3512 ι
2960 3461 3392 3532 Παρεπίκραναν
3455 3461 3613 3515 αὐτὸν
3648 3460 3701 3513 ὲν
3732 3462 3822 3523 τοις

2278 3556 2538 3626 γλυπτοῖς
2596 3554 2796 3620 αὐτῶν,
2822 3573 2841 3606 ι
2876 3554 2973 3609 καὶ
3025 3553 3095 3609 τὰ
3144 3552 3297 3624 ἑξῆς.
3347 3552 3441 3608 Διὸ
3472 3551 3719 3625 φευκτέον
3743 3551 3821 3615 τὰς

2278 3646 2424 3702 κατά
2456 3646 2584 3702 νοῦν
2614 3644 2896 3716 παγίδας,
2930 3644 3018 3698 ἴνα
3063 3645 3139 3716 μὴ
3154 3644 3376 3715 δαίμοσι
3408 3643 3686 3716 γενώμεθα
3708 3658 3825 3712 προ·

2276 3740 2458 3811 νομὴ,
2490 3740 2582 3794 διὰ
2607 3739 2716 3794 τῶν
2746 3741 2806 3793 ἐν
2831 3740 2965 3810 ἡμῖν
2995 3738 3335 3811 κινουμένων
3353 3737 3565 3804 παθῶν,
3598 3736 3725 3791 κατὰ
3742 3736 3822 3789 τόδ

2284 3854 2305 3889 t
2337 3834 2466 3890 Ἐὰν
2518 3832 2739 3903 πνεῦμα
2800 3830 3208 3898 ὲξουσιάζοντος
3241 3830 3423 3904 ἀναϐῇ
3466 3831 3558 3884 ἐπὶ
3584 3830 3657 3893 σὲ,
3686 3828 3825 3882 τόπον

2279 3944 2375 3982 σου
2406 3925 2483 3998 μὴ
2502 3926 2668 3998 ἀφῇς.
2697 3943 2717 3977 s
2768 3919 2923 3990 Εἶτα,
2956 3922 3257 3994 ἐπειδήπερ
3292 3921 3371 3986 ὡς
3403 3920 3622 3993 κωφοῖς
3650 3919 3821 3982 ἐλάλει,

2276 4019 2503 4092 ἀπορῶν
2524 4016 2812 4090 ἀκροατῶν
2839 4017 2899 4071 ἑν
2924 4016 3109 4080 αὐτοῖς
3133 4015 3303 4085 λέγει·
3348 4015 3527 4082 Τίςέν
3555 4012 3690 4085 ὑμῖν
3709 4012 3827 4066 ἐνω-

2276 4111 2486 4169 τιεῖται
2512 4110 2700 4165 ταῦτα
2720 4110 2817 4174 ;Εἰ
2840 4108 2950 4180 γὰρ
2969 4108 3064 4161 καὶ
3080 4111 3250 4179 μήπω
3273 4108 3512 4179 πάρεστι
3533 4106 3641 4161 τῶν
3669 4120 3825 4174 πραγ-

2284 4205 2470 4275 μάτων
2524 4204 2559 4274 ή
2590 4200 2839 4264 ἔκϐασις.
2891 4199 3007 4254 ἀλλ’
3051 4200 3109 4251 ὲν
3131 4201 3243 4262 τοῖς
3294 4198 3545 4252 ἐπιοῦσιν
3612 4195 3826 4251 tmesis-

2279 4296 2541 4366 σθήσεται
2600 4294 2855 4365 χρόνοιςο
2889 4292 2974 4356 τίς
3029 4287 3123 4345 οὖν
3182 4290 3408 4362 ζητήσει
3432 4290 3493 4345 τὸ
3520 4292 3689 4345 αῐτιον
3736 4288 3828 4356 τῆς

2279 4384 2611 4457 διαρπαγῆς
2641 4383 2733 4438 τοῦ
2795 4384 2951 4449 λαοῦ,
2998 4382 3141 4438 ῶστε
3190 4384 3367 4436 εἰπεῖν
3392 4381 3480 4450 τὸ,
3516 4383 3608 4448 Τίς
3634 4380 3829 4435 ἔδωκεν

2208 4457 2251 4513 D
2277 4480 2368 4546 εις
2425 4473 2768 4545 διαρπαγὴν
2802 4472 3053 4537 Ἰακώ6;
3077 4471 3250 4535 οὐδεὶς
3275 4471 3332 4525 δὲ
3358 4469 3522 4524 τοῦτο
3557 4470 3825 4540 πέπρακεν,

2274 4570 2308 4642 ἦ
2339 4568 2502 4630 αὐτὸς
2526 4559 2576 4634 ᾧ
2602 4562 2978 4635 ήμάρτοσαν,
3001 4568 3099 4617 καὶ
3136 4564 3248 4616 οὐκ
3270 4561 3595 4616 ἐϐούλοντο
3627 4561 3694 4615 ἐν
3722 4558 3829 4625 ταῖς

2276 4661 2440 4727 ὁδοῖς
2482 4658 2673 4715 αὑτοῦ
2702 4658 3083 4726 πορεύεσθαι.
3120 4654 3467 4727 Καλούμενοι
3508 4655 3619 4727 γὰρ
3645 4656 3718 4718 εἰς
3747 4652 3829 4716 τὰς

2276 4751 2641 4822 εὐαγγελικάς
2698 4748 2902 4814 ὀδοὺς,
2947 4750 3061 4817 οὐχ
3105 4746 3422 4813 ὑπήκουον
3454 4764 3471 4779 ο
3501 4747 3619 4800 οὐδὲ
3640 4744 3726 4800 τοῦ
3747 4744 3827 4814 τῆς

2278 4846 2488 4916 Καινῆς
2511 4842 2791 4915 Διαθήκης
2818 4841 3065 4897 ἀκούειν
3113 4840 3306 4913 ἤθελον
3348 4842 3565 4911 νόμου.
3592 4840 3681 4893 Διὸ
3716 4854 3830 4891 κατ-

2279 4940 2539 5009 ίσχυσεν
2557 4934 2650 4988 ἐπ’
2679 4932 2901 4999 αὐτοὺς
2926 4932 3211 5002 πόλεμος.
3250 4931 3422 4986 Πάλαι
3458 4931 3559 5002 μὲν
3589 4930 3692 5003 γὰρ
3714 4927 3829 4999 πρὸς

2278 5029 2472 5100 καιρόν
2486 5044 2609 5080 τινα
2648 5025 3111 5095 πολεμούμενοι,
3143 5019 3300 5086 αὖθις
3330 5021 3703 5091 ἀνελάμϐανον
3732 5020 3831 5072 ἑαυο

2279 5124 2428 5186 τοὺς,
2450 5120 2527 5184 ὡς
2554 5118 2650 5172 καὶ
2698 5116 2801 5187 τὴν
2843 5114 3217 5187 Ἰερουσαλὴμ,
3256 5113 3434 5167 καὶτὸ
3458 5115 3519 5168 ὲν
3547 5115 3680 5185 αὐτῇ
3724 5127 3829 5163 συν-

2282 5214 2503 5268 εστάναι
2533 5208 2821 5281 βασίλειον.
2854 5206 2970 5261 Νῦν
2997 5206 3084 5271 δὲ,
3112 5206 3223 5271 ὅτε
3259 5205 3427 5271 ἔξωθε
3454 5204 3505 5270 i,
3560 5205 3652 5259 καὶ
3678 5204 3709 5257 d
3736 5198 3831 5253 τῶν

2228 5296 2233 5302 ’
2282 5301 2504 5375 ψυχῶν
2518 5300 2613 5356 ἐπ’
2636 5299 2859 5363 αὐτοὺς
2910 5298 3239 5365 κατίσχυκε
3267 5298 3551 5362 πόλεμος,
3608 5292 3699 5348 καὶ
3742 5288 3832 5342 τῶν

2285 5396 2473 5452 κακῶν
2498 5394 2706 5450 τούτων
2729 5393 2830 5446 οὐκ
2854 5389 3169 5459 ὲλογίσαντο
3190 5388 3288 5461 τὴν
3317 5388 3518 5442 αἰτίαν.

658 5595 683 5628 ⁸
723 5594 825 5649 lsa.
851 5611 925 5662 ιι,
956 5598 1011 5651 4.
1087 5598 1106 5628 ⁷
1140 5594 1341 5653 Ezcclt.
1374 5611 1491 5664 vnt,
1516 5597 1674 5652 8-H).
1752 5594 1775 5628 ⁸
1807 5593 1964 5650 Deut.
2011 5608 2173 5649 xuii

2273 5596 2335 5653 ll.
2409 5597 2431 5628 ν
2461 5593 2610 5649 Psal.
2651 5605 2856 5656 Lxxvn,
2899 5591 2987 5647 40.
3070 5589 3114 5623 α’
3165 5588 3351 5647 Eccle.
3394 5604 3445 5655 ι,
3487 5588 3544 5645 4.

1852 5712 2091 5771 ’ἻΑΚΙᾹΞ
2127 5711 2534 5772 LECTIONES.

663 5782 679 5836 ι
714 5787 799 5839 ἵσ.
831 5783 1172 5857 ἐξώσθησαν.
