3978 6374
199 299 334 366 2381

1298 301 1835 362 COMMENTARII
1871 301 1950 363 IN
1990 303 2275 363 ISAIAM.

3320 309 3461 371 2382

271 408 432 474 Τινὲς
450 408 512 464 δι
534 410 632 465 καὶ
659 410 834 465 ταῦτα
858 410 1023 465 πάλιν
1073 410 1168 466 ἐπὶ
1214 411 1317 483 τῆς
1348 414 1435 466 ἐπ’
1480 414 1778 485 Ἀσσυρίων

1956 410 2213 469 Nonnulli
2252 429 2379 469 vero
2421 420 2477 470 et
2528 415 2646 472 haec
2684 417 2850 473 etiam
2899 417 2964 472 ad
2997 433 3138 482 eam,
3182 435 3345 489 quam
3393 406 3493 474 uti

200 502 456 564 ἁλώσεως
501 501 713 568 ῐλαδον,
746 502 797 556 οἳ
824 504 918 557 καὶ
946 505 1006 558 τὸ
1036 504 1136 574 μὲν
1186 505 1463 569 ἀκούειν,
1518 505 1578 559 τὸ
1599 504 1783 575 ιψιλῶς

203 596 506 667 ἀκροᾶσθαί
552 611 706 665 φασι.
745 597 820 650 Τδ
842 597 900 651 δὲ
928 597 1354 666 ἐνωτίσασθαι,
1384 599 1447 653 τὺ
1474 600 1541 670 τῇ
1575 598 1787 669 διανοίᾳ.

202 688 673 758 παραπέμψασθαι
698 688 856 757 λόγον
886 689 1174 760 ἐμφρόνως
1206 689 1526 753 ἀκούοντας,
1565 688 1785 752 ὁποίους

201 780 293 833 νῦν
317 780 596 851 ἀκροατὰς
617 783 646 833 ὁ
663 781 955 852 προφήτης
976 780 1153 852 ζητεῖ,
1176 781 1317 835 κατά
1340 780 1557 835 Παῦλον
1578 779 1786 844 εἰδότας

199 874 278 925 ὅτι
336 870 585 933 τυπικῶς
636 873 870 936 ἐκείνοις
921 872 1259 939 συνέϐαινεν,
1316 871 1534 943 ἐγράφη
1561 871 1618 925 δὲ
1647 870 1787 944 πρὸς

200 965 481 1019 νουθεσίαν
535 967 567 1034 ἠ
576 966 715 1035 μῶν,
743 967 893 1031 ὅπως
944 965 1011 1021 ἂν
1040 966 1102 1020 τὸ
1127 968 1240 1031 τοῖς
1268 966 1405 1032 ῐσοις
1446 966 1653 1021 ἁλῶναι
1679 984 1784 1039 φυ-

199 1059 498 1123 λάξωνται.
562 1059 651 1112 Ἐν
698 1060 932 1130 ὲμφάσει
980 1059 1039 1113 δέ
1087 1069 1272 1131 φησιν,
1320 1059 1401 1113 ὅτι
1438 1058 1797 1128 παρέδωκεν

213 1150 512 1215 Ἰακὼ6,ὂν
544 1152 602 1219 ἐξ
630 1152 905 1220 Αἰγύπτου
948 1151 1208 1206 διέσωσεν
1254 1153 1394 1223 ὑπὲρ
1439 1147 1501 1208 οὗ
1545 1151 1785 1208 τοσαῦτα

203 1244 317 1297 κατ’
342 1243 557 1315 ἐχθρῶν
576 1244 792 1312 ἐγένετο
819 1242 1099 1313 θαύματα.
1128 1245 1231 1297 Τὸν
1256 1245 1352 1299 οὑν
1376 1244 1605 1299 εἰωθότα
1626 1246 1783 1318 νικᾷν

206 1334 290 1399 τίς
325 1334 629 1386 ὑποπεσεῖν
682 1334 911 1404 ἐποίησε
944 1336 1058 1398 τοῖς
1118 1335 1353 1406 ἐχθροῖς,
1381 1338 1476 1390 καὶ
1503 1336 1591 1390 διὰ
1622 1337 1783 1390 ποίαν

207 1429 375 1481 αἰτίαν
401 1445 418 1493 ;
446 1429 479 1497 ή
503 1428 561 1481 δὲ
590 1427 686 1481 τοῦ
713 1431 806 1496 τίς
833 1429 1120 1501 ἐρώτησις,
1150 1429 1441 1501 ὁμολογίαν
1461 1429 1575 1500 ἔχει
1608 1430 1780 1501 σαφῆ,

207 1519 275 1581 ὡς
305 1519 437 1582 Θεὸς
465 1522 493 1573 ὁ
520 1520 747 1591 δράσας,
778 1521 895 1575 ἀνθ’
919 1513 994 1576 ὧν
1027 1520 1191 1575 αὑτὸν
1222 1521 1602 1589 ἐγκατέλιπον.
1638 1523 1784 1593 Πλὴν

206 1611 314 1663 δέον
339 1610 540 1674 αὑτοὺς
578 1610 652 1682 μὴ
678 1613 965 1683 ἁμαρτεῖν,
1024 1612 1152 1665 οὑδὲ
1184 1612 1451 1676 παθόντες
1497 1612 1784 1686 ἐνουθετή-

206 1703 389 1773 θησαν.
428 1702 508 1756 Δι’
535 1702 628 1768 οὑς
664 1704 930 1775 Ἱερεμίας
961 1704 1134 1773 φησί’
1162 1723 1181 1756 ι
1212 1703 1410 1776 Κύριε,
1430 1706 1480 1757 οἱ
1510 1706 1782 1776 ὀφθαλμοί

1885 504 2135 574 Assyriis
2184 505 2331 574 passi
2387 512 2550 572 sunt,
2598 510 3062 579 expugnationem
3109 510 3459 579 retulerunt;

1887 594 2053 650 iidem
2099 596 2288 650 audire
2335 596 2660 668 simpliciter
2711 615 2812 670 pro
2863 601 3176 656 auscultare
3218 602 3458 673 positum

1886 686 2263 753 arbitrantur;
2321 688 2542 743 auribus
2597 697 2779 746 autem
2833 696 3132 762 percipere,
3187 707 3285 763 pro
3339 707 3464 765 quas

1886 779 2130 835 audieris
2164 789 2347 835 mente
2376 780 2677 851 prudenter
2710 783 2921 854 agitare
2961 788 3155 855 quales
3184 800 3333 840 nunc
3362 800 3462 839 au-

1884 868 2094 925 ditores
2127 870 2393 940 propheta
2421 872 2686 942 postulat,
2739 873 2859 943 qui,
2888 873 3046 944 juxta
3103 874 3331 930 Paulum
3392 877 3459 940 ¹·¹,

1885 960 2065 1015 sciant
2119 960 2304 1016 omnia
2353 962 2411 1016 in
2464 961 2637 1033 ﬁgura
2691 962 2801 1020 illis
2851 966 3152 1037 contigisse
3195 984 3212 1023 :
3256 967 3460 1037 scripta

1886 1059 2068 1105 autem
2101 1066 2226 1108 esse
2260 1051 2317 1106 in
2350 1051 2783 1109 admonitionem
2812 1064 3084 1123 nostram,
3123 1063 3186 1111 ut
3233 1066 3464 1111 caveant

1886 1160 1957 1200 ne
1987 1160 2017 1198 a
2049 1144 2330 1201 similibus
2361 1146 2735 1217 decipiantur.
2791 1146 3114 1220 Emphatice
3145 1158 3327 1206 autem
3354 1148 3460 1203 Ja-

1885 1234 1979 1288 cob
2014 1234 2199 1305 ipsum
2229 1236 2520 1291 tradidisse
2542 1237 2701 1302 dixit,
2731 1239 2824 1308 qui
2856 1240 3109 1294 eumdem
3136 1255 3203 1294 ex
3225 1238 3462 1311 Egypto

1883 1334 2133 1397 ereptum
2183 1326 2441 1392 servarit,
2492 1327 2733 1398 ejusque
2761 1328 2986 1384 nomine
3037 1336 3117 1382 tot
3171 1328 3227 1383 in
3277 1328 3466 1383 hostes

1883 1425 2139 1488 portenta
2188 1417 2448 1473 ediderit.
2496 1416 2627 1483 Quis
2682 1434 2808 1474 eum
2832 1420 3020 1489 igitur,
3060 1419 3299 1490 quierat
3342 1420 3465 1474 vin-

1885 1524 2009 1563 cere
2046 1508 2270 1574 solitus,
2322 1508 2575 1565 hostibus
2622 1509 2901 1581 subjecit;
2948 1525 3137 1581 quaeve
3170 1510 3335 1581 hujus
3382 1511 3463 1567 rei

1883 1601 2146 1658 occasio?
2169 1602 2238 1655 At
2262 1602 2410 1658 enim
2435 1603 2571 1658 satis
2603 1604 2765 1658 docet
2798 1603 3172 1674 interrogandi
3194 1605 3462 1674 particula

1886 1693 1992 1748 ista
2032 1693 2143 1748 illis
2168 1693 2355 1749 omnia
2380 1692 2491 1749 Deo
2521 1703 2753 1751 auctore
2782 1696 2854 1751 ob
2878 1696 2934 1751 id
2960 1697 3281 1767 contigisse,
3317 1697 3462 1766 quod

205 1811 292 1847 σου
331 1796 411 1856 είς
446 1794 646 1849 πίστιν.
692 1795 1111 1866 Ἐμαστίγωσας
1138 1796 1355 1862 αὑτοὺς,
1390 1797 1485 1849 καὶ
1506 1797 1607 1850 οὐκ
1655 1797 1778 1867 ἠθέ-

1887 1785 2140 1841 eumdem
2175 1786 2541 1857 reliquerunt.
2593 1785 2708 1842 Sed
2745 1802 2845 1843 eos
2876 1804 2984 1844 non
3020 1802 3279 1858 peccasse
3311 1791 3469 1859 prius

202 1887 367 1956 λησαν
428 1885 682 1951 δέξασθαι
713 1887 983 1942 παιδείαν.
1021 1906 1040 1941 ι
1070 1888 1161 1942 Διδ
1185 1888 1283 1941 καὶ
1314 1888 1565 1957 λέγοντος
1615 1887 1781 1943 αὑτοῦ

201 1980 306 2039 τοῖς
358 1976 767 2047 ὑπολειφθεῖσιν
792 1981 857 2033 ἐκ
896 1980 1000 2052 τῆς
1061 1978 1314 2043 ἁλώσεως
1369 1979 1444 2052 μὴ
1501 1979 1784 2034 κατελθεῖν

200 2065 276 2127 εἰς
326 2064 427 2137 τὴν
459 2066 757 2133 Αἴγυπτον,
785 2069 840 2121 αἱ
866 2067 1072 2122 τούτων
1133 2073 1390 2138 γυναῖκες
1436 2070 1783 2143 ἀναισθήτως

198 2157 419 2226 ἔχουσαι
447 2159 547 2228 τῆς
595 2160 790 2231 ὀργῆς,
853 2162 1032 2215 ὲὸόων
1060 2178 1076 2195 ο
1102 2163 1215 2215 Οὑκ
1245 2162 1537 2217 ἀπέστειλέ
1577 2180 1636 2217 σε
1667 2163 1779 2217 Κό-

198 2265 332 2319 ριος.
362 2251 757 2321 Προσέφασκον
775 2252 853 2319 δὲ,
889 2253 1106 2325 Ἐπειδὴ
1130 2254 1441 2327 διελίπομεν
1474 2256 1779 2331 θύουσαι-τῇ

196 2339 487 2413 βασιλίσσῃ
536 2341 632 2396 τοῦ
660 2344 915 2416 οὐρανοῦ,
974 2346 1304 2418 κατείληφεν
1333 2350 1482 2419 ἡμᾶς
1512 2348 1581 2403 τὰ
1607 2351 1775 2404 κακά.

194 2430 380 2495 υῦτως
422 2433 767 2505 ἀναισθήτως
817 2431 991 2507 εἶχον,
1044 2440 1530 2507 κατισχύσαντες
1580 2439 1782 2495 αὐτῶν

192 2525 299 2578 τοῦ
324 2525 625 2596 πολέμου,
648 2528 744 2581 καὶ
766 2526 885 2581 τῶν
915 2529 1118 2593 κύκλῳ
1143 2530 1649 2601 καταφλεγόντων
1671 2533 1779 2586 αὐ-

192 2618 352 2683 τούς.
390 2616 481 2682 Ὠς
527 2620 623 2672 καὶ
677 2618 911 2690 ἀλλαχοῦ
966 2638 1130 2691 φησιν
1164 2621 1193 2673 ό
1222 2620 1417 2692 παρὼν
1468 2622 1775 2692 προφήτηςο

199 2710 293 2762 sAi
310 2709 498 2775 πόλεις
515 2712 669 2782 ὑμῶν
688 2713 1071 2783 πυρίκαυστοι.
1087 2714 1186 2765 »Ἃ
1214 2712 1278 2784 δή
1304 2730 1437 2783 φησι
1465 2713 1561 2766 νῦν
1582 2714 1780 2777 αὑτοὺς

197 2801 551 2866 πεπονθέναι,
602 2804 702 2857 οὑκ
737 2804 1134 2875 ἀσθενήσαντος
1176 2804 1370 2868 σώζειν
1416 2805 1615 2869 αὑτοὺς
1674 2803 1772 2858 τοῦ

196 2891 349 2947 Θεοῦ.
400 2893 565 2964 Δηλοῖ
592 2894 649 2948 δὲ
670 2894 739 2949 τὰ
768 2894 1053 2965 φθάσαντα
1092 2895 1387 2966 θαὺματα.,
1412 2896 1552 2949 Ἀλλ’
1607 2897 1727 2950 οὑδὲ
1750 2898 1777 2938 κ

200 2982 724 3056 δικαιοπραγοῦντες
770 2987 1125 3049 πεπόνθασιν,
1186 2986 1302 3040 ἀλλ’
1350 2988 1433 3041 ὄτι
1461 2987 1553 3042 τὸν
1592 2990 1778 3053 αὑτοῖς

198 3074 421 3129 δοθέντα
468 3078 636 3147 νόμον
681 3078 1023 3149 παρέϐησαν.
1057 3081 1121 3133 Ὃ
1154 3078 1230 3151 μὴ
1258 3078 1530 3143 νοοῦντες,
1566 3080 1779 3151 ἐμείνα-

196 3181 272 3231 τε,
299 3169 460 3237 φησὶ,
490 3171 602 3233 τοῖς
631 3169 826 3234 δεινοῖς
846 3170 1216 3241 συνεχόμενοι.

1886 1880 2157 1949 oportuit,
2199 1893 2272 1934 ne
2325 1890 2677 1949 peccatorum
2712 1880 2922 1936 ultione
2949 1881 3016 1935 ad
3049 1880 3259 1952 frugem
3309 1895 3466 1935 revo-

1885 1971 1998 2023 cari
2054 1984 2113 2024 se
2143 1977 2197 2024 et
2228 1970 2432 2040 corripi
2483 1986 2590 2024 non
2637 1970 2930 2038 dolerent;
2964 1985 3198 2040 quorum
3246 1969 3467 2025 nomine

1885 2061 1965 2114 sic
1984 2061 2229 2132 loquitur
2255 2061 2527 2118 Jeremias
2551 2080 2564 2116 :
2603 2082 2621 2115 ι
2657 2063 2905 2125 Domine,
2926 2064 3073 2118 oculi
3096 2063 3174 2117 tui
3198 2063 3254 2116 in
3279 2061 3463 2117 ﬁdem.

1884 2152 2197 2223 Flagellasti
2248 2169 2366 2219 eos,
2425 2163 2482 2211 et
2548 2157 2848 2211 noluerunt
2905 2156 3159 2227 amplecti
3216 2154 3465 2226 discipli-

1884 2259 2008 2298 nam
2042 2246 2107 2299 ".
2138 2262 2156 2296 ι
2184 2245 2363 2316 Atque
2394 2245 2524 2301 hinc
2554 2257 2662 2311 est,
2690 2247 2836 2317 quod
2868 2261 2991 2301 cum
3023 2246 3112 2308 iis,
3144 2246 3261 2316 qui,
3295 2261 3466 2314 expuo

1882 2346 2048 2408 gnata
2079 2338 2305 2393 civitate
2332 2350 2739 2401 remanserant,
2789 2355 2857 2395 ne
2904 2340 2959 2394 in
2978 2326 3285 2410 ’Aﬂgyptum
3337 2338 3467 2394 des-

1883 2429 2205 2495 cenderent,
2226 2428 2368 2486 idem
2400 2430 2698 2497 suaderet;
2727 2430 3045 2487 eorumdem
3067 2432 3469 2502 uxores;impoo

1884 2522 2020 2577 teuti
2057 2523 2241 2579 lurore
2275 2525 2521 2595 percitae,
2556 2541 2585 2578 a
2636 2522 2869 2580 Domino
2895 2525 3126 2583 missum
3182 2539 3289 2578 non
3342 2539 3469 2580 csse
3576 2570 3578 2572 τ

1881 2613 2279 2670 inclamabant.
2345 2615 2470 2671 Ideo
2521 2617 2670 2672 enim
2721 2630 2784 2672 se
2833 2616 3001 2672 tantis
3058 2616 3467 2672 calamitatibus

1881 2707 2075 2778 premi,
2133 2707 2283 2778 quod
2342 2709 2550 2779 reginae
2603 2710 2729 2765 cmli
2779 2710 3092 2765 sacriﬁcare
3135 2708 3464 2770 desiissent,

1880 2803 2219 2859 clamabant.
2253 2803 2403 2859 Adeo
2454 2804 2565 2861 illis
2610 2820 2810 2860 sensus
2876 2806 3303 2875 obstupuerant,
3338 2816 3463 2857 cum

1879 2896 2192 2965 prwvaleret
2237 2895 2491 2951 adversus
2519 2912 2612 2951 eos
2636 2897 2855 2964 bellum,
2881 2907 2931 2952 et
2960 2899 3052 2969 qui
3091 2895 3464 2951 comburebaut

1880 3004 1969 3043 eos
2003 2988 2061 3041 in
2113 2988 2369 3041 circuitu.
2397 2987 2559 3053 Quod
2586 2988 2789 3043 alicubi
2837 2990 3003 3045 etiam
3037 2999 3228 3043 noster
3278 2987 3465 3043 indica

1880 3078 2173 3149 propheta,
2202 3077 2332 3131 dum
2365 3079 2535 3133 urbes
2561 3093 2752 3133 eorum
2783 3079 2962 3150 ignem
2995 3079 3314 3151 populatum
3340 3092 3465 3134 esse

1808 3162 1851 3219 C
1891 3169 2205 3239 signiﬁcat;
2251 3168 2380 3223 talia
2408 3178 2559 3225 certe
2587 3175 2642 3225 et
2679 3170 2833 3240 ipsos
2865 3170 3031 3225 etiam
3072 3185 3219 3225 nunc
3272 3183 3466 3240 passos

197 3276 316 3317 esse
366 3264 538 3329 dicit;
596 3265 724 3320 licet
767 3281 796 3319 a
824 3264 936 3321 Deo
978 3282 1088 3320 non
1118 3266 1277 3335 eripi.
1312 3266 1631 3337 servarique
1660 3280 1769 3320 non
1808 3261 2392 3334 potuissent.-ludicat
2438 3272 2618 3316 autem
2682 3262 3054 3332 praecedentes
3096 3261 3461 3328 calamitates,

199 3371 329 3426 quas
354 3370 464 3410 non
493 3355 615 3411 istis
656 3356 1092 3426 operationibus,
1118 3356 1213 3411 sed
1256 3356 1392 3427 legis
1414 3357 1633 3411 traditae
1656 3355 1952 3411 violatione
2014 3352 2262 3423 perpessi
2326 3360 2457 3407 sunt
2484 3368 2499 3406 :
2534 3352 2602 3407 ad
2631 3353 2776 3423 quod
2817 3352 2947 3423 quia
2979 3367 3089 3407 non
3119 3352 3461 3419 advertistis,

201 3449 395 3520 inquit,
443 3452 663 3506 damnis
714 3460 769 3505 et
812 3450 1217 3506 calamitatibus
1242 3453 1539 3506 etiamnum
1568 3447 1798 3521 opprimi
1838 3442 2138 3501 desivistis.

788 3542 1044 3596 ΚΕΦΑΛ.
1089 3542 1224 3596 ΓΜ’.

263 3640 417 3703 α-ιγ.
470 3632 581 3687 Καὶ
633 3631 753 3686 νῦν
796 3632 986 3697 οὕτως
1037 3635 1199 3701 λέγει
1245 3632 1463 3698 Κύριος
1503 3632 1536 3684 ὀ
1576 3629 1779 3693 Θεὸςό

205 3723 452 3789 ποιήσας
468 3739 565 3784 σε,
592 3722 822 3787 Ἰακὼϐ,
851 3722 951 3777 καὶ
967 3726 1000 3777 ὁ
1016 3723 1263 3789 πλάσας
1280 3740 1374 3787 σε,
1396 3721 1666 3791 Ἰσραήλ·
1683 3719 1781 3789 Μὴ

206 3814 397 3881 φοϐοῦ,
422 3814 514 3867 ὅτι
537 3812 979 3882 ἐλυτρωσάμην
1001 3828 1098 3877 σε,
1120 3813 1389 3868 ἐκάλεσά
1413 3830 1487 3868 σε
1506 3812 1572 3866 τὸ
1595 3811 1784 3883 ὄνομά

206 3923 329 3960 σου.
368 3907 540 3975 Ἐμὸς
588 3902 647 3960 εἶ
673 3906 776 3960 σύ.
807 3907 914 3961 Καὶ
941 3906 1052 3960 ἐὰν
1098 3905 1410 3974 διαϐαίνῃς
1439 3905 1515 3958 δι’
1541 3904 1781 3970 ὕδατος,

203 3997 334 4064 μετὰ
343 3997 463 4051 σοῦ
480 4001 619 4067 ειμι,
636 3998 732 4051 καὶ
750 3999 999 4068 ποταμοὶ
1013 4001 1085 4053 οὐ
1104 3998 1545 4067 συγκλείσουσί
1563 4013 1657 4053 σε.
1670 3994 1784 4052 Καὶ

205 4090 556 4161 ἐόν-διέλθῃς
576 4091 672 4146 διὰ
702 4092 911 4160 πυρὸς,
933 4094 1005 4145 οὐ
1020 4089 1107 4161 μὴ
1139 4089 1544 4158 κατακαυθῇς,
1567 4107 1623 4145 κ.
1645 4107 1697 4145 τ.
1726 4089 1776 4145 λ.

275 4181 550 4236 ’Δνοίκεια
597 4179 772 4234 ταῦτα
810 4179 918 4235 τῶν
950 4182 1081 4252 περὶ
1136 4178 1231 4233 τοῦ
1261 4182 1326 4233 ὲκ
1353 4179 1656 4251 περιτομῆς
1674 4181 1778 4250 ἀρ-

201 4272 315 4336 τίως
367 4272 682 4343 εἰρημένων
719 4270 871 4336 λαοῦ,
919 4270 1013 4335 οὒς
1065 4271 1330 4325 ἀπεκάλει
1377 4271 1635 4340 τυφλοὺς,
1679 4270 1776 4324 καὶ

203 4366 428 4434 κωφοὺς,
458 4368 553 4419 καὶ
578 4366 1039 4437 διηρπασμένους.
1065 4364 1274 4419 Οὐκοῦν
1301 4363 1396 4417 νῦν
1417 4366 1445 4418 ὁ
1469 4365 1623 4434 λόγος
1643 4364 1772 4436 περὶ

2473 3534 2631 3590 CAP.
2675 3534 2856 3591 XLIII.

1948 3627 2119 3700 480
2148 3627 2318 3683 Vnus.
2368 3627 2522 3683 1-15.
2571 3627 2641 3682 Et
2674 3645 2812 3684 nunc
2864 3630 2945 3684 ita
2994 3628 3124 3685 dicit
3173 3630 3459 3695 Dominus,

1878 3721 1971 3791 qui
2010 3720 2137 3791 fecit
2183 3729 2254 3785 te,
2283 3720 2479 3786 Jacob,
2511 3729 2561 3775 et
2593 3723 2684 3793 qui
2719 3722 2969 3791 formavit
3010 3733 3081 3790 te,
3118 3721 3294 3778 Israel
3323 3738 3342 3778 :
3378 3722 3463 3779 Ne

1882 3812 2103 3878 timeas,
2136 3814 2385 3884 quoniam
2440 3813 2635 3867 redemi
2674 3821 2745 3879 te,
2796 3814 2974 3868 rocaci
3021 3823 3071 3868 te
3105 3816 3315 3869 nomine
3348 3824 3459 3869 tuo.

1881 3900 2039 3958 Meus
2068 3920 2122 3958 es
2153 3915 2230 3959 tu.
2265 3903 2337 3958 Et
2362 3904 2410 3957 si
2432 3904 2709 3958 transieris
2740 3921 2835 3973 per
2868 3921 3086 3977 aquam,
3123 3915 3292 3960 tecum
3317 3921 3456 3969 sum,

1878 4006 1930 4049 et
1982 3995 2209 4063 ﬂumina
2257 4013 2363 4050 non
2412 3998 2710 4065 cooperient
2756 4007 2825 4052 te.
2859 3996 2928 4051 Et
2958 3999 3006 4053 si
3045 3999 3326 4053 transieris
3368 4014 3461 4065 per

1875 4085 2071 4155 ignem,
2096 4102 2197 4141 non
2229 4086 2575 4153 combureris,
2597 4088 2817 4157 ﬂamma
2842 4106 2946 4143 non
2981 4089 3457 4154 coniburette,etc.

1944 4177 2104 4250 48],
2144 4177 2367 4234 Diversa
2399 4188 2530 4235 sunt
2564 4180 2677 4233 haec
2706 4180 2775 4232 ab
2809 4179 2939 4240 illis.
2972 4194 3096 4249 quae
3120 4180 3189 4233 de
3214 4178 3457 4234 circum-

1876 4270 1999 4326 ciso
2057 4272 2258 4341 popqu
2295 4288 2467 4341 nuper
2513 4271 2862 4335 dicebantur,
2926 4286 3051 4325 cum
3108 4285 3285 4326 caecos
3335 4286 3491 4333 eos.

1867 4364 2069 4420 surdos
2104 4373 2158 4419 et
2187 4364 2432 4435 direptos
2463 4363 2792 4418 nominaret.
2823 4360 2942 4416 Jam
2970 4363 3141 4432 igitur
3163 4377 3348 4418 sermo
3368 4375 3452 4416 est

200 4457 281 4510 τοῦ
314 4458 628 4529 κρείττονος
666 4458 948 4527 τάγματος
986 4458 1096 4511 τῶν
1120 4462 1184 4512 ὲκ
1202 4457 1513 4530 περιτομῆς
1541 4474 1769 4510 πιστευ-

1882 4458 1947 4513 de
1979 4459 2349 4526 praestantiori
2382 4458 2475 4511 illo
2497 4456 2956 4511 circumcisorum
2976 4464 3148 4519 cmtu,
3169 4455 3260 4524 qui
3294 4455 3453 4510 ﬁdem

199 4550 417 4605 σάντων.
452 4550 517 4603 Et
539 4549 648 4621 γὰρ
704 4551 975 4615 κάκεῖνοι,
1007 4551 1164 4622 φησὶ,
1202 4549 1435 4605 τοιοῦτοι
1462 4550 1769 4619 γεγονότες,

194 4640 413 4695 τοιαῦτα
466 4642 837 4708 πεπόνθασιν,
906 4641 1023 4696 ἀλλ’
1095 4644 1254 4714 ὑμεῖς
1304 4645 1354 4697 οἱ
1419 4642 1511 4695 τὸν
1560 4642 1772 4696 ἑαυτῶν

198 4735 425 4804 ποιητὴν
450 4734 547 4788 καὶ
595 4733 843 4804 πλάστην
874 4734 1210 4803 ἐπιγνόντες,
1240 4732 1534 4798 ἀκούσατε,
1562 4731 1775 4803 ποίημά

193 4840 245 4877 τε
270 4826 362 4877 καὶ
384 4825 617 4893 πλάσμα
641 4825 702 4878 τὸ
729 4828 789 4879 ὲν
815 4827 945 4897 ὑμῖν
971 4828 1338 4897 τετηρηκότες
1370 4826 1675 4897 ἀλὼσητον,
1698 4824 1776 4890 ὡς

192 4917 399 4982 οἰκείως
440 4917 661 4971 ἀκούειν
700 4918 900 4973 Ἰακώϐ
919 4936 983 4972 τε
1031 4920 1127 4973 καὶ
1169 4918 1427 4987 Ἰσραήλ.
1462 4917 1605 4987 Ἐγὼ
1662 4919 1774 4990 γὰρ

190 5012 220 5061 ὁ
244 5010 513 5078 ποιήσας
572 5010 673 5081 μέν
704 5025 778 5064 σε
826 5010 969 5064 κατά
1027 5010 1207 5081 ψυχὴν
1258 5010 1358 5078 τήν
1411 5008 1532 5064 κατ’
1589 5010 1773 5064 εἰκόνα

190 5102 590 5172 πεποιημένην,
644 5100 890 5168 πλάσας
919 5101 977 5155 δέ
1014 5118 1109 5155 σου
1159 5105 1253 5156 καὶ
1277 5100 1338 5154 τὸ
1363 5103 1428 5155 ὲκ
1457 5102 1560 5170 γῆς
1610 5098 1772 5170 σῶμα

189 5190 410 5261 ληφθὲν,
442 5192 502 5255 ὃς
531 5193 625 5247 καὶ
663 5189 805 5263 αἷμα
855 5192 1156 5264 παρασχὼν
1210 5193 1353 5264 ὑπὲρ
1410 5191 1506 5269 σοῦ
1532 5191 1593 5245 τὸ
1614 5190 1769 5262 ὲμὸν,

186 5284 619 5354 ἑλυτρωσάμην
678 5302 738 5339 σε
782 5285 970 5357 κτῆμα
1028 5285 1161 5340 ἴδιον
1219 5285 1610 5357 ποιησάμενος.
1667 5280 1768 5337 Ὧν

186 5376 489 5447 Ιἠξιωμένος
519 5376 702 5447 βάδιζε
726 5376 793 5449 ήν
809 5376 1103 5447 ἐκελεὺθης
1122 5377 1240 5432 ὁδὸν
1257 5375 1764 5447 εὐαγγελιζόμενος.

183 5469 300 5524 Kiv
324 5470 448 5524 ἀνθι
466 5469 636 5523 στῶσί
665 5487 834 5535 τινες,
853 5470 1057 5540 θάρῤει
1083 5471 1160 5542 μὴ
1187 5468 1414 5537 δεδιώς.
1455 5488 1475 5523 ι
1497 5468 1628 5524 Ἰδοὺ
1655 5467 1767 5540 γὰρ

250 5586 295 5619 ⁸⁸
336 5584 504 5640 lCor.
538 5602 593 5651 ι,
632 5586 723 5640 Η.
799 5587 842 5618 η
872 5583 1075 5643 Jerem.
1106 5601 1159 5651 v,
1191 5586 1244 5640 3.

1871 4546 2110 4617 amplexi
2137 4555 2287 4601 sunt.
2327 4545 2383 4600 Si
2411 4548 2554 4601 enim
2582 4556 2637 4600 et
2666 4544 2765 4609 illi,
2788 4545 2884 4609 ait,
2913 4546 3040 4614 quia
3074 4544 3213 4600 tales
3241 4554 3452 4606 essent.

1870 4638 2140 4708 ejusmodi
2179 4640 2325 4709 passi
2356 4647 2505 4704 sunt,
2529 4652 2628 4692 vus
2660 4638 2759 4707 ipsi
2794 4636 3012 4701 saltem,
3045 4635 3140 4706 qui
3166 4633 3455 4691 Factorem

1871 4738 2113 4785 vestrum
2149 4730 2473 4801 agnovistis,
2524 4729 2744 4793 audite,
2793 4726 3000 4794 audite,
3060 4729 3306 4796 inquam,
3360 4731 3453 4800 qui

1871 4838 2012 4894 Opus
2046 4824 2225 4893 ipsutn
2270 4829 2325 4876 et
2377 4823 2720 4892 ﬁgmentum,
2752 4820 2902 4893 quod
2932 4819 2987 4875 in
3020 4819 3177 4874 vobis
3224 4828 3331 4885 est,
3382 4823 3453 4875 ita

1876 4918 1997 4973 Sine
2041 4917 2162 4972 labe
2190 4915 2584 4982 conservastis,
2628 4924 2690 4970 ut
2738 4912 3005 4985 peculiari
3036 4911 3258 4969 nomine
3284 4909 3453 4967 Iacob

1872 5021 1921 5065 et
1954 5009 2132 5064 Israel
2154 5009 2412 5064 audiatis.
2446 5007 2560 5080 Ego
2583 5007 2731 5064 enim
2757 5023 2879 5063 sum
2909 5007 3000 5079 qui
3036 5006 3138 5076 feci
3168 5014 3239 5073 te,
3268 5005 3454 5061 animo

1872 5103 2092 5174 quidem
2140 5100 2208 5156 ad
2257 5116 2436 5155 meum
2488 5101 2770 5172 exemplar
2802 5109 2856 5156 et
2900 5100 2965 5154 ad
3016 5098 3309 5171 imaginem
3353 5114 3451 5153 ex-

1872 5207 2101 5260 presso;
2141 5207 2374 5264 corpore
2414 5201 2593 5248 autem
2611 5193 2679 5247 de
2696 5200 2839 5248 terra
2872 5198 3051 5245 creato
3072 5200 3124 5244 et
3145 5195 3448 5258 assumpto.

1873 5281 2008 5355 Ego,
2065 5285 2309 5354 inquam,
2343 5285 2439 5354 qui
2468 5295 2523 5339 et
2548 5284 2872 5354 sanguinem
2907 5296 3087 5337 meum
3135 5288 3229 5334 tua
3276 5293 3448 5335 causa

1872 5373 2182 5443 eﬁundens,
2218 5375 2417 5431 redemi
2446 5384 2549 5442 .te;
2582 5376 2968 5447 peculiumque
2991 5373 3261 5430 exsistere
3309 5372 3445 5428 mihi

1872 5468 2044 5524 volui.
2074 5469 2174 5526 His
2202 5484 2337 5542 ergo
2367 5485 2462 5542 per
2496 5485 2583 5527 me
2611 5469 2811 5542 dignus
2850 5466 3094 5535 habitus,
3140 5480 3305 5539 perge
3333 5478 3445 5536 quo

1488 5674 1726 5734 VARIA'Z
1761 5672 2168 5734 LECTIONES.

255 5746 283 5787 ι
308 5766 397 5817 γρ.
434 5748 736 5822 παθήματα
773 5750 916 5824 ἀπερ
956 5749 1134 5807 οὐδέν.
