3978 6374
199 369 318 432 9385

1313 372 1846 435 COMMENTARII
1883 375 1965 437 IN
2008 376 2294 436 ISAIAM.

3301 375 3443 441 2386

258 480 453 551 Διόπερ
474 482 533 535 ἐν
567 480 774 553 ἑτέροις
804 482 833 534 6
862 478 1054 552 παρὼν
1086 484 1370 554 προφήτης
1398 484 1531 554 φησι
1550 502 1564 516 ο
1604 505 1622 534 ‹
1653 483 1761 538 Καὶ

1936 485 2119 556 Itaque
2157 495 2212 541 et
2238 486 2364 539 alibi
2393 485 2473 542 sic
2504 486 2751 557 loquitttr
2792 496 2977 541 noster
3011 486 3099 542 hic
3134 491 3396 558 propheta
3424 504 3441 542 :

198 572 472 628 ἀποστελεῖ
499 572 706 644 Κύριος
733 572 917 635 αὐτοῖς
947 576 1189 644 σωτῆρα,
1227 572 1287 635 ὃς
1340 572 1505 627 σώσει
1544 573 1761 639 αύτούς.

201 665 403 735 Κρενων
430 666 597 720 σώσει
614 666 831 730 αὐτούς.
855 686 873 718 ι
909 665 1054 720 Ἀντὶ
1079 667 1135 720 δὲ
1151 666 1244 721 τοῦ
1274 666 1575 732 ώνείδισα,
1592 668 1766 736 ἠκού-

201 758 325 811 τισὰ
355 774 523 827 φασιν
546 759 595 811 οἱ
626 758 826 813 λοιποί.
870 759 1136 813 Ἀκουστὰ
1155 760 1264 829 γὰρ
1292 758 1468 814 ταῦτα
1496 761 1764 831 κατέστη-

201 868 259 903 σα
282 848 573 918 προλαϐὼν
602 850 790 918 μόνος
832 849 907 902 ῶν
955 851 1013 903 ἐν
1063 850 1193 919 ὑμῖν
1224 849 1391 917 Θεὸς,
1445 850 1541 903 καὶ
1592 850 1769 913 οὐδεὶς

197 938 390 1009 παρῆν
430 958 532 1009 μοι
592 941 771 1006 ξένος
818 940 989 994 ταῦτα
1022 941 1335 1005 θεσπίζοντι
1361 941 1450 996 διὰ
1474 942 1582 995 τῶν
1619 944 1768 1013 ἐμῶν

199 1034 485 1104 προφητῶν
508 1074 524 1097 ,
569 1033 646 1097 ὡς
693 1034 863 1103 ὑμεῖς
909 1033 1080 1087 αὐτοὶ
1121 1035 1407 1104 γεγόνατε
1447 1034 1767 1105 μάρτυρες.

200 1126 431 1194 Μάρτυς
462 1126 520 1179 δὲ
547 1125 732 1196 κάγὼ,
764 1125 862 1179 καὶ
913 1129 947 1179 ὀ
992 1126 1134 1193 παῖς
1178 1130 1213 1181 ό
1260 1127 1423 1196 ἐμός.
1462 1129 1636 1198 Συνῆν
1658 1129 1768 1197 γάρ

204 1237 282 1290 μοι
310 1216 645 1282 θεσπίζοντι,
698 1218 805 1289 πρὸ
832 1220 932 1283 τῆς
955 1218 1158 1289 σαρκὸς
1194 1218 1334 1288 ἔχων
1359 1220 1459 1291 τὴν
1507 1217 1765 1291 ὕπαρξιν.

213 1308 339 1362 Ἀλλ’
374 1310 523 1379 ἅπερ
552 1308 623 1373 ἐξ
643 1308 827 1377 ἀρχῆς
858 1308 1053 1379 ῶρισα,
1076 1310 1247 1363 ταῦτα
1271 1310 1556 1383 δυνήσεται
1587 1329 1766 1384 παρα-

204 1399 441 1453 σαλεύειν
476 1399 674 1463 οὐδείς.
699 1398 881 1453 Ταῦτα
924 1399 1175 1454 λέλεκται
1224 1400 1323 1472 μὲν
1368 1404 1449 1465 εἰς
1480 1402 1770 1475 πρόσωπον

213 1489 405 1547 Ἰακώϐ
429 1509 489 1545 τε
524 1492 618 1545 καὶ
653 1491 924 1560 Ἰσραὴλ,
958 1494 1038 1556 εἰς
1067 1493 1123 1547 δὲ
1155 1494 1246 1547 τὸν
1278 1495 1633 1549 ἀποστολικὸν
1678 1514 1771 1567 χο-

207 1582 287 1651 ρδν
320 1581 680 1651 ἀναφέρεται,
717 1581 815 1633 καὶ
845 1582 937 1634 ἐπὶ
961 1582 1171 1647 πάντας
1227 1586 1353 1649 τοὺς
1401 1584 1462 1649 ἐξ
1504 1586 1771 1640 Ἰουδαίων

204 1675 420 1737 πιστοὺς
457 1674 554 1727 τοῦ
610 1674 767 1741 λόγου
816 1674 1115 1745 διήκοντος.
1160 1677 1319 1741 Τινὲς
1373 1677 1429 1731 δέ
1482 1697 1663 1748 φασιν,
1695 1680 1772 1744 ώς

201 1766 392 1835 ἀγαθὸς
421 1765 497 1819 ὣν
526 1766 555 1819 ὁ
581 1766 734 1830 Θεὸς,
770 1766 865 1831 οὓς
900 1768 1172 1822 παιδεύων
1216 1767 1459 1823 ἀπέϐαλε
1482 1810 1497 1835 ,
1550 1771 1773 1836 τούτους

1877 600 1895 630 σ
1937 581 1999 632 Et
2035 580 2212 633 mittet
2244 578 2377 648 ipsis
2419 578 2769 643 salvatorem,
2800 578 2893 649 qui
2915 578 3087 635 salvet
3127 593 3254 643 eos;
3285 576 3439 646 judi-

1871 689 2005 729 cans
2035 673 2265 727 salvabit
2317 687 2414 729 eos
2446 673 2509 727 ¹⁷.
2565 690 2583 724 ι
2631 672 2699 725 At
2732 687 2831 742 pro
2868 670 3202 740 exprobravi,
3238 670 3435 740 reliqui

1872 763 2058 819 audire
2083 764 2184 835 feci
2215 765 2668 834 interpretantur.
2704 764 2811 820 Ista
2855 765 3000 819 enim
3039 780 3136 819 vos
3170 774 3298 820 ante
3326 780 3448 819 om-

1872 870 1968 909 ues
2001 853 2185 919 docui,
2215 852 2308 923 qui
2337 852 2477 907 Deus
2500 869 2634 906 unus
2666 852 2718 906 in
2746 853 2901 907 vobis
2932 852 3073 924 sim;
3107 867 3285 923 neque
3313 851 3447 905 mihi

1870 946 2045 1015 adfuit
2093 947 2318 1009 alienus,
2355 960 2480 1000 cum
2524 944 2627 1000 ista
2677 961 2774 1016 per
2812 946 3109 1015 prephetas
3152 960 3305 1000 meos
3348 960 3446 999 va-

1873 1032 2167 1104 ticinarer;
2217 1034 2679 1107 quemadmodum
2741 1052 2829 1089 vos
2891 1036 3021 1089 mihi
3077 1044 3234 1090 testes
3265 1037 3447 1090 estis:

1876 1127 2024 1180 testis
2085 1128 2214 1182 item
2271 1136 2323 1181 et
2373 1142 2487 1197 ego,
2539 1126 2785 1197 ﬁliusque
2841 1143 3007 1181 meus.
3061 1126 3251 1180 Adfuit
3299 1125 3447 1180 enim

1873 1226 1928 1272 et
1962 1218 2079 1288 ipse
2130 1234 2366 1283 mecum,
2402 1234 2524 1273 cum
2560 1218 2665 1273 ista
2720 1220 3097 1289 pra-dicerent,
3150 1234 3275 1273 cum
3323 1227 3453 1274 ante

1873 1310 2057 1365 carnis
2094 1311 2527 1380 assumptionem
2561 1312 2872 1367 exsisteret.
2906 1310 3012 1367 Sed
3053 1328 3174 1381 quae
3204 1314 3267 1365 ab
3299 1312 3451 1366 initio

1875 1403 1949 1457 ita
1982 1401 2100 1458 fore
2139 1401 2381 1467 decrevi,
2430 1414 2647 1458 mutare
2678 1413 2732 1459 et
2765 1419 2983 1459 movere
3025 1418 3186 1459 nemo
3234 1412 3320 1458 est
3355 1406 3449 1473 qui

1877 1494 2070 1565 possit.
2119 1494 2295 1563 Atque
2352 1492 2468 1548 haec
2523 1491 2745 1563 quidem
2794 1493 2847 1546 in
2898 1491 3092 1547 Jacobi
3136 1501 3192 1549 et
3230 1493 3451 1549 lsraelic

1877 1585 2105 1654 gratiam
2137 1581 2415 1648 dicuntur,
2452 1599 2573 1655 qua:
2598 1595 2777 1639 tamen
2815 1583 2881 1638 nd
2922 1584 3288 1654 apostolicum
3320 1590 3454 1640 cho-

1878 1692 2020 1736 rum,
2058 1683 2111 1729 et
2149 1675 2214 1730 ad
2244 1691 2339 1730 eos
2366 1676 2528 1730 etiam
2566 1691 2782 1737 omnes,
2808 1676 2899 1745 qui
2950 1692 3019 1730 ex
3041 1674 3249 1730 Judteis
3294 1676 3453 1730 [idem

1879 1767 2111 1838 amplexi
2146 1776 2295 1835 sunt,
2323 1769 2719 1823 extenduntur.
2764 1766 2966 1822 Volunt
2997 1783 3160 1838 porro
3202 1769 3453 1822 nonnulli

200 1858 585 1930 προσκαλεῖται
613 1858 681 1912 δι’
712 1858 880 1924 ἔλεον,
917 1860 1056 1931 λήθῃ
1102 1862 1489 1932 παραπέμπων
1527 1862 1597 1916 τὰ
1639 1863 1774 1934 πρό-

1883 1857 2045 1912 Deum
2078 1858 2281 1929 ipsum,
2319 1859 2411 1930 qui
2448 1876 2545 1929 pro
2577 1877 2674 1915 sua
2718 1860 2985 1925 bonitate,
3018 1874 3157 1930 quos
3188 1875 3217 1913 a
3262 1876 3322 1915 se
3362 1874 3456 1914 ca~

198 1970 344 2021 τερα,
376 1953 474 2005 καὶ
522 1951 798 2022 προτιθεὶς
838 1954 1014 2023 ἀρχὴν
1039 1952 1229 2023 ἑτέρου
1276 1952 1490 2023 καιροῦ,
1526 1954 1665 2007 κατὰ
1694 1953 1773 2020 τὸ,

203 2066 219 2096 ι
251 2046 500 2117 Σήμερον
552 2046 648 2099 ἐὰν
671 2046 773 2116 τῆς
820 2046 1003 2117 φωνῆς
1034 2046 1474 2127 μουρκούσητε,
1518 2066 1536 2099 ι
1572 2047 1666 2100 καὶ
1708 2046 1779 2101 τὰ

195 2138 277 2205 ἐφ’
310 2137 461 2205 ἑξῆς.
509 2138 597 2201 Ὦς
614 2138 725 2209 γὰρ
746 2140 863 2191 ἐκεῖ
890 2139 950 2192 τὸ
1002 2139 1306 2207 σήμερον,
1337 2139 1510 2203 οὕτως
1544 2140 1780 2195 ἐνταῦθα

194 2235 252 2283 τὸ
276 2230 417 2297 νῦν,
451 2232 791 2301 ἀμνηστείας
818 2231 939 2303 ἔχον
978 2232 1261 2293 ὑπόθεσιν,
1302 2233 1397 2285 καὶ
1433 2232 1780 2302 πραγμάτων

196 2322 400 2387 ἐτέρων
420 2321 596 2392 ἀρχὴν
620 2320 895 2391 ἐσομένων
919 2323 1068 2393 παρά
1094 2320 1231 2375 Θεοῦ
1259 2321 1334 2393 μὴ
1367 2321 1779 2393 συγχωροῦντος

194 2414 333 2481 ἄγαν
363 2412 618 2484 ἀθυμεῖν,
653 2413 727 2477 ὡς
752 2414 974 2480 ἕξοντας
1000 2415 1108 2466 τῶν
1131 2414 1417 2486 παρόντων
1453 2414 1777 2486 μεταϐολὴν,

196 2506 456 2559 ἀπάντων
494 2503 800 2575 ἀνθρώπων
826 2506 896 2559 δι’
935 2507 1166 2575 αἵματος
1210 2506 1597 2577 λυτρουμένων
1641 2508 1780 2579 Χρι-

199 2598 347 2652 στοῦ.
384 2598 669 2667 Ηῦδόκησε
707 2598 817 2670 γὰρ
847 2600 876 2652 ὁ
910 2598 1042 2662 Θεὸς
1080 2598 1666 2669 ἀνακεφαλαιώσασθαι
1712 2600 1781 2655 τά

200 2690 378 2743 πάντα
410 2690 468 2741 ἐν
497 2689 667 2761 αύτῷ,
700 2690 839 2744 κατά
862 2693 963 2762 τὴν
1002 2691 1217 2744 Παύλου
1264 2692 1472 2763 φωνὴν,
1502 2692 1625 2756 δοὺς
1651 2695 1783 2765 ήμῖν

201 2782 293 2833 καὶ
318 2781 385 2835 τὸ
410 2782 596 2836 καινὸν
622 2781 791 2851 δνομα
813 2783 1050 2853 Χριστοῦ
1080 2783 1139 2836 τὸ
1175 2783 1472 2853 ἐπικληθὲν
1505 2785 1588 2854 ἐφ’
1612 2787 1779 2855 ἡμᾶς.

203 2870 267 2923 Ti
286 2870 341 2923 δὲ
363 2869 628 2938 τοῦνομα
643 2886 661 2934 ;
702 2872 876 2938 Ἐμὸς
893 2869 948 2926 εἷ
967 2874 1069 2927 σύ.
1093 2873 1329 2942 Χριστοῦ
1353 2874 1461 2943 γὰρ
1485 2868 1625 2929 εἶναι
1650 2876 1785 2929 πάν-

205 2978 291 3023 τες
313 2960 590 3031 λεγόμεθα
622 2962 720 3033 τῆς
748 2963 879 3034 πρὶν
912 2963 1018 3030 ἔξω
1036 2964 1323 3032 γεγονότες
1355 2964 1781 3037 ἀλλοτριώσεως,

207 3054 270 3122 ἢν
296 3052 531 3123 ἔσχομεν
559 3054 987 3125 ἁμαρτάνοντες,
1022 3056 1202 3111 καίτοι
1240 3057 1385 3112 κατὰ
1430 3059 1591 3130 φύσιν
1634 3060 1786 3126 ὅντες

208 3144 361 3199 Θεοῦ.
401 3145 565 3200 Ἀλλά
591 3147 754 3201 πάλιν
788 3150 939 3219 ἡμᾶς
966 3148 1054 3203 διὰ
1082 3150 1177 3204 τοῦ
1223 3153 1542 3223 Πνεύματος
1573 3154 1783 3208 ὠκειώο

1878 1950 2106 2021 ειὶςοιοε
2143 1952 2366 2021 repulit,
2399 1953 2632 2007 invitare
2676 1969 2892 2017 rursus,
2946 1960 3001 2005 et
3048 1952 3453 2022 praeteritorum

1876 2043 2127 2099 oblivisci
2174 2044 2374 2108 soleat,
2432 2043 2694 2113 temporis
2735 2044 2901 2097 etiam
2956 2043 3191 2099 alterius
3246 2042 3455 2113 princi—

1878 2136 2025 2205 pium
2062 2136 2152 2190 hic
2189 2151 2537 2206 proponere:
2580 2136 2744 2203 quale
2785 2143 2871 2189 est
2916 2135 3048 2189 illud
3082 2154 3093 2189 :
3142 2154 3160 2187 ι
3202 2133 3377 2189 llodie
3408 2137 3455 2190 si

1877 2241 2064 2280 vocem
2100 2242 2273 2281 meam
2299 2225 2677 2290 audieritis”,
2709 2241 2726 2274 ι
2769 2234 2821 2278 et
2855 2241 2978 2294 qtue
3010 2234 3339 2294 sequuntur.
3387 2223 3458 2279 Ut

1876 2318 2020 2373 enim
2068 2318 2142 2371 ibi
2182 2318 2335 2371 Itodie
2396 2316 2723 2371 vocabulum
2751 2358 2765 2377 ,
2815 2317 2894 2371 sic
2937 2325 2991 2370 et
3052 2317 3141 2369 hic
3188 2316 3455 2387 particula

1879 2424 2015 2462 nunc
2046 2408 2341 2463 oblivionis
2380 2418 2765 2476 argumentum
2817 2408 3087 2469 continet,
3125 2414 3179 2459 et
3209 2405 3459 2461 ostendit

1878 2498 1991 2556 Deo
2039 2509 2265 2554 auctore
2312 2513 2493 2552 rerum
2544 2496 2661 2552 fore
2696 2499 2927 2552 aliarum
2969 2498 3324 2568 principium,
3362 2498 3463 2568 qui-

1880 2606 1981 2645 nos
2011 2591 2255 2645 animum
2307 2590 2651 2660 despondere
2707 2605 2989 2659 nunquam
3042 2590 3290 2659 patitur:
3338 2598 3462 2644 tan-

1879 2697 2040 2753 quam
2076 2681 2277 2737 Christi
2306 2682 2574 2751 sanguiue
2600 2681 2899 2751 redemptis
2933 2682 3190 2736 onmibus
3217 2696 3458 2750 praesen-

1881 2773 2017 2827 tium
2047 2787 2228 2828 rerum
2274 2773 2558 2827 immineat
2607 2773 2996 2827 commutatio.
3045 2770 3261 2826 Placuit
3311 2772 3459 2826 enim

1882 2864 2015 2932 Deo,
2044 2872 2185 2921 teste
2217 2863 2385 2919 Paulo
2432 2864 2513 2929 ",
2565 2865 2751 2918 omnia
2788 2864 2843 2917 in
2878 2877 2945 2917 eo
2989 2863 3321 2923 instaurare.
3366 2864 3460 2933 qui

1882 2958 2114 3028 largitur
2138 2958 2292 3013 nobis
2337 2965 2612 3013 recentem
2651 2957 2818 3012 etiam
2866 2957 2933 3011 de
2986 2955 3195 3011 Christi
3240 2958 3464 3011 nomine

1883 3050 2321 3119 appellationem,
2355 3046 2501 3118 quod
2542 3048 2856 3102 invocatum
2889 3054 2973 3100 est
3026 3059 3193 3116 super
3233 3061 3339 3099 nos
3393 3046 3459 3099 ".

1884 3140 2167 3209 Quodnam
2203 3140 2368 3213 igitur
2425 3156 2610 3195 nomen
2660 3137 2786 3195 est?
2840 3136 2992 3191 Meus
3020 3154 3075 3191 es
3123 3146 3202 3192 tu.
3253 3135 3463 3192 Christi

211 3253 335 3289 σατο
368 3239 603 3306 ποιήσας
624 3239 933 3302 ἀναλώτους
960 3240 1125 3295 παντὶ
1174 3245 1487 3315 πειρασμῷ.
1524 3247 1779 3315 Ποταμοὶ

1888 3232 2157 3304 siquidem
2189 3246 2381 3287 omnes
2414 3245 2536 3286 esse
2564 3230 2824 3294 dicimur,
2862 3229 2952 3299 qui
2994 3237 3145 3283 extra
3171 3228 3466 3285 alienatio-

210 3328 312 3399 γὰρ
347 3333 443 3383 καὶ
470 3330 625 3398 ὕδωρ
654 3334 749 3385 καὶ
771 3336 1013 3401 φλόγες,
1044 3334 1143 3397 τὰς
1173 3335 1475 3401 πολυειδεῖς
1520 3338 1629 3391 τῶν
1665 3357 1787 3393 πει-

214 3420 436 3489 ρασμῶν
477 3420 701 3490 ἐφόδους
742 3425 1234 3494 κατασημαὶνουσι.
1278 3426 1594 3498 Γέγραπται
1641 3430 1785 3499 γάρ’

221 3528 237 3559 ι
270 3511 389 3563 Ὅτι
416 3511 619 3573 πάντες
665 3515 713 3565 οἱ
758 3514 1004 3579 θέλοντες
1045 3516 1145 3588 ζῇν
1188 3518 1426 3583 εὐσεϐῶς
1474 3522 1531 3573 ἐν
1566 3522 1788 3593 Χριστῷ

226 3602 416 3671 Ἰησοῦ,
458 3604 874 3675 διωχθήσονται.
915 3627 934 3659 ι
985 3610 1097 3663 Καὶ
1134 3612 1249 3674 τοῖς
1289 3611 1645 3667 πιστεύσασιν
1683 3616 1788 3687 ἔφη

214 3694 437 3760 Χριστός
461 3710 475 3724 ·
500 3714 519 3747 ι
548 3695 741 3767 Θλίψιν
758 3698 909 3769 ἔχετε
931 3701 989 3753 ἐν
1004 3700 1082 3771 τῷ
1098 3702 1306 3774 κόσμῳ.
1348 3722 1367 3755 ι
1383 3706 1494 3760 Καὶ
1511 3708 1568 3759 ἐν
1587 3710 1652 3780 τῇ
1681 3726 1789 3762 πα-

214 3786 407 3858 ραϐολῇ
438 3786 495 3840 δὲ
522 3789 623 3857 τῆς
673 3791 765 3843 ἐπὶ
814 3794 913 3862 τῆς
943 3796 1152 3864 πέτρας
1203 3795 1677 3869 τεθεμελιωμένης
1706 3802 1786 3853 ol-

213 3875 360 3940 κίας·
402 3897 422 3929 ι
457 3879 569 3933 Καὶ
608 3880 837 3950 κατέϐη,
869 3883 1056 3952 φησὶν,
1088 3884 1121 3955 ή
1162 3883 1351 3956 βροχὴ,
1396 3888 1493 3941 καὶ
1538 3883 1701 3959 ἦλθον
1737 3889 1788 3943 οἱ

213 3968 464 4036 ποταμοὶ,
494 3969 591 4022 καὶ
619 3969 886 4025 ἔπνευσαν
911 3976 958 4026 οἱ
993 3973 1205 4043 ἄνεμοι,
1241 3995 1259 4027 ι
1289 3978 1415 4041 τοὺς
1447 3981 1789 4051 πειρασμοὺς

210 4057 293 4111 διὰ
342 4062 553 4114 τούτων
608 4062 805 4129 δηλῶν.
837 4065 910 4118 Τὸ
930 4065 1009 4130 δὲ,
1052 4066 1311 4134 ἐποίησά
1364 4085 1483 4126 σου
1509 4072 1789 4144 ἄλλαγμα

212 4150 533 4218 Αῖγυπτον,
570 4153 724 4225 δηλοῖ
746 4153 822 4218 ὼς
846 4155 1095 4227 ἀντὶ“τῆς
1130 4158 1363 4230 ἐκϐολῆς
1389 4165 1789 4233 περιεποιησά-

215 4257 315 4309 μην
346 4242 417 4295 τὰ
448 4240 599 4312 ἔθνη,
627 4236 703 4296 ὧν
724 4244 917 4317 πρώην
954 4246 1321 4313 ἀσεϐούντων,
1367 4253 1526 4320 μόνος
1571 4253 1787 4323 Ἰσραὴλ

212 4332 407 4401 κλῆρος
461 4335 675 4406 ὑπῆρχε
733 4336 891 4392 Θεοῦ.
955 4338 1069 4391 Νῦν
1123 4341 1179 4394 δὲ
1226 4342 1634 4414 μετέστραπται
1679 4346 1788 4401 τῶν

211 4425 552 4495 πραγμάτων
580 4429 613 4497 ἡ
653 4427 826 4493 τάξις,
861 4429 951 4481 ὅτε
983 4430 1075 4482 τὸν
1114 4431 1412 4503 Λυτρωτὴν
1461 4434 1790 4489 ἀπέκτειναν

222 4521 482 4575 Ἰουδαῖοι.
525 4519 771 4584 Δοξάσω
795 4521 853 4574 δέ
891 4538 984 4584 σε,
1018 4522 1173 4592 φησὶ.
1229 4523 1369 4594 μετὰ
1412 4524 1572 4579 τοῦτο
1614 4526 1784 4595 τιμή-

211 4626 343 4675 σας.
396 4609 748 4679 κληθήσεται
792 4610 900 4682 γὰρ
952 4612 1045 4664 καὶ
1078 4612 1242 4676 αὐτὸς
1270 4614 1407 4681 μετά
1438 4614 1538 4685 τὴν
1580 4617 1787 4670 εἴσοδον

212 4704 315 4756 τῶν
368 4702 563 4767 ἐθνῶν,
611 4703 774 4773 ἡνίκα
821 4703 993 4757 ποιῶν
1048 4705 1188 4777 ὑπὲρ
1228 4706 1346 4769 σοῦ,
1372 4710 1645 4775 πολλούς
1687 4723 1788 4765 σοι

212 4795 380 4849 δώσω
399 4794 753 4858 διδασκάλους
782 4797 876 4849 καὶ
904 4797 1202 4867 ἄρχοντας
1223 4799 1375 4867 ὑπὲρ
1404 4800 1517 4869 τῆς
1550 4802 1671 4871 σῆς
1698 4803 1788 4857 λέ-

214 4904 404 4953 γοντας
437 4886 730 4957 κεφαλῆς.
763 4890 1005 4957 Κεφαλὴ
1026 4890 1083 4943 δὲ
1107 4892 1214 4944 τῶν
1236 4893 1443 4947 πιστῶν
1470 4895 1500 4946 6
1530 4895 1799 4964 Xpta‘rbg,‘

213 4980 344 5049 ὅπερ
365 4980 509 5047 ὑπὲρ
547 4979 665 5046 σοῦ,
707 4980 799 5033 καὶ
829 4982 929 5051 τῆς
950 4982 1049 5051 σῆς
1071 4981 1342 5052 ὠφελείας
1365 4986 1674 5056 γενήσεται.
1706 4988 1784 5059 Τῇ

212 5071 267 5123 δὲ
293 5071 404 5125 τῶν
462 5071 736 5125 Ἰουδαίων
795 5074 1133 5143 ὑπισχνεῖται
1186 5076 1484 5149 Συναγωγῇ
1540 5079 1788 5143 συνάξειν

214 5163 382 5233 αὐτῆς
409 5165 483 5218 τὰ
505 5162 709 5217 τέκνα.
744 5163 921 5217 Σῶσαι
953 5165 1062 5237 γὰρ
1092 5166 1161 5220 τὰ
1182 5166 1501 5222 ἀπολωλότα
1536 5170 1788 5241 πρόϐατα

213 5253 374 5326 ἦλθεν
410 5255 646 5327 Ἰσραήλ.
682 5256 791 5310 Καὶ
819 5256 887 5310 τὰ
917 5259 1194 5329 πανταχοῦ
1240 5259 1611 5331 διεσπαρμένα
1642 5263 1787 5334 λόγῳ

213 5349 572 5419 δημιουργίας
608 5348 792 5401 τέκνα
823 5349 993 5413 Θεοῦ,
1047 5350 1173 5413 τοὺς
1219 5348 1277 5417 ἐξ
1314 5352 1484 5407 ἐθνῶν
1517 5353 1783 5424 δηλονότι,

214 5435 306 5498 οὓς
334 5437 618 5503 πλανήσας
645 5437 924 5508 ἀπέστησε
945 5438 1082 5492 Θεοῦ
1094 5441 1458 5505 ιδιασκεδάσας
1474 5445 1503 5497 6
1520 5445 1784 5509 Σατανᾶς.

215 5529 304 5580 Διὸ
332 5530 581 5591 εἰπόντος
609 5530 855 5598 Καῖάφα,
902 5549 922 5582 ί
954 5530 1230 5603 Συμφὲρει
1254 5534 1343 5587 ἵνα
1375 5528 1455 5599 εἷς
1500 5535 1790 5610 ἄνθρωπος

217 5622 461 5695 ἀποθάνῃ
498 5623 640 5695 ὑπὲρ
665 5620 761 5676 τοῦ
794 5622 949 5690 λαοῦ,
988 5642 1008 5675 ι
1034 5625 1201 5696 φησὶν
1234 5628 1686 5701 ὁεύαγγελιστὴς,
1712 5630 1791 5695 ώς

290 5738 329 5766 ’⁷
370 5738 474 5793 lsa.
503 5755 669 5795 xxxv.
707 5738 759 5792 4.
837 5740 879 5771 ¹¹¹
919 5738 1061 5796 Psal.
1103 5760 1245 5808 xuv,
1270 5744 1321 5797 8.

220 5824 321 5872 vn,
353 5808 442 5864 ‘27.
519 5809 574 5841 ’⁸
599 5810 796 5881 Ισίνιιυδ.
833 5828 886 5873 v,
922 5809 1012 5863 2'5.

1421 5748 1460 5776 ¹⁹
1496 5745 1691 5815 Ιίρῑιυε.
1734 5762 1788 5811 t,
1827 5746 1909 5800 l0.

1890 3341 2010 3380 nem
2045 3324 2240 3387 simus,
2297 3338 2461 3394 quam
2527 3330 2820 3392 peccantes
2876 3321 3031 3391 prius
3086 3320 3463 3383 habebamus.

1888 3416 2243 3488 quantumvis
2274 3413 2442 3486 484.
2468 3428 2499 3466 a
2529 3414 2638 3467 Deo
2685 3419 2880 3465 natura
2911 3426 3189 3465 essemus.
3221 3409 3329 3465 Sed
3362 3425 3466 3466 nos

1888 3522 2110 3565 rursum
2137 3508 2254 3578 ipse
2283 3507 2387 3563 sibi
2416 3504 2777 3565 concilia-vit;
2809 3519 2932 3559 cum
2969 3503 3261 3574 quibusvis
3286 3512 3467 3559 tenta—
3560 3550 3565 3557 .

1888 3600 2126 3656 tionibus
2144 3597 2594 3670 inexpugnabiles
2610 3596 2873 3652 reddidit.
2891 3593 3147 3649 Flumina
3169 3594 3465 3665 siquidem,

1887 3702 1940 3747 et
1978 3698 2213 3762 aqua,et
2242 3690 2410 3761 ignes,
2452 3688 2636 3744 varios
2683 3687 3045 3743 tentationum
3099 3688 3338 3743 iusultus
3370 3687 3466 3743 de-

1889 3786 2128 3854 signant.
2168 3781 2441 3837 Scribitur
2470 3782 2615 3837 enim
2648 3799 2661 3835 :
2700 3798 2717 3831 ι
2766 3778 2970 3837 Omnes
3027 3781 3116 3853 qui
3161 3781 3248 3850 pie
3277 3782 3469 3835 volunt

1889 3879 1945 3934 in
1959 3878 2091 3934 Jesu
2112 3878 2333 3933 Christo
2362 3877 2545 3933 vivere
2560 3878 2999 3948 persecutionem
3030 3877 3312 3947 patientur
3331 3879 3397 3929 ¹¹.
3435 3900 3452 3929 ›

1887 3970 2096 4027 Christi
2135 3970 2333 4025 deinde
2357 3968 2424 4024 ad
2455 3969 2623 4039 ipsos,
2656 3969 2749 4037 qui
2786 3968 2947 4022 Iidem
2987 3970 3225 4039 amplexi
3261 3979 3465 4031 essent,

1888 4063 2058 4120 verba
2086 4080 2197 4119 non
2227 4062 2453 4123 desunt,
2480 4062 2682 4133 quibus
2716 4077 2811 4116 eos
2855 4061 2906 4114 in
2954 4062 3055 4116 hoc
3087 4062 3290 4117 steculo
3329 4061 3469 4117 allii-

1886 4156 2095 4228 gendos
2124 4173 2245 4213 esse
2284 4155 2534 4219 monuit;
2570 4158 2622 4207 in
2666 4169 2728 4207 ea
2749 4133 3023 4223 'przeterea
3063 4153 3261 4209 domus
3310 4170 3469 4224 para-

1889 4250 2036 4314 bola,
2072 4250 2230 4318 cujus
2270 4248 2416 4317 jucta
2465 4263 2630 4317 super
2684 4256 2892 4316 petram
2956 4245 3315 4302 fundamenta
3346 4246 3465 4302 fue-

1889 4351 2014 4396 rant
2048 4359 2061 4396 :
2096 4360 2115 4394 ‹
2153 4340 2215 4394 Et
2257 4339 2562 4404 descendit,
2614 4336 2812 4408 inquit,
2865 4338 3060 4403 imber,
3095 4346 3151 4393 et
3194 4349 3468 4393 venerunt

1889 4433 2057 4498 ﬂuvii,
2080 4438 2135 4486 et
2163 4429 2433 4485 ﬂaverunt
2468 4430 2615 4484 venti
2651 4432 2734 4494 ¹¹;
2772 4448 2789 4479 ι
2854 4428 3058 4498 quibus
3108 4428 3241 4509 nihil
3293 4429 3466 4494 aliud,

1891 4538 2054 4593 quam
2099 4522 2433 4597 teutationes
2479 4521 2827 4592 signillcavit.
2865 4523 2935 4574 At
2964 4522 3111 4590 quod
3162 4533 3466 4575 cammuta—

1892 4617 2083 4669 tionem
2112 4624 2259 4668 tuam
2289 4614 2390 4684 feci
2416 4614 2732 4685 ﬁggptttm,
2775 4614 2871 4674 ait,
2900 4621 3086 4683 gentes
3116 4628 3176 4668 se
3211 4615 3264 4668 in
3305 4631 3467 4685 repu-

1892 4709 2166 4765 diaturum
2203 4707 2384 4762 locum
2440 4708 2542 4761 sibi
2602 4707 2898 4775 adoptasse
2943 4706 3204 4774 ostendit,
3263 4710 3466 4778 quibus

1894 4802 2058 4872 impie
2095 4801 2419 4872 degentibus
2463 4808 2644 4866 antea,
2702 4800 2854 4855 solus
2901 4799 2997 4855 Dei
3050 4817 3174 4857 sors
3214 4812 3467 4858 evaserat

1894 4895 2082 4949 lsrael.
2117 4893 2274 4948 Nunc
2313 4902 2492 4947 autem
2521 4909 2701 4947 rerum
2737 4902 2822 4949 est
2854 4892 2994 4948 ordo
3022 4894 3366 4959 immutatus,
3398 4911 3467 4951 ex

1895 5001 2003 5055 quo
2034 4982 2451 5053 Redemptorem
2488 4982 2659 5039 Judaei
2700 4984 2861 5038 morti
2891 4984 3109 5040 tradere
3149 4987 3266 5040 ausi
3316 4996 3463 5042 sunt.

1894 5081 1964 5132 At
1992 5078 2306 5148 gloriﬁcabo
2328 5086 2397 5141 te,
2432 5075 2629 5145 inquit,
2660 5076 2860 5129 honore
2890 5086 3078 5146 postea
3100 5088 3462 5146 prosequens.

1894 5169 2195 5224 Vocabitur
2232 5169 2380 5223 enim
2426 5174 2481 5222 et
2524 5167 2634 5233 ille,
2686 5178 2975 5238 postquam
3026 5166 3247 5222 fuerunt
3276 5176 3471 5237 gentes

1894 5264 2174 5331 ingressae,
2221 5258 2443 5328 quando
2477 5270 2700 5329 propter
2743 5266 2798 5313 te
2829 5259 3099 5313 excitatos
3128 5256 3326 5311 multos
3372 5258 3468 5311 tibi

1894 5354 2031 5408 dabo
2062 5352 2319 5408 doctores
2350 5363 2404 5407 et
2432 5352 2841 5427 principesuqui
2872 5367 2967 5419 pro
2990 5363 3079 5404 tuo
3101 5351 3272 5420 capite
3296 5350 3461 5405 verba

1897 5446 2121 5499 faciant.
2161 5444 2254 5497 Est
2298 5457 2429 5497 vero
2458 5441 2802 5496 credentium
2851 5449 3008 5508 caput
3069 5438 3328 5493 Christus
3379 5438 3463 5500 “,

1895 5536 1989 5607 qui
2022 5551 2120 5605 pro
2147 5542 2231 5599 te,
2264 5533 2319 5590 id
2348 5534 2506 5589 estin
2535 5544 2684 5585 tuam
2715 5546 2828 5586 rem
2858 5540 3121 5602 tuamque
3174 5530 3464 5585 utilitatem

1898 5626 2081 5683 omnia
2119 5624 2363 5681 facturus
2415 5631 2520 5680 est.
2558 5620 2789 5677 Videtur
2837 5629 3021 5676 autem
3076 5619 3319 5690 polliceri
3371 5617 3467 5673 Ju-

1988 5746 2030 5777 ’°
2061 5743 2257 5798 .leretn.
2299 5761 2347 5805 t,
2390 5743 2471 5796 ιι.
2550 5742 2589 5771 ²¹
2633 5739 2678 5793 ll
2708 5737 2852 5793 Tim.
2890 5752 2990 5800 Ill,
3015 5736 3102 5792 19..
3185 5737 3227 5767 ¹¹
3270 5734 3461 5789 Matth.
