3978 6374
565 282 699 344 2387
1897 296 2251 365 PROCOPII
2286 306 2533 368 GAZ.’EI
3668 316 3787 380 2388

558 400 802 453 deorum
833 398 1157 478 Synagogze,
1180 405 1302 477 ejus
1325 420 1386 463 se
1405 406 1549 477 ﬁlios
1586 423 1712 463 esse
1736 408 2129 469 collecturum.

2243 419 2536 492 ἀρχιερεὺς
2573 419 2650 474 ῶν
2676 423 3115 494 προεφήτευσεν,
3164 425 3250 478 ὅτι
3301 423 3535 494 ἦμελλεν
3580 426 3785 499 Ἰησοῦς

563 490 721 548 Venit
751 494 899 550 enim
934 504 993 552 ut
1020 498 1334 568 deperditas
1364 514 1496 557 oves
1527 501 1749 557 lsraelis
1772 503 2040 560 salutaret
2062 506 2130 569 “,

2238 490 2603 583 ἀποθνήσκειν
2636 490 2778 587 ὑπερ
2808 490 2904 570 τού
2958 516 3163 580 ἔθνους.
3215 490 3357 571 Kal"
3387 518 3484 588 οὐχ
3538 490 3665 591 ὑπὲρ
3710 490 3787 578 τού

554 595 610 640 et
640 601 737 643 eas
774 589 961 654 etiam,
995 606 1117 660 qua:
1148 590 1349 661 ubique
1378 592 1663 664 dispersae,
1708 598 2008 652 creatiouis
2041 614 2125 653 ra-

2236 605 2425 671 ἔθνους
2466 607 2648 678 μόνον,
2671 608 2785 663 ἀλλ’
2833 609 2923 663 ἴνα
2952 612 3049 664 καὶ
3097 609 3170 665 τὰ
3217 610 3405 665 τέκνα
3442 611 3547 665 τοῦ
3582 613 3715 668 Θεοῦ
3734 620 3788 669 τὲ

557 680 706 736 tione
735 681 842 750 ﬁlii
875 681 972 736 Dei
993 682 1323 739 dicebantur
1352 686 1398 717 ³⁵
1420 726 1434 750 ,
1464 686 1517 740 id
1547 696 1633 742 est
1661 697 1874 758 gentes,
1902 706 2042 761 quas
2081 692 2128 746 iu

2236 698 2699 772 διεσκορπισμένα
2728 702 3046 772 συναγάγῃ
3081 704 3162 766 εἰς
3192 702 3277 757 ἓν.
3330 702 3517 766 Είποις
3544 702 3587 756 δ’
3617 704 3679 758 ἂν
3714 708 3790 760 καὶ

552 786 798 827 errorem
836 772 1069 830 Satanas
1106 776 1376 833 inducens
1402 791 1431 831 a
1471 776 1582 833 Deo
1617 791 1903 836 avocarat.
1949 784 2123 852 Atque

2237 793 2363 856 τοὺς
2387 794 2445 860 ἐξ
2478 794 2651 848 ἐθνῶν
2680 795 2849 849 τέκνα
2868 792 3139 849 εἶναιτῶν
3166 795 3226 861 ἐξ
3269 795 3511 867 Ἰσραὴλ,
3539 796 3595 861 ἐξ
3622 790 3688 851 ὧν
3708 800 3787 869 τῆς

554 862 686 920 hinc
715 873 821 929 est,
852 866 1020 936 quod,
1051 882 1175 923 cum
1221 870 1454 927 dixisset
1496 871 1760 941 Caiphas,
1812 873 1993 930 Unum
2028 876 2125 930 ho-

2237 886 2476 950 πίστεως
2500 888 2809 959 παρέλαϐον
2833 890 2901 943 τὰ
2932 888 3249 960 μαθήματα,
3285 888 3562 961 πανταχοῦ
3588 890 3685 943 τῶν
3709 892 3788 961 τῆς

554 955 757 1010 minem
790 972 889 1027 pro
920 959 1123 1029 populo
1162 964 1303 1017 mori
1336 965 1681 1030 conducere‘,
1730 966 1913 1021 statim
1948 966 2125 1036 subje-

2235 979 2566 1049 οἰκουμένης
2585 955 2993 1053 διεσπαρμένοι
3022 955 3329 1050 κλιμάτων,
3388 955 3502 1033 καί,
3532 981 3660 1050 πρὸς
3687 955 3790 1051 μίαν

554 1049 1009 1119 citevangelista,
1036 1068 1104 1107 eo
1147 1054 1289 1125 ipso,
1333 1056 1479 1127 quod
1513 1072 1765 1112 summus
1803 1067 1955 1114 esset
1999 1074 2125 1130 pon-

2248 1072 2578 1142 Ἐκκλησίαν
2612 1049 2973 1145 συναχθέντες
3003 1049 3325 1143 καθολικὴν,
3357 1049 3653 1135 κωλύοντος
3682 1049 3791 1128 θεοῦ

553 1140 707 1205 tilex,
744 1140 927 1197 Iesum
980 1160 1080 1214 pro
1146 1157 1307 1217 gente
1359 1149 1690 1203 moriturum
1747 1149 2124 1221 prophetasse.

2234 1165 2334 1232 τὴν
2352 1164 2459 1218 τῶν
2479 1164 2691 1235 ἀγρίων
2718 1166 2815 1219 καὶ
2844 1164 3103 1235 πονηρῶν
3140 1164 3470 1234 πνευμάτων
3490 1163 3791 1229 ἀντίστασιν,

550 1229 738 1324 Neque
763 1236 941 1289 solum
970 1251 1070 1307 pro
1098 1249 1279 1309 gente,
1309 1240 1404 1296 sed
1442 1249 1501 1295 ut
1527 1242 1672 1310 ﬁlios
1706 1242 1833 1309 Dei,
1859 1244 1954 1314 qui
1973 1254 2121 1300 erant

2234 1254 2282 1304 οἱ
2307 1254 2434 1323 πρὶν
2456 1252 2852 1324 τυραννοῦντες
2880 1254 3166 1309 ἀνανεύειν
3203 1256 3285 1316 εἰς
3311 1252 3446 1306 Θεὸν
3474 1254 3573 1307 οὐκ
3600 1254 3793 1324 ἐπέτρε-

550 1323 811 1394 dispersi,
862 1341 1204 1401 congregaret
1258 1332 1312 1387 in
1368 1348 1561 1388 unum.
1611 1334 1775 1391 Dicas
1829 1345 1886 1392 et
1938 1348 2121 1408 gentes

2240 1361 2362 1400 πον.
2406 1323 2583 1412 Υἱοὺς
2613 1346 2671 1400 δὲ
2700 1346 2802 1402 καὶ
2841 1345 3175 1418 θυγατέρας
3207 1345 3416 1409 καλῶν,
3444 1345 3541 1416 τὴν
3571 1346 3652 1399 διὰ
3685 1347 3794 1419 Χρι-

547 1431 672 1472 esse
692 1415 1062 1475 lsraelitarum
1101 1422 1264 1489 ﬁlios,
1309 1440 1340 1477 a
1371 1426 1576 1495 quibus
1620 1426 1747 1481 ﬁdei
1778 1426 2118 1498 disciplinau

2244 1433 2373 1488 στοῦ
2404 1436 2514 1490 τῶν
2556 1438 2766 1492 πιστῶν
2810 1439 3086 1493 υἱοθεσίαν
3130 1439 3469 1509 παρίστησιν
3490 1477 3505 1504 ,
3536 1431 3595 1492 οὗ
3622 1438 3681 1511 δὴ
3720 1442 3796 1493 καὶ

550 1524 913 1582 acceperunt;
962 1517 1054 1587 qui
1094 1518 1297 1589 ubique
1340 1528 1615 1575 terrarum
1664 1522 1900 1594 dispersi
1949 1532 2121 1585 antea.

1688 1522 1900 1594 Iispersi
1949 1532 2131 1587 antea,
2244 1525 2517 1597 τοῦνομα
2539 1527 2767 1596 πάντες
2787 1530 3259 1601 ἐπιγραφόμεθα.

551 1606 605 1658 in
638 1621 802 1662 unam
854 1610 971 1678 jam
1002 1609 1305 1668 Ecclesiam
1360 1614 1689 1672 catholicam
1736 1632 1767 1673 a
1818 1617 1932 1672 Deo
1981 1615 2159 1672 coacti
2200 1625 2352 1683 sunt,
2385 1634 2415 1673 a
2446 1636 2557 1690 quo
2584 1624 2752 1677 etiam
2786 1622 3029 1679 ferorum
3097 1623 3491 1691 malorumque
3543 1620 3796 1690 spirituum

550 1706 804 1762 conatus,
844 1703 1082 1773 repressi
1127 1715 1279 1770 sunt,
1334 1722 1570 1777 quorum
1623 1708 1912 1783 tyrannide
1982 1706 2148 1780 485
2262 1718 2424 1766 antea
2460 1713 2528 1767 ad
2579 1711 2750 1769 Deum
2801 1715 2935 1786 erigi
2992 1714 3221 1769 minime
3271 1713 3526 1767 dabatur.
3582 1712 3652 1767 Eo
3694 1716 3794 1785 ipso

548 1789 766 1857 deinde,
798 1794 943 1863 quod
991 1795 1229 1864 ﬁliorum
1279 1809 1331 1852 et
1375 1797 1619 1867 ﬁliarum
1679 1799 1951 1866 meminit,
1983 1812 2128 1862 eam,
2171 1813 2293 1867 qua:
2323 1816 2420 1872 per
2451 1803 2733 1861 Christum
2799 1815 2906 1869 est,
2955 1805 3194 1860 ﬁdelium
3272 1802 3613 1875 adoptionem
3679 1807 3796 1863 indi-

547 1894 658 1951 cat,
685 1886 843 1957 cujus
868 1890 1078 1945 nomine
1105 1907 1282 1947 omnes
1314 1908 1707 1963 nuncupantur.

619 1978 710 2031 Ait
741 1987 919 2033 autem
948 1980 1207 2050 populum
1237 1997 1292 2035 se
1320 1984 1597 2046 creavisse,
1620 1998 1731 2052 quo
1752 1982 1915 2037 modo
1940 1981 2139 2053 legitur
2169 1981 2190 2042 1

2316 1980 2520 2035 Τοῦτον
2547 1980 2604 2035 δὲ
2630 1980 2723 2035 τὸν
2751 1981 2878 2035 λαὸν
2927 1980 3229 2036 ἐκτικέναι
3285 1980 3451 2052 φησί,
3498 1979 3633 2034 κατὰ
3676 1982 3792 2035 τὸέν

549 2073 602 2125 iu
644 2070 921 2128 Psalmis:
965 2089 984 2125 ι
1024 2072 1087 2126 Ει
1149 2080 1405 2145 populus,
1457 2075 1551 2146 qui
1609 2084 1851 2140 creatur,
1902 2075 2120 2130 laudabi

2250 2073 2534 2145 Ψαλμοῖς’
2566 2093 2585 2126 ι
2620 2075 2731 2129 Καὶ
2759 2073 2888 2138 λαὸς
2919 2076 2947 2128 ὁ
2977 2073 3302 2144 κτιζόμενος
3346 2071 3552 2127 αἰνέσει
3594 2071 3677 2125 τδν
3700 2073 3784 2127 Κύ-

551 2163 842 2217 υοιιιίιιιιιη
873 2163 941 2219 ’⁸.
969 2182 988 2216 ι
1029 2163 1185 2231 Quod
1220 2166 1360 2221 idem
1395 2166 1556 2239 plane
1595 2177 1683 2223 εει
1709 2183 1775 2223 ac
1811 2168 1859 2225 si
1893 2182 2117 2223 recrear

2252 2183 2388 2239 ριον.
2423 2184 2443 2218 ι
2482 2165 2640 2220 Τοῦτ’
2668 2166 2819 2219 ἐστιν
2851 2166 3305 2237 ἀνακτιζόμενος,
3340 2166 3440 2219 καὶ
3466 2164 3600 2238 πρὸς
3623 2166 3677 2220 τὸ
3696 2175 3786 2221 κατ’

546 2264 602 2310 et
626 2255 699 2310 ita
730 2256 797 2310 ad
836 2257 1129 2329 imaginem
1159 2259 1252 2315 Dei
1290 2262 1537 2315 revocari
1572 2260 1828 2325 dixisset,
1864 2270 1924 2316 ut
1973 2269 2117 2317 vetet

2250 2257 2439 2313 εἰκόνα
2471 2258 2640 2312 πάλιν
2693 2256 3033 2325 ἐπανελθὼν,
3086 2257 3275 2321 καινὸς
3308 2255 3569 2328 γεγονὼς,
3597 2258 3684 2312 καὶ
3718 2263 3788 2311 τὸν

548 2348 772 2404 homine
800 2349 1051 2420 deposito
1090 2367 1266 2409 novus
1294 2355 1512 2410 evadat.
1538 2353 1633 2411 Est
1660 2353 1807 2411 enim
1839 2355 1895 2411 in
1925 2353 2119 2411 Christi

2250 2348 2482 2402 παλαιὸν
2514 2348 2964 2420 ἀπεκδυσάμενος
3016 2347 3326 2420 ἄνθρωπον.
3383 2346 3534 2412 Είτις
3576 2355 3599 2383 ο
3628 2349 3719 2421 γὰρ
3746 2353 3792 2403 ἐν

549 2454 688 2493 nova
718 2440 967 2510 quaedam
1000 2443 1208 2499 creatio
1232 2444 1390 2514 juxta
1440 2445 1572 2501 illud
1608 2464 1621 2501 :
1665 2465 1684 2499 ι
1718 2446 1902 2505 Nolite
1925 2447 2120 2503 conlor

2248 2441 2472 2515 Χριστῷ
2509 2440 2672 2514 καινὴ
2700 2441 2900 2507 κτίσις,
2940 2441 3087 2496 κατὰ
3111 2442 3203 2506 τὸ,
3249 2460 3269 2494 ι
3311 2441 3406 2513 Μὴ
3436 2442 3793 2513 συσχηματίζε-

548 2532 690 2585 mari
730 2532 859 2587 huic
910 2535 1133 2601 saeculo,
1200 2537 1294 2593 sed
1358 2536 1740 2594 reformamini
1790 2539 1847 2595 in
1905 2540 2119 2595 novitat

2251 2534 2345 2588 σθε
2366 2534 2447 2608 τῷ
2466 2535 2625 2589 αἰῶνι
2650 2535 2847 2603 τούτῳ,
2873 2534 3012 2589 ἀλλὰ
3045 2533 3504 2606 μεταμορφοῦσθε
3524 2536 3587 2604 τῇ
3607 2535 3795 2587 ἀνακαι-

548 2640 748 2680 sensus
805 2627 973 2681 vestri
1001 2628 1068 2680 ".
1110 2647 1129 2681 ι
1162 2628 1318 2697 Quod
1359 2639 1513 2689 certe
1567 2648 1668 2688 sua
1716 2646 1777 2688 se
1799 2631 1914 2701 jam
1972 2632 2119 2703 glori.

2247 2626 2410 2682 νὼσει
2439 2625 2532 2681 τοῦ
2577 2626 2699 2691 νοὸς
2738 2626 2916 2696 ὑμῶν.
2956 2646 2975 2679 ι
3015 2627 3080 2681 '0
3114 2627 3180 2697 δὴ
3215 2625 3318 2680 νῦν
3367 2625 3707 2695 πεποιηκέναι
3740 2629 3791 2696 τῇ

548 2718 872 2785 praestitisse
901 2720 1194 2792 signiﬁcat.
1222 2720 1317 2779 Est
1352 2738 1484 2779 vero
1512 2722 1694 2779 Patris
1716 2723 1891 2795 gloria
1941 2722 2119 2779 Filius

2252 2718 2358 2791 ἰδίᾳ
2385 2717 2537 2789 δόξῃ
2555 2720 2723 2788 φησί’
2755 2717 2907 2783 δόξα
2926 2717 2985 2773 δὲ
3004 2717 3253 2789 Πατέρος
3284 2720 3318 2772 ὀ
3347 2718 3501 2783 Υιὸς,
3534 2716 3598 2771 δι’
3624 2712 3697 2780 οὗ,
3719 2718 3794 2769 καὶ

549 2827 644 2880 per
674 2828 836 2881 quem
864 2812 1147 2878 nimirum,
1184 2822 1239 2872 et
1276 2818 1329 2871 in
1354 2832 1465 2887 quo
1503 2816 1680 2889 gloria
1712 2818 1961 2888 aﬂicitur,
2016 2834 2120 2873 cun

2248 2812 2306 2864 ὲν
2330 2804 2375 2881 ᾧ
2400 2809 2709 2876 δοξάζεται
2734 2810 2949 2881 λέγοντι
2972 2827 2986 2842 ·
3031 2829 3051 2862 ι
3093 2810 3235 2878 Ἐγὼ
3266 2810 3500 2875 ἐδόξασα
3527 2825 3585 2863 σε
3608 2809 3694 2863 ἐπὶ
3713 2808 3792 2876 τῆς

546 2903 685 2958 dixit
721 2922 734 2958 :
787 2923 807 2957 ι
834 2904 952 2978 Ego
984 2906 1286 2979 gloriﬁcavi
1324 2918 1377 2967 te
1400 2910 1456 2965 in
1490 2920 1637 2966 terra
1668 2908 1739 2967 ³⁸.
1778 2930 1796 2964 ι
1829 2910 1934 2966 Per
1982 2927 2117 2980 queu

2246 2902 2374 2972 γῆς.
2416 2921 2436 2955 ι
2470 2902 2549 2956 Δι’
2579 2895 2643 2958 οὗ
2668 2903 2827 2958 λαὸν
2863 2901 3103 2971 τυφλὸν
3130 2902 3397 2973 ἐξήγαγε
3422 2902 3555 2973 πρὸς
3588 2901 3645 2954 τδ
3681 2901 3788 2969 φῶς.

544 2999 796 3066 populum
827 3014 1025 3054 ciccum
1062 2999 1120 3055 in
1152 3001 1331 3057 lucem
1376 3001 1557 3057 eduxi.
1594 3001 1690 3057 Est
1713 3001 1859 3057 enim
1913 3001 2115 3073 justiti:

2250 2996 2442 3059 Ἥλιος
2464 2994 2575 3067 γὰρ
2617 2989 2687 3066 ἦν
2730 2994 3079 3065 δικαιοσύνης
3131 2995 3209 3066 μὴ
3251 2996 3610 3066 συγχωρήσας
3632 2993 3792 3056 νυκτὸς

548 3090 665 3157 Sol,
688 3106 867 3163 neque
888 3107 1020 3149 suos
1048 3093 1255 3164 patitur
1285 3095 1464 3151 noctis
1498 3102 1554 3149 et
1597 3094 1945 3150 tenebrarum
1980 3093 2118 3149 ﬁlios

2246 3089 2342 3142 καὶ
2370 3088 2597 3153 σκότους
2627 3086 2895 3160 ὑπάρχειν
2916 3089 3087 3152 υἰοὺς,
3116 3088 3335 3160 ἡμέρας
3363 3087 3423 3142 δὲ
3450 3087 3658 3159 μᾶλλον,
3680 3089 3792 3141 κατὰ

547 3178 642 3234 sed
666 3178 829 3245 lucis,
860 3179 1041 3250 inquit
1068 3181 1369 3251 Apostolus
1389 3183 1459 3249 ",
1498 3184 1789 3240 exsistere.
1820 3183 1978 3250 Quod
2038 3199 2118 3238 aut

2244 3179 2338 3233 τὸν
2403 3179 2548 3234 θεῖον
2616 3179 2959 3235 ’Δπόστολον.
3028 3180 3219 3235 Εἰπὼν
3281 3181 3342 3235 δὲ
3391 3179 3790 3249 συνήχθησαν.

548 3281 656 3327 tum
690 3273 994 3343 congregati
1026 3282 1149 3327 sunt
1179 3272 1319 3328 dixit
1365 3273 1497 3344 quia
1532 3273 1776 3329 nondum
1831 3273 1968 3329 illud
2007 3288 2111 3329 con

2246 3273 2436 3345 ἐπειδὴ
2466 3273 2636 3345 μήπω
2671 3272 2833 3326 τοῦτο
2865 3272 3081 3342 γεγόνει
3111 3283 3162 3338 P,
3194 3272 3555 3346 προφητικῶς
3576 3270 3793 3342 είρῆσθαι

546 3362 689 3433 tigit,
731 3338 1051 3434 prophetico
1093 3379 1246 3422 more
1270 3338 1489 3429 extulit,
1539 3372 1599 3420 ut
1655 3374 2031 3437 congregatum
2069 3365 2117 3419 ir

2244 3338 2503 3437 δήλωντὸ
2528 3338 2581 3432 λι,
2603 3365 2716 3419 Καὶ
2748 3338 3270 3434 συναέθήσονταί.
3313 3338 3405 3429 έοξ
3433 3338 3687 3434 γεγονότα*
3706 3361 3792 3432 γὰρ

546 3458 908 3512 demonstret.
936 3455 1014 3512 De
1047 3457 1248 3514 laturis
1292 3460 1464 3525 enim,
1496 3465 1762 3531 tanquam
1823 3460 2115 3531 praeteritis

2243 3457 2313 3512 τὰ
2345 3457 2568 3521 παντως
2598 3456 2839 3524 ἐσόμενα
2862 3457 3044 3527 λέγειν
3074 3457 3314 3529 σύνηθες
3350 3460 3416 3529 τῇ
3447 3458 3653 3528 Γραφῇ.
3686 3449 3788 3508 Dida

547 3548 751 3605 usitate
779 3547 1065 3619 Scriptura
1092 3549 1374 3621 loquitur;
1409 3551 1572 3621 cujus
1606 3552 1825 3623 generis
1851 3560 1939 3608 est
1962 3552 2095 3608 illud

2241 3551 2393 3603 ἐστι’
2432 3568 2451 3602 ι
2493 3549 2599 3603 Τὸν
2626 3548 2797 3603 νῶτόν
2820 3566 2922 3620 μου
2948 3548 3160 3603 δέδωκα
3206 3549 3291 3614 εἰς
3332 3550 3620 3621 μάστιγας.
3653 3565 3670 3600 ι
3704 3545 3793 3598 Καὶ

552 3665 569 3695 ι
600 3643 833 3700 Dorsum
864 3660 1047 3700 meum
1084 3644 1289 3714 praebui
1325 3645 1380 3701 in
1441 3645 1653 3717 ﬂagella
1685 3645 1752 3701 ³ο.
1792 3664 1812 3698 ι
1847 3644 1914 3700 Et
1964 3647 2095 3703 illud

2242 3643 2324 3709 τὸ,
2359 3660 2379 3694 ι
2418 3641 2810 3714 Διεμερίσαντο
2859 3639 2931 3695 τὰ
2987 3639 3185 3711 ἱμάτιά
3236 3657 3340 3710 μου
3397 3641 3623 3700 ἑαυτοῖς.
3658 3654 3674 3687 ι
3715 3635 3791 3686 Ἐκ

552 3759 569 3787 ι
610 3736 801 3792 Partiti
842 3745 974 3793 sunt
995 3737 1098 3792 sibi
1126 3738 1449 3793 vestimenta
1480 3738 1681 3794 mea".
1711 3758 1731 3792 ι
1753 3737 1986 3794 Futuras
2041 3756 2123 3795 au-

2242 3737 2345 3810 τῆς
2384 3736 2443 3791 δὲ
2486 3736 2595 3790 τῶν
2624 3734 2797 3789 ἐθνῶν
2858 3732 3189 3804 Ἐκκλησίας
3220 3732 3523 3804 ἄρχοντας
3558 3730 3790 3787 ἔσεσθαι,

546 3843 654 3888 tem
694 3841 748 3888 et
775 3833 1032 3903 gentibus
1064 3830 1119 3885 in
1159 3830 1405 3887 Ecclesia
1444 3833 1707 3901 principes
1738 3832 1940 3901 innuit,
1980 3835 2117 3905 juxt:

2246 3830 2413 3901 φησὶν
2447 3827 2537 3883 ἐπ’
2566 3828 2761 3899 αὐτῆς.
2790 3827 2951 3882 Κατὰ
2973 3828 3083 3899 γὰρ
3111 3827 3278 3881 Δαδίδ
3301 3844 3315 3859 ο
3363 3846 3381 3879 ι
3431 3826 3517 3889 Ὠς
3541 3824 3599 3877 τὸ
3636 3822 3792 3879 σκότος

548 3925 681 3981 illud
708 3924 930 3979 Davidis
963 3940 976 3975 :
1021 3944 1039 3977 ι
1072 3923 1227 3979 Sicut
1266 3926 1505 3981 tenebrae
1551 3926 1691 3997 ejus,
1725 3926 1799 3981 ita
1841 3935 1898 3983 et
1955 3928 2119 3984 lumei

2246 3921 2438 3991 αὐτῆς,
2473 3921 2616 3975 οὕτω
2642 3921 2739 3975 καὶ
2765 3921 2825 3975 τὸ
2847 3921 2963 3991 φῶς
2992 3921 3184 3992 αὐτῆς.
3223 3938 3242 3973 ›
3275 3920 3471 3990 Γέγονε
3504 3916 3606 3989 γὰρ
3644 3916 3675 3986 ὴ
3704 3914 3793 3984 μὲ-

546 4018 667 4088 ιοῇιιε
724 4017 789 4070 ³³.
821 4035 840 4070 ι
892 4016 1148 4071 Dealbata
1187 4016 1335 4071 enim
1393 4024 1502 4080 est,
1554 4034 1677 4087 quae
1735 4019 1891 4089 nigra
1943 4017 2117 4073 fuerat

2245 4014 2403 4070 λαινα
2431 4013 2954 4084 λελευκανθισμένη.
3004 4014 3138 4079 Καὶ,
3179 4032 3198 4064 ι
3239 4007 3316 4067 Οὖ
3361 4011 3728 4081 ἐπερίσσευσεν
3767 4006 3790 4070 ἡ

551 4107 757 4164 Deinde
794 4127 807 4163 :
842 4128 861 4159 ι
889 4106 990 4163 Ubi
1020 4106 1321 4162 abundavit
1341 4116 1652 4177 peccatum,
1689 4105 1766 4161 ibi
1794 4106 2122 4178 superabnu

2246 4109 2493 4181 ἁμαρτία
2517 4150 2534 4176 ,
2565 4107 3106 4179 ὑπερεπερίσσευσεν
3156 4106 3192 4176 ἡ
3215 4106 3397 4177 χάρις.
3433 4122 3452 4156 ι
3500 4099 3674 4155 Ταῦτα
3713 4094 3792 4167 μὲν

546 4202 701 4255 davit
735 4206 791 4256 et
819 4200 997 4272 gratia
1036 4199 1104 4255 υ.
1140 4218 1158 4251 ι
1196 4197 1323 4253 llaec
1360 4197 1527 4268 igitur
1576 4197 1797 4253 locutus
1837 4205 1925 4252 est
1974 4196 2117 4253 Deus

2246 4199 2341 4258 οὖν
2354 4204 2457 4272 ἔφη
2486 4201 2634 4266 Θεὸς
2660 4192 2735 4254 ὧν
2756 4197 3124 4271 προαγορεύει
3144 4197 3435 4267 γινώσκων
3458 4193 3523 4249 τὰ
3546 4191 3790 4263 μέλλοντα.

549 4309 809 4367 tanquam
838 4293 934 4366 qui
968 4294 1035 4350 de
1071 4308 1265 4348 eorum
1303 4301 1526 4357 eventu,
1560 4307 1683 4363 qua:
1721 4289 1991 4362 praedicit,
2059 4292 2113 4345 ni

2246 4296 2372 4350 Θεοὶ
2404 4293 2462 4349 δὲ
2494 4292 2714 4364 ψευδεῖς
2743 4292 2896 4355 ὄντες
2920 4290 3251 4362 οἰῖδαίμονες
3286 4290 3464 4360 μάτην
3499 4285 3635 4355 ὑμᾶς
3674 4279 3793 4350 ἡπά-

547 4387 626 4442 liil
656 4386 899 4458 ambigat
924 4405 939 4442 :
962 4400 1088 4440 cum
1122 4384 1399 4439 daemones
1421 4381 1732 4439 futurorum
1763 4381 2118 4454 praedictione

2245 4406 2358 4442 των
2386 4386 2540 4442 οὐδὲν
2584 4384 2741 4440 αὐτοὶ
2773 4383 3268 4455 προγινώσκοντες.
3318 4382 3559 4451 Κατηχεί
3593 4376 3693 4447 γὰρ
3720 4371 3793 4427 διὲ

546 4496 646 4536 vos
680 4480 737 4536 in
766 4478 1012 4535 fraudem
1048 4477 1335 4532 inducant.
1368 4475 1466 4532 His
1485 4476 1631 4532 enim
1663 4476 1915 4533 ethnicos
1938 4478 2117 4533 erudit

2246 4478 2455 4534 τούτων
2484 4479 2611 4542 τοὺς
2640 4476 2911 4542 ὲθνικοὺς,
2935 4474 3028 4540 οὒς
3059 4477 3140 4539 εἰς
3168 4475 3261 4528 τὸν
3304 4474 3461 4544 λόγον
3512 4471 3790 4541 παρήγαγε.

546 4574 677 4626 dum
706 4587 803 4628 eus
821 4572 876 4626 in
900 4586 1213 4627 sermonem
1247 4570 1515 4625 inducens
1557 4568 1742 4624 futura
1773 4585 1831 4626 se
1865 4585 2117 4640 praenossi

2252 4573 2539 4644 μάρτυρας
2565 4569 2742 4639 λέγων
2768 4569 2913 4641 ἔχειν
2963 4567 3059 4622 τοῦ
3093 4565 3405 4639 προειδέναι
3448 4564 3516 4618 τὰ
3565 4560 3792 4633 μέλλοντα

548 4663 942 4733 prophetarum
991 4677 1219 4719 suorum
1250 4662 1564 4718 testimonio
1610 4662 1973 4719 demonstrat.
1999 4662 2119 4728 Qui:

2239 4667 2369 4732 τοὺς
2399 4665 2560 4729 ἰδίους
2594 4664 2901 4737 προφήτας.
2930 4662 3056 4727 Τοίς
3080 4661 3138 4715 δὲ
3168 4660 3391 4732 δαίμοσι
3424 4658 3509 4721 τίς
3529 4647 3792 4749 μαρτξωὶ-

546 4764 729 4812 autem
763 4754 1105 4812 daemonibus
1134 4755 1284 4811 testis
1317 4755 1443 4820 crit,
1489 4755 1598 4812 tale
1653 4753 1860 4827 aliquid
1933 4769 2034 4811 eos
2073 4770 2117 4810 e:

2240 4776 2427 4824 σειεν,
2458 4757 2534 4822 ὡς
2562 4757 2632 4811 δι’
2657 4754 2825 4809 αὑτοῦ
2860 4764 2883 4793 ι’
2913 4772 2969 4809 τι
2999 4754 3361 4825 προειρηκόσι
3391 4750 3516 4820 περὶ
3552 4748 3646 4819 τῆς
3676 4744 3790 4813 Χρι-

547 4866 677 4908 sese
706 4850 772 4905 de
790 4848 995 4905 Christi
1018 4848 1280 4915 adventu,
1308 4850 1484 4920 deque
1505 4864 1606 4904 suo
1636 4847 1880 4919 ipsorum
1914 4848 2118 4903 interit:

2242 4852 2371 4908 στοῦ
2398 4848 2724 4923 παρουσίας,
2744 4847 2842 4902 καὶ
2864 4847 2966 4919 τῆς
2981 4846 3164 4901 αὐτῶν
3190 4844 3586 4915 καθαιρέσεως;
3619 4835 3789 4936 otiolum

550 4941 919 5015 praedixisse?
952 4939 1174 4996 Nullum
1206 4942 1354 4999 enim
1371 4956 1431 4997 se
1459 4957 1580 4997 vera
1613 4942 1935 5011 praedixisse
1962 4949 2121 4994 teste»

2241 4947 2371 5020 γὰρ,
2399 4944 2475 5008 ὡς
2498 4941 2699 5011 ἀληθῆ
2731 4939 3114 5012 προειπόντες,
3146 4938 3329 5010 ἔχουσι
3344 4934 3621 5007 μάρτυρα,
3649 4928 3715 5020 ᾡς
3736 4928 3788 4977 ᾱν

548 5038 722 5092 uitare
772 5041 1000 5105 queant,
1032 5045 1095 5089 ut
1145 5050 1207 5090 se
1244 5034 1338 5104 qui
1397 5034 1684 5088 audierunt
1746 5040 2107 5104 sequerentur

2244 5019 2430 5100 αὐτοῖς
2479 5033 2827 5089 ἀκολουθοῖεν
2878 5031 3212 5096 ἀκούοντες
3258 5028 3458 5084 αὐτῶν.
3506 5020 3653 5079 Τοῦτ’
3672 5019 3786 5075 ἐστι.

550 5132 603 5185 id
636 5137 746 5192 est,
786 5135 847 5182 ut
904 5127 1212 5194 laudarent,
1237 5135 1294 5183 et
1346 5126 1829 5197 amplecterentur,
1882 5131 2121 5195 tauquan

2259 5127 2639 5189 ouvawoﬁv-céc
2654 5142 2715 5180 τε
2740 5124 2835 5179 καὶ
2863 5121 3198 5195 πειθόμενοι,
3217 5121 3295 5186 ὡς
3322 5116 3580 5192 ἐγνωκόσι
3602 5111 3664 5167 τὰ
3681 5106 3787 5182 μέλ-

553 5216 869 5276 l‘uturorum
922 5219 1202 5290 praescios,
1256 5215 1427 5291 486
1470 5217 1730 5288 justeque
1774 5218 1832 5273 in
1865 5218 2045 5287 pretio
2096 5234 2124 5271 c

1627 5233 1730 5288 que
1774 5218 1832 5273 in
1865 5218 2045 5287 pretio
2096 5225 2152 5271 ct
2258 5222 2439 5286 λοντα,
2463 5222 2559 5276 καὶ
2590 5217 2928 5291 τιμωμένοις
2947 5215 3198 5280 δικαίως.

553 5313 763 5369 honore
791 5312 1027 5369 habitos.

625 5429 673 5460 "'
711 5426 905 5481 Matth.
940 5444 1029 5491 xv,
1069 5428 1160 5484 24.
1241 5428 1286 5458 ’⁸
1324 5423 1486 5480 Joan.
1511 5438 1598 5490 χι,
1630 5424 1719 5478 5‘3.
1797 5424 1844 5455 ¹⁶
1868 5422 2014 5480 Psal.
2041 5438 2117 5488 Cl,
2146 5424 2196 5477 l9

2214 5466 2227 5477 .
2324 5424 2369 5457 "
2395 5423 2551 5479 Rom.
2582 5440 2679 5483 xu,
2715 5422 2769 5476 Ξ.
2851 5421 2896 5454 ’⁸
2926 5419 3086 5491 Joau.
3123 5436 3253 5485 xm,
3308 5420 3360 5476 ἄ.
3461 5417 3501 5449 ³⁸
3536 5408 3710 5481 Εριιεε·
3734 5414 3777 5465 νο

552 5493 609 5555 ἓ.
688 5499 730 5530 ⁸ο
764 5498 909 5554 l'sal.
935 5490 1143 5565 xxxv",
1170 5498 1258 5554 18.
1334 5498 1377 5528 ⁸¹
1416 5495 1558 5552 Psal.
1584 5511 1698 5559 xxi,
1734 5494 1821 5550 19.
1895 5495 1947 5527 ³’
1983 5492 2123 5551 Psal.

1510 5496 1558 5550 il.
1584 5511 1698 5559 xxi,
1734 5494 1821 5550 19.
1895 5495 1947 5527 ³’
1983 5492 2130 5551 Psal.
2160 5510 2426 5558 cxxxvm,
2464 5495 2552 5549 12.
2630 5495 2675 5527 ⁸³
2703 5491 2863 5550 Rom.
2904 5508 2959 5557 ν,
2987 5490 3081 5548 20.

1861 5634 2100 5691 VARUS
2134 5633 2542 5693 LECTIONES.

626 5768 657 5816 ι’
693 5777 782 5830 γρ.
822 5757 933 5813 ἔστι
963 5774 1067 5823 τις.
1147 5766 1171 5793 ο
1207 5775 1296 5830 γρ.
1339 5756 1547 5829 γέγονε.
1624 5766 1653 5809 «ι
1694 5773 1784 5826 γρ.
1805 5754 1955 5828 δηλοῖ
1983 5753 2061 5810 τό.
2139 5765 2162 5797 τ
2188 5772 2275 5827 γρ.
2303 5752 2368 5807 δι’
2392 5751 2591 5809 αὐτῶν.
