3978 6374
209 305 347 368 2389

1335 309 1868 371 COMMENTARII
1932 311 2011 372 IN

2075 311 2362 373 ISAIAM.
3330 307 3480 371 2390

289 419 454 475 Ἀλλᾶ
485 420 659 476 ταῦτα
690 422 1032 493 μὲνὲκεϊνοιο
1065 423 1224 495 ὑμεῖς
1263 424 1344 486 δὲ,
1389 419 1434 478 ῶ
1481 426 1780 495 προφῆται.

1962 424 2064 478 Sed
2105 425 2180 478 illi
2239 426 2458 495 quidem
2515 426 2616 480 ista
2653 444 2664 479 :
2696 441 2797 480 vos
2829 433 3034 488 autem,
3073 443 3105 478 υ
3167 426 3478 496 prophetae.

208 513 457 584 τέγεσθέ
485 531 588 582 μοι
637 512 930 582 μάρτυρες
956 533 971 546 ·
1005 516 1372 585 μαρτυρήσω
1400 517 1458 570 δὲ
1506 517 1628 570 σὺν
1684 515 1793 580 υἱῷ

211 603 386 674 κάγὼ,
425 606 617 676 φησιν,
647 605 1138 676 ἐμαυτῷ.Ἔλεγεν
1165 608 1273 678 γὰρ
1305 611 1333 661 ὀ
1367 610 1556 679 Σωτήρ
1575 624 1588 637 ·
1610 628 1628 660 ι
1665 608 1793 661 Ἐὰν

209 699 316 768 ἐγὼ
348 698 615 769 μαρτυρῶ
649 698 779 768 περὶ
800 699 1061 767 ἐμαυτοῦ,
1091 700 1125 769 ἡ
1156 700 1431 770 μαρτυρία
1459 718 1558 769 μου
1587 699 1797 771 ἀληθής

209 793 377 852 ἐστιν.
433 791 518 844 ὅτι
561 785 680 844 οἶδα
710 789 875 843 πόθεν
902 791 1037 861 είμὶ,
1074 792 1171 844 καὶ
1223 791 1327 844 ποῦ
1369 791 1585 859 ὑπάγω.
1615 811 1635 844 ι
1688 794 1796 844 Καὶ

214 882 406 936 πάλιν·
450 901 468 934 ι
519 882 666 951 Ἐγὼ
702 883 967 955 μαρτυρῶ
996 883 1127 956 περὶ
1153 885 1417 955 ἐμαυτοῦ,
1444 885 1537 937 καὶ
1583 883 1794 956 μαρτυ-

215 977 293 1044 ρεῖ
328 975 463 1042 περὶ
491 973 627 1045 ἐμοῦ
652 976 682 1028 ό
711 974 935 1045 πέμψας
971 992 1038 1044 με
1064 977 1278 1046 Πατήρ.
1316 975 1486 1029 Ταυτὶ
1519 975 1596 1037 δὲ,
1627 975 1788 1045 φησὶ,

211 1066 484 1136 λελάληκα
532 1067 684 1138 ὑμῖν,
732 1067 835 1121 ἵνα
879 1067 1089 1137 γνῶτε,
1122 1066 1221 1120 καὶ
1267 1068 1656 1131 πιστεύσητε,
1698 1065 1797 1120 καὶ

215 1157 442 1226 συνῆτε
483 1159 572 1212 ὅτι
601 1158 715 1230 ἐγώ
762 1162 899 1226 εἰμι.
932 1178 951 1211 ι
983 1159 1080 1214 Διὰ
1102 1160 1211 1231 γὰρ
1241 1159 1494 1229 γνώσεως
1517 1162 1550 1230 ἡ
1588 1161 1794 1222 πίστις.

222 1254 312 1306 Διὰ
337 1253 393 1307 δὲ
417 1253 522 1324 τῆς
545 1254 805 1316 πίστεως,
837 1253 872 1324 ἡ
908 1251 1147 1316 σύνεσις.
1205 1270 1225 1304 ι
1283 1251 1408 1306 Ἐάν
1443 1252 1550 1322 γὰρ
1579 1252 1652 1321 μὴ
1701 1268 1796 1304 πι-

225 1335 508 1417 στέύσητε,
552 1347 660 1400 οὐδ’
698 1345 758 1399 ού
798 1345 871 1417 μὴ
900 1345 1119 1416 συνῆτε,
1152 1365 1170 1398 ι
1197 1345 1382 1414 φησίν.
1421 1346 1516 1397 Ὧν
1547 1344 1605 1398 δὲ
1627 1344 1798 1408 άῖδιός

218 1441 325 1509 είμι
353 1439 451 1492 καὶ
478 1440 692 1510 Σωτήρ.
749 1439 861 1493 Kal
906 1441 1168 1510 προεῖπον
1209 1438 1298 1491 ὅτι
1347 1437 1532 1502 σώζω,
1582 1438 1675 1491 καὶ
1709 1435 1798 1490 διὰ

217 1530 448 1602 Χριστοῦ
473 1531 611 1601 πρὸς
642 1532 804 1602 ἔργον
829 1533 1034 1602 ἤγαγον
1091 1529 1389 1583 Ὤνείδισα
1403 1530 1480 1592 δὲ,
1499 1530 1654 1600 φησι,
1685 1531 1799 1593 τοῖς

216 1622 270 1686 ἐξ
311 1621 554 1692 Ἰσραὴλ,
581 1621 662 1675 ὅτι
693 1621 966 1692 φιλήδονοι
1005 1620 1208 1690 μᾶλλον
1234 1619 1411 1683 ὄντες,
1444 1620 1478 1689 ἢ
1533 1618 1796 1688 φιλόθεοι,

1894 525 2055 569 estote
2101 516 2230 569 mihi
2275 525 2448 570 testes.
2485 515 2602 586 Ipse
2635 531 2763 571 vero
2825 515 2954 568 mihi
3003 531 3123 568 cum
3171 516 3285 584 filio
3335 517 3480 571 testis

1896 604 2070 660 fuero.
2106 604 2327 660 Dicebat
2353 606 2496 660 enim
2524 604 2776 659 Salvator
2808 624 2819 658 :
2846 623 2864 656 ι
2896 605 2951 659 Si
2978 621 3079 675 ego
3105 605 3480 660 testimonium

1897 701 2155 770 perhibeo
2187 700 2253 755 de
2293 715 2379 755 me
2433 705 2575 770 ipso,
2608 703 2979 756 testimonium
3044 717 3224 755 meum
3290 717 3479 755 verum

1896 800 1980 845 est
2011 807 2025 844 :
2059 795 2186 860 quia
2223 809 2322 863 ego
2353 794 2474 847 novi
2505 792 2648 847 unde
2676 810 2821 855 sum,
2854 804 2903 848 et
2941 811 3048 864 quo
3077 793 3218 846 vado
3248 792 3314 846 ".
3353 812 3370 844 ο
3417 791 3483 846 Ει

1899 899 2136 940 rursus:
2179 905 2196 936 ο
2224 885 2336 956 Ego
2400 887 2774 940 testimonium
2830 888 3088 956 perhibeo
3118 887 3183 940 de
3246 887 3481 956 meipso,

1898 985 1952 1029 et
2008 984 2236 1032 testatur
2274 977 2342 1032 de
2393 993 2499 1043 me,
2539 978 2631 1047 qui
2692 978 2840 1032 misit
2885 995 2970 1032 me
3024 979 3182 1033 Pater
3232 979 3297 1034 ³⁸.
3361 979 3484 1033 Πωο

1899 1080 2083 1125 autem
2125 1072 2339 1125 let-ntus
2369 1087 2487 1123 smn
2516 1073 2687 1135 vobis,
2721 1081 2775 1124 ut
2806 1073 3011 1136 sciatis,
3044 1085 3092 1126 et
3115 1075 3369 1135 credatis.
3431 1085 3478 1126 et

1899 1164 2230 1233 intelligetis,
2263 1165 2386 1234 quia
2415 1180 2506 1233 ego
2527 1180 2664 1216 sunt.
2713 1184 2729 1216 ι
2779 1165 2937 1218 Fides
2970 1166 3114 1219 enim
3149 1165 3484 1234 cognitione,

1901 1255 2007 1309 ﬁde
2050 1265 2230 1309 autem
2288 1255 2644 1325 intelligentia
2694 1267 3066 1326 comparatur.
3115 1275 3134 1306 ι
3165 1256 3280 1311 Nisi
3341 1259 3485 1311 enim

1901 1347 2264 1413 credideritis,
2295 1350 2488 1418 inquit,
2526 1364 2633 1402 nou
2662 1348 2972 1418 intelligetis
2998 1350 3062 1402 ⁸⁸.
3096 1370 3112 1400 ι
3148 1351 3248 1416 Qui
3304 1361 3487 1404 autem

1900 1455 2023 1496 sum
2053 1449 2312 1505 aeternus,
2337 1457 2456 1496 sum
2483 1441 2622 1496 idem
2647 1449 2703 1494 et
2734 1440 3006 1494 Salvator.
3029 1440 3095 1494 Et
3122 1445 3214 1511 qui
3249 1442 3488 1511 praemisi

1900 1533 2110 1588 salvare
2138 1551 2244 1600 me,
2290 1534 2341 1588 id
2373 1535 2537 1588 etiam
2569 1549 2664 1604 per
2687 1532 2971 1588 Christum
3007 1549 3198 1603 reapse
3232 1533 3485 1603 praestiti.

1900 1625 2236 1695 Exprobravi
2265 1634 2469 1691 autem,
2511 1627 2709 1696 inquit,
2753 1626 2964 1691 lsraeli,
2992 1641 3119 1681 eum
3164 1625 3337 1694 ipsum
3388 1643 3487 1681 vo-

212 1714 299 1766 τὸν
325 1713 462 1782 ἐμὸν
490 1712 826 1784 παρέδειινον
871 1713 1055 1782 νόμον.
1098 1710 1242 1781 Ἐγὼ
1286 1712 1346 1766 δὲ
1400 1710 1490 1766 διὰ
1517 1710 1798 1783 πολεμίων

1908 1720 2197 1788 luptatum,
2225 1733 2389 1790 quam
2448 1718 2539 1774 Dei
2563 1735 2684 1774 esse
2725 1719 3130 1785 amantiorem;
3164 1719 3257 1788 qui
3317 1719 3486 1788 legem

212 1801 397 1871 ἐφόδου
455 1801 680 1866 τούτους
720 1802 1026 1867 ἐπαίδευον,
1080 1802 1170 1856 ὅτε
1208 1802 1301 1856 καὶ
1353 1801 1453 1873 τὴν
1483 1803 1615 1874 παρ’
1657 1803 1795 1875 ἐμοῦ

210 1894 487 1964 σωτηρίαν
528 1896 778 1964 ἐζήτουν.
817 1895 997 1966 Ὅπερ
1039 1895 1222 1958 αὐτοῖς
1250 1895 1535 1950 ὼνείδισιι
1573 1896 1664 1950 διὰ
1699 1898 1800 1968 τῆς

222 1987 490 2056 Ἰερεμίου
528 1988 715 2058 φωνῆς
742 1987 949 2056 λέγων·
989 2006 1008 2039 ί
1049 1987 1138 2040 Ἐν
1159 1987 1238 2059 τῷ
1267 1989 1446 2060 καιρῷ
1473 1987 1584 2041 τῶν
1609 1989 1800 2043 κακῶν

208 2079 389 2133 αὐτῶν
429 2078 674 2149 ἐροῦσιν,
715 2080 976 2146 Ἀνάστα,
1033 2080 1130 2133 καὶ
1175 2079 1350 2134 σῶσον
1408 2081 1577 2152 ἡμᾶς.
1616 2099 1636 2133 ι
1667 2081 1796 2148 Kal,

213 2193 230 2224 ι
261 2172 374 2225 Ποῦ
400 2175 546 2226 εἰσιν
590 2174 642 2226 οἱ
673 2171 784 2226 θεοί
839 2189 955 2238 σου,
992 2172 1084 2236 οὒς
1140 2171 1405 2243 ἐποίησάς
1453 2173 1702 2244 σεαυτῷ;
1751 2173 1802 2227 εἰ

205 2267 612 2331 ἀναστήσονται
634 2266 730 2322 καὶ
750 2265 987 2320 σώσουσι
1013 2283 1073 2320 σε
1096 2269 1154 2320 ὲν
1177 2266 1358 2338 καιρῷ
1378 2266 1480 2338 τῆς
1498 2265 1801 2330 κακώσεώς

206 2374 340 2424 aeu;
383 2377 406 2410 ι
438 2357 606 2419 Σώζω
630 2358 814 2412 τοίνυν
829 2359 1018 2428 μόνος
1039 2359 1175 2429 ἐγὼ,
1201 2359 1278 2423 ὡς
1296 2359 1558 2414 δύνασθαι
1594 2360 1802 2432 μηδένα

204 2449 317 2502 τῶν
384 2448 547 2519 ἐμῶν
590 2450 930 2518 ἐξαρπάσαι
983 2449 1201 2520 χειρῶν
1254 2451 1364 2505 τὸν
1423 2449 1797 2520 σωζόμενον-ο

206 2541 470 2612 ποιήσω,
497 2543 595 2597 καί
632 2542 722 2610 τίς
742 2542 1147 2612 ἀποστρέψει;
1180 2543 1347 2608 αὐτὸς
1383 2543 1577 2599 ἔδωκα
1602 2545 1712 2616 γὰρ
1732 2543 1803 2600 τὰ

206 2635 363 2708 ἔθνη,
399 2637 496 2690 καὶ
548 2636 634 2700 τίς
660 2635 821 2690 τοῦτο
875 2635 1178 2706 μεταϐαλεῖ
1241 2635 1379 2707 πρὸς
1413 2636 1474 2690 τὸ
1513 2637 1590 2708 μὴ
1627 2635 1804 2701 οὕτως

209 2729 395 2798 ἔχειν;
424 2727 510 2783 διδ
565 2729 699 2798 περὶ
726 2728 837 2782 τῶν
864 2727 1064 2782 ἑαυτοῦ
1094 2728 1387 2799 προϐάτων
1412 2727 1600 2798 ἔλεγεν
1629 2731 1658 2783 ό
1687 2729 1804 2782 Σω-

210 2823 342 2892 τήρ·
382 2840 403 2874 ι
430 2818 610 2890 Κάγὼ
633 2820 826 2892 δίδωμ⁹
852 2820 1040 2884 αὐτοῖς
1067 2819 1216 2892 ζωὴν
1242 2819 1608 2884 αἱώνιον,.καὶ
1637 2821 1700 2874 οὐ
1727 2820 1804 2892 μὴ

211 2913 527 2968 ἀπόλωνται
573 2914 653 2978 είς
707 2912 800 2967 τὸν
853 2912 1050 2967 αἰῶνα.
1109 2912 1222 2965 Kal
1267 2912 1331 2965 ού
1366 2911 1440 2983 μὴ
1468 2914 1695 2987 ἁρπάσῃ
1718 2930 1805 2978 τις

215 3008 355 3062 αὐτὰ
384 3011 451 3062 ὲκ
485 3010 587 3078 τῆς
613 3007 799 3078 χειρός
830 3023 956 3077 μου.
1004 3005 1062 3058 '0
1087 3005 1300 3077 Πατὴρ,
1345 3005 1404 3069 ὃς
1451 3006 1655 3060 δέδωκὲ
1689 3025 1803 3076 μοι,

1904 1828 2079 1867 meam
2111 1810 2461 1883 przetergredi
2499 1829 2608 1868 non
2644 1811 2938 1867 dubitarit.
2966 1811 3070 1866 Sed
3140 1809 3360 1866 eosdem
3392 1824 3490 1879 ego

1903 1907 2188 1962 invasione
2243 1905 2486 1962 hostium
2541 1905 2844 1975 castigavi,
2883 1919 3006 1959 cum
3035 1919 3065 1958 a
3129 1921 3214 1958 tne
3260 1904 3488 1958 salutem

1902 2004 2230 2070 quazrerent,
2281 2000 2426 2053 sicut
2459 2013 2554 2067 per
2586 1995 2878 2053 Jeremiam
2912 1994 3226 2066 exprobravi
3253 1995 3338 2048 bis
3367 2009 3490 2048 ver-

1901 2093 1989 2149 bis
2023 2110 2080 2148 :r
2109 2093 2169 2146 In
2190 2103 2433 2164 tempore
2473 2091 2738 2144 tualorum
2782 2106 3006 2145 suorum
3034 2090 3242 2151 dicent,
3279 2088 3489 2140 Exsur-

1901 2200 1989 2256 ge,
2016 2194 2070 2240 et
2111 2185 2261 2240 salva
2297 2199 2396 2238 nos
2425 2185 2488 2224 ⁸⁷·
2527 2202 2544 2234 ι
2588 2181 2689 2236 Et:
2733 2201 2751 2232 ι
2787 2179 2892 2235 Ubi
2922 2189 3053 2236 sunt
3112 2179 3188 2234 dii
3217 2178 3318 2243 tui,
3353 2193 3492 2248 quos

1902 2271 2108 2326 frustra
2138 2271 2317 2327 fecisti
2361 2271 2459 2326 tibi
2490 2269 2512 2323 ?
2543 2285 2673 2326 num
2708 2279 2937 2339 surgent
2984 2279 3037 2324 et
3075 2269 3389 2324 liberabant
3441 2276 3494 2322 te

1903 2363 1960 2419 in
2000 2374 2244 2435 tempore
2276 2363 2590 2418 aﬂlictionis
2618 2370 2726 2418 tua:
2754 2363 2837 2416 “1'
2865 2381 2883 2415 ι
2920 2361 3149 2416 Sulvabo
3204 2361 3371 2430 igitur
3399 2376 3494 2431 ego

1903 2458 2091 2524 solus;
2124 2474 2225 2513 nec
2259 2457 2458 2527 poterit
2480 2458 2780 2527 quisquam
2822 2455 3072 2509 manibus
3105 2455 3234 2509 meis
3288 2469 3493 2514 eruere.

1903 2567 2066 2623 quem
2116 2551 2325 2605 salvare
2378 2557 2644 2606 statuero.
2700 2547 2948 2614 Faciam,
2999 2554 3050 2601 et
3104 2548 3220 2618 quis
3258 2547 3498 2602 avertet?

1906 2646 2028 2716 Ipse
2068 2644 2269 2698 salvari
2293 2650 2505 2714 gentes,
2538 2652 2593 2696 et
2626 2641 2751 2712 quis
2784 2651 2884 2706 est,
2923 2639 3018 2710 qui
3087 2655 3202 2695 rem
3253 2639 3330 2694 ita
3383 2655 3494 2694 non

1907 2737 2113 2794 habere
2137 2737 2319 2802 dicat;
2348 2741 2443 2788 aut
2477 2733 2737 2789 infectam
2775 2732 3017 2788 reddat?
3046 2731 3186 2787 [line
3214 2741 3300 2788 est
3327 2733 3497 2803 igitur

1906 2828 2063 2892 illud,
2089 2827 2231 2898 quod
2276 2825 2346 2882 de
2375 2825 2494 2880 suis
2543 2825 2740 2880 ovibus
2770 2824 2988 2880 dicebat
3028 2823 3320 2878 Salvator:
3369 2843 3386 2875 ι
3431 2822 3497 2878 Et

1907 2939 2015 2995 ego
2043 2923 2166 2978 dedi
2198 2920 2280 2977 eis
2309 2919 2477 2974 vitam
2510 2919 2926 2988 sempiternam,
2965 2931 3139 2985 neque
3161 2915 3416 2986 peribunt
3439 2914 3492 2968 in

1909 3013 2194 3076 saeculum,
2237 3026 2415 3081 neque
2443 3023 2537 3064 eas
2590 3007 2826 3078 abripiet
2867 3006 3159 3076 quisquam
3210 3005 3278 3060 de
3330 3021 3494 3060 manu

216 3100 438 3154 πάντων
471 3099 673 3171 μείζων
705 3098 845 3164 ἐστὶ,
876 3099 973 3153 καὶ
995 3096 1171 3160 οὐδεὶς
1191 3097 1417 3152 δύναται
1446 3097 1720 3167 ἁρπάζειν
1742 3100 1804 3152 ὲκ

1913 3121 2053 3162 mea.
2090 3104 2272 3168 Pater,
2299 3103 2392 3173 qui
2433 3101 2583 3157 dedit
2613 3101 2767 3165 mihi,
2797 3099 3041 3153 omnium
3065 3107 3150 3154 est
3179 3098 3488 3170 potentissi-

215 3194 313 3266 τῆς
343 3194 529 3265 χειρὸς
558 3193 656 3248 τοῦ
680 3193 924 3265 Πατέρος
963 3209 1104 3262 μου..
1146 3211 1176 3244 »ι
1203 3189 1361 3261 Φωνὴ
1410 3191 1536 3261 γὰρ,
1564 3190 1702 3263 αὐτὴ
1740 3193 1818 3263 τῇ..

218 3286 562 3359 προκειμένῃ
591 3285 916 3357 συνᾴδουσα.
947 3282 1108 3346 Τινὲς
1139 3281 1196 3335 δὲ
1235 3281 1298 3335 τὸ
1321 3319 1338 3346 ,
1386 3279 1646 3349 ἐποίησα
1699 3280 1808 3334 ἅλ-

218 3378 420 3449 λαγμά
451 3395 572 3434 σου
597 3379 927 3449 Αἴγυπτον,
962 3378 1043 3442 είς
1074 3375 1386 3448 ὑπόμνησιν
1426 3372 1822 3445 εἰρῆσθαι-τῆς

222 3473 278 3539 ἐξ
305 3472 590 3540 Αἰγύπτου
615 3475 778 3543 φασὶν
809 3474 1148 3544 ἐλευθερίας.
1169 3476 1309 3531 Ὀλα
1341 3476 1452 3546 γὰρ
1477 3474 1606 3545 ἔθνη
1634 3491 1810 3544 τιμω-

229 3560 540 3631 ρησάμενος
574 3562 604 3615 ὑ
615 3561 733 3633 μῶν
762 3564 1335 3637 άντικατηλλαξάμην.
1382 3564 1686 3636 Τοιγαροῦν
1712 3566 1816 3618 srr-

228 3654 365 3723 ἀγει·
383 3653 512 3724 Ἀφ’
534 3650 606 3712 οὗ
623 3655 866 3726 ἔντιμος
887 3657 1104 3728 ἐγένου
1132 3658 1392 3712 ἐνώπιον
1411 3657 1583 3728 ἐμοῦ,
1602 3655 1814 3722 ἐδοξά-

226 3752 395 3816 σθης.
427 3748 503 3802 Ob
533 3747 644 3820 γὰρ
660 3749 840 3822 οίκείᾳ
869 3749 1098 3821 δυνάμει
1116 3751 1188 3804 τὰ
1209 3749 1339 3821 ἔθνη
1363 3750 1675 3820 νενίκηκας,
1703 3751 1809 3821 ἐμῇ

227 3839 279 3891 δὲ
298 3839 463 3913 ῥώμῃ
491 3855 554 3894 τε
587 3843 682 3894 καὶ
715 3842 1025 3913 συμμαχίᾳ,
1047 3843 1141 3895 καὶ
1164 3842 1234 3895 τά
1254 3842 1388 3913 πρὸς
1413 3841 1704 3913 χρείανάεὶ
1717 3858 1810 3912 χο-

229 3931 592 4003 ρηγήσαντος,
617 3932 693 3997 ὡς
716 3936 786 3987 τὰ
813 3933 975 4005 πέριξ
1008 3933 1136 4005 ἔθνη
1164 3933 1468 4004 θαυμάζειν
1495 3933 1813 4003 καταπλητ-

228 4023 445 4095 τόμενα.
471 4025 584 4079 Kal
616 4025 714 4079 νῦν
750 4024 809 4079 δὲ
844 4026 1030 4094 δράσω
1050 4026 1120 4079 τά
1151 4026 1532 4098 παραπλήσια.
1563 4025 1684 4080 Κᾶν
1703 4024 1813 4097 γάρ

227 4111 298 4176 ὡς
329 4113 578 4168 ἁλουσῶν
604 4113 715 4170 τῶν
755 4113 787 4169 ι’
816 4115 1002 4184 φυλῶν
1034 4116 1397 4179 ὑπεκλύεσθε,
1447 4115 1555 4187 χρὴ
1590 4117 1814 4170 σκοπεῖν

227 4203 298 4269 ὡς
337 4206 390 4260 εί
443 4207 709 4278 γενοίμην
759 4208 891 4280 ύμῖν
946 4209 1204 4282 εὐμενὴς,
1235 4210 1575 4280 πανταχόθεν
1607 4208 1815 4273 πάντες

224 4295 584 4368 συνάγω-σε,
613 4301 708 4353 καὶ
739 4300 800 4354 τὸ
827 4300 927 4370 τὴν
973 4301 1274 4373 ἀνάκλησιν
1318 4302 1605 4356 κωλύσον
1634 4300 1812 4355 οὐδέν.

225 4388 330 4443 Καὶ
364 4389 468 4461 τὴν
499 4391 675 4463 ἀρχὴν
703 4391 812 4464 γὰρ
834 4391 986 4462 ἐμῆς
1007 4394 1173 4448 ἕνεκα
1206 4392 1392 4460 δόξης
1419 4392 1815 4465 περιεποιησά-

1911 3213 2189 3260 mus;nec
2226 3203 2407 3266 potest
2433 3194 2724 3265 quisquam
2772 3207 2968 3262 rapere
3008 3192 3076 3246 de
3105 3207 3270 3245 manu
3317 3190 3498 3244 Patris

1911 3293 2017 3348 mei
2045 3291 2108 3345 ³⁸.
2144 3309 2163 3343 ι
2197 3287 2484 3343 Censentit
2533 3286 2678 3341 enim
2733 3299 2834 3339 vox
2898 3283 3024 3348 ἰδίει,
3081 3298 3204 3337 cum
3255 3283 3324 3337 iis
3378 3298 3500 3353 qua:

1912 3384 2072 3439 nobis
2135 3396 2172 3434 a-
2217 3380 2485 3450 propheta
2545 3383 2949 3448 proponuntur.
3006 3374 3265 3428 Nonnulli
3314 3387 3493 3430 autem

1910 3475 2055 3546 quod
2092 3473 2193 3545 feci
2215 3472 2683 3526 commutationem
2727 3479 2874 3522 tuam
2906 3465 3197 3537 Afgyptum
3228 3467 3383 3531 dixit,
3415 3467 3499 3521 id-

1913 3570 2132 3638 ipsum;
2165 3575 2226 3619 ut
2256 3580 2316 3621 se
2360 3562 2685 3634 Egyptiaca
2739 3562 3003 3616 servitute
3066 3560 3324 3614 liberat-os
3379 3575 3499 3613 esse

1915 3657 2284 3721 meminerint,
2318 3654 2632 3726 appositum
2660 3652 3045 3716 arbitrantur;
3077 3651 3234 3720 quasi
3281 3658 3498 3719 sumpta

1913 3752 1981 3807 de
2016 3751 2267 3822 gentibus
2291 3747 2561 3803 universis
2591 3746 2795 3800 ultione
2823 3745 2944 3798 illos
2986 3745 3038 3797 in
3066 3745 3292 3797 istorum
3321 3745 3498 3797 locum

1913 3858 1974 3899 se
2012 3840 2362 3896 substituisse
2391 3837 2557 3892 dicat.
2594 3835 2781 3903 Itaque
2808 3834 3046 3903 adjicit:
3079 3833 3154 3887 Ex
3203 3851 3305 3904 quo
3339 3834 3502 3888 hono-

1914 3935 2105 3990 rabilis
2136 3932 2308 4002 [actus
2336 3947 2388 3985 es
2415 3930 2470 3983 in
2495 3940 2772 3991 conspectu
2803 3944 2934 3994 meo,
2961 3925 3296 3996 gloriﬁcatus
3335 3927 3502 3999 487

1913 4043 1989 4080 es.
2029 4023 2213 4093 Neque
2243 4022 2389 4076 enim
2422 4028 2516 4073 tua
2538 4020 2763 4083 virtute,
2797 4018 2890 4073 sed
2922 4018 3058 4073 meis
3095 4017 3324 4081 viribus,
3350 4035 3503 4073 meo-

1913 4130 2021 4185 que
2043 4113 2252 4168 auxilio
2281 4120 2472 4183 gentes
2509 4111 2804 4180 superasti.
2838 4109 2930 4178 qui
2961 4109 3094 4162 nulli
3129 4117 3180 4164 te
3202 4109 3364 4164 rebus
3381 4125 3502 4179 ege-

1914 4225 1976 4264 re
2006 4221 2200 4278 passus
2232 4206 2335 4259 sim
2365 4222 2380 4258 :
2414 4203 2556 4257 unde
2589 4210 2644 4256 et
2677 4202 2873 4256 vicinis
2913 4201 3154 4270 undique
3187 4202 3504 4270 regionibus

1914 4310 2124 4367 magnze
2154 4309 2263 4348 non
2298 4291 2650 4346 admirationi
2701 4300 2934 4356 tantum,
2962 4291 3057 4346 sed
3094 4292 3292 4346 terrori
3340 4292 3500 4344 etiam

1915 4387 2196 4445 exstitisti.
2250 4384 2413 4455 Atqui
2453 4383 2564 4439 illis
2592 4383 2898 4438 etiamnum
2949 4384 3109 4454 plane
3165 4381 3364 4436 similia
3407 4383 3503 4435 ad-

225 4498 330 4554 μην
358 4481 528 4555 ὑμᾶς,
558 4485 654 4539 καὶ
682 4485 752 4537 τὰ
776 4484 915 4557 πρὸς
947 4485 1047 4556 ἐμὲ
1094 4485 1554 4556 τυφλώττονττις
1589 4484 1804 4539 ἐλευθε-

1916 4483 2187 4537 missurus
2210 4478 2336 4533 sim.
2367 4474 2490 4530 Etsi
2513 4474 2658 4530 enim
2718 4483 2978 4544 tanquam
3014 4474 3191 4544 oaptis
3249 4474 3502 4528 tribubus

226 4576 343 4644 ρίας
398 4576 633 4644 ἠξίωσα.
674 4578 748 4632 Οὐ
809 4578 920 4649 γὰρ
970 4576 1186 4632 οίκοθεν
1223 4576 1472 4648 κινηθεὶς
1519 4575 1808 4647 ὡκειώθης

224 4669 362 4739 ἇμοί.
388 4670 455 4723 Τί
477 4665 571 4726 οὖν
598 4671 739 4742 μετὰ
763 4670 1036 4743 τοσαύτην
1061 4675 1280 4744 πεῖραν,
1301 4671 1377 4734 ὡς
1409 4671 1549 4743 μήτε
1578 4671 1804 4737 ίδόντες,

229 4761 365 4832 μήτε
406 4762 516 4833 μὴν
541 4764 843 4834 ἀκηκοότες
876 4763 1294 4834 τυφλώττετε;

1914 4578 2126 4639 decem,
2185 4586 2353 4643 prope
2404 4568 2662 4631 delicitis,
2731 4583 2840 4622 non
2909 4567 3161 4639 ignorare
3193 4581 3288 4622 vos
3347 4565 3504 4620 decet

1914 4680 2118 4729 tamen,
2142 4679 2252 4728 me,
2283 4663 2337 4719 si
2360 4661 2606 4733 placidus
2630 4675 2753 4715 esse
2776 4674 3016 4728 coepero,
3051 4673 3239 4714 omnes
3262 4657 3504 4727 undique

1913 4769 2244 4823 coacturum,
2277 4769 2456 4824 neque
2488 4751 2782 4809 revocandi
2837 4751 3150 4805 institutum
3204 4749 3502 4822 quidquam

227 4868 344 4908 esse
372 4855 810 4922 ;proliibiturum.
847 4854 986 4910 Nam
1031 4866 1086 4911 et
1146 4871 1244 4912 vos
1275 4857 1345 4912 ab
1403 4855 1582 4912 initio,
1619 4855 1805 4927 gloria:
1843 4874 1970 4912 mew
2001 4853 2248 4910 serviens
2308 4847 2442 4904 mihi
2495 4844 2786 4915 acquisivi,
2821 4852 2876 4897 cl
2898 4843 3252 4912 quantumvis
3307 4841 3362 4896 in
3420 4859 3504 4900 me

228 4947 554 5002 mentientes
613 4949 779 5004 etiam
840 4948 1095 5004 libertate
1143 4947 1367 5002 donavi.
1424 4946 1615 5019 Neque
1666 4950 1812 5004 enim
1855 4955 2045 5018 tuopte
2077 4943 2318 5015 ingenio,
2375 4947 2582 5008 tuaque
2620 4945 2830 4990 tantmn
2886 4934 3085 4990 ductus
3155 4935 3324 4989 animi
3379 4951 3504 5005 prn-

231 5043 491 5112 pensitate
523 5043 662 5098 mihi;
692 5042 994 5099 adhaesisti.
1027 5041 1168 5109 Quid
1198 5041 1367 5113 igitur
1427 5048 1580 5095 tanta
1643 5041 1879 5112 experti,
1921 5050 2183 5110 tanquam
2245 5032 2386 5089 nihil
2438 5029 2749 5093 audieritis,
2781 5027 3031 5097 nihilque
3068 5027 3336 5093 videritis,
3398 5027 3499 5097 ipsi

231 5137 488 5190 mentitis
511 5136 536 5190 ?

306 5229 747 5301 Ὑπομιμνήσκει
774 5231 833 5284 δὲ
865 5231 1084 5298 αὐτοὺς,
1110 5230 1186 5295 ὡς
1215 5230 1312 5283 καὶ
1355 5229 1534 5284 πάντα
1582 5228 1652 5282 τὰ
1685 5227 1814 5299 ἔθνη

235 5323 328 5376 σὺν
385 5322 697 5391 Ἀσσυρίοις
750 5324 1197 5394 ἐπεστράτευσαν
1270 5322 1634 5393 Ἰερουσαλὴμ
1680 5320 1830 5391 θαρι

238 5415 431 5485 ροὗντα
460 5417 575 5477 τοῖς
607 5416 758 5481 ἰδίοις
785 5416 949 5483 θεοῖς,
974 5418 1108 5488 παρ’
1135 5409 1212 5472 ῶν
1240 5417 1301 5469 ού
1347 5415 1600 5486 βοήθειαν
1631 5415 1812 5485 ἔσχον,

236 5509 294 5561 οὒ
323 5508 420 5571 τάς
471 5508 775 5578 μελλούσας
822 5510 1178 5582 προέγνωσαν
1229 5509 1441 5572 ἑαυτοῖς
1496 5506 1806 5577 συμφοράς.

251 5602 608 5673 ὀγδοήκοντα
635 5603 796 5659 πέντε
817 5605 927 5676 γὰρ
952 5604 1189 5675 χιλιάδες
1211 5603 1417 5658 τούτων
1433 5598 1812 5666 πεπτώκασιν.

1994 5228 2180 5296 Neque
2211 5237 2350 5278 vero
2367 5236 2463 5276 eos
2492 5217 2704 5289 patitur
2725 5211 3006 5276 oblivisci,
3039 5209 3499 5281 quemadmodum

1917 5327 1973 5373 et
2005 5323 2439 5386 gentes-omnes,
2473 5307 2682 5377 junctis
2709 5320 2835 5360 cum
2867 5302 3098 5373 Assyrio
3127 5300 3361 5362 viribus,
3387 5300 3505 5354 bel-

1924 5401 2310 5460 lo-Jerusalem
2340 5396 2589 5468 aggressi
2624 5401 2779 5456 sunt,
2811 5407 2936 5445 cum
2970 5390 3077 5444 diis
3109 5389 3224 5444 suis
3251 5388 3497 5442 conlide-

1915 5506 2068 5559 rent;
2106 5511 2136 5550 a
2171 5492 2373 5564 quibus
2414 5504 2591 5559 neque
2642 5485 2909 5540 auxilium
2947 5483 3118 5538 ullum
3181 5490 3498 5560 senserunt‘

1926 5603 2105 5658 neque
2138 5585 2245 5642 sibi
2281 5583 2620 5639 calamitates
2652 5575 2968 5649 impendere
2996 5572 3382 5646 praeviderunt.
3425 5570 3500 5626 Ει

308 5780 347 5810 ³³
379 5779 517 5836 Joan
573 5796 690 5842 \‘ltt,
727 5779 807 5834 ll.
890 5781 935 5812 ³⁸
964 5779 1094 5834 ibid.
1132 5778 1215 5834 l8.
1296 5779 1339 5810 ³⁸
1379 5776 1483 5832 lsa.
1518 5789 1611 5834 vn.
1643 5775 1696 5828 9.
1765 5766 2042 5842 ‘ﬂJerem
2096 5783 2134 5828 ι,
2164 5766 2251 5821 ‘27.
2331 5765 2373 5795 ³⁸
2409 5763 2551 5822 ibid.
2576 5761 2666 5816 23.
2752 5762 2794 5791 ³⁹
2821 5756 2978 5811 Joan.
3020 5772 3072 5815 ι.
3102 5754 3194 5814 ‘28.
3225 5755 3317 5808 29.
