3978 6374
172 349 286 413 2393

1247 358 1772 423 COMMENTARI]
1836 364 1921 425 IN
1981 364 2267 427 ISMAM.

3270 369 3411 433 2391

170 463 404 532 πλησίους
424 463 774 534 ἐσϐεσμένῳ
796 466 1244 539 παραϐάλλεσθαι
1262 468 1414 537 λίνῳ
1433 469 1510 540 τῷ
1533 471 1734 543 ῥαδίως

1859 476 2063 529 entiam
2116 490 2316 540 meam,
2358 484 2415 532 et
2454 489 2619 545 quam
2649 474 2717 531 de
2751 475 2910 531 vobis
2953 491 3143 532 curam
3184 477 3413 536 habeam

164 556 503 626 ἀναπτομένῳ
535 557 630 609 καί⁹
659 558 1045 629 σϐεννυμένφ
1081 560 1245 631 τυχὸν
1272 560 1402 634 ψιλῇ
1451 563 1545 619 καὶ
1592 563 1732 637 μόνῃ

163 648 304 721 χειρί.
334 651 632 722 Διήγατον
659 651 717 705 δὲ
745 654 944 723 τρίϐον
968 654 1166 718 αὐτοὺς
1194 654 1265 709 ἐν
1294 655 1465 709 ὕδατι
1499 656 1636 727 πρὸς
1664 659 1728 728 τῇ

164 740 427 811 θαλάσσῃ
451 744 546 796 καὶ
577 743 669 797 τὸν
699 745 943 816 ποταμὸν
979 746 1345 818 Ἰορδάνην.“0
1379 750 1476 803 καὶ
1517 750 1733 822 θαυμάσ-

166 834 252 898 ζων
267 836 434 905 φησὶν
450 837 478 889 ό
494 835 660 889 Δαῦίδ
673 852 687 867 ο
723 854 751 885 ι
771 837 834 890 Τί
858 838 941 891 σοί
964 840 1103 905 ἐστι,
1120 838 1388 906 θάλασσα,
1405 842 1488 911 ότι
1506 841 1729 912 ἔφυγες,

166 930 244 984 καὶ
275 930 366 992 σὺ,
403 928 664 1000 Ἰορδάνη,
692 932 774 985 ὅτι
803 933 1081 1005 ἐστράφης
1123 938 1202 998 εἰς
1225 935 1293 989 τά
1321 935 1532 1003 ὀπίσω;
1566 956 1585 988 ι
1623 938 1734 991 Καὶ

165 1024 338 1075 πάλινυ
378 1040 400 1073 ι
426 1021 487 1075 Ὀ
522 1023 918 1095 μεταστρέφων
958 1023 1058 1095 τὴν
1099 1026 1374 1080 θάλασσαν
1411 1027 1493 1090 είς
1541 1027 1732 1099 ξηρὰν,

166 1115 213 1166 ἐν
266 1112 497 1183 ποταμῷ
540 1113 904 1169 διελεύσονται
950 1115 1090 1170 ποδί.
1117 1136 1135 1167 ι
1186 1116 1310 1180 Πῶς
1353 1116 1412 1170 δὲ
1438 1117 1601 1181 αὐτὸς
1641 1116 1737 1183 ἐξ-

166 1204 367 1274 ήγαγεν
402 1204 635 1275 ἅρματα
670 1206 770 1260 καὶ
800 1206 987 1260 ἵππον
1005 1224 1024 1274 ;
1051 1207 1221 1276 Δῆλον
1259 1208 1370 1279 γὰρ
1401 1209 1477 1273 ὡς
1506 1208 1598 1263 τὸν
1633 1209 1735 1262 Ἰσ-

171 1296 288 1367 ραὴλ
315 1295 497 1367 οἰκεία
516 1297 836 1368 προαιρέσει
856 1297 1054 1369 Φαραὼ
1080 1299 1422 1366 κατεδίωξεν,
1439 1301 1736 1371 ἐπειδήπερ

171 1389 361 1459 εἴρηται
392 1388 546 1458 παρὰ
576 1389 712 1443 Θεοῦ
736 1390 872 1459 πρὸς
890 1391 1074 1444 αὐτόν’
1112 1411 1129 1442 ι
1167 1390 1262 1454 El;
1291 1393 1449 1446 τοῦτο
1476 1392 1739 1463 ἐξήγειρά

172 1497 219 1533 σε
256 1482 403 1544 ὅπως
451 1481 775 1553 ἐνδείξωμαι
827 1484 884 1536 ἐν
938 1484 1023 1536 σοὶ
1059 1483 1157 1555 τὴν
1188 1483 1420 1555 δύναμίν
1473 1503 1609 1557 μου,
1645 1485 1738 1539 καὶ

170 1576 296 1637 ὅπως
320 1574 584 1646 διαγγελῇ
607 1576 666 1629 τὸ
691 1575 863 1647 ὄνομά
894 1594 998 1646 μου
1032 1578 1089 1630 ἐν
1122 1578 1272 1649 πάσῃ
1299 1581 1365 1648 τῇ
1396 1581 1492 1649 γῇ.
1526 1599 1544 1631 ι
1581 1579 1739 1633 Οὕτω

169 1665 215 1718 δέ
242 1665 333 1718 καὶ
360 1667 490 1729 τοὺς
518 1665 822 1735 φεύγοντας
865 1668 965 1740 τὴν
1013 1667 1144 1739 περὶ
1184 1670 1254 1723 τὰ
1285 1671 1445 1740 γήϊνα
1476 1670 1735 1741 σπουδὴν,

171 1759 259 1812 ὑπό
298 1776 357 1813 τε
396 1758 492 1813 τοῦ
537 1759 784 1814 διαὸόλου
836 1760 1198 1832 διωκομένους
1228 1761 1391 1828 σώζει
1420 1763 1738 1835 παραδόξως

1839 562 2066 618 ostendi.
2103 562 2244 618 Olim
2278 564 2552 635 siquidem
2588 572 2643 621 et
2682 580 2784 638 ego
2819 575 2872 622 te
2896 583 2961 621 ex
2994 566 3233 639 Egypto
3251 570 3416 624 eduxi

1838 672 1934 728 per
1958 672 2130 721 mare,
2152 658 2206 710 in
2231 659 2375 727 quod
2402 657 2712 714 Pharaonis
2727 662 3035 716 exercitum
3060 663 3132 716 ita
3155 661 3416 729 demersi,

1840 759 1901 803 ut
1933 750 1988 804 in
2014 749 2285 820 profundo
2310 753 2546 821 sepultus
2587 753 2715 808 inde
2743 762 2935 823 postea
2972 771 3075 809 non
3096 754 3415 811 surrexerit.

1840 840 1960 907 Quo
1988 838 2192 896 factum
2226 852 2333 905 est,
2367 852 2425 896 ιιι
2459 842 2687 898 ﬂammae
2714 860 2821 899 non
2854 847 3137 903 absimiles
3154 848 3417 901 exstincto

1841 930 1952 988 lino
1976 944 2407 1002 comparentur;
2440 936 2586 1004 quod
2608 946 2666 989 ιιι
2689 936 2849 992 facile
2883 938 3201 992 incendium
3234 939 3422 994 conci-

1842 1026 1948 1095 pit,
1975 1027 2047 1080 ita
2084 1026 2237 1080 nullo
2271 1028 2491 1094 negotio
2520 1027 2755 1084 fortasse
2780 1029 2925 1084 nuda
2957 1038 3170 1086 tantum
3195 1034 3422 1103 solaque

1841 1131 2004 1171 manu
2034 1118 2400 1188 restinguitur.
2419 1118 2683 1181 Ateduzi,
2704 1120 2900 1190 inquit,
2923 1136 3031 1175 non
3060 1122 3201 1176 mari
3219 1124 3421 1188 solum;

1843 1210 1939 1265 sed
1971 1227 2067 1280 per
2112 1227 2264 1281 aqua:
2300 1213 2546 1265 semitam
2578 1216 2766 1278 etiam,
2810 1213 2863 1268 id
2898 1223 3005 1279 cst,
3046 1230 3143 1284 per
3162 1214 3424 1271 Jordanis

1841 1304 2105 1368 ﬂuvium;
2144 1304 2289 1373 quod
2334 1304 2642 1359 admiratus
2680 1303 2853 1358 David
2894 1306 3041 1360 hunc
3089 1306 3145 1359 in
3203 1305 3423 1360 modum

1843 1400 2045 1455 cecinit
2078 1419 2093 1456 :
2124 1419 2143 1452 ι
2165 1399 2305 1466 Quid
2341 1408 2426 1456 est
2454 1402 2572 1466 tibi,
2605 1416 2776 1466 mare,
2810 1400 2957 1472 quod
2991 1402 3217 1472 fugisti;
3251 1412 3306 1459 et
3340 1413 3423 1469 tu,

1841 1488 2119 1553 Jordanis,
2140 1491 2268 1559 quia
2297 1505 2602 1547 conversus
2628 1507 2690 1547 es
2714 1501 3018 1548 retrorsum
3055 1492 3135 1546 “‘i
3167 1511 3186 1545 ι
3218 1493 3284 1547 Ει
3304 1510 3429 1549 rur-

1843 1591 1963 1635 Sum
1995 1595 2009 1631 :
2047 1597 2067 1629 ι
2109 1576 2213 1643 Qui
2255 1581 2530 1634 convertit
2571 1595 2722 1635 mare
2764 1581 2819 1635 in
2868 1581 3115 1649 siccum;
3150 1582 3205 1637 in
3258 1582 3425 1639 ﬂuvio

1845 1674 2263 1743 pertransibunt
2312 1674 2447 1745 pede
2476 1678 2543 1730 ⁸⁸.
2581 1695 2600 1728 ι
2640 1675 2762 1743 Quo
2802 1678 2967 1733 modo
3018 1688 3201 1733 autem
3244 1678 3429 1733 eduxit

1846 1784 2057 1829 currus,
2092 1777 2143 1823 et
2165 1785 2352 1839 equum
2372 1771 2397 1823 ?
2430 1770 2721 1826 Enimvero
2745 1778 2957 1825 certum
2983 1779 3069 1826 est
3089 1769 3429 1825 Pharaonem

168 1852 285 1916 Θεὸς
310 1852 588 1924 ,βάσιμον
623 1853 808 1918 αὐτοῖς
840 1854 1159 1922 ἀποφαίνων
1188 1855 1283 1908 τοῦ
1319 1856 1587 1927 παρόντος
1618 1857 1736 1928 βίου

1859 1876 1939 1914 sua
1983 1870 2198 1917 tantum
2237 1862 2516 1931 voluntate
2562 1861 2818 1919 lsraelem
2873 1872 3226 1935 persecutum
3268 1878 3430 1926 esse,

167 1946 246 1999 τὸν
276 1946 546 2010 κλύδωνα,
566 1950 680 2010 τοῖς
700 1947 896 2001 τούτου
928 1950 1335 2019 περισπασμοϊς
1355 1949 1417 2002 ού
1442 1949 1743 2020 συγχωρῶν

166 2038 619 2106 κατακλύζεσθαι,
648 2039 812 2093 οἱονεὶ
839 2040 1259 2111 καταξηραίνων
1279 2042 1407 2104 τοὺς
1428 2042 1747 2096 ἐπιπίπτον-

165 2150 250 2196 τας
273 2132 640 2203 πειρασμοὺς,
658 2132 727 2185 ἶν’
745 2132 1024 2203 ἰσχύσειαν
1047 2134 1118 2187 ἐν
1134 2133 1212 2202 τῇ
1241 2134 1527 2202 γεγονότες
1550 2133 1747 2204 ἐρήμῳ

163 2223 244 2275 νοῦ
273 2224 614 2277 καταστάσει
662 2223 888 2295 σχολαία
930 2224 1029 2278 καὶ
1060 2224 1280 2295 καθαρᾷ
1307 2224 1396 2278 τὸν
1430 2225 1489 2290 ἐξ
1512 2226 1744 2297 ούρανοῦ

162 2316 253 2385 μὲν
280 2314 449 2386 ἄρτον
477 2318 690 2385 φαγεῖν,
721 2316 784 2370 τὸ
805 2316 861 2369 δέ
891 2317 956 2369 ἐκ
981 2315 1185 2387 πέτρας
1214 2317 1374 2386 ὕδωρ
1402 2319 1548 2372 πιεῖν
1569 2334 1582 2348 ⁸
1605 2319 1742 2390 ὅπερ

158 2411 298 2462 ἐστὶν
332 2408 395 2461 ἐν
431 2407 646 2479 μεθέξει
678 2408 933 2477 γενέσθαι
959 2407 1198 2481 Χριστοῦ
1221 2451 1237 2475 ,
1265 2408 1493 2463 διελθεῖν
1547 2428 1608 2465 τε
1650 2409 1744 2464 τὸν

169 2502 440 2573 Ἰορδάνην
468 2503 563 2555 καί¹
595 2501 700 2572 γῆς
727 2484 828 2571 τιῆς
857 2501 1279 2573 ἐπηγγελμένης
1310 2504 1517 2573 τυχεῖν.

1842 1968 1967 2006 οιιηι
2003 1968 2035 2007 a
2074 1951 2186 2009 Deo
2222 1955 2344 2026 ipse
2377 1957 2434 2011 in
2477 1956 2623 2011 hunc
2662 1958 2889 2012 modum
2910 1958 3199 2014 'audiverit
3243 1977 3257 2014 :
3308 1978 3328 2011 ι
3370 1958 3431 2013 ln

1843 2045 1947 2101 hoc
1969 2048 2206 2103 excitavi
2242 2055 2317 2113 te,
2347 2057 2409 2103 ut
2438 2049 2818 2106 demonstrem
2859 2050 3020 2123 591
3066 2051 3120 2105 in
3154 2059 3208 2105 te
3234 2060 3434 2120 poten-

1843 2136 1975 2191 tiam
2017 2154 2233 2204 meam;
2276 2149 2330 2196 et
2380 2151 2440 2196 ut
2492 2142 2855 2197 annuntietur
2896 2157 3100 2197 nomen
3141 2157 3323 2196 meum
3378 2141 3434 2195 in

1843 2229 2110 2285 universa
2141 2240 2287 2286 terra
2316 2232 2385 2285 ’³.
2423 2250 2442 2284 ι
2481 2230 2573 2286 Sic
2599 2246 2730 2287 vero
2762 2242 2816 2288 et
2851 2247 2949 2287 eos
2988 2233 3178 2297 etiam,
3205 2232 3297 2301 qui
3345 2246 3436 2287 re-

1849 2335 1975 2375 rum
2004 2322 2371 2378 humanarum
2391 2339 2559 2379 curas
2581 2324 2820 2397 fugiunt,
2839 2324 2929 2379 vel
2958 2325 3080 2392 ipso
3110 2325 3439 2394 insequente

1853 2411 2117 2478 diabolo,
2170 2414 2573 2470 admirabiliter
2642 2411 2897 2471 liberabit
2947 2414 3125 2482 Deus;
3181 2416 3262 2471 sic
3310 2416 3438 2470 item

1856 2504 2021 2574 hujus
2039 2504 2164 2559 vita:
2190 2505 2312 2567 iter,
2335 2516 2594 2576 tanquam
2623 2507 2791 2561 maris
2804 2508 3052 2573 aestuosi,
3078 2521 3144 2561 ne
3174 2506 3439 2561 ﬂuctibus

158 2597 270 2665 ejus
290 2597 731 2659 absorbeantur,
752 2594 1046 2651 desiccatis
1072 2609 1195 2664 qua:
1219 2601 1521 2650 occurrunt
1539 2594 1956 2662 tentationibus,
1990 2597 2235 2666 pervium
2261 2596 2462 2663 faciet,
2500 2605 2561 2652 ut
2622 2598 2679 2651 in
2734 2607 2876 2653 terra
2933 2599 3163 2665 deserta»,
3253 2600 3442 2669 quieto

158 2702 208 2749 et
231 2709 374 2763 puro
403 2692 603 2747 mentis
632 2699 779 2745 statu
806 2705 999 2760 panem
1026 2688 1095 2744 de
1121 2689 1263 2745 caelo
1294 2689 1479 2755 edere,
1511 2705 1804 2761 aquamque
1834 2688 1904 2746 de
1961 2699 2115 2759 petra
2142 2692 2362 2760 bibere;
2390 2692 2443 2747 id
2506 2702 2613 2758 est,
2667 2690 2873 2749 Christi
2940 2692 3234 2764 participes
3297 2691 3439 2758 ﬁeri,

158 2790 207 2841 et
235 2785 486 2841 Jordane
522 2783 755 2853 traiecto
792 2782 1066 2852 promissa
1103 2793 1249 2836 terra
1286 2782 1449 2852 potiri
1487 2783 1724 2841 valeant.

234 2878 383 2932 ‘AD'
415 2876 512 2931 ἐπὶ
555 2875 655 2947 τὴν
704 2873 946 2946 ἱστορίαν
978 2873 1533 2945 παλινδρομήσωμεν.
1565 2873 1755 2928 Ταῦτα

166 2969 255 3040 μὲν
273 2963 396 3031 ὦν,
417 2965 574 3036 φησὶ,
596 2965 765 3020 πάλαι
783 2965 1084 3036 πεποίηκα.
1102 2964 1237 3017 Νυνὶ
1257 2963 1313 3017 δέ
1337 2965 1405 3017 τά
1422 2965 1479 3016 ἐν
1499 2963 1759 3034 Αἰγύπτῳ

170 3057 248 3110 καὶ
274 3053 599 3110 Βαϐυλῶνι
718 3055 827 3108 τῶν
859 3055 1127 3109 ἐπιόντων
1156 3054 1431 3126 ὑπερϐολῇ
1466 3054 1763 3126 σιγηθήσε-

172 3167 265 3204 ται.
282 3149 438 3204 Ἀντὶ
456 3148 515 3202 δὲ
528 3147 623 3201 τοῦ
646 3147 1096 3218 συλλογίζεσθε,
1120 3149 1191 3201 Σύ
1200 3165 1415 3219 μμαχος
1433 3148 1760 3213 ἐννοεῖσθε,

1929 2868 2036 2923 Sed
2070 2871 2134 2920 ad
2178 2866 2465 2922 historiam
2508 2879 2866 2922 revertamur.
2903 2866 3026 2923 Haec
3076 2870 3297 2938 quidem
3340 2873 3440 2938 ait,

1858 2962 1987 3019 olim
2022 2976 2051 3015 a
2080 2976 2168 3015 me
2198 2959 2391 3014 uirecta
2426 2970 2577 3014 sunt.
2622 2958 2842 3026 Verum,
2880 2960 2925 3015 si
2957 2976 3079 3029 qua:
3134 2963 3185 3015 in
3210 2961 3448 3032 Aigypto

1859 3065 1914 3109 et
1952 3053 2230 3123 Babylone
2261 3054 2495 3123 patrari,
2528 3067 2654 3105 cum
2701 3052 2790 3117 iis,
2832 3068 2955 3123 quae
2990 3063 3298 3123 sequuntur
3321 3072 3448 3109 eun-

1865 3149 2150 3211 ferantur,
2192 3148 2441 3215 priorum
2490 3145 2813 3199 memoriam
2846 3134 3183 3201 oblitterabit
3211 3148 3448 3201 istorum

169 3240 311 3308 φησί.
344 3238 486 3291 Τίνα
517 3238 573 3291 δὲ
604 3236 673 3292 τὰ
698 3226 894 3301 καινὰ,
926 3238 962 3293 ἃ
994 3240 1137 3292 κατὰ
1165 3238 1256 3292 τὸν
1290 3239 1481 3311 καιρὸν
1508 3238 1597 3291 τὸν
1627 3238 1753 3291 ἴδιον

1869 3237 2215 3307 magnitudo.
2256 3239 2325 3291 At
2365 3237 2511 3307 quod
2542 3237 2631 3291 hic
2673 3236 2907 3306 colligite
2950 3239 3238 3302 habemus,
3275 3238 3452 3293 comi-

168 3335 509 3404 γνώσεσθε
556 3333 660 3386 Ἔν
686 3329 761 3400 τῇ
791 3330 989 3400 ἐρήμῳ
1020 3330 1257 3399 ποιήσω
1290 3330 1535 3384 ὀδόν.Ὶι
1565 3330 1673 3400 γὰρ
1698 3329 1753 3396 ἐξ

1861 3333 2042 3388 derata
2068 3331 2210 3386 dixit
2254 3330 2644 3402 Symmachus.
2678 3329 2783 3382 Sed
2823 3345 2948 3399 qua!
2993 3346 3128 3385 noua
3162 3333 3253 3385 illa
3298 3340 3448 3395 sunt,

170 3425 335 3477 ἐθνῶν
379 3421 680 3493 Ἐκκλησία
704 3420 971 3491 πρότερον
1009 3420 1234 3489 ἔρημος
1267 3416 1404 3474 οὖσα
1429 3420 1578 3474 Θεοῦ
1608 3418 1758 3488 γνώ-

170 3535 319 3584 σεως
372 3514 618 3588 (ταύτης
651 3514 762 3584 γάρ
809 3514 858 3566 οἱ
905 3512 1234 3576 διδάσκαλοι,
1272 3513 1573 3583 φάσκοντες
1617 3508 1757 3566 εἶναι

174 3611 344 3681 σοφοὶ,
373 3608 805 3680 ἐμωράνθησαν)
839 3606 994 3677 ἔσχεν
1026 3606 1170 3660 ὀδόν
1198 3607 1289 3660 τὸν
1313 3604 1547 3677 Χριστὸν
1573 3604 1761 3657 εἰπόν-

174 3721 263 3757 τα·
300 3723 321 3757 ι
360 3702 504 3773 Ἑγὼ
532 3703 649 3773 εἰμι
676 3704 709 3772 ἡ
730 3702 867 3765 ὁδόςο
890 3720 907 3752 ι
945 3700 975 3769 ἢ
1008 3700 1102 3752 καὶ
1129 3698 1193 3752 τὸ
1219 3699 1483 3770 κήρυγμα
1504 3698 1565 3751 τὸ
1595 3697 1760 3765 εὐαγ-

177 3796 387 3863 τελικὸν
418 3797 515 3850 καὶ
541 3796 829 3866 σωτήριον.
868 3792 979 3864 Τὴν
1009 3792 1069 3845 δὲ
1113 3793 1242 3863 πρὶν
1289 3791 1470 3845 αὐτῶν
1520 3789 1760 3860 ἐρημίαν

181 3889 441 3961 ἐδήλωσεν
471 3888 499 3940 ό
528 3886 692 3940 Δαόὶδ
724 3884 922 3953 λέγων·
966 3902 984 3935 ι
1018 3884 1134 3937 Ούκ
1172 3882 1289 3936 ἐστι
1328 3882 1498 3936 ποιῶν
1523 3880 1759 3953 χρηστό-

180 3999 331 4050 τητα,
350 3982 456 4034 οὐκ
484 3980 631 4033 ἔστιν
658 3977 763 4042 ἕως
789 3976 927 4041 ἐνός.
959 3976 1202 4045 »Ὥσπερ
1229 3975 1287 4027 δὲ
1307 3975 1421 4030 άνω
1442 3977 1507 4028 ἐκ
1528 3974 1762 4045 μερικῆς

179 4074 532 4145 λυτρὼσεως
563 4072 656 4125 ἐπὶ
682 4070 783 4135 τὴν
816 4069 1043 4123 καθόλου
1078 4066 1332 4139 μετῆλθε,
1363 4067 1463 4135 τὴν
1492 4064 1762 4128 ἀνάδειξιν

182 4166 344 4220 εἰπὼν
396 4163 496 4219 τοῦ
550 4162 813 4234 βασιλέως
846 4158 1109 4231 Χριστοῦ,
1138 4157 1281 4211 οὕτω
1329 4156 1427 4210 καὶ
1472 4154 1567 4209 νῦν
1617 4154 1762 4209 ὀδοῦ

184 4256 442 4327 μνησθεὶς
469 4254 579 4322 τγτς
608 4255 679 4308 ἐν
710 4253 901 4318 ὕδατι,
938 4253 1032 4305 ἐπὶ
1078 4250 1140 4304 τδ
1167 4247 1408 4321 Χριστοῦ
1461 4249 1762 4318 μυστήριον

184 4347 468 4417 μετῆλθεν.
500 4346 589 4398 Διὸ
627 4343 768 4416 λήθῃ
799 4342 867 4395 τὰ
906 4341 1100 4414 πρῶτα
1130 4339 1468 4410 παραδοῦναί
1502 4356 1635 4409 φησι
1667 4337 1762 4391 τοῦ

183 4438 522 4509 βραχυτέρου
568 4435 980 4505 καλυπτομένου
1026 4434 1104 4506 τῷ
1162 4431 1389 4505 μείζονι,
1419 4433 1601 4487 ὁποῖόν
1647 4434 1764 4484 ἐστι

181 4531 271 4584 καί
296 4530 388 4582 τό·
426 4547 446 4580 ι
468 4528 566 4581 Ἐκ
607 4527 807 4597 μέρους
846 4523 1332 4595 γινώσκομεν.”οτ⁶
1362 4523 1428 4577 ἂν
1457 4523 1513 4576 δέ
1546 4522 1676 4594 ἔλθῃ
1703 4523 1764 4575 τὸ

1861 3438 1980 3492 quae
2023 3438 2124 3477 suo
2160 3429 2402 3489 tempore
2454 3420 2721 3489 cognituri
2760 3420 2935 3473 estis?
2971 3417 3034 3473 In
3069 3420 3275 3475 deserto
3312 3423 3450 3475 viam

1861 3512 2081 3581 faciant.
2116 3508 2236 3580 Ipsa
2267 3508 2537 3578 siquidem
2572 3509 2813 3577 gentium
2852 3507 3094 3563 Ecclesia
3133 3509 3228 3563 Dei
3266 3512 3453 3579 cogni-

1863 3608 2004 3661 tione
2036 3616 2195 3658 antea
2229 3602 2511 3663 destituta,
2551 3609 2604 3653 et
2624 3599 2835 3653 deserta
2860 3602 3050 3671 (hujus
3075 3604 3222 3657 enim
3255 3603 3455 3658 docto.

1861 3714 1973 3762 res,
2020 3713 2145 3752 cum
2199 3712 2259 3751 se
2293 3697 2574 3765 sapientes
2623 3709 2747 3750 esse
2801 3696 3072 3758 dicerent,
3112 3697 3269 3750 stulti
3326 3696 3452 3751 facti

1863 3799 1995 3847 sunt
2025 3791 2093 3861 “)
2130 3788 2412 3845 Christum
2455 3792 2658 3857 ipsum,
2706 3788 2801 3856 qui
2845 3803 2904 3841 se
2940 3789 3081 3841 ciam
3119 3801 3243 3841 esse
3285 3795 3458 3841 testa-

1863 3890 1952 3937 tur
1981 3882 2046 3948 “,
2080 3880 2556 3951 evangelicamque
2586 3890 2638 3932 et
2666 3881 2967 3933 salutarem
2999 3878 3454 3947 praedicationem

1863 3974 2085 4029 habuit:
2119 3987 2354 4043 quorum
2388 3970 2786 4040 praecedentem
2812 3970 3165 4024 solitudinem
3216 3970 3456 4038 explica-

1863 4069 1939 4121 vit
1976 4064 2169 4125 David.
2211 4079 2336 4118 cum
2378 4064 2488 4116 ait:
2528 4081 2548 4113 ι
2586 4060 2706 4116 Non
2750 4070 2835 4117 est
2881 4063 2975 4131 qui
3019 4061 3184 4114 faciat
3220 4061 3449 4124 bonum,

1863 4176 1972 4214 non
2011 4166 2097 4213 est
2138 4171 2309 4226 usque
2343 4156 2412 4210 ad
2464 4170 2632 4207 unum
2666 4154 2733 4206 ⁵⁸.
2782 4172 2800 4204 ι
2836 4152 3106 4206 Caeterum
3142 4166 3253 4204 non
3289 4151 3451 4203 aliter

1844 4238 2027 4322 quam
2060 4250 2319 4319 superius
2342 4263 2371 4301 a
2399 4246 2666 4315 singulari
2700 4242 3082 4310 redemptione,
3123 4240 3186 4294 ad
3213 4255 3459 4294 commu-

1866 4360 1988 4397 nem
2031 4350 2087 4395 et
2125 4341 2440 4394 universam
2471 4336 2715 4398 transiit,
2767 4350 2895 4388 cum
2949 4333 3016 4387 de
3057 4331 3266 4386 Christi
3312 4330 3459 4400 regis

1867 4436 2102 4489 adventu
2139 4429 2438 4495 disseruit,
2470 4429 2543 4481 ita
2584 4435 2638 4482 et
2673 4442 2847 4490 nunc,
2875 4436 3163 4495 postquam
3195 4425 3313 4488 vice,
3338 4439 3461 4492 quae

1866 4530 1922 4582 in
1974 4542 2113 4598 aqua
2158 4533 2265 4586 est,
2320 4523 2700 4584 meminisset,
2760 4518 2830 4574 ad
2871 4519 3077 4574 Christi
3135 4518 3459 4588 mysterium

179 4623 406 4688 τέλειον,
428 4617 489 4673 τὸ
522 4620 586 4673 ἐκ
615 4620 816 4692 μέρους
841 4617 1346 4690 καταργηθήσεται.
1382 4635 1400 4668 ι
1435 4616 1634 4669 Λοιπδν
1658 4619 1753 4678 τοῖς

1874 4618 2179 4671 orationem
2220 4612 2525 4667 transtulit.
2572 4612 2755 4681 Atque
2786 4612 2913 4665 hinc
2955 4621 3043 4665 est
3100 4608 3247 4679 quod
3281 4607 3461 4661 mino-

179 4717 352 4769 πάλαι
386 4714 648 4786 μεγάλοις
679 4712 1026 4778 ἀντεξετάζει
1055 4711 1124 4765 τὰ
1152 4710 1333 4780 πολλῷ
1361 4708 1471 4762 τῶν
1487 4708 1668 4779 μέσων
1697 4726 1776 4761 νι-

181 4808 387 4862 κῶντα.
402 4806 492 4869 Ὠς
508 4806 618 4877 γὰρ
633 4805 865 4876 ἐποίησα
878 4805 1063 4876 φησὶν,
1084 4804 1170 4856 ἐπ’
1210 4799 1479 4873 Ἐρυθρᾶς
1506 4800 1780 4872 θαλάττης

183 4900 351 4963 ὁδὸν,
393 4898 570 4962 οὕτως
596 4899 668 4952 ἐν
691 4896 765 4967 τῇ
790 4898 988 4966 ἐρήμῳ
1011 4898 1348 4966 ποιήσαιμι,
1372 4896 1467 4949 κα)⁴
1491 4896 1779 4967 ῥεύσουσιν

184 4996 242 5049 ἐν
274 4994 415 5063 αὐτῇ
446 4991 722 5062 ποταμοὶ,
760 4992 1013 5063 καθάπερ
1042 4993 1133 5045 ἐπὶ
1162 4991 1405 5054 Μωσέως
1425 5030 1440 5055 ,
1492 4990 1551 5042 ἐν
1597 4988 1781 5060 ἐκείνῃ

184 5088 251 5156 τῇ
306 5086 595 5155 πρότερον.
615 5082 754 5136 Ἀλλ’
791 5085 909 5137 ἐκεῖ
964 5083 1061 5153 μέν
1117 5080 1372 5145 ὑδάτων,
1410 5085 1465 5134 ἐν
1500 5080 1557 5134 δὲ
1605 5079 1779 5152 ταύτῃ

186 5177 541 5240 διδασκαλίας
589 5174 686 5229 τοῦ
734 5176 1075 5245 Πνεύματος.
1119 5175 1182 5227 Οἱ
1234 5174 1342 5243 γάρ
1396 5172 1601 5241 ταύτην
1650 5188 1782 5242 προ-

189 5270 407 5339 χέοντες
458 5268 852 5336 εύαγγελισταὶ
908 5267 1002 5321 καὶ
1050 5266 1359 5331 ἀπόστολοι,
1411 5265 1539 5321 ὅσοι
1562 5281 1619 5317 τε
1650 5262 1782 5317 κατ’

202 5359 536 5430 Ἐκκλησίαν
562 5358 923 5429 μυσταγωγοὶ
952 5356 1202 5426 ποταμοὶ
1224 5354 1651 5427 χρηματίζουσι.
1675 5352 1785 5405 Καὶ

1877 4711 2029 4766 ribus
2057 4724 2153 4779 per
2178 4707 2386 4776 majora
2404 4705 2721 4770 occultatis,
2746 4705 2929 4773 priora
2963 4701 3229 4757 oblivioni
3260 4700 3464 4755 tradi-ta

1874 4820 1997 4861 esse
2028 4803 2201 4864 dixit,
2226 4801 2390 4872 quale
2417 4807 2503 4855 est
2554 4806 2610 4853 et
2657 4798 2828 4852 illud:
2866 4816 2884 4848 ι
2928 4795 3004 4849 Ex
3039 4806 3192 4863 parte
3257 4809 3465 4864 cogno-

1877 4897 2103 4953 scimus.
2141 4894 2278 4949 Cum
2299 4902 2482 4947 autem
2533 4891 2747 4946 venerit
2781 4888 2927 4959 quod
2994 4885 3301 4957 perfectum
3359 4894 3444 4940 est

1878 4989 2025 5060 quod
2077 5005 2143 5045 ex
2179 4996 2331 5058 parte
2378 4996 2465 5042 est
2492 4984 2854 5042 evacuabitur
2879 4982 2923 5015 ’⁵⁷
2959 5001 3005 5038 ,ι
3061 4982 3135 5035 lis
3178 4980 3465 5048 deinceps,

1878 5100 2001 5155 quae
2031 5096 2227 5152 magna
2261 5079 2541 5150 quondam
2572 5077 2821 5142 fuerunt,
2858 5076 2966 5129 alia
3000 5074 3250 5143 opponit,
3284 5086 3314 5124 a
3347 5070 3471 5138 qui-

1880 5179 1984 5233 bus
2031 5175 2194 5245 longe
2242 5175 2361 5244 ipsa
2401 5181 2759 5242 superantur.
2795 5167 2865 5224 Ut
2893 5168 3039 5223 enim
3073 5166 3228 5229 mihi,
3282 5166 3379 5225 ait,
3413 5162 3469 5215 in

1881 5268 2020 5322 mari
2049 5266 2240 5321 Rubro
2270 5266 2411 5319 viam
2441 5264 2666 5334 aperui,
2700 5263 2781 5318 sic
2811 5267 2866 5316 et
2896 5261 2948 5314 in
2973 5260 3182 5313 deserto
3216 5256 3466 5323 [acturus

1882 5376 2034 5423 sum.
2055 5366 2107 5413 et
2134 5358 2436 5411 manabunt
2474 5372 2538 5410 ex
2564 5370 2630 5410 ea
2675 5354 2848 5424 ﬂuvii,
2882 5369 2992 5407 non
3028 5349 3190 5402 aliter
3221 5362 3388 5416 quam
3414 5346 3471 5400 in

191 5452 337 5507 κατὰ
364 5453 454 5506 τὸν
468 5451 636 5505 Δαὸὶδ
664 5450 945 5522 εἰρηκότα,
970 5468 988 5501 ι
1018 5450 1258 5522 Ἑπῆραν
1271 5451 1320 5503 οἱ
1340 5448 1576 5519 ποταμοὶ⁹
1602 5447 1752 5517 φωνὰ

1886 5453 2070 5521 priore
2121 5449 2236 5512 illo,
2291 5448 2432 5502 duce
2459 5446 2630 5509 Mose,
2685 5444 2887 5499 factum
2921 5441 3175 5495 audistis.
3213 5438 3316 5492 Sed
3348 5454 3471 5506 quzc

191 5547 393 5602 αὐτῶν.
410 5567 429 5599 ι
463 5548 619 5600 Ἐπεὶ
640 5546 785 5600 καθά
805 5563 968 5615 φησιν
980 5545 1139 5609 αὐτὸς
1158 5544 1343 5610 πάλιν,
1369 5545 1464 5607 Εἰς
1487 5544 1668 5596 πᾶσαν
1684 5540 1784 5612 τὴν

192 5642 302 5711 γῆν
332 5638 556 5710 ἐξῆλθεν
580 5640 608 5691 ὁ
629 5636 865 5706 φθόγγος
891 5638 1093 5691 αὐτῶν.

1894 5542 1967 5596 ibi
2017 5555 2279 5610 aquarum
2333 5538 2558 5593 ﬂumina
2589 5536 2828 5601 fuerant,
2870 5534 2961 5588 hic
2997 5539 3161 5587 erunt
3202 5531 3470 5585 doctrinae

1894 5631 2132 5702 Spiritus
2182 5628 2347 5701 492
2382 5628 2579 5685 sancti.
2618 5624 2761 5680 Sunt
2801 5624 2970 5691 enim,
3012 5638 3042 5677 a
3082 5620 3284 5691 quibus
3322 5635 3473 5674 ema-

257 5816 303 5848 ⁸³
332 5815 477 5871 Psal.
508 5813 725 5873 cxm.5.
767 5813 807 5844 "
832 5811 1174 5877 l’sal.tx\,6.
1208 5813 1249 5843 ³³
1279 5809 1447 5867 Exod.
1474 5811 1641 5874 tx,l6.
1670 5812 1711 5840 “
1737 5808 2070 5871 “0111.1,22.
2100 5804 2313 5862 "Joan.
2336 5819 2446 5869 xw,
2564 5803 2606 5835 “
2639 5801 2975 5863 l‘snl.xm,5.
3013 5800 3053 5831 ‘7
3091 5801 3106 5855 ι
3139 5799 3257 5853 Cor.
3288 5794 3464 5855 “11.9.
