3978 6374
606 339 750 408 2395

1932 358 2284 422 PROCOPII
2320 356 2565 421 GAZ/EI

3683 378 3799 444 2396

612 462 765 522 naut,
818 458 1171 531 evangelista
1195 470 1250 517 et
1281 463 1543 535 apostoli,
1576 468 1874 541 caeterique
1910 486 2106 526 omnes
2138 471 2191 524 in
2255 468 2501 527 Ecclesia
2548 487 2877 527 arcanorum
2937 473 3286 547 interpretes,
3316 479 3582 549 ﬂuviorum
3612 493 3800 553 nomine

610 548 833 603 Davidis
856 552 1020 605 etiam
1046 567 1233 608 vocem
1258 554 1549 625 extulisse,
1582 557 1673 613 ubi
1704 558 1854 626 item,
1878 560 1934 616 in
1960 575 2180 617 omnem
2207 568 2411 616 terram
2462 564 2700 619 exivisse
2755 580 2951 619 sonum
3019 582 3209 621 eorum
3268 570 3461 626 asserit
3498 572 3561 629 ⁸⁸.

682 643 804 697 Ideo
832 657 960 698 aves
988 653 1247 713 praeterea
1281 648 1550 717 quasdam
1573 649 1920 721 dulciloquas
1934 651 2181 725 (Sirenas

2357 647 2513 717 Εἶτα,
2553 654 2642 707 διά
2677 671 2839 709 τινων
2887 657 3089 728 όρνεων
3124 656 3435 726 ήδυφὼνων,
3498 660 3531 714 ἀ
3556 664 3805 738 Σειρῆνας

606 734 886 804 appellat),
912 745 1152 791 externas
1188 736 1458 794 doctrinas
1507 741 1852 811 professores
1907 747 2167 801 sermonis

2281 744 2507 801 ἐκάλεσε
2535 788 2550 812 ,
2608 750 2906 819 παρίστησι
2962 748 3074 802 τῶν
3114 749 3216 816 ἔξω
3244 751 3395 815 τινάς
3437 757 3620 822 σοφοὺς
3674 734 3804 834 ἐπείᾷ

605 822 862 878 [ισιιηιίία
900 834 955 879 et
991 825 1176 896 lepore
1233 830 1531 899 praeditos,
1584 834 1677 903 qui
1744 834 1911 890 Deum
1973 838 2179 919 ample-7

604 913 727 967 χιιι-ἱ
792 922 1021 979 essent,
1074 915 1357 973 indicavit.
1407 919 1513 976 Per
1577 924 1897 981 strict/tiones
1968 913 2173 993 autem,

603 1004 739 1065 sive,
804 1012 863 1058 ut
889 1006 984 1059 alii
1038 1009 1270 1073 malunt,
1350 1012 1817 1084 struthocamelos,
1893 1033 2009 1081 eos,
2079 1020 2174 1091 qui

600 1099 656 1149 in
723 1096 947 1152 desertis
979 1106 1034 1154 et
1084 1101 1476 1159 solitudinibus
1528 1104 1698 1163 Deum
1764 1109 2033 1167 laudaturi
2085 1129 2177 1170 es-

599 1197 756 1255 sent;
817 1190 981 1260 cujus
1037 1194 1116 1247 rei
1158 1209 1333 1250 causa
1393 1196 1732 1270 fuerit,quod
1766 1201 1949 1258 datam
1977 1222 2175 1269 aquam

600 1278 877 1337 biberint:
907 1284 1051 1339 unde
1074 1301 1199 1340 cum
1247 1288 1443 1345 bestiis
1490 1294 1605 1361 agri
1643 1293 1893 1364 deposita
1955 1297 2175 1354 feritate

599 1376 654 1430 iu
709 1376 1091 1434 humaniorem
1154 1389 1208 1436 et
1257 1382 1455 1438 rationi
1524 1387 1699 1455 magis
1750 1390 2168 1446 convenientem

598 1479 849 1524 naturam
891 1473 1236 1541 transibunt;
1304 1492 1551 1547 measque
1604 1480 1848 1545 virtutes,
1903 1483 2022 1537 sive
2061 1485 2174 1538 lau-

594 1562 710 1625 des,
784 1571 844 1619 ut
891 1563 1256 1637 Symmachus
1306 1569 1727 1641 interpretatur,
1787 1590 2015 1632 narrare
2080 1577 2170 1631 di-

594 1666 783 1721 scent,
849 1660 941 1729 qui
1002 1661 1169 1715 etiam
1231 1678 1395 1732 genus
1477 1664 1703 1720 electum
1771 1668 1942 1723 futuri
2004 1681 2169 1736 sunt,

594 1764 732 1817 quos
799 1750 855 1804 in
894 1750 1040 1807 liuuc
1076 1753 1297 1808 modum
1351 1756 1654 1828 alloquitur
1684 1759 1880 1816 Petrus
1922 1779 1936 1816 :
1979 1781 1998 1815 ι
2059 1762 2171 1820 Vos

2280 836 2728 905 κεκοσμημένους
2776 839 2911 908 πρὸς
2965 839 3097 891 Θεὸν
3144 842 3597 911 ἐπιστρέψονταςο
3649 847 3805 906 διὰδὲ

2277 925 2587 992 στρουθῶν
2609 968 2624 994 ,
2687 929 2853 999 ἧγουν
2920 932 3464 999 στρουθοκαμήλων
3526 939 3656 990 κατά
3703 941 3807 1006 τοὺς

2276 1012 2525 1084 λοιποὺς,
2550 1020 2676 1083 τοὺς
2730 1022 2788 1074 ὲν
2840 1020 3108 1090 ἐρημίαις
3169 1022 3265 1075 καὶ
3324 1022 3521 1095 χώραις
3568 1027 3805 1100 ἀοικήτοις

2275 1105 2369 1159 τὸν
2403 1107 2542 1160 Θεὸν
2585 1110 2977 1181 εὐλογήσοντας
3000 1127 3016 1143 ·
3044 1106 3215 1181 οὗπερ
3241 1112 3412 1165 αἴτιον
3438 1115 3497 1167 τὸ
3517 1116 3606 1168 τοῦ
3635 1117 3807 1174 δοθέν-

2275 1214 2379 1264 τος
2427 1199 2646 1267 ὕδατος
2693 1203 3051 1256 πεπωκέναι.
3098 1204 3175 1255 Δι’
3207 1197 3267 1256 οὗ
3303 1205 3399 1258 σὺν
3447 1206 3643 1279 Θηρίοις
3666 1212 3807 1285 ἀγροῦ

2276 1289 2413 1359 πρὸς
2464 1292 2626 1359 φύσιν
2658 1292 2882 1366 λογικὴν
2914 1294 3279 1363 μεταϐαλοῦσι
3326 1296 3422 1349 καὶ
3453 1299 3647 1371 ἥμερον
3670 1305 3708 1368 ι,
3733 1309 3808 1360 καὶ

2237 1414 2252 1440 ,
2280 1376 2390 1447 τὰς
2433 1380 2581 1451 ἐμὰς
2626 1383 2840 1452 ἀρετὰς
2893 1385 3197 1454 διηγεῖσθαι
3249 1387 3599 1459 μαθήσονται,
3648 1392 3679 1465 ἢ
3725 1399 3811 1451 τὸν

2276 1473 2470 1543 ὕμνον
2496 1476 2634 1529 κατά
2674 1476 2765 1529 τὸν
2809 1477 3125 1548 Σύμμαχον,
3160 1479 3211 1532 οἳ
3242 1481 3336 1534 καὶ
3360 1481 3638 1538 ἐκλεκτόν
3661 1488 3810 1561 ὑπάρα

2277 1564 2430 1632 ξουσι
2459 1567 2652 1636 γένος.
2688 1569 2831 1638 Πρὸς
2873 1569 2966 1634 οὒς
3011 1574 3040 1624 ό
3092 1572 3293 1643 Πέτρος
3320 1573 3499 1642 φησιν’
3533 1576 3739 1647 «Ὑμεῖς
3766 1582 3811 1636 δὲ

2276 1658 2431 1726 γένος
2456 1659 3008 1731 ὲκλεκτδν,βασίλειον
3033 1662 3353 1734 ἱεράτευμα,
3372 1666 3520 1729 ἔθνος
3545 1668 3813 1737 ἀγιον,λαδς

2276 1751 2355 1815 είς
2383 1753 2753 1822 περιποίησιν,
2781 1753 2867 1808 ἴνα
2894 1753 2995 1821 τὰς
3042 1757 3247 1826 ἀρετὰς
3290 1756 3630 1827 ἐξαγγείλητε
3654 1762 3736 1816 τοῦ
3762 1766 3813 1817 ἐκ

594 1849 797 1903 autem,
838 1855 1010 1911 genus
1057 1843 1314 1911 electum,
1359 1850 1545 1918 regale
1605 1854 2000 1918 sacerdotium,
2044 1872 2167 1927 gent

2281 1842 2504 1908 σκότους
2548 1845 2692 1914 ὑμᾶς
2741 1846 3069 1910 καλέσαντος
3115 1848 3209 1901 ἐπὶ
3240 1848 3301 1901 τὸ
3332 1848 3632 1921 θαυμαστὸν
3674 1854 3811 1908 αὑτοῦ

594 1941 807 1994 sancta,
836 1932 1075 2002 populus
1115 1936 1521 2007 acquisitionis,
1545 1950 1603 1995 ut
1639 1943 1875 2002 virtutes
1916 1946 2038 2017 ejus
2068 1964 2169 2003 an-

595 2021 888 2088 nuntietis,
921 2025 1014 2093 qui
1049 2040 1146 2080 vos
1171 2042 1201 2081 e
1233 2030 1475 2085 tenebris
1499 2037 1718 2089 vocavit
1755 2036 1809 2090 in
1850 2037 2170 2097 admirabile

594 2111 777 2166 lumen
809 2128 967 2169 suum
995 2132 1008 2168 :
1042 2116 1134 2187 qui
1159 2118 1455 2189 aliquando
1481 2139 1588 2179 non
1620 2128 1878 2197 populus,
1903 2147 2047 2185 nunc
2069 2147 2170 2186 au-

595 2211 700 2255 tem
730 2205 962 2275 populus
998 2206 1052 2262 iu
1093 2207 1324 2265 Domino
1353 2213 1420 2267 δ’.
1457 2232 1475 2265 s
1514 2212 1609 2271 His
1670 2217 1837 2288 igitur
1882 2221 1956 2273 ita
1993 2221 2171 2277 admi-

594 2292 840 2348 rabiliter
856 2297 1049 2365 gestis,
1080 2296 1181 2361 Tu,
1201 2316 1231 2352 ο
1251 2297 1442 2367 Iacob,
1473 2302 1733 2375 indignus
1764 2325 1880 2363 mea
1903 2312 2170 2367 vocatione

592 2381 804 2453 fueris;
843 2389 1267 2445 autsecunduni
1306 2390 1724 2464 Symmachum,
1761 2400 1887 2455 Non
1917 2419 1997 2457 mc
2023 2404 2170 2459 invo—

589 2481 748 2547 casti,
776 2479 945 2538 Iacob
969 2499 988 2548 ;
1014 2485 1069 2539 in
1098 2503 1209 2557 quo
1222 2489 1386 2544 etiam
1410 2502 1461 2546 et
1492 2494 1674 2549 caeteri
1704 2500 2056 2553 consentiunt
2087 2501 2170 2556 in-

589 2581 881 2643 terpretes.
917 2576 1053 2633 Cum
1075 2582 1221 2636 enim
1249 2584 1382 2638 mihi
1427 2584 1583 2642 Fara:
1604 2590 1751 2655 ipsae,
1787 2601 1835 2643 et
1866 2594 2087 2657 sirenes,
2119 2604 2169 2650 et

588 2665 913 2722 struthioncs
935 2668 1098 2723 etiam
1119 2670 1505 2741 benedicerent,
1538 2679 1758 2735 tacuisti
1784 2697 1965 2749 unus;
1989 2702 2171 2755 meque

587 2757 816 2811 omnino
841 2775 945 2814 non
979 2778 1095 2817 esse
1118 2763 1473 2821 invocantium
1506 2771 1795 2829 censuisti.
1835 2773 1938 2830 Sed
1970 2777 2169 2847 defati-

584 2858 741 2918 gatus
769 2865 825 2904 es
852 2867 980 2921 erga
1020 2870 1122 2916 me,
1159 2855 1336 2927 inquit
1381 2858 1778 2931 Symmachus:
1815 2868 1919 2932 vel,
1955 2878 2014 2923 ut
2051 2871 2165 2940 alii,

587 2943 641 2993 in
670 2957 751 2995 me
780 2940 1060 3010 laborasti,
1096 2949 1190 3017 qui
1227 2951 1323 3007 tibi
1357 2954 1638 3024 negotium
1665 2966 1847 3015 tamen
1880 2976 1995 3016 non
2014 2963 2171 3018 exhi-

585 3032 700 3087 bui.
734 3034 857 3122 Tibi
889 3040 1034 3093 enim
1057 3058 1400 3117 quaecunque
1427 3048 1660 3104 laborem
1685 3067 1878 3122 parere
1908 3055 2169 3113 videban—

584 3130 697 3190 tur,
728 3116 1036 3198 repudiavi.
1061 3135 1154 3203 qui
1208 3134 1322 3190 dixi
1357 3148 1554 3195 antea:
1594 3160 1612 3192 ι
1642 3116 1783 3208 Quid
1816 3145 1946 3199 milii
1976 3148 2165 3203 multi-

585 3217 719 3270 tudo
744 3220 1147 3279 sacrificiorum
1173 3239 1505 3294 vestroruni,
1538 3233 1616 3286 ait
1643 3232 1946 3293 Dominus?
1965 3240 2161 3309 plenus

582 3318 704 3359 sum
720 3305 787 3372 '°,
847 3325 867 3360 ι
903 3317 958 3363 et
985 3325 1108 3380 qua:
1135 3322 1347 3382 postea.
1378 3314 1534 3372 Novo
1565 3320 1764 3376 deinde
1783 3305 2157 3396 Testamento,

584 3394 722 3449 nihil
761 3396 1038 3465 ejusmodi
1095 3416 1125 3455 a
1165 3410 1217 3458 te
1251 3420 1351 3473 per
1386 3404 1612 3471 Filium,
1640 3425 1807 3479 quem
1834 3412 1994 3483 elegi,
2058 3394 2161 3486 po;-

581 3485 806 3543 stulavi.
832 3486 946 3543 lmo
974 3506 1042 3546 ne
1072 3500 1130 3547 ιιι
1178 3495 1310 3550 mihi
1356 3498 1577 3569 quidem
1606 3501 1900 3559 obtulisti:
1935 3506 2029 3561 sed
2052 3485 2162 3562 alia

582 3577 819 3632 aliorum
864 3579 986 3636 loco
1017 3581 1279 3641 faciebas.
1316 3586 1384 3642 In
1424 3594 1654 3658 peccatis
1711 3596 1851 3647 enim
1899 3597 2006 3651 tuis
2036 3608 2159 3653 ante

582 3683 663 3722 me
690 3670 931 3737 stetisti;
967 3682 1085 3735 aut,
1118 3679 1418 3733 secundum
1462 3682 1620 3751 alios,
1647 3686 1701 3737 in
1739 3684 1902 3756 493
1926 3690 2157 3756 peccatis

582 3762 687 3814 tuis
708 3762 968 3818 invocasti
1006 3783 1105 3821 me.
1139 3768 1374 3825 Adverte
1394 3782 1575 3828 autem
1597 3783 1651 3830 et
1679 3776 1732 3830 iu
1754 3779 2155 3847 superioribus,

579 3862 638 3905 ut
661 3852 870 3910 deserto
897 3857 1021 3928 ipsi,
1055 3869 1110 3914 et
1166 3862 1294 3931 [erit
1340 3865 1435 3934 qui
1493 3866 1548 3921 in
1600 3883 1668 3922 eo
1698 3878 1848 3934 sunt,
1885 3871 2154 3927 bonorum

578 3959 732 4013 spem
765 3948 1083 4015 annuntiet;
1113 3953 1376 4022 populum
1445 3971 1572 4010 vero
1598 3958 1988 4015 circumcisum
2027 3978 2157 4032 pro-

578 4044 703 4104 pter
733 4036 1070 4108 impietatem
1109 4052 1325 4113 arguat,
1354 4063 1515 4116 quem
1545 4048 1691 4103 nuda
1721 4058 1934 4107 tantum
1963 4052 2156 4110 Jacobi

576 4137 628 4181 et
659 4126 883 4185 Israelis
907 4134 1295 4202 appellatione,
1325 4152 1433 4193 non
1454 4141 1623 4205 servi,
1659 4150 1755 4196 aut
1782 4143 1963 4210 electi,
1989 4162 2152 4216 quam

2280 1934 2395 2004 φῶς
2419 1978 2434 2000 ,
2460 1938 2509 1990 oi
2536 1938 2665 1990 ποτὲ
2688 1938 2747 1991 οὐ
2777 1937 2904 2002 λαὸς
2921 1979 2939 2003 ,
2963 1938 3059 1993 νῦν
3091 1939 3148 1993 δὲ
3172 1940 3300 2004 λαὸς
3328 1942 3387 1994 ὲν
3416 1943 3619 2015 Κυρίῳ.
3650 1964 3665 1996 ι
3697 1947 3810 1999 Τού-

2268 2044 2378 2082 των
2399 2027 2455 2081 δὲ
2486 2028 2963 2099 παραδόξωςρῦτω
2988 2032 3395 2103 γεγενημένων,
3421 2034 3523 2099 Σὺ,
3542 2029 3586 2089 ὦ
3620 2034 3807 2101 Ἰακὼϐ,

2271 2122 2373 2175 οὐκ
2420 2121 2570 2188 ἄξιος
2600 2125 2805 2194 γενήσῃ
2850 2123 2953 2193 τῆς
3001 2125 3139 2195 tuis
3186 2126 3561 2193 κλήσεως.Ἦ
3590 2129 3716 2181 κατά
3737 2131 3807 2183 τὸν

2270 2211 2601 2283 Σύμμαχονο
2642 2215 2724 2268 Οὺ
2761 2213 2833 2266 δὲ
2871 2214 2977 2284 ἐμὲ
3000 2214 3327 2282 ἐκάλεσας,
3371 2216 3591 2272 Ἰακώϐ.
3638 2220 3732 2272 Καὶ
3767 2222 3806 2274 al

2269 2302 2448 2357 λοιποὶ
2473 2304 2532 2357 δὲ
2563 2306 2887 2379 συμφώνως.
2917 2307 3357 2376 Εὑλογούντων
3384 2308 3493 2379 γάρ
3515 2327 3580 2379 με
3603 2309 3710 2363 τῶν
3726 2314 3808 2379 θη.

2262 2397 2415 2467 ρίων
2446 2397 2545 2451 καί
2588 2397 2887 2466 σειρήνων
2916 2398 3016 2452 καί
3048 2397 3383 2467 στρουθῶν,
3416 2400 3516 2455 οὑκ
3552 2401 3812 2475 εὐλόγησας

2270 2489 2456 2554 αὐτὸς,
2488 2489 2631 2544 οὐδέ
2648 2506 2727 2559 με
2740 2490 2949 2545 καλεῖν
2965 2491 3103 2555 ὅλως
3129 2492 3397 2565 ἠξίωσας.
3414 2495 3744 2564 Ἔκοπιάθης
3764 2496 3813 2549 δὲ

2269 2584 2358 2648 είς
2384 2582 2493 2652 ἐμὲ
2518 2583 2661 2637 κατά
2692 2582 2989 2655 Σύμμαχον
3008 2602 3023 2616 ’
3073 2586 3107 2657 ἢ
3157 2587 3301 2640 κατὰ
3336 2587 3463 2653 τοὺς
3494 2588 3706 2654 ἀλλους,
3745 2588 3813 2642 ὅτι

2268 2675 2603 2743 ἐκοπίασας
2634 2676 2703 2730 ἐν
2728 2677 2880 2746 ἐμοὶ,
2912 2677 3090 2731 καίτοι
3119 2679 3314 2733 οὐδένα
3352 2696 3434 2733 σοι
3462 2679 3811 2752 προξενήσαντι

2269 2768 2635 2825 κόπον.”οσα
2658 2770 2766 2842 γάρ
2793 2786 2875 2823 σοι
2904 2771 3165 2843 παρέχειν
3187 2772 3470 2843 ἐνομίζετο
3490 2772 3667 2838 κόπον,
3692 2790 3811 2845 παρ-

2267 2858 2481 2931 ῄτημαι
2532 2862 2801 2933 πρότερον
2850 2861 3058 2916 εἰπών’
3097 2882 3117 2916 ι
3150 2863 3215 2917 Τί
3249 2872 3344 2935 μοι
3394 2864 3593 2935 πλῆθος
3642 2866 3812 2919 θυσιῶν

2270 2951 2446 3022 ὑμῶν,
2476 2952 2625 3022 λέγει
2651 2954 2880 3024 Κύριοςς
2927 2955 3149 3028 Πλήρης
3180 2958 3321 3028 εἰμὶ,
3354 2976 3373 3009 s
3409 2958 3500 3012 καὶ
3530 2958 3596 3011 τά
3625 2958 3703 3013 ἐπ’
3729 2959 3811 3012 αὒ-

2266 3049 2399 3111 τοῖς.
2424 3048 2542 3101 Κάν
2561 3050 2627 3119 τῇ
2656 3049 2829 3119 Καινῇ
2859 3048 2914 3101 δὲ
2940 3048 3184 3120 Διαθήκῃ
3210 3049 3451 3104 τοιοῦτον
3475 3050 3620 3104 οὐδὲν
3643 3050 3722 3104 διὰ
3735 3051 3813 3104 τοῦ

2269 3140 2478 3204 παιδὸς,
2526 3140 2586 3192 ὃν
2632 3139 2981 3212 ἐξελεξάμην,
3008 3141 3185 3213 ᾔτησα
3222 3140 3380 3213 παρά
3426 3141 3686 3196 «suam
3710 3140 3813 3195 οὔτε

2190 3214 2232 3272 c
2268 3231 2332 3284 σύ
2367 3248 2454 3302 μοι
2489 3232 3103 3304 προσήνεγκας.Ἕτερα
3148 3233 3207 3287 δὲ
3254 3234 3375 3288 ἀνθ’
3398 3234 3593 3306 ἑτέρων
3616 3235 3811 3298 ἐποίεις.

2279 3322 2384 3376 Ἔν
2432 3323 2542 3393 γὰρ
2593 3323 2722 3390 ταῖς
2771 3324 2909 3391 σαῖς
2955 3324 3269 3394 ἁμαρτίαις
3306 3322 3601 3394 προέστης
3620 3326 3810 3396 μου.ΊΙ

2265 3413 2408 3467 κατὰ
2436 3414 2565 3477 τοὺς
2588 3414 2829 3479 λοιποὺς,
2861 3416 2931 3469 ἐν
2952 3416 3258 3485 ἁμαρτίαις
3287 3432 3407 3472 σου
3434 3415 3718 3483 ἐκάλεσάς
3730 3433 3808 3486 με.

2266 3506 2409 3575 Ὅρα
2450 3506 2507 3558 δὲ
2541 3508 2642 3559 κάν
2677 3508 2789 3571 τοῖς
2822 3508 3233 3579 προκειμένοις,
3264 3508 3341 3572 ὡς
3391 3512 3457 3580 τῇ
3507 3508 3602 3579 μὲν
3645 3507 3810 3576 ἐρήμῳ

2264 3600 2358 3654 καὶ
2387 3602 2499 3663 τοῖς
2526 3599 2587 3651 ὲν
2614 3599 2752 3671 αὐτῇ
2784 3601 3006 3669 θηρίοις
3037 3601 3257 3669 ἀγαθῶν
3306 3600 3529 3664 ἐλπίδας
3558 3598 3808 3669 εὐαγγελί-

2264 3691 2437 3757 ζεται,
2472 3695 2563 3745 τδν
2592 3691 2649 3745 δὲ
2695 3692 2823 3746 λαὸν
2866 3693 2958 3746 τὸν
3003 3694 3067 3747 ἐκ
3112 3694 3421 3765 περιτομῆς
3457 3693 3542 3747 ἐπ’
3570 3694 3810 3753 ἀσεϐείαις

2263 3781 2495 3851 ὶλέγχει,
2542 3781 2600 3834 ὃν
2647 3783 2804 3835 καλεῖ
2854 3782 3040 3855 ξηροῖς
3083 3784 3345 3853 ὀνόμασιν
3380 3783 3588 3841 Ἰακώό
3625 3802 3681 3838 τε
3730 3782 3809 3837 καί

2274 3874 2541 3942 Ἰσραὴλ.
2571 3873 2694 3928 οὔτε
2723 3875 2911 3929 δοῦλον
2959 3875 3081 3929 οὗτε
3131 3876 3393 3932 ἐκλεκτὸν
3438 3877 3622 3931 τοῦτον
3646 3875 3811 3943 είπὼν,

2262 3966 2405 4035 ᾇπερ
2435 3966 2618 4035 ἔλεγεν
2650 3968 2743 4021 ἐπὶ
2778 3967 2873 4022 τοῦ
2921 3969 3231 4041 κρείττονος
3257 3969 3710 4041 τάγματος.’Δλλ⁹
3734 3969 3812 4023 οὒ-

2259 4054 2348 4109 δὲν
2374 4050 2535 4127 ἦττον
2556 4057 2753 4121 αὐτοὺς
2777 4058 3101 4131 ἐπιστρέψαι
3119 4062 3452 4133 παρακαλεῖ,
3472 4060 3813 4131 συγχωρήσειν

2259 4149 2443 4212 αὐτοῖς
2478 4148 2585 4216 τὰς
2611 4149 2899 4220 ἁμαρτίας
2924 4153 3419 4226 ἐπαγγελλόμενος.

576 4223 1019 4292 praestandorum
1064 4226 1248 4283 ordini
1296 4232 1585 4299 attribuit,
1636 4238 1989 4308 nuncupavit.
2037 4240 2145 4297 Sed
2194 4242 2556 4300 nihilominus
2611 4258 2710 4300 eos
2766 4244 2833 4301 ad
2867 4223 3285 4304 conversionem
3341 4250 3682 4317 adhortatur,
3732 4254 3813 4321 qui

576 4330 677 4369 sua
709 4316 819 4372 illis
848 4332 908 4372 se
929 4328 1149 4388 peccat}:
1178 4323 1620 4380 condonaturum
1649 4327 1956 4386 denuntiet.

642 4427 877 4495 Quidam
913 4442 1096 4488 autem
1130 4435 1298 4493 illud:
1328 4436 1452 4492 Non
1475 4457 1612 4495 nunc
1635 4445 1816 4499 vocavi
1846 4457 1915 4511 te,
1943 4446 2135 4513 Iacob,

2316 4448 2473 4512 Τινὲς
2506 4448 2564 4503 δὲ
2592 4447 2675 4515 τὸ,
2705 4450 2788 4503 Οὐ
2813 4448 2931 4504 νῦν
2974 4450 3241 4505 ἐκάλεσά
3280 4470 3379 4520 σε,
3418 4455 3636 4520 Ἰακὼϐ,
3661 4455 3811 4520 οὓτως

575 4521 651 4575 ita
691 4524 1059 4593 explicarunt.
1090 4525 1389 4599 Postquam
1433 4547 1650 4596 eorum,
1682 4535 1775 4604 qui
1825 4538 2060 4593 salutem
2092 4539 2149 4596 in

2267 4542 2563 4596 ὶπέδωκανο
2595 4540 2716 4596 Τῶν
2753 4542 2812 4595 ὲν
2838 4541 3060 4614 Χριστῷ
3086 4544 3433 4615 σωζομένων,
3458 4548 3552 4601 καὶ
3576 4549 3672 4619 τῆς
3693 4549 3808 4601 Και-

571 4613 793 4669 Christo
820 4619 1099 4672 consecuti
1150 4628 1301 4684 sunt,
1328 4620 1577 4695 Novique
1604 4625 1946 4684 Testanienti
2035 4647 2151 4688 me-

2267 4631 2350 4702 φῆς
2381 4631 2658 4702 Διαθήκης
2693 4634 2971 4704 μνησθεὶς,
3003 4613 3097 4699 οὖς
3126 4613 3289 4689 αὐτον
3313 4613 3672 4707 εὐλογήσεινν
3696 4640 3806 4710 ἔφη,

574 4706 753 4769 uiinit,
786 4721 926 4776 quos
962 4710 1013 4763 ei
1046 4709 1407 4769 benedicturos
1431 4716 1744 4783 alIirmavit,
1786 4736 1916 4775 cum
1951 4721 2148 4780 bestias

2267 4724 2427 4791 inpia
2460 4724 2694 4789 καλέσας
2737 4726 2922 4796 ἀγροῦ
2950 4727 3354 4798 (πνευματικῆς
3398 4706 3477 4783 δὲί
3498 4731 3693 4801 τρόπος
3717 4706 3806 4785 θυν-

573 4796 691 4865 agri
736 4800 1070 4867 nuncupavit
1121 4801 1228 4873 (est
1281 4814 1466 4859 autem
1517 4808 1825 4877 spiritualis
1885 4814 2147 4881 sacriﬁcii

2267 4813 2390 4879 γίας
2425 4815 2459 4885 ή
2510 4814 2787 4884 δοξολογία
2800 4817 2845 4883 ),
2889 4796 2984 4871 νῦν
3012 4796 3187 4873 πείθει
3217 4796 3326 4873 es;
3362 4796 3627 4890 Ἰσραὴλ,
3656 4822 3725 4885 ὡς
3753 4822 3805 4890 δὴ

574 4886 771 4941 modus
801 4886 919 4957 ipsa
968 4890 1146 4948 laudis
1201 4895 1562 4968 praedicatio),
1598 4914 1744 4956 nunc
1788 4917 1850 4957 se
1884 4900 2145 4959 Israelem

2267 4902 2579 4976 ιελύτρωται
2603 4903 2706 4974 τῆς
2739 4906 2799 4959 ὲν
2830 4906 3090 4980 Αίγύπτῳ
3122 4909 3367 4983 θητείας,
3392 4914 3492 4983 οὐχ
3535 4886 3618 4964 ῖνα
3647 4912 3712 4965 τά
3739 4886 3807 4965 διἱ

570 4974 897 5048 Egyptiaca
919 4985 1201 5049 servitute,
1229 5001 1338 5040 non
1368 4994 1428 5041 ut
1448 4989 1717 5058 sanguine
1743 5001 1798 5045 et
1824 4990 1989 5046 funus
2021 4993 2148 5048 lita-

2267 4974 2474 5064 ιτματος
2529 4994 2680 5067 αὐτῷ
2713 4974 3188 5067 προσάγοιεν-καὶ,
3230 4974 3503 5059 meis;-
3545 5004 3804 5075 ἀπόϐλητα

572 5078 656 5124 ret
716 5072 869 5127 (sunt
926 5075 1073 5130 enim
1126 5078 1414 5148 repudiata
1472 5080 1600 5146 ista,
1640 5089 1697 5136 et
1755 5084 1965 5139 umbra:
2021 5085 2141 5141 loco

2267 5086 2351 5159 ’ἀρ
2378 5086 2549 5141 ταῦτα
2594 5090 2690 5142 καὶ
2721 5090 2860 5163 πρὸς
2912 5092 3071 5156 σκιᾶς
3106 5096 3482 5180 παρείληπται
3512 5095 3697 5151 τύπον.
3724 5072 3803 5149 Διό

571 5162 779 5235 habita)
810 5166 1074 5225 liberasse
1098 5170 1410 5241 persuadet.
1463 5173 1643 5244 Atque
1685 5172 1811 5231 inde
1839 5184 1945 5244 est,
1994 5178 2141 5248 quod

2267 5194 2425 5248 ιησιν.
2453 5180 2535 5234 Οὐ
2563 5179 2699 5246 νῦν,
2734 5162 2823 5236 ὅτε
2873 5181 3045 5247 θύεις,
3087 5162 3352 5242 ἐκάλεσά
3397 5173 3491 5259 σε,
3549 5192 3715 5263 ήγουν
3738 5188 3800 5242 οὐ

568 5255 743 5311 dixit:
777 5256 900 5313 Non
927 5277 1090 5326 nunc,
1115 5262 1337 5333 quando
1367 5264 1669 5330 sacriﬁcas,
1727 5271 1909 5322 vocavi
1964 5277 2050 5332 te;
2085 5268 2139 5324 id

2267 5272 2587 5343 προσάγοντά
2637 5290 2697 5327 σε
2747 5276 2963 5343 θυσίας
2993 5276 3278 5345 ἐκάλεσα,
3324 5281 3400 5346 ὡς
3437 5255 3511 5355 μή
3545 5255 3717 5338 δοκεῖν
3747 5295 3798 5332 σε

568 5356 672 5415 est,
702 5345 826 5403 Non
858 5360 905 5405 te
925 5354 1126 5420 uocaui,
1160 5354 1290 5409 dum
1352 5356 1620 5424 sacriﬁcia
1654 5359 1907 5427 offerres,
1956 5378 2029 5417 ne
2086 5372 2139 5418 te

2267 5363 2493 5438 ταθάπερ
2518 5367 2828 5426 ἁντέκτισίν
2853 5387 2975 5426 τινα
2999 5371 3100 5443 τῆς
3137 5345 3511 5447 προσαγωγῆς
3529 5375 3796 5451 ἐσχηκέναι

634 5522 852 5581 “Psal.
899 5544 1053 5598 xviii,
1094 5531 1150 5587 5.
1226 5530 1305 5584 "l
1356 5531 1502 5589 Pctr.
1548 5550 1608 5598 ti,
1648 5535 1811 5601 9,10.
1889 5536 1936 5569 '°
1990 5536 2099 5591 lsa.
2134 5552 2173 5603 ι,
2218 5538 2309 5594 il.

1840 5696 2070 5756 VARUS
2108 5699 2517 5760 LECTIONES.

646 5780 664 5813 ι
696 5795 786 5848 π).
808 5779 868 5834 τὸ
890 5782 1183 5856 ἀνήμερον.
