3978 6374
208 356 337 419 2397

1364 351 1903 417 COMMENTARII
1937 350 2021 412 IN
2057 350 2349 413 ISAIAM.

3313 342 3458 407 2398

206 471 301 544 τὴν
338 466 632 541 λύτρωσιν.
684 467 1107 540 Είδωλολατρῶν
1153 466 1236 533 δὲ,
1280 466 1348 521 δι’
1372 466 1513 538 ἐμὴν
1564 465 1782 536 ἀγάπην

1898 462 2351 531 redemptionem,
2372 459 2538 515 veluti
2559 458 2837 531 quoddam
2859 456 3164 515 oblationis
3182 459 3469 529 praemium

204 560 358 633 χάριν
385 559 548 633 ῐσχες
571 558 674 630 τὴν
705 559 1074 632 aucupia.va
1111 558 1169 614 δὲ
1217 558 1358 629 μετά
1401 557 1577 612 ταῦτα
1605 573 1783 630 προσ-

204 652 457 721 ήνεγκας,
490 650 648 705 οὐδὲν
673 650 811 723 πρὸς
831 650 953 723 ὲμέ.
974 649 1185 716 Μόναις
1212 650 1322 722 γάρ
1344 652 1465 716 ταῖς
1491 649 1550 718 ἐξ
1573 648 1785 721 ἀρετῶν

200 741 444 811 λογικαῖς
469 742 875 814 ιύαρεστοῦμαι
908 740 1140 808 θυσίαις.
1174 742 1289 797 Καὶ
1335 743 1405 798 δι’
1437 742 1701 815 Ἱερεμίου
1726 738 1786 796 δὲ

198 833 288 889 τοῦ
317 837 600 908 προφήτου
640 834 806 908 φησί·
843 856 862 889 r
889 834 971 892 Τά
995 835 1426 908 ὁλοκαυτώματα
1458 836 1614 908 ὑμῶν
1645 834 1787 906 μετά

196 926 304 984 τῶν
334 927 537 983 θυσιῶν
568 928 725 1001 ὑμῶν
752 930 1114 1000 συναγάγετε,
1150 932 1246 984 καὶ
1280 930 1483 999 φάγετε
1516 927 1675 999 κρέα,
1702 928 1786 983 ὅτι

196 1020 295 1075 οὐκ
326 1020 570 1094 ἐλάλησα
598 1022 736 1095 πρὸς
766 1024 893 1088 τοὺς
924 1024 1173 1095 πατέρας
1201 1023 1357 1094 ὑμῶν
1392 1020 1522 1093 περὶ
1560 1020 1787 1075 ὁλοκαυ-

195 1114 464 1184 τωμάτων
511 1114 608 1169 καὶ
637 1115 841 1169 θυσιῶν
859 1156 876 1182 ,
906 1117 965 1170 ὲν
990 1116 1178 1188 ἡμέρᾳ
1277 1115 1554 1185 ἀνήγαγον
1584 1112 1787 1177 αὐτοὺς

197 1206 260 1261 lx
286 1208 393 1275 γῆς
424 1206 727 1276 Αἰγύπτου.
769 1227 789 1261 ο
837 1208 951 1264 Καὶ
995 1208 1267 1280 ἀλλαχοῦο
1309 1210 1460 1263 ιἽνα
1487 1207 1542 1263 τί
1576 1225 1667 1280 μοι
1706 1202 1789 1261 λί-

198 1299 357 1355 ϐανον
383 1300 453 1355 ὲκ
478 1300 628 1355 Σάσα
663 1302 881 1373 φέρετε,
913 1302 1010 1356 καὶ
1053 1302 1408 1373 κιννάμωμον
1435 1301 1501 1356 ἐκ
1526 1301 1630 1370 γῆς
1676 1317 1784 1372 μα-

197 1391 426 1462 κρόθεν;
460 1393 543 1448 Τά
566 1393 994 1466 ὁλοκαυτώματα
1024 1394 1181 1466 ὑμῶν
1220 1395 1323 1449 ούκ
1352 1395 1459 1449 sici.
1487 1394 1670 1459 δεκτά,
1690 1393 1787 1449 καὶ

197 1482 249 1536 αῖ
276 1482 461 1538 θυσίαι
495 1484 651 1556 ὑμῶν
680 1486 779 1557 οὐχ
805 1486 1008 1557 ἦδυνάν
1037 1505 1149 1558 μοι.
1182 1506 1202 1541 ι
1253 1488 1367 1541 Καὶ
1396 1486 1487 1541 διά
1512 1486 1606 1541 τοῦ
1632 1486 1785 1541 Ψαλ-

198 1574 297 1647 μοῦ
343 1575 405 1631 δέ
453 1590 649 1647 φησιν’
692 1596 712 1630 ι
747 1579 821 1632 Ού
856 1578 1078 1650 δέξομαι
1118 1580 1185 1635 ἐκ
1232 1579 1329 1634 τοῦ
1373 1580 1523 1635 οίκου
1556 1597 1650 1635 σου
1682 1580 1783 1652 μό-

195 1682 386 1737 σχους,
423 1667 544 1722 οὐδὲ
578 1666 643 1723 ἐκ
702 1669 812 1723 τῶν
851 1672 1121 1741 ποιμνίων
1152 1688 1247 1726 σου
1277 1674 1605 1745 χιμάρῤους.
1637 1691 1657 1725 ι
1692 1674 1785 1727 Δι’

1887 567 2247 612 consecutum
2267 569 2396 610 esse
2436 561 2680 624 putares.
2717 552 2824 607 Sed
2859 567 2986 607 cum
3035 550 3182 607 idola
3227 551 3461 617 coleres,

1888 661 2010 702 mea
2034 648 2201 704 unius
2229 647 2287 703 in
2320 654 2375 702 te
2408 646 2790 702 benevolentia
2834 646 3069 716 gratiam
3123 653 3180 701 et
3230 642 3466 700 salutem

1884 740 2118 812 adeptus
2158 757 2240 797 es.
2306 738 2439 807 Quae
2473 748 2657 794 autem
2714 738 2972 810 deinceps
3010 739 3286 803 obtulisti,
3334 736 3469 792 nihil

1886 828 1979 883 illa
2012 828 2079 883 ad
2121 844 2227 891 me,
2252 830 2345 899 qui
2380 828 2517 883 solis
2549 828 2817 882 virtutum
2847 828 3214 882 rationalibus
3255 826 3471 882 sacriﬁ-

1887 922 1988 977 ciis
2012 922 2281 976 oblector.
2314 921 2459 988 Quin
2496 930 2551 975 et
2572 917 2827 976 Ieremia:
2858 921 3044 976 verbis
3076 921 3130 975 in
3172 920 3318 975 hunc
3350 933 3472 972 mo-

1886 1012 2017 1068 dum
2051 1012 2342 1083 loquitur:
2385 1031 2403 1063 r
2442 1010 2773 1066 Holocausta
2814 1018 2997 1066 vestra
3017 1011 3200 1065 addite
3227 1009 3471 1065 victimis

1885 1105 2112 1169 vestris,
2148 1112 2203 1159 et
2229 1104 2498 1160 comedite
2532 1118 2733 1159 carnes
2755 1120 2770 1169 ;
2796 1103 2925 1168 quia
2968 1118 3075 1158 non
3103 1120 3224 1158 sum
3253 1104 3471 1157 locutus

1886 1196 2140 1268 patribus
2170 1198 2371 1252 vestris
2394 1198 2459 1251 de
2485 1195 2825 1251 holocaustis
2846 1204 2901 1250 et
2940 1194 3253 1259 sacriﬁciis,
3301 1194 3355 1248 in
3384 1194 3472 1248 die

1886 1303 1995 1359 qua
2028 1288 2192 1342 eduxi
2222 1304 2318 1342 eos
2348 1287 2418 1343 de
2444 1285 2681 1360 Egyplo
2737 1287 2841 1341 ⁸⁸.»
2884 1286 2946 1340 Et
2983 1286 3151 1342 alibi:
3220 1304 3239 1338 ι
3271 1284 3473 1355 thuitl

1885 1383 2021 1438 mihi
2045 1382 2253 1437 thusde
2293 1380 2458 1445 Saba,
2490 1388 2545 1435 et
2572 1381 2983 1435 cinnamomum
3003 1379 3072 1435 de
3091 1388 3236 1433 terra
3256 1378 3474 1448 longin—

1885 1472 2038 1544 qua?
2068 1472 2388 1526 holocausta
2415 1479 2599 1527 vestra
2636 1486 2743 1525 non
2777 1478 2907 1524 sunt
2939 1476 3188 1539 accepta,
3221 1476 3274 1522 et
3313 1469 3475 1523 victi-

1886 1578 1988 1619 tuae
2026 1575 2221 1618 vestrae
2252 1579 2362 1618 non
2396 1563 2722 1633 placuerunt
2747 1562 2877 1617 mihi
2936 1562 3006 1616 δ’.
3054 1581 3073 1614 ι
3116 1560 3183 1615 Et
3233 1561 3286 1615 in
3316 1559 3472 1614 Dsal~

1886 1674 1973 1712 tuo
1998 1659 2163 1713 etiam
2188 1680 2200 1713 :
2231 1676 2250 1711 ι
2291 1657 2409 1713 Non
2442 1657 2709 1728 accipiam
2733 1655 2801 1710 de
2824 1656 2988 1711 domo
3006 1663 3097 1709 tua
3117 1655 3342 1718 vitulos,
3372 1670 3472 1709 ne-

190 1751 262 1813 ιῖιν
307 1760 606 1834 ἀφίστησιν
654 1762 852 1827 αὐτοὺς
902 1764 1012 1817 τῶν
1044 1764 1233 1819 τύπων
1265 1767 1347 1830 εἰς
1374 1765 1473 1839 τὴν
1504 1766 1781 1820 πολιτείαν

1888 1768 1988 1822 que
2014 1752 2081 1807 de
2115 1752 2375 1824 gregibus
2397 1752 2506 1808 tuis
2530 1751 2716 1807 hircos
2738 1751 2822 1817 ";
2862 1770 2882 1803 ι
2931 1750 3133 1817 quibus
3166 1762 3307 1802 eosa
3335 1747 3472 1816 ligu-

189 1852 287 1923 τὴν
323 1832 692 1925 εὐαγγελικὴν
719 1855 997 1913 συνωθῶν.
1046 1857 1269 1929 Πνεῦμα
1294 1858 1405 1931 γάρ
1487 1859 1653 1924 Θεὸς,
1685 1860 1781 1913 καὶ

1891 1846 1968 1901 ris
1999 1861 2212 1909 arcere,
2244 1854 2299 1901 et
2327 1846 2395 1901 ad
2449 1845 2826 1917 evangelicam
2866 1844 2993 1899 vitae
3020 1844 3290 1898 rationem
3319 1855 3475 1895 com-

188 1944 313 2009 τοὺς
336 1947 783 2017 προσκυνοῦντας
821 1948 1003 2016 αὐτὸν,
1030 1951 1087 2003 ὲν
1118 1950 1391 2021 πνεύματι
1425 1953 1520 2006 καὶ
1551 1953 1782 2027 ἀληθεία

187 2036 268 2090 δεῖ
282 2041 632 2109 προσκυνεῖν.
649 2040 792 2111 Ἐγὼ
818 2042 919 2113 μὲν
946 2039 1064 2109 οῦν,
1093 2044 1282 2116 φησὶν,
1303 2045 1380 2111 ώς
1407 2046 1610 2116 ἀγαθὸς
1645 2047 1782 2101 ἑτοί-

189 2146 309 2198 μως
333 2130 446 2202 ἔχω
476 2147 558 2186 σοι
592 2138 918 2207 συγχωρεῖν.
958 2137 1049 2191 Σοὶ
1089 2138 1147 2191 δὲ
1196 2139 1255 2194 τὸ
1292 2138 1637 2210 μεμνῆσθαι
1663 2140 1781 2195 τῶν

186 2220 491 2292 ἁμαρτιῶν
520 2226 763 2298 ἀσφαλὲς
789 2229 925 2301 πρὸς
964 2230 1028 2285 τὸ
1075 2232 1150 2305 μὴ
1177 2232 1405 2297 ταύταις
1429 2234 1508 2288 ἔτι
1545 2250 1776 2306 περιπε-

189 2316 319 2369 σεῖν.
340 2317 432 2384 Ἐξ
456 2310 519 2372 οὗ
544 2319 641 2376 καὶ
658 2320 1002 2377 δικαιοῦσθαι
1031 2324 1340 2396 συμϐαίνει.
1384 2344 1402 2378 ι
1432 2326 1651 2391 Δίκαιος
1672 2330 1781 2398 γάρ

187 2406 381 2462 ἑαυτοῦ
408 2412 716 2484 κατήγορος
742 2413 800 2468 ὲν
825 2415 1190 2490 πρωτολογίᾳ.
1220 2435 1241 2471 ι
1272 2416 1384 2471 Καὶ
1407 2418 1683 2474 δείκνυσιν
1704 2419 1782 2483 ὡς

187 2500 286 2553 οὐκ
313 2496 427 2556 οἶδε
460 2504 746 2577 καθαίρειν
778 2509 812 2580 ἠ
847 2508 992 2564 κατὰ
1024 2510 1191 2582 νόμον
1228 2510 1474 2583 λατρεία.
1493 2511 1781 2567 Ἀδύνατον

189 2592 292 2665 γάρ
321 2588 469 2666 αἷμα
499 2597 719 2671 ταύρων
748 2600 845 2657 καὶ
871 2601 1093 2674 τράγων
1121 2604 1378 2676 ἀφαιρεῖν
1405 2606 1705 2676 ἁμαρτίας.

253 2871 369 2925 Καὶ
402 2872 571 2927 πάλιν
604 2875 735 2947 περὶ⁵
761 2876 873 2930 τῶν
906 2877 971 2931 ἐκ
1001 2878 1309 2951 περιτομῆς
1336 2880 1784 2935 πεπιστευκότων

192 2964 346 3035 φησίν
375 2980 390 2994 ο
432 2984 451 3017 ι
484 2966 697 3032 Είδότες
728 2968 784 3023 δὲ
823 2970 905 3025 ὅτι
948 2971 1010 3024 ού
1055 2971 1362 3025 δικαιοῦται
1411 2970 1699 3044 ἄνθρωπος
1725 2975 1785 3041 ἐξ

196 3054 362 3125 ἔργων
406 3056 600 3128 νόμου,
632 3059 731 3113 ἑάν
782 3060 859 3132 μὴ
909 3061 997 3116 διά
1033 3059 1273 3126 πίστεως
1310 3063 1486 3134 Ἰησοῦ
1517 3066 1782 3137 Χριστοῦο

192 3148 270 3202 καὶ
308 3148 483 3219 ἡμεῖς
510 3152 591 3216 είς
615 3152 851 3224 Χριστὸν
886 3154 1096 3225 Ἰησοῦν
1131 3155 1540 3227 ἐπιστεύσαμεν
1574 3159 1663 3213 ἵνα
1703 3160 1783 3214 δι-

1890 1938 2093 2009 pellere
2134 1948 2366 1995 conatur
2408 1952 2421 1988 :
2458 1939 2704 2009 Spiritus
2734 1938 2881 1994 enim
2943 1935 3089 1992 Deus
3140 1944 3244 2000 est,
3287 1941 3343 1988 et
3377 1932 3473 2004 qui

1888 2044 2013 2083 eum
2050 2029 2305 2090 adorant,
2332 2029 2385 2083 in
2419 2028 2622 2100 spiritu
2660 2036 2717 2084 et
2754 2028 2987 2083 veritate
3018 2025 3177 2081 decet
3216 2024 3473 2081 adorare.

1889 2122 2002 2194 Ego
2028 2122 2218 2194 igitur,
2249 2123 2452 2194 inquit,
2483 2136 2584 2193 pro
2622 2136 2742 2183 mea
2771 2120 3042 2183 bonitate,
3087 2119 3154 2172 ad
3185 2118 3475 2187 indulgen-

1887 2214 2018 2270 dutu
2052 2223 2107 2270 et
2128 2213 2555 2269 coudouandum
2586 2221 2812 2282 paratus
2840 2225 2984 2267 sum.
3027 2207 3132 2263 Sed
3166 2206 3264 2262 tibi
3289 2221 3476 2275 pecca-

1889 2319 2063 2364 torum
2091 2310 2391 2363 meminisse
2417 2308 2500 2362 vel
2527 2324 2592 2363 eo
2617 2306 2910 2379 profuerit,
2936 2320 3005 2360 ne
3033 2303 3088 2359 in
3115 2301 3303 2358 eadem
3327 2300 3472 2355 rela-

1891 2404 2063 2467 baris,
2094 2400 2262 2474 495
2331 2416 2362 2455 a
2421 2402 2626 2472 quibus
2678 2398 2909 2455 excitari
2962 2405 3015 2452 te
3071 2392 3475 2465 justificarique

1888 2498 2185 2567 contigit.t
2247 2494 2441 2550 Justus
2483 2495 2655 2560 enim,
2711 2494 2807 2557 ait,
2865 2490 3019 2562 prior
3058 2497 3145 2544 est
3182 2494 3476 2543 accusator

1888 2589 1973 2646 sui
2004 2587 2072 2643 “.
2110 2608 2130 2641 ι
2186 2587 2349 2642 Cultu
2384 2596 2643 2658 praeterea
2697 2583 2857 2655 legali
2904 2582 3181 2638 neminem
3219 2576 3474 2633 mundari

1890 2682 2140 2752 potuisse
2167 2680 2431 2741 ostendit,
2453 2694 2576 2734 cum
2610 2688 2897 2733 taurorum
2928 2682 2984 2731 et
3032 2673 3315 2728 hircorum
3346 2684 3477 2725 san-

1889 2775 2055 2846 guine
2081 2774 2191 2830 elui
2230 2783 2455 2845 peccata
2491 2777 2773 2842 nequeant
2796 2768 2868 2824 ⁸⁸.

1963 2865 2190 2929 Deinde,
2241 2864 2389 2921 etde
2422 2862 2508 2917 his
2560 2860 2752 2927 etiam,
2781 2857 2878 2930 qui
2935 2872 3002 2912 ex
3048 2850 3476 2911 circumcisione

1892 2956 2269 3022 crediderant,
2310 2956 2415 3009 ait:
2462 2972 2481 3006 ι
2521 2952 2774 3008 Scientes
2821 2958 3027 3014 autem,
3067 2944 3215 3017 quod
3246 2958 3353 2996 non
3382 2941 3477 3010 ju-

1894 3049 2168 3105 stiﬁcatur
2204 3048 2371 3103 homo
2410 3061 2477 3101 ex
2507 3042 2769 3115 operibus
2810 3042 2970 3109 legis,
3002 3040 3106 3094 nisi
3161 3054 3258 3109 per
3309 3035 3471 3091 ﬁdem

1892 3140 2021 3199 Jesu
2044 3140 2250 3197 Christi
2273 3160 2287 3197 :
2308 3146 2363 3196 et
2380 3153 2481 3196 nos
2506 3137 2561 3193 in
2582 3136 2770 3193 Jesum
2801 3133 3084 3190 Christum
3109 3130 3470 3193 credidimus,

187 3203 850 3317 ηιωόἒῖιμένέὶίᾷἓέεξῖᾷζᾲ
886 3203 1552 3321 ὁὶξνὶξπίτὲὶζᾷᾆᾘεζᾶζᾎζδ
1577 3203 1780 3306 ζξοᾶξ-
1809 3203 1853 3262 (⁵
1889 3243 1948 3290 ιιι
1974 3233 2350 3306 ιιιειίηοεπιιιιι
2382 3232 2437 3286 in
2461 3232 2584 3301 ipso
2617 3228 2718 3321 δὲ.»
2755 3226 3004 3321 Νοηγοε
3058 3224 3225 3295 θείων
3257 3220 3473 3321 “criﬁ-

188 3350 284 3405 ρει,
316 3334 440 3406 ἐγὼ
486 3336 545 3391 δὲ
577 3337 740 3408 μόνος
773 3340 802 3393 ὁ
835 3341 1020 3410 ἀφιεὶς
1059 3342 1349 3412 ἁμαρτίας
1387 3343 1567 3418 δωρεᾷ
1597 3362 1657 3399 τε
1688 3346 1784 3399 καὶ

185 3427 387 3495 χάριτι.
420 3446 440 3480 ι
473 3428 887 3502 Δεδικαιώμεθα
920 3432 1028 3506 γάρ
1059 3434 1162 3489 οὐκ
1192 3436 1249 3503 ἐξ
1280 3430 1458 3506 ἔργων
1500 3438 1780 3492 δικαιοσύ-

184 3532 277 3589 νης
319 3510 399 3573 ὧν
442 3520 784 3593 ἐποιήσαμεν
812 3524 995 3595 ἡμεῖς,
1027 3525 1166 3581 ἀλλά
1211 3526 1354 3581 κατά
1383 3528 1443 3582 τὸ
1470 3528 1606 3584 πολὺ
1636 3530 1785 3595 ἕλεος

186 3612 372 3666 αὐτοῦ.
404 3632 427 3666 ι
467 3613 617 3686 Αῦτη
646 3616 753 3686 γάρ
798 3615 1033 3689 ἀσθενὴς
1062 3619 1203 3691 πρὸς
1231 3621 1330 3691 τὴν
1366 3621 1435 3675 δι’
1464 3621 1644 3695 ἔργων
1677 3641 1782 3677 σω-

186 3704 380 3775 τηρίαν
424 3706 461 3778 ἡ
508 3704 691 3775 φύσις.
710 3707 1015 3781 Ἐπιμελῶς
1043 3710 1154 3783 γάρ
1186 3711 1433 3780 ἔγκειται
1483 3716 1518 3785 ἡ
1571 3714 1784 3768 διάνοια

187 3797 275 3851 τοῦ
296 3796 594 3869 ἀνθρώπου
611 3800 707 3854 ἐπὶ
726 3800 795 3856 τὰ
822 3801 1038 3874 πονηρά
1063 3804 1127 3857 ὲκ
1152 3804 1430 3876 νεότητος,
1457 3805 1604 3859 καθά
1628 3807 1783 3877 δηλοῖ

191 3888 278 3942 καὶ
323 3890 499 3944 Δαϐὶδ
534 3890 739 3961 λέγων·
778 3912 798 3946 r
820 3894 949 3950 Ἐάν
978 3896 1212 3967 ἀνομίας
1239 3898 1630 3969 παρατηρήσῃ,
1669 3897 1784 3951 Κύ-

193 4000 288 4053 ριε,
310 3984 511 4055 Κύριε,
529 3985 615 4049 τίς
636 3987 1037 4061 ὑποστήσεται;
1062 3989 1184 4044 Ὀτι
1209 3989 1364 4060 παρὰ
1388 3992 1475 4045 σοὶ
1500 3993 1528 4045 ό
1557 3991 1785 4062 ἱλασμός

187 4074 350 4130 ἐστιν.
381 4095 401 4128 ι
425 4076 593 4132 Ἑλεῶ
619 4081 721 4150 μὲν
740 4076 832 4134 οὖν
857 4081 1041 4146 αὑτός.
1066 4077 1142 4136 Εῦ
1166 4082 1224 4137 δὲ
1250 4082 1588 4148 πεπονθότας
1618 4083 1787 4139 ἐθέλω

182 4168 529 4239 μεμνῆσθαι
557 4173 652 4227 καὶ
677 4174 769 4227 τὸν
802 4174 1032 4246 Σωτῆρα
1062 4173 1152 4229 διά
1192 4175 1393 4240 παντὸς
1426 4176 1784 4247 άνυμνείν.Ὃ

186 4261 247 4335 δὴ
276 4265 377 4318 καὶ
403 4265 609 4336 δρῶσιν
636 4267 686 4320 οί
716 4267 898 4336 ἅγιοι,
926 4268 1002 4333 ὼς
1032 4267 1185 4339 δηλοῖ
1223 4269 1389 4323 πάλιν
1418 4269 1448 4322 ό
1477 4270 1651 4340 μέγας
1678 4271 1783 4321 Δα-

186 4356 289 4422 διδ,
321 4358 456 4413 ποτὲ
509 4358 836 4429 μὲνείπώνο
890 4361 1044 4415 (Ὅτι
1096 4359 1197 4433 τὴν
1242 4360 1477 4431 ἀνομίαν
1527 4379 1630 4432 μου
1674 4360 1785 4431 ἐγὼ

184 4450 461 4520 γινώσκω,
491 4452 589 4506 καὶ
633 4453 668 4525 ἡ
707 4453 955 4527 ἁμαρτία
992 4471 1093 4526 μου
1124 4453 1357 4509 ἐνώπιόν
1386 4455 1486 4525 μού
1518 4457 1635 4507 ἐστι
1665 4454 1785 4508 δια-

1888 3327 2029 3381 cium
2064 3325 2277 3391 laverit,
2304 3322 2401 3380 sed
2435 3338 2530 3395 ego
2577 3320 2753 3387 solus,
2804 3316 2897 3389 qui
2948 3328 3171 3387 possum
3217 3310 3391 3382 gratia
3422 3317 3478 3363 et

1891 3424 2221 3481 liberalitate
2248 3426 2469 3491 peccata
2514 3415 2818 3473 remittere.
2856 3431 2874 3464 ι
2916 3409 3296 3466 Justillcamur
3328 3403 3473 3460 eniut

1886 3533 1996 3572 nun
2027 3531 2095 3570 ex
2129 3514 2392 3584 Operibus
2419 3509 2651 3581 justitia:
2686 3520 2810 3577 quae
2846 3503 3082 3559 fecimus
3116 3515 3243 3563 nos,
3267 3497 3361 3553 sed
3385 3509 3476 3551 se-

1886 3609 2126 3665 cundum
2160 3607 2387 3661 multam
2418 3604 2537 3674 ejus
2563 3598 3003 3657 misericordiam
3028 3596 3128 3650 ⁸⁷.»
3166 3593 3283 3665 Ipsa
3320 3605 3481 3646 nam-

1886 3716 1994 3769 que
2029 3699 2093 3753 ad
2123 3697 2359 3753 salutem
2389 3693 2655 3764 operibus
2685 3685 3133 3759 consequendam
3184 3679 3476 3737 imbecillis

1886 3803 1971 3849 est
2008 3803 2062 3846 et
2093 3792 2307 3846 inlirma
2340 3799 2570 3853 natura;
2604 3799 2731 3839 cum
2752 3784 2810 3837 in
2829 3797 2916 3836 res
2949 3778 3123 3833 malas
3152 3776 3221 3830 ab
3250 3777 3474 3830 ineunte

1885 3893 2048 3941 atate
2080 3882 2320 3938 hominis
2356 3894 2574 3950 semper
2617 3875 2900 3933 incumbat
2927 3870 3190 3943 cogitatio
3212 3868 3300 3935 ἐς
3330 3868 3478 3922 sicut

1888 3995 2043 4035 mens
2076 3976 2273 4039 David,
2303 3975 2391 4030 bis
2419 3974 2639 4029 verbis:
2673 3990 2692 4023 ι
2746 3969 2806 4025 Si
2840 3967 3164 4036 iniquitates
3211 3963 3477 4018 observa-

1886 4078 2055 4141 veris,
2079 4073 2327 4135 Domine,
2366 4070 2620 4129 Domine,
2652 4067 2775 4137 quis
2797 4059 3139 4120 sustinebit?
3170 4058 3310 4124 Quia
3332 4054 3477 4125 apud

1886 4174 1941 4222 te
1961 4164 2376 4237 prepitiatioest
2409 4161 2510 4213 ".t
2544 4158 2810 4214 Misereor
2833 4171 2966 4224 ergo
2985 4150 3360 4221 ipsequidem,
3389 4148 3475 4199 in-

1885 4257 2129 4328 quit;sed
2145 4270 2264 4313 eos.
2284 4253 2351 4308 de
2365 4252 2569 4323 quibus
2588 4249 2727 4304 bene
2742 4246 2974 4301 meritus
2995 4238 3475 4302 summieminisse,

1886 4357 2268 4421 perpetuoque
2298 4345 2646 4400 Salvatorem
2679 4340 2963 4395 celebrare
3015 4336 3254 4406 postulo.
3299 4334 3479 4399 Atque

1888 4443 2126 4512 idipsum
2161 4448 2264 4503 est,
2315 4436 2463 4506 quod
2508 4433 2686 4490 sancti
2736 4439 2995 4504 praestare
3038 4441 3145 4482 non
3189 4425 3474 4483 desinunt.

186 4514 421 4611 παντός’
499 4548 629 4601 ποτὲ
654 4514 716 4601 δέ
740 4514 761 4578 ⁸.
781 4514 938 4601 «δοτι
962 4514 1062 4621 τῖὴν
1090 4548 1322 4619 ἀνομίαν
1348 4514 1449 4618 μου
1475 4547 1778 4617 ἀναγγελῶ,

1888 4543 2028 4592 teste
2057 4547 2255 4604 magno
2298 4531 2522 4594 Davide,
2548 4528 2640 4584 ubi
2664 4528 2742 4582 ait
2761 4537 2832 4579 τι(
2858 4521 3130 4591 Quoniam
3153 4533 3251 4589 ego
3273 4514 3477 4585 iniqui-

182 4640 277 4693 καὶ
312 4640 643 4712 μεριμνήσω
673 4640 814 4713 ὑπὲρ
846 4640 946 4713 τῆς
977 4641 1254 4714 ἁμαρτίας
1289 4659 1390 4713 μου
1415 4656 1429 4671 ’
1459 4661 1478 4694 ι
1512 4642 1657 4696 κατὰ
1684 4644 1743 4695 τό
1767 4657 1785 4675 ο

187 4750 205 4785 ι
234 4731 333 4804 Μὴ
376 4734 683 4806 αἰσχυνθῇς
727 4734 1063 4806 ὁμολογῆσαι
1106 4735 1530 4807 ἐφ’άμαρτίαις.
1561 4755 1581 4789 ι
1619 4736 1685 4789 Ὀ
1722 4734 1787 4809 δὴ

184 4824 264 4897 μὴ
300 4826 535 4897 ποιήσας
569 4827 669 4898 μὲν
695 4829 723 4881 ό
750 4828 1047 4897 Φαρισαῖος
1078 4827 1400 4899 κατεκρίθη.
1440 4828 1659 4898 Δράσας
1714 4845 1782 4899 γε

184 4915 299 4987 μὴν
324 4916 355 4971 ὁ
381 4915 624 4989 τελώνης
652 4917 863 4988 ἀπῆλθε
890 4916 1249 4983 δικαιωθείς.
1270 4918 1442 4972 Τοῦτο
1470 4918 1580 4972 δεῖν
1609 4918 1784 4974 εἰπὼν

180 5010 210 5062 ό
256 5008 395 5074 Θεὸς
414 5009 668 5081 ποιῆσαι.
697 5011 849 5083 Πλὴν
899 5010 1030 5073 ῐσθι,
1053 5012 1241 5082 φησιν,
1272 5010 1349 5074 ὡς
1396 5011 1468 5066 ἐκ
1509 5015 1785 5081 πατέρων

182 5098 321 5167 ἔφυς
348 5099 698 5170 ἁμαρτωλὸς,
727 5101 823 5154 καὶ
848 5101 960 5154 ὅσοι
987 5100 1131 5154 κατά
1154 5100 1382 5171 καιρούς
1412 5100 1567 5172 ὑμῶν
1586 5098 1783 5174 ἦρξαν,

182 5192 514 5262 ήγόμησαν
541 5194 631 5259 είς
660 5191 784 5262 ἐμέ.
804 5191 952 5244 ’Λντὶ
969 5191 1028 5245 δὲ
1045 5191 1140 5245 τοῦ
1160 5190 1473 5262 ἄρχοντες,
1507 5191 1785 5262 ἑρμηνεῖς

195 5282 430 5343 Ἀκύλας
453 5282 562 5354 ἔφη
591 5282 688 5337 καὶ
709 5280 1028 5353 Σύμμαχος.
1046 5280 1186 5354 Τρία
1204 5281 1261 5337 δὲ
1288 5281 1471 5355 τίθησι
1500 5284 1780 5354 τάγματαο

183 5375 471 5445 πατέρας,
492 5376 588 5431 καὶ
602 5375 902 5447 ἑρμηνεῖς,
923 5377 1018 5429 καὶ
1042 5371 1468 5446 ἄρχοντας.Ὦν
1483 5376 1531 5429 οἱ
1559 5377 1659 5446 μὲν
1681 5372 1784 5448 ἦρ-

187 5485 304 5538 χον.
328 5471 382 5523 oi
399 5469 456 5524 δὲ
480 5469 592 5523 τῶν
619 5468 852 5542 Γραφῶν
879 5465 1020 5536 ἦσαν
1044 5469 1330 5539 ἐξηγηταὶ,
1351 5470 1400 5521 οἱ
1425 5468 1483 5523 δὲ
1504 5468 1581 5540 τῷ
1600 5470 1779 5541 χρόνῳ

186 5559 600 5634 προόεσηκότες
637 5561 957 5631 ἐτύγχανον.
1004 5561 1082 5613 Δι’
1108 5558 1203 5623 οὓς
1242 5557 1584 5615 ἀπολωλέναι
1628 5559 1777 5629 λέγει

258 5699 301 5734 ⁵⁸
328 5694 533 5753 Jeretn.
570 5713 666 5755 vtt.
692 5697 784 5763 2|,
818 5696 909 5751 2‘2.
984 5696 1032 5728 "
1061 5692 1344 5753 Jerem.vt.
1379 5694 1470 5749 20.
1544 5697 1591 5731 ⁵³
1624 5693 1771 5752 Psal.

1888 5716 1962 5763 tx,
1986 5697 2037 5752 9.
2115 5699 2163 5731 ⁸⁵
2194 5696 2355 5752 Prov.
2391 5706 2546 5751 mtt.
2572 5691 2655 5763 l7.

188 5772 283 5823 lat.
321 5788 384 5830 tt.
412 5767 499 5823 l6.
577 5769 621 5799 "
653 5767 863 5830 'I‘it.ttt,
896 5767 950 5821 5.
1027 5767 1073 5799 ⁸⁸
1096 5765 1232 5819 Gen.
1264 5781 1361 5826 xu,
1388 5767 1478 5821 2|.
1555 5767 1600 5800 "
1633 5766 1775 5823 Psal.
1818 5785 2006 5835 cxxtx,
2033 5768 2145 5835 5,4.

191 5844 237 5876 "
263 5841 439 5901 Eccli.
474 5856 553 5907 tv,
594 5840 683 5896 51.
762 5840 809 5873 ⁸³
837 5838 968 5902 Luc.
1008 5852 1163 5903 xvut,
1203 5837 1377 5892 ill-li.

1888 4636 2056 4683 tatem
2096 4639 2273 4679 tneam
2329 4636 2597 4694 agnosco.
2639 4628 2693 4675 et
2727 4625 3015 4690 peccatum
3068 4625 3249 4666 meum
3283 4616 3478 4663 contra

1886 4737 1973 4777 me
2028 4728 2115 4777 est
2163 4734 2383 4791 semper
2410 4716 2510 4771 ⁸⁸.»
2545 4715 2613 4770 Et
2658 4731 2673 4769 :
2735 4731 2753 4764 ι
2807 4710 3079 4787 Quonia_m
3125 4706 3478 4778 iniquitatem

1884 4832 2063 4873 meam
2094 4812 2524 4875 annuutiabo,et
2546 4805 2854 4863 meditabor
2868 4805 2921 4858 in
2938 4803 3179 4875 peccatis
3220 4801 3356 4856 meis
3371 4797 3439 4863 ⁶¹;
3454 4814 3474 4849 ι

1877 4911 2032 4983 juxta
2058 4908 2223 4964 illud:
2261 4925 2280 4958 r
2321 4903 2440 4959 Non
2472 4902 2772 4959 erubescas
2824 4897 3079 4953 conﬁteri
3114 4904 3341 4967 peccata
3374 4892 3473 4944 “.r

1891 5004 2049 5071 Quod
2084 5017 2209 5058 cum
2247 4998 2473 5053 minime
2507 4995 2731 5051 fecisset
2760 4991 3095 5052 Pltarisaeus,
3138 4987 3474 5044 condemna-

1891 5106 1983 5154 tus
2004 5105 2121 5153 est:
2149 5101 2342 5149 contra
2364 5098 2569 5155 autem,
2594 5088 2932 5159 justiﬁcatus
2961 5082 3292 5154 publicanus
3315 5077 3382 5130 “.
3416 5072 3475 5129 Id

1889 5206 2024 5263 ergo
2053 5204 2177 5245 cum
2210 5185 2459 5258 prestari
2482 5195 2736 5255 oportere
2766 5179 3075 5235 monuisset
3093 5174 3258 5237 Deus,
3294 5180 3350 5227 et
3373 5170 3476 5224 hu-

1885 5284 1998 5355 jus,
2031 5283 2196 5339 etiam
2230 5281 2430 5351 inquit,
2458 5276 2779 5333 memineris
2812 5290 2937 5329 esse
2966 5284 3017 5327 te
3043 5285 3077 5324 a
3101 5264 3343 5337 patribus
3367 5264 3479 5319 tuis

1888 5384 2237 5449 peccatorem
2265 5373 2495 5437 editum,
2530 5384 2737 5440 eosque
2763 5382 2978 5431 omnes,
2997 5362 3091 5434 qui
3116 5359 3213 5416 tibi
3244 5355 3478 5425 singulis

1887 5467 2227 5540 temporibus
2290 5464 2649 5536 praefuerunt,
2685 5466 2739 5516 in
2779 5476 2860 5515 me
2890 5470 3093 5518 semper
3122 5453 3332 5522 iniquos
3364 5462 3478 5502 sese

1887 5561 2230 5635 praestitisse.
2255 5556 2443 5629 Neque
2485 5571 2616 5611 vero
2661 5549 3026 5610 omittendum
3076 5553 3184 5614 est,
3214 5540 3474 5615 Aquilam

2769 5689 2813 5720 ⁵⁸
2847 5684 3016 5741 Hebr.
3038 5698 3098 5751 ι,
3122 5681 3178 5738 4.
3288 5679 3337 5714 ⁸⁸
3366 5674 3475 5751 Gil-

2257 5767 2304 5799 “
2337 5747 2481 5820 Psal.
2518 5747 2567 5827 ιλ,
2636 5761 2689 5817 5.
2804 5758 2846 5791 ⁸⁸
2907 5747 3322 5815 Ρειιιζιχκνιι,
3374 5747 3466 5806 l9.
