3978 6374
154 343 271 411 2401
1316 331 1739 396 (ῙΟΜΜΕΝΤΑΪ

1842 328 1853 388 [
1893 327 1975 387 ΙΝ
2009 325 2296 389 ISAIAM.
3268 320 3411 386 2402

154 466 204 516 τὺ
243 459 433 530 νεαρόν
473 474 535 509 τε
565 455 660 508 καὶ
683 451 934 516 ἀειθαλὲς
970 452 1069 506 τοῦ
1124 451 1317 523 φυτοῦ.
1343 453 1555 520 Πηγαῖς
1609 447 1718 517 γάρ

1842 460 2089 513 tquaram
2119 483 2134 508 ,
2167 453 2217 496 et
2246 442 2383 494 sicut
2417 438 2562 494 salix
2599 438 2759 508 juxta
2793 438 3203 508 praeterfluenfes
3244 455 3409 508 aquas

154 556 226 607 ἀεὶ
248 550 342 606 καὶ
363 548 634 619 ποταμοῖς
664 546 1081 615 παραπέφυκεν.

1850 536 2057 601 ntulit;
2108 546 2166 588 ut
2218 550 2312 605 per
2367 532 2609 594 salicem,
2649 530 2865 585 vitalem
2927 529 3264 597 facultatem,
3303 547 3409 599 qua

154 659 309 717 genus
347 643 455 697 hoc
491 639 689 711 planta:
719 645 1008 693 recreatur
1037 651 1254 707 semper
1284 644 1340 691 et
1370 636 1537 701 viret,
1584 632 1876 689 iudicaret.
1911 629 2178 684 Fontibus
2246 627 2393 682 enim
2460 635 2727 697 perpetuo
2795 632 2850 680 et
2909 622 3199 678 ﬂuviorum
3278 620 3412 693 ripis

154 734 490 790 aJnascitur.
1628 762 1635 778 ,

209 827 365 890 Τινὲς
418 826 475 879 δὲ
498 824 637 896 πρὸς
686 824 816 886 τοὺς
835 822 1036 886 αὐτοὺς
1070 821 1168 876 καὶ
1192 823 1262 876 τά
1308 822 1429 877 νῦν
1462 819 1716 894 εἰρῆσθαί

1884 810 2003 866 Non
2051 811 2272 873 desunt,
2312 809 2407 879 qui
2447 815 2503 863 et
2547 806 2653 863 ista
2707 806 2871 861 etiam
2923 805 2991 859 ad
3030 804 3247 859 eosdem
3301 800 3410 862 diei

148 934 289 986 φασι.
358 914 471 987 Τὴν
538 915 649 985 γάρ
675 914 855 969 αἰτίαν
903 914 1005 983 τῆς
1033 913 1316 977 ἀπωλείας
1335 911 1526 979 εἰπὼν,
1556 912 1720 967 πάλιν

1842 905 2155 959 :xistiment.
2207 900 2505 972 Postquam
2532 900 2679 955 enim
2732 898 2992 954 interitus
3019 913 3242 953 causam
3268 907 3411 951 attu-

146 1010 318 1071 αὐτοῖς
365 1007 428 1060 τὺ
483 1009 841 1078 μνησικακεῖν
918 1005 1337 1074 ἐπαγγέλλεται.
1375 1005 1606 1077 Ἕτερον
1626 1003 1726 1058 αύ-

1844 998 2000 1062 isset,
2028 997 2234 1051 eisdem
2272 1009 2469 1050 rursus
2506 994 2835 1064 injuriarum
2872 993 3096 1047 minime
3144 1006 3204 1047 se
3235 1006 3417 1047 recor-

146 1104 246 1163 τοῖς
297 1098 421 1157 ἀντὶ
465 1098 560 1152 τοῦ
623 1097 988 1169 πῳλαὸόντος
1018 1097 1216 1170 ὁρίζων
1270 1098 1462 1171 καιρὸν
1502 1098 1566 1152 τὸ
1605 1099 1726 1152 νῦν

1842 1090 2088 1144 laturum
2119 1089 2435 1160 pollicetur,
2460 1095 2514 1141 et
2542 1087 2595 1141 in
2629 1086 2892 1157 praeteriti
2939 1086 3142 1152 locum,
3198 1093 3413 1154 tempus

145 1193 331 1259 λέγων,
352 1190 432 1254 ὡς
466 1179 562 1243 καὶ
587 1189 649 1242 τό
679 1206 693 1220 ·
734 1208 753 1242 ι
795 1190 1047 1261 Σήμερον
1076 1190 1172 1243 ἐὰν
1193 1191 1292 1261 τῆς
1341 1190 1529 1260 φωνῆς
1556 1189 1721 1245 αὐτοῦ

1842 1180 1967 1236 tliud
2003 1180 2212 1246 deliuit,
2271 1194 2398 1234 cum
2453 1195 2591 1234 nunc
2649 1180 2914 1245 assumit;
2970 1177 3278 1247 cuiusmodi
3330 1185 3413 1232 est

145 1281 434 1350 ἀκούσητε.
480 1300 499 1333 ι
531 1281 838 1352 Προτρέπει
870 1280 980 1353 γὰρ
1005 1280 1167 1335 αὐτὸν
1224 1279 1576 1334 ἐπιλαθέσθαι
1625 1282 1726 1352 μὲν

1843 1275 1992 1331 llud:
2039 1272 2059 1326 ι
2092 1273 2264 1329 Hodie
2299 1274 2345 1328 si
2385 1288 2574 1329 vocem
2602 1272 2722 1342 ejus
2748 1270 3034 1327 audieritis
3062 1271 3129 1325 ".
3177 1288 3196 1321 ι
3232 1271 3414 1341 Ipsum

146 1374 245 1427 τῶν
272 1372 465 1428 πάλαι.
494 1372 619 1426 Ὀτι
651 1372 710 1425 δὲ
773 1371 963 1426 αὐτοῦ
1019 1371 1164 1439 παῖς
1203 1372 1503 1444 ὠνομάσθη
1523 1381 1575 1433 ιι.
1604 1389 1729 1426 σκο-

1842 1371 1997 1433 enim,
2046 1376 2107 1422 ut
2149 1382 2341 1423 eorum
2417 1380 2541 1437 qua:
2608 1365 2988 1436 praeterierunt
3032 1362 3413 1427 obliviscatur,

149 1470 260 1522 κεῖν
294 1466 391 1519 καὶ
419 1465 496 1528 ὠς
528 1468 592 1519 εκ
612 1464 831 1518 πάντων
855 1463 1193 1528 ἐξείλεκται
1235 1464 1346 1518 τῶν
1372 1463 1563 1529 ὲθνῶν,
1586 1465 1729 1519 κατά

1842 1461 2177 1516 ιόιιοτιιιιιιῑ.
2251 1458 2349 1514 Est
2375 1473 2508 1513 vero
2535 1457 2775 1528 qualiter
2816 1458 2931 1526 ejus
2956 1472 3083 1525 puer
3122 1455 3413 1522 nominari,

147 1560 201 1613 τό
228 1574 241 1587 ⁵
269 1576 289 1610 ι
323 1558 454 1610 Ὅτε
490 1555 799 1627 διεμέριζεν
818 1554 848 1606 ὁ
873 1554 1140 1624 ’Υψιστος
1178 1554 1328 1626 ἔθνη,
1357 1573 1376 1607 ι
1407 1555 1504 1609 καὶ
1531 1554 1600 1609 τὰ
1639 1555 1728 1626 ἐφ’

1842 1568 1895 1608 sx
1932 1553 2300 1622 omnibusque
2339 1551 2599 1621 gentibus
2649 1550 2773 1620 eligi
2826 1549 3085 1614 dicatur,
3130 1549 3419 1603 adverten-

148 1653 287 1723 ἑξῆς.
340 1650 407 1704 Ei
431 1648 489 1702 δὲ
513 1650 688 1702 νοοῖτο
724 1647 981 1720 περὶτῶν
1028 1647 1086 1714 ἐξ
1116 1647 1308 1711 ἐθνῶν,
1358 1647 1598 1720 τοσαύτη
1642 1665 1730 1713 τις

1842 1645 1991 1701 dum.
2023 1644 2157 1699 Tale
2185 1652 2236 1700 et
2270 1644 2406 1699 illud
2444 1654 2568 1700 est:
2618 1661 2637 1696 ι
2670 1642 2903 1710 Quando
2936 1643 3217 1699 dividebat
3245 1642 3417 1698 Altis-

148 1744 295 1796 ἐσται
321 1740 471 1808 τότε,
489 1740 645 1810 φησὶ,
670 1738 922 1811 προκοπὴ
948 1740 1046 1794 καὶ
1071 1738 1378 1804 θεοσεϐείας
1393 1740 1732 1812 κατόρθωσις

1842 1740 2006 1796 simus
2033 1738 2318 1807 gentes",
2356 1757 2375 1791 ι
2420 1745 2475 1793 et
2504 1753 2627 1810 quae
2678 1747 3008 1809 sequuntur.
3053 1737 3210 1803 Quod
3261 1737 3307 1792 si
3348 1736 3416 1791 de

150 1836 248 1888 τῶν
287 1834 585 1888 οἰκούντων
615 1831 784 1886 πάλαι
817 1831 916 1902 τὴν
946 1830 1177 1901 ἔρημόν
1214 1849 1273 1886 τε
1313 1832 1411 1887 καὶ⁹
1436 1832 1729 1902 ἄνυδρον,

1842 1832 2099 1901 gentibus
2148 1830 2495 1902 intelligitur.
2536 1840 2651 1886 tum
2704 1846 2940 1901 magnus
2982 1831 3120 1885 adeo
3166 1831 3292 1894 erit,
3332 1830 3416 1884 in-

149 1929 215 1992 ὠς
280 1924 618 1997 ἁμιλλᾶσθαι
664 1924 797 1996 πρὸς
865 1925 1126 1992 ἀλλήλους
1159 1925 1234 1989 ὡς
1289 1927 1350 1978 ὲν
1387 1925 1574 1996 δρόμῳ
1636 1925 1731 1979 τοῦ

147 2020 275 2073 Θεοῦ
306 2023 410 2091 τὴν
467 2019 628 2090 χάριν
687 2017 961 2090 ἁρπάζειν
1022 2018 1453 2088 ἐπειγομένους,
1501 2018 1595 2071 καὶ
1641 2017 1735 2071 τὸν

150 2113 242 2182 μὲν
270 2114 383 2166 Τοῦ
425 2111 597 2177 Θεοῦ,
621 2110 823 2179 λέγειν,
857 2109 995 2180 ειμι,
1059 2108 1151 2163 τὸν
1215 2109 1274 2163 δὲ
1323 2110 1588 2178 τοῦνομα
1627 2109 1737 2164 τοῦ

158 2203 367 2258 Ἰακὼό
430 2201 855 2272 ἐπιγράφεσθαι,
906 2200 1085 2255 καίτοι
1165 2200 1243 2273 μὴ
1318 2200 1450 2255 ὄντα
1517 2200 1583 2253 ὲκ
1637 2198 1735 2253 τοῦ

162 2294 388 2360 Ἰακὼϐ,
446 2295 513 2348 ὲκ
556 2294 615 2347 δὲ
658 2294 758 2364 τῆς
785 2292 1015 2363 ἐρήμου
1038 2294 1136 2365 τῆς
1162 2293 1452 2365 πρότερον.
1495 2292 1643 2346 Ἀντ)⁸
1678 2291 1736 2345 δὲ

146 2386 235 2441 τοῦ
286 2386 612 2453 βοήσεται,
655 2385 1028 2454 κληθήσεται
1099 2386 1397 2458 Σύμμαχος
1452 2385 1655 2457 ἔφησεν
1683 2394 1731 2425 ν·

148 2478 321 2543 τοῦτο,
367 2479 559 2549 φασὶν,
589 2480 648 2531 ὲν
677 2480 791 2540 τοῖς
816 2477 927 2532 τῶν
951 2478 1210 2550 διωγμῶν
1241 2480 1455 2551 καιροῖς
1510 2476 1737 2531 ἐθεασάο

157 2570 306 2639 μεθα,
341 2570 580 2634 πολλοὺς
601 2569 709 2623 τῶν
768 2569 998 2624 ἐθνικῶν
1043 2570 1143 2634 τάς
1171 2570 1283 2624 τῶν
1329 2570 1503 2638 ἁγίων
1527 2568 1739 2643 ἀνδρῶν

156 2663 527 2733 προσηγορίας
582 2663 799 2726 ἑαυτοῖς
862 2661 1307 2732 ὑφαρπάζοντας.
1372 2661 1587 2716 Ἐκάλει
1626 2661 1737 2732 γὰρ

154 2754 335 2807 ἑαυτὸν
390 2753 421 2806 ὁ
480 2752 579 2824 μὲν
632 2751 855 2818 Ἰακὼϐ,
922 2753 953 2807 ὁ
1022 2752 1080 2806 δὲ
1132 2751 1401 2821 Ἰσραὴλ,
1453 2752 1632 2823 ἕτεροι
1680 2751 1739 2804 δὲ

165 2843 438 2914 Ἱερεμίαν
501 2860 561 2896 τε
631 2842 730 2897 καὶ
763 2841 1016 2908 Ἡσαΐαν,
1071 2841 1169 2895 καὶ
1195 2840 1416 2912 Δανιήλ.
1473 2838 1612 2894 Μεθ’
1663 2832 1743 2893 ὧν

154 2937 429 3007 ὀνομάτων
456 2936 553 2989 ἐπὶ
586 2935 657 2989 τά
691 2933 970 3007 μαρτύρια
1011 2932 1310 3006 προθύμως
1359 2934 1586 2996 ἑαυτοὺς
1634 2934 1738 2985 επ-

162 3029 417 3083 ιιίδοσαν.
445 3026 525 3083 Τὸ
569 3027 628 3080 δὲ
662 3026 737 3095 τῇ
760 3027 935 3098 χειρί,
974 3025 1063 3080 διὰ
1089 3025 1152 3079 τὸ
1180 3023 1383 3090 στίζειν
1430 3024 1561 3088 ίσως
1611 3024 1742 3079 πολ-

162 3121 263 3184 iob;
291 3121 395 3173 ἐπὶ
427 3119 742 3191 καρπῶν,ἢ
795 3117 1159 3191 βραχιόνωνῆ
1229 3113 1326 3171 τοῦ
1380 3116 1619 3187 σταυροῦ
1680 3116 1740 3171 τὸ

1836 1923 1977 1994 quit,
2039 1939 2387 1996 progressus,
2429 1932 2727 1995 tantusque
2769 1924 2826 1979 in
2896 1925 3096 1994 pietate
3138 1922 3419 1993 profectus

1834 2031 2048 2082 eorum,
2076 2016 2171 2087 qui
2203 2014 2439 2071 desertas
2466 2016 2595 2070 olim
2645 2026 2701 2070 et
2747 2017 3035 2085 inaquosas
3089 2016 3419 2071 solitudines

1837 2107 2190 2173 habitabant,
2225 2116 2284 2161 ut
2312 2108 2457 2162 inter
2492 2122 2575 2173 se,
2609 2114 2869 2177 tanquam
2896 2121 3086 2171 cursu,
3135 2106 3203 2161 de
3242 2107 3422 2177 adipi-

1840 2201 2043 2257 scenda
2079 2201 2171 2256 Dei
2199 2201 2377 2271 gratia
2404 2214 2602 2273 magna
2638 2201 2994 2255 contentione
3014 2200 3322 2268 decertent;
3367 2206 3423 2254 et

1836 2290 1926 2346 hic
1955 2290 2201 2362 quidem,
2238 2291 2335 2345 Dei
2369 2306 2511 2355 sum,
2541 2290 2719 2346 dicat:
2750 2289 2847 2345 Ille
2883 2299 3064 2344 autem
3100 2289 3202 2344 sibi
3234 2289 3424 2345 Jacobi

1836 2400 2027 2439 nomen
2077 2384 2370 2449 ascribat,
2423 2381 2779 2454 quantumvis
2815 2396 2884 2436 ex
2928 2380 3132 2436 Jacobo
3164 2396 3270 2435 non
3320 2382 3419 2447 sit,

1838 2476 1935 2532 sed
1966 2491 2030 2531 ex
2056 2477 2263 2532 deserto
2289 2485 2418 2531 ante
2451 2474 2744 2546 prodierit.
2779 2472 2983 2530 Verum
3020 2488 3119 2544 pro
3147 2475 3421 2540 clamabit,

1837 2570 2113 2623 vocabitur
2144 2567 2309 2623 habet
2339 2566 2726 2638 Symmachus.
2754 2568 2932 2639 Atque
2956 2566 3215 2636 idipsum,
3245 2566 3422 2629 aiunt,

1838 2659 2098 2715 smviente
2127 2658 2534 2728 persecutionis
2553 2666 2823 2729 tempore,
2845 2659 3096 2730 contigit,
3119 2674 3229 2728 quo
3244 2656 3427 2712 ethni-

1837 2763 1934 2804 cos
1968 2748 2169 2803 multos
2202 2757 2520 2803 sanctorum
2560 2748 2842 2803 hominum
2893 2749 3288 2819 appellationes
3317 2749 3422 2805 sibi

1838 2842 2086 2913 arripere
2133 2839 2395 2895 vidimus.
2442 2839 2514 2896 Se
2564 2841 2711 2895 enim
2762 2839 3024 2895 Jacobum
3066 2841 3233 2906 alius,
3284 2841 3426 2896 alius

1839 2934 1969 2989 item
1997 2932 2257 2988 Israelem
2280 2975 2295 2999 ,
2326 2933 2418 2987 alii
2455 2933 2619 2988 etiam
2650 2931 2942 2989 Jeremiam
2962 2976 2978 3001 ,
3014 2941 3068 2989 et
3108 2934 3333 2996 Isaiam,
3370 2943 3427 2988 et

1839 3023 2115 3079 Danielem
2149 3024 2580 3094 nuncupabant:
2620 3024 2824 3095 quibus
2873 3026 3176 3094 assumptis
3238 3025 3428 3095 appel-

1840 3114 2137 3171 lationibus
2169 3115 2339 3169 alacri
2366 3125 2421 3170 et
2462 3113 2592 3170 forti
2645 3114 2832 3170 animo
2867 3114 2935 3169 ad
2968 3116 3230 3187 martyria
3264 3130 3426 3171 acce-

158 3213 400 3282 σημείον,
426 3212 465 3282 ἢ
493 3210 593 3283 τὴν
640 3210 883 3283 Χριστοῦ
931 3210 1333 3283 προσηγορίαν.
1390 3210 1602 3280 Ἥγουν
1642 3210 1734 3263 ἐπὶ

1844 3207 2070 3263 debant.
2133 3205 2291 3273 Quod
2361 3215 2545 3261 autem
2614 3224 2779 3261 manu
2836 3208 3005 3274 dixit,
3044 3208 3168 3263 ideo
3239 3208 3425 3265 forsan

154 3299 224 3367 τῷ
248 3303 529 3371 ὀνόματι,
564 3301 751 3372 φησιν,
806 3300 994 3369 ἐπειδὴ
1046 3299 1233 3369 ὄνομα
1279 3300 1394 3362 τοῖς
1447 3298 1507 3363 ἐξ
1544 3297 1739 3354 ’ἰακὼὸ

154 3391 442 3461 σχοίνισμα
505 3393 601 3445 καὶ
624 3391 824 3462 κλῆρος
851 3390 1009 3444 Θεοῦ.
1058 3390 1179 3444 Οὐκ
1225 3390 1292 3462 ἐᾷ
1322 3389 1400 3457 δὲ,
1432 3390 1590 3459 φασὶ,
1608 3389 1739 3453 τοὺς

154 3482 533 3553 ἀσεϐήσαντας
589 3484 789 3554 χωρεῖν
815 3484 895 3546 είς
921 3481 1257 3549 ἀπόγνωσιν,
1310 3480 1388 3544 ὠς
1426 3481 1501 3552 μὴ
1558 3482 1738 3535 δοκεῖν

155 3572 437 3647 ὲλϐρῤιζον
483 3572 805 3631 ἀπολεῖσθαι
850 3572 941 3627 τὸν
1006 3571 1245 3643 Ἰσραὴλ,
1292 3571 1737 3641 ἀποστραφέντος

156 3665 229 3727 είς
281 3667 435 3720 ἅπαν
479 3665 678 3728 αὐτοὺς
732 3663 824 3718 τοῦ
880 3663 1036 3718 Θεοῦ.
1093 3663 1378 3716 Καταλέαν
1410 3665 1460 3716 εί
1486 3673 1514 3701 ι
1545 3665 1602 3718 δὲ
1624 3670 1739 3731 τοῖς

160 3759 233 3821 είς
251 3758 418 3811 αὑτὸν
435 3756 751 3811 πιστεύουσι
792 3755 895 3828 τὴν
916 3755 1021 3827 τῆς
1046 3757 1324 3828 σωτηρίας
1356 3755 1497 3815 όδόν.

1842 3299 2065 3369 adjecit,
2101 3298 2247 3369 quod
2307 3298 2510 3353 Christi
2568 3314 2768 3355 nomen
2834 3301 3113 3371 permulti,
3157 3302 3240 3356 vel
3295 3316 3425 3357 cru-

1841 3390 1922 3445 cis
1975 3389 2192 3459 signum
2256 3388 2309 3443 in
2365 3388 2585 3459 palmis,
2636 3401 2730 3446 aut
2796 3391 3043 3448 brachiis
3106 3393 3254 3448 inuri
3319 3392 3425 3450 sibi

1841 3486 2121 3536 curarent.
2184 3477 2283 3533 Vel
2333 3488 2486 3534 certe
2527 3480 2580 3534 in
2635 3483 2847 3537 nomine
2880 3482 3003 3538 ideo
3058 3484 3221 3551 dixit,
3258 3484 3424 3557 497

1840 3573 1987 3644 quod
2032 3571 2102 3627 iis
2165 3571 2258 3641 qui
2309 3571 2378 3625 de
2406 3569 2614 3627 Jacobo
2649 3576 2993 3644 prodierunt,
3049 3575 3329 3632 folliculus
3371 3588 3427 3634 et

1843 3667 2137 3724 haereditas
2167 3663 2268 3718 Dei
2300 3680 2489 3719 nomen
2523 3668 2797 3722 exstiterit
2818 3667 2889 3722 ⁷³.
2922 3666 3110 3739 Neque
3154 3685 3283 3725 vero
3326 3685 3425 3727 eos

1847 3759 2078 3830 patitur,
2106 3755 2386 3826 inquiunt,
2419 3758 2512 3826 qui
2538 3757 2703 3828 impie
2726 3769 2979 3829 egerunt,
3010 3760 3077 3814 ad
3101 3762 3216 3832 spei
3252 3778 3425 3832 usque

162 3851 559 3921 projectionem
595 3848 875 3915 devenire,
908 3861 980 3904 ne
1041 3846 1183 3904 velle
1222 3846 1477 3903 videatur
1521 3847 1778 3908 lsraelem
1842 3858 2016 3906 totum
2048 3848 2299 3918 stirpitus
2350 3846 2612 3916 interire;
2677 3859 2935 3921 tanquam
2993 3852 3214 3907 eosdem
3266 3854 3425 3925 plane

174 3949 323 4006 Deus
354 3958 691 4007 aversetur:
732 3950 826 4004 sed
857 3949 949 4013 iis,
990 3952 1084 4020 qui
1118 3950 1172 4005 in
1208 3965 1335 4005 eum
1376 3951 1753 4019 crediderunt,
1790 3953 1986 4010 salutis
2014 3951 2158 4006 viam
2187 3949 2581 4022 expeditiorem
2616 3956 2670 4003 et
2699 3947 2959 4001 leniorem
2996 3945 3144 4001 facit.

226 4045 461 4099 Ἑαυτὸν
482 4044 542 4099 δὲ
568 4043 741 4113 λέγων
772 4044 1009 4111 Κύριον,
1041 4043 1138 4097 καὶ
1177 4041 1344 4107 Θεὸν,
1371 4042 1632 4112 ποιητήν
1681 4060 1742 4099 τε

157 4137 250 4191 καὶ
272 4135 589 4204 πλάστην,
621 4134 907 4207 ἐμφαίνειν
930 4135 1106 4189 ἔοικεν
1134 4135 1217 4189 ὅτι
1258 4136 1351 4188 καὶ
1372 4135 1739 4206 πεπλάνηται,

1916 4045 2076 4112 Quod
2106 4051 2293 4098 autem
2332 4042 2623 4097 Dominum
2653 4055 2714 4095 se
2744 4049 2796 4094 et
2819 4038 3009 4105 Deum,
3042 4039 3420 4112 lactaremque,

1841 4147 1898 4198 et
1930 4138 2310 4207 plasmatorem
2342 4136 2589 4189 nominat
2621 4149 2637 4201 ;
2669 4132 2958 4187 aberrasse
2973 4142 3027 4186 et
3043 4131 3218 4201 ipsum
3248 4132 3422 4188 Israe-

157 4226 213 4281 τὸ
263 4228 368 4298 τῆς
398 4228 682 4293 θεότητος
732 4225 923 4295 ὄνομα
959 4223 1175 4295 Ἰσραὴλ
1222 4224 1469 4296 περιθεὶς
1529 4226 1739 4297 ἑτέροις

1842 4229 1970 4293 lem,
2011 4229 2108 4300 qui
2142 4227 2241 4282 Dei
2274 4242 2464 4281 nomen
2520 4223 2666 4290 aliis,
2688 4223 2780 4293 qui
2819 4222 2894 4277 dii
2925 4238 3034 4277 non
3084 4234 3233 4288 sunt,
3265 4224 3423 4286 altri-,-

156 4322 261 4383 τοῖς
284 4320 392 4373 οὐκ
420 4314 543 4372 οὖσι
573 4320 737 4383 θεοῖς,
768 4318 864 4373 καὶ
888 4317 989 4387 τῆς
1026 4316 1085 4383 ἐξ
1122 4316 1301 4388 ἀρχῆς
1328 4317 1422 4371 τοῦ
1445 4316 1736 4389 ἀνθρώπου

1842 4318 2045 4383 buerit,
2068 4318 2285 4373 videtur
2307 4316 2576 4379 iudicare,
2599 4325 2653 4369 et
2679 4315 2855 4384 posita
2880 4321 3005 4369 ante
3029 4317 3222 4368 oculos
3246 4314 3419 4384 prima

154 4411 516 4484 δημιουργίας
533 4411 872 4482 ὑπέμνησεν,
899 4409 1223 4482 ἀχαριστίας
1251 4410 1620 4482 γραφόμενος,
1643 4413 1734 4465 ei!

1842 4412 2007 4483 hujus
2064 4410 2450 4473 fabricatione,
2499 4407 2913 4477 ingratitudinis
2970 4422 3219 4476 arguere,
3273 4410 3417 4477 quod

154 4507 351 4573 γονέας
406 4504 585 4575 τιμῶν
616 4502 743 4567 τοὺς
762 4504 843 4567 είς
883 4503 983 4574 τὴν
1020 4503 1234 4572 γένεσιν
1263 4502 1739 4575 ὑπουργήσαντας,

1847 4503 2247 4576 procreationis
2279 4501 2567 4556 ministros
2606 4509 2859 4570 parentes
2886 4500 3097 4565 colens,
3138 4498 3419 4557 Factorem

152 4598 319 4651 αὑτὸν
363 4598 691 4669 ἀπεστράφη
735 4596 827 4651 τὸν
854 4594 1135 4664 ποιητὴν,
1169 4595 1199 4649 ὃ
1264 4596 1358 4649 καὶ
1388 4595 1456 4651 δι’
1487 4596 1605 4659 ἑνὸς
1625 4595 1730 4667 ἔφη

1842 4595 2021 4665 ipsum
2053 4600 2341 4648 aversatus
2380 4593 2473 4658 sit,
2518 4591 2663 4662 quod
2696 4606 2792 4659 per
2854 4592 3143 4663 quemdam
3184 4596 3419 4664 pr0phe-

151 4689 258 4740 τῶν
284 4688 587 4759 προφητῶν
616 4703 633 4720 ο
672 4705 692 4739 ι
722 4686 853 4751 Υίὸς
881 4685 1097 4752 δοξάζει
1121 4687 1356 4758 πατέρα,
1410 4686 1507 4743 καὶ
1546 4685 1733 4749 δοῦλος

1842 4693 1950 4740 tam
1982 4686 2038 4739 in
2070 4684 2217 4739 hunc
2243 4683 2464 4739 modum
2486 4686 2563 4739 ait
2590 4699 2606 4738 :
2637 4703 2656 4736 ι
2690 4680 2865 4739 Filius
2883 4685 3152 4753 gloritieat
3185 4685 3418 4750 Patrem,

150 4783 242 4834 τδν
312 4781 506 4852 κύριον
555 4779 746 4834 αὐτοῦ.
773 4797 794 4831 ι
836 4778 949 4833 Καί
979 4795 996 4811 ο
1032 4797 1051 4831 ι
1089 4777 1155 4833 El
1202 4779 1394 4849 Πατήρ
1444 4779 1560 4849 είμι
1598 4776 1732 4847 ἐγὼ,

1842 4788 1894 4833 et
1920 4793 2114 4833 servus
2147 4777 2430 4833 dominum
2468 4793 2629 4834 suum
2659 4779 2751 4834 7".
2780 4797 2800 4831 ι
2846 4778 2954 4834 Et:
3001 4798 3019 4830 ι
3057 4777 3114 4833 Si
3140 4779 3298 4834 Pater
3318 4794 3422 4849 ego

153 4874 258 4928 ποῦ
285 4876 437 4927 ἐστιν
462 4876 497 4945 ή
530 4872 657 4938 δόξα
689 4888 829 4945 μου;
859 4890 880 4925 ι
910 4870 1020 4926 Καί
1040 4886 1057 4904 ο
1094 4889 1121 4925 ι»
1150 4870 1212 4924 Ei
1236 4869 1439 4942 Κύριός
1466 4872 1583 4941 εἰμι
1599 4868 1734 4939 ἐγὼ,

1842 4886 1988 4937 sum,
2023 4869 2119 4925 ubi
2149 4877 2235 4925 est
2264 4871 2437 4941 gloria
2495 4887 2613 4927 mea
2658 4872 2752 4926 "2
2788 4890 2808 4924 ι
2840 4872 2906 4926 Εῑ
2940 4891 2953 4927 :
2985 4890 3003 4923 ι
3049 4870 3105 4925 Si
3157 4871 3422 4930 Dominus

152 4965 259 5018 ποῦ
290 4967 441 5019 ἐστιν
465 4966 497 5019 ό
519 4965 683 5035 φόϐος
714 4980 816 5035 μου
841 4981 857 5031 ;
888 4963 1036 5033 λέγει
1050 4962 1256 5035 Κύριος
1282 4961 1729 5035 παντοκράτωρ.»

154 5057 377 5125 Κύριος
437 5056 539 5127 μὲν
597 5056 706 5129 γάρ
729 5057 899 5123 ἔστιν,
954 5055 1030 5119 ὡς
1062 5054 1168 5108 ὑπὸ
1190 5052 1361 5122 χεῖρα
1404 5052 1504 5123 τὴν
1558 5052 1739 5106 κτίσιν

156 5150 400 5219 κρατῶν,
423 5149 618 5220 Πατὴρ
642 5148 812 5214 δὲ,ὡς
834 5145 1109 5215 ποιητής.
1139 5145 1214 5199 Τὸ
1236 5144 1294 5198 δὲ
1324 5144 1406 5198 ἔτι
1424 5143 1736 5212 βοηθήσῃ,

158 5239 496 5311 παρίστησιν
540 5241 616 5304 ὡς
680 5240 892 5313 ἥμερος
969 5238 1083 5307 ἐγὼ
1140 5237 1236 5292 καὶ
1297 5235 1436 5308 πρὸς
1482 5234 1742 5290 τοσοῦτον

160 5334 547 5404 ἡμαρτηκότα.
601 5331 841 5387 Ἀνωθεν
887 5330 946 5387 δέ
990 5347 1136 5395 τινες
1184 5328 1442 5401 περὶτῆς
1476 5327 1605 5398 ὅλης
1639 5327 1741 5398 ῥή-

162 5438 302 5486 σεως
332 5423 569 5493 ἔφασαν,
600 5423 677 5488 ὡς
704 5423 917 5494 ένάγων
945 5422 1146 5485 αὐτοὺς
1206 5421 1291 5485 είς
1354 5418 1580 5486 ἔνδειξιν
1641 5417 1742 5489 τῆς
1774 5468 1781 5475 .

1845 4976 1970 5015 sum
2002 4976 2122 5031 ego,
2161 4960 2257 5015 ubi
2292 4961 2425 5016 mihi
2449 4962 2671 5018 debitus
2695 4963 2880 5029 timor,
2908 4963 2985 5017 ait
3013 4961 3277 5017 Dominus
3301 4977 3422 5017 om-

1843 5052 2202 5123 nipotens"?
2230 5051 2490 5108 Dominus
2512 5072 2530 5105 ‹
2555 5056 2699 5109 enim
2726 5068 2868 5109 unus
2895 5062 3014 5121 est;
3048 5062 3307 5124 tanquam
3323 5053 3418 5125 qui

1843 5150 2050 5199 cuncta
2086 5154 2275 5199 creata
2333 5162 2499 5200 manu
2530 5145 2931 5216 complectatur
2966 5130 3182 5214 {Pater
3213 5154 3418 5213 autem,

1843 5242 2108 5306 tanquam
2144 5237 2239 5306 qui
2271 5236 2462 5292 eadem
2506 5237 2709 5307 fecerit.
2741 5238 2896 5306 Quod
2924 5255 3054 5293 vero
3097 5240 3276 5294 adhuc
3318 5255 3421 5293 au-

1843 5327 2036 5381 xilium
2062 5327 2370 5381 habiturum
2400 5330 2562 5393 dixit,
2598 5330 2651 5384 in
2682 5346 2807 5384 eunt
2835 5347 2894 5386 se
2925 5330 3139 5385 facilem
3180 5341 3231 5384 et
3267 5346 3421 5383 man-

1844 5431 2083 5488 suetum,
2104 5421 2199 5492 qui
2232 5422 2368 5476 adeo
2392 5424 2662 5492 peccavit,
2690 5423 2950 5479 ostendit.
2982 5422 3235 5478 Nonnulli
3255 5438 3421 5495 porro

231 5538 281 5572 τι
313 5538 464 5592 Psal.
486 5551 633 5606 χειν,
662 5537 717 5593 8.
791 5538 840 5571 τ’
862 5536 1020 5594 Deut.
1059 5550 1232 5603 xxxn,
1262 5534 1316 5591 8.
1388 5534 1439 5568 ⁷⁸
1467 5532 1602 5588 ibid.
1632 5532 1688 5588 9.

1866 5530 2097 5589 Malach.
2132 5549 2173 5600 I,
2206 5533 2260 5589 6.
2336 5535 2385 5568 ’⁸
2410 5533 2544 5593 ibid.
2619 5536 2664 5567 ⁷⁸
2703 5535 2835 5591 ibid.

1450 5648 1691 5708 VARIIE
1724 5648 2133 5705 LECTIONES.
2616 5644 2620 5649 ’

241 5781 268 5810 ι
307 5771 396 5828 Ισ.
424 5772 540 5827 ἔστι
575 5773 615 5845 ἣ
642 5775 910 5849 προσήκει
949 5776 988 5847 ἣ
1014 5778 1253 5833 molitor
1276 5794 1351 5833 τι.
1426 5785 1456 5817 ⁷
1480 5793 1573 5847 γρ.
1602 5773 1730 5846 ἔφη.
1764 5772 1878 5826 καί.

1961 5786 1984 5813 ι
2020 5790 2110 5843 γγ).
2136 5773 2507 5829 καταλεαίνει.
2585 5781 2615 5822 1
2646 5790 2734 5843 γρ.
2759 5773 2835 5837 ὠς
2864 5772 2903 5841 ἢ
2927 5772 3029 5827 ὅτι.
