3900 6550
504 472 507 473 ν
531 407 674 473 2-303

1832 397 2186 459 PROGOPII
2220 397 2466 459 GAZAZI

3658 398 3813 461 2404

533 528 700 585 supra
748 510 980 584 positam
1016 490 1310 565 verborum
1351 507 1553 563 seriem
1584 521 1614 561 α
1643 504 1924 578 principio
1956 522 2106 576 repe-

2214 505 2347 570 ίδίας
2415 506 2915 577 μεγαλοπρεπείας,
2964 507 3042 572 ὡς
3079 500 3196 571 οἷός
3243 524 3303 560 τε
3352 507 3507 563 ἔσται
3573 511 3674 564 καὶ
3706 507 3813 563 τὰς

531 617 731 671 tentes,
774 605 966 661 volunt
987 618 1084 659 eos
1112 616 1143 655 a
1179 602 1288 656 Deo
1319 601 1379 656 in
1414 615 1528 656 suae
1561 599 1988 670 magnificentiae
2012 602 2110 656 de-

532 697 984 756 monstrationem
1017 693 1201 749 induci
1236 701 1298 749 ut
1326 702 1587 749 renovata
1634 702 1883 749 veterum
1939 694 2110 749 mira-

530 792 780 849 culorum
825 788 1109 853 memoria,
1144 801 1307 857 posse
1336 801 1368 841 a
1414 801 1474 843 se
1513 784 1702 841 decem
1751 784 1957 850 tribus,
1997 784 2109 840 nisi

531 885 665 955 ipsae
712 881 1056 945 obstiterint,
1090 878 1145 934 in
1182 878 1412 950 patriam
1447 877 1638 934 reduci
1683 893 1795 934 non
1832 876 2105 933 dubitent.

531 976 686 1045 Quod
715 976 785 1038 si,
827 973 961 1045 quid
995 972 1304 1028 meminisse
1334 986 1475 1041 opus
1499 971 1593 1034 sit,
1624 970 1919 1040 postulatis
1952 986 1968 1024 :
1999 970 2111 1024 ela-

530 1084 631 1139 pso
681 1082 903 1122 rursum
934 1065 1163 1135 tempori
1203 1063 1364 1118 fidem
1396 1061 1836 1126 detrahentibus,
1862 1062 1990 1127 ista,
2022 1060 2109 1114 in-

529 1162 670 1232 quit,
696 1157 1206 1230 prmlermittantur,
1229 1162 1285 1211 et
1319 1170 1440 1226 quae
1471 1156 1704 1209 recentia
1736 1161 1887 1217 sunt,
1923 1150 2109 1208 consi-

527 1252 741 1308 derate.
769 1249 995 1312 Deinde,
1021 1256 1080 1303 ut
1104 1262 1192 1315 ea,
1226 1263 1349 1319 qua:
1369 1246 1436 1301 ad
1457 1244 1668 1301 Novum
1693 1245 2107 1302 Testamentum

526 1345 784 1407 attinent,
815 1342 1014 1414 attigit,
1045 1356 1155 1397 non
1191 1356 1252 1397 se
1288 1355 1432 1395 nunc
1469 1338 1710 1410 primum
1736 1337 1857 1408 ejus
1908 1350 2102 1391 curam

528 1436 847 1509 suscepisse
885 1434 1206 1506 respondet,
1240 1435 1333 1504 qui
1366 1448 1435 1489 ne
1456 1430 1770 1488 mercedem
1800 1428 2019 1501 quidem
2038 1427 2109 1484 ab

527 1528 689 1584 initio
721 1525 1016 1597 acceperit,
1047 1525 1143 1581 sed
1170 1533 1363 1580 contra
1392 1532 1450 1578 ut
1469 1522 1636 1594 impie
1662 1522 1877 1591 degenti
1904 1535 2105 1592 pecca-

527 1631 710 1676 torum
742 1620 983 1682 veniam,
1018 1626 1313 1689 prorogato
1342 1615 1409 1670 ad
1444 1614 1777 1686 operandam
1827 1613 2105 1684 justitiam

525 1721 792 1783 tempore,
824 1711 1083 1781 largitum
1137 1724 1282 1765 esse.
1345 1708 1492 1765 Mare
1542 1709 1709 1773 enim,
1745 1716 1801 1764 et
1848 1709 2106 1763 columna

527 1798 691 1871 ignis,
729 1807 785 1853 et
812 1799 1035 1863 nebula,
1072 1799 1424 1869 baptismatis
1465 1800 1667 1862 vicem,
1704 1798 1972 1869 Apostolo
2016 1806 2100 1854 te-

2215 598 2349 653 δέκα
2371 597 2545 667 φυλὰς
2576 600 2952 670 ἐπαναγαγεῖν
2989 600 3085 653 ἐὰν
3117 599 3446 670 βουληθῶσι,
3490 600 3606 655 τῶν
3633 604 3817 657 πάλαι

2216 693 2512 765 θαυμάτων
2540 694 2825 767 ὑπέμνησε
2846 713 2897 751 ν.
2948 696 3011 749 El
3039 694 3096 749 δὲ
3125 694 3316 763 λέγετε
3345 696 3411 749 Ἱί
3449 696 3535 750 δεῖ
3573 694 3817 764 μειενῆ-

2213 790 2389 849 σθαι;
2422 787 2583 841 πάλιν
2636 787 2859 841 ἐκείνων
2890 788 3308 858 ἀπιστουμένων
3334 787 3413 860 τῷ
3448 788 3651 860 χρόνῳ,
3706 806 3816 841 πα-

2215 878 2417 952 ρείσθω
2439 877 2630 941 ταῦτα,
2667 879 2823 949 φησὶ,
2856 879 2952 933 καὶ
2988 880 3058 933 τὰ
3091 880 3202 934 νέα
3253 880 3592 951 σκοπήσατε.
3616 880 3811 933 Εἰπὼν

2212 972 2267 1023 δὲ
2299 970 2368 1023 τὰ
2417 969 2548 1038 περὶ
2576 970 2679 1041 τῆς
2717 971 2924 1041 Καινῆς
2950 970 3249 1043 Διαθήκης,
3273 973 3462 1040 φησὶν,
3495 971 3577 1035 ὡς
3603 973 3686 1038 Ού
3712 971 3809 1025 νῦν

2213 1061 2388 1134 ἀρχὴν
2424 1063 2523 1133 τῆς
2557 1064 2688 1133 περὶ
2727 1063 2787 1116 σὲ
2818 1063 3148 1134 κηδεμονίας
3203 1064 3537 1135 πεποίημαι,
3563 1064 3690 1117 ἀλλ’
3746 1067 3801 1119 αὖ

2212 1153 2269 1207 δὲ
2299 1154 2492 1224 μισθὸν
2512 1154 2696 1209 λαὸὼν
2738 1154 2798 1220 ἐξ
2830 1155 3026 1228 ἀρχῆς,
3063 1154 3375 1209 τούναντίον
3408 1156 3468 1210 δὲ
3524 1158 3623 1210 καὶ
3682 1159 3801 1210 ἁσει

2213 1241 2396 1297 δοῦντι
2434 1244 2541 1298 τῶν
2600 1245 3015 1317 ἁμαρτημάτων
3058 1244 3253 1313 ἄφεσιν
3307 1238 3577 1311 suam,
3607 1248 3803 1318 καιρὸν

2214 1334 2344 1406 ὑμῖν
2363 1335 2488 1399 δοὺς
2522 1335 2872 1407 δικαιοσύνην
2901 1336 3262 1409 ἐργάζεσθαι.
3304 1339 3415 1392 Καὶ
3475 1341 3508 1411 ἡ
3546 1340 3807 1394 θάλασσα

2212 1424 2342 1496 γὰρ,
2372 1425 2469 1478 καὶ
2494 1426 2525 1478 ὸ
2568 1423 2759 1483 στύλος
2789 1423 2885 1478 τοῦ
2915 1424 3107 1494 πυρὸς,
3128 1423 3225 1479 καὶ
3265 1426 3298 1496 ή
3330 1424 3554 1497 νεφέλη,
3615 1426 3811 1496 $1.125-

2215 1532 2420 1587 σματος
2445 1514 2630 1587 χώραν
2658 1516 2879 1587 ἐπεῖχεν
2922 1516 3073 1587 ὑμῖν.
3125 1518 3236 1571 Kal
3262 1519 3290 1570 ὁ
3319 1516 3656 1577 ’Λπόστολος
3703 1519 3809 1586 γὰρ

2213 1607 2577 1679 βεσαπτίσθαι
2628 1608 2793 1680 φησὶν
2852 1608 3053 1673 αὐτοὺς
3113 1611 3173 1663 ὲν
3223 1612 3290 1680 τῇ
3345 1608 3544 1681 νεφέλῃ
3590 1610 3699 1663 καὶ
3745 1612 3806 1681 τῇ

2213 1700 2479 1772 θαλάσσῃ.
2522 1700 2584 1755 '0
2614 1701 2778 1764 αὐτὸς
2828 1700 2885 1754 δὲ
2933 1702 3031 1756 καὶ
3092 1700 3188 1755 νῦν
3241 1702 3359 1771 εἰμι
3438 1702 3807 1772 ’βουλομένων

2212 1792 2368 1864 ὑμῶν
2410 1793 2597 1863 ἀφιεὶς
2621 1794 2918 1867 ἁμαρτίας,
2959 1796 3056 1849 ἐὰν
3083 1795 3292 1849 ἑαυτῶν
3348 1796 3656 1866 κατήγοροι
3720 1796 3805 1863 γέ-

523 1898 609 1941 ste
639 1886 709 1953 ⁷⁸,
731 1888 1148 1958 suppleverunt,
1168 1887 1262 1957 qui
1292 1888 1348 1941 in
1378 1886 1523 1942 nube
1538 1895 1593 1941 et
1623 1886 1762 1941 mari
1795 1886 2101 1957 baptizatos

2213 1884 2371 1958 νησθε
2429 1887 2524 1940 ἐπὶ
2590 1888 2808 1957 ἀφέσει,
2863 1887 2925 1940 ού
2955 1887 3301 1958 κατακρίσει.
3370 1885 3435 1940 Εἰ
3482 1886 3683 1958 δὲμὴ.
3749 1889 3804 1939 ἑν

522 1977 689 2033 dicat.
713 1977 859 2033 ldcm
876 1993 1029 2045 vero,
1069 1979 1168 2043 ait,
1200 1987 1255 2033 et
1288 1993 1435 2033 nunc
1460 1978 1576 2048 ipse
1621 1993 1765 2045 sum,
1793 1979 1889 2049 qui
1918 1978 2110 2033 volon-

521 2071 673 2126 tibus
711 2070 867 2126 vobis
895 2079 1119 2142 peccata
1158 2070 1396 2135 dimitto,
1437 2070 1484 2126 si
1518 2069 1621 2140 ipsi
1654 2085 1845 2125 eorum
1873 2084 2108 2125 accusa-

520 2168 669 2216 tores
693 2160 747 2214 in
764 2162 1171 2227 remissionem,
1188 2160 1368 2215 nonin
1393 2159 1903 2215 condemnationem
1931 2158 2102 2231 498

519 2267 644 2309 esse
673 2254 985 2309 volueritis.
1024 2253 1123 2309 Sin
1153 2253 1354 2318 minus,
1396 2252 1522 2324 ipsa
1557 2267 1659 2326 ego
1691 2254 1851 2309 vobis
1906 2252 2105 2323 judicii

520 2354 768 2415 tempore
798 2346 855 2401 in
883 2345 1201 2401 memoriam
1238 2344 1532 2410 revocabo,
1564 2350 1618 2400 et
1665 2344 1938 2415 majorum
1977 2357 2101 2399 sce-

521 2443 636 2499 lera
670 2456 686 2505 ;
715 2438 907 2495 eadem
936 2450 1201 2508 superare
1231 2437 1504 2492 evincam.
1539 2436 1655 2491 Etsi
1676 2436 1823 2492 enim
1850 2436 2106 2507 impieta-

525 2534 598 2590 tis
648 2530 883 2586 crimine
914 2535 967 2584 et
1004 2527 1084 2583 illi
1121 2540 1342 2598 quoque
1390 2540 1500 2581 non
1556 2525 1863 2591 caruerint,
1898 2525 2105 2581 idolum

520 2631 702 2679 tamen
756 2621 814 2677 in
864 2621 1131 2692 templum
1172 2633 1379 2683 meum,
1410 2617 1557 2688 quod
1600 2619 1706 2689 ipsi
1755 2616 1935 2673 facere
1984 2617 2106 2673 ausi

519 2717 684 2782 estis,
712 2730 997 2785 nunquam
1028 2711 1386 2767 induxerunt.
1424 2710 1649 2771 Deinde,
1683 2717 1744 2765 ut
1782 2710 1850 2765 ad
1910 2710 2108 2780 resipi-

520 2810 787 2865 scentiam
808 2807 1067 2870 adducat,
1089 2804 1326 2877 graviter
1346 2803 1566 2860 eosdem
1582 2808 1977 2875 perstringens,
2008 2803 2108 2856 Ja-

520 2905 708 2959 cobum
735 2909 785 2955 et
817 2896 1075 2954 Israelem
1110 2897 1177 2952 de
1204 2905 1423 2967 patrum
1453 2897 1675 2951 nomine
1707 2896 1944 2966 appellat
1974 2913 1990 2963 ;
2020 2895 2109 2965 fa-

524 3008 823 3065 ctoremque
853 3010 914 3048 se
946 3006 1068 3046 esse
1093 2989 1358 3055 ostendit,
1389 2996 1444 3045 et
1470 2988 1657 3043 omnia
1690 3003 1994 3063 permeare,
2023 2989 2107 3059 ip-

521 3102 638 3142 sam
662 3082 920 3152 denique,
953 3095 1075 3151 quae
1131 3080 1188 3135 in
1231 3087 1389 3133 utero
1428 3077 1753 3139 absolvitur.
1783 3075 2104 3145 plasmatio~

520 3193 639 3232 nem
688 3172 983 3231 moderari.
1028 3169 1292 3241 Spiritum
1333 3168 1531 3224 deinde
1560 3167 1682 3238 ejus
1708 3166 1857 3233 lldei,
1887 3184 2009 3238 qua:
2049 3168 2103 3222 in

2210 1977 2389 2051 καιρῷ
2441 1980 2541 2051 τῆς
2599 1980 2835 2052 κρίσεως
2863 1980 3069 2035 τούτων
3118 1981 3266 2051 ὑμᾶς
3321 1980 3631 2051 ὑπομνήσω
3674 1982 3803 2045 τοὺς

2207 2070 2419 2125 ἑαυτῶν
2468 2072 2710 2144 πατέρας
2749 2074 2871 2137 ταῖς
2908 2074 3210 2145 ἁμαρτίαις
3247 2073 3610 2144 νικήσαντας.
3643 2074 3798 2127 Ἦσέ-

2208 2162 2337 2218 6ουν
2388 2163 2488 2235 μὲν
2545 2164 2657 2236 γὰρ
2707 2165 2956 2220 κάκεῖνοι
2982 2205 2999 2231 ,
3046 2166 3165 2220 ἀλλ’
3217 2170 3316 2220 οὐκ
3390 2165 3615 2219 εἴδωλον
3668 2166 3787 2220 καθ’

2209 2250 2354 2321 ὑμᾶς
2403 2252 2804 2323 ἐπεισήνεγκαν
2858 2251 2936 2323 τῷ
2998 2252 3255 2324 ἡμετέρῳ
3294 2252 3429 2325 ναῷ.
3486 2254 3604 2307 Kal
3629 2254 3783 2308 πάλιν

2206 2342 2553 2411 ἐπιστρέφων
2607 2344 2827 2409 αὐτοὺς,
2908 2344 3304 2416 δυσωπητικῶς
3399 2344 3620 2400 Ἰακὼϐ
3697 2346 3788 2399 καὶ

2220 2434 2470 2505 Ἰσραὴλ
2500 2437 2567 2488 ἐκ
2616 2436 2725 2491 τῶν
2803 2437 3056 2508 πατέρων
3126 2436 3301 2502 καλεῖ,
3367 2438 3467 2492 καί
3532 2438 3799 2504 ποιητὴν

2206 2525 2304 2580 καὶ
2326 2527 2414 2581 διὰ
2470 2526 2690 2581 πάντων
2734 2527 2994 2599 διήκοντα
3039 2528 3257 2593 δεικνὺς
3299 2528 3524 2593 ἑαυτὸν,
3552 2529 3648 2582 καὶ
3701 2528 3799 2598 τῆς

2207 2621 2266 2673 ὲν
2305 2621 2370 2691 τῇ
2402 2621 2601 2690 γαστρὶ
2629 2620 2903 2693 μέμνηται
2963 2618 3265 2688 πλάσεως.
3307 2615 3441 2675 Εῐτα
3472 2620 3672 2692 μισθὸν
3701 2621 3798 2690 τῆς

2207 2710 2288 2775 εἰς
2328 2709 2420 2763 τὸν
2447 2711 2728 2782 Μονογενῆ
2759 2710 2995 2775 πίστεως
3024 2710 3093 2766 τὸ
3134 2710 3381 2781 Πνεῦμα
3401 2709 3600 2765 δώσειν
3623 2713 3793 2777 ἑπαγ-

2206 2801 2529 2874 γειλάμενος
2553 2803 2653 2875 τὴν
2712 2802 2773 2869 ἐξ
2800 2802 2967 2857 αύτοῦ
3023 2804 3444 2876 χορηγουμένην
3499 2802 3791 2873 εὐλογίαν

2205 2894 2378 2965 δηλοῖ.
2441 2895 2603 2951 Ἰδιον
2666 2895 2776 2968 γὰρ
2813 2896 2925 2951 τῶν
2955 2896 3323 2966 εύλογούντων
3365 2896 3521 2960 Θεὸν,
3576 2896 3643 2950 τὸ
3705 2896 3795 2950 καὶ

2206 2989 2407 3053 αὐτοὺς
2428 2991 2710 3061 εὐλογίας
2741 2989 3111 3063 πληροῦσθαι.
3142 2992 3208 3046 Ei
3229 2991 3341 3064 γὰρ
3372 2993 3401 3045 ὸ
3428 2990 3795 3061 τδνἏὸραάμ

2207 3080 2443 3151 εὐλογῶν
2470 3082 2756 3153 εὐλογίας
2780 3084 3115 3155 κληρονόμος
3137 3083 3311 3148 ἔσται,
3389 3086 3543 3157 πόσῳ
3573 3101 3640 3155 γε
3679 3085 3796 3137 τού-

2207 3192 2300 3227 του
2322 3174 2419 3228 τὸν
2448 3173 2581 3229 Θεὸν
2602 3176 2698 3229 καὶ
2710 3177 3018 3246 Δεσπότηνς
3047 3177 3137 3230 Ἐν
3157 3178 3369 3242 τούτοις
3395 3178 3455 3232 δὲ
3473 3179 3796 3249 γενήσονται

526 3268 886 3340 Unigenitum
928 3231 1162 3319 habetur
1191 3263 1266 3329 (id
1293 3271 1379 3317 est
1411 3259 1844 3323 benedictionem.
1868 3275 1991 3331 quae
2036 3261 2106 3317 ab

2213 3266 2327 3329 τοῖς
2353 3265 2601 3334 ἀγαθοῖς,
2630 3265 2709 3331 ὼς
2738 3270 2852 3332 τοῖς
2874 3231 3187 3323 ἀειθαλέσιν
3221 3231 3463 3324 ἑοικέναι
3483 3231 3797 3339 evenient

523 3362 720 3419 eodem
745 3356 1151 3431 suppeditatur)
1184 3353 1455 3409 mercedis
1478 3352 1599 3409 loco
1625 3352 1884 3408 daturum
1918 3369 1977 3409 se
2010 3354 2107 3409 de-

2211 3358 2281 3411 τὰ
2306 3358 2401 3413 ἐπὶ
2430 3360 2663 3424 τούτοις.

520 3462 815 3510 monstrat.
840 3450 937 3507 Est
970 3450 1119 3506 enim
1158 3448 1225 3504 iis
1274 3447 1537 3502 usitatum
1579 3454 1634 3501 et
1677 3447 1987 3519 proprium,
2014 3448 2107 3517 qui
2146 3447 2260 3506 Deo
2293 3452 2647 3521 benedicunt,
2676 3461 2735 3509 ut
2765 3455 2870 3526 ipsi
2900 3471 3123 3529 quoque
3138 3456 3498 3512 benedictione
3536 3456 3792 3527 replean-

523 3554 633 3600 tur.
689 3544 748 3599 Si
776 3542 924 3599 enim
982 3538 1420 3612 quiAbrallamo
1443 3537 1741 3605 benedicit,
1798 3539 2210 3598 benedictionem
2254 3553 2310 3600 et
2381 3546 2499 3616 ipse
2538 3547 2921 3618 consequitur,
2985 3560 3196 3621 quanto
3270 3550 3451 3621 magis
3524 3550 3628 3620 qui
3666 3546 3789 3608 Deo.

521 3646 577 3693 et
613 3635 894 3692 Domino?
924 3633 1053 3691 Istis
1080 3634 1249 3705 igitur
1272 3631 1432 3689 bonis
1460 3632 1793 3689 abundaturi
1832 3644 2004 3702 sunt;
2042 3644 2102 3690 ut
2140 3637 2445 3697 virentibus
2482 3655 2698 3713 semper
2723 3642 3018 3699 arboribus
3066 3657 3132 3699 ea
3168 3641 3358 3710 etiam,
3401 3657 3528 3712 quae
3566 3645 3638 3698 ad
3678 3641 3791 3696 illos

522 3737 793 3802 spectant,
834 3734 1154 3799 appareant.

590 3820 758 3893 499
793 3820 956 3875 Vens.
991 3818 1148 3875 6-25.
1177 3817 1269 3874 Sic
1303 3819 1380 3874 ait
1434 3817 1599 3880 Deus.
1643 3833 1738 3872 rex
1784 3816 1979 3883 Israel,
2017 3820 2107 3889 qui

524 3913 766 3968 liberavit
822 3914 1018 3981 ipsum,
1053 3912 1194 3967 Deus
1239 3914 1613 3968 exercituum:
1652 3910 1767 3983 Ego
1804 3913 2033 3983 primus.
2059 3921 2111 3968 et

522 4022 618 4074 ego
646 4002 913 4073 post/uec.
943 4002 1149 4058 Prazter
1194 4020 1274 4059 me
1323 4020 1427 4058 non
1479 4016 1557 4059 est
1596 4006 1755 4061 Deus.
1792 4006 1921 4071 Quis
1971 4007 2107 4061 sicut

523 4115 617 4169 ego
645 4098 671 4149 2
702 4095 837 4163 Stet,
864 4105 1029 4161 vocet,
1055 4105 1108 4150 et
1147 4097 1447 4163 annuntiet,
1473 4108 1524 4152 et
1555 4107 1708 4166 paret
1743 4099 1899 4167 mihi,
1921 4115 1986 4154 ea:
2006 4116 2109 4171 quo

526 4192 628 4261 feci
656 4191 923 4245 hominem
948 4191 1003 4245 in
1041 4200 1322 4257 (sternam,
1354 4199 1465 4247 etc.

597 4372 758 4445 500
784 4371 946 4426 Aliud
981 4382 1064 4428 est
1085 4374 1373 4432 sermonis
1394 4374 1613 4430 initium
1645 4374 1714 4430 ad
1742 4373 1984 4441 Judaaos,
2010 4375 2105 4447 qui

528 4469 799 4525 idolorum
845 4469 1054 4524 cultum
1093 4470 1332 4539 amplexi
1365 4480 1514 4527 sunt.
1550 4470 1657 4527 Sed
1715 4470 2004 4543 cujusnam
2037 4472 2108 4527 sit

530 4562 750 4616 lsraelis
780 4577 871 4615 rex
898 4577 1005 4616 non
1039 4560 1297 4631 ignorare
1323 4563 1552 4634 patitur,
1583 4578 1709 4618 cum
1738 4565 1829 4635 qui
1865 4564 2105 4618 liberavit

525 4669 647 4706 eum
669 4654 805 4706 L‘eus
834 4654 1184 4717 exercituum,
1216 4652 1427 4723 adjicit.
1459 4655 1556 4709 Est
1582 4656 1728 4709 enim
1761 4654 2106 4709 liberatarum

532 4762 624 4800 rex
649 4786 667 4813 ,
702 4760 811 4799 non
838 4760 1032 4799 eorum
1081 4744 1176 4815 qui
1239 4745 1538 4816 impietatis
1587 4757 1892 4816 arguuntur
1926 4763 1940 4801 :
1970 4759 2112 4817 quos

533 4848 713 4893 tamen
742 4837 1065 4893 aberrantes
1112 4838 1281 4893 etiam
1320 4838 1389 4894 ad
1436 4855 1604 4893 unum
1654 4838 1821 4892 Deum
1874 4838 2110 4905 reducit,

529 4946 642 5003 quo
700 4946 879 5000 neque
948 4932 1099 4999 prior
1148 4946 1330 5001 neque
1378 4934 1641 5002 posterior
1680 4931 1827 4985 ullus
1876 4930 2110 4986 inveniri

533 5034 725 5096 queat.
768 5023 925 5090 Quod
975 5025 1021 5079 si
1052 5026 1122 5081 de
1181 5026 1444 5082 universo
1474 5026 1640 5080 etiam
1696 5022 1897 5080 Israele
1942 5026 2111 5080 verba

534 5113 658 5177 ista,
692 5114 780 5184 qui
808 5112 1051 5168 liberavit
1083 5114 1641 5185 eum,intelligantur,
1683 5128 1801 5179 eos,
1845 5122 1905 5168 ut
1933 5111 2106 5184 Egy-

532 5200 727 5270 ptiacte
763 5202 1053 5257 servitutis
1111 5201 1269 5274 501
1310 5203 1685 5269 meminerint,
1716 5219 1746 5257 a
1781 5219 1887 5275 qua
1937 5203 2108 5272 erepti

532 5300 686 5360 sunt,
718 5292 1063 5361 adhortatur,
1093 5303 1480 5364 tantorumque
1502 5295 1889 5350 miraculorum
1916 5301 2108 5349 aucto-

534 5401 647 5441 rem
677 5396 878 5456 praeter
907 5387 1094 5452 Deum,
1138 5387 1230 5457 qui
1254 5395 1450 5442 natura
1488 5388 1618 5441 talis
1639 5387 1898 5457 principio
1930 5394 1977 5440 et
2005 5386 2111 5456 fine

532 5485 711 5542 caret,
737 5478 949 5532 nullum
978 5494 1103 5534 esse
1125 5479 1291 5533 alium
1318 5478 1580 5534 ostendit.
1615 5477 1836 5545 Verum,
1871 5479 1919 5534 si
1940 5478 2110 5533 alium

532 5567 805 5627 exsistere
857 5570 1172 5637 arbitraris,
1200 5570 1348 5625 dicat
1374 5570 1510 5641 jam,
1571 5569 1734 5642 quale
1772 5586 1932 5627 suum
1964 5584 2103 5640 opus

535 5671 596 5739 in
642 5659 748 5714 hoc
804 5660 1051 5719 universi
1097 5662 1313 5720 theatro
1355 5662 1644 5722 ostendere
1717 5675 1908 5734 queat.
1947 5660 2102 5721 Unus

608 5839 658 5874 "
687 5839 707 5894 1
734 5838 862 5896 Cor.
887 5857 942 5909 ι,
970 5840 1028 5898 Ξ.

2283 3827 2455 3890 ς-κγ’.
2543 3820 2745 3888 Οὕτως
2817 3820 2982 3892 λέγει
3052 3826 3088 3876 ό
3174 3821 3341 3890 Θεὸς,
3400 3824 3435 3877 ὁ
3494 3822 3789 3888 ,ϐασιλεὺς

2223 3913 2484 3983 Ἰσραὴλ,
2512 3915 2546 3968 ὀ
2567 3911 2917 3982 ῥυσάμενος
2941 3913 3133 3967 αὑτὸν
3166 3915 3312 3980 Θεὸς
3342 3913 3614 3970 Σαϐαὼθθ
3651 3913 3786 3985 Ἐγὼ

2210 4005 2458 4076 πρῶτος,
2490 4006 2590 4059 καί
2637 4004 2753 4069 ἐγὼ
2780 4007 2934 4075 μετὰ
2981 4005 3191 4060 ταῦτα.
3252 4005 3430 4074 Πλὴν
3492 4005 3645 4076 ἐμοῦ
3685 4009 3784 4060 οὐκ

2210 4100 2343 4156 ἔστι
2369 4101 2403 4154 δ
2441 4099 2604 4164 Θεός.
2655 4100 2745 4165 Τίς
2784 4097 2989 4166 ὥσπερ
3016 4098 3171 4169 ard);
3223 4099 3453 4168 Στήτω,
3482 4100 3586 4154 καί
3617 4103 3784 4154 καλε-

2209 4192 2393 4258 σάτω,
2447 4192 2549 4246 καὶ
2593 4190 3022 4260 ἀναγγειλάτω,
3078 4190 3181 4245 καί
3239 4190 3619 4261 ἑτοιμασάτω
3667 4208 3781 4262 μοι.

2204 4284 2307 4354 ἀφ’
2351 4279 2423 4341 οὗ
2453 4284 2715 4354 ἐποίησα
2735 4284 3062 4354 ἄνθρωπον
3096 4287 3186 4351 εις
3220 4287 3328 4340 τὸν
3362 4285 3778 4354 αιῶνα,κ.τ.λ.

2276 4377 2371 4443 Ἐξ
2427 4377 2623 4447 ἑτέρας
2665 4376 2844 4449 ἀρχῆς
2875 4379 3014 4450 πρὸς
3050 4379 3179 4444 τοὺς
3230 4378 3636 4453 εἰδωλολάτρας
3681 4379 3778 4434 τῶν

2202 4468 2479 4524 Ἰουδαίων
2506 4469 2536 4523 ὁ
2557 4469 2735 4539 λόγος.
2766 4469 2931 4524 Ποίου
2957 4470 3015 4524 δὲ
3054 4470 3298 4540 Ἰσραήλ
3323 4471 3440 4525 ἐστι
3460 4471 3773 4537 βασιλεὺς.

2205 4562 2478 4632 ἐπήνεγκε
2533 4559 2729 4630 λέγων,
2770 4561 2806 4619 ὁ
2865 4560 3216 4631 ῥυσάμενος
3261 4561 3453 4617 αὑτὸν
3513 4563 3661 4630 Θεὸς
3678 4565 3774 4617 Σα-

2136 4634 2183 4690 D
2212 4654 2387 4709 εαώθ.
2410 4654 2532 4709 Τῶν
2550 4653 2661 4726 γὰρ
2692 4653 3041 4723 ρυσθέντων
3067 4653 3183 4707 ἐστὶ
3210 4653 3535 4721 βασιλεὺς,
3568 4656 3629 4708 οὐ
3676 4654 3771 4708 τῶν

2211 4745 2702 4817 κατηγορουμένων
2724 4744 2812 4799 ἐπ’
2870 4743 3115 4817 ἀσεϐείᾳ.
3156 4743 3268 4808 οὓς
3323 4744 3389 4815 δὴ
3441 4747 3542 4799 καὶ
3588 4746 3771 4815 πλανη·

2211 4835 2402 4900 θέντας
2429 4837 2749 4907 ἐπιστρέφει
2771 4835 2912 4906 πρὸς
2948 4835 3042 4889 τὸν
3084 4836 3181 4889 ἕνα
3223 4836 3391 4890 Θεόν.
3446 4836 3571 4905 Πρὸ
3596 4830 3654 4891 οὗ
3688 4837 3767 4891 καὶ

2205 4929 2337 4998 μεθ’
2368 4927 2443 4983 ὃν
2488 4929 2591 4984 οὐκ
2617 4928 2765 4984 ἐστιν
2785 4930 2947 4984 ἄλλον
2971 4929 3171 5002 εὑρεῖν.
3197 4929 3262 4983 El
3290 4929 3350 4983 δὲ
3372 4930 3471 4984 καὶ
3500 4933 3629 5000 περὶ
3650 4948 3764 4985 παν-

2210 5017 2301 5082 τὸς
2328 5020 2500 5073 νοοῖτο
2530 5018 2627 5073 τοῦ
2678 5018 2928 5088 Ἰσραὴλ
2994 5020 3059 5074 τὸ
3099 5021 3133 5075 ὁ
3170 5018 3522 5090 ῥυσάμενος
3574 5020 3761 5083 αὐτὸν,

2207 5110 2309 5179 τῆς
2354 5109 2667 5180 ἐλευθερίας
2735 5110 2916 5164 αὐτῶν
2970 5111 3184 5181 τῆςνὲξ
3234 5111 3516 5181 Αἰγύπτου
3579 5110 3763 5183 μεμνῆο

2211 5202 2334 5256 σθαι
2402 5201 2735 5273 παρακαλεῖ,
2805 5202 2901 5255 καὶ
2960 5201 3071 5256 τῶν
3128 5202 3400 5257 τοσούτων
3467 5203 3753 5276 θαυμάτων,

2210 5291 2361 5365 παρὰ
2382 5293 2476 5347 τὸν
2502 5291 2665 5363 φύσει
2690 5293 2840 5348 Θεὸν
2858 5292 3130 5363 ἄναρχόν
3152 5311 3217 5349 τε
3262 5295 3363 5350 καί
3381 5296 3759 5363 ἀτελεύτητον

2210 5383 2400 5455 ἕτερον
2450 5384 2643 5439 οὐδένα
2701 5385 2916 5450 δεικνύς
2940 5401 2956 5417 ο
2988 5388 3037 5439 εί
3066 5386 3125 5441 δι
3168 5386 3416 5457 νομίζεις
3435 5388 3592 5443 ἄλλον
3615 5384 3752 5449 εἶναι,

2210 5475 2422 5547 λεγέτω
2449 5478 2603 5531 ποῖον
2632 5476 2795 5549 ἔργον
2827 5477 2995 5532 αὐτοῦ
3016 5477 3287 5533 δείκνυσιν
3354 5480 3415 5534 ὲν
3463 5478 3541 5551 τῷ
3590 5477 3750 5535 παντί.

2218 5568 2371 5632 Ἐνδς
2428 5568 2537 5642 γὰρ
2580 5567 2733 5633 δντος
2774 5567 2867 5624 τοῦ
2920 5568 3149 5642 κόσμου,
3197 5572 3291 5626 καὶ
3332 5570 3628 5644 συμφυοῦς,
3670 5570 3751 5624 καὶ

2208 5659 2389 5735 ἑαυτῷ
2415 5662 2792 5736 συνημμένου,
2813 5655 2896 5730 εἷς
2924 5663 2992 5720 ἂν
3020 5664 3107 5739 εἴη
3123 5664 3218 5720 καὶ
3236 5664 3268 5720 δ
3305 5664 3498 5723 τούτου
3520 5664 3748 5739 δημιουρ-
