  <div class='ocr_page' id='page_1' title='image "/cluster/home/n/w/nwhite01/storage/ocr_20150623/87:2/hvd.32044019208008/442.png"; bbox 0 0 3978 6374; ppageno 0'>
   <div class='ocr_carea' id='block_1_1' title="bbox 165 302 302 367">
    <p class='ocr_par' dir='ltr' id='par_1_1' title="bbox 165 302 302 367">
     <span class='ocr_line' id='line_1_1' title="bbox 165 302 302 367; baseline -0.015 0"><span class='ocrx_word' id='word_1_1' title='bbox 165 302 302 367; x_wconf 74' lang='grc'><strong>2405</strong></span> 
     </span>
    </p>
   </div>
   <div class='ocr_carea' id='block_1_2' title="bbox 1303 299 2304 362">
    <p class='ocr_par' dir='ltr' id='par_1_2' title="bbox 1303 299 2304 362">
     <span class='ocr_line' id='line_1_2' title="bbox 1303 299 2304 362; baseline 0.002 -4"><span class='ocrx_word' id='word_1_2' title='bbox 1303 299 1842 362; x_wconf 75' lang='lat' dir='ltr'><strong>COMMENTARII</strong></span> <span class='ocrx_word' id='word_1_3' title='bbox 1890 299 1971 359; x_wconf 86' lang='lat' dir='ltr'><strong>IN</strong></span> <span class='ocrx_word' id='word_1_4' title='bbox 2017 299 2304 360; x_wconf 79' lang='lat' dir='ltr'><strong>ISAIAM.</strong></span> 
     </span>
    </p>
   </div>
   <div class='ocr_carea' id='block_1_3' title="bbox 3299 297 3447 364">
    <p class='ocr_par' dir='ltr' id='par_1_3' title="bbox 3299 297 3447 364">
     <span class='ocr_line' id='line_1_3' title="bbox 3299 297 3447 364; baseline 0.027 -4"><span class='ocrx_word' id='word_1_5' title='bbox 3299 297 3447 364; x_wconf 74' lang='grc'><strong>2406</strong></span> 
     </span>
    </p>
   </div>
   <div class='ocr_carea' id='block_1_4' title="bbox 164 405 1770 485">
    <p class='ocr_par' dir='ltr' id='par_1_4' title="bbox 164 407 1748 485">
     <span class='ocr_line' id='line_1_4' title="bbox 164 407 1748 485; baseline -0.005 -16"><span class='ocrx_word' id='word_1_6' title='bbox 164 419 274 485; x_wconf 67' lang='grc' dir='ltr'>τὸς,</span> <span class='ocrx_word' id='word_1_7' title='bbox 326 416 392 468; x_wconf 83' lang='grc' dir='ltr'><strong>ἐκ</strong></span> <span class='ocrx_word' id='word_1_8' title='bbox 441 413 702 484; x_wconf 78' lang='grc' dir='ltr'>μεγέθους</span> <span class='ocrx_word' id='word_1_9' title='bbox 765 416 860 466; x_wconf 72' lang='grc' dir='ltr'><strong>καὶ</strong></span> <span class='ocrx_word' id='word_1_10' title='bbox 909 409 1172 481; x_wconf 75' lang='grc' dir='ltr'><strong>καλλονῆς</strong></span> <span class='ocrx_word' id='word_1_11' title='bbox 1231 408 1552 480; x_wconf 79' lang='grc' dir='ltr'><strong>κτισμάτων</strong></span> <span class='ocrx_word' id='word_1_12' title='bbox 1592 407 1748 462; x_wconf 90' lang='grc' dir='ltr'>νοοὺ-</span> 
     </span>
    </p>
   </div>
   <div class='ocr_carea' id='block_1_5' title="bbox 1877 405 3454 485">
    <p class='ocr_par' dir='ltr' id='par_1_5' title="bbox 1877 405 3454 476">
     <span class='ocr_line' id='line_1_5' title="bbox 1877 405 3454 476; baseline 0 -14"><span class='ocrx_word' id='word_1_13' title='bbox 1877 406 2003 462; x_wconf 76' lang='lat' dir='ltr'><strong>:nim</strong></span> <span class='ocrx_word' id='word_1_14' title='bbox 2037 421 2163 461; x_wconf 90' lang='lat' dir='ltr'><strong>cum</strong></span> <span class='ocrx_word' id='word_1_15' title='bbox 2206 409 2302 470; x_wconf 87' lang='lat' dir='ltr'><strong>sit,</strong></span> <span class='ocrx_word' id='word_1_16' title='bbox 2329 405 2690 476; x_wconf 82' lang='lat' dir='ltr'><strong>ejusdemque</strong></span> <span class='ocrx_word' id='word_1_17' title='bbox 2752 415 2984 469; x_wconf 64' lang='lat' dir='ltr'><strong>naturae,</strong></span> <span class='ocrx_word' id='word_1_18' title='bbox 3014 417 3070 459; x_wconf 86' lang='lat' dir='ltr'><strong>et</strong></span> <span class='ocrx_word' id='word_1_19' title='bbox 3114 406 3220 462; x_wconf 83' lang='lat' dir='ltr'><strong>sibi</strong></span> <span class='ocrx_word' id='word_1_20' title='bbox 3267 409 3454 462; x_wconf 65' lang='grc' dir='ltr'>σοίιιιο-</span> 
     </span>
    </p>
   </div>
   <div class='ocr_carea' id='block_1_6' title="bbox 163 500 1749 576">
    <p class='ocr_par' dir='ltr' id='par_1_6' title="bbox 163 500 1749 576">
     <span class='ocr_line' id='line_1_6' title="bbox 163 500 1749 576; baseline -0.005 -17"><span class='ocrx_word' id='word_1_21' title='bbox 163 523 340 576; x_wconf 79' lang='grc' dir='ltr'>μενσς.</span> <span class='ocrx_word' id='word_1_22' title='bbox 393 504 544 559; x_wconf 82' lang='grc' dir='ltr'><strong>Θεοῦ</strong></span> <span class='ocrx_word' id='word_1_23' title='bbox 601 504 658 558; x_wconf 85' lang='grc' dir='ltr'><strong>δὲ</strong></span> <span class='ocrx_word' id='word_1_24' title='bbox 703 504 857 566; x_wconf 72' lang='grc' dir='ltr'>ὄντος</span> <span class='ocrx_word' id='word_1_25' title='bbox 903 503 1118 575; x_wconf 79' lang='grc' dir='ltr'>ἐτέρου,</span> <span class='ocrx_word' id='word_1_26' title='bbox 1173 501 1272 557; x_wconf 71' lang='grc' dir='ltr'>καὶ</span> <span class='ocrx_word' id='word_1_27' title='bbox 1319 502 1526 573; x_wconf 81' lang='grc' dir='ltr'>κόσμος</span> <span class='ocrx_word' id='word_1_28' title='bbox 1562 500 1749 570; x_wconf 72' lang='grc' dir='ltr'>ἕτερος</span> 
     </span>
    </p>
   </div>
   <div class='ocr_carea' id='block_1_7' title="bbox 163 590 1750 668">
    <p class='ocr_par' dir='ltr' id='par_1_7' title="bbox 163 590 1750 668">
     <span class='ocr_line' id='line_1_7' title="bbox 163 590 1750 668; baseline -0.005 -18"><span class='ocrx_word' id='word_1_29' title='bbox 163 597 518 668; x_wconf 77' lang='grc' dir='ltr'>νοηθήσεταιο</span> <span class='ocrx_word' id='word_1_30' title='bbox 556 595 694 663; x_wconf 82' lang='grc' dir='ltr'>ὅπερ</span> <span class='ocrx_word' id='word_1_31' title='bbox 725 595 789 647; x_wconf 82' lang='grc' dir='ltr'>ὲκ</span> <span class='ocrx_word' id='word_1_32' title='bbox 823 593 1086 647; x_wconf 81' lang='grc' dir='ltr'>πλειόνων</span> <span class='ocrx_word' id='word_1_33' title='bbox 1107 592 1183 657; x_wconf 84' lang='grc' dir='ltr'>ὡς</span> <span class='ocrx_word' id='word_1_34' title='bbox 1232 592 1433 646; x_wconf 81' lang='grc' dir='ltr'>ἄτοπον</span> <span class='ocrx_word' id='word_1_35' title='bbox 1464 590 1750 662; x_wconf 70' lang='grc' dir='ltr'>ἐξελήλεγ-</span> 
     </span>
    </p>
   </div>
   <div class='ocr_carea' id='block_1_8' title="bbox 162 682 1754 754">
    <p class='ocr_par' dir='ltr' id='par_1_8' title="bbox 162 682 1754 754">
     <span class='ocr_line' id='line_1_8' title="bbox 162 682 1754 754; baseline -0.006 -9"><span class='ocrx_word' id='word_1_36' title='bbox 162 709 304 745; x_wconf 81' lang='grc' dir='ltr'>κται.</span> <span class='ocrx_word' id='word_1_37' title='bbox 362 690 443 742; x_wconf 76' lang='grc' dir='ltr'><strong>Τὸ</strong></span> <span class='ocrx_word' id='word_1_38' title='bbox 483 688 541 742; x_wconf 76' lang='grc' dir='ltr'><strong>δὲ</strong></span> <span class='ocrx_word' id='word_1_39' title='bbox 595 686 819 753; x_wconf 78' lang='grc' dir='ltr'>στήτω,</span> <span class='ocrx_word' id='word_1_40' title='bbox 850 685 998 740; x_wconf 79' lang='grc' dir='ltr'>τοῦτ’</span> <span class='ocrx_word' id='word_1_41' title='bbox 1040 685 1156 740; x_wconf 72' lang='grc' dir='ltr'>ἐστι</span> <span class='ocrx_word' id='word_1_42' title='bbox 1229 684 1446 754; x_wconf 83' lang='grc' dir='ltr'>πρῶτον</span> <span class='ocrx_word' id='word_1_43' title='bbox 1519 682 1754 753; x_wconf 79' lang='grc' dir='ltr'>ὓπαρξιν</span> 
     </span>
    </p>
   </div>
   <div class='ocr_carea' id='block_1_9' title="bbox 161 775 1752 851">
    <p class='ocr_par' dir='ltr' id='par_1_9' title="bbox 161 775 1752 851">
     <span class='ocr_line' id='line_1_9' title="bbox 161 775 1752 851; baseline -0.006 -14"><span class='ocrx_word' id='word_1_44' title='bbox 161 781 426 838; x_wconf 80' lang='grc' dir='ltr'><strong>δεικνύτω</strong></span> <span class='ocrx_word' id='word_1_45' title='bbox 457 781 558 851; x_wconf 83' lang='grc' dir='ltr'>τὴν</span> <span class='ocrx_word' id='word_1_46' title='bbox 586 777 806 842; x_wconf 75' lang='grc' dir='ltr'>ἑαυτοῦ,</span> <span class='ocrx_word' id='word_1_47' title='bbox 835 778 932 832; x_wconf 80' lang='grc' dir='ltr'>καὶ</span> <span class='ocrx_word' id='word_1_48' title='bbox 952 778 1028 840; x_wconf 91' lang='grc' dir='ltr'><strong>ώς</strong></span> <span class='ocrx_word' id='word_1_49' title='bbox 1073 778 1131 830; x_wconf 71' lang='grc' dir='ltr'>ἐν</span> <span class='ocrx_word' id='word_1_50' title='bbox 1189 776 1382 841; x_wconf 78' lang='grc' dir='ltr'>οὐσίας</span> <span class='ocrx_word' id='word_1_51' title='bbox 1432 776 1580 830; x_wconf 72' lang='grc' dir='ltr'>ἐστὶν</span> <span class='ocrx_word' id='word_1_52' title='bbox 1613 775 1752 828; x_wconf 78' lang='grc' dir='ltr'>ὑπο-</span> 
     </span>
    </p>
   </div>
   <div class='ocr_carea' id='block_1_10' title="bbox 164 865 1756 941">
    <p class='ocr_par' dir='ltr' id='par_1_10' title="bbox 164 865 1756 941">
     <span class='ocr_line' id='line_1_10' title="bbox 164 865 1756 941; baseline -0.004 -12"><span class='ocrx_word' id='word_1_53' title='bbox 164 876 370 935; x_wconf 78' lang='grc' dir='ltr'>στάσει,</span> <span class='ocrx_word' id='word_1_54' title='bbox 406 872 503 926; x_wconf 75' lang='grc' dir='ltr'>καὶ</span> <span class='ocrx_word' id='word_1_55' title='bbox 525 871 602 936; x_wconf 90' lang='grc' dir='ltr'><strong>ώς</strong></span> <span class='ocrx_word' id='word_1_56' title='bbox 625 873 710 941; x_wconf 71' lang='grc' dir='ltr'><strong>ἐφ’</strong></span> <span class='ocrx_word' id='word_1_57' title='bbox 746 871 940 926; x_wconf 68' lang='grc' dir='ltr'>ἑαυτοῦ</span> <span class='ocrx_word' id='word_1_58' title='bbox 972 870 1126 941; x_wconf 81' lang='grc' dir='ltr'>μένει</span> <span class='ocrx_word' id='word_1_59' title='bbox 1191 871 1286 924; x_wconf 68' lang='grc' dir='ltr'><strong>καὶ</strong></span> <span class='ocrx_word' id='word_1_60' title='bbox 1334 865 1756 940; x_wconf 75' lang='grc' dir='ltr'>ἕστηκεν.”Είτα.</span> 
     </span>
    </p>
   </div>
   <div class='ocr_carea' id='block_1_11' title="bbox 162 963 1754 1038">
    <p class='ocr_par' dir='ltr' id='par_1_11' title="bbox 162 963 1754 1038">
     <span class='ocr_line' id='line_1_11' title="bbox 162 963 1754 1038; baseline -0.004 -16"><span class='ocrx_word' id='word_1_61' title='bbox 162 970 344 1038; x_wconf 82' lang='grc' dir='ltr'>φωνὴν</span> <span class='ocrx_word' id='word_1_62' title='bbox 367 967 528 1036; x_wconf 73' lang='grc' dir='ltr'>ἀφεὶς</span> <span class='ocrx_word' id='word_1_63' title='bbox 560 966 787 1036; x_wconf 77' lang='grc' dir='ltr'>λογικὴν</span> <span class='ocrx_word' id='word_1_64' title='bbox 816 966 910 1019; x_wconf 79' lang='grc' dir='ltr'>καὶ</span> <span class='ocrx_word' id='word_1_65' title='bbox 941 964 1062 1034; x_wconf 79' lang='grc' dir='ltr'><strong>Θεῷ</strong></span> <span class='ocrx_word' id='word_1_66' title='bbox 1087 965 1433 1036; x_wconf 82' lang='grc' dir='ltr'>πρέπουσαν,</span> <span class='ocrx_word' id='word_1_67' title='bbox 1471 963 1754 1032; x_wconf 63' lang='lat' dir='ltr'><strong>dra-rrec-</strong></span> 
     </span>
    </p>
   </div>
   <div class='ocr_carea' id='block_1_12' title="bbox 159 1049 1755 1127">
    <p class='ocr_par' dir='ltr' id='par_1_12' title="bbox 159 1049 1755 1127">
     <span class='ocr_line' id='line_1_12' title="bbox 159 1049 1755 1127; baseline -0.004 -13"><span class='ocrx_word' id='word_1_68' title='bbox 159 1059 317 1114; x_wconf 72' lang='lat' dir='ltr'><strong>.ldtw</strong></span> <span class='ocrx_word' id='word_1_69' title='bbox 349 1057 560 1127; x_wconf 79' lang='grc' dir='ltr'>πρῶτα</span> <span class='ocrx_word' id='word_1_70' title='bbox 583 1057 962 1126; x_wconf 80' lang='grc' dir='ltr'>καίὲσχατα,</span> <span class='ocrx_word' id='word_1_71' title='bbox 1006 1055 1097 1126; x_wconf 79' lang='grc' dir='ltr'><strong>ἀφ’</strong></span> <span class='ocrx_word' id='word_1_72' title='bbox 1148 1049 1211 1110; x_wconf 73' lang='grc' dir='ltr'>οὗ</span> <span class='ocrx_word' id='word_1_73' title='bbox 1267 1056 1378 1109; x_wconf 80' lang='grc' dir='ltr'><strong>τὸν</strong></span> <span class='ocrx_word' id='word_1_74' title='bbox 1433 1054 1755 1123; x_wconf 76' lang='grc' dir='ltr'><strong>ἄνθρωπον</strong></span> 
     </span>
    </p>
   </div>
   <div class='ocr_carea' id='block_1_13' title="bbox 160 1145 1752 1222">
    <p class='ocr_par' dir='ltr' id='par_1_13' title="bbox 160 1145 1752 1222">
     <span class='ocr_line' id='line_1_13' title="bbox 160 1145 1752 1222; baseline -0.004 -17"><span class='ocrx_word' id='word_1_75' title='bbox 160 1154 424 1216; x_wconf 69' lang='grc' dir='ltr'>ἔκλασα,</span> <span class='ocrx_word' id='word_1_76' title='bbox 464 1150 629 1222; x_wconf 85' lang='grc' dir='ltr'>μέχρι</span> <span class='ocrx_word' id='word_1_77' title='bbox 663 1147 757 1201; x_wconf 89' lang='grc' dir='ltr'><strong>τοῦ</strong></span> <span class='ocrx_word' id='word_1_78' title='bbox 784 1147 1052 1219; x_wconf 83' lang='grc' dir='ltr'><strong>παρόντος</strong></span> <span class='ocrx_word' id='word_1_79' title='bbox 1111 1146 1328 1218; x_wconf 81' lang='grc' dir='ltr'>καιροῦ,</span> <span class='ocrx_word' id='word_1_80' title='bbox 1365 1146 1396 1217; x_wconf 84' lang='grc' dir='ltr'>ἢ</span> <span class='ocrx_word' id='word_1_81' title='bbox 1429 1148 1520 1200; x_wconf 76' lang='grc' dir='ltr'>καὶ</span> <span class='ocrx_word' id='word_1_82' title='bbox 1543 1147 1623 1200; x_wconf 73' lang='grc' dir='ltr'>ἔτι</span> <span class='ocrx_word' id='word_1_83' title='bbox 1644 1145 1752 1201; x_wconf 84' lang='grc' dir='ltr'><strong>τοῦ</strong></span> 
     </span>
    </p>
   </div>
   <div class='ocr_carea' id='block_1_14' title="bbox 158 1238 1757 1315">
    <p class='ocr_par' dir='ltr' id='par_1_14' title="bbox 158 1238 1757 1315">
     <span class='ocr_line' id='line_1_14' title="bbox 158 1238 1757 1315; baseline -0.006 -16"><span class='ocrx_word' id='word_1_84' title='bbox 158 1246 516 1315; x_wconf 68' lang='grc' dir='ltr'>μέλλοντος,</span> <span class='ocrx_word' id='word_1_85' title='bbox 566 1243 817 1314; x_wconf 79' lang='grc' dir='ltr'>καθάπερ</span> <span class='ocrx_word' id='word_1_86' title='bbox 871 1239 983 1310; x_wconf 86' lang='grc' dir='ltr'>ὲγὼ</span> <span class='ocrx_word' id='word_1_87' title='bbox 1007 1239 1077 1293; x_wconf 81' lang='grc' dir='ltr'>τὰ</span> <span class='ocrx_word' id='word_1_88' title='bbox 1141 1239 1242 1309; x_wconf 81' lang='grc' dir='ltr'><strong>μὲν</strong></span> <span class='ocrx_word' id='word_1_89' title='bbox 1289 1238 1492 1307; x_wconf 82' lang='grc' dir='ltr'>πρῶτα</span> <span class='ocrx_word' id='word_1_90' title='bbox 1523 1238 1757 1293; x_wconf 78' lang='grc' dir='ltr'>διὰΜω-</span> 
     </span>
    </p>
   </div>
   <div class='ocr_carea' id='block_1_15' title="bbox 169 1329 1754 1408">
    <p class='ocr_par' dir='ltr' id='par_1_15' title="bbox 169 1329 1754 1408">
     <span class='ocr_line' id='line_1_15' title="bbox 169 1329 1754 1408; baseline -0.004 -18"><span class='ocrx_word' id='word_1_91' title='bbox 169 1339 318 1401; x_wconf 81' lang='grc' dir='ltr'>σέως,</span> <span class='ocrx_word' id='word_1_92' title='bbox 343 1338 414 1391; x_wconf 81' lang='grc' dir='ltr'><strong>τά</strong></span> <span class='ocrx_word' id='word_1_93' title='bbox 443 1338 499 1390; x_wconf 85' lang='grc' dir='ltr'><strong>δὲ</strong></span> <span class='ocrx_word' id='word_1_94' title='bbox 534 1338 634 1408; x_wconf 85' lang='grc' dir='ltr'><strong>τῆς</strong></span> <span class='ocrx_word' id='word_1_95' title='bbox 661 1335 755 1390; x_wconf 86' lang='grc' dir='ltr'><strong>τοῦ</strong></span> <span class='ocrx_word' id='word_1_96' title='bbox 789 1333 1027 1406; x_wconf 80' lang='grc' dir='ltr'><strong>Χριστοῦ</strong></span> <span class='ocrx_word' id='word_1_97' title='bbox 1103 1332 1431 1404; x_wconf 82' lang='grc' dir='ltr'>παρουσίας.</span> <span class='ocrx_word' id='word_1_98' title='bbox 1472 1331 1538 1385; x_wconf 87' lang='grc' dir='ltr'><strong>δι’</strong></span> <span class='ocrx_word' id='word_1_99' title='bbox 1584 1329 1754 1384; x_wconf 90' lang='grc' dir='ltr'>αὑτοῦ</span> 
     </span>
    </p>
   </div>
   <div class='ocr_carea' id='block_1_16' title="bbox 164 1421 1756 1499">
    <p class='ocr_par' dir='ltr' id='par_1_16' title="bbox 164 1421 1756 1499">
     <span class='ocr_line' id='line_1_16' title="bbox 164 1421 1756 1499; baseline -0.006 -15"><span class='ocrx_word' id='word_1_100' title='bbox 164 1449 218 1484; x_wconf 79' lang='grc' dir='ltr'><strong>τε</strong></span> <span class='ocrx_word' id='word_1_101' title='bbox 253 1434 348 1484; x_wconf 73' lang='grc' dir='ltr'><strong>καὶ</strong></span> <span class='ocrx_word' id='word_1_102' title='bbox 388 1429 500 1483; x_wconf 83' lang='grc' dir='ltr'><strong>τῶν</strong></span> <span class='ocrx_word' id='word_1_103' title='bbox 523 1430 698 1484; x_wconf 81' lang='grc' dir='ltr'>ἀλλων</span> <span class='ocrx_word' id='word_1_104' title='bbox 730 1429 978 1499; x_wconf 77' lang='grc' dir='ltr'><strong>ἐμήνυσα</strong></span> <span class='ocrx_word' id='word_1_105' title='bbox 1017 1423 1338 1499; x_wconf 80' lang='grc' dir='ltr'>προφητῶν.</span> <span class='ocrx_word' id='word_1_106' title='bbox 1369 1421 1492 1488; x_wconf 85' lang='grc' dir='ltr'><strong>Θεῷ</strong></span> <span class='ocrx_word' id='word_1_107' title='bbox 1543 1422 1650 1494; x_wconf 84' lang='grc' dir='ltr'><strong>γὰρ</strong></span> <span class='ocrx_word' id='word_1_108' title='bbox 1677 1422 1756 1493; x_wconf 86' lang='grc' dir='ltr'>τῷ</span> 
     </span>
    </p>
   </div>
   <div class='ocr_carea' id='block_1_17' title="bbox 167 1514 1756 1589">
    <p class='ocr_par' dir='ltr' id='par_1_17' title="bbox 167 1514 1756 1589">
     <span class='ocr_line' id='line_1_17' title="bbox 167 1514 1756 1589; baseline -0.005 -13"><span class='ocrx_word' id='word_1_109' title='bbox 167 1522 500 1589; x_wconf 72' lang='grc' dir='ltr'>κατὰφύσιν</span> <span class='ocrx_word' id='word_1_110' title='bbox 548 1522 725 1576; x_wconf 83' lang='grc' dir='ltr'>πάντα</span> <span class='ocrx_word' id='word_1_111' title='bbox 778 1522 1042 1589; x_wconf 78' lang='grc' dir='ltr'>πάρεστιν</span> <span class='ocrx_word' id='word_1_112' title='bbox 1104 1520 1163 1572; x_wconf 84' lang='grc' dir='ltr'>ὲν</span> <span class='ocrx_word' id='word_1_113' title='bbox 1213 1516 1499 1587; x_wconf 78' lang='grc' dir='ltr'><strong>ἀμερίστῳ</strong></span> <span class='ocrx_word' id='word_1_114' title='bbox 1553 1514 1756 1586; x_wconf 82' lang='grc' dir='ltr'>γνώσει</span> 
     </span>
    </p>
   </div>
   <div class='ocr_carea' id='block_1_18' title="bbox 167 1614 927 1685">
    <p class='ocr_par' dir='ltr' id='par_1_18' title="bbox 167 1614 927 1685">
     <span class='ocr_line' id='line_1_18' title="bbox 167 1614 927 1685; baseline -0.003 -17"><span class='ocrx_word' id='word_1_115' title='bbox 167 1616 255 1668; x_wconf 77' lang='grc' dir='ltr'>καὶ</span> <span class='ocrx_word' id='word_1_116' title='bbox 275 1616 343 1667; x_wconf 69' lang='grc' dir='ltr'>τὰ</span> <span class='ocrx_word' id='word_1_117' title='bbox 367 1616 547 1684; x_wconf 74' lang='grc' dir='ltr'>χρόνῳ</span> <span class='ocrx_word' id='word_1_118' title='bbox 581 1614 927 1685; x_wconf 76' lang='grc' dir='ltr'><strong>διεστηκότα.</strong></span> 
     </span>
    </p>
   </div>
   <div class='ocr_carea' id='block_1_19' title="bbox 1857 496 3452 568">
    <p class='ocr_par' dir='ltr' id='par_1_19' title="bbox 1857 496 3452 568">
     <span class='ocr_line' id='line_1_19' title="bbox 1857 496 3452 568; baseline -0.001 -15"><span class='ocrx_word' id='word_1_119' title='bbox 1857 513 1988 554; x_wconf 90' lang='lat' dir='ltr'><strong>rens</strong></span> <span class='ocrx_word' id='word_1_120' title='bbox 2022 497 2264 555; x_wconf 89' lang='lat' dir='ltr'><strong>mundus</strong></span> <span class='ocrx_word' id='word_1_121' title='bbox 2306 497 2547 564; x_wconf 86' lang='lat' dir='ltr'><strong>;unicus</strong></span> <span class='ocrx_word' id='word_1_122' title='bbox 2589 513 2813 568; x_wconf 89' lang='lat' dir='ltr'><strong>quoque</strong></span> <span class='ocrx_word' id='word_1_123' title='bbox 2877 507 2931 552; x_wconf 90' lang='lat' dir='ltr'><strong>et</strong></span> <span class='ocrx_word' id='word_1_124' title='bbox 2985 497 3108 567; x_wconf 85' lang='lat' dir='ltr'><strong>ejus</strong></span> <span class='ocrx_word' id='word_1_125' title='bbox 3169 496 3350 567; x_wconf 78' lang='lat' dir='ltr'><strong>opifex</strong></span> <span class='ocrx_word' id='word_1_126' title='bbox 3385 514 3452 552; x_wconf 79' lang='lat' dir='ltr'><strong>ex</strong></span> 
     </span>
    </p>
   </div>
   <div class='ocr_carea' id='block_1_20' title="bbox 1858 589 3456 662">
    <p class='ocr_par' dir='ltr' id='par_1_20' title="bbox 1858 589 3456 662">
     <span class='ocr_line' id='line_1_20' title="bbox 1858 589 3456 662; baseline -0.001 -16"><span class='ocrx_word' id='word_1_127' title='bbox 1858 590 2239 662; x_wconf 89' lang='lat' dir='ltr'><strong>magnitudine</strong></span> <span class='ocrx_word' id='word_1_128' title='bbox 2265 591 2450 661; x_wconf 90' lang='lat' dir='ltr'><strong>operis</strong></span> <span class='ocrx_word' id='word_1_129' title='bbox 2481 597 2536 645; x_wconf 90' lang='lat' dir='ltr'><strong>et</strong></span> <span class='ocrx_word' id='word_1_130' title='bbox 2567 589 2975 660; x_wconf 74' lang='lat' dir='ltr'><strong>pulchritudine</strong></span> <span class='ocrx_word' id='word_1_131' title='bbox 3000 589 3340 660; x_wconf 71' lang='lat' dir='ltr'><strong>intelligatur</strong></span> <span class='ocrx_word' id='word_1_132' title='bbox 3360 607 3456 645; x_wconf 84' lang='lat' dir='ltr'><strong>ne-</strong></span> 
     </span>
    </p>
   </div>
   <div class='ocr_carea' id='block_1_21' title="bbox 1860 681 3454 756">
    <p class='ocr_par' dir='ltr' id='par_1_21' title="bbox 1860 681 3454 756">
     <span class='ocr_line' id='line_1_21' title="bbox 1860 681 3454 756; baseline -0.004 -14"><span class='ocrx_word' id='word_1_133' title='bbox 1860 701 2019 742; x_wconf 88' lang='lat' dir='ltr'><strong>cesse</strong></span> <span class='ocrx_word' id='word_1_134' title='bbox 2045 692 2130 741; x_wconf 89' lang='lat' dir='ltr'><strong>est</strong></span> <span class='ocrx_word' id='word_1_135' title='bbox 2157 701 2172 750; x_wconf 93' lang='lat'><strong>;</strong></span> <span class='ocrx_word' id='word_1_136' title='bbox 2203 683 2669 756; x_wconf 84' lang='lat' dir='ltr'><strong>quemadmodum</strong></span> <span class='ocrx_word' id='word_1_137' title='bbox 2689 693 2742 740; x_wconf 91' lang='lat' dir='ltr'><strong>et</strong></span> <span class='ocrx_word' id='word_1_138' title='bbox 2770 684 3010 740; x_wconf 88' lang='lat' dir='ltr'><strong>mundus</strong></span> <span class='ocrx_word' id='word_1_139' title='bbox 3039 683 3204 748; x_wconf 88' lang='lat' dir='ltr'><strong>alius,</strong></span> <span class='ocrx_word' id='word_1_140' title='bbox 3237 684 3284 737; x_wconf 75' lang='lat' dir='ltr'><strong>si</strong></span> <span class='ocrx_word' id='word_1_141' title='bbox 3313 681 3454 738; x_wconf 77' lang='lat' dir='ltr'><strong>Deus</strong></span> 
     </span>
    </p>
   </div>
   <div class='ocr_carea' id='block_1_22' title="bbox 1863 776 3458 846">
    <p class='ocr_par' dir='ltr' id='par_1_22' title="bbox 1863 776 3458 846">
     <span class='ocr_line' id='line_1_22' title="bbox 1863 776 3458 846; baseline -0.001 -14"><span class='ocrx_word' id='word_1_142' title='bbox 1863 777 2008 832; x_wconf 88' lang='lat' dir='ltr'><strong>alius</strong></span> <span class='ocrx_word' id='word_1_143' title='bbox 2044 776 2235 846; x_wconf 88' lang='lat' dir='ltr'><strong>:quod</strong></span> <span class='ocrx_word' id='word_1_144' title='bbox 2269 778 2457 832; x_wconf 90' lang='lat' dir='ltr'><strong>multis</strong></span> <span class='ocrx_word' id='word_1_145' title='bbox 2484 777 2799 833; x_wconf 82' lang='lat' dir='ltr'><strong>rationibus</strong></span> <span class='ocrx_word' id='word_1_146' title='bbox 2833 776 3140 832; x_wconf 84' lang='lat' dir='ltr'><strong>absurdum</strong></span> <span class='ocrx_word' id='word_1_147' title='bbox 3174 791 3300 832; x_wconf 89' lang='lat' dir='ltr'><strong>esse</strong></span> <span class='ocrx_word' id='word_1_148' title='bbox 3323 793 3458 832; x_wconf 81' lang='lat' dir='ltr'><strong>coo-</strong></span> 
     </span>
    </p>
   </div>
   <div class='ocr_carea' id='block_1_23' title="bbox 1863 869 3454 942">
    <p class='ocr_par' dir='ltr' id='par_1_23' title="bbox 1863 869 3454 942">
     <span class='ocr_line' id='line_1_23' title="bbox 1863 869 3454 942; baseline 0.001 -17"><span class='ocrx_word' id='word_1_149' title='bbox 1863 870 2212 926; x_wconf 83' lang='lat' dir='ltr'><strong>vincitur.At</strong></span> <span class='ocrx_word' id='word_1_150' title='bbox 2234 871 2379 941; x_wconf 92' lang='lat' dir='ltr'><strong>quod</strong></span> <span class='ocrx_word' id='word_1_151' title='bbox 2414 880 2558 925; x_wconf 80' lang='lat' dir='ltr'><strong>stare</strong></span> <span class='ocrx_word' id='word_1_152' title='bbox 2586 869 2841 942; x_wconf 89' lang='lat' dir='ltr'><strong>imperat,</strong></span> <span class='ocrx_word' id='word_1_153' title='bbox 2875 871 3122 941; x_wconf 83' lang='lat' dir='ltr'><strong>postulat</strong></span> <span class='ocrx_word' id='word_1_154' title='bbox 3155 871 3454 942; x_wconf 84' lang='lat' dir='ltr'><strong>imprimis,</strong></span> 
     </span>
    </p>
   </div>
   <div class='ocr_carea' id='block_1_24' title="bbox 1862 966 3456 1035">
    <p class='ocr_par' dir='ltr' id='par_1_24' title="bbox 1862 966 3456 1035">
     <span class='ocr_line' id='line_1_24' title="bbox 1862 966 3456 1035; baseline 0.001 -15"><span class='ocrx_word' id='word_1_155' title='bbox 1862 973 1923 1021; x_wconf 77' lang='grc' dir='ltr'><strong>ιιι</strong></span> <span class='ocrx_word' id='word_1_156' title='bbox 1954 981 2110 1021; x_wconf 89' lang='lat' dir='ltr'><strong>suam</strong></span> <span class='ocrx_word' id='word_1_157' title='bbox 2164 967 2256 1021; x_wconf 91' lang='lat' dir='ltr'><strong>ille</strong></span> <span class='ocrx_word' id='word_1_158' title='bbox 2314 967 2487 1022; x_wconf 79' lang='lat' dir='ltr'><strong>exsist</strong></span> <span class='ocrx_word' id='word_1_159' title='bbox 2503 966 2706 1022; x_wconf 90' lang='lat' dir='ltr'><strong>entiam</strong></span> <span class='ocrx_word' id='word_1_160' title='bbox 2743 967 3116 1035; x_wconf 81' lang='lat' dir='ltr'><strong>demonstret,</strong></span> <span class='ocrx_word' id='word_1_161' title='bbox 3145 966 3367 1034; x_wconf 89' lang='lat' dir='ltr'><strong>deinde,</strong></span> <span class='ocrx_word' id='word_1_162' title='bbox 3393 975 3456 1022; x_wconf 93' lang='lat' dir='ltr'><strong>ut</strong></span> 
     </span>
    </p>
   </div>
   <div class='ocr_carea' id='block_1_25' title="bbox 1863 1057 3458 1130">
    <p class='ocr_par' dir='ltr' id='par_1_25' title="bbox 1863 1057 3458 1130">
     <span class='ocr_line' id='line_1_25' title="bbox 1863 1057 3458 1130; baseline 0 -16"><span class='ocrx_word' id='word_1_163' title='bbox 1863 1058 1938 1114; x_wconf 90' lang='lat' dir='ltr'><strong>sit</strong></span> <span class='ocrx_word' id='word_1_164' title='bbox 1982 1058 2038 1112; x_wconf 90' lang='lat' dir='ltr'><strong>in</strong></span> <span class='ocrx_word' id='word_1_165' title='bbox 2090 1057 2352 1115; x_wconf 61' lang='lat' dir='ltr'><strong>essentia</strong></span> <span class='ocrx_word' id='word_1_166' title='bbox 2399 1057 2992 1130; x_wconf 86' lang='lat' dir='ltr'><strong>hypostasi,denique,</strong></span> <span class='ocrx_word' id='word_1_167' title='bbox 3031 1068 3090 1113; x_wconf 92' lang='lat' dir='ltr'><strong>ut</strong></span> <span class='ocrx_word' id='word_1_168' title='bbox 3155 1060 3210 1114; x_wconf 91' lang='lat' dir='ltr'><strong>in</strong></span> <span class='ocrx_word' id='word_1_169' title='bbox 3272 1060 3458 1129; x_wconf 88' lang='lat' dir='ltr'><strong>seipso</strong></span> 
     </span>
    </p>
   </div>
   <div class='ocr_carea' id='block_1_26' title="bbox 1860 1151 3458 1223">
    <p class='ocr_par' dir='ltr' id='par_1_26' title="bbox 1860 1151 3458 1223">
     <span class='ocr_line' id='line_1_26' title="bbox 1860 1151 3458 1223; baseline 0.002 -19"><span class='ocrx_word' id='word_1_170' title='bbox 1860 1159 2080 1206; x_wconf 90' lang='lat' dir='ltr'><strong>maneat</strong></span> <span class='ocrx_word' id='word_1_171' title='bbox 2109 1158 2164 1206; x_wconf 92' lang='lat' dir='ltr'><strong>et</strong></span> <span class='ocrx_word' id='word_1_172' title='bbox 2189 1160 2424 1207; x_wconf 85' lang='lat' dir='ltr'><strong>constet.</strong></span> <span class='ocrx_word' id='word_1_173' title='bbox 2447 1151 2592 1205; x_wconf 77' lang='lat' dir='ltr'><strong>Voce</strong></span> <span class='ocrx_word' id='word_1_174' title='bbox 2623 1159 2885 1222; x_wconf 68' lang='lat' dir='ltr'><strong>praeterea</strong></span> <span class='ocrx_word' id='word_1_175' title='bbox 2917 1167 3053 1208; x_wconf 91' lang='lat' dir='ltr'><strong>usus</strong></span> <span class='ocrx_word' id='word_1_176' title='bbox 3073 1152 3308 1208; x_wconf 88' lang='lat' dir='ltr'><strong>rationis</strong></span> <span class='ocrx_word' id='word_1_177' title='bbox 3327 1168 3458 1223; x_wconf 89' lang='lat' dir='ltr'><strong>par-</strong></span> 
     </span>
    </p>
   </div>
   <div class='ocr_carea' id='block_1_27' title="bbox 1858 1241 3458 1317">
    <p class='ocr_par' dir='ltr' id='par_1_27' title="bbox 1858 1241 3458 1317">
     <span class='ocr_line' id='line_1_27' title="bbox 1858 1241 3458 1317; baseline 0.003 -22"><span class='ocrx_word' id='word_1_178' title='bbox 1858 1243 2048 1313; x_wconf 86' lang='lat' dir='ltr'><strong>ticipe,</strong></span> <span class='ocrx_word' id='word_1_179' title='bbox 2083 1241 2302 1314; x_wconf 89' lang='lat' dir='ltr'><strong>Deoque</strong></span> <span class='ocrx_word' id='word_1_180' title='bbox 2341 1243 2720 1307; x_wconf 78' lang='lat' dir='ltr'><strong>convenienti,</strong></span> <span class='ocrx_word' id='word_1_181' title='bbox 2761 1261 2878 1314; x_wconf 67' lang='lat' dir='ltr'><strong>quae</strong></span> <span class='ocrx_word' id='word_1_182' title='bbox 2921 1246 3098 1314; x_wconf 86' lang='lat' dir='ltr'><strong>prima</strong></span> <span class='ocrx_word' id='word_1_183' title='bbox 3125 1263 3341 1317; x_wconf 72' lang='lat' dir='ltr'><strong>qumque</strong></span> <span class='ocrx_word' id='word_1_184' title='bbox 3373 1247 3458 1299; x_wconf 85' lang='lat' dir='ltr'><strong>ul-</strong></span> 
     </span>
    </p>
   </div>
   <div class='ocr_carea' id='block_1_28' title="bbox 1863 1334 3458 1407">
    <p class='ocr_par' dir='ltr' id='par_1_28' title="bbox 1863 1334 3458 1407">
     <span class='ocr_line' id='line_1_28' title="bbox 1863 1334 3458 1407; baseline 0.003 -20"><span class='ocrx_word' id='word_1_185' title='bbox 1863 1336 2018 1401; x_wconf 85' lang='lat' dir='ltr'><strong>tima,</strong></span> <span class='ocrx_word' id='word_1_186' title='bbox 2067 1336 2270 1406; x_wconf 89' lang='lat' dir='ltr'><strong>inquit,</strong></span> <span class='ocrx_word' id='word_1_187' title='bbox 2315 1334 2619 1401; x_wconf 72' lang='lat' dir='ltr'><strong>annuntiat,</strong></span> <span class='ocrx_word' id='word_1_188' title='bbox 2663 1336 2732 1390; x_wconf 89' lang='lat' dir='ltr'><strong>ab</strong></span> <span class='ocrx_word' id='word_1_189' title='bbox 2789 1351 2856 1390; x_wconf 90' lang='lat' dir='ltr'><strong>eo</strong></span> <span class='ocrx_word' id='word_1_190' title='bbox 2902 1345 3148 1407; x_wconf 88' lang='lat' dir='ltr'><strong>tempore</strong></span> <span class='ocrx_word' id='word_1_191' title='bbox 3201 1352 3458 1403; x_wconf 80' lang='lat' dir='ltr'><strong>exorsus,</strong></span> 
     </span>
    </p>
   </div>
   <div class='ocr_carea' id='block_1_29' title="bbox 1861 1424 3461 1500">
    <p class='ocr_par' dir='ltr' id='par_1_29' title="bbox 1861 1424 3461 1500">
     <span class='ocr_line' id='line_1_29' title="bbox 1861 1424 3461 1500; baseline 0.004 -22"><span class='ocrx_word' id='word_1_192' title='bbox 1861 1441 1972 1496; x_wconf 91' lang='lat' dir='ltr'><strong>quo</strong></span> <span class='ocrx_word' id='word_1_193' title='bbox 2011 1424 2274 1480; x_wconf 84' lang='lat' dir='ltr'><strong>hominem</strong></span> <span class='ocrx_word' id='word_1_194' title='bbox 2315 1427 2547 1496; x_wconf 80' lang='lat' dir='ltr'><strong>formavi</strong></span> <span class='ocrx_word' id='word_1_195' title='bbox 2604 1426 2674 1480; x_wconf 84' lang='lat' dir='ltr'><strong>ad</strong></span> <span class='ocrx_word' id='word_1_196' title='bbox 2734 1443 2978 1497; x_wconf 67' lang='lat' dir='ltr'><strong>praesens</strong></span> <span class='ocrx_word' id='word_1_197' title='bbox 3024 1443 3219 1499; x_wconf 90' lang='lat' dir='ltr'><strong>usque,</strong></span> <span class='ocrx_word' id='word_1_198' title='bbox 3243 1438 3300 1483; x_wconf 92' lang='lat' dir='ltr'><strong>et</strong></span> <span class='ocrx_word' id='word_1_199' title='bbox 3337 1444 3461 1500; x_wconf 66' lang='lat' dir='ltr'><strong>qua:</strong></span> 
     </span>
    </p>
   </div>
   <div class='ocr_carea' id='block_1_30' title="bbox 1863 1518 3457 1592">
    <p class='ocr_par' dir='ltr' id='par_1_30' title="bbox 1863 1518 3457 1592">
     <span class='ocr_line' id='line_1_30' title="bbox 1863 1518 3457 1592; baseline 0.003 -22"><span class='ocrx_word' id='word_1_200' title='bbox 1863 1525 2084 1572; x_wconf 77' lang='lat' dir='ltr'><strong>uentura</strong></span> <span class='ocrx_word' id='word_1_201' title='bbox 2117 1519 2306 1585; x_wconf 91' lang='lat' dir='ltr'><strong>etiam,</strong></span> <span class='ocrx_word' id='word_1_202' title='bbox 2349 1518 2818 1590; x_wconf 87' lang='lat' dir='ltr'><strong>quemadmodum</strong></span> <span class='ocrx_word' id='word_1_203' title='bbox 2850 1521 2898 1574; x_wconf 90' lang='lat' dir='ltr'><strong>ei</strong></span> <span class='ocrx_word' id='word_1_204' title='bbox 2935 1521 3053 1591; x_wconf 90' lang='lat' dir='ltr'><strong>ipse</strong></span> <span class='ocrx_word' id='word_1_205' title='bbox 3107 1523 3281 1590; x_wconf 86' lang='lat' dir='ltr'><strong>prima</strong></span> <span class='ocrx_word' id='word_1_206' title='bbox 3332 1521 3457 1592; x_wconf 86' lang='lat' dir='ltr'><strong>qui-</strong></span> 
     </span>
    </p>
   </div>
   <div class='ocr_carea' id='block_1_31' title="bbox 1871 1610 3454 1680">
    <p class='ocr_par' dir='ltr' id='par_1_31' title="bbox 1871 1610 3454 1680">
     <span class='ocr_line' id='line_1_31' title="bbox 1871 1610 3454 1680; baseline 0.002 -17"><span class='ocrx_word' id='word_1_207' title='bbox 1871 1610 1995 1664; x_wconf 88' lang='lat' dir='ltr'><strong>dem</strong></span> <span class='ocrx_word' id='word_1_208' title='bbox 2030 1625 2128 1680; x_wconf 89' lang='lat' dir='ltr'><strong>per</strong></span> <span class='ocrx_word' id='word_1_209' title='bbox 2165 1617 2370 1673; x_wconf 74' lang='lat' dir='ltr'><strong>Mosen,</strong></span> <span class='ocrx_word' id='word_1_210' title='bbox 2399 1619 2598 1665; x_wconf 61' lang='lat' dir='ltr'><strong>caetera</strong></span> <span class='ocrx_word' id='word_1_211' title='bbox 2650 1619 2833 1665; x_wconf 90' lang='lat' dir='ltr'><strong>autem</strong></span> <span class='ocrx_word' id='word_1_212' title='bbox 2870 1612 2939 1666; x_wconf 90' lang='lat' dir='ltr'><strong>de</strong></span> <span class='ocrx_word' id='word_1_213' title='bbox 2970 1612 3178 1667; x_wconf 87' lang='lat' dir='ltr'><strong>Christi</strong></span> <span class='ocrx_word' id='word_1_214' title='bbox 3217 1613 3454 1668; x_wconf 84' lang='lat' dir='ltr'><strong>adventu</strong></span> 
     </span>
    </p>
   </div>
   <div class='ocr_carea' id='block_1_32' title="bbox 171 1695 3452 1777">
    <p class='ocr_par' dir='ltr' id='par_1_32' title="bbox 171 1695 3452 1777">
     <span class='ocr_line' id='line_1_32' title="bbox 171 1695 3452 1777; baseline -0 -17"><span class='ocrx_word' id='word_1_215' title='bbox 171 1723 260 1777; x_wconf 83' lang='lat' dir='ltr'><strong>per</strong></span> <span class='ocrx_word' id='word_1_216' title='bbox 288 1707 570 1768; x_wconf 86' lang='lat' dir='ltr'><strong>eumdem,</strong></span> <span class='ocrx_word' id='word_1_217' title='bbox 605 1706 1015 1775; x_wconf 81' lang='lat' dir='ltr'><strong>prophetasque</strong></span> <span class='ocrx_word' id='word_1_218' title='bbox 1059 1701 1198 1754; x_wconf 89' lang='lat' dir='ltr'><strong>alios</strong></span> <span class='ocrx_word' id='word_1_219' title='bbox 1251 1697 1465 1770; x_wconf 88' lang='lat' dir='ltr'><strong>aperui.</strong></span> <span class='ocrx_word' id='word_1_220' title='bbox 1492 1695 1552 1750; x_wconf 83' lang='lat' dir='ltr'><strong>Ei</strong></span> <span class='ocrx_word' id='word_1_221' title='bbox 1587 1696 1885 1768; x_wconf 90' lang='lat' dir='ltr'><strong>siquidem,</strong></span> <span class='ocrx_word' id='word_1_222' title='bbox 1919 1700 2015 1770; x_wconf 89' lang='lat' dir='ltr'><strong>qui</strong></span> <span class='ocrx_word' id='word_1_223' title='bbox 2074 1709 2274 1756; x_wconf 87' lang='lat' dir='ltr'><strong>natura</strong></span> <span class='ocrx_word' id='word_1_224' title='bbox 2310 1701 2452 1756; x_wconf 85' lang='lat' dir='ltr'><strong>Deus</strong></span> <span class='ocrx_word' id='word_1_225' title='bbox 2512 1701 2608 1766; x_wconf 86' lang='lat' dir='ltr'><strong>sit,</strong></span> <span class='ocrx_word' id='word_1_226' title='bbox 2679 1705 2971 1772; x_wconf 68' lang='lat' dir='ltr'><strong>praesentia</strong></span> <span class='ocrx_word' id='word_1_227' title='bbox 3044 1713 3176 1759; x_wconf 86' lang='lat' dir='ltr'><strong>sunt</strong></span> <span class='ocrx_word' id='word_1_228' title='bbox 3243 1703 3452 1768; x_wconf 87' lang='lat' dir='ltr'><strong>omnia,</strong></span> 
     </span>
    </p>
   </div>
   <div class='ocr_carea' id='block_1_33' title="bbox 170 1792 2913 1868">
    <p class='ocr_par' dir='ltr' id='par_1_33' title="bbox 170 1792 2913 1868">
     <span class='ocr_line' id='line_1_33' title="bbox 170 1792 2913 1868; baseline -0.001 -16"><span class='ocrx_word' id='word_1_229' title='bbox 170 1799 430 1868; x_wconf 91' lang='lat' dir='ltr'><strong>nulloque</strong></span> <span class='ocrx_word' id='word_1_230' title='bbox 473 1797 575 1868; x_wconf 85' lang='lat' dir='ltr'><strong>ipsi</strong></span> <span class='ocrx_word' id='word_1_231' title='bbox 608 1795 950 1866; x_wconf 80' lang='lat' dir='ltr'><strong>cognitionis</strong></span> <span class='ocrx_word' id='word_1_232' title='bbox 979 1792 1306 1847; x_wconf 88' lang='lat' dir='ltr'><strong>discrimine</strong></span> <span class='ocrx_word' id='word_1_233' title='bbox 1335 1805 1398 1844; x_wconf 88' lang='lat' dir='ltr'><strong>ea</strong></span> <span class='ocrx_word' id='word_1_234' title='bbox 1429 1794 1618 1855; x_wconf 88' lang='lat' dir='ltr'><strong>etiam,</strong></span> <span class='ocrx_word' id='word_1_235' title='bbox 1647 1805 1769 1858; x_wconf 60' lang='lat' dir='ltr'><strong>quas</strong></span> <span class='ocrx_word' id='word_1_236' title='bbox 1807 1799 2056 1861; x_wconf 85' lang='lat' dir='ltr'><strong>tempore</strong></span> <span class='ocrx_word' id='word_1_237' title='bbox 2090 1794 2531 1865; x_wconf 89' lang='lat' dir='ltr'><strong>distinguuntur,</strong></span> <span class='ocrx_word' id='word_1_238' title='bbox 2563 1803 2913 1863; x_wconf 87' lang='lat' dir='ltr'><strong>separantur.</strong></span> 
     </span>
    </p>
   </div>
   <div class='ocr_carea' id='block_1_34' title="bbox 249 1883 1770 1961">
    <p class='ocr_par' dir='ltr' id='par_1_34' title="bbox 249 1884 1770 1961">
     <span class='ocr_line' id='line_1_34' title="bbox 249 1884 1770 1961; baseline -0.005 -16"><span class='ocrx_word' id='word_1_239' title='bbox 249 1892 413 1945; x_wconf 81' lang='grc' dir='ltr'>’Δλλά</span> <span class='ocrx_word' id='word_1_240' title='bbox 439 1892 549 1960; x_wconf 71' lang='grc' dir='ltr'><strong>γὰρ</strong></span> <span class='ocrx_word' id='word_1_241' title='bbox 577 1900 598 1926; x_wconf 79' lang='grc'>⁸</span> <span class='ocrx_word' id='word_1_242' title='bbox 628 1890 705 1961; x_wconf 85' lang='grc' dir='ltr'>μὴ</span> <span class='ocrx_word' id='word_1_243' title='bbox 727 1886 1206 1960; x_wconf 77' lang='grc' dir='ltr'>συσχηματίζεσθε</span> <span class='ocrx_word' id='word_1_244' title='bbox 1230 1884 1770 1957; x_wconf 76' lang='grc' dir='ltr'>ἐγκαλυπτόμενοι,</span> 
     </span>
    </p>
   </div>
   <div class='ocr_carea' id='block_1_35' title="bbox 1877 1883 3463 1961">
    <p class='ocr_par' dir='ltr' id='par_1_35' title="bbox 1951 1883 3463 1958">
     <span class='ocr_line' id='line_1_35' title="bbox 1951 1883 3463 1958; baseline 0 -20"><span class='ocrx_word' id='word_1_245' title='bbox 1951 1883 2143 1942; x_wconf 82' lang='lat' dir='ltr'><strong>Videte</strong></span> <span class='ocrx_word' id='word_1_246' title='bbox 2191 1887 2362 1958; x_wconf 89' lang='lat' dir='ltr'><strong>igitur</strong></span> <span class='ocrx_word' id='word_1_247' title='bbox 2395 1903 2466 1942; x_wconf 92' lang='lat' dir='ltr'><strong>ne</strong></span> <span class='ocrx_word' id='word_1_248' title='bbox 2509 1888 2600 1941; x_wconf 83' lang='lat' dir='ltr'><strong>alii</strong></span> <span class='ocrx_word' id='word_1_249' title='bbox 2689 1886 3112 1942; x_wconf 79' lang='lat' dir='ltr'><strong>conformemini</strong></span> <span class='ocrx_word' id='word_1_250' title='bbox 3164 1883 3463 1942; x_wconf 77' lang='lat' dir='ltr'><strong>absconditi</strong></span> 
     </span>
    </p>
   </div>
   <div class='ocr_carea' id='block_1_36' title="bbox 169 1975 1771 2054">
    <p class='ocr_par' dir='ltr' id='par_1_36' title="bbox 169 1975 1771 2054">
     <span class='ocr_line' id='line_1_36' title="bbox 169 1975 1771 2054; baseline -0.006 -14"><span class='ocrx_word' id='word_1_251' title='bbox 169 1989 239 2050; x_wconf 82' lang='grc' dir='ltr'><strong>ὡς</strong></span> <span class='ocrx_word' id='word_1_252' title='bbox 262 1986 469 2047; x_wconf 78' lang='grc' dir='ltr'>είδὸτες</span> <span class='ocrx_word' id='word_1_253' title='bbox 502 1983 602 2054; x_wconf 82' lang='grc' dir='ltr'>μέν</span> <span class='ocrx_word' id='word_1_254' title='bbox 643 2000 718 2047; x_wconf 86' lang='grc' dir='ltr'><strong>τι,</strong></span> <span class='ocrx_word' id='word_1_255' title='bbox 746 1981 820 2052; x_wconf 80' lang='grc' dir='ltr'>μὴ</span> <span class='ocrx_word' id='word_1_256' title='bbox 844 1979 1160 2052; x_wconf 81' lang='grc' dir='ltr'>βουλόμενοι</span> <span class='ocrx_word' id='word_1_257' title='bbox 1184 1978 1240 2032; x_wconf 77' lang='grc' dir='ltr'><strong>δὲ</strong></span> <span class='ocrx_word' id='word_1_258' title='bbox 1261 1977 1463 2047; x_wconf 77' lang='grc' dir='ltr'>λέγειν.</span> <span class='ocrx_word' id='word_1_259' title='bbox 1522 1979 1605 2032; x_wconf 85' lang='grc' dir='ltr'><strong>Οὐ</strong></span> <span class='ocrx_word' id='word_1_260' title='bbox 1659 1975 1771 2047; x_wconf 76' lang='grc' dir='ltr'>γὰρ</span> 
     </span>
    </p>
   </div>
   <div class='ocr_carea' id='block_1_37' title="bbox 168 2068 1769 2149">
    <p class='ocr_par' dir='ltr' id='par_1_37' title="bbox 168 2068 1769 2149">
     <span class='ocr_line' id='line_1_37' title="bbox 168 2068 1769 2149; baseline -0.007 -16"><span class='ocrx_word' id='word_1_261' title='bbox 168 2081 492 2149; x_wconf 77' lang='grc' dir='ltr'>ἠκούσατε,</span> <span class='ocrx_word' id='word_1_262' title='bbox 519 2077 706 2147; x_wconf 70' lang='grc' dir='ltr'>φησὶν,</span> <span class='ocrx_word' id='word_1_263' title='bbox 730 2073 832 2128; x_wconf 78' lang='grc' dir='ltr'><strong>ἀπ’</strong></span> <span class='ocrx_word' id='word_1_264' title='bbox 865 2073 1084 2143; x_wconf 79' lang='grc' dir='ltr'>ἀρχῆς,</span> <span class='ocrx_word' id='word_1_265' title='bbox 1116 2071 1239 2125; x_wconf 81' lang='grc' dir='ltr'>οὑδὲ</span> <span class='ocrx_word' id='word_1_266' title='bbox 1295 2071 1498 2141; x_wconf 75' lang='grc' dir='ltr'>ἔγνωτε</span> <span class='ocrx_word' id='word_1_267' title='bbox 1525 2068 1769 2123; x_wconf 88' lang='grc' dir='ltr'>τοιοῦτον</span> 
     </span>
    </p>
   </div>
   <div class='ocr_carea' id='block_1_38' title="bbox 167 2159 1774 2238">
    <p class='ocr_par' dir='ltr' id='par_1_38' title="bbox 167 2159 1774 2238">
     <span class='ocr_line' id='line_1_38' title="bbox 167 2159 1774 2238; baseline -0.007 -15"><span class='ocrx_word' id='word_1_268' title='bbox 167 2169 334 2228; x_wconf 65' lang='grc' dir='ltr'>οὐδὲν.</span> <span class='ocrx_word' id='word_1_269' title='bbox 362 2167 439 2232; x_wconf 86' lang='grc' dir='ltr'><strong>ώς</strong></span> <span class='ocrx_word' id='word_1_270' title='bbox 465 2167 576 2236; x_wconf 78' lang='grc' dir='ltr'>ἐγὼ</span> <span class='ocrx_word' id='word_1_271' title='bbox 601 2164 912 2238; x_wconf 74' lang='grc' dir='ltr'>πρόγνωσίν</span> <span class='ocrx_word' id='word_1_272' title='bbox 932 2181 990 2217; x_wconf 87' lang='grc' dir='ltr'><strong>τε</strong></span> <span class='ocrx_word' id='word_1_273' title='bbox 1017 2162 1117 2233; x_wconf 84' lang='grc' dir='ltr'>τὴν</span> <span class='ocrx_word' id='word_1_274' title='bbox 1140 2165 1163 2215; x_wconf 78' lang='grc' dir='ltr'>ὲ</span> <span class='ocrx_word' id='word_1_275' title='bbox 1173 2161 1280 2234; x_wconf 81' lang='grc' dir='ltr'><strong>μὴν</strong></span> <span class='ocrx_word' id='word_1_276' title='bbox 1321 2161 1415 2215; x_wconf 79' lang='grc' dir='ltr'><strong>καὶ</strong></span> <span class='ocrx_word' id='word_1_277' title='bbox 1441 2159 1630 2223; x_wconf 84' lang='grc' dir='ltr'>θεῖκάς</span> <span class='ocrx_word' id='word_1_278' title='bbox 1672 2160 1774 2212; x_wconf 84' lang='grc' dir='ltr'><strong>ὲπ-</strong></span> 
     </span>
    </p>
   </div>
   <div class='ocr_carea' id='block_1_39' title="bbox 178 2249 1772 2329">
    <p class='ocr_par' dir='ltr' id='par_1_39' title="bbox 178 2249 1772 2329">
     <span class='ocr_line' id='line_1_39' title="bbox 178 2249 1772 2329; baseline -0.008 -13"><span class='ocrx_word' id='word_1_279' title='bbox 178 2260 361 2327; x_wconf 69' lang='grc' dir='ltr'>ἔδειξα</span> <span class='ocrx_word' id='word_1_280' title='bbox 386 2258 638 2329; x_wconf 82' lang='grc' dir='ltr'>πράξεις.</span> <span class='ocrx_word' id='word_1_281' title='bbox 664 2252 765 2310; x_wconf 79' lang='grc' dir='ltr'>Ὧν</span> <span class='ocrx_word' id='word_1_282' title='bbox 795 2257 952 2328; x_wconf 80' lang='grc' dir='ltr'>ὑμεῖς</span> <span class='ocrx_word' id='word_1_283' title='bbox 980 2255 1278 2326; x_wconf 86' lang='grc' dir='ltr'>μάρτυρες,</span> <span class='ocrx_word' id='word_1_284' title='bbox 1306 2254 1421 2308; x_wconf 81' lang='grc' dir='ltr'>ὅσοι</span> <span class='ocrx_word' id='word_1_285' title='bbox 1441 2252 1510 2306; x_wconf 86' lang='grc' dir='ltr'>τὰ</span> <span class='ocrx_word' id='word_1_286' title='bbox 1528 2249 1772 2312; x_wconf 82' lang='grc' dir='ltr'>Μωσέως</span> 
     </span>
    </p>
   </div>
   <div class='ocr_carea' id='block_1_40' title="bbox 169 2341 1774 2420">
    <p class='ocr_par' dir='ltr' id='par_1_40' title="bbox 169 2341 1774 2420">
     <span class='ocr_line' id='line_1_40' title="bbox 169 2341 1774 2420; baseline -0.006 -16"><span class='ocrx_word' id='word_1_287' title='bbox 169 2353 258 2409; x_wconf 80' lang='grc' dir='ltr'>καὶ</span> <span class='ocrx_word' id='word_1_288' title='bbox 280 2351 392 2404; x_wconf 84' lang='grc' dir='ltr'>τῶν</span> <span class='ocrx_word' id='word_1_289' title='bbox 427 2349 547 2420; x_wconf 87' lang='grc' dir='ltr'>μετ’</span> <span class='ocrx_word' id='word_1_290' title='bbox 578 2349 745 2402; x_wconf 78' lang='grc' dir='ltr'>αὑτὸν</span> <span class='ocrx_word' id='word_1_291' title='bbox 771 2347 1050 2416; x_wconf 80' lang='grc' dir='ltr'>ἐγνώκατε</span> <span class='ocrx_word' id='word_1_292' title='bbox 1075 2346 1256 2414; x_wconf 80' lang='grc' dir='ltr'>λόγια,</span> <span class='ocrx_word' id='word_1_293' title='bbox 1281 2345 1352 2397; x_wconf 75' lang='grc' dir='ltr'>τὰ</span> <span class='ocrx_word' id='word_1_294' title='bbox 1403 2345 1464 2397; x_wconf 83' lang='grc' dir='ltr'>ὲν</span> <span class='ocrx_word' id='word_1_295' title='bbox 1509 2341 1774 2412; x_wconf 80' lang='grc' dir='ltr'><strong>Αἰγύπτῳ</strong></span> 
     </span>
    </p>
   </div>
   <div class='ocr_carea' id='block_1_41' title="bbox 169 2433 1771 2512">
    <p class='ocr_par' dir='ltr' id='par_1_41' title="bbox 169 2433 1771 2512">
     <span class='ocr_line' id='line_1_41' title="bbox 169 2433 1771 2512; baseline -0.006 -18"><span class='ocrx_word' id='word_1_296' title='bbox 169 2441 448 2512; x_wconf 77' lang='grc' dir='ltr'>Θαύματα,</span> <span class='ocrx_word' id='word_1_297' title='bbox 482 2441 576 2494; x_wconf 72' lang='grc' dir='ltr'>καὶ</span> <span class='ocrx_word' id='word_1_298' title='bbox 611 2439 750 2511; x_wconf 86' lang='grc' dir='ltr'><strong>μετά</strong></span> <span class='ocrx_word' id='word_1_299' title='bbox 771 2438 980 2508; x_wconf 86' lang='grc' dir='ltr'>ταύτην</span> <span class='ocrx_word' id='word_1_300' title='bbox 1002 2437 1365 2506; x_wconf 78' lang='grc' dir='ltr'><strong>ἀγγέλλοντα,</strong></span> <span class='ocrx_word' id='word_1_301' title='bbox 1398 2435 1494 2489; x_wconf 69' lang='grc' dir='ltr'><strong>καὶ</strong></span> <span class='ocrx_word' id='word_1_302' title='bbox 1525 2434 1627 2504; x_wconf 80' lang='grc' dir='ltr'><strong>τῆς</strong></span> <span class='ocrx_word' id='word_1_303' title='bbox 1650 2433 1771 2486; x_wconf 88' lang='grc' dir='ltr'>κτί-</span> 
     </span>
    </p>
   </div>
   <div class='ocr_carea' id='block_1_42' title="bbox 171 2524 1769 2605">
    <p class='ocr_par' dir='ltr' id='par_1_42' title="bbox 171 2524 1769 2605">
     <span class='ocr_line' id='line_1_42' title="bbox 171 2524 1769 2605; baseline -0.007 -17"><span class='ocrx_word' id='word_1_304' title='bbox 171 2551 304 2597; x_wconf 83' lang='grc' dir='ltr'>σεως</span> <span class='ocrx_word' id='word_1_305' title='bbox 357 2534 531 2605; x_wconf 82' lang='grc' dir='ltr'>αὑτῆς</span> <span class='ocrx_word' id='word_1_306' title='bbox 573 2531 647 2596; x_wconf 91' lang='grc' dir='ltr'><strong>ώς</strong></span> <span class='ocrx_word' id='word_1_307' title='bbox 695 2532 760 2601; x_wconf 82' lang='grc' dir='ltr'><strong>δὴ</strong></span> <span class='ocrx_word' id='word_1_308' title='bbox 828 2532 1079 2603; x_wconf 77' lang='grc' dir='ltr'>Δεσπότῃ</span> <span class='ocrx_word' id='word_1_309' title='bbox 1136 2528 1560 2600; x_wconf 81' lang='grc' dir='ltr'>συγκινηθείσης</span> <span class='ocrx_word' id='word_1_310' title='bbox 1626 2524 1769 2597; x_wconf 76' lang='grc' dir='ltr'>ἐμοί.</span> 
     </span>
    </p>
   </div>
   <div class='ocr_carea' id='block_1_43' title="bbox 170 2619 1772 2696">
    <p class='ocr_par' dir='ltr' id='par_1_43' title="bbox 170 2619 1772 2696">
     <span class='ocr_line' id='line_1_43' title="bbox 170 2619 1772 2696; baseline -0.005 -17"><span class='ocrx_word' id='word_1_311' title='bbox 170 2625 354 2680; x_wconf 80' lang='grc' dir='ltr'>Ταῦτα</span> <span class='ocrx_word' id='word_1_312' title='bbox 404 2626 518 2696; x_wconf 77' lang='grc' dir='ltr'>γὰρ</span> <span class='ocrx_word' id='word_1_313' title='bbox 561 2623 696 2688; x_wconf 79' lang='grc' dir='ltr'>ἰδίας</span> <span class='ocrx_word' id='word_1_314' title='bbox 753 2624 1012 2678; x_wconf 77' lang='grc' dir='ltr'>ἐκάλεσεν</span> <span class='ocrx_word' id='word_1_315' title='bbox 1056 2624 1280 2694; x_wconf 76' lang='grc' dir='ltr'>ἀρετάς,</span> <span class='ocrx_word' id='word_1_316' title='bbox 1337 2621 1403 2684; x_wconf 79' lang='grc' dir='ltr'><strong>ἃς</strong></span> <span class='ocrx_word' id='word_1_317' title='bbox 1457 2619 1772 2690; x_wconf 83' lang='grc' dir='ltr'>ὲνεργοῦντι</span> 
     </span>
    </p>
   </div>
   <div class='ocr_carea' id='block_1_44' title="bbox 169 2713 1776 2789">
    <p class='ocr_par' dir='ltr' id='par_1_44' title="bbox 169 2713 1776 2789">
     <span class='ocr_line' id='line_1_44' title="bbox 169 2713 1776 2789; baseline -0.004 -18"><span class='ocrx_word' id='word_1_318' title='bbox 169 2718 376 2771; x_wconf 77' lang='grc' dir='ltr'>τούτων</span> <span class='ocrx_word' id='word_1_319' title='bbox 397 2713 468 2789; x_wconf 79' lang='grc' dir='ltr'>ἦν</span> <span class='ocrx_word' id='word_1_320' title='bbox 497 2717 674 2780; x_wconf 72' lang='grc' dir='ltr'>οὐδεὶς</span> <span class='ocrx_word' id='word_1_321' title='bbox 701 2717 798 2770; x_wconf 75' lang='grc' dir='ltr'><strong>σὺν</strong></span> <span class='ocrx_word' id='word_1_322' title='bbox 836 2717 983 2787; x_wconf 71' lang='grc' dir='ltr'>ἐμοὶ,</span> <span class='ocrx_word' id='word_1_323' title='bbox 1007 2715 1122 2768; x_wconf 86' lang='grc' dir='ltr'>ἀλλ’</span> <span class='ocrx_word' id='word_1_324' title='bbox 1147 2715 1269 2767; x_wconf 80' lang='grc' dir='ltr'>οὐδὲ</span> <span class='ocrx_word' id='word_1_325' title='bbox 1321 2713 1430 2784; x_wconf 76' lang='grc' dir='ltr'>πρὸ</span> <span class='ocrx_word' id='word_1_326' title='bbox 1476 2713 1568 2766; x_wconf 91' lang='grc' dir='ltr'><strong>τοῦ</strong></span> <span class='ocrx_word' id='word_1_327' title='bbox 1608 2729 1776 2765; x_wconf 91' lang='grc' dir='ltr'>κατα-</span> 
     </span>
    </p>
   </div>
   <div class='ocr_carea' id='block_1_45' title="bbox 171 2802 1770 2882">
    <p class='ocr_par' dir='ltr' id='par_1_45' title="bbox 171 2802 1770 2882">
     <span class='ocr_line' id='line_1_45' title="bbox 171 2802 1770 2882; baseline -0.004 -18"><span class='ocrx_word' id='word_1_328' title='bbox 171 2812 442 2881; x_wconf 82' lang='grc' dir='ltr'>κλυσμοῦ,</span> <span class='ocrx_word' id='word_1_329' title='bbox 478 2811 566 2864; x_wconf 79' lang='grc' dir='ltr'>ὅτε</span> <span class='ocrx_word' id='word_1_330' title='bbox 599 2810 733 2882; x_wconf 77' lang='grc' dir='ltr'>μηδὲ</span> <span class='ocrx_word' id='word_1_331' title='bbox 778 2809 888 2863; x_wconf 83' lang='grc' dir='ltr'><strong>τῶν</strong></span> <span class='ocrx_word' id='word_1_332' title='bbox 939 2808 1177 2862; x_wconf 81' lang='grc' dir='ltr'><strong>εἰδώλων</strong></span> <span class='ocrx_word' id='word_1_333' title='bbox 1238 2802 1378 2878; x_wconf 75' lang='grc' dir='ltr'>ἦσαν</span> <span class='ocrx_word' id='word_1_334' title='bbox 1426 2806 1770 2878; x_wconf 78' lang='grc' dir='ltr'>δημιουργοὶ,</span> 
     </span>
    </p>
   </div>
   <div class='ocr_carea' id='block_1_46' title="bbox 173 2897 1774 2975">
    <p class='ocr_par' dir='ltr' id='par_1_46' title="bbox 173 2897 1774 2975">
     <span class='ocr_line' id='line_1_46' title="bbox 173 2897 1774 2975; baseline -0.006 -17"><span class='ocrx_word' id='word_1_335' title='bbox 173 2907 425 2975; x_wconf 77' lang='grc' dir='ltr'>καθάπερ</span> <span class='ocrx_word' id='word_1_336' title='bbox 458 2905 576 2957; x_wconf 75' lang='grc' dir='ltr'>ἴστε</span> <span class='ocrx_word' id='word_1_337' title='bbox 608 2903 704 2956; x_wconf 73' lang='grc' dir='ltr'>καὶ</span> <span class='ocrx_word' id='word_1_338' title='bbox 723 2903 902 2972; x_wconf 81' lang='grc' dir='ltr'>ὑμεῖς,</span> <span class='ocrx_word' id='word_1_339' title='bbox 927 2901 1004 2965; x_wconf 90' lang='grc' dir='ltr'><strong>ώς</strong></span> <span class='ocrx_word' id='word_1_340' title='bbox 1037 2902 1107 2954; x_wconf 79' lang='grc' dir='ltr'><strong>ἐν</strong></span> <span class='ocrx_word' id='word_1_341' title='bbox 1136 2897 1295 2970; x_wconf 78' lang='grc' dir='ltr'>ἀρχῇ</span> <span class='ocrx_word' id='word_1_342' title='bbox 1318 2897 1410 2952; x_wconf 90' lang='grc' dir='ltr'><strong>τοῦ</strong></span> <span class='ocrx_word' id='word_1_343' title='bbox 1432 2898 1628 2969; x_wconf 84' lang='grc' dir='ltr'>Θνητοῦ</span> <span class='ocrx_word' id='word_1_344' title='bbox 1657 2897 1774 2969; x_wconf 85' lang='grc' dir='ltr'>βίου</span> 
     </span>
    </p>
   </div>
   <div class='ocr_carea' id='block_1_47' title="bbox 177 2990 1775 3068">
    <p class='ocr_par' dir='ltr' id='par_1_47' title="bbox 177 2990 1775 3068">
     <span class='ocr_line' id='line_1_47' title="bbox 177 2990 1775 3068; baseline -0.005 -17"><span class='ocrx_word' id='word_1_345' title='bbox 177 2999 378 3051; x_wconf 77' lang='grc' dir='ltr'>τούτων</span> <span class='ocrx_word' id='word_1_346' title='bbox 407 2996 658 3068; x_wconf 78' lang='grc' dir='ltr'>ὑπῆρχεν</span> <span class='ocrx_word' id='word_1_347' title='bbox 682 2996 854 3049; x_wconf 74' lang='grc' dir='ltr'>οὐδέν.</span> <span class='ocrx_word' id='word_1_348' title='bbox 893 2995 957 3047; x_wconf 81' lang='lat' dir='ltr'><strong>Ui.</strong></span> <span class='ocrx_word' id='word_1_349' title='bbox 993 2995 1051 3047; x_wconf 81' lang='grc' dir='ltr'>δὲ</span> <span class='ocrx_word' id='word_1_350' title='bbox 1084 2995 1228 3065; x_wconf 88' lang='grc' dir='ltr'><strong>μετά</strong></span> <span class='ocrx_word' id='word_1_351' title='bbox 1259 2991 1436 3046; x_wconf 86' lang='grc' dir='ltr'>ταῦτα</span> <span class='ocrx_word' id='word_1_352' title='bbox 1488 2990 1775 3061; x_wconf 87' lang='grc' dir='ltr'>γενόμενοι</span> 
     </span>
    </p>
   </div>
   <div class='ocr_carea' id='block_1_48' title="bbox 185 3085 1775 3160">
    <p class='ocr_par' dir='ltr' id='par_1_48' title="bbox 185 3085 1775 3160">
     <span class='ocr_line' id='line_1_48' title="bbox 185 3085 1775 3160; baseline -0.006 -14"><span class='ocrx_word' id='word_1_353' title='bbox 185 3092 484 3146; x_wconf 75' lang='grc' dir='ltr'>παύσονται</span> <span class='ocrx_word' id='word_1_354' title='bbox 510 3091 609 3160; x_wconf 78' lang='grc' dir='ltr'><strong>τῆς</strong></span> <span class='ocrx_word' id='word_1_355' title='bbox 637 3089 844 3158; x_wconf 84' lang='grc' dir='ltr'>πλάνης</span> <span class='ocrx_word' id='word_1_356' title='bbox 871 3087 1415 3159; x_wconf 77' lang='grc' dir='ltr'>ἐγκαλυπτόμενοι.</span> <span class='ocrx_word' id='word_1_357' title='bbox 1455 3085 1775 3157; x_wconf 81' lang='grc' dir='ltr'>Ἐπιμένον-</span> 
     </span>
    </p>
   </div>
   <div class='ocr_carea' id='block_1_49' title="bbox 180 3179 1771 3253">
    <p class='ocr_par' dir='ltr' id='par_1_49' title="bbox 180 3179 1771 3253">
     <span class='ocr_line' id='line_1_49' title="bbox 180 3179 1771 3253; baseline -0.004 -15"><span class='ocrx_word' id='word_1_358' title='bbox 180 3203 258 3248; x_wconf 87' lang='grc' dir='ltr'><strong>τες</strong></span> <span class='ocrx_word' id='word_1_359' title='bbox 284 3186 350 3240; x_wconf 79' lang='grc' dir='ltr'><strong>δὲ</strong></span> <span class='ocrx_word' id='word_1_360' title='bbox 377 3183 527 3239; x_wconf 87' lang='grc' dir='ltr'><strong>κατά</strong></span> <span class='ocrx_word' id='word_1_361' title='bbox 553 3184 646 3238; x_wconf 81' lang='grc' dir='ltr'><strong>τὸν</strong></span> <span class='ocrx_word' id='word_1_362' title='bbox 684 3184 783 3245; x_wconf 80' lang='grc' dir='ltr'>τῆς</span> <span class='ocrx_word' id='word_1_363' title='bbox 818 3182 1151 3253; x_wconf 79' lang='grc' dir='ltr'>ἐκδικήσεως</span> <span class='ocrx_word' id='word_1_364' title='bbox 1202 3180 1524 3234; x_wconf 81' lang='grc' dir='ltr'>ἀπολοῦνται</span> <span class='ocrx_word' id='word_1_365' title='bbox 1557 3179 1771 3249; x_wconf 84' lang='grc' dir='ltr'>καιρόν.</span> 
     </span>
    </p>
   </div>
   <div class='ocr_carea' id='block_1_50' title="bbox 1875 1980 3461 2052">
    <p class='ocr_par' dir='ltr' id='par_1_50' title="bbox 1875 1980 3461 2052">
     <span class='ocr_line' id='line_1_50' title="bbox 1875 1980 3461 2052; baseline 0.002 -19"><span class='ocrx_word' id='word_1_366' title='bbox 1875 1987 2138 2051; x_wconf 84' lang='lat' dir='ltr'><strong>tanquam</strong></span> <span class='ocrx_word' id='word_1_367' title='bbox 2184 1982 2423 2038; x_wconf 86' lang='lat' dir='ltr'><strong>scientes</strong></span> <span class='ocrx_word' id='word_1_368' title='bbox 2457 1981 2681 2052; x_wconf 88' lang='lat' dir='ltr'><strong>quidem</strong></span> <span class='ocrx_word' id='word_1_369' title='bbox 2719 1981 2953 2051; x_wconf 81' lang='lat' dir='ltr'><strong>aliquid,</strong></span> <span class='ocrx_word' id='word_1_370' title='bbox 2989 1983 3086 2036; x_wconf 87' lang='lat' dir='ltr'><strong>sed</strong></span> <span class='ocrx_word' id='word_1_371' title='bbox 3131 1980 3330 2036; x_wconf 67' lang='lat' dir='ltr'><strong>ell‘erre</strong></span> <span class='ocrx_word' id='word_1_372' title='bbox 3361 1997 3461 2036; x_wconf 88' lang='lat' dir='ltr'><strong>no-</strong></span> 
     </span>
    </p>
   </div>
   <div class='ocr_carea' id='block_1_51' title="bbox 1873 2071 3461 2143">
    <p class='ocr_par' dir='ltr' id='par_1_51' title="bbox 1873 2071 3461 2143">
     <span class='ocr_line' id='line_1_51' title="bbox 1873 2071 3461 2143; baseline -0.001 -15"><span class='ocrx_word' id='word_1_373' title='bbox 1873 2074 2068 2130; x_wconf 85' lang='lat' dir='ltr'><strong>lentes.</strong></span> <span class='ocrx_word' id='word_1_374' title='bbox 2136 2071 2260 2128; x_wconf 84' lang='lat' dir='ltr'><strong>Non</strong></span> <span class='ocrx_word' id='word_1_375' title='bbox 2319 2075 2460 2130; x_wconf 83' lang='lat' dir='ltr'><strong>enim</strong></span> <span class='ocrx_word' id='word_1_376' title='bbox 2512 2074 2822 2140; x_wconf 78' lang='lat' dir='ltr'><strong>audivistis,</strong></span> <span class='ocrx_word' id='word_1_377' title='bbox 2879 2073 3093 2143; x_wconf 90' lang='lat' dir='ltr'><strong>inquit,</strong></span> <span class='ocrx_word' id='word_1_378' title='bbox 3155 2072 3221 2126; x_wconf 85' lang='lat' dir='ltr'><strong>ab</strong></span> <span class='ocrx_word' id='word_1_379' title='bbox 3269 2072 3461 2138; x_wconf 84' lang='lat' dir='ltr'><strong>initio,</strong></span> 
     </span>
    </p>
   </div>
   <div class='ocr_carea' id='block_1_52' title="bbox 1874 2169 3461 2241">
    <p class='ocr_par' dir='ltr' id='par_1_52' title="bbox 1874 2169 3461 2241">
     <span class='ocr_line' id='line_1_52' title="bbox 1874 2169 3461 2241; baseline 0 -19"><span class='ocrx_word' id='word_1_380' title='bbox 1874 2185 2054 2240; x_wconf 90' lang='lat' dir='ltr'><strong>neque</strong></span> <span class='ocrx_word' id='word_1_381' title='bbox 2097 2171 2440 2241; x_wconf 86' lang='lat' dir='ltr'><strong>cognovistis</strong></span> <span class='ocrx_word' id='word_1_382' title='bbox 2473 2169 2750 2241; x_wconf 86' lang='lat' dir='ltr'><strong>ejusmodi</strong></span> <span class='ocrx_word' id='word_1_383' title='bbox 2782 2169 3111 2240; x_wconf 89' lang='lat' dir='ltr'><strong>quidquam,</strong></span> <span class='ocrx_word' id='word_1_384' title='bbox 3144 2180 3309 2240; x_wconf 92' lang='lat' dir='ltr'><strong>atque</strong></span> <span class='ocrx_word' id='word_1_385' title='bbox 3336 2182 3461 2237; x_wconf 87' lang='lat' dir='ltr'><strong>ego,</strong></span> 
     </span>
    </p>
   </div>
   <div class='ocr_carea' id='block_1_53' title="bbox 1875 2259 3461 2332">
    <p class='ocr_par' dir='ltr' id='par_1_53' title="bbox 1875 2259 3461 2332">
     <span class='ocr_line' id='line_1_53' title="bbox 1875 2259 3461 2332; baseline -0.001 -18"><span class='ocrx_word' id='word_1_386' title='bbox 1875 2263 1966 2332; x_wconf 91' lang='lat' dir='ltr'><strong>qui</strong></span> <span class='ocrx_word' id='word_1_387' title='bbox 2023 2270 2081 2318; x_wconf 91' lang='lat' dir='ltr'><strong>et</strong></span> <span class='ocrx_word' id='word_1_388' title='bbox 2145 2261 2328 2318; x_wconf 82' lang='lat' dir='ltr'><strong>futura</strong></span> <span class='ocrx_word' id='word_1_389' title='bbox 2389 2264 2457 2318; x_wconf 89' lang='lat' dir='ltr'><strong>de</strong></span> <span class='ocrx_word' id='word_1_390' title='bbox 2503 2278 2590 2316; x_wconf 92' lang='lat' dir='ltr'><strong>me</strong></span> <span class='ocrx_word' id='word_1_391' title='bbox 2636 2263 2910 2332; x_wconf 66' lang='lat' dir='ltr'><strong>praescivi,</strong></span> <span class='ocrx_word' id='word_1_392' title='bbox 2955 2269 3010 2316; x_wconf 88' lang='lat' dir='ltr'><strong>et</strong></span> <span class='ocrx_word' id='word_1_393' title='bbox 3059 2259 3245 2315; x_wconf 86' lang='lat' dir='ltr'><strong>divina</strong></span> <span class='ocrx_word' id='word_1_394' title='bbox 3297 2275 3461 2330; x_wconf 83' lang='lat' dir='ltr'><strong>opera</strong></span> 
     </span>
    </p>
   </div>
   <div class='ocr_carea' id='block_1_54' title="bbox 1875 2352 3464 2425">
    <p class='ocr_par' dir='ltr' id='par_1_54' title="bbox 1875 2352 3464 2425">
     <span class='ocr_line' id='line_1_54' title="bbox 1875 2352 3464 2425; baseline -0.004 -14"><span class='ocrx_word' id='word_1_395' title='bbox 1875 2353 2048 2419; x_wconf 88' lang='lat' dir='ltr'><strong>edidi,</strong></span> <span class='ocrx_word' id='word_1_396' title='bbox 2083 2370 2321 2424; x_wconf 92' lang='lat' dir='ltr'><strong>quorum</strong></span> <span class='ocrx_word' id='word_1_397' title='bbox 2342 2371 2443 2410; x_wconf 86' lang='lat' dir='ltr'><strong>vos</strong></span> <span class='ocrx_word' id='word_1_398' title='bbox 2475 2370 2668 2410; x_wconf 91' lang='lat' dir='ltr'><strong>omnes</strong></span> <span class='ocrx_word' id='word_1_399' title='bbox 2689 2355 2807 2425; x_wconf 89' lang='lat' dir='ltr'><strong>ipse</strong></span> <span class='ocrx_word' id='word_1_400' title='bbox 2831 2361 3003 2409; x_wconf 88' lang='lat' dir='ltr'><strong>testes</strong></span> <span class='ocrx_word' id='word_1_401' title='bbox 3036 2352 3275 2424; x_wconf 89' lang='lat' dir='ltr'><strong>appello,</strong></span> <span class='ocrx_word' id='word_1_402' title='bbox 3303 2361 3464 2423; x_wconf 83' lang='lat' dir='ltr'><strong>quot-</strong></span> 
     </span>
    </p>
   </div>
   <div class='ocr_carea' id='block_1_55' title="bbox 1875 2447 3462 2519">
    <p class='ocr_par' dir='ltr' id='par_1_55' title="bbox 1875 2447 3462 2519">
     <span class='ocr_line' id='line_1_55' title="bbox 1875 2447 3462 2519; baseline -0.002 -17"><span class='ocrx_word' id='word_1_403' title='bbox 1875 2456 2010 2518; x_wconf 93' lang='lat' dir='ltr'><strong>quot</strong></span> <span class='ocrx_word' id='word_1_404' title='bbox 2067 2447 2236 2504; x_wconf 81' lang='lat' dir='ltr'><strong>Mosis</strong></span> <span class='ocrx_word' id='word_1_405' title='bbox 2292 2449 2538 2512; x_wconf 89' lang='lat' dir='ltr'><strong>oracula,</strong></span> <span class='ocrx_word' id='word_1_406' title='bbox 2586 2457 2640 2504; x_wconf 90' lang='lat' dir='ltr'><strong>et</strong></span> <span class='ocrx_word' id='word_1_407' title='bbox 2693 2465 2820 2519; x_wconf 78' lang='lat' dir='ltr'><strong>qua:</strong></span> <span class='ocrx_word' id='word_1_408' title='bbox 2874 2455 3066 2518; x_wconf 87' lang='lat' dir='ltr'><strong>postea</strong></span> <span class='ocrx_word' id='word_1_409' title='bbox 3115 2447 3262 2502; x_wconf 91' lang='lat' dir='ltr'><strong>edita</strong></span> <span class='ocrx_word' id='word_1_410' title='bbox 3311 2452 3462 2510; x_wconf 88' lang='lat' dir='ltr'><strong>sunt,</strong></span> 
     </span>
    </p>
   </div>
   <div class='ocr_carea' id='block_1_56' title="bbox 1875 2539 3464 2612">
    <p class='ocr_par' dir='ltr' id='par_1_56' title="bbox 1875 2539 3464 2612">
     <span class='ocr_line' id='line_1_56' title="bbox 1875 2539 3464 2612; baseline -0.004 -14"><span class='ocrx_word' id='word_1_411' title='bbox 1875 2541 2181 2608; x_wconf 86' lang='lat' dir='ltr'><strong>evolvistis,</strong></span> <span class='ocrx_word' id='word_1_412' title='bbox 2215 2542 2270 2596; x_wconf 91' lang='lat' dir='ltr'><strong>in</strong></span> <span class='ocrx_word' id='word_1_413' title='bbox 2301 2542 2501 2612; x_wconf 81' lang='lat' dir='ltr'><strong>quibus</strong></span> <span class='ocrx_word' id='word_1_414' title='bbox 2523 2557 2645 2612; x_wconf 63' lang='lat' dir='ltr'><strong>quae</strong></span> <span class='ocrx_word' id='word_1_415' title='bbox 2675 2542 2728 2596; x_wconf 92' lang='lat' dir='ltr'><strong>in</strong></span> <span class='ocrx_word' id='word_1_416' title='bbox 2766 2539 3027 2612; x_wconf 64' lang='lat' dir='ltr'><strong>Egypto,</strong></span> <span class='ocrx_word' id='word_1_417' title='bbox 3055 2550 3110 2595; x_wconf 92' lang='lat' dir='ltr'><strong>et</strong></span> <span class='ocrx_word' id='word_1_418' title='bbox 3143 2539 3401 2610; x_wconf 85' lang='lat' dir='ltr'><strong>deinceps</strong></span> <span class='ocrx_word' id='word_1_419' title='bbox 3433 2553 3464 2592; x_wconf 88' lang='lat' dir='ltr'><strong>a</strong></span> 
     </span>
    </p>
   </div>
   <div class='ocr_carea' id='block_1_57' title="bbox 1875 2630 3465 2705">
    <p class='ocr_par' dir='ltr' id='par_1_57' title="bbox 1875 2630 3465 2705">
     <span class='ocr_line' id='line_1_57' title="bbox 1875 2630 3465 2705; baseline -0.001 -17"><span class='ocrx_word' id='word_1_420' title='bbox 1875 2649 1963 2690; x_wconf 92' lang='lat' dir='ltr'><strong>me</strong></span> <span class='ocrx_word' id='word_1_421' title='bbox 1994 2644 2210 2705; x_wconf 89' lang='lat' dir='ltr'><strong>patrata</strong></span> <span class='ocrx_word' id='word_1_422' title='bbox 2239 2642 2393 2701; x_wconf 90' lang='lat' dir='ltr'><strong>sunt,</strong></span> <span class='ocrx_word' id='word_1_423' title='bbox 2453 2649 2576 2689; x_wconf 90' lang='lat' dir='ltr'><strong>cum</strong></span> <span class='ocrx_word' id='word_1_424' title='bbox 2612 2642 2799 2690; x_wconf 87' lang='lat' dir='ltr'><strong>creata</strong></span> <span class='ocrx_word' id='word_1_425' title='bbox 2828 2633 3014 2690; x_wconf 92' lang='lat' dir='ltr'><strong>omnia</strong></span> <span class='ocrx_word' id='word_1_426' title='bbox 3053 2632 3186 2688; x_wconf 88' lang='lat' dir='ltr'><strong>mihi</strong></span> <span class='ocrx_word' id='word_1_427' title='bbox 3226 2630 3465 2687; x_wconf 89' lang='lat' dir='ltr'><strong>Domino</strong></span> 
     </span>
    </p>
   </div>
   <div class='ocr_carea' id='block_1_58' title="bbox 1875 2724 3461 2798">
    <p class='ocr_par' dir='ltr' id='par_1_58' title="bbox 1875 2724 3461 2798">
     <span class='ocr_line' id='line_1_58' title="bbox 1875 2724 3461 2798; baseline -0.003 -15"><span class='ocrx_word' id='word_1_428' title='bbox 1875 2727 2283 2794; x_wconf 88' lang='lat' dir='ltr'><strong>subservirent,</strong></span> <span class='ocrx_word' id='word_1_429' title='bbox 2338 2730 2652 2798; x_wconf 85' lang='lat' dir='ltr'><strong>reperiatis.</strong></span> <span class='ocrx_word' id='word_1_430' title='bbox 2718 2727 2844 2782; x_wconf 81' lang='lat' dir='ltr'><strong>lla:c</strong></span> <span class='ocrx_word' id='word_1_431' title='bbox 2887 2726 3033 2782; x_wconf 89' lang='lat' dir='ltr'><strong>enim</strong></span> <span class='ocrx_word' id='word_1_432' title='bbox 3065 2727 3319 2798; x_wconf 86' lang='lat' dir='ltr'><strong>proprias</strong></span> <span class='ocrx_word' id='word_1_433' title='bbox 3348 2724 3461 2779; x_wconf 83' lang='lat' dir='ltr'><strong>vir-</strong></span> 
     </span>
    </p>
   </div>
   <div class='ocr_carea' id='block_1_59' title="bbox 1875 2821 3453 2892">
    <p class='ocr_par' dir='ltr' id='par_1_59' title="bbox 1875 2821 3453 2892">
     <span class='ocr_line' id='line_1_59' title="bbox 1875 2821 3453 2892; baseline -0.001 -18"><span class='ocrx_word' id='word_1_434' title='bbox 1875 2829 2024 2876; x_wconf 90' lang='lat' dir='ltr'><strong>tutes</strong></span> <span class='ocrx_word' id='word_1_435' title='bbox 2078 2821 2374 2892; x_wconf 78' lang='lat' dir='ltr'><strong>appellavit</strong></span> <span class='ocrx_word' id='word_1_436' title='bbox 2435 2839 2448 2876; x_wconf 88' lang='lat'><strong>:</strong></span> <span class='ocrx_word' id='word_1_437' title='bbox 2504 2821 2653 2887; x_wconf 87' lang='lat' dir='ltr'><strong>Quas</strong></span> <span class='ocrx_word' id='word_1_438' title='bbox 2687 2837 2813 2876; x_wconf 92' lang='lat' dir='ltr'><strong>cum</strong></span> <span class='ocrx_word' id='word_1_439' title='bbox 2865 2836 2969 2892; x_wconf 90' lang='lat' dir='ltr'><strong>ego</strong></span> <span class='ocrx_word' id='word_1_440' title='bbox 3017 2836 3302 2890; x_wconf 89' lang='lat' dir='ltr'><strong>operarer,</strong></span> <span class='ocrx_word' id='word_1_441' title='bbox 3365 2821 3453 2874; x_wconf 84' lang='lat' dir='ltr'><strong>in-</strong></span> 
     </span>
    </p>
   </div>
   <div class='ocr_carea' id='block_1_60' title="bbox 1876 2914 3461 2984">
    <p class='ocr_par' dir='ltr' id='par_1_60' title="bbox 1876 2914 3461 2984">
     <span class='ocr_line' id='line_1_60' title="bbox 1876 2914 3461 2984; baseline 0 -18"><span class='ocrx_word' id='word_1_442' title='bbox 1876 2915 2016 2984; x_wconf 91' lang='lat' dir='ltr'><strong>quit,</strong></span> <span class='ocrx_word' id='word_1_443' title='bbox 2081 2928 2298 2969; x_wconf 89' lang='lat' dir='ltr'><strong>mecum</strong></span> <span class='ocrx_word' id='word_1_444' title='bbox 2332 2914 2519 2969; x_wconf 91' lang='lat' dir='ltr'><strong>nullus</strong></span> <span class='ocrx_word' id='word_1_445' title='bbox 2549 2915 2675 2979; x_wconf 81' lang='lat' dir='ltr'><strong>fuit,</strong></span> <span class='ocrx_word' id='word_1_446' title='bbox 2724 2915 2836 2968; x_wconf 91' lang='lat' dir='ltr'><strong>imo</strong></span> <span class='ocrx_word' id='word_1_447' title='bbox 2867 2929 2939 2969; x_wconf 91' lang='lat' dir='ltr'><strong>ne</strong></span> <span class='ocrx_word' id='word_1_448' title='bbox 2991 2923 3120 2968; x_wconf 83' lang='lat' dir='ltr'><strong>ante</strong></span> <span class='ocrx_word' id='word_1_449' title='bbox 3151 2914 3461 2968; x_wconf 86' lang='lat' dir='ltr'><strong>eluvionem</strong></span> 
     </span>
    </p>
   </div>
   <div class='ocr_carea' id='block_1_61' title="bbox 1877 3004 3458 3076">
    <p class='ocr_par' dir='ltr' id='par_1_61' title="bbox 1877 3004 3458 3076">
     <span class='ocr_line' id='line_1_61' title="bbox 1877 3004 3458 3076; baseline 0.001 -18"><span class='ocrx_word' id='word_1_450' title='bbox 1877 3005 2099 3076; x_wconf 89' lang='lat' dir='ltr'><strong>quidem</strong></span> <span class='ocrx_word' id='word_1_451' title='bbox 2161 3019 2287 3060; x_wconf 91' lang='lat' dir='ltr'><strong>cum</strong></span> <span class='ocrx_word' id='word_1_452' title='bbox 2345 3007 2590 3060; x_wconf 90' lang='lat' dir='ltr'><strong>nondum</strong></span> <span class='ocrx_word' id='word_1_453' title='bbox 2641 3014 2832 3062; x_wconf 88' lang='lat' dir='ltr'><strong>essent</strong></span> <span class='ocrx_word' id='word_1_454' title='bbox 2874 3005 3147 3061; x_wconf 89' lang='lat' dir='ltr'><strong>idolorum</strong></span> <span class='ocrx_word' id='word_1_455' title='bbox 3179 3004 3458 3075; x_wconf 81' lang='lat' dir='ltr'><strong>Opiﬁces:</strong></span> 
     </span>
    </p>
   </div>
   <div class='ocr_carea' id='block_1_62' title="bbox 1877 3095 3464 3170">
    <p class='ocr_par' dir='ltr' id='par_1_62' title="bbox 1877 3095 3464 3170">
     <span class='ocr_line' id='line_1_62' title="bbox 1877 3095 3464 3170; baseline -0.001 -18"><span class='ocrx_word' id='word_1_456' title='bbox 1877 3101 2021 3153; x_wconf 90' lang='lat' dir='ltr'><strong>sicut</strong></span> <span class='ocrx_word' id='word_1_457' title='bbox 2050 3107 2106 3152; x_wconf 91' lang='lat' dir='ltr'><strong>et</strong></span> <span class='ocrx_word' id='word_1_458' title='bbox 2135 3112 2234 3153; x_wconf 87' lang='lat' dir='ltr'><strong>vos</strong></span> <span class='ocrx_word' id='word_1_459' title='bbox 2291 3097 2347 3152; x_wconf 89' lang='lat' dir='ltr'><strong>in</strong></span> <span class='ocrx_word' id='word_1_460' title='bbox 2403 3099 2523 3170; x_wconf 90' lang='lat' dir='ltr'><strong>ipso</strong></span> <span class='ocrx_word' id='word_1_461' title='bbox 2585 3099 2840 3153; x_wconf 87' lang='lat' dir='ltr'><strong>mortalis</strong></span> <span class='ocrx_word' id='word_1_462' title='bbox 2871 3098 2995 3152; x_wconf 59' lang='lat' dir='ltr'><strong>vita!</strong></span> <span class='ocrx_word' id='word_1_463' title='bbox 3025 3097 3292 3166; x_wconf 83' lang='lat' dir='ltr'><strong>principio</strong></span> <span class='ocrx_word' id='word_1_464' title='bbox 3326 3095 3464 3150; x_wconf 87' lang='lat' dir='ltr'><strong>nihil</strong></span> 
     </span>
    </p>
   </div>
   <div class='ocr_carea' id='block_1_63' title="bbox 1878 3185 3464 3260">
    <p class='ocr_par' dir='ltr' id='par_1_63' title="bbox 1878 3185 3464 3260">
     <span class='ocr_line' id='line_1_63' title="bbox 1878 3185 3464 3260; baseline -0.001 -18"><span class='ocrx_word' id='word_1_465' title='bbox 1878 3189 2076 3243; x_wconf 90' lang='lat' dir='ltr'><strong>horum</strong></span> <span class='ocrx_word' id='word_1_466' title='bbox 2109 3188 2415 3260; x_wconf 88' lang='lat' dir='ltr'><strong>quidquam</strong></span> <span class='ocrx_word' id='word_1_467' title='bbox 2443 3189 2619 3244; x_wconf 87' lang='lat' dir='ltr'><strong>visum</strong></span> <span class='ocrx_word' id='word_1_468' title='bbox 2644 3204 2769 3244; x_wconf 89' lang='lat' dir='ltr'><strong>esse</strong></span> <span class='ocrx_word' id='word_1_469' title='bbox 2799 3204 2908 3243; x_wconf 90' lang='lat' dir='ltr'><strong>non</strong></span> <span class='ocrx_word' id='word_1_470' title='bbox 2941 3187 3229 3259; x_wconf 84' lang='lat' dir='ltr'><strong>ignoratis.</strong></span> <span class='ocrx_word' id='word_1_471' title='bbox 3259 3185 3464 3242; x_wconf 76' lang='lat' dir='ltr'><strong>Verum</strong></span> 
     </span>
    </p>
   </div>
   <div class='ocr_carea' id='block_1_64' title="bbox 187 3257 1770 3351">
    <p class='ocr_par' dir='ltr' id='par_1_64' title="bbox 187 3269 1770 3346">
     <span class='ocr_line' id='line_1_64' title="bbox 187 3269 1770 3346; baseline -0.004 -16"><span class='ocrx_word' id='word_1_472' title='bbox 187 3273 380 3346; x_wconf 83' lang='grc' dir='ltr'>Ὑμεῖς</span> <span class='ocrx_word' id='word_1_473' title='bbox 429 3273 499 3327; x_wconf 86' lang='grc' dir='ltr'><strong>δὲ</strong></span> <span class='ocrx_word' id='word_1_474' title='bbox 549 3274 689 3337; x_wconf 81' lang='grc' dir='ltr'>τέως</span> <span class='ocrx_word' id='word_1_475' title='bbox 725 3271 779 3325; x_wconf 84' lang='grc' dir='ltr'><strong>τί</strong></span> <span class='ocrx_word' id='word_1_476' title='bbox 827 3273 902 3343; x_wconf 82' lang='grc' dir='ltr'><strong>μὴ</strong></span> <span class='ocrx_word' id='word_1_477' title='bbox 943 3270 1249 3340; x_wconf 78' lang='grc' dir='ltr'>λογίζεσθε,</span> <span class='ocrx_word' id='word_1_478' title='bbox 1295 3269 1376 3334; x_wconf 86' lang='grc' dir='ltr'><strong>τίς</strong></span> <span class='ocrx_word' id='word_1_479' title='bbox 1405 3269 1514 3324; x_wconf 86' lang='grc' dir='ltr'>τῶν</span> <span class='ocrx_word' id='word_1_480' title='bbox 1548 3269 1770 3342; x_wconf 76' lang='grc' dir='ltr'>ἀψύχων</span> 
     </span>
    </p>
   </div>
   <div class='ocr_carea' id='block_1_65' title="bbox 1877 3257 3466 3351">
    <p class='ocr_par' dir='ltr' id='par_1_65' title="bbox 1879 3277 3466 3351">
     <span class='ocr_line' id='line_1_65' title="bbox 1879 3277 3466 3351; baseline -0.002 -17"><span class='ocrx_word' id='word_1_481' title='bbox 1879 3281 1976 3351; x_wconf 91' lang='lat' dir='ltr'><strong>qui</strong></span> <span class='ocrx_word' id='word_1_482' title='bbox 2006 3289 2199 3350; x_wconf 90' lang='lat' dir='ltr'><strong>postea</strong></span> <span class='ocrx_word' id='word_1_483' title='bbox 2243 3280 2360 3335; x_wconf 88' lang='lat' dir='ltr'><strong>nati</strong></span> <span class='ocrx_word' id='word_1_484' title='bbox 2393 3291 2547 3345; x_wconf 89' lang='lat' dir='ltr'><strong>sunt,</strong></span> <span class='ocrx_word' id='word_1_485' title='bbox 2579 3281 2646 3333; x_wconf 87' lang='lat' dir='ltr'><strong>ab</strong></span> <span class='ocrx_word' id='word_1_486' title='bbox 2676 3295 2868 3335; x_wconf 87' lang='lat' dir='ltr'><strong>errore</strong></span> <span class='ocrx_word' id='word_1_487' title='bbox 2901 3279 3204 3335; x_wconf 86' lang='lat' dir='ltr'><strong>cessabunt</strong></span> <span class='ocrx_word' id='word_1_488' title='bbox 3237 3277 3466 3332; x_wconf 79' lang='lat' dir='ltr'><strong>abscon-</strong></span> 
     </span>
    </p>
   </div>
   <div class='ocr_carea' id='block_1_66' title="bbox 179 3359 1772 3439">
    <p class='ocr_par' dir='ltr' id='par_1_66' title="bbox 179 3359 1772 3439">
     <span class='ocr_line' id='line_1_66' title="bbox 179 3359 1772 3439; baseline -0.004 -15"><span class='ocrx_word' id='word_1_489' title='bbox 179 3368 514 3439; x_wconf 77' lang='grc' dir='ltr'>ἀγαλμάτων</span> <span class='ocrx_word' id='word_1_490' title='bbox 560 3367 594 3438; x_wconf 78' lang='grc' dir='ltr'>ἠ</span> <span class='ocrx_word' id='word_1_491' title='bbox 660 3367 866 3436; x_wconf 79' lang='grc' dir='ltr'>φύσις;</span> <span class='ocrx_word' id='word_1_492' title='bbox 908 3367 971 3419; x_wconf 84' lang='grc' dir='ltr'><strong>Εἰ</strong></span> <span class='ocrx_word' id='word_1_493' title='bbox 1025 3366 1133 3436; x_wconf 84' lang='grc' dir='ltr'><strong>γάρ</strong></span> <span class='ocrx_word' id='word_1_494' title='bbox 1172 3359 1317 3436; x_wconf 75' lang='grc' dir='ltr'>εἶχόν</span> <span class='ocrx_word' id='word_1_495' title='bbox 1345 3381 1467 3419; x_wconf 85' lang='grc' dir='ltr'>τινα</span> <span class='ocrx_word' id='word_1_496' title='bbox 1518 3365 1772 3437; x_wconf 81' lang='grc' dir='ltr'>δύναμιν,</span> 
     </span>
    </p>
   </div>
   <div class='ocr_carea' id='block_1_67' title="bbox 182 3458 1774 3535">
    <p class='ocr_par' dir='ltr' id='par_1_67' title="bbox 182 3458 1774 3535">
     <span class='ocr_line' id='line_1_67' title="bbox 182 3458 1774 3535; baseline -0.003 -19"><span class='ocrx_word' id='word_1_497' title='bbox 182 3465 423 3535; x_wconf 59' lang='grc' dir='ltr'>ἠρκεσαν</span> <span class='ocrx_word' id='word_1_498' title='bbox 449 3460 516 3514; x_wconf 81' lang='grc' dir='ltr'><strong>ἂν</strong></span> <span class='ocrx_word' id='word_1_499' title='bbox 548 3463 660 3522; x_wconf 86' lang='grc' dir='ltr'>τοῖς</span> <span class='ocrx_word' id='word_1_500' title='bbox 687 3459 1035 3524; x_wconf 75' lang='grc' dir='ltr'>Αἰγυπτίοις,</span> <span class='ocrx_word' id='word_1_501' title='bbox 1059 3459 1154 3512; x_wconf 78' lang='grc' dir='ltr'><strong>καὶ</strong></span> <span class='ocrx_word' id='word_1_502' title='bbox 1183 3460 1298 3522; x_wconf 87' lang='grc' dir='ltr'>τοῖς</span> <span class='ocrx_word' id='word_1_503' title='bbox 1313 3458 1372 3511; x_wconf 78' lang='grc' dir='ltr'>Ἀ</span> <span class='ocrx_word' id='word_1_504' title='bbox 1385 3459 1674 3531; x_wconf 80' lang='grc' dir='ltr'>μορραίοις</span> <span class='ocrx_word' id='word_1_505' title='bbox 1695 3461 1774 3521; x_wconf 89' lang='grc' dir='ltr'><strong>είς</strong></span> 
     </span>
    </p>
   </div>
   <div class='ocr_carea' id='block_1_68' title="bbox 185 3550 1777 3626">
    <p class='ocr_par' dir='ltr' id='par_1_68' title="bbox 185 3550 1777 3626">
     <span class='ocr_line' id='line_1_68' title="bbox 185 3550 1777 3626; baseline -0.003 -17"><span class='ocrx_word' id='word_1_506' title='bbox 185 3555 463 3626; x_wconf 72' lang='grc' dir='ltr'>σωτηρίαν</span> <span class='ocrx_word' id='word_1_507' title='bbox 490 3555 611 3618; x_wconf 89' lang='grc' dir='ltr'>ταῖς</span> <span class='ocrx_word' id='word_1_508' title='bbox 645 3555 804 3622; x_wconf 85' lang='grc' dir='ltr'>ὲμαῖς</span> <span class='ocrx_word' id='word_1_509' title='bbox 831 3551 1136 3623; x_wconf 78' lang='grc' dir='ltr'>ἐνεργείαις</span> <span class='ocrx_word' id='word_1_510' title='bbox 1165 3550 1615 3621; x_wconf 84' lang='grc' dir='ltr'>ἀντιταττόμενα.</span> <span class='ocrx_word' id='word_1_511' title='bbox 1639 3551 1777 3605; x_wconf 66' lang='grc' dir='ltr'>Νυνὶ</span> 
     </span>
    </p>
   </div>
   <div class='ocr_carea' id='block_1_69' title="bbox 185 3643 1774 3716">
    <p class='ocr_par' dir='ltr' id='par_1_69' title="bbox 185 3643 1774 3716">
     <span class='ocr_line' id='line_1_69' title="bbox 185 3643 1774 3716; baseline -0.003 -14"><span class='ocrx_word' id='word_1_512' title='bbox 185 3649 236 3702; x_wconf 76' lang='grc' dir='ltr'>δὲ</span> <span class='ocrx_word' id='word_1_513' title='bbox 293 3651 392 3702; x_wconf 69' lang='grc' dir='ltr'><strong>σὺν</strong></span> <span class='ocrx_word' id='word_1_514' title='bbox 444 3647 630 3710; x_wconf 84' lang='grc' dir='ltr'>αὑτοῖς</span> <span class='ocrx_word' id='word_1_515' title='bbox 670 3647 784 3716; x_wconf 75' lang='grc' dir='ltr'>ἥλω</span> <span class='ocrx_word' id='word_1_516' title='bbox 825 3648 937 3709; x_wconf 85' lang='grc' dir='ltr'>τοῖς</span> <span class='ocrx_word' id='word_1_517' title='bbox 983 3643 1353 3716; x_wconf 84' lang='grc' dir='ltr'>προσκυνοῦσι</span> <span class='ocrx_word' id='word_1_518' title='bbox 1396 3645 1492 3698; x_wconf 75' lang='grc' dir='ltr'>καὶ</span> <span class='ocrx_word' id='word_1_519' title='bbox 1543 3645 1678 3716; x_wconf 77' lang='grc' dir='ltr'>πυρὶ</span> <span class='ocrx_word' id='word_1_520' title='bbox 1707 3645 1774 3699; x_wconf 88' lang='grc' dir='ltr'>δι’</span> 
     </span>
    </p>
   </div>
   <div class='ocr_carea' id='block_1_70' title="bbox 188 3732 1776 3811">
    <p class='ocr_par' dir='ltr' id='par_1_70' title="bbox 188 3732 1776 3811">
     <span class='ocr_line' id='line_1_70' title="bbox 188 3732 1776 3811; baseline -0.002 -18"><span class='ocrx_word' id='word_1_521' title='bbox 188 3741 334 3811; x_wconf 82' lang='grc' dir='ltr'>ὑμῶν</span> <span class='ocrx_word' id='word_1_522' title='bbox 369 3738 746 3811; x_wconf 76' lang='grc' dir='ltr'>παραδέδοται.</span> <span class='ocrx_word' id='word_1_523' title='bbox 783 3737 908 3801; x_wconf 85' lang='grc' dir='ltr'><strong>Πῶς</strong></span> <span class='ocrx_word' id='word_1_524' title='bbox 937 3732 1030 3791; x_wconf 85' lang='grc' dir='ltr'><strong>οῦν</strong></span> <span class='ocrx_word' id='word_1_525' title='bbox 1064 3737 1224 3808; x_wconf 87' lang='grc' dir='ltr'>ὑμεῖς</span> <span class='ocrx_word' id='word_1_526' title='bbox 1274 3737 1325 3790; x_wconf 92' lang='grc' dir='ltr'><strong>οί</strong></span> <span class='ocrx_word' id='word_1_527' title='bbox 1367 3737 1776 3806; x_wconf 80' lang='grc' dir='ltr'>κατεγνωκότες</span> 
     </span>
    </p>
   </div>
   <div class='ocr_carea' id='block_1_71' title="bbox 190 3828 1775 3901">
    <p class='ocr_par' dir='ltr' id='par_1_71' title="bbox 190 3828 1775 3901">
     <span class='ocr_line' id='line_1_71' title="bbox 190 3828 1775 3901; baseline -0.001 -17"><span class='ocrx_word' id='word_1_528' title='bbox 190 3833 448 3901; x_wconf 81' lang='grc' dir='ltr'>γεγόνατε</span> <span class='ocrx_word' id='word_1_529' title='bbox 503 3831 713 3883; x_wconf 82' lang='grc' dir='ltr'>τούτων</span> <span class='ocrx_word' id='word_1_530' title='bbox 760 3828 1110 3900; x_wconf 71' lang='grc' dir='ltr'>δημιουργοὶ,</span> <span class='ocrx_word' id='word_1_531' title='bbox 1169 3829 1266 3883; x_wconf 76' lang='grc' dir='ltr'>καὶ</span> <span class='ocrx_word' id='word_1_532' title='bbox 1313 3829 1489 3883; x_wconf 86' lang='grc' dir='ltr'>ταῦτα</span> <span class='ocrx_word' id='word_1_533' title='bbox 1532 3829 1775 3893; x_wconf 85' lang='grc' dir='ltr'>Μωσέως</span> 
     </span>
    </p>
   </div>
   <div class='ocr_carea' id='block_1_72' title="bbox 192 3921 1779 3994">
    <p class='ocr_par' dir='ltr' id='par_1_72' title="bbox 192 3921 1779 3994">
     <span class='ocr_line' id='line_1_72' title="bbox 192 3921 1779 3994; baseline -0.003 -16"><span class='ocrx_word' id='word_1_534' title='bbox 192 3924 544 3987; x_wconf 77' lang='grc' dir='ltr'>ἀκούσαντες,</span> <span class='ocrx_word' id='word_1_535' title='bbox 581 3921 655 3986; x_wconf 88' lang='grc' dir='ltr'><strong>ώς</strong></span> <span class='ocrx_word' id='word_1_536' title='bbox 685 3922 804 3993; x_wconf 84' lang='grc' dir='ltr'>Θεῴ</span> <span class='ocrx_word' id='word_1_537' title='bbox 838 3921 986 3992; x_wconf 83' lang='grc' dir='ltr'>μόνῳ</span> <span class='ocrx_word' id='word_1_538' title='bbox 1025 3921 1363 3994; x_wconf 73' lang='grc' dir='ltr'>λατρεύσεις,</span> <span class='ocrx_word' id='word_1_539' title='bbox 1391 3923 1487 3976; x_wconf 68' lang='grc' dir='ltr'><strong>καὶ</strong></span> <span class='ocrx_word' id='word_1_540' title='bbox 1519 3923 1580 3974; x_wconf 77' lang='grc' dir='ltr'><strong>οὑ</strong></span> <span class='ocrx_word' id='word_1_541' title='bbox 1621 3922 1779 3993; x_wconf 83' lang='grc' dir='ltr'>ποιή-</span> 
     </span>
    </p>
   </div>
   <div class='ocr_carea' id='block_1_73' title="bbox 194 4012 1778 4087">
    <p class='ocr_par' dir='ltr' id='par_1_73' title="bbox 194 4012 1778 4087">
     <span class='ocr_line' id='line_1_73' title="bbox 194 4012 1778 4087; baseline -0.002 -17"><span class='ocrx_word' id='word_1_542' title='bbox 194 4035 299 4080; x_wconf 85' lang='grc' dir='ltr'>σεις</span> <span class='ocrx_word' id='word_1_543' title='bbox 333 4015 552 4086; x_wconf 81' lang='grc' dir='ltr'>σεαυτῷ</span> <span class='ocrx_word' id='word_1_544' title='bbox 579 4014 834 4080; x_wconf 79' lang='grc' dir='ltr'>εἴδωλον;</span> <span class='ocrx_word' id='word_1_545' title='bbox 864 4012 1010 4067; x_wconf 71' lang='grc' dir='ltr'>οὕτω</span> <span class='ocrx_word' id='word_1_546' title='bbox 1054 4015 1315 4083; x_wconf 84' lang='grc' dir='ltr'>γεγόνατε</span> <span class='ocrx_word' id='word_1_547' title='bbox 1349 4013 1574 4084; x_wconf 87' lang='grc' dir='ltr'>μάταιοι</span> <span class='ocrx_word' id='word_1_548' title='bbox 1600 4014 1669 4068; x_wconf 82' lang='grc' dir='ltr'>τὰ</span> <span class='ocrx_word' id='word_1_549' title='bbox 1701 4014 1778 4087; x_wconf 78' lang='grc' dir='ltr'>μὴ</span> 
     </span>
    </p>
   </div>
   <div class='ocr_carea' id='block_1_74' title="bbox 192 4104 1778 4179">
    <p class='ocr_par' dir='ltr' id='par_1_74' title="bbox 192 4104 1778 4179">
     <span class='ocr_line' id='line_1_74' title="bbox 192 4104 1778 4179; baseline 0 -18"><span class='ocrx_word' id='word_1_550' title='bbox 192 4108 315 4163; x_wconf 70' lang='grc' dir='ltr'>ὂντα</span> <span class='ocrx_word' id='word_1_551' title='bbox 342 4110 732 4179; x_wconf 56' lang='grc' dir='ltr'>ποθήσακιτεω</span> <span class='ocrx_word' id='word_1_552' title='bbox 768 4104 842 4160; x_wconf 82' lang='grc' dir='ltr'><strong>Τὸ</strong></span> <span class='ocrx_word' id='word_1_553' title='bbox 877 4107 934 4160; x_wconf 84' lang='grc' dir='ltr'>δὲ</span> <span class='ocrx_word' id='word_1_554' title='bbox 969 4106 1413 4175; x_wconf 78' lang='grc' dir='ltr'>ἑξηράνθησαν,</span> <span class='ocrx_word' id='word_1_555' title='bbox 1461 4107 1510 4160; x_wconf 88' lang='grc' dir='ltr'><strong>εί</strong></span> <span class='ocrx_word' id='word_1_556' title='bbox 1545 4107 1645 4178; x_wconf 84' lang='grc' dir='ltr'>μὲν</span> <span class='ocrx_word' id='word_1_557' title='bbox 1685 4109 1778 4161; x_wconf 74' lang='grc' dir='ltr'><strong>ἐπὶ</strong></span> 
     </span>
    </p>
   </div>
   <div class='ocr_carea' id='block_1_75' title="bbox 193 4199 1774 4273">
    <p class='ocr_par' dir='ltr' id='par_1_75' title="bbox 193 4199 1774 4273">
     <span class='ocr_line' id='line_1_75' title="bbox 193 4199 1774 4273; baseline 0.001 -19"><span class='ocrx_word' id='word_1_558' title='bbox 193 4200 306 4255; x_wconf 83' lang='grc' dir='ltr'><strong>τῶν</strong></span> <span class='ocrx_word' id='word_1_559' title='bbox 341 4199 632 4273; x_wconf 74' lang='grc' dir='ltr'>γλυπτῶν</span> <span class='ocrx_word' id='word_1_560' title='bbox 665 4199 860 4266; x_wconf 77' lang='grc' dir='ltr'>νοοῖτδ,</span> <span class='ocrx_word' id='word_1_561' title='bbox 884 4201 1008 4254; x_wconf 75' lang='grc' dir='ltr'>ἀντὶ</span> <span class='ocrx_word' id='word_1_562' title='bbox 1034 4199 1129 4254; x_wconf 88' lang='grc' dir='ltr'><strong>τοῦ</strong></span> <span class='ocrx_word' id='word_1_563' title='bbox 1177 4199 1461 4254; x_wconf 82' lang='grc' dir='ltr'>ἀπώλοντο</span> <span class='ocrx_word' id='word_1_564' title='bbox 1511 4201 1774 4255; x_wconf 78' lang='grc' dir='ltr'>κείσεται.</span> 
     </span>
    </p>
   </div>
   <div class='ocr_carea' id='block_1_76' title="bbox 197 4292 1777 4367">
    <p class='ocr_par' dir='ltr' id='par_1_76' title="bbox 197 4292 1777 4367">
     <span class='ocr_line' id='line_1_76' title="bbox 197 4292 1777 4367; baseline -0.003 -17"><span class='ocrx_word' id='word_1_565' title='bbox 197 4296 253 4350; x_wconf 81' lang='lat' dir='ltr'><strong>Ei</strong></span> <span class='ocrx_word' id='word_1_566' title='bbox 286 4295 344 4350; x_wconf 76' lang='grc' dir='ltr'><strong>δὲ</strong></span> <span class='ocrx_word' id='word_1_567' title='bbox 378 4297 473 4349; x_wconf 73' lang='grc' dir='ltr'><strong>ἐπὶ</strong></span> <span class='ocrx_word' id='word_1_568' title='bbox 497 4296 610 4350; x_wconf 80' lang='grc' dir='ltr'>τῶν</span> <span class='ocrx_word' id='word_1_569' title='bbox 630 4295 1044 4358; x_wconf 84' lang='grc' dir='ltr'>τεκταινόντων,</span> <span class='ocrx_word' id='word_1_570' title='bbox 1083 4292 1160 4357; x_wconf 90' lang='grc' dir='ltr'><strong>ώς</strong></span> <span class='ocrx_word' id='word_1_571' title='bbox 1186 4293 1278 4346; x_wconf 70' lang='grc' dir='ltr'><strong>ἐπὶ</strong></span> <span class='ocrx_word' id='word_1_572' title='bbox 1300 4293 1484 4363; x_wconf 81' lang='grc' dir='ltr'>φυτῶν</span> <span class='ocrx_word' id='word_1_573' title='bbox 1512 4294 1777 4367; x_wconf 78' lang='grc' dir='ltr'>ἀκάρπων</span> 
     </span>
    </p>
   </div>
   <div class='ocr_carea' id='block_1_77' title="bbox 197 4379 1779 4459">
    <p class='ocr_par' dir='ltr' id='par_1_77' title="bbox 197 4379 1779 4459">
     <span class='ocr_line' id='line_1_77' title="bbox 197 4379 1779 4459; baseline 0 -19"><span class='ocrx_word' id='word_1_574' title='bbox 197 4388 388 4459; x_wconf 68' lang='grc' dir='ltr'><strong>ῥηθείη</strong></span> <span class='ocrx_word' id='word_1_575' title='bbox 420 4386 892 4458; x_wconf 80' lang='grc' dir='ltr'>ξηραινομένων,</span> <span class='ocrx_word' id='word_1_576' title='bbox 918 4379 992 4440; x_wconf 80' lang='grc' dir='ltr'>ὦν</span> <span class='ocrx_word' id='word_1_577' title='bbox 1022 4387 1082 4440; x_wconf 78' lang='grc' dir='ltr'><strong>τὸ</strong></span> <span class='ocrx_word' id='word_1_578' title='bbox 1115 4386 1269 4450; x_wconf 77' lang='grc' dir='ltr'>τέλος</span> <span class='ocrx_word' id='word_1_579' title='bbox 1299 4389 1381 4451; x_wconf 86' lang='grc' dir='ltr'><strong>είς</strong></span> <span class='ocrx_word' id='word_1_580' title='bbox 1428 4386 1647 4441; x_wconf 84' lang='grc' dir='ltr'>καῦσιν.</span> <span class='ocrx_word' id='word_1_581' title='bbox 1705 4387 1779 4440; x_wconf 87' lang='grc' dir='ltr'>Τὸ</span> 
     </span>
    </p>
   </div>
   <div class='ocr_carea' id='block_1_78' title="bbox 194 4477 1776 4549">
    <p class='ocr_par' dir='ltr' id='par_1_78' title="bbox 194 4477 1776 4549">
     <span class='ocr_line' id='line_1_78' title="bbox 194 4477 1776 4549; baseline -0.002 -16"><span class='ocrx_word' id='word_1_582' title='bbox 194 4481 247 4533; x_wconf 75' lang='grc' dir='ltr'><strong>δὲ</strong></span> <span class='ocrx_word' id='word_1_583' title='bbox 275 4482 470 4549; x_wconf 66' lang='grc' dir='ltr'>κωφοί</span> <span class='ocrx_word' id='word_1_584' title='bbox 502 4480 620 4534; x_wconf 78' lang='grc' dir='ltr'><strong>ἀπὸ</strong></span> <span class='ocrx_word' id='word_1_585' title='bbox 649 4477 975 4546; x_wconf 77' lang='grc' dir='ltr'><strong>ἀνθρώπων</strong></span> <span class='ocrx_word' id='word_1_586' title='bbox 989 4478 1108 4532; x_wconf 72' lang='grc' dir='ltr'>ἀντὶ</span> <span class='ocrx_word' id='word_1_587' title='bbox 1130 4477 1222 4532; x_wconf 89' lang='grc' dir='ltr'><strong>τοῦ</strong></span> <span class='ocrx_word' id='word_1_588' title='bbox 1248 4477 1529 4542; x_wconf 83' lang='grc' dir='ltr'>τελοῦντες</span> <span class='ocrx_word' id='word_1_589' title='bbox 1556 4477 1656 4549; x_wconf 80' lang='grc' dir='ltr'>μὲν</span> <span class='ocrx_word' id='word_1_590' title='bbox 1683 4479 1776 4532; x_wconf 84' lang='grc' dir='ltr'>οὑ-</span> 
     </span>
    </p>
   </div>
   <div class='ocr_carea' id='block_1_79' title="bbox 193 4569 1775 4643">
    <p class='ocr_par' dir='ltr' id='par_1_79' title="bbox 193 4569 1775 4643">
     <span class='ocr_line' id='line_1_79' title="bbox 193 4569 1775 4643; baseline 0.002 -21"><span class='ocrx_word' id='word_1_591' title='bbox 193 4571 381 4642; x_wconf 80' lang='grc' dir='ltr'>ὃαμῶς</span> <span class='ocrx_word' id='word_1_592' title='bbox 433 4573 512 4634; x_wconf 85' lang='grc' dir='ltr'><strong>είς</strong></span> <span class='ocrx_word' id='word_1_593' title='bbox 577 4569 932 4643; x_wconf 75' lang='grc' dir='ltr'>ἀνθρώπους,</span> <span class='ocrx_word' id='word_1_594' title='bbox 992 4570 1309 4639; x_wconf 79' lang='grc' dir='ltr'>ἀναίσθητοι</span> <span class='ocrx_word' id='word_1_595' title='bbox 1359 4571 1460 4635; x_wconf 82' lang='grc' dir='ltr'>δὲ,</span> <span class='ocrx_word' id='word_1_596' title='bbox 1521 4571 1663 4626; x_wconf 85' lang='grc' dir='ltr'><strong>κατά</strong></span> <span class='ocrx_word' id='word_1_597' title='bbox 1695 4573 1775 4625; x_wconf 89' lang='grc' dir='ltr'><strong>τό·</strong></span> 
     </span>
    </p>
   </div>
   <div class='ocr_carea' id='block_1_80' title="bbox 201 4659 1782 4736">
    <p class='ocr_par' dir='ltr' id='par_1_80' title="bbox 201 4659 1782 4736">
     <span class='ocr_line' id='line_1_80' title="bbox 201 4659 1782 4736; baseline 0.001 -20"><span class='ocrx_word' id='word_1_598' title='bbox 201 4684 218 4716; x_wconf 86' lang='grc' dir='ltr'><strong>ι</strong></span> <span class='ocrx_word' id='word_1_599' title='bbox 251 4667 476 4736; x_wconf 87' lang='grc' dir='ltr'>Ὅμοιοι</span> <span class='ocrx_word' id='word_1_600' title='bbox 507 4667 694 4729; x_wconf 84' lang='grc' dir='ltr'>αὑτοῖς</span> <span class='ocrx_word' id='word_1_601' title='bbox 719 4667 963 4735; x_wconf 83' lang='grc' dir='ltr'>γένοιντο</span> <span class='ocrx_word' id='word_1_602' title='bbox 986 4667 1036 4718; x_wconf 82' lang='grc' dir='ltr'>οἱ</span> <span class='ocrx_word' id='word_1_603' title='bbox 1070 4666 1346 4727; x_wconf 82' lang='grc' dir='ltr'>ποιοῦντες</span> <span class='ocrx_word' id='word_1_604' title='bbox 1382 4664 1542 4720; x_wconf 89' lang='grc' dir='ltr'>αὑτά.</span> <span class='ocrx_word' id='word_1_605' title='bbox 1579 4682 1599 4716; x_wconf 84' lang='grc'><strong>›</strong></span> <span class='ocrx_word' id='word_1_606' title='bbox 1649 4659 1782 4717; x_wconf 77' lang='grc' dir='ltr'>Εἶτά</span> 
     </span>
    </p>
   </div>
   <div class='ocr_carea' id='block_1_81' title="bbox 197 4757 1784 4831">
    <p class='ocr_par' dir='ltr' id='par_1_81' title="bbox 197 4757 1784 4831">
     <span class='ocr_line' id='line_1_81' title="bbox 197 4757 1784 4831; baseline -0.001 -20"><span class='ocrx_word' id='word_1_607' title='bbox 197 4776 351 4831; x_wconf 74' lang='grc' dir='ltr'>φησι,</span> <span class='ocrx_word' id='word_1_608' title='bbox 376 4759 875 4830; x_wconf 79' lang='grc' dir='ltr'>συναχθήτωσαν</span> <span class='ocrx_word' id='word_1_609' title='bbox 895 4758 1137 4825; x_wconf 73' lang='grc' dir='ltr'>πάντες,</span> <span class='ocrx_word' id='word_1_610' title='bbox 1157 4758 1231 4822; x_wconf 89' lang='grc' dir='ltr'><strong>ώς</strong></span> <span class='ocrx_word' id='word_1_611' title='bbox 1262 4759 1328 4811; x_wconf 84' lang='grc' dir='ltr'><strong>ἂν</strong></span> <span class='ocrx_word' id='word_1_612' title='bbox 1355 4757 1547 4820; x_wconf 79' lang='grc' dir='ltr'>κοινῶς</span> <span class='ocrx_word' id='word_1_613' title='bbox 1576 4759 1784 4825; x_wconf 77' lang='grc' dir='ltr'>ἐντρα-</span> 
     </span>
    </p>
   </div>
   <div class='ocr_carea' id='block_1_82' title="bbox 195 4853 1784 4925">
    <p class='ocr_par' dir='ltr' id='par_1_82' title="bbox 195 4853 1784 4925">
     <span class='ocr_line' id='line_1_82' title="bbox 195 4853 1784 4925; baseline -0.003 -17"><span class='ocrx_word' id='word_1_614' title='bbox 195 4856 363 4910; x_wconf 71' lang='grc' dir='ltr'>πεῖεν</span> <span class='ocrx_word' id='word_1_615' title='bbox 410 4857 460 4910; x_wconf 83' lang='lat' dir='ltr'><strong>oi</strong></span> <span class='ocrx_word' id='word_1_616' title='bbox 523 4855 631 4910; x_wconf 85' lang='grc' dir='ltr'>τῶν</span> <span class='ocrx_word' id='word_1_617' title='bbox 679 4854 942 4909; x_wconf 74' lang='grc' dir='ltr'>εἰδώλων</span> <span class='ocrx_word' id='word_1_618' title='bbox 1000 4854 1336 4925; x_wconf 75' lang='grc' dir='ltr'>θεραπευταὶ</span> <span class='ocrx_word' id='word_1_619' title='bbox 1381 4856 1451 4925; x_wconf 79' lang='grc' dir='ltr'>τῇ</span> <span class='ocrx_word' id='word_1_620' title='bbox 1497 4853 1784 4924; x_wconf 76' lang='grc' dir='ltr'>δυσσεϐείᾳ</span> 
     </span>
    </p>
   </div>
   <div class='ocr_carea' id='block_1_83' title="bbox 198 4947 924 5019">
    <p class='ocr_par' dir='ltr' id='par_1_83' title="bbox 198 4947 924 5019">
     <span class='ocr_line' id='line_1_83' title="bbox 198 4947 924 5019; baseline -0.003 -17"><span class='ocrx_word' id='word_1_621' title='bbox 198 4952 470 5002; x_wconf 79' lang='grc' dir='ltr'>συνειπεῖν</span> <span class='ocrx_word' id='word_1_622' title='bbox 492 4949 595 5002; x_wconf 87' lang='grc' dir='ltr'><strong>οὑκ</strong></span> <span class='ocrx_word' id='word_1_623' title='bbox 625 4947 924 5019; x_wconf 86' lang='grc' dir='ltr'>ίσχύοντες.</span> 
     </span>
    </p>
   </div>
   <div class='ocr_carea' id='block_1_84' title="bbox 1876 3374 3467 3445">
    <p class='ocr_par' dir='ltr' id='par_1_84' title="bbox 1876 3374 3467 3445">
     <span class='ocr_line' id='line_1_84' title="bbox 1876 3374 3467 3445; baseline -0.001 -18"><span class='ocrx_word' id='word_1_624' title='bbox 1876 3374 2031 3428; x_wconf 86' lang='lat' dir='ltr'><strong>diti:</strong></span> <span class='ocrx_word' id='word_1_625' title='bbox 2073 3374 2166 3444; x_wconf 94' lang='lat' dir='ltr'><strong>qui</strong></span> <span class='ocrx_word' id='word_1_626' title='bbox 2214 3389 2346 3428; x_wconf 89' lang='lat' dir='ltr'><strong>vero</strong></span> <span class='ocrx_word' id='word_1_627' title='bbox 2399 3374 2728 3440; x_wconf 90' lang='lat' dir='ltr'><strong>institerint,</strong></span> <span class='ocrx_word' id='word_1_628' title='bbox 2781 3374 2906 3445; x_wconf 76' lang='lat' dir='ltr'><strong>ipso</strong></span> <span class='ocrx_word' id='word_1_629' title='bbox 2953 3374 3182 3429; x_wconf 85' lang='lat' dir='ltr'><strong>ultionis</strong></span> <span class='ocrx_word' id='word_1_630' title='bbox 3219 3381 3467 3443; x_wconf 89' lang='lat' dir='ltr'><strong>tempore</strong></span> 
     </span>
    </p>
   </div>
   <div class='ocr_carea' id='block_1_85' title="bbox 1879 3465 3464 3540">
    <p class='ocr_par' dir='ltr' id='par_1_85' title="bbox 1879 3465 3464 3540">
     <span class='ocr_line' id='line_1_85' title="bbox 1879 3465 3464 3540; baseline 0.003 -18"><span class='ocrx_word' id='word_1_631' title='bbox 1879 3469 2232 3540; x_wconf 84' lang='lat' dir='ltr'><strong>deperibunt.</strong></span> <span class='ocrx_word' id='word_1_632' title='bbox 2276 3467 2385 3522; x_wconf 75' lang='lat' dir='ltr'><strong>Vos</strong></span> <span class='ocrx_word' id='word_1_633' title='bbox 2437 3477 2618 3522; x_wconf 91' lang='lat' dir='ltr'><strong>autem</strong></span> <span class='ocrx_word' id='word_1_634' title='bbox 2677 3468 2899 3523; x_wconf 86' lang='lat' dir='ltr'><strong>interim</strong></span> <span class='ocrx_word' id='word_1_635' title='bbox 2961 3468 3095 3540; x_wconf 91' lang='lat' dir='ltr'><strong>quid</strong></span> <span class='ocrx_word' id='word_1_636' title='bbox 3146 3482 3254 3522; x_wconf 88' lang='lat' dir='ltr'><strong>non</strong></span> <span class='ocrx_word' id='word_1_637' title='bbox 3302 3465 3464 3536; x_wconf 78' lang='lat'><strong>502</strong></span> 
     </span>
    </p>
   </div>
   <div class='ocr_carea' id='block_1_86' title="bbox 1879 3559 3465 3631">
    <p class='ocr_par' dir='ltr' id='par_1_86' title="bbox 1879 3559 3465 3631">
     <span class='ocr_line' id='line_1_86' title="bbox 1879 3559 3465 3631; baseline 0.001 -18"><span class='ocrx_word' id='word_1_638' title='bbox 1879 3559 2274 3626; x_wconf 86' lang='lat' dir='ltr'><strong>consideratis,</strong></span> <span class='ocrx_word' id='word_1_639' title='bbox 2297 3574 2549 3630; x_wconf 57' lang='lat' dir='ltr'><strong>quasnam</strong></span> <span class='ocrx_word' id='word_1_640' title='bbox 2587 3560 2662 3614; x_wconf 91' lang='lat' dir='ltr'><strong>sit</strong></span> <span class='ocrx_word' id='word_1_641' title='bbox 2690 3561 2809 3631; x_wconf 88' lang='lat' dir='ltr'><strong>ipsa</strong></span> <span class='ocrx_word' id='word_1_642' title='bbox 2856 3561 3131 3615; x_wconf 84' lang='lat' dir='ltr'><strong>idolorum</strong></span> <span class='ocrx_word' id='word_1_643' title='bbox 3160 3561 3341 3616; x_wconf 89' lang='lat' dir='ltr'><strong>anima</strong></span> <span class='ocrx_word' id='word_1_644' title='bbox 3369 3576 3465 3615; x_wconf 87' lang='lat' dir='ltr'><strong>ca-</strong></span> 
     </span>
    </p>
   </div>
   <div class='ocr_carea' id='block_1_87' title="bbox 1879 3651 3463 3722">
    <p class='ocr_par' dir='ltr' id='par_1_87' title="bbox 1879 3651 3463 3722">
     <span class='ocr_line' id='line_1_87' title="bbox 1879 3651 3463 3722; baseline -0.001 -17"><span class='ocrx_word' id='word_1_645' title='bbox 1879 3653 2115 3706; x_wconf 84' lang='lat' dir='ltr'><strong>rentium</strong></span> <span class='ocrx_word' id='word_1_646' title='bbox 2137 3660 2336 3706; x_wconf 86' lang='lat' dir='ltr'><strong>natura</strong></span> <span class='ocrx_word' id='word_1_647' title='bbox 2358 3651 2452 3706; x_wconf 70' lang='grc' dir='ltr'><strong>’ἴδὶ</strong></span> <span class='ocrx_word' id='word_1_648' title='bbox 2487 3667 2650 3721; x_wconf 88' lang='lat' dir='ltr'><strong>quant</strong></span> <span class='ocrx_word' id='word_1_649' title='bbox 2673 3652 2820 3706; x_wconf 92' lang='lat' dir='ltr'><strong>enim</strong></span> <span class='ocrx_word' id='word_1_650' title='bbox 2853 3652 3152 3722; x_wconf 90' lang='lat' dir='ltr'><strong>potentiam</strong></span> <span class='ocrx_word' id='word_1_651' title='bbox 3177 3651 3463 3714; x_wconf 87' lang='lat' dir='ltr'><strong>haberent,</strong></span> 
     </span>
    </p>
   </div>
   <div class='ocr_carea' id='block_1_88' title="bbox 1884 3744 3464 3816">
    <p class='ocr_par' dir='ltr' id='par_1_88' title="bbox 1884 3744 3464 3816">
     <span class='ocr_line' id='line_1_88' title="bbox 1884 3744 3464 3816; baseline -0.001 -16"><span class='ocrx_word' id='word_1_652' title='bbox 1884 3744 2161 3816; x_wconf 63' lang='lat' dir='ltr'><strong>Egyptiis</strong></span> <span class='ocrx_word' id='word_1_653' title='bbox 2191 3752 2245 3798; x_wconf 92' lang='lat' dir='ltr'><strong>et</strong></span> <span class='ocrx_word' id='word_1_654' title='bbox 2267 3744 2628 3808; x_wconf 74' lang='lat' dir='ltr'><strong>Amorrltteis,</strong></span> <span class='ocrx_word' id='word_1_655' title='bbox 2655 3746 2746 3814; x_wconf 91' lang='lat' dir='ltr'><strong>qui</strong></span> <span class='ocrx_word' id='word_1_656' title='bbox 2783 3759 2846 3799; x_wconf 90' lang='lat' dir='ltr'><strong>ea</strong></span> <span class='ocrx_word' id='word_1_657' title='bbox 2887 3744 3095 3799; x_wconf 75' lang='lat' dir='ltr'><strong>\il‘ilttts</strong></span> <span class='ocrx_word' id='word_1_658' title='bbox 3126 3745 3264 3799; x_wconf 92' lang='lat' dir='ltr'><strong>meis</strong></span> <span class='ocrx_word' id='word_1_659' title='bbox 3291 3759 3464 3814; x_wconf 90' lang='lat' dir='ltr'><strong>oppo-</strong></span> 
     </span>
    </p>
   </div>
   <div class='ocr_carea' id='block_1_89' title="bbox 1879 3836 3464 3908">
    <p class='ocr_par' dir='ltr' id='par_1_89' title="bbox 1879 3836 3464 3908">
     <span class='ocr_line' id='line_1_89' title="bbox 1879 3836 3464 3908; baseline 0 -16"><span class='ocrx_word' id='word_1_660' title='bbox 1879 3845 2056 3904; x_wconf 91' lang='lat' dir='ltr'><strong>nunt,</strong></span> <span class='ocrx_word' id='word_1_661' title='bbox 2132 3839 2198 3894; x_wconf 91' lang='lat' dir='ltr'><strong>ad</strong></span> <span class='ocrx_word' id='word_1_662' title='bbox 2268 3839 2502 3893; x_wconf 89' lang='lat' dir='ltr'><strong>salutem</strong></span> <span class='ocrx_word' id='word_1_663' title='bbox 2560 3837 2771 3908; x_wconf 82' lang='lat' dir='ltr'><strong>aliquid</strong></span> <span class='ocrx_word' id='word_1_664' title='bbox 2826 3836 3083 3891; x_wconf 82' lang='lat' dir='ltr'><strong>conferre</strong></span> <span class='ocrx_word' id='word_1_665' title='bbox 3135 3837 3464 3908; x_wconf 87' lang='lat' dir='ltr'><strong>potuissent.</strong></span> 
     </span>
    </p>
   </div>
   <div class='ocr_carea' id='block_1_90' title="bbox 1877 3931 3466 4001">
    <p class='ocr_par' dir='ltr' id='par_1_90' title="bbox 1877 3931 3466 4001">
     <span class='ocr_line' id='line_1_90' title="bbox 1877 3931 3466 4001; baseline -0.001 -15"><span class='ocrx_word' id='word_1_666' title='bbox 1877 3934 1948 3986; x_wconf 84' lang='lat' dir='ltr'><strong>At</strong></span> <span class='ocrx_word' id='word_1_667' title='bbox 1973 3946 2121 3986; x_wconf 92' lang='lat' dir='ltr'><strong>nunc</strong></span> <span class='ocrx_word' id='word_1_668' title='bbox 2147 3947 2273 3987; x_wconf 89' lang='lat' dir='ltr'><strong>cum</strong></span> <span class='ocrx_word' id='word_1_669' title='bbox 2311 3932 2430 3987; x_wconf 88' lang='lat' dir='ltr'><strong>suis</strong></span> <span class='ocrx_word' id='word_1_670' title='bbox 2468 3932 2586 4001; x_wconf 91' lang='lat' dir='ltr'><strong>ipsa</strong></span> <span class='ocrx_word' id='word_1_671' title='bbox 2622 3931 3016 3986; x_wconf 89' lang='lat' dir='ltr'><strong>adoratoribus</strong></span> <span class='ocrx_word' id='word_1_672' title='bbox 3048 3941 3206 4000; x_wconf 91' lang='lat' dir='ltr'><strong>capta</strong></span> <span class='ocrx_word' id='word_1_673' title='bbox 3234 3945 3331 4001; x_wconf 90' lang='lat' dir='ltr'><strong>per</strong></span> <span class='ocrx_word' id='word_1_674' title='bbox 3362 3946 3466 3985; x_wconf 86' lang='lat' dir='ltr'><strong>vos</strong></span> 
     </span>
    </p>
   </div>
   <div class='ocr_carea' id='block_1_91' title="bbox 1880 4024 3468 4096">
    <p class='ocr_par' dir='ltr' id='par_1_91' title="bbox 1880 4024 3468 4096">
     <span class='ocr_line' id='line_1_91' title="bbox 1880 4024 3468 4096; baseline 0 -16"><span class='ocrx_word' id='word_1_675' title='bbox 1880 4025 1934 4080; x_wconf 88' lang='lat' dir='ltr'><strong>in</strong></span> <span class='ocrx_word' id='word_1_676' title='bbox 1966 4027 2147 4096; x_wconf 88' lang='lat' dir='ltr'><strong>ignem</strong></span> <span class='ocrx_word' id='word_1_677' title='bbox 2179 4025 2428 4096; x_wconf 80' lang='lat' dir='ltr'><strong>conjecta</strong></span> <span class='ocrx_word' id='word_1_678' title='bbox 2453 4034 2605 4080; x_wconf 90' lang='lat' dir='ltr'><strong>sunt.</strong></span> <span class='ocrx_word' id='word_1_679' title='bbox 2641 4024 2746 4090; x_wconf 87' lang='lat' dir='ltr'><strong>Qui</strong></span> <span class='ocrx_word' id='word_1_680' title='bbox 2780 4041 2880 4080; x_wconf 86' lang='lat' dir='ltr'><strong>vos</strong></span> <span class='ocrx_word' id='word_1_681' title='bbox 2913 4025 3099 4094; x_wconf 79' lang='lat' dir='ltr'><strong>igitur,</strong></span> <span class='ocrx_word' id='word_1_682' title='bbox 3131 4040 3270 4094; x_wconf 88' lang='lat' dir='ltr'><strong>quos</strong></span> <span class='ocrx_word' id='word_1_683' title='bbox 3295 4024 3468 4080; x_wconf 85' lang='lat' dir='ltr'><strong>latere</strong></span> 
     </span>
    </p>
   </div>
   <div class='ocr_carea' id='block_1_92' title="bbox 1880 4113 3465 4184">
    <p class='ocr_par' dir='ltr' id='par_1_92' title="bbox 1880 4113 3465 4184">
     <span class='ocr_line' id='line_1_92' title="bbox 1880 4113 3465 4184; baseline -0.003 -14"><span class='ocrx_word' id='word_1_684' title='bbox 1880 4117 1996 4183; x_wconf 86' lang='lat' dir='ltr'><strong>ipsa</strong></span> <span class='ocrx_word' id='word_1_685' title='bbox 2031 4130 2140 4168; x_wconf 91' lang='lat' dir='ltr'><strong>non</strong></span> <span class='ocrx_word' id='word_1_686' title='bbox 2170 4123 2486 4184; x_wconf 87' lang='lat' dir='ltr'><strong>potuerunt,</strong></span> <span class='ocrx_word' id='word_1_687' title='bbox 2522 4129 2714 4167; x_wconf 89' lang='lat' dir='ltr'><strong>eorum</strong></span> <span class='ocrx_word' id='word_1_688' title='bbox 2755 4113 2982 4183; x_wconf 80' lang='lat' dir='ltr'><strong>opiﬁces</strong></span> <span class='ocrx_word' id='word_1_689' title='bbox 3008 4113 3330 4175; x_wconf 83' lang='lat' dir='ltr'><strong>exstitistis,</strong></span> <span class='ocrx_word' id='word_1_690' title='bbox 3370 4113 3465 4183; x_wconf 90' lang='lat' dir='ltr'><strong>qui</strong></span> 
     </span>
    </p>
   </div>
   <div class='ocr_carea' id='block_1_93' title="bbox 1878 4204 3467 4276">
    <p class='ocr_par' dir='ltr' id='par_1_93' title="bbox 1878 4204 3467 4276">
     <span class='ocr_line' id='line_1_93' title="bbox 1878 4204 3467 4276; baseline -0.002 -14"><span class='ocrx_word' id='word_1_691' title='bbox 1878 4209 2066 4264; x_wconf 83' lang='lat' dir='ltr'><strong>Mosen</strong></span> <span class='ocrx_word' id='word_1_692' title='bbox 2103 4208 2214 4263; x_wconf 89' lang='lat' dir='ltr'><strong>Deo</strong></span> <span class='ocrx_word' id='word_1_693' title='bbox 2263 4209 2358 4263; x_wconf 92' lang='lat' dir='ltr'><strong>uni</strong></span> <span class='ocrx_word' id='word_1_694' title='bbox 2388 4209 2766 4270; x_wconf 87' lang='lat' dir='ltr'><strong>serviendum,</strong></span> <span class='ocrx_word' id='word_1_695' title='bbox 2801 4221 2980 4276; x_wconf 87' lang='lat' dir='ltr'><strong>neque</strong></span> <span class='ocrx_word' id='word_1_696' title='bbox 3037 4205 3182 4260; x_wconf 88' lang='lat' dir='ltr'><strong>idola</strong></span> <span class='ocrx_word' id='word_1_697' title='bbox 3215 4204 3467 4260; x_wconf 79' lang='lat' dir='ltr'><strong>facienda</strong></span> 
     </span>
    </p>
   </div>
   <div class='ocr_carea' id='block_1_94' title="bbox 1879 4299 3468 4370">
    <p class='ocr_par' dir='ltr' id='par_1_94' title="bbox 1879 4299 3468 4370">
     <span class='ocr_line' id='line_1_94' title="bbox 1879 4299 3468 4370; baseline -0.001 -15"><span class='ocrx_word' id='word_1_698' title='bbox 1879 4301 2169 4356; x_wconf 81' lang='lat' dir='ltr'><strong>docentem</strong></span> <span class='ocrx_word' id='word_1_699' title='bbox 2207 4301 2546 4356; x_wconf 83' lang='lat' dir='ltr'><strong>audivistis?</strong></span> <span class='ocrx_word' id='word_1_700' title='bbox 2583 4301 2653 4354; x_wconf 79' lang='lat' dir='ltr'><strong>At</strong></span> <span class='ocrx_word' id='word_1_701' title='bbox 2683 4315 2749 4354; x_wconf 90' lang='lat' dir='ltr'><strong>eo</strong></span> <span class='ocrx_word' id='word_1_702' title='bbox 2797 4299 2904 4370; x_wconf 90' lang='lat' dir='ltr'><strong>ipsi</strong></span> <span class='ocrx_word' id='word_1_703' title='bbox 2977 4299 3249 4354; x_wconf 73' lang='lat' dir='ltr'><strong>vecordiae</strong></span> <span class='ocrx_word' id='word_1_704' title='bbox 3283 4299 3468 4353; x_wconf 85' lang='lat' dir='ltr'><strong>evasi-</strong></span> 
     </span>
    </p>
   </div>
   <div class='ocr_carea' id='block_1_95' title="bbox 1881 4392 3470 4462">
    <p class='ocr_par' dir='ltr' id='par_1_95' title="bbox 1881 4392 3470 4462">
     <span class='ocr_line' id='line_1_95' title="bbox 1881 4392 3470 4462; baseline -0.003 -13"><span class='ocrx_word' id='word_1_705' title='bbox 1881 4393 2004 4460; x_wconf 87' lang='lat' dir='ltr'><strong>stis,</strong></span> <span class='ocrx_word' id='word_1_706' title='bbox 2028 4405 2086 4446; x_wconf 86' lang='lat' dir='ltr'><strong>ut</strong></span> <span class='ocrx_word' id='word_1_707' title='bbox 2115 4409 2304 4447; x_wconf 83' lang='lat' dir='ltr'><strong>earum</strong></span> <span class='ocrx_word' id='word_1_708' title='bbox 2326 4409 2510 4447; x_wconf 79' lang='lat' dir='ltr'><strong>rerum</strong></span> <span class='ocrx_word' id='word_1_709' title='bbox 2541 4408 2748 4453; x_wconf 89' lang='lat' dir='ltr'><strong>amore,</strong></span> <span class='ocrx_word' id='word_1_710' title='bbox 2767 4407 2888 4462; x_wconf 73' lang='lat' dir='ltr'><strong>qua:</strong></span> <span class='ocrx_word' id='word_1_711' title='bbox 2909 4407 3018 4447; x_wconf 92' lang='lat' dir='ltr'><strong>non</strong></span> <span class='ocrx_word' id='word_1_712' title='bbox 3047 4400 3198 4457; x_wconf 93' lang='lat' dir='ltr'><strong>sunt,</strong></span> <span class='ocrx_word' id='word_1_713' title='bbox 3223 4392 3470 4448; x_wconf 78' lang='lat' dir='ltr'><strong>insania-</strong></span> 
     </span>
    </p>
   </div>
   <div class='ocr_carea' id='block_1_96' title="bbox 1883 4484 3471 4555">
    <p class='ocr_par' dir='ltr' id='par_1_96' title="bbox 1883 4484 3471 4555">
     <span class='ocr_line' id='line_1_96' title="bbox 1883 4484 3471 4555; baseline 0 -15"><span class='ocrx_word' id='word_1_714' title='bbox 1883 4487 1980 4541; x_wconf 91' lang='lat' dir='ltr'><strong>tis.</strong></span> <span class='ocrx_word' id='word_1_715' title='bbox 2044 4485 2315 4541; x_wconf 67' lang='lat' dir='ltr'><strong>Caeterum</strong></span> <span class='ocrx_word' id='word_1_716' title='bbox 2371 4484 2520 4555; x_wconf 89' lang='lat' dir='ltr'><strong>quod</strong></span> <span class='ocrx_word' id='word_1_717' title='bbox 2577 4493 2908 4540; x_wconf 71' lang='lat' dir='ltr'><strong>exaruerunt</strong></span> <span class='ocrx_word' id='word_1_718' title='bbox 2966 4485 3236 4553; x_wconf 87' lang='lat' dir='ltr'><strong>habetur,</strong></span> <span class='ocrx_word' id='word_1_719' title='bbox 3297 4487 3342 4541; x_wconf 84' lang='lat' dir='ltr'><strong>si</strong></span> <span class='ocrx_word' id='word_1_720' title='bbox 3403 4485 3471 4540; x_wconf 89' lang='lat' dir='ltr'><strong>de</strong></span> 
     </span>
    </p>
   </div>
   <div class='ocr_carea' id='block_1_97' title="bbox 1885 4577 3469 4650">
    <p class='ocr_par' dir='ltr' id='par_1_97' title="bbox 1885 4577 3469 4650">
     <span class='ocr_line' id='line_1_97' title="bbox 1885 4577 3469 4650; baseline 0.001 -17"><span class='ocrx_word' id='word_1_721' title='bbox 1885 4578 2228 4648; x_wconf 72' lang='lat' dir='ltr'><strong>sculptilibus</strong></span> <span class='ocrx_word' id='word_1_722' title='bbox 2277 4577 2654 4647; x_wconf 84' lang='lat' dir='ltr'><strong>intelligatur;</strong></span> <span class='ocrx_word' id='word_1_723' title='bbox 2688 4579 2828 4632; x_wconf 87' lang='lat' dir='ltr'><strong>ident</strong></span> <span class='ocrx_word' id='word_1_724' title='bbox 2865 4579 3049 4649; x_wconf 88' lang='lat' dir='ltr'><strong>plane,</strong></span> <span class='ocrx_word' id='word_1_725' title='bbox 3092 4578 3238 4649; x_wconf 88' lang='lat' dir='ltr'><strong>quod</strong></span> <span class='ocrx_word' id='word_1_726' title='bbox 3289 4579 3469 4650; x_wconf 85' lang='lat' dir='ltr'><strong>perie-</strong></span> 
     </span>
    </p>
   </div>
   <div class='ocr_carea' id='block_1_98' title="bbox 1892 4669 3471 4740">
    <p class='ocr_par' dir='ltr' id='par_1_98' title="bbox 1892 4669 3471 4740">
     <span class='ocr_line' id='line_1_98' title="bbox 1892 4669 3471 4740; baseline -0.001 -15"><span class='ocrx_word' id='word_1_727' title='bbox 1892 4679 2044 4736; x_wconf 90' lang='lat' dir='ltr'><strong>runt,</strong></span> <span class='ocrx_word' id='word_1_728' title='bbox 2077 4671 2389 4740; x_wconf 77' lang='lat' dir='ltr'><strong>signiﬁcare</strong></span> <span class='ocrx_word' id='word_1_729' title='bbox 2421 4669 2730 4739; x_wconf 90' lang='lat' dir='ltr'><strong>putandum</strong></span> <span class='ocrx_word' id='word_1_730' title='bbox 2755 4679 2842 4724; x_wconf 83' lang='lat' dir='ltr'><strong>est</strong></span> <span class='ocrx_word' id='word_1_731' title='bbox 2873 4688 2887 4725; x_wconf 87' lang='lat'><strong>:</strong></span> <span class='ocrx_word' id='word_1_732' title='bbox 2924 4670 3010 4725; x_wconf 91' lang='lat' dir='ltr'><strong>sin</strong></span> <span class='ocrx_word' id='word_1_733' title='bbox 3033 4679 3215 4726; x_wconf 84' lang='lat' dir='ltr'><strong>autem</strong></span> <span class='ocrx_word' id='word_1_734' title='bbox 3249 4673 3316 4725; x_wconf 89' lang='lat' dir='ltr'><strong>ad</strong></span> <span class='ocrx_word' id='word_1_735' title='bbox 3352 4686 3471 4734; x_wconf 83' lang='lat' dir='ltr'><strong>eos,</strong></span> 
     </span>
    </p>
   </div>
   <div class='ocr_carea' id='block_1_99' title="bbox 1895 4759 3472 4834">
    <p class='ocr_par' dir='ltr' id='par_1_99' title="bbox 1895 4759 3472 4834">
     <span class='ocr_line' id='line_1_99' title="bbox 1895 4759 3472 4834; baseline -0.001 -17"><span class='ocrx_word' id='word_1_736' title='bbox 1895 4763 1991 4834; x_wconf 89' lang='lat' dir='ltr'><strong>qui</strong></span> <span class='ocrx_word' id='word_1_737' title='bbox 2019 4777 2084 4817; x_wconf 92' lang='lat' dir='ltr'><strong>ea</strong></span> <span class='ocrx_word' id='word_1_738' title='bbox 2119 4762 2375 4818; x_wconf 80' lang='lat' dir='ltr'><strong>fabricati</strong></span> <span class='ocrx_word' id='word_1_739' title='bbox 2424 4769 2576 4828; x_wconf 89' lang='lat' dir='ltr'><strong>sunt,</strong></span> <span class='ocrx_word' id='word_1_740' title='bbox 2609 4759 2920 4826; x_wconf 78' lang='lat' dir='ltr'><strong>referatur;</strong></span> <span class='ocrx_word' id='word_1_741' title='bbox 2951 4770 3211 4830; x_wconf 90' lang='lat' dir='ltr'><strong>tanquam</strong></span> <span class='ocrx_word' id='word_1_742' title='bbox 3236 4760 3304 4816; x_wconf 87' lang='lat' dir='ltr'><strong>de</strong></span> <span class='ocrx_word' id='word_1_743' title='bbox 3351 4777 3472 4815; x_wconf 82' lang='lat' dir='ltr'><strong>are-</strong></span> 
     </span>
    </p>
   </div>
   <div class='ocr_carea' id='block_1_100' title="bbox 1893 4854 3475 4925">
    <p class='ocr_par' dir='ltr' id='par_1_100' title="bbox 1893 4854 3475 4925">
     <span class='ocr_line' id='line_1_100' title="bbox 1893 4854 3475 4925; baseline -0.002 -14"><span class='ocrx_word' id='word_1_744' title='bbox 1893 4856 2164 4912; x_wconf 77' lang='lat' dir='ltr'><strong>scentibus</strong></span> <span class='ocrx_word' id='word_1_745' title='bbox 2210 4855 2505 4911; x_wconf 88' lang='lat' dir='ltr'><strong>arboribus</strong></span> <span class='ocrx_word' id='word_1_746' title='bbox 2538 4855 2775 4918; x_wconf 85' lang='lat' dir='ltr'><strong>dicetur,</strong></span> <span class='ocrx_word' id='word_1_747' title='bbox 2814 4869 3053 4924; x_wconf 86' lang='lat' dir='ltr'><strong>quorum</strong></span> <span class='ocrx_word' id='word_1_748' title='bbox 3086 4854 3212 4908; x_wconf 79' lang='lat' dir='ltr'><strong>linis</strong></span> <span class='ocrx_word' id='word_1_749' title='bbox 3246 4854 3362 4925; x_wconf 90' lang='lat' dir='ltr'><strong>ipsa</strong></span> <span class='ocrx_word' id='word_1_750' title='bbox 3391 4865 3475 4908; x_wconf 89' lang='lat' dir='ltr'><strong>est</strong></span> 
     </span>
    </p>
   </div>
   <div class='ocr_carea' id='block_1_101' title="bbox 1893 4946 3473 5014">
    <p class='ocr_par' dir='ltr' id='par_1_101' title="bbox 1893 4946 3473 5014">
     <span class='ocr_line' id='line_1_101' title="bbox 1893 4946 3473 5014; baseline -0.003 -9"><span class='ocrx_word' id='word_1_751' title='bbox 1893 4949 2229 5006; x_wconf 82' lang='lat' dir='ltr'><strong>combustio.</strong></span> <span class='ocrx_word' id='word_1_752' title='bbox 2260 4947 2418 5014; x_wconf 84' lang='lat' dir='ltr'><strong>Quod</strong></span> <span class='ocrx_word' id='word_1_753' title='bbox 2455 4956 2636 5002; x_wconf 86' lang='lat' dir='ltr'><strong>autem</strong></span> <span class='ocrx_word' id='word_1_754' title='bbox 2669 4947 2858 5002; x_wconf 78' lang='lat' dir='ltr'><strong>surdos</strong></span> <span class='ocrx_word' id='word_1_755' title='bbox 2883 4946 2947 5001; x_wconf 86' lang='lat' dir='ltr'><strong>ab</strong></span> <span class='ocrx_word' id='word_1_756' title='bbox 2969 4948 3270 5002; x_wconf 75' lang='lat' dir='ltr'><strong>hominibus</strong></span> <span class='ocrx_word' id='word_1_757' title='bbox 3299 4947 3473 5014; x_wconf 76' lang='lat' dir='ltr'><strong>dixit,</strong></span> 
     </span>
    </p>
   </div>
   <div class='ocr_carea' id='block_1_102' title="bbox 201 5043 3474 5122">
    <p class='ocr_par' dir='ltr' id='par_1_102' title="bbox 201 5043 3474 5122">
     <span class='ocr_line' id='line_1_102' title="bbox 201 5043 3474 5122; baseline -0.002 -22"><span class='ocrx_word' id='word_1_758' title='bbox 201 5047 342 5100; x_wconf 84' lang='lat' dir='ltr'><strong>idem</strong></span> <span class='ocrx_word' id='word_1_759' title='bbox 377 5049 561 5116; x_wconf 84' lang='lat' dir='ltr'><strong>plane,</strong></span> <span class='ocrx_word' id='word_1_760' title='bbox 594 5059 659 5098; x_wconf 92' lang='lat' dir='ltr'><strong>ac</strong></span> <span class='ocrx_word' id='word_1_761' title='bbox 711 5045 759 5099; x_wconf 90' lang='lat' dir='ltr'><strong>si</strong></span> <span class='ocrx_word' id='word_1_762' title='bbox 802 5043 955 5100; x_wconf 92' lang='lat' dir='ltr'><strong>nullo</strong></span> <span class='ocrx_word' id='word_1_763' title='bbox 991 5044 1153 5100; x_wconf 90' lang='lat' dir='ltr'><strong>modo</strong></span> <span class='ocrx_word' id='word_1_764' title='bbox 1211 5045 1356 5099; x_wconf 89' lang='lat' dir='ltr'><strong>inter</strong></span> <span class='ocrx_word' id='word_1_765' title='bbox 1383 5044 1637 5100; x_wconf 85' lang='lat' dir='ltr'><strong>homines</strong></span> <span class='ocrx_word' id='word_1_766' title='bbox 1671 5053 2018 5112; x_wconf 89' lang='lat' dir='ltr'><strong>numeratos,</strong></span> <span class='ocrx_word' id='word_1_767' title='bbox 2052 5055 2106 5101; x_wconf 91' lang='lat' dir='ltr'><strong>et</strong></span> <span class='ocrx_word' id='word_1_768' title='bbox 2171 5061 2339 5102; x_wconf 88' lang='lat' dir='ltr'><strong>sensu</strong></span> <span class='ocrx_word' id='word_1_769' title='bbox 2409 5045 2710 5100; x_wconf 83' lang='lat' dir='ltr'><strong>destitutos</strong></span> <span class='ocrx_word' id='word_1_770' title='bbox 2787 5043 3040 5111; x_wconf 85' lang='lat' dir='ltr'><strong>dixisset,</strong></span> <span class='ocrx_word' id='word_1_771' title='bbox 3106 5043 3474 5122; x_wconf 70' lang='lat' dir='ltr'><strong>signiﬁcavit;</strong></span> 
     </span>
    </p>
   </div>
   <div class='ocr_carea' id='block_1_103' title="bbox 200 5137 3475 5211">
    <p class='ocr_par' dir='ltr' id='par_1_103' title="bbox 200 5137 3475 5211">
     <span class='ocr_line' id='line_1_103' title="bbox 200 5137 3475 5211; baseline -0 -20"><span class='ocrx_word' id='word_1_772' title='bbox 200 5139 362 5208; x_wconf 90' lang='lat' dir='ltr'><strong>quale</strong></span> <span class='ocrx_word' id='word_1_773' title='bbox 405 5148 492 5194; x_wconf 90' lang='lat' dir='ltr'><strong>est</strong></span> <span class='ocrx_word' id='word_1_774' title='bbox 531 5138 664 5194; x_wconf 91' lang='lat' dir='ltr'><strong>illud</strong></span> <span class='ocrx_word' id='word_1_775' title='bbox 699 5156 715 5205; x_wconf 89' lang='lat'><strong>;</strong></span> <span class='ocrx_word' id='word_1_776' title='bbox 753 5158 770 5191; x_wconf 87' lang='grc' dir='ltr'><strong>ι</strong></span> <span class='ocrx_word' id='word_1_777' title='bbox 810 5141 1032 5196; x_wconf 89' lang='lat' dir='ltr'><strong>Similes</strong></span> <span class='ocrx_word' id='word_1_778' title='bbox 1083 5141 1153 5197; x_wconf 89' lang='lat' dir='ltr'><strong>iis</strong></span> <span class='ocrx_word' id='word_1_779' title='bbox 1204 5138 1334 5195; x_wconf 77' lang='lat' dir='ltr'><strong>facti</strong></span> <span class='ocrx_word' id='word_1_780' title='bbox 1367 5149 1518 5205; x_wconf 87' lang='lat' dir='ltr'><strong>sunt,</strong></span> <span class='ocrx_word' id='word_1_781' title='bbox 1567 5141 1663 5211; x_wconf 92' lang='lat' dir='ltr'><strong>qui</strong></span> <span class='ocrx_word' id='word_1_782' title='bbox 1695 5140 1908 5196; x_wconf 81' lang='lat' dir='ltr'><strong>faciunt</strong></span> <span class='ocrx_word' id='word_1_783' title='bbox 1941 5156 2007 5198; x_wconf 91' lang='lat' dir='ltr'><strong>ea</strong></span> <span class='ocrx_word' id='word_1_784' title='bbox 2038 5141 2110 5196; x_wconf 88' lang='lat'><strong>&quot;.</strong></span> <span class='ocrx_word' id='word_1_785' title='bbox 2154 5159 2174 5195; x_wconf 78' lang='grc' dir='ltr'><strong>ι</strong></span> <span class='ocrx_word' id='word_1_786' title='bbox 2243 5139 2455 5196; x_wconf 89' lang='lat' dir='ltr'><strong>Deinde</strong></span> <span class='ocrx_word' id='word_1_787' title='bbox 2534 5149 2919 5211; x_wconf 79' lang='lat' dir='ltr'><strong>congregemur</strong></span> <span class='ocrx_word' id='word_1_788' title='bbox 2987 5154 3188 5202; x_wconf 82' lang='lat' dir='ltr'><strong>omnes,</strong></span> <span class='ocrx_word' id='word_1_789' title='bbox 3265 5137 3475 5207; x_wconf 85' lang='lat' dir='ltr'><strong>adjicit,</strong></span> 
     </span>
    </p>
   </div>
   <div class='ocr_carea' id='block_1_104' title="bbox 204 5229 3474 5304">
    <p class='ocr_par' dir='ltr' id='par_1_104' title="bbox 204 5229 3474 5304">
     <span class='ocr_line' id='line_1_104' title="bbox 204 5229 3474 5304; baseline -0.001 -20"><span class='ocrx_word' id='word_1_790' title='bbox 204 5239 263 5284; x_wconf 92' lang='lat' dir='ltr'><strong>ut</strong></span> <span class='ocrx_word' id='word_1_791' title='bbox 293 5247 492 5286; x_wconf 87' lang='lat' dir='ltr'><strong>omnes</strong></span> <span class='ocrx_word' id='word_1_792' title='bbox 523 5231 691 5286; x_wconf 90' lang='lat' dir='ltr'><strong>simul</strong></span> <span class='ocrx_word' id='word_1_793' title='bbox 727 5231 996 5288; x_wconf 75' lang='lat' dir='ltr'><strong>idolorum</strong></span> <span class='ocrx_word' id='word_1_794' title='bbox 1025 5233 1294 5298; x_wconf 86' lang='lat' dir='ltr'><strong>cultores,</strong></span> <span class='ocrx_word' id='word_1_795' title='bbox 1330 5247 1459 5287; x_wconf 91' lang='lat' dir='ltr'><strong>cum</strong></span> <span class='ocrx_word' id='word_1_796' title='bbox 1505 5233 1561 5287; x_wconf 91' lang='lat' dir='ltr'><strong>in</strong></span> <span class='ocrx_word' id='word_1_797' title='bbox 1589 5234 1877 5304; x_wconf 89' lang='lat' dir='ltr'><strong>impietate</strong></span> <span class='ocrx_word' id='word_1_798' title='bbox 1945 5233 2265 5290; x_wconf 83' lang='lat' dir='ltr'><strong>consentire</strong></span> <span class='ocrx_word' id='word_1_799' title='bbox 2335 5247 2445 5288; x_wconf 90' lang='lat' dir='ltr'><strong>non</strong></span> <span class='ocrx_word' id='word_1_800' title='bbox 2503 5239 2734 5303; x_wconf 79' lang='lat' dir='ltr'><strong>queant,</strong></span> <span class='ocrx_word' id='word_1_801' title='bbox 2799 5230 3002 5301; x_wconf 78' lang='lat' dir='ltr'><strong>pudore</strong></span> <span class='ocrx_word' id='word_1_802' title='bbox 3055 5229 3474 5300; x_wconf 67' lang='lat' dir='ltr'><strong>confundantur.</strong></span> 
     </span>
    </p>
   </div>
   <div class='ocr_carea' id='block_1_105' title="bbox 278 5323 1794 5402">
    <p class='ocr_par' dir='ltr' id='par_1_105' title="bbox 278 5323 1794 5402">
     <span class='ocr_line' id='line_1_105' title="bbox 278 5323 1794 5402; baseline 0.001 -22"><span class='ocrx_word' id='word_1_803' title='bbox 278 5323 408 5381; x_wconf 74' lang='grc' dir='ltr'>Εἶτα</span> <span class='ocrx_word' id='word_1_804' title='bbox 445 5327 721 5398; x_wconf 85' lang='grc' dir='ltr'>μέμνηται</span> <span class='ocrx_word' id='word_1_805' title='bbox 778 5330 888 5384; x_wconf 86' lang='grc' dir='ltr'><strong>τῶν</strong></span> <span class='ocrx_word' id='word_1_806' title='bbox 928 5330 1200 5402; x_wconf 81' lang='grc' dir='ltr'>ὀργάνων,</span> <span class='ocrx_word' id='word_1_807' title='bbox 1241 5329 1309 5382; x_wconf 86' lang='grc' dir='ltr'><strong>δι’</strong></span> <span class='ocrx_word' id='word_1_808' title='bbox 1357 5323 1433 5384; x_wconf 80' lang='grc' dir='ltr'>ὧν</span> <span class='ocrx_word' id='word_1_809' title='bbox 1471 5327 1540 5383; x_wconf 86' lang='grc' dir='ltr'>τὰ</span> <span class='ocrx_word' id='word_1_810' title='bbox 1573 5327 1794 5386; x_wconf 72' lang='grc' dir='ltr'>εἴδωλα</span> 
     </span>
    </p>
   </div>
   <div class='ocr_carea' id='block_1_106' title="bbox 205 5418 1786 5496">
    <p class='ocr_par' dir='ltr' id='par_1_106' title="bbox 205 5418 1786 5496">
     <span class='ocr_line' id='line_1_106' title="bbox 205 5418 1786 5496; baseline 0 -23"><span class='ocrx_word' id='word_1_811' title='bbox 205 5418 632 5487; x_wconf 74' lang='grc' dir='ltr'>κατεσκεύαζον,</span> <span class='ocrx_word' id='word_1_812' title='bbox 657 5421 744 5475; x_wconf 86' lang='grc' dir='ltr'><strong>ἵνα</strong></span> <span class='ocrx_word' id='word_1_813' title='bbox 771 5421 869 5493; x_wconf 77' lang='grc' dir='ltr'><strong>τὴν</strong></span> <span class='ocrx_word' id='word_1_814' title='bbox 903 5425 1031 5496; x_wconf 78' lang='grc' dir='ltr'>περὶ</span> <span class='ocrx_word' id='word_1_815' title='bbox 1085 5422 1261 5477; x_wconf 89' lang='grc' dir='ltr'>ταῦτα</span> <span class='ocrx_word' id='word_1_816' title='bbox 1301 5422 1499 5493; x_wconf 80' lang='grc' dir='ltr'>τέχνην</span> <span class='ocrx_word' id='word_1_817' title='bbox 1539 5436 1786 5492; x_wconf 84' lang='grc' dir='ltr'>προσκυ-</span> 
     </span>
    </p>
   </div>
   <div class='ocr_carea' id='block_1_107' title="bbox 277 5603 781 5670">
    <p class='ocr_par' dir='ltr' id='par_1_107' title="bbox 277 5603 781 5670">
     <span class='ocr_line' id='line_1_107' title="bbox 277 5603 781 5670; baseline 0 -12"><span class='ocrx_word' id='word_1_818' title='bbox 277 5603 322 5634; x_wconf 80' lang='grc'><strong>⁷¹</strong></span> <span class='ocrx_word' id='word_1_819' title='bbox 364 5603 508 5660; x_wconf 86' lang='lat' dir='ltr'><strong>Psal.</strong></span> <span class='ocrx_word' id='word_1_820' title='bbox 542 5618 698 5670; x_wconf 81' lang='lat' dir='ltr'><strong>cxttt,</strong></span> <span class='ocrx_word' id='word_1_821' title='bbox 729 5604 781 5659; x_wconf 89' lang='lat'><strong>8.</strong></span> 
     </span>
    </p>
   </div>
   <div class='ocr_carea' id='block_1_108' title="bbox 1973 5325 3475 5400">
    <p class='ocr_par' dir='ltr' id='par_1_108' title="bbox 1973 5325 3475 5400">
     <span class='ocr_line' id='line_1_108' title="bbox 1973 5325 3475 5400; baseline 0.001 -18"><span class='ocrx_word' id='word_1_822' title='bbox 1973 5328 2475 5386; x_wconf 83' lang='lat' dir='ltr'><strong>instrumentorum</strong></span> <span class='ocrx_word' id='word_1_823' title='bbox 2511 5336 2793 5400; x_wconf 67' lang='lat' dir='ltr'><strong>praeterea,</strong></span> <span class='ocrx_word' id='word_1_824' title='bbox 2830 5327 3036 5398; x_wconf 89' lang='lat' dir='ltr'><strong>quibus</strong></span> <span class='ocrx_word' id='word_1_825' title='bbox 3069 5326 3217 5380; x_wconf 81' lang='lat' dir='ltr'><strong>idola</strong></span> <span class='ocrx_word' id='word_1_826' title='bbox 3252 5325 3475 5395; x_wconf 81' lang='lat' dir='ltr'><strong>ﬁebant,</strong></span> 
     </span>
    </p>
   </div>
   <div class='ocr_carea' id='block_1_109' title="bbox 1897 5413 3478 5489">
    <p class='ocr_par' dir='ltr' id='par_1_109' title="bbox 1897 5413 3478 5489">
     <span class='ocr_line' id='line_1_109' title="bbox 1897 5413 3478 5489; baseline -0.004 -11"><span class='ocrx_word' id='word_1_827' title='bbox 1897 5422 2187 5489; x_wconf 88' lang='lat' dir='ltr'><strong>meminit;</strong></span> <span class='ocrx_word' id='word_1_828' title='bbox 2241 5431 2300 5477; x_wconf 91' lang='lat' dir='ltr'><strong>ut</strong></span> <span class='ocrx_word' id='word_1_829' title='bbox 2340 5431 2523 5477; x_wconf 89' lang='lat' dir='ltr'><strong>autem</strong></span> <span class='ocrx_word' id='word_1_830' title='bbox 2579 5435 2676 5478; x_wconf 89' lang='lat' dir='ltr'><strong>eos</strong></span> <span class='ocrx_word' id='word_1_831' title='bbox 2730 5418 2964 5476; x_wconf 86' lang='lat' dir='ltr'><strong>adorare</strong></span> <span class='ocrx_word' id='word_1_832' title='bbox 3007 5417 3378 5476; x_wconf 88' lang='lat' dir='ltr'><strong>demonstret.</strong></span> <span class='ocrx_word' id='word_1_833' title='bbox 3418 5413 3478 5473; x_wconf 88' lang='lat' dir='ltr'><strong>Si</strong></span> 
     </span>
    </p>
   </div>
   <div class='ocr_carea' id='block_1_110' title="bbox 1481 5691 2156 5752">
    <p class='ocr_par' dir='ltr' id='par_1_110' title="bbox 1481 5691 2156 5752">
     <span class='ocr_line' id='line_1_110' title="bbox 1481 5691 2156 5752; baseline -0.001 -1"><span class='ocrx_word' id='word_1_834' title='bbox 1481 5693 1716 5752; x_wconf 70' lang='lat' dir='ltr'><strong>VARIA‘I</strong></span> <span class='ocrx_word' id='word_1_835' title='bbox 1754 5691 2156 5752; x_wconf 74' lang='lat' dir='ltr'><strong>LECTIONES.</strong></span> 
     </span>
    </p>
   </div>
   <div class='ocr_carea' id='block_1_111' title="bbox 278 5789 771 5862">
    <p class='ocr_par' dir='ltr' id='par_1_111' title="bbox 278 5789 771 5862">
     <span class='ocr_line' id='line_1_111' title="bbox 278 5789 771 5862; baseline 0.002 -18"><span class='ocrx_word' id='word_1_836' title='bbox 278 5800 302 5830; x_wconf 81' lang='grc'>⁸</span> <span class='ocrx_word' id='word_1_837' title='bbox 333 5791 421 5846; x_wconf 84' lang='grc' dir='ltr'><strong>ισ.</strong></span> <span class='ocrx_word' id='word_1_838' title='bbox 449 5789 593 5862; x_wconf 76' lang='grc' dir='ltr'>ἄλλῳ</span> <span class='ocrx_word' id='word_1_839' title='bbox 619 5789 771 5860; x_wconf 82' lang='grc' dir='ltr'>γοῦν.</span> 
     </span>
    </p>
   </div>
  </div>
