3978 6374
588 292 728 359 2407

1898 294 2255 357 PROCOPII
2302 296 2546 357 GAZ.’EI

3671 307 3791 373 2408

588 413 736 466 enim
764 411 968 471 (ianum
995 411 1180 483 ipsum
1213 413 1357 469 Deus
1385 421 1573 479 esset,
1626 411 1773 470 idem
1814 422 1870 470 et
1896 416 2018 470 sine
2048 425 2168 470 arte

2276 413 2498 479 νοῦντας
2521 416 2719 478 αὐτοὺς
2738 415 3013 487 ἀποφήνῃ.
3047 414 3111 468 Εἰ
3140 415 3252 487 γὰρ
3283 412 3348 488 ἦν
3371 417 3500 470 αὐτὸ
3541 419 3599 473 τὸ
3639 425 3799 487 ξύλον

591 504 735 559 Deus
756 506 1070 562 exsisteret.
1091 508 1275 561 Artem
1308 508 1494 577 itaque
1527 507 1684 563 deam
1702 506 2027 575 effecerunt,
2047 522 2175 579 qua:

590 612 677 654 est
696 599 932 653 hominis
951 598 1152 652 inﬁrmi
1168 606 1224 653 et
1240 600 1582 668 corruptioni
1599 600 2002 658 obnoxii.Alias
2019 602 2169 659 enim

589 692 715 747 cibo
732 699 787 746 et
809 700 937 761 potu
958 706 1067 745 non
1098 691 1387 762 indigeret.
1424 691 1859 764 interrogatione
1896 693 2167 766 siquidem

590 785 758 840 verba
782 784 887 838 ista
910 799 923 835 :
944 782 1069 837 Non
1093 784 1231 839 bibet
1250 801 1468 855 aquam,
1483 784 1871 857 distinguenda
1888 800 2010 843 esse
2021 784 2173 841 arbi-

591 884 823 932 tramur.
842 877 963 943 Quo
982 885 1141 947 pacto
1156 893 1288 949 ergo
1299 880 1392 949 qui
1410 881 1793 951 corrumpitur
1810 880 2161 949 incorrupta;

589 977 646 1024 et
683 970 1055 1040 quimoritur,
1084 970 1414 1027 immortalia
1458 973 1695 1029 elIiciat?
1738 972 2003 1027 Nonnulli
2038 986 2171 1028 vero

588 1064 755 1118 etiam
774 1062 844 1118 de
871 1063 1031 1120 idolis
1059 1072 1234 1119 totum
1266 1065 1320 1119 id
1347 1075 1701 1137 acceperunt,
1724 1066 1925 1136 quibus
1956 1066 2168 1123 hostias

587 1156 911 1212 oﬂ’erebant.
942 1156 1135 1212 Utrum
1161 1174 1292 1214 vero
1309 1159 1534 1215 minime
1550 1160 2001 1217 sacriﬁcantibus
2012 1162 2169 1219 vobis

587 1256 643 1302 et
675 1248 895 1313 esuriet,
927 1257 976 1302 et
1011 1249 1379 1318 inﬁrmubitur
1418 1251 1514 1322 qui
1570 1251 1717 1307 Deus
1746 1253 1867 1308 est?
1891 1252 2083 1310 Nonne
2114 1262 2170 1309 et

588 1356 785 1411 aquam
813 1340 988 1396 bibere
1019 1343 1098 1397 illi
1132 1360 1362 1400 necesse
1389 1344 1577 1411 fuerit,
1612 1346 1659 1401 si
1689 1347 1815 1402 istis
1863 1358 2051 1419 egeat;
2102 1363 2170 1404 ne

587 1430 717 1500 quid
739 1432 965 1486 omnino
996 1434 1142 1502 quod
1176 1434 1243 1487 ad
1295 1449 1484 1489 eorum
1522 1436 1934 1491 accusationem
1981 1436 2167 1504 faciat,

588 1524 681 1593 qui
735 1539 1032 1594 corporeus
1093 1525 1202 1579 Deo
1230 1520 1465 1581 'hostias
1517 1526 1775 1592 oﬁerunt,
1820 1527 2023 1598 quibus
2056 1528 2171 1598 ipse

588 1630 695 1670 non
727 1615 959 1686 indiget,
982 1616 1239 1671 omittat?
1263 1617 1454 1689 Neque
1485 1620 1630 1674 enim
1675 1628 1872 1674 natura
1899 1618 2043 1675 Deus
2064 1619 2171 1675 sibi

586 1708 857 1765 sacriﬁcia
884 1709 1001 1765 ﬁeri
1033 1726 1100 1765 ex
1132 1709 1381 1780 professo
1416 1711 1731 1781 imperavit.
1764 1710 2013 1767 Sollicite
2042 1727 2173 1768 vero

586 1802 641 1857 in
676 1802 912 1857 istorum
946 1804 1433 1874 reprehensionem
1464 1820 1612 1860 nunc
1653 1806 1979 1862 immoratus
2007 1806 2167 1877 503
2203 1792 2243 1847 Β

585 1902 671 1952 εει
696 1897 985 1967 propheta,
1040 1906 1099 1951 ut
1145 1897 1277 1951 facti
1308 1899 1558 1953 saniores
1586 1898 1655 1953 ad
1704 1914 1891 1954 verum
1926 1898 2019 1955 Dei
2053 1902 2171 1954 cul-

586 1998 702 2044 tum
753 2000 1182 2046 reverterentur.
1220 1989 1419 2045 Verum
1473 1990 1619 2061 quod
1676 1991 1744 2046 ad
1791 1993 1891 2047 viri
1940 1993 2170 2063 {armum

584 2082 746 2148 dixit,
779 2098 937 2138 suam
975 2085 1127 2154 ipsos
1150 2083 1385 2154 formam
1419 2092 1530 2138 tam
1560 2085 1721 2156 longe
1749 2101 1778 2139 a
1804 2101 1930 2141 vera
1963 2085 2173 2142 discre-

586 2183 809 2247 pantem
857 2181 1091 2232 adorare
1136 2177 1433 2248 signiﬁcat,
1467 2188 1736 2248 quantum
1770 2178 1840 2233 ab
1867 2177 2171 2248 exemplari

584 2267 823 2324 dissidet
876 2269 1138 2323 imitatio.
1171 2269 1361 2338 Itaque
1400 2284 1515 2326 suae
1559 2271 1709 2340 ipsos
1740 2277 1971 2335 naturae,
2002 2285 2169 2342 quam

500 2383 521 2395 ο
584 2362 641 2416 in
680 2360 843 2431 lignis
889 2369 941 2415 et
990 2361 1146 2415 saxis
1198 2369 1613 2431 expresserunt.
1672 2361 1933 2431 injuriam
1965 2362 2170 2425 facere,

585 2452 681 2523 qui
710 2469 844 2507 verre
869 2454 1058 2522 forma:
1081 2453 1378 2524 imaginem
1413 2464 1760 2524 praeponam,
1797 2454 1957 2522 eique
1992 2453 2168 2509 bono-

584 2561 700 2601 rem
731 2544 1003 2602 deferant.
1040 2544 1246 2600 Deinde
1265 2560 1392 2599 cum
1422 2546 1683 2600 statuisse
1704 2546 1758 2600 in
1781 2546 1940 2601 domo
1958 2547 2169 2618 adjicit,

585 2637 643 2692 in
680 2639 887 2709 templo
925 2638 1223 2708 signilirat,
1266 2638 1323 2692 in
1376 2638 1523 2707 quod
1560 2639 1728 2708 petita
1761 2655 1827 2694 ex
1868 2640 2019 2694 saltu
2049 2656 2172 2694 ma-

585 2731 723 2785 teria
757 2730 978 2785 inducta
1009 2739 1115 2787 est.
1159 2729 1318 2797 Quod
1349 2730 1443 2800 qui
1480 2731 1720 2794 noverit,
1762 2746 1833 2785 ne
1864 2746 1924 2786 se
1949 2733 2170 2801 quidem

585 2823 938 2880 ethnicorum
970 2826 1132 2894 nugis
1181 2824 1323 2878 tueri
1352 2823 1578 2889 audeat,
1612 2824 1708 2893 qui
1741 2823 1883 2879 ratio
1930 2824 2177 2895 delapsis

2269 505 2424 570 Θεὸς,
2452 506 2547 560 καὶ⁷
2565 507 2738 576 χωρὶς
2760 506 2826 559 ἂν
2846 505 3047 579 τέχνης
3083 507 3293 576 ὑπῆρχε
3324 508 3485 575 Θεός.
3508 510 3697 565 Οὐκοῦν
3720 517 3801 589 τὴν

2267 596 2467 668 τέχνην
2495 595 2852 667 ἑθεοποιησαν
2872 595 3134 660 ἀσθενοῦς
3162 596 3327 650 οὖσαν
3348 597 3534 669 ἀνδρὸς
3556 602 3643 653 καὶ
3660 604 3803 675 φθαρ-

2267 686 2387 744 τοῦ.
2408 689 2483 742 Οὐ
2511 688 2621 761 γὰρ
2639 689 2707 743 ἂν
2734 688 2905 742 ἐδεῖτο
2930 688 3139 760 τροφῆς
3156 688 3252 741 καὶ
3276 688 3460 746 ποτοῦ.
3500 691 3584 743 Ἐν
3629 694 3804 767 ἔρωτή.

2270 798 2356 837 σει
2389 784 2499 854 γὰρ
2551 782 2937 847 ὑποστίζοντες
2983 782 3064 846 τδ,
3092 783 3176 835 Οὐ
3218 780 3305 850 μὴ
3351 782 3459 850 πίῃ
3493 782 3657 852 ὕδωρ,
3700 788 3805 841 ἁνα-

2271 874 2615 945 γνωσόμεθα.
2654 875 2780 939 Πῶς
2812 870 2907 929 οὖν
2935 876 2964 928 6
3011 874 3251 945 φθαρτὸς
3277 873 3549 945 ἄφθαρτα,
3578 878 3667 931 καὶ
3693 879 3804 933 ἀθά-

2270 982 2409 1020 νατα
2463 966 2743 1037 ποιήσειεν
2790 968 2819 1020 6
2891 965 3120 1036 θνητός;
3164 964 3309 1029 τινες
3355 964 3413 1019 δὲ
3454 965 3547 1019 καὶ
3602 968 3687 1021 ἐπὶ
3720 973 3806 1026 τῶν

2270 1063 2507 1117 εἰδώλων
2539 1062 2600 1117 τδ
2631 1062 2755 1117 ὅλον
2788 1061 3057 1127 ἐδέξαντο.
3095 1063 3480 1134 Προσαγάγετε
3511 1074 3539 1102 ι
3579 1062 3679 1131 γὰρ
3710 1067 3807 1121 τού.

2269 1177 2382 1223 τοις
2414 1160 2628 1224 θυσίας.
2672 1161 2818 1231 Ἀρα
2842 1159 2871 1200 ι)
2893 1153 2987 1212 οῦν
3013 1157 3088 1229 μὴ
3116 1156 3351 1212 θυόντων
3382 1158 3553 1228 ὑμῶν,
3575 1160 3806 1217 merdas:

2269 1252 2371 1306 καί
2398 1251 2731 1318 ἀσθενήσει
2757 1252 3082 1323 ἐνυπάρχων
3111 1253 3295 1319 Θεός;
3342 1251 3538 1305 οὐκοῦν
3569 1255 3656 1307 καί
3678 1254 3794 1327 ὕδωι

2269 1345 2477 1415 ὀφείλει
2523 1345 2703 1412 πιεῖν,
2744 1347 2794 1400 εἰ
2832 1345 3040 1399 τούτων
3070 1345 3222 1401 ἐστὶν
3253 1345 3460 1417 ἐνδεὴς,
3501 1346 3585 1399 ἵνα
3626 1347 3810 1403 διαὸἁλ.

2271 1436 2355 1490 λει
2394 1437 2627 1491 καθόλου
2677 1440 2803 1502 τοὺς
2846 1437 2966 1508 Θεῷ
3003 1455 3058 1490 τι
3116 1439 3531 1511 προσφέροντας
3560 1440 3743 1506 ὑλικὸν,
3763 1437 3810 1498 οὗ

2276 1529 2353 1602 μή
2386 1530 2631 1599 πέφυκεν
2660 1530 2878 1601 ἐνδεής
2928 1531 2991 1584 οὐ
3025 1530 3081 1584 δὲ
3119 1531 3232 1602 γὰρ
3264 1533 3294 1585 6
3338 1530 3498 1600 φύσει
3540 1532 3663 1597 Θεὸς
3710 1552 3814 1606 προ-

2271 1625 2595 1695 ηγουμένως
2620 1624 2721 1688 τὰς
2776 1624 2972 1690 θυσίας
3020 1625 3309 1692 ἐπέταξεν.
3362 1626 3739 1699 Ἐντρεπτικῶς
3771 1630 3814 1683 ii

2273 1717 2366 1771 νῦν
2395 1720 2424 1772 6
2458 1719 2747 1790 προφήτης
2791 1720 2904 1783 τοῖς
2958 1720 3087 1792 περί
3129 1720 3340 1774 τούτων
3387 1719 3625 1790 ἐνέμεινε
3647 1720 3813 1789 λόγοις,

2274 1810 2349 1874 ὡς
2376 1810 2443 1864 ἃν
2480 1812 2850 1882 φρονήσαντες
2902 1814 3292 1883 ἐπιστραφεῖεν
3341 1811 3480 1882 πρὸς
3528 1812 3811 1869 θεοσέϐειαν.

2274 1902 2348 1956 Τὸ
2382 1902 2438 1956 δὲ
2468 1903 2545 1966 ὠς
2570 1904 2819 1974 μορφὴν
2854 1904 3096 1974 ἀνδρὸς,
3137 1905 3472 1977 παρίστησιν
3499 1904 3572 1969 ὡς
3596 1906 3684 1977 τὴν
3710 1906 3815 1962 ἰδίαν

2272 1997 2640 2067 προσκυνοῦσι
2681 1998 2927 2069 μορφὴν
2987 1998 3242 2053 τοσοῦτον
3281 1999 3615 2071 ἀπᾴδουσαν,
3658 2001 3808 2055 ὅσωνσ

2272 2090 2655 2162 ἀρχετύπωνή
2694 2093 2946 2162 μίμησις.
2977 2092 3092 2145 Καὶ
3134 2092 3233 2164 τὴν
3288 2092 3503 2146 ἑαυτῶν
3546 2093 3805 2163 αἰσχύνωσι

2274 2179 2437 2249 φύσιν
2464 2182 2565 2249 τὴν
2593 2181 2650 2232 ὲν
2676 2181 2871 2245 λίθοις
2898 2179 2996 2233 καί
3020 2180 3232 2247 ξύλοις
3258 2180 3447 2234 εἰκόνα
3469 2177 3577 2247 τῆς
3595 2179 3807 2245 ἀληθοῦς

2271 2272 2652 2342 προτιμῶντες
2691 2270 2952 2342 μορφῆς,
2984 2273 3081 2326 καὶ
3120 2272 3279 2338 δόξαν
3324 2272 3514 2345 ἐκείνῃ
3562 2273 3812 2343 προσάγονι

2271 2382 2385 2429 τες.
2414 2366 2490 2419 Τὸ
2515 2365 2572 2419 δὲ
2604 2366 2857 2433 ἵστησιν
2879 2367 2949 2420 ἐν
2978 2367 3142 2434 οἴκῳ,
3194 2366 3350 2438 δηλοῖ
3380 2368 3465 2420 ὅτι
3494 2366 3603 2438 ναῷ
3627 2368 3682 2418 ὲκ
3707 2364 3819 2433 δρυι

2266 2459 2389 2529 μοῦ
2446 2459 2548 2529 τὴν
2597 2457 2733 2529 ὕλην
2779 2458 2983 2515 λαϐών.
3037 2460 3218 2532 Ὅπερ
3270 2458 3430 2523 εἰδὼς
3482 2458 3581 2513 οὐκ
3633 2458 3691 2512 ἂν
3730 2458 3819 2529 ἔχοι

2271 2556 2473 2624 λέγειν,
2532 2555 2676 2609 κατὰ
2723 2556 2850 2619 τοὺς
2908 2554 3183 2625 Ἐλλήνων
3226 2554 3465 2625 λήρους,
3526 2550 3727 2619 διοπετῆ
3766 2550 3820 2602 τὰ

2273 2649 2590 2720 ἀγάλματα.
2637 2649 2871 2717 Σποδὸς
2904 2646 2997 2703 οὖν
3044 2650 3154 2720 ἄρα
3196 2648 3235 2718 ἡ
3280 2647 3497 2717 καρδία
3524 2642 3723 2707 αὐτῶν,
3748 2645 3820 2696 καὶ

2273 2742 2474 2808 οὐδεὶς
2523 2742 2591 2797 ἂν
2638 2741 2910 2807 ἐξέλοιτο
2958 2745 3064 2809 τὰς
3109 2742 3219 2796 τῶν
3263 2742 3348 2805 εἰς
3390 2739 3550 2794 τοῦτο
3586 2740 3819 2792 πεσόντων

2273 2835 2500 2904 ψυχὰς,
2534 2834 2673 2907 πλὴν
2703 2836 2731 2890 ὃ
2759 2837 2848 2907 ’ήτι
2872 2835 2898 2873 ά
2936 2836 3098 2906 μόνος
3128 2834 3287 2906 εἴπερ
3318 2833 3497 2888 ἐθέλοι
3545 2832 3670 2897 Θεὸς
3693 2833 3718 2885 ὁ
3744 2849 3818 2901 μισ

585 2915 904 2972 simulacris
925 2918 1331 2988 gloriabantur.
1375 2914 1471 2971 Est
1500 2930 1636 2987 ergo
1669 2915 1805 2972 cinis
1833 2933 1929 2970 eor
1956 2932 2174 2981 eorum;

2276 2927 2651 2996 τασκευάζων,
2675 2930 2750 2993 ὡς
2778 2929 3051 3000 βούλεται,
3081 2929 3282 2993 πάντα,
3304 2927 3405 2981 καὶ
3433 2927 3673 2991 φωτίζων
3696 2927 3823 2977 sexo-

587 3023 765 3079 neque
788 3012 1071 3081 quisquam
1102 3010 1158 3063 in
1205 3011 1258 3063 id
1290 3009 1501 3062 animus
1526 3025 1713 3063 eorum
1744 3011 2035 3080 prolapsas
2062 3012 2171 3065 eri-
2273 3020 2528 3090 τισμένα.

583 3101 718 3179 piat,
783 3113 1148 3174 praeterquam
1202 3100 1347 3158 Deus
1398 3117 1562 3168 unus,
1641 3106 1736 3173 qui
1813 3106 1999 3157 omnia
2064 3120 2167 3177 pro
2231 3113 2447 3169 arbitrii
2504 3115 2593 3171 sui
2643 3116 2858 3170 ratione
2923 3119 3337 3179 transmittare,
3393 3113 3744 3178 tenebrasque
3785 3107 3829 3160 in

586 3193 763 3249 lucem
808 3205 1021 3248 vertere
1054 3201 1242 3262 queat.

661 3287 926 3357 Sequitur
951 3284 1160 3348 uidete;
1203 3282 1257 3338 id
1287 3290 1394 3347 est,
1423 3284 1680 3352 cogitate.
1717 3282 1789 3339 Et
1840 3302 1944 3340 non
1976 3286 2165 3345 dicetis
2193 3295 2238 3355 α

588 3381 791 3453 falsum
834 3394 949 3431 esse
982 3378 1037 3428 in
1065 3374 1286 3429 dextera
1320 3390 1462 3441 mea,
1494 3376 1739 3431 dextera
1775 3379 1925 3433 enim
1956 3382 2183 3436 nomine

589 3470 938 3543 unigenitum
962 3464 1168 3520 Filium
1193 3465 1397 3522 usitate
1415 3465 1711 3537 a'ppellavit
1734 3486 1750 3524 :
1770 3469 1866 3539 qui
1885 3469 2003 3525 sive
2040 3471 2183 3527 Deus

591 3567 709 3623 sive
759 3563 1053 3627 Dominus,
1086 3561 1205 3617 sive
1230 3561 1347 3626 lux,
1384 3565 1500 3616 sive
1522 3562 1726 3631 virtus,
1756 3562 1875 3619 sive
1911 3579 2035 3631 rex,
2066 3565 2184 3621 sive

593 3654 1008 3726 mundiopil‘ex,
1029 3654 1149 3709 sive
1182 3654 1293 3709 vita
1332 3654 1672 3722 nominetur,
1697 3670 1847 3723 vere,
1872 3663 1927 3712 et
1958 3658 2184 3728 proprie

592 3749 718 3805 istis
730 3749 993 3803 omnibus
1014 3746 1386 3817 signiﬁcatur,
1404 3762 1530 3817 qua:
1544 3746 1887 3806 daemonibus
1904 3759 1997 3804 aut
2020 3751 2183 3808 idolis

594 3841 737 3898 falso
756 3839 1103 3895 tribuuntur.
1135 3836 1345 3892 Natura
1377 3839 1523 3894 enim
1554 3856 1623 3895 ex
1656 3840 1766 3896 Deo
1782 3839 1929 3897 Deus
1951 3842 2181 3915 est.0p-

2345 3292 2558 3355 Ἴδετε,
2596 3289 2743 3345 τοῦτ’
2787 3290 2904 3344 ἔστι
2939 3288 3338 3359 κατανοήσατε.
3373 3288 3478 3342 καί
3518 3289 3627 3343 οὐκ
3679 3285 3833 3354 ἐρεῖτε

2285 3385 2373 3440 ὅτι
2405 3383 2639 3454 ψεῦδος
2695 3384 2767 3438 ἐν
2816 3380 2892 3451 τῇ
2942 3380 3114 3451 δεξιῇ
3134 3401 3276 3453 μου,
3311 3381 3563 3451 συνήθως
3610 3378 3738 3434 οὕτω
3760 3379 3832 3432 τὸν

2288 3477 2553 3548 μονογενῆ
2581 3475 2819 3540 καλέσας
2854 3476 2993 3530 Υἰὸν
3016 3517 3032 3542 ,
3060 3475 3121 3539 ὃς
3149 3476 3259 3528 εῐτε
3294 3474 3464 3541 Θεὸς.
3496 3475 3603 3528 εἴτε
3634 3474 3829 3541 Κύριος,

2285 3572 2396 3625 εἴτε
2421 3569 2559 3641 φῶς,
2616 3570 2651 3642 ἢ
2695 3569 3013 3641 δύναμις,ἢ
3059 3567 3336 3640 βασιλεὺς,
3362 3568 3397 3639 ἢ
3443 3564 3830 3638 Δημιουργδςςῆ

2284 3663 2399 3736 ζωὴ
2427 3663 2665 3732 λέγοιτο,
2708 3662 2885 3716 πάντα
2911 3660 3116 3733 κυρίως
3146 3660 3297 3713 ἐστὶν
3327 3660 3385 3726 ἐξ
3434 3659 3681 3731 ἀληθείας
3707 3658 3831 3727 λεγό·

2287 3773 2471 3829 μενος,
2502 3755 2613 3809 τῶν
2658 3753 2895 3808 εἰδώλων
2935 3753 2969 3825 ἢ
3004 3751 3279 3822 δαιμόνων
3314 3750 3533 3823 ψευδῶς
3561 3751 3722 3806 ταῦτα
3761 3750 3832 3802 λε-

2282 3851 2554 3922 γομένων.
2594 3848 2759 3903 Φύσει
2802 3847 2911 3919 γὰρ
2964 3847 3097 3912 Θεὸς
3124 3847 3288 3912 αὐτὸς
3313 3848 3379 3901 ἐκ
3403 3845 3563 3903 Θεοῦ.
3606 3846 3686 3910 Ὠς
3736 3845 3833 3898 ἐπι-

2282 3942 2515 4014 λήσμονι
2542 3940 2598 3994 δὲ
2630 3941 2711 4013 τῷ
2752 3939 3001 4008 Ἰσραὴλ
3045 3940 3107 3993 τὸ
3129 3939 3437 4010 μνήσθητι
3468 3938 3646 4001 καλῶς
3668 3938 3833 4005 ἐπενή-

2281 4051 2460 4105 νοχεν.
2515 4031 2820 4098 Πλασθείς
2855 4032 2967 4102 γὰρ
3011 4034 3100 4099 εἰς
3146 4029 3350 4093 παῖδα,
3385 4030 3491 4084 οὐκ
3521 4028 3715 4099 ὀφείλει
3752 4026 3835 4095 τῆς

2282 4125 2443 4191 ἀξίας
2501 4123 2803 4196 ὑπεριδεῖν,
2864 4123 3084 4193 κωφοῖς
3130 4122 3402 4187 εἰδώλοις
3452 4120 3833 4193 προσκείμενος.

2289 4238 2309 4272 ι
2328 4220 2388 4273 '0
2413 4219 2523 4291 γὰρ
2554 4217 2713 4283 εἰδὼς
2752 4218 2813 4271 τδ
2850 4218 3061 4289 θέλημα
3086 4218 3179 4272 τοῦ
3212 4218 3419 4290 Κυρίου
3451 4215 3639 4281 αὑτοῦ,
3667 4214 3751 4269 καὶ
3774 4212 3833 4283 μὴ

594 3935 728 3989 time
758 3947 892 3989 vero
923 3932 981 3986 in
1011 3931 1343 3986 obliviosnm
1381 3929 1643 3988 Israelem
1665 3946 1923 3990 memento
1950 3938 2180 3992 verbum

593 4025 910 4095 usurpavit.
935 4020 1232 4077 Formatus
1254 4023 1392 4078 enim
1426 4023 1480 4077 in
1500 4024 1676 4093 ﬁlium
1703 4041 1811 4082 non
1829 4027 2018 4083 debuit
2036 4029 2182 4084 idola

594 4126 749 4172 muta
776 4114 1058 4185 amplecti,
1092 4123 1155 4168 ut
1200 4115 1489 4187 dignitatis
1540 4117 1983 4176 oblivisceretur.
2019 4139 2040 4174 ι
2074 4121 2180 4189 Qui

591 4211 739 4265 enim
766 4211 920 4263 novit
934 4206 1270 4262 voluntatem
1291 4206 1529 4273 Domini,
1556 4224 1660 4265 nec
1681 4208 1814 4265 facit
1845 4227 1990 4279 eam,
2010 4228 2183 4284 vapu-

593 4302 731 4358 labit
755 4301 944 4356 multis
992 4299 1059 4354 ⁷⁸.
1103 4318 1123 4351 ι
1164 4299 1369 4355 Eorum
1402 4300 1683 4373 deinceps,
1712 4320 1835 4374 quae
1864 4306 2177 4375 admiseris,

2281 4313 2536 4385 ποιήσας,
2566 4312 2865 4385 δαρήσεται
2907 4312 3129 4376 πολλάς.
3167 4331 3187 4365 ι
3243 4312 3465 4377 Λοιπὸν,
3512 4305 3587 4364 ὧν
3621 4309 3833 4380 ἥμαρτες

592 4393 1009 4465 quantumlibet
1054 4394 1246 4449 eadem
1275 4394 1542 4451 oblivioni
1581 4413 1669 4452 me
1695 4398 2026 4454 traditurum
2062 4402 2178 4471 pol-

2276 4405 2575 4477 μέμνησο,
2609 4405 2715 4459 κᾶν
2743 4404 2856 4473 ἐγώ
2886 4422 2969 4459 σοι
3010 4405 3218 4459 τούτων
3244 4402 3595 4475 ἀμνηστείανη
3623 4399 3833 4473 χαρίζω-

594 4496 789 4559 licear,
836 4493 1007 4549 etiam
1039 4498 1096 4547 te
1151 4490 1280 4544 volo
1330 4490 1653 4544 meminisse.
1702 4489 1915 4546 Dicitur
1953 4508 2085 4547 vero
2122 4495 2178 4549 in

2283 4515 2402 4568 μαι.
2450 4496 2808 4552 Πεπλάσθαι
2844 4496 2902 4550 δὲ
2951 4495 3171 4563 λέγεται
3215 4496 3304 4549 διὰ
3357 4495 3453 4549 τοῦ
3501 4496 3665 4564 νόμου
3710 4488 3832 4559 πρὸς

593 4586 773 4657 filium
796 4600 891 4655 per
932 4585 1107 4655 legem
1156 4582 1445 4653 formatus.
1496 4580 1563 4637 Ut
1593 4582 1739 4638 enim
1770 4583 2019 4640 Adamus
2061 4586 2178 4657 ipse

2282 4589 2487 4646 παῖδα.
2542 4591 2630 4655 Ὦς
2679 4592 2787 4663 γὰρ
2834 4590 3010 4661 Ἀδὰμ
3048 4591 3112 4643 ὲκ
3160 4591 3285 4661 γῆς,
3322 4589 3419 4643 καὶ
3446 4590 3556 4642 πᾶν
3585 4589 3641 4641 ὲν
3663 4581 3833 4655 γαστρὶ

593 4680 662 4733 de
683 4684 854 4742 terra,
883 4675 1179 4745 omnisque
1207 4674 1477 4746 deinceps
1518 4673 1576 4728 in
1604 4682 1762 4730 utero
1783 4674 2050 4744 formatus
2090 4689 2178 4733 est

2282 4683 2606 4738 πλάττεται
2635 4681 2867 4753 βρέφος·
2899 4682 3073 4746 οὕτως
3100 4683 3148 4736 οἰ
3183 4684 3241 4735 ὲν
3267 4682 3491 4754 Χριστῷ
3520 4680 3609 4734 διὰ
3632 4676 3833 4750 μετοχῆς

595 4767 802 4829 iulans,
863 4766 947 4821 sic
972 4775 1031 4820 et
1052 4767 1148 4836 qui
1186 4765 1241 4819 in
1272 4764 1504 4821 Christo
1541 4764 1769 4836 degunt,
1801 4782 1902 4838 per
1930 4767 2177 4838 Spiritus

2281 4775 2379 4830 τοῦ
2422 4776 2580 4846 ἁγίου
2605 4777 2970 4831 πλάττονται
2996 4776 3319 4847 Πνεύματος
3359 4777 3439 4839 είς
3479 4769 3619 4836 εἰδος
3641 4772 3698 4825 τὸ
3723 4768 3832 4838 πρὸς

595 4858 777 4914 sancti
825 4859 1308 4929 participationem
1350 4860 1407 4913 in
1454 4859 1701 4929 ejusdem
1737 4862 1981 4931 speciem
2016 4862 2178 4931 e/Tor-

597 4957 857 5017 mantur;
883 4946 1042 5019 juxta
1082 4946 1220 5002 illud
1253 4965 1267 5003 :
1318 4966 1339 5000 ι
1373 4947 1579 5013 Filioli,
1610 4965 1749 5019 quos
1794 4951 1995 5006 iterum
2043 4967 2177 5023 par-

596 5042 771 5107 turio,
827 5040 1004 5097 donec
1054 5040 1385 5098 informetur
1427 5042 1681 5099 Christus
1724 5044 1780 5100 in
1819 5046 1982 5103 vobis
2010 5037 2092 5104 ‘7’.
2148 5066 2168 5101 ι

600 5134 666 5189 Et
695 5149 920 5189 rursum
954 5151 971 5189 :
1014 5150 1033 5185 ι
1068 5131 1251 5190 Nolite
1280 5131 1623 5189 conformari
1656 5137 1859 5193 saeculo
1894 5138 2046 5203 huic,
2076 5140 2177 5196 sed

599 5225 983 5283 reiormamini
1012 5226 1069 5282 in
1100 5227 1346 5282 novitate
1373 5242 1575 5283 sensus
1604 5229 1801 5297 vestri,
1833 5238 1894 5286 ut
1932 5233 2177 5304 probetis

600 5336 725 5390 qua:
770 5320 843 5375 sit
897 5320 1159 5376 voluntas
1194 5319 1292 5377 Dei
1332 5320 1502 5386 bona,
1546 5328 1605 5375 et
1642 5323 1783 5382 bene
1830 5326 2074 5398 placens,
2122 5336 2179 5386 et

600 5412 844 5483 perfecta
862 5413 934 5468 ⁸ο.
978 5433 997 5466 ι
1031 5411 1319 5485 Itemque:
1356 5432 1375 5467 ι
1404 5412 1518 5470 Nos
1545 5423 1730 5472 autem
1766 5419 2006 5477 revelata
2034 5421 2178 5479 facie

2283 4868 2467 4935 αὐτὸν,
2498 4869 2645 4923 κατὰ
2687 4869 2748 4923 τό
2774 4884 2790 4899 ⁸
2832 4869 3099 4935 (Τεκνία,
3129 4867 3225 4933 οὓς
3264 4868 3427 4923 πάλιν
3474 4867 3650 4920 ὠδίνω
3698 4862 3833 4933 μέχρι

2288 4962 2553 5034 μορφωθῇ
2584 4962 2817 5034 Χριστὸς
2870 4963 2931 5017 ὲν
2982 4963 3131 5032 ὑμῖν.
3162 4981 3184 5016 s
3228 4961 3337 5016 Kal
3367 4959 3552 5014 πάλινο
3589 4977 3609 5010 ι
3639 4956 3724 5025 Μὴ
3762 4970 3834 5006 συ-

2286 5056 2693 5127 σχηματίζεσθε
2733 5054 2812 5126 τῷ
2864 5055 3021 5110 αἰῶνι
3054 5054 3249 5127 τούτῳ,
3295 5054 3411 5109 ἀλλ’
3443 5043 3833 5123 ἀναμορφοῦσθε

2283 5144 2350 5213 τῇ
2373 5142 2738 5198 ἀνακαινώσει
2758 5143 2855 5198 τοῦ
2885 5144 3005 5208 νοὸς
3041 5145 3216 5215 ὑμῶν,
3270 5146 3351 5207 εἰς
3378 5144 3440 5197 τὸ
3472 5142 3774 5213 δοκιμάζειν
3791 5134 3833 5191 τί

2283 5234 2348 5288 τὸ
2374 5233 2587 5307 θέλημα
2618 5235 2714 5290 τοῦ
2756 5235 2894 5291 Θεοῦ
2942 5237 3005 5290 τὸ
3035 5237 3262 5305 ἀγαθὸν,
3295 5236 3391 5290 καὶ
3420 5236 3727 5307 εὐάρεστον.
3756 5231 3833 5286 καὶ

2286 5328 2514 5386 τέλειον.
2548 5348 2567 5381 ι
2622 5331 2732 5383 Καὶ
2764 5330 2948 5386 πάλιν
2990 5348 3011 5382 ι
3034 5330 3227 5401 Ἡμεῖς
3273 5329 3331 5384 δὲ
3357 5324 3833 5399 ἀνακεκαλυμμένῳ

2285 5420 2565 5494 προσώπῳ
2604 5422 2704 5495 τήν
2750 5423 2922 5496 αὐτὴν
2966 5424 3150 5479 εἰκόνα
3201 5421 3650 5497 μεταμορφοῦσθε
3688 5420 3736 5461 δ’
3774 5417 3829 5487 τῇ

676 5553 719 5585 ’⁸
766 5551 903 5609 Luc.
934 5570 1038 5622 sn,
1067 5554 1158 5611 47.
1232 5556 1279 5589 ⁷³
1317 5554 1496 5613 Galat.
1525 5572 1603 5626 tv,
1643 5558 1734 5615 l9.
1807 5558 1856 5593 ⁸⁸
1896 5555 2054 5615 Rom.
2087 5575 2184 5626 ιιι,
2219 5558 2275 5614 2.

1871 5678 2111 5739 VARhE
2146 5677 2548 5736 LECTIONES.

677 5794 706 5825 ³
747 5802 839 5854 γρ.
872 5787 1147 5860 προσῆγε.
1226 5790 1254 5831 δ
1289 5809 1379 5860 rp.
1412 5787 1545 5866 ἆρα.
1624 5806 1645 5834 ο
1675 5811 1763 5865 rp.
1787 5794 1931 5851 ὅσον.
2007 5808 2032 5835 ο
2069 5812 2160 5864 γρ.
2188 5794 2289 5851 ὅτι.
2365 5794 2425 5835 δ’
2452 5812 2541 5865 γρ.
2570 5792 3090 5867 μεταμορφούμεθα.
