3978 6374
124 307 252 372 ’2409

1240 291 1779 354 COMMENTARII
1822 291 1902 351 IN
1946 293 2231 352 ISAIAM.

3223 297 3361 359 2410

123 423 473 478 ἀνακαινιὲισει
505 414 597 468 τοῦ
633 413 748 475 νοδς
783 411 942 482 ὑμῶν
972 422 1021 474 θ,
1073 410 1179 462 ἀπὸ
1203 407 1362 478 δόξης
1403 411 1482 463 εἰς
1509 407 1688 470 δόξαν,

1815 422 1851 459 ιι
1883 407 2130 461 eamdem
2164 405 2454 476 imaginem
2485 403 2649 477 504
2679 405 3164 471 transformamur,
3211 425 3368 464 renn-

123 515 358 578 καοάπερ
391 509 498 560 ἀπὺ
527 505 734 577 Κυρίου
779 501 1122 573 Πνεῦματος.
1161 521 1179 553 ›
1227 502 1364 553 Ἀλλ’
1404 503 1562 572 ἡμεῖς
1591 501 1690 569 μὲν

124 607 269 661 οὓτω.
303 602 429 664 Τοῖς
452 601 509 652 ἐν
550 600 700 668 νόμῳ
745 597 800 648 δὲ
837 595 1040 666 πρέπει
1070 593 1317 656 δουλείας
1352 593 1570 662 πνεῦμα
1598 594 1692 644 λα-

123 692 264 745 ϐοῦσι
291 691 353 742 τὸ
386 690 463 752 είς
493 689 714 757 οἰκέτην
748 687 840 738 καὶ
888 683 1070 736 παῖδα
1099 683 1464 738 πεπλάσθαι.
1505 675 1692 750 Παρα-

125 783 393 843 6αίνοντας
427 780 534 847 γὰρ
585 781 612 831 ὁ
643 779 826 847 νόμος,
867 774 941 837 ὡς
985 774 1199 838 οἰκέτας
1233 773 1505 836 ἐκόλαζεν.
1544 774 1605 824 'll
1634 775 1692 826 ἐν

127 874 333 945 Χριστῷ
365 873 421 925 δὲ
463 871 692 932 πλήσας
728 866 871 930 υἱούς
916 883 974 918 τε
1013 867 1108 918 καὶ
1139 865 1494 935 συμμόρφους
1526 865 1693 935 ἐργά-

128 970 290 1030 ζεται.
317 965 409 1036 Τῷ
450 965 515 1033 δὴ
554 959 643 1012 οὖν
675 959 946 1026 Ἰσραὴλ,
1000 959 1090 1028 Μὴ
1127 956 1534 1023 ἐπιλανθάνου
1569 973 1691 1026 μου,

131 1059 271 1128 φησὶ,
301 1057 636 1126 τρεπόμενος
683 1054 763 1113 εἰς
819 1050 1097 1104 ἀσέϐειαν.
1158 1049 1298 1119 Πρὸς
1340 1049 1398 1101 ὃν
1455 1048 1692 1120 ἀλλαχοῦ

132 1166 280 1216 φησιν
300 1164 315 1176 ο
352 1165 369 1192 ι
394 1142 582 1212 Ὑμεῖς
615 1144 663 1196 οἱ
694 1141 1180 1210 ὲπιλανθανόμενοί
1207 1158 1330 1211 μου,
1361 1142 1454 1193 καὶ
1478 1141 1695 1211 ἑτοιμά-

138 1241 297 1302 graus;
329 1235 406 1302 τῷ
455 1234 716 1303 δαιμονίῳ
757 1231 1060 1304 τράπεζαν,
1110 1233 1204 1285 καὶ
1255 1233 1586 1301 πληροῦντες
1624 1236 1692 1304 τῇ

139 1345 253 1397 τλχῃ
287 1326 348 1378 κέ
359 1343 563 1396 ρασμα.
594 1345 612 1376 ι

195 1503 372 1563 Οὕτως
422 1501 532 1572 ἄρα
580 1500 739 1569 ,λήθη
797 1500 956 1563 Θεοῦ,
990 1502 1051 1552 τὸ
1094 1501 1460 1569 ἀποφοιτῆσαι
1503 1500 1694 1554 τούτου

138 1597 282 1663 δηλοῖ.
322 1594 655 1665 Ιῐροτρέπων
695 1594 751 1647 δὲ
799 1595 1051 1647 σπεύδειν
1102 1594 1196 1646 ἐπὶ
1231 1595 1540 1663 μετάνοιαν,
1572 1595 1697 1644 ἐπιο

143 1689 446 1759 στρέφουσιν
476 1688 661 1749 αὐτοῖς
689 1687 1106 1756 ἁμαρτημάτων
1147 1688 1338 1754 ἄφεσιν
1367 1685 1696 1752 ἐπαγγέλλε-

140 1798 230 1840 ται,
260 1779 610 1845 Ἀπήλειψα,
641 1776 835 1843 λέγων,
871 1779 989 1832 ἀντὶ
1026 1778 1120 1829 τοῦ
1150 1779 1483 1844 ἀπαλεῖψαι,
1522 1778 1692 1829 καθά-

143 1887 228 1937 περ
250 1887 300 1921 τι
333 1870 491 1936 νέφος
515 1867 776 1930 διαλύσας
816 1868 849 1937 ἢ
883 1869 1100 1936 γνόφον.
1131 1869 1202 1920 Τὸ
1241 1869 1344 1937 γὰρ
1371 1868 1562 1937 μέλλον
1600 1867 1692 1919 τοῦ

142 1962 334 2028 χρόνου,
387 1959 448 2009 τὸ
499 1959 880 2027 λυτρώσομαί
927 1975 1002 2013 σε
1052 1960 1400 2030 παρίστησιν.
1435 1960 1558 2023 Πῶς
1587 1960 1695 2031 γὰρ

140 2049 461 2116 ἀπήλειψεν
487 2051 514 2101 ὁ
544 2049 723 2100 καλῶν
750 2052 828 2113 είς
855 2051 1253 2120 ἐπιστροφὴν,
1286 2053 1360 2115 ὡς
1377 2052 1696 2121 ἀπεστραμ-

139 2144 300 2210 μένον,
337 2142 442 2193 τὸν
463 2141 752 2208 Ἰσραή.2;
783 2142 870 2195 διὰ
903 2143 1145 2214 Χριστοῦ
1175 2146 1280 2214 γὰρ
1303 2143 1503 2214 ἤμελλε
1529 2145 1694 2195 πᾶσιν

134 2235 160 2298 ἡ
197 2233 300 2284 τῶν
337 2233 750 2302 ἁμαρτημάτων
803 2235 999 2303 ἄφεσις
1051 2234 1288 2287 δίδοσθαι
1330 2252 1696 2305 συναναστρα-

134 2324 308 2382 ιεὲντος
343 2323 476 2390 ἡμῖν
520 2323 616 2373 τοῦ
650 2321 872 2392 Ἀμνοῦ,
903 2324 959 2385 ὃς
991 2325 1134 2394 αἴρει
1168 2325 1267 2396 τὴν
1295 2326 1569 2396 ἁμαρτίαν
1602 2327 1694 2379 τοῦ

133 2415 350 2482 κόσμου.
394 2415 458 2464 Ὃ
488 2413 550 2484 δὴ
582 2414 815 2482 προϊδὼν
848 2419 876 2468 ὁ
919 2419 1223 2488 προφήτης,
1259 2419 1355 2471 καὶ⁵
1396 2419 1470 2482 ὠς
1510 2419 1699 2472 πολλοὶ

135 2506 324 2557 τούτων
361 2506 746 2560 πιστεύσουσιν
793 2508 870 2580 τῷ
911 2509 1232 2581 προφητικῷ
1259 2511 1570 2580 πειθόμενοι
1612 2511 1700 2563 λό-

137 2617 221 2666 γῳ,
250 2599 468 2666 χαίρειν
492 2600 619 2662 τοὺς
660 2600 955 2669 οὐρανοὺς
985 2602 1350 2671 προσφωνεῖ,
1377 2606 1475 2666 τὰς
1520 2605 1699 2671 οὐρα-

137 2693 290 2753 νίους
321 2691 570 2758 δηλονότι
597 2693 873 2763 δυνάμεις,
921 2694 996 2758 ὡς
1041 2694 1108 2747 ἂν
1149 2698 1326 2765 χαρᾶς
1364 2698 1423 2748 ἐν
1451 2695 1700 2766 οὐρανοῖς

137 2785 496 2849 γενησαμένης
549 2785 640 2832 ἐπὶ
692 2787 802 2846 τοῖς
847 2787 1127 2853 μετανοεῖν
1177 2785 1482 2855 μέλλουσιν.
1535 2787 1700 2839 Ὅθεν

57 2910 67 2924 .
139 2873 359 2942 Χριστοῦ
387 2874 741 2942 γεννηθέντος
781 2876 1098 2946 ἁνέκραζον·
1144 2894 1162 2927 ι
1188 2877 1323 2942 Δόξα
1355 2879 1412 2930 ἐν
1461 2877 1701 2947 ὑψίστοις

142 2966 258 3036 μξῴ,
294 2967 388 3018 καὶ
421 2968 514 3017 ἐπὶ
549 2962 649 3034 γῆς
694 2969 906 3036 εἰρήνη.
935 2987 952 3018 ι
991 2967 1308 3028 Σαλπίζειν
1343 2969 1400 3021 δὲ
1432 2969 1699 3038 βούλεται,

1794 497 2009 551 vatione
2035 497 2232 551 mentis
2253 507 2473 560 nostrae,
2501 513 2528 549 a
2555 499 2729 568 gloria
2753 497 2805 551 in
2829 498 3080 567 gloriam,
3105 511 3365 571 tanquam

1794 601 1823 639 a
1854 585 2069 640 Domini
2098 587 2296 656 spiritu
2327 589 2392 640 3‘.
2431 607 2448 637 ι
2488 589 2666 657 Atque
2694 589 2766 642 ita
2791 604 2892 642 nos
2924 591 3166 658 quidem.
3204 593 3368 649 Decet

1795 692 1923 731 vero
1956 687 2008 730 et
2056 692 2172 742 eos,
2221 676 2314 745 qui
2348 677 2400 730 in
2444 677 2561 746 lege
2592 678 2876 734 servitutis
2911 681 3170 749 spiritum
3201 697 3364 738 acce-

1795 779 2011 838 perunt,
2051 769 2100 820 in
2134 783 2355 822 servum
2403 777 2457 822 et
2484 769 2654 836 [ilium
2682 769 2930 838 formari.
2967 771 3024 826 ln
3055 782 3368 843 transgres-

1795 876 1951 916 sores
1977 862 2122 915 enim
2155 861 2264 923 lex,
2317 870 2572 926 tanquam
2605 862 2658 914 in
2698 877 2891 915 servos
2913 906 2925 924 ,
2961 863 3366 922 animadverte~

1794 953 1889 1007 bat
1949 971 1961 1006 :
2029 968 2153 1008 cum
2215 953 2329 1022 ipsa
2394 953 2447 1007 in
2503 953 2729 1006 Christo
2792 955 3044 1020 formatio
3106 957 3268 1021 lilios,
3315 967 3372 1012 et

1795 1045 2108 1102 oculormes
2132 1046 2178 1077 θ’
2223 1045 2438 1116 efliciat.
2488 1046 2828 1100 AtlilOl‘lallll‘
2854 1064 2983 1117 ergo
3016 1047 3273 1104 Israelem
3306 1066 3372 1104 ne

1797 1141 1861 1193 ad
1887 1141 2143 1208 pietatem
2171 1154 2472 1193 conversus
2515 1139 2596 1192 sui
2649 1140 2736 1192 ille
2761 1140 3124 1196 obliviscatur.
3163 1143 3338 1210 Cujus
3359 1173 3370 1184 ι

1797 1231 1940 1283 modi
1975 1239 2103 1283 sunt
2140 1232 2240 1285 ista
2270 1228 2335 1283 ad
2366 1229 2616 1282 eumdem
2648 1231 2848 1284 alicubi
2883 1249 2894 1283 :
2922 1251 2941 1282 ι
2986 1232 3090 1284 Vos
3113 1235 3204 1303 qui
3232 1235 3371 1288 obli-

1795 1323 2070 1376 viscimini
2130 1323 2231 1374 mei
2292 1330 2346 1375 et
2394 1323 2601 1391 paratis
2653 1322 2924 1378 damnatio
2976 1341 3266 1393 mensam,
3317 1335 3373 1380 et

1797 1415 2038 1481 impletis
2067 1413 2320 1468 Fortunm
2352 1413 2590 1467 libamen
2609 1412 2677 1466 ⁸³.
2720 1431 2737 1464 ι

1869 1506 1942 1558 Ita
1976 1507 2139 1576 igitur
2170 1505 2260 1558 Dei
2288 1503 2544 1563 oblivisci.
2579 1504 2646 1556 ab
2679 1503 2873 1558 eodem
2907 1505 3170 1560 recedere
3200 1507 3372 1577 signi-

1797 1596 1943 1649 licat.
1977 1597 2112 1648 Cum
2150 1604 2333 1646 autem
2360 1597 2425 1646 ad
2467 1594 2847 1663 poenitentiae:
2887 1595 3148 1650 festinare
3177 1598 3374 1652 adhor-

1798 1697 1964 1746 tatur,
1998 1686 2228 1750 eisdem,
2285 1688 2330 1738 si
2376 1686 2731 1751 resipiseant,
2763 1695 3113 1755 peccatorum
3158 1687 3371 1741 veniant

1797 1780 2121 1842 denuntiat;
2189 1777 2282 1846 qui
2346 1776 2511 1829 delevi
2561 1777 2813 1840 Verbum,
2858 1792 2958 1845 pro
3009 1776 3213 1840 delebo,
3264 1793 3374 1830 non

1797 1869 1959 1922 aliter
1997 1883 2160 1936 quam
2193 1867 2502 1926 denebula,
2535 1875 2628 1918 aut
2656 1868 2891 1936 caligine
2918 1869 3102 1936 aliqua
3135 1870 3373 1932 locutus,

1797 1972 2047 2031 usurpat.
2073 1962 2261 2016 Futuri
2294 1961 2567 2030 siquidem
2601 1962 2864 2028 temporis
2913 1963 3372 2026 significationem

1795 2057 2088 2126 expressit,
2127 2071 2246 2108 cum
2277 2055 2535 2107 redimam
2580 2064 2628 2107 te
2656 2055 2927 2121 adjnnxit.
2965 2055 3066 2120 Qui
3106 2057 3251 2109 enim
3285 2055 3376 2108 de-

1798 2144 1981 2196 levisse
2007 2151 2246 2211 putetur,
2279 2143 2374 2211 qtti
2419 2151 2681 2210 tanquam
2729 2158 2985 2198 aversum
3014 2142 3273 2198 Israelem
3307 2146 3376 2200 ad

1797 2237 2180 2290 conversionem
2209 2235 2512 2302 provocat?
2545 2235 2726 2289 Danda
2761 2237 3034 2305 siquidem
3063 2235 3243 2292 fuerat
3267 2253 3382 2292 om-

1799 2327 1960 2379 nibus
1995 2327 2313 2379 delictorum
2347 2325 2600 2378 remissio
2632 2340 2725 2394 per
2745 2325 3052 2384 Christum,
3073 2327 3168 2396 qui
3198 2343 3376 2398 agnus

1799 2417 2084 2471 nobiseum
2143 2427 2390 2470 versatus
2439 2428 2659 2484 peccata
2697 2416 2885 2470 mundi
2925 2419 3172 2472 sustulit.
3219 2419 3378 2484 Quod

1799 2520 1949 2564 certe
1999 2525 2120 2564 cum
2157 2511 2317 2579 longe
2363 2520 2490 2564 ante
2539 2510 2799 2579 propheta
2835 2511 3064 2574 videret,
3099 2527 3163 2565 ex
3200 2513 3378 2581 iisque

1802 2599 1917 2653 fore
1950 2615 2055 2652 non
2090 2615 2315 2668 paucos,
2342 2599 2433 2668 qui
2465 2600 2796 2668 prophetica:
2817 2600 3054 2654 orationi
3111 2599 3375 2654 credituri

1801 2699 2007 2744 essent.
2041 2691 2198 2742 caelos
2241 2691 2412 2758 ipsos,
2443 2690 2494 2742 id
2535 2697 2618 2742 est
2663 2689 2913 2743 calorum
2946 2692 3176 2746 virtutes
3205 2693 3378 2744 lwtari

1804 2784 2161 2846 acelamavit,
2221 2792 2478 2854 tanquam
2550 2783 2806 2852 gaudium
2870 2784 2923 2836 in
2991 2786 3148 2837 etelis
3215 2797 3382 2854 super

1805 2884 2092 2943 peccatore
2123 2875 2500 2943 ptenitentiam
2525 2883 2722 2928 acturo
2755 2873 2999 2928 futurum
3020 2876 3090 2929 sit
3113 2874 3180 2928 “.
3205 2879 3381 2942 Atque

1805 2968 1932 3020 inde
1963 2975 2068 3030 est,
2118 2967 2264 3035 quod
2300 2973 2432 3020 nato
2459 2966 2682 3020 Christo
2712 2984 2726 3021 :
2758 2985 2776 3017 ι
2813 2965 2999 3019 Gloria
3055 2967 3108 3020 in
3145 2968 3381 3021 exeolsis

150 3076 218 3109 ut
245 3060 296 3109 εἰ
325 3059 473 3119 τινες
503 3059 632 3118 εἰσι,
678 3058 772 3111 καὶ
801 3057 918 3125 τὴν
945 3057 1061 3127 γῆν
1111 3059 1279 3128 αὐτὴν
1308 3059 1703 3130 ὑποστηρίζω-

1810 3061 1940 3124 Deo,
1973 3069 2026 3113 et
2054 3061 2106 3112 in
2156 3069 2300 3114 terra
2333 3076 2435 3130 pax
2466 3061 2550 3122 ⁸⁸,
2577 3078 2596 3111 ι
2631 3061 2810 3130 angeli
2864 3062 3206 3115 cecinerunt.
3256 3063 3382 3116 Vult

149 3167 216 3201 εει
243 3151 388 3203 θεῖαι
414 3150 694 3220 δυνάμεις,
723 3152 890 3221 ἤγουν
919 3150 1238 3214 ἀλαλάξαι,
1271 3153 1410 3203 κατὰ
1433 3154 1559 3213 τοὺς
1595 3151 1705 3204 λοι-

143 3247 278 3306 ποὺς,
323 3245 494 3312 ὕμνον
533 3243 960 3314 ἁναπεμπούσας
1011 3244 1146 3313 Θεῷ.
1186 3245 1342 3304 Εἰκὸς
1387 3245 1442 3298 δὲ
1468 3244 1710 3313 θεμέλια

142 3337 492 3403 χρηματίζειν
525 3336 652 3399 τοὺς
678 3336 940 3405 θεοφιλεῖς
975 3337 1180 3400 πάντας
1207 3339 1490 3406 προφήτας
1526 3354 1585 3388 τε
1615 3338 1711 3390 καὶ

139 3429 392 3492 δικαίους,
431 3430 571 3482 κατὰ
601 3430 693 3482 τὸν
731 3430 1054 3483 Ἀπόστολον
1078 3431 1326 3498 λέγοντα’
1354 3448 1371 3480 ι
1408 3429 1711 3482 Ἐποικοδο-

144 3522 400 3591 μηθέντες
433 3522 526 3573 ἐπὶ
566 3521 643 3590 τῷ
694 3521 928 3592 Θεμελίῳ
965 3524 1076 3576 τῶν
1111 3523 1425 3575 ἀποστόλων
1460 3523 1552 3575 καὶ
1578 3539 1712 3592 προ-

142 3614 341 3682 φητῶν.
369 3635 388 3666 ι
413 3613 650 3684 Ἑπὶτὴν
682 3615 916 3685 Χριστοῦ
945 3618 1054 3686 γὰρ
1087 3616 1276 3686 κλῆσιν
1313 3616 1712 3686 μεγαλοιρώνως

144 3713 345 3771 πάντας
403 3707 692 3770 ἐκάλεσαν,
731 3710 870 3761 κατὰ
912 3709 973 3761 τό
1004 3725 1017 3738 ·
1054 3711 1176 3773 «Εἰς
1223 3713 1403 3763 πᾶσαν
1449 3709 1546 3779 τὴν
1610 3709 1714 3778 γῆν

143 3801 356 3869 ἐξῆλθεν
380 3801 409 3850 ὁ
435 3800 672 3868 φθόγγος
705 3800 903 3855 αὐτῶν.
936 3821 954 3851 ι
1004 3800 1284 3854 Ἁπάντων
1347 3804 1443 3870 μὲν
1490 3801 1598 3871 γὰρ
1624 3805 1715 3854 θε-

143 3893 342 3960 μέλιος
369 3893 398 3944 ὁ
423 3895 656 3964 Χριστος
691 3893 896 3962 ἀνέχων
935 3911 992 3946 τε
1021 3895 1113 3946 καὶ
1140 3894 1449 3965 διακρατῶν
1478 3897 1547 3948 τὰ
1588 3898 1717 3965 ἐρη-

145 3986 427 4055 ρεισμένα.
475 3986 590 4037 Ἐπ’
641 3987 790 4055 αὐτῷ
834 3987 944 4055 γὰρ
988 3988 1188 4050 πάντες
1217 3987 1715 4058 ὲποικοδομούμεθα

141 4073 284 4138 οἶκος
310 4077 700 4146 πνευματικός.
750 4080 1009 4130 Κατοικεῖ
1036 4079 1144 4148 γάρ
1193 4082 1250 4132 ἐν
1295 4083 1412 4142 ταῖς
1467 4081 1716 4150 καρδίαις

142 4169 294 4236 ἡμῶν
321 4168 413 4221 διὰ
440 4168 701 4231 πίστεως.
736 4167 1002 4237 Θεμέλιοι
1048 4169 1106 4222 δὲ
1138 4171 1578 4242 προσεχέστεροι,
1623 4174 1718 4226 καὶ

141 4261 306 4328 ἐγγυς
339 4259 563 4330 μᾶλλον,
602 4259 786 4328 ἥκαο’
834 4261 1000 4330 ἡμᾶς,
1053 4263 1103 4314 οἱ
1151 4263 1435 4326 αὐτόπται,
1477 4264 1570 4316 καὶ
1613 4265 1718 4317 ὑπ-

145 4354 345 4423 ηρέται
380 4351 477 4404 τοῦ
516 4352 697 4418 λόγου.
731 4352 976 4404 Γίνονται
1005 4353 1114 4422 γὰρ
1137 4355 1268 4424 ἡμῖν
1295 4354 1381 4406 διὰ
1405 4356 1514 4408 τῶν
1541 4371 1719 4425 παρα-

1810 3162 1991 3206 autem
2041 3163 2096 3207 et
2142 3155 2376 3206 virtutes
2426 3153 2664 3218 divinas,
2716 3153 2760 3207 si
2793 3167 2913 3220 quae
2968 3163 3163 3207 terram
3207 3154 3379 3224 ἱιιςιιιιι

1810 3245 2061 3309 fulciant,
2113 3245 2237 3297 tuba
2265 3260 2488 3308 canere;
2527 3244 2679 3310 sive,
2730 3252 2792 3297 ttt
2837 3246 2930 3297 alii
2960 3247 3382 3306 transtulerunt,

1812 3335 2028 3406 hymnis
2084 3337 2135 3389 in
2188 3336 2357 3389 Deum
2405 3337 2696 3390 exsultare.
2743 3335 2840 3391 Est
2885 3337 3049 3392 etiam
3096 3351 3387 3392 consenta-

1811 3444 1973 3481 neum
2004 3427 2470 3496 fundamentorum
2501 3428 2722 3481 nomine
2760 3429 2880 3497 pios
2912 3443 3124 3484 omnes.
3158 3430 3386 3497 prophe-

1813 3531 2020 3587 tasqnc,
2071 3530 2123 3574 et
2151 3521 2333 3590 jnstos
2358 3520 2622 3587 intelligi;
2659 3521 2774 3590 qui,
2823 3521 3056 3575 docente
3085 3521 3377 3587 Apostolo,

1813 3612 2184 3680 apostolorum
2227 3622 2282 3664 et
2328 3613 2714 3680 prophetarum
2775 3609 3153 3664 fundamentis
3193 3626 3388 3674 super-

1814 3703 2010 3757 Strncti
2059 3702 2172 3756 sint
2215 3702 2282 3755 °°.
2318 3701 2400 3754 Ad
2432 3700 2638 3752 Christi
2688 3700 2834 3753 enim
2890 3714 3088 3753 nomen
3133 3709 3388 3752 coltlt‘ttlzt

1817 3808 1946 3847 voce
1975 3802 2244 3846 vocarunt
2287 3807 2518 3855 omnes;
2566 3793 2722 3857 juxta
2769 3791 2900 3842 illud
2951 3805 2965 3842 :
3018 3807 3038 3841 ι
3085 3787 3140 3842 lu
3173 3804 3389 3843 omnem

1817 3898 2016 3941 terram
2049 3887 2218 3942 exivit
2247 3900 2417 3939 sonus
2443 3899 2633 3938 eorum
2658 3881 2730 3936 ⁸⁷.
2776 3901 2794 3933 ι
2826 3878 3084 3936 Οηιιιίιιιιι
3119 3882 3392 3950 siquidem

1816 3979 2223 4050 fundamentum
2252 3976 2512 4032 Christus
2537 3983 2654 4041 est;
2688 3972 2780 4044 qui
2812 3988 2935 4040 qua:
2967 3971 3188 4025 admota
3241 3983 3387 4033 sunt,

1819 4072 1922 4126 lixa
1972 4070 2237 4138 ﬁrmaque
2289 4068 2562 4122 sustineat
2604 4080 2656 4119 et
2721 4066 3144 4134 complectatur.
3182 4065 3236 4117 ln
3275 4065 3394 4131 ipso

1819 4163 2089 4230 siquidem
2137 4177 2328 4215 omnes
2383 4158 2718 4213 aedificantur
2761 4157 2958 4210 domus
2992 4155 3298 4224 spiritualis
3322 4154 3390 4207 ⁸⁸.

1819 4252 1980 4322 505
2009 4251 2226 4305 llahitat
2247 4250 2392 4302 enim
2419 4249 2471 4300 itt
2493 4244 2754 4300 cordibus
2786 4245 2991 4298 nostris
3013 4258 3109 4313 per
3144 4241 3299 4295 ﬁdem
3323 4242 3392 4294 ⁸⁸.

1820 4343 2195 4397 Fundamenta
2249 4341 2417 4394 etiam
2472 4338 2652 4391 vicina
2704 4339 2879 4407 magis
2937 4344 2990 4388 et
3055 4341 3389 4403 propinqua.

141 4445 339 4497 δόσεων
397 4446 477 4506 είς
522 4443 802 4514 ἑδραίωμα
853 4445 1125 4508 πίστεως,
1178 4446 1318 4498 κατὰ
1362 4445 1460 4497 τό·
1518 4447 1634 4500 «Σὺ
1669 4441 1704 4498 εἲ

1821 4452 1984 4505 quam
2020 4447 2210 4489 nostro
2244 4433 2466 4493 saeculo,
2494 4432 2597 4502 ipsi
2633 4431 2854 4485 luerunt
2900 4429 3102 4482 oculati
3149 4436 3311 4480 tesles
3343 4437 3396 4478 et

143 4536 371 4606 Πέτρος,
427 4537 522 4588 καὶ
572 4537 664 4588 ἐπὶ
705 4535 879 4608 ταύτῃ
923 4540 988 4606 τῇ
1017 4537 1192 4607 πέτρᾳ
1231 4536 1572 4607 οἰκοδομήσω
1614 4555 1716 4606 μου

142 4628 231 4695 τὴν
280 4627 626 4696 Ἐκκλησίαν.
660 4643 678 4676 ι
719 4624 792 4677 Τὸ
829 4625 936 4693 γὰρ
971 4625 1069 4692 τῆς
1116 4623 1280 4676 αὑτοῦ
1318 4625 1553 4684 πίστεως
1584 4625 1718 4677 ἀσά-

142 4716 323 4770 λευτον
361 4716 728 4784 ὑπεδήλωσεν.
769 4716 930 4782 Λέγει
965 4713 1022 4766 δὲ
1053 4712 1149 4766 καὶ
1178 4712 1371 4766 Δαϐίδ·
1415 4731 1432 4763 ι
1465 4715 1526 4764 Οἱ
1558 4711 1720 4782 θεμέ-

145 4811 241 4862 λιοι
269 4809 441 4864 αὑτοῦ
479 4811 538 4860 ὲν
585 4812 697 4870 τοῖς
746 4808 896 4878 ὄρεσι
946 4808 1060 4869 τοῖς
1104 4807 1300 4874 ἁγίοις,
1353 4823 1371 4854 ι
1425 4806 1556 4876 περὶ
1610 4806 1719 4858 τῶν

146 4902 317 4954 αὐτῶν
377 4900 576 4968 λέγων.
623 4899 686 4953 Ὁ
733 4899 830 4967 μὲν
869 4892 961 4951 οὖν
996 4897 1199 4966 Μωσῆς
1253 4897 1581 4967 ἰσχνόφωνος
1629 4892 1716 4967 ἦν.

157 4993 210 5045 ’0
240 4994 350 5064 γὰρ
379 4993 544 5061 νόμος
573 4989 640 5058 ἧν
667 4993 778 5054 τοῖς
802 4993 861 5044 ὲν
901 4989 1127 5060 Ἰουδαία
1163 4990 1343 5059 μόνοις
1375 4990 1718 5053 ἐξάκουστος.

149 5086 483 5139 {tumenti
538 5085 594 5136 δὲ
655 5083 749 5136 καὶ
811 5082 1187 5150 μεγαλόφωνοι
1225 5081 1466 5151 κήρυκες
1527 5081 1577 5132 οἱ
1631 5082 1722 5132 τὸν

151 5177 381 5246 Χριστὸν
413 5175 695 5245 πανταχοῦ
722 5173 1149 5242 διαγγέλλοντες.

1825 4529 2064 4584 ministri
2102 4528 2286 4588 verbi;
2319 4527 2412 4594 qui
2460 4525 2618 4578 nobis
2676 4534 2896 4593 propter
2945 4520 3288 4582 traditiones,
3340 4519 3393 4569 in

1827 4621 1948 4674 ﬁdei
1981 4620 2415 4674 stabilimentum
2441 4617 2810 4678 exstiterunt,
2842 4614 2991 4670 iuxta
3041 4610 3171 4664 illud
3208 4628 3220 4663 :
3258 4631 3274 4658 σ
3313 4606 3394 4660 Tu

1825 4729 1886 4768 es
1915 4712 2136 4769 Petrus.
2170 4718 2224 4764 et
2252 4723 2419 4778 super
2465 4709 2607 4761 hanc
2660 4715 2866 4776 petram
2899 4703 3178 4758 aediﬁcabo
3210 4700 3397 4755 Eccle~

1829 4807 1965 4862 siam
2000 4817 2174 4859 meam
2207 4803 2274 4854 9°.
2311 4821 2330 4853 ι
2368 4802 2579 4855 Iudicat
2617 4801 2761 4853 enim
2797 4797 3042 4867 ejusdem
3075 4793 3194 4848 tidei
3233 4795 3396 4846 certi-

1828 4897 2072 4950 tudinem
2122 4902 2175 4948 et
2225 4893 2613 4948 constantiam.
2657 4892 2798 4958 Quin
2850 4901 2904 4945 et
2950 4890 3088 4958 apud
3142 4888 3398 4940 Davidem

1836 4989 2068 5059 legimus
2111 5005 2124 5039 :
2190 5005 2207 5036 ι
2248 4985 2624 5039 Fundamenta
2677 4983 2798 5052 ejus
2845 4984 2898 5036 in
2949 4979 3226 5034 montibus
3279 4993 3391 5030 san.

1832 5083 1904 5137 tis
1928 5083 1994 5144 θ’,
2038 5099 2055 5130 ι
2095 5095 2220 5134 cum
2254 5080 2318 5131 de
2347 5077 2556 5130 eisdem
2607 5076 2872 5144 loquitur.
2920 5073 3063 5126 Voce
3101 5083 3233 5137 ergo
3272 5069 3398 5123 exili

1828 5183 1881 5224 et
1899 5169 2191 5240 praepedita
2225 5167 2326 5221 luit
2346 5165 2522 5220 Moses
2543 5166 2611 5230 9',
2636 5165 2779 5233 quod
2807 5166 2978 5234 legem
3006 5165 3058 5216 in
3077 5161 3265 5215 Judwa
3285 5171 3404 5210 tan.
3455 5185 3459 5190 ι

150 5278 260 5321 tum
308 5269 562 5322 exaudiri
596 5282 828 5321 necesse
859 5274 1038 5330 esset;
1074 5265 1177 5334 ipsi
1232 5273 1410 5318 autem
1445 5278 1728 5334 pratcones
1767 5263 1972 5320 Christi
2001 5265 2387 5324 buccinatores,
2436 5273 2741 5328 magnaque
2782 5267 2835 5312 et
2895 5257 3001 5309 alta
3073 5267 3206 5307 voce
3267 5265 3405 5318 pra:-

153 5363 268 5424 diti,
316 5372 376 5416 ut
405 5380 528 5414 eum
564 5365 767 5431 ultique
802 5364 1218 5416 annuntiareut.

245 5455 260 5483 ¹
307 5453 348 5505 ιι
373 5453 500 5506 Cor.
541 5471 617 5512 Ill,
653 5455 738 5506 18.
831 5453 877 5484 ⁸²
919 5454 1076 5507 liom.
1117 5453 1352 5515 vnt,99.

157 5537 210 5582 ιι,
244 5524 336 5576 ‘20.
413 5524 454 5551 ’⁸⁷
494 5521 639 5576 Psal.
670 5523 908 5586 xvnt,5;
973 5526 1127 5576 llom.
1181 5541 1234 5586 x,
1277 5526 1360 5577 i8.

153 5591 194 5622 ’ί
231 5591 375 5646 Psal.
433 5608 652 5658 Lxxxvt,
688 5594 736 5649 l.
845 5596 889 5625 θ’
931 5595 1100 5648 Exod.
1129 5613 1200 5656 tv,
1242 5597 1324 5647 ιιι.

1428 5452 1474 5483 ⁸³
1513 5452 1617 5508 lsa.
1654 5467 1782 5513 Lvn,
1814 5448 1867 5502 6.

1469 5522 1515 5554 ⁸⁸
1580 5525 1595 5576 Ι
1650 5525 1792 5578 l’elt‘.

1943 5447 1990 5476 ”
2030 5444 2162 5498 Luc.
2219 5457 2309 5502 ιν,
2375 5439 2425 5496 7.

2166 5514 2209 5544 ‘9
2252 5511 2453 5581 lipltes.
2502 5527 2581 5565 ιιι.
2646 5508 2731 5562 17.

2524 5439 2569 5469 ³⁸
2613 5436 2744 5490 Luc.
2806 5452 2868 5496 tt,
2921 5435 3008 5488 Μ.
3112 5433 3159 5464 ⁸⁸
3199 5434 3400 5503 ιίρίιιις.

1855 5537 1913 5583 ιι,
2166 5514 2209 5544 ⁸¹⁹
2252 5511 2453 5581 ι’ἶριιιξε.
2502 5527 2581 5565 ιιι.
2646 5508 2731 5562 17.
2840 5507 2886 5537 ⁹⁰
2929 5505 3118 5558 Matth.
3176 5522 3284 5571 χιιι,
3343 5511 3395 5560 8.

1426 5685 1656 5739 VARle
1695 5678 2106 5737 LECTIONES.

283 5772 367 5822 γρ.
415 5757 590 5823 ἡμων.

481 5850 518 5906 1³
533 5864 750 5904 Ατιιοιη
803 5848 917 5905 ὕει.
949 5845 1047 5903 LX
1064 5845 1112 5903 Χ
1128 5846 1174 5905 .\
1191 5844 1320 5903 ιιι.
