3978 6374
183 315 306 377 2t13

1289 303 1824 366 COMMENTARII
1857 305 1938 364 1N
1985 305 2181 362 ΒΑΗ
2195 307 2272 365 Μ.

3267 294 3409 362 2414

182 425 499 490 ἑστερέωσιι
554 420 668 486 τὴν
740 417 875 487 γῆν.
942 418 1037 482 Τίς
1090 417 1292 485 ἕτερος
1346 415 1737 470 διασκεδάσει

1862 431 2059 466 errant.
2107 415 2238 479 Quis
2295 415 2434 467 alius
2484 413 2766 482 dissipabit
2794 414 2945 481 signa
3001 410 3308 480 pythonum,
3361 421 3412 465 et

181 516 378 582 σημεῖα
418 512 927 581 ἐγγαστριμύθων,
969 509 1067 562 καὶ
1115 508 1398 576 μαντείας
1445 507 1562 561 ἀπὸ
1603 522 1742 574 καρ-

181 609 336 669 ὁίας;
367 623 419 657 κ.
443 621 496 658 τ.
527 603 578 656 λ.

247 699 496 764 Ἔλεγχον
543 691 993 763 εἰδωλολατρείας
1041 691 1445 762 προεκθέμενος
1498 692 1526 743 ό
1561 690 1740 758 λόγος,

183 795 264 845 καὶ
290 790 360 852 ὡς
394 789 691 840 παύσονται
736 785 942 855 ταύτης
980 784 1032 836 οἱ
1077 785 1174 850 τὴν
1211 781 1552 852 προφητικὴν
1595 781 1740 834 διδαο

185 884 393 938 σκαλίαν
419 878 762 949 ὠφελημένοι
787 894 800 906 ·
841 877 932 929 νῦν
955 877 1057 947 τὴν
1106 878 1169 928 ἐκ
1206 874 1522 937 Βαϐυλῶνος
1569 874 1745 928 ἀπαλο

182 979 338 1046 λαγὴν
391 973 822 1039 ἐπαγγέλλεται,
865 971 945 1030 είς
997 970 1176 1038 ἥνπερ
1228 968 1744 1036 είδωλολατροῦντες

186 1067 530 1136 ἀπήχθησαν,
578 1056 748 1131 οὗπερ
795 1062 844 1114 εί
894 1061 1199 1112 παύσαιντο
1253 1059 1382 1123 νῦν,
1431 1059 1745 1128 ἐλευθερίαν

187 1161 453 1224 ὑπέσχετο.
544 1154 769 1222 Ἐπειδὴ
818 1153 873 1205 δὲ
907 1153 1035 1223 περὶ
1075 1153 1416 1222 πραγμάτων
1474 1153 1746 1221 μεγίστων

188 1249 400 1303 ἐποιεῖτο
427 1247 554 1309 τοὺς
576 1245 790 1312 λόγους,
816 1245 908 1296 καὶ
937 1240 1004 1314 ἦν
1032 1245 1178 1307 εἰκὸς
1211 1243 1558 1296 ἀπιστεῖσθαι
1597 1243 1747 1312 παρὰ

187 1356 343 1396 τινων,
370 1337 596 1399 εἰκότως
628 1337 724 1405 τὴν
751 1336 885 1388 ίδίαν
915 1334 1220 1407 ἀνεκήρυξε
1245 1334 1496 1402 δύναμιν.
1527 1335 1747 1386 Ιιὲιντων

187 1435 279 1500 γαρ
303 1429 376 1480 ὢν
425 1429 678 1498 ποιητὴς,
711 1429 803 1479 καὶ
851 1427 1117 1497 παράγων
1157 1427 1214 1492 ἐξ
1244 1427 1344 1479 οὐκ
1389 1427 1580 1489 ὄντων,
1628 1424 1746 1486 πῶς

186 1528 270 1576 οὐκ
314 1523 379 1575 ἂν
433 1523 546 1590 ἔχοι
598 1521 794 1592 ῥαδίως
831 1522 968 1590 ὅπερ
1011 1520 1075 1572 ἂν
1110 1521 1281 1572 ἐθέλοι
1313 1523 1522 1584 ποιεῖν;
1565 1521 1656 1581 Ὠς
1691 1519 1748 1571 δὲ

186 1614 425 1666 τοιούτων
456 1612 753 1681 ἐσομένων,
781 1612 871 1664 καὶ
901 1613 1012 1664 ἄνω
1049 1611 1458 1682 παρεκελεύετο
1480 1615 1545 1680 τῇ
1573 1611 1747 1662 κτίσει

187 1707 470 1772 δοξολογεῖν
513 1705 606 1756 τὸν
647 1703 800 1766 Θεὸν,
845 1699 926 1765 οἷς
966 1703 1276 1765 ἀκολούθως
1330 1704 1493 1772 φησίν
1518 1719 1533 1732 ο
1587 1702 1750 1754 Οὕτω

185 1804 329 1870 λέγει
360 1800 574 1864 Κύριος
621 1800 652 1849 ό
691 1795 1156 1863 λυτρωσάμενός
1206 1813 1279 1849 σε
1323 1796 1419 1848 καὶ
1451 1794 1752 1848 πλασσων

185 1912 249 1946 σε
274 1895 340 1946 ἐκ
388 1892 640 1953 κοιλίας-ο
699 1887 890 1959 [67:59]-
933 1887 1206 1958 Ἱερεμίας
1244 1887 1513 1958 ἐδήλωσεν
1556 1885 1747 1940 εἰπών.

192 2011 205 2037 ι
231 1986 331 2038 Καὶ
362 1984 578 2051 ἐγένετο
603 1983 759 2049 λόγος
790 1981 994 2051 Κυρίου
1025 1980 1162 2050 πρός
1196 1996 1263 2049 με
1294 1978 1486 2046 λέγων’
1522 1978 1633 2048 Πρὸ
1656 1976 1750 2029 τοῦ

188 2095 246 2144 με
299 2075 502 2126 πλάσαι
553 2089 609 2124 σε
665 2074 728 2124 ὲκ
783 2070 991 2129 κοιλίας
1036 2069 1335 2139 ἐπίσταμαί
1390 2085 1478 2120 σε·
1514 2089 1532 2121 ι
1595 2068 1752 2135 λόγον

183 2165 343 2218 εἰπὼν
372 2163 578 2234 Κυρίου
608 2163 696 2215 τὸν
719 2162 826 2214 τῶν
857 2162 999 2214 κατὰ
1028 2161 1261 2232 γαστρὸς
1294 2161 1750 2230 κυοφορουμένων

186 2256 538 2326 Δημιουργόν.
570 2251 680 2308 Εἶτ’
713 2253 899 2323 ἐπειδὴ
942 2255 1071 2324 περὶ
1101 2253 1410 2322 ἐλευθερίας
1467 2253 1752 2324 πρόκειται

186 2351 369 2416 λόγος’
435 2349 847 2416 ,λυτρούμενον
912 2346 1103 2399 ἑαυτὸν
1158 2346 1385 2409 εἰκότως
1437 2345 1748 2414 ὠνόμασεν,

188 2437 496 2508 σωματικὴν
550 2436 780 2490 πλάσιν
806 2435 880 2498 ὡς
912 2436 976 2504 δὴ
1026 2439 1356 2505 σωματικοῖς
1403 2435 1582 2501 λέξας.
1609 2432 1752 2502 Ἐγώ

186 2534 312 2598 είμι,
347 2531 533 2598 φησὶν,
573 2529 601 2579 ὁ
629 2529 692 2580 ὲκ
731 2526 928 2597 μικροῦ
963 2545 1021 2579 σε
1063 2526 1309 2592 πλάσας
1367 2525 1749 2593 ὑποκειμένου,

188 2625 272 2674 καὶ
318 2623 393 2684 ὡς
451 2623 516 2672 ἐκ
578 2619 844 2690 σπηλαίου
911 2619 1055 2681 τινός
1117 2618 1400 2687 ἐξαγαγὼν
1452 2618 1749 2681 σκοτεινοῦ,

192 2715 347 2784 μηδὲν
386 2713 515 2783 περὶ
539 2712 730 2765 τούτου
769 2712 876 2764 τῶν
905 2712 1108 2779 γονέων
1148 2711 1387 2772 εἰδότων,
1427 2709 1560 2780 ἐμοῦ
1595 2711 1652 2762 δὲ
1694 2710 1754 2762 τὸ

191 2807 458 2859 ,τλασθὲν
515 2806 934 2874 ὑποστήσαντος.
984 2805 1046 2857 Et
1093 2804 1148 2857 δὲ
1199 2803 1430 2874 σμικρόν
1483 2821 1564 2856 σοι
1596 2802 1754 2856 τοῦτο

191 2899 317 2967 πρὸς
350 2897 503 2949 θείαν
538 2899 786 2965 φαίνεται
823 2895 1074 2963 δύναμιν,
1107 2895 1298 2948 σκόπει
1326 2894 1422 2946 τοῦ
1451 2895 1657 2964 κόσμου
1686 2896 1755 2948 τὰ

195 2990 421 3054 μέγιστα
470 2987 634 3039 πόθεν
681 2986 806 3055 ἔσχε
854 2987 952 3057 τὴν
985 2985 1242 3057 ὓπαρξιν,
1277 2986 1422 3040 καθά
1473 3003 1604 3054 φησι
1658 2987 1754 3040 καὶ

1843 504 2191 558 divinationes
2221 505 2285 556 de
2318 505 2472 558 corde
2494 508 2519 559 ?
2549 513 2659 559 etc.

1916 698 2080 769 508
2114 696 2372 768 Exposita
2411 699 2561 767 prius
2596 698 2918 752 moiolatria'
2965 691 3414 762 reprehensrone‘,

1845 807 2004 860 quam
2028 791 2269 843 relicturi
2299 800 2448 853 sunt,
2471 791 2559 859 qui
2594 791 2913 859 prophetica
2939 787 3227 856 disciplina
3264 785 3408 838 aucti

1847 891 2000 945 sunt,
2046 881 2369 952 Babylonica
2404 881 2514 948 jam
2551 897 2645 934 eos
2673 883 2955 941 servitute,
2977 879 3028 931 in
3060 893 3164 946 qua
3195 885 3420 946 propter

1848 978 2118 1029 idolorum
2159 977 2362 1030 cultum
2383 975 2789 1035 detinebantur,
2807 972 2851 1024 si
2875 970 3062 1024 eodem
3082 969 3418 1027 abstineant.

1850 1068 2137 1120 liberatum
2186 1067 2285 1130 iri,
2341 1065 2674 1132 domumque
2734 1077 3054 1117 reversuros
3111 1061 3417 1130 pollicetur.

1848 1158 2118 1224 Quoniam
2150 1168 2329 1210 autem
2368 1156 2623 1209 maximis
2674 1154 2740 1208 de
2775 1155 2938 1208 rebus
2970 1166 3277 1207 sermonem
3320 1151 3420 1204 ha-

1849 1252 2080 1310 buerat,
2128 1263 2226 1301 nec
2261 1263 2452 1301 omnes
2505 1246 2814 1300 credituros
2854 1260 2976 1298 esse
3013 1245 3115 1298 sibi
3156 1243 3416 1312 putabat,

1851 1356 2008 1392 suam
2040 1341 2153 1408 ipse
2182 1338 2376 1392 merito
2413 1336 2733 1406 potentiam,
2771 1350 3011 1404 suasque
3040 1335 3187 1388 vires
3212 1335 3419 1403 depraeé

1850 1431 2072 1484 dicavit.
2097 1429 2232 1484 Cum
2266 1431 2411 1482 enim
2445 1441 2628 1481 rerum
2672 1426 2914 1478 omnium
2945 1433 3139 1479 auctor
3174 1425 3266 1488 sit,
3298 1440 3420 1479 eas-

1851 1537 1957 1589 que
2002 1521 2070 1575 de
2118 1519 2291 1573 nihilo
2347 1517 2686 1589 produxerit,
2736 1517 2830 1586 qui
2867 1531 2975 1569 non
3032 1517 3226 1585 possit,
3273 1515 3420 1584 quod

1851 1612 2002 1674 velit,
2049 1610 2264 1664 edicere
2302 1609 2498 1662 facile?
2530 1608 2811 1676 Tanquam
2838 1615 3020 1660 autem
3045 1618 3230 1660 essent
3256 1622 3420 1661 even-s

1854 1717 1972 1760 tura
1993 1705 2158 1768 talia,
2191 1705 2354 1757 etiam
2387 1717 2552 1770 supra
2586 1701 2650 1752 ad
2687 1700 2776 1753 Dei
2823 1701 3014 1754 laudes
3041 1699 3421 1768 praedicandas

1855 1811 2160 1853 creaturam
2199 1796 2522 1849 adhortatus
2574 1803 2656 1848 est
2690 1814 2702 1847 :
2764 1795 2964 1862 quibus
2994 1793 3106 1861 jam
3158 1794 3302 1846 bono
3332 1807 3423 1845 or-

1855 1893 1982 1943 dine
2016 1888 2208 1956 adjicit
2237 1906 2251 1941 :
2299 1886 2388 1940 Sic
2416 1886 2544 1938 dicit
2582 1885 2866 1950 Dominus,
2899 1886 2986 1953 qui
3021 1884 3240 1937 redemit
3274 1892 3341 1948 te,
3372 1893 3423 1936 et

1854 1985 1943 2053 qui
1966 1981 2212 2053 formavit
2238 1989 2284 2033 te
2312 1995 2377 2032 ex
2406 1991 2576 2031 utero.
2624 1977 2778 2042 Quod
2822 1975 3090 2030 Jeremias
3141 1975 3422 2035 indicavit,

1854 2092 1978 2128 eum
2016 2075 2130 2128 ait:
2180 2092 2198 2124 ι
2241 2071 2306 2126 Et
2347 2073 2546 2124 fartum
2575 2081 2658 2124 est
2690 2071 2914 2123 verbum
2961 2068 3176 2122 Domini
3225 2067 3290 2122 ad
3340 2079 3427 2121 me

1854 2168 2042 2222 dicens
2070 2182 2084 2218 :
2119 2166 2425 2232 Antequam
2457 2177 2559 2231 ego
2595 2162 2890 2214 formarem
2918 2169 2970 2214 te
3000 2175 3065 2212 ex
3088 2169 3264 2223 utero,
3299 2158 3425 2212 novi

1855 2271 1907 2316 te
1926 2263 2008 2322 an;
2049 2279 2066 2310 ›
2108 2260 2331 2312 verbum
2370 2256 2585 2309 Domini
2633 2255 2777 2307 enim
2815 2253 3119 2323 appellans,
3171 2253 3265 2321 qui
3327 2267 3426 2306 eo-

1855 2369 1998 2415 rum,
2039 2353 2130 2421 qui
2165 2359 2398 2404 matrum
2453 2357 2609 2401 utero
2653 2346 2984 2399 clauduntur
3025 2344 3203 2400 adhuc
3239 2345 3429 2400 condi-'-

1857 2456 1940 2499 tor
1979 2443 2069 2497 sit.
2106 2442 2330 2500 Deinde.
2373 2440 2633 2510 quoniam
2684 2438 2749 2492 de
2785 2438 3036 2491 libertate
3089 2451 3271 2490 sermo
3318 2448 3426 2502 est,

1856 2534 2236 2601 redemptorem
2269 2546 2328 2584 se
2363 2529 2560 2583 merito
2605 2526 2896 2596 appellavit
2924 2542 2938 2590 ;
2975 2525 3152 2595 deque
3179 2527 3430 2594 corporis

1856 2625 2174 2694 formatione
2213 2623 2449 2682 locutus,
2483 2621 2609 2689 quia
2640 2633 2766 2671 eum
2810 2616 3090 2686 corporeis
3118 2615 3230 2686 agit
3262 2635 3274 2669 :
3313 2614 3431 2685 Ipse

1857 2733 2002 2779 sum,
2038 2715 2234 2782 inquit,
2271 2713 2362 2781 qui
2394 2719 2446 2764 te
2478 2727 2542 2764 ex
2579 2725 2746 2780 parvo
2780 2709 3046 2778 principio
3089 2707 3337 2775 formavi,
3377 2716 3432 2762 et

1859 2820 2114 2876 tanquam
2162 2805 2228 2858 de
2260 2807 2553 2858 tenebroso
2587 2818 2754 2871 specu
2808 2801 2995 2870 aliquo
3031 2799 3234 2864 eduxi;
3281 2802 3428 2869 quod

1859 2903 2075 2970 penitus
2103 2901 2426 2967 ignorarunt
2465 2895 2851 2964 progenitores
2883 2893 3004 2956 tui;
3047 2907 3172 2946 cum
3211 2893 3428 2947 interim

1857 2992 2001 3061 quod
2027 2991 2315 3059 formatum
2346 2995 2466 3041 erat
2501 2986 2888 3056 producerent.
2927 2983 3084 3050 Quod
3115 2985 3162 3039 si
3195 2984 3292 3038 tibi
3316 2985 3431 3039 leve

193 3080 380 3132 Δαδίδ·
430 3098 450 3130 ι
497 3078 555 3131 '0
588 3078 844 3131 ἐκτείνων
889 3079 979 3131 τὸν
1026 3078 1256 3148 οὐρανὸν
1297 3078 1428 3131 ὡσεὶ
1480 3079 1682 3149 δέρριν.
1731 3097 1750 3130 ι

1861 3083 2004 3136 istud
2036 3080 2102 3134 ad
2155 3078 2353 3132 divina:
2389 3077 2606 3130 virtutis
2657 3075 3114 3145 signiﬁcationem
3169 3082 3430 3142 putatur,

192 3173 290 3223 Καὶ
317 3171 502 3222 πάλιν·
535 3189 552 3220 ι
576 3170 934 3237 Ἐθεμελίωσε
957 3172 1056 3240 τὴν
1081 3171 1183 3238 γῆν
1206 3171 1298 3223 ἐπὶ
1335 3171 1433 3238 τὴν
1455 3169 1756 3238 ἀσφάλειαν

189 3265 371 3332 αὐτῆς.
410 3284 427 3314 ι
481 3262 632 3315 Ἀντὶ
687 3263 745 3316 δὲ
805 3264 898 3316 τοῦ
948 3266 981 3316 ό
1026 3262 1361 3328 συντελῶν,
1410 3265 1442 3316 ό
1495 3262 1757 3330 ποιήσας

188 3355 458 3420 ἐξέδωκαν
492 3357 541 3406 οἱ
576 3354 772 3408 λοιποί.
803 3373 820 3406 ι
847 3356 1028 3408 Πάντα
1063 3357 1170 3424 γὰρ
1213 3356 1280 3408 δι’
1308 3355 1475 3408 αὑτοῦ
1520 3356 1755 3423 ἐγένετο,

189 3452 276 3502 καὶ
298 3450 469 3518 χωρὶς
499 3449 663 3501 αὑτοῦ
685 3450 900 3516 ἐγένετο
933 3449 1105 3502 οὐδέν.
1137 3468 1155 3499 ι
1191 3449 1336 3512 Ὅτι,
1370 3468 1388 3499 ι
1412 3449 1582 3512 Αὐτὸς
1613 3446 1755 3514 εἷπε,

187 3544 276 3592 καὶ
310 3541 676 3610 ἐγενήθησαν.
709 3541 879 3602 Λύτὸς
912 3541 1233 3604 ἐνετείλατο,
1257 3543 1351 3593 καὶ
1369 3542 1752 3611 ἐκτίσθησαν.»

195 3635 252 3685 ὐ
271 3634 326 3685 δὲ
354 3632 612 3694 τοσοῦτος
639 3632 691 3684 τί
716 3633 969 3702 ἐποίησεν
987 3634 1126 3685 κατὰ
1152 3633 1378 3704 καιροὺς
1411 3635 1755 3704 ἐπενήνοχεν,

183 3725 254 3788 ὡς
301 3726 497 3780 ἀπολεῖ
539 3726 635 3787 τὰς
671 3725 948 3794 πανταχοῦ
977 3727 1262 3792 μαντείας
1297 3727 1391 3778 καὶ
1416 3725 1484 3778 τὰ
1521 3727 1761 3796 χρηστή-

189 3833 276 3884 ρια
323 3817 392 3870 δι’
445 3811 520 3869 ὢν
571 3818 619 3868 οἱ
669 3817 921 3886 δαίμονες
969 3817 1289 3885 ὲφενόικιζον
1343 3817 1467 3879 τοὺς
1513 3818 1625 3887 πρό
1660 3818 1760 3888 τῆς

185 3906 423 3976 Χριστοῦ
460 3907 785 3972 παρουσίας,
813 3908 1011 3960 εἰδέναι
1032 3907 1091 3960 τὸ
1139 3907 1330 3977 μέλλον
1379 3909 1757 3979 πλαττόμενοι,

185 4000 281 4050 καὶ
307 3999 376 4050 τὰ
407 3999 527 4060 ταῖς
565 3997 816 4067 καρδίαις
844 3997 1188 4067 ἐπερχόμενα
1214 3997 1462 4066 λέγοντες
1486 4013 1498 4027 ·
1530 4000 1657 4067 περὶ
1685 3992 1760 4053 ὧν

186 4093 426 4159 ἔφασκεν
514 4090 777 4162 Ἰεζεκιήλ
825 4110 840 4126 ο
896 4109 915 4142 ι
961 4092 1098 4157 Οὐαὶ
1150 4095 1261 4154 τοῖς
1321 4092 1757 4161 προφητεύουσιν

187 4187 296 4236 ἀπὸ
340 4182 571 4252 καρδίας
629 4181 850 4248 αὐτῶν,
919 4182 1016 4236 καὶ
1094 4184 1154 4234 τὸ
1208 4182 1438 4235 καθόλου
1502 4182 1576 4252 μὴ
1641 4182 1762 4251 βλέ-

186 4291 365 4328 πουσι.
407 4295 426 4324 ι

253 4543 621 4597 Διεσιιέδασε
681 4541 738 4594 δὲ
783 4541 956 4594 ταῦτα
999 4543 1094 4594 καὶ
1142 4543 1221 4613 τῷ
1268 4543 1498 4606 παῦσαι,
1549 4543 1643 4595 καὶ
1682 4542 1760 4612 τῷ

188 4641 364 4689 ποιεῖν
393 4638 427 4689 ἃ.
456 4638 602 4687 ἐστιν
630 4635 860 4698 ἐκείνοις
890 4635 1234 4706 ἀτέκμαρτα,
1259 4637 1352 4688 καὶ
1373 4635 1756 4705 ἁπρόγνωστα.

205 4725 715 4794 Ἀπεστριὶφησαν
743 4725 798 4778 δὲ
826 4726 922 4778 καὶ
953 4729 1244 4795 φρόνιμοι.
1278 4727 1578 4796 Φρονίμους
1603 4727 1760 4779 καλεῖ

186 4822 308 4883 τοὺς
344 4819 474 4890 παρ’
507 4817 731 4889 Ἕλλησι
756 4820 974 4886 σοφοὺς,
1010 4812 1084 4872 ὧν
1111 4819 1408 4887 ἐμώρανεν
1433 4821 1533 4886 τὴν
1564 4821 1756 4888 σοφίαν

187 4912 259 4979 τῷ
299 4913 399 4980 τῆς
444 4911 702 4974 ἀληθείας
735 4911 1077 4979 διαμαρτεῖν,
1117 4911 1386 4979 ἀχρήστου
1428 4911 1528 4979 τῆς
1565 4914 1622 4964 ὲν
1653 4911 1752 4963 αύ·

187 5009 294 5065 τοῖς
321 5002 740 5072 ἀποδειχθείσης
784 5003 997 5071 σοφίας.
1019 5002 1220 5071 ψυχικὴ
1251 5003 1360 5072 γὰρ
1388 4999 1478 5072 ἦν,
1511 5007 1600 5056 καὶ
1632 5006 1756 5057 ἐπί-

188 5111 356 5160 γειος,
409 5093 791 5163 δαιμονιώδης,
823 5095 889 5164 ἢν
936 5096 1030 5146 καὶ
1071 5097 1099 5145 ὁ
1148 5093 1352 5155 Παῦλος
1401 5097 1759 5166 μεμωράνθαι

189 5189 373 5255 φησίν·
400 5188 570 5257 ἡγουν
632 5188 760 5249 τοὺς
792 5189 1021 5256 μάγους.
1054 5187 1257 5256 Σοφοὺς
1287 5192 1394 5255 γὰρ
1422 5190 1515 5240 καὶ
1538 5188 1760 5252 τούτους

187 5279 436 5334 ἐκάλουν.
483 5278 527 5328 Τ
530 5277 668 5329 αῦτα
714 5277 809 5345 μὲν
840 5276 934 5330 οῦν
963 5277 1322 5330 διασκεδάσω.
1364 5279 1469 5330 Τοῦ
1515 5279 1571 5330 δὲ
1614 5281 1759 5348 ἐμοῦ

200 5369 332 5421 Υἰοῡ
364 5371 456 5421 καὶ
484 5368 744 5439 Χριστοῦ,
779 5371 906 5440 περὶ
927 5362 988 5422 οῦ
1020 5371 1187 5422 πολλὰ
1209 5373 1481 5436 προεῖπον,
1515 5372 1611 5425 καὶ
1644 5372 1762 5425 τῶν

188 5461 458 5528 ἀγγέλων
477 5462 666 5516 αὑτοῦ
695 5461 804 5515 τῶν
833 5463 1170 5527 ἀποστόλων,
1203 5464 1412 5530 στήσω
1434 5465 1505 5518 τὰ
1522 5465 1762 5533 ῥήματά

191 5571 249 5604 τε
279 5556 376 5606 καὶ
406 5555 523 5623 τὴν
546 5557 813 5625 βουλήν.
855 5556 1114 5626 Ῥήματα
1140 5557 1196 5610 δὲ
1228 5557 1464 5630 Χριστοῦ
1503 5559 1563 5612 τὸ
1587 5561 1762 5630 σωτή-

260 5670 306 5699 ⁹⁵
347 5669 632 5746 Jeren]._t,
794 5673 1009 5746 "l’sal.
1047 5688 1178 5738 cur,
1222 5676 1273 5728 2.
1388 5680 1430 5709 ν⁷
1487 5679 1615 5731 ibid.
1660 5681 1710 5734 5.

195 5740 214 5767 ¹
239 5739 356 5792 Jac.
384 5758 461 5804 ιιι,
501 5742 585 5795 l5.
662 5745 680 5773 ³
722 5743 877 5798 llom.
912 5761 948 5806 ι,
985 5744 1074 5798 26.

1816 5681 1857 5713 ⁸⁸
1886 5681 2043 5736 Joan.
2083 5698 2138 5744 t,
2178 5681 2232 5734 '5.

1861 3176 2095 3228 maxima
2131 3173 2244 3232 illa,
2276 3187 2396 3240 qme
2428 3171 2481 3222 in
2516 3170 2720 3222 mundo
2756 3177 2907 3232 sunt,
2957 3167 3104 3220 unde
3138 3166 3430 3229 exsistant,

1861 3267 2098 3321 intuere.
2129 3265 2269 3317 Audi
2325 3263 2596 3316 dicentem
2647 3261 2943 3315 Davidem:
2984 3277 3003 3310 ι
3042 3259 3144 3324 Qui
3180 3259 3433 3315 extendis

1859 3359 2081 3422 ecelum,
2130 3361 2274 3410 sicut
2327 3355 2519 3424 pellem
2565 3353 2632 3406 ³⁸.
2683 3371 2700 3403 ι
2732 3350 2862 3406 Item
2901 3369 2914 3404 :
2953 3370 2970 3402 ι
3023 3350 3128 3417 Qui
3185 3351 3434 3404 fundavit

1861 3461 2062 3504 terram
2097 3463 2261 3515 super
2293 3447 2646 3499 stabilitatem
2687 3459 2842 3498 suam
2899 3443 2967 3497 "'.
3022 3461 3042 3494 ι
3083 3443 3203 3508 Quo
3233 3443 3433 3500 deinde

1861 3544 2002 3605 loco,
2033 3542 2122 3611 qui
2152 3539 2384 3606 compleo
2421 3538 2704 3597 habemus,
2747 3536 2838 3605 qui
2865 3535 2964 3604 feci
3003 3535 3435 3605 interpretantur

1861 3635 1977 3688 alii.
2017 3653 2035 3684 ι
2080 3632 2274 3686 Omnia
2308 3633 2452 3685 enim
2506 3645 2600 3697 per
2629 3629 2802 3697 ipsum
2832 3627 2973 3681 facta
3022 3639 3170 3691 sunt,
3221 3638 3274 3682 et
3313 3629 3434 3684 sine

1860 3727 1984 3796 ipso
2015 3725 2216 3778 factum
2247 3731 2329 3776 est
2359 3722 2490 3775 nihil
2523 3722 2588 3784 θ’,
2627 3739 2643 3769 ι
2679 3721 2942 3789 quoniam
2973 3739 2991 3770 ι
3037 3721 3158 3790 Ipse
3187 3719 3352 3784 dixit,
3382 3730 3437 3775 et

1864 3819 2004 3872 facta
2051 3825 2216 3880 sunt;
2262 3818 2376 3885 ipse
2412 3813 2709 3877 mandavit,
2766 3821 2820 3865 et
2883 3823 3068 3866 creata
3121 3824 3250 3868 Sunt
3301 3814 3369 3866 ”.
3414 3831 3432 3860 ι

1862 3910 2072 3965 Tantus
2109 3917 2288 3962 autem
2331 3905 2460 3972 quid
2513 3904 2777 3974 deinceps
2829 3904 3172 3971 praistiterit,
3209 3903 3435 3958 intulit:

1862 4016 1987 4055 cum
2020 4015 2100 4065 se,
2145 4015 2267 4068 quae
2298 3997 2502 4066 ubique
2534 4003 2745 4054 essent,
2775 3995 3151 4057 divinationes,
3188 3994 3351 4064 509
3382 4004 3439 4048 et

1862 4093 2086 4147 oracula
2119 4093 2424 4144 deleturum
2479 4087 2855 4154 signiﬁcavit:
2910 4087 3112 4154 quibus
3160 4085 3439 4142 darinoues

1864 4195 1989 4239 ante
2019 4183 2222 4239 Christi
2265 4183 2556 4234 advontum
2601 4181 2781 4231 futura
2821 4194 2901 4236 se.
2939 4180 3251 4247 mentisque
3289 4179 3440 4248 cogi-

1865 4279 2102 4331 tationes
2153 4275 2453 4342 intelligere
2506 4273 2801 4340 ﬁngebant.
2841 4270 2914 4322 De
2978 4272 3182 4337 quibus
3232 4281 3288 4325 et
3344 4272 3436 4325 illa

1865 4376 1994 4422 sunt
2031 4362 2380 4417 Ezechielis:
2433 4380 2450 4410 ι
2494 4359 2585 4412 Va:
2647 4361 3101 4428 proplietantibus
3151 4359 3220 4413 de
3271 4361 3440 4415 corde

1789 4436 1834 4490 θ
1867 4471 1986 4516 suo,
2015 4461 2068 4506 et
2103 4468 2324 4504 omnino
2362 4467 2468 4503 non
2497 4449 2810 4503 videntibus
2844 4451 2882 4501 '.
2923 4469 2940 4499 ι

1935 4547 2043 4600 Ista
2073 4559 2199 4596 vero
2251 4543 2524 4608 dissipavit
2557 4555 2574 4592 :
2607 4543 2802 4609 partim
2863 4541 2988 4608 quia
3017 4555 3236 4596 cessare
3289 4541 3440 4604 fecit,

1862 4641 2060 4712 partim
2085 4635 2229 4707 quod
2261 4651 2323 4688 ea
2351 4643 2607 4704 operatus
2627 4641 2732 4696 est,
2759 4647 2881 4702 qua)
2925 4633 3024 4700 ipsi
3085 4634 3250 4686 lllliiis
3307 4649 3441 4688 con-

1858 4730 2091 4800 jecturis
2126 4726 2340 4794 assequi
2370 4733 2426 4777 et
2456 4724 2715 4794 praescire
2758 4733 3073 4791 potuerunt.
3099 4724 3283 4778 Aversi
3318 4736 3441 4780 sunt

1864 4837 2030 4891 porro
2058 4831 2105 4874 et
2134 4820 2409 4887 prudentes
2434 4834 2451 4881 ;
2481 4833 2590 4885 quo
2616 4816 2835 4870 nomine
2867 4814 3177 4872 Graecorum
3218 4821 3441 4889 sapient»

1863 4925 1945 4967 tes
1971 4912 2238 4982 intelligit,
2267 4925 2498 4978 quorum
2530 4907 2856 4976 sapientiam
2910 4923 2976 4961 eo
3028 4908 3148 4976 ipso
3176 4911 3319 4978 quod
3348 4928 3444 4966 ve-

1863 5010 2024 5058 ι-ηδιθ
2053 5005 2391 5065 exciderunt,
2423 5002 2476 5052 iu
2503 5000 2792 5053 stultitiam
2821 5003 3161 5053 commutavit
3193 5020 3211 5064 ;
3241 5004 3290 5056 id
3335 5015 3440 5067 est,

1867 5098 2109 5152 inittilem
2140 5110 2260 5148 esse
2290 5091 2846 5161 demonstravittErat
2875 5093 3019 5144 enim
3053 5095 3308 5149 animalis
3329 5098 3442 5164 illa,

1865 5204 2100 5252 terrena,
2131 5197 2184 5241 et
2239 5187 2504 5239 diabolica
2549 5186 2595 5246 ².
2651 5203 2812 5252 quam
2865 5185 3065 5239 Paulus
3123 5185 3442 5244 infatuatam

1864 5299 1987 5337 esse
2011 5282 2282 5348 signiticat
2309 5279 2351 5347 ³)
2389 5297 2400 5331 :
2434 5279 2514 5330 vel
2541 5288 2689 5330 cette
2723 5291 2907 5344 magos
2947 5277 3094 5338 illos,
3126 5294 3263 5346 quos
3314 5282 3444 5336 item

1867 5379 2138 5445 sap’entes
2163 5372 2527 5442 appellabant.
2550 5371 2658 5423 ista
2695 5370 2878 5438 igitur,
2907 5371 3104 5437 inquit,
3143 5371 3445 5442 dissipabo.

1870 5466 2101 5536 Filiique
2125 5467 2248 5530 mei,
2281 5464 2332 5518 id
2367 5473 2452 5517 cst
2479 5462 2685 5518 Christi
2720 5461 2810 5530 (de
2839 5475 2947 5530 quo
2977 5463 3232 5530 superius
3274 5482 3303 5518 ιι
3360 5483 3449 5522 me

1871 5569 2000 5617 sunt
2037 5561 2184 5614 dicta
2209 5558 2499 5629 permulta)
2529 5565 2576 5609 et
2603 5555 2908 5624 angelorum
2941 5557 3094 5624 ejus;
3125 5556 3178 5610 id
3208 5567 3291 5612 est
3312 5574 3445 5630 apo-

2307 5679 2352 5708 ”
2392 5678 2537 5732 Psal.
2585 5690 2770 5739 xxxii,
2801 5673 2852 5729 9.
2933 5675 2949 5704 ¹
2988 5673 3187 5730 Ezech.
3216 5691 3346 5744 xm,
3381 5677 3447 5732 Π
