3900 6542
461 356 602 422 2415

1796 363 1837 420 Ρ
1846 363 1918 420 Β(
1924 361 2104 421 lCOPl
2119 364 2142 420 Ι
2186 361 2442 424 ὈΑΖεΕι

3585 373 3736 436 2516

460 473 749 537 stolarum,
779 472 934 527 verba
960 480 1009 526 et
1031 470 1310 525 consilium
1332 469 1582 538 ﬁrmabo.
1607 467 1708 523 Ubi
1745 484 1841 535 per
1870 468 2045 534 verba,

2153 486 2271 541 ριον
2314 473 2598 542 κήρυγμα.
2632 471 2838 540 Βουλὴ
2869 472 2926 525 δὲ
2974 474 3079 525 τῶν
3125 476 3396 544 ἀγγέλων
3445 481 3650 545 αὑτοῦ,
3676 485 3741 534 τὸ

458 566 755 620 salutarem
813 562 1017 616 Christi
1074 561 1520 630 praedicationem
1587 560 1899 625 intellexit;
1955 576 2053 630 per

458 656 740 712 consilium
767 665 946 710 autem
975 654 1281 723 angelorum
1314 652 1450 722 ejus,
1479 653 1608 706 illud
1648 653 1848 722 ipsum,
1881 654 2051 721 quod,

459 749 669 805 scelere
694 757 748 804 et
779 763 965 803 errore
993 746 1222 808 relictis,
1253 745 1318 799 ad
1378 745 1650 798 veritatem
1680 752 1734 799 et
1791 745 2051 799 virtutem

458 857 649 896 omnes
675 847 1055 895 accurrerunt.
1092 838 1199 909 Ego
1239 853 1391 900 vero,
1444 837 1646 907 inquit,
1680 837 1772 906 qui
1826 837 1930 892 ista
1967 835 2050 890 fa-

457 941 647 989 cturus
673 947 816 994 sum,
850 932 961 1000 jam
1000 930 1124 984 inde
1157 932 1470 1000 prxenuntio
1509 938 1562 985 et
1593 930 1857 999 polliceor
1885 927 2049 983 Jeru-

458 1026 624 1080 salem
673 1041 760 1080 me
787 1040 817 1078 a
845 1023 1158 1096 Babyloniis
1223 1039 1492 1087 eversam,
1525 1023 1787 1092 ipsasque
1841 1020 2051 1077 Judwa:

459 1119 695 1172 civitates
729 1119 1179 1180 instauraturum,
1204 1117 1454 1185 ejusque,
1487 1123 1746 1185 tanquam
1786 1129 1815 1166 a
1848 1114 2052 1184 princi-

458 1209 570 1278 pio,
601 1209 810 1263 deserta
846 1211 1210 1262 restituturum
1237 1226 1256 1260 :
1293 1207 1401 1260 imo
1431 1206 1684 1260 vitiorum
1735 1205 2052 1274 multiplici-

457 1310 644 1362 tatem.
684 1318 805 1370 qua:
831 1301 1010 1371 abyssi
1061 1301 1282 1354 nomine
1338 1299 1704 1367 signiﬁcatur,
1763 1297 2045 1352 desolatu-

456 1409 620 1457 rum;
663 1394 1101 1464 Bahylonemquc
1137 1393 1338 1446 civium
1398 1391 1640 1459 alioquin
1683 1391 1863 1460 c0pia,
1921 1398 2047 1443 tan-

455 1502 617 1554 quam
637 1486 793 1554 aquis
814 1485 963 1553 ﬂuvii
983 1484 1377 1544 abundantem,
1394 1483 1609 1552 penitus
1629 1483 2046 1536 exsiccaturum.

453 1577 710 1632 Nonnulli
749 1587 928 1632 tamen
959 1592 1053 1644 per
1083 1576 1362 1646 abyssum,
1400 1576 1585 1646 populi
1654 1575 2045 1644 frequentiam,

455 1672 550 1740 qui
581 1670 878 1740 Babylonia
909 1669 1317 1730 continebatur,
1355 1668 1510 1721 innui
1543 1674 1874 1737 putaverunt
1904 1684 1918 1719 :
1951 1681 2046 1735 per

454 1763 644 1831 ﬂuvios
677 1770 884 1822 autem,
913 1773 1100 1831 gentes
1130 1762 1185 1815 in
1218 1761 1462 1815 eamdem
1515 1759 1874 1821 conﬂuentes.
1911 1774 2047 1830 quas

454 1857 695 1926 undique
752 1857 804 1909 in
847 1855 1108 1910 auxilium
1167 1855 1574 1920 accersiverat;
1616 1868 1738 1908 cum
1784 1854 1838 1907 in
1894 1868 2047 1908 more

456 1947 740 2018 Scriptura
763 1947 981 2010 habeat,
1015 1947 1323 2015 ﬂuviorum,
1358 1945 1658 2014 marisque,
1692 1952 1746 1998 et
1776 1959 2044 2012 aquarum

455 2040 697 2106 nomine,
732 2039 1052 2107 populorum
1103 2036 1510 2089 multitudinem
1567 2033 1902 2104 signiﬁcare.
1954 2033 2046 2088 Sic

453 2133 598 2187 enim
624 2141 676 2183 et
710 2129 910 2183 David:
952 2147 968 2179 ι
1000 2128 1114 2182 Vox
1151 2127 1360 2180 Domini
1426 2142 1592 2195 super
1623 2141 1793 2195 aquas
1821 2127 1862 2180 δ.
1907 2126 2046 2180 Deus

453 2226 644 2295 gloria?
671 2223 914 2277 intonuit
943 2241 990 2287 ;»
1020 2229 1080 2276 ut
1114 2222 1351 2276 salutare
1391 2220 1649 2274 nimirum
1677 2219 1881 2274 Christi
1912 2233 2047 2288 pra:-

453 2317 698 2382 conium,
758 2315 904 2385 quod
963 2315 1071 2368 alta
1136 2329 1268 2368 voce
1336 2313 1670 2376 intonuerat,
1731 2311 1798 2365 ad
1857 2321 2047 2381 gentes

452 2418 775 2480 penetrasse
826 2407 1066 2462 doceret.
1107 2406 1238 2461 Tale
1271 2413 1356 2460 est
1421 2415 1476 2460 et
1520 2406 1696 2459 illud:
1742 2425 1759 2456 ι
1791 2403 2046 2459 Elevave-

453 2511 584 2554 runt
613 2499 775 2569 510
804 2499 1028 2552 ﬂumina
1054 2514 1218 2554 voces
1246 2512 1376 2552 suas
1400 2499 1441 2550 ⁸.
1477 2516 1495 2548 ι
1531 2497 1738 2568 Magna!
1775 2497 2044 2566 siquidem

452 2609 578 2648 cum
602 2601 790 2648 essent
813 2592 1186 2661 apostolorum
1231 2606 1417 2655 voces,
1446 2590 1608 2644 facile
1641 2591 1771 2659 ipsa:
1823 2591 2046 2644 exaudi-

446 2695 522 2741 ta:
552 2686 860 2757 agnitteque
888 2673 1065 2740 "sunt.
1100 2685 1310 2739 Dicitur
1334 2700 1466 2740 vero
1495 2687 1656 2739 etiam
1680 2685 1747 2739 de
1771 2685 2048 2756 Babylone

452 2791 506 2834 et
531 2780 726 2834 Ninive
756 2797 772 2834 :
807 2799 825 2830 ι
856 2778 1141 2845 Tanquam
1177 2793 1331 2848 aqua:
1360 2778 1593 2849 piscina,
1628 2793 1785 2848 aqua:
1807 2778 1928 2848 ejus
1950 2779 1990 2832 ⁸.
2023 2795 2041 2828 ι

447 2871 569 2927 Non
597 2872 800 2927 desunt
824 2880 1004 2925 tamen
1029 2871 1121 2941 qui
1146 2872 1326 2941 abyssi
1354 2871 1594 2937 nomine,
1621 2871 1866 2926 Rubrum
1901 2886 2048 2924 mare

453 2965 783 3034 intelligunt,
822 2963 969 3034 quod
1019 2963 1223 3034 populo
1279 2963 1590 3032 trajiciente
1620 2963 1857 3020 divisum
1912 2973 2045 3016 est:

451 3058 596 3112 sicut
630 3073 725 3128 per
754 3056 1047 3111 desiccatos
1091 3057 1298 3126 ﬂuvios,
1333 3055 1650 3120 Jordanem,
1680 3058 1772 3126 qui
1811 3057 1865 3110 in
1901 3057 2046 3126 ejus-

450 3149 574 3205 dem
603 3151 833 3220 gratiam
861 3159 1173 3205 retroactus
1200 3166 1424 3205 cursum
1452 3150 1738 3220 suspendit
1762 3151 1808 3205 ".
1838 3151 2048 3216 Quibus
2073 3173 2116 3234 ρ

451 3241 670 3311 quidem
709 3240 896 3305 Deum,
931 3241 976 3295 si
1009 3258 1110 3296 nos
1141 3242 1190 3295 ei
1219 3241 1679 3305 commiserimus,
1713 3241 2044 3296 ﬂuctuantes

451 3331 624 3386 animi
649 3331 1015 3401 cogitationes
1051 3346 1111 3386 se
1159 3333 1436 3396 daturum,
1479 3341 1532 3385 et
1565 3333 1908 3402 voluptatum
1944 3349 2045 3386 iiii-

450 3423 569 3487 das,
603 3422 805 3492 quibus
834 3421 1234 3491 immergimur,
1285 3423 1684 3475 exsiccaturum
1744 3422 2044 3494 signiﬁcari

450 3514 644 3568 voluit.
669 3512 846 3582 Atque
876 3513 981 3566 ista
1040 3512 1258 3582 quidem
1309 3513 1409 3566 illi.
1444 3512 1710 3569 Carterum
1773 3515 1916 3584 quod
1977 3514 2044 3568 ad

453 3619 549 3659 vos
593 3603 1031 3674 Bahyloniosque
1095 3606 1311 3670 attinet,
1345 3620 1506 3660 omne
1530 3621 1632 3676 ego
1663 3606 1816 3670 illud,
1843 3607 2042 3675 inquit,

451 3698 557 3751 viri
590 3713 724 3751 usus
764 3697 1071 3751 ministerio
1097 3699 1429 3767 priestitero,
1462 3698 1620 3768 cujus
1651 3715 1848 3753 nomen
1887 3700 2045 3768 longe

453 3799 579 3844 ante
609 3789 766 3843 vobis
793 3804 916 3843 esse
945 3790 1188 3859 ignotum
1215 3805 1320 3844 non
1354 3791 1556 3860 patior,
1601 3789 1799 3859 Cyrum
1859 3791 2044 3861 appel-

453 3883 607 3942 lans;
640 3895 800 3949 quem
837 3881 1192 3934 consiliorum
1227 3897 1469 3936 meorum
1503 3883 1811 3936 ministrum
1864 3885 2042 3952 praeti-

452 3974 617 4036 ciam,
650 3972 1014 4042 sapientiaque
1041 3981 1094 4027 et
1124 3973 1324 4043 pietate
1354 3976 1596 4040 ornabo;
1627 3985 1683 4028 ut
1718 3979 2042 4045 quatadver-

453 4080 548 4119 sus
573 4063 902 4134 Babylonem
930 4067 1037 4134 agi,
1059 4065 1150 4134 qui
1190 4067 1426 4133 populus
1468 4067 1709 4131 liberari,
1738 4069 1832 4137 qui
1883 4069 2041 4123 deni-

452 4173 558 4228 que
586 4156 1052 4229 Jerosolymorum
1079 4159 1276 4213 civitas
1302 4159 1590 4230 ipsumque
1625 4163 1880 4230 templum
1951 4163 2041 4216 in-

452 4249 688 4302 staurari
740 4248 997 4313 debeant,
1052 4249 1337 4318 intelligat.
1401 4250 1570 4307 Habet
1609 4269 1736 4306 vero
1786 4254 1838 4307 in
1897 4253 2045 4309 hunc

451 4341 671 4394 modum
741 4338 1057 4411 Syn'imachi
1097 4342 1470 4412 interpretatio
1502 4361 1515 4398 :
1561 4344 1663 4410 Qui
1693 4346 1822 4400 dicit
1861 4347 2000 4417 Cyro
2025 4365 2044 4402 :

452 4428 652 4484 Pastor
682 4449 847 4486 meus.
886 4433 952 4485 Et
1007 4433 1204 4487 iterum
1240 4452 1252 4487 :
1285 4435 1557 4503 Templum
1591 4449 1761 4493 autem
1794 4441 2043 4509 fundabi-

2157 565 2548 634 παυσαμένους
2587 567 2798 628 πάντας
2835 565 3034 628 κακίας
3075 568 3171 620 καὶ
3205 569 3418 639 πλάνης
3466 572 3740 641 προσδρα-

2159 655 2280 724 μεῖν
2324 655 2580 722 ἀληθείᾳ
2607 656 2701 707 καὶ
2749 657 2936 726 ἀρετῇ.
2987 657 3130 724 Ἐγὼ
3169 657 3227 710 δὲ
3259 661 3288 711 ὁ
3327 658 3502 712 ταῦτα
3534 662 3744 729 μέλλων

2156 747 2356 811 ποιεῖν,
2391 745 2643 800 ἐντεῦθεν
2668 746 2768 816 ἤδη
2796 747 3051 817 προλέγω
3070 748 3165 801 καὶ
3204 749 3642 818 ἐπαγγέλλομαι,
3664 752 3744 813 ὡς

2155 839 2568 908 ἀνοικοδομήσω
2601 839 2700 909 τὴν
2746 840 3144 908 Ἰερουσαλὴμ
3175 842 3243 911 ῆν
3278 842 3298 880 ί
3340 843 3451 895 ὑπὸ
3482 844 3744 896 Βαϐυλω-

2152 930 2283 983 νίων
2329 932 2754 1001 καθῃρημένην
2786 932 2882 986 καί
2913 933 3021 1000 τὰς
3063 936 3271 1000 πόλεις
3287 935 3400 1003 τῆς
3430 935 3740 1001 Ἰουδαίας,

2151 1018 2219 1095 ἦς
2245 1025 2318 1088 ὡς
2358 1023 2417 1089 ἐξ
2447 1026 2623 1096 ἀρχῆς
2650 1026 2721 1080 τὰ
2743 1027 2931 1096 ἔρημα
2956 1027 3116 1080 πάλιν
3138 1028 3541 1094 συστήσεται.
3582 1031 3742 1083 Ἀλλά

2152 1115 2248 1168 καὶ
2294 1115 2393 1185 τὴν
2437 1116 2814 1186 πολυπληθίαν
2853 1118 2952 1187 τῆς
2980 1119 3178 1180 κακίας
3217 1119 3498 1172 ἄϐυσσον
3536 1121 3739 1189 ὀνομαο

2153 1205 2392 1275 ζομένην
2443 1206 2648 1277 ἔρημον
2675 1211 3057 1278 -καταστήσω,
3111 1210 3221 1261 Καὶ
3278 1209 3377 1279 τὴν
3419 1210 3738 1271 Βαϐυλῶνα.

2149 1297 2250 1368 τὴν
2286 1297 2550 1366 πλήθεσιν
2593 1300 2897 1370 οἰκητόρων
2926 1301 3001 1362 ὡς
3041 1302 3330 1368 ποταμοῖς
3377 1301 3749 1372 διαρῤἐουσαν

2153 1389 2413 1457 ξηρανῶ,
2457 1393 2630 1462 πέρας
2657 1394 2841 1455 αὐτοῖς
2893 1393 3122 1456 ἐπιθείς.
3157 1393 3314 1457 Τινὲς
3356 1395 3415 1447 δὲ
3462 1396 3752 1448 ἇᾶυσσον

2155 1483 2254 1552 μὲν
2274 1483 2335 1535 τὸ
2359 1486 2790 1555 πολυάνθρωπον
2814 1486 3068 1556 εἰρῆσθαι
3089 1486 3189 1555 τῆς
3215 1486 3564 1550 Βαϐυλωνίας
3589 1489 3746 1555 φασί.

2151 1578 2464 1646 Ποταμοὺς
2495 1578 2574 1642 δὲ,
2607 1580 2678 1632 τὰ
2709 1581 2790 1642 εἰς
2809 1579 2980 1650 αὐτὴν
3010 1581 3339 1651 ἐπιρρέοντα
3387 1581 3494 1633 τῶν
3545 1581 3745 1643 ἐθνῶν,

2150 1668 2186 1722 ἃ
2221 1669 2384 1740 πέριξ
2410 1672 2581 1740 αὐτῆς
2605 1671 2735 1725 ὄντα
2766 1672 2902 1741 πρὸς
2924 1673 3250 1742 ἐπικουρίαν
3272 1673 3556 1734 ἐκάλεσεν,
3588 1674 3747 1736 ἔθους

2151 1758 2302 1822 ὄντος
2331 1761 2370 1812 Γ
2378 1761 2610 1831 ραφικοῦ
2649 1761 2970 1831 ποταμοὺς
2988 1763 3083 1814 καὶ
3108 1762 3388 1824 θαλάσσας
3418 1765 3513 1814 καὶ
3547 1761 3743 1825 ὕδατα,

2155 1851 2330 1905 πολλὰ
2357 1853 2546 1906 καλεῖν
2569 1853 2718 1924 ἔθνη.
2735 1854 2898 1922 Λέγει
2935 1856 3044 1925 γὰρ
3077 1856 3169 1906 καὶ
3195 1855 3381 1907 Δαϐίδ·
3409 1874 3428 1906 ι
3450 1856 3609 1927 Φωνὴ
3630 1858 3744 1909 Κυ-

2154 1945 2269 2016 ρίου
2293 1946 2508 1998 ἐπὶτῶν
2527 1947 2754 2000 ὑδάτων.
2776 1947 2832 1998 Ὁ
2855 1947 2984 2010 Θεὸς
3002 1947 3101 2015 τῆς
3122 1948 3280 2018 δόξης
3301 1949 3658 2019 ἐϐρόντησεν,
3677 1951 3738 2002 τὸ

2153 2038 2420 2105 σωτήριον
2458 2038 2724 2107 κήρυγμα
2760 2037 2848 2092 διὰ
2875 2037 2984 2090 τῶν
3027 2038 3199 2090 ἐθνῶν
3239 2039 3619 2109 κεχωρηκέναι
3647 2040 3739 2109 δη-

2149 2127 2256 2180 λῶν
2277 2127 2453 2199 ὑψηλῇ
2481 2128 2784 2199 βροντῆσαν
2828 2131 3003 2199 φωνῇ.
3024 2128 3278 2182 Τοιοῦτον
3323 2132 3419 2182 καὶ
3441 2132 3526 2194 τὸ,
3560 2149 3580 2180 ι
3617 2132 3730 2183 Ἐπ-

2148 2219 2289 2288 ἧραν
2312 2221 2361 2272 οἱ
2395 2220 2632 2289 ποταμοὶ
2660 2221 2845 2290 φωνὰς
2869 2221 3070 2274 αὐτῶν.
3088 2241 3105 2272 ι
3136 2221 3386 2288 Μεγάλαι
3419 2223 3533 2293 γάρ
3555 2224 3610 2273 αἰ

2149 2311 2466 2365 ἀποστόλων
2499 2307 2656 2366 οὖσαι
2693 2314 2868 2382 φωναὶ
2891 2313 3152 2380 γεγόνασι
3181 2313 3473 2384 γνώριμοι.
3508 2315 3730 2386 Εἴρηται

2149 2402 2207 2456 δὲ
2255 2405 2350 2456 καὶ
2395 2404 2523 2474 περὶ
2575 2404 2896 2468 Βαϐυλῶνος
2950 2405 3122 2476 αὐτῆς
3172 2407 3263 2458 καὶ
3306 2406 3553 2476 Νηνευὴ,
3593 2428 3608 2458 ι
3653 2408 3737 2468 '0;

2149 2497 2509 2569 κολυμϐήθρα
2566 2497 2759 2560 ὓδατος
2810 2497 2881 2550 τὰ
2937 2497 3106 2551 ὕδατα
3156 2498 3346 2568 αὐτῆς.
3397 2518 3415 2549 ι
3471 2499 3631 2562 Τινὲς
3684 2501 3739 2552 δὲ

2151 2591 2429 2645 ἄϐυσσον
2469 2593 2726 2662 εἰρήκασι
2770 2593 2869 2662 τὴν
2895 2591 3168 2662 Ἐρυθρὰν
3211 2592 3491 2646 θάλασσαν
3520 2595 3746 2663 ἐρημωο

2151 2684 2358 2747 Θεῖσαν,
2383 2686 2471 2738 ὅτε
2496 2685 2681 2755 διέστη
2713 2686 3005 2757 παριόντος
3031 2687 3202 2758 αὐτὴν
3231 2687 3326 2740 τοῦ
3355 2687 3487 2740 λαοῦ
3513 2704 3528 2716 ο
3555 2691 3739 2740 Ποτα-

2145 2777 2298 2847 μοὺς
2328 2778 2385 2830 δὲ
2407 2777 2945 2846 ξηρανθέντας,τὸν
2984 2779 3256 2848 Ἰορδάνην
3285 2781 3735 2850 ἀναχαιτίσαντα.

2148 2872 2186 2920 Δ
2213 2870 2226 2889 ν
2257 2862 2280 2882 τ’
2354 2868 2365 2886 ι
2507 2869 2516 2884 ι
2749 2871 2772 2884 ς
2858 2868 2870 2884 Ι
2897 2886 2918 2897 ⁸
2994 2868 3012 2884 ο
3325 2870 3338 2884 ο
3361 2887 3386 2900 ρ
3467 2899 3469 2902 Ι
3555 2869 3566 2882 ν

2194 2887 2209 2920 ι
2248 2886 2322 2921 ων
2345 2869 2823 2934 υποϐαλλεινοειν,
2841 2887 2914 2931 ως
2947 2868 3008 2923 Ει
3043 2886 3132 2938 μοι
3158 2869 3383 2932 ἑαυτου.⁵
3409 2870 3735 2939 ἐπιδωσητε,

2148 2959 2276 3021 τοὺς
2330 2957 2628 3027 λογισμοὺς
2672 2957 2830 3028 ὑμῶν
2876 2957 3113 3026 κοιμίσω
3159 2958 3601 3026 κυμαινομένους
3645 2957 3741 3009 καὶ

2151 3050 2392 3118 ξηρανῶ
2421 3050 2867 3121 πλημμυροῦσας
2910 3050 3011 3112 τὰς
3041 3050 3256 3120 ἡδονάς.
3289 3051 3400 3102 Καὶ
3434 3048 3609 3102 ταῦτα
3640 3052 3741 3118 μὲν

2149 3139 2319 3196 οὗτοι.
2356 3144 2437 3196 Τὰ
2468 3144 2524 3196 δὲ
2570 3143 2696 3197 καθ’
2733 3144 2877 3214 ὑμᾶς
2919 3161 2979 3197 τε
3015 3145 3106 3196 καὶ
3144 3143 3527 3206 Βαϐυλωνίους
3563 3143 3738 3195 πάντα

2154 3237 2388 3306 ποιήσω,
2435 3236 2591 3304 φησὶ,
2643 3237 2879 3306 διακόνῳ
2907 3238 3256 3307 χρησάμενος
3307 3237 3486 3307 ἀνδρὶ,
3536 3233 3598 3291 οὗ
3646 3237 3739 3289 καὶ

2151 3327 2392 3398 τοῦνομα
2415 3328 2668 3398 προλέγω
2687 3328 2888 3395 Κῦρον
2916 3328 3116 3390 καλῶν,
3142 3329 3200 3381 ὃν
3228 3331 3615 3400 προστήσομαι
3635 3329 3738 3382 τῶν

2153 3421 2301 3491 ἐμῶν
2345 3421 2727 3491 βουλευμάτων
2769 3421 3036 3485 διάκονον,
3089 3423 3390 3490 φρόνησιν
3443 3422 3598 3492 αὐτῷ
3643 3440 3740 3475 πα-

2158 3512 2376 3583 ρασχὼν
2412 3512 2634 3581 εὐσεϐῆ,
2683 3512 2759 3575 ὡς
2787 3514 2855 3566 τά
2885 3513 3028 3566 κατὰ
3069 3513 3392 3575 Βαϐυλῶνος
3439 3513 3735 3582 ἐπιγνῶναι

2153 3610 2427 3679 πρακτέα,
2445 3607 2540 3660 τοῦ
2562 3625 2621 3661 τε
2646 3608 2779 3662 λαοῦ
2797 3608 2897 3677 τὴν
2923 3610 3130 3675 ἄνεσιν,
3153 3610 3246 3661 καὶ
3268 3611 3365 3680 τῆς
3383 3610 3736 3680 Ἰερουσαλὴμ

2154 3703 2253 3754 σὺν
2287 3701 2364 3770 τῷ
2397 3701 2511 3770 ναῷ
2554 3704 2651 3771 τὴν
2685 3701 2991 3755 ἀνάκτισιν.
3039 3702 3097 3754 'O
3126 3703 3183 3755 δὲ
3216 3701 3520 3772 Σύμμαχος
3549 3703 3735 3766 esse».

2150 3809 2267 3844 κενο
2286 3793 2348 3844 '0
2377 3791 2568 3860 λέγων
2595 3794 2786 3861 Κύρῳ,
2822 3793 3053 3861 Ποιμήν
3069 3810 3209 3863 μου.
3243 3796 3350 3847 Καὶ
3379 3794 3566 3847 πάλινο
3598 3797 3660 3847 '0
3676 3794 3736 3847 δὲ

2149 3886 2298 3950 ναὸς
2345 3887 2870 3955 θεμελιωθήσεται.
2914 3889 3353 3959 Τελευτήσαντος
3401 3891 3514 3961 γάρ
3545 3892 3734 3958 Κύρου

2150 3980 2456 4033 κεκώλυται
2483 3980 2583 4049 μὲν
2612 3980 2676 4033 ἐκ
2701 3998 2862 4035 τινων
2896 3981 3199 4051 βασκανίας
3226 3985 3259 4054 ή
3283 3984 3394 4035 τῶν
3418 3983 3602 4051 ἔργων
3628 3985 3737 4036 ἐπί·

2149 4073 2296 4135 δοσις
2326 4073 2480 4143 παρὰ
2513 4073 2610 4126 τοῦ
2649 4073 2766 4142 μετ’
2816 4074 2979 4127 αὑτὸν
3013 4074 3435 4138 Βασιλεύσαντος
3476 4078 3574 4128 τοῦ
3613 4073 3731 4126 ναοῦ

2151 4166 2444 4234 θεμελίων
2465 4166 2555 4217 ἐπὶ
2575 4167 2770 4234 Κύρου
2797 4166 3212 4237 προκαταϐεϐλη
3223 4166 3422 4236 μένων,
3446 4167 3729 4237 ἐπληρώθη

2149 4257 2206 4310 δὲ
2236 4257 2374 4326 μετὰ
2401 4256 2578 4310 ταῦτα
2605 4255 2856 4327 βουλήσει
2895 4255 3051 4309 Θεοῦ.
3089 4258 3199 4310 Καὶ
3226 4257 3401 4309 ταῦτα
3441 4258 3732 4328 δεδήλωκεν

2149 4351 2182 4418 ή
2218 4350 2430 4420 Γραφή.
2465 4350 2574 4402 Καὶ
2591 4349 2853 4420 Ἰώσηπος
2877 4351 2933 4402 ἐν
2961 4357 3008 4402 α’
3035 4353 3059 4390 5
3089 4352 3183 4420 τῆς
3206 4352 3264 4404 Ἀ
3278 4352 3642 4422 ρχαιολογίας,
3664 4352 3733 4414 ὡς

2153 4442 2559 4512 ὲπιδειχθείσης
2606 4443 2762 4512 παρὰ
2812 4443 2920 4494 τῶν
2970 4442 3332 4512 αἰχμαλώτων
3385 4443 3484 4512 τῆς
3518 4444 3730 4495 Ἠσαίου

453 4531 560 4577 tur.
594 4522 734 4593 Cyro
789 4525 936 4579 enim
990 4537 1233 4588 mortuo,
1267 4531 1656 4584 nonnullorum
1721 4533 1950 4598 invidia,
1979 4535 2045 4590 ad

2157 4535 2496 4606 προφητείας
2526 4536 2602 4604 τῷ
2633 4534 2824 4604 Κύρῳ.
2849 4535 3021 4589 ταῦτά
3055 4552 3112 4587 τε
3158 4536 3341 4603 γνοὺς,
3376 4539 3469 4588 καὶ
3505 4537 3592 4588 ἐπ’
3621 4535 3729 4586 ὀνό-

449 4615 730 4682 sequentis
762 4617 906 4686 regis
932 4618 1244 4671 mandatum
1300 4622 1483 4688 ope-ris
1513 4623 1814 4693 interrupta
1855 4642 2042 4681 cess:i-

449 4706 527 4755 vit
554 4708 828 4773 promotio
852 4725 866 4772 ;
897 4724 1022 4761 cum
1058 4719 1268 4764 tantum
1293 4712 1430 4782 Cyro
1453 4718 1745 4784 superstite
1771 4718 1918 4786 jacta
1946 4736 2037 4774 es-

452 4804 570 4849 sent
601 4797 785 4865 templi
815 4799 1159 4868 futtdamenta
1186 4844 1197 4856 .
1233 4805 1338 4857 Sed
1366 4815 1448 4859 est
1471 4807 1654 4860 divina
1689 4811 1905 4864 tandem
1942 4826 2036 4863 vo.-

2155 4643 2326 4696 ματος
2373 4627 2565 4679 ἑαυτὸν
2605 4626 2946 4696 κεκλημένον
2991 4624 3168 4696 εὑρὼν
3199 4627 3303 4693 πρὸ
3332 4627 3466 4680 δέκα
3506 4628 3598 4679 καὶ
3626 4627 3728 4677 δια·

2151 4720 2351 4772 κοσίων
2376 4719 2533 4783 ἑτῶν,
2566 4720 2661 4772 σὺν
2691 4721 2861 4791 πολλῇ
2889 4719 3168 4792 προθυμίᾳ
3189 4720 3260 4772 τά
3291 4719 3725 4790 προστεταγμένα

2143 4814 2463 4882 πεποίηκεν.

452 4884 662 4940 luntate
688 4897 871 4956 postea
905 4891 1203 4949 perfectum
1239 4895 1679 4968 abSolutumque.
1719 4903 1897 4968 Atque
1927 4904 2037 4956 lucc
2079 4903 2193 4973 ipsa
2240 4903 2457 4970 quidem
2489 4912 2639 4968 sunt,
2672 4918 2793 4970 quze
2823 4902 3111 4974 Scriptura
3177 4905 3315 4974 ipsa,
3379 4920 3502 4974 qua:
3585 4903 3722 4958 Jose-

452 4979 594 5049 phus
617 4981 1215 5048 etiaminnuunt,cuni
1250 4986 1720 5059 isteAntiquitatis
1791 4995 2084 5048 undecimo
2156 4995 2357 5064 Cyrum
2427 4994 2524 5056 ait,
2563 5003 2917 5064 posteaquam
2981 4997 3143 5049 istam
3199 4997 3348 5051 Isaiae
3403 4998 3723 5064 pmphetiam

452 5073 556 5128 sibi
614 5089 642 5126 a
697 5076 931 5144 captivis
978 5078 1404 5135 demonstratam
1462 5085 1704 5155 legisset,
1763 5089 1876 5143 lucc
1930 5091 2044 5156 ipsa
2087 5091 2397 5159 agnovisse,
2427 5106 2684 5160 eumque,
2712 5093 2802 5160 qui
2830 5107 2927 5144 suo
2955 5109 3014 5145 se
3078 5094 3299 5147 nomine
3364 5102 3492 5147 ante
3543 5093 3725 5146 ducen—

453 5173 538 5220 tos
565 5175 618 5221 et
639 5167 825 5223 decem
852 5185 1027 5225 annos
1054 5186 1176 5226 esse
1207 5176 1538 5244 appellatum
1578 5181 1784 5236 videret
1837 5197 2031 5255 magna
2075 5185 2359 5239 alacritate
2387 5185 2652 5255 imperata
2687 5187 3027 5255 praestitisse.

1085 5265 1239 5322 CAP.
1282 5268 1444 5327 XLV.

524 5350 689 5408 Vsus.
717 5353 836 5408 1-8.
875 5354 964 5409 Sic
991 5357 1122 5410 dicit
1175 5359 1433 5416 Dominus
1485 5364 1623 5418 Deus
1661 5366 1873 5422 Christo
1928 5386 2041 5424 meo

453 5442 612 5515 Cyro,
645 5448 795 5516 cujus
827 5450 1149 5519 apprehendi
1173 5452 1466 5520 dexteram,
1506 5468 1562 5512 ut
1599 5461 1878 5531 subjiciam
1924 5475 2047 5516 ante

2742 5282 2991 5335 ΚΕΦΑᾹ.
3021 5282 3156 5335 ME’.

2223 5380 2337 5443 α-η’
2360 5413 2373 5426 .
2397 5374 2559 5426 Οὕτω
2595 5373 2756 5440 λέγει
2788 5376 3004 5441 Κύριος
3030 5377 3062 5427 o'
3095 5376 3241 5441 Θεὸς
3268 5373 3348 5438 τῷ
3375 5372 3595 5442 χριστῷ
3619 5387 3719 5440 μου

2151 5467 2339 5532 Κύρῳ,
2376 5461 2448 5521 οὗ
2484 5465 2789 5534 ἐκράτησα
2824 5465 2934 5534 τῆς
2982 5466 3207 5534 δεξιᾶς,
3257 5466 3591 5522 ἐπακοῦσαι
3637 5465 3720 5533 ἑμ-

525 5605 546 5636 ⁶
574 5604 719 5660 Psal.
757 5622 965 5669 xxvut,
998 5607 1051 5660 5.
1135 5609 1154 5640 ⁵
1196 5608 1342 5689 Psal.
1375 5628 1504 5680 xc”,
1540 5615 1592 5668 5.
1674 5617 1694 5646 ⁶
1727 5616 1961 5681 Nullum,
2006 5635 2043 5671 ιι

2232 5621 2249 5648 ⁷
2281 5619 2466 5684 .Iosue,
2511 5637 2594 5686 ιιι,
2646 5622 2668 5674 1
2707 5639 2858 5692 seqq.

1410 5703 1412 5705 ’
1771 5732 2001 5788 vitat/14:
2047 5735 2455 5792 LECTIONES.

535 5807 553 5848 ί
594 5828 680 5882 χρ.
712 5812 836 5884 τήν,
917 5816 940 5853 5
979 5833 1068 5886 ςιο.
1106 5819 1195 5867 ια’.
