3978 6374
207 385 336 448 2417

1333 395 1867 456 COMMENTARII
1909 398 1987 455 IN
2027 397 2310 458 ISAIAM.

3321 392 3464 457 2418

201 501 458 563 προσθεν-
489 498 682 552 αῠτοῦ
720 501 887 567 ἔθνη,
916 502 1018 554 καὶ
1061 503 1242 570 ἰσχὺν
1265 503 1581 566 ,βασιλέων
1612 506 1779 574 diap-

1899 506 2067 558 'acl'em
2096 506 2209 574 ejus
2230 516 2427 574 gentes,
2451 514 2499 558 et
2527 505 2660 557 vires
2691 519 2868 573 regum
2918 501 3186 570 frangam.
3216 501 3467 570 Aperiam

193 591 371 660 ῥήξω.
419 591 672 656 Ἀνοίξω
695 595 1039 662 ἔμπροσθε-ν
1069 596 1261 650 αὑτοῦ
1291 598 1497 665 θύρας,
1530 599 1630 652 καὶ
1665 601 1776 653 πό-

198 689 318 748 λεις
345 685 418 737 οὐ
455 685 1075 753 συγκλεισθήσονται,
1101 705 1153 740 κ.
1181 705 1232 742 τ.
1274 689 1326 742 λ.

268 778 364 829 Ὃν
394 778 490 829 καὶ
517 779 776 846 χριστὸν
820 779 997 844 καλεῖ,
1029 779 1172 834 οὕτω
1214 780 1343 855 παρ’
1385 781 1660 853 Ἑϐραίοις
1684 783 1776 836 λε-

202 869 443 938 γομένων
483 869 594 922 τῶν
643 871 747 924 ὑπὸ
783 871 918 924 Θεοῦ
970 874 1467 945 προχειρισθέντων
1503 877 1583 938 εἰς
1621 875 1777 944 βασι-

202 959 363 1012 λείαν.
437 960 634 1031 Ἐλαίῳ
697 962 804 1031 γὰρ
865 963 1050 1026 αὐτοῖς
1101 966 1151 1017 οἱ
1210 965 1453 1034 βασιλεῖς
1511 966 1778 1021 εἰώθεσαν

200 1054 469 1121 χρίεσθαι
518 1054 657 1122 πρὸς
688 1054 786 1124 τὴν
822 1056 1002 1126 ἀρχὴν
1039 1056 1452 1126 καθιστάμενοι.
1487 1059 1779 1130 Τροπικῶς

201 1143 250 1194 δὲ
282 1143 374 1194 καὶ
416 1146 544 1205 τοὺς
588 1145 774 1212 ἁγίους
807 1146 952 1200 οὕτω
991 1149 1217 1218 φησὶνή
1259 1150 1469 1220 Γραφή.
1523 1152 1781 1220 Χριστόν

202 1229 286 1288 οὖν
309 1235 476 1288 αὑτὸν
507 1238 786 1302 ἐκάλεσεν,
811 1239 887 1303 ὡς
923 1243 987 1294 ὲκ
1011 1241 1143 1294 Θεοῦ
1181 1243 1318 1312 πρὸς
1344 1243 1445 1314 τὴν
1475 1244 1650 1314 ἀρχὴν
1686 1263 1780 1298 κε-

203 1327 294 1395 κλη
305 1327 488 1395 μένον.
507 1329 595 1392 Ὠς
611 1330 665 1382 δὲ
688 1333 984 1396 τοιούτου,
1007 1350 1079 1403 φη
1089 1335 1194 1398 civ,
1214 1335 1620 1404 ἐπαγγέλλομαι
1639 1354 1782 1404 κρα-

204 1414 377 1479 τῆσαι
404 1416 518 1485 τῆς
542 1417 749 1483 δεξιᾶς
783 1422 920 1492 πρὸς
945 1423 1005 1474 τὸ
1039 1422 1113 1492 μὴ
1140 1425 1612 1494 παρατρέπεσθαι,
1643 1425 1781 1496 μηδὲ

204 1507 492 1576 νικηθῆναι
536 1511 690 1576 παρά
715 1528 858 1575 τινος
888 1513 1215 1581 κρείττονος.
1264 1515 1624 1587 Ἀντιλήψεως
1673 1518 1782 1588 γὰρ

205 1599 355 1652 τοῦτο
409 1605 654 1671 σημεῖον,
694 1603 840 1655 καθά
891 1621 1056 1673 φησιν
1091 1608 1149 1658 ἐν
1195 1607 1476 1677 Ψαλμοῖς⁹
1518 1627 1536 1659 ι
1585 1609 1782 1678 Ἐκρά-

206 1707 369 1759 τησας
417 1693 518 1761 τῆς
550 1692 730 1764 χειρὸς
758 1697 859 1765 τῆς
891 1695 1072 1760 δεξιᾶς
1119 1714 1244 1766 μου,
1287 1700 1381 1752 καὶ
1423 1701 1482 1752 ὲν
1511 1702 1578 1770 τῇ
1614 1699 1778 1771 βουλῇ

209 1796 296 1832 σου
327 1781 620 1852 ὠδήγησὰς
651 1801 740 1854 με.
774 1805 792 1836 ι
829 1785 899 1838 ’Υ
896 1785 1160 1852 πατάξας
1191 1788 1249 1840 δὲ
1295 1789 1584 1852 πλείστους
1609 1791 1778 1861 αὐτῷ,

1878 614 2060 651 eorum
2085 616 2144 652 eo
2167 608 2368 667 portas,
2392 608 2442 651 et
2471 597 2623 650 urbes
2655 611 2758 649 non
2789 595 3125 660 claudentur,
3150 605 3253 648 etc.

1949 785 2018 834 At
2052 779 2196 849 quod
2238 778 2512 832 Christum
2545 776 2858 846 appellant,
2903 774 2972 829 ad
3005 773 3358 830 Hebrmorum
3387 773 3470 828 lo-

1879 874 2082 944 quendi
2110 869 2566 926 consuetudinem
2601 870 2808 930 retulit,
2842 869 2936 939 qui
2979 869 3085 924 sibi
3143 869 3464 937 designatos

1881 983 1908 1017 a
1947 965 2054 1018 Deo
2110 979 2267 1033 reges
2324 964 2400 1017 ita
2435 961 2850 1031 nuncupabant.
2888 959 3023 1015 Oleo
3084 961 3354 1031 siquidem
3402 959 3473 1015 de

1881 1077 2032 1114 more
2064 1075 2159 1115 eos
2193 1059 2528 1126 inungebant,
2559 1058 2649 1126 qui
2688 1064 2873 1111 essent
2902 1055 2970 1111 ad
3002 1056 3152 1126 regni
3194 1055 3470 1126 guberna-

1881 1151 2002 1204 cula
2037 1149 2262 1204 admoti.
2294 1146 2550 1217 Figurate
2569 1162 2696 1200 vero
2722 1156 2775 1199 et
2826 1154 3048 1199 sanctos
3098 1146 3180 1199 sic
3237 1144 3472 1212 appellat

1883 1241 2188 1309 Scriptura.
2220 1240 2488 1296 Christum
2520 1240 2704 1308 itaque
2757 1253 2881 1291 eum
2931 1237 3170 1300 vocavit,
3213 1243 3472 1304 tanquam

1880 1337 1971 1402 qul
2002 1340 2147 1386 esset
2181 1345 2211 1384 a
2267 1330 2372 1386 Deo
2395 1331 2461 1384 ad
2505 1330 2792 1398 imperiunm
2841 1337 3093 1383 vocatus.
3123 1327 3281 1397 511
3338 1325 3476 1380 Cum

1884 1426 2005 1479 talis
2027 1431 2206 1478 autem
2239 1423 2328 1486 sit,
2362 1421 2561 1491 inquit,
2595 1419 2831 1490 ejusdem
2889 1436 2969 1472 me
2997 1419 3297 1481 dexteram,
3337 1434 3408 1472 ne
3441 1432 3473 1472 a

1883 1529 2157 1586 quoquam
2183 1521 2482 1577 avertatur,
2516 1519 2610 1564 aut
2642 1511 2935 1578 potentiori
2998 1509 3344 1572 succumbat,
3377 1524 3476 1576 ap-

1881 1604 2213 1674 prchendisse
2247 1603 2526 1673 profiteor.
2557 1601 2669 1658 Hoc
2707 1603 2851 1656 enim
2885 1602 3221 1657 defensionis
3253 1602 3470 1669 signum

1883 1708 1987 1758 est,
2016 1699 2156 1752 sicut
2186 1698 2276 1750 illo
2304 1696 2603 1763 iudicatur,
2635 1695 2782 1764 quod
2842 1695 2899 1748 in
2927 1693 3163 1748 Psalmis
3219 1694 3423 1764 legitur
3457 1713 3470 1748 :

1889 1790 2177 1845 «Tenuisti
2219 1804 2440 1842 manum
2502 1787 2783 1842 dexteram
2833 1801 3031 1850 meam,
3072 1795 3127 1840 et
3181 1785 3235 1838 in
3289 1785 3472 1838 consi-

208 1872 381 1926 πᾶσαν
420 1872 718 1942 διαρῤἠξω
766 1877 864 1946 τὴν
898 1879 954 1928 ὲν
984 1880 1097 1940 τοῖς
1136 1877 1344 1942 λοιποῖς
1384 1880 1566 1934 ἔθνεσι
1596 1881 1779 1936 δυνα-

1905 1885 1956 1937 ἰο
2012 1893 2103 1937 ιιιο
2158 1880 2432 1935 deduxisti
2494 1895 2581 1933 me
2623 1880 2666 1932 ⁸.
2700 1897 2720 1932 ι
2775 1879 2910 1932 Cum
2970 1886 3153 1932 autem
3206 1877 3495 1948 plurimos.

205 1965 435 2030 are/ar,
467 1965 618 2018 οὐδὲν
639 1966 838 2020 ἄϐατον
865 1969 1035 2032 ἐάσας
1057 1969 1226 2039 αὐτῷ,
1269 1971 1388 2024 καθ’
1423 1966 1499 2026 ὧν
1527 1973 1593 2026 ἂν
1619 1974 1777 2048 ἐθέλῃ

207 2056 426 2121 χωρεῖν.
477 2055 638 2108 Ἀλλὰ
664 2056 767 2109 κᾶν
877 2075 928 2111 τι
963 2059 1186 2113 δυνατὸν
1227 2063 1500 2132 ἐμποδὼν,
1537 2063 1614 2127 ὡς
1641 2064 1781 2133 ὄρος

207 2147 507 2215 γινόμενον,
536 2148 638 2202 κᾶν
674 2152 889 2223 ἰσχυρὸν
917 2154 992 2216 ὡς
1026 2155 1254 2222 χαλκὸς
1286 2152 1340 2227 ᾗ,
1379 2157 1472 2210 καὶ
1504 2157 1778 2225 σίδηρος,

209 2239 382 2293 πάντα
434 2243 757 2296 ταπεινώσω
801 2245 895 2298 καὶ
916 2245 1083 2310 λύσω,
1137 2247 1214 2310 ὼς
1255 2249 1390 2318 μηδὲ
1433 2250 1779 2318 θησαυροὺς

208 2331 500 2398 ἀοράτους
528 2337 638 2398 τοῖς
677 2338 807 2406 πρὶν
840 2338 1118 2407 βασιλεῦσι
1138 2339 1326 2394 τοῦτον
1351 2341 1644 2398 διαλαθεῖν.

1883 1974 2060 2030 eidem
2116 1971 2404 2041 subjecero,
2437 1969 2610 2035 addit,
2651 1984 2868 2023 omnem
2923 1968 3187 2037 deinceps
3243 1965 3482 2034 reliqua.

1885 2084 2005 2121 rum
2055 2069 2297 2138 gentium
2336 2066 2627 2134 potentiam
2680 2065 2948 2134 frangant,
3007 2077 3184 2128 neque
3232 2061 3280 2115 ei
3326 2058 3480 2129 quid-

1885 2173 2070 2228 quam,
2102 2172 2212 2226 quo
2261 2171 2487 2226 pergere
2513 2155 2763 2219 voluerit,
2795 2171 2902 2209 non
2952 2154 3198 2223 pervium
3232 2150 3478 2206 ellieiam.

1887 2249 2026 2310 lmo,
2089 2249 2134 2302 si
2172 2248 2470 2318 quidquam
2531 2247 2810 2316 potentius
2862 2246 3157 2309 obstiterit,
3194 2250 3249 2297 et
3290 2244 3482 2294 montis

1886 2339 2063 2394 instar
2088 2341 2143 2393 in
2208 2353 2333 2393 eum
2391 2339 2692 2404 attollatur,
2749 2336 2966 2391 etiamsi
3026 2351 3129 2389 (rre
3196 2342 3290 2386 aut
3343 2334 3483 2402 ferro

208 2424 438 2478 validius
493 2426 585 2488 sit,
611 2428 740 2482 illud
783 2430 1038 2499 dejiciam
1082 2441 1262 2490 tamen
1295 2447 1354 2492 et
1391 2435 1662 2508 frangam,
1698 2445 1876 2505 neque
1907 2431 2240 2496 reconditos,
2271 2430 2656 2502 prioribusque
2712 2428 2934 2497 regibus
2972 2427 3176 2496 ignotos
3209 2423 3479 2477 thesauros

210 2531 331 2568 eum
373 2517 543 2571 latere
576 2519 775 2586 patiar.

277 2608 436 2672 Τινὲς
469 2611 526 2662 δὲ
555 2613 898 2680 θησαυρούς
933 2633 1066 2684 φασι
1094 2619 1222 2682 τοὺς
1264 2620 1379 2672 ὅσοι
1407 2621 1504 2675 καὶ
1545 2605 1778 2690 μάλιστα

211 2700 427 2753 δυνατοὶ
459 2703 614 2774 παρὰ
649 2706 749 2774 τὴν
782 2705 970 2775 ἔφοδον
998 2712 1197 2779 Κύρου
1225 2711 1513 2781 σπηλαίοις
1540 2713 1780 2780 ἐγκατα-

1941 2609 2199 2666 Nonnulli
2246 2623 2343 2678 per
2401 2607 2714 2669 thesauros,
2761 2618 2858 2660 eos
2913 2605 3065 2657 innul
3121 2601 3484 2664 arbitrantur.
3548 2596 3549 2599 “

1877 2702 1968 2773 qui
2002 2699 2084 2754 vel
2109 2699 2345 2753 maxime
2367 2706 2636 2766 potentes,
2667 2693 2808 2764 Cyro
2837 2708 2964 2746 cum
2986 2691 3232 2748 exercitu
3283 2690 3488 2746 adven-

216 2793 396 2857 δύντες
429 2795 737 2851 ἐλάνθανον.
771 2801 835 2852 Ὃ
865 2801 928 2871 δὴ
958 2801 1163 2871 μαθὼν,
1198 2803 1361 2872 δᾷδας
1390 2802 1637 2868 ἐξάπτων
1659 2806 1786 2867 τοὺς

1899 2800 2054 2857 ante,
2086 2791 2140 2845 in
2175 2789 2452 2859 speluncis
2509 2802 2631 2841 sese
2665 2784 3112 2850 abdiderunt;in
3178 2783 3382 2852 quibus
3431 2793 3488 2836 et

217 2885 411 2953 ἄνδρας
465 2887 807 2958 ἀνεύρισκεν.
864 2891 1038 2945 Γνῶθι
1081 2893 1140 2946 δὲ
1180 2894 1210 2934 ιι
1255 2894 1461 2948 τούτων
1513 2895 1789 2965 ἐσομένων

217 2975 382 3043 ὅστις
419 2981 561 3048 εἰμὶ,
589 2983 617 3034 ὁ
653 2983 759 3054 πρὸ
785 2983 1054 3038 τοσούτων
1079 2985 1285 3055 χρόνων
1311 2987 1428 3053 τὴν
1454 2986 1581 3055 σὴν
1605 3001 1790 3054 προσ·

215 3071 464 3138 "raptem
505 3071 710 3129 εἰπών.
755 3075 891 3144 Εἰμὶ
937 3077 1047 3148 γὰρ
1094 3080 1240 3144 Θεὸς
1305 3079 1566 3146 Ἰσραὴλ,
1608 3079 1667 3132 ὃν
1714 3079 1789 3150 μὴ

212 3161 438 3228 ἀγνόει.
467 3162 547 3214 Δι’
587 3164 748 3217 αὑτὸν
780 3167 888 3237 γάρ
933 3184 1014 3220 σοι
1048 3168 1318 3238 τοσαύτην
1354 3168 1674 3222 δυναστείαν
1703 3169 1792 3222 δε-

1885 2886 2011 2957 ipsi,
2039 2900 2163 2939 cum
2190 2897 2372 2951 regem
2419 2882 2591 2935 latere
2617 2895 2724 2933 non
2763 2879 3097 2948 potuissent,
3129 2874 3344 2931 facibus
3386 2889 3482 2956 ace

1895 2975 2076 3030 censis
2103 2971 2316 3044 (ιιιωεὶιί
2366 2971 2678 3042 repertique
2699 2979 2846 3025 sunt.
2889 2969 3048 3024 Disce
3089 2983 3219 3023 vero
3239 3007 3254 3031 ,
3282 2967 3484 3038 inquit.

1895 3087 1965 3128 ex
1995 3067 2117 3122 istis
2146 3065 2311 3119 rebus
2336 3063 2534 3117 futuris
2564 3065 2810 3131 quisnam
2848 3061 2961 3130 ipse
2989 3061 3090 3113 sim
3115 3077 3134 3124 ;
3168 3061 3260 3130 qui
3291 3069 3343 3114 te
3377 3069 3488 3114 tam

1897 3163 2061 3229 longo
2100 3167 2225 3210 ante
2251 3155 2519 3222 temporis
2547 3150 2834 3204 intervallo
2856 3159 2946 3202 tuo
2968 3152 3180 3203 nomine
3210 3164 3489 3204 nuncupa-

211 3226 494 3324 δώρημαι.
537 3254 709 3324 Ἐμὸς
743 3226 1022 3329 γαρεστιν
1055 3261 1120 3312 ἐκ
1149 3226 1369 3313 πάντων
1394 3260 1662 3330 ἐκλεγεὶς
1689 3260 1791 3313 τῶν

1900 3226 2020 3306 τὶιη.
2053 3249 2166 3319 Ego
2191 3247 2335 3302 enim
2359 3260 2476 3298 sum
2528 3242 2673 3297 Deus
2708 3241 2906 3308 Israel,
2933 3257 3094 3311 quem
3162 3250 3213 3296 te
3264 3241 3490 3295 minime

215 3345 388 3400 ὲθνῶν
427 3349 496 3416 τῇ
549 3348 688 3418 πρὸς
731 3349 858 3412 τοὺς
907 3348 1087 3404 αὐτῶν
1122 3350 1370 3422 πατέρας
1409 3354 1565 3422 τιμῇ.
1609 3353 1700 3405 Διό
1726 3367 1799 3405 σε

218 3440 660 3512 προσεδεξάμην,
709 3441 785 3505 ὡς
833 3443 1073 3512 ἐμαυτοῦ
1130 3445 1352 3510 οἰκεῖον,
1419 3444 1621 3515 καίπερ
1689 3446 1800 3496 οὐκ

216 3533 523 3602 ἐγνωκότα
537 3537 723 3606 μεντῇ
752 3534 808 3587 δὲ
822 3536 888 3588 ὲκ
913 3535 1169 3607 πατέρων
1199 3536 1610 3607 είδωλολατρείᾳ
1630 3552 1799 3604 προσ-

219 3625 500 3694 κείμενον.
550 3625 637 3688 Ὠς
664 3626 732 3679 ἂν
773 3626 850 3696 μὴ
890 3625 1054 3697 δοκῇς
1088 3623 1472 3696 προλαὸούσης
1520 3624 1800 3686 εὐσεϐείας

217 3717 361 3790 γέρα
406 3734 492 3769 σοι
517 3717 691 3770 ταῦτα
718 3717 986 3772 δεδόσθαι.
1031 3717 1169 3770 Ἀλλ’
1213 3719 1262 3770 εἰ
1306 3718 1401 3770 καὶ
1432 3717 1506 3785 μὴ
1536 3715 1800 3785 πρότερον

216 3808 415 3877 ἔγνως,
447 3809 531 3860 ὅτι
555 3808 748 3877 μόνος
775 3809 890 3877 εἰμὶ
924 3808 1078 3872 Θεὸς,
1114 3807 1256 3878 μάθε
1288 3807 1340 3876 γ’
1370 3807 1462 3862 οὖν
1496 3806 1554 3870 ἐξ
1584 3800 1657 3860 ὧν
1684 3807 1800 3858 δια-

215 3900 529 3966 πράξομαι,
560 3900 628 3953 δι’
652 3893 728 3952 ὧν
757 3902 956 3964 πάντες
985 3901 1224 3954 εἴσονται
1258 3901 1410 3955 Θεὸν
1439 3896 1591 3954 εἶναι
1609 3902 1803 3968 μόνον

214 3993 346 4062 ἐμὲ,
377 3995 474 4047 καὶ
503 3993 568 4046 δι’
615 3993 958 4063 ἀλλοφύλων,
996 3994 1090 4048 καὶ
1135 3994 1236 4062 τῆς
1282 3994 1421 4063 ἐμῆς
1469 3992 1635 4057 ξένων
1664 3991 1801 4062 θρη-

219 4086 433 4148 σκείας,
463 4085 534 4138 τὰ
569 4085 830 4138 δοκοῦντα
858 4085 1347 4158 διαπραττόμενον.
1374 4085 1484 4137 Καὶ
1517 4084 1583 4137 δι’
1603 4077 1678 4137 ὧν
1709 4084 1802 4137 τὸν

219 4178 355 4247 ὲμδν
399 4178 554 4241 λαὸν,
591 4180 760 4247 ἡνίκα
807 4180 904 4248 μὲν
950 4178 1200 4241 παιδείας
1242 4173 1309 4248 ἦν
1356 4178 1568 4246 καιρὸς,
1611 4175 1801 4248 ῶσπερ

219 4268 373 4338 ὀργῇ
399 4271 496 4323 καὶ
525 4271 728 4335 σκότῳ
756 4271 844 4322 διὰ
874 4271 974 4336 τῆς
1004 4269 1254 4332 παιδείας
1296 4271 1598 4338 κατήφειαν
1656 4285 1800 4338 παρ-

220 4360 422 4414 έδωκα.
472 4360 670 4413 Ἠνίκα
705 4360 763 4412 δὲ
789 4360 984 4422 σώζειν
1017 4360 1122 4412 ἔδει
1153 4359 1515 4429 διορθωθέντα
1551 4359 1678 4428 φῶς
1707 4360 1801 4412 καὶ

218 4451 475 4520 είρήνην
501 4452 588 4503 ἐπ’
621 4452 786 4504 αὐτὸν
817 4451 1097 4504 ἀνατεῖλαι
1144 4450 1443 4519 πεποίηκα,
1479 4451 1566 4503 διὰ
1607 4453 1705 4520 τὴν
1737 4453 1801 4503 ὲκ

1899 3345 2023 3399 ideo
2051 3343 2208 3396 decet
2242 3340 2514 3409 ignorare,
2552 3333 2695 3406 quod
2749 3345 2968 3405 propter
3019 3335 3224 3404 ipsum,
3280 3341 3488 3386 tantam

1900 3438 1995 3492 tibi
2023 3433 2319 3505 potentiam
2348 3431 2577 3500 largitus
2608 3444 2749 3483 sum.
2783 3428 2875 3483 Est
2901 3429 3046 3482 enim
3077 3428 3171 3482 ille
3195 3426 3325 3496 mihi
3347 3441 3486 3480 cun-

1900 3531 2004 3584 ctis
2030 3545 2061 3583 e
2084 3526 2340 3598 gentibus
2373 3533 2593 3593 patrum
2627 3537 2861 3584 suorum
2894 3519 3063 3589 gloria
3092 3528 3146 3573 et
3208 3534 3486 3572 commen-

1901 3623 2124 3677 datione
2155 3619 2399 3674 selectus.
2427 3615 2556 3670 Inde
2582 3629 2682 3685 ego
2709 3621 2763 3667 te
2794 3613 2960 3667 veluti
2999 3611 3317 3665 familiarem
3355 3609 3488 3664 mibi

1903 3728 2026 3769 cum
2058 3712 2162 3767 mei
2200 3711 2359 3780 plane
2393 3709 2609 3777 ignarus
2655 3721 2796 3759 esses
2829 3713 2883 3757 et
2949 3705 3107 3757 avita:
3164 3703 3492 3756 idololatrias

1903 3815 2157 3868 sectator,
2187 3800 2460 3868 assumpsi
2488 3815 2502 3863 ;
2528 3813 2596 3850 ne
2628 3803 2734 3848 tua:
2769 3795 2874 3849 ista
2901 3794 3145 3863 pristina:
3182 3792 3371 3861 pietati
3403 3790 3492 3844 de-

1900 3873 2014 3951 bita
2043 3893 2266 3964 rependi
2300 3886 2758 3960 putares.Verum
2790 3887 3140 3953 quantumvis
3167 3894 3219 3937 tu
3244 3899 3322 3936 me
3352 3899 3493 3936 non-

1903 3989 2030 4042 dum
2056 3986 2229 4041 solum
2249 3999 2360 4038 esse
2393 3982 2563 4036 Deum
2609 3979 2912 4044 didiceris;
2949 3980 3033 4031 vel
3063 3992 3130 4031 ex
3182 3978 3265 4032 his
3323 3987 3492 4040 certe,

1903 4093 2025 4148 quas
2094 4083 2348 4146 gesturus
2396 4088 2519 4128 sum
2572 4071 2669 4124 tibi
2716 4069 3000 4139 patuerit;
3051 4067 3251 4136 quibus
3302 4082 3511 4121 omnes.

1902 4184 2066 4224 unum
2089 4183 2170 4220 me
2191 4181 2323 4226 esse.
2345 4177 2549 4234 perque
2565 4171 2804 4224 exteros,
2823 4171 2878 4214 et
2906 4175 2937 4213 a
2969 4175 3088 4213 meo
3113 4159 3259 4212 cultu
3285 4159 3495 4215 alienos

1903 4276 2024 4332 qua:
2063 4260 2222 4313 libuit
2261 4257 2496 4320 edicere,
2527 4254 2790 4309 credituri
2819 4261 2945 4308 sunt
2972 4269 2986 4318 ;
3015 4252 3108 4320 qui
3141 4266 3237 4320 per
3268 4249 3508 4305 eosdem.

1902 4352 2064 4406 etiam
2097 4349 2359 4419 populum
2391 4361 2595 4408 meum,
2629 4343 2850 4413 quando
2895 4355 3034 4412 opus
3065 4340 3189 4405 fuit,
3239 4351 3498 4410 tanquam

1904 4445 1998 4498 irae
2057 4450 2112 4497 et
2165 4440 2416 4505 tenebris,
2472 4445 2698 4508 propter
2747 4434 3112 4506 correptionis
3167 4434 3498 4500 molestiam,

219 4543 324 4611 τῆς
362 4543 614 4612 ἀφέσεως
649 4543 759 4595 τῶν
795 4543 1012 4612 δεσμῶν
1040 4540 1402 4612 εὐφροσύνην.
1434 4543 1544 4595 Καὶ
1581 4541 1690 4610 γὰρ
1719 4543 1791 4593 εἰ.

1904 4533 2271 4590 tradiderim:
2326 4546 2452 4585 cum
2499 4539 2680 4583 autem
2733 4535 2881 4582 recte
2952 4532 3202 4596 agentem
3279 4541 3499 4580 servare

1924 4626 1938 4636 .
2053 4625 2085 4636 .-
2145 4625 2155 4634 .
2371 4622 2381 4636 .
2814 4617 3014 4636 -_.__._
3061 4616 3327 4636 manu-
3365 4616 3466 4636 ._..=

213 4631 416 4698 ρήνης
448 4632 566 4700 εἰμὶ
617 4632 711 4683 καὶ
761 4631 955 4699 φωτὸς
1008 4632 1266 4700 χορηγὸς,
1307 4631 1568 4696 σκότους
1613 4647 1672 4681 τε
1706 4632 1801 4682 καὶ

220 4721 331 4774 τῶν
362 4721 646 4790 λυπηρῶν,
676 4721 712 4774 ὃ.
733 4722 796 4793 δὴ
825 4723 1008 4776 καλεῖν
1038 4721 1186 4774 κακὰ
1213 4721 1366 4789 φίλον
1393 4722 1510 4774 ἐστὶ
1534 4723 1647 4783 τοῖς
1673 4721 1802 4773 πολ-

223 4812 360 4877 λοῖς,
391 4807 468 4867 ὧν
501 4814 612 4882 ἐγὼ
638 4815 867 4882 ποιητὴς
908 4813 1044 4883 πρὸς
1073 4813 1170 4882 τὴν
1192 4813 1350 4878 ἀξίαν
1380 4814 1518 4866 αὐτὰ
1547 4813 1799 4884 χορηγῶν

225 4906 314 4958 ἐπ’
348 4905 588 4976 ὠφελείᾳ
613 4906 722 4958 τῶν
755 4906 1080 4976 δεχομένων.

1907 4625 2112 4691 decuit,
2145 4625 2200 4678 in
2225 4622 2473 4677 eumdem
2531 4627 2755 4689 propter
2809 4617 3019 4686 adepta:
3060 4616 3330 4670 libertatis
3365 4616 3501 4668 lacti-

1906 4723 2062 4786 tiam,
2097 4719 2266 4772 lucem
2321 4725 2369 4770 et
2397 4731 2576 4784 pacem
2631 4711 2835 4767 exoriri
2871 4711 3117 4766 fecerim.
3170 4709 3302 4764 Sum
3345 4710 3492 4763 enim

1904 4812 2051 4880 pacis
2083 4809 2310 4878 largitor
2342 4816 2391 4861 et
2427 4806 2558 4858 lucis
2585 4822 2603 4868 ;
2652 4803 2988 4857 tenebrarum
3019 4801 3240 4862 deinde,
3294 4810 3347 4853 et
3403 4815 3498 4851 eo-

1907 4920 2050 4968 rum,
2092 4901 2254 4971 512
2280 4913 2401 4970 qua:
2430 4897 2672 4952 dolorem
2700 4892 2978 4953 adferunt,
3003 4907 3124 4961 qua:
3162 4891 3323 4959 vulgo
3358 4889 3503 4942 mala

227 5000 407 5054 solent
431 4975 728 5069 appellari;
757 4975 988 5068 quorum
1025 5015 1126 5069 ego
1157 5015 1254 5069 pro
1300 5000 1475 5054 meriti
1537 5000 1805 5069 cujusque
1845 5000 2082 5064 ratione,
2107 4997 2163 5050 in
2192 5009 2379 5050 eorum
2400 4993 2767 5053 commodum,
2823 4975 2932 5058 qui
3003 4987 3132 5040 talia
3196 4985 3515 5055 patiuntur..

227 5090 452 5146 el'l'ector
480 5103 536 5148 et
564 5101 757 5145 auctor
793 5096 908 5162 ipse
928 5109 1070 5148 smn.

302 5183 460 5247 Τινὲς
501 5183 560 5237 δὲ
592 5184 718 5253 φῶς
761 5186 857 5238 καὶ
901 5187 1143 5253 σκότος,
1183 5188 1395 5259 ἡμέραν
1433 5190 1689 5258 εἰρήκασι
1718 5192 1812 5242 καὶ

231 5274 427 5330 νύκτα.
451 5277 516 5330 Οἳ
539 5279 634 5330 καὶ
658 5278 804 5331 κακὰ
826 5278 896 5332 τὰ
924 5281 1287 5351 ἐπενεχθέντα
1313 5284 1425 5344 τοῖς
1454 5280 1812 5344 Βαϐυλωνίοις

233 5367 392 5430 φασὶ,
422 5365 492 5418 δι’
520 5367 586 5435 ἢν
622 5367 967 5434 ἐπεδείξαντο
989 5372 1130 5423 κατὰ
1161 5370 1270 5423 τῶν
1305 5370 1367 5444 έξ
1415 5369 1629 5441 Ἰσραὴλ
1671 5370 1814 5441 ἡλω-

233 5455 411 5509 κὸτων
445 5458 731 5526 ὡμότητα,
763 5459 838 5523 ὡς
875 5461 966 5515 διὰ
993 5463 1264 5534 Ζαχαρίου
1301 5463 1394 5518 τὸν
1427 5461 1561 5516 Θεὸν
1599 5463 1814 5534 εἰρηκέ-

302 5635 326 5667 ⁸
364 5633 516 5692 Psal.
550 5653 720 5706 Lxxu,
744 5639 837 5694 94.

1993 5184 2112 5240 Non
2140 5183 2339 5237 desunt
2367 5187 2574 5241 tamen,
2605 5175 2701 5243 qui
2728 5173 2862 5226 lucis
2893 5178 2946 5225 et
2973 5168 3306 5224 tenebrarum
3323 5167 3502 5220 nomi-

1923 5295 2012 5345 ne,
2045 5278 2188 5331 diem
2219 5280 2274 5328 et
2308 5280 2523 5324 noctem
2548 5273 2740 5336 putent
2763 5263 3084 5333 signiﬁcari,
3111 5275 3284 5330 eaque
3305 5261 3519 5314 damna.

1919 5373 2106 5433 etiam,
2141 5381 2263 5436 quae
2291 5360 2577 5434 Babylonii
2619 5357 2930 5429 patiuntur,
2964 5354 3089 5408 ideo
3119 5351 3331 5415 inferri,
3358 5353 3518 5423 ιμιςιιι.

1922 5464 1978 5516 in
2010 5461 2259 5529 captivos
2295 5454 2578 5512 lsraelitas
2611 5450 2842 5506 nimium
2873 5462 2929 5504 se
2961 5444 3257 5500 crudeliter
3313 5456 3519 5516 gesse..

1565 5735 1798 5792 VARle
1853 5732 2261 5791 LECTIONES.

344 5825 371 5865 ίι
397 5826 484 5881 τσ.
519 5826 679 5879 λείπ.
720 5827 802 5880 ἐκ.
