3978 6374
548 335 690 401 9419

1886 346 2232 406 PROCOPII
2269 348 2513 408 GAZJSI

3650 353 3770 420 24220

547 456 711 521 rint;
775 459 920 511 sicut
965 467 1051 513 est
1103 473 1132 511 a
1188 457 1297 512 Deo
1345 474 1444 528 per
1494 459 1810 515 Zachariam
1873 465 1927 517 in
1988 462 2137 517 hunc

2240 482 2361 519 ναι·
2421 487 2439 518 ι
2490 467 2772 538 Ἐζήλωκα
2815 467 2914 538 τὴν
2969 465 3329 535 Ἰερουσαλὴμ
3385 466 3478 519 καὶ
3521 468 3613 537 τὴν
3658 472 3772 526 Σιὼν»

547 551 766 605 modum
800 550 1166 622 signiﬁcatum
1195 569 1209 605 :
1253 570 1269 602 ι
1309 550 1530 608 Zelatus
1553 569 1674 608 sum
1712 554 2044 621 Jerusalem,
2076 563 2133 611 et

548 635 679 693 Sion
722 640 840 694 zelo
874 655 1102 710 magno,
1130 649 1184 695 et
1208 641 1288 694 ira
1330 657 1524 712 magna
1556 645 1771 699 irascor
1818 646 1874 699 in
1921 656 2132 715 gentes,

540 744 663 797 qua:
695 743 790 784 eas
816 729 1153 785 invaserunt.
1214 730 1352 797 Quia
1384 749 1486 801 ego
1535 736 1709 791 iratus
1750 752 1870 790 sum
1904 752 2130 806 parum;

543 823 673 893 ipsa;
707 832 891 876 autem
929 822 994 877 ad
1026 824 1166 878 mala
1199 823 1518 893 adjecerunt
1545 828 1588 882 ’.
1631 846 1649 879 ι
1680 827 1821 894 Quin
1849 839 1904 883 et
1958 829 2134 899 Baby-

542 914 720 969 lonem
755 915 807 969 in
840 916 986 970 hunc
1019 918 1240 970 modum
1288 917 1585 986 alloquitur
1621 935 1636 972 :
1671 938 1690 970 ι
1734 919 1846 989 Ego
1881 919 2008 975 dedi
2040 936 2135 976 eos

538 1006 594 1063 in
652 1022 850 1061 manus
904 1016 1068 1073 tuas;
1123 1016 1182 1061 tu
1231 1018 1413 1062 autem
1446 1010 1525 1062 eis
1558 1010 1992 1066 misericordiam
2021 1028 2132 1066 nou

539 1096 735 1151 dedisti
763 1097 827 1151 ‘°.
867 1117 886 1150 ι
918 1098 1051 1153 lude
1091 1099 1260 1170 igitur
1297 1107 1351 1154 et
1379 1098 1630 1155 Jeremiae
1662 1117 1794 1155 voce
1822 1104 1896 1157 ita
1924 1101 2130 1173 Cyrum

539 1187 886 1257 alloquitur:
927 1190 1179 1246 Ascende
1216 1190 1284 1244 ad
1336 1191 1537 1260 ipsam,
1598 1201 1652 1247 et
1705 1193 2018 1250 habitantes
2076 1195 2133 1249 in

538 1295 624 1334 ea.
662 1278 939 1336 Ulciscere
969 1282 1172 1351 gladio,
1195 1292 1251 1337 et
1300 1282 1489 1353 perde,
1537 1284 1672 1338 dicit
1731 1283 2039 1353 Dominus;
2082 1297 2136 1341 et

541 1369 627 1423 lac
667 1371 972 1425 secundmn
1028 1372 1237 1435 omnia,
1289 1389 1412 1442 qua:
1464 1375 1724 1443 praecipio
1776 1376 1981 1442 tibi“;
2028 1397 2046 1429 ι
2081 1382 2136 1433 et

541 1479 763 1517 rursum
801 1481 814 1517 :
854 1482 873 1515 ι
905 1466 1131 1533 Aperuit
1172 1464 1437 1521 Dominus
1465 1466 1782 1521 thesaurum
1845 1484 2029 1537 suum,
2083 1476 2136 1524 et

543 1558 772 1625 protulit
804 1572 932 1612 vasa
975 1558 1072 1612 ira
1108 1575 1262 1625 suae;
1296 1561 1425 1629 quia
1455 1576 1595 1631 opus
1649 1575 1736 1617 est
1789 1562 2019 1618 Domino
2080 1566 2134 1620 iu

541 1660 686 1704 terra
746 1651 1173 1717 Chaldaeorum;
1230 1653 1493 1722 quoniam
1559 1664 1823 1709 venerunt
1885 1663 2135 1725 tempora

538 1742 679 1809 ejus.
735 1744 961 1810 Aperite
1021 1746 1317 1814 apothecas
1371 1746 1511 1815 ejus,
1568 1748 1934 1815 pervestigate
1984 1762 2129 1812 eam,

2239 558 2402 629 ζῆλον
2436 561 2633 630 μέγαν,
2684 560 2780 613 καὶ
2824 558 2983 630 θυμῷ
3024 557 3243 629 μεγάλῳ
3281 557 3568 627 ὀργίξομαι
3615 561 3695 611 ἐπὶ
3718 568 3773 618 τὶ

2236 654 2362 723 ἔθνη
2393 653 2463 706 τά
2496 653 2974 724 συνεπιτιθέμενα,
3002 651 3118 706 ἀνθ’
3148 644 3224 704 ὧν
3249 649 3363 719 ἐγὼ
3408 650 3505 720 μὲν
3533 651 3773 725 ὠργίσθην

2236 746 2415 815 ὀλίγα.
2446 746 2610 799 Αὐτοὶ
2655 746 2714 799 δὲ
2761 744 3116 799 συνεπέθεντο
3148 745 3228 805 εἰς
3271 742 3443 796 κακά.
3482 761 3501 793 ι
3537 743 3640 796 Καὶ
3663 749 3774 814 πρὸς

2237 838 2405 908 αὐτὴν
2439 837 2496 891 δὲ
2542 836 2835 891 Βαϐυλῶνά
2875 850 3072 905 φησιν’
3113 853 3131 886 ι
3176 834 3320 901 Ἐγὼ
3363 833 3568 886 δέδωκα
3609 836 3775 903 αὐτοὺς

2237 927 2319 991 εἰς
2341 927 2441 990 τὰς
2465 926 2654 998 χεῖράς
2683 944 2800 981 σου.
2833 927 2905 979 Σὺ
2930 926 2989 978 δὲ
3012 926 3115 978 οὐκ
3143 924 3350 987 ἔδωκας
3373 925 3552 986 αὐτοῖς
3579 925 3729 989 ἕλεος.
3756 950 3771 982 ι

2236 1020 2314 1072 Δι’
2347 1021 2485 1090 ὅπερ
2513 1019 2617 1087 ἔφη
2640 1018 2728 1071 διὰ
2767 1018 3032 1088 Ἰερεμίου
3063 1034 3140 1086 τῳ
3160 1015 3362 1086 Κόρην
3396 1033 3416 1066 ι
3446 1016 3684 1087 Ἐπίϐηθι
3707 1021 3776 1074 ἐπ’

2237 1112 2428 1181 αὐτὴν,
2466 1110 2563 1163 καὶ
2608 1111 2705 1163 ἐπὶ
2731 1111 2858 1172 τοὺς
2902 1107 3296 1169 κατοικοῦντας
3326 1108 3386 1159 ὲν
3435 1109 3591 1177 αὐτῇ.
3629 1111 3777 1164 Ἐκδί-

2237 1219 2406 1270 κησον
2433 1202 2712 1273 μάχαιραν
2733 1203 2826 1254 καὶ
2863 1200 3173 1270 ἀφανισμὸν
3210 1201 3254 1262 ί,
3274 1199 3428 1267 λέγει
3460 1198 3676 1268 Κύριος,
3703 1206 3777 1256 καὶ

2237 1294 2385 1345 ποίει
2423 1295 2564 1347 κατά
2602 1293 2780 1346 πάντα
2810 1293 2911 1345 ὅσα
2936 1290 3255 1360 ἐντέλλομαί
3291 1306 3401 1342 σοι.
3422 1308 3452 1367 ν»
3490 1290 3594 1342 Καὶ
3622 1290 3774 1344 πάλινο

2242 1404 2262 1436 ι
2312 1384 2559 1450 Ἥνοιξεν
2605 1385 2813 1452 Κύριος
2848 1383 2941 1436 τὸν
2989 1381 3266 1452 θησαυρὸν
3316 1379 3509 1441 αὐτοῦ,
3576 1380 3661 1432 καὶ
3705 1382 3777 1445 ἐξ·

2238 1478 2438 1548 ήνεγκε
2483 1476 2553 1529 τὰ
2582 1474 2751 1544 σκεύη
2785 1475 2883 1543 τῆς
2906 1472 3079 1543 ὀργῆς
3110 1469 3299 1531 αὐτοῦ,
3325 1471 3406 1523 ὅτι
3442 1472 3596 1537 ἔργον
3621 1471 3780 1541 Κυρίῳ

2237 1572 2296 1621 ἐν
2331 1572 2401 1638 γῇ
2448 1567 2751 1629 Χαλδαίων,
2792 1566 2875 1619 ὅτι
2920 1563 3244 1634 ἐληλύθασιν
3293 1563 3344 1616 οἰ
3394 1562 3576 1631 καιροί
3616 1563 3777 1633 αὐτῆς.

2250 1660 2521 1725 Ἀνοίξατε
2559 1659 2658 1722 τὰς
2707 1658 2993 1728 ἀποθήκας
3030 1657 3221 1725 αὐτῆς,
3253 1655 3581 1726 ἑρευνὴσατε
3614 1656 3775 1725 αὐτὴν,

2238 1756 2313 1818 ὠς
2337 1754 2622 1823 σπήλαιον,
2656 1771 2675 1803 ι
2713 1752 2812 1805 καὶ
2851 1752 2920 1803 τὰ
2952 1749 3100 1818 ἑξῆς.
3139 1749 3252 1801 Kal.
3286 1748 3377 1800 διὰ
3410 1746 3503 1799 τοῦ
3545 1746 3777 1816 παρόντος

540 1843 803 1904 tauquam
832 1838 1153 1904 speluncam
1185 1839 1359 1900 ¹’·¹³,ι
1383 1848 1438 1893 et
1467 1854 1588 1908 quae
1616 1840 1895 1908 deinceps.
1918 1839 2056 1907 Quin
2077 1852 2130 1896 et

2240 1807 2622 1916 δι’προξρήτοιί
2659 1843 2898 1916 ἐρρέθη·
2941 1862 2959 1894 ‹
2995 1807 3298 1909 ’ἐπεγερῶ
3346 1840 3478 1907 ὑμῖν
3524 1807 3641 1901 eos;
3682 1807 3776 1910 ut}

538 1927 684 1995 apud
712 1927 860 1982 hunc
889 1928 1210 1997 prophetam
1252 1930 1558 1985 scribitur:
1605 1951 1621 1977 ο
1656 1930 1925 1985 Excitabo
1972 1934 2128 1987 vobis

2240 1936 2374 2000 5ους,
2410 1956 2429 1987 ι
2463 1935 2559 1987 καὶ
2590 1935 2658 1988 τὰ
2687 1936 2780 1987 ἐπὶ
2798 1933 3033 1996 τούτοις.
3062 1933 3173 2003 Τὴν
3204 1932 3262 1985 δὲ
3314 1930 3609 2001 μέλλουσαν
3643 1933 3775 1984 ἐπάν-

538 2016 726 2073 Medos
757 2018 818 2083 ",
869 2037 888 2070 ›
918 2027 973 2074 et
1004 2035 1125 2089 qua:
1161 2033 1367 2088 postea.
1429 2020 1719 2088 Caeterum,
1771 2035 2127 2092 posteaquam

2240 2029 2344 2083 980v
2374 2027 2745 2099 προθεσπίσας
2782 2029 2812 2080 ὁ
2839 2026 2995 2095 λόγος
3024 2025 3121 2088 ὡς,
3167 2024 3255 2077 ἐπ’
3312 2022 3652 2090 εὐαγγελίοις
3675 2026 3766 2093 χαί-

542 2107 782 2163 l'uturatn
813 2111 1182 2166 reversionem
1222 2112 1471 2181 praedixit
1499 2114 1698 2178 oratio,
1757 2123 2015 2184 tanquam
2073 2115 2129 2169 in

2240 2137 2348 2191 ρειν
2401 2116 2557 2182 αὖθις
2611 2117 2917 2172 ἐντέλλεται
2966 2116 3096 2183 ταῖς
3146 2116 3461 2185 οὐρανίαις
3501 2115 3764 2183 δυνάμεσιν,

541 2200 873 2269 Evangeliis,
901 2202 1134 2256 omlestes
1170 2204 1401 2258 virtutes
1433 2220 1630 2260 rursus
1659 2205 1726 2259 ad
1760 2209 2019 2276 gaudiqu
2075 2217 2133 2261 et

2240 2213 2326 2266 καί
2352 2212 2489 2277 ταῖςθ
2510 2211 2797 2281 νεφέλαις
2820 2213 2943 2272 ταῖς
2969 2209 3241 2277 λογικαῖς,
3268 2207 3340 2269 ἀς
3363 2208 3656 2259 ἐνετείλατο
3674 2207 3774 2275 πρε,-

540 2290 784 2345 laetitiam
840 2304 1147 2361 provocat,
1207 2294 1534 2363 nubibusque
1596 2297 1811 2351 ratione
1888 2299 2131 2368 pranlitis

2240 2324 2388 2377 τερον
2411 2306 2568 2359 ὑετὸν
2600 2307 2681 2369 εἰς
2703 2304 2794 2356 τὸν
2824 2302 3127 2373 ἀμπελῶνα
3161 2302 3234 2371 μὴ
3267 2300 3487 2371 βρέξαι,
3521 2299 3780 2352 δικαιοσύ-

539 2387 700 2454 (quas
732 2384 787 2437 in
827 2385 1041 2438 vineam
1098 2385 1250 2453 prius
1306 2386 1570 2456 depluere
1616 2389 1812 2459 vetuit)
1847 2390 1982 2459 ipsis
2012 2391 2128 2460 jam

540 2489 698 2534 terra:
730 2477 927 2532 incolis
959 2476 1231 2545 justitiam
1275 2479 1631 2548 suppeditare
1667 2484 1931 2552 prmcipit.
1968 2484 2134 2538 Terra

539 2578 745 2635 autem,
773 2569 972 2639 inquit,
1001 2569 1055 2624 id
1086 2577 1192 2631 est,
1233 2570 1478 2638 ejusdem
1507 2569 1731 2624 desertm
1764 2574 1935 2642 prius,
1976 2574 2133 2628 inco-

540 2664 627 2723 lae.
657 2661 1028 2717 misericordia
1054 2670 1103 2715 et
1146 2661 1382 2730 justitia,
1414 2664 1637 2732 pietatis
1688 2663 1963 2720 fructibus
2020 2666 2138 2721 edi-

540 2756 633 2821 tis,
660 2762 976 2811 renovetur.
1015 2754 1128 2808 Ista
1158 2755 1431 2824 siquidem
1453 2754 1748 2809 conditore
1776 2765 1896 2818 tuo.
1932 2757 2133 2826 inqttit,

540 2846 849 2915 imperante
872 2846 1055 2899 futura
1092 2854 1242 2911 sunt,
1302 2847 1396 2915 qui
1431 2844 1693 2901 facillime
1747 2849 1895 2918 quod
1942 2863 2006 2903 ex
2060 2849 2140 2902 ni-

544 2939 659 2994 hilo
689 2941 919 3001 creavit,
949 2954 1216 2993 renovare
1242 2948 1427 3008 queat.
1481 2940 1647 2994 Aiunt
1690 2940 1938 2995 nonnulli
1993 2940 2140 2995 Scri-

543 3045 762 3103 pturam
792 3047 899 3088 suo
933 3046 1082 3086 more
1113 3045 1143 3084 a
1200 3032 1437 3101 singulis
1484 3031 1550 3084 ad
1613 3033 1867 3087 universa
1929 3049 2138 3086 sermo-

542 3138 673 3178 nem
702 3120 1026 3176 transt‘erre.
1060 3121 1134 3175 De
1188 3120 1328 3191 Cyro
1365 3120 1535 3182 enim,
1566 3122 1633 3176 de
1692 3120 1987 3192 Babylone,
2042 3121 2135 3175 de-

543 3229 657 3285 que
689 3212 865 3268 reditu
900 3213 1137 3272 locutus,
1163 3212 1229 3264 ad
1257 3211 1534 3264 Christum
1578 3211 1691 3281 jam
1743 3227 1962 3273 eorum,
2018 3227 2140 3280 qua:

547 3305 693 3362 dicta
756 3312 906 3367 sunt,
938 3302 1274 3357 intellectum
1332 3312 1573 3366 revocat,
1631 3303 1721 3371 qui
1764 3318 1793 3356 a
1821 3302 1982 3355 Patre
2019 3303 2143 3357 ideo

548 3400 758 3455 missus
791 3404 900 3457 est,
937 3403 997 3450 ut
1027 3394 1262 3467 captivis
1297 3394 1634 3456 libertatem,
1668 3403 1727 3449 ut
1757 3396 1920 3450 caecis
1953 3396 2138 3452 lumen

550 3489 838 3548 aununtiet
871 3488 937 3552 ’⁵,
973 3496 1032 3541 ιιι
1061 3500 1158 3541 eos
1179 3485 1439 3556 denique,
1476 3486 1569 3555 qui
1596 3496 1950 3555 peccatorum
1986 3495 2139 3543 cate-

551 3583 637 3643 nis
663 3582 1145 3649 constringuntur,
1186 3579 1391 3634 diaboli
1443 3580 1739 3651 tyrannide
1793 3590 2014 3652 ereptos
2071 3582 2140 3636 ad

552 3690 615 3735 se
641 3683 885 3739 revocet,
913 3671 1075 3744 513
1112 3673 1207 3742 qui
1235 3688 1395 3726 suum
1424 3672 1542 3742 ipse
1600 3674 1884 3743 templum,
1948 3673 2001 3728 id
2059 3690 2144 3736 est

553 3767 858 3822 Eeclesiam
917 3765 1206 3829 excitavit,
1267 3779 1430 3834 quam
1458 3765 1562 3819 sibi
1597 3766 1859 3832 virginem
1907 3774 2140 3831 castam,

554 3873 800 3928 rugaque
861 3864 915 3913 et
948 3856 1163 3911 macula
1193 3863 1491 3919 carentem,
1523 3864 1706 3910 aSLare
1730 3856 1901 3909 voluit
1938 3856 2003 3909 ¹⁸.
2062 3855 2141 3910 Ex

553 3952 642 4007 bis
670 3965 801 4020 ergo
828 3964 969 4019 ,quaa
1020 3965 1050 4001 a
1075 3947 1216 4018 Cyro
1250 3956 1398 4017 gesta
1435 3956 1584 4011 sunt,
1635 3956 1892 4017 tanquam
1969 3948 2140 4018 ﬁgura

553 4043 761 4112 aliqua,
798 4057 919 4112 qua!
943 4041 997 4094 in
1026 4057 1218 4096 omnes
1252 4042 1446 4095 collata
1494 4050 1642 4105 sunt,
1673 4056 1901 4095 munera
1944 4042 2143 4112 .signi-

554 4134 794 4191 ﬁcantur
828 4150 843 4187 :
877 4148 1108 4203 quorum
1135 4134 1352 4187 nomine
1382 4134 1485 4202 ipsi
1522 4135 1752 4203 spiritus
1782 4135 1947 4189 etiam
1972 4136 2140 4191 caele-

554 4235 669 4283 stes
693 4226 946 4281 lwtantur
969 4242 988 4280 :
1020 4225 1115 4296 qui
1140 4228 1223 4280 vel
1248 4242 1357 4279 uno
1386 4234 1595 4281 tantum
1630 4234 1917 4296 peccatore
1963 4228 2139 4295 paeni-

557 4320 784 4373 tentiam
832 4327 1025 4389 agente
1081 4318 1320 4389 gaudere
1381 4319 1695 4373 scribuntur
1751 4318 1844 4373 ‘7:
1911 4319 2140 4389 ideoque

556 4412 724 4467 etiam
756 4412 918 4467 nubes
947 4411 1166 4467 eosdem
1208 4411 1468 4481 appellat,
1509 4411 1654 4482 quod
1690 4426 1786 4481 per
1814 4412 1963 4482 ipsos
2016 4413 2138 4481 Spi—

2232 2416 2349 2467 νην
2384 2384 2693 2469 χορηγῆσαι
2720 2398 2831 2459 τοῖς
2853 2394 3064 2448 οἰκοῦσι
3093 2392 3207 2460 τὴν
3240 2391 3381 2462 γῆν.
3417 2392 3523 2443 Καὶ
3561 2390 3598 2457 ἡ
3632 2388 3776 2459 γῆδὲ,

2234 2493 2366 2563 φησί
2408 2491 2601 2562 (λέγων
2651 2489 2778 2551 τοὺς
2826 2485 3220 2544 κατοικοῦντας
3251 2486 3372 2546 τὴν
3410 2482 3571 2552 γῆν),
3610 2484 3641 2551 ἡ
3673 2482 3781 2550 πρὶν

2233 2584 2472 2652 ἕρημος,
2522 2578 2868 2634 ἀνανεούσθω
2918 2578 3162 2647 φέρουσα
3215 2574 3533 2635 θεοσεϐείας
3569 2572 3781 2639 καρποὺς

2235 2676 2407 2740 ἕλεος
2453 2673 2552 2728 καὶ
2604 2670 3024 2736 δικαιοσύνην.
3056 2667 3245 2721 Ταῦτα
3295 2665 3358 2718 δὲ
3409 2664 3561 2716 ἔσται
3586 2661 3670 2715 τοῦ
3701 2660 3778 2712 σοῦ

2237 2769 2456 2820 κτίστου
2505 2761 2933 2835 προστάξαντος.
2971 2758 3063 2828 Τῷ
3095 2760 3205 2829 γάρ
3242 2757 3303 2822 ἐξ
3335 2757 3438 2809 οὐκ
3457 2756 3618 2807 ὄντων
3661 2768 3780 2820 παρα

2236 2858 2497 2927 αγαγόντι
2538 2874 2597 2909 σε
2677 2855 2909 2925 δυνάμει
2963 2853 3220 2921 ποιητικῇ
3269 2851 3471 2919 ῥᾷστον
3516 2844 3780 2898 ἁνανεῶσαι

2237 2950 2300 3003 τὸ
2347 2949 2763 3020 δημιούργημα.
2788 2946 2945 3008 Τινὲς
2979 2944 3036 2997 δέ
3088 2961 3254 3014 φασιν
3304 2942 3383 3004 ὡς
3415 2940 3479 3011 δὴ
3511 2937 3729 3007 συνήθως
3754 2936 3781 3004 ἡ

2240 3038 2432 3110 Γραφὴ
2463 3041 2524 3091 ὲκ
2554 3038 2663 3091 τῶν
2691 3037 2835 3091 κατὰ
2867 3036 3033 3107 μέρος
3075 3037 3154 3097 εἰς
3178 3034 3239 3087 τὸ
3276 3031 3511 3085 καθόλου
3538 3030 3621 3083 τὸν
3652 3027 3782 3094 λόγον

2167 3169 2208 3225 C
2242 3133 2535 3200 ἀνήγαγεν.
2576 3128 2761 3182 Εἰπὼν
2810 3131 2918 3197 γὰρ
2953 3127 3022 3180 τὰ
3068 3126 3213 3180 κατὰ
3246 3123 3467 3191 Κῦρον,
3503 3122 3591 3224 καί
3638 3118 3784 3218 Βαθυ-

2244 3224 2411 3284 λῶνα,
2443 3223 2536 3275 καὶ
2576 3221 2672 3292 τὴν
2721 3221 3002 3279 ἐπάνοδον,
3040 3219 3135 3271 ἐπὶ
3181 3215 3423 3287 Χριστὸν
3463 3211 3670 3284 μετάγει
3694 3209 3784 3261 τῶν

2244 3312 2549 3384 εἰρημένων
2584 3313 2684 3381 τὴν
2714 3310 2946 3372 ἔννοιαν,
2972 3309 3030 3372 ὃς
3079 3307 3368 3376 ἀπεστάλη
3399 3303 3548 3374 παρὰ
3572 3301 3658 3354 τοῦ
3690 3300 3782 3351 Πα-

2242 3404 2399 3473 τέρος
2447 3400 2686 3472 κηρύξαι
2734 3398 3104 3469 αἰχμαλώτοις
3146 3398 3369 3465 ἄφεσιν,
3425 3394 3517 3446 καὶ
3548 3386 3776 3461 νεκροίςὶ

2242 3491 2560 3562 ἀνάϐλεψιν,
2610 3492 2707 3544 καὶ
2780 3490 2908 3552 τοὺς
2956 3489 3164 3559 σειραῖς
3219 3482 3629 3555 ἁμαρτημάτων
3680 3493 3784 3529 κατ-

2243 3582 2606 3651 εστιγμένους
2649 3578 2928 3645 ἐξελέσθαι
2964 3578 3063 3646 τῆς
3109 3575 3204 3630 τοῦ
3245 3575 3463 3627 Σατανᾶ
3488 3568 3782 3642 τυραννίδος,

2243 3674 2626 3744 παλινδρομεῖν
2647 3689 2707 3724 τε
2739 3671 3159 3740 παρασκευάσαι
3182 3669 3317 3738 πρὸς
3349 3666 3571 3728 ἑαυτὸν,
3618 3663 3670 3723 ὃς
3710 3660 3783 3712 τὸν

2245 3765 2439 3819 ἑαυτοῦ
2471 3766 2619 3827 ναὸν,
2658 3762 2757 3835 τὴν
2800 3762 3131 3831 Ἐκκλησίαν
3179 3762 3498 3829 ἀνήγειρεν,
3536 3750 3784 3824 παραστή-

2245 3874 2342 3918 σας
2387 3854 2565 3925 ἑαυτῷ
2616 3853 2886 3924 παρθένον
2937 3851 3128 3921 ἁγνὴν,
3168 3850 3242 3920 μὴ
3290 3849 3522 3918 ἔχουσαν
3568 3839 3783 3908 σπίλονῆ

2244 3948 2452 4021 ῥυτίδα.
2483 3948 2560 4000 Δι’
2589 3941 2663 3999 ὧν
2693 3946 2786 3999 οῦν
2816 3945 3050 4016 ἔπραξεν
3096 3943 3310 4010 Κῦρος,
3338 3940 3417 4002 ὡς
3446 3939 3535 3991 διά
3568 3953 3698 3998 τινος
3725 3936 3786 3985 εἰ·

2241 4044 2399 4104 κόνος
2442 4042 2512 4093 τὰ
2542 4042 2676 4093 πᾶσι
2728 4036 3084 4108 δεδωρημένα
3127 4034 3480 4103 σημαίνεται,
3507 4031 3587 4099 ἐφ’
3610 4025 3682 4090 οἷς
3714 4027 3787 4078 εὑ·

2241 4131 2530 4201 φραίνεται
2561 4130 2653 4203 κα)
2683 4129 2753 4181 τὰ
2777 4128 3005 4201 οὐράνια
3040 4126 3353 4194 πνεύματα,
3384 4125 3437 4177 εἰ
3454 4140 3515 4191 γε
3544 4122 3787 4190 χαίρουσι

2241 4224 2335 4275 καὶ
2372 4220 2457 4291 ἐφ’
2474 4222 2552 4274 ένί
2579 4220 2724 4288 μόνῳ
2757 4218 3105 4289 μετανοοῦντι
3124 4214 3456 4285 ἁμαρτωλῷ,
3484 4212 3618 4266 ἃκαὶ
3644 4204 3787 4275 νεφέ-

2239 4317 2355 4378 λας
2402 4312 2578 4375 καλεῖ,
2615 4312 2682 4364 δι’
2714 4304 2789 4364 ὧν
2825 4311 2882 4363 αἰ
2921 4308 3015 4361 τοῦ
3066 4309 3224 4376 άγίου
3277 4306 3592 4376 Πνεῦματος
3637 4315 3787 4368 παρα-

2239 4407 2460 4479 κλήσεις
2491 4404 2649 4458 ὖετοῦ
2676 4404 2954 4457 καθίενται
3000 4401 3156 4471 δίκην
3185 4401 3264 4462 εἰς
3292 4399 3391 4461 τὰς
3412 4397 3519 4450 τῶν
3538 4391 3783 4447 πιστευόνο

557 4505 700 4559 ritus
728 4505 905 4560 sancti
938 4504 1364 4565 cousolationes,
1395 4505 1543 4557 velut
1587 4503 1780 4566 imlter,
1822 4503 1872 4555 in
1912 4504 2138 4558 creden-

2245 4517 2354 4553 των
2382 4498 2580 4567 ψυχάς.
2628 4497 2700 4549 Ἦ
2738 4496 2833 4548 καὶ
2878 4495 3006 4557 τοὺς
3050 4491 3448 4563 μυσταγωγοὺς
3484 4490 3602 4549 τοὺς
3651 4485 3784 4542 ὂντας

557 4596 696 4652 tium
720 4597 932 4650 animas
962 4596 1339 4649 demittantur.
1379 4597 1559 4661 Queas
1582 4602 1635 4649 et
1666 4593 1885 4647 nubium
1907 4596 2147 4665 appella-

561 4691 710 4742 tione
797 4701 1081 4741 sacrorum
1153 4686 1479 4753 interpretes
1526 4686 1581 4738 in
1637 4693 1780 4738 terra
1860 4685 2142 4754 degentes.

561 4778 862 4851 signiﬁcari
908 4778 1110 4842 dicere,
1149 4777 1243 4847 qui
1273 4786 1474 4831 terram
1508 4776 1809 4846 pervagati,
1838 4777 2039 4832 diﬂuso
2090 4778 2143 4830 in

560 4880 753 4918 omnes
780 4864 970 4928 verbo,
1002 4863 1306 4917 sitientimn
1338 4863 1551 4917 animas
1611 4863 1931 4931 irrigat-unt,
1967 4873 2019 4917 et
2076 4865 2144 4916 ad

562 4955 905 5024 spi'itualem
942 4952 1216 5025 fructuum
1256 4954 1585 5019 ubertatem,
1611 4952 1811 5007 diaboli
1846 4953 2145 5009 seminibus

564 5045 783 5110 ablatis,
818 5043 1151 5107 excitarunt,
1183 5059 1417 5114 quarum
1455 5053 1618 5098 antea
1652 5043 1867 5098 fructus
1913 5044 2144 5099 exstite-

568 5148 649 5192 rat
676 5138 881 5198 nullus,
924 5150 1099 5204 neque
1143 5135 1235 5201 qui
1271 5134 1416 5203 quod
1445 5134 1647 5188 bonum
1704 5144 1867 5198 esset,
1923 5133 2145 5197 faceret,

566 5229 652 5284 vel
677 5244 821 5282 unus
853 5227 1096 5297 quidem.
1128 5226 1415 5281 Exsisumt
1449 5233 1631 5279 autem
1666 5224 1905 5295 Spiritus
1934 5222 2148 5278 fructus

568 5319 936 5375 misericordia
976 5320 1116 5390 ipsa,
1149 5318 1202 5372 id
1229 5325 1315 5372 est
1369 5317 1612 5395 dilectio,
1646 5317 1701 5371 in
1754 5331 1860 5386 qua
1896 5324 2152 5372 versatur

573 5412 707 5483 legis
736 5411 1038 5482 plenitudo,
1073 5426 1191 5481 quae
1220 5410 1590 5480 evangelicam
1636 5408 1906 5478 justitiam
1966 5422 2150 5469 secum

643 5526 666 5557 ’
696 5524 927 5579 Zachar.
956 5541 997 5586 ι.
1037 5525 1123 5579 li.
1156 5526 1242 5579 15.
1321 5525 1364 5556 ¹⁰
1386 5525 1493 5579 lsa.
1520 5539 1682 5589 xu'u,
1711 5523 1764 5577 6.
1844 5520 2103 5577 “Jerem.
2137 5539 2189 5587 ι.,
2218 5524 2308 5583 2|.

2250 4591 2344 4643 ἐπὶ
2391 4587 2502 4656 τῆς
2542 4585 2653 4655 γῆς
2685 4589 2745 4640 αὶ
2778 4584 3026 4654 νεφέλαι
3075 4582 3450 4653 σημαίνουσιν,
3484 4579 3532 4631 οἳ
3566 4589 3783 4643 περιφοι-

2249 4682 2449 4739 τῶντες
2482 4679 2579 4750 τὴν
2601 4680 2726 4748 γῆν,
2758 4679 2848 4730 τὸν
2871 4676 3013 4746 ἱερὸν
3038 4677 3210 4729 ἅπασι
3241 4672 3636 4726 κατεσκέδασαν
3658 4665 3786 4729 λόγον

2251 4771 2610 4842 κατάρδοντες
2646 4771 2744 4833 τὰς
2786 4769 2897 4824 τῶν
2934 4765 3213 4836 διψώντων
3250 4764 3429 4834 ψυχὰς
3458 4760 3589 4830 πρὸς
3614 4758 3784 4821 sump-

2250 4865 2381 4918 πίαν
2420 4861 2799 4933 πνευματικὴν
2841 4858 3267 4928 ἀπηλλαγμένας
3303 4856 3413 4909 τῶν
3445 4852 3536 4907 τοῦ
3574 4847 3786 4903 διαϐόλου

2252 4957 2605 5025 σπερμάτων,
2633 4947 2708 5006 ὧν
2755 4955 2783 5005 ὁ
2819 4951 3031 5022 καρπὸς
3077 4948 3254 5010 οὐδεὶς
3282 4943 3373 5018 ἦν,
3406 4948 3433 4997 ὁ
3478 4940 3638 4995 ποιῶν
3673 4951 3784 5007 χρη·

2255 5048 2488 5113 στότητα
2512 5045 2613 5098 οὐκ
2634 5040 2703 5116 ἦν
2723 5043 2825 5105 ἕως
2864 5041 3004 5103 ἑνός.
3033 5040 3251 5108 Καρποὶ
3281 5036 3340 5088 δὲ
3377 5033 3470 5087 τοῦ
3511 5029 3787 5095 Πνεῦματος

2254 5138 2447 5205 ἕλεος,
2496 5136 2640 5189 τοῦτ’
2681 5135 2826 5188 ἔστιν
2867 5134 3081 5201 ἀγάπη,
3109 5130 3383 5199 πλήρωμα
3412 5126 3571 5192 νόμου
3617 5114 3787 5183 τυγχά-

2257 5247 2440 5295 νουσα,
2471 5228 2568 5299 τὴν
2596 5225 2957 5295 εὐαγγελικὴν
2992 5223 3114 5293 ἕχον
3158 5216 3584 5285 συνεζευγμένην
3611 5211 3779 5299 δικαιο-

2262 5320 2447 5392 σύνην.
2572 5321 2733 5391 μήτις
2761 5294 3329 5386 λέγοινδικαιοσύνην
3360 5311 3426 5362 ἐκ
3454 5306 3561 5377 γῆς
3592 5294 3787 5392 arani.

2258 5418 2463 5469 λασαν
2489 5414 2653 5467 αὑτὸν
2685 5410 2823 5465 εἶναι
2851 5410 3078 5478 Κύριον,
3114 5409 3181 5461 δι’
3212 5399 3272 5460 οὗ
3303 5398 3601 5475 ἠλεήθημεν
3628 5408 3680 5446 τε
3708 5404 3786 5439 και

2388 5527 2505 5558 ¹²·¹³
2527 5527 2657 5583 ibid.
2680 5524 2863 5586 “2529,
2893 5524 2937 5556 ιδ
2971 5523 3075 5577 lsa.
3106 5537 3223 5590 xm,
3251 5520 3339 5575 17.
3418 5518 3460 5550 ⁸⁵
3491 5514 3587 5569 lsa.
3610 5522 3706 5566 LXI.
3734 5500 3781 5566 ίὲ

577 5598 709 5672 Luc.
734 5612 879 5658 κως,
920 5595 1010 5660 18,
1038 5594 1124 5649 19.
1203 5598 1245 5645 '9
1272 5596 1473 5665 Ephcs.
1509 5612 1561 5659 ν,
1595 5594 1685 5660 25,
1719 5596 1807 5671 ‘27.
1886 5595 1929 5625 ”
1958 5593 2201 5657 Luc.xv,
2238 5596 2292 5650 9.

1859 5689 2093 5747 vanus
2123 5689 2523 5769 LECTIONES.

654 5796 669 5829 ι
712 5799 795 5851 γρ.
835 5780 1096 5853 μαχαίρᾳ,
1130 5780 1222 5847 καί
1250 5779 1532 5849 ἀφάνισον.
1633 5792 1646 5830 l
1689 5781 1773 5835 ἴσ.
1806 5780 2044 5850 τυφλοῖς.
