3978 6374
183 326 311 389 2421

1299 338 1833 400 COMMENTARII
1871 339 1954 400 IN
1995 342 2286 405 ISAIAM.

3286 349 3428 412 2422

182 436 605 508 δεδικαιώμεθα.
637 442 774 512 Περὶ
794 437 856 496 οὗ
888 461 1023 515 φησι
1043 445 1139 498 καὶ
1164 444 1329 497 Δαϐίδ
1353 463 1368 477 ·
1409 464 1426 497 ι
1461 447 1768 515 Εἰργὰσατο

1894 447 2036 500 labet
2063 452 2394 520 copulatam.
2427 453 2542 509 Nisi
2579 454 2622 510 si
2656 455 3028 525 quisjustitim
3053 457 3116 513 de
3138 469 3283 515 terra
3335 479 3463 516 exc-

181 525 525 597 δικαιοσύνην
553 529 610 581 ἐν
649 531 801 601 μέσῳ
830 535 929 601 τῆς
953 534 1076 604 γῆς.
1105 553 1122 585 ι
1156 534 1250 586 Ἐκ
1277 534 1389 603 γῆς
1409 535 1518 605 γὰρ
1538 531 1759 604 εἷχετὴν

186 618 360 690 σάρκα
397 621 472 691 μὴ
508 623 879 678 κατελθοῦσαν
908 625 978 690 ἐξ
1010 643 1040 678 ο
1066 629 1318 697 ὺρανοῦ.

1869 539 2056 594 rientis
2126 546 2366 608 nomine,
2412 547 2702 602 Dominum
2761 551 3068 620 signiﬁcari
3129 555 3303 618 malit,
3366 571 3463 624 per

1868 646 2029 698 quem
2112 635 2548 692 misericordiam
2622 642 2926 707 consecuti,
2987 643 3233 715 justique
3284 645 3465 702 elTecIi

186 730 372 770 sumus
408 731 422 768 :
455 715 524 769 de
551 728 736 787 quoet
759 716 978 773 Davidis
1001 720 1091 774 illa
1115 729 1243 776 sunt
1278 738 1291 773 :
1332 740 1349 770 ι
1379 721 1650 792 Oper-atus
1681 730 1766 774 est
1805 721 2040 776 Salutem
2076 725 2128 777 in
2172 727 2353 781 medio
2385 731 2573 785 mundi
2603 732 2666 784 ’3.
2706 752 2722 783 ι
2757 734 2886 803 quia
2924 751 3146 791 carnem
3201 740 3268 793 de
3325 746 3467 794 terra

187 826 290 864 non
319 809 448 864 caelo
472 811 769 866 demissam
812 814 1024 868 habuit.

253 903 282 952 θ
311 901 420 964 ις’,
449 903 717 973 Ἑγώειμι
731 907 1216 974 Κύριοςὸκτίσας
1229 925 1322 972 σε,
1337 907 1775 974 ποιῶνβελτίω,

191 996 607 1049 κατεσκεύασα
636 998 715 1063 ὡς
738 1001 938 1066 πηλὸν
967 1003 1283 1069 κεραμέως.
1311 1007 1368 1056 Μ
1375 1002 1406 1070 ὴ
1433 1006 1465 1056 ὀ
1493 1000 1783 1071 ἀροτριῶν

193 1088 522 1156 ἀροτριὰσει
548 1091 666 1158 τὴν
696 1093 812 1161 γῆν
840 1094 994 1162 ὅλην
1022 1095 1138 1162 τὴν
1157 1097 1385 1166 ἡμέραν
1401 1112 1421 1160 ;
1457 1095 1552 1164 Μὴ
1600 1096 1728 1164 ἐρεῖ
1750 1099 1783 1150 ό

199 1181 385 1245 πηλὸς
432 1181 512 1246 τῷ
561 1185 824 1254 κεραμεῖ,
873 1189 934 1241 Τί
983 1189 1197 1256 ποιεῖς,
1249 1189 1335 1242 ὅτι
1381 1192 1494 1244 οὐκ
1541 1186 1776 1258 ἐργάζῃ,

199 1273 331 1326 οὐδὲ
371 1274 532 1343 ἔχεις
567 1278 807 1346 χεῖρας;
844 1281 988 1336 Οὐαὶ
1041 1285 1077 1337 ὁ
1116 1284 1310 1354 λέγων
1332 1284 1413 1350 τῷ
1460 1285 1660 1354 πατρὶ,
1718 1286 1781 1338 Τί

202 1365 545 1435 τεννήσειςς
577 1388 631 1424 κ.
662 1389 712 1428 τ.
748 1373 800 1426 λ.

275 1463 567 1536 Ἐπιτιμᾷν
589 1469 617 1520 ὁ
645 1458 801 1535 λόγος
822 1470 972 1525 δοκεῖ
997 1475 1109 1537 τοῖς
1138 1475 1276 1545 μετὰ
1309 1474 1578 1547 τοσαύτην
1603 1476 1776 1544 ἐπαγ-

205 1555 376 1621 γελίαν
411 1557 512 1627 τὴν
557 1561 814 1631 περὶτῆς
856 1565 1211 1638 ἀνακλήσεως
1252 1568 1325 1638 μὴ
1380 1568 1777 1640 προστρέχουσι

204 1647 272 1717 τῷ
301 1648 441 1718 Θεῷ,
475 1652 570 1704 καὶ
598 1653 673 1717 ὡς
700 1654 920 1708 πάντων
945 1658 1060 1710 ὃντι
1098 1659 1217 1728 Θεῷ
1247 1660 1390 1712 κατά
1430 1660 1622 1731 καιρὸν
1648 1679 1778 1714 παι-

204 1738 398 1792 δεύοντι
417 1739 511 1792 τὸν
530 1741 682 1804 λαὸν,
705 1747 800 1797 καὶ
816 1745 980 1799 πάλιν
1004 1748 1697 1817 ἁναλαμὸάνοντι,,ϐελτίω
1711 1766 1778 1804 τε

1959 905 2124 980 514
2164 907 2324 965 Vsus.
2358 912 2511 966 9—17.
2556 911 2666 982 Ego
2699 930 2815 968 sum
2850 913 3011 980 Deus,
3052 917 3142 986 qui
3185 917 3358 971 creari
3399 927 3466 980 te,

1886 998 2090 1066 faciens
2121 1003 2415 1066 meliorem,
2454 1007 2751 1072 pra'paravi
2792 1016 2847 1059 ut
2891 1009 3060 1060 lutum
3107 1009 3281 1078 ﬁguli.
3322 1007 3470 1064 Nunt

1883 1091 1974 1158 qui
2010 1101 2132 1144 arat
2171 1102 2390 1156 terram,
2424 1095 2606 1148 arabit
2643 1105 2751 1150 tota
2779 1097 2863 1150 die
2891 1098 2927 1150 ?‘
2949 1115 3072 1152 num
3112 1099 3248 1154 dicet
3299 1101 3470 1154 lutum

1884 1183 2050 1251 ﬁgulo
2073 1199 2092 1238 :
2111 1185 2253 1251 Quid
2272 1185 2430 1255 facis,
2459 1189 2710 1256 quoniam
2729 1207 2831 1243 non
2856 1193 3115 1260 operaria.
3134 1209 3293 1262 neque
3315 1193 3488 1248 habes.

1884 1292 2074 1330 manus
2101 1279 2126 1332 ἱ)
2167 1276 2256 1332 Va!
2286 1281 2376 1348 qui
2405 1280 2535 1334 dicit
2567 1283 2735 1349 patri,
2771 1281 2913 1348 Quid
2936 1285 3210 1353 generabis
3237 1289 3261 1341 ?
3292 1299 3396 1340 cte.

1958 1452 2071 1510 Illis
2101 1456 2282 1510 oratio
2331 1459 2942 1526 suceensere'videtur,
2990 1461 3082 1531 qui
3135 1473 3256 1531 post
3291 1472 3471 1518 tanta;

1886 1547 2286 1612 prmnissiones
2329 1550 2392 1603 ad
2431 1566 2553 1604 eum
2603 1568 2711 1604 nun
2755 1553 3040 1615 festinant,
3073 1558 3165 1623 qni
3211 1566 3470 1624 tauquam

1885 1639 2132 1693 omnium
2187 1641 2352 1709 Deus,
2397 1659 2520 1696 cum
2577 1646 2839 1714 populum
2889 1647 3209 1716 aliquandiu
3259 1650 3470 1713 adlisit,

1887 1731 2124 1787 admittit
2151 1751 2388 1800 rursum,
2422 1740 2735 1809 temploque
2764 1749 2817 1794 et
2852 1741 2985 1796 urbe
3014 1743 3068 1794 in
3114 1742 3304 1796 melius
3337 1759 3474 1811 prte-

204 1832 286 1882 τὺν
318 1832 446 1885 ναὸν
475 1834 569 1886 καὶ
613 1833 712 1906 τὴν
748 1835 906 1889 πόλιν
946 1839 1455 1899 κατασκευάζοντι
1499 1841 1657 1910 δίκην
1688 1859 1779 1896 xs-

1894 1825 2108 1890 mratis,
2167 1842 2288 1893 qua:
2340 1829 2576 1882 contrita
2627 1829 2884 1897 fuerant,
2939 1848 3045 1885 non
3100 1835 3261 1886 aliter
3306 1850 3469 1904 quam

199 1923 424 1992 ραμέως
452 1925 520 1978 τὰ
546 1929 903 1998 συντριϐέντα
926 1931 1089 1984 πάλιν
1114 1933 1515 2003 ἀνανεουμένῳ,
1546 1936 1640 1987 καὶ
1670 1935 1778 1988 τῶν

207 2016 431 2085 πρώτων
475 2019 712 2089 κρείττω
757 2020 1028 2076 δεικνύντι
1062 2023 1131 2076 τὰ
1171 2023 1423 2096 δεύτερα.
1461 2027 1574 2096 Τὴν
1607 2026 1778 2098 αὐτὴν

204 2107 375 2160 λαϐὼν
407 2109 544 2174 Θεὸς
582 2113 678 2165 καὶ
709 2113 845 2182 πρὸς
886 2115 1158 2184 Ἱερεμίαν
1198 2117 1382 2170 εἰκόνα
1409 2118 1777 2189 προσέθηκενο

211 2222 226 2251 ι
250 2203 305 2254 Et
328 2203 510 2268 καθὼς
529 2206 556 2256 ὁ
589 2209 865 2274 κεραμεὺς
897 2201 1052 2270 οὗτος
1081 2209 1141 2260 οὐ
1162 2210 1466 2281 δυνήσομαι
1490 2212 1584 2264 τοῦ
1613 2213 1780 2283 ποιῆο

208 2311 288 2346 σπι
320 2295 470 2364 ὑμᾶς
525 2295 674 2361 οἶκος
720 2299 970 2371 Ἰσραήλς
1014 2321 1031 2352 ι
1067 2303 1162 2355 καὶ
1201 2302 1296 2355 νῦν
1324 2304 1382 2356 δέ
1415 2322 1549 2373 φησι
1577 2305 1663 2358 διὰ
1685 2307 1780 2359 τοῦ

205 2387 469 2456 παρόντος
511 2392 815 2463 προφήτου,
860 2394 942 2445 ὅτι
985 2395 1237 2457 βέλτιον
1267 2398 1294 2437 ιι
1327 2400 1779 2466 κατεσκεύασα,

203 2481 290 2532 νῦν
337 2481 414 2544 ὡς
466 2485 668 2551 πηλὸν
717 2487 1018 2557 κεραμέως
1064 2490 1155 2542 τὸν
1211 2491 1378 2544 πάλαι
1429 2494 1784 2561 συντριϐέντα

202 2573 347 2628 λαόν.
396 2577 545 2629 Ἀντὶ
587 2578 645 2631 δὲ
684 2579 779 2632 τοῦ
831 2582 1020 2634 ποιῶν
1051 2583 1308 2646 ,ϐέλτιον
1339 2587 1782 2650 κατεσκεύασα,

208 2665 503 2736 Σύμμαχος
531 2667 732 2740 ἔφησεν
749 2684 762 2697 ·
797 2671 938 2726 Οὐαὶ
962 2675 994 2725 ὁ
1017 2673 1347 2742 ἀντιλέγων
1374 2675 1453 2740 τῷ
1481 2678 1786 2731 πλάσαντι

207 2759 408 2812 αὐτόν.
457 2761 604 2813 Ἀντὶ
651 2763 707 2814 δὲ
746 2763 874 2815 τοῦ·
921 2766 1017 2833 Μὴ
1049 2771 1081 2819 ό
1116 2767 1404 2834 ἀροτριῶν
1445 2771 1786 2838 ἀροτριιὶσει

205 2851 312 2917 τὴν
345 2852 463 2920 γῆν
489 2869 505 2914 ;
532 2856 560 2906 ὁ
611 2854 929 2923 Θεοδοτίων,
963 2859 1252 2928 ἀροτριῶν
1279 2861 1422 2928 τοὺς
1467 2863 1788 2931 ἀροτριῶν-

205 2960 303 3008 τας
329 2943 445 3010 τὴν
468 2945 604 3013 γῆν.
636 2947 778 3015 Ἐγὼ
798 2949 928 3018 γὰρ,
957 2952 1145 3019 φησιν,
1178 2952 1205 3003 ὁ
1231 2954 1357 3016 τοὺς
1381 2955 1663 3020 οἰκοῦντας
1691 2956 1790 3022 τὴν

207 3036 300 3103 γῆν
330 3039 598 3105 γεωργῶν
624 3040 938 3108 μετέπλασα
965 3043 1058 3094 τὸν
1087 3042 1238 3096 λαόν.
1271 3045 1361 3114 Μὴ
1387 3045 1481 3098 οὖν
1513 3045 1793 3099 ἐναντιοῦ-

1879 1915 2102 1983 ﬁgulus,
2128 1917 2424 1981 instaurat,
2459 1928 2511 1972 et
2545 1923 2783 1974 secunda
2821 1923 3099 1992 prioribus
3133 1924 3359 1978 meliora
3391 1927 3472 1980 cf-

1883 2006 2016 2059 licit.
2045 2005 2141 2062 Est
2169 2025 2300 2062 vero
2339 2018 2394 2062 et
2434 2011 2578 2080 apud
2609 2010 2903 2065 Jercmiam
2937 2013 3125 2067 eadem
3172 2031 3308 2068 usus
3338 2015 3476 2067 ima-

1881 2099 2004 2167 gine
2038 2099 2201 2167 Deus,
2243 2119 2366 2157 cum
2391 2105 2467 2157 ait
2497 2120 2510 2156 :
2541 2123 2559 2154 ι
2591 2104 2876 2184 Nunquid,
2917 2107 3063 2161 sicut
3110 2107 3310 2178 ﬁgulus
3347 2109 3472 2173 iste,

1884 2210 1991 2247 non
2033 2204 2225 2264 potero
2268 2198 2424 2252 vobis
2462 2198 2663 2264 facere,
2693 2200 2889 2254 domus
2915 2201 3083 2256 Israel
3119 2202 3204 2254 "-?
3237 2221 3253 2252 ι
3290 2201 3380 2256 Sic
3421 2213 3475 2256 et

1884 2288 2051 2357 hujus
2082 2305 2142 2345 se
2166 2289 2281 2358 jam
2317 2295 2597 2361 propheta:
2618 2307 2749 2348 voce
2778 2296 3079 2348 c0nt.ritnm
3100 2304 3341 2350 veterem
3381 2313 3475 2366 po-

1885 2381 2097 2447 pulum,
2142 2390 2396 2451 tanquam
2433 2384 2586 2452 ﬁguli
2623 2384 2792 2437 lutum
2841 2384 3003 2455 515
3038 2403 3336 2451 reparasse,
3370 2405 3476 2442 me.

1885 2470 2175 2541 lioremque
2211 2472 2460 2528 olfecisse
2507 2477 2802 2545 signiﬁcat.
2856 2479 2963 2530 Sed
3008 2480 3312 2533 notandum
3367 2489 3473 2543 est,

1886 2579 1997 2632 quo
2029 2566 2170 2630 loco,
2208 2568 2407 2636 faciens
2441 2571 2714 2624 meliorem
2747 2575 3048 2639 prwparavi
3078 2575 3368 2642 habemus,
3403 2594 3478 2632 va:
3556 2598 3559 2600 '

1894 2655 1986 2725 qui
2044 2658 2367 2711 contradicit
2425 2661 2607 2728 ﬁctori
2657 2678 2754 2714 suo
2804 2661 3195 2734 Symmachum
3262 2668 3473 2737 legere,

1887 2747 2107 2815 deinde,
2135 2765 2236 2820 pro
2267 2751 2506 2821 nunquid
2547 2769 2708 2806 armis
2747 2754 2925 2807 arabit
2961 2766 3182 2822 (errant,
3223 2758 3477 2813 Themin-

1890 2841 2116 2905 tionem,
2153 2841 2244 2909 qui
2283 2849 2404 2894 arat
2437 2851 2654 2896 orantes
2689 2852 2912 2910 terram,
2951 2845 3330 2916 interpretari.
3354 2849 3479 2919 Ipse

1891 2931 2060 2994 cnim,
2087 2929 2184 2993 ait,
2227 2931 2491 3000 populum
2534 2937 2588 2985 in
2645 2933 2876 2987 formam
2911 2935 3076 2988 aliam
3114 2939 3344 3002 mutavi,
3383 2943 3477 3008 qui

1895 3032 2053 3077 terrm
2080 3024 2314 3089 incolas,
2347 3041 2605 3094 agrorum
2649 3025 2844 3090 instar,
2867 3043 3120 3092 exerceo,
3171 3039 3222 3083 et
3256 3031 3477 3102 subigo.

213 3128 299 3181 36's
336 3133 459 3193 ταῖς
495 3132 656 3200 ἐμαῖς
708 3133 1065 3204 οἰκονομίαις,
1101 3136 1179 3202 ὡς
1213 3112 1360 3189 οὐδέ
1395 3139 1592 3204 πηλὸς
1623 3155 1784 3208 κερα-

1898 3112 2088 3169 Videte
2113 3115 2279 3180 igitur
2311 3131 2378 3168 ne
2405 3117 2658 3171 instituto
2701 3133 2822 3172 meo
2851 3135 3095 3189 meaeque
3121 3124 3480 3191 providentize

206 3221 312 3288 μεῖ.
355 3222 566 3288 Ποηλοῦ
601 3225 710 3294 γὰρ
735 3225 892 3293 λόγον
927 3228 994 3280 ἐκ
1025 3226 1138 3297 γῆς
1165 3228 1542 3296 πλασθέντες
1589 3229 1786 3302 ἔχομεν

207 3313 274 3375 ὡς
301 3315 441 3385 πρὸς
475 3316 733 3386 κεραμέα
762 3319 853 3371 τὸν
889 3320 1112 3373 πάντων
1137 3322 1499 3392 Δημιουργόν.
1544 3325 1658 3388 Πᾶς
1688 3325 1787 3394 μὲν

209 3405 292 3459 οὖν
320 3409 740 3480 ἐναντιούμενος
775 3411 1150 3475 ταλανίζεται,
1181 3414 1475 3484 ἐξαιρέτως
1521 3416 1579 3469 δὲ
1613 3417 1642 3468 ὁ
1673 3418 1786 3471 Πα-

204 3498 336 3568 τέρα
385 3497 571 3567 λαχὼν
622 3500 715 3553 τὸν
757 3501 892 3554 Θεὸν
931 3503 1083 3572 αὐτῷ
1125 3521 1185 3556 τε
1231 3503 1359 3567 λαὸς
1403 3506 1782 3576 ἀνακείμενος.

205 3593 350 3646 Οὐαὶ
386 3593 496 3662 γὰρ
527 3595 560 3647 ό
605 3596 801 3664 λέγων
845 3595 925 3661 τῷ
952 3596 1159 3666 πατέρι
1207 3599 1421 3665 αὑτοῦ,
1461 3601 1522 3653 Tl
1566 3601 1784 3669 γεννή-

201 3698 373 3750 σεις;
401 3685 432 3755 ἢ
477 3687 620 3739 κατὰ
651 3687 971 3758 Σύμμαχον,
1005 3691 1066 3743 Τί
1095 3690 1461 3759 ἐγέννησας;
1486 3694 1558 3745 υὺ
1589 3693 1790 3746 παύον-

199 3793 290 3828 ται
317 3775 427 3846 γάρ
461 3794 609 3841 τινες
647 3778 1007 3846 ἐγκαλοῦντες
1037 3779 1159 3850 Θεῷ
1183 3793 1197 3809 ·
1237 3779 1302 3831 Τί
1331 3781 1440 3848 γὰρ
1465 3779 1574 3833 ἔδει
1595 3781 1787 3835 τούτου

198 3868 292 3922 τοῦ
325 3868 475 3938 βίους
506 3870 602 3933 Τίς
633 3872 663 3940 ἡ
699 3871 889 3923 τούτου
923 3871 1228 3940 διοίκησις;
1262 3872 1359 3926 καὶ
1384 3874 1466 3936 τίς
1499 3874 1723 3928 ἐκείνων
1753 3877 1787 3946 ἡ

199 3965 398 4034 xpetit;
437 3965 608 4035 ἐχρῆν
633 3963 688 4017 δὲ
723 3964 865 4018 οὕτω
894 3964 1247 4035 γεγενῆσθαι.

275 4227 408 4282 Εἶτά
439 4244 628 4298 φησιν·
663 4227 1033 4295 Ἑρωτήσατέ
1052 4245 1129 4296 με
1169 4228 1304 4296 περὶ
1336 4227 1454 4281 τῶν
1478 4228 1624 4282 υἱῶν
1643 4247 1788 4299 μου,

202 4323 301 4376 καὶ
333 4323 464 4389 περὶ
499 4322 619 4374 τῶν
647 4321 836 4388 ἔργων
867 4321 987 4374 τῶν
1015 4321 1377 4391 χειρώνμου.
1414 4322 1512 4374 Διὰ
1541 4324 1638 4391 μὲν
1670 4323 1790 4378 τῶν

203 4413 348 4467 υἱῶν
377 4413 664 4483 σημαίνων
695 4413 793 4483 τὴν
826 4416 1022 4484 νοερὰν
1056 4414 1243 4466 οὐσίαν
1275 4414 1371 4466 καὶ
1404 4415 1654 4485 λογικήν.
1690 4419 1788 4469 Διὰ

1897 3207 2286 3273 adversetuini,
2313 3226 2415 3262 non
2442 3210 2610 3279 magis
2634 3226 2793 3280 quant
2829 3211 3001 3265 lutum
3039 3213 3226 3284 ﬁgulo.
3270 3215 3478 3270 Sumus

1888 3299 2035 3353 enim
2079 3299 2182 3352 luti
2217 3301 2415 3366 instar,
2454 3301 2548 3371 qui
2598 3302 2662 3354 de
2694 3310 2838 3356 terra
2875 3305 3151 3374 fingimur,
3182 3306 3225 3360 si
3256 3307 3321 3360 ad
3356 3323 3477 3359 Olli-

1889 3393 2039 3445 nium
2086 3393 2340 3462 opilicem
2393 3394 2616 3463 ﬁgulum
2665 3395 3017 3465 respicimus.
3063 3397 3160 3452 Est
3207 3399 3480 3469 igiturin-

1891 3486 2016 3539 l'elix
2039 3486 2360 3556 quicunque
2387 3487 2565 3543 eidem
2598 3488 2946 3555 adversatur,
2974 3490 3069 3544 sed
3090 3491 3179 3545 ille
3207 3493 3481 3562 prtecipuc

1888 3577 1983 3642 qui
2025 3576 2193 3632 Deum
2239 3580 2292 3632 in
2349 3580 2566 3634 Patrem
2617 3579 2868 3643 sortitus,
2918 3581 3206 3651 eidemque
3248 3585 3480 3653 populus

1888 3671 2120 3726 elfectus
2184 3672 2286 3742 ipsi
2333 3688 2455 3726 sese
2499 3673 2666 3727 audet
2711 3689 3011 3743 Opponere.
3055 3673 3147 3730 Va:
3191 3677 3333 3731 enim
3389 3679 3480 3746 qui

1889 3761 2018 3814 dicit
2044 3763 2186 3831 patri
2212 3779 2330 3824 suo,
2357 3763 2794 3834 Quitlgenerabis
2819 3767 2977 3831 ?aut,
3002 3768 3306 3821 secundum
3330 3769 3483 3839 Sym-

1892 3855 2168 3920 machum,
2191 3855 2330 3921 Quid
2354 3856 2582 3925 genuisti
2608 3857 2632 3909 ?
2665 3872 2771 3910 non
2799 3858 3060 3912 desinunt
3085 3845 3232 3914 enim
3266 3859 3374 3914 Deo
3401 3861 3482 3914 sic

1899 3950 2200 4003 conviciari
2249 3949 2526 4002 nonnulli:
2552 3948 2891 4019 Ecquidnam
2917 3953 3027 4006 vita
3063 3953 3163 4007 ista
3194 3969 3333 4022 opus
3350 3953 3484 4006 fuit?

1894 4041 2094 4112 ecquid
2133 4043 2327 4098 istlucc
2359 4043 2770 4097 administratio
2797 4045 2818 4097 ?
2847 4044 3032 4115 Ecqua
3068 4048 3290 4101 illorum
3327 4049 3479 4100 utili-

1895 4134 2017 4189 Lib?
2049 4138 2117 4190 At
2143 4137 2215 4188 ita
2249 4135 2363 4189 ﬁeri
2391 4139 2663 4205 oportuit.

1967 4229 2170 4282 Deinde
2213 4227 2438 4294 subiicit
2466 4245 2478 4279 :
2506 4224 2840 4296 Interrogata
2874 4242 2954 4279 me
2983 4226 3049 4279 de
3085 4226 3213 4296 [iliis
3240 4228 3392 4290 meis,
3434 4239 3483 4281 et

1894 4322 1957 4374 de
1982 4319 2225 4388 operibus
2256 4333 2510 4370 manuum
2543 4333 2806 4371 mearum.
2839 4317 2940 4371 Ubi
2965 4317 3202 4386 [iliarum
3237 4320 3479 4384 nomine.

1896 4409 2262 4480 intelligendi,
2292 4408 2770 4478 ratiocinandique
2805 4423 3039 4476 capaces
3070 4417 3299 4464 naturas
3332 4426 3346 4474 ;
3390 4427 3485 4480 per

200 4505 260 4556 δὲ
291 4503 406 4556 τῶν
468 4505 679 4571 ἔργων,
711 4502 779 4555 τὰ
820 4503 958 4574 μέρη
1008 4505 1102 4556 τοῦ
1150 4503 1382 4574 κόσμου.
1410 4506 1472 4557 Εἰ
1526 4507 1628 4575 μὲν
1676 4508 1784 4576 γὰρ

1894 4519 2052 4571 opera
2111 4511 2328 4564 autem,
2376 4501 2567 4555 mundi
2638 4509 2826 4570 partes
2897 4500 3187 4558 intellexit.
3240 4501 3297 4555 Si
3349 4505 3481 4572 quid

204 4595 347 4664 ἔχεις
376 4613 452 4658 τι,
479 4595 672 4664 φησιν,
725 4596 920 4660 εἰπεῖν,
953 4596 1032 4656 si;
1065 4596 1273 4648 τούτων
1306 4596 1615 4666 διόρθωσιν,
1642 4599 1788 4666 λέγε.

203 4690 266 4740 Ei
294 4687 353 4741 δὲ
391 4688 585 4758 μαθεῖν
615 4703 699 4750 τις
731 4687 906 4740 ἐθέλει
936 4687 1062 4755 περὶ
1095 4689 1295 4751 αὐτῶν,
1348 4689 1435 4742 διὰ
1482 4689 1592 4742 τῶν
1638 4691 1790 4760 ἐμῶν

203 4781 473 4849 ἐρωτάτω
499 4797 566 4849 με
619 4781 938 4850 προφητῶν,
972 4781 1068 4832 καὶ
1100 4780 1372 4848 γνώσεται
1418 4782 1542 4836 τίνα
1587 4783 1790 4852 τρόπον

204 4877 381 4929 πάντα
400 4875 576 4927 διέπω
602 4873 921 4943 κηδόμενος.
961 4873 1096 4926 Τίνα
1124 4874 1232 4943 γὰρ
1269 4875 1383 4945 ἔχει
1438 4872 1647 4946 μέμψιν
1681 4877 1791 4929 ἁν-

201 4967 440 5033 θρώπου
470 4966 839 5036 δημιουργία;
872 4967 1026 5017 ποῖον
1073 4966 1128 5018 δὲ
1154 4967 1399 5036 κάλλοςῆ
1430 4967 1659 5036 μέγεοος
1689 4972 1790 5022 οὐ·

193 5061 385 5130 μανὸς
409 5061 473 5113 οὐ
505 5059 844 5130 παρέρχεται
868 5077 882 5124 ;
913 5059 1045 5111 τίδέ
1068 5061 1141 5129 μὴ
1164 5059 1298 5131 πρὸς
1326 5060 1516 5130 χρείαν
1541 5062 1788 5128 ἐγένετος

201 5151 291 5220 Γῆ
329 5152 428 5222 μὲν
454 5151 671 5221 οἴκησιν
719 5151 1028 5220 ἀνθρώπῳ,
1053 5153 1148 5204 καί
1175 5151 1340 5220 φυτὰ,
1387 5152 1480 5205 καὶ
1509 5152 1623 5216 ςῶα
1654 5155 1792 5222 πρὸς

199 5248 300 5314 τὴν
322 5245 492 5298 αὑτοῦ
527 5248 746 5315 χρῆσιν,
802 5246 1154 5318 παρέχουσα.
1200 5246 1471 5312 Οὐρανοῦ
1497 5246 1554 5298 δὲ
1598 5246 1792 5315 ἄστρα

203 5335 299 5388 νῦν
331 5337 433 5405 μὲν
463 5336 616 5406 αὐτῴ
637 5337 1016 5407 δᾳδουχοῦντα·
1055 5337 1150 5391 νῦν
1180 5336 1235 5389 δὲ
1262 5337 1424 5390 πάλιν
1454 5339 1511 5392 ἐν
1541 5339 1788 5409 ἁρμονίῳ

203 5433 417 5498 κινήσει
473 5433 686 5499 σημεῖα
721 5433 814 5483 καὶ
845 5431 1076 5500 χρόνους
1121 5431 1453 5484 ἀποτελέσαι
1489 5432 1786 5502 δυνάμενα.

203 5526 348 5594 Πρὸς
373 5524 430 5576 δὲ
460 5527 574 5586 τοῖς
600 5525 782 5588 ἄλλοις
815 5525 1023 5588 καλοῖς,
1061 5527 1297 5594 "lira/pa
1319 5527 1413 5578 xui.
1431 5525 1519 5578 διὰ
1547 5526 1637 5579 τὸν
1659 5526 1790 5596 ἐμὸν

279 5643 320 5674 ³⁸
345 5642 492 5696 Psal.
532 5659 699 5698 tum
768 5645 854 5700 12.
936 5647 977 5676 ¹⁹
1012 5644 1209 5700 .Iercm.
1259 5663 1411 5711 mu,
1451 5648 1481 5697 (ἰ

1892 4599 2038 4653 enim
2065 4597 2213 4651 vales
2240 4596 2448 4660 dicere,
2476 4595 2675 4662 inquit,
2699 4603 2756 4648 tu
2782 4593 2921 4648 illud
2953 4596 3006 4648 in
3042 4595 3275 4649 istorum
3299 4611 3485 4650 emen-

1893 4692 2168 4746 dationem
2221 4688 2693 4756 directionemque
2746 4687 3059 4757 prolucito.
3132 4688 3230 4741 Sin
3291 4701 3478 4743 autem

1891 4786 2107 4838 discere
2156 4791 2210 4836 et
2261 4783 2454 4836 audire
2496 4782 2563 4836 de
2602 4782 2714 4835 illis
2761 4781 3059 4850 quisquam
3102 4782 3327 4850 cupiat,
3388 4799 3483 4852 per

1894 4895 2048 4934 meos
2095 4877 2183 4932 me
2219 4877 2515 4946 prephetas
2569 4875 2880 4944 interroget,
2919 4874 3095 4942 utqui
3138 4876 3322 4928 omnia
3365 4877 3482 4942 ipse

1901 4984 2098 5038 magna
2132 4984 2263 5023 cura
2309 4968 2528 5030 obeam,
2577 4965 2868 5034 intelligat.
2905 4964 3047 5029 Quid
3098 4966 3242 5017 enim
3293 4973 3373 5016 est
3425 4964 3480 5015 in

1900 5060 2128 5114 hominis
2155 5057 2386 5122 fabrica,
2419 5057 2564 5125 quod
2599 5056 2889 5125 quisquam
2918 5052 3482 5124 repreliendat?Quid

1898 5149 2189 5219 pulchrum
2235 5146 2392 5209 adeo,
2443 5145 2528 5200 vel
2562 5161 2844 5215 magnum,
2888 5145 3035 5213 quod
3091 5144 3384 5211 splendore
3427 5152 3484 5195 et

1898 5239 2258 5310 amplitudine
2286 5239 2476 5291 cwlum
2517 5251 2626 5290 neu
2662 5234 2923 5304 superet?
2954 5234 3097 5299 Quid
3145 5249 3254 5286 non
3297 5234 3350 5284 in
3390 5247 3485 5286 eo-

1899 5341 2020 5392 dem
2049 5336 2115 5389 ad
2143 5334 2436 5389 utilitatem
2479 5328 2894 5400 comparatum?
2928 5327 3094 5382 Terra
3118 5326 3340 5396 quidem
3360 5326 3480 5394 ipsa

1902 5432 1956 5483 in
1989 5428 2406 5487 habitationem,
2449 5433 2506 5476 ut
2541 5422 2762 5485 planue,
2807 5430 2861 5473 et
2897 5419 3157 5472 animalia
3195 5418 3248 5471 in
3295 5433 3504 5478 usum,

1901 5521 2201 5575 hominibus
2223 5525 2515 5574 cesserunt
2543 5531 2555 5569 :
2582 5513 2896 5570 cw-liautem
2935 5522 3109 5577 astra,
3142 5511 3336 5582 partim
3361 5526 3482 5579 (μω-

1533 5765 1763 5827 VARIAS
1801 5762 2214 5822 LECTIONES.

296 5859 315 5894 λ
339 5875 426 5928 π).
452 5855 668 5926 βελτίω.
