3978 6374
156 375 285 443 2425

154 489 397 540 τοσοῦτον
427 489 588 560 ἔργον
617 499 896 568 πανταχοῦ
927 504 1027 570 τῆς
1056 498 1384 578 οἰκουμένης
1424 514 1726 580 ὀνύσασινς

153 582 301 643 Τινὲς
337 583 393 634 δὲ
417 583 593 648 οὕτως
620 589 829 641 ἄνωθεν
871 593 1212 665 ἐξηγήσαντο
1245 618 1256 629 ·
1295 603 1405 670 Τὴν
1439 607 1619 659 αἰτίαν
1655 609 1734 660 δί-

151 671 276 724 δωσι
304 673 376 725 δι’
421 675 487 745 ἦν
539 677 914 750 ὲνηνθρώπισε
973 685 1180 750 λέγων’
1221 690 1361 756 Ἐγώ
1386 697 1503 764 εἰμι
1543 701 1574 750 o'
1606 699 1732 753 κτί-

151 781 262 830 σας
287 780 384 819 σε.
420 767 495 819 Τὸ
523 768 579 820 δὲ
605 771 745 838 εἰμὶ,
770 774 871 843 τὴν
897 775 1068 848 ἀληθῆ
1101 783 1444 853 παρέστησεν
1477 787 1730 860 ὕπαρξιν,

150 860 236 909 καὶ
277 857 378 928 τὴν
435 860 604 923 ὅντως
657 860 822 917 οὖσαν
849 865 1016 937 ζωήν.
1046 871 1300 926 "Eurum
1331 875 1385 928 δέ
1412 892 1487 930 σε
1520 879 1606 932 ἐπ’
1630 881 1733 949 ἀφ’

152 950 364 1019 ϐαρείᾳ,
400 950 630 1008 θάνατον
667 956 742 1026 μὴ
775 961 1031 1030 ποιήσας,
1069 963 1223 1017 οὐδέν
1243 983 1301 1018 τε
1333 968 1472 1032 ζῶον
1503 972 1593 1024 ἐπὶ
1627 974 1732 1042 γῆς

149 1043 401 1106 ἀπέδειξα
436 1047 842 1117 παραπλήσιονο
874 1051 950 1103 σὲ
978 1053 1086 1123 γάρ
1104 1057 1301 1123 μόνον
1327 1059 1408 1125 ὡς
1436 1064 1732 1131 κεραμεὺς

156 1137 333 1202 χερσὶν
369 1137 532 1200 ἰδίαις
558 1137 864 1194 διέπνιασα
888 1147 952 1214 τῇ
990 1147 1096 1216 ἐμῇ
1132 1151 1373 1220 τιμήσας
1397 1154 1567 1207 εἰκόνι
1593 1157 1729 1226 πρὸς

150 1231 207 1296 τῇ
253 1228 451 1280 πλάσει
497 1230 592 1282 τοῦ
651 1231 922 1302 σώματος.
985 1241 1121 1309 Περὶ
1165 1238 1229 1296 οὗ
1279 1247 1374 1297 καὶ
1425 1247 1561 1316 πρὸς
1605 1247 1728 1301 Ἰὼϐ

153 1319 380 1384 ἔφασκεν
401 1339 414 1351 ·
452 1339 470 1372 ι
498 1319 575 1375 Ἦ
609 1325 674 1377 σὺ
734 1326 913 1379 λαϐὼν
942 1339 980 1366 ω
1032 1331 1276 1398 ἔπλασας
1306 1333 1464 1400 ζῶον,
1503 1341 1596 1392 καὶ
1629 1341 1725 1396 λα.-

153 1413 296 1482 λητὸν
325 1413 459 1465 αὐτὸ
485 1415 608 1468 ἔθου
647 1418 742 1470 ἐπὶ
768 1420 865 1490 τῆς
889 1422 990 1492 γῆς
1017 1439 1031 1489 ;
1065 1443 1082 1474 ι
1112 1426 1222 1478 Καὶ
1250 1428 1415 1482 Δαϐἰό
1439 1430 1494 1483 δέ
1524 1449 1688 1503 φησιν
1709 1449 1724 1463 ⁶

161 1525 175 1553 ι
207 1504 554 1570 Ἠλάττωσας
586 1509 748 1562 αὑτὸν
780 1511 958 1583 βραχύ
975 1533 1024 1568 τι
1052 1517 1184 1588 παρ’
1219 1520 1508 1588 ἀγγέλους.
1533 1544 1553 1576 ι
1594 1523 1723 1579 Εἶτα

158 1600 255 1660 τοῖς
287 1597 346 1661 ἐξ
383 1597 601 1671 Ἰσραὴλ
646 1603 976 1670 ἐγκαλοῦσιν
1030 1610 1178 1679 αὐτῷ
1212 1613 1309 1682 τὴν
1343 1617 1534 1668 ἐκτῶν
1566 1636 1722 1688 νομι-

156 1689 250 1741 κῶν
299 1691 487 1744 τύπων
540 1695 863 1768 ἀπαλλαγὴν
911 1699 1046 1770 πρὸς
1088 1703 1346 1773 ἀληθείας
1406 1709 1720 1778 μετάθεσιν,

153 1781 406 1870 ὀνειδίζει.
438 1785 665 1853 Ἔλεγον
720 1791 852 1862 γὰρ,
904 1810 924 1843 ι
961 1795 1020 1845 Εἰ
1052 1790 1120 1865 ἦν
1159 1790 1314 1861 οὗτος
1349 1801 1502 1870 παρὰ
1532 1803 1669 1856 Θεοῦ
1694 1805 1722 1856 ὁ

154 1868 441 1938 ἄνθρωπος,
501 1873 601 1926 οὐκ
653 1875 774 1929 ἔλυε
797 1878 857 1931 τὸ
887 1880 1190 1939 Σάϐϐατον.
1234 1906 1252 1937 ι
1313 1868 1574 1960 Ἀρο-τριςῖ
1612 1895 1721 1965 γάρ

154 1977 238 2025 τις,
267 1963 457 2031 φησιν,
496 1964 592 2036 οὐχ
651 1966 739 2022 ἵνα
791 1971 950 2040 μόνον
1004 1975 1331 2047 ἀροτριὰσῃ
1371 1997 1384 2010 ’
1444 1983 1508 2036 ἐκ
1538 1985 1592 2036 δὲ
1613 1985 1722 2039 τῶν

151 2054 627 2126 καταὸαλλομένων
662 2065 998 2132 σπερμάτων
1039 2069 1290 2138 καρποὺς
1343 2075 1721 2146 προσδεχόμε-

148 2162 238 2207 νος.
287 2147 463 2216 Κάγὼ
518 2155 696 2204 τοίνυν
760 2155 928 2224 ὑμᾶς,
965 2157 1040 2222 ὡς
1075 2160 1182 2230 γῆν
1227 2162 1604 2234 ὑλομανούσαν
1633 2169 1722 2225 διὰ

143 2236 228 2302 τὴν
256 2237 726 2312 εἰδωλολατρείαν,
851 2248 1102 2313 Μωσέως
1155 2253 1486 2321 ἠροτρίασα
1545 2259 1718 2331 νόμῳ,

138 2329 206 2397 τῷ
233 2329 354 2398 ἐμῷ
381 2336 833 2402 προευτρεπέζων
889 2340 1001 2405 Υἱῷ
1026 2342 1124 2412 τὴν
1154 2345 1262 2395 τῶν
1299 2347 1520 2414 ἀγαθῶν
1549 2329 1718 2423 σπερ-

140 2421 316 2489 μάτων
377 2425 709 2499 καταϐολὴν.
736 2430 800 2482 Τί
835 2426 927 2485 οὖν
979 2433 1071 2486 διά
1119 2437 1321 2501 παντός
1357 2441 1449 2493 τὸν
1494 2421 1721 2511 ἀρότὴν

140 2514 389 2584 στέργετε
423 2518 610 2588 νόμον,
655 2523 742 2574 ὅτε
768 2526 962 2596 καιρὸς
989 2529 1088 2596 τῆς
1115 2529 1182 2582 δι’
1215 2531 1412 2596 ὓδατος
1437 2538 1528 2588 καὶ
1564 2538 1721 2592 πνεύ-

143 2624 292 2672 ματος
345 2611 740 2678 άναπλάσεως;
797 2619 933 2687 πρὸς
973 2621 1038 2690 ἣν
1087 2623 1413 2689 ὑπείκοντας
1443 2629 1589 2698 ὑμᾶς
1619 2631 1718 2684 οὐκ

143 2699 251 2768 ἕλω,
290 2701 432 2770 μηδὲ
467 2703 558 2757 τὸν
592 2706 797 2775 πηλὸν
850 2710 1096 2782 ὁρῶντας
1141 2715 1235 2766 τοῦ
1289 2720 1608 2786 κεραμέως,
1643 2724 1718 2787 ὡς

140 2793 336 2845 ἐκείνου
385 2795 685 2851 πλάττεται
720 2817 778 2853 τε
808 2803 903 2854 καὶ
962 2805 1404 2874 μεταπλάττεται
1461 2813 1714 2882 νεύματι,

143 2885 294 2955 μηδὲν
315 2888 421 2958 τὴν
470 2889 868 2964 δημιουργικὴν
899 2897 1250 2967 μεμφόμενον
1297 2901 1488 2970 κεὶοαν
1522 2905 1718 2976 ὼςτῆς

142 2976 484 3042 ἀνακλάσεως
539 2983 852 3066 ἐπιστήμην
906 2987 1008 3039 οὐκ
1057 2986 1324 3058 ἔχουσαν;
1353 2993 1468 3046 ἀλλ’
1535 2997 1654 3050 οὐδὲ
1688 3000 1716 3051 ὁ

146 3070 281 3140 τεχθή
293 3073 489 3125 σεσθαι
516 3073 724 3143 μέλλων
748 3078 1080 3133 πυνθάνεται
1110 3083 1216 3136 τοῦ
1248 3089 1506 3153 πατέρος
1534 3089 1716 3157 εὶᾶρα

151 3163 516 3230 χεννήσει.Τί
544 3163 637 3220 οὖν
670 3169 831 3238 ὑμεῖς
860 3173 935 3243 μὴ
968 3173 1045 3245 τῷ
1081 3176 1298 3230 πάντων
1331 3187 1707 3252 παραχωρεῖτε

141 3254 460 3326 Δημιουργῷ
504 3257 594 3310 τὸν
641 3260 842 3330 τρόπον
888 3263 1085 3317 ειδέναι
1128 3266 1225 3336 τῆς
1279 3268 1704 3337 ἀνακλάσεως,
1736 3250 1780 3309 c

137 3349 250 3418 περὶ
281 3344 354 3420 ἧς
379 3350 632 3420 λέγοντος
689 3356 784 3408 τοῦ
843 3357 1079 3426 Χριστοῦ
1127 3361 1437 3434 Νικόδημος
1495 3365 1708 3435 ἔλεγεν·

139 3441 256 3509 «Μὴ
294 3441 522 3497 δύναται
577 3446 864 3517 ἄνθρωπος
916 3450 1185 3520 γέρωνῶν
1214 3455 1300 3518 είς
1358 3456 1456 3528 τὴν
1505 3459 1712 3512 κοιλίαν

133 3532 217 3601 τῆς
246 3535 486 3605 μητέρος
519 3538 682 3592 αὐτοῦ
723 3528 980 3612 δεύτερον
1014 3543 1277 3600 εἰσελθεῖν
1310 3550 1404 3602 καὶ
1439 3551 1710 3621 γεννηθῆς

132 3642 207 3678 ναι
226 3643 243 3690 ;

1251 396 1787 467 COMMENTARII
1826 408 1907 468 IN
1942 412 2229 477 ISAIAM.

3279 428 3420 490 53426

1761 536 1801 580 Α
1837 520 2008 590 ipsas,
2045 526 2093 577 id
2135 535 2220 578 est
2253 524 2550 594 Ecclesias,
2573 532 2864 585 renovavit.
2886 533 3102 598 Quibus
3132 541 3418 592 conveniet

1837 624 1890 668 et
1914 615 2046 669 illud
2085 632 2097 667 :
2139 615 2280 670 Num
2323 629 2546 712 propter
2581 637 2677 677 eos
2723 625 2930 693 pudore
2962 625 3288 689 adicientur,
3324 632 3415 699 qui

1837 714 2049 760 tantum
2085 725 2222 777 opus
2251 711 2454 780 ubique
2487 722 2759 768 terrarum
2795 717 3200 774 absolverunt?
3229 719 3420 791 Neque

1836 814 1966 852 vero
1993 799 2213 863 desunt,
2251 802 2342 869 qui
2377 804 2458 855 sic
2479 819 2508 855 a
2543 805 2816 874 principio
2847 809 3142 876 explicent,
3198 821 3256 864 ut
3285 793 3425 868 cau-i

1835 905 1973 952 sum,
2004 907 2110 957 qua
2137 893 2334 945 ductus
2368 894 2766 948 humanitatem
2798 903 3122 968 assumpsit,
3153 916 3275 955 cum
3305 903 3416 973 Ego

1834 997 1971 1044 sunt,
2004 982 2094 1048 qui
2127 984 2299 1035 creari
2331 993 2376 1036 te
2403 983 2562 1047 dicit,
2598 987 2782 1039 allerri
2811 989 3152 1044 existiment.
3190 990 3414 1058 Deinde,

1833 1082 1886 1129 et
1912 1075 2132 1126 verbum
2153 1091 2269 1126 sum
2299 1076 2590 1144 adjecisse,
2627 1087 2684 1130 ut
2713 1094 2894 1132 veram
2927 1097 2984 1135 se
3011 1085 3414 1150 exsistentiam,

1834 1181 2130 1235 veramque
2168 1168 2334 1220 vitam
2379 1184 2504 1223 esse
2535 1170 2969 1229 demonstraret.
2995 1174 3264 1245 Denique,
3297 1179 3410 1246 for-

1832 1261 1971 1313 mavi
2005 1271 2053 1313 te
2091 1260 2320 1326 dixisse,
2358 1269 2418 1314 ut
2449 1261 2513 1314 ad
2549 1263 3024 1333 incorruptionem
3048 1283 3125 1325 se.
3148 1270 3240 1338 qui
3265 1287 3416 1324 mor-

1831 1359 1939 1406 tem
1983 1368 2092 1406 non
2142 1352 2372 1417 fecerit,
2419 1355 2621 1424 cuique
2659 1357 2869 1410 nullum
2918 1358 2970 1411 in
3025 1369 3171 1413 terra
3232 1363 3416 1417 simiie

1830 1445 2034 1498 animal
2060 1460 2182 1500 esse
2207 1446 2464 1509 voluerit,
2489 1448 3022 1517 errassejudicaret.
3042 1451 3112 1505 Te
3142 1453 3411 1523 siquidem

1831 1552 1994 1588 unum
2034 1539 2171 1592 lueis
2219 1541 2337 1607 ipse
2374 1542 2651 1598 manibus.
2681 1540 2884 1608 inquit,
2928 1552 3182 1610 tanquam
3216 1546 3412 1613 ﬁgulus

1828 1625 2122 1692 e/formavi,
2159 1643 2389 1696 meaque
2421 1637 2473 1682 te
2499 1629 2758 1698 imagine,
2789 1642 2910 1696 post
2942 1632 3177 1686 t-ﬂictum
3211 1652 3412 1706 corpus

1830 1717 2060 1772 honoris
2097 1735 2231 1789 ergo
2267 1719 2490 1781 donavi,
2527 1730 2583 1773 ιιι
2616 1724 2681 1773 ad
2710 1719 2908 1775 Jobum
2941 1723 3216 1779 dicentem
3252 1743 3411 1798 repe-

1828 1811 1938 1863 rias
1958 1811 2042 1865 his
2057 1813 2267 1867 verbis:
2289 1832 2307 1864 ι
2335 1811 2473 1866 Νιιιιι
2495 1821 2551 1866 ιιι
2580 1814 2695 1867 Ιιιιο
2720 1828 2946 1884 accepto
2980 1817 3182 1873 tinxisti
3209 1822 3411 1874 animal

1824 1911 1878 1958 et
1908 1905 2100 1959 vocale
2125 1907 2256 1958 illud
2282 1907 2516 1975 posuisti
2556 1908 2606 1960 in
2643 1920 2784 1961 terra
2814 1910 2899 1962 ἐἳ
2933 1929 2950 1961 ι
2991 1911 3054 1964 Ει
3086 1914 3228 1982 apud
3254 1917 3411 1967 Davi-

1823 1995 1945 2049 dem
1975 2013 1988 2050 :
2029 2013 2048 2046 ι
2089 1995 2337 2051 Miuuisti
2374 2014 2498 2052 eum
2527 1999 2690 2068 paulo
2727 2000 2912 2054 minus
2941 2002 3009 2056 ab
3045 2005 3260 2072 angelis
3295 2007 3411 2073 glo-

1823 2090 1904 2141 ria
1927 2088 1992 2142 ’⁷.
2030 2107 2048 2140 ι
2080 2089 2348 2145 lsraelitis
2371 2090 2588 2157 deinde,
2621 2091 2715 2161 qui
2743 2093 2948 2161 liguras
2974 2111 3097 2147 eum
3127 2096 3326 2164 legales
3343 2102 3408 2150 ad

1824 2181 2108 2234 veritatem
2134 2183 2421 2237 traducere
2461 2185 2916 2245 criminarentur.
2959 2188 3277 2254 exprobrat.
3315 2187 3408 2240 Di-

1821 2273 2021 2326 cebant
2045 2273 2190 2326 enim
2225 2292 2237 2328 :
2270 2293 2289 2324 ι
2334 2273 2390 2328 Si
2416 2275 2505 2328 hic
2523 2276 2685 2329 homo
2714 2288 2860 2331 esset
2887 2293 2913 2330 a
2943 2277 3070 2342 Deo,
3104 2279 3406 2335 Sabbatum

1821 2379 1931 2418 non
1966 2366 2207 2420 solveret
2243 2366 2312 2422 ’⁸.
2353 2387 2372 2420 ι
2405 2367 2539 2421 Arat
2570 2369 2715 2422 enim
2748 2372 3012 2440 quis,ait,
3047 2389 3156 2426 non
3193 2382 3405 2427 tantum

1821 2471 1878 2513 ut
1909 2471 2056 2524 aret,
2096 2462 2192 2516 sed
2220 2469 2277 2515 ut
2319 2478 2386 2516 ex
2419 2464 2691 2518 mandatis
2735 2463 2900 2516 Innuo
2925 2467 3252 2531 seminibus,
3290 2466 3406 2520 fru-

1819 2558 1943 2605 ctus
1959 2551 2124 2606 etiam
2146 2554 2435 2622 percipiat.
2467 2552 2652 2623 Itaque
2677 2564 2732 2608 et
2768 2572 2866 2610 vos
2890 2573 2990 2626 ego
3014 2565 3177 2611 terra:
3206 2561 3402 2618 instar.

1820 2642 2019 2711 inquit,
2057 2651 2283 2712 propter
2316 2644 2684 2699 idololatriam
2709 2647 3069 2711 luxuriantis,
3102 2647 3269 2702 Mosis
3291 2651 3407 2717 lege

1819 2734 2090 2799 subactos,
2115 2735 2258 2789 Ε’ἱὲἱο
2286 2736 2450 2806 518
2471 2755 2584 2792 meo
2621 2739 2687 2791 ad
2722 2739 2885 2792 home
2913 2741 3178 2794 sementis
3205 2755 3407 2810 excep-

1819 2831 2022 2882 tionem
2079 2833 2400 2898 pra‘eparavi.
2462 2829 2605 2896 Quid
2654 2832 2823 2901 igitur
2860 2833 2962 2901 ipsi
3022 2835 3208 2888 studio
3248 2843 3405 2887 tanto

1819 2921 1989 2989 legem
2024 2921 2078 2973 in
2109 2931 2377 2975 aratorem
2408 2938 2627 2992 semper
2658 2925 2910 2979 retinetis
2945 2941 2958 2989 ;
3011 2942 3125 2993 quo
3157 2933 3403 2994 tempore

1817 3011 2054 3064 maxime
2089 3026 2230 3080 aqua
2271 3023 2328 3067 et
2373 3015 2568 3083 spiritu
2609 3015 2662 3068 in
2712 3016 2944 3070 fortnam
2991 3017 3154 3071 aliam
3202 3019 3403 3072 mutari

1817 3099 2012 3153 valetis
2037 3116 2052 3163 ;
2081 3117 2242 3170 quam
2273 3103 2375 3170 ipsi
2405 3103 2678 3173 refugitis,
2701 3123 2841 3174 quos
2874 3109 3039 3161 latere
3069 3124 3174 3160 non
3200 3116 3400 3177 potest,

1819 3189 1987 3242 lutum
2027 3206 2122 3260 pro
2148 3193 2301 3260 ﬁguli
2325 3193 2554 3247 arbitrio
2583 3196 2746 3248 aliam
2781 3205 2944 3265 atque
2979 3196 3142 3249 aliam
3171 3198 3400 3266 ﬁguram

1821 3281 1969 3349 pati;
2006 3298 2182 3350 neque
2213 3284 2514 3352 quidquam
2543 3301 2690 3350 esse,
2722 3287 2867 3354 quod
2899 3289 3130 3340 artilicis
3157 3305 3394 3350 mentun,

1821 3379 2082 3438 tanquam
2137 3373 2372 3442 ﬁngendi
2423 3374 2709 3428 scientiam
2747 3393 2853 3430 non
2908 3379 3123 3439 habeat,
3171 3394 3402 3448 arguere

1819 3461 2050 3515 audeat?
2081 3464 2148 3516 At
2183 3464 2406 3518 minime
2435 3468 2529 3536 qui
2559 3469 2876 3523 nasciturus
2912 3479 3016 3530 est,
3052 3486 3080 3522 a
3120 3482 3270 3539 patre
3305 3488 3401 3525 suo

1820 3565 2238 3622 generalurusne
2284 3557 2376 3621 sit,
2425 3560 2748 3626 postulabit.
2790 3561 2931 3625 Quid
2968 3561 3130 3630 igitur
3159 3565 3400 3617 omnium

1824 3647 2002 3714 opifici
2051 3647 2178 3708 Deo,
2229 3651 2450 3702 modum
2487 3651 2638 3704 illum
2685 3651 2958 3720 formandi
3008 3655 3244 3708 retinere
3291 3670 3401 3708 non

132 3722 455 3789 conceditis,
491 3725 558 3778 de
585 3742 694 3796 quo
717 3728 999 3785 Christum
1025 3734 1327 3804 alloquitur
1354 3737 1709 3804 Nicodemus,
1751 3741 1881 3795 dum
1915 3744 2032 3797 ait:
2076 3764 2094 3795 ι
2134 3744 2275 3799 Num
2308 3753 2487 3816 potest
2521 3748 2708 3813 homo,
2757 3763 2886 3801 cum
2968 3749 3039 3804 sit
3108 3764 3298 3815 senex,
3344 3751 3397 3802 iu

133 3825 368 3870 reutrem
401 3823 596 3874 matris
616 3838 730 3875 sua:
759 3826 957 3880 iterum
991 3828 1221 3893 intrare,
1253 3843 1306 3885 et
1345 3834 1560 3887 renasci
1589 3835 1674 3887 ’9?
1713 3855 1732 3886 ι

189 3913 251 3964 Ei
278 3912 616 3986 ἐπετίμησεν
649 3915 764 3982 οὖν,
803 3923 993 3987 φησὶν,
1028 3927 1062 3976 0'
1097 3927 1298 3993 πηλὸς
1327 3925 1408 3991 τῷ
1443 3929 1710 3997 κεραμεῖ,

135 4004 211 4055 ιιι
243 4003 433 4074 μήπω
483 4025 576 4074 τις
624 4013 855 4079 τεχθεὶς
898 4015 1153 4071 ἐπύθετο
1204 4019 1311 4072 τοῦ
1359 4022 1616 4088 πατέρος
1658 4024 1715 4076 τί

128 4096 351 4160 τέξεται
378 4114 394 4128 ο
423 4100 742 4172 ἐρωτήσατε
794 4107 889 4158 καὶ
909 4107 1066 4176 ὑμεῖς
1088 4109 1138 4160 oi
1168 4110 1417 4180 ἐσόμενοί
1445 4129 1546 4182 μου
1576 4114 1714 4165 κατὰ

125 4192 347 4260 καιροὺς
375 4192 480 4244 υἱοί
509 4210 570 4246 τε
603 4196 696 4248 καὶ
719 4197 1041 4270 θυγατέρες,
1072 4203 1193 4256 τίνα
1230 4204 1392 4257 τοῦτο
1419 4211 1713 4276 γενήσεται

122 4285 344 4350 τρόπον.
400 4285 781 4344 Ἐντείλασθέ
800 4310 903 4360 μοι
931 4293 1029 4346 καὶ
1061 4295 1194 4362 περὶ
1227 4297 1343 4349 τῶν
1377 4298 1566 4367 ἔργων
1591 4300 1710 4352 τῶν

121 4373 336 4442 χειρῶν
391 4395 534 4445 μου.
577 4380 722 4434 Ἀντὶ
769 4382 887 4446 τοῦ,
920 4385 1207 4452 διατάξατε
1261 4390 1378 4452 πῶς
1431 4392 1705 4460 ποιητέον,

120 4469 185 4532 ὼς
221 4471 538 4536 ἀγνοοῦντι.
567 4473 700 4542 Σιγῇ
744 4475 851 4546 ἄρα
901 4480 1040 4544 μετά
1073 4481 1285 4534 Παύλου
1319 4485 1510 4554 ῥητέον
1531 4503 1544 4516 ·
1591 4505 1609 4536 ι
1643 4487 1706 4537 Ὢ

122 4561 287 4628 βάθος
333 4564 570 4617 πλούτου
623 4569 716 4618 καὶ
749 4570 937 4637 σοφίας
959 4572 1053 4624 καὶ
1084 4574 1340 4640 γνώσεως
1365 4577 1530 4631 Θεοῦι
1566 4597 1582 4626 ι
1613 4581 1705 4631 καὶ

1883 3928 1940 3981 Si
1993 3926 2163 3980 lutum
2203 3941 2336 3995 ergo
2378 3924 2544 3994 ﬁgulo
2581 3925 2931 3990 succensuit,
2983 3927 3197 3997 inquit;
3243 3929 3400 3998 sique

1813 4022 2056 4077 nondum
2079 4021 2133 4072 in
2165 4021 2336 4073 lucem
2371 4019 2555 4074 editus
2590 4036 2720 4088 puer
2745 4037 2777 4072 a
2806 4031 2957 4089 patre
2985 4038 3102 4085 suo,
3135 4022 3262 4091 quid
3306 4022 3399 4074 iile

1811 4119 2090 4187 geniturus
2123 4115 2214 4176 sit,
2239 4114 2493 4182 quiesivit
2529 4134 2541 4167 :
2574 4114 2912 4184 interrogate
2941 4127 2990 4167 et
3019 4117 3143 4184 ipsi,
3179 4117 3271 4184 qui
3301 4116 3394 4168 ﬁlii

1813 4219 1861 4261 et
1905 4207 2028 4259 lilia:
2051 4205 2352 4272 aliquando
2385 4205 2512 4255 mihi
2534 4205 2712 4265 eritis,
2733 4221 2972 4272 quanam
2998 4205 3144 4258 istud
3181 4207 3397 4258 ratione

1819 4295 2063 4348 futurum
2109 4295 2202 4348 sit.
2257 4293 2511 4347 tilundate
2572 4296 2700 4347 mihi
2738 4307 2999 4364 praeterea
3051 4304 3114 4350 de
3151 4300 3395 4365 operibus

1817 4403 2072 4440 manuum
2117 4403 2353 4439 mearum
2381 4402 2400 4438 :
2446 4387 2636 4449 idest,
2676 4390 2833 4448 mihi,
2875 4399 3134 4457 tanquam
3180 4384 3392 4459 ignaro,

1816 4479 2015 4548 agendi
2062 4479 2282 4531 tundunt
2332 4480 2577 4532 statuite.
2627 4481 2721 4533 Est
2767 4481 3009 4551 profecto
3056 4498 3177 4534 eum
3224 4481 3396 4534 Paulo

1813 4573 1976 4626 tacite
2033 4571 2332 4626 dicendum
2369 4585 2383 4620 ι
2425 4591 2441 4621 ι
2478 4569 2520 4623 Ο
2551 4571 2782 4624 altitudo
2824 4573 3138 4626 divitiarum
3164 4615 3178 4635 ,
3210 4585 3262 4627 et
3303 4589 3396 4626 sa-

120 4657 176 4705 τὰ
200 4656 296 4723 ἐφ’
330 4657 482 4726 ἑξῆς,
515 4659 708 4730 ἐτέρας
733 4660 911 4730 λέγειν
941 4669 1430 4738 παραγγελλούσης
1462 4671 1705 4742 Γραφῆς

1823 4665 2056 4734 pienlim,
2100 4672 2154 4717 et
2202 4663 2450 4717 scientia:
2477 4662 2564 4715 Dei
2601 4664 2676 4716 θοι
2732 4683 2748 4715 ι
2788 4674 3092 4733 raetoraque
3119 4666 3228 4728 illa,
3272 4683 3394 4735 qua:

124 4767 138 4796 ι
158 4749 291 4800 Ὅτι
322 4751 501 4804 πάντα
521 4751 767 4817 δύνασαι,
818 4757 1074 4811 ἀδυνατεῖ
1103 4759 1158 4813 δέ
1189 4778 1269 4812 σοι
1301 4763 1475 4816 οὐδέν.
1505 4783 1523 4814 ι
1551 4763 1708 4818 Οἶδεν

120 4839 220 4908 γὰρ
289 4845 632 4908 μεταποιεῖν,
686 4845 827 4898 καθάι
885 4848 973 4900 διὰ
1012 4849 1104 4901 τοῦ

118 4931 196 4982 ὅτι
237 4951 261 4982 ε
292 4933 593 4988 Ἐκσπάσω
620 4939 718 5008 τὴν
768 4941 994 5008 καρδίαν
1039 4943 1220 4996 αὐτῶν
1252 4947 1349 5016 τὴν
1397 4947 1604 5018 λιθίνην
1644 4951 1709 5003 ἐκ

120 5025 212 5093 τῆς
238 5027 446 5096 σαρκὸς
473 5029 672 5094 αὐτῶν,
699 5033 796 5085 καὶ
824 5031 981 5087 δώσω
1023 5037 1210 5100 αὐτοῖς
1250 5039 1478 5108 καρδίαν
1523 5043 1713 5110 σαρκί-

119 5135 235 5185 νην,
269 5119 368 5172 τοῦ
405 5121 606 5174 εἰδέναι
660 5124 856 5188 αὐτοὺς
909 5127 1029 5196 ἐμὲ,
1064 5129 1145 5180 ὅτι
1172 5130 1283 5198 ἐγὼ
1315 5132 1533 5200 Κύριος.
1563 5153 1580 5184 ι
1616 5135 1707 5186 Διὸ

119 5213 208 5261 καὶ
229 5212 330 5280 τὴν
364 5213 500 5264 [δίαν
524 5214 967 5285 ἐπιδεικνύμενος
991 5220 1238 5290 δύναμιν,
1276 5224 1424 5292 Ἐγὼ
1447 5227 1708 5293 ἐποίησα

120 5302 254 5370 γῆν,
279 5303 384 5356 καί
417 5305 736 5373 ἄνθρωπον
773 5310 865 5362 ἐπ’
911 5311 1120 5379 αὐτῆς.
1161 5316 1220 5367 ’0
1245 5318 1354 5387 γάρ
1391 5318 1578 5380 κτίσας
1613 5320 1709 5373 καὶ

118 5395 409 5449 ἀνακτίσαι
468 5399 781 5464 δυνήσεται.
819 5402 996 5471 Χεῖρα
1018 5405 1075 5458 δὲ
1109 5407 1271 5460 πάλιν
1324 5411 1478 5476 φησὶ,
1522 5411 1611 5462 τὸν
1635 5410 1704 5462 δι’

117 5477 175 5536 οὗ
196 5487 269 5537 τὰ
297 5485 479 5539 πάντα
510 5489 808 5557 πεποίηκεν
830 5490 976 5543 Υἰόν.
997 5511 1016 5542 ιι
1047 5493 1135 5563 Τῷ
1159 5495 1320 5565 Λόγῳ
1352 5495 1458 5566 γὰρ
1493 5495 1701 5565 Κυρίου

187 5603 252 5678 ¹⁴⁴
283 5599 511 5678 βαίνετ’,
531 5602 583 5658 9.
621 5674 632 5678 Α
660 5606 706 5635 ³⁷
747 5606 885 5678 Psai.
919 5623 1036 5670 VIII,
1071 5610 1139 5678 6;
1183 5609 1346 5668 Hebr.
1369 5626 1428 5675 tt,
1475 5609 1524 5664 7.

123 5685 193 5732 ιι,
237 5673 323 5725 ts.
400 5673 446 5704 ³³
475 5673 673 5729 Ezeclt.
713 5691 788 5741 xi,
821 5675 904 5741 19,
952 5681 1044 5735 Qu.

1184 4849 1445 4920 Ἰεζεκιήλ
1506 4872 1670 4924 φησιν
1689 4858 1722 4920 ,⁴

1604 5609 1648 5640 ³³
1682 5608 1839 5663 Joau.
1881 5623 1950 5670 Ix,
1973 5607 2061 5662 i6.

1812 4769 2140 4827 sequuntur.
2191 4756 2344 4822 Quod
2385 4766 2436 4809 et
2477 4757 2607 4809 alibi
2647 4755 2934 4825 Scriptura
2984 4759 3226 4823 indit-at,
3267 4775 3390 4813 cum

1811 4855 1886 4903 ait
1916 4870 1928 4905 :
1964 4872 1981 4902 ι
2014 4850 2209 4904 Omnia
2243 4857 2419 4917 potes,
2458 4865 2633 4916 neque
2677 4851 2972 4919 quidquam
3001 4865 3104 4914 est,
3140 4854 3283 4920 quod
3314 4853 3393 4905 μί’-

1809 4944 1974 4996 ticere
2006 4957 2112 4994 non
2135 4956 2309 5010 queas
2332 4941 2395 4993 ³¹.
2425 4959 2441 4989 ι
2478 4938 2641 4993 Novit
2675 4941 2822 4994 etaim
2857 4942 2909 4993 in
2939 4943 3130 4996 melius
3155 4958 3371 4995 counuu

1809 5045 1944 5099 lare,
1971 5045 2027 5090 et
2063 5036 2404 5099 instaurare;
2439 5035 2600 5087 sicut.
2639 5034 2782 5102 apud
2817 5035 3152 5088 Ezechielem
3196 5037 3248 5088 in
3281 5035 3394 5089 luet,

1819 5129 1984 5182 verba
2025 5126 2256 5195 legimus
2293 5143 2306 5179 :
2349 5145 2364 5174 ι
2399 5124 2637 5176 Evellaiu
2665 5140 2760 5176 cor
2787 5139 2976 5176 eorum
3027 5125 3297 5193 lapideum
3326 5123 3392 5177 de

1817 5238 1982 5276 carne
2009 5235 2222 5280 eorum,
2253 5227 2308 5272 et
2342 5217 2486 5270 dabo
2512 5217 2618 5271 illis
2650 5232 2746 5269 cor
2775 5234 3063 5277 carm-mm,
3086 5225 3136 5268 ut
3178 5217 3276 5286 ipsi
3303 5216 3392 5268 vi—

1817 5311 1981 5373 deant
2017 5326 2121 5375 me,
2169 5309 2298 5380 quia
2331 5325 2430 5378 ego
2465 5323 2586 5362 sum
2629 5307 2899 5362 Dominus
2925 5308 2987 5362 ”.
3033 5328 3050 5359 ι
3102 5307 3290 5375 itaque
3336 5315 3392 5359 et

1817 5420 1972 5459 suam
2015 5403 2132 5471 ipse
2178 5402 2438 5455 virtutem
2469 5399 2880 5464 demonstrans,
2908 5409 3101 5452 terram
3134 5415 3187 5451 se
3213 5408 3261 5452 et
3294 5397 3390 5450 ho-

1813 5498 2004 5549 minem
2025 5495 2082 5548 in
2118 5511 2182 5548 ea
2218 5495 2406 5562 fecisse
2459 5493 2560 5546 ait.
2605 5488 2798 5546 Potest
2851 5492 2997 5545 enim
3040 5491 3183 5545 idem
3225 5491 3390 5546 etiam

2136 5605 2362 5662 "Joan.
2395 5621 2477 5669 ιιι,
2502 5604 2552 5658 4.
2630 5604 2676 5637 ³ο
2706 5601 2864 5658 Rom.
2896 5618 2974 5667 xl,
3005 5602 3098 5658 225.
3174 5603 3214 5634 “
3249 5602 3380 5673 Sap.

1406 5773 1490 5827 VA
1503 5773 1638 5829 “UE
1676 5770 2073 5829 LECTIONES.

231 5862 270 5892 Ι·
302 5856 385 5912 ῖσ.
421 5860 578 5912 λείπ.
629 5859 821 5927 πηλόν.
