3978 6374
609 420 751 487 9427

1939 428 2254 488 PROCOPI
2263 429 2289 489 Ι
2330 429 2574 490 GAZ/EI
3700 435 3806 501 1128

615 535 923 587 instaurare
963 534 1054 603 qui
1088 532 1362 588 condidit.
1390 531 1593 588 Filium
1626 534 1845 599 deinde,
1886 551 1986 606 per
2019 552 2174 607 quem

2285 536 2334 589 οί
2363 538 2583 608 οὐρανοὶ
2603 538 3039 610 ἐστερεώθησαν,
3071 557 3091 591 ι
3120 539 3181 602 ὃς
3203 539 3301 593 καὶ
3333 539 3456 607 τοῖς
3482 541 3705 612 ἄστροις
3728 554 3803 604 ἐν.

613 640 643 678 a
671 641 731 679 se
753 636 938 680 creata
970 634 1100 679 sunt
1138 626 1346 689 omnia,
1378 627 1500 696 ipso
1533 643 1719 705 manus
1764 630 1984 683 nomine
2026 630 2172 683 intel-

615 717 763 772 lexit.
785 715 994 771 «Verbo
1017 718 1289 787 siquidem
1313 717 1526 772 Domini
1555 719 1681 773 caeli
1704 720 1902 773 ﬁrmati
1920 732 2050 774 sunt
2074 720 2141 775 ²³ε
2159 740 2176 773 ι

612 823 785 877 coque
816 809 977 862 astris
1010 808 1320 873 mandante,
1363 809 1415 862 in
1451 809 1560 863 diei
1599 811 1821 879 quidem
1858 820 2181 880 potestatem

612 902 723 965 sol;
761 902 815 954 in
851 902 1030 954 noctis
1063 911 1270 965 autem,
1310 902 1438 956 luna
1473 903 1719 958 emicuit.
1752 903 1909 959 Unde
1950 905 2081 958 illud
2126 905 2182 959 in

610 992 884 1047 Psalmis:
918 1012 936 1044 ι
990 992 1084 1048 Sol
1128 997 1386 1064 cognovit
1428 1011 1689 1051 occasum
1739 1013 1897 1052 suum
1944 998 2008 1051 “.
2053 1016 2070 1049 ι
2118 999 2183 1051 Et

602 1083 808 1137 iterum
844 1101 858 1138 :
894 1103 913 1135 ι
956 1084 1037 1138 Tu
1067 1085 1374 1141 fabricatus
1396 1102 1455 1141 es
1479 1087 1650 1141 solem
1676 1096 1731 1140 et
1758 1088 1942 1140 limam
1974 1087 2041 1140 ³⁵.
2072 1107 2090 1139 ι
2118 1088 2183 1140 At

606 1168 819 1239 eorum,
854 1191 975 1243 quae
1008 1186 1432 1245 praecesserunt,
1462 1179 1713 1231 notitiam
1736 1178 2037 1244 illustrant,
2061 1196 2180 1248 qure

606 1265 864 1335 deinceps
905 1276 1250 1337 sequuntur;
1283 1269 1484 1336 quibus
1521 1269 1754 1337 justitiaz
1793 1285 1886 1323 rex
1924 1270 2181 1327 Christus

606 1357 955 1425 praedicatur,
1004 1357 1169 1429 519
1200 1360 1293 1428 qui
1323 1359 1543 1427 justitia
1599 1364 1716 1429 ipsa
1755 1370 1859 1415 est.
1909 1362 1997 1415 Ait
2036 1364 2179 1416 enim

602 1449 767 1502 etiam
793 1449 1000 1503 alicubi
1035 1467 1048 1504 :
1090 1468 1109 1500 ι
1152 1450 1295 1504 Ecce
1318 1459 1469 1505 certe
1498 1458 1691 1520 regnat
1722 1450 1951 1520 iustitia!
1983 1468 2100 1517 rex,
2129 1464 2182 1507 et

603 1538 881 1609 principes
915 1556 1037 1594 cum
1063 1540 1275 1609 judicio
1310 1542 1659 1612 imperabunt
1683 1545 1752 1599 ³⁸.
1797 1564 1816 1597 ›
1858 1544 1990 1598 Nam
2044 1562 2181 1614 prae-

602 1633 851 1696 terquam
884 1630 1027 1697 quod
1055 1640 1250 1683 natura
1281 1646 1402 1685 cum
1435 1643 1586 1701 patre
1604 1649 1697 1686 rex
1717 1641 1838 1700 est,
1865 1650 1961 1689 eos
1989 1637 2177 1701 etiam,

605 1720 699 1787 qui
729 1718 1075 1786 defecerunt,
1104 1732 1385 1790 assumpta
1418 1738 1586 1777 carne
1626 1725 1823 1778 iterum
1864 1726 1966 1781 sibi
1995 1726 2181 1795 subje-

603 1810 680 1864 cit
714 1828 727 1863 :
760 1812 995 1875 Quivias
1028 1822 1219 1877 rectas,
1252 1813 1304 1867 id
1336 1822 1421 1867 est
1465 1812 1893 1882 Evangeliorum
1924 1819 2174 1883 oracula,

2286 631 2558 686 ετείλατο
2585 632 2841 699 διατάξας
2874 632 2965 685 τὸν
2994 633 3093 701 μὲν
3119 632 3274 703 ἥλιον
3297 634 3377 696 εἰς
3406 635 3571 704 ἀρχὰς
3594 643 3679 709 τῆς
3698 644 3805 713 ἠμί-

2287 739 2407 792 ρας.
2459 723 2649 787 νυκτὸς
2674 724 2730 777 δὲ
2766 725 2864 795 τὴν
2921 723 3173 794 σελήνην.
3240 726 3333 777 Διό
3364 728 3769 801 φησινὸψαλμάς
3794 755 3805 768 .

2292 832 2310 862 ι
2344 815 2402 867 Ὀ
2429 814 2580 885 ἥλιος
2601 815 2743 884 ἕγνω
2785 816 2883 887 τὴν
2917 814 3073 869 δύσιν
3098 814 3286 868 αὐτοῦ.
3313 834 3332 867 ι
3366 817 3473 869 Καὶ
3502 819 3649 872 πάλιν
3667 839 3679 852 ·
3715 826 3808 879 «Σὺ

2284 904 2597 974 κατηρτίσω
2631 907 2781 976 ήλιον
2810 906 2906 958 καὶ
2929 904 3180 975 σελήνην.
3208 924 3226 956 ι
3263 906 3376 976 Τὴν
3408 906 3463 958 δὲ
3490 908 3591 960 τῶν
3618 909 3810 977 (penem.

2282 1009 2390 1044 των
2411 992 2620 1047 ἔννοιαν
2644 994 2713 1046 τὰ
2758 997 2897 1065 μετὰ
2943 994 3116 1047 ταῦτα
3171 994 3342 1065 δηλοῖ,
3372 995 3437 1047 δι’
3468 989 3539 1049 ὧν
3560 1000 3586 1049 ὁ
3614 998 3807 1070 Χριστὸς

2283 1085 2585 1151 Βασιλεὺς
2632 1086 3021 1152 δικαιοσύνης
3064 1088 3398 1157 κηρύττεται
3422 1087 3667 1158 ὑπάρχων
3687 1092 3807 1146 αὐτο-

2282 1191 2387 1243 χρη
2397 1191 2472 1243 μα
2504 1174 2883 1243 δικαιοσύνη.
2913 1176 3022 1228 Καὶ
3042 1174 3276 1245 ἀλλαχοῦ
3300 1176 3408 1246 γάρ
3431 1193 3618 1244 φησιν’
3655 1197 3671 1229 ι
3707 1181 3806 1235 Ἰδοὺ

2281 1266 2344 1337 δὴ
2374 1265 2629 1334 βασιλεὺς
2677 1266 3026 1334 δικαιοσύνης
3083 1266 3398 1337 βασιλεύει,
3455 1269 3553 1321 καὶ
3593 1269 3807 1339 ἄρχοντες

2285 1358 2423 1426 μετὰ
2453 1357 2686 1426 κρίσεως
2732 1358 3010 1429 ἄρξουσιν.
3039 1377 3058 1410 ι
3121 1359 3290 1411 Φύσει
3344 1359 3452 1427 γὰρ
3497 1357 3570 1411 ῶν
3622 1363 3707 1414 σὺν
3749 1364 3808 1433 τῷ

2281 1449 2485 1520 ΙΙατέρι
2515 1450 2821 1516 βασιλεὺς
2869 1452 2998 1514 τοὺς
3043 1452 3392 1514 ἀποστάντας
3441 1450 3591 1513 αὖθις
3615 1452 3808 1518 ὑπέταξε

2282 1543 2607 1611 σαρκωθεὶς,
2629 1542 2808 1609 ὀδοὺς
2835 1542 2991 1612 ἔχων
3005 1544 3242 1608 εὐθείας
3272 1543 3341 1594 τὰ
3372 1541 3479 1595 τῶν
3511 1543 3809 1611 Εὐαγγελίων

2281 1631 2644 1701 θεσπίσματα,
2674 1633 2891 1686 Σκολιὸν
2906 1633 3017 1704 γὰρ
3033 1633 3185 1686 οὐδὲν
3202 1636 3262 1687 ἐν
3291 1634 3495 1695 αὐτοῖς.
3517 1634 3587 1684 Τὸ
3600 1634 3651 1685 δὲ
3663 1638 3806 1703 τραχὺ

2278 1724 2386 1775 τῶν
2415 1724 2657 1793 νομικῶν
2682 1727 3021 1794 ἐκπέφευγεν
3055 1725 3438 1796 ἐνταλμάτων.
3472 1725 3802 1795 Τεθεμελίωκε

2280 1816 2337 1868 δὲ
2370 1816 2468 1886 τὴν
2505 1816 2835 1887 Ἐκκλησίαν
2893 1818 3057 1881 αὐτὸς
3114 1817 3190 1871 ὣν
3236 1818 3510 1888 θεμέλιος,
3554 1811 3811 1886 Ἐφ’ᾦκαὶ

604 1900 658 1952 in
691 1901 891 1969 quibus
935 1904 1069 1956 nihil
1107 1920 1357 1972 pravum,
1393 1906 1635 1976 nihilque
1675 1907 1965 1962 sinuosum
2016 1924 2174 1979 repe~

2285 1912 2444 1980 ἡμεῖς
2474 1908 2976 1979 ἐποικοδομούμεθα
2992 1910 3068 1974 ὡς
3093 1910 3234 1963 λίθοι
3268 1911 3599 1974 πολυτελεῖς,
3621 1912 3691 1972 είς
3710 1913 3810 1965 ναὸν

600 1991 735 2057 rias,
789 1993 997 2060 edidit;
1043 1997 1135 2064 qui
1179 1994 1317 2049 dura
1366 1997 1500 2067 legis
1544 1999 1801 2053 mandata
1848 2000 2167 2055 declinavit.

597 2082 742 2139 Bene
770 2098 949 2141 autem
997 2087 1255 2144 Ecclesiae
1297 2088 1437 2145 idem
1486 2089 1839 2146 fundamenta
1880 2092 2032 2159 jecit,
2086 2093 2177 2163 qui

597 2175 1018 2234 fundamentum
1047 2190 1153 2249 est,
1188 2199 1355 2253 super
1383 2184 1529 2252 quod
1562 2195 1616 2238 et
1642 2185 1767 2253 ipsi,
1798 2193 2054 2255 tauquam
2092 2187 2173 2239 la-

598 2269 750 2337 pides
789 2273 1014 2339 pretiosi
1052 2275 1120 2338 ",
1149 2276 1202 2327 in
1229 2275 1605 2329 habitaculum
1639 2275 1730 2330 Dei
1760 2277 1815 2332 in
1851 2279 2046 2345 spiritu
2077 2295 2172 2332 su-

597 2364 964 2428 perstruimur
992 2385 1006 2419 :
1033 2368 1124 2436 qui
1143 2369 1312 2436 gratis
1336 2383 1435 2422 nos
1461 2369 1726 2423 servitute
1755 2370 1973 2439 eripuit.
2008 2389 2027 2422 ι
2064 2372 2174 2426 Ne-

2289 2002 2462 2068 ἆγιον,
2494 2002 2572 2063 είς
2602 2003 3021 2071 κατοικητήριον
3078 2002 3171 2055 τοῦ
3225 2001 3363 2055 Θεοῦ
3392 2004 3449 2055 ἐν
3478 2002 3745 2071 Πνεύματι,
3764 2005 3809 2068 ὃς

2287 2095 2358 2147 οὺ
2374 2093 2522 2162 μετὰ
2542 2092 2743 2160 δώρων
2756 2093 2852 2164 τὴν
2872 2095 3147 2165 ἡμετέραν
3167 2094 3548 2164 αἰχμαλωσίαν
3568 2095 3803 2166 ἐρρύσατο.

2283 2204 2301 2237 ‹
2326 2186 2399 2239 Οὐ
2437 2187 2544 2257 γάρ
2563 2186 2842 2257 φθαρτοῖς,
2859 2187 3044 2257 φησὶν,
3064 2187 3318 2257 ἀργυρίῳ
3335 2187 3368 2256 ἦ
3398 2188 3602 2257 χρυσίῳ
3620 2188 3802 2258 ἐλυτρὼ.

2276 2277 2453 2348 θημεν
2471 2280 2643 2348 ὲκτῆς
2670 2279 2955 2349 ματαίαςὴ
2966 2280 3084 2348 μῶν
3109 2279 3463 2350 ἀναστροφῆς
3497 2296 3801 2350 πατροπαρα-

2277 2369 2456 2431 δότου,
2515 2370 2652 2423 ἀλλὰ
2704 2368 2870 2440 τιμίῳ
2927 2371 3127 2439 αἵματι
3160 2370 3235 2431 ὡς
3259 2370 3437 2438 ἀμνοῦ
3484 2368 3697 2438 ἀμώμου
3734 2370 3808 2421 καὶ

594 2471 702 2523 que
740 2456 886 2510 enim
919 2461 1398 2528 corruptibilibus,
1428 2469 1675 2531 argento,
1709 2462 1939 2517 velauro
1962 2462 2174 2518 redem-

2281 2464 2507 2518 ἀσπίλου
2530 2463 2786 2535 Χριστοῦ.
2822 2482 2839 2516 ι
2879 2464 2992 2517 Οὐκ
3018 2462 3185 2532 ἐσμὲν
3205 2458 3302 2516 οὖν
3337 2461 3562 2526 ἑαυτῶν,
3589 2461 3709 2515 ἀλλὰ
3734 2459 3807 2512 τοῦ

596 2546 673 2616 pti
700 2562 916 2614 sumus,
948 2549 1015 2605 de
1061 2567 1198 2605 vana
1231 2561 1421 2607 nostra
1461 2553 1889 2607 conversatione
1930 2565 2174 2622 paterna:
2275 2559 2599 2627 πριαμένου.

596 2638 932 2706 traditionis,
959 2642 1051 2696 sed
1077 2645 1320 2712 pretioso
1352 2644 1621 2712 sanguine
1643 2643 1803 2712 quasi
1826 2648 2305 2714 agniitnmaculati
2339 2651 2542 2704 Christi
2596 2657 2650 2705 et
2707 2648 3125 2703 incontaminati
3158 2648 3225 2702 ³⁸.
3278 2667 3297 2699 ι
3333 2647 3452 2701 Non
3491 2663 3671 2703 sumus
3731 2650 3809 2721 igi-

598 2739 689 2783 tur
716 2733 890 2785 nostri
917 2732 1097 2801 juris;
1134 2734 1229 2789 sed
1258 2735 1401 2803 ejus,
1426 2735 1520 2804 qui
1550 2749 1653 2788 nos
1685 2734 1934 2792 redemit.

666 2820 802 2875 Cum
834 2836 1014 2879 autem
1068 2824 1349 2878 Christum
1402 2824 1633 2879 dixisset
1666 2832 1829 2880 antea
1863 2842 2024 2882 suum
2071 2843 2172 2898 po-

596 2913 787 2982 pulum
821 2930 946 2969 esse
973 2930 1413 2984 conversurum;
1445 2920 1669 2991 quinam
1722 2922 1760 2977 ii
1818 2932 2028 2989 essent,
2076 2925 2170 2995 qui

598 3005 784 3058 vocari
849 3003 1135 3071 deberent,
1195 3007 1488 3062 confestim
1540 3011 1773 3077 addidit,
1828 3024 2047 3081 sumpto
2103 3015 2172 3069 ab

600 3091 920 3148 idololatria:
964 3094 1327 3151 deditissimis
1379 3101 1650 3169 exemplo,
1700 3117 1808 3171 quo
1856 3104 2168 3159 liberatoris

597 3186 774 3243 virtus
829 3189 1006 3258 magis
1042 3190 1391 3245 enitesceret.
1425 3188 1505 3246 Ad
1547 3208 1677 3249 oves
1707 3195 1876 3262 enim,
1932 3211 2053 3266 quae
2082 3212 2177 3266 pe-

2354 2825 2485 2895 [Ispl
2511 2823 2565 2876 δέ
2588 2823 2684 2875 τοῦ
2747 2822 2983 2894 Χριστοῦ
3030 2823 3356 2894 προειπὼν,
3411 2825 3495 2879 ὅτι
3540 2828 3810 2900 ἐπιστρέψει

2275 2919 2367 2969 τὸν
2406 2916 2532 2969 λαὸν
2562 2915 2752 2978 αὑτοῦ,
2805 2915 3010 2979 εὐθέως
3034 2918 3313 2988 ἐπήνεγκε
3338 2918 3484 2982 τίνες
3513 2921 3563 2973 οἱ
3585 2921 3811 2992 κληθησὸο

2280 3022 2464 3076 μενοι,
2516 3004 2717 3073 δεῖγμα
2766 3004 2875 3057 τῶν
2925 3004 3334 3077 είδωλολατρῶν
3379 3010 3503 3071 τοὺς
3546 3009 3725 3078 ἄκρους
3767 3012 3812 3062 ὲν

2275 3098 2446 3167 ταύτῃ
2464 3096 2644 3149 λαϐὼν
2660 3097 2737 3158 εἰς
2752 3095 2976 3161 ἔνδειξιν
2995 3098 3089 3165 τῆς
3107 3096 3201 3150 τοῦ
3227 3101 3532 3164 σεσωκότος
3552 3101 3810 3172 δυνάμεως.

2294 3189 2598 3259 Ἀπεοτάλη
2654 3188 2754 3258 μὲν
2800 3189 2908 3258 γὰρ
2961 3189 3098 3260 πρὸς
3132 3190 3201 3243 τά
3234 3191 3554 3247 ἀπολωλότα
3608 3194 3815 3261 πρόὶατα

923 3247 950 3258 ν
1659 3247 1670 3249 τ
1762 3247 1768 3248 κ
1940 3247 2144 3266 ταντ-

600 3279 810 3333 rierant
844 3278 912 3334 de
972 3280 1356 3347 domolsrael,
1419 3285 1624 3340 missus
1680 3294 1798 3339 erat
1823 3288 2040 3355 quidem
2095 3289 2174 3356 ³⁹;

2283 3281 2435 3333 οῐκου
2481 3247 2721 3349 Ἰσραήλ.
2770 3247 2859 3341 ’ίίς
2879 3247 2891 3258 ’
2916 3279 2973 3332 δὲ
3005 3247 3402 3335 ’ἀπελάκτισεν
3425 3285 3452 3336 ὁ
3504 3247 3815 3354 ἠγαπημένος

602 3370 695 3424 sed
722 3369 813 3424 ubi
842 3370 1035 3424 eodem
1067 3372 1348 3427 trucidato
1379 3376 1753 3429 recalcitravit
1780 3377 2035 3440 dilectus,
2068 3387 2179 3433 sta-

600 3463 696 3515 tim
724 3463 977 3531 gentibus
1006 3464 1205 3519 illuxit.
1231 3463 1493 3535 lntelligit
1519 3478 1700 3522 autem
1731 3482 1827 3537 per
1859 3467 2177 3539 zEthiapum

599 3552 1022 3621 negotiationem,
1043 3550 1430 3609 Thebanorum
1451 3557 1633 3622 urbes,
1654 3559 1858 3628 quibus
1891 3570 1947 3614 et
1978 3561 2057 3615 illi
2087 3562 2179 3615 ad-

594 3643 802 3713 jacent,
831 3646 920 3712 qui
952 3644 1175 3700 Sabaim
1205 3649 1582 3703 nominantur.
1638 3649 1765 3705 ldeo
1813 3668 1975 3722 porro
2033 3655 2179 3709 labo-

599 3754 746 3793 rasse
772 3739 925 3799 dicit,
949 3740 1093 3808 quod
1119 3741 1495 3797 acerbissimis
1522 3745 1772 3813 tyrannis
1816 3746 2163 3813 inservirent,

598 3844 628 3882 a
655 3830 854 3898 quibus
889 3845 1079 3883 eorum
1110 3830 1268 3886 liberi
1296 3833 1349 3886 in
1379 3833 1647 3889 idolorum
1686 3837 2019 3891 sacriﬁcium
2059 3840 2177 3893 exi-

596 3921 903 3992 gebantur:
944 3922 1048 3986 vel,
1087 3931 1145 3976 ut
1176 3924 1454 3993 ingentem
1483 3929 1652 3982 fuisse
1677 3939 1869 3983 eorum
1907 3932 2175 3999 supersti-

599 4016 803 4069 tionem
837 4015 1127 4077 indicarct,
1160 4032 1281 4086 qua:
1307 4025 1562 4086 superata
1593 4019 1647 4073 in
1682 4020 1936 4087 pietatem
1984 4021 2171 4076 abivit.

600 4107 697 4162 Est
720 4108 862 4161 enim
898 4106 951 4160 id
984 4122 1149 4161 omne
1173 4107 1476 4170 sublatum,
1512 4108 1658 4178 quod
1688 4109 1780 4164 isti
1810 4110 2171 4179 repugnabat.

594 4199 764 4255 Nam:
811 4218 830 4250 ι
870 4198 974 4254 Ubi
1004 4200 1298 4255 abundavit
1350 4208 1661 4270 peccatum,
1704 4201 2173 4269 superabundavit

594 4302 649 4348 et
684 4293 859 4363 gratia
890 4292 969 4348 ‘°:
1006 4311 1026 4343 ι
1074 4308 1198 4346 cum
1253 4293 1456 4363 ubique
1509 4295 1654 4364 apud
1707 4309 1803 4349 eos
1842 4303 2172 4375 constructae

593 4385 859 4453 ecclesiae,
898 4394 1048 4440 tanta
1078 4387 1502 4451 monachorum,
1532 4394 1680 4440 tanta
1716 4386 1987 4456 virginum
2014 4403 2171 4444 exer-

591 4480 913 4533 citationum
950 4480 1229 4535 laboribus
1263 4479 1695 4533 incumbentium
1735 4478 1988 4532 examina
2045 4494 2169 4534 cer-

2288 3374 2612 3437 ἁποκτείνας
2638 3374 2823 3439 αὑτὸν,
2881 3374 3193 3445 ἐπέλαμψεν
3252 3375 3453 3429 αὐτίκα
3492 3380 3600 3439 τοῖς
3620 3377 3812 3429 ἔθνεσιν.

2282 3469 2576 3523 Αἰθιόπων
2600 3466 2679 3529 δέ,
2706 3483 2872 3534 φησιν
2897 3468 3207 3535 ἐμπορίαν,
3241 3468 3341 3529 τὰς
3365 3469 3610 3537 Θηϐαίων
3646 3469 3810 3530 πόλεις,

2281 3554 2362 3620 οἷς
2378 3558 2567 3627 ὅμοροι
2596 3557 2872 3624 Σαὸαείμ.
2916 3557 3292 3610 Ἑκοπίασαν
3328 3559 3384 3611 δὲ
3417 3562 3624 3628 πικροῖς
3651 3558 3813 3627 τυρὰνο

2282 3666 2393 3712 νοις
2450 3647 2820 3713 δουλεύοντες,
2852 3649 2934 3712 εἰς
2977 3647 3169 3711 θυσίας
3227 3649 3474 3702 αἰτοῦσιν
3512 3650 3651 3711 υἱοὺς
3669 3649 3814 3701 αὐτῶν

2282 3744 2376 3795 καὶ
2404 3742 2734 3810 θυγατέρας·
2766 3741 2935 3811 ήγουν
2953 3741 3015 3792 τὸ
3044 3739 3261 3794 εὔτονον
3287 3743 3467 3795 αὐτῶν
3487 3743 3581 3811 τῆς
3604 3741 3815 3802 ἀσεὸιίις

2280 3832 2541 3887 ἐνέδωκεν
2587 3832 2822 3903 ἡττηθὲν
2860 3834 2944 3895 εἰς
2968 3832 3276 3886 εὐσέϐειαν.
3329 3835 3556 3905 Διελύθη
3584 3833 3686 3903 γὰρ
3718 3834 3814 3885 ὅσον

2279 3922 2426 3996 εἶχον
2454 3925 2591 3995 πρὸς
2621 3925 2825 3996 ταύτην
2856 3927 3195 3979 ἐνπατικὸν.
3239 3946 3258 3979 ι
3288 3921 3369 3980 Οὗ
3402 3928 3511 3996 γάρ
3533 3928 3811 3997 ἐπερίσσευ-

2282 4035 2373 4070 σεν
2400 4018 2433 4087 ἡ
2465 4017 2732 4087 ἁμαρτία,
2757 4017 3303 4087 ὑπερεπερίσσευσεν
3334 4021 3367 4089 ἡ
3398 4021 3573 4090 χάρις,
3600 4038 3619 4070 ι
3647 4033 3815 4071 παντα-

2279 4105 2378 4176 χοῦ
2433 4105 2839 4177 καθιδρυμένων
2866 4107 2922 4158 ἐν
2953 4106 3165 4170 τούτοις
3227 4108 3556 4178 ἐκκλησιῶν,
3582 4107 3814 4161 τοσούτων

2276 4216 2337 4250 τε
2372 4198 2504 4269 παρ’
2534 4200 2721 4260 αὐτοῖς
2782 4198 3078 4270 ὁρωμένων
3132 4200 3421 4269 μοναστῶν
3452 4202 3541 4253 καὶ
3568 4198 3815 4269 παρθένων

2278 4290 2462 4353 πόνοις
2492 4288 2858 4343 ἐναθλούντων
2889 4290 3195 4359 ἀσκήσεως.
3224 4290 3538 4359 ’Υψηλοὺς
3581 4290 3634 4342 δέ
3680 4303 3813 4356 φησιν

2277 4388 2492 4451 αὐτοὺς,
2543 4386 2619 4448 ὡς
2642 4385 2946 4456 ἐπισήμους
2979 4387 3040 4437 ἐν
3067 4385 3381 4458 δυσσεϐείᾳ.
3425 4381 3812 4454 Χειροπέὁαςδὲ

2274 4480 2341 4530 τὰ
2359 4478 2534 4548 δεσμά
2582 4477 2681 4547 τῆς
2711 4477 2936 4546 ἀγάπης
2985 4478 3162 4542 καλεῖ,
3200 4480 3294 4531 καὶ
3322 4479 3420 4541 τὰς
3456 4478 3554 4546 τῆς
3579 4474 3810 4544 φιλοθεῖας

591 4574 815 4624 nantur.
845 4565 1098 4620 Excelsa:
1137 4577 1316 4620 autem
1340 4581 1439 4621 eos
1474 4565 1632 4626 dicit,
1685 4574 1948 4635 tanquam
1985 4567 2170 4637 impie-

2281 4566 2484 4636 σειρὰς,
2509 4565 2584 4629 ὡς
2607 4565 2806 4634 λέγειν’
2850 4585 2869 4617 ι
2893 4565 2988 4629 Τίς
3008 4568 3153 4637 ἡμᾶς
3189 4567 3424 4639 χωρίσει
3451 4566 3556 4622 ἀπὸ
3594 4566 3682 4634 τῆς
3705 4561 3812 4629 ἁγά-

592 4663 703 4711 tate
741 4669 795 4711 et
830 4658 1221 4726 superstitione
1271 4656 1502 4713 nobiles.
1557 4656 1784 4720 Deinde,
1841 4658 2173 4711 manicarum

592 4749 832 4812 nomine,
881 4749 1193 4804 dilectionis
1242 4750 1485 4811 vincula,
1518 4748 1798 4818 divinique
1832 4751 2036 4805 amoris
2074 4766 2168 4805 ca-

594 4850 751 4894 tenas
783 4841 1052 4911 intelligit.
1082 4840 1327 4911 Indeque
1356 4841 1487 4895 illud
1540 4851 1646 4906 est,
1677 4840 1821 4911 quod
1870 4841 2164 4897 scribitur:

598 4949 618 4982 ι
654 4930 789 4998 Quis
845 4948 947 4988 nos
993 4934 1269 5004 separabit
1297 4949 1325 4986 ιι
1361 4933 1656 4989 dilectione
1710 4934 1913 4988 Christi
1946 4934 2012 5000 “,
2054 4952 2072 4986 ι
2110 4934 2166 4988 in

600 5035 761 5090 quem
791 5024 974 5077 omnis
1002 5025 1239 5091 precatio
1273 5023 1515 5078 desinit?
1550 5026 1604 5078 in
1639 5023 1861 5079 Christo
1896 5024 2165 5091 siquidem

2280 4673 2388 4727 τιης
2402 4655 2497 4708 τοῦ
2527 4655 2787 4727 Χριστοῦ,
2815 4676 2833 4707 ι
2861 4660 2940 4720 εἰς
2963 4656 3021 4710 δν
3048 4657 3266 4728 ἔρχεται
3300 4660 3409 4712 πᾶν
3432 4659 3600 4727 πέρας
3623 4651 3807 4722 εὑχῆςὲ

2292 4747 2379 4801 Ἑν
2411 4746 2632 4818 Χριστῷ
2656 4747 2763 4817 γὰρ
2784 4749 3043 4818 αίτοῦμεν
3067 4751 3216 4818 παρᾶ
3239 4749 3334 4802 τοῦ
3395 4749 3632 4818 Πατέρος
3657 4745 3718 4798 τὰ
3745 4744 3807 4794 σία

2275 4841 2520 4910 τήματαν
2556 4839 2617 4892 ὃν
2647 4840 2805 4908 ἔχων
2837 4842 2907 4893 ἐν
2955 4839 3168 4905 ἐαυτῷ,
3231 4842 3375 4907 Θεὸς
3428 4842 3626 4911 ὁμοίιος
3670 4837 3803 4892 ἐστὶν.

2276 4932 2422 4986 καθά
2439 4947 2623 5003 φησιν’
2652 4950 2671 4995 ι
2705 4932 2763 4985 '0
2780 4933 3043 5003 ἑωρακὼς
3067 4936 3189 5004 ἐμὲ,
3213 4934 3425 5006 ἑώρακε
3455 4936 3544 4988 τὸν
3574 4931 3801 5000 Πατέρω

2286 5023 2428 5093 Ἐγὼ
2447 5023 2543 5077 καὶ
2563 5024 2593 5076 ὁ
2622 5025 2812 5094 Πατὴρ
2836 5025 2893 5078 ἓν
2917 5027 3104 5097 ἐσμεν.
3134 5046 3154 5079 ι

593 5131 713 5184 qua:
740 5132 769 5169 a
800 5115 961 5171 Patre
987 5119 1241 5182 petimus,
1276 5120 1638 5188 postulamus,
1670 5135 1827 5189 quem
1853 5118 2016 5189 520
2042 5134 2164 5173 cum
2204 5120 2259 5173 in
2286 5137 2344 5175 se
2370 5119 2582 5185 habeat,
2606 5132 2659 5176 et
2684 5119 2827 5175 Deus
2867 5121 2941 5175 sit
2968 5138 3189 5194 quoque
3217 5139 3444 5179 necesse
3503 5130 3617 5186 est,
3677 5120 3806 5189 ium

592 5210 756 5264 illud:
798 5230 816 5262 ι
850 5210 953 5277 Qui
985 5212 1129 5266 videt
1161 5229 1267 5275 me,
1295 5213 1441 5268 videt
1469 5224 1521 5268 et
1559 5212 1774 5267 Patrem
1805 5213 1873 5267 ".
1909 5232 1929 5265 ι
1993 5232 2012 5265 ι
2050 5212 2163 5284 Ego
2205 5222 2261 5270 et
2279 5213 2439 5270 Pater
2480 5231 2648 5270 unum
2689 5231 2880 5270 sumus
2910 5217 2976 5270 ".
3017 5234 3037 5267 ι

669 5300 895 5369 Deinde,
928 5305 1071 5374 quod
1103 5306 1157 5359 in
1188 5314 1234 5359 te
1260 5306 1419 5369 Deus,
1439 5323 1484 5358 et
1504 5323 1606 5360 non
1625 5316 1702 5361 est
1732 5306 1870 5361 Deus
1894 5318 2086 5374 prrater
2110 5317 2176 5379 te,

592 5395 750 5461 dixit,
777 5399 987 5468 mquale
1017 5409 1101 5454 est
1132 5400 1278 5465 huic,
1306 5400 1650 5455 «EtVerhum
1678 5409 1796 5455 erat
1816 5401 1959 5469 apud
1983 5400 2171 5466 Deum,

594 5498 652 5543 et
678 5489 821 5546 Deus
844 5499 962 5545 erat
985 5492 1218 5547 Verbum
1246 5493 1344 5544 “.t
1372 5490 1638 5548 Praeterea
1662 5492 2042 5562 ptenitentiunt
2072 5506 2171 5546 vo-

596 5597 715 5638 cem
748 5586 1089 5655 exprimunt,
1136 5601 1256 5658 quae
1286 5586 1370 5640 his
1420 5586 1637 5642 verbis:
1692 5581 1759 5637 Et
1790 5584 2165 5648 nesciebamus,

2362 5309 2435 5361 Τὸ
2483 5309 2561 5375 δὲ,
2604 5310 2701 5362 Ἐν
2728 5310 2826 5363 σοὶ
2854 5310 3020 5376 Θεὸς,
3043 5309 3140 5364 καὶ
3183 5312 3295 5364 οὐκ
3354 5311 3484 5364 ἐστι
3508 5308 3644 5373 Θεὸς
3670 5301 3810 5363 πλὴν

2284 5402 2424 5468 σοῦ,
2457 5402 2887 5474 ίσοδυναμεῖτῷ·
2924 5421 2944 5453 ι
2976 5403 3084 5456 Καὶ
3105 5404 3133 5453 ὁ
3161 5404 3327 5470 Λόγος
3351 5398 3417 5470 ἦν
3442 5401 3570 5472 πρὸς
3584 5399 3665 5452 τὸν
3682 5391 3806 5453 Θεὸν,

2277 5495 2372 5548 καὶ
2400 5493 2531 5556 Θεὸς
2548 5490 2619 5565 ἦν
2636 5495 2664 5546 ὁ
2685 5494 2876 5561 Λόγος.
2909 5513 2928 5544 ›
2952 5495 3370 5547 Μετανοούντων
3385 5493 3440 5546 δὲ
3463 5491 3604 5560 φωνὴ
3631 5488 3701 5547 τὸ.
3728 5480 3808 5535 καὶ

2275 5586 2388 5639 οὐκ
2410 5584 2666 5654 ᾔδειμεν.
2698 5584 2762 5637 Οἳ
2794 5586 2887 5637 καὶ
2908 5583 3259 5654 ὁμολογοῦσιν
3292 5584 3450 5639 αὑτὸν
3474 5578 3698 5647 Σωτῆρα
3721 5568 3808 5625 τοῦ

670 5717 716 5751 ³³
758 5718 902 5776 Psal.
952 5739 1123 5783 “xu.
1155 5722 1208 5776 6.
1284 5723 1331 5757 "
1374 5722 1515 5778 l’sal.
1555 5739 1673 5788 cm,
1709 5723 1796 5778 l9.
1873 5725 1917 5756 ’⁵
1961 5722 2105 5779 Psal.
2142 5738 2172 5771 ν

2291 5723 2347 5777 Δ.
2426 5723 2471 5755 ιι
2504 5720 2709 5778 Jerem.
2748 5739 2903 5789 χχιιι,
2933 5721 2990 5779 5.
3065 5722 3154 5776 ³⁷1
3185 5721 3335 5779 Petr.
3366 5738 3425 5786 tt,
3454 5722 3506 5785 5.
3577 5712 3803 5789 "lpi'f'

602 5804 643 5861 ι,
686 5789 779 5861 18,
810 5792 898 5846 l9.
974 5796 1018 5826 ³⁸
1046 5794 1240 5849 Matth.
1280 5812 1332 5859 κ,
1358 5795 1409 5850 6.
1490 5796 1533 5826 ἰθ
1563 5795 1720 5850 liom.
1754 5811 1805 5861 v,
1851 5794 1942 5847 9.0.

604 5859 652 5895 “
675 5858 834 5918 Joan.
874 5879 911 5928 ι,
945 5865 999 5919 5.

2057 5792 2098 5823 δι
2138 5791 2295 5846 itaut.
2346 5809 2463 5855 vm,
2528 5793 2616 5850 55.

2737 5794 2783 5827 ⁸⁸
2831 5782 2990 5853 ειυίιιι.
3036 5810 3148 5859 τιν,
3205 5793 3256 5849 9.
3360 5782 3422 5825 "t
3457 5782 3603 5846 Joan.
3641 5804 3671 5842 ι
3730 5782 3804 5836 50-
