3978 6374
134 403 269 468 2429

133 613 339 682 Ἰσραὴλ
356 614 588 684 ληπτέον
604 617 697 668 νῦν
720 617 809 669 τὸν
825 617 1036 687 ὁρῶντα
1053 625 1205 672 Θεόν.
1245 639 1262 670 ι
1286 622 1358 672 Ut)
1376 621 1484 692 γάρ
1509 623 1709 685 πάντες

130 706 176 759 οἱ
201 707 260 770 ἐξ
304 706 581 775 Ἰσραὴλ,
612 703 760 762 οὗτοι
803 710 1046 781 Ἰσραήλ.
1089 730 1108 762 ι
1143 715 1204 764 υἱ
1236 713 1291 766 δὲ
1320 714 1710 784 ἀνθεστηκότες

132 799 302 868 αὐτῷ,
345 800 447 870 τὴν
475 799 639 854 αὑτοῦ
673 803 749 872 μή
775 802 1134 872 ἀδικήσαντες
1155 805 1338 868 δόξαν,
1373 808 1706 873 αἰσχύνον-

129 907 242 942 ται·
269 891 483 945 ἔσονται
513 894 618 964 γὰρ
657 896 736 957 είς
762 894 953 963 ὅρασιν
973 896 1120 965 πάσῃ
1149 897 1334 966 σαρκί.
1370 898 1503 949 Ἀπὸ
1521 898 1577 949 δὲ
1596 896 1714 950 τῶν

131 983 471 1047 Αἰγυπτίων
532 987 627 1039 καὶ
665 985 774 1037 τῶν
821 986 1059 1056 ὁμόρων,
1108 989 1200 1040 ἐπὶ
1237 987 1300 1040 τὸ
1341 989 1573 1042 καθόλου
1605 991 1713 1042 τῶν

134 1074 302 1126 ἐθνῶν
323 1076 414 1126 τὸν
430 1075 586 1144 λόγον
605 1079 870 1147 ἀνήγαγε,
895 1080 1131 1148 νήσους
1147 1080 1326 1134 καλῶν
1344 1082 1443 1144 τὰς
1463 1082 1524 1146 ἐξ
1542 1082 1714 1136 ἐθνῶν

145 1165 346 1235 Ἐκκλη
356 1167 470 1228 σίας
487 1167 595 1220 τῶν
619 1171 876 1236 ἑγκεκαιν
888 1172 1120 1240 ισμένων
1143 1175 1222 1235 εἰς
1236 1173 1528 1242 καινότητα
1545 1173 1708 1243 ζωῆς,

133 1258 491 1328 ἀποθεμένων
521 1261 617 1332 τήν
636 1262 994 1335 παλαιότητα,
1015 1264 1229 1319 Παύλου
1261 1265 1708 1337 προστάττοντος·

144 1349 478 1404 Ἐκδύσασθε
540 1353 629 1404 τὸν
689 1355 920 1408 παλαιὸν
995 1357 1311 1426 ἄνθρωπον·
1382 1359 1476 1410 καὶ
1529 1358 1710 1412 πάλιν⁹

145 1442 470 1496 Ἐνδύσασθε
529 1446 621 1498 τὸν
649 1447 771 1500 νέον
795 1448 883 1500 τὸν
905 1448 1364 1519 ἀνακαινούμενον
1394 1451 1511 1504 κατ’
1530 1452 1715 1504 εἰκόνα

133 1533 228 1585 τοῦ
282 1536 572 1600 κτίσαντος
593 1539 776 1594 αὐτόν.
811 1541 923 1593 Καὶ
953 1541 1114 1595 πάλιν
1138 1559 1171 1605 ο,
1201 1543 1618 1596 Ἀνακαινοῦσθε
1647 1547 1712 1613 τῇ

134 1625 504 1679 ἀνακαινώσει
554 1629 646 1682 τοῦ
687 1631 804 1693 νοὸς
857 1631 1031 1701 ὑμῶν.
1077 1634 1500 1702 Ἐγκαινισμὸς
1535 1631 1626 1687 οὖν
1650 1636 1717 1688 τά

135 1717 257 1768 καθ’
292 1719 458 1784 ἡμᾶς,
488 1737 506 1769 ι
540 1719 687 1783 εἴτις
714 1724 770 1774 ὲν
793 1723 1010 1794 Χριστῷ
1031 1725 1189 1796 καινὴ
1204 1728 1401 1788 κτίσις.
1438 1746 1455 1778 ι
1487 1727 1640 1788 Τινὲς
1660 1727 1715 1779 δὲ

134 1807 242 1859 ἀπὸ
262 1809 380 1874 toi,
402 1809 490 1878 μὴ
513 1814 546 1865 ό
569 1812 874 1880 ἀροτριῶν,
889 1814 1060 1879 οὕτως
1075 1815 1412 1886 ἐξηγήσαντο
1436 1834 1449 1846 ο
1472 1817 1714 1888 Παραϐο-

134 1897 301 1963 inab;
336 1905 708 1973 προτρέπεται
743 1907 941 1969 αὐτοὺς
965 1907 1312 1978 δικαιοσύνης
1345 1909 1532 1979 φέρειν
1577 1927 1711 1979 καρ-

136 1993 285 2054 πούς.
339 1993 535 2046 Θέλετε
591 1997 700 2064 γάρ
727 2013 816 2066 με,
856 1999 1009 2065 φησὶ,
1048 1999 1208 2066 μόνον
1249 1998 1529 2067 ἀροτριᾷν
1559 1999 1712 2069 ὑμῶν

133 2085 231 2144 τὰς
253 2084 460 2154 ψυχὰς,
482 2087 694 2156 καρπὸν
716 2089 918 2158 μηδένα
947 2091 1302 2160 παρέχοντες.
1327 2086 1712 2145 Εἷταπαιδεύει

134 2177 335 2240 αὐτοὺς
365 2181 481 2242 τοῖς
509 2181 602 2233 τοῦ
637 2181 772 2234 Θεοῦ
809 2185 937 2253 περὶ
961 2184 1068 2235 τῶν
1090 2183 1258 2237 ἐθνῶν
1287 2185 1457 2237 εἴκειν
1492 2185 1714 2254 βουλεύ-

137 2285 290 2335 μασι,
325 2269 482 2337 μήτε
515 2273 714 2339 πηλοῦ
741 2273 1135 2343 ἀνθισταμένου
1164 2276 1244 2341 τῷ
1269 2278 1532 2344 πλάστῃ,
1577 2280 1712 2348 μήτε

134 2363 332 2412 τέκνου
385 2363 618 2434 πατέρα
673 2365 973 2431 κωλύοντος
1028 2368 1060 2439 ἢ
1102 2368 1325 2438 μητέρα
1389 2368 1713 2433 σπεύδοντας

137 2453 272 2524 πρὸς
340 2454 518 2509 ἄλλων
575 2458 703 2510 υἱῶν
749 2461 1124 2525 παιδοποιίαν,
1185 2462 1317 2530 μηδὲ
1360 2461 1564 2531 μέμψιν
1623 2463 1716 2515 ἐπὶ

137 2547 310 2618 τούτῳ
337 2551 730 2620 προσάγοντος.
766 2553 822 2605 Ὀ
847 2555 1075 2623 ποιήσας
1103 2553 1179 2618 δὲ,
1207 2557 1361 2624 φησι,
1386 2557 1456 2608 τὰ
1476 2558 1718 2624 ἐπερχό-

141 2658 285 2709 μενα
351 2643 446 2696 διὰ
483 2643 583 2714 τῆς
636 2646 1020 2714 προγνώσεως,
1065 2646 1331 2699 δυσωπῶν
1382 2649 1578 2712 αὐτοὺς
1640 2651 1717 2712 εἰς

144 2729 468 2799 κατανόησιν
523 2733 621 2801 τῆς
658 2733 793 2794 ἰδίας
840 2734 1146 2803 δυνάμεως.
1183 2737 1364 2788 Ἔστω
1395 2739 1523 2806 γὰρ,
1559 2742 1716 2808 φησι,

145 2820 416 2874 ποιοῦντι
465 2823 608 2892 ὑμᾶς
651 2826 748 2878 καὶ
793 2826 1120 2881 πλάττοντι
1162 2830 1221 2882 οὐ
1254 2831 1718 2899 παρηκολουθείτε

143 2915 199 2980 τῇ
224 2911 465 2979 γνώσει·
497 2915 570 2984 μὴ
593 2917 686 2968 καὶ
732 2919 1155 2989 προαγορεύοντι
1179 2922 1248 2973 τὰ
1273 2922 1534 2990 μέλλοντα
1589 2924 1717 2975 ἀπι-

148 3006 366 3073 στήσετε
399 3021 417 3070 ;
459 3007 602 3059 κατὰ
625 3008 787 3079 μέρος
832 3011 932 3080 μὲν
976 3011 1084 3082 γὰρ
1105 3014 1396 3080 γίνεταιτά
1424 3016 1681 3084 γινόμενα
1703 3034 1716 3047 ·

153 3097 308 3166 ἁθρόα
331 3098 390 3150 δὲ
421 3098 571 3168 αύτῷ
595 3109 632 3134 ω
654 3103 686 3169 ἡ
718 3102 918 3167 γνῶσίς
953 3105 1069 3156 ἐστι
1097 3107 1227 3175 παρ’
1271 3107 1414 3175 ἐμοί.
1468 3107 1613 3177 Πλὴν
1645 3109 1718 3176 μὴ

148 3189 427 3256 ἀπογνῶτε
479 3191 579 3261 τὴν
637 3195 933 3265 σωτηρίαν,
956 3195 1032 3260 ὡς
1061 3197 1124 3250 ἄν
1156 3215 1222 3260 με
1261 3197 1444 3252 λαθεῖν
1467 3201 1718 3271 ἁμαρτά-

145 3297 317 3343 νοντες
351 3282 429 3352 μὴ
453 3281 760 3351 δυνάμενοι.

142 3373 282 3424 enim
311 3375 498 3427 omnia
523 3391 645 3442 qua:
674 3378 937 3442 existunt,
977 3377 1281 3434 efﬁciantur
1324 3383 1582 3451 quidem;
1619 3385 1714 3438 sed

144 3463 380 3518 Tantum
403 3467 508 3534 ipsi
541 3466 736 3520 salutis
770 3483 920 3535 spem
948 3485 1057 3524 non
1094 3469 1249 3540 521
1287 3475 1560 3543 abjiciatis
1587 3477 1712 3544 ;qui

207 3557 514 3624 Κρείττους
534 3556 590 3608 δὲ
611 3557 891 3623 γεγονότες
918 3561 1042 3627 ἐμοὶ
1067 3561 1134 3614 τὰ
1200 3562 1320 3615 καθ’
1362 3565 1557 3626 αὐτοὺς
1593 3565 1716 3616 ἐπι-

145 3648 403 3717 τρέψατε.
461 3648 536 3700 Ού
584 3648 693 3717 γὰρ
725 3648 916 3719 δέομαι
941 3651 1040 3718 τῆς
1073 3653 1304 3722 ἐξὺμῶν
1336 3655 1716 3724 ὑπομνήσεως,

147 3738 213 3794 ὡς
237 3739 305 3791 ἂν
333 3738 498 3800 ὄντας
527 3739 639 3807 ἐμὰ
668 3741 948 3809 ποιήματα
976 3744 1065 3794 καὶ
1097 3747 1183 3808 εὶς
1204 3747 1372 3810 -υἱους
1405 3747 1500 3798 καὶ
1541 3751 1718 3815 θυγα-

151 3829 315 3896 τέρας
350 3829 768 3899 λελογισμένους
818 3831 1047 3896 ἀξιῶσαι
1103 3836 1378 3904 προνοίας.
1436 3837 1569 3892 Οὐδὲ
1613 3839 1721 3906 γὰρ

155 3921 372 3991 ἐμαυτῷ
401 3921 493 3972 τὸν
525 3923 783 3989 οὐρανὸν
801 3925 1036 3992 ἐποίησα
1074 3928 1167 3978 καὶ
1204 3929 1302 3997 τὴν
1335 3927 1472 3996 γῆν,
1529 3931 1608 3992 εἰς
1664 3929 1721 3982 δὲ

156 4014 339 4082 χρείαν
395 4013 688 4083 ὑμετέραν.
729 4015 838 4068 Καὶ
867 4019 1166 4085 γινομένων
1206 4019 1448 4089 ἀστέρων
1483 4020 1723 4090 ἐθαύμα-

153 4101 238 4167 ζον
271 4102 520 4171 ἄγγελοι.
567 4104 787 4157 Πάντων
818 4102 908 4159 οὖν
932 4108 1024 4157 ὑπ’
1084 4108 1220 4176 ἐμοῦ
1270 4111 1719 4180 κυὸερνωμένων,

149 4195 268 4247 οὐδὲ
317 4196 388 4246 τὰ
455 4196 548 4247 ἐπὶ
626 4198 730 4266 γῆς
792 4199 888 4266 τὴν
933 4200 1069 4268 ἐμὴν
1115 4201 1372 4268 ἐκφεύγει
1439 4201 1721 4272 διοίκησιν.

151 4289 462 4359 Τοιγαροῦν
484 4289 579 4340 καὶ
600 4289 792 4356 Κῦρος
823 4290 914 4341 ὑπ’
939 4290 1072 4360 ἐμοῦ
1125 4292 1389 4361 κινηθεὶς,
1431 4295 1529 4347 οὐκ
1563 4295 1725 4358 αὐτὸς

152 4381 225 4435 ὣν
259 4382 514 4451 εὐσεϐὴς,
554 4384 618 4433 τὰ
640 4382 762 4435 καθ’
800 4384 942 4452 ὑμᾶς
977 4384 1353 4454 διορθώσεται.
1424 4387 1574 4440 Ἐπεὶ
1631 4389 1726 4440 καὶ

151 4475 421 4544 πρότερον
445 4475 586 4542 ὑμᾶς
607 4475 663 4537 ἐξ
684 4477 1010 4543 Αἰγύπτου,
1037 4477 1220 4546 φησὶν,
1249 4477 1727 4548 ἡλευθέρωσα,καὶ

153 4570 268 4628 ταῖς
321 4569 486 4634 ἐμαῖς
529 4568 796 4636 ἀπείρηκε
855 4568 1125 4634 μάστιξιν.
1191 4570 1376 4638 Ὑμεῖς
1441 4571 1496 4622 δὲ
1565 4572 1726 4625 πάλιν

155 4660 567 4729 ἁμαρτάνοντες
595 4660 694 4712 οὐκ
744 4659 1011 4712 ὲπαύεσθε
1063 4661 1157 4712 καὶ
1237 4662 1726 4730 ματαιοπονοῦντες

155 4752 244 4803 ἐπὶ
268 4755 390 4813 ταῖς
418 4751 627 4804 ἑαυτῶν
653 4751 984 4818 ἐμπορίαις.
1048 4753 1186 4805 Ἀλλ’
1230 4753 1381 4822 ὅμως
1451 4755 1552 4822 ἐμὲ
1578 4765 1606 4790 η
1637 4771 1728 4805 m-

1269 413 1802 475 COMMENTARII
1841 417 1925 476 ΙΝ
1966 418 2252 482 ISAIAM.

148 521 411 589 Ἰσραὴλ,
441 523 516 588 ὡς
550 525 714 581 πάλαι
737 527 1051 581 σεσωκότα
1116 529 1222 582 τὸν
1253 531 1513 598 Ἰσραήλ·
1536 533 1702 603 ἦγουν

1821 537 2135 606 adjiciuntut

3248 423 3390 484 2430

2178 557 2191 590 :
2243 538 2444 607 quibus
2486 537 2802 592 salvatorem
2835 535 3055 590 Israelis
3100 551 3224 590 eum
3269 554 3390 592 esse

1814 639 2072 698 tauquam
2133 631 2226 700 qui
2282 632 2460 699 ipsum
2510 632 2640 685 olim
2718 631 2970 694 servarit,
3039 630 3385 698 proﬁtentur.

1812 717 1927 774 Nisi
1989 721 2148 776 malis
2203 737 2351 776 nunc
2405 722 2626 777 lsraelis
2673 723 3055 792 appellatione,
3117 739 3266 784 eum,
3296 725 3387 793 qui

1813 813 1983 866 Deum
2017 813 2221 876 videat,
2268 815 2562 882 signiﬁcari
2625 823 2839 884 putare,
2867 830 2989 867 cum
3040 830 3147 868 non
3198 830 3390 869 omnes

1813 921 1936 961 esse
1983 907 2282 969 lsraelitas,
2319 907 2414 976 qui
2462 924 2524 960 ex
2567 906 2769 962 Israele
2823 916 2974 972 sunt,
3011 909 3286 962 scribatur
3319 906 3386 960 ⁵⁸.

1814 994 2082 1048 Caeterum
2114 996 2207 1064 qui
2242 997 2290 1049 ei
2342 997 2614 1050 adversnti
2667 1006 2816 1059 sunt,
2871 1013 2994 1050 cum
3045 997 3164 1065 eius
3207 998 3392 1067 gloria:

1815 1085 2032 1141 oﬁicere
2079 1087 2446 1156 nequiverint,
2498 1087 2906 1156 confundantur.
2944 1088 3117 1141 Erunt
3147 1088 3292 1142 enim
3335 1088 3390 1141 in

1815 1191 2168 1246 conspectum
2226 1182 2496 1236 universae
2549 1183 2735 1235 carni.
2792 1182 3114 1234 Orationem
3158 1196 3290 1234 vero
3322 1181 3392 1233 ab

1818 1267 2085 1338 ﬁggptiis
2105 1284 2404 1340 eorumque
2430 1272 2626 1326 vicinis
2669 1271 2734 1324 ad
2763 1272 2979 1341 generis
3027 1270 3266 1324 universi
3299 1286 3394 1323 na-

1814 1363 1991 1416 tiones
2021 1364 2320 1427 transtulit,
2359 1379 2481 1416 cum
2507 1364 2803 1416 insularum
2836 1364 3078 1426 nomine,
3126 1360 3392 1416 conﬁatas

1815 1471 1845 1508 e
1889 1455 2146 1522 gentibus
2193 1454 2491 1520 Ecclesias,
2524 1457 2617 1524 qui
2665 1457 2845 1524 posito
2904 1455 3073 1509 veteri
3109 1454 3306 1508 exuvio
3337 1454 3390 1506 in

1815 1547 1942 1600 vita:
1971 1548 2267 1602 novitatem
2297 1549 2538 1601 renovati
2589 1557 2740 1611 sunt,
2789 1563 2912 1600 eum
2959 1545 3122 1600 Paulo
3179 1544 3392 1614 signiﬁ-

1817 1639 1999 1703 cavit;
2042 1639 2121 1691 uti
2153 1647 2386 1691 veterem
2427 1639 2700 1692 hominem
2732 1653 2933 1707 ponere
2981 1637 3073 1705 qui
3102 1651 3301 1690 novum
3325 1635 3420 1686 atl-

1817 1728 2096 1784 Creatoris
2143 1729 2434 1798 imaginem
2491 1729 2856 1783 instauratum
2898 1727 3122 1780 induere
3169 1725 3235 1788 ⁸³,
3297 1723 3393 1792 qui

1820 1821 2054 1890 denique
2103 1821 2359 1874 renovari
2416 1820 3022 1881 renovationementis,
3073 1818 3302 1886 imperat
3324 1814 3389 1867 ⁸⁷.

1817 1914 1927 1982 Ipsi
1957 1929 2087 1982 ergo
2116 1929 2298 1966 sumus
2334 1912 2592 1974 innovati,
2631 1913 2676 1965 si
2709 1925 2815 1979 qua
2872 1911 2924 1963 in
2977 1909 3199 1963 Christo
3252 1921 3395 1959 nova

1815 2012 2066 2058 creatura
2094 2002 2159 2058 ".
2192 2002 2448 2056 Nonnulli
2483 2020 2512 2056 a
2542 2003 2722 2056 verbis
2753 2003 2894 2064 istis,
2928 2016 3100 2054 nonne
3128 1999 3218 2068 qui
3247 2009 3392 2062 arat,

1814 2094 1889 2146 ita
1927 2094 2229 2162 explicant,
2279 2100 2338 2144 ttt
2393 2093 2756 2146 similitudine
2786 2091 2850 2144 ad
2891 2091 3118 2160 justitia:
3181 2089 3396 2143 fructus

1815 2185 2056 2238 edendos
2087 2183 2364 2236 adhortari
2412 2183 2601 2234 vcliut.
2635 2181 2818 2235 Vultis
2860 2181 3004 2235 enitn
3047 2196 3152 2242 me,
3192 2180 3392 2246 inquit,

1815 2278 2028 2330 animas
2097 2286 2312 2328 vestras
2402 2289 2559 2325 arare
2626 2281 2876 2336 tautum;
2939 2271 3149 2323 fructus
3213 2279 3393 2322 autent

1817 2370 1996 2424 nullos
2041 2367 2222 2422 edere.
2275 2365 2398 2421 Illas
2448 2380 2664 2419 rursum
2717 2361 2811 2417 Dei
2844 2361 3100 2422 consilio,
3152 2360 3293 2431 quod
3329 2361 3397 2415 de

1816 2463 2082 2517 Gentibus
2120 2463 2320 2524 innuit,
2361 2461 2556 2514 cedere
2596 2458 2890 2528 prmcepit;
2950 2455 3170 2526 quando
3225 2470 3399 2524 neque

1819 2557 1986 2608 lutum
2019 2555 2180 2625 ﬁgulo
2213 2567 2516 2622 repugnare
2556 2552 2762 2614 soleat;
2799 2564 2975 2618 neque
3023 2559 3250 2615 patrem,
3303 2557 3393 2600 aut

1819 2661 2038 2701 matrem
2097 2648 2163 2700 ad
2217 2663 2417 2701 novam
2471 2646 2706 2699 ﬁliorum
2763 2643 3198 2713 procreationem
3241 2641 3396 2694 festi-

1820 2749 2014 2794 nautes
2061 2739 2347 2807 impedire,
2395 2752 2630 2805 eamque
2678 2751 2790 2787 rem
2839 2733 2950 2786 illis
3008 2733 3142 2784 vitio
3187 2739 3401 2783 vertere

1822 2834 1986 2885 ﬁlius.
2045 2829 2198 2894 Quod
2250 2839 2431 2883 autem
2470 2838 2692 2882 ventura
2743 2825 2937 2879 fecisse
2977 2825 3134 2886 dixit,
3167 2821 3231 2875 ad
3265 2836 3404 2890 prte-

1819 2924 2108 2978 scientiam
2165 2921 2376 2982 retulit,
2423 2929 2480 2974 ut
2517 2921 2726 2990 pudore
2769 2919 3008 2972 excitato
3065 2915 3286 2968 eosdem
3333 2912 3402 2965 ad

1821 3033 1934 3071 sua:
1963 3015 2184 3068 virtutis
2213 3014 2731 3082 contemplationem
2762 3015 3046 3079 provocet.
3071 3006 3201 3059 Esto
3231 3005 3400 3066 enim,

1821 3107 2038 3176 inquit,
2089 3107 2232 3176 ejus,
2269 3107 2362 3178 qui
2401 3121 2497 3159 vos
2535 3104 2683 3174 fecit,
2715 3111 2769 3156 et
2817 3101 3094 3170 formavit,
3129 3095 3400 3165 cognitiu-

1746 3219 1788 3274 (ς
1825 3215 1944 3252 nem
2000 3215 2108 3253 non
2151 3199 2289 3252 estis
2323 3197 2586 3259 assecuti,
2639 3208 2822 3247 annon
2869 3200 2922 3244 et
2971 3191 3021 3243 ei
3083 3190 3272 3250 etiam,
3308 3186 3402 3255 qui

1815 3293 1996 3344 futura
2048 3288 2337 3358 prmdicit,
2397 3287 2557 3340 ﬁdem
2608 3282 3007 3353 denegabitis?
3066 3279 3404 3346 Singillatim

1754 3399 1944 3437 eorum
1973 3380 2262 3436 confertim
2294 3388 2408 3432 tota
2446 3379 2576 3431 mihi
2605 3379 2657 3430 in
2683 3380 2941 3444 prumth
2982 3380 3068 3425 est
3141 3366 3399 3438 cognitio.

1755 3491 1822 3528 ne
1858 3488 2087 3542 peccare
2121 3473 2364 3542 quidem,
2393 3468 2542 3540 quod
2611 3485 2698 3521 me
2756 3468 2943 3529 lateat,
2974 3462 3185 3516 valetis.

1893 3559 1996 3616 Ubi
2032 3571 2217 3616 autem
2252 3561 2517 3615 meliores
2550 3557 2878 3622 evaseritis;
2917 3568 3040 3622 qua:
3067 3559 3244 3605 vestra
3277 3557 3401 3602 sunt

1820 3655 1954 3707 mihi
2015 3653 2340 3724 permittite.
2395 3649 2516 3704 Non
2563 3650 2707 3703 enim
2755 3655 2933 3701 vestra
2986 3646 3102 3713 ipse
3149 3642 3405 3694 admoni-

1822 3747 1970 3801 tione
2026 3763 2166 3816 opus
2228 3747 2401 3800 habeo
2448 3756 2508 3800 ut
2553 3751 2819 3805 vestrum,
2856 3757 2998 3810 quos
3028 3740 3146 3806 ipse
3179 3736 3308 3799 feci,
3350 3735 3405 3787 in

1821 3838 2066 3906 ﬁliosque
2113 3847 2164 3890 et
2197 3837 2340 3905 ﬁlias
2377 3833 2655 3903 adoptavi,
2692 3833 2984 3895 recorder,
3023 3841 3254 3896 meaque
3294 3840 3391 3894 pro

1821 3932 2063 3984 videntia
2087 3922 2284 3998 dignos
2315 3928 2584 3992 habeam;
2625 3924 2716 3994 qui
2753 3924 2937 3976 cozlum
2975 3931 3030 3975 et
3062 3921 3274 3982 stellas,
3301 3933 3368 3969 an
3389 3947 3403 3957 -

1823 4023 1972 4092 gelos
2011 4022 2064 4073 in
2099 4020 2517 4072 admirationem
2543 4017 2840 4085 rapientes,
2877 4023 3175 4080 terramque
3208 4013 3406 4077 ipsam,

1824 4130 1930 4164 non
1972 4111 2025 4163 in
2077 4126 2276 4171 meatu,
2331 4109 2423 4164 sed
2475 4108 2527 4160 in
2573 4115 2810 4159 vestram
2846 4104 3136 4156 utilitatem
3164 4100 3406 4154 condidi.

1824 4203 1954 4270 Quae
1974 4204 2156 4257 omnia
2175 4217 2299 4256 cum
2324 4202 2389 4254 ad
2411 4215 2588 4252 meum
2617 4201 2783 4251 unius
2802 4198 3089 4249 arbitrium
3120 4202 3347 4260 regautu
3362 4208 3406 4252 r,

1825 4311 1932 4348 nou
1967 4303 2198 4363 possunt
2225 4308 2347 4362 quae
2383 4294 2436 4343 in
2470 4299 2618 4342 terra
2648 4297 2794 4351 sunt,
2826 4303 2854 4338 a
2906 4301 2992 4338 me
3018 4301 3124 4337 uott
3178 4284 3408 4335 admini-

1825 4389 2010 4444 strari.
2043 4387 2230 4455 Itaque
2259 4393 2312 4440 et
2334 4385 2500 4454 Cyrus
2535 4385 2652 4452 ipse
2685 4399 2792 4435 non
2819 4382 2886 4434 ab
2919 4381 3046 4442 alio,
3070 4393 3233 4447 quam
3268 4392 3296 4428 a
3323 4391 3410 4429 me

1825 4479 2104 4539 incitatus,
2135 4491 2258 4530 cum
2314 4491 2504 4529 verum
2535 4474 2628 4528 Dei
2662 4473 2866 4526 cultum
2919 4487 3024 4525 non
3066 4476 3408 4538 agnosceret,

1826 4569 2054 4622 aﬂlictas
2071 4583 2158 4621 res
2182 4575 2392 4620 vestras
2418 4575 2704 4619 erecturus
2725 4571 2832 4624 est,
2859 4563 3004 4615 sicut
3034 4569 3086 4612 et
3114 4574 3208 4611 vos
3253 4564 3408 4609 antea

1828 4657 2060 4728 [Egypto
2094 4657 2344 4718 liberavi,
2384 4671 2508 4709 cmn
2547 4655 2684 4707 meis
2715 4653 2806 4705 illa
2856 4651 3052 4705 cedere
3091 4648 3412 4702 verberibus

1830 4761 2024 4804 coacta
2073 4758 2155 4803 est
2185 4766 2199 4801 :
2256 4763 2354 4801 vos
2386 4755 2566 4800 autem
2603 4759 2823 4798 rursum
2873 4757 3100 4812 peccare
3131 4749 3184 4794 et
3213 4739 3413 4793 vestris

158 4843 485 4904 στεύσαντες
519 4842 668 4906 ἕξετε
705 4842 911 4904 πάντας
945 4843 1718 4906 ὑποσπόνδουςτοὺςὲνδόξους,

1837 4841 2281 4912 negotiationibus
2329 4839 2564 4892 inaniter
2613 4837 2807 4907 agitari
2859 4852 2968 4888 non
3009 4832 3316 4887 destitistis.
3356 4831 3409 4882 In

156 4934 248 4987 καὶ
281 4936 636 5004 φρονήματος
671 4934 960 5004 γέμοντας,
1028 4936 1123 4987 καὶ
1170 4936 1390 5004 ἀγάπης
1454 4935 1726 5005 δεδεμένοι

157 5025 404 5093 δεσμοῖς
453 5027 882 5093 καταντήσουσιν
933 5027 1011 5088 εἰς
1070 5025 1449 5096 Ἰερουσαλὴμ,
1502 5027 1575 5088 ὡς
1649 5030 1728 5089 εἰς

159 5114 469 5175 θεοσεϐείας
504 5114 907 5179 διδασκαλεῖον,
933 5115 1029 5166 καὶ
1072 5115 1433 5185 μακαριούσιν
1465 5116 1628 5184 ὑμᾶς,
1656 5115 1732 5178 ὠς

161 5205 280 5271 Θεῷ
309 5205 389 5270 τῷ
412 5208 579 5275 μόνῳ
625 5209 1045 5274 λατρεύοντας,
1105 5208 1178 5260 ὃν
1229 5206 1494 5276 ἠγνόουν
1541 5209 1732 5262 αὐτοί.

171 5299 356 5368 Ύμῶν
418 5300 476 5351 δὲ
539 5300 674 5368 πρὸς
729 5303 1015 5370 μετάνοιαν
1071 5300 1486 5370 ἀμελούντων,ὁ
1515 5315 1738 5368 μονογε-

161 5391 256 5461 νής
287 5409 390 5460 μου
444 5395 714 5462 παρέσται
770 5395 892 5454 Υἱὸς
943 5394 1380 5462 Ἰερουσαλὴμο
1447 5393 1736 5462 γενόμενος

163 5481 256 5535 καὶ
297 5483 524 5547 Ἰούδας,
548 5484 617 5536 ὲν
649 5478 697 5552 ᾧ
723 5485 1180 5551 προσεύξονται,
1245 5480 1305 5537 οὗ
1354 5485 1608 5555 σφραγῖδι
1640 5485 1736 5536 καὶ

230 5663 279 5695 ⁸⁸
324 5663 482 5717 Rom.
518 5679 591 5729 ιι,
635 5663 687 5717 6.
766 5664 810 5695 ⁸⁸
852 5661 1048 5729 Epltes.
1094 5679 1167 5728 tv,
1211 5663 1301 5728 24:
1375 5663 1420 5693 ⁸⁷
1454 5661 1589 5715 Ibid.
1631 5662 1724 5715 25.

766 5664 810 5695 ⁸⁸
852 5661 1048 5732 Ephes.
1094 5679 1167 5728 tv,
1211 5663 1301 5728 24:

1834 4953 1917 4990 me
1951 4946 2127 4990 tamen
2156 4938 2265 5003 iam
2304 4933 2349 4987 si
2380 4932 2628 4993 creditis,
2660 4937 2951 4999 quotquot,
2997 4929 3156 4980 laude
3212 4925 3411 4992 aliqua.

1834 5028 1917 5082 vel
1951 5027 2255 5098 prudentiae
2282 5026 2506 5078 nomine
2540 5023 2675 5076 clari
2725 5029 2875 5082 sunt,
2909 5020 3204 5070 lmtleratos
3232 5025 3284 5068 et
3326 5032 3416 5065 so-

1837 5122 1953 5172 cios
1987 5118 2224 5171 habituri
2251 5116 2413 5180 estis,
2441 5114 2530 5182 qui
2561 5112 2874 5167 dilectionis
2905 5110 3110 5162 vinculo
3141 5106 3414 5167 obstricti,

1841 5212 1906 5264 ad
1940 5210 2267 5274 Ierusalem,
2311 5217 2572 5275 tanquam
2614 5204 2678 5256 ad
2716 5202 2933 5272 pietatis
2983 5200 3224 5253 scholam
3255 5196 3415 5248 vobis

1842 5303 1965 5355 ideo
2000 5309 2315 5359 occurrent,
2350 5300 2648 5363 beatosque
2681 5291 3077 5363 praedicabunt,
3109 5287 3277 5356 quod,
3305 5285 3416 5336 Deo

1843 5394 1946 5448 soli
1979 5393 2244 5453 sereiatis,
2272 5407 2421 5459 quem
2458 5389 2558 5456 ipsi
2593 5385 2913 5444 nesciebant,
2959 5381 3054 5432 Sin
3087 5387 3265 5430 autem
3303 5389 3417 5442 pm-

1843 5487 2019 5539 uitere
2061 5485 2357 5555 uegligitis,
2386 5482 2519 5536 mihi
2545 5478 2718 5534 Filius
2746 5492 2854 5531 non
2883 5474 3060 5529 deerit
3104 5471 3419 5540 unigeuilus

1801 5661 1845 5692 ⁸⁸
1879 5661 1921 5713 ll
1953 5659 2081 5714 Cor.
2113 5676 2165 5724 v,
2205 5657 2293 5717 17.

1450 5753 1683 5808 VARUE
1726 5750 2132 5813 LECTIONES.

235 5859 273 5886 ετ
317 5866 407 5920 γρ.
448 5852 649 5905 αὐτῶν.
724 5861 748 5888 ἰ
779 5850 863 5906 ἵσ.
895 5849 1036 5922 ἐμοί.
1122 5861 1144 5890 ο
1174 5869 1268 5919 γρ.
1317 5847 1552 5919 Ἰσραήλ.
