3978 6374
103 289 224 350 2i33

1211 283 1746 375 COMMENTARII
1787 283 1868 343 IN
1912 283 2203 343 ISAIAM.

3201 279 3340 342 2434

103 401 224 454 Τδδὲ
249 401 512 470 κήρυγμα
541 397 600 450 τὸ
615 394 849 466 Χριστοῦ
883 395 1030 464 πάσῃ
1051 392 1267 466 γλώττῃ
1287 394 1550 455 λαλεῖται,
1567 397 1660 446 καὶ

1791 393 1858 462 μή
1891 393 2137 447 divinum
2171 393 2431 449 omnibus
2467 391 2820 463 Evangeiium
2853 391 3135 460 explicuit.
3180 390 3340 447 llinc.

101 496 216 545 πᾶσι
233 493 524 560 γράμμασι
550 487 842 556 γράφεται.
857 485 930 537 Τὸ
947 486 999 536 δὲ
1018 489 1129 539 οὐκ
1149 486 1217 538 ἐν
1237 484 1456 552 κρυφῇ,
1476 485 1663 536 τοῦτον

99 586 136 636 οἰ
161 583 372 644 πλείους
403 581 493 633 τδν
534 580 735 650 τρόπον
764 579 1128 648 ἑρμήνευσαν,
1185 576 1260 638 ὼς
1323 578 1387 629 ἂν
1427 575 1605 644 μήτις
1637 588 1662 615 κ

99 676 226 728 εἴποι
261 690 273 701 ·
316 673 448 734 Θεὸς
480 671 580 738 μέν
602 673 720 722 ἐστι
753 671 848 722 καὶ
909 669 1071 738 μόνος
1123 667 1357 738 ἀληθῶς,
1389 668 1505 720 ἀλλ’
1535 665 1663 732 ἄδη-

98 767 171 816 ὶον
205 764 280 833 μὴ
338 763 434 814 καὶ
481 761 674 819 ἄλλους
697 758 871 811 ἐθέλει
900 756 1182 808 καλεῖσθαι
1223 755 1401 817 θεούς.
1475 755 1664 826 Νόμον

99 858 214 924 φησὶ
239 871 310 905 πε
321 855 373 922 pl.
397 852 589 905 τούτου
614 849 836 914 διέταξα
860 846 1053 914 λάθρα
1117 845 1401 913 λαλήσας
1470 847 1662 917 μηδὲν.

102 943 307 1011 Κατὲϐη
358 944 466 1012 γὰρ
514 941 542 992 ό
597 939 800 1009 Κύριος
856 938 950 990 ἐπὶ
1011 936 1072 988 τὸ
1125 936 1256 1007 ὅρος
1291 937 1424 990 Σινᾶ
1446 939 1502 989 ὲν
1531 939 1664 993 εἴδει

99 1037 276 1105 παρος,
303 1035 398 1088 καὶ
433 1032 754 1100 σαλπίγγων
779 1029 896 1100 ἠχὼ
913 1039 962 1090 3',
989 1030 1237 1100 βρονταῖς
1267 1047 1326 1082 τε
1351 1031 1443 1083 καὶ
1461 1032 1667 1102 ἀστρα-

99 1131 235 1189 παῖς,
265 1129 362 1179 καὶ
400 1122 468 1195 ἦν
496 1128 524 1195 ἡ
559 1125 862 1193 οἰκουμένη
901 1125 1050 1175 πᾶσα
1103 1122 1395 1191 μετέωρος,
1423 1123 1576 1193 ὑμῶν
1607 1142 1668 1176 τε

98 1219 401 1286 κληθέντων
430 1218 522 1269 καὶ
548 1217 646 1283 τῆς
678 1215 993 1281 Αἰγυπτίων
1042 1213 1452 1283 καταδυομένης
1471 1215 1666 1284 ἀρχῆς.

99 1311 184 1377 οὐχ
242 1309 332 1360 ἵνα
384 1309 660 1376 ματαίοις
701 1305 1025 1374 δουλεύσητε
1059 1321 1074 1335 ⁸
1154 1305 1384 1372 μάταιον
1443 1304 1552 1374 γὰρ
1611 1305 1672 1357 τὸ

101 1399 303 1449 εἴδωλον
324 1398 533 1468 εἴρηκε·
557 1396 808 1467 φανερῶς
839 1396 949 1465 γὰρ
981 1395 1109 1464 ὑμῖν
1135 1393 1388 1464 ἐκήρυξε,
1420 1411 1438 1444 ι
1470 1393 1672 1463 Κύριον

101 1494 183 1542 τὸν
214 1493 347 1544 Θεόν
379 1508 471 1542 σου
497 1489 912 1558 προσκυνήσεις,
952 1488 1046 1539 καὶ
1071 1487 1221 1556 αὐτῷ
1276 1486 1420 1556 μόνῳ
1448 1485 1676 1556 λατρεύ-

103 1601 224 1646 σεις,
252 1584 348 1635 καὶ
375 1583 437 1634 οὐ
471 1583 718 1650 ποιήσεις
752 1579 964 1651 σεαυτῷ
993 1578 1237 1632 εἴδωλον.
1269 1599 1286 1629 ι
1319 1578 1586 1641 Πολλάκις
1621 1579 1677 1631 δὲ

101 1676 172 1738 τὸ,
199 1673 315 1742 ἐγώ
333 1678 472 1743 εἰμι,
499 1673 750 1726 λέλεκται
783 1671 1222 1743 προτρεπτικῶς,
1250 1671 1326 1733 εἰς
1353 1672 1676 1740 κατανόησιν

1766 485 2012 555 inquam,
2045 487 2190 555 quod
2226 487 2279 539 in
2321 501 2541 540 onmem
2593 499 2792 541 terram
2843 500 3034 541 eorum
3072 484 3165 554 qui
3213 501 3346 552 apo—

1766 580 1893 634 stoli
1923 582 2274 645 dicebantur,
2301 583 2452 635 vocis
2478 596 2650 635 sonus
2680 580 2863 650 erupit
2897 580 2965 633 ⁵⁰.
3002 579 3166 635 Mosis
3200 580 3348 633 enim

1765 675 1991 728 oracula
2021 689 2276 728 sermone
2307 673 2528 742 quidem
2555 682 2609 726 et
2641 672 3052 727 characteribus
3084 670 3346 734 lli-bracis,

1767 765 1906 819 locis
1958 765 2120 819 inviis
2176 773 2230 818 et
2274 778 2416 832 aqua
2468 763 2785 825 destitutis,
2841 763 3152 818 clanculum
3201 761 3348 816 edita

1767 853 2014 924 reperias
2046 870 2059 906 :
2091 853 2300 909 Christi
2341 863 2524 907 autem
2562 852 2912 922 Evangelium
2950 853 3194 906 omnium
3221 868 3353 918 grn—

1767 945 1904 999 tium
1956 944 2158 1014 linguis
2210 953 2265 998 et
2304 945 2502 998 litteris
2549 944 2906 997 celebratum.
2947 941 3016 995 At
3057 942 3202 1009 quod
3241 957 3353 996 non

1770 1035 1932 1106 524
1962 1036 2014 1086 in
2049 1036 2360 1088 abscondito
2392 1035 2676 1100 scribitur,
2706 1036 2774 1088 ita
2801 1035 3078 1104 explicant
3107 1035 3352 1088 nonnulli

1771 1142 1835 1180 ac
1865 1130 1910 1181 si
1955 1128 2194 1193 dicatur,
2239 1129 2410 1182 Deum
2457 1128 2677 1198 quidem
2731 1129 2906 1181 solum
2954 1142 3013 1181 re
3047 1141 3176 1180 vera
3208 1143 3352 1191 esse,

1772 1221 1864 1274 sed
1916 1221 2218 1283 incertum,
2261 1237 2330 1274 an
2379 1230 2434 1276 et
2476 1222 2615 1274 alios
2667 1221 2830 1273 etiam
2881 1219 3023 1273 Deos
3079 1220 3358 1290 appellare

1773 1312 2070 1380 permittat.
2115 1310 2337 1381 Legem,
2383 1312 2582 1380 inquit,
2621 1311 2722 1363 hac
2761 1313 2828 1363 de
2854 1325 2912 1364 re
2946 1310 3062 1374 tuli,
3086 1325 3264 1378 neque
3302 1312 3357 1362 in

1775 1399 2084 1455 abscondito
2124 1403 2424 1471 quidquam
2471 1401 2680 1454 locutus
2707 1417 2845 1454 sum.
2885 1401 3178 1456 Descendit
3208 1403 3356 1456 enim

1774 1494 1828 1547 in
1864 1492 1994 1546 Sina
2039 1504 2280 1548 montem
2315 1493 2602 1555 Dominus,
2647 1494 2701 1545 in
2740 1493 2976 1562 speciem
3017 1493 3180 1562 ignis,
3207 1492 3358 1546 tubis

1776 1586 2162 1653 clangentibus
2193 1587 2264 1648 ⁸⁸,
2297 1586 2472 1639 multo
2519 1586 2749 1648 tonitru,
2783 1587 3065 1656 multaque
3102 1602 3360 1641 corusca-

1779 1673 1949 1739 tione,
1988 1675 2043 1728 in
2097 1676 2389 1729 sublimem
2443 1692 2672 1745 prorsus
2720 1685 2774 1730 et
2820 1677 3093 1732 excelsam
3132 1685 3358 1741 terram,

106 1768 183 1820 τοῦ
215 1770 384 1838 μόνου
419 1768 554 1820 Θεοῦ
596 1766 692 1819 καὶ
717 1765 786 1817 τά
812 1765 978 1818 πάλαι
1044 1765 1368 1833 ποιήσαντος
1401 1763 1673 1833 Θαύματα.

1791 1768 2160 1836 exstinctoque
2191 1767 2575 1838 IEgyptiorum
2616 1784 2784 1838 regno
2814 1770 2998 1824 vocari
3033 1785 3133 1823 vos
3159 1777 3212 1821 et
3242 1783 3360 1824 ser-

111 1868 205 1919 uri
243 1867 451 1929 voluit;
498 1880 630 1926 non,
664 1872 720 1915 ut
768 1861 872 1930 ipsi
920 1861 1086 1914 rebus
1121 1861 1292 1920 vanis,
1332 1860 1514 1928 qualia
1546 1869 1673 1913 sunt
1717 1876 1837 1930 quae
1883 1863 2026 1916 idola
2075 1864 2448 1928 nominantur,
2491 1878 2589 1918 vos
2677 1865 3085 1932 manciparetis.

3163 1867 3365 1934 Aperte

109 1959 367 2026 siquidem
402 1957 601 2019 vobis,
640 1955 927 2009 Dominum
980 1952 1145 2005 Deum
1198 1952 1536 2006 adorandum
1614 1969 1757 2013 esse,
1799 1958 1957 2024 eique
2015 1956 2107 2008 uni
2165 1957 2555 2020 serviendum,
2606 1972 2782 2025 neque
2841 1958 2982 2012 idola
3047 1958 3363 2012 fabricanda

105 2050 288 2103 edixit.
343 2049 444 2102 Est
502 2062 631 2099 vero
689 2044 1127 2107 advertendum,
1187 2058 1432 2113 persaepe
1482 2043 1613 2098 illud
1664 2058 1678 2097 :
1723 2043 1833 2115 Ego
1865 2064 1983 2100 sum
2027 2047 2312 2113 Dominus,
2389 2048 2792 2104 exhortationis
2838 2050 3022 2111 modo,
3065 2053 3131 2104 ad
3206 2054 3366 2107 unius

106 2147 191 2200 Dei
228 2143 720 2208 s‘gnilicatinnem,
758 2140 850 2208 qui
900 2139 1075 2206 prisca
1113 2138 1379 2191 miracula
1428 2138 1686 2207 patravit,
1721 2143 2000 2209 usurpari.

163 2234 386 2292 Δειλῶν
402 2233 802 2299 δικαιοσύνην
831 2231 928 2283 καὶ
957 2230 1348 2299 ἀναγγέλλων
1373 2231 1676 2295 ἀλήθειαν.

103 2331 353 2382 Διέταττε
410 2326 508 2396 μὲν
585 2326 692 2393 γὰρ
725 2326 752 2376 ὁ
819 2325 979 2393 νόμος
1017 2323 1084 2375 τὰ
1135 2323 1383 2390 πρακτέα
1411 2322 1632 2384 δικαίως
1665 2338 1678 2350 ·

105 2422 350 2492 ᾐνίττετο
379 2419 438 2470 δὲ
485 2419 582 2472 καὶ
614 2420 726 2479 ταῖς
760 2417 939 2478 σκιαῖς
995 2415 1110 2482 τὴν
1167 2414 1460 2480 ἀλήθειαν
1499 2416 1567 2466 τὰ
1624 2414 1683 2466 ἐν

108 2513 319 2582 Χριστῷ
351 2512 672 2581 προτυπῶν.
706 2510 843 2579 Περί
903 2508 1068 2561 αὑτοῦ
1111 2508 1220 2579 γὰρ
1280 2507 1510 2578 ὲλάλησε
1552 2508 1684 2560 Μω-

118 2603 214 2670 ςῇς.
250 2602 365 2653 Καὶ
384 2600 562 2652 ταῦτα
591 2601 686 2668 μὲν
709 2593 877 2651 οὗτοι.
899 2598 1057 2650 Κατὰ
1078 2597 1134 2648 δὲ
1165 2597 1264 2665 τὴν
1300 2597 1527 2667 πρώτην
1597 2595 1685 2658 ἐξ⁴

116 2696 319 2762 ἡγησιν,
357 2694 484 2745 Οὐκ
528 2687 702 2744 εἷπον
721 2689 800 2754 τῷ
831 2688 1130 2757 σπέρματι
1158 2689 1384 2753 Ἰακὼϐ,
1421 2689 1688 2742 Μάταιον

113 2785 418 2853 (tunicata.
449 2783 609 2834 Κατὰ
634 2781 691 2833 δὲ
728 2779 1040 2850 Σύμμαχον,
1075 2780 1337 2847 ματαίως
1393 2777 1690 2844 ζητήσατέ

110 2894 189 2942 με.
218 2876 383 2928 Κατὰ
409 2874 466 2926 δὲ
497 2874 621 2935 τοὺς
644 2871 864 2934 ἄλλους,
901 2869 1092 2936 κενῶς
1150 2868 1453 2936 ζητήσατέ
1492 2887 1588 2939 με.
1617 2870 1690 2921 Τὸ

117 2969 207 3035 γὰρ
228 2965 572 3033 Εὐαγγέλιον
595 2963 830 3034 πρώτοις
862 2964 990 3032 ὑμῖν
1057 2960 1390 3032 ἁνεκήρυξα.
1456 2963 1567 3015 Καὶ
1616 2961 1690 3025 ὡς

126 3061 261 3130 ἂν
291 3061 494 3129 δόξητε
522 3061 700 3130 μάτην
760 3057 1055 3121 Θεσσεϐεῖν,
1113 3057 1302 3126 μισθὸν
1358 3057 1487 3126 ὑμῖν
1549 3055 1691 3125 ζωὴν

125 3152 527 3220 ἐπηγγειλάμην
556 3150 793 3208 αἰώνιον,
826 3149 920 3200 καί
979 3145 1014 3199 ἃ
1057 3146 1339 3214 ὀφθαλμὸς
1398 3145 1497 3197 οὐκ
1531 3141 1690 3211 εἶδεν,

118 3245 195 3295 καὶ
221 3245 289 3294 τὰ
321 3242 478 3310 ἑξῆς.
507 3239 729 3308 Ἐπειδὴ
754 3238 821 3290 δὲ
848 3241 991 3301 Θεος
1017 3241 1134 3305 ειμι
1148 3237 1355 3290 λαλῶν
1386 3236 1695 3290 δικαιοσύ-

115 3352 216 3400 νην
274 3335 382 3387 καὶ
442 3331 841 3400 ἀναγγέλλων
889 3330 1201 3391 ἀλήθειαν,
1257 3328 1395 3381 κατά
1441 3328 1534 3380 τὸν
1596 3327 1696 3396 τῆς

117 3424 522 3488 δικαιοσύνης
552 3421 730 3489 λόγον,
765 3421 903 3489 μετὰ
927 3419 1050 3482 τοὺς
1076 3422 1139 3471 ὲκ
1169 3419 1493 3489 περιτομῆς,
1547 3417 1696 3470 καλῶ

1855 2234 2116 2304 Sequitur
2167 2242 2351 2289 autem
2388 2253 2403 2289 :
2438 2234 2543 2301 Qui
2576 2234 2851 2303 justitiam
2893 2233 3146 2305 loquitur,
3180 2245 3232 2289 et
3279 2252 3368 2292 ve-

1783 2323 1998 2377 ritatem
2048 2326 2360 2378 annuntiat.
2395 2325 2708 2394 lmperabat
2749 2326 2894 2379 enim
2940 2325 3027 2380 lex
3064 2343 3185 2396 qua:
3219 2328 3369 2396 juste

1787 2414 1902 2470 ﬁeri
1943 2415 2147 2480 liceret,
2181 2415 2390 2469 umbris
2429 2423 2614 2469 autem
2653 2415 2926 2468 veritatem
2960 2415 3216 2481 innueus,
3249 2434 3369 2487 quae

1788 2506 1841 2561 in
1877 2506 2102 2562 Christo
2149 2517 2308 2562 erant
2355 2516 2483 2562 ante
2533 2507 2886 2577 depingebat,
2923 2508 2990 2563 de
3043 2524 3152 2578 quo
3191 2509 3370 2564 Moses

1789 2601 2004 2655 locutus
2053 2600 2229 2654 fuerat
2259 2603 2326 2653 ⁸⁸.
2364 2603 2542 2670 Atque
2597 2601 2712 2656 haec
2765 2602 2985 2672 quidem
3041 2603 3140 2666 illi,
3178 2618 3367 2656 verum

1790 2692 2090 2746 secundum
2123 2692 2358 2760 priorem
2383 2693 2807 2760 explicationem
2837 2712 2851 2747 :
2887 2691 3012 2746 Non
3044 2694 3157 2746 dixi
3183 2695 3371 2747 semini

1787 2781 1981 2844 Iacob,
2058 2781 2258 2836 Vanum
2305 2785 2526 2852 quaerite
2557 2799 2578 2848 ;
2614 2784 2918 2838 secundum
2981 2784 3370 2854 Symmachum

1791 2881 1972 2928 autem
2026 2880 2081 2926 et
2131 2874 2292 2936 alios,
2333 2871 2568 2928 Frustra
2591 2875 2813 2943 quaerite
2858 2889 2959 2926 me.
3017 2872 3374 2944 Evangeliunt

1792 2964 2064 3032 siquidem
2113 2963 2270 3018 vobis
2321 2964 2439 3032 ipse
2481 2973 2608 3017 ante
2656 2978 2848 3017 omnes
2896 2963 3266 3031 promulgari;
3309 2977 3374 3015 ac

1795 3070 1862 3108 ne
1899 3053 2150 3122 pietatem
2199 3053 2406 3106 fruStra
2453 3054 2636 3107 colere
2682 3052 3025 3114 videi-emitti,
3064 3053 3371 3105 merce-dem

1793 3147 1960 3200 etiam
2009 3149 2176 3200 vitam
2231 3156 2513 3210 aeternam,
2563 3155 2872 3214 cmteraque
2920 3145 3048 3205 alia,
3096 3159 3218 3211 quae
3272 3155 3375 3194 nec

1796 3237 1946 3290 auris
1974 3236 2203 3297 audivit,
2241 3251 2340 3289 nec
2373 3235 2568 3290 oculus
2603 3235 2762 3301 vidit,
2791 3249 2892 3288 nec
2921 3236 2974 3288 in
3008 3250 3103 3287 cor
3135 3234 3375 3288 hominis

1798 3326 2168 3380 ascenderunt
2200 3325 2267 3389 ³⁸³,
2308 3339 2412 3394 ego
2454 3325 2732 3394 pollicitus
2767 3340 2912 3379 sum.
2951 3325 3054 3377 Sed
3090 3325 3199 3392 jam
3234 3339 3374 3393 quo—

1799 3417 1946 3471 niam
1979 3419 2090 3486 Ego
2113 3433 2230 3469 sum
2256 3415 2420 3481 Deus,
2445 3417 2824 3486 quijustitiam
2846 3419 3053 3485 loquor,
3085 3428 3133 3470 et
3167 3434 3377 3469 annun»

121 3518 312 3578 πάντας
359 3516 502 3583 πρὸς
529 3516 786 3583 ἐμαυτὸν,
811 3512 1079 3582 κήρυγμά
1113 3529 1172 3564 τε
1201 3510 1464 3580 ποιοῦμαι
1495 3511 1686 3563 κοινόν.

1801 3512 1873 3564 tio
1907 3512 2178 3565 veritatem
2215 3511 2517 3565 secundum
2550 3508 2783 3577 justitia:
2820 3511 3078 3575 verbum;
3112 3519 3235 3579 post
3282 3508 3378 3561 .lu-

116 3608 467 3677 Συγάχθητε
497 3606 593 3660 καὶ
626 3605 819 3672 ἣκετε,
846 3605 944 3657 καὶ
987 3605 1419 3668 βουλεύσασθε
1473 3601 1593 3670 ἅμα
1646 3605 1698 3655 οἱ

117 3701 450 3768 σωζόμενοι
482 3699 601 3751 τῶν
628 3697 1009 3750 ἑθνῶν.’Λντὶ
1039 3695 1096 3748 δὲ
1128 3696 1222 3748 τοῦ
1268 3696 1701 3758 βουλεύσασθε

118 3791 247 3857 ἅμα,
311 3791 634 3859 Σύμμαχος,
683 3786 1120 3856 προσεπγίσατέ
1205 3804 1329 3853 μοι,
1397 3788 1584 3855 φησὶν,
1642 3789 1698 3840 οἱ

122 3882 587 3950 ἱπιπερευτότες
639 3879 756 3933 τῶν
811 3879 1029 3933 ἐθνῶν.
1107 3879 1180 3932 Τὸ
1249 3880 1306 3932 δὲ
1356 3879 1700 3947 συνάχθητε

126 3976 410 4036 moi-nd;
435 3977 584 4027 ἐστιν
606 3972 698 4036 οὓς
731 3977 757 4026 ὁ
810 3973 1059 4036 Σατανᾶς
1097 3971 1459 4025 διεσκέδασεν.
1497 3969 1700 4023 Ἐλθὼν

116 4067 266 4135 γάρὸ
299 4066 500 4134 Σωτὴρ
536 4065 766 4117 θάνατον
791 4063 1054 4134 ὑπέμεινε
1102 4065 1169 4117 δι’
1198 4065 1364 4134 ἡμᾶς,
1410 4063 1520 4128 ἵνα,
1561 4063 1703 4115 κατὰ

111 4159 196 4211 τὸν
229 4156 668 4226 εῦαγγελιστὴν,
711 4158 776 4210 τὰ
806 4157 973 4209 τέκνα
1014 4154 1108 4207 τοῦ
1137 4155 1270 4208 Θεοῦ
1289 4155 1356 4207 τὰ
1387 4155 1702 4224 διεσκορπι-

115 4251 290 4316 σμένα
325 4249 610 4320 συναγάγῃ
651 4251 732 4304 εἰς
776 4247 835 4300 ἓν
874 4247 1224 4310 συνδεθέντας
1283 4247 1559 4319 ὁμοψυχὶᾳ
1607 4250 1702 4300 καὶ

112 4342 318 4393 πίστει.
361 4342 472 4392 Kal.
514 4340 588 4402 ὡς
643 4341 859 4410 μακρὰν
917 4335 1069 4392 οὖσιν
1119 4339 1294 4405 ἣκειν
1349 4339 1502 4407 φησί.
1563 4339 1698 4392 Θεοῦ

111 4436 220 4502 γὰρ
249 4432 516 4500 ἀφίστησι
571 4432 768 4500 πλάνη,
806 4432 896 4483 Διὸ
923 4433 1014 4484 καὶ
1063 4430 1274 4492 Παῦλός
1345 4448 1531 4500 φησιν,
1562 4451 1580 4483 ‹
1639 4433 1704 4485 Οἵ

113 4541 241 4575 ποτε
271 4524 436 4583 ὄντες
472 4523 708 4594 μακρὰν.
730 4525 1029 4593 ἐγενήθητε
1055 4523 1239 4590 ἐγγύς.
1281 4541 1299 4573 ι
1348 4525 1456 4575 Καὶ
1515 4523 1699 4590 πάλιν,

119 4635 132 4663 ι
161 4616 582 4684 Εὑηγγελίσατο
610 4617 835 4685 εἰρήνην
860 4617 986 4683 ὑμῖν
1013 4618 1121 4678 τοῖς
1154 4618 1391 4685 μακράν,
1426 4617 1516 4669 καὶ
1549 4619 1700 4687 εἰρή-

112 4725 206 4772 νην
234 4711 352 4767 τοῖς
385 4707 573 4775 ἐγγύς.
614 4728 632 4759 ι
660 4710 768 4760 Καὶ
796 4710 1082 4778 προφήτης
1131 4709 1190 4760 δέ
1240 4726 1425 4780 φησιν·
1467 4727 1484 4760 ι
1523 4711 1703 4777 Ἐγγῖ-

112 4816 240 4850 εατε
280 4798 366 4867 τῷ
392 4799 512 4870 Θεῴ
534 4801 623 4851 καὶ
654 4801 828 4866 ἐγγιεί
854 4800 982 4868 ὑμῖν
1013 4817 1028 4830 ·
1080 4819 1098 4850 ι
1156 4801 1216 4851 τὸ
1246 4800 1302 4852 δὲ
1355 4801 1703 4864 βουλεύσα-

108 4896 220 4942 σθε
254 4888 402 4957 ἅμα,
429 4890 565 4956 πρὸς
597 4890 658 4942 τὸ
686 4891 780 4942 σὺν
809 4891 1066 4957 φρονήσει
1102 4891 1390 4958 προσιέναι
1449 4908 1700 4960 παρακα-

108 4979 210 5033 λεῖ.
245 4983 348 5032 Δεῖ
380 4982 488 5048 γὰρ
510 4982 689 5032 πᾶσαν
714 4980 923 5048 πλάνην
945 4981 1356 5049 ἀρνησαμένους
1386 4981 1529 5034 οὕτω
1548 5000 1704 5052 προσ-

113 5071 253 5122 ιέναι
287 5073 412 5142 Θεῴ
438 5073 562 5125 νοῦν
620 5071 821 5140 εὐσεϐῆ
851 5072 949 5141 τῆς
977 5073 1106 5140 πρὶν
1131 5073 1442 5142 ἀφροσύνης
1469 5072 1702 5138 ἀλλαξα-

116 5163 347 5225 μένους.

1802 3601 1974 3667 dicos,
2006 3602 2072 3656 ad
2103 3616 2190 3655 me
2221 3600 2497 3670 quoslibet
2532 3614 2633 3670 ego
2667 3600 2820 3654 nullo
2853 3601 3174 3655 discrimine
3218 3615 3378 3654 acce-

1800 3693 1950 3759 dere,
1984 3699 2037 3746 et
2081 3707 2374 3746 commune
2423 3692 2682 3746 omnibus
2725 3693 3002 3761 Evangelii
3047 3695 3376 3760 ιιι-ιιιιςοιιὶιιιη

1801 3800 1922 3839 esse
1969 3784 2162 3853 jubeo.
2222 3783 2628 3855 Congregamini
2681 3794 2733 3837 et
2794 3785 2962 3838 venite
3019 3795 3067 3836 et
3121 3785 3381 3838 consulite

1801 3880 1986 3944 simul,
2012 3881 2101 3948 qui
2130 3880 2414 3932 salvamini
2445 3879 2508 3932 de
2535 3877 2777 3949 gentibus
2801 3919 2814 3944 ,
2853 3879 2942 3932 ubi
2981 3895 3080 3948 pro
3125 3881 3380 3932 consulite

1801 3973 1982 4038 simul,
2035 3971 2282 4027 Accedite
2329 3971 2399 4024 ad
2450 3987 2530 4024 me
2579 3973 2668 4040 qui
2717 3972 2780 4024 de
2827 3973 3070 4038 gentibus
3121 3972 3381 4041 elfugistis

1803 4059 2199 4128 interpretatur
2251 4059 2636 4129 Symmachus.
2675 4058 2806 4114 Ideo
2856 4069 3039 4114 autem
3087 4077 3382 4132 congrega-

1803 4153 1932 4206 mini
1964 4153 2123 4216 dixit,
2156 4161 2213 4206 ut
2251 4153 2497 4220 cogentis
2537 4153 2686 4222 ipsos
2718 4162 2771 4207 et
2801 4154 3162 4209 eonvocantis
3200 4169 3384 4221 perso-

1804 4258 1928 4296 nam
1956 4241 2116 4312 525
2149 4243 2500 4311 exprimeret,
2537 4245 2630 4311 qui
2665 4253 2821 4296 erant
2861 4259 2889 4296 a
2931 4244 3131 4296 Satana
3165 4243 3380 4314 disgrc-

1804 4336 1936 4406 gali.
1963 4336 2100 4390 Cum
2134 4337 2375 4389 venisset
2402 4336 2548 4389 enim
2581 4351 2689 4389 non
2723 4336 2830 4400 sui,
2862 4336 2955 4390 sed
2982 4337 3156 4389 nostri
3186 4351 3381 4400 causa,

1805 4437 2034 4482 mortem
2071 4428 2238 4481 subiit
2273 4429 2546 4493 Salvator,
2578 4437 2636 4480 ut
2671 4427 2974 4481 secundum
3020 4428 3383 4498 Evangelistze

1803 4519 1967 4572 verba
1993 4518 2062 4580 ⁵⁵,
2089 4517 2181 4571 Dei
2213 4517 2375 4582 ﬁlios,
2405 4518 2496 4586 qui
2524 4525 2681 4572 erant
2708 4518 2964 4587 dispersi,
2994 4519 3180 4574 eodem
3210 4521 3380 4574 animi

1805 4611 2039 4680 ﬁdeique
2080 4610 2301 4663 vinculo
2351 4626 2631 4665 connexos
2682 4611 2735 4664 in
2787 4627 2954 4664 unum
3002 4623 3377 4683 congregaret.

1809 4702 2012 4756 Deinde
2057 4711 2315 4770 tanquam
2353 4703 2508 4772 longe
2541 4703 2744 4768 absint,
2777 4714 3052 4757 venturum
3085 4721 3144 4760 se
3178 4708 3379 4761 innuit.

1810 4795 1972 4848 Arcet
1998 4795 2141 4849 enim
2166 4805 2220 4848 et
2246 4803 2463 4862 separat
2490 4810 2519 4848 a
2554 4795 2662 4848 Deo
2689 4811 2843 4850 error
2864 4798 3001 4865 ipse.
3028 4796 3265 4867 Indeque
3297 4808 3380 4852 est

1813 4889 1966 4941 Pauli
2015 4887 2146 4939 illud
2196 4906 2209 4940 :
2261 4904 2279 4936 ι
2317 4886 2421 4950 Qui
2473 4887 2768 4954 aliquando
2819 4888 2985 4942 eratis
3036 4889 3214 4959 longe,
3250 4889 3378 4942 facti

1807 4981 1944 5035 estis
1989 4964 2157 5049 prope
2188 4982 2253 5033 ⁸⁵.
2292 4999 2309 5031 ι
2367 4979 2432 5031 Et
2480 4996 2698 5035 rursum
2737 5000 2751 5034 :
2798 4999 2815 5031 ι
2853 4980 3256 5051 Evangelizavit
3289 4999 3382 5051 pn-

1806 5089 1922 5128 cem
1971 5074 2148 5137 vobis,
2193 5074 2284 5141 qui
2335 5074 2498 5141 longe
2555 5072 2761 5137 fuistis,
2799 5083 2853 5126 et
2910 5089 3095 5142 pacem
3148 5075 3234 5138 iis,
3286 5076 3379 5141 qui

1800 5180 1969 5235 prOpe
1999 5166 2066 5218 “.
2106 5184 2124 5215 ι
2176 5165 2242 5218 Et
2293 5166 2569 5234 propheta:
2619 5165 2782 5219 etiam
2818 5183 2830 5217 :
2875 5183 2890 5214 ι
2927 5166 3379 5234 Αμυνοιήιιιιυιιιιι

115 5250 247 5317 ὕεια,
291 5260 354 5307 et
392 5253 859 5324 appropinquabit
887 5252 1044 5309 vobis
1077 5254 1136 5314 ".
1183 5272 1202 5307 ι
1232 5255 1297 5309 At
1331 5255 1476 5325 quod
1520 5257 1780 5310 consulite
1865 5257 2028 5311 simul
2079 5258 2236 5321 dicit,
2310 5260 2382 5310 ita
2439 5267 2598 5312 caute
2643 5266 2694 5311 ct
2744 5257 3039 5326 prudenter
3121 5257 3383 5312 accedere

223 5436 271 5465 '°
307 5432 455 5486 Psal.
493 5447 650 5492 xvm,
686 5432 748 5492 5;
784 5431 945 5485 Rom.
989 5448 1044 5493 χ,
1085 5433 1171 5487 18.

114 5521 177 5567 ιι,
211 5509 267 5558 ‘J.
351 5507 396 5536 “
425 5501 583 5555 Joan.
615 5517 672 5566 ιι,
715 5502 804 5555 52.
880 5503 926 5535 ⁵⁸
964 5501 1162 5572 Ephes.
1200 5521 1259 5565 ιι,
1296 5505 1377 5557 l5.

1285 5434 1328 5463 "“
1373 5434 1541 5487 Exod.
1582 5452 1693 5497 XIX,
1729 5436 1751 5487 1
1793 5450 1947 5505 seqq.

1494 5505 1541 5534 ⁸⁸
1573 5509 1704 5557 ibid.
1741 5506 1827 5558 17.

2043 5437 2088 5466 δ’
2149 5435 2306 5489 Joan.
2371 5452 2399 5488 ν
2459 5435 2547 5490 46.

1907 5507 1949 5537 ⁸⁷
1979 5504 2094 5560 Jac.
2130 5523 2202 5570 ιν,
2237 5511 2290 5560 8.

2651 5435 2824 5491 “lsa.
2860 5450 3004 5498 Lstv,
3045 5433 3109 5497 4;
3168 5433 3186 5487 Ι
3242 5433 3376 5494 Cor.

1418 5616 1645 5672 VARUS
1688 5619 2090 5677 LECTIONES.

195 5719 221 5747 ⁸
266 5726 359 5780 τερ.
401 5711 453 5762 el’
479 5726 588 5773 τις.
662 5717 688 5756 .'
727 5708 814 5760 ῖσ.
848 5708 986 5778 ἤχῳ.
