3978 6374
652 357 794 422 ἓωὸ

1945 343 2297 406 PROCOPH
2335 342 2573 401 GAZEI

3711 332 3822 394 219.6

654 474 1000 525 adhortatur.
1052 465 1219 522 Decet
1261 464 1407 519 enim
1461 479 1569 518 non
1616 461 1721 517 nisi
1762 461 1951 516 relicta
1998 474 2225 530 prorsus
2262 456 2524 528 peccandi
2568 452 2989 518 consuetudine,
3023 453 3240 520 vitath
3271 452 3321 501 iu
3387 449 3569 503 melius
3628 464 3826 505 commu-

653 575 788 630 tata,
811 572 961 619 caste
988 570 1041 619 et
1071 563 1160 633 pic
1186 560 1253 614 ad
1285 559 1458 614 Deum
1488 558 1771 613 accedere.

723 662 804 715 Ad
839 676 938 715 vos
984 660 1151 729 igitur
1179 656 1387 711 reversi
1424 654 1789 718 considerate,
1817 666 1981 723 quam
2013 648 2230 720 penitus

2406 640 2814 710 Συστρέψαντες
2853 636 2948 691 οὖν
2995 635 3222 698 ἑαυτοὺς
3270 636 3499 689 συνίδετε
3541 638 3611 703 ὡς
3654 643 3826 716 ἀνόητοι

654 752 917 807 vecordes
941 750 1019 803 illi
1043 751 1173 813 sint,
1198 749 1286 818 qui
1317 748 1515 816 lignum
1542 744 1830 812 sculpturw
1857 757 1967 796 sua:
1992 740 2226 802 elevant,

656 845 709 898 id
752 852 858 908 est,
890 843 982 912 qui
1033 843 1106 894 ita
1153 840 1443 903 extollunt,
1483 846 1543 891 ut
1580 836 1808 905 gloriam
1843 849 1962 904 qua:
1991 832 2084 887 uni
2123 831 2231 884 Deo

656 936 907 998 debetur,
951 935 1098 1003 ligno
1131 932 1453 1002 largiantur.
1496 924 1789 993 Nimirum,
1823 927 2024 997 quibus
2053 925 2230 995 placet

656 1036 877 1095 portare
919 1041 1117 1080 sensus
1151 1025 1417 1093 expertia,
1445 1029 1497 1076 et
1525 1037 1647 1092 quae
1677 1036 1745 1075 ne
1771 1020 1976 1074 moveri
2006 1016 2228 1087 quidem

654 1120 897 1184 valeant,
930 1136 1038 1188 quo
1071 1127 1230 1188 pacto
1262 1116 1343 1169 vel
1387 1124 1552 1179 terra,
1585 1116 1666 1169 vel
1710 1114 1842 1168 mari
1884 1114 1987 1167 iter
2021 1111 2229 1165 facien-

654 1224 760 1277 tes,
789 1214 859 1267 ab
882 1212 1150 1281 ejusmodi
1182 1211 1444 1264 auxilium
1473 1208 1785 1277 postulant?
1812 1206 1965 1273 Quod
1995 1205 2039 1259 si
2073 1204 2232 1274 quid-

653 1320 815 1372 quam
855 1304 1083 1362 habent,
1113 1300 1257 1369 quod
1303 1315 1404 1369 pro
1439 1299 1547 1352 diis
1581 1300 1703 1353 istis
1734 1298 1940 1361 dicant,
1969 1296 2232 1351 accedant

653 1404 709 1447 et
733 1394 857 1461 ipsi.
885 1390 1021 1445 Tum
1054 1392 1271 1443 demum
1311 1389 1455 1442 enim
1485 1404 1675 1443 verum
1712 1386 1879 1442 Deum
1912 1395 2230 1457 agnosci-nt,

652 1502 779 1538 cum
843 1485 1071 1554 propius
1129 1483 1489 1537 accesserint.
1548 1483 1744 1535 Annon
1818 1496 2074 1550 magnum
2148 1488 2233 1532 est

653 1576 872 1631 dcitatis
910 1580 1315 1643 argumentum,
1352 1572 1495 1640 quod
1542 1586 1571 1624 a
1615 1571 1899 1641 prophetis
1941 1572 2044 1624 ista
2077 1571 2235 1642 longe

652 1679 782 1723 ante
812 1667 1092 1737 pr:cdicta,
1133 1676 1298 1733 quam
1337 1662 1482 1717 iacta
1513 1671 1675 1726 sunt;
1712 1663 1897 1731 qualia
1931 1663 2231 1727 daemones,

654 1762 747 1828 qui
796 1758 1108 1811 futurorum
1168 1755 1418 1809 notitiam
1461 1754 1565 1810 sibi
1602 1764 1886 1823 arrogant,
1929 1769 1997 1808 ne
2043 1751 2231 1809 fucum

654 1850 876 1919 quidem
947 1846 1197 1900 faciendo
1272 1854 1532 1915 prmstat'e
1590 1854 1822 1914 queant;
1892 1843 1988 1897 sed
2056 1858 2234 1909 neque

655 1940 862 1995 Christi
906 1940 1221 1994 adventum.
1252 1937 1334 1989 vel
1386 1936 1666 1989 interitum
1716 1950 1874 1988 suum
1918 1935 2236 2003 praenosse?

2331 734 2610 797 παντελῶς
2660 736 2714 786 οι
2732 734 3003 800 αἴροντες
3042 730 3109 783 τὸ
3145 729 3335 793 ξύλον
3390 729 3615 798 γλύμμα
3657 736 3828 804 αὐτῶν,

2329 830 2529 882 δέστιν
2583 826 2843 896 ὑῴοῢντες
2890 825 2965 887 ὡς
2988 823 3147 887 δόξαν
3195 821 3341 893 αὑτῷ
3394 825 3671 891 προσάγειν
3708 827 3827 885 Θεοῦ,

2337 923 2542 986 ’ῐίγουν
2569 920 2617 972 οί
2644 920 2713 971 τὰ
2742 917 2926 986 ἄψυχα
2946 915 3228 985 φέροντες,
3280 914 3357 975 ὠς
3391 912 3464 983 μὴ
3492 916 3731 970 κινεῖσθαι
3763 920 3830 972 δυ·

2332 1013 2562 1081 νὰμενα.
2616 1010 2734 1070 πῶς
2785 1005 3269 1076 όδοιποροῦντες,ἢ
3306 1004 3551 1067 πλέοντες
3574 1004 3662 1075 τὴν
3720 1014 3828 1080 παρᾶ

2330 1102 2536 1156 τούτων
2588 1101 2866 1155 αἰτοῦνται
2919 1098 3202 1169 βοήθειαν;
3240 1097 3302 1149 Εἰ
3349 1095 3404 1148 δὲ
3450 1094 3621 1162 ἔχουσί
3646 1113 3693 1149 τι
3740 1104 3827 1170 περὶ

2331 1196 2440 1248 τῶν
2467 1194 2609 1247 ἰδίων
2638 1194 2817 1260 λέγειν
2863 1190 3028 1254 θεῶν,
3059 1187 3423 1258 προσίτωσαν.
3470 1186 3717 1254 Σύνεγγυς
3756 1195 3830 1261 γὰρ

2331 1286 2614 1353 γεγονότες
2647 1284 2737 1335 τὸν
2768 1282 2942 1352 ἀληθῆ
2999 1280 3133 1334 Θεὸν
3167 1278 3575 1346 ἐπιγνώαονται.
3613 1280 3679 1333 Οὐ
3731 1283 3832 1351 μέγα

2331 1382 2528 1449 δεῖγμα
2557 1376 2656 1446 τῆς
2680 1374 2930 1444 θεότητος
2969 1373 3030 1426 τὸ
3062 1373 3421 1444 προαγγεῐλα.
3465 1370 3628 1424 ταῦτα
3656 1373 3731 1425 διὰ
3757 1377 3834 1427 τῶν

2333 1469 2646 1541 προφητῶν,
2668 1470 2801 1538 ὅπερ
2824 1468 2923 1520 οὐκ
2958 1466 3138 1536 ἔχουσι
3167 1466 3344 1518 ποιεῖν
3367 1466 3413 1516 οί
3434 1465 3724 1536 φενακισμῷ
3744 1483 3836 1536 προ,

2333 1562 2512 1630 λέγειν
2537 1560 3002 1631 ἐπαγγελλόμενοι
3041 1558 3318 1627 δαίμονες,
3390 1563 3524 1626 μήτε
3544 1557 3634 1628 τὴν
3654 1559 3835 1626 Χριστοῦ

2337 1653 2644 1723 παρουσίαν
2674 1651 3020 1723 προγνόντες,
3051 1652 3188 1720 μήτε
3250 1649 3338 1718 τὴν
3389 1648 3522 1701 ίδίαν
3566 1650 3833 1715 κατάλυσινς

2349 1745 2491 1815 Ἐγὼ
2530 1745 2588 1799 δὲ
2636 1748 2915 1815 προεῖπον,
2941 1744 3062 1795 ἐπεὶ
3104 1742 3337 1808 δίκαιός
3388 1742 3501 1809 ειμι
3559 1740 3832 1809 καὶΣωτὴρ.

2335 1840 2545 1906 Δικαίῳ
2565 1839 2669 1907 γὰρ
2694 1837 2835 1907 λόγῳ
2859 1839 2994 1906 πρὸς
3025 1836 3302 1906 σωτηρίαν
3339 1835 3518 1886 πάντα
3551 1833 3612 1886 τὰ
3645 1833 3749 1904 ἔθνη
3766 1853 3835 1889 κιο

2337 1932 2435 1985 λῶ.
2467 1932 2636 1985 Τοῦτο
2658 1932 2764 2002 γὰρ
2786 1930 2937 2001 δηλοῖ
2968 1931 3026 1982 τὸ
3059 1928 3161 1981 ἀπ’
3199 1927 3465 1997 ἐσχάτου
3497 1925 3599 1995 τῆς
3627 1926 3737 1994 τῆς.
3759 1931 3837 1982 Kal

656 2032 728 2085 At
754 2046 818 2084 ea
852 2030 989 2099 ipse,
1025 2030 1149 2096 quia
1180 2031 1362 2096 justus
1419 2034 1467 2080 et
1518 2025 1763 2081 Salvator
1800 1993 1937 2089 sum,
1971 2025 2233 2095 praedixi;

2341 2024 2567 2077 δίκαιον
2621 1993 2813 2076 ἐαυτὸν
2839 1993 3042 2084 ’ἄλλως
3102 1993 3442 2088 καλεῖξπρδς
3507 1993 3838 2089 ἀντιδιαστολήν

657 2123 752 2192 qui
781 2123 928 2188 justa
974 2121 1230 2174 oratione
1266 2126 1454 2186 gentes
1488 2134 1678 2172 omnes
1710 2117 1777 2171 ad
1810 2119 2044 2172 salutem
2078 2131 2233 2169 voco.

659 2213 714 2267 Id
768 2214 912 2266 enim
967 2227 1031 2265 eo
1083 2212 1225 2280 ipso,
1270 2211 1413 2279 quod
1470 2211 1533 2263 ab
1581 2210 1830 2263 extremis
1885 2218 2037 2262 teme
2080 2207 2236 2273 dixit,

663 2303 1017 2371 signiﬁcavit.
1051 2300 1194 2367 Quin
1241 2310 1291 2353 et
1333 2301 1541 2370 justum
1589 2317 1648 2355 se
1692 2301 1830 2355 alias
1881 2302 2150 2362 nominat,
2182 2307 2242 2353 ut

659 2392 994 2455 dtetnonutn,
1025 2391 1118 2458 qui
1155 2391 1205 2442 in
1241 2400 1490 2443 naturam
1521 2396 1766 2442 nostram
1794 2388 1865 2440 ita
1893 2393 2238 2456 grassantur,

661 2492 725 2536 ut
756 2482 825 2536 ab
859 2481 1117 2534 humanis
1165 2481 1364 2534 hostiis
1414 2496 1522 2533 non
1573 2481 1906 2537 abstineant.
1932 2476 2243 2532 distinctio-

663 2590 787 2627 nem
846 2572 1126 2625 adhibeat.
1160 2570 1263 2636 Qui
1318 2572 1462 2624 enim
1505 2587 1613 2625 non
1659 2571 1841 2640 justus
1882 2568 2115 2631 dicatur,
2149 2567 2241 2636 qui

664 2674 772 2718 tam
810 2665 1042 2718 libenter
1078 2665 1276 2731 injuria
1322 2663 1534 2717 allectis
1583 2663 1920 2732 opitulatur?
1962 2662 2055 2732 qui
2106 2660 2242 2715 nihil

664 2755 892 2807 otnnino
941 2753 1186 2807 futurum
1240 2754 1580 2823 pronuntiat,
1609 2754 1757 2821 quod
1796 2764 1950 2807 certo
1988 2761 2042 2807 et
2078 2752 2242 2806 indu-

666 2844 839 2898 ltitato
877 2855 1073 2897 eventu
1130 2859 1238 2897 non
1295 2844 1525 2913 probet?
1569 2843 1705 2898 Cum
1757 2845 1900 2897 enim
1948 2844 2243 2898 Abrahami

666 2942 892 3002 nepotes
945 2949 1068 2988 esse
1121 2934 1465 2998 servituros,
1534 2932 1867 3002 tandemque
1931 2933 2242 2987 libertatem

2338 2117 2445 2170 τῶν
2478 2116 2813 2186 ἠδικηκότων
2839 2114 2936 2184 τὴν
2960 2114 3238 2183 ἡμετέραν
3299 2112 3463 2180 φύσιν
3507 2110 3753 2181 δαιμόνων,
3795 2111 3835 2165 oi

2344 2207 2475 2277 μηδὲ
2503 2206 2757 2275 θυμάτων
2790 2204 3140 2275 ἀνθρωπίνων
3166 2203 3492 2271 ἀπέσχοντο.
3524 2202 3624 2254 Kal
3656 2201 3740 2261 πῶς
3782 2202 3827 2253 οὐ

2341 2300 2571 2363 δίκαιος
2629 2298 2657 2350 ό
2711 2299 2825 2360 τοῖς
2867 2295 3118 2349 τοσοῦτον
3170 2294 3523 2365 ἠδικημένοις
3572 2293 3834 2363 ἐπικονρῶεη

2340 2389 2398 2453 ὃς
2448 2389 2543 2442 καὶ
2584 2389 2813 2441 καθόλου
2861 2386 3160 2455 προλέγων,
3213 2387 3552 2440 ἀδιάπτωτον
3598 2386 3731 2455 τηρεῖ
3764 2383 3841 2434 τῶν

2342 2479 2758 2552 προρρηθέντων
2777 2478 2875 2549 τὴν
2904 2479 3165 2540 ἐκϐασιν;
3199 2478 3490 2548 Προειπὼν
3518 2478 3618 2547 γὰρ
3653 2473 3838 2544 ’Δδραὰμ

2344 2572 2449 2642 τὴν
2469 2572 2713 2625 δουλείαν
2736 2588 2795 2624 τε
2823 2570 2918 2623 καὶ
2947 2570 3044 2641 τὴν
3072 2569 3394 2641 ἐλευθερίαν
3416 2566 3506 2621 τοῦ
3545 2568 3735 2636 γένους,
3777 2565 3840 2617 nl

2348 2665 2483 2735 μήτε
2527 2663 2778 2735 Ἀδραὰμ
2794 2663 3207 2733 ὑπομνήσαντος
3234 2661 3380 2733 (τότε
3400 2661 3508 2730 γὰρ
3529 2658 3642 2712 οὐδὲ
3669 2652 3725 2728 ἦν
3747 2658 3843 2728 μήτε

2343 2756 2450 2807 τῶν
2478 2756 2534 2822 ἐξ
2562 2754 2725 2808 αὑτοῦ
2772 2753 3358 2825 δικαιοπραγούντων).
3422 2751 3557 2822 πρὸς
3617 2750 3749 2821 ἔργον
3783 2749 3844 2814 ἐξ·

2345 2848 2564 2917 ήνεγκε.
2594 2846 2702 2899 Καὶ
2726 2846 2887 2899 πάλιν
2907 2846 3138 2899 δίκαιόν
3160 2861 3330 2913 φησιν
3353 2842 3558 2901 ἑαυτὸν.
3584 2842 3696 2903 τοὺς
3714 2842 3846 2910 ἡμαρ-

2344 2940 2579 3010 τηκότας
2620 2940 2818 3006 φοϐῶν.
2857 2939 3100 2993 Δικαίου
3129 2938 3237 3007 γὰρ
3277 2939 3313 3007 ὴ
3358 2937 3709 3006 ἀπαραίτητος
3728 2932 3846 2984 κόλα-

667 3032 1069 3079 consecuturos
1095 3025 1438 3093 praedixisset
1458 3040 1473 3089 ;
1497 3022 1663 3094 526
1683 3024 1803 3093 ipso
1828 3032 1993 3077 etiam
2013 3038 2123 3077 non
2159 3037 2238 3076 re-

2348 3047 2452 3091 σις.
2496 3030 2665 3082 Καλεῖ
2683 3030 2738 3083 δὲ
2766 3032 2858 3082 καὶ
2887 3028 3156 3097 Σωτῆρα,
3183 3029 3259 3091 ὡς
3293 3029 3364 3080 ἂν
3401 3027 3555 3080 αὐτὸν
3604 3024 3686 3078 ἐπὶ
3703 3038 3849 3087 σωτη-

668 3113 932 3166 cordaute
963 3113 1277 3182 patriarcha
1308 3113 1508 3184 (neque
1538 3114 1683 3166 enim
1712 3113 1931 3167 vivebat
1958 3112 2136 3167 adhuc
2164 3112 2238 3165 vel

2341 3120 2444 3188 ρίᾳ
2497 3118 2758 3189 μαθόντες
2786 3120 2963 3172 πάντα
3005 3122 3179 3171 ποιεῖν
3222 3116 3431 3182 αὐτῶν,
3459 3116 3741 3185 ὁμολογοῖεν
3782 3113 3853 3182 μὲν

668 3205 790 3269 ejus
847 3215 1196 3273 posterorum
1243 3206 1560 3274 quisquam,
1614 3206 1707 3274 qui
1754 3205 1984 3274 iustitia:
2025 3204 2238 3259 nomine

2353 3208 2738 3279 μετανοοῦντες
2770 3210 2837 3280 ἥν
2862 3211 2925 3261 ἐκ
2966 3208 3076 3261 τῶν
3121 3210 3348 3262 δικαίων
3405 3207 3662 3274 ὀφείλουσι
3700 3204 3851 3272 δίκην

670 3294 1167 3364 commendaretur)
1208 3294 1276 3348 ad
1319 3295 1527 3349 exitum
1582 3309 1674 3349 res
1717 3295 1832 3363 ipsa
1868 3294 2101 3347 deducta
2139 3301 2238 3347 est.

2352 3301 2763 3372 φιλανθρωπίας
2799 3300 2859 3353 δὲ
2910 3300 3181 3370 τυχόντες,
3235 3300 3337 3371 τὴν
3372 3299 3466 3352 τοῦ
3516 3293 3851 3366 συγχωροῦντος

671 3384 889 3439 Iustum
923 3403 1121 3442 rursus
1148 3398 1202 3442 et
1238 3388 1356 3457 ipse
1386 3402 1446 3443 se
1475 3387 1734 3458 appellat,
1777 3398 1835 3442 ut
1866 3389 1957 3453 iis,
1990 3389 2087 3457 qui
2122 3403 2238 3456 pec-

2352 3393 2719 3463 χρηστότητα.
2767 3393 3029 3453 (Δίκαιος
3097 3390 3207 3460 γὰρ
3273 3388 3471 3443 ἐαυτοῦ
3511 3389 3778 3456 κατήγορος
3816 3385 3855 3435 ἐν

674 3487 892 3541 caruut,
932 3488 1136 3532 metum
1195 3479 1452 3533 incutiat.
1494 3479 1659 3534 Caret
1708 3480 1853 3534 enim
1901 3480 2238 3535 miseratiout

2352 3482 2712 3554 πρωτολογίᾳ.
2743 3502 2761 3534 ι
2794 3483 2907 3552 Τὴν
2941 3481 3071 3551 περὶ
3100 3480 3210 3533 τῶν
3242 3480 3425 3534 ἐθνῶν
3457 3481 3510 3534 δὲ
3533 3477 3859 3539 δικαιοσύνην

676 3582 801 3633 qua:
837 3568 1108 3636 justorum
1159 3578 1244 3623 est
1299 3571 1354 3624 in
1390 3570 1602 3624 scelera
1636 3571 2054 3625 animadversio.
2089 3571 2238 3624 Voca!

2356 3574 2473 3646 μεθ’
2503 3575 2667 3643 ὅρκου
2706 3574 3049 3643 προῖσχεται,
3108 3591 3127 3623 t
3172 3573 3288 3626 Ἵνα
3306 3573 3396 3627 διὰ
3418 3573 3527 3634 δύο,
3558 3567 3859 3641 φησὶνόθεῖος

677 3672 806 3709 γυιό
833 3667 888 3711 ct
917 3657 1266 3725 Salvatorem,
1298 3667 1358 3713 ut
1387 3669 1672 3730 postquam
1702 3661 1876 3729 ipsum
1912 3660 2103 3714 salutis
2130 3675 2238 3729 ergt

2367 3665 2707 3729 ’Λπόστολος,
2741 3665 3081 3735 πραγμάτων
3098 3665 3475 3734 ἀμεταθέτων,
3531 3665 3586 3717 ἐν
3625 3657 3696 3725 οἷς
3714 3658 3859 3713 ἀδύνα-

677 3750 858 3801 nmliti
904 3753 1087 3803 omnia
1138 3755 1539 3820 perspexerint,
1580 3768 1674 3808 eas
1720 3754 1824 3809 sibi
1871 3769 2086 3822 ptenas.
2117 3769 2238 3823 qua!

2355 3774 2445 3809 τον
2479 3755 2783 3825 ψεύσασθαι
2811 3756 2962 3821 Θεὸν,
2999 3756 3224 3826 ἰσχυρὰν
3256 3756 3597 3827 παράκλησιν
3620 3755 3811 3823 ἔχωμεν.
3838 3765 3853 3797 ι

677 3844 982 3911 perferunt,
1028 3843 1173 3911 juste
1223 3844 1392 3913 inlligi
1448 3847 1720 3899 scelerum
1771 3846 2108 3899 conscientia
2161 3846 2473 3912 fateantur;
2544 3850 2590 3902 si
2630 3848 2763 3918 quid
2824 3858 3005 3903 autem
3046 3849 3405 3904 humanitatis
3473 3847 3710 3909 sentiant,
3764 3842 3858 3897 illud

679 3939 860 4006 ipsum
922 3938 1123 3992 divina:
1179 3939 1369 4007 gratia-
1428 3939 1863 4008 benignitatique
1896 3942 2219 3995 attribuant.
2270 3961 2289 3993 ι
2320 3941 2515 3998 Justus
2555 3944 2724 4007 enim,
2767 3944 3028 3997 scribitur
3058 3943 3125 4009 ⁵⁸,
3158 3944 3311 4012 prior
3335 3952 3419 3997 est
3447 3950 3716 3997 accusator
3738 3940 3852 3994 sui.’

677 4032 934 4088 Praeterit
972 4047 1104 4085 vero
1136 4046 1246 4083 non
1277 4029 1732 4097 sinejuramento
1777 4032 2014 4099 gentium
2075 4032 2366 4100 justitiam,
2407 4055 2426 4087 r
2459 4045 2519 4089 ut
2543 4052 2641 4106 per
2710 4036 2849 4091 duas
2890 4052 3001 4102 res,
3066 4037 3143 4091 ait
3206 4038 3502 4108 Apostolus
3532 4039 3599 4099 ⁸⁹.
3658 4032 3857 4089 immobi-

677 4126 778 4187 les,
808 4122 1010 4191 quibus
1044 4121 1385 4190 impossibile
1423 4130 1508 4175 est
1538 4119 1757 4174 mentiri
1799 4120 1986 4185 Deum,
2010 4120 2371 4178 fortissimum
2403 4128 2663 4181 solatium
2700 4127 3022 4182 habeamus.
3059 4145 3079 4179 ι

751 4221 817 4274 Et
856 4234 1118 4275 sermones
1160 4218 1278 4281 mei,
1310 4216 1481 4280 addit,
1538 4232 1642 4269 non
1700 4224 2017 4269 avertantur.
2050 4214 2238 4281 Quale:

2422 4221 2531 4276 Kal
2591 4224 2644 4276 οί
2708 4225 2875 4291 λόγοι
2925 4222 2981 4275 δέ
3004 4240 3142 4291 μου.
3178 4224 3342 4293 φησὶν
3378 4224 3491 4277 οὐκ
3533 4218 3857 4289 ἀποστραφήο

674 4327 807 4366 vero
838 4309 1148 4365 sermones?
1176 4307 1387 4373 Quibus
1430 4306 1692 4359 nimirum
1724 4305 1940 4359 dicebat
1974 4323 1987 4359 :
2023 4304 2238 4360 Conver-

2355 4332 2587 4369 σονται.
2656 4316 2801 4368 Ποῖοι
2861 4315 2918 4369 δὲ
2975 4317 3180 4384 λόγοις
3224 4315 3292 4368 δι’
3348 4307 3426 4369 ὧν
3504 4315 3695 4382 ἔλεγεν,
3733 4312 3852 4364 Ἐπι-

680 4404 859 4457 timiui
889 4404 958 4455 ad
983 4418 1081 4463 me,
1120 4409 1171 4453 et
1208 4397 1341 4451 salvi
1367 4398 1516 4450 eritis
1548 4396 1614 4449 ab
1637 4406 1873 4449 extrema
1917 4406 2092 4450 (εῖναι.
2122 4398 2238 4464 Qui-

2357 4405 2661 4473 arpcignts
2717 4406 2811 4459 ἐπ’
2866 4405 2989 4474 ἐμὲ,
3019 4406 3120 4458 καί
3153 4406 3509 4473 σωθήσεσθε
3542 4409 3592 4459 οι
3618 4396 3857 4468 ἀπ’ὲσχά-

677 4496 780 4549 bus
810 4504 988 4547 autem
1034 4493 1103 4546 de
1149 4491 1336 4544 causis
1381 4489 1768 4558 jusjurandum
1821 4490 2110 4555 addiderit,
2154 4492 2238 4544 hut

2357 4497 2596 4564 τουτῆς
2622 4495 2750 4566 γῆς.
2796 4497 2919 4549 Ἐπὶ
2957 4498 3099 4549 τίσιν
3125 4497 3182 4549 δὲ
3236 4499 3328 4550 τὸν
3404 4499 3564 4568 ὅρκον
3619 4496 3853 4565 ἐπήγαγεν.

676 4590 797 4655 ipso
853 4585 1082 4647 indicat,
1139 4581 1304 4650 quod,
1338 4582 1465 4651 quia
1513 4580 1645 4633 mihi
1699 4580 2067 4633 incurvabitur
2112 4598 2238 4634 omm

2379 4587 2528 4657 δηλοῖ
2556 4588 2724 4655 λέγων
2759 4603 2774 4616 ⁸
2812 4586 2932 4639 ’Ότι
2959 4586 3086 4654 ἐμοὶ
3127 4587 3346 4655 κάμψει
3394 4586 3518 4641 πᾶν
3566 4588 3717 4656 γόνυ,
3752 4583 3797 4633 οὑ
3818 4579 3857 4629 τὸ

681 4694 838 4747 genu,
877 4692 984 4730 non
1048 4673 1361 4728 Iudaeorum
1418 4681 1656 4736 tantum,
1700 4672 1968 4739 adjunxit.
2012 4672 2068 4726 Si
2114 4675 2238 4727 enin

2352 4680 2620 4733 Ἰουδαίων
2672 4680 2857 4749 μόνον.
2920 4680 2982 4732 El
3042 4680 3152 4751 γὰρ
3208 4678 3424 4749 Ἰσραὴλ
3481 4679 3617 4749 μετὰ
3654 4675 3858 4730 τοσαύτας

683 4768 859 4838 gratia
906 4765 1096 4820 Israeli
1133 4776 1257 4835 post
1289 4772 1440 4817 tanta
1489 4773 1713 4834 peccata
1746 4779 1884 4831 opus
1917 4762 2054 4829 fuit;
2093 4766 2238 4817 mula

2354 4773 2645 4843 ἁμαρτίας,
2684 4775 2907 4844 χάριτος
2935 4775 3130 4847 ἐδεήθη
3156 4791 3170 4804 '
3198 4776 3377 4845 πολλῷ
3413 4775 3609 4845 μᾶλλον
3666 4772 3744 4823 ἐπὶ
3764 4767 3854 4818 πάνυ

686 4858 865 4923 magis
893 4857 1038 4925 quod
1081 4856 1305 4920 dicitur,
1342 4871 1464 4909 cum
1500 4855 1574 4910 sit
1609 4856 1856 4908 omnium
1894 4855 2054 4924 longe
2091 4856 2232 4909 maxi

2362 4882 2466 4918 των
2501 4868 2645 4936 μέγα
2676 4866 2736 4919 ὃν
2765 4869 2825 4919 τὸ
2847 4846 3140 4938 λεγόμενον
3187 4870 3495 4938 ἠπιστεῖτο.
3552 4866 3628 4918 Δι’
3662 4866 3772 4931 ὅπερ
3801 4856 3853 4915 ὡς

681 4966 854 5012 tuum,
906 4948 1064 5002 [idem
1118 4963 1230 5001 non
1282 4946 1545 5001 inveniat.
1607 4945 1736 5001 Inde
1785 4956 1870 5001 est
1919 4961 2074 5017 ergo,
2119 4963 2238 5017 quot

2361 4956 2664 5027 ἀνθρώποις
2692 4958 3085 5029 διαλεγόμενος,
3119 4962 3279 5029 ὅρκον
3329 4961 3629 5027 ἐπήγαγεν,
3657 4956 3856 5019 ὼςπροσ·

696 5049 960 5108 tanquam
991 5052 1113 5091 cum
1145 5038 1459 5092 hominibus
1492 5051 1677 5091 sermo
1716 5035 2006 5099 habeatur,
2048 5036 2238 5089 admoti

2362 5050 2689 5119 κυνήσουσιν
2772 5051 2940 5121 αὐτῷ,
2989 5052 3085 5104 καὶ
3148 5052 3310 5105 αὑτὸν
3366 5052 3529 5121 ὅρκον
3588 5049 3859 5117 ποιήσονται,

690 5132 1079 5201 jurejurando,
1108 5147 1203 5185 eos
1242 5131 1394 5183 illum
1443 5146 1567 5185 esse
1613 5132 1961 5194 adoraturos,
1994 5131 2234 5201 similiqu

2364 5139 2500 5209 ὅπερ
2527 5141 2591 5193 ἐκ
2622 5140 2822 5210 μέρους
2854 5141 3212 5212 πεπλήρωται
3249 5142 3556 5212 κληθέντων
3603 5136 3702 5191 τῶν
3720 5129 3862 5186 ἐθνῶν.

684 5226 1009 5297 juratnento
1039 5237 1262 5283 usuros,
1294 5220 1671 5285 conﬁrmavit,
1702 5221 1848 5289 quod
1881 5236 1948 5275 ex
1980 5231 2131 5291 patre
2155 5222 2238 5292 jar

2369 5229 2792 5302 Πληρωθήσεται
2823 5233 2880 5285 δέ
2902 5233 3121 5297 τελείως
3142 5236 3199 5285 ἐν
3228 5237 3295 5305 τῇ
3327 5230 3600 5302 συντελείᾳ.
3639 5227 3721 5281 τοῦ
3767 5219 3867 5277 αἰῶ-

688 5315 904 5369 vocatis
937 5314 1193 5384 gentibus
1234 5310 1505 5364 accidisse
1542 5312 1813 5365 videmus.
1861 5312 2136 5366 Edicietur
2168 5327 2267 5366 au-

677 5422 763 5462 em
794 5419 1038 5473 penttus,
1084 5417 1209 5456 cum
1260 5403 1316 5456 in
1368 5403 1553 5456 ὅπουιί
1585 5404 2056 5459 consummatione
2083 5407 2262 5462 omnis

683 5502 932 5553 humanze
980 5499 1185 5553 mentis
1233 5497 1499 5568 cogitatio
1547 5498 1876 5566 vanitasque
1922 5500 2258 5556 destruetur.

683 5589 869 5646 Omnis
901 5600 1077 5644 autem
1119 5589 1303 5659 lingua
1332 5588 1489 5655 dicet,
1513 5589 1642 5658 quia
1660 5588 1884 5657 iustitia
1912 5601 1960 5644 et
1988 5591 2158 5661 gloria
2187 5592 2258 5645 ad

777 5770 825 5799 ⁵⁸
856 5767 1015 5823 Prov.
1053 5780 1208 5835 mn,
1243 5769 1329 5822 l7.
1405 5768 1447 5801 ⁸⁵
1490 5765 1651 5827 Hebr,
1689 5784 1766 5833 vt,
1799 5768 1862 5823 18

2372 5339 2483 5382 vo;.
2512 5323 2600 5376 ὅτε
2645 5325 2751 5377 πᾶν
2771 5323 3107 5395 ἀνθρώπινον
3131 5327 3418 5395 φάντασμα
3464 5324 3558 5377 καὶ
3574 5320 3747 5392 ψεῦδος
3769 5330 3868 5367 κατ-

2369 5413 2756 5484 αργηθήσεται.
2798 5413 2973 5467 Πᾶσα
3032 5415 3101 5467 δὲ
3132 5414 3384 5484 γλῶσσα
3411 5414 3551 5482 ἐρεῖ,
3586 5413 3669 5465 ὅτι
3697 5408 3872 5461 δικαιο-

2366 5505 2546 5569 σύνη,
2578 5505 2679 5557 καὶ
2707 5506 2857 5570 δόξα
2884 5506 3033 5576 πρὸς
3070 5510 3258 5562 αὐτὸν
3307 5508 3459 5575 ἥξει.
3519 5507 3590 5558 Τὸ
3647 5501 3699 5554 δέ
3739 5493 3872 5555 δόξαν

2366 5594 2544 5662 ισκὺς
2579 5598 2608 5647 ὁ
2647 5595 2939 5668 Σύμμαχος
2962 5598 3203 5669 εἴρηκεν.
3237 5600 3410 5653 Πᾶσαι
3441 5598 3546 5669 γὰρ
3564 5595 3618 5650 αἱ
3662 5592 3715 5647 ἐν
3746 5583 3875 5654 οὐρα·
