3978 6374
603 378 746 445 ειτις)

1905 355 2262 423 PBOCOPII
2316 353 2562 414 GAZ/EI

3683 352 3801 419 2M0

601 493 978 566 iumentisque
999 487 1237 550 caeteris,
1258 485 1457 556 quibus
1482 482 1809 542 avelrentur,
1834 479 1979 534 oneri
2006 475 2186 531 futura

2305 473 2357 526 iv
2386 473 2485 525 καὶ
2517 472 2683 541 ῆγετο
2717 465 2856 539 πρλς
2899 465 3009 518 τῶν
3038 464 3313 533 πολεμίων
3348 464 3682 533 αἰχμαλωτας
3709 475 3802 537 πῶς

606 597 769 651 sunt;
805 584 898 639 sed
939 582 1072 636 viris
1107 581 1295 643 etiam,
1333 593 1569 646 quorum
1603 574 1846 628 humeris
1878 572 2179 641 gestaban-

607 688 719 741 tur,
755 677 987 729 laborem
1041 673 1310 740 paritura.
1364 669 1559 723 Verum
1592 668 1717 738 quis
1763 666 1930 719 Deum
1963 675 2183 733 gestans

606 770 876 825 inlirmior
924 765 1158 819 evadat?
1196 762 1312 816 Non
1343 778 1476 828 ergo
1507 761 1577 814 dii
1610 761 1699 814 illa
1735 768 1882 812 sunt.
1909 757 2012 822 Qui
2041 756 2182 809 enim

606 874 763 932 capta
795 862 863 915 ab
904 858 1160 912 hostibus
1196 856 1248 908 in
1297 855 1553 907 exsilium
1613 849 2025 905 traducantur?
2080 845 2185 911 Qui

605 953 821 1009 damnis
851 966 1063 1013 eorum,
1092 964 1121 1002 a
1154 947 1354 1017 quibus
1386 946 1707 1006 adorantur,
1728 960 1833 997 non
1852 939 2189 1006 tangantur?

608 1045 812 1097 Volunt
858 1040 949 1094 alii
990 1040 1307 1095 sacerdotes
1360 1053 1476 1100 eos,
1535 1037 1627 1105 qui
1677 1038 1731 1088 in
1789 1031 2185 1087 daemoniorum

605 1135 1083 1205 pompisipsormn
1111 1130 1314 1185 fercula
1339 1128 1680 1196 bajulabant,
1706 1128 1832 1178 dum
1862 1139 1956 1193 per
1979 1125 2187 1192 plateas

605 1229 946 1287 incederent,
984 1225 1256 1278 idolorum
1290 1223 1502 1291 pondus
1535 1236 1641 1274 non
1677 1220 1797 1273 sine
1831 1218 2019 1270 labore
2055 1231 2183 1269 sus-

606 1320 867 1373 tinuisse.
921 1318 1043 1372 Istis
1095 1331 1227 1370 vero
1279 1314 1536 1367 admonet
1586 1312 1861 1365 lsraelitas
1920 1310 2083 1363 etiaim
2120 1307 2189 1360 de

604 1412 886 1472 hostibus,
922 1425 948 1461 a
982 1408 1180 1478 quibus
1211 1419 1433 1475 prOptcr
1464 1404 1737 1458 idolorum
1769 1404 1980 1455 cultum
2015 1401 2188 1453 abdu-

604 1504 763 1556 cendi
794 1509 963 1566 sunt;
1004 1502 1299 1568 animoque
1330 1498 1591 1566 relinquit
1625 1494 1981 1563 cogitandum
2022 1507 2186 1561 quam

606 1610 771 1663 grave
801 1594 873 1647 sit
905 1602 956 1647 et
997 1590 1344 1645 intolerabile
1378 1589 1774 1643 daemoniorum
1813 1603 1950 1640 onus
1985 1584 2191 1637 anima-

607 1686 713 1741 bus
756 1686 845 1750 iis,
878 1699 1001 1754 quae
1036 1694 1327 1753 postquam
1358 1697 1416 1735 se
1453 1679 1720 1750 impietati
1782 1678 2187 1745 manciparunt,

607 1776 859 1832 confecto
900 1774 1044 1828 bello
1083 1772 1382 1825 nonaliter
1440 1785 1608 1840 quam
1661 1767 1861 1838 captivi
1920 1768 2187 1821 Scelerum

607 1870 820 1923 catenis
852 1868 1107 1921 revinctae
1136 1864 1425 1918 ducuntur.
1485 1862 1593 1916 Eos
1623 1861 1821 1915 deinde
1857 1876 1963 1913 non
1999 1855 2189 1920 Jacob,
2225 1831 2266 1886 Β

608 1963 702 2017 sed
733 1961 948 2014 domum
1009 1958 1179 2013 ,Ιησοὸ
1242 1968 1455 2012 tantum
1494 1958 1768 2017 nominat,
1808 1961 2040 2024 propter
2074 1950 2192 2005 alli-

608 2057 834 2109 nitatem
890 2053 1055 2124 529
1084 2068 1208 2107 cum
1236 2066 1427 2116 carne,
1462 2059 1511 2104 et
1543 2050 1802 2119 reliquias
1844 2046 2034 2109 Israel,
2067 2056 2191 2099 tan-

614 2164 776 2215 quam
818 2148 949 2217 feces
1011 2147 1124 2214 ejus
1175 2145 1408 2215 aliquas,
1462 2151 1517 2198 et
1568 2147 1941 2196 excrementa.
1998 2137 2198 2191 Putant

610 2241 863 2296 nonnulli
890 2238 1143 2293 abductis
1162 2240 1215 2292 in
1243 2237 1607 2307 captivitatem
1634 2235 1946 2305 permultis.
1978 2232 2194 2285 unicam

611 2334 853 2394 domum,
894 2340 1155 2397 tanquam
1193 2328 1451 2383 immanis
1484 2326 1535 2382 ei
1570 2327 1817 2380 barbarae
1848 2322 2195 2378 crudelitatis

614 2425 875 2493 reliquias
908 2423 1170 2492 appellari
1210 2438 1223 2473 :
1258 2421 1406 2491 quod
1449 2427 1503 2475 et
1534 2420 1683 2488 ipsos
1711 2419 1903 2477 etiam,
1953 2415 2058 2471 nisi
2108 2431 2195 2468 re-

613 2517 912 2585 sipuerint,
948 2528 1310 2585 perpessuros
1345 2527 1468 2567 esse
1499 2527 1607 2565 non
1637 2509 1970 2565 dissimulat.
1998 2507 2202 2563 Volunt

614 2609 707 2664 alii
736 2608 801 2662 ad
832 2623 1049 2672 eorum,
1076 2622 1197 2675 (tua;
1227 2605 1373 2658 dicta
1405 2612 1534 2659 sunt
1561 2644 1575 2667 ,
1606 2602 2019 2658 meditationem
2050 2601 2202 2672 ipsos

615 2701 888 2763 revocari,
930 2716 1071 2769 quos
1111 2697 1298 2753 Jacobi
1329 2712 1531 2767 genere
1583 2695 1885 2767 gloriantes
1940 2710 2041 2765 par
2096 2693 2201 2747 fuit

615 2793 863 2863 ejusdem
904 2808 1087 2846 mores
1116 2790 1344 2845 imitari.
1370 2789 1481 2845 Etsi
1512 2789 1682 2850 enim,
1718 2788 1922 2857 inquit,
1954 2786 2202 2858 reliquite

618 2886 741 2941 sitis
775 2884 949 2939 Israel
981 2884 1103 2938 duae
1139 2883 1319 2938 tribus
1341 2883 1467 2945 illae,
1500 2898 1624 2952 qua:
1650 2881 1718 2935 de
1741 2881 2035 2936 duodecim
2071 2880 2206 2950 (de-

618 2990 738 3029 cem
775 2976 921 3030 enim
966 2974 1109 3029 bello
1149 2986 1339 3045 captas
1365 2981 1420 3029 et
1460 2973 1729 3029 abductas
1783 2988 1905 3028 esse
1950 2970 2206 3040 constat)

618 3066 800 3120 adhuc
829 3074 1052 3121 manent
1080 3066 1410 3131 incolumes,
1443 3080 1538 3121 eos
1571 3074 1776 3131 tamen,
1811 3065 2015 3135 quibus
2069 3062 2207 3137 resi-

619 3160 840 3230 piscere
865 3159 1160 3229 placuerit,
1205 3175 1315 3213 non
1352 3174 1473 3214 sum
1504 3159 1877 3228 neglecturus.
1916 3155 2205 3225 Deinceps.
2235 3163 2281 3225 c

620 3261 880 3321 tanquam
902 3249 1107 3304 frustra
1129 3248 1395 3311 laborent,
1425 3250 1596 3320 legem
1625 3251 1726 3311 eis,
1755 3250 1807 3302 in
1831 3264 1936 3319 qua
1963 3264 1993 3302 a
2013 3248 2219 3303 teneris

620 3343 846 3412 ungulis
871 3342 1074 3395 eruditi
1102 3340 1338 3405 fuerant,
1370 3342 1690 3410 exprobrat.
1723 3340 2214 3394 Circumcisionem

622 3434 767 3489 enim
799 3444 997 3487 octavo
1029 3433 1118 3488 die
1154 3433 1360 3503 adepti,
1396 3433 1449 3487 in
1487 3434 1612 3488 aliis
1668 3436 1832 3487 etiam
1890 3433 2026 3504 legis
2079 3449 2218 3503 prae-

624 3526 802 3593 ceptis
838 3526 911 3578 ita
967 3525 1298 3591 educantur,
1347 3535 1405 3577 ut
1455 3541 1566 3579 non
1624 3525 1903 3579 immerito
1958 3525 2215 3578 dicatur:

630 3635 651 3667 ι
694 3615 759 3670 Et
789 3617 973 3686 populi
1010 3616 1258 3671 meditati
1293 3625 1424 3671 sunt
1470 3618 1655 3670 inania
1686 3616 1751 3671 ⁸⁸.
1801 3637 1819 3668 ο
1874 3617 2010 3669 Cum
2064 3617 2212 3671 enim

625 3709 693 3762 ad
731 3709 1101 3763 idololatriam
1139 3724 1199 3764 se
1229 3710 1663 3773 eoiivcrtissent,
1717 3709 2040 3779 prophetico
2089 3724 2209 3763 ser-

2283 566 2328 619 δ’
2361 566 2428 619 ἂν
2467 562 2640 617 ταῦτα
2686 560 2961 621 παθόντας
3004 560 3129 620 τοὺς
3171 556 3333 620 ἰδέους
3383 558 3624 626 παρεῖδον
3666 577 3805 630 προσ.

2285 657 2561 727 κυνητὰςς
2591 654 2774 707 ’Ἄλλοι
2804 651 2862 706 δέ
2898 666 3063 720 φασιν
3092 649 3166 711 ὡς
3194 652 3254 701 ὲν
3286 651 3405 711 ταῖς
3430 647 3533 700 τῶν
3560 650 3805 719 δαιμονίου

2286 751 2537 821 πομπαῖς
2576 745 2965 816 ἐκκομίζοντες
2998 745 3163 814 ίερεϊς
3202 743 3269 797 τὰ
3294 740 3577 811 ἀγάλματα
3599 743 3808 813 φέροντες

2287 847 2374 898 ἐπ’
2408 844 2597 914 ῶμων,
2632 841 2729 904 τὰς
2763 838 3025 901 πλατείας
3078 835 3509 907 ἀχθοφοροῦντες
3552 836 3805 906 διήρχοντο,

2288 938 2391 991 Τὸν
2435 935 2650 1007 Ἰσραὴλ
2676 933 2733 987 δὲ
2773 931 2863 986 διὰ
2896 930 3106 983 τούτων
3161 928 3563 999 ὑπομιμνήσκει
3606 929 3689 981 καὶ
3724 930 3807 985 τῶν

2289 1030 2608 1095 ἀπαξόντων
2662 1025 2864 1087 αὐτοὺς
2894 1022 3195 1091 πολεμίων,
3219 1021 3294 1082 ὡς
3333 1020 3403 1072 τὰ
3460 1019 3643 1073 εἴδωλα
3673 1038 3805 1091 προσ.

2290 1124 2655 1188 κυνήσαντας,
2675 1119 2767 1172 καὶ
2793 1117 2932 1172 κατὰ
2950 1116 3190 1168 διάνοιαν
3222 1112 3606 1181 αἰνιττόμενος,
3622 1111 3688 1174 ὡς
3704 1112 3804 1183 βαρὺ

2290 1219 2385 1269 καὶ
2416 1213 2825 1268 δυσϐάστακτον
2854 1209 3054 1279 ψυχαῖς
3083 1206 3142 1258 τὸ
3162 1205 3271 1257 τῶν
3300 1203 3567 1273 δαιμόνων
3588 1205 3808 1270 φορτίον,

2293 1309 2513 1363 ἐπειδὰν
2532 1307 2703 1370 αὐτὰς
2723 1303 2947 1373 ἀσεϐείᾳ
2971 1296 3506 1357 καταδουλώσωνται,
3526 1295 3667 1364 δίκην
3684 1298 3792 1365 aint

2300 1403 2524 1455 αλωτων
2590 1399 2808 1469 σειραῖςτ
2878 1394 3051 1456 αὐτὰς
3116 1392 3527 1460 ἁμαρτημάτων
3574 1385 3812 1453 δεδεμένας

2291 1497 2649 1565 ἀπάγοντες,
2676 1490 2772 1545 τοῦ
2830 1488 2964 1553 παρ’
2998 1485 3179 1540 αὐτῶν
3226 1481 3468 1549 πολέμου
3510 1478 3671 1548 πέρας
3695 1477 3814 1531 τοῦτο

2293 1587 2448 1640 ποιοῦ
2459 1603 2628 1655 μενοι.
2652 1577 2784 1636 Εἶτα
2809 1580 2967 1633 καλεῖ
2991 1575 3192 1639 αὐτοὺς
3225 1574 3326 1626 οὐκ
3352 1568 3566 1632 Ἰακὼϐ,
3594 1568 3696 1622 ἀλλ’
3716 1571 3815 1620 αὺτδ

2297 1682 2457 1753 μόνον
2481 1676 2650 1733 οἶκον
2693 1673 2920 1738 Ἰακὼϐ,
2952 1672 3039 1726 διὰ
3091 1670 3190 1738 τὴν
3241 1666 3386 1720 κατὰ
3437 1664 3608 1733 σάρκα
3655 1662 3814 1729 sunt.

2294 1790 2468 1836 νειαν,
2499 1770 2593 1824 καὶ
2633 1767 2969 1822 κατάλοιπον
3015 1759 3256 1832 Ἰσραὴλ,
3286 1759 3370 1822 ὠς
3399 1756 3577 1825 τρύγα
3601 1757 3717 1807 τινὰ
3744 1754 3813 1805 καί

2295 1865 2655 1932 περίττευμα
2701 1856 2973 1926 Ἰσραήλ.
3007 1853 3163 1917 Τινὲς
3203 1851 3262 1904 δέ
3287 1864 3453 1917 φασιν
3480 1847 3551 1907 ὡς
3578 1844 3674 1897 τῶν
3699 1845 3795 1895 πλεί

2297 1929 2441 2009 στων
2494 1929 2582 2017 είς
2632 1947 3060 2018 αίχμαλωσίαν
3108 1941 3412 2012 ἀχθέντων,
3457 1935 3635 2004 ῶσπερ
3681 1929 3813 1987 οἷκον

2295 2048 2403 2103 ἕνα
2424 2046 2582 2100 καλεῖ
2611 2045 2708 2097 καὶ
2738 2038 3081 2113 βαρϐαρικῆς
3105 2035 3390 2105 ὠμότητος
3413 2028 3671 2098 λείψανον.
3686 2025 3815 2078 Τοῦτο

2295 2142 2409 2211 γὰρ
2435 2139 2631 2200 αὐτοὺς
2657 2134 2944 2190 πείσεσθαι
2970 2132 3043 2202 μὴ
3069 2123 3468 2200 μετανοοῦντας
3491 2137 3659 2190 φησιν.
3674 2119 3810 2171 Ἄλλοι

2297 2235 2354 2289 δέ
2377 2252 2540 2303 φασιν
2559 2231 2636 2296 ὡς
2657 2230 2795 2302 πρὸς
2815 2229 2915 2299 τὴν
2932 2226 3039 2279 τῶν
3067 2221 3383 2294 εἰρημένων
3405 2216 3597 2277 αὐτοὺς
3615 2215 3708 2280 ἄγει
3722 2230 3810 2264 συν-

2298 2326 2576 2393 αίσθησιν.
2639 2319 2836 2375 Ἰακὼϐ
2885 2318 2996 2389 γὰρ
3026 2313 3326 2385 αὐχοῦντες
3374 2307 3514 2363 εἶναι
3561 2306 3712 2371 γένος,
3745 2304 3812 2355 τὸν

2299 2418 2515 2471 ἐκείνου
2543 2413 2749 2486 τρόπον
2773 2407 2970 2480 ζηλοῦν
2993 2408 3133 2461 εἰσιν
3156 2405 3321 2471 ἄξιοι.
3339 2402 3400 2454 Et
3425 2399 3531 2468 γὰρ
3552 2400 3639 2450 καὶ
3653 2395 3819 2486 λεῖμμα

2298 2483 2601 2578 τυγχάνετε
2649 2501 2745 2557 τοῦ
2787 2498 3037 2568 Ἰσραὴλ
3091 2495 3190 2550 δύο
3229 2488 3657 2562 περιλειφθείσαι
3696 2483 3816 2553 φυλαὶ

2304 2602 2382 2671 (αἱ
2403 2601 2511 2671 γὰρ
2542 2599 2674 2652 δέκα
2699 2595 2837 2667 προς
2870 2587 3263 2661 αἰχμαλωσίαν
3301 2582 3664 2652 ἀπήχθησαν),
3694 2592 3819 2671 μετα-

2304 2667 2560 2755 νοοῦντας
2611 2691 2763 2760 ὃμως
2800 2687 2860 2740 οὐ
2915 2681 3272 2756 περιόψομαι.
3324 2674 3524 2730 Λοιπὸν
3576 2671 3735 2732 αὐτοῖς
3768 2667 3820 2730 ὡς

2304 2785 2539 2852 ἀνόνητα
2578 2778 2884 2852 μελετῶσι,
2927 2776 3020 2828 τὸν
3064 2773 3229 2843 νόμον
3292 2769 3355 2836 ἐξ
3404 2765 3619 2820 ἁπαλῶν
3660 2760 3820 2827 ὀνύχων

2306 2875 2601 2929 ὠνείδισεν.
2655 2870 2949 2940 Δεχόμενοι
3001 2866 3109 2935 γὰρ
3159 2859 3468 2930 περιτομὴν
3515 2854 3821 2923 ὀκταήμερον.

2308 2973 2418 3028 τοῖς
2452 2966 2634 3030 ἄλλοις
2685 2963 2939 3032 νομίμοις
2965 2957 3343 3027 ὲντρέφονται,
3375 2952 3451 3015 ὡς
3491 2946 3717 3020 εἰρῆσθαι
3755 2944 3825 2995 διὰ

2308 3059 2499 3112 τοῦτο·
2558 3075 2577 3108 ι
2618 3055 2730 3108 Καὶ
2784 3051 2910 3105 λαοὶ
2944 3047 3281 3119 ἐμελέτησαν
3330 3042 3484 3096 κενά.
3521 3059 3540 3092 ι
3590 3035 3828 3093 Εἱδωλολι-

2310 3149 2569 3220 τροῦντες
2609 3147 2738 3217 γὰρ,
2767 3139 3124 3215 προφητικῶν
3162 3140 3244 3202 είς
3280 3136 3512 3205 ἔλεγχον
3552 3132 3737 3185 ἐδέοντο

2316 3218 2451 3319 ¹χνων.
2498 3240 2689 3306 Ὑμεῖς
2722 3237 2818 3308 μὲν
2844 3231 2937 3288 οὖν
2958 3235 3007 3286 οξ
3042 3231 3199 3286 αὐτοὶ
3227 3229 3330 3300 τὴν
3350 3227 3555 3295 πλάνην
3577 3239 3591 3254 ⁸
3618 3220 3716 3289 ὶγὼ
3744 3220 3789 3273 δὲ
3811 3218 3832 3268 ὁ

2317 3317 2478 3399 αὐτὸς
2515 3335 2616 3403 τὴν
2646 3327 3082 3401 φιλανθρωπίαν,
3136 3325 3236 3393 τὴν
3268 3320 3542 3392 ὑμετέραν
3586 3317 3663 3370 ἀεὶ
3697 3330 3832 3403 σωτη-

2318 3427 2442 3498 ρίαν
2468 3402 2669 3494 ξητῶν,
2689 3418 2789 3473 καὶ
2814 3416 3147 3481 παιδεύσας
3168 3414 3313 3484 ὑμᾶς
3338 3407 3686 3480 αἰχμαλωσίᾳ,
3710 3402 3832 3498 πάλιν

2313 3493 2534 3583 ἀνήσω
2583 3511 2810 3584 δεσμοῦ.
2865 3511 2953 3572 Ὠς
3014 3507 3124 3577 γὰρ
3162 3505 3349 3577 ἰατρὸς
3402 3499 3598 3570 ἀγαθὸς
3641 3495 3721 3549 νῦν
3760 3493 3835 3562 μὲν

2320 3611 2574 3672 ἀπειλαῖς
2606 3606 2830 3669 αὐτοὺς,
2856 3602 2951 3657 νῦν
2991 3602 3047 3654 δὲ
3086 3600 3249 3653 πάλιν
3282 3596 3505 3667 ἀγαθῶν
3535 3588 3835 3661 ὑποσχέσεσιν

2318 3703 2568 3778 ἁρπάσαι
2596 3699 2860 3771 πειρᾶται
2887 3694 2983 3750 τοῦ
3008 3693 3257 3748 διαϐόλου
3283 3688 3505 3762 χειρῶν.

628 3816 790 3855 tuane
833 3802 900 3855 ad
928 3816 1173 3857 errorem
1238 3804 1628 3858 revincendum
1682 3820 1821 3874 opus
1873 3804 2211 3891 habuerunt.
2250 3800 2362 3855 Vos
2397 3812 2550 3869 ergo,
2583 3793 2782 3861 inquit,
2853 3798 3118 3861 quantum
3165 3787 3233 3841 ad
3310 3781 3569 3855 peccandi
3615 3773 3836 3833 licentiam

627 3897 847 3960 attinet,
885 3897 1044 3952 iidem
1083 3900 1245 3967 plane
1276 3901 1643 3955 remansistis.
1692 3902 1808 3971 Ego
1867 3916 1998 3955 vero
2018 3875 2216 3955 eodem
2258 3910 2475 3965 semper
2499 3895 2553 3947 in
2585 3906 2684 3946 vos
2718 3890 2929 3952 animo,
2969 3885 3272 3954 eademque
3338 3875 3705 3936 benevolentia
3766 3883 3836 3923 ex-

629 3993 861 4057 SiSlens.
894 3992 1072 4062 deque
1102 4004 1285 4048 vestra
1313 4011 1534 4066 semper
1565 3997 1743 4052 salute
1806 3997 2101 4063 sollicitus,
2160 4010 2284 4050 cum
2324 4008 2424 4048 vos
2453 3988 2778 4060 captivitate
2812 3984 3164 4055 castigavere,
3219 3977 3463 4033 vinculis
3509 3974 3741 4027 liberatos
3771 3963 3834 4016 di-

630 4090 864 4141 mittam.
902 4086 1008 4142 Eos
1035 4090 1180 4141 enim
1247 4104 1356 4144 non
1424 4092 1583 4146 aliter
1644 4107 1810 4162 quam
1867 4060 2095 4163 peritus
2125 4090 2394 4151 medicus,
2456 4087 2652 4157 partim
2698 4082 2883 4145 minis,
2934 4077 3132 4150 partim
3195 4074 3360 4131 etiam
3417 4060 3836 4143 pollicitationibus

631 4182 699 4235 de
728 4179 932 4232 diaboli
974 4180 1226 4234 titanibus
1266 4181 1480 4249 eripere
1510 4192 1764 4237 conatur.

704 4267 868 4338 530
909 4266 1071 4322 Vens.
1111 4268 1267 4325 5-H.
1324 4271 1425 4326 Cui
1458 4289 1538 4325 me
1586 4272 1972 4329 assimilastis?
2020 4271 2208 4337 videte,

639 4363 935 4430 excogitata
982 4362 1073 4431 qui
1115 4365 1332 4425 erratis,
1382 4374 1432 4418 et
1470 4366 1561 4435 qui
1607 4368 1855 4435 confertis
1901 4383 2091 4420 aurum
2148 4364 2213 4420 de

633 4456 935 4522 marsupio,
970 4464 1018 4507 et
1050 4467 1324 4524 argentum
1349 4457 1403 4508 in
1429 4466 1632 4511 statera
1663 4458 1982 4527 appenditis,
2017 4468 2065 4512 et
2088 4474 2214 4511 con-

2386 4268 2554 4316 ιε’-ια’.
2580 4259 2699 4314 Τίνι
2721 4273 2797 4328 με
2822 4253 3199 4325 ὠμοιώσατε;
3227 4250 3405 4313 τδετε,
3422 4238 3833 4317 τεχνάσασθε,οι

2318 4352 2727 4423 πλανώμενοι,
2772 4349 2871 4403 καί
2901 4350 2956 4402 ot
3005 4344 3499 4416 συμϐαλλόμενοι
3528 4338 3756 4409 χρυσίον

2314 4420 2718 4518 μαρσιππίου,
2744 4441 2841 4496 καὶ
2876 4440 3160 4509 ἀργύριον
3186 4436 3256 4488 ἐν
3285 4431 3435 4502 ζυγῷ
3454 4429 3767 4494 στήσουσιν
3786 4420 3835 4473 ἐν

633 4548 827 4599 ducitis
861 4547 1157 4615 auri/irem.
1202 4547 1461 4602 Fecerunt
1493 4551 1828 4619 manufacta,
1858 4561 1909 4605 et
1941 4550 2202 4606 incurvati

2321 4537 2570 4609 σταθμῷ
2596 4554 2610 4569 ’
2640 4535 2741 4590 καί
2785 4529 3233 4604 μισθωσάμενοι
3264 4525 3552 4595 χρυσίον,
3594 4518 3834 4613 ἐποίησαν

636 4641 865 4691 adorant
898 4638 1017 4691 illa.
1057 4638 1273 4692 Tollunt
1308 4639 1564 4708 humeris,
1594 4651 1643 4696 et
1675 4643 1979 4709 ambulant,
2010 4653 2115 4697 etc.

709 4901 924 4964 Talem,
984 4902 1186 4973 inquit,
1252 4904 1307 4958 in
1359 4920 1458 4960 vos
1515 4921 1604 4960 me
1664 4907 1782 4976 ipse
1816 4908 2219 4976 praestitizvos

641 5010 849 5063 autem,
884 5000 938 5051 in
966 5008 1227 5069 quantam
1268 4999 1563 5068 impietatis
1588 5000 1984 5055 absurditatem
2009 5002 2220 5071 delapsi

642 5091 800 5155 estis,
837 5090 1222 5155 considerate;
1252 5092 1345 5160 qui
1404 5106 1634 5161 corpore
1690 5102 1969 5147 carentem
2012 5103 2222 5147 morta—

641 5185 771 5237 lium
806 5181 999 5237 formis
1033 5182 1390 5237 subdideritis
1432 5200 1445 5235 :
1479 5187 1569 5252 qui
1616 5200 1808 5238 aurum
1852 5199 1900 5239 et
1949 5196 2223 5256 argentum

640 5277 993 5341 coutuleritis,
1031 5277 1126 5347 qui
1173 5276 1351 5329 forma
1386 5279 1626 5331 materiae
1661 5280 1879 5332 inducta
1914 5278 2023 5333 Deo
2054 5280 2225 5333 Itono-

645 5385 761 5423 iwu
821 5369 991 5424 tribui
1044 5370 1397 5438 putaveritis.
1448 5368 1567 5435 Quo
1616 5371 1956 5425 defensionis
1991 5370 2226 5425 artificio

645 5462 854 5515 crimen
908 5461 1055 5514 istud
1106 5460 1475 5528 depuleritis?
1523 5459 1617 5514 Vel
1672 5462 1892 5515 tandem
1942 5463 2106 5531 igitur
2151 5464 2219 5517 ad

648 5570 780 5606 meae
806 5552 1026 5607 deitatis
1056 5554 1443 5621 cogitationem
1481 5553 1807 5621 resipiscite,
1842 5568 2036 5623 meque
2075 5571 2219 5609 sem-

647 5649 924 5718 piternum
948 5658 1001 5701 ct
1038 5650 1213 5703 solum
1246 5648 1410 5705 Deum
1440 5666 1562 5704 esse
1591 5650 1897 5719 agnoscite.
1929 5648 2102 5719 llujus
2134 5649 2215 5703 vel

748 5827 792 5856 δ’
828 5824 971 5877 Psal.
1020 5840 1082 5886 li,
1126 5823 1172 5876 Ι.

2315 4631 2741 4704 χειροποίητα,
2795 4623 2895 4678 καί
2944 4621 3253 4687 κύψαντες
3288 4608 3724 4682 προσκυνοῦσιν
3755 4601 3832 4653 αὐ·

2316 4695 2461 4788 τοῖς.
2494 4720 2786 4787 Αῐρουσιν·
2814 4711 2961 4767 αὐτὸ
2989 4710 3090 4763 ἐπὶ
3118 4708 3224 4762 τοῦ
3255 4707 3440 4776 ὤμου,
3475 4703 3573 4757 καὶ
3604 4695 3831 4766 πορεύον-

2317 4832 2438 4880 ται,
2473 4831 2526 4865 κ.
2556 4829 2608 4864 τ.
2636 4809 2685 4861 λ.

2402 4875 2542 4973 ’ἐγὼ
2577 4902 2672 4973 μὲν
2710 4898 2842 4971 περὶ
2882 4897 3048 4968 ὑμᾶς,
3074 4893 3232 4964 φησὶ,
3263 4888 3502 4950 τοιοῦτός
3528 4888 3656 4955 εἰμι.
3690 4875 3823 4947 Ὑμεῖς

2320 4998 2376 5051 δὲ
2400 4972 2689 5065 λογίσασθε
2716 4992 2854 5060 πρὸς
2878 4990 3012 5056 ὅσην
3042 4983 3296 5045 ἀσεϐείας
3321 4979 3549 5035 ἀτοπίαν
3570 4972 3824 5065 {animalia

2321 5088 2413 5140 τὸν
2436 5057 2726 5152 ἀσώματον
2756 5078 2928 5132 εἰκόσι
2955 5074 3164 5146 θνητῶν
3196 5070 3604 5129 ὑποϐάλλοντες·
3629 5057 3830 5133 χρυσίον

2323 5178 2424 5232 καὶ
2452 5177 2739 5246 ἀργύριον
2773 5166 3301 5237 συνεισφέροντες,
3334 5161 3434 5232 ὕλῃ
3469 5160 3560 5214 καὶ
3588 5155 3755 5208 πλάσει
3776 5163 3834 5196 τι·

2326 5273 2432 5342 μᾷν
2466 5269 2564 5340 τὴν
2609 5268 2758 5320 θείαν
2805 5264 2967 5334 φύσιν
2993 5259 3311 5330 ἡγούμενοι.
3360 5256 3503 5327 Πρὸς
3542 5251 3686 5303 τοῦτο
3714 5241 3834 5297 ποίαν

2325 5366 2627 5433 ἀπολογίαν
2677 5360 3116 5432 τετεχνασμένην
3153 5357 3450 5426 εὐρήσετες
3486 5351 3592 5419 Τῆς
3619 5345 3701 5405 οὖν
3729 5346 3835 5433 ἐμηξ

2329 5476 2459 5514 ποτε
2482 5456 2733 5522 θεότητος
2761 5454 2897 5526 πρὸς
2918 5452 3126 5504 ἔννοιαν
3149 5447 3477 5517 ἀνανήψατε,
3502 5443 3574 5503 ὡς
3591 5439 3738 5495 ἀΐδιος
3763 5427 3835 5481 καὶ

2337 5551 2493 5622 μόνος
2524 5519 2655 5615 ἐγὼ.
2685 5519 3017 5600 Καὶ-τούτου
3047 5541 3348 5611 τεκμήριον
3380 5537 3440 5589 τὸ
3463 5537 3550 5587 διὰ
3591 5529 3688 5583 τῶν
3715 5519 3836 5622 facit

2332 5641 2627 5714 προφητῶν
2673 5635 3066 5711 προαγορεύειν
3097 5634 3166 5686 τὰ
3213 5631 3471 5685 μέλλοντα⁴
3496 5623 3688 5696 χρόνοις
3714 5614 3835 5669 bats-
