3978 6374
146 365 266 437 2541

1278 367 1805 431 COMMENTARII
1832 368 1912 431 IN
1944 371 2235 434 ISAIAM.

3234 370 3372 433 2442

147 499 227 554 ρον
250 478 615 534 ἐπιτελεῖσθαι
643 482 890 549 μακροῖς,
933 471 1006 534 ὧν
1036 480 1104 531 τὰ
1130 479 1229 549 μὲν
1260 482 1360 551 ¹ἤδη
1396 481 1693 550 πεποίηκα,

1824 479 1854 535 d
1895 480 2057 536 fuerit
2111 490 2515 550 argumentum,
2574 478 2715 548 quod
2772 490 3018 531 meorum
3080 479 3374 548 propheta-

145 576 203 626 τὰ
231 573 287 625 δὲ
317 573 411 624 καὶ
445 574 678 638 ποιήσω,
710 572 798 625 διὰ
851 572 943 624 τοῦ
975 572 1188 625 καλεῖν
1226 569 1515 625 πετεινῶν
1551 572 1707 640 δίκην

144 667 259 727 τοὺς
308 664 473 734 ἐμοὺς
513 664 792 733 ὑπηρέτας
822 663 1109 730 ἀγγέλους,
1142 664 1209 715 τά
1259 680 1317 715 τε
1359 663 1707 731 λειτουργικὰ

145 756 423 824 πνεύματα
445 755 515 807 τὰ
546 755 682 824 πρὸς
705 756 979 808 διακονίαν
1002 754 1440 822 ἀποστελλόμενα
1471 753 1559 805 διὰ
1581 753 1708 814 τοὺς

146 848 430 918 μέλλοντας
468 846 825 917 κληρονομεῖν
879 847 1174 915 σωτηρίαν.
1204 846 1268 897 Οἱ
1304 845 1361 897 δὲ
1399 844 1579 895 λοιποὶ
1623 842 1709 906 ἐξ·

142 940 362 998 ἔδωκαν,
389 938 602 992 Καλῶν
625 938 742 991 ἀπὸ
767 934 1078 991 ἀνατολῶν
1098 938 1283 1005 ὄρνιν,
1305 935 1422 989 ἀπὸ
1439 933 1552 1004 γῆς
1568 936 1711 1002 πόρο

138 1030 323 1097 ρωθεν
349 1027 540 1093 ἄνδρα
563 1026 807 1093 βουλῆς
824 1045 963 1095 μου.
990 1027 1148 1096 Δηλοῖ
1184 1026 1242 1078 δὲ
1272 1026 1362 1078 τὸν
1388 1024 1624 1094 Χριστὸν
1652 1023 1710 1077 ὃν

142 1118 540 1189 ἀνακεκλῆσθαί
564 1136 728 1188 φησιν
753 1120 813 1170 ὲκ
853 1118 955 1186 γῆς
983 1117 1289 1189 πόρρωθεν,
1318 1116 1423 1168 τῶν
1456 1115 1550 1168 τοῦ
1586 1112 1709 1186 ᾅδου

142 1212 373 1281 δηλονότι
409 1211 616 1280 μυχῶν,
654 1209 720 1262 δι’
751 1202 812 1261 οὗ
843 1207 1153 1277 πληρώσειν
1204 1208 1307 1271 τὰς
1378 1206 1711 1276 ἐπαγγελίας

144 1302 315 1370 φησίν.
354 1300 536 1353 Ἄλλοι
573 1301 628 1352 δὲ
677 1298 954 1353 πετεινὸν
983 1298 1193 1364 ἔφασαν
1227 1297 1318 1350 τὸν
1343 1295 1708 1357 Βαϐυλώνιον,

145 1396 260 1465 περὶ
289 1387 351 1447 οὗ
376 1392 813 1465 φησινΊεζεκιήλ
835 1407 849 1421 '
877 1410 896 1443 ι
933 1392 989 1443 Ὀ
1018 1392 1175 1453 ἀετὸς
1209 1392 1237 1443 ὁ
1271 1389 1459 1457 μέγας.
1487 1390 1517 1441 ὁ
1540 1404 1713 1456 μεγα-

147 1488 492 1557 λοπτέρυγος,
534 1504 551 1537 ι
589 1486 684 1538 καὶ
714 1484 783 1537 τὰ
813 1482 959 1551 ἑξῆς.
991 1483 1170 1552 "Amp
1208 1480 1573 1549 ὲξηγούμενός
1607 1496 1712 1547 φη-

152 1597 257 1635 σιν·
299 1599 317 1630 ι
367 1580 483 1632 Οὐκ
523 1576 819 1630 ἐπίστασθε
858 1576 911 1627 τε
962 1576 1078 1627 ἐστι
1108 1572 1319 1636 ταῦτα;
1360 1571 1436 1624 ὅτ’
1467 1569 1533 1623 ἂν
1579 1570 1708 1641 ἔλθῃ

154 1671 390 1743 βασιλεὺς
444 1669 762 1730 Βαϐυλῶνος
806 1670 896 1719 ἐπὶ
936 1663 1295 1735 Ἰερουσαλὴμ
1334 1662 1430 1714 καὶ
1478 1661 1709 1731 λήψεται

152 1764 227 1818 τὸν
262 1762 486 1833 βασιλέα
520 1761 709 1830 αὐτῆς,
743 1760 837 1812 καὶ
883 1759 1012 1820 τοὺς
1055 1757 1324 1827 ἄρχοντας
1356 1754 1580 1821 urbem,»
1609 1764 1713 1811 καὶ

1812 589 1931 626 rum
1963 589 2098 625 voce
2128 590 2246 642 quae
2277 582 2459 626 essent
2491 580 2753 626 eventura
2789 572 2948 640 longe
3005 580 3129 625 ante
3178 574 3375 641 prazdiv

1813 664 2007 720 xerim.
2046 678 2277 727 quorum
2312 662 2413 714 alia
2438 663 2548 731 jam
2586 680 2680 731 per
2732 677 2816 714 me
2870 660 3011 715 facta
3066 672 3214 724 sunt.
3270 665 3374 718 alia

1810 754 2001 822 procul
2032 753 2200 807 dubio
2240 762 2294 806 et
2350 755 2466 822 ipse
2506 754 2770 819 cilicium;
2822 754 2915 824 qui
2970 756 3024 808 in
3065 755 3372 812 subsidium

1814 859 1994 898 meum
2044 846 2286 914 angelos,
2323 852 2583 913 tanquam
2626 862 2765 907 aves,
2830 847 3164 916 spiritusque
3211 848 3377 901 mini-

1815 943 1960 989 stros
1992 935 2046 988 in
2078 950 2289 997 eorum,
2326 935 2418 1003 qui
2452 935 2649 990 salutis
2678 936 2920 989 basrcdes
2954 936 3123 989 futuri
3158 946 3285 992 sunt
3306 938 3373 1002 ⁸⁸,

1813 1026 2073 1081 auxilium
2100 1044 2284 1080 vocare
2314 1027 2544 1095 possim.
2581 1026 2685 1080 Alii
2716 1036 2897 1081 autem
2927 1030 3331 1083 transtulerunt
3359 1047 3374 1085 :

1822 1116 2030 1170 Vocans
2064 1116 2127 1168 ab
2160 1117 2356 1169 oriente
2411 1132 2576 1177 avem.
2610 1133 2642 1169 a
2693 1127 2833 1170 terra
2875 1116 3159 1187 longinqua
3208 1119 3379 1172 virum

1813 1209 2097 1261 voluntatis
2168 1224 2310 1261 mete.
2377 1206 2586 1271 Quibus
2639 1215 2789 1261 certe
2848 1207 3127 1263 Christum
3198 1211 3375 1278 ipsum

1815 1298 2227 1368 signiﬁcarunt;
2267 1314 2428 1367 quem
2461 1298 2527 1352 de
2559 1306 2703 1352 terra
2739 1298 3061 1368 longinqua,
3108 1300 3161 1353 id
3192 1306 3276 1352 est
3309 1301 3378 1354 ab

1816 1390 1951 1459 ipsis
1985 1388 2286 1443 inferorum
2321 1390 2719 1459 penetralibus,
2753 1400 3039 1445 evocatum
3074 1409 3195 1448 esse
3222 1394 3376 1457 dicit,

1815 1487 1868 1532 et
1898 1495 1992 1548 per
2022 1480 2272 1533 eumdem
2307 1497 2366 1534 se
2414 1482 2805 1549 promissiones
2853 1481 3228 1556 impleturum.
3270 1483 3376 1536 Alii

1815 1584 1982 1639 porro
2010 1571 2118 1623 avis
2149 1571 2370 1625 nomine
2394 1570 2747 1641 Babylonium
2772 1571 3064 1641 signiﬁcari
3100 1573 3378 1633 dixerunt.

1817 1663 1882 1714 de
1919 1674 2028 1730 quo
2059 1660 2369 1729 loquentem
2410 1659 2565 1729 531
2611 1660 2949 1715 Ezechielem
2980 1663 3248 1730 reperias,
3283 1664 3376 1717 ubi

1817 1752 1893 1805 ait
1925 1770 1938 1805 :
1977 1771 1995 1804 ι
2031 1753 2223 1823 Aquila
2255 1767 2471 1820 magna,
2518 1752 2729 1821 magnis
2772 1754 2966 1821 pennis
2998 1756 3063 1819 ⁸⁸,
3105 1775 3122 1805 ι
3159 1764 3383 1808 cmtera-

149 1856 206 1907 τὰ
251 1831 391 1923 μετὰ
435 1852 637 1906 ταῦτα·
679 1850 901 1913 τούτους
948 1850 1056 1920 γὰρ
1092 1848 1326 1901 ἐκλεκτὰ
1371 1848 1469 1915 τῆς
1509 1846 1703 1914 κέδρου

1824 1858 1934 1913 pie,
1975 1859 2095 1912 qua!
2129 1853 2460 1911 sequuntur,
2492 1858 2724 1911 quorum
2770 1845 2848 1899 sic
2873 1846 3380 1915 interpretationem

152 1943 480 2014 προκέκληκε
510 1940 597 1995 διὰ
625 1942 722 2009 τῆς
754 1941 1101 2011 παραδολῆς.
1131 1940 1360 2005 Ἔλεγεν
1396 1938 1451 1990 δὲ
1485 1936 1709 2006 βασιλέα

148 2036 225 2087 τὸν
279 2033 570 2097 Σεδεκίαν,
630 2033 689 2085 ὃν
737 2032 1086 2101 αἰχμάλωτον
1136 2031 1377 2101 εἴληφεν.
1417 2029 1600 2081 Ἀλλοι
1653 2027 1709 2080 δὲ

150 2126 416 2180 πετεινὸν
446 2124 697 2195 εἰρῆσθαι
728 2125 819 2176 τὸν
849 2123 1030 2193 Κῦρόν
1070 2140 1257 2190 φασιν.
1293 2122 1366 2173 Τὸ
1387 2121 1444 2173 δὲ
1474 2120 1707 2182 ἓκτισα,

146 2220 276 2272 τοῦτ’
309 2219 427 2271 ἔστι
474 2214 875 2279 κατεσκεύασα,
921 2215 1066 2269 κακὰ
1114 2214 1354 2280 δηλονότι
1407 2211 1710 2265 κακωτικά.

146 2315 200 2364 Εἰ
227 2312 282 2364 δὲ
310 2310 406 2362 καὶ
441 2309 625 2378 μηδεὶς
659 2307 852 2378 εὑρεθῇ
883 2306 1083 2376 τούμὸν
1118 2305 1330 2373 Θέλημα
1372 2302 1590 2374 μετιὼν,
1617 2301 1710 2355 τὸν

144 2404 262 2456 Υίδν
308 2402 595 2457 ἀποστελῶ
622 2401 714 2452 τὸν
751 2400 885 2470 ἐμὸν
926 2398 1026 2468 τὴν
1062 2396 1334 2466 πατρικὴν
1396 2394 1709 2465 πληροῦντα

144 2494 351 2566 βουλήν.

1815 1932 2106 2003 adiungit:
2145 1953 2164 1984 ‹
2202 1934 2438 1989 Nescitis
2480 1935 2608 2001 quid
2658 1935 2762 1989 ista
2820 1936 3178 2005 signiﬁcent?
3240 1937 3385 1991 Ecce

1814 2026 1992 2078 veniet
2023 2040 2117 2078 rex
2172 2024 2503 2095 Babylonius
2546 2024 2599 2077 in
2656 2023 2997 2091 Jerusalem;
3038 2038 3091 2080 et
3139 2036 3387 2081 assumet

1815 2131 1995 2183 regem
2030 2114 2225 2179 ipsius,
2265 2120 2319 2168 et
2348 2115 2628 2184 principes
2654 2115 2774 2183 ejus
2800 2116 2901 2180 ",i
2924 2126 2977 2170 et
3001 2132 3122 2185 qua!
3146 2132 3387 2186 sequun-

1813 2215 1921 2259 tur.
1992 2205 2103 2259 llus
2149 2206 2294 2257 enim
2344 2212 2502 2257 antea
2576 2206 2862 2259 eedrorum
2930 2207 3235 2261 electarum
3294 2224 3389 2278 ap-

1817 2298 2111 2367 pellalione
2138 2297 2192 2350 in
2223 2297 2481 2365 parabola
2509 2296 2945 2364 signiﬁcaverat;
2983 2298 3389 2366 Sedeciamque

1815 2406 2019 2459 regem,
2050 2406 2211 2458 quem
2240 2391 2513 2458 captivum
2560 2389 2769 2453 habuit,
2797 2391 3230 2448 demonsnabat.
3283 2394 3388 2447 Alii

1812 2497 1943 2537 vero
1967 2497 2061 2551 per
2084 2496 2249 2543 avem,
2270 2481 2466 2551 Cyrum
2489 2480 2760 2548 designari
2782 2482 3138 2536 arbitrantur.
3168 2483 3388 2543 Deinde.

142 2590 278 2658 quod
318 2603 524 2642 creasse
564 2601 622 2640 se
661 2584 869 2652 adjicit,
901 2597 1240 2651 praeparasse
1295 2580 1508 2645 innuit;
1544 2578 1686 2632 mala
1727 2574 1987 2629 nimirum
2050 2582 2105 2628 et
2166 2574 2525 2637 calamitates,
2590 2574 2789 2641 quibus
2834 2574 3154 2629 adicientur.
3230 2575 3390 2642 Quod

145 2687 182 2737 si
232 2682 402 2736 etiam
496 2679 680 2733 nullus
743 2677 1069 2744 reperiatur,
1117 2674 1209 2741 qui
1262 2672 1564 2725 voluntatis
1629 2682 1762 2722 meae
1842 2667 2038 2736 plac-ita
2073 2680 2178 2719 non
2204 2676 2507 2731 aversetur,
2540 2665 2739 2720 Filium
2783 2682 2883 2737 ego
2910 2682 3111 2733 meum,
3161 2669 3253 2737 qui
3293 2669 3393 2723 Pa-

148 2776 240 2829 tris
293 2773 589 2828 consilium
640 2772 944 2839 amplexus,
1003 2770 1245 2833 ejusdem
1306 2767 1559 2821 mandata
1615 2766 1855 2836 impleat,
1889 2764 2160 2818 missurus
2194 2778 2336 2816 sum.

706 2866 954 2919 ΚΕΦΑΔ.
996 2865 1127 2919 ΜΖ’.

205 2959 364 3016 a-te'.
402 2958 714 3025 Κατάόηθι,
766 2954 1022 3011 κάθισον
1056 2956 1150 3009 ἐπὶ
1184 2954 1299 3023 τὴν
1341 2952 1474 3025 γῆν,
1498 2953 1711 3021 παρθέ-

2396 2855 2548 2912 CAP.
2574 2854 2785 2909 XLVII.

1880 2946 2037 3017 532
2054 2944 2220 3000 Vens.
2238 2945 2383 3000 1-15.
2404 2946 2682 3007 Descende,
2706 2946 2827 3000 sede
2851 2962 3005 3014 super
3023 2958 3238 3011 terram,
3253 2950 3395 3015 virgo

147 3073 237 3120 τος
265 3056 524 3122 θύγατερ
556 3049 933 3117 Βαϐυλῶνος.
970 3050 1229 3104 Εῖσελθε
1260 3052 1347 3115 εἰς
1368 3048 1434 3100 τὸ
1467 3048 1708 3110 σκότος,

1824 3038 1936 3105 ﬁlia
1951 3037 2259 3107 Babylonis.
2288 3036 2419 3091 Sede
2440 3038 2495 3090 in
2512 3047 2728 3092 terram.
2748 3040 3024 3108 Ingredere
3045 3042 3101 3092 in
3132 3041 3394 3103 tenebras,

154 3150 396 3213 θύγατερ
434 3142 765 3206 Χαλδαίων,
807 3140 892 3195 ὅτι
934 3144 1044 3195 οὐκ
1080 3142 1167 3194 ἔτι
1205 3139 1526 3209 προσθήσῃ
1565 3143 1714 3204 κλη-

148 3237 316 3303 θῆναι
375 3234 580 3300 ἁπαλὴ
620 3234 720 3286 καὶ
765 3234 1045 3302 τρυφερά.
1075 3234 1229 3287 Λάϐε
1245 3234 1464 3301 μύλον,
1489 3231 1718 3285 ἇλεσον

144 3328 420 3396 ἄλευρον,
440 3325 828 3392 ἀποκαλύψαι
843 3324 909 3378 τὸ
931 3324 1283 3393 κατάλυμμά
1299 3339 1435 3387 σου,
1452 3324 1718 3391 ἀνάσυρε

143 3420 244 3485 τὰς
274 3417 515 3484 πολιὰς,
552 3416 943 3486 ἀποκαλύψαι
983 3415 1089 3483 τὰς
1111 3416 1367 3485 κνήμας,
1395 3433 1449 3470 κ.
1481 3433 1532 3469 τ.
1560 3415 1611 3469 λ.

206 3592 323 3645 Καὶ
350 3592 525 3645 ταῦτα
560 3591 696 3661 πρὸς
722 3592 849 3654 τοὺς
873 3592 932 3657 ἐξ
967 3591 1200 3662 Ἰσραὴλ,
1238 3584 1318 3654 οἷς
1351 3591 1524 3661 ἔλεγε,
1557 3609 1577 3642 ι
1604 3590 1723 3645 Τίνι

149 3702 209 3751 με
261 3684 588 3753 ὡμοιώσατε
613 3700 628 3747 ;
670 3702 689 3735 ι
742 3684 887 3736 Ἐκεῖ
916 3685 1010 3753 μὲν
1042 3680 1134 3737 οὖν
1160 3684 1544 3754 πλανωμένους
1572 3678 1725 3736 εἶπεν

150 3774 364 3836 αὖτοὺς,
418 3771 651 3825 ἐνταῦθα
680 3772 737 3825 δὲ
769 3772 1232 3838 ἀπολωλεκότας
1289 3773 1402 3837 τὴν
1451 3773 1721 3838 καρδίαν.

162 3863 300 3915 Ἀνθ’
354 3855 417 3917 οὗ
471 3863 767 3932 Σύμμαχος
820 3864 1103 3927 ἐξέδωκεν,
1132 3867 1185 3917 οἱ
1236 3863 1722 3931 σκληροκάρδιοι.

152 3955 284 4008 Καθ’
322 3956 587 4025 ἑκάτερον
616 3956 672 4007 δὲ
706 3954 1035 4025 παρίσταται
1065 3955 1126 4007 τὸ
1172 3955 1268 4024 τῆς
1301 3955 1526 4024 γνώμης
1570 3955 1727 4007 ἀναί-

149 4048 364 4117 σθητον.
422 4047 514 4098 Διὸ
552 4047 691 4116 πρὸς
731 4046 1170 4117 εἰδωλολατρεὶαν
1213 4045 1532 4115 ἐτράποντο.
1577 4045 1720 4098 Ἀλλ’

142 4138 295 4204 ὅμως
324 4137 493 4190 ἐλεῶν
527 4138 725 4199 αὐτοὺς
760 4140 787 4189 ό
816 4137 946 4200 Θεὸς
996 4136 1323 4206 ὑποσχέσεσι
1358 4137 1551 4200 καλαῖς
1588 4137 1723 4189 ἀνα-

141 4230 398 4283 καλεῖται
417 4230 553 4300 πρὸς
578 4229 792 4282 σύνεσιν
819 4233 1275 4298 μακρυνθὲντας
1303 4229 1728 4296 δικαιοσύνης,

138 4320 292 4373 τοῦτ’
350 4320 469 4372 ἐστι
529 4318 684 4372 Θεοῦ.
748 4320 1148 4389 ’Λπειρήκεσαν
1199 4320 1304 4388 γὰρ
1362 4322 1479 4381 ταῖς
1520 4320 1730 4388 ψυχαῖς

1817 3144 1923 3183 non
1985 3137 2063 3182 est
2121 3128 2335 3188 solium,
2374 3127 2486 3193 ﬁlia
2530 3127 2900 3182 Chaldworum
2931 3144 2949 3182 :
2979 3131 3224 3199 quoniam
3292 3148 3396 3185 non

1818 3222 1962 3274 ultra
1992 3220 2309 3288 adjicies,ut
2339 3234 2536 3273 voceris
2564 3219 2739 3273 mollis
2791 3230 2841 3273 et
2874 3229 3069 3275 tenera.
3104 3223 3256 3277 Tolle
3288 3240 3398 3277 mo-

1822 3313 1949 3369 lam,
1980 3321 2030 3364 et
2058 3312 2194 3365 mole
2246 3313 2477 3381 farinam
2505 3328 2523 3375 ;
2552 3311 2723 3365 revela
2777 3315 3168 3381 operimentum
3224 3328 3393 3378 tuum.

1823 3403 2002 3474 detege
2041 3421 2220 3470 canas,
2253 3404 2462 3458 denuda
2520 3402 2703 3468 tibias,
2728 3414 2835 3461 etc.

1897 3582 2056 3654 533
2088 3583 2153 3636 Et
2181 3584 2283 3638 ista
2319 3584 2386 3638 ad
2438 3584 2712 3639 Israelitas
2754 3587 2943 3653 etiam,
2982 3588 3036 3642 in
3069 3603 3209 3658 quos
3236 3604 3400 3660 supe-

1827 3676 1946 3731 rius
1986 3677 2121 3730 illud
2165 3692 2177 3729 :
2216 3695 2233 3727 ‹
2272 3675 2372 3730 Cui
2413 3691 2499 3730 me
2533 3678 2976 3745 assimilastis“,
3016 3699 3035 3731 ι
3077 3689 3400 3749 usurpatum

1826 3776 1929 3831 est,
1965 3767 2296 3821 referuntur.
2324 3766 2399 3820 lbi
2432 3781 2561 3836 ergo
2592 3783 2688 3823 eos
2714 3783 2922 3832 errare,
2958 3770 3047 3824 hic
3088 3779 3269 3825 autem
3312 3788 3404 3824 cor

1829 3858 2141 3927 perdidisse.
2195 3859 2331 3924 sive,
2392 3867 2450 3911 ut
2496 3860 2768 3929 expressit
2832 3858 3221 3931 Symmachus,
3269 3864 3402 3917 duro

1831 3952 1988 4005 corde
2016 3953 2266 4005 exsistere
2292 3950 2583 4019 signiﬁcat,
2610 3960 2913 4021 ututroque
2931 3956 3092 4007 modo
3117 3955 3401 4015 vecordes.

1830 4044 2107 4112 animique
2163 4058 2324 4098 sensu
2383 4041 2675 4096 destitutos
2732 4043 2799 4096 ad
2863 4045 3226 4099 idololatriam
3284 4062 3405 4101 sese

1833 4136 2134 4188 contulisse
2169 4134 2532 4188 demonstret.
2568 4133 2673 4189 Sed
2712 4150 2902 4190 eorum
2941 4137 3054 4204 jam
3085 4137 3401 4190 miseratio-

1836 4244 1903 4282 ne
1938 4236 2269 4281 commotum
2308 4228 2474 4280 Deum
2507 4244 2605 4297 spe
2633 4229 2796 4293 bona,
2823 4228 3236 4296 magniﬁcisque
3283 4230 3401 4298 μοι*

1837 4317 2256 4379 licitationibus,
2287 4319 2379 4385 qui
2413 4318 2752 4387 ajustitiaﬁtl
2780 4329 2863 4372 est
2889 4334 2919 4371 a
2941 4315 3239 4389 Deo,longe
3268 4321 3404 4390 fuis-

140 4412 386 4473 ἀλούσας
428 4411 663 4480 ὁρῶντες
714 4414 814 4473 τὰς
850 4410 981 4462 δέκα
1037 4411 1244 4479 φυλὰς,
1292 4412 1474 4473 αὐτοῖς
1522 4428 1583 4463 τε
1629 4411 1716 4462 τὸν

1832 4419 1967 4476 sent,
1991 4409 2054 4460 ad
2106 4408 2541 4477 resipiscentiam
2596 4423 2915 4478 provocare.
2958 4411 3183 4466 Animos
3230 4413 3399 4470 enim.

153 4503 450 4572 Ἀσσύριον
511 4502 743 4571 ὁρῶντες
785 4502 1137 4572 ἐγκείμενον,
1187 4502 1424 4572 ματαίας
1455 4502 1550 4555 τοῦ
1586 4501 1721 4554 Θεοῦ

136 4597 241 4659 τὰς
272 4594 615 4662 ἐπαγγελίας
648 4594 917 4664 ἐνόμιζον.
953 4594 1046 4646 Διὸ
1082 4593 1181 4663 τὴν
1215 4593 1354 4647 κατὰ
1402 4592 1723 4653 Βαϐυλῶνος

138 4685 346 4744 αὐτοὺς
374 4682 782 4751 εὐαγγελίζεται
821 4683 1000 4751 δίκην.
1062 4684 1319 4736 Ἐκὸλασε
1358 4684 1464 4755 γὰρ
1502 4684 1628 4746 τοὺς
1663 4683 1723 4749 ἐξ

150 4776 381 4844 Ἰσραὴλ
410 4777 438 4827 ὁ
469 4776 597 4837 Θεὸς
628 4776 685 4826 οὐ
736 4775 930 4845 μισῶν,
966 4775 1243 4844 σωτηρίαν
1269 4776 1326 4827 δὲ
1366 4777 1549 4837 αὐτοῖς
1590 4792 1725 4846 μνη-

138 4866 495 4933 στευόμενος,
522 4862 596 4927 ὼς
622 4865 717 4918 καὶ
746 4865 854 4917 τῶν
887 4865 1082 4934 ἰατρῶν
1118 4867 1166 4917 οἱ
1194 4866 1480 4934 τέμνοντες
1529 4883 1588 4918 τε
1637 4867 1733 4919 καὶ

138 4958 398 5017 καίοντες
419 4974 433 4986 ι
478 4957 602 5009 ἐπεὶ
646 4958 740 5009 κα)⁸
785 4960 934 5010 πᾶσα
965 4958 1189 5019 κόλασις
1224 4958 1359 5027 πρὸς
1393 4958 1581 5025 ὄνησιν
1612 4962 1732 5011 ἐπι-

1825 4502 1916 4571 qui
1974 4500 2161 4554 decem
2198 4499 2376 4553 tribus
2410 4510 2596 4568 captas
2651 4515 2776 4555 esse
2810 4501 3126 4563 cernebant,
3181 4502 3401 4571 abiece-

1821 4604 1951 4648 rant
1981 4611 1995 4659 ;
2032 4603 2086 4646 et
2118 4592 2211 4660 qui
2235 4590 2338 4647 sibi
2366 4593 2651 4663 Assyrium
2682 4593 2968 4646 imminere
2996 4593 3276 4661 videbant,
3300 4609 3399 4648 va-

1825 4699 1927 4739 nas
1975 4699 2094 4738 esse
2134 4683 2558 4752 pollicitationes
2592 4683 3026 4737 arbitrabantur.
3060 4684 3242 4752 Atque
3271 4686 3401 4738 hinc

1824 4785 1926 4839 est,
1950 4775 2093 4846 quod
2146 4775 2227 4830 eis
2263 4775 2518 4843 praedicta
2555 4773 2850 4841 Babylonis
2896 4776 3103 4830 ultione
3162 4779 3401 4831 recreari

1837 4869 1978 4924 Deus
2000 4869 2202 4933 voluit;
2241 4870 2331 4935 qui
2358 4884 2466 4921 non
2497 4869 2643 4932 odio,
2679 4869 2775 4923 sed
2814 4869 3009 4924 salutis
3041 4884 3228 4923 amore
3273 4885 3402 4939 pro-

1833 4972 2057 5014 vocatus
2081 4960 2149 5013 ad
2172 4958 2538 5013 lsraclitarum
2595 4974 2788 5028 poenas
2820 4959 3075 5024 accessit,
3108 4976 3216 5014 non
3244 4961 3403 5015 aliter

139 5048 398 5118 φέρεται.
438 5048 839 5102 Συναναπλέκει
872 5048 927 5100 δὲ
953 5052 1016 5118 τῇ
1045 5052 1143 5119 τῆς
1181 5049 1413 5118 μερικῆς
1434 5051 1716 5118 σωτηρίας

1832 5067 1995 5121 quam
2043 5051 2110 5105 ad
2164 5051 2579 5121 amputandum,
2605 5052 2690 5107 vel
2741 5049 3011 5106 urendum
3054 5052 3252 5106 medici
3291 5069 3405 5106 :ne

141 5141 445 5207 ὑποσχέσει
476 5141 689 5208 καὶτῆς
718 5141 1096 5209 γενικωτάτης
1124 5140 1220 5210 τὴν
1244 5141 1497 5210 δήλωσιν.
1534 5143 1595 5193 Ἡ
1630 5142 1729 5211 μὲν

140 5230 255 5300 γὰρ
286 5230 380 5282 διὰ
408 5228 652 5302 Κυρίου·1
674 5233 962 5303 λύτρωσις,
983 5234 1203 5303 μερικὴ,
1227 5237 1258 5303 ἡ
1282 5234 1336 5286 δὲ
1354 5233 1444 5286 διὰ
1462 5235 1719 5303 Χριστοῦ,

141 5321 370 5374 πάντων
394 5321 806 5391 ἀνθρώπων.Τὸ
822 5326 900 5387 δὲ,
929 5328 998 5378 οὐ
1026 5327 1110 5394 μὴ
1140 5329 1205 5389 β]
1225 5326 1442 5390 αδύνω,
1464 5325 1722 5395 παρέοικε

140 5414 225 5484 τῷ
244 5432 256 5443 ·
298 5434 319 5466 ι
345 5417 463 5467 Ἔτι
490 5417 683 5487 μικρὸν
703 5420 731 5470 ὁ
758 5418 1055 5487 ἐρχόμενος
1097 5419 1237 5488 ἥξει,
1257 5419 1347 5470 καὶ
1366 5418 1424 5469 οὐ
1452 5419 1712 5487 χρονιεῖ,›

1829 5145 2007 5198 dicam
2075 5143 2294 5196 nonnisi
2350 5143 2604 5196 utilitatis
2656 5144 2831 5212 gratia
2882 5158 3103 5213 semper
3163 5144 3403 5197 ultiones

1830 5234 2036 5288 induci.
2065 5233 2293 5303 Copulat
2328 5242 2509 5287 autem
2541 5250 2664 5287 cum
2692 5236 3008 5304 particulari
3047 5236 3237 5289 salutis
3268 5250 3401 5305 pro-

1834 5324 2115 5388 missione,
2156 5332 2211 5378 et
2231 5325 2352 5393 ejus
2375 5328 2538 5379 etiam
2571 5327 3050 5396 signiﬁcationem,
3087 5343 3209 5395 qua:
3245 5342 3403 5394 gene-

1828 5419 1908 5473 ris
1947 5427 2032 5474 est
2056 5418 2320 5472 universi.
2355 5417 2452 5471 Est
2484 5419 2631 5471 enim
2664 5435 2783 5487 quae
2843 5422 2899 5471 ﬁt
2941 5435 3041 5485 per
3075 5416 3274 5486 Cyrum
3315 5431 3400 5468 re-

221 5554 267 5584 "
332 5552 497 5607 Hebr.
536 5554 692 5619 1,”.
771 5556 816 5585 ⁸⁸
856 5555 1053 5609 Ezeclt.
1080 5571 1213 5619 xvu,
1254 5555 1308 5609 5.
1386 5554 1429 5586 ⁸⁷
1466 5553 1600 5608 ibid.
1648 5553 1711 5606 12

1824 5552 1857 5585 ⁵⁸
1916 5555 2024 5608 Isa.
2079 5569 2224 5619 XLVI,
2268 5554 2320 5607 5.

1450 5695 1680 5750 VARUS
1717 5693 2115 5750 LECTIONES.

224 5785 248 5823 ά
279 5786 366 5839 ῐσ.
400 5783 611 5854 Κύρου.

488 5878 759 5936 Parnm.
806 5875 921 5934 Cn.
973 5873 1345 5934 LXXXVII.

3005 5872 3079 5934 '77
