3940 6516
85 394 238 458 ’ἓξ-15

1183 395 1708 456 COMMENTARII
1746 393 1824 453 IN
1866 395 2151 455 ISAIAM.

3205 401 3345 464 2446

87 510 258 570 Ἴσως
285 505 344 560 δὲ
366 505 458 558 καὶ
487 504 667 568 αὐτοῖς
693 505 840 574 λέγει
868 507 980 570 τοῖς
999 506 1166 561 πάλαι
1193 510 1447 578 νικήσασι
1471 527 1482 539 ·
1509 509 1661 562 τοῦτο

1769 519 2006 564 mentem
2038 511 2399 581 interpretum
2429 511 2785 584 Septuaginta
2812 511 3036 571 referas.
3070 513 3338 570 deimini—

77 597 140 649 δὲ
188 595 320 667 πρὸς
369 595 462 648 τὸν
522 596 737 665 Ἰσραὴλ
789 596 954 665 ῥηθὲν
1009 599 1484 669 παρεμδέὁληται.
1537 597 1670 652 Εἶτα

76 687 250 738 πάλιν
291 685 430 755 πρὸς
469 685 584 754 τὴν
609 684 916 738 Χαλδαίαν
974 688 1131 757 φησι,
1183 688 1450 741 Κάθισον
1497 706 1675 740 κατει-

71 775 505 846 νενυγμένη,ἣ
547 777 686 830 κατὰ
725 777 1040 848 Σύμμαχον,
1115 778 1440 833 σιωπῶσα·
1481 781 1514 849 ἠ
1565 782 1674 852 γὰρ

73 870 227 922 οὕτω
279 869 646 938 μεγάλαυχος,
687 869 783 922 καὶ⁵
832 869 908 932 ὡς
965 871 1221 937 οἰκέταις
1249 873 1505 942 χρωμένη
1542 875 1656 935 τοῖς

73 963 321 1027 ἔθνεσιν,
359 961 662 1032 μετάγνωθι
689 961 873 1017 λοιπὸν
902 963 988 1031 ἐφ’
1015 958 1094 1027 οἷς
1124 965 1388 1035 ἔπραξας,
1420 965 1657 1035 τοσούτῳ

72 1053 284 1118 σκότῳ
321 1051 570 1115 παιδείας
597 1051 938 1122 ὲκδιδομὲνη.

74 1158 351 1216 tanquam
402 1148 590 1211 servis,
625 1148 939 1202 nationibus
989 1150 1217 1204 utereris
1257 1169 1271 1216 ;

76 1242 191 1293 bris
226 1239 551 1304 versareris,
583 1239 850 1308 pmnitere
875 1256 1093 1310 aequum
1124 1249 1226 1296 est.

151 1335 224 1387 Τὸ
256 1335 316 1386 δὲ
379 1333 556 1402 Ισχὺς
595 1335 954 1400 βασιλείας,
1003 1334 1293 1390 δέσποινα
1331 1337 1665 1401 ,βασιλειῶν

83 1427 315 1490 ἐξέδωκε
352 1425 668 1494 Σύμμαχος,
702 1424 798 1477 καὶ
825 1427 924 1495 τὴν
957 1426 1133 1478 αἰτίαν
1177 1429 1479 1496 ἐπήγαγεν,
1512 1429 1662 1482 διδά-

83 1534 226 1568 σκων
245 1515 326 1577 ὡς
347 1517 408 1567 οὐ
431 1516 512 1568 δεῖ
540 1518 652 1576 τοῖς
685 1515 787 1568 ὑπὸ
822 1515 958 1568 Θεοῦ
992 1518 1444 1588 ταπεινουμένοις
1493 1520 1665 1587 ἐπεμ-

79 1607 312 1668 εαίνειν,
337 1603 430 1668 οὒς
457 1605 693 1674 ἐγχωρεῖ
713 1604 1105 1670 παιδευθέντας
1141 1607 1488 1675 ἐλεηθῆναι.
1526 1609 1662 1661 Συν-

79 1697 188 1765 ῳδά
207 1697 268 1749 δὲ
298 1695 510 1760 τούτοις
540 1696 636 1750 καὶ
657 1697 932 1768 Ζαχαρίας
965 1699 1158 1768 φησίν·
1197 1720 1216 1750 ι
1259 1700 1542 1770 Ἐζήλωκα
1561 1702 1662 1774 τὴν

91 1787 456 1858 Ἰερουσαλὴμ
480 1787 640 1856 ζῆλον
676 1788 870 1858 μέγαν,
896 1790 990 1842 καὶ
1012 1789 1170 1860 θυμῷ
1202 1790 1424 1862 μεγάλῳ
1449 1791 1663 1862 ὀργίζο-

84 1895 173 1947 μαι
219 1875 341 1946 ἐγὼ
378 1880 472 1931 ἐπὶ
499 1878 569 1929 τὰ
617 1877 743 1949 ἔθνη
783 1879 850 1930 τὰ
882 1880 1371 1948 συνεπιτιθέμενα·
1431 1880 1548 1934 ἀνθ’
1586 1873 1660 1934 ὧν

1771 599 1920 654 tibus
1941 601 2210 670 ejusmodi
2251 609 2306 655 et
2339 602 2657 658 inhumanis
2691 603 3006 657 hominibus
3037 647 3052 669 ,
3087 603 3342 660 fortassis

1773 701 1827 744 et
1864 692 1930 745 de
1967 693 2076 746 illis
2121 693 2284 746 etiam
2316 708 2344 747 a
2384 695 2588 764 quibus
2612 697 2735 749 victi
2776 695 3050 765 quondam
3098 696 3344 760 fuerunt,

1773 782 2065 837 intellexit.
2103 782 2208 837 Sed
2250 793 2334 838 est
2366 787 2430 838 ad
2463 786 2722 841 lsraclem
2764 787 2968 841 dictum
3002 789 3143 841 istud
3176 788 3344 842 inter-

1763 874 2018 928 calatum.
2040 874 2345 930 Clmldwam
2371 878 2565 932 deinde
2588 881 2943 947 compellens,
2970 878 3122 946 Sede,
3141 879 3341 949 inquit,

1765 977 2074 1032 campuncta
2105 985 2122 1030 ;
2155 970 2238 1023 vel
2297 980 2496 1033 tacens,
2543 971 2848 1026 secundum
2926 973 3334 1045 Symmachum.

1767 1056 1897 1122 Quae
1924 1059 2068 1112 enim
2111 1075 2176 1114 eo
2222 1062 2489 1130 superbia:
2520 1072 2573 1116 et
2604 1066 2930 1134 arrogantia:
2973 1083 3229 1121 evaseras
3285 1079 3346 1121 ut

1318 1161 1370 1204 te
1407 1151 1666 1222 deinceps
1703 1166 1912 1216 eorum,
1946 1169 2068 1222 quae
2085 1155 2327 1222 gessisti,
2370 1171 2493 1208 cum
2520 1187 2534 1197 -
2560 1157 2612 1208 iu
2657 1159 2825 1213 tantis
2887 1161 3154 1212 doctrinm
3201 1171 3343 1213 tene—

1834 1337 2102 1391 Czeterum
2138 1354 2247 1407 quo
2280 1341 2396 1392 loco
2436 1342 2696 1408 fortitudo
2755 1346 2898 1414 regni
2932 1347 3211 1405 habemus,
3245 1351 3344 1401 do-

1766 1430 1909 1481 mina
1943 1444 2224 1497 regnorum
2258 1434 2422 1485 vertit
2453 1433 2857 1504 Symmachus;
2889 1445 2942 1489 et
2987 1453 3210 1493 causam
3251 1441 3346 1494 ad-

1763 1519 1862 1584 dit,
1893 1528 1950 1573 ut
1993 1520 2186 1574 doceat
2223 1537 2334 1575 non
2369 1523 2434 1578 iis
2469 1539 2613 1590 esse,
2643 1527 2736 1595 qui
2790 1543 2817 1580 a
2852 1527 2963 1582 Deo
3004 1529 3341 1604 afﬂiguntur,

1763 1612 2181 1682 insurgentium,
2242 1629 2474 1682 quorum
2538 1619 2885 1689 correptione
2917 1622 2986 1676 ad
3048 1625 3345 1679 misericor-

1769 1703 1914 1756 diam
1941 1707 2123 1773 potius
2158 1707 2341 1760 decuit
2380 1710 2734 1766 commoveri.
2771 1711 2896 1767 lstis
2940 1723 3118 1768 autem
3163 1725 3216 1770 et
3255 1718 3346 1770 illa

1770 1804 2100 1863 congruunt,
2126 1810 2247 1862 quce
2279 1811 2372 1864 per
2406 1795 2723 1852 Zachariam
2757 1801 2811 1856 in
2844 1803 2989 1858 hunc
3013 1807 3232 1861 modum
3260 1808 3347 1863 di-

1770 1894 2001 1939 cuntur:
2051 1906 2067 1936 ι
2115 1886 2422 1942 ΑΞηιιιΙιιιυε
2473 1906 2594 1944 sum
2625 1893 2927 1949 Jerusalem
2967 1898 3086 1952 zelo
3110 1911 3342 1971 magno:

85 1968 182 2034 ἐγὼ
206 1969 318 2038 μὲν
351 1967 632 2038 ὠργίσθην
659 1969 846 2036 ὀλίγα,
899 1970 1052 2022 αὐτοὶ
1087 1969 1143 2022 δὲ
1188 1971 1547 2025 συνεπέθεντο
1582 1973 1661 2035 εἰς

1767 1986 1820 2031 et
1851 1978 1929 2031 ira
1975 1994 2167 2048 magna
2199 1996 2298 2051 ego
2345 1982 2556 2037 irascor
2590 1999 2757 2054 super
2805 1997 2998 2057 gentes
3032 1993 3342 2060 opulentas.

79 2061 242 2114 κακά.
289 2077 307 2110 ι
345 2060 416 2110 Σὺ
441 2058 518 2123 δὲ,
553 2059 706 2129 φησι,
732 2060 826 2112 καὶ
849 2060 1112 2129 διηνεκῶς
1134 2063 1491 2125 ,βασιλεύειν
1506 2065 1663 2118 ὑπεί-

75 2151 276 2218 ληφας,
317 2150 589 2202 παιδεύων
618 2153 738 2213 ταῖς
769 2151 1077 2221 παρούσαις
1105 2153 1439 2224 εὐπραγίαις
1464 2155 1539 2226 μὴ
1565 2172 1662 2208 πε·

75 2241 353 2304 ωιθέναι,
392 2244 633 2314 προορᾷν
659 2243 715 2295 δὲ
750 2243 817 2297 τὰ
847 2243 1111 2312 ἔσχατα,
1151 2247 1248 2298 καὶ
1285 2247 1384 2310 τὰς
1431 2247 1662 2320 ὕστερον

74 2333 348 2403 ἐσομένας
379 2333 703 2402 μεταϐολάς.
735 2334 920 2386 Ταῦτα
946 2335 1003 2387 δὲ
1033 2336 1129 2406 τῆς
1153 2337 1532 2408 ὑπερηφανίας
1552 2341 1661 2394 τῶν

73 2428 128 2476 ἐν
161 2426 308 2495 αὐτῇ
345 2424 782 2494 βασιλευσάντων
829 2425 1096 2496 ὑπῆρχεν.
1140 2427 1261 2496 Ὑφ’
1297 2429 1396 2483 ἕνα
1433 2431 1490 2483 δὲ
1521 2432 1658 2504 αὐτῇ

74 2518 275 2587 καιρὸν
293 2517 511 2571 ἀπειλεί
531 2516 719 2587 ἀνδρὸς
745 2517 998 2587 στέρησιν
1024 2517 1118 2571 τοῦ
1155 2521 1275 2572 καθ’
1315 2521 1374 2574 ὃν
1410 2523 1526 2591 ἥλω
1562 2523 1660 2592 βα-

78 2609 390 2672 σιλεύοντος
414 2610 624 2681 χρόνον,
665 2611 760 2662 καὶ
797 2612 1004 2662 τέκνων
1033 2611 1141 2663 τῶν
1179 2612 1268 2662 ὑπ’
1298 2613 1469 2683 αὐτῆς
1504 2615 1660 2684 βασι-

76 2704 414 2772 λευομένων,
446 2704 476 2774 ἦ
505 2703 600 2757 καὶ
622 2705 729 2756 τῶν
770 2703 937 2773 αὐτῆς
974 2704 1278 2774 οἰκητόρων
1321 2707 1378 2758 ἐν
1411 2710 1478 2776 τῇ
1511 2710 1658 2779 μάχῃ

80 2797 380 2850 πεσόντων.
414 2797 486 2850 Οὐ
517 2796 604 2848 διὰ
633 2796 699 2848 τὰ
722 2795 1092 2864 προλεχθέντα
1122 2795 1179 2848 δέ
1203 2813 1285 2849 σοι
1313 2796 1487 2849 ταῦτα
1523 2815 1662 2868 συμ-

81 2889 306 2956 ϐήσεται
341 2888 499 2957 μόνον
522 2905 535 2917 ⁸
563 2887 678 2940 ἀλλ’
709 2887 790 2940 ὅτι
819 2887 915 2938 καὶ
941 2888 1042 2951 τὰς
1076 2888 1298 2952 ἐλπίδας
1323 2890 1380 2941 ἐν
1423 2891 1661 2961 ἐπῳδαῖς

83 2980 193 3034 ἔθου
222 2981 320 3032 καὶ
369 2981 756 3049 φαρμακείαις.
813 2979 1198 3050 Προλεγόντων
1233 2981 1342 3050 γάρ
1387 2999 1470 3034 σοι
1501 2983 1660 3052 νίκην

87 3074 176 3123 τῶν
211 3072 364 3124 αὐτὰ
400 3073 713 3140 μετιόντων,
743 3074 881 3144 πρὸς
916 3073 1078 3141 ὄγκον
1111 3073 1342 3144 ἀρθεῖσα
1377 3077 1661 3147 φρονήμα-

93 3182 179 3228 reg,
203 3165 351 3236 ὁμοῦ
382 3167 476 3218 καὶ
508 3169 572 3237 τῇ
608 3166 836 3236 δυνάμει
876 3165 1156 3237 θαρροῦσα
1181 3208 1194 3230 ,
1237 3168 1332 3220 καὶ
1360 3167 1460 3238 τὴν
1485 3169 1661 3239 ἀρχὴν

1766 2070 1902 2137 Quia
1937 2088 2036 2142 ego
2092 2073 2264 2128 iratus
2308 2093 2426 2130 sum
2459 2093 2674 2146 parum,
2736 2080 2838 2149 ipsi
2894 2082 3224 2140 addiderunt
3277 2090 3344 2141 ad

1765 2164 1904 2217 mala
1940 2165 2041 2218 ⁷³.»
2078 2167 2146 2218 At
2178 2176 2229 2222 te
2250 2167 2460 2223 diutius
2499 2181 2840 2241 regnaturum
2858 2175 3123 2230 arbitrata
3149 2195 3230 2242 es,
3260 2181 3344 2233 in-

1764 2256 1900 2324 quit,
1940 2265 1997 2310 ut
2042 2260 2292 2326 praesenti
2327 2277 2506 2316 rerum
2541 2268 2822 2322 suecessui
2874 2283 2986 2323 non
3020 2285 3143 2326 esse
3179 2273 3344 2328 conti-

1764 2348 2020 2410 dendum,
2059 2352 2153 2404 sed
2186 2352 2397 2418 ultima,
2435 2362 2488 2408 et
2513 2373 2634 2425 quae
2658 2358 2918 2430 deinceps
2954 2361 3151 2417 futurae
3193 2377 3342 2429 sunt,

1763 2440 2098 2496 mutationes
2142 2452 2400 2513 oportere
2444 2449 2726 2518 praevideri
2763 2453 3188 2510 demonstraret.
3241 2457 3346 2509 De-

1763 2533 2145 2587 monstrabant
2176 2550 2308 2589 vero
2343 2536 2455 2592 haec
2488 2555 2676 2593 eorum
2710 2544 2802 2610 qui
2840 2544 2893 2597 in
2927 2561 2988 2599 ea
3021 2560 3343 2616 regnarunt.

1763 2627 2156 2696 arrogantiam.
2190 2627 2250 2682 Ei
2293 2646 2456 2698 porro
2497 2648 2606 2687 uno
2644 2635 2946 2706 eodemque
2991 2649 3256 2711 tempore,
3293 2654 3348 2698 et

1761 2717 1884 2778 viri,
1916 2719 2009 2786 qui
2043 2717 2173 2772 dum
2198 2731 2353 2789 capta
2389 2733 2474 2777 est
2498 2726 2778 2794 regnabat,
2810 2737 2862 2779 et
2897 2728 3219 2794 liberorum,
3252 2745 3346 2786 aut

1762 2809 1923 2862 etiam
1955 2809 2181 2874 civium,
2217 2812 2309 2880 qui
2347 2813 2399 2864 in
2444 2814 2561 2866 acie
2604 2815 2787 2870 casuri
2819 2827 3025 2880 essent,
3063 2821 3344 2877 interitum

1763 2902 2066 2954 minitatur.
2105 2900 2292 2970 Neque
2324 2914 2502 2959 tamen
2557 2907 2656 2960 ista
2695 2910 2748 2961 in
2795 2918 2846 2964 te
2896 2912 3098 2976 solum,
3144 2915 3342 2984 inquit,

1764 3001 2088 3063 propterea,
2122 3011 2243 3063 quae
2281 2998 2571 3053 antedicta
2601 3013 2749 3066 sunt,
2782 3012 3012 3057 ventura
3049 3014 3215 3072 sunt;
3248 3009 3346 3062 sed

1764 3087 1886 3140 ideo
1912 3088 2078 3140 etiam
2116 3090 2260 3158 quod
2291 3107 2415 3159 spes
2442 3101 2565 3147 tuas
2592 3095 2643 3146 in
2674 3095 3142 3153 incantationibus
3172 3109 3228 3154 et
3257 3117 3348 3154 ve-

1766 3178 1978 3235 neﬁciis
2019 3182 2155 3237 sitas
2195 3181 2361 3254 536
2416 3183 2694 3242 habueris.
2732 3189 2864 3242 Cum
2896 3190 3041 3244 enim
3089 3207 3256 3262 penes
3296 3205 3348 3248 te

88 3261 169 3312 οὐκ
203 3259 435 3329 οἰομένη
468 3259 701 3329 κρείττω
727 3260 1013 3328 φανεῖσθαι
1059 3261 1158 3329 τὴν
1189 3262 1484 3333 Περσικὴν,
1522 3262 1655 3330 ἔφα-

1771 3266 1885 3322 t‘ore
1911 3270 2196 3325 victoriam
2220 3274 2602 3343 praedicerent,
2627 3278 2716 3346 qui
2750 3293 2811 3331 ea
2841 3259 3103 3344 adibant;
3132 3294 3346 3338 tantum

85 3367 236 3415 σκες·
285 3351 436 3419 Ἐγώ
453 3353 590 3419 ειμι,
621 3351 717 3404 καὶ
746 3353 854 3405 οὐκ
887 3351 1058 3404 ἔστιν
1079 3352 1270 3421 ἑτέρα,
1307 3358 1426 3418 ταῖς
1457 3359 1519 3409 ὲκ
1539 3357 1660 3410 δαι-

85 3445 257 3509 μόνων
318 3444 621 3512 μαντείαις,
653 3444 747 3496 καὶ
795 3446 916 3506 ταῖς
950 3445 1008 3511 ἐξ
1041 3445 1257 3516 ἄστρων
1311 3445 1656 3519 θαρῤήσασα.

80 3535 184 3586 Καὶ
213 3534 319 3604 τὴν
348 3535 440 3586 ἐπὶ
467 3534 716 3605 δαίμοσιν
751 3536 944 3589 ἐλπίδα
965 3539 1250 3605 πορνείαν
1275 3539 1452 3594 καλεῖ.
1495 3543 1660 3595 Ἀπο-

83 3627 312 3696 στατικὴ
338 3626 447 3697 γάρ
476 3627 591 3679 ἐστι
616 3627 774 3680 Θεοῦ.
811 3629 951 3682 fidat
976 3629 1086 3700 γὰρ
1115 3629 1424 3700 ἀνθρώποις
1455 3634 1488 3703 ἡ
1522 3634 1661 3704 πρὸς

81 3717 207 3770 Θεδν
229 3717 508 3781 οἰκείωσις
538 3718 680 3773 κατὰ
712 3717 897 3789 φύσιν,
930 3721 962 3790 ή
991 3721 1048 3773 δὲ
1077 3721 1217 3792 πρὸς
1261 3722 1522 3793 δαίμονας
1565 3726 1660 3778 ἀλ·-

81 3811 290 3882 λοτρία,
340 3811 440 3881 τὴν
491 3810 695 3865 τούτων
734 3812 871 3882 πρὸς
896 3813 1219 3884 ἀνθρώπους
1259 3818 1548 3870 συνουσίαν
1575 3818 1664 3870 διὰ

83 3903 333 3973 γοητείας
362 3905 698 3976 ἐπαγομένη.
733 3905 826 3959 Διὸ
853 3907 946 3960 καὶ¹
982 3907 1198 3971 Παῦλος
1243 3911 1309 3980 τῇ
1341 3911 1664 3983 φαρμακεία

91 3993 344 4044 συνάπτει
384 3992 480 4062 τὴν
518 3993 962 4065 είδωλολατρείαν
1020 3996 1196 4067 λέγων
1221 4016 1235 4028 ·
1289 4017 1308 4050 ι
1367 4000 1668 4054 Εἰδωλολα-

90 4080 255 4147 τρεία,
296 4081 634 4150 φαρμακεία.
676 4101 693 4132 ι

1764 3363 1908 3419 fastu
1936 3371 1991 3418 et
2024 3372 2337 3436 arrogantia
2391 3369 2719 3437 intuuiuisti,
2741 3381 2800 3425 ut
2827 3373 3024 3442 opibus
3046 3376 3154 3429 tuis
3181 3375 3343 3440 freta,

1760 3453 2056 3526 Persisque
2099 3467 2151 3513 te
2192 3459 2309 3515 fore
2356 3465 2692 3532 superiorem
2729 3466 3015 3530 arbitrata,
3049 3485 3162 3522 esse
3197 3479 3267 3535 te,
3297 3481 3346 3523 et

1761 3563 1863 3600 non
1880 3550 2132 3603 exsistere
2158 3551 2346 3619 aliam,
2373 3553 2535 3622 inque
2556 3556 2848 3622 vaticiniis,
2879 3573 3000 3627 qua:
3039 3575 3134 3628 per
3153 3561 3348 3616 daemo-

1763 3653 1860 3690 uas
1888 3649 1946 3692 et
1977 3651 2125 3695 astra
2152 3643 2312 3710 ﬁunt,
2345 3646 2641 3708 conﬁdere,
2667 3662 2801 3700 ausa
2834 3649 2913 3702 sis
2944 3649 3150 3704 dicere.
3182 3649 3344 3720 Spem

1760 3729 1981 3794 deinde,
2009 3750 2130 3802 quae
2155 3736 2209 3790 in
2231 3737 2570 3794 daemonibus
2588 3741 2909 3801 collocatur,
2937 3742 3347 3810 fornicationem

1762 3821 1886 3876 ideo
1917 3827 2185 3892 nominat,
2215 3831 2359 3898 quod
2392 3846 2422 3883 a
2458 3831 2567 3885 Deo
2597 3841 2837 3900 separet.
2869 3833 2964 3889 Est
2993 3837 3139 3892 enim
3168 3836 3259 3892 Dei
3292 3848 3347 3894 et

1766 3915 2049 3970 hominum
2081 3921 2316 3982 titaxime
2351 3924 2652 3978 secundum
2685 3934 2938 3980 naturam
2979 3927 3343 3995 familiaritas,

1768 4006 1944 4060 aliena
1993 4023 2174 4066 autem
2221 4014 2400 4082 plane,
2452 4031 2573 4085 quae
2627 4032 2753 4070 cum
2798 4020 3134 4074 daemonibus
3186 4021 3344 4085 inita,

1771 4097 1878 4152 illis
1911 4114 2034 4154 cum
2074 4103 2393 4160 hominibus
2448 4123 2802 4176 congressum
2845 4111 3072 4182 magicis
3127 4113 3344 4168 artibus

84 4174 373 4226 conciliat:
418 4173 651 4244 indeque
703 4184 786 4229 est
825 4177 968 4246 quod
997 4175 1200 4232 Paulus
1244 4181 1514 4236 idolorum
1548 4185 1755 4241 cultum
1781 4205 1906 4244 cum
1940 4195 2008 4248 iis
2035 4197 2341 4269 conjungit,
2407 4214 2532 4253 cum
2584 4200 2855 4256 idolorum
2925 4207 3184 4266 servitus,
3247 4220 3346 4259 ve-

83 4269 293 4330 neﬁcia,
321 4265 456 4318 dicit
479 4265 547 4320 7‘.

144 4360 222 4412 Οὐ
249 4357 432 4411 τοίνυν
452 4356 576 4412 οὔτε
605 4361 927 4428 Χαλδαίοις
955 4363 1069 4416 οὗθ’
1104 4365 1313 4436 ἑτέροις
1348 4368 1410 4420 τὸ
1441 4370 1657 4424 εἰδωλο-

83 4453 297 4524 λατρεῐν
353 4453 736 4521 συγγνωστὸν,
773 4456 890 4507 ἀλλ’
947 4457 1212 4528 ὀλέθριον.
1245 4462 1464 4515 Ἔσται
1517 4459 1652 4527 οὖν,

1793 4375 1803 4380 ’
1833 4373 1953 4430 Non
1986 4384 2072 4432 est
2113 4377 2281 4446 igitur
2313 4378 2458 4430 idola
2497 4377 2675 4432 colere
2711 4393 2886 4448 neque
2921 4379 3216 4446 Cltaldrris,
3247 4400 3345 4438 ne-

1762 4483 1868 4537 que
1908 4468 2031 4523 aliis
2067 4470 2225 4521 venia
2268 4469 2520 4536 dignum,
2563 4469 2661 4523 sed
2695 4472 2892 4539 capite.
2930 4470 3044 4524 Erit
3092 4489 3214 4542 ergo
3237 4473 3346 4543 for-

85 4546 267 4616 cqciv,
310 4547 345 4612 ἡ
376 4545 624 4611 πορνεία
645 4563 761 4600 σου
797 4549 884 4613 εις
917 4552 1241 4618 αἰσχύνην,
1291 4553 1369 4605 ὅτ’
1415 4555 1482 4607 ἂν
1509 4556 1540 4625 ἡ
1564 4556 1658 4608 ἐπὶ

1766 4562 1961 4615 nicatio
1993 4573 2107 4628 tua,
2140 4564 2336 4633 inquit,
2366 4564 2419 4616 in
2450 4564 2712 4627 dedecus;
2743 4579 2862 4619 cum
2889 4565 3150 4636 tibi,quae
3179 4577 3265 4623 est
3288 4571 3344 4624 in

83 4638 328 4708 δαίμοσιν
377 4635 554 4703 ἐλπίς
608 4637 888 4711 διαπέσῃ,
936 4636 1024 4694 ὧν
1057 4644 1096 4710 ἡ
1152 4644 1350 4712 ἰσχὺς,
1379 4647 1654 4712 ἀσθένεια,

87 4730 215 4798 μήτε
267 4728 559 4798 προλέγειν
604 4731 858 4800 ἐχόντων,
919 4734 993 4797 ὡς
1029 4737 1139 4803 ἐγώ
1169 4756 1250 4790 σοι
1289 4740 1486 4805 ταῦτα,
1519 4745 1656 4813 μήτε

85 4818 288 4889 βοηθεῖν
313 4818 649 4888 δυναμένων,
693 4821 840 4874 Ἀντὶ
859 4823 916 4874 δὲ
949 4823 1064 4886 τοῦ,
1095 4825 1286 4881 Γνῶθι
1313 4827 1400 4882 ὅτι
1427 4830 1463 4896 ἡ
1502 4832 1654 4882 σὺν-

83 4929 202 4978 εσις
229 4911 462 4965 τούτων
492 4911 683 4977 ἔσται,
714 4915 813 4965 καὶ
865 4915 904 4982 ὴ
941 4919 1187 4983 πορνεία
1228 4937 1324 4972 σοι
1369 4924 1654 4990 αἰσχύνη,

85 5003 373 5074 Σύμμαχός
403 5017 564 5072 φησι·
599 5004 707 5058 Καὶ
736 5007 774 5073 ἡ
814 5006 1030 5076 γνῶσίς
1097 5025 1213 5064 σου
1242 5013 1394 5079 αὕτη
1435 5015 1661 5082 ἐξηπά-

86 5098 265 5162 τησέν
287 5110 384 5150 σε.
424 5098 684 5151 Σύνεσιν
722 5099 779 5152 δὲ
827 5100 982 5152 καλεῖ
1003 5103 1102 5170 τὴν
1151 5105 1344 5170 σοφίαν
1373 5106 1481 5158 τῶν
1520 5109 1658 5176 μὰν-

85 5205 232 5243 τίων.
264 5190 356 5242 Διό
401 5207 556 5260 φησι,
587 5190 690 5243 Καὶ
717 5192 788 5245 οὐ
835 5191 922 5260 μὴ
954 5192 1109 5261 γνῷς
1135 5195 1202 5246 ἑκ
1230 5199 1517 5263 μαντείας
1555 5201 1686 5258 τὸν,

86 5281 480 5351 ἐπερχόμενον
533 5282 802 5351 ὄλεθρον,
853 5285 912 5338 ὃν
965 5288 1054 5339 καὶ
1084 5288 1358 5350 βόθυνον
1397 5291 1571 5353 καλεῖ,
1599 5293 1661 5346 τὸ

88 5373 318 5441 ἄφυκτον
347 5373 457 5425 τῶν
489 5374 935 5440 ἐμπεπτωκότων
975 5377 1171 5447 δηλῶν.
1237 5380 1544 5450 Παρίστησι
1601 5383 1658 5435 δὲ

90 5465 275 5534 Δανιὴλ
305 5465 453 5526 ὅπως
481 5465 629 5534 παρὰ
659 5466 944 5530 Χαλδαίοις
975 5469 1272 5539 διέπρεπον
1301 5472 1465 5539 μάγοι
1489 5473 1656 5537 τινες,

91 5562 176 5613 καὶ
207 5559 536 5629 Γαζαρηνοὶ.
593 5561 686 5612 καὶ
737 5565 1040 5632 φαρμακοὶ,
1094 5567 1185 5618 καὶ
1228 5568 1278 5618 οξ
1316 5565 1384 5618 τὰ
1431 5567 1657 5620 τοιαῦτα

96 5653 230 5721 σοφοὶ
257 5649 424 5720 (οὕτω
452 5650 560 5719 γὰρ
587 5651 783 5714 αὐτοὺς
813 5655 1088 5726 ἐκάλουν),
1114 5657 1162 5709 οἳ
1197 5661 1289 5711 καὶ
1339 5657 1657 5726 εὐδοκίμουν

159 5834 198 5865 ⁷³
225 5832 453 5888 Zachar.
482 5852 517 5897 ι,
557 5838 640 5891 ιι.

719 5838 762 5868 ⁷⁵
789 5836 984 5902 Epiros.
1023 5855 1072 5900 ν,
1235 5841 1279 5872 ⁷⁵
1312 5838 1444 5892 Dan.
1479 5854 1536 5898 ll,
1572 5837 1621 5889 4.

1764 4655 2126 4721 daemonibus,
2159 4672 2275 4724 spes
2309 4656 2587 4721 exciderit,
2619 4674 2842 4726 quorum
2877 4660 3042 4712 virtus
3069 4661 3138 4714 ab
3171 4663 3346 4732 impo-

1765 4750 1932 4802 tentia
1962 4763 2068 4801 non
2099 4747 2304 4810 diﬂ‘ert,
2339 4750 2432 4818 qui
2475 4750 2570 4803 tibi
2605 4750 3056 4819 nihilquidtptam
3088 4754 3172 4807 vel
3202 4769 3344 4823 pra:-

1763 4833 1964 4897 dicere,
1993 4845 2164 4901 utego
2188 4835 2312 4897 ista,
2339 4835 2421 4887 vel
2441 4835 2691 4888 auxiliari
2716 4845 2943 4904 queunt.
2969 4834 3034 4889 At
3052 4851 3171 4906 pro,
3195 4837 3342 4892 Scito

1761 4923 1902 4990 quod
1946 4922 2229 4982 prudentia
2261 4925 2448 4978 horum
2479 4926 2599 4988 erit,
2628 4941 2675 4977 et
2707 4925 2993 4992 fornicatio
3022 4936 3114 4979 tua
3133 4927 3228 4980 tibi
3249 4928 3343 4981 de-

1763 5017 1961 5080 decori,
2004 5016 2076 5068 ita
2125 5015 2530 5086 Symmachus:
2566 5015 2633 5068 Et
2682 5018 3030 5086 intelligentia
3077 5030 3190 5081 tua,
3233 5019 3341 5072 lucc

1763 5108 1960 5175 decepit
1995 5118 2062 5161 te.
2096 5105 2194 5159 Ubi
2235 5107 2597 5177 intelligentia:
2629 5111 2850 5163 nomine
2898 5109 3227 5163 vaticinandi
3252 5123 3344 5161 κτα

1765 5204 1873 5248 tem
1909 5196 2254 5264 signiﬁcavit.
2288 5196 2354 5247 Et
2390 5196 2514 5249 inde
2546 5207 2650 5259 est,
2680 5197 2826 5264 quod
2870 5198 2976 5250 ait;
3009 5195 3079 5248 Et
3119 5211 3221 5248 non
3252 5211 3341 5248 co-

1762 5303 1975 5355 gnosces
2009 5302 2074 5340 ea:
2123 5287 2384 5340 vaticiniis
2413 5287 2773 5340 advenientem
2819 5288 3132 5348 interitum;
3179 5303 3340 5355 quem

1763 5381 1966 5444 foveam
1993 5381 2154 5433 etiam
2188 5379 2500 5448 appellavit,
2537 5387 2594 5430 ut
2630 5395 2746 5439 eos,
2768 5378 2861 5446 qui
2895 5379 2948 5431 in
2971 5393 3089 5430 eam
3124 5376 3342 5431 cecide-

1748 5475 1878 5532 rint,
1922 5488 2029 5526 non
2057 5488 2180 5527 esse
2210 5487 2475 5526 evasuros
2508 5473 2935 5526 demonstraret.
2993 5468 3168 5539 Legas
3215 5483 3341 5523 vero

1763 5574 1816 5618 et
1841 5566 1981 5634 apud
2033 5564 2308 5618 Danielum
2343 5580 2528 5634 magos
2571 5564 2624 5615 in
2666 5561 2916 5616 Chaldma
2956 5565 3248 5630 quosdam,
3289 5569 3345 5615 et

1766 5656 2097 5723 Galat't‘tios,
2149 5656 2616 5737 etvcneﬁcos",
2659 5655 2906 5723 aliosque
2953 5653 3153 5707 artium
3203 5651 3345 5721 ejus-
