3978 6374
639 337 778 401 2M7

1973 339 2322 402 PROCOPII
2353 338 2597 399 GAZ/EI

3731 345 3842 409 2448

637 451 786 505 modi
823 448 1187 520 professores,
1225 463 1365 518 quos
1398 446 1478 504 illi
1530 450 1813 520 sapientes
1850 460 2069 514 vocant,
2109 450 2215 504 cla-

2331 449 2483 522 παρὰ
2506 449 2586 520 τῷ
2612 447 2860 520 βασιλεῖ,
2899 446 2974 510 ὡς
3003 443 3072 499 δι’
3109 443 3291 498 αὐτῶν
3333 448 3734 523 κατορθουμένης
3760 460 3837 528 τῆς

637 543 838 606 ruisse,
872 549 1194 609 tantumque
1218 540 1330 611 regi
1356 541 1618 610 probatos
1660 542 1851 607 fuisse,
1883 551 1941 596 ut
1975 558 2086 596 non
2116 542 2224 596 nisi

634 648 826 688 eorum
851 632 1111 702 auspiciis
1131 646 1356 700 regnum
1387 631 1624 688 feliciter
1661 635 2037 689 administrari
2061 649 2225 705 posse

635 724 916 779 crederet:
943 737 1081 792 quos
1106 723 1192 776 hic
1226 736 1323 792 per
1362 722 1534 792 ignem
1564 740 1827 793 passuros
1859 741 1983 780 esse
2041 725 2224 778 vindi-

635 827 780 870 ctam
838 822 1024 869 tuonet
1060 815 1343 884 propheta,
1385 829 1510 868 cum
1551 823 1605 868 et
1635 816 1832 885 ipsam,
1881 816 2044 869 nullis
2068 817 2227 870 auxi--

635 909 767 963 litim
831 907 974 962 ferre
1004 905 1336 972 valentibus,
1381 906 1505 976 igne
1564 910 1904 977 conllagrare
1945 908 2224 961 civitatem

633 1002 946 1071 contigerit.
973 1000 1114 1055 Sunt
1145 1007 1330 1054 tamen
1362 1000 1454 1069 qui
1485 1015 1794 1056 sermonem
1820 1001 1886 1055 ad
1909 1000 2224 1055 Cha-Idaeam

633 1096 840 1150 ironice
892 1094 1054 1165 dirigi
1120 1093 1481 1160 arbitrentur,
1533 1109 1660 1147 cum
1727 1094 1918 1149 habere
1969 1095 2224 1150 carbones

630 1190 790 1260 ignis,
842 1196 1142 1244 aestuantes
1184 1187 1441 1241 nimirum
1486 1195 1540 1240 et
1574 1185 1928 1258 prmiervidos
1969 1188 2223 1242 homines

632 1283 757 1338 illos
787 1282 946 1346 dixit,
988 1281 1057 1336 de
1079 1281 1281 1351 quibus
1303 1280 1592 1344 intellexit,
1617 1296 1764 1344 cum,
1807 1280 1852 1334 si
1888 1283 2109 1350 quando
2134 1298 2224 1333 sn-

629 1393 722 1445 per
751 1376 911 1447 537
940 1391 1028 1429 eos
1057 1373 1280 1438 sederis,
1315 1373 1366 1427 id
1398 1382 1505 1438 est,
1544 1373 1902 1442 requieveris,
1953 1374 2221 1443 adjunxit.

629 1469 878 1523 Aderant
903 1467 1048 1522 enim
1081 1467 1180 1521 tibi
1207 1468 1261 1521 in
1287 1467 1576 1522 auxilium.
1609 1466 1706 1522 Vel
1732 1478 1899 1534 certe,
1931 1469 2222 1532 carbonum

628 1559 876 1623 nomine,
927 1559 1112 1624 utiles,
1163 1566 1218 1612 et
1248 1559 1316 1612 ad
1355 1559 1799 1631 resipiscentiatn
1850 1572 2220 1632 provocantes

627 1663 818 1721 poenas
847 1650 1142 1718 signiﬁcat.
1179 1648 1304 1704 Tibi
1337 1651 1506 1715 enim,
1559 1651 1757 1721 inquit,
1803 1667 1926 1706 eum
1973 1655 2220 1724 resipue-

627 1743 730 1807 ris,
760 1742 864 1797 ista
907 1742 961 1796 in
1003 1743 1356 1796 commodum
1403 1757 1488 1798 me
1526 1744 1828 1799 auxiliante
1874 1748 2103 1801 cesserit
2135 1747 2218 1800 ul-

2331 543 2632 614 βασιλείας,
2663 541 2757 605 οὓς
2785 557 2918 611 φησι
2967 538 3376 610 καταλήψεσθαι
3429 545 3523 613 τὴν
3571 544 3658 598 διὰ
3688 554 3839 617 “fec

2327 636 2623 704 τιμωρίαν,
2645 634 2808 704 ἡνίκα
2834 632 3206 702 πυρίκαυστος
3235 632 3330 684 καὶ
3359 634 3391 702 ἡ
3420 634 3566 697 πόλις
3587 641 3837 709 γενήσεται,

2330 727 2464 795 μηδέ
2486 727 2669 787 αὐτοῖς
2719 724 2930 793 βοηθεῖν
2961 723 3314 792 δυναμένους.
3345 722 3497 787 Τινὲς
3517 725 3569 777 δέ
3589 731 3692 780 κατ’
3719 734 3841 801 sipo)-

2325 819 2473 872 νείαν
2498 820 2588 870 τὸν
2615 818 2772 886 λόγον
2797 817 2931 888 πρὸς
2948 817 3063 882 τὴν
3085 816 3392 870 Χαλδαίαν
3414 817 3662 882 ἐδέξαντο.
3683 825 3840 892 Ἔχεις

2326 910 2632 978 ἄνθρακας
2658 908 2870 976 πυρὸς,
2909 910 2937 960 ὃ
2975 909 3092 959 ἐστι
3137 906 3374 975 θερμοὺς
3404 907 3595 976 ἄνδρας
3617 912 3698 963 καὶ
3728 914 3840 976 ζέον.

2326 1019 2445 1065 τας,
2473 1004 2601 1062 τοὺς
2625 1001 2753 1070 περὶ
2769 993 2843 1052 ὧν
2863 1002 2888 1052 ό
2911 998 3089 1064 λόγος,
3109 997 3186 1050 ὅτ’
3203 999 3268 1049 ἂν
3290 996 3382 1049 ἐπ’
3404 999 3596 1064 αὐτοῖς
3616 1004 3835 1068 καθίσῃς,

2325 1095 2352 1148 ὅ
2379 1095 2529 1147 ἐστιν
2560 1091 2950 1162 ἐπαναπαύσῃ.
2982 1091 3146 1144 Αὐτοὶ
3169 1091 3277 1159 γὰρ
3309 1090 3518 1144 ἔσονταί
3551 1109 3628 1144 σοι
3649 1092 3834 1164 βοήθεια.

2328 1187 2534 1255 Ἥγουν
2557 1186 2878 1252 ἄνθρακας,
2902 1183 2999 1246 τὰς
3029 1183 3461 1253 ὲπιστρεπτικάς
3489 1185 3576 1236 καὶ
3592 1183 3840 1255 ὠφελίμους

2322 1277 2591 1348 τιμωρίας
2620 1276 2796 1328 καλεῖ.
2837 1274 3266 1345 Ἐπιστραφείσῃ
3289 1275 3398 1344 γάρ
3426 1290 3525 1339 σοι,
3544 1277 3709 1345 φησιν,
3730 1278 3842 1330 ἔσται

2321 1371 2390 1422 τά
2429 1372 2528 1440 τῆς
2564 1367 2837 1439 τιμωρίας
2861 1367 2997 1437 πρὸς
3026 1364 3236 1434 ἀγαθοῦ
3265 1365 3363 1434 τῆς
3391 1366 3515 1436 παρ’
3545 1365 3668 1434 ἐμοῦ
3689 1383 3844 1437 τυγχα.

2323 1461 2522 1531 νούσης
2547 1462 2859 1529 βοηθείας,
2892 1463 2940 1514 εἰ
2969 1462 3062 1514 καὶ
3090 1461 3182 1515 τὸν
3212 1461 3320 1532 πρὸ
3356 1460 3448 1512 τοῦ
3477 1460 3655 1530 χρόνον
3680 1463 3745 1523 είς
3759 1482 3844 1531 μα-

2320 1557 2674 1609 ταιοπονιάν
2709 1555 3055 1621 ἀνάλωσας.
3084 1555 3270 1608 Ταῦτα
3303 1554 3360 1608 δέ
3394 1553 3576 1623 φησὶν,
3604 1553 3738 1607 ἔσται
3775 1556 3844 1608 καὶ

2321 1647 2442 1701 καθ’
2470 1647 2699 1699 ἕκαστον
2721 1647 2828 1698 τῶν
2857 1645 3181 1717 ἀνθρώπων.
3223 1643 3301 1698 Δι’
3347 1645 3569 1706 ἑαυτοὺς
3595 1643 3691 1713 γὰρ
3727 1650 3842 1698 πλα-

2318 1741 2602 1809 νηθέντες
2629 1740 2814 1804 ἕξουσι
2831 1739 3126 1809 τιμωρίαν,
3151 1739 3218 1807 ῆν
3245 1739 3308 1790 οὐ
3345 1737 3517 1808 φεύξῃ
3543 1736 3612 1806 μὴ
3636 1741 3840 1808 μετανοή-

625 1836 729 1902 tio,
771 1836 1129 1906 quantumvis
1163 1844 1324 1890 antea
1367 1837 1423 1889 in
1467 1852 1660 1890 vanum
1701 1838 2053 1893 laboraveris.
2089 1839 2215 1893 Haec

2319 1848 2478 1886 σασα.
2517 1831 2592 1883 Τὸ
2622 1829 2677 1882 δέ
2707 1828 3063 1894 ἐκοπίασας,
3093 1829 3216 1882 ἀντὶ
3258 1826 3356 1880 τοῦ
3389 1825 3729 1893 ἠσθένησας.
3757 1830 3842 1880 Mr-

627 1937 833 1992 autem,
862 1927 1061 1998 inquit,
1095 1928 1260 1982 etiam
1317 1928 1550 1998 singulis
1599 1930 1910 1986 hominibus
1951 1938 2214 1985 eventura

2319 1921 2664 1976 ταϐαλοῦσα
2697 1923 2805 1992 γὰρ
2828 1923 2907 1984 είς
2928 1921 3193 1991 δαίμονας
3217 1921 3325 1972 ἀπὸ
3361 1918 3494 1972 Θεοῦ
3519 1921 3612 1988 τὴν
3641 1920 3842 1989 λατρείαν

628 2028 778 2073 sunt.
813 2017 918 2073 Per
946 2033 1004 2073 se
1038 2018 1186 2073 enim
1215 2018 1308 2089 qui
1343 2029 1616 2083 errarunt,
1658 2021 1880 2089 nsultam
1909 2023 2213 2091 patientur;

2319 2013 2588 2077 εὐάλωτος
2615 2015 2867 2082 γέγονας.
2913 2014 3060 2066 Ἀντί
3088 2013 3144 2066 δὲ
3177 2013 3274 2066 τοῦ
3298 2030 3312 2044 ο
3359 2012 3841 2082 Ἐκοπίασαςὲντῇ

625 2126 790 2180 quam
829 2125 933 2164 nec
958 2110 1071 2173 illa,
1101 2125 1264 2180 quam
1300 2126 1406 2166 non
1427 2112 1777 2182 pmnituerit,
1813 2115 2020 2168 evitare
2062 2124 2215 2185 pote-

2319 2105 2616 2177 μεταϐολῇ
2643 2122 2780 2167 σου,
2828 2107 2924 2158 καὶ
2954 2106 3022 2158 τὰ
3062 2105 3228 2174 ἐξῆςο
3269 2106 3320 2158 οἱ
3375 2104 3550 2157 λοιποί
3598 2122 3757 2173 φασιν,
3784 2110 3834 2160 οι

627 2205 716 2258 rit.
735 2201 1021 2273 Signiﬁcat
1040 2218 1169 2257 vero
1186 2203 1331 2259 idem
1359 2204 1645 2268 laborasti,
1693 2222 1754 2262 ac
1778 2206 2054 2270 siinﬁrma
2069 2208 2215 2276 fuisti

2319 2199 2567 2268 ἔμποροί
2591 2214 2708 2252 σου
2740 2198 2860 2252 ἀπὸ
2883 2199 3164 2264 νεότητός·
3189 2213 3328 2252 σου.
3381 2198 3662 2262 ’Ἕκαστος
3690 2200 3752 2263 εἰς
3784 2200 3830 2250 τὸ

626 2295 880 2352 dixisset.
911 2293 1180 2350 Perfacile
1206 2296 1351 2350 enim
1375 2298 1679 2368 expugnari
1709 2299 1945 2368 capique
1975 2310 2215 2369 poteras,

2319 2289 2509 2359 πέραν
2531 2291 2558 2330 h
2593 2288 2811 2342 ἑαυτοῦ
2850 2287 3312 2356 ἐπλανήθησαν,
3344 2286 3414 2351 ἐξ
3441 2281 3528 2340 ὧν
3565 2287 3735 2353 οὐδεὶς
3765 2287 3837 2340 εὖ·

627 2404 748 2459 qute
778 2387 870 2444 Dei
908 2389 1117 2442 cultum
1172 2403 1298 2443 cum
1339 2389 1682 2445 dientonibus
1723 2402 2105 2447 commutaras.
2148 2396 2215 2447 At

2319 2387 2492 2454 ρηταί
2511 2401 2611 2440 σοι
2629 2383 3026 2451 omnip-«Aio
3052 2385 3163 2436 οὐκ
3187 2383 3362 2436 ἔστιν
3387 2385 3418 2435 ό
3441 2379 3631 2440 σώζων
3649 2381 3841 2445 σε,κιιτὰ

626 2483 796 2547 enim,
833 2497 969 2550 quo,
1001 2481 1122 2536 loco
1151 2479 1441 2536 Laborasti
1477 2483 1534 2536 in
1566 2485 1977 2538 commutatione
2019 2495 2132 2547 tua,
2166 2494 2215 2541 et

2319 2479 2636 2549 Σύμμαχον.
2690 2477 2848 2536 Τινὲς
2881 2476 2938 2528 δέ
2995 2473 3073 2538 τὸ,
3130 2476 3470 2542 Ἀνθρωπος
3512 2471 3630 2525 καθ’
3673 2472 3837 2524 ἑαυτὸν

626 2587 749 2643 quin
771 2583 1097 2643 sequuntur,
1131 2573 1394 2643 legimus;
1423 2573 1622 2628 ibidem
1646 2577 1860 2630 caeteri:
1899 2574 2216 2646 Negotiato-

627 2681 711 2720 res
746 2667 824 2719 tui
859 2666 925 2718 ab
962 2664 1317 2720 adolescentia
1365 2673 1476 2730 tua,
1515 2667 1873 2736 unusquisque
1900 2668 1953 2720 in
1983 2668 2086 2736 ﬁne
2116 2684 2212 2721 suo

624 2767 956 2820 erraverunt,
989 2771 1055 2810 ea:
1085 2753 1274 2825 quibus
1315 2756 1492 2810 nullus
1517 2757 1754 2811 inventus
1793 2767 1870 2810 est
1896 2758 1994 2811 tibi
2037 2760 2214 2812 salva-

628 2858 731 2916 tor,
763 2848 1234 2918 interpretantur;
1267 2847 1631 2919 Symmachus
1655 2859 1858 2914 autem,
1899 2851 2089 2921 Itaque
2111 2869 2214 2906 non

625 2950 723 3003 est,
775 2941 865 3010 qui
897 2939 1062 2994 salvet
1095 2950 1162 2994 te.
1201 2940 1459 2993 Nonnulli
1518 2957 1681 3010 porro
1718 2942 1889 2996 illud:
1947 2942 2116 2998 Homo
2157 2946 2211 2998 in

625 3031 909 3099 semetipso
946 3032 1168 3093 erravit,
1203 3029 1300 3082 tibi
1319 3043 1498 3082 autent
1535 3048 1638 3085 non
1666 3035 1768 3084 erit
1806 3034 1977 3093 salus,
2013 3035 2084 3087 ita
2117 3050 2217 3088 ex-

2317 2570 2656 2637 ἐπλανήθη,
2689 2568 2788 2622 σοὶ
2823 2565 2891 2618 δὲ
2914 2568 3022 2619 οὐκ
3052 2566 3225 2620 ἔσται
3259 2565 3527 2632 σωτηρία
3557 2605 3571 2627 ,
3598 2562 3746 2622 οὕτως
3777 2563 3839 2631 ἑρ-

2324 2665 2618 2732 μήνευσαν,
2647 2661 2780 2713 ὡσεὶ
2817 2660 3003 2727 ἔλεγεν
3029 2674 3042 2688 ⁸
3079 2659 3272 2712 Πολλοὶ¹
3321 2656 3430 2710 τῶν
3476 2656 3747 2726 ἀνθρώπων
3778 2656 3841 2706 ἀν-

2321 2757 2348 2808 0
2357 2755 2606 2828 ρωπίνως
2631 2753 3036 2824 ἐπλανήθησαν,
3063 2752 3398 2821 συμμέτρως
3419 2751 3725 2811 ἀποστάντες
3741 2746 3839 2798 Θεοῦ

2323 2848 2551 2901 -πάθεσιν
2576 2843 2965 2915 ὑπενεχθέντες
3002 2844 3236 2914 σαρκόςο
3275 2844 3340 2895 σὺ
3365 2841 3421 2894 δέ
3454 2843 3528 2905 είς
3560 2838 3700 2892 τοῦτο
3746 2855 3844 2907 προ-

2323 2939 2453 3010 έϐης
2506 2937 2852 3006 ἀνοσιότητος
2885 2976 2900 3001 ,
2927 2936 3004 3000 ὡς
3044 2935 3250 3007 μηδένα
3277 2951 3362 2986 σοι
3421 2931 3676 3002 σωτηρίας
3721 2934 3843 2982 τόπον

2321 3031 2760 3102 περιλειφθῆναι.

625 3123 850 3190 plicant,
891 3138 954 3176 ac
983 3124 1028 3176 si
1074 3123 1381 3192 permultos
1417 3123 1670 3177 homines
1701 3125 1882 3177 carnis
1931 3124 2216 3180 all‘ectibns
2259 3125 2537 3194 abreptos,
2563 3137 2689 3176 cum
2722 3135 2751 3174 a
2791 3119 2898 3172 Deo
2917 3119 3129 3174 modice
3190 3119 3576 3181 recessissent,
3614 3118 3846 3169 aberrasse

623 3213 867 3284 quidem,
920 3224 972 3269 te
1020 3223 1224 3278 autem,
1265 3229 1332 3268 eo
1377 3213 1737 3283 impunitatis,
1799 3216 2139 3283 processisse
2178 3217 2408 3280 diceret,
2442 3225 2500 3269 ut
2556 3213 2741 3268 nullus
2773 3211 2867 3265 tibi
2898 3212 3059 3266 saluti
3090 3213 3242 3264 locus
3283 3211 3614 3279 relinquatur
3641 3207 3843 3278 amplius.

1201 3348 1359 3404 CAP.
1404 3348 1635 3405 XLVIII.

698 3443 1032 3516 538V2tts.
1055 3442 1212 3498 l-li.
1237 3441 1426 3496 Audite
1443 3442 1576 3505 Iuec,
1595 3442 1786 3498 domus
1802 3441 1995 3510 Iacob,
2009 3446 2099 3515 qui
2128 3462 2216 3498 vo-

626 3538 732 3590 cati
756 3536 881 3589 estis
914 3534 1124 3586 nomine
1153 3531 1347 3597 Israel,
1373 3543 1423 3586 et
1447 3533 1632 3588 existis
1656 3533 1719 3588 de
1753 3551 1891 3604 aqua
1922 3533 2090 3601 Juda,
2125 3535 2215 3603 qui

620 3629 825 3698 juratis
865 3627 1078 3680 nomine
1116 3625 1332 3680 Domini
1368 3625 1463 3679 Dei
1500 3624 1698 3686 Israel,
1727 3629 1817 3697 qui
1858 3629 2214 3682 recordamini

629 3739 732 3775 non
758 3738 878 3775 cum
909 3721 1150 3786 veritate,
1189 3737 1352 3792 neque
1385 3736 1502 3774 cum
1527 3721 1772 3790 justitia,
1815 3722 1905 3791 qui
1928 3721 2214 3775 adliwretis

628 3815 832 3866 nomini
866 3815 1096 3867 civitatis
1126 3823 1416 3878 sanctw,et
1435 3830 1589 3882 super
1617 3813 1780 3866 Deum
1805 3811 1978 3867 Israel
2001 3824 2214 3868 consta-

629 3904 767 3958 biliti
791 3907 939 3967 estis,
967 3915 1072 3958 etc.

701 4101 999 4172 Postquam
1031 4102 1099 4156 de
1127 4102 1443 4174 Babyloniis
1487 4105 1703 4160 locutus
1738 4112 1864 4170 est;
1896 4107 1962 4158 ad
1994 4103 2213 4162 Iudaeo-

629 4216 751 4254 ram
787 4200 1272 4270 reprehensionem
1308 4197 1560 4264 accedit;
1591 4198 1767 4269 deque
1791 4199 1900 4253 illis
1939 4215 2017 4263 se,
2048 4215 2213 4270 prop-

633 4303 716 4347 ter
742 4291 1012 4363 iustitiam
1033 4305 1217 4357 suam,
1241 4305 1347 4345 non
1370 4290 1516 4360 quod
1540 4292 1746 4345 auxilio
1775 4291 1878 4345 isto
1901 4291 2049 4360 digni
2080 4292 2211 4356 sint,

628 4397 822 4452 ptBIlaS
847 4395 1064 4436 sumere
1084 4381 1448 4456 demonstrat.
1501 4379 1670 4436 Vocat
1689 4382 1833 4436 enim
1859 4381 2076 4434 domum
2107 4381 2210 4434 Ja-

628 4472 746 4539 cob,
779 4480 1044 4541 tanquam
1079 4473 1166 4526 avi
1197 4473 1416 4526 nomine
1460 4473 1714 4542 indignos
1741 4488 1756 4537 ;
1790 4473 2060 4542 nudaeque
2087 4481 2212 4526 tan-

630 4577 744 4621 tum
831 4566 1061 4620 Israelis
1141 4566 1568 4635 apptllatiunis,
1618 4567 1981 4636 cut-porcique
2057 4567 2213 4621 Judw

629 4657 860 4713 seminis
939 4657 1258 4726 participes.
1323 4655 1438 4712 Hoc
1513 4658 1660 4712 enim
1736 4672 1802 4712 ea:
1880 4674 2022 4728 aqua
2114 4657 2206 4712 di-

630 4762 766 4800 cens
832 4745 1188 4813 signiﬁcavit.
1240 4743 1445 4800 ludam
1514 4746 1714 4802 deinde
1752 4756 2014 4818 tanquam
2063 4750 2212 4817 regio

629 4836 814 4906 generi
839 4836 1119 4905 ascripsit.
1157 4835 1262 4891 Sed
1295 4835 1460 4907 539
1480 4837 1944 4906 quemadmodum
1974 4837 2111 4892 falso
2139 4839 2211 4890 ita

627 4934 991 4993 vocabantur,
1028 4932 1124 5000 qui
1173 4933 1488 4987 nominibus
1521 4934 1588 4988 iis
1627 4943 1784 4988 erant
1829 4933 2074 5005 indigni:
2129 4935 2211 4990 sic

629 5038 754 5075 cum
803 5020 1080 5090 jurarent,
1117 5022 1312 5091 Deique
1343 5022 1522 5078 Israel
1551 5028 1959 5079 recorddrentur
1981 5065 1996 5089 ,
2052 5025 2211 5080 labiis

631 5118 810 5184 ipsum
848 5117 1214 5178 honorabant,
1263 5119 1353 5185 qui
1389 5117 1556 5172 corde
1598 5121 1668 5172 ab
1691 5121 1880 5174 eodem
1929 5119 2086 5187 longe
2124 5133 2210 5172 re-

632 5208 787 5269 moti,
813 5207 1130 5276 frustraque
1155 5205 1391 5262 Domino
1411 5209 1568 5262 inniti
1592 5209 1938 5275 videbantur,
1969 5213 2059 5278 qni
2085 5211 2214 5262 civi-

632 5301 729 5352 tati
759 5301 935 5354 eidem
969 5308 1306 5354 consecrata:
1349 5300 1716 5355 adhwrebant.
1751 5301 1889 5355 Sunt
1921 5303 2064 5355 enim
2089 5308 2213 5369 post

632 5393 884 5447 Ezechias
937 5400 1208 5461 tempora,
1247 5394 1300 5446 in
1331 5393 1484 5446 omni
1530 5392 1822 5462 impietatis
1850 5402 1904 5447 et
1940 5390 2211 5462 supersti-

631 5485 796 5540 tionis
827 5501 1024 5554 genere
1051 5502 1148 5557 per
1177 5485 1487 5543 Manassem
1537 5486 1780 5552 educati,
1819 5501 1979 5557 quem
2016 5502 2069 5538 Ill
2103 5501 2204 5538 au-

2898 3349 3146 3402 ΚΕΦΑΛ.
3183 3349 3323 3402 MIl’.

2389 3444 2544 3501 a-ta'.
2598 3444 2914 3498 Ἀκούσατε
2965 3441 3172 3506 ταῦτα,
3231 3435 3400 3506 οἶκος
3441 3438 3648 3498 Ἰακὼϐ,
3698 3439 3744 3490 ol
3775 3453 3846 3488 κε-

2317 3535 2603 3606 κλημένοι
2627 3536 2723 3589 ἐπὶ
2752 3534 2830 3600 τῷ
2861 3535 3103 3602 ὀνόματι
3149 3531 3426 3602 Ἰσραὴλ,
3460 3532 3554 3584 καὶ
3593 3531 3656 3594 ἐξ
3695 3529 3846 3583 Ἰούδα

2315 3629 2690 3693 ἐξελθόντες.
2741 3630 2805 3680 Ol
2862 3627 3188 3694 ὀμνύοντες
3246 3623 3326 3690 τῷ
3383 3626 3621 3695 ὀνόματι
3669 3623 3844 3689 Κυρίου

2319 3720 2468 3774 Θεοῦ
2497 3718 2770 3788 Ἰσραήλ.
2802 3719 3287 3788 Μιμνησκόμενοι
3319 3719 3396 3771 οὐ
3418 3719 3566 3786 μετὰ
3591 3715 3843 3782 ἀληθείας,

2315 3812 2459 3867 οὐδὲ
2503 3811 2655 3882 μετὰ
2684 3811 3100 3876 δικαιοσύνης,
3133 3809 3232 3862 καὶ
3258 3809 3641 3878 ἀντεχόμενοι
3661 3805 3729 3872 τῷ
3743 3806 3845 3860 ὀνό-

2309 3922 2452 3974 ματι
2484 3903 2593 3972 τῆς
2625 3905 2852 3968 πόλεως
2892 3903 3001 3969 τῆς
3037 3903 3230 3972 ἁγίας,
3256 3901 3357 3955 καὶ
3389 3901 3486 3954 ἐπὶ
3515 3901 3590 3966 τῷ
3619 3898 3727 3964 Θεῷ
3760 3900 3842 3952 Ἰσ-

2311 3995 2477 4063 ραὴλ
2502 3993 3068 4062 ἀντιστηριζόμενοι,
3106 4009 3158 4045 κ.
3189 4009 3241 4046 τ.
3271 3991 3322 4044 λ.

2388 4108 2468 4160 Τά
2503 4107 2646 4160 κατά
2697 4103 3056 4158 Βαϐυλωνίων
3113 4101 3320 4167 είπὼν,
3378 4087 3697 4171 ἐλεγκτικῶς
3742 4099 3846 4170 πρὸς

2327 4199 2613 4262 Ἰουδαίους
2651 4198 2838 4269 φησὶν.
2861 4197 2935 4259 ὼς
2961 4196 3058 4248 Διά
3085 4195 3145 4249 τὸ
3171 4197 3298 4265 παρ’
3339 4195 3467 4265 ἐμοὶ
3506 4195 3700 4248 δίκαιον
3735 4192 3846 4245 sitsi-

2313 4308 2437 4354 νους
2467 4290 2805 4362 μετέρχομαι
2841 4330 2855 4354 ,
2889 4288 2986 4358 οὑχ
3009 4287 3090 4340 ὅτι
3119 4286 3373 4357 βοηθείας
3405 4287 3558 4356 ὑμεῖς
3582 4285 3709 4350 ἄξιοι
3746 4283 3843 4336 καθα

2313 4385 2604 4454 εστήκατε.
2641 4378 2824 4435 Οἶκον
2853 4381 2961 4451 γὰρ
2997 4379 3154 4433 καλεῖ
3193 4378 3412 4444 Ἰακὼϐ,
3446 4379 3520 4442 ὡς
3550 4378 3640 4432 καὶ
3665 4377 3750 4446 τῆς
3772 4373 3841 4426 τοῦ

2315 4478 2663 4548 προπάτορος
2689 4473 2942 4538 ἀναξίους
2972 4473 3311 4543 ἐπωνυμίας,
3335 4473 3431 4526 καὶ
3456 4471 3612 4542 ψιλῆς
3638 4469 3723 4524 τοῦ
3753 4469 3841 4521 Ἰσ-

2309 4569 2472 4636 ραὴλ
2499 4567 2869 4638 προσηγορίας
2895 4565 3246 4635 μετέχοντας.
3278 4564 3376 4617 καὶ
3407 4563 3709 4634 σπέρματος
3732 4558 3840 4613 Ἰού·

2315 4661 2392 4715 δα
2424 4659 2760 4730 σωματικοῦ.
2795 4657 2966 4710 Τοῦτο
2992 4658 3100 4726 γάρ
3127 4657 3187 4710 τὸ
3218 4657 3287 4719 ἐξ
3327 4656 3565 4722 ὕδατος.
3607 4654 3686 4716 Ὠς
3721 4652 3836 4722 βασι-

2319 4752 2455 4822 λικῷ
2484 4753 2540 4804 δὲ
2574 4753 2722 4820 γένει
2775 4749 2866 4802 τὸν
2909 4741 3146 4802 Ἰούδαν
3194 4747 3526 4818 ἐπέγραψεν.
3575 4747 3762 4812 Ὥσπερ
3794 4740 3832 4792 δὲ

2318 4843 2528 4914 ψευδῶς
2562 4843 2810 4910 ἐλέγοντο
2834 4840 3012 4894 ταῦτα
3041 4840 3149 4893 τῶν
3171 4840 3454 4910 ὀνομάτων
3475 4838 3626 4899 ὄντες
3653 4833 3827 4900 ἀνάξιοι.

2314 4937 2488 5000 οὕτως
2511 4936 2803 5004 ὀμνύντες
2823 4934 2922 4988 καὶ
2951 4933 3314 5004 μεμνημένοι
3334 4933 3438 4987 τοῦ
3459 4933 3604 4986 Θεοῦ
3625 4927 3829 4998 Ἰσραὴλ,

2315 5031 2426 5090 τοῖς
2463 5028 2696 5098 χείλεσιν
2731 5025 2893 5079 αὐτὸν
2937 5027 3160 5096 ἐτίμων,
3209 5028 3581 5093 ἀφεστηκότες
3618 5019 3758 5076 αὑτοῦ
3788 5021 3833 5084 τῇ

2317 5120 2534 5190 καρδία,
2561 5121 2654 5171 καὶ
2683 5119 2861 5189 μάτην
2900 5119 3118 5171 ἐδόκουν
3152 5119 3243 5169 ἐττί
3290 5119 3478 5186 Κυρίῳ
3513 5110 3834 5186 στηρίζεσθαι.

2313 5210 2667 5279 ἀντεχόμενοι
2692 5210 2920 5274 πόλεως
2943 5207 3340 5274 ἀνακειμένης
3369 5205 3535 5276 αὐτῷ.
3581 5202 3720 5257 Μετά
3757 5197 3838 5264 γὰρ

2315 5303 2406 5355 τὸν
2449 5301 2721 5366 Ἐζεκίαν,
2754 5301 3054 5370 Μανασσῆς
3089 5300 3282 5360 αὐτοὺς
3313 5301 3390 5361 είς
3425 5301 3600 5350 πᾶσαν
3627 5291 3838 5346 ἀσέὃειαν

2317 5387 2562 5462 ἔτρεψεν,
2606 5391 2700 5444 καὶ⁵
2754 5393 2812 5443 ἐν
2840 5390 2990 5460 αὐτῷ
3043 5388 3368 5460 καθίδρυσεν
3404 5387 3619 5456 ἄγαλμα
3646 5381 3714 5452 τῷ
3739 5377 3839 5444 θείῳ

2317 5485 2450 5555 ναῷ.
2481 5484 2572 5537 Διό
2600 5501 2730 5554 (mat
2765 5485 2903 5554 πρὸς
2937 5483 3174 5553 comm;
3219 5501 3236 5534 ι
3278 5482 3342 5534 Τί
3388 5483 3419 5551 ἡ
3469 5476 3771 5550 ἠγαπημένη
3795 5472 3841 5521 ἐν

1936 5658 2170 5715 VARIA‘I
2197 5654 2601 5713 LECTIONES.

702 5793 728 5833 λ
766 5811 849 5864 η).
892 5796 1085 5864 πέρας.
