3978 6374
118 405 234 467 (2459

1177 413 1706 474 COMMENTARII
1744 413 1823 472 ΙΝ
1853 415 2139 474 ISAIAM.

3210 415 3350 480 245C

116 524 181 594 τῷ
205 519 329 590 οἴκῳ
360 536 458 590 μευ
492 518 713 590 εποίησε
745 521 1018 593 βδέλυγμα
1048 542 1062 591 ;
1103 544 1118 576 ι
1182 526 1405 590 πολλαῖς
1434 545 1493 581 τε
1534 545 1662 599 1:90-

1791 538 1928 597 ;usto
1962 527 2053 584 Dei
2079 523 2290 599 templo
2340 530 2696 586 simulacrum
2743 533 2955 604 erigere
2987 549 3093 587 non
3139 534 3352 603 puduit.

121 615 340 687 φητείαις
392 615 672 668 ὠνείδισεν
708 617 891 680 αὐτοῖς
913 618 1011 688 τὴν
1049 617 1328 674 ἀσέϐειαν.
1377 621 1468 673 Διὸ
1515 621 1668 674 πλεί-

1769 623 1944 692 Atque
1988 623 2116 678 hinc
2149 632 2258 688 est,
2293 623 2436 693 quod
2476 641 2571 679 eos
2602 627 2656 678 in
2691 626 2837 680 hunc
2868 627 3089 680 modum
3141 639 3238 695 per
3267 624 3356 679 Je-

121 727 246 772 σταις
275 709 471 770 αὐτοὺς
513 710 653 779 πρὸς
689 710 974 765 εὐσέὸειαν
1007 711 1274 768 ἀνακαλεῖ
1317 713 1670 786 παρακλήσε-

1791 716 1996 768 'emiam
2024 714 2287 772 Dominus
2320 716 2648 786 alloquitur:
2685 736 2704 768 ι
2741 718 2915 785 Quam
2947 718 3146 773 dilecta
3172 719 3225 771 in
3258 717 3359 771 do-

120 821 204 855 σιν.
234 802 334 854 Καὶ
359 804 386 854 ὁ
414 801 602 873 Σωτὴρ
629 802 684 856 δὲ
713 803 907 868 αὐτοὺς
939 805 1031 857 ἐπὶ
1065 809 1351 877 σωματικῇ
1382 807 1671 877 συγγενείᾳ,

119 892 424 962 φρονοῦντας
455 894 737 965 ἐξήλεγχε,
769 895 958 964 λέγων·
991 917 1008 949 ι
1030 899 1091 950 Εἰ
1114 900 1278 952 τέκνα
1303 899 1396 952 τοῦ
1420 897 1672 968 Ἀϐραὰμ

117 986 216 1058 ἦτε,
242 986 309 1040 τὰ
337 987 473 1057 ἔργα
500 988 594 1040 τοῦ
635 990 886 1059 Ἀϐραὰμ
913 991 1146 1044 ἐποιεῖτε
1177 992 1260 1046 ἄν.
1295 1010 1312 1042 ι
1357 992 1461 1044 Καὶ
1490 990 1584 1042 νῦν
1615 990 1670 1043 δὲ

118 1080 328 1149 συνεχῶς
360 1081 552 1143 αὐτοὺς
581 1085 644 1134 ἐκ
673 1081 779 1134 τῶν
812 1085 1060 1155 πατέρων
1092 1084 1280 1147 καλεῖ,
1314 1084 1413 1151 τῆς
1447 1083 1670 1135 ἐκείνων

115 1173 242 1239 ἄγων
281 1173 563 1235 εὐσεϐείας
610 1175 692 1235 είς
747 1175 994 1244 μνήμην,
1043 1175 1119 1239 ὼς
1178 1176 1243 1230 ἂν
1292 1174 1565 1236 ἀπωλείας
1598 1173 1672 1246 μὴ

120 1265 308 1327 ἑαυτοῖς
333 1281 391 1316 τε
416 1265 509 1317 καὶ
536 1267 600 1336 τῇ
637 1266 791 1318 πόλει
820 1267 1100 1334 παραίτιοι
1141 1267 1427 1336 γένωνται.
1462 1265 1595 1318 Θεὸν
1616 1265 1674 1318 δὲ

119 1356 364 1408 δείκνυσιν
395 1357 558 1409 αὐτὸν
618 1355 1086 1426 προθεσπίζοντα,
1131 1359 1232 1412 οὐκ
1270 1356 1672 1419 ἐπιδεικτικῶς,

115 1447 213 1502 ἀλλ’
237 1447 462 1516 ὠφελῶν
497 1451 540 1515 ί,
575 1449 662 1502 ἵνα
692 1449 766 1519 μὴ
804 1453 922 1510 τοῖς
953 1449 1194 1512 εἰδώλοις
1228 1449 1574 1519 ὲπιγράφωσι
1606 1448 1676 1501 τὰ

119 1540 484 1610 συμϐαίνοντα,
521 1543 613 1596 καὶ
649 1541 725 1605 ὡς
758 1542 824 1596 ἂν
852 1543 1180 1612 προγνόντες
1241 1542 1672 1612 μετανοήσωσινο

116 1634 327 1702 ἠδύνατο
347 1634 457 1706 γὰρ
480 1635 571 1687 καὶ
596 1635 816 1688 σιωπῶν
839 1633 1256 1706 τιμωρήσασθαι
1277 1633 1674 1696 Βαϐυλωνίους.

115 1729 209 1782 Καὶ
225 1729 300 1800 τῷ
317 1728 521 1800 Φαραὼ
549 1728 657 1800 γὰρ
677 1728 955 1799 προλέγων
981 1729 1269 1799 ἐπέφερεν·
1284 1749 1301 1780 ι
1318 1728 1430 1781 Ἵνα
1452 1725 1565 1796 γνῷ
1587 1725 1678 1778 τὸν

116 1819 394 1886 ἐπάγοντα.
423 1839 440 1870 ι
469 1819 645 1872 Γνῶτε
679 1815 794 1884 οὖν,
823 1813 1124 1884 ὧᾶπιστοι,
1156 1821 1343 1891 φησὶν,
1366 1820 1440 1884 ὡς
1465 1821 1563 1874 ὅσα
1587 1817 1674 1872 διὰ

1773 821 1861 859 mo
1891 821 2009 860 mea
2034 805 2161 862 fecit
2195 807 2658 862 abominationem
2686 809 2778 862 7'?
2819 827 2837 861 ι
2876 809 3115 864 Assidua
3157 808 3358 864 deinde

1775 897 2161 967 prophetarum
2199 915 2332 952 voce
2373 899 2669 968 impietatis
2711 909 3006 956 accusatos
3046 901 3258 956 crebris
3288 901 3356 955 ad

1777 988 2035 1058 pietatem
2065 987 2544 1044 exhortationibus
2576 1000 2857 1060 provocat.
2887 989 3002 1044 lmo
3033 1005 3163 1046 vero
3186 1000 3238 1045 et
3260 1006 3357 1045 eos

1776 1081 2025 1136 SaIVutor
2048 1081 2184 1149 ipse,
2203 1081 2464 1150 quoniam
2487 1083 2771 1152 sanguinis
2801 1083 3061 1138 afﬁnitate
3077 1083 3361 1152 superbie-

1776 1176 1924 1238 haut,
1961 1181 2074 1229 tum
2104 1174 2385 1245 repressit,
2419 1190 2542 1229 cum
2576 1175 2746 1230 dixit:
2795 1194 2814 1227 ι
2859 1174 2916 1231 Si
2955 1177 3047 1230 ﬁlii
3080 1175 3360 1230 Abraham

1775 1266 1993 1329 essetis,
2028 1282 2192 1336 opera
2222 1265 2458 1322 Abrahaa
2505 1265 2762 1322 faceretis
2793 1269 2892 1323 ⁷⁷.»
2933 1265 3000 1322 Et
3039 1283 3186 1323 nunc
3239 1281 3362 1322 eos-

1776 1355 1897 1412 dem
1924 1357 2124 1427 saepius
2181 1359 2249 1412 de
2302 1366 2520 1426 patrum
2571 1361 2792 1416 nomine
2842 1361 3102 1431 appellat,
3152 1368 3212 1414 ut
3252 1360 3362 1414 illis

1780 1448 2032 1518 pietatem
2065 1451 2306 1520 ipsorum
2333 1451 2390 1504 in
2424 1453 2745 1505 memoriam
2780 1459 3022 1516 revocet,
3049 1466 3117 1506 ne
3143 1451 3247 1506 sibi
3304 1459 3362 1505 et

1777 1541 1983 1606 civitati
2012 1542 2270 1597 interitus
2302 1551 2560 1599 auctores
2587 1559 2711 1598 esse
2755 1550 3007 1614 pergant,
3036 1543 3208 1599 Deum
3233 1557 3362 1597 vero

1778 1633 2024 1689 ostendit
2051 1634 2120 1688 de
2151 1649 2208 1688 se
2242 1643 2390 1699 ante,
2427 1653 2536 1690 non
2579 1636 2648 1690 ad
2681 1635 3131 1698 ostentatiooem,
3169 1635 3262 1690 sed
3293 1634 3362 1690 ad

1781 1723 2069 1777 utilitatem
2104 1724 2287 1779 futura
2321 1726 2656 1795 praedicere:
2690 1726 2886 1797 partim
2919 1726 3162 1797 quidem,
3201 1734 3260 1782 ut
3280 1742 3356 1781 rc-

1781 1832 1900 1870 rum
1940 1827 2192 1871 eventum
2249 1817 2412 1874 idolis
2460 1834 2569 1874 non
2619 1818 2934 1884 ascribant;
2995 1818 3193 1889 partim
3235 1833 3365 1873 vero

119 1912 205 1964 τῶν
227 1912 466 1982 πρόσθεν
490 1911 752 1965 ὲθέσπισα
775 1912 1090 1983 προφητῶν,
1125 1913 1198 1976 ὡς
1227 1914 1306 1976 είς
1337 1914 1502 1975 ἀκοὰς
1535 1913 1667 1965 πολ-

1791 1916 1856 1973 ιι,
1914 1906 1983 1961 de
2016 1905 2216 1963 futuris
2264 1909 2473 1974 edocti,
2536 1909 2885 1980 resipiscam.
2939 1909 3161 1965 Poterat
3216 1910 3364 1966 enim

116 2005 194 2066 λᾶς
223 2007 349 2067 τοὺς
384 2005 578 2072 λόγους
610 2005 806 2070 ἐλθεῖν,
847 2007 927 2069 εἰς
968 2006 1128 2076 ἔργον
1168 2007 1350 2076 ἐξέϐη.
1394 2006 1529 2060 Θεοῦ
1561 2008 1630 2076 γά

116 2077 264 2144 μόνου
293 2075 355 2128 τὸ
399 2076 716 2146 προλέγειν·
765 2079 860 2129 καὶ
918 2075 1095 2146 μάτην
1154 2078 1182 2129 ὁ
1235 2075 1538 2146 Μανασσῆς
1586 2079 1635 2131 δι

1776 2000 1942 2052 etiam
1982 2006 2170 2054 tacens
2224 2000 2294 2055 de
2349 1998 2677 2073 Babyloniis
2735 2002 3068 2072 supplicium
3125 2016 3364 2056 sumere.

1773 2088 1907 2144 Nam
1953 2101 2007 2144 et
2040 2089 2409 2160 Pharaonem,
2455 2111 2580 2148 cum
2626 2096 2691 2150 de
2743 2095 2948 2150 futuris
3001 2102 3272 2158 moneret,
3306 2106 3368 2150 ut

114 2166 361 2235 μαντείας
393 2167 589 2221 εἰδέναι
621 2167 912 2232 σπουδάζει
936 2167 1004 2222 τὰ
1034 2169 1296 2238 μέλλοντα
1321 2185 1334 2199 ⁸
1367 2169 1402 2223 ἃ
1450 2171 1506 2223 δὲ
1538 2187 1676 2242 προ-

1791 2195 1920 2244 tum,
1957 2183 2049 2252 qui
2106 2183 2315 2240 inducit
2361 2197 2707 2256 agnosceret,
2757 2185 2980 2256 adjecit.
3021 2187 3134 2242 Vos
3168 2185 3364 2256 igitur.

111 2259 259 2329 ἔφην,
278 2276 351 2327 φη
362 2259 466 2324 σἰν,
489 2261 535 2312 εί
559 2260 743 2331 καὶμὴ
766 2259 1116 2331 προσέδοκαςὶ
1135 2301 1149 2326 ,
1175 2261 1290 2314 ἀλλ’
1309 2257 1404 2317 οὖν
1427 2261 1682 2327 ἐξάπινα

1791 2273 1977 2340 inquit,
2007 2275 2100 2344 qui
2134 2275 2236 2333 fide
2280 2280 2503 2342 caretis,
2537 2296 2642 2340 me,
2674 2295 3021 2350 quaecunque
3063 2293 3222 2334 antea
3273 2291 3368 2348 per

112 2353 345 2420 γέγονεν.
1782 2367 2077 2436 prophetas
2107 2385 2136 2421 a
2174 2385 2262 2424 me
2306 2372 2564 2440 praedicta
2606 2372 2673 2426 ad
2713 2372 3008 2426 multorum
3048 2386 3212 2426 aures
3247 2385 3370 2440 per-

118 2459 389 2513 venerunt,
422 2463 480 2502 re
537 2447 651 2514 ipsa
679 2448 790 2518 jam
825 2449 1145 2519 prazstilisse
1185 2455 1517 2522 cognoscite.
1576 2455 1672 2511 Est
1700 2459 1846 2514 enim
1875 2461 1965 2516 Dei
2001 2472 2212 2521 tantum
2247 2465 2433 2522 futura
2468 2469 3054 2538 praedicerezquorum
3089 2467 3368 2520 notionem

123 2558 202 2610 per
231 2540 510 2610 sortilegia
534 2540 768 2608 adipisci
840 2539 1044 2597 frustra
1114 2543 1395 2601 Manasses
1467 2557 1716 2604 conatur.
1779 2551 1852 2607 Ea
1873 2571 2002 2624 ergo
2048 2573 2170 2628 qua:
2217 2561 2465 2630 praedixi.
2509 2561 2707 2631 inquit,
2749 2561 3100 2630 quantumvis
3145 2558 3372 2614 minime

128 2645 478 2705 exspectares,
508 2652 714 2705 repente
753 2645 934 2696 tamen
975 2640 1090 2695 fieri
1142 2643 1394 2713 contigit.

185 2731 442 2798 Πρότερα
469 2729 525 2782 δέ
556 2748 699 2794 τινες
722 2731 820 2802 τὴν
846 2734 1220 2803 αἰχμαλωσίαν
1247 2737 1528 2807 εἰρήκασι,
1569 2738 1686 2810 μεθ’

128 2826 180 2892 ἣν
227 2826 342 2876 ὲστι
402 2821 473 2874 τὰ
534 2825 602 2893 τῇ
656 2823 977 2895 Βαϐυλωνίᾳ
1013 2826 1298 2895 συμϐάντα
1356 2827 1526 2882 δεινά.
1600 2830 1690 2893 Ὠς

131 2922 353 2992 anu-ns?
379 2922 460 2988 δὲ,
489 2923 641 2994 φησὶ,
674 2924 765 2976 καὶ
787 2924 1125 2996 ἀναισχύντῳ
1151 2925 1458 2992 προεῖπον,
1487 2925 1691 2994 καίπερ

134 3013 277 3078 suo;
315 3014 396 3077 ὡς
431 3015 526 3066 καὶ
562 3013 734 3080 οὕτως
770 3015 1015 3082 εἰδώλοις
1047 3016 1148 3087 τὴν
1184 3017 1291 3070 τῶν
1330 3018 1686 3089 συμϐησομέ-

137 3122 212 3156 νων
239 3105 608 3170 Βαϐυλωνίοις
631 3107 959 3178 ἐπιγράψεις
993 3109 1195 3162 αἰτίαν.
1245 3109 1421 3174 Ἐπεὶ,
1447 3109 1542 3163 καὶ
1591 3109 1690 3180 τῆς

146 3197 479 3270 Ἰερουσαλὴμ
533 3197 789 3268 ἁλούσης,
837 3203 892 3254 αί
934 3200 1367 3269 περιλειφθεῖσαι
1411 3204 1685 3270 γυναῖκες,

126 3292 410 3355 κωλύοντος
473 3290 734 3363 Ἰερεμίου
783 3292 1062 3348 κατελθεῖν
1111 3295 1192 3355 είς
1234 3293 1330 3364 τὴν
1388 3293 1685 3361 Αἴγυπτον,

119 3383 485 3453 ἀνθυπέφερον
507 3401 520 3414 ·
567 3385 784 3455 Ἐπειδὴ
816 3385 1128 3455 διελίπομεν
1162 3384 1390 3438 θύουσαι
1419 3387 1485 3458 τῇ
1537 3385 1689 3456 βασι⁴

117 3475 264 3548 λίσση
291 3477 392 3529 τού
419 3476 677 3548 ούρανοῦ,
710 3478 942 3545 ἐπῆλθεν
973 3478 1056 3546 ἐφ’
1078 3480 1228 3547 ἡμᾶς
1251 3477 1431 3531 πάντα
1458 3477 1525 3531 τὰ
1548 3477 1693 3531 κακὰ

118 3568 296 3622 ταῦτα.
330 3571 425 3622 Διὸ
456 3569 552 3621 καὶ
596 3569 964 3640 δυσχεραίνων
1003 3568 1275 3640 Ἱερεμίας
1309 3569 1480 3640 φησί’
1517 3590 1536 3622 ι
1583 3570 1693 3622 Κύ-

116 3677 210 3728 ριε,
239 3661 291 3712 οἱ
320 3660 596 3730 ὀφθαλμοί
622 3678 717 3713 σου
752 3663 830 3726 εἰς
867 3661 1070 3715 πίστιν.
1131 3662 1549 3731 Ἐμαστίγωσας
1599 3662 1694 3714 αύ-

114 3750 250 3813 τοιὺς,
282 3751 384 3804 καὶ
409 3752 509 3804 οὐκ
531 3751 819 3824 ἐπόνησαν.
849 3754 1210 3816 Συνετέλεσας
1236 3754 1453 3818 αὐτοὺς,
1478 3755 1572 3807 καὶ
1592 3755 1694 3807 οὐκ

118 3844 386 3914 ἠθέλησαν
414 3843 671 3908 δέξασθαι
702 3845 968 3899 παιδείαν.
1011 3864 1030 3897 ι
1070 3846 1200 3898 Ἰδοὺ
1241 3845 1423 3900 τοίνυν
1445 3887 1458 3911 ,
1493 3847 1693 3918 καίπερ

122 3934 220 3987 iam.
254 3934 513 4004 τοιούτῳ,
547 3935 924 4007 φιλάνθρωπος
954 3935 1052 4002 ὢν,
1090 3937 1339 4008 προλέγω
1371 3939 1438 3991 τὰ
1483 3937 1693 4010 συμϐη-

129 4028 315 4094 σιίμενα
352 4029 468 4089 τοῖς
497 4029 753 4097 μέλλουσί
790 4047 849 4081 σε
887 4030 1341 4102 καταπολεμῆσαι
1380 4029 1690 4093 Χαλδαίοις,

119 4118 184 4180 ὡς
230 4122 298 4172 ἂν
351 4119 474 4172 τότε
525 4119 720 4191 βοηθὸν
755 4121 848 4174 τὸν
883 4123 1216 4192 προειπόντα
1259 4121 1565 4186 καλέσειας.
1599 4123 1690 4193 Μὴ

115 4204 202 4260 οὖν
230 4209 460 4270 ἀπάτας
509 4212 673 4264 αὐτὸν
721 4211 749 4250 ι
798 4212 988 4279 λέγων,
1019 4213 1094 4276 ὼς
1147 4213 1241 4266 καὶ
1282 4212 1388 4284 πρὸ
1431 4215 1528 4283 τῆς
1552 4216 1692 4286 ἐμῆς

117 4304 460 4374 προφητείας
485 4303 704 4358 εἴδωλὰ
720 4321 802 4357 σοι
823 4305 1183 4368 ἐνετείλατο,
1202 4305 1346 4359 τοῦτ’
1372 4305 1522 4361 ἔστιν
1544 4308 1698 4378 ἠπεί-

112 4396 311 4465 λησαν,
340 4397 372 4468 ἦ
401 4397 870 4467 προαπήγγειλαν,
898 4399 973 4461 ὡς
1006 4399 1145 4452 αὑτά
1195 4415 1255 4452 σε
1289 4398 1553 4454 κακώσει.
1601 4402 1697 4454 Διὰ

114 4488 285 4544 ταῦτα
335 4489 450 4560 γὰρ
503 4489 683 4542 πείσει
721 4489 738 4528 ι
785 4490 992 4553 κακῶς,
1023 4492 1212 4561 ὅτιπερ
1271 4493 1513 4556 ἀποστὰς
1561 4493 1695 4564 ἐμοῦ

125 4582 462 4650 προσετέθης
500 4583 703 4645 αὐτοῖς.
745 4583 889 4653 Πλὴν
911 4583 1065 4636 οὐδέν
1096 4600 1154 4637 σε
1180 4584 1240 4637 τὸ
1270 4584 1555 4656 προλέγειν
1581 4586 1697 4656 ὀνή-

1864 2737 2002 2796 Sunt
2029 2758 2156 2798 vero
2188 2745 2278 2814 qui
2313 2747 2552 2814 priorum
2615 2747 2836 2802 nomine
2870 2746 3242 2816 captivitatem
3282 2747 3371 2802 in-

1793 2833 1884 2886 nui
1919 2834 2108 2897 velint,
2157 2845 2447 2906 postquam
2493 2838 2596 2892 illae
2628 2838 2760 2908 ipsae
2802 2840 3143 2895 calamitates
3191 2841 3369 2896 conti-

1792 2937 2008 2994 gerunt,
2058 2943 2180 2998 qua:
2223 2929 2552 3001 Babylonios
2590 2939 2931 2986 mvaseruut.
2975 2931 3200 2998 Deinde,
3255 2942 3372 2988 tan-

1793 3033 1954 3085 quam
1999 3020 2065 3075 de
2102 3023 2436 3086 contumaci,
2483 3022 2708 3090 prazdiazi
2762 3025 2984 3078 verbum
3043 3025 3367 3093 usurpavit;

1793 3113 2177 3178 quantumvis,
2219 3114 2428 3183 inquit,
2479 3122 2532 3168 et
2570 3130 2763 3168 eormn
2800 3124 2852 3169 te
2902 3131 3124 3170 causam
3166 3118 3368 3181 etiam,

1795 3211 1914 3270 quae
1948 3199 2260 3272 Babyloniis
2287 3213 2552 3257 eventura
2582 3213 2785 3268 essent,
2814 3204 2975 3258 idolis
3002 3204 3370 3272 ascripturam

1795 3306 1916 3345 esse
1951 3308 2056 3344 nun
2101 3293 2456 3363 ambigerem.
2503 3292 2842 3364 Expugnatis
2891 3295 2956 3348 ad
3019 3294 3134 3348 haec
3180 3292 3372 3349 Hiero-

1793 3381 2039 3451 solymis,
2063 3397 2190 3438 cum
2220 3383 2548 3453 superstites
2575 3383 2811 3439 feminas
2846 3385 2901 3438 in
2930 3383 3228 3455 Egyptum
3265 3385 3370 3438 mi-

1792 3487 1949 3542 grare
1975 3480 2178 3528 vetaret
2216 3473 2530 3542 Jeremias;
2564 3476 2669 3531 illa:
2709 3475 2871 3548 540
2901 3486 3114 3542 contra,
3164 3494 3228 3532 et
3259 3493 3370 3548 quo

1795 3566 1992 3636 regina:
2027 3567 2149 3622 coeli
2192 3568 2506 3625 sacrificare
2541 3569 2841 3636 desierant,
2886 3570 2940 3625 in
2987 3586 3046 3626 se
3089 3572 3230 3624 mala
3265 3572 3371 3626 ista

1792 3658 1976 3710 omnia
2021 3656 2311 3713 devenisse
2355 3659 2761 3729 responderunt
2793 3678 2807 3716 :
2840 3661 2985 3717 unde
3013 3668 3070 3716 et
3101 3661 3192 3715 illa
3227 3677 3374 3733 aegre

1795 3745 2019 3803 ferentis
2056 3749 2337 3818 prophetae
2372 3751 2558 3814 verba,
2587 3768 2709 3820 qua:
2744 3754 2799 3807 in
2843 3752 2991 3807 hunc
3035 3753 3258 3808 modum
3295 3754 3374 3809 le—

1793 3841 1972 3910 gimus
2021 3859 2036 3896 :
2083 3859 2102 3894 ι
2140 3841 2390 3907 Domine,
2430 3844 2574 3900 oculi
2617 3845 2696 3899 tui
2746 3846 2803 3900 in
2853 3846 3013 3901 fidem
3064 3845 3375 3918 Flagellasti

1793 3949 1909 3994 eos,
1957 3948 2133 4003 neque
2176 3934 2582 3992 laboraverunt.
2634 3937 3041 3995 Consummasti
3094 3957 3214 4004 eos,
3272 3957 3374 3999 nec

1793 4026 2085 4081 voluerunt
2113 4027 2404 4083 admittere
2444 4028 2789 4100 disciplinam
2821 4030 2889 4088 ⁷⁸.
2932 4051 2952 4084 ι
3001 4032 3143 4090 Ecce
3182 4034 3371 4104 igitur,

1795 4120 2145 4186 quantumvis
2175 4126 2227 4174 te
2258 4121 2418 4176 talem
2465 4124 2786 4191 praebueris,
2821 4137 2922 4193 pro
2959 4139 3079 4179 mea
3112 4125 3165 4178 in
3195 4125 3374 4181 homi-

1794 4221 1895 4262 nes
1946 4207 2345 4272 benevolentia,
2386 4208 2677 4274 Chalda‘is,
2717 4210 2810 4280 qui
2851 4217 2906 4265 te
2954 4210 3098 4265 bello
3150 4228 3374 4283 supera-

1797 4299 1902 4354 turi
1945 4308 2092 4364 sunt,
2137 4301 2294 4369 longe
2319 4308 2446 4355 ante
2473 4300 2656 4355 futura
2688 4303 2953 4357 denuntio
2983 4312 3044 4356 ut
3063 4318 3188 4359 eum
3217 4312 3368 4366 tunc,

1797 4407 1826 4444 a
1859 4407 1966 4461 quo
2001 4393 2102 4447 ista
2138 4392 2232 4444 tibi
2269 4393 2527 4462 prmdicm
2572 4403 2719 4457 sunt,
2768 4396 2821 4449 in
2869 4397 3132 4450 auxilium
3175 4411 3373 4451 vocare

1796 4485 2130 4540 memineris.
2158 4485 2289 4539 Vide
2319 4486 2503 4554 itaque
2525 4503 2590 4540 ne
2621 4487 2932 4556 decipiaris,
2957 4489 3053 4544 tibi
3087 4490 3191 4544 ista
3218 4492 3373 4562 prius

1797 4579 2142 4650 idola,quam
2176 4595 2263 4634 me
2294 4582 2577 4634 mandasse
2602 4597 2622 4646 ;
2652 4581 2705 4634 id
2737 4589 2822 4636 est
2843 4583 2925 4637 vel
2952 4583 3201 4637 minitata
3226 4600 3371 4647 esse.

128 4687 281 4726 σειεν.
325 4675 412 4726 Οὐ
441 4673 641 4742 γνώσῃ
671 4672 799 4743 γὰρ,
817 4673 962 4728 τοῦτ’
993 4675 1161 4740 ἐστιν,
1196 4674 1255 4726 οὐ
1295 4677 1499 4748 γενήσῃ
1541 4677 1684 4746 σοφὸς

1803 4672 1886 4726 vel
1922 4671 2261 4742 praedixisse,
2294 4681 2351 4726 ut
2388 4683 2440 4727 te
2468 4685 2753 4739 vexarent,
2784 4674 3041 4732 all'erens.
3066 4675 3194 4732 Ideo
3225 4678 3372 4732 enim

114 4771 178 4839 τῇ
219 4769 364 4837 πρὸς
393 4769 456 4821 τὸ
481 4773 725 4838 κρεῖττον
758 4770 1028 4840 μεταϐολῇ
1059 4811 1074 4836 ,
1122 4770 1198 4843 μὴ
1236 4771 1543 4844 περιμένων
1587 4771 1697 4826 τῶν

110 4875 196 4910 σοι
226 4859 752 4928 προαπειλουμένων
792 4860 854 4913 τὸ
899 4861 1072 4922 τέλος.
1109 4861 1400 4916 Ἀκουστά
1457 4879 1538 4914 σοι
1586 4879 1699 4915 τοι·

107 4949 327 5017 γαροῦν
368 4950 630 5018 ἐποίησα
645 4952 716 5004 τὰ
739 4951 934 5007 καινά.
965 4953 1153 5006 Καινὰ
1187 4953 1298 5022 γὰρ
1334 4949 1422 5025 ἦν,
1458 4954 1564 5025 πρὸ
1600 4952 1695 5007 τοῦ

107 5041 381 5107 γενέσθαι
429 5042 717 5114 λεγόμενα.
781 5046 1009 5116 Πάσχων
1069 5046 1249 5100 τοίνυν
1295 5048 1372 5117 μὴ
1401 5047 1584 5121 λέξῃς,
1620 5048 1697 5111 ὡς

109 5134 258 5202 Πρὶν
322 5135 512 5189 παθεῖν
566 5137 667 5190 οὐκ
721 5137 974 5206 ἀκήκοα,
1004 5139 1205 5210 ἤγουν,
1263 5140 1346 5193 ὅτι
1386 5142 1699 5210 Προέγνων

112 5228 243 5296 μὲν,
277 5227 396 5280 ἀλλ’
427 5229 485 5295 ἐξ
513 5228 776 5282 εἰδώλων
811 5231 1016 5300 μαθών.
1049 5232 1124 5285 Οὐ
1167 5233 1274 5304 γὰρ
1318 5233 1505 5302 ἔγνως
1545 5233 1698 5286 οὐδὲν

111 5319 254 5386 πρὶν
293 5320 395 5387 ἐμὲ
431 5319 612 5388 λέγειν
647 5322 818 5374 αὐτα·
853 5324 915 5375 οὐ
949 5324 1058 5392 γὰρ
1091 5325 1367 5396 πεποίηκά
1413 5342 1494 5377 σοι
1540 5324 1700 5378 τοῦτο

113 5409 255 5480 παρ’
297 5410 486 5480 ἑτέρου
532 5413 825 5480 γνωστόν.
875 5414 1007 5467 Ἰδοὺ
1045 5415 1102 5468 δέ
1136 5433 1197 5468 σε
1247 5414 1398 5468 καλῶ
1443 5416 1539 5470 καὶ
1570 5418 1698 5488 πρὶν

117 5500 816 5572 ἂπειθῆσαιπαρὰνομον.
843 5504 917 5558 Δι’
945 5504 1080 5558 αὐτὸ
1108 5507 1218 5578 γάρ
1251 5524 1309 5560 σε
1357 5508 1450 5560 καὶ
1501 5507 1696 5577 φθάσει

193 5641 247 5670 ⁷⁸
278 5637 484 5696 Jercm.
513 5657 589 5706 ιι,
620 5641 709 5696 l5.
785 5642 830 5674 "
855 5641 1015 5698 Joan.
1041 5659 1159 5709 van,
1184 5643 1275 5700 59.

1803 4764 1941 4820 male
1978 4766 2290 4835 excipieris,
2336 4767 2482 4835 quod
2521 4783 2608 4821 me
2636 4767 2897 4823 derelicto
2933 4768 3001 4822 ad
3029 4785 3094 4824 ea
3134 4773 3372 4824 transie-

1800 4857 1897 4912 ris.
1949 4854 2135 4926 Neque
2178 4865 2360 4909 tamen
2393 4858 2493 4912 tibi
2527 4857 2823 4928 quidquam
2857 4859 3140 4927 profutura
3169 4866 3255 4914 est
3297 4859 3377 4912 fu-

1803 4957 2048 5004 turorum
2081 4950 2378 5018 praedictio.
2417 4949 2544 5004 Non
2572 4952 2715 5005 enim
2749 4967 3069 5022 cognosces;
3111 4966 3175 5004 ac
3210 4953 3255 5006 si
3288 4953 3374 5004 di-

1800 5046 1949 5093 ceret
1978 5057 1991 5092 :
2023 5038 2142 5094 Non
2183 5041 2403 5110 sapiens
2444 5041 2540 5096 fles
2570 5043 2687 5112 ipsa
2739 5043 3036 5096 mutatione
3066 5042 3120 5095 in
3153 5041 3374 5102 melius,

1804 5132 1897 5202 qui
1931 5132 2142 5186 tristem
2179 5148 2362 5186 rerum
2407 5133 2640 5197 exitum,
2687 5149 2808 5203 quae
2855 5133 2948 5187 tibi
3005 5133 3375 5204 praedicuntur

1803 5239 1910 5277 non
1940 5232 2245 5294 exspectes.
2283 5223 2482 5276 Audita
2513 5226 2697 5294 itaque
2744 5225 2845 5292 feci
2887 5226 2984 5278 tibi
3024 5243 3178 5280 nova.
3219 5223 3374 5278 Nova

1803 5318 1946 5372 enim
1995 5324 2174 5378 erant,
2221 5331 2344 5387 qua:
2384 5324 2511 5372 ante
2551 5318 2897 5379 dicebantur,
2948 5333 3110 5388 quam
3163 5318 3374 5374 flerent.

1802 5410 1938 5465 Cum
1968 5426 2097 5480 ergo
2122 5411 2366 5480 patieris,
2391 5427 2457 5465 ne
2475 5420 2526 5466 te
2549 5411 2701 5481 prius
2721 5427 2828 5465 non
2850 5411 3116 5465 audivisse
3133 5410 3371 5473 dixeris;

1807 5505 1888 5559 vel
1937 5504 1982 5558 si
2033 5505 2309 5572 prwscisse
2350 5506 2531 5568 dicas,
2584 5504 2654 5560 ab
2701 5503 2859 5558 idolis
2907 5504 3185 5558 didicisse.
3229 5502 3373 5557 Mhil

1365 5645 1411 5678 ⁷⁸
1428 5644 1628 5701 Jerem.
1664 5661 1811 5708 μιν,
1845 5645 1931 5699 l0.

1421 5761 1649 5817 VARle
1680 5759 2088 5817 LECTIONES.

226 5875 244 5914 ί
285 5895 376 5947 γρ.
405 5877 718 5949 ὠφελίμως.
797 5881 810 5929 t
853 5897 946 5949 γρ.
979 5879 1336 5955 προσεδόκας.
1417 5881 1442 5920 ¹ί
1475 5897 1563 5950 γρ.
1589 5879 1771 5935 ἀπάτα
1800 5879 2014 5935 σαυτόν.
2061 5885 2063 5888 ’
2101 5883 2114 5924 ι
2149 5896 2237 5949 γρ.
2262 5877 2448 5950 πείσῃ.
