3998 6390
662 377 798 445 4451
1961 385 2317 446 PROCOPII
2358 386 2601 454 GAZJSI
3742 397 3853 461 2ίῖιὲ

662 492 809 545 enim
843 494 1066 548 omnino
1106 494 1427 565 priusquam
1458 498 1853 565 renuntiarent,
1885 514 2241 567 cugnoveras;

2273 510 2316 564 Α
2344 499 2454 552 τῶν
2481 496 2903 571 προρρηθέντων
2934 498 2994 550 τὸ
3018 497 3191 565 τέλος,
3218 497 3290 562 ὡς
3320 502 3383 553 ὲκ
3413 502 3658 571 γενέσεως
3687 508 3736 560 ὲν
3758 512 3852 568 dae.

667 600 845 654 neque
887 587 979 642 tibi
1012 587 1159 643 istud
1193 602 1294 657 ego
1333 588 1564 643 aliorum
1593 605 1758 661 opera
1804 593 2073 662 cognitum
2112 605 2237 645 esse

1212 602 1294 657 ego
1333 588 1564 643 aliorum
1593 605 1758 661 opera
1804 593 2073 662 cognitum
2112 605 2237 645 esse
2344 590 2467 661 ϐείᾳ
2495 591 2791 660 τραφέντα.

664 677 838 733 volui.
872 678 988 734 lmo
1021 695 1145 735 esse
1179 689 1230 735 te
1252 680 1438 746 etiam,
1472 682 1795 752 priusquam
1859 698 1891 737 a
1957 684 2062 737 llde
2126 682 2410 752 contingat
2484 684 2763 746 recedere,
2807 682 3043 751 iniquum
3084 686 3409 751 praenuntia.
3451 685 3533 740 Ub
3575 687 3625 742 id
3664 692 3787 748 enim
3816 708 3857 753 te

666 786 873 836 rerum,
896 788 1017 842 qua:
1043 772 1316 843 praedicta:
1360 781 1510 839 sunt,
1539 778 1721 830 exitus
1745 775 1907 828 etiam
1971 781 2294 840 antevertet,
2371 773 2516 843 quod
2582 790 2611 826 a
2683 775 2958 830 natalibus
3018 776 3155 844 ipsis
3201 776 3256 829 in
3328 777 3596 847 impietate
3644 785 3855 845 educatus

662 878 758 918 SIS.

735 977 831 1032 Est
871 978 1037 1048 igitur
1080 979 1150 1033 ab
1201 980 1543 1035 humanitate
1593 981 1839 1050 profecta
1883 997 2236 1052 rerum,qu:e

2416 978 2625 1034 Οὐκοῦν
2653 979 2741 1033 διὰ
2778 978 3188 1050 φιλανθρωπίαν
3230 980 3337 1035 τῶν
3373 982 3459 1035 σοὶ
3490 987 3853 1058 συμϐησομένων

662 1070 759 1128 tibi
797 1083 1076 1126 eventura:
1102 1078 1254 1135 sunt,
1303 1071 1608 1142 praedictio.
1659 1072 1795 1125 Nam
1834 1080 1889 1127 et
1926 1081 1979 1126 te
2006 1087 2131 1127 cum
2178 1072 2234 1128 in

2346 1075 2379 1143 ἠ
2410 1072 2736 1145 πρόρρησις.
2780 1073 2891 1126 Καὶ
2920 1072 3249 1143 παραδιδούς
3274 1092 3334 1128 σε
3373 1076 3504 1147 γὰρ,
3549 1079 3633 1131 ἐπ’
3671 1082 3852 1152 ὠφελείᾳ

661 1165 904 1222 hostium
956 1172 1281 1234 potestatem
1333 1163 1557 1227 tradidi,
1611 1163 1665 1216 id
1717 1179 1935 1233 quoque
1980 1165 2036 1217 in
2085 1172 2235 1218 tuam

2345 1165 2659 1238 παρέδωκα,
2709 1166 2810 1236 οὐχ
2863 1167 2938 1229 ὡς
2967 1167 3033 1219 ἂν
3079 1183 3168 1230 τις
3194 1168 3335 1239 ἀνὴρ
3362 1171 3499 1240 πρδς
3549 1171 3672 1227 ῐδιον

662 1274 775 1315 rem
813 1258 917 1314 feci
961 1274 976 1312 :
1010 1273 1121 1313 non
1151 1273 1262 1328 quo
1296 1273 1448 1313 more
1471 1258 1669 1321 solent,
1690 1258 1783 1327 qui
1818 1265 1886 1311 ad
1925 1272 2078 1312 suam
2116 1266 2237 1311 tan-

2343 1258 2506 1331 ὁρῶν.
2540 1258 2793 1312 Παιδεύει
2823 1259 2931 1329 γὰρ
2954 1258 3065 1313 ἔσθ’
3085 1260 3176 1313 ὅτε
3199 1260 3395 1327 πάθος,
3426 1261 3487 1315 ὃν
3508 1265 3604 1317 οὐκ
3627 1266 3855 1326 ἐπαίδευσε

661 1361 778 1407 tum
810 1350 1096 1405 utilitatem
1139 1350 1462 1439 respiciunt.
1496 1348 1633 1403 Eum
1654 1350 1796 1405 enim
1830 1363 2072 1418 persaepe
2096 1348 2236 1403 solet

2345 1352 2521 1421 λόγος.
2555 1351 2631 1406 Δι’
2666 1351 2779 1404 ὅσοι
2808 1362 2849 1389 ιι
2878 1354 2971 1404 καὶ
3018 1351 3127 1405 τῶν
3171 1353 3446 1423 πολεμίων
3495 1356 3591 1420 τὰς
3630 1363 3857 1431 συμφορὰς

661 1444 884 1500 erudire
908 1445 1160 1507 afﬂictio,
1205 1444 1294 1498 cui
1328 1443 1466 1498 nihil
1496 1444 1562 1497 ad
1588 1443 2025 1511 resipiscentiam
2058 1444 2237 1497 oratio

2343 1441 2729 1513 προηγόρευσα
2749 1480 2764 1504 ,
2812 1442 3150 1512 πανταχόθεν
3188 1446 3534 1515 ἐπιστρέφων
3561 1486 3576 1507 ,
3601 1449 3798 1519 ἀπειλῆς
3820 1464 3855 1521 ιι,

660 1539 887 1610 profuit.
925 1540 1104 1608 Atque
1143 1538 1267 1592 hinc
1313 1544 1417 1600 est,
1450 1537 1546 1601 ait,
1574 1536 1720 1605 quod
1753 1536 1992 1592 hostium
2019 1535 2115 1590 tibi
2143 1551 2238 1590 ea-

2346 1535 2642 1605 καὶιρόϐῳ,
2689 1534 2783 1588 καὶ
2827 1534 3035 1598 πάθους
3080 1536 3270 1608 πείρᾳ,
3299 1538 3396 1589 καὶ
3418 1536 3638 1607 δυνάμει
3670 1558 3855 1612 προαγο-

662 1632 934 1686 lamitates
982 1629 1245 1700 praedixi;
1282 1637 1340 1681 ut
1376 1628 1621 1698 undique
1646 1629 1713 1681 ad
1745 1628 1953 1698 frugem
2005 1637 2057 1683 te
2089 1643 2241 1683 revou

2347 1628 2607 1697 ρεύσεως,
2633 1629 2700 1699 τῇ
2726 1628 2854 1698 περὶ
2879 1628 2938 1682 σὲ
2971 1628 3361 1702 φιλανθρωπίᾳ
3388 1629 3449 1683 σὲ
3469 1647 3527 1682 τε
3574 1631 3719 1685 πάλιν
3744 1634 3855 1689 ἐλευ-

661 1738 867 1789 carern,
917 1723 1245 1787 minitando,
1301 1734 1612 1788 metumque
1675 1730 1730 1774 et
1778 1719 2021 1773 dolorem
2082 1719 2238 1773 incu-

2346 1720 2541 1790 θερῶν,
2593 1723 2690 1774 καὶ
2738 1722 2864 1786 τοὺς
2896 1721 3129 1793 ἐχθροὺς
3157 1720 3591 1794 τιμωρούμενος,
3624 1726 3708 1777 καὶ
3745 1737 3778 1791 ⁸,
3801 1729 3856 1783 ὅτι

659 1814 870 1879 tiendo,
895 1812 1082 1868 futura
1111 1813 1280 1867 etiam
1306 1809 1681 1882 praedicendo;
1718 1811 1772 1862 in
1810 1809 2114 1864 libertatem
2144 1809 2238 1864 de«

2338 1815 2438 1882 τὴν
2474 1815 2613 1882 ἐμὴν
2639 1814 3029 1885 ἐϐλασφήμουν
3057 1813 3312 1886 θεότητα,
3356 1813 3458 1885 τὴν
3499 1815 3615 1868 καθ’
3647 1816 3777 1887 ὑμῶν
3802 1823 3858 1874 νί-

663 1906 864 1975 nique,
902 1903 997 1974 qui
1039 1918 1194 1958 meus
1228 1913 1315 1957 est
1370 1902 1423 1956 in
1481 1908 1533 1956 te
1576 1916 1732 1955 amor
1763 1898 2084 1963 assereudo,
2140 1899 2242 1953 ho-

2341 1921 2445 1972 xqv
2477 1906 2591 1965 τοῖς
2619 1902 2771 1966 ίδίοις
2801 1903 2945 1966 θεοῖς
2974 1905 3398 1975 ἐπιγράφοντες,
3443 1915 3471 1955 P
3499 1906 3597 1974 τὴν
3624 1905 3708 1961 τοῦ
3744 1909 3860 1975 ὄντος

662 2008 886 2069 stesque
916 1998 1265 2060 ulciscendo;
1294 1997 1385 2065 qui
1419 1995 1472 2048 in
1506 2009 1681 2049 meam
1717 1993 2061 2048 divinitatem
2095 1992 2241 2047 blas-

2280 2066 2301 2069 _
2342 1995 2469 2063 τοῒς
2500 1997 2603 2051 οὐκ
2625 1992 2745 2050 οὖσι
2776 1984 3126 2068 χαριζόμενοι
3150 1996 3363 2062 δόξαν.
3401 1997 3659 2066 ιιάμινον
3680 1999 3859 2055 6km»-

662 2091 1045 2161 phemi,quam
1072 2090 1141 2143 de
1163 2089 1317 2143 vobis
1341 2088 1520 2157 adepti
1543 2094 1673 2142 sunt
1690 2085 1975 2140 victoriam
1993 2086 2098 2139 diis
2124 2084 2241 2139 suis

2277 2066 2319 2124 B
2347 2090 2538 2160 χείας,
2563 2090 2655 2143 τὸν
2695 2066 2862 2143 τόπον
2901 2090 3004 2159 τῆς
3043 2089 3289 2153 δουλείας
3319 2090 3612 2156 ἐκάλεσεν.
3645 2091 3691 2143 ὲν
3722 2086 3856 2160 «iter;

662 2184 975 2247 ascribunt;
1023 2192 1077 2236 et
1105 2183 1224 2251 ejus
1272 2180 1429 2252 55.1
1463 2180 1557 2251 qui
1593 2189 1697 2243 est,
1737 2179 1964 2247 gloriam
2025 2180 2114 2245 iis,
2145 2180 2239 2249 qui

2347 2181 2689 2236 δουλεύουσιν
2711 2182 2805 2236 καὶ
2836 2184 3169 2251 πτωχεύειν
3195 2182 3435 2251 ἀνάγκη.
3466 2182 3544 2235 Δι’
3571 2175 3641 2235 ὦν
3658 2182 3701 2235 δὲ
3724 2184 3852 2250 λέγει,

662 2293 771 2331 non
809 2286 958 2339 sunt,
1001 2277 1300 2345 indulgmt.
1351 2273 1645 2328 Fornacem
1678 2281 1858 2328 autem
1887 2275 2238 2344 paupertatis,

2349 2274 2623 2329 δείκνυσι
2674 2272 2768 2326 τὸν
2809 2272 3022 2344 Ἰσραὴλ
3070 2273 3262 2327 ἑαυτὸν
3300 2273 3645 2343 πεπρακότα.
3668 2274 3757 2326 ἀντ’
3783 2274 3860 2340 ἀρ-

664 2373 951 2426 servitutis
991 2373 1171 2425 locum
1206 2370 1463 2439 appellat,
1503 2369 1559 2421 in
1594 2384 1705 2437 quo
1742 2382 1857 2433 eos,
1890 2367 1982 2438 qui
2023 2367 2090 2421 ad
2120 2381 2239 2421 eam

2351 2367 2557 2436 τυρίον
2584 2365 2683 2429 τὰς
2708 2364 2905 2418 ἑαυτοῦ
2936 2364 3240 2436 προέμενον
3268 2364 3569 2437 ἁμαρτίας.
3599 2365 3667 2418 Οὐ
3690 2365 3745 2418 δι’
3761 2366 3862 2435 ἐμὴν

663 2466 841 2519 adacti
916 2474 1066 2529 sunt,
1120 2464 1284 2519 etiam
1338 2463 1637 2517 mendicare
1700 2476 1926 2516 necesse
1984 2459 2076 2515 sit.
2143 2460 2242 2513 His

2349 2459 2459 2528 γὰρ
2487 2457 2779 2527 ὑπομένεις
2823 2456 3109 2510 ἀσθένειαν
3145 2456 3239 2511 τοῦ
3272 2456 3347 2511 τὰ
3389 2458 3450 2510 ὲν
3492 2456 3731 2524 Αἰγύπτῳ
3765 2455 3858 2527 πρὶς

662 2560 861 2615 deinde
887 2559 1067 2613 verbis
1091 2559 1334 2627 seipsum
1356 2556 1608 2612 Israelem
1639 2554 1933 2608 vendidisse
1959 2554 2114 2619 dicit,
2145 2553 2239 2622 qui

2347 2551 2445 2621 τὴν
2473 2550 2571 2620 σὴν
2591 2548 2904 2619 ἐλευθερίαν
2920 2550 3198 2621 δραματου
3207 2552 3537 2622 ργήσαντος.
3554 2551 3666 2614 Πῶς
3689 2550 3737 2605 δὲ
3752 2548 3861 2619 λέγει

664 2655 717 2705 in
752 2652 958 2722 argenti
994 2651 1173 2704 locum
1216 2665 1315 2704 sua
1349 2650 1464 2718 ipse
1496 2656 1717 2717 peccata
1753 2648 2107 2702 concesserit.
2134 2643 2242 2699 Ne-

2348 2641 2762 2710 πεποιηκέναι,
2790 2642 2932 2696 καθά
2988 2643 3120 2710 φασί
3146 2661 3315 2708 τινες,
3350 2644 3548 2708 καινὰ,
3571 2645 3659 2698 τοῦ
3698 2645 3864 2716 Ἐκκλη-

663 2761 772 2814 que
801 2747 971 2803 enim.
1000 2744 1197 2809 inquit,
1221 2753 1442 2813 propter
1488 2742 1682 2801 virium
1711 2757 1954 2796 mearum
1992 2740 2239 2795 imbecilo

2351 2731 2976 2807 σιασ[τικ]οῦ’λέγοντος,
3004 2736 3115 2788 Καὶ
3150 2734 3301 2788 οὐδὲν
3348 2737 3569 2803 καινόν;
3590 2736 3658 2788 Τὸ
3682 2737 3863 2808 Χριστοῦ

664 2838 871 2889 litatem
921 2835 1207 2904 prolueris,
1246 2834 1340 2903 qui
1373 2847 1495 2903 qua:
1530 2834 1585 2886 in
1622 2831 1857 2903 Egypto
1888 2842 2039 2902 gesta
2090 2843 2239 2895 sunt,

2348 2829 2525 2882 τοίνυν
2551 2827 2700 2894 λέγει
2739 2828 3039 2898 μυστήριον
3073 2827 3258 2899 μεῖξον
3293 2827 3398 2898 τῆς
3428 2829 3698 2899 ὁρωμένης
3735 2829 3867 2901 ὑπάρ-

662 2933 717 2984 in
749 2938 900 2983 tuam
932 2929 1234 2983 libertatem
1268 2926 1622 2997 patraverim.
1660 2924 1767 2980 Sed
1803 2933 2059 2992 quzerunt
2098 2939 2241 2979 non-

2349 2936 2443 2989 χον
2470 2918 2717 2982 κτίσεως,
2754 2918 2783 2971 ὃ
2808 2918 2905 2971 καὶ
2936 2920 3440 2989 ἀποκεκρυμμένον
3466 2922 3495 2973 ό
3520 2918 3715 2982 Παῦλος
3734 2919 3866 2973 καλεῖ.

663 3024 823 3090 nulli,
855 3023 950 3093 qui
985 3038 1045 3077 se
1074 3038 1208 3075 nova
1230 3021 1418 3090 fecisse
1440 3028 1671 3079 asserat,
1692 3036 1837 3082 cum,
1878 3017 2108 3073 docente
2138 3017 2242 3071 Ec-

2352 3014 2445 3068 Διό
2469 3029 2651 3084 φησιν.
2680 3014 2829 3066 Οὔτε
2853 3012 2921 3075 ἐξ
2946 3011 3136 3082 ἀρχῆς
3170 3012 3390 3081 ἥνοιξά
3413 3026 3530 3067 σου
3554 3012 3621 3066 τὰ
3644 3008 3765 3067 ὦτα.
3782 3012 3870 3066 Τῶν

663 3116 940 3180 clesiaste,
960 3113 1095 3168 nihil
1132 3127 1334 3168 novum
1364 3093 1467 3171 sub
1496 3113 1638 3165 (σξιο
1667 3110 1737 3164 sit
1760 3110 1828 3163 ⁷⁸.
1847 3108 2055 3163 Christi
2078 3108 2242 3179 igitur

2349 3109 2458 3180 γὰρ
2504 3106 2820 3162 ἀποστόλων
2882 3106 3116 3177 Χριστὸς
3164 3106 3376 3174 ἤνοιξε
3410 3106 3485 3160 τὰ
3538 3102 3653 3160 ὦτα
3680 3106 3794 3175 πρὸς
3829 3104 3871 3158 τὸ

666 3209 1012 3280 mysterium,
1077 3206 1234 3275 longe
1275 3221 1362 3266 ea,
1389 3219 1513 3275 quae
1545 3205 1814 3266 cernitur,
1845 3209 2100 3258 creatura
2129 3217 2244 3255 ma-

2352 3201 2593 3254 συνιέναι
2622 3197 2986 3269 τὰςΤραφάς.
3028 3198 3330 3266 Ἀνοίγεται
3364 3197 3423 3251 δὲ
3454 3199 3524 3252 τὰ
3550 3192 3676 3260 ὦτα,
3704 3198 3779 3250 ὅτε
3805 3197 3871 3249 καὶ

661 3304 773 3371 jus,
799 3301 945 3372 quod
979 3317 1006 3353 a
1032 3300 1197 3354 Paulo
1225 3300 1389 3353 etiam
1416 3296 1798 3353 absconditum
1833 3294 2148 3350 nominatur
2172 3294 2240 3357 '°,

2352 3292 2493 3355 νοῦς.
2525 3292 2601 3345 Ού
2623 3289 2734 3361 γὰρ
2769 3291 2946 3360 μάτην
2977 3290 3185 3345 ἀκούει.
3215 3290 3448 3360 Ἕγνων
3466 3290 3595 3362 γὰρ,
3626 3292 3787 3360 φησιν,
3810 3289 3869 3342 ὅτι

666 3394 956 3450 intellexit.
982 3393 1219 3462 Indeque
1258 3390 1423 3454 verba
1464 3389 1590 3454 ista,
1623 3405 1783 3458 neque
1817 3389 1882 3441 ab
1913 3388 2066 3440 initio
2088 3403 2244 3441 aures

2294 3432 2314 3452 η
2352 3383 2684 3450 ἀθετήσεις,
2716 3382 2796 3436 διὸ
2821 3383 2915 3436 καὶ
2937 3382 3168 3454 ἔκρυψα,
3197 3383 3297 3438 καί
3340 3382 3569 3454 ἄνομος
3605 3384 3670 3437 ἐκ
3694 3382 3873 3446 κοιλίας

666 3496 790 3542 tuas
830 3486 1037 3556 aperui.
1072 3483 1342 3548 adiunxit.
1377 3480 1656 3551 Apostolis
1693 3479 1862 3542 enim,
1905 3487 1963 3533 ut
1994 3478 2245 3546 Scriptu-

2295 3472 2316 3489 ‘
2353 3475 2671 3546 κληθήσῃ·
2722 3472 2943 3546 δηλαδὴ,
2980 3478 3046 3546 τῇ
3097 3476 3432 3547 προγνώσει.
3474 3477 3655 3542 Οὕτως
3692 3478 3874 3547 ἀπηλλο-

666 3596 758 3633 ras
788 3578 1176 3648 intelligerent,
1204 3590 1359 3628 aures
1390 3572 1644 3628 Christus
1695 3571 1899 3640 aperuit
1934 3585 1952 3622 :
1986 3583 2106 3639 qua:
2132 3577 2245 3622 tum

2351 3567 2664 3638 τριὼθησαν
2690 3568 2740 3621 ot
2772 3567 3086 3638 ἁμαρτωλοὶ
3116 3568 3223 3621 ἀπὸ
3251 3570 3494 3641 μήτρας.
3523 3569 3745 3634 Ἐπαθες
3768 3569 3805 3621 δ’
3826 3568 3875 3622 ἄν

667 3672 887 3728 demum
942 3669 1103 3724 nobis
1143 3668 1500 3737 aperiuntur,
1551 3680 1674 3719 cum
1716 3672 1770 3716 et
1807 3677 1962 3716 mens
2006 3661 2146 3732 ipsa,
2192 3666 2246 3713 ut

2354 3659 2448 3710 καὶ
2483 3656 2880 3729 πανωλεθρίαν,
2911 3657 3028 3711 ἀνθ’
3055 3650 3129 3710 ὧν
3150 3675 3270 3727 μου
3297 3661 3417 3726 τὴν
3441 3659 3627 3725 δόξαν
3661 3658 3874 3728 ἀνέθηκας

668 3764 873 3819 frustra
899 3779 1007 3817 non
1042 3761 1288 3823 audiant,
1324 3768 1620 3815 reseratur.
1663 3756 1891 3817 Deinde,
1927 3755 2046 3808 novi
2081 3755 2244 3816 enim,

2352 3749 2624 3820 δαίμοσιν,
2651 3749 2699 3801 εί
2722 3749 2798 3818 μὴ
2828 3749 2896 3801 δι’
2923 3750 3093 3819 αὐτήν
3115 3767 3235 3818 μου
3261 3748 3381 3818 τὴν
3400 3750 3592 3816 δόξαν
3621 3748 3875 3821 φανησομέ-

668 3856 868 3925 iuquit,
904 3856 1043 3924 quod
1072 3851 1530 3922 praetoricaberis,
1578 3851 1808 3919 ideoque
1856 3847 2163 3911 occultavi,
2199 3853 2247 3899 et

1660 3864 1808 3919 :oque
1856 3847 2163 3911 occultavi,
2199 3853 2250 3899 et
2354 3859 2454 3912 νην
2481 3842 2575 3894 ἐπὶ
2614 3841 2859 3913 σωτηρίᾳ
2890 3840 2984 3894 τοῦ
3011 3841 3239 3912 κόσμου.

671 3956 884 4024 iniquus
922 3967 988 4005 ea:
1025 3961 1175 4004 utero
1226 3949 1537 4009 vocaberis;
1582 3945 1922 4016 prmnotione
1967 3942 2249 3997 nimirum.
2289 3938 2408 4005 Quo
2489 3937 2651 3992 modo
2703 3938 2920 3992 alienati
2968 3948 3120 4001 sunt,
3170 3938 3261 4006 qui
3310 3954 3341 3991 a
3393 3940 3551 3994 vulva
3619 3946 3876 4009 peccatores

672 4049 1031 4109 exsistunt“.
1069 4048 1194 4101 ldeo
1227 4058 1407 4100 autem
1441 4045 1660 4115 penitus
1694 4042 1857 4096 etiam
1909 4039 2241 4100 interiisses,
2281 4036 2423 4106 quod
2459 4034 2691 4105 gloriam
2722 4050 2894 4087 meam
2941 4033 3281 4090 daemonibus
3308 4035 3633 4099 attribuisti,
3696 4031 3786 4088 nisi
3838 4037 3877 4084 et

672 4150 791 4219 ipsa
831 4158 903 4211 te,
948 4162 1068 4216 quae
1102 4145 1155 4198 in
1192 4141 1377 4196 mundi
1412 4142 1643 4197 salutem
1670 4143 1963 4208 operatura
1995 4144 2099 4201 est,
2130 4133 2303 4203 gloria
2334 4148 2449 4185 mea
2476 4131 2781 4185 liberasset.

745 4257 905 4331 542
924 4254 1290 4310 Vens.12-22.
1310 4252 1451 4305 Audi
1471 4266 1570 4316 me,
1596 4248 1784 4312 Iacob,
1808 4258 1858 4302 et
1878 4246 2070 4307 Israel,
2093 4261 2243 4310 quem

2425 4242 2609 4313 ιβ-κβ’.
2639 4241 2858 4297 Ἀκουέ
2885 4259 3003 4310 μου
3039 4282 3054 4308 ,
3104 4240 3340 4307 Ἰακὼβ,
3404 4241 3507 4296 καί
3553 4237 3789 4308 Ἰσραὴλ,
3830 4234 3880 4287 ὃν

672 4371 765 4423 ego
795 4368 938 4406 voco.
984 4347 1093 4420 Ego
1126 4364 1242 4402 sum
1274 4348 1497 4415 primus,
1528 4355 1575 4397 et
1605 4360 1695 4413 ego
1723 4360 1838 4395 sum
1877 4342 1930 4394 in
1970 4339 2244 4407 sempiter-

2347 4337 2462 4408 ἐγὼ
2500 4334 2683 4392 καλῶ.
2725 4333 2869 4404 Ἐγώ
2910 4337 3027 4402 ειμι
3060 4332 3327 4402 πρῶτος,
3387 4335 3491 4387 καί
3533 4331 3644 4402 ἐγώ
3678 4332 3776 4398 sint
3818 4327 3877 4423 εἰς

674 4462 822 4508 num,
867 4454 917 4498 et
968 4458 1158 4496 manus
1200 4456 1317 4491 mea
1366 4436 1609 4504 [undavit
1664 4443 1879 4497 terram,
1941 4441 1989 4484 et
2026 4430 2246 4485 dextera

2350 4425 2457 4478 τὸν
2484 4422 2687 4478 αἰῶνα.
2729 4421 2838 4475 Καί
2869 4422 2924 4490 ήῙ
2950 4421 3080 4490 χείρ
3114 4439 3234 4490 μου
3262 4421 3621 4491 ἐθεμελίωσε
3661 4417 3781 4488 τῆν,
3809 4412 3877 4465 καὶ

674 4556 792 4593 mea
824 4536 1083 4591 stabilivit
1114 4535 1321 4587 caelum.
1358 4529 1495 4583 Vaco
1524 4546 1633 4594 eos,
1670 4538 1720 4583 et
1754 4534 1968 4581 stabunt
1999 4524 2178 4590 simul,
2199 4533 2250 4577 et

2352 4518 2389 4583 ἠ
2439 4514 2607 4579 δεξιά
2652 4533 2772 4585 μου
2821 4513 3150 4581 ἐστερέωσε
3188 4513 3297 4567 τὸν
3349 4513 3632 4581 οὐρανόν.
3686 4505 3878 4564 Καλέσω

677 4628 1133 4699 congregabantur
1160 4642 1360 4686 omnes,
1382 4631 1432 4678 et
1457 4621 1695 4688 audient,
1731 4629 1837 4677 etc.

2354 4609 2597 4673 αὐτοὺς,
2626 4606 2727 4660 καί
2771 4606 3103 4672 στήσονται
3136 4604 3279 4674 ἅμα,
3318 4603 3418 4658 καί
3445 4600 3878 4672 συναχθήσονται

2364 4702 2607 4769 πάντες,
2633 4702 2732 4755 καὶ
2757 4702 3143 4762 ἀκούσονται,
3168 4718 3222 4755 κ.
3258 4718 3309 4755 τ.
3340 4699 3391 4752 λ.

754 4833 1143 4903 Superioribus
1166 4832 1220 4884 in
1252 4829 1482 4884 infames
1516 4826 1789 4882 lsraelitas
1821 4821 2126 4891 usurpatis,
2164 4819 2251 4873 hic
2286 4842 2333 4896 Ι)

2291 4842 2333 4896 ι)
2433 4819 2515 4873 Τὰ
2559 4818 2753 4889 πρῶτα
2794 4818 2906 4880 τοῖς
2958 4816 3401 4887 διαϐεϐλημένοις
3463 4812 3656 4877 εἰπὼν,
3703 4803 3870 4865 ἐνταῦθα

678 4928 790 4993 jam
821 4897 944 4979 cum
980 4923 1165 4993 probis
1195 4931 1250 4975 et
1284 4920 1531 4975 lioitestis
1558 4917 1803 4986 disputat
1838 4932 1851 4967 :
1895 4912 2131 4980 indeque
2145 4920 2253 4974 est,

2358 4914 2472 4974 τοῖς
2516 4909 2873 4980 κατορθοῦσιν
2921 4908 2980 4975 ἐξ
3022 4906 3237 4979 Ἰσραὴλ
3280 4907 3614 4976 διαλέγεται.
3648 4903 3731 4957 Διὸ
3752 4897 3870 4970 πρίσ-

682 4989 827 5092 quod
860 4989 1013 5087 quem
1035 5032 1128 5084 ego
1151 5013 1329 5067 vocavi
1356 5011 1583 5092 addidit,
1612 5023 1710 5078 pro
1725 5021 1835 5077 quo
1866 5012 2083 5060 vocatus
2113 5017 2257 5092 meus

2359 5021 2535 5056 κειται
2581 5003 2664 5065 τὸ,
2705 5000 2779 5054 ὃν
2799 5002 3088 5056 ἐκάλεσα.
3130 5001 3273 5055 Ἀνθ’
3317 4995 3380 5055 οὗ
3427 5000 3720 5072 Σύμμαχος
3745 4989 3876 5092 illud

684 5080 1080 5182 éyuuuacbus;
1125 5106 1352 5175 Aquilas
1385 5088 1566 5158 autem
1612 5109 1792 5155 vocate
1839 5099 1935 5162 mi,
1993 5082 2259 5166 interpre-

2357 5095 2577 5161 κλητός
2590 5110 2732 5161 μου,
2777 5091 3004 5154 Ἀκύλας
3047 5092 3124 5158 δὲ,
3164 5091 3350 5158 “me
3370 5108 3515 5161 μου,
3556 5088 3727 5161 φασίν.
3750 5080 3879 5182 Ἦσαῖδ

686 5209 892 5255 tantur.
923 5199 1095 5254 Erant
1126 5195 1270 5248 enim
1300 5209 1365 5247 ex
1404 5207 1593 5246 eorum
1634 5206 1865 5245 numero
1912 5186 2083 5243 vocati
2130 5187 2257 5255 qui-

2355 5187 2465 5254 γὰρ
2489 5183 2549 5248 ἐξ
2603 5185 2815 5238 ἐκείνου
2848 5181 3035 5236 πολλοὶ
3063 5185 3273 5247 κλητοί
3299 5223 3316 5247 ,
3350 5182 3531 5250 ὀλίγοι
3577 5180 3633 5233 δὲ
3670 5167 3881 5231 ἐκλεκτοί.

686 5310 803 5349 «ειη
839 5291 1115 5364 permulti,
1139 5288 1296 5342 electi
1319 5296 1501 5341 autem
1543 5283 1698 5338 valde
1727 5282 1911 5353 pauci.
1940 5279 2044 5335 Sed
2077 5280 2166 5333 hic
2187 5280 2255 5335 de

2355 5280 2500 5349 Πλὴν
2524 5280 2623 5333 οὐκ
2652 5278 2921 5342 ἐκλεκτοὶ,
2953 5279 3089 5348 πρὸς
3125 5275 3222 5341 οὓς
3264 5279 3293 5331 ὁ
3338 5276 3515 5343 λόγος,
3543 5272 3674 5327 ἀλλὰ
3699 5264 3886 5364 αιληςοί·

686 5349 909 5452 uocatis,
937 5398 1046 5439 non
1074 5382 1141 5437 de
1163 5380 1354 5437 electis
1385 5378 1616 5432 habetur
1643 5375 1967 5445 disputatio.
1993 5371 2099 5428 Eos
2131 5386 2263 5428 vero

2386 5369 2820 5439 Ὑπομιμνήσκει
2839 5366 2897 5419 δὲ
2927 5366 3125 5428 αὐτοὺς
3149 5365 3242 5418 καὶ
3270 5363 3375 5434 τῆς
3412 5358 3606 5416 ἑαυτοῦ
3636 5349 3888 5452 θεολογίας·

689 5430 909 5452 ---....,,
937 5430 1046 5439 ..-η
1077 5430 1139 5437 -__
1167 5430 1350 5437 ---νη
1560 5430 1603 5431 η
1732 5430 1749 5445 _

688 5481 754 5534 ad
786 5495 901 5535 suae
925 5479 1089 5535 etiam
1127 5472 1433 5529 divinitatis
1471 5469 1882 5525 meditationem
1918 5465 2077 5539 543
2115 5465 2262 5520 invi-

2369 5430 2603 5531 ἄναρλξον
2627 5430 2817 5514 ἑαυτὸν
2844 5457 3039 5527 λέγων.
3075 5456 3150 5510 Τὸ
3177 5456 3285 5527 γὰρ
3318 5430 3409 5509 τοῦ
3437 5451 3666 5521 πρώτου
3693 5430 3890 5516 πρεσϐύ-

760 5616 804 5647 "’
843 5614 1017 5668 Eccle.
1054 5630 1090 5672 ι,
1124 5612 1205 5663 l0.
1283 5609 1328 5639 "°
1364 5606 1577 5662 Colcss.
1617 5623 1652 5667 ι,
1694 5606 1785 5658 96.
1863 5605 1904 5636 ν’
1931 5602 2072 5657 Psal.
2106 5616 2235 5666 Lvn,
2262 5603 2315 5657 4.

1953 5743 2182 5798 VARUS
2226 5742 2629 5798 LECTIONES.

765 5876 805 5907 ιτ
838 5885 922 5937 χρ.
950 5867 1029 5920 διὸ
1053 5883 1151 5931 σοι,
1182 5867 1332 5937 φησί.
1411 5876 1437 5905 ιι
1482 5884 1569 5935 γρ.
1614 5865 1880 5925 ἀπειλαῖς.
1911 5865 1942 5935 ἦ
1974 5852 2187 5934 ἀπειλῇ,
2273 5873 2296 5897 υ
2327 5863 2425 5930 ἀρ.
2455 5861 2567 5914 καί.
2644 5859 2803 5912 λεία.
2837 5856 2923 5911 ἷσ.
2953 5854 3068 5909 καί.
