3998 6390
159 350 281 412 €453

1233 347 1778 407 COMMENTARII
1809 347 1888 405 IN
1934 346 2220 405 lSAIAM.

3259 333 3401 395 2-i5i

160 476 318 529 τερον,
349 458 441 509 καὶ
473 458 830 527 ἀτελεύτητον
859 456 1192 523 ἀκολούθως.
1227 454 1301 513 Οῧ
1331 460 1552 528 γὰρούκ
1582 459 1726 512 ἔστιν

1855 468 1932 523 at,
1963 473 2088 510 cum
2129 474 2188 511 se
2227 455 2555 524 principium
2582 471 2687 507 non
2723 453 2923 505 habere
2942 450 3213 519 Slgttlllrat
3273 449 3403 500 Nam

161 550 309 619 ἀρχὴ.
341 548 463 600 οὐδὲ
497 548 672 611 τέλος.

221 815 396 883 Ὅπερ
415 816 464 866 οί
490 813 668 867 λοιποὶ
683 815 971 886 δηλοῦντες
993 815 1283 880 ἐξέδωκαν,
1303 816 1449 885 Ἐγὼ
1475 815 1725 883 πρῶτος,

157 907 245 959 καὶ
269 907 383 974 ἐγὼ
409 907 688 973 ἔσχατος.
728 909 955 979 Εἴρηται
977 908 1032 960 δέ
1061 926 1163 960 που
1195 909 1324 978 περὶ
1355 907 1448 960 τοῦ
1485 909 1726 978 Μονογε-

156 999 290 1063 νοῦς,
343 999 426 1050 ὅτι
466 1017 483 1049 ι
511 1000 680 1062 Αὐτός
725 1003 872 1052 ἐστιν
903 1005 930 1052 ὁ
996 1001 1212 1068 πρῶτος
1240 1001 1331 1053 καὶ
1366 1002 1393 1051 ὁ
1425 1001 1668 1071 ἔσχατος.
1710 1022 1726 1051 ι

161 1095 220 1144 Ὀ
259 1091 588 1162 διεσάφησεν
636 1092 1022 1158 είπὼν,Ἐξων
1068 1095 1162 1146 καὶ
1203 1095 1470 1163 ἐγενόμην
1521 1097 1732 1166 νεκρός.

169 1181 328 1250 Ἀρχὴ
379 1180 493 1251 γάρ
545 1182 662 1234 ἐστι
701 1182 849 1251 ζωῆς
897 1184 924 1234 ὁ
967 1183 1151 1247 αὐτὸς,
1202 1186 1294 1236 καὶ
1331 1185 1580 1253 ἔσχατος,
1615 1187 1737 1237 ἐπεὶ

160 1271 415 1325 ἐκένωσεν
467 1272 660 1324 ἑαυτὸν
722 1273 938 1342 μορφὴν
988 1273 1178 1326 δούλου
1232 1275 1434 1329 λαϐὼν.
1484 1276 1633 1344 Ἅμα
1680 1276 1736 1328 δὲ

165 1365 243 1417 καὶ
276 1367 358 1426 εἰς
389 1366 697 1433 ἀνάμνησιν
721 1365 920 1428 αὐτοὺς
947 1367 1207 1436 ἀναφέρει
1240 1367 1335 1434 τῆς
1369 1367 1616 1436 δοθείσης
1642 1369 1740 1420 αὐ-

167 1458 260 1516 τοῖς
288 1455 464 1524 τιμῆς
497 1474 556 1508 τε
607 1457 701 1509 καὶ
749 1457 926 1527 δόξης.
965 1458 1106 1527 Πρὸς
1147 1459 1455 1529 οἰκειότητα
1505 1461 1614 1530 γὰρ
1642 1462 1742 1530 τὴν

167 1547 318 1600 αὐτοῦ
344 1547 619 1615 κέκληκεν
658 1548 855 1610 αὐτοὺς
891 1551 954 1602 ὲκ
986 1550 1203 1603 πάντων
1231 1550 1340 1604 τῶν
1385 1552 1575 1614 ἐίινῶν,
1605 1552 1745 1606 κατὰ

165 1641 231 1702 τὸ,
266 1659 283 1690 ι
309 1641 443 1692 Ὅτε
472 1640 779 1710 διεμέριζεν
809 1643 836 1692 ὁ
872 1640 1133 1709 ’Ὑψιστος
1165 1642 1350 1708 ἔθνη.»
1377 1644 1470 1695 καὶ
1488 1643 1556 1697 τὰ
1595 1643 1742 1712 ἑξῆς.

166 1734 260 1786 Καὶ
311 1734 476 1786 πάλιν
507 1749 521 1763 ο
558 1751 575 1783 ι
609 1733 717 1786 Καί
763 1750 823 1785 σε
867 1732 1147 1799 ἐξελέξατο
1189 1734 1391 1802 Κύριος
1427 1735 1490 1786 ἐκ
1528 1735 1746 1788 πάντων

1824 549 1967 618 quod
2000 549 2170 616 prium
2196 548 2479 617 antiquius
2514 554 2618 608 est,
2649 553 2704 598 et
2735 543 2868 596 illud
2895 544 3056 596 etiam
3092 542 3196 592 line
3222 553 3408 591 carere

1825 642 2224 710 consequitur:
2257 653 2384 692 cum
2437 637 2582 708 quod
2638 636 2853 690 initium
2917 649 3025 688 non
3072 631 3281 692 habuit,
3321 646 3411 683 ex-

1831 745 2002 787 tremo
2035 732 2236 801 privari
2267 732 2429 784 etiam
2464 743 2756 783 necessum
2787 727 2881 782 sit.

1899 825 2055 890 Quod
2089 833 2146 877 ut
2173 824 2355 878 czeteri
2384 823 2784 892 significarent,
2826 819 2940 890 Ego
2975 818 3200 889 primus,
3232 824 3280 868 et
3318 830 3410 882 ego

1832 918 2056 969 ultimus
2112 915 2463 983 interpretari
2519 915 2856 966 maluerunt.
2912 910 3138 980 Legitur
3173 921 3305 959 vero
3349 909 3413 956 de

1836 1009 2128 1080 Unigt-nito
2153 1008 2358 1061 alit-ubi
2385 1025 2430 1061 ει
2457 1008 2571 1076 Ego
2595 1023 2715 1060 sum
2738 1006 2950 1073 primus
2971 1013 3024 1057 et
3041 1001 3267 1055 ultimus
3289 999 3368 1049 ⁸³ε
3393 1019 3406 1042 ι

1836 1100 1978 1168 quod
2013 1114 2119 1152 non
2176 1099 2411 1153 obscure
2466 1097 2799 1166 significavit
2855 1111 3003 1158 cum,
3059 1093 3271 1148 vixisse
3315 1104 3409 1144 se.

1836 1199 1890 1243 et
1941 1189 2115 1243 fuisse
2147 1198 2452 1250 mortuum,
2504 1187 2725 1255 adjecit.
2772 1186 2866 1240 Est
2912 1185 3060 1241 enim
3109 1183 3255 1237 idem
3290 1179 3415 1232 vitae

1838 1280 2052 1333 initium
2111 1287 2166 1334 et
2196 1280 2352 1341 finis;
2383 1283 2510 1346 quia
2548 1279 2789 1347 seipsum
2821 1276 3151 1338 exinanivit,
3184 1283 3244 1326 ut
3268 1274 3411 1326 servi

1841 1377 2071 1430 formam
2115 1374 2480 1444 acciperet“.
2521 1373 2695 1425 Simul
2731 1380 2914 1425 autem
2954 1377 3010 1424 et
3050 1383 3146 1422 eos
3186 1367 3242 1420 in
3279 1381 3414 1419 con-

1841 1470 1983 1524 cessi
2046 1468 2274 1522 honoris
2317 1476 2373 1522 et
2399 1466 2584 1536 gloria:
2630 1465 2949 1519 memoriam
3001 1472 3244 1522 revocat,
3279 1475 3416 1528 quos

1844 1560 1900 1614 iu
1935 1574 2089 1611 suam
2128 1557 2557 1611 familiaritatem
2589 1572 2654 1609 ex
2708 1555 2857 1609 omni
2894 1552 3139 1622 gentium
3187 1566 3418 1603 numero

1848 1649 2082 1717 vocavit,
2131 1648 2286 1717 jtfxla
2321 1647 2455 1701 illltd
2491 1667 2504 1702 :
2552 1667 2571 1700 ι
2606 1646 2744 1700 Cum
2778 1645 3050 1699 divideret
3099 1641 3420 1694 Altissimus

1849 1749 2040 1808 gentes
2069 1739 2139 1801 ⁸⁸,
2185 1757 2202 1788 ι
2243 1738 2465 1806 illaque,
2510 1751 2632 1804 qua:
2677 1743 3004 1805 sequuntur.
3059 1732 3124 1785 Et
3177 1746 3418 1785 rursus;

166 1825 261 1875 τῶν
289 1824 465 1876 ἐθνῶν
496 1820 636 1876 εἶναι
672 1825 836 1877 αὐτοῦ
867 1826 1014 1878 λαόν.
1056 1844 1074 1876 ι
1127 1826 1322 1896 Ἐχρῆν
1347 1823 1441 1879 οῦν
1467 1828 1631 1880 αὑτὸν
1665 1827 1739 1898 μὴ

1855 1848 1865 1880 ι
1899 1829 1962 1882 Ει
1991 1839 2042 1884 te
2076 1829 2238 1899 elegit
2278 1828 2542 1883 Dominus
2573 1829 2828 1900 gentibus
2864 1827 3144 1891 omnibus,
3183 1833 3242 1878 ut
3267 1840 3422 1879 esses

166 1914 460 1980 ἀποστῆναι
513 1911 648 1965 Θεοῦ
699 1915 791 1966 καὶ
845 1914 1213 1984 προστεθῆναι
1247 1915 1470 1986 δαίμοσι
1519 1917 1614 1970 καὶ
1655 1917 1747 1970 λα-

165 2002 371 2071 τρεύειν
405 2008 474 2075 τῇ
504 2006 677 2060 κτίσει
709 2010 863 2077 παρὰ
909 2010 1000 2062 τὸν
1030 2009 1327 2065 κτίσαντα.
1365 2011 1508 2082 Πλὴν
1539 2013 1634 2065 καὶ
1659 2013 1747 2065 οὖ-

164 2109 259 2155 τως
312 2094 601 2165 οἰκτείρων
655 2098 853 2160 αὐτοὺς
906 2099 1085 2153 καλεῖ
1132 2102 1269 2170 πρὸς
1322 2102 1618 2156 εὐπάθειαν
1658 2105 1743 2170 τὸ,

169 2188 383 2241 Ἀκουὲ
403 2205 546 2257 μου,
585 2190 724 2259 βοῶν
757 2207 772 2221 ο
810 2191 905 2244 νῦν
949 2192 1084 2260 γοῦν
1101 2193 1266 2259 ἀξιῶν
1308 2195 1618 2264 πεισθῆναι,
1653 2197 1747 2250 καὶ

164 2277 264 2328 τῶν
294 2277 356 2340 ἐξ
384 2279 549 2332 αὑτοῦ
583 2279 815 2348 βεΰαίως
840 2285 1026 2352 τυχεῖν
1054 2283 1292 2353 δωρεῶν.
1337 2284 1493 2338 Κατὰ
1516 2287 1623 2355 γὰρ
1655 2287 1747 2338 τὸν

166 2371 397 2435 Παῦλον,
450 2374 756 2441 ὀφείλοντες
806 2372 948 2430 εἶναι
1012 2377 1325 2431 διδάσκαλοι
1364 2379 1453 2431 διὰ
1497 2378 1589 2430 τὸν
1622 2380 1748 2449 χρόα

166 2484 265 2529 νον,
303 2466 471 2520 πάλιν
502 2469 768 2538 ἐσχήκασι
809 2471 999 2540 χρείαν
1032 2470 1126 2522 τοῦ
1175 2472 1518 2535 διδάσκοντος
1549 2473 1749 2536 αὐτοὺς

165 2561 277 2611 τίνα
307 2561 374 2611 τὰ
419 2564 657 2630 στοιχεῖα
702 2563 803 2632 τῆς
853 2564 1025 2634 ἀρχῆς
1059 2565 1166 2616 τῶν
1199 2565 1394 2632 λογίων
1439 2565 1531 2616 τοῦ
1585 2565 1744 2619 Θεοῦ.

168 2650 233 2702 Τὸ
253 2651 313 2702 δὲ
339 2651 532 2715 ἀΐδιον,
559 2653 653 2704 καὶ
680 2652 850 2714 ὅντως
896 2652 978 2712 ὃν.
1014 2654 1315 2724 παρίστησι
1344 2656 1422 2718 τὸ,
1447 2657 1588 2724 Ἐγώ
1609 2660 1746 2726 εἰμι,

171 2741 472 2810 ξυμφώνως
520 2741 630 2811 τῷ·
682 2742 866 2810 «Ἐγώ
900 2745 1014 2814 εἰμι
1061 2746 1088 2795 ὁ
1145 2742 1240 2806 ὢν,
1266 2765 1282 2794 ι
1327 2745 1402 2806 ὡς
1442 2748 1538 2811 τὴν
1566 2746 1746 2814 φύσιν,

172 2833 304 2886 οὓτω
351 2835 451 2886 καὶ
483 2833 544 2886 τὸ
593 2829 725 2904 ἦθος
774 2836 1030 2905 ἀκίνητον
1066 2833 1205 2888 εἶναι
1245 2837 1440 2906 δηλῶν.
1497 2839 1553 2889 '0
1588 2840 1749 2902 αὐτὸς

173 2927 270 2996 γὰρ
299 2926 399 2991 ὢν,
437 2927 496 2992 ἐξ
520 2928 860 2997 ἁγαθότητος
903 2929 1011 2998 ἔχω
1038 2929 1096 2980 τὸ
1125 2928 1434 2999 γνώρισμα.
1463 2931 1532 2982 δι’
1562 2934 1625 3001 ἣν
1658 2934 1750 2985 καὶ

175 3022 342 3076 πάπα
395 3023 533 3091 πρὸς
586 3023 646 3074 τὸ
697 3019 836 3074 εἶναι
890 3025 1252 3093 παρήγαγον,
1302 3025 1750 3080 ἀντιδιαστέλλων

179 3117 298 3184 πρὸς
324 3115 455 3177 τοὺς
485 3115 582 3166 οὐκ
615 3115 774 3179 ὄντας
804 3116 993 3178 θεοὺς,
1026 3117 1156 3186 περὶ
1187 3111 1261 3169 ὧν
1294 3118 1540 3186 λέγεται·
1584 3139 1601 3170 t
1630 3120 1752 3172 Θεοί

173 3207 213 3258 οἳ
251 3207 344 3258 τὸν
385 3207 616 3275 οὐρανὸν
664 3209 758 3260 καὶ
802 3207 900 3278 τὴν
949 3209 1050 3276 γῆν
1097 3210 1197 3261 οὐκ
1238 3210 1521 3278 ἐποίησαν,
1557 3212 1754 3264 ἀπολέ-

175 3299 406 3351 σθωσαν.
450 3317 466 3348 ι
518 3299 734 3368 Ἐπειδὴ
784 3299 839 3350 δὲ
874 3301 1092 3368 ἐπάγει,
1144 3301 1213 3354 Ἠ
1248 3302 1375 3369 χειγ)
1416 3321 1534 3370 μου
1555 3303 1754 3370 ἐθεμε-

170 3391 353 3442 .ίίωσε
387 3391 504 3455 τὴν
558 3393 693 3458 γῆν,
751 3393 841 3444 τοῦ
901 3393 1141 3465 Πατέρος
1182 3394 1325 3456 τινὲς
1372 3394 1753 3464 τὸ*πρόσωπον

169 3483 398 3550 ἔφασαν,
418 3477 479 3535 οὗ
511 3483 641 3550 χείρ
672 3485 696 3534 ὁ
723 3484 1031 3553 Μονογενὴς
1057 3487 1113 3536 ἐν
1134 3487 1250 3545 ταῖς
1277 3485 1516 3554 Γραφαῖε
1552 3485 1750 3553 ὀνομά-

171 3572 340 3632 ζεται·
376 3570 584 3638 Μωσῆς
613 3571 722 3640 γάρ
760 3589 922 3640 φησιν
948 3587 960 3600 ³
1003 3593 1018 3620 ι
1043 3572 1104 3624 'll
1143 3573 1291 3636 δεξιά
1332 3591 1424 3624 σου
1467 3576 1608 3642 χεὶρ,
1642 3576 1750 3626 Κύ-

175 3677 277 3728 ριε,
303 3659 617 3723 δεδόξασται
644 3662 700 3712 ἐν
736 3663 898 3730 ἰσχύϊ,
931 3682 947 3713 ι
979 3666 1070 3714 καὶ
1102 3665 1167 3715 τὰ
1193 3664 1339 3733 ἑξῆς.
1375 3666 1480 3716 Καὶ
1509 3667 1535 3716 ὁ
1568 3666 1746 3718 Δαϐίδ·

176 3771 192 3801 t
225 3751 644 3821 Κραταιωοὴτω
673 3755 705 3822 ἡ
736 3754 854 3823 χείρ
897 3771 1010 3807 σου.
1030 3754 1328 3824 ’Υψωοήτω
1359 3758 1391 3826 ἡ
1422 3756 1572 3820 δεξιά
1597 3775 1742 3821 ceu,»

171 3843 314 3893 οὓτω
345 3843 636 3912 λεγόμενος
669 3845 744 3906 ὡς
788 3846 1079 3917 πληρωτὴς
1108 3846 1218 3898 τῶν
1262 3846 1354 3900 τοῦ
1399 3849 1638 3920 Πατέρος
1669 3851 1752 3901 ὲν-

172 3933 354 4002 νοιῶν,
384 3934 458 3996 ὡς
486 3929 625 3988 εἶναι
666 3936 874 4006 κυρίως
911 3939 1103 4005 σοφίαν
1145 3937 1307 3990 αὑτὸν
1335 3937 1427 3990 τοῦ
1459 3940 1616 4003 Θεοῦ,
1651 3958 1748 3993 σα-

173 4026 514 4095 φηνίζουσαν
562 4027 660 4090 τὰς
706 4029 980 4098 πατρικὰς
1022 4028 1232 4092 ἑννοίας
1285 4031 1342 4082 ἐν
1377 4034 1490 4094 τοῖς
1537 4033 1628 4084 ὑπ’
1659 4034 1756 4085 αὺ-

171 4118 272 4169 τοῦ
352 4119 660 4187 γινομένοις
717 4121 920 4191 ἔργοις.
981 4123 1070 4173 Διὸ
1142 4122 1359 4190 λέγεται
1423 4128 1478 4176 ἐν
1551 4126 1751 4195 Παροι-

175 4207 333 4273 piat;
367 4221 382 4235 ·
451 4207 508 4258 Ὀ
558 4208 690 4271 Θεὸς
749 4212 813 4279 τῇ
874 4211 1035 4282 σοφίᾳ
1089 4211 1417 4283 ἐθεμελίωσε
1473 4215 1572 4285 τὴν
1617 4217 1743 4286 γῆν.

1849 1922 1923 1975 illi
1974 1921 2209 1990 populus
2238 1920 2305 1973 ⁸⁸.
2351 1939 2369 1972 ι
2404 1919 2538 1973 Eum
2593 1935 2726 1990 ergo
2779 1918 3024 1990 oportuit
3073 1933 3103 1970 a
3155 1915 3266 1970 Deo
3314 1933 3420 1969 non

1847 2012 2130 2073 recedere,
2185 2027 2362 2080 neque
2408 2013 2776 2070 committere.
2838 2019 2895 2062 ut
2942 2008 3284 2063 dmmonibus
3345 2006 3428 2072 ip-

1848 2106 2005 2175 sique
2036 2115 2308 2158 creatum
2340 2103 2523 2172 potius
2552 2118 2718 2172 quam
2749 2100 3003 2157 Creatori
3036 2100 3331 2154 inserviret
3356 2098 3424 2151 ⁸⁷.

1845 2198 2035 2265 Neque
2087 2206 2268 2251 tamen
2317 2207 2500 2252 cessat
2559 2197 2910 2251 miseratione
2973 2201 3306 2254 commotus,
3369 2199 3431 2244 ut.

1849 2286 2016 2339 animi
2056 2285 2137 2339 sui
2171 2286 2603 2353 propcnsllalem
2636 2284 2862 2348 iudicet,
2900 2298 2994 2337 eos
3027 2284 3177 2352 ipsos
3220 2296 3423 2337 vorare.

1847 2385 1923 2443 et,
1956 2376 2098 2429 Audi
2130 2392 2229 2440 me,
2265 2377 2564 2429 inclamare
2594 2399 2605 2430 ;
2639 2375 2840 2446 partim
2888 2373 3106 2443 quidem
3133 2373 3235 2426 sibi
3272 2370 3428 2425 fidem

1851 2467 2104 2520 adhiberi
2139 2467 2465 2535 postulans;
2512 2469 2709 2535 partim
2751 2473 2934 2520 autem
2969 2463 3088 2519 suis
3118 2462 3279 2517 donis
3309 2477 3432 2517 esse

1852 2558 2124 2626 potituros
2178 2557 2541 2610 confirmans.
2605 2555 2778 2610 Paulo
2822 2556 2968 2610 enim
3024 2563 3165 2608 teste
3194 2554 3261 2619 ⁸⁸,
3304 2568 3428 2606 cum

1849 2649 2118 2703 deberent
2181 2662 2304 2702 esse
2366 2647 2616 2716 magistri
2674 2655 2900 2717 propter
2941 2656 3178 2716 tempus,
3227 2660 3428 2714 praece-

1853 2748 2011 2808 ptore
2068 2753 2266 2792 rursus
2328 2746 2620 2806 eguerunt,
2657 2753 2686 2790 a
2723 2753 2834 2806 quo
2868 2753 2988 2806 qua:
3020 2738 3132 2791 sint
3162 2737 3430 2789 elementa

1850 2833 2063 2887 exordii
2094 2847 2408 2884 sermonum
2443 2831 2558 2896 Dei,
2600 2832 2952 2885 docerentur.
2986 2830 3256 2884 Cteterum
3290 2844 3432 2883 sem-

1853 2924 2123 2992 piternum
2152 2938 2210 2978 se
2239 2938 2382 2983 esse.
2411 2931 2464 2976 et
2490 2938 2616 2977 vere
2644 2924 2931 2987 exsistere,
2971 2939 3035 2977 eo
3067 2923 3186 2992 ipso
3209 2922 3435 2976 deInOn-

1851 3023 2055 3079 strans,
2085 3013 2230 3084 quod
2271 3015 2383 3085 Ego
2413 3032 2552 3078 sum,
2584 3014 2821 3082 adjecit;
2859 3015 3018 3082 quale
3059 3015 3159 3068 fuit
3191 3025 3245 3069 et
3275 3015 3430 3076 illud,

1853 3124 1978 3161 cum
2024 3126 2042 3157 ι
2078 3109 2191 3178 Ego
2247 3124 2389 3170 sum,
2430 3108 2522 3177 qui
2551 3108 2769 3170 sum”,
2811 3127 2828 3156 ι
2882 3107 3040 3170 dixit,
3071 3114 3129 3158 ut
3168 3120 3322 3158 suam
3360 3107 3435 3157 ita

1856 3209 2110 3254 naturam
2168 3216 2410 3269 suosque
2435 3217 2616 3255 mores
2647 3201 2921 3253 immutari
2957 3215 3235 3264 nunquam
3272 3214 3435 3268 posse

1855 3293 2298 3355 demonstraret;
2355 3304 2613 3362 tanquam
2667 3292 2921 3346 eumdem
2984 3310 3044 3346 se
3104 3307 3227 3345 esse
3273 3307 3337 3344 cx
3374 3306 3436 3343 ea

1855 3384 2100 3436 bonitate
2154 3384 2510 3451 significaret,
2575 3399 2667 3452 per
2720 3398 2883 3451 quam
2943 3382 3128 3435 omnia
3185 3396 3309 3436 esse
3360 3380 3439 3434 fe-

1849 3476 2038 3535 cisset,
2099 3485 2158 3528 ιιι
2208 3478 2273 3528 ab
2308 3478 2398 3538 iis,
2451 3493 2572 3544 qure
2625 3492 2730 3529 non
2780 3486 2957 3533 erant.
3001 3486 3306 3543 separaret,
3371 3476 3438 3527 de

1849 3566 2048 3632 quibus
2088 3565 2236 3618 hunc
2272 3566 2324 3618 in
2355 3567 2573 3618 modmu
2611 3566 2846 3632 legitur:
2881 3583 2898 3613 ι
2938 3563 3019 3617 Dii
3045 3567 3136 3632 qui
3169 3565 3366 3620 ctelum
3387 3573 3439 3616 et

1851 3663 2174 3709 teri-autumn
2195 3657 2457 3720 fecerunt,
2481 3657 2832 3708 intereant”.
2856 3675 2874 3706 ›
2912 3655 3132 3715 Deinde,
3168 3655 3291 3724 quia
3329 3653 3447 3706 Μα-

1853 3762 1949 3797 nus
1975 3764 2086 3798 mea
2114 3747 2354 3816 {undavit
2383 3749 2624 3800 terram91
2652 3746 2926 3813 adjunxit,
2948 3744 3127 3798 Patris
3151 3760 3438 3814 personant

1853 3836 2028 3889 indica
2041 3840 2081 3890 ri
2105 3841 2395 3894 voluerunt
2420 3840 2694 3902 nonnulli;
2722 3840 2884 3907 cujus
2908 3855 3094 3890 manus
3120 3839 3172 3891 in
3195 3837 3445 3906 Scriptu-

1853 3929 1929 3981 ris
1951 3926 2270 3999 Unigenitus
2290 3940 2656 4000 nuncupetur.
2675 3931 2921 3986 Aitenim
2940 3929 3120 3984 MOSes
3145 3947 3188 3983 :t
3216 3929 3444 3982 Dextera

1851 4035 2047 4078 manus
2068 4033 2181 4089 tua,
2203 4024 2451 4087 Domine,
2474 4024 2777 4094 glorificata
2805 4032 2889 4078 est
2927 4024 2981 4077 in
3019 4022 3299 4076 fortudine
3328 4040 3373 4084 ι,
3392 4028 3446 4074 et

1860 4130 1983 4188 qua:
2003 4118 2281 4184 deinceps.
2299 4118 2358 4170 Et
2379 4118 2543 4170 David
2568 4135 2616 4170 ει
2647 4115 2920 4169 Firmetur
2938 4131 3134 4169 manus
3153 4123 3269 4178 tua,
3287 4115 3440 4166 exal-

1857 4225 1999 4269 tetur
2015 4212 2241 4265 dextera
2263 4211 2441 4274 tua”;
2477 4229 2494 4259 ι
2525 4220 2781 4275 tauquam
2805 4207 2982 4261 Patris
3009 4208 3247 4275 cogitata
3281 4205 3443 4274 perfl-

173 4299 308 4362 t-iat,
349 4301 494 4352 unde
535 4301 751 4370 proprie
777 4301 868 4355 Dei
893 4306 1272 4371 sapientiailla
1290 4308 1381 4371 sit,
1406 4307 1708 4380 Shﬁqum
1737 4305 2192 4381 patet-nminentis
2209 4300 2615 4355 voluntz'itemin
2644 4301 2728 4359 iis,
2765 4314 2886 4367 qme
2939 4314 2968 4350 a
3013 4313 3072 4351 se
3109 4296 3443 4356 conduntur,

175 4395 443 4461 opt-ribus
482 4395 750 4463 explicet;
784 4413 890 4466 quo
923 4397 1150 4461 factum,
1182 4413 1237 4454 ut
1269 4402 1322 4454 in
1353 4402 1662 4460 Proverbiis
1685 4407 1850 4461 Deum
1887 4403 2158 4472 sapientia
2194 4407 2397 4452 terram
2425 4395 2688 4448 fundasse
2713 4394 2958 4462 legamus
2989 4393 3056 4443 ’3.

251 4488 365 4556 Οὐχ
400 4487 476 4550 ὠς
519 4488 681 4558 μέρος
710 4489 802 4543 οὖν
845 4491 881 4557 ἡ
929 4492 1076 4559 χείρ,
1108 4493 1224 4545 ἀλλ’
1266 4493 1342 4557 ὡς
1372 4496 1573 4564 τελεία,
1598 4499 1665 4552 δι’
1697 4495 1764 4571 ἧς
1800 4504 1840 4556 ιι

176 4579 348 4641 αὐτὸς
394 4577 714 4649 ἐργάζεται,
765 4583 797 4651 ὴ
843 4581 900 4644 ἐξ
943 4582 1108 4635 αὑτοῦ
1155 4583 1423 4654 δύναμις,
1486 4588 1760 4660 ὲγγυτάτη

179 4669 317 4725 οὖσα
385 4671 556 4744 αὐτῷ.
611 4671 732 4736 Πῶς
789 4670 903 4736 οὖν,
957 4678 1112 4744 φησὶ,
1159 4677 1443 4748 λατρεύεις
1489 4682 1554 4750 τῇ
1589 4681 1766 4735 κτίσει

185 4765 340 4833 παρὰ
366 4764 459 4814 τὸν
497 4765 812 4830 κτίσαντας
840 4767 914 4818 Τὸ
950 4767 1058 4837 γὰρ
1093 4768 1316 4835 ποιηθὲν
1350 4770 1447 4839 τὴν
1475 4773 1570 4823 τοῦ
1612 4774 1769 4840 ποιή-

186 4871 383 4915 σαντος
440 4854 692 4924 ἀμέτρως
733 4857 1076 4928 ὑποκαθηται
1112 4859 1288 4922 δόξαν,
1328 4861 1401 4923 ὡς
1432 4864 1648 4915 ἁσεῧεῐν
1678 4863 1769 4915 τὸν

185 4949 250 5016 τῇ
285 4948 657 5017 προσκυνήσει
680 4949 815 5018 πρὸς
845 4950 964 5020 ἴσην
1009 4952 1208 5020 ἄγοντα
1243 4953 1400 5005 τοῦτο
1434 4954 1511 5022 τῷ
1539 4971 1770 5022 πεποιη-

188 5039 309 5091 κότι
338 5041 526 5109 τιμήν.
563 5040 633 5093 Ἡ
662 5039 830 5102 δεξιὰ
863 5042 1040 5095 τοίνυν
1063 5062 1204 5112 μου,
1239 5046 1424 5114 φησὶν,
1461 5048 1568 5100 τὸν
1597 5049 1774 5114 οὐρα-

188 5131 305 5183 νὺν
330 5129 718 5197 ἐστερέωσεν,
738 5132 796 5200 ἢ,
831 5135 973 5199 τοὺς
1011 5136 1326 5202 οὐρανοὺς,
1363 5140 1503 5191 κατὰ
1531 5139 1656 5202 τοὺς
1681 5139 1777 5192 ἄλ-

193 5220 322 5285 λους
349 5223 644 5292 ἑρμηνέας,
670 5225 869 5295 δηλαδὴ
896 5228 994 5290 τὰς
1028 5228 1314 5299 οὐρανίους
1336 5230 1613 5301 δυνάμεις,
1648 5233 1777 5303 περὶ

683 5317 933 5371 Καλέσω
984 5322 1224 5387 αὐτοὺς,
1285 5324 1382 5376 καί
1444 5325 1778 5391 στήσονται

195 5403 340 5472 ἅμα.
396 5405 758 5476 Πειθαρχοῦσι
815 5407 923 5478 γὰρ
971 5409 1046 5472 ὡς
1087 5410 1152 5464 ἂν
1195 5414 1444 5486 Δεσπὸτῃ
1496 5416 1685 5467 ἑστᾶσί
1718 5433 1774 5467 τε

192 5307 270 5365 ὧν
333 5315 584 5384 ἐπιφέρει
609 5332 623 5348 ·

271 5520 323 5552 ³³
355 5523 525 5592 Aper.
563 5540 601 5584 ι,
640 5524 722 5577 f7.

835 5523 881 5555 δι
919 5525 1150 5596 Philipp.
1185 5545 1243 5592 rt,
1289 5532 1342 5593 6,
1373 5532 1424 5585 7.

201 5609 256 5651 ν.
299 5592 386 5645 12.

496 5595 541 5624 ⁸9
579 5592 746 5648 Exod.
793 5611 870 5661 Ill,
906 5596 992 5652 Μ.
1065 5592 1141 5631 ’νο
1181 5600 1382 5657 Jerem.
1418 5619 1471 5668 ς,
1517 5603 1598 5655 ll.

1539 5530 1584 5562 ⁸⁵
1628 5531 1784 5585 Dent.
1834 5548 2002 5595 vnit,
2040 5532 2092 5585 8.

1715 5603 1757 5634 νί
1808 5603 1980 5656 Exod.
2009 5619 2097 5664 xv,
2127 5599 2179 5653 fi.

1939 4495 2057 4550 Non
2091 4509 2278 4546 manus
2329 4505 2480 4559 ergo,
2520 4497 2578 4540 ιιι
2612 4501 2776 4555 pars,
2821 4484 2916 4538 sed
2974 4490 3033 4534 ut
3084 4478 3344 4549 perfecta,
3383 4478 3450 4529 ab

1870 4604 2044 4659 ecqne
2072 4587 2339 4647 derivata,
2371 4592 2425 4636 et
2452 4580 2628 4635 eidem
2660 4578 2898 4632 maxime
2930 4575 3108 4627 vicina
3129 4574 3328 4632 virtus,
3354 4585 3450 4638 per

1873 4698 2034 4753 quatn
2070 4682 2188 4750 ipse
2225 4685 2506 4747 Operatur,
2546 4673 2911 4742 significatur.
2949 4667 3093 4733 Quid
3131 4666 3324 4734 igitur,
3364 4663 3451 4716 in-

1875 4773 2011 4843 quit,
2039 4777 2308 4824 creaturte
2357 4765 2564 4834 potius,
2614 4777 2778 4831 quam
2811 4757 3057 4813 Creatori
3091 4755 3300 4810 servire
3334 4770 3450 4807 sus-

1875 4863 2053 4920 tines?
2087 4859 2243 4926 Quod
2267 4859 2412 4912 enim
2438 4855 2687 4910 effectum
2721 4863 2826 4916 est,
2854 4851 2996 4905 idem
3031 4851 3152 4915 ejus
3184 4846 3453 4914 dignitate

1882 4965 1936 5010 et
1984 4953 2157 5024 gloria
2207 4965 2234 5001 a
2284 4963 2394 5015 quo
2447 4945 2699 4999 effectum
2751 4951 2854 5004 est,
2911 4942 3071 5008 longe
3127 4945 3452 5007 superatur;

1829 5079 1844 5096 .
1885 5043 2160 5114 impieque
2191 5038 2342 5102 facit,
2371 5037 2627 5106 quisquis
2659 5033 2989 5088 adoraturus
3016 5033 3262 5085 eumdem
3285 5027 3456 5078 hono-

1885 5152 1996 5189 rem
2049 5139 2315 5188 creatura:
2361 5138 2413 5182 et
2469 5126 2714 5182 Creatori
2773 5125 2989 5178 tribuit.
3025 5121 3251 5174 Dex-tera
3289 5119 3456 5183 igitur

1886 5249 2020 5293 mea,
2074 5228 2274 5298 inquit,
2305 5225 2514 5286 cretum,
2554 5223 2635 5275 vel
2697 5221 2874 5283 cwfos,
2908 5227 2966 5272 ut
2999 5217 3122 5270 aliis
3161 5215 3337 5284 placet
3368 5213 3456 5263 in-

1887 5323 2239 5392 terpretibus,
2275 5321 2328 5374 id
2354 5329 2466 5380 est,
2524 5317 2780 5369 cretestes
2825 5314 3056 5367 virtutes
3084 5308 3353 5378 ﬁrmarit;
3393 5305 3460 5356 de

1883 5418 2084 5486 quibus
2143 5427 2377 5482 pergens
2424 5426 2436 5459 :
2501 5408 2708 5461 Vocabo
2759 5423 2868 5467 eos,
2900 5416 2948 5457 et
3005 5401 3220 5455 stabunt
3271 5400 3455 5460 simul,

2172 5527 2218 5559 ⁸⁸
2261 5529 2416 5579 Deut.
2443 5541 2540 5585 vlt,
2577 5524 2629 5576 6.
2709 5522 2754 5554 ⁸⁷
2782 5521 2942 5573 Rom.
2969 5534 3005 5578 Ι,
3037 5517 3130 5571 ‘25.
3207 5516 3250 5546 ⁸⁸
3295 5514 3456 5566 ίΙμΙιΓ.

2258 5600 2302 5630 ν’
2338 5597 2484 5652 l’sal.
2523 5609 2785 5657 Lxxxvut,
2825 5590 2914 5647 14.
2989 5589 3034 5622 ⁹³
3072 5589 3233 5643 Prov.
3258 5601 3340 5648 ιιι,
3371 5587 3459 5638 l9.

1469 5722 1701 5777 VARME
1767 5717 2168 5776 LECTIONES.

282 5807 370 5854 rp.
405 5788 630 5840 ὲστᾶσαί
659 5805 716 5840 τε
743 5790 856 5843 καί.
