3998 6390
615 314 758 381 2455

1919 339 2272 400 PROCOPII
2305 341 2550 403 GAZ/EI

3706 349 3820 416 $456

619 430 867 500 stthjicit.
930 430 1129 486 Parent.
1163 437 1332 503 enim,
1394 450 1654 509 tanquam
1703 442 1939 499 Domino
1985 457 2165 503 astcnt

2306 453 2700 523 συνερχόμεναι
2775 451 2886 504 τῶν
2945 451 3123 522 λόγων
3187 448 3349 506 αὐτοῦ
3410 452 3542 525 πρὸς
3593 457 3828 528 ἀκρόασιν.

613 531 670 574 et
725 524 792 578 ad
829 527 1120 582 verborum
1153 529 1276 598 ejus
1312 536 1775 594 auscultationem
1821 541 2164 611 colliguntur
2196 559 2208 593 :

617 619 782 690 quale
807 619 912 676 fuit
935 623 1064 679 illud
1101 624 1298 681 initio:
1337 646 1356 679 ι
1392 631 1558 695 Audi,
1590 635 1818 702 uelum,
1848 647 1902 692 et
1935 639 2207 704 ausculta,

619 721 788 780 terra,
844 719 1109 788 quoniam
1167 719 1436 780 Dominus
1495 727 1718 783 loeutus
1751 741 1839 786 est
1880 731 1950 787 ⁸⁸.
1999 751 2019 784 ι
2052 732 2208 798 Quod

619 806 666 860 si
724 806 918 864 factori
963 823 1069 864 suo
1111 811 1340 869 virtutes
1383 815 1490 870 illae
1532 823 1948 887 praastantiores
2003 838 2204 891 magna

613 900 751 955 adeo
790 903 1144 960 observantia
1171 912 1229 962 et
1262 907 1528 978 religione
1559 926 1680 965 sese
1711 915 1955 981 praebent
1982 915 2197 968 obtem-

611 1001 903 1060 perantes;
960 998 1054 1065 qui
1115 1014 1236 1064 vos,
1292 999 1385 1070 qui
1437 1001 1688 1058 homines
1744 1005 1900 1068 estis,
1953 1007 2201 1061 divinum

610 1082 866 1138 timorem
912 1087 1098 1155 potius
1150 1105 1258 1142 non
1314 1092 1632 1146 resumitis?
1677 1092 1879 1148 Verum
1911 1113 2024 1166 quo
2056 1098 2195 1163 loco,

611 1171 742 1237 Quis
765 1176 841 1229 eis
863 1181 1185 1233 renuntiavit
1199 1183 1308 1236 [nec
1325 1184 1352 1237 ?
1378 1182 1662 1249 habemus,
1688 1186 1763 1240 ibi
1793 1188 2156 1258 Symmachus
2181 1207 2195 1243 :

609 1263 745 1328 Quis
779 1267 857 1320 eis
901 1271 1238 1324 annuntiavit
1283 1274 1434 1327 hinc?
1482 1273 1651 1341 Quem
1697 1276 1953 1332 Dominus
1996 1279 2194 1351 diligit,

606 1359 768 1428 faciet
816 1363 1136 1419 uoluntatem
1177 1367 1316 1435 ejus,
1352 1367 1582 1438 Aquilus
1617 1377 1800 1424 autem
1849 1372 2022 1438 :Quis
2059 1376 2198 1428 inter

604 1451 839 1508 homines
879 1455 990 1510 [tam
1019 1459 1292 1525 protulit?
1331 1459 1589 1515 Dominus
1617 1463 1810 1516 dilexit
1840 1482 1978 1518 eum.
2012 1466 2196 1520 Caelo-

603 1557 725 1596 rum
753 1546 898 1599 enim
928 1549 1185 1612 virtutes,
1226 1551 1425 1620 inquit,
1462 1569 1584 1621 qua:
1611 1565 1900 1616 vocantur,
1951 1557 2020 1610 ad
2072 1573 2194 1612 ver-

604 1637 800 1692 borum
840 1639 1015 1710 ipsius
1060 1645 1524 1699 auscultationmu
1583 1656 1825 1702 attentas
1871 1657 1926 1702 et
1973 1660 2191 1718 paratas

600 1744 759 1795 esse;
795 1731 960 1802 idque
989 1735 1085 1789 tibi
1123 1745 1347 1806 prepter
1373 1755 1649 1792 suunuum
1685 1741 1807 1808 ejus
1839 1742 1894 1794 in
1943 1751 1995 1795 te
2031 1757 2188 1796 amo-

2320 545 2616 614 Σύμφωνον
2668 544 2747 613 τῷ
2799 545 2920 598 κατ’
2967 545 3144 615 ἀρχάς
3171 560 3184 574 ·
3243 545 3720 617 ‹”Ακουε,ούρανὲ,
3761 558 3834 608 καὶ

2317 635 2593 701 ἐνωτίζου,
2621 637 2715 706 γῆ,
2749 638 2831 690 ὅτι
2857 635 3063 707 Κύριος
3094 635 3374 704 ἐλάλησεν.
3410 655 3427 687 ι
3468 637 3526 689 Ei
3553 638 3603 690 δὲ
3623 639 3834 711 δυνάμεις

2313 730 2370 782 αἱ
2400 730 2683 800 κρείττους
2713 729 2856 783 οὕτω
2897 729 2994 782 σὺν
3026 727 3283 798 εὐλαϐείᾳ
3314 727 3391 798 τῷ
3417 731 3714 798 πεποιηκότι
3738 751 3832 789 πει-

2311 820 2505 891 θήνιοι,
2537 824 2700 893 ἡμεῖς
2730 833 2753 860 ι’
2797 823 2951 885 ὄντες
2992 820 3269 890 ἄνθρωποι
3317 820 3434 884 πῶς
3480 821 3540 874 ού
3571 823 3744 888 μᾶλλον
3765 829 3832 882 τὸν

2310 912 2454 966 θεῖον
2501 913 2841 986 ἀναλήψεσθε
2891 913 3095 983 φόϐον;
3140 911 3287 965 Ἀντὶ
3319 911 3375 965 δὲ
3419 911 3532 978 τοῦ,
3555 914 3643 980 Τίς
3673 918 3831 986 αὐτοῖς

2307 1005 2668 1077 ἀνήγγειλεν
2691 1006 2898 1071 ταῦτα,
2931 1006 2961 1058 ό
2991 1005 3290 1075 Σύμμαχος
3317 1003 3535 1073 ἔφησεν,
3569 1007 3656 1072 Τίς
3672 1011 3829 1077 αὐτοῖς

2305 1095 2674 1165 ἀπήγγειλεν
2693 1095 2877 1149 ταῦτα
2894 1110 2912 1150 ;
2930 1097 3040 1148 Ὃν
3066 1095 3280 1163 Κύριος
3295 1093 3608 1161 ἀγαπήσει,
3635 1099 3825 1162 ποιήσει

2305 1189 2372 1242 τὸ
2388 1187 2622 1258 θέλημα
2643 1189 2849 1243 αὐτοῦ.
2869 1189 2928 1241 Ὀ
2954 1187 3010 1242 δὲ
3046 1187 3298 1251 Ἀκύλας,
3333 1188 3427 1253 τις
3456 1188 3524 1239 ἐν
3549 1189 3830 1260 ἀνθρώποις

2301 1279 2669 1352 ἀπήγγειλεν
2738 1280 2963 1344 ταῦτα;
3026 1280 3240 1348 Κύριος
3298 1278 3611 1347 ἠγάπησεν
3662 1285 3828 1340 αὐτόν.

2301 1373 2426 1427 Ὀτι
2449 1373 2579 1444 γὰρ,
2615 1373 2802 1442 φησὶν,
2833 1374 2888 1425 αἱ
2918 1370 3024 1424 τῶν
3052 1372 3300 1442 οὐρανῶν
3330 1371 3585 1440 δυνάμεις
3609 1373 3830 1444 καλούμε-

2299 1483 2386 1520 ναι
2413 1465 2548 1536 πρὺς
2578 1465 2676 1536 τὴν
2714 1464 2821 1518 τῶν
2863 1463 3027 1518 αὑτοῦ
3051 1463 3225 1530 λόγων
3256 1462 3522 1534 ἀκρόασιν
3552 1464 3830 1523 ὑπακούουσι

2298 1557 2721 1628 παριστάμεναι,
2755 1556 2916 1620 αὐτὸς
2941 1556 3270 1626 ἀπήγγειλε
3301 1554 3525 1627 Κύριοέν
3557 1559 3644 1610 καὶ
3668 1558 3742 1611 διὰ
3757 1563 3831 1630 τὴν

2295 1649 2518 1720 ἀγάπην
2575 1649 2674 1718 τὴν
2744 1649 2878 1718 πρὸς
2940 1649 3035 1713 σὲ,
3103 1648 3339 1717 φανερόν
3418 1663 3499 1700 σοι
3559 1651 3828 1720 πεποίηκεν.

2298 1743 2504 1809 Ἥγουν
2543 1742 2684 1794 κατὰ
2710 1742 2799 1792 τὸν
2846 1740 3076 1793 Ἀκύλαν
3103 1741 3193 1793 καὶ
3221 1741 3289 1793 Σύ
3300 1759 3536 1812 μμαχον.
3570 1739 3626 1796 Ὀ
3649 1743 3830 1811 ἀγαπη-

599 1839 714 1878 rem
745 1826 921 1894 palam
955 1829 1068 1884 lieri
1101 1832 1343 1887 voluisse
1375 1831 1516 1887 idem
1553 1835 1877 1888 renuntiavit
1900 1833 2183 1892 Dominus.

2293 1834 2393 1898 τὸς
2417 1831 2510 1886 τοῦ
2551 1832 2796 1901 Πατέρος
2828 1833 2922 1885 καὶ
2965 1833 3301 1904 Μονογενὴς,
3333 1833 3496 1896 αὐτὸς
3519 1833 3828 1905 ἀπήγγειλεν

601 1914 720 1977 Vel,
757 1929 815 1971 ut
840 1919 1056 1989 Aquila!
1096 1923 1273 1991 placet
1298 1933 1351 1976 et
1373 1924 1730 1996 Symmacho,
1754 1926 1991 1980 Dilectus
2014 1925 2195 1982 Patris

599 2018 654 2062 et
678 2007 1008 2081 Unigenitus
1041 2014 1155 2084 ipse
1188 2019 1508 2071 renuntiarit
1531 2019 1874 2084 hominibus,
1903 2024 1994 2093 qui
2023 2025 2190 2078 etiam

599 2102 926 2158 uoluntate»:
979 2105 1156 2162 Patris
1211 2109 1540 2178 operabitur,
1589 2112 1720 2167 dum
1757 2130 1878 2182 qua:
1928 2115 2188 2185 pradicta

600 2205 752 2263 sunt,
810 2202 863 2253 in
909 2200 1231 2272 Babylone»:
1288 2205 1544 2270 inducet;
1592 2223 1704 2277 quo
1754 2210 2011 2263 nimirum
2048 2218 2187 2266 tem-

602 2308 732 2362 pore
759 2295 1020 2365 pepulqu
1058 2299 1112 2351 in
1148 2299 1453 2354 libertatem
1483 2311 1757 2356 assertum
1790 2309 1950 2358 terra:
1995 2303 2185 2374 patria:

598 2387 962 2443 restituturus
992 2397 1097 2443 est.
1130 2388 1247 2443 Non
1280 2392 1482 2446 desunt
1510 2400 1692 2447 tamen
1715 2393 1809 2462 qui
1842 2394 2010 2448 verba
2037 2395 2180 2450 ista:

606 2477 818 2535 Vorabo
883 2497 1014 2546 eos,
1077 2491 1125 2534 et
1166 2484 1386 2537 stabunt
1437 2483 1598 2538 simul
1628 2524 1641 2547 ,
1697 2485 1764 2540 de
1815 2485 2017 2541 lsraele
2075 2486 2182 2542 dici

597 2571 981 2639 arbitrentur;
1039 2585 1300 2644 tauquam
1344 2591 1406 2631 se
1458 2576 1796 2644 perlibenter
1844 2579 2180 2648 congregatis

595 2664 710 2720 illis
747 2666 1062 2720 auditurum
1096 2668 1459 2724 demonstret.
1495 2669 1654 2742 545
1697 2670 1828 2736 Quis
1864 2672 2006 2725 Deus
2041 2672 2182 2726 alius

596 2755 835 2812 futuram
868 2759 996 2814 belli
1027 2761 1426 2826 calamitatem,
1457 2772 1620 2832 atque
1653 2764 1769 2834 ipse
1820 2779 1918 2833 per
1951 2764 2186 2834 prephe-

593 2857 678 2903 tas
714 2850 931 2918 singula
980 2854 1132 2920 prius
1178 2852 1439 2906 indicarit
1483 2871 1496 2906 :
1546 2854 1706 2922 cujus
1730 2863 1786 2909 et
1820 2855 1927 2925 ipsi
1973 2856 2184 2910 monita

596 2943 903 3010 aspernati,
949 2943 1186 3009 experiri
1223 2958 1390 3013 quom
1422 2944 1599 3000 vitare
1631 2944 1831 2998 damna
1862 2945 2182 3000 maluerint.

2301 1927 2630 1997 ἀνθρώποις,
2661 1924 2719 1987 ὃς
2751 1925 2845 1978 καὶ
2878 1925 2940 1978 τὸ
2970 1924 3201 1994 θέλημα
3228 1924 3336 1979 τοῦ
3353 1925 3610 1993 Πατέρος
3633 1927 3802 1999 ἐνερῃῇ

2298 2035 2413 2081 σει,
2441 2018 2510 2071 τὰ
2543 2017 2906 2088 προλεχθέντα
2939 2019 3089 2072 κατὰ
3121 2018 3496 2085 Βαϐυλῶνος
3523 2019 3731 2085 ἐπάξων,
3756 2023 3822 2077 ὅτε

2299 2116 2389 2165 καὶ
2411 2113 2508 2182 τὴν
2537 2112 2855 2183 ἐλευθερίαν
2903 2113 2999 2164 καὶ
3044 2113 3143 2182 τὴν
3187 2111 3448 2165 ἐπάνοδον
3479 2113 3732 2181 ἐργάσεται
3748 2116 3816 2170 τοῦ

2294 2205 2445 2260 λαοῦ.
2475 2205 2632 2268 Τινὲς
2659 2204 2717 2258 δὲ
2745 2205 2824 2270 τὸ,
2861 2203 3109 2259 Καλέσω
3138 2204 3386 2270 αὐτοὺς,
3416 2205 3516 2258 καὶ
3554 2205 3818 2270 στήσονται

2291 2293 2430 2361 ἅμα,
2464 2294 2588 2363 περὶ
2612 2292 2722 2346 τῶν
2746 2292 2807 2358 ἐξ
2841 2293 3058 2365 Ἰσραὴλ
3081 2294 3335 2364 εἰρῆσθαί
3369 2311 3555 2363 φασιν.
3593 2295 3672 2358 Ὠς
3697 2297 3825 2366 ἡδέως

2295 2388 2359 2440 Ξιν
2393 2386 2675 2457 ἐπυθόμην
2705 2385 3107 2456 συνηγμένων
3133 2386 3357 2453 αὐτῶν,
3391 2390 3482 2454 τίς
3521 2388 3663 2452 ἄλλος
3687 2390 3827 2451 αὐτοῖς

2291 2479 2424 2541 Θεὸς
2449 2479 2548 2548 τὴν
2598 2481 2662 2532 ἐκ
2688 2478 2782 2533 τοῦ
2831 2478 3070 2549 πολέμου
3131 2481 3531 2550 προμεμήνυκε
3570 2482 3824 2551 συμφορὰν,

2288 2571 2364 2634 ὡς
2396 2569 2506 2640 ἐγὼ
2535 2570 2625 2624 διὰ
2653 2571 2761 2624 τῶν
2802 2570 3100 2642 προφητῶν
3143 2588 3242 2640 μου
3285 2573 3355 2625 τά
3385 2573 3525 2624 κατά
3572 2573 3718 2644 μέρος
3736 2575 3827 2643 ἐδή-

2286 2661 2465 2715 λωσαο
2516 2663 2612 2716 καὶ
2661 2661 2770 2716 τῶν
2816 2663 2966 2733 ἐμῶν
3005 2665 3526 2733 καταφρονήσαντες
3551 2665 3727 2732 λόγων,
3754 2665 3825 2735 τὴν

2285 2757 2395 2807 τῶν
2421 2755 2607 2808 κακῶν
2629 2755 2949 2822 ἀνεμείνατε
2974 2758 3194 2826 πεῖραν.
3223 2755 3321 2818 Τίς
3349 2751 3446 2809 οὖν
3473 2757 3599 2827 ύμῖν
3625 2760 3654 2827 ἡ
3685 2756 3826 2825 ὄνησις

2288 2849 2386 2919 τῆς
2419 2849 2483 2900 ὲκ
2525 2847 2798 2916 δαιμόνων
2833 2849 3096 2917 μαντείας
3125 2848 3280 2902 οὐδὲν
3324 2849 3727 2919 προεγνωκυίας
3745 2849 3826 2902 τῶν

2292 2940 2520 3011 ὕστερον
2543 2958 2558 3006 ;

592 3032 867 3098 Quidnam
927 3034 1094 3105 igitur
1141 3036 1250 3090 illis
1303 3039 1421 3106 ipsa
1482 3037 1791 3092 dminonnni
1859 3038 2174 3093 vaticinatio
2214 3035 2594 3106 profuit,qu:e
2639 3033 2780 3088 nihil
2804 3049 3020 3096 eorum,
3065 3050 3188 3105 quae
3257 3046 3453 3106 postea
3528 3035 3824 3100 acciderunt,

593 3128 898 3199 praevidere
927 3130 1144 3200 potuit?

663 3226 868 3282 Volunt
916 3229 1195 3294 nonnulli,
1233 3245 1350 3296 eos,
1393 3231 1486 3301 qui
1529 3231 1597 3286 de
1645 3229 1890 3301 gentium
1923 3243 2176 3292 numero,
2206 3233 2249 3289 c

591 3333 852 3390 magnum
885 3321 1014 3390 quid
1042 3330 1330 3392 saperent,
1379 3323 1601 3377 invitari
1649 3332 1708 3376 ut
1758 3322 1929 3377 velint
1962 3321 2179 3383 adesse,

591 3410 646 3462 in
679 3410 1036 3481 animuiuque
1089 3413 1374 3474 inducere.
1411 3413 1622 3468 nullum
1657 3410 1762 3468 sibi
1807 3427 1931 3483 quae
1995 3413 2048 3466 in
2079 3427 2180 3482 po-

591 3507 802 3554 sterum
854 3510 1041 3557 essent
1091 3511 1379 3566 eventura,
1410 3503 1760 3574 praedixisse;
1815 3503 1912 3559 sed
1982 3519 2011 3556 a
2067 3503 2179 3557 Deo

591 3594 730 3647 dura
777 3602 831 3649 et
878 3611 1072 3666 aspera
1119 3612 1245 3652 esse
1293 3597 1761 3667 prmsignilicata;
1798 3603 1857 3650 ut
1908 3597 2176 3652 sententia

592 3694 800 3739 unitata
830 3698 1225 3743 revocarentur
1263 3709 1275 3742 :
1311 3689 1550 3760 indeque
1576 3690 1712 3755 lieri,
1747 3691 1891 3760 quod
1938 3699 2084 3743 metu
2109 3690 2176 3742 ad

590 3780 1030 3847 resipisccntiam
1058 3797 1388 3850 provocans,
1417 3799 1542 3854 quae
1567 3795 1799 3839 ventura
1827 3791 2008 3838 essent
2036 3796 2176 3852 pra:-

591 3868 814 3922 dixerit.
873 3868 1078 3923 Deinde
1134 3872 1382 3926 ostendit
1434 3888 1627 3927 eorum
1682 3888 1742 3928 se
1788 3887 1897 3926 non
1959 3872 2177 3939 injurizc

590 3959 1000 4024 recordatione,
1032 3961 1127 4016 sed
1167 3963 1549 4018 benevolentia
1593 3965 1803 4034 potius,
1855 3965 2003 4034 quod
2040 3965 2175 4032 ipsis

590 4051 807 4104 libitum
866 4051 1083 4119 fuisset,
1137 4055 1458 4121 perfecisse.
1509 4057 1646 4111 Cum
1697 4058 1842 4109 enim
1891 4056 2175 4111 Chaldwos

588 4139 695 4195 sibi
758 4143 1035 4210 perpetuis
1099 4144 1514 4199 incursionibus
1572 4145 1919 4200 imminentes
1981 4161 2011 4199 a
2067 4145 2175 4200 Deo

586 4233 760 4288 deleri
817 4246 1117 4306 cuperent;
1179 4235 1232 4290 id
1274 4237 1454 4307 ipsum
1485 4247 1634 4293 certe
1674 4248 1725 4291 et
1760 4239 1849 4293 ille
1897 4240 2172 4310 praestitit,

588 4341 701 4381 non
747 4334 1012 4398 tauquam
1070 4329 1239 4397 justis
1301 4329 1534 4400 gratiam
1575 4329 1887 4391 relaturus,
1941 4329 2036 4384 sed
2076 4345 2174 4400 pro

587 4435 686 4474 sua
725 4420 1082 4491 benignitate.
1111 4437 1324 4491 suoque
1353 4437 1563 4485 amore,
1593 4422 1924 4476 beneﬁciqu
1979 4423 2032 4477 in
2087 4424 2172 4478 in-

588 4519 776 4576 gratos
831 4512 998 4566 etiam
1049 4522 1102 4564 et
1163 4523 1482 4580 peccatores
1539 4513 1934 4569 collocaturus.
1985 4514 2164 4585 Atque

2358 3221 2401 3272 Τ
2405 3220 2510 3284 ινὲς
2533 3220 2591 3276 δέ
2622 3238 2773 3290 φασι,
2798 3223 2928 3286 τοὺς
2956 3222 3100 3293 μέγα
3141 3223 3483 3294 φρονοῦντας
3507 3223 3611 3276 τῶν
3637 3221 3827 3276 ἐθνικῶν

2285 3319 2545 3390 παρεῖναι
2597 3318 2992 3388 προτρέπεται.
3039 3319 3134 3372 καὶ
3167 3319 3305 3392 πρὸς
3335 3318 3466 3373 νοῦν
3493 3318 3742 3384 ἐκλαϐεῖν,
3771 3319 3829 3381 ὡς

2282 3409 2458 3470 οὖδεὶς
2487 3408 2672 3469 αὐτοῖς
2719 3408 2787 3460 τὰ
2833 3409 2973 3478 μετὰ
3013 3410 3241 3480 χρόνους
3279 3411 3518 3480 ἐσόμενα
3547 3408 3826 3481 προύλεγεν.

2282 3501 2456 3564 Αὐτὸς
2477 3500 2535 3554 δὲ
2562 3495 2631 3570 ἦν
2658 3502 2687 3554 ό
2713 3499 2845 3564 Θεὸς
2876 3501 2906 3554 ό
2939 3502 3032 3555 καὶ
3063 3502 3345 3573 προλέγων
3385 3503 3453 3556 τὰ
3493 3503 3728 3574 δυσχερῆ.
3757 3503 3827 3556 καὶ

2287 3588 2726 3660 μετατιθεμένων
2777 3589 3235 3662 ἀνακαλούμενος.
3283 3593 3379 3646 Διὸ
3433 3596 3527 3648 καὶ
3569 3593 3826 3667 προῦλεγεν

2281 3680 2630 3752 ἐπιστρέφων
2659 3681 2738 3753 τῷ
2767 3682 2937 3754 φόϐῳ.
2966 3679 3100 3736 Εἶτα
3128 3683 3428 3749 δείκνυσιν,
3478 3686 3551 3751 ὼς
3577 3687 3634 3740 ού
3667 3702 3825 3756 μνησις

2283 3772 2470 3826 κακῶν
2503 3773 2708 3836 αὐτοῖς,
2753 3774 2984 3841 ἀγαπῶν
3029 3773 3086 3828 δὲ
3134 3775 3456 3830 τούναντίον
3485 3776 3623 3851 ἆπερ
3651 3777 3826 3849 ἤθελον,

2281 3865 2506 3938 ἔπραξε.
2538 3865 2678 3928 Τοὺς
2708 3865 2816 3936 γὰρ
2845 3865 3184 3934 Χαλδαίους
3230 3867 3514 3933 θλίϐοντάς
3537 3887 3594 3922 τε
3627 3871 3710 3922 καὶ
3733 3870 3827 3920 ὲπι·

2279 3958 2596 4025 τιθεμένους
2628 3958 2830 4020 αὐτοῖς,
2887 3958 2977 4011 τὸν
3017 3959 3149 4012 Θεὸν
3191 3959 3487 4028 ἠϐούλοντο
3538 3961 3826 4031 διαφθεῖραι,

2277 4052 2306 4104 ὃ
2333 4051 2398 4122 δὴ
2434 4053 2528 4106 καὶ
2564 4053 2890 4123 πεποίηκεν,
2939 4053 3040 4106 ούκ
3089 4054 3479 4119 ἀνταποδιδοὺς
3517 4055 3590 4118 ὡς
3617 4054 3825 4116 δικαίοις,

2277 4144 2345 4197 δι’
2371 4144 2684 4212 ἀγαθότητα
2713 4143 2769 4196 δὲ
2796 4143 3185 4215 χαρισάμενος,
3218 4146 3426 4217 καίπερ
3484 4144 3828 4218 ἡμαρτηκότας

2279 4235 2532 4304 ἀγαπῶν.
2567 4236 2658 4289 Διὸ
2705 4236 2801 4290 καὶ
2833 4237 2965 4307 πρὶν
3010 4237 3204 4290 παθεῖν
3234 4237 3404 4308 ὑμᾶς,
3434 4241 3682 4309 προεῖπον
3711 4234 3827 4289 ὲκεί-

2279 4345 2384 4382 νων
2408 4329 2506 4399 τὴν
2533 4328 2740 4399 ἔφοδον,
2768 4330 2856 4383 ἵνα
2890 4331 3323 4400 μετανοήσαντες
3355 4331 3632 4400 ἄπρακτον
3657 4328 3824 4394 ταύτην

2278 4421 2568 4490 ποιήσητε.
2632 4420 2740 4484 Οὓς
2790 4429 2813 4456 ⁸
2873 4421 2945 4492 μὴ
3004 4421 3365 4490 πειθομένων,
3422 4421 3673 4475 εύὼδωσα
3729 4415 3824 4471 καθ’

2280 4513 2309 4564 ύ
2320 4513 2454 4582 μῶν,
2483 4513 2753 4566 παιδεύων
2779 4514 2922 4584 ὑμᾶς
2945 4513 3295 4583 ἁμετανόητα
3337 4512 3820 4583 πλημμελήσαντας.

589 4600 720 4654 hinc
755 4610 858 4665 est,
894 4601 1091 4671 inquit,
1121 4604 1268 4672 quod
1322 4604 1646 4675 priusquam
1681 4621 1777 4659 vos
1809 4607 1916 4675 pati
1945 4608 2163 4662 contin-

2287 4605 2426 4668 Γινὲς
2458 4605 2515 4657 δὲ
2549 4605 2641 4658 τὸν
2669 4605 2849 4678 Κῦρον
2881 4605 3191 4659 εύωδῶσθαι
3217 4605 3361 4659 κατὰ
3381 4605 3688 4660 Χαλδαίων
3707 4602 3821 4671 εἰρήο

588 4700 760 4760 geret,
795 4705 985 4745 eorum
1012 4697 1064 4745 in
1094 4708 1190 4746 vos
1222 4694 1628 4764 expeditionem
1662 4697 1920 4766 przrdixi;
1959 4710 2017 4752 ut
2041 4713 2165 4753 cum

589 4781 959 4850 pmuituisset,
1001 4784 1132 4837 nihil
1198 4785 1252 4838 in
1312 4801 1409 4840 vos
1452 4787 1542 4841 illa
1586 4789 1886 4859 quidquam
1939 4791 2163 4845 valeret.

587 4874 721 4942 Quae
755 4891 878 4929 cum
907 4877 1203 4946 impetrare
1230 4894 1339 4932 non
1373 4881 1695 4949 potuissem,
1729 4883 2022 4937 adversum
2066 4899 2166 4939 vos

584 4968 711 5024 ideo
742 4969 1201 5039 progrediendum
1238 4973 1454 5034 censui,
1486 4983 1544 5028 ut
1573 4975 1625 5027 in
1678 4991 1773 5028 eos
1824 4975 2168 5029 animadver-

585 5070 778 5124 tcrcm,
801 5062 892 5130 qui
920 5063 1068 5115 nulla
1095 5071 1454 5134 peccatorum
1480 5068 1821 5135 pceniludiue
1844 5077 2161 5138 tanguntur.

586 5151 728 5206 Sunt
760 5169 889 5208 vero
915 5155 1009 5224 qui
1041 5155 1244 5226 Cyrum
1277 5158 1548 5212 adversus
1577 5157 1860 5213 Chaldmos
1908 5159 2165 5216 Hebraeo-

586 5260 706 5296 rum
738 5245 981 5308 nomine,
1026 5249 1082 5301 in
1104 5264 1242 5318 quos
1273 5249 1349 5301 illi
1381 5248 1640 5303 saeviores
1672 5251 2022 5314 exsisterent,
2047 5252 2170 5306 feli-

583 5335 722 5389 citer
759 5353 910 5392 arma
941 5342 1177 5396 movisse
1205 5341 1566 5396 arbitrentur.
1604 5343 1712 5399 Ista
1740 5345 1930 5414 igitur,
1960 5345 2162 5416 inquit,

583 5444 685 5482 suo
742 5438 990 5500 tempore
1047 5452 1166 5489 sum
1221 5434 1480 5503 deinceps
1538 5438 1905 5505 przestiturus.
1955 5438 2063 5495 Vos
2100 5457 2164 5495 ca

655 5608 704 5640 ³⁸
744 5606 843 5662 lsa.
881 5625 918 5672 ι,
949 5608 1004 5661 9..

2271 4716 2398 4751 κασι
2426 4699 2600 4766 φειδοῖ
2642 4699 2750 4752 τῶν
2795 4699 3085 4770 Ἑϐραίων,
3131 4697 3254 4752 καθ’
3284 4693 3359 4752 ὧν
3397 4698 3727 4763 ἐπεδείξαντο
3750 4693 3819 4761 τὴν

2269 4789 2550 4859 ὠμότητα.
2589 4788 2775 4842 Ταῦτα
2826 4789 2924 4859 μὲν
2969 4783 3064 4842 οὖν
3113 4787 3258 4843 κατά
3297 4787 3493 4859 καιρὸν
3533 4787 3731 4856 ποιήσω
3753 4782 3816 4835 τὸν

2275 4884 2560 4954 μέλλοντα.
2607 4883 2798 4950 Ὑμεῖς
2851 4883 2907 4936 δὲ
2955 4883 3128 4936 ταῦτα
3183 4882 3568 4955 μεμαθηκότες
3617 4882 3717 4934 οὐκ
3763 4877 3811 4927 ἐν

2270 4975 2469 5046 κρυφῇ
2521 4975 2849 5044 λαλούμενα.
2922 4979 3017 5030 σὺν
3070 4977 3237 5047 πολλῇ
3289 4976 3347 5030 δὲ
3407 4978 3472 5047 τῇ
3541 4968 3812 5044 παρρησίᾳ.

2207 5078 2226 5098 ⁸
2269 5070 2434 5139 ἥκετε
2465 5071 2616 5138 πρός
2661 5087 2736 5138 με
2778 5070 3102 5132 σπεύδοντες
3129 5087 3142 5100 ·
3172 5070 3265 5123 καὶ
3325 5070 3434 5140 γάρ
3481 5070 3567 5123 ὅτε
3613 5062 3818 5120 ταῦταὸ

2271 5162 2456 5234 Πατὴρ
2486 5161 2805 5215 ἐϐουλεύετο
2835 5162 2966 5228 παρ’
2999 5163 3149 5233 αὐτῷ
3182 5165 3313 5233 ἡμῖν
3348 5165 3389 5216 ί.
3416 5163 3524 5216 Καὶ
3557 5160 3645 5214 νῦν
3670 5158 3719 5212 δὲ
3744 5153 3819 5208 αύ-

2269 5255 2361 5317 τδς
2389 5256 2417 5306 ό
2448 5253 2658 5326 Πατὴρ,
2684 5255 2775 5308 καὶ
2811 5255 2875 5308 τὸ
2909 5255 3150 5324 Πνεῦμα
3183 5255 3282 5324 τῆς
3333 5255 3637 5324 ἁγιωσύνης
3663 5245 3818 5304 αὐτοῦ

2274 5347 2412 5416 πρὸς
2461 5347 2806 5418 κατόρθωσιν
2852 5365 2918 5418 με
2968 5347 3076 5401 τῶν
3131 5346 3224 5401 ὑπ’
3276 5347 3441 5401 αὐτοῦ
3485 5342 3818 5416 διωρισμένων

2275 5439 2652 5498 ἀπέστειλεν.
2692 5442 2813 5507 Πῶς
2841 5442 2898 5495 δὲ
2938 5444 3049 5497 οὐκ
3091 5442 3162 5495 ἐν
3193 5440 3394 5511 κρυερῇ
3422 5434 3814 5513 προαπήγγειλεο

1872 5708 2105 5764 ΥΛΠΙᾹῦ
2165 5711 2554 5769 LECTIONES

662 5808 685 5839 1
720 5817 803 5869 η),
844 5801 1016 5869 ὑμεῖς,
1104 5813 1120 5838 .4
1155 5818 1238 5867 rp.
1275 5793 1365 5850 (LV.
1454 5805 1463 5830 t
1502 5818 1582 5866 7.1,.
1617 5798 1704 5872 ἦν,
