3940 6548
115 409 274 472 2457
1270 405 1717 468 COMMENTAF

1836 405 1923 466 IN
1981 404 2268 466 ISAIAM.
3066 404 3074 416 “
3256 405 3402 468 2458

109 525 224 580 διὰ
274 525 386 578 τῶν
432 522 726 594 προφητῶν
773 521 942 576 εἰπὼν
990 521 1273 594 ἐναργῶςο
1306 541 1326 575 ι
1379 521 1538 576 Οῦτω
1569 523 1717 592 λέγει

1826 523 2026 589 edocti,
2070 540 2172 577 non
2201 522 2361 587 clam,
2410 521 2505 578 sed
2537 520 2714 594 palam
2755 531 2811 579 et
2838 523 3177 580 conﬁdenter
3219 524 3288 578 ad
3323 543 3406 582 me

111 617 337 686 Κύριος
382 614 463 687 τῷ
486 614 694 686 χριστῷ
737 632 838 684 μου
864 613 1055 685 Κύρῳ,
1098 608 1162 676 οὗ,
1191 613 1471 684 ἐκράτησα
1499 615 1598 683 τῆς
1627 613 1716 666 δε-

1826 610 2098 668 festinate.
2138 615 2250 685 Ego
2275 615 2423 668 enim
2457 629 2582 669 cum
2621 616 2781 670 Patre
2815 624 2946 670 tunc
2980 617 3230 680 aderam,
3278 633 3404 674 cum

1820 704 1887 758 de
1921 704 2079 759 rebus
2111 705 2233 760 istis
2265 705 2558 759 consilium
2609 705 2861 777 agitaret.
2888 705 3008 760 Jam
3060 722 3192 764 vero
3235 716 3291 763 et
3318 725 3404 766 me

113 709 273 772 ξιὰ.
305 727 326 760 ι
362 709 457 761 καὶ
504 708 575 760 τὰ
623 706 751 775 ἑξῆς
779 722 792 736 ·
825 707 935 761 Καὶ
978 707 1078 759 οὐκ
1123 705 1288 758 αὐτοῦ
1323 701 1389 775 ἦν
1421 704 1580 777 ἔργον
1618 704 1718 774 τῆς

1541 788 1718 866 [ψεως.
1825 795 1987 850 Pater
2037 796 2177 864 ipse.
2223 803 2276 848 et
2324 795 2633 850 sanctitatis
2669 796 2905 866 ejusdem
2937 796 3191 865 Spiritus,
3223 800 3290 854 ad
3319 813 3406 866 ea,

113 801 456 865 Βαὸυλῶνος
493 803 526 873 ἡ
572 801 816 873 αἵρεσις,
861 799 995 854 ἀλλὰ
1033 801 1131 869 τῆς
1182 799 1322 868 ἐμῆς
1357 797 1718 867 ἀντιλήψεως.

111 892 356 958 διεταξῦ
395 893 473 958 δὲ,
508 892 693 961 φασὶν,
719 892 842 944 ἐστὶ
899 891 994 945 τοῦ
1034 889 1218 959 Κύρου
1265 888 1438 960 φωνὴ,
1481 887 1566 953 τὸ,
1601 888 1717 941 Κύ-

1831 903 1951 956 quae
1981 887 2049 940 ab
2081 888 2200 954 ipso
2247 885 2465 941 decreta
2494 895 2644 950 sunt,
2701 890 3048 958 exsequenda
3089 891 3406 947 mittendum

99 1001 256 1052 ριος
278 983 632 1039 ἀπέσταλκέ
664 1001 742 1054 με
781 983 878 1037 καὶ
913 983 980 1037 τὸ
1005 983 1244 1051 Πνεῦμα
1269 979 1480 1035 αὑτοῦ.

1830 979 2066 1033 censuit.
2095 977 2196 1042 Qui
2228 978 2424 1031 deinde
2450 994 2552 1030 non
2580 978 2719 1032 clam
2747 978 2904 1049 longe
2934 993 3058 1037 ante
3084 984 3406 1051 praedixisse

115 1093 244 1131 non
299 1077 633 1148 reperiatur,
677 1075 771 1147 qui
813 1091 913 1147 per
959 1075 1254 1145 prophetas
1305 1076 1380 1126 ita
1434 1083 1622 1142 aperte
1666 1071 1925 1138 loquatur
1979 1088 2041 1123 τι
2089 1068 2180 1125 Sic
2230 1069 2367 1124 dicit
2423 1069 2693 1125 Dominus
2775 1073 2986 1127 christo
3037 1090 3160 1129 meo
3236 1074 3402 1146 Cyro,

113 1167 295 1235 cujus
351 1167 686 1237 apprehendi
740 1183 962 1220 manum
1009 1167 1286 1221 dexteram
1330 1165 1400 1228 ",
1444 1184 1462 1216 ι
1497 1170 1552 1218 et
1595 1177 1719 1233 qua:
1759 1164 1991 1233 postea?
2041 1161 2262 1227 Adhmc,
2314 1178 2421 1217 non
2485 1164 2609 1232 ejus
2670 1180 2857 1235 opera,
2890 1165 2982 1219 sed
3023 1183 3144 1221 meo
3194 1168 3403 1223 auxilio

115 1265 290 1327 Capta
319 1267 744 1326 expugnataque
774 1266 856 1310 est
887 1255 1152 1326 Babylon.
1217 1254 1484 1323 Deinceps
1563 1261 1771 1318 autem,
1829 1251 2006 1318 aiunt,
2039 1250 2166 1323 Cyri
2201 1268 2303 1307 vox
2334 1262 2418 1308 est
2441 1253 2569 1314 ista,
2597 1269 2720 1324 quae
2749 1253 2913 1327 546
2945 1256 3194 1328 sequitur
3235 1274 3249 1311 :
3293 1257 3402 1312 Do-

122 1356 312 1408 minus
347 1355 491 1408 misit
517 1370 620 1418 me,
649 1364 700 1408 et
737 1351 972 1418 Spiritus
998 1351 1132 1420 ejus.

204 1451 276 1504 Τδ
307 1449 388 1512 δὲ,
422 1447 522 1502 καὶ
549 1447 686 1512 νῦν,
719 1445 869 1514 δηλοῖ
893 1444 968 1508 ὡς
1001 1445 1050 1498 εἰ
1076 1444 1170 1497 καὶ
1203 1443 1276 1514 μή
1299 1460 1352 1496 τι
1373 1441 1483 1496 τῶν
1511 1441 1717 1514 συμϐε-

125 1542 384 1612 6ηκότων
423 1537 852 1611 προαπηγγελθη
902 1538 1054 1608 παρὰ
1092 1536 1250 1596 Θεοῦ,
1301 1536 1414 1590 ἀλλ’
1463 1536 1571 1590 ἰδοῦ
1622 1533 1719 1587 νῦν

123 1638 226 1688 καὶ
253 1633 440 1704 Κῦρος
465 1631 626 1695 αὐτὸς
649 1631 1006 1702 ὡμολόγηκεν
1036 1629 1142 1682 ὑπὸ
1172 1628 1308 1682 Θεοῦ
1337 1626 1716 1698 συνηργῆσθαι

120 1731 246 1783 τῶν
277 1728 438 1781 ὅλων.
491 1726 678 1779 Ταῦτα
719 1727 828 1794 γὰρ
873 1723 1126 1794 εἰρῆσθαι
1172 1721 1298 1793 περὶ
1353 1721 1518 1774 αὐτοῦ
1561 1719 1714 1790 παρὰ

117 1823 241 1876 τῶν
271 1820 638 1891 αἰχμαλώτων
695 1817 905 1888 μαθὼν,
959 1814 1226 1884 ἀναγνούς
1267 1832 1326 1868 τε
1364 1815 1462 1885 τὴν
1502 1832 1716 1886 προφη-

1895 1438 2102 1494 Deinde
2150 1438 2295 1510 quod
2353 1447 2404 1492 et
2452 1455 2592 1492 nunc
2649 1438 2932 1507 habetur,
2985 1439 3205 1496 etiamsi
3267 1441 3404 1496 nihil

1821 1545 2036 1596 eorum,
2095 1547 2215 1600 quae
2268 1531 2612 1596 acciderunt,
2672 1548 2702 1585 a
2755 1531 2864 1587 Deo
2915 1541 3045 1587 ante
3081 1531 3399 1602 praedictum

1821 1631 1988 1685 esset,
2029 1637 2157 1678 ecce
2189 1632 2370 1676 tamen
2416 1622 2582 1677 etiam
2627 1637 2773 1677 nunc
2815 1623 3016 1693 Cyrum
3051 1624 3404 1694 praepotentis

1821 1712 1917 1768 Dei
1961 1715 2170 1768 auxilio
2215 1713 2466 1769 confecta
2529 1729 2652 1769 esse
2705 1716 2952 1784 proliteri
2981 1723 3236 1771 testatur.
3267 1716 3404 1770 Cum

1819 1805 1966 1860 enim
1997 1805 2102 1860 ista
2130 1805 2197 1860 de
2229 1821 2288 1860 se
2316 1821 2345 1859 a
2377 1807 2609 1876 captivis
2640 1806 2928 1862 didiciscet
2955 1808 3232 1878 usurpari,
3273 1824 3409 1879 pro-

115 1915 307 1976 τείαν,
345 1915 636 1983 γράμματι
680 1910 878 1980 χρῆται
916 1907 1180 1978 βασιλικῷ
1201 1910 1258 1960 ἐν
1290 1908 1498 1979 Ἔσδρα
1535 1907 1717 1977 κειμέ-

1829 1897 2183 1967 pbetiamque
2223 1899 2464 1968 legisset,
2525 1899 2787 1954 mamlan
2851 1902 3023 1970 regio,
3073 1900 3219 1970 quod
3259 1898 3406 1970 apud

115 2026 224 2077 νεῳ,
279 2008 376 2060 καί
409 2006 643 2071 λέγοντι·
683 2002 863 2056 σΤάδε
923 2000 1070 2068 λέγει
1112 2001 1140 2052 ὁ
1191 1999 1444 2069 βασιλεὺς
1497 1996 1722 2068 Περσῶν

115 2101 356 2171 Κῦροςο
405 2098 536 2166 Ἐμὲ
591 2095 831 2161 ἀνέδειξε
873 2093 1097 2163 βασιλέα
1163 2093 1260 2162 τῆς
1323 2091 1645 2161 οἰκουμένης
1693 2091 1722 2144 ὁ

113 2194 339 2264 Κύριος
401 2189 496 2243 τοῦ
553 2186 771 2258 Ἰσραὴλ
797 2185 1042 2255 ὕψιστος,
1076 2202 1094 2236 ι
1145 2183 1241 2237 καὶ
1278 2184 1346 2238 τὰ
1385 2182 1533 2250 ἑξῆς.
1563 2181 1720 2243 Τινὲς

111 2285 174 2338 δὲ
206 2285 294 2347 τὸ,
338 2283 558 2351 Κύριος
595 2275 947 2333 ἀπέσταλκέ
967 2293 1063 2345 με,
1107 2274 1296 2328 καὶτὸ
1336 2273 1575 2342 Πνεῦμα
1609 2274 1718 2327 αὐ-

110 2377 257 2440 τοῦ,
286 2375 397 2429 ἀπὸ
433 2370 724 2444 προσώπου
765 2368 859 2423 τοῦ
883 2370 1162 2439 προφήτου
1220 2366 1472 2436 λελέχθαι
1529 2366 1715 2434 φασὶν,

111 2466 366 2521 Ὀτικαὶ
413 2464 604 2535 πρώην
646 2463 774 2532 ὑμῖν
807 2460 1008 2531 obuiis»)
1071 2459 1245 2530 γωνία
1287 2458 1592 2526 λελάληκα,
1625 2457 1720 2510 καὶ

111 2560 216 2611 νῦν
251 2558 407 2611 οὐδὲν
438 2551 602 2628 ἧττον
640 2556 705 2607 ἐκ
737 2553 872 2606 Θεοῦ
906 2551 1180 2620 πεμφθεὶς
1207 2552 1329 2621 ἥκω
1355 2551 1488 2619 πρὸς
1521 2549 1720 2619 ὑμετέο

113 2671 226 2723 ραν
257 2649 550 2718 ὠφέλειαν,
575 2665 642 2702 πε
653 2648 704 2718 ρ).
739 2647 848 2698 τών
871 2645 1052 2705 αὐτῶν
1076 2642 1334 2704 πολλάκις
1360 2641 1555 2705 λαλῶν,
1580 2639 1716 2694 Θεοῦ

117 2749 226 2814 μὲν
255 2743 622 2812 πέμποντος,
655 2737 991 2808 ὑπηχοῦντος
1037 2735 1094 2788 δὲ
1125 2734 1220 2788 τοῦ
1252 2734 1595 2800 Πνεύματος
1623 2732 1716 2786 τοῦ

114 2840 303 2908 ἁγίου.
342 2838 560 2890 Ἄκουε
603 2826 869 2894 τοίνυν,ὧ
920 2829 1192 2897 Ἰσραὴλ,
1232 2827 1266 2880 ἆ
1321 2844 1379 2878 σε
1423 2826 1659 2879 διδάσκει
1685 2827 1720 2879 ό

116 2930 470 3000 ρυσὰμενός
511 2944 586 2982 σε
638 2926 873 2994 Κύριος.
915 2923 1178 2993 Μέμνησο
1227 2920 1328 2974 τοῦ
1384 2919 1530 2973 Θεοῦ
1577 2934 1715 2972 σου.

121 3025 316 3078 Ταῦτα
365 3022 474 3092 γάρ
503 3019 584 3074 σοί
633 3035 778 3088 φημι
832 3014 976 3086 ὑπὲρ
1007 3015 1100 3067 τοῦ
1143 3013 1344 3083 εὑρεῖν
1371 3012 1514 3067 ὁδὸν
1542 3029 1715 3082 σωτη-

128 3117 270 3190 ρίας,
300 3115 361 3179 ὃς
389 3115 437 3166 εἰ
474 3112 569 3166 καὶ
597 3111 696 3181 τὴν
738 3107 912 3180 ἀρχὴν
946 3105 1230 3176 ἐπείσθης,
1256 3106 1546 3174 ἀπείρατος
1574 3098 1718 3173 ἦσθα

129 3207 339 3261 κακῶν.
383 3203 684 3274 Ἐπλήθυες
707 3201 751 3254 δ’
782 3201 847 3252 ἂν
873 3201 943 3252 ἐν
962 3197 1172 3267 εἰρήνῃ
1217 3197 1315 3250 καὶ
1361 3195 1716 3262 δικαιοσύνῃ

1831 1990 2061 2046 Esdram
2096 1992 2312 2060 legitur,
2338 1991 2601 2046 utendum
2631 1997 2868 2058 censuit,
2900 1994 2952 2047 in
2980 1994 3125 2048 hunc
3149 1995 3402 2048 modum:

1834 2103 1853 2137 ι
1890 2082 2016 2138 Haec
2052 2085 2186 2138 dicit
2211 2084 2503 2142 Persarum
2537 2103 2628 2140 rex
2661 2086 2870 2156 Cyrus:
2906 2086 2988 2140 Me
3035 2101 3217 2157 regem
3253 2086 3406 2142 orbis

1829 2177 2067 2230 universi
2097 2177 2428 2230 renuntiavit
2452 2177 2596 2232 Deus
2627 2177 3168 2244 lsraelexcelsus“,r
3199 2189 3255 2233 et
3281 2194 3408 2250 quae

1828 2267 2108 2336 deinceps.
2141 2267 2403 2323 Nonnulli
2434 2269 2598 2324 verba
2625 2269 2729 2322 ista
2769 2289 2782 2324 :
2824 2271 3084 2324 Dominus
3125 2271 3267 2324 misit
3301 2287 3400 2335 me,

1826 2372 1873 2417 et
1898 2361 2132 2431 Spiritus
2164 2361 2300 2432 ejus,
2341 2364 2393 2416 in
2423 2365 2698 2433 propheta:
2729 2379 2959 2434 persona
2991 2363 3099 2418 dici
3129 2363 3406 2418 arbitrari—-

1826 2465 1954 2522 tur;
1994 2465 2252 2526 tanquam
2293 2471 2352 2511 se
2388 2456 2544 2525 prius
2575 2456 2712 2510 nihil
2742 2457 2854 2510 illis
2880 2457 2936 2510 in
2969 2456 3171 2526 angulo
3193 2454 3404 2510 dixisse

1826 2546 2130 2616 signiticet:
2166 2563 2312 2602 nunc
2343 2556 2524 2602 autem
2550 2564 2609 2602 se
2635 2563 2664 2601 a
2689 2548 2798 2603 Deo
2830 2549 3060 2602 missum
3085 2548 3150 2602 ad
3183 2564 3405 2603 eorum—

1825 2639 1950 2694 dem
1988 2642 2278 2697 utilitatem
2328 2642 2613 2704 accedere,
2668 2645 2844 2712 deque
2905 2644 3100 2697 iisdem
3158 2655 3405 2712 persaepe

1825 2731 1938 2785 Deo
1985 2733 2204 2800 quidem
2241 2734 2362 2800 ipso
2393 2734 2650 2797 mittente,
2686 2735 2778 2788 sed
2818 2733 3024 2802 Spiritu
3050 2742 3244 2789 sancto
3272 2747 3403 2788 suc-

1825 2825 2044 2878 cinente
2089 2834 2142 2879 et
2200 2826 2554 2894 suti‘ragante,
2581 2827 2822 2882 locutum
2878 2844 3022 2884 esse.
3075 2829 3217 2882 Audi
3248 2844 3402 2900 ergo,

1825 2915 2026 2983 inquit,
2061 2915 2256 2981 Israel,
2307 2933 2428 2986 quae
2479 2927 2531 2972 te
2569 2920 2659 2974 ille
2707 2921 2868 2974 docet
2898 2920 3178 2986 Dominus,
3231 2923 3320 2990 qui
3355 2931 3405 2976 te

1825 3007 2088 3062 liberavit.
2137 3009 2452 3065 Memineris
2494 3011 2584 3065 Dei
2638 3014 2737 3065 tui.
2802 3013 2923 3068 llaec
2977 3016 3122 3067 enim
3185 3014 3283 3068 tibi
3337 3015 3406 3069 de

1826 3101 2136 3154 invenienda
2179 3103 2376 3156 salutis
2423 3105 2506 3156 via
2565 3113 2772 3174 repeto,
2835 3106 3037 3175 quibus
3080 3106 3126 3160 si
3161 3108 3403 3173 primum

1827 3195 2130 3261 paruisses,
2160 3195 2425 3249 malorum
2457 3212 2654 3266 expers
2681 3239 2694 3263 ,
2727 3199 2881 3268 inque
2912 3214 3041 3266 pace
3089 3209 3136 3252 et
3161 3199 3401 3268 justitia,

123 3297 231 3350 τῶν
279 3294 533 3350 ἐντεῦθεν
588 3289 772 3345 καλῶν
821 3287 1169 3357 ποταμηδόν
1214 3303 1300 3339 σοι
1339 3285 1574 3358 ῥεόντων
1624 3285 1717 3336 καὶ¹

1826 3289 1982 3345 bonis
2031 3291 2129 3345 tibi
2164 3292 2292 3345 aliis
2339 3298 2504 3360 atque
2537 3293 2657 3346 aliis
2687 3293 2971 3361 ﬂuviorum
3023 3295 3228 3359 instar,
3279 3302 3406 3347 tan-

122 3386 307 3442 ἅλλων
345 3383 433 3436 ἐπ’
463 3382 662 3444 ἄλλοις,
703 3381 785 3445 ὡς
822 3377 1102 3447 κυμάτων
1125 3377 1446 3443 θαλάττης.
1495 3376 1719 3443 Ἤγουν,

123 3477 606 3545 ἀνανταγώνιστον
657 3469 805 3543 εἶχες
836 3470 1086 3540 δύναμιν,
1119 3468 1194 3532 ώς
1225 3469 1479 3538 ποταμοί
1531 3485 1589 3520 τε
1628 3468 1722 3521 καὶ

123 3572 441 3628 miluum.
460 3565 567 3620 Ἦν
593 3567 636 3620 δ’
659 3566 723 3620 ἄν
758 3581 849 3617 σου
873 3564 967 3618 καὶ
994 3563 1060 3616 τὸ
1085 3564 1342 3630 σπέρμα,
1377 3562 1562 3631 φησὶν,
1593 3563 1722 3614 ἁνα-

128 3665 424 3736 ρίθμητον,
459 3659 737 3730 πολεμίων
771 3656 983 3727 ἐφόδοις
1009 3657 1069 3708 οῦ
1097 3656 1508 3725 δαπανώμενον.
1545 3656 1617 3708 Τὸ
1663 3655 1721 3708 δὲ

127 3756 280 3824 χοῦς
315 3752 423 3820 τῆς
478 3751 613 3822 τῆς,
672 3749 911 3819 κέγχροι
963 3747 1076 3817 γῆς
1125 3746 1396 3812 ἐξέδωκαν
1428 3747 1478 3799 οἱ
1517 3746 1716 3799 λοιποί.

125 3846 433 3918 Σωματικὰ
463 3845 520 3898 δὲ
560 3843 779 3911 λέγεται
825 3840 960 3911 πρὸς
1013 3839 1378 3908 σωματικούς.
1427 3837 1617 3902 Ἀξὶως
1661 3839 1720 3892 δὲ

129 3943 283 3997 Θεοῦ
333 3943 506 3994 νοοῖτο
555 3936 792 4006 σπέρμα
830 3933 1084 4004 ’1σραὴλ’.
1133 3933 1261 4002 περὶ
1289 3926 1350 3984 οῦ
1398 3934 1459 3984 eo
1500 3931 1663 4002 ῥηθέν
1703 3949 1716 3962 ·

133 4054 152 4086 ι
179 4035 244 4088 Εἰ
283 4034 359 4103 μὴ
394 4030 598 4100 Κύριος
645 4025 873 4081 Σαϐαὼθ
908 4024 1265 4093 ἐγκατέλιπεν
1306 4024 1436 4093 ἡμῖν
1476 4023 1717 4094 σπέρμα,

125 4129 200 4191 rb;
278 4127 489 4194 Σόδομα
539 4123 605 4176 ἂν
652 4119 1033 4190 ἐγενήθημεν,
1075 4137 1093 4170 ι
1145 4116 1430 4186 δηλοῦντος
1485 4118 1614 4180 τοὺς
1661 4116 1720 4181 ἐξ

139 4217 416 4273 Ἰουδαίων
475 4213 896 4273 πιστεύσαντας.
945 4209 1188 4281 Πατέρες
1243 4209 1352 4279 γὰρ
1395 4208 1503 4261 τῶν
1544 4209 1720 4263 ἄλλων

129 4314 382 4382 gramm
425 4309 551 4371 τοὺς
603 4305 926 4378 προσιόντας
977 4301 1446 4371 ἁναγεννήσαντες
1475 4341 1490 4364 ,
1535 4302 1583 4354 οἳ
1618 4303 1719 4354 οὐκ

132 4405 186 4469 ἐξ
226 4401 522 4473 αἱμάτων,
576 4395 691 4451 ἀλλ’
736 4398 800 4449 ἐκ
851 4393 988 4447 Θεοῦ
1039 4391 1427 4460 ἐγεννήθησαν.
1481 4391 1719 4460 Εὓλογον

131 4492 224 4550 οῦν
295 4493 645 4564 ἀλληγορεῖν.
711 4483 1049 4557 Σωματικῶς
1109 4484 1218 4553 γὰρ
1297 4484 1544 4539 Ἰουδαῖοι
1623 4486 1718 4538 καὶ

131 4587 563 4660 παραϐαίνοντες
617 4582 716 4645 τὰς
774 4579 992 4640 ἐντολὰς
1031 4576 1479 4648 ἐπληθύνθησαν,
1529 4577 1604 4640 ώς
1658 4577 1719 4631 τὸ

131 4680 297 4750 ῥητὸν
353 4677 556 4747 μᾶλλον
604 4673 843 4744 ἁρμόσαι
898 4671 976 4742 τῷ
1032 4669 1210 4738 νοητῷ
1255 4669 1372 4739 μεθ’
1420 4670 1720 4740 ὑποστολῆς

128 4771 308 4839 λέγων
335 4810 349 4833 ,
406 4772 457 4823 εὶ
499 4767 606 4833 τὰς
645 4763 896 4828 ἐντολὰς
944 4761 1255 4830 ἐτήρησαν
1306 4760 1472 4814 τῶνδε
1511 4765 1714 4831 τυχεῖν.

131 4865 304 4918 Οὐδὲν
344 4862 456 4933 γὰρ
508 4862 652 4931 μέγα
697 4859 758 4912 τὸ
814 4854 1149 4927 σωματικῶς
1201 4853 1504 4925 σκωλήκων
1558 4855 1717 4926 δίκην

131 4954 422 5026 πληθύειν.

1823 3399 1982 3453 quam
2031 3384 2195 3438 maris
2231 3384 2388 3437 undis
2425 3384 2794 3451 afﬂuentibus,
2837 3396 3034 3442 auctus
3067 3395 3121 3440 et
3151 3386 3407 3440 cumula-

1824 3484 1913 3531 tus
1950 3477 2202 3533 vixisses.
2249 3476 2307 3530 Id
2363 3488 2487 3544 est,
2546 3489 2988 3549 propugnatores
3041 3495 3158 3541 eos,
3204 3478 3406 3549 quibus

1823 3585 1928 3622 non
1960 3574 2136 3638 magis
2167 3583 2328 3638 quam
2358 3569 2672 3638 ﬂuminibus
2699 3613 2713 3635 ,
2765 3578 2858 3623 aut
2896 3571 3034 3624 mari
3075 3570 3207 3625 nihil
3239 3578 3408 3641 queat

1823 3662 2101 3723 resistere,
2137 3662 2449 3716 habuisses.
2497 3663 2716 3716 Fuisset
2746 3678 2874 3716 vero
2924 3673 2977 3716 et
3033 3680 3206 3718 semen
3256 3674 3405 3717 tuum

1823 3755 2249 3818 innumerabile,
2287 3755 2454 3809 nullis
2489 3755 2748 3809 videlicet
2782 3755 3021 3809 hostium
3066 3755 3404 3810 incursioni-

1821 3847 1923 3900 bus
1963 3848 2328 3902 inunimitum.
2358 3850 2428 3900 At
2461 3863 2556 3916 pro
2590 3863 2701 3916 quo
2723 3847 2893 3914 pulvis
2921 3857 3074 3902 terra:
3098 3848 3364 3902 habemus
3385 3888 3402 3913 ,

1822 3939 1971 3992 milia
2032 3949 2185 3993 terra?
2241 3940 2437 4008 reliqui
2497 3941 2926 4010 interpretantur
2971 3959 2984 3995 :
3028 3940 3306 4004 nimirum,
3345 3949 3406 3995 ut

1821 4032 2130 4100 corporalia
2151 4049 2274 4085 cum
2303 4034 2509 4088 crassis
2538 4034 2857 4088 hominibus
2885 4048 3052 4104 agens
3079 4042 3400 4103 usurparet.

1820 4122 1938 4178 Non
1988 4125 2262 4180 innuerito
2320 4136 2498 4180 autem
2553 4125 2651 4179 Dei
2707 4141 2880 4179 semen
2931 4125 3020 4179 ille
3060 4125 3404 4194 intelligatur

1820 4214 2026 4281 Israel,
2077 4216 2144 4270 de
2186 4217 2385 4285 quibus
2417 4218 2519 4270 l'uit
2548 4227 2603 4269 et
2633 4217 2767 4270 illud
2803 4227 2962 4270 antea
3021 4224 3350 4285 usurpatum
3381 4230 3397 4268 :

1825 4326 1844 4359 ι
1885 4307 2001 4362 Nisi
2039 4309 2198 4363 nobis
2251 4308 2514 4362 Dominus
2562 4309 2803 4363 Sabaoth
2840 4309 3151 4378 reliquisset
3187 4324 3399 4374 semen,

1821 4407 2080 4468 tauquam
2115 4399 2348 4456 Sodoma
2392 4401 2516 4455 facti
2561 4400 2861 4456 fuissemus
2889 4401 2969 4466 ⁹⁷;
3009 4419 3027 4452 ι
3078 4408 3135 4453 ιιι
3163 4415 3280 4464 eos,
3310 4400 3404 4469 qui

1821 4492 1978 4546 (idem
2008 4494 2239 4562 amplexi
2273 4502 2458 4548 essent
2490 4493 2781 4547 indicaret.
2828 4492 3016 4546 Patres
3055 4493 3201 4546 enim
3247 4500 3404 4547 crete-

1823 4585 1901 4639 ris
1931 4586 2282 4650 exstiterunt,
2316 4601 2439 4639 cum
2461 4601 2556 4639 eos
2584 4585 2660 4652 ad
2689 4602 2747 4639 se
2779 4586 3273 4640 venientesiterum
3307 4602 3404 4657 ge-

1823 4685 2062 4730 nuerunt
2093 4678 2189 4746 qui
2223 4693 2330 4731 non
2372 4693 2436 4732 ex
2471 4677 2850 4748 sanguinibus,
2884 4677 2979 4732 sed
3027 4693 3093 4732 ex
3134 4679 3242 4733 Deo
3284 4678 3399 4733 nati

1817 4779 1944 4825 sunt
1988 4770 2056 4824 ³³.
2092 4768 2185 4826 Est
2217 4771 2386 4840 igitur
2419 4770 2715 4839 allegorice
2752 4771 2901 4841 loqui
2937 4781 3394 4826 consentaneum.

1815 4862 2190 4932 Corporaliter
2215 4862 2360 4917 enim
2390 4859 2633 4929 Judzeos,
2687 4862 2902 4916 etiamsi
2948 4864 3236 4933 praeceptis
3285 4879 3399 4918 non

1823 4956 2125 5026 paruerint,
2141 4955 2435 5026 propagari
2463 4955 2930 5025 multiplicarique
2953 4953 3112 5026 547
3135 4957 3394 5026 contigit;

133 5051 367 5118 ideoque
397 5043 725 5114 intelligibili
770 5041 945 5111 magis
966 5040 1173 5094 dictum
1203 5037 1338 5092 illud
1371 5044 1700 5112 conveniat,
1780 5049 1926 5119 quod
1965 5049 2208 5102 adhibita
2267 5048 2547 5112 cautione,
2610 5047 2659 5102 si
2740 5057 2999 5117 praecepta
3052 5049 3396 5102 servaverint,

133 5147 256 5202 istis
293 5143 594 5214 potiturum
627 5148 858 5195 asserat.
890 5136 1079 5207 Neque
1115 5137 1260 5192 enim
1287 5152 1544 5207 maguum
1569 5143 1699 5212 quid
1737 5158 2174 5218 consequentur,
2204 5147 2251 5202 si
2318 5161 2424 5217 qua
2466 5146 2683 5201 ratione
2751 5147 3004 5202 videmus
3035 5145 3087 5199 in
3119 5144 3399 5200 vermibus

135 5239 294 5299 edici,
323 5251 561 5306 corpore
597 5233 1056 5302 niultiplicentur.

201 5332 360 5392 Τινὲς
379 5330 434 5383 δέ
454 5329 536 5392 τὸ,
569 5327 812 5397 Δέδειχά
838 5343 937 5381 σοι
957 5326 1062 5381 τοῦ
1093 5325 1292 5395 εὑρεῖν
1315 5343 1388 5381 σε
1421 5329 1539 5397 τὴν
1555 5331 1699 5386 dear

135 5421 388 5495 εἰρῆσθαί
416 5437 601 5490 φασιν,
641 5419 715 5482 ώς
749 5419 858 5472 τῶν
911 5418 971 5483 ἐξ
1008 5417 1224 5488 Ἰσραὴλ
1258 5417 1562 5488 λεγόντωνο
1595 5423 1719 5488 Πῶς

137 5513 241 5566 υπὸ
267 5513 326 5565 σὲ
349 5511 629 5574 τελοῦντες
674 5509 900 5563 τοιαῦτα
939 5509 1290 5580 πεπόνθαμεν
1330 5511 1379 5564 οἱ
1422 5513 1593 5568 πάλαι
1622 5519 1718 5586 ῥυ-

140 5605 356 5667 σθέντες
402 5605 470 5658 ἐκ
520 5601 722 5674 Φαραὼ
791 5601 881 5654 διὰ
947 5601 1046 5671 τῆς
1077 5601 1178 5671 σῆς
1221 5602 1438 5674 ἀμάχου
1501 5607 1714 5679 ῥοπῆςς

142 5695 383 5762 Ἔδειξὰ
410 5712 508 5752 σοι
529 5697 660 5769 γὰρ,
685 5695 874 5766 φησὶν,
895 5691 1042 5747 ὁδὸν
1073 5695 1492 5764 σωτηρίας,τὸν
1517 5700 1679 5772 νόμον
1701 5719 1716 5735 ο

206 5878 252 5912 ’⁵
293 5877 398 5934 lsa.
432 5894 521 5946 ιν,
568 5879 616 5934 1.
694 5881 739 5912 ’⁸
778 5881 795 5932 Ι
829 5879 987 5940 Esdr.
1045 5897 1083 5946 ι,
1125 5884 1178 5938 ‘2.

1891 5333 2032 5390 Sunt
2073 5348 2238 5404 porro
2265 5333 2540 5399 nonnulli,
2574 5332 2670 5402 qui
2727 5333 2889 5388 verba
2938 5331 3039 5387 ista
3074 5348 3086 5383 :
3121 5329 3293 5385 Docui
3325 5341 3397 5397 te,

1820 5435 1878 5479 ut
1900 5427 2152 5480 invenires
2179 5425 2338 5490 uiam,
2372 5433 2635 5494 tanquam
2684 5425 3057 5480 lsraelitarum
3091 5438 3212 5478 esse
3248 5439 3401 5479 asse-

1817 5528 1963 5582 rant,
1997 5519 2086 5587 qui
2123 5519 2420 5589 loquantur
2447 5519 2502 5572 in
2571 5519 2716 5572 hunc
2761 5517 2984 5572 modum
3031 5516 3182 5582 :Qui
3213 5517 3316 5573 sub
3343 5525 3398 5572 te

1821 5614 2077 5682 degentes
2119 5612 2250 5666 talia
2305 5610 2450 5681 passi
2483 5624 2699 5676 sumus,
2730 5609 2824 5680 qui
2863 5616 2961 5664 tuo
2995 5608 3126 5664 olim
3164 5610 3396 5678 inexpu-

1818 5705 2018 5776 gnabili
2058 5705 2264 5760 auxilio
2323 5703 2624 5761 Pharaonis
2681 5719 2904 5760 manum
2954 5702 3272 5761 evasimus?
3317 5700 3412 5758 Te.-

1293 5886 1336 5916 ³⁷
1379 5885 1484 5939 lsa.
1519 5900 1557 5948 ι,
1591 5884 1645 5938 9.
1723 5881 1767 5915 ’⁸
1802 5880 1964 5958 Joan.
1997 5898 2038 5948 ι,
2076 5883 2164 5938 15.
