3998 6390
561 303 706 369 2459
790 276 797 283 ’
1887 302 2140 365 PROCO]

2184 302 2234 363 [Ι
2269 301 2513 363 ϐΑΖιλΕΙ
3642 304 3763 369 2460

559 413 706 468 enim
741 411 858 483 ipse
877 413 1014 468 viam
1043 412 1255 479 salutis,
1281 412 1336 469 id
1361 422 1466 480 est,
1491 412 1684 484 legem,
1725 412 1918 477 docui;
1940 429 2126 483 quam,

2194 411 2288 474 ,ὃν
2336 411 2494 482 εἴπερ
2562 407 2754 480 ἦθελὲς
2802 400 2862 460 εὖ
2922 405 3217 477 πράττειν,
3255 402 3567 472 ἐφύλαττες.
3598 406 3773 466 Νῦνδὲ

561 506 608 559 si
640 503 869 560 feliciter
897 504 1093 576 degere
1142 504 1446 571 voluisses,
1502 505 1796 561 observare
1833 504 2126 560 debueras.

2231 503 2505 574 παραϐὰς,
2558 501 2657 556 καὶ
2690 501 2830 572 πρὸς
2878 497 3327 570 είδωλολατρείαν
3367 498 3613 568 τραπεὶς,
3656 519 3776 573 περ.

559 592 765 651 Verum
796 594 927 664 quia
956 610 1074 649 eam
1103 603 1483 665 transgressus
1514 595 1582 649 ad
1616 595 1889 650 idolorum
1924 596 2130 650 cultum

2232 597 2419 669 εδόθης
2467 595 2709 666 ἐχθροῖς·
2765 591 2860 647 καὶ
2907 591 3029 646 οὐδὲ
3092 589 3236 644 οὕτω
3286 590 3549 656 παγγενεὶ
3576 589 3636 642 δι’
3659 592 3774 665 ἐμὴν

565 695 620 743 te
645 686 953 750 contulisti,
983 687 1038 740 in
1067 687 1305 741 hostium
1340 694 1665 757 potestatem
1699 688 1913 741 venisti.
1945 688 2132 757 Neque

2232 688 2641 759 φιλανθρωπίαν
2663 685 3157 753 ἑξωλοθρεύθητε.
3199 682 3513 752 Τετήρηται
3534 682 3636 753 γὰρ
3661 703 3774 738 παν-

564 786 749 832 tamen
781 778 857 833 ita
888 785 942 832 te
970 793 1066 846 pro
1092 792 1209 831 mea
1242 778 1621 833 benevolentia
1669 778 1916 833 funditus
1940 781 2134 833 exstir-

2231 780 2395 852 ταχοῦ
2419 781 2481 833 τὸ
2511 778 2861 846 κατάλειμμα
2920 776 3001 847 τῷ
3035 774 3299 845 Ἰσραήλ..
3338 774 3430 827 Διό
3465 790 3548 826 σοι
3590 777 3677 829 καὶ
3701 777 3778 831 νῦν

562 866 682 936 pari
721 866 1166 934 exterminarique
1190 881 1384 935 passus
1415 882 1567 933 sum;
1608 868 1703 936 qui
1739 867 1941 937 ubique
1966 868 2135 923 Israe-

2233 873 2298 925 ἐκ
2354 867 2714 934 Βαϐυλῶνος
2764 866 2964 931 ἐξιέναι
3016 864 3196 934 φημὶ,
3256 861 3336 932 μὴ
3387 862 3484 915 σὺν
3520 862 3660 934 φόϐῳ
3702 871 3777 921 καὶ

563 958 632 1011 lis
665 957 924 1026 reliquias
950 960 1222 1012 asservari
1254 959 1533 1014 voluerim.
1588 959 1797 1027 Itaque,
1833 967 1887 1013 et
1940 968 1993 1013 te
2020 960 2131 1026 jam

2234 961 2463 1024 ύπτίως,
2496 959 2704 1030 σπουδῇ
2736 958 2795 1012 δὲ
2834 956 3162 1025 κεχρημένῳ
3204 952 3402 1023 πολλῇ,
3453 956 3546 1006 καὶ
3599 958 3780 1024 φωνὴν

562 1046 853 1117 Babylone,
883 1063 991 1102 non
1017 1062 1162 1103 metu
1190 1059 1624 1111 conaternalum,
1651 1050 1745 1105 sed
1777 1051 1960 1105 studio
1995 1051 2134 1104 (idn-

2232 1040 2613 1121 εὐφροσύνης
2635 1049 2846 1119 βοῶντι.
2885 1048 2972 1110 Ὠς
3007 1047 3116 1115 γὰρ
3146 1044 3259 1115 ήὲξ
3290 1042 3565 1111 Αἰγύπτου
3592 1047 3778 1116 γέγονεν

562 1139 755 1209 ciaque
778 1156 941 1210 quam
995 1141 1229 1195 maxima
1274 1142 1472 1196 laetitia:
1503 1159 1674 1197 vocem
1722 1144 2131 1211 inclamantem,

2234 1145 2409 1211 ἔξοδος
2438 1144 2573 1197 πᾶσι
2602 1145 2719 1205 τοῖς
2745 1140 2953 1193 ἔθνεσιν
2999 1137 3248 1207 ἐμφανὴς
3275 1136 3496 1207 (Φαραὼ
3529 1138 3624 1207 μὲν
3676 1142 3780 1194 ἀνθ-

563 1230 744 1295 egredi
822 1232 967 1286 volo.
1053 1230 1125 1286 Ut
1205 1233 1351 1286 enim
1414 1233 1503 1286 illa
1560 1233 1811 1303 gentibus
1880 1234 2135 1289 onmibus

2238 1235 2556 1306 ισταμένου,
2585 1233 2966 1306 πληττομένων
2990 1231 3047 1284 δὲ
3083 1228 3194 1282 τῶν
3222 1229 3558 1296 Αἰγυπτίων,
3595 1231 3716 1302 πρὸς
3733 1234 3779 1287 δν

565 1320 861 1393 (Egyptiis
893 1333 945 1378 et
980 1323 1270 1379 Pharaone
1294 1324 1514 1388 deletis,
1541 1302 1701 1394 quem
1731 1341 1788 1379 se
1819 1326 1871 1379 in
1907 1327 2007 1379 hoc
2037 1340 2133 1380 ex-

2236 1302 2428 1398 φησιν’
2483 1328 2578 1390 Είς
2612 1324 2770 1378 τοῦτο
2796 1302 3076 1393 Ῠὲξήγὲιρά
3102 1337 3183 1384 σε,
3229 1321 3381 1382 ὅπως
3413 1320 3714 1391 ἐνδείξωμαι
3735 1325 3780 1377 ὲν

563 1416 790 1478 citasse,
855 1422 916 1467 ut
962 1414 1016 1467 in
1076 1414 1267 1469 eodem
1304 1417 1533 1484 gloriam
1590 1431 1743 1469 suam
1799 1420 2132 1482 ostenderet,

2237 1418 2320 1468 σοὶ
2362 1414 2460 1485 τὴν
2481 1413 2709 1482 δύναμίν
2742 1414 2890 1481 μου),
2918 1410 3091 1473 οὕτως
3117 1409 3289 1479 ἐχρῆν
3341 1409 3479 1478 μηδὲ
3504 1410 3596 1479 τὴν
3619 1413 3678 1464 ὲκ
3698 1411 3782 1466 Βα-

564 1504 850 1559 allirmavit
902 1505 1165 1560 Dominus
1200 1506 1268 1577 θ’)
1301 1522 1367 1561 ex
1398 1506 1634 1578 [Egypto
1671 1510 1907 1562 innotuit
1951 1519 2135 1565 trans-

2235 1508 2469 1571 6υλῶνος
2499 1506 2767 1577 λύτρωσιν
2792 1504 3043 1574 γενέσθαι
3095 1505 3247 1574 σιγῇ,
3310 1500 3607 1570 δοξολογεῖν
3632 1504 3682 1555 δὲ
3710 1506 3782 1558 τὸν

564 1596 824 1660 migratio
854 1611 867 1647 :
912 1597 993 1649 sic
1024 1604 1077 1651 et
1099 1597 1256 1650 istam
1293 1596 1361 1650 de
1390 1596 1663 1668 Babylone
1706 1601 2131 1670 redemptionem

2235 1601 2537 1672 λυτρωτὴν.
2573 1618 2593 1651 ι
2621 1599 2779 1668 Φωνὴ
2822 1597 2932 1668 γὰρ
2964 1597 3343 1664 ἀγαλλιάσεως
3398 1593 3492 1647 καὶ
3543 1597 3782 1667 σωτηρίας

564 1686 793 1741 minime
846 1687 1002 1742 decet
1070 1689 1360 1750 occultari.
1425 1691 1519 1744 sed
1557 1706 1623 1744 ex
1662 1706 1724 1743 ea
1775 1692 2133 1769 redemptoris

2238 1695 2298 1747 ὲν
2359 1694 2585 1765 σκηναῖς
2631 1690 2877 1745 δικαίων.
2914 1708 2934 1741 ι
2983 1687 3183 1759 Ἐχρῆν
3221 1685 3335 1756 γὰρ
3402 1686 3462 1737 ἐν
3517 1685 3783 1755 διηγήσεως

565 1775 793 1845 gloriam
817 1776 1157 1833 innotescere
1191 1785 1246 1833 et
1277 1778 1582 1849 praedicari.
1607 1796 1627 1830 ι
1665 1777 1780 1834 Vox
1808 1781 1977 1844 enim,
2012 1782 2142 1835 scri-

2191 1770 2219 1824 3
2244 1787 2431 1857 τρόπῳ
2450 1784 2747 1853 δοξολογεῖν
2772 1782 2915 1836 κατά
2940 1781 3034 1834 τὸν
3080 1780 3259 1848 μέγαν
3289 1777 3455 1831 Δαείδ
3477 1793 3491 1807 ·
3521 1796 3539 1829 ι
3582 1779 3770 1849 Εὑδόκη.

564 1866 712 1920 bitur
784 1868 1170 1924 exsultationis
1249 1880 1306 1925 et
1391 1870 1587 1927 salutis
1642 1871 1698 1926 in
1781 1871 2143 1926 tabernaculis

2246 1895 2366 1943 σας,
2398 1877 2591 1950 Κύριε,
2618 1876 2719 1947 τὴν
2748 1877 2852 1946 γῆν
2882 1890 3000 1937 σου,
3046 1870 3400 1942 ὲπέστρεψας
3426 1869 3525 1941 τὴν
3542 1871 3779 1941 αἰχμαλωι

564 1958 839 2029 justorum
869 1961 910 2015 ³.
940 1979 958 2012 ι
983 1959 1223 2030 [Equum
1244 1962 1390 2016 enim
1413 1960 1590 2017 fuerat
1620 1963 1951 2017 narrationis
1984 1962 2143 2017 modo

2245 1971 2366 2025 σίαν
2409 1969 2629 2024 Ἰακώϐ.
2685 1968 2927 2036 Ἀφῆκας
2982 1965 3081 2029 τὰς
3128 1963 3369 2034 ἀνομίας
3424 1962 3501 2033 τῷ
3548 1963 3655 2035 λαῷ
3686 1981 3774 2029 σου,

567 2050 762 2105 laudes
788 2051 925 2107 istas
980 2051 1287 2117 decantari,
1329 2053 1473 2107 sicut
1503 2069 1531 2107 a
1571 2053 1772 2108 Davidc
1811 2055 2010 2109 factum
2039 2064 2143 2122 est,

2244 2059 2523 2130 ὲκάλυψας
2546 2059 2724 2120 πάσας
2754 2059 2854 2120 τὰς
2900 2054 3178 2125 ἁμαρτίας
3198 2054 3411 2107 αὐτῶν.
3445 2072 3465 2105 ι
3503 2053 3700 2109 Ἑαυτὸν
3728 2056 3770 2109 δὲ

569 2143 661 2197 ubi
697 2144 814 2198 ait:
848 2163 868 2196 ι
901 2142 1226 2213 Suscepisti,
1279 2145 1526 2212 Domine,
1566 2155 1766 2200 terram
1807 2155 1975 2210 tuam,
2008 2162 2146 2201 con-

2243 2151 2457 2214 δεικνὺς
2509 2151 2714 2202 ἐκεῖνον
2772 2148 2903 2200 ὄντα
2957 2146 3047 2201 τὸν
3072 2146 3141 2199 δι’
3180 2142 3414 2213 ἐρήμου
3445 2144 3772 2213 πάλαιδιαγα.

567 2235 781 2290 vertisti
824 2236 1197 2304 captivitatem
1250 2236 1441 2293 Jacob.
1491 2238 1770 2293 llemisisti
1827 2241 2146 2308 iniquitates

2244 2240 2411 2310 γόντα
2438 2241 2529 2294 τὸν
2570 2238 2806 2309 Ἰσραὴλ,
2834 2237 3022 2308 φησὶν,
3050 2235 3128 2299 ὡς
3156 2236 3225 2289 Εἰ
3251 2233 3418 2288 πάλιν
3448 2233 3658 2304 ἐδεήθης
3672 2249 3777 2304 σχι·

569 2328 772 2397 populo
807 2335 940 2393 tuo;
1006 2329 1269 2397 operuisti
1327 2331 1511 2383 omnia
1549 2340 1771 2399 peccata
1814 2347 2002 2385 eorum
2036 2333 2078 2386 ’.
2123 2351 2141 2382 ι

2248 2330 2498 2399 ζομένης
2536 2328 2757 2399 πέτρας
2781 2326 2932 2395 πρὸς
2965 2326 3184 2393 ὓδατος
3207 2323 3525 2396 χορηγίαν.
3548 2319 3612 2394 ἦν
3638 2325 3694 2378 ἄν
3718 2342 3782 2376 σοι

569 2417 774 2472 Verum
839 2429 899 2473 ut
931 2420 1180 2475 eumdem
1235 2437 1294 2475 se
1349 2437 1472 2476 esse
1502 2421 1864 2482 demonstret.
1892 2425 1982 2493 qui
2017 2424 2146 2478 olim

2247 2425 2340 2477 καὶ
2376 2421 2534 2476 τοῦτο
2552 2423 2632 2485 είς
2671 2422 2773 2491 τὴν
2814 2418 3074 2473 Ἰουδαίαν
3103 2416 3399 2487 βαδίζοντι.
3422 2417 3511 2487 Μὴ
3537 2416 3782 2487 γενόμενον

570 2507 826 2564 lsraelem
864 2525 958 2580 per
1005 2511 1271 2565 desertum
1324 2512 1566 2567 traduxit
1609 2512 1724 2567 fore
1767 2516 2076 2584 pollicetur,
2101 2514 2148 2568 si

2245 2515 2303 2568 δὲ
2353 2513 2471 2567 καθ’
2537 2512 2800 2583 ἱστορίαν,
2845 2510 2990 2564 οὕτω
3039 2510 3186 2572 τινὲς
3233 2508 3631 2579 ηλληγόρησαν.
3683 2509 3782 2569 Τοῖς

572 2601 656 2653 vel
677 2609 878 2663 petram
937 2603 1130 2656 iterum
1163 2606 1400 2658 scindere
1441 2607 1496 2658 in
1533 2623 1794 2675 aquarum
1853 2606 2149 2660 subsidium

2248 2603 2626 2674 αἰχμαλωσίας
2684 2600 3154 2672 ἠλευθερωμένοις
3206 2597 3311 2667 τῆς
3356 2597 3550 2666 νοητῆς
3587 2596 3698 2665 περὶ
3725 2589 3781 2648 ὦν

571 2709 710 2762 opus
750 2696 841 2759 sit,
879 2704 934 2748 et
967 2695 1111 2749 istud
1163 2698 1241 2750 illi
1288 2700 1452 2752 etiam
1506 2703 1559 2752 in
1641 2697 1881 2752 Iudaeam
1930 2700 2148 2767 proficio

2247 2697 2433 2764 ἔλεγεν
2448 2698 2476 2748 ὁ
2492 2694 2747 2766 Χριστὸς,
2772 2690 3244 2760 Εὐαγγελίσασοαι
3271 2693 3509 2760 πτωχοῖς
3522 2687 3784 2741 ἀπέσταλκε

574 2783 747 2838 secuti
782 2800 888 2839 non
924 2785 1263 2840 defuturum.
1312 2787 1467 2854 Quud
1512 2790 1638 2856 quia
1685 2790 1860 2860 reipsa
1896 2791 2008 2859 geri
2043 2806 2149 2844 non

2252 2806 2341 2858 με,
2376 2785 2611 2857 κηρύξαι
2638 2783 3003 2855 αἰχμαλώτοις
3073 2784 3293 2851 ἄφεσιν,
3319 2780 3382 2833 τὸ
3429 2778 3631 2845 λογικὸν
3669 2779 3783 2846 νάμα

575 2876 823 2947 contigit,
879 2877 946 2931 ad
1005 2879 1322 2947 allegoriam
1384 2881 1463 2935 sic
1521 2882 1765 2934 nonnulli
1826 2882 2148 2938 retulerunt.

2248 2881 2348 2950 τῆς
2376 2879 2636 2953 ἀληθινῆς
2684 2878 2949 2931 ἐκδίδοται
3008 2874 3252 2943 πέτρας.
3293 2874 3360 2926 Ἡ
3404 2872 3461 2926 δὲ
3497 2872 3654 2940 πέτρα
3684 2865 3784 2940 ἧνό

575 2965 669 3025 lis.
707 2967 799 3033 qui
853 2970 1171 3037 captivitate
1212 2971 1541 3040 intelligibili
1589 2974 1804 3028 liberati
1858 2984 2037 3039 erant,
2086 2977 2153 3030 de

2250 2972 2504 3043 Χριστὸς,
2537 2971 2679 3025 κατά
2709 2972 2801 3024 τὸν
2835 2968 3177 3033 Ἀπόστολον,
3222 2966 3287 3028 ὃς
3312 2966 3406 3019 καί
3449 2978 3625 3035 φησιν·
3658 2980 3673 3014 ι
3711 2964 3785 3023 ’ος

574 3058 777 3121 quibus
835 3058 1090 3115 Christus
1141 3063 1256 3131 ipse
1296 3066 1642 3133 loquebatur,
1676 3082 1799 3118 cum
1842 3078 1982 3120 seut
2020 3083 2153 3136 pau-

2207 3117 2221 3134 ,
2256 3066 2319 3118 ἂν
2345 3064 2441 3134 πίῃ
2468 3067 2528 3116 ἐκ
2549 3063 2642 3116 τοῦ
2676 3063 2891 3126 ’ύδατοςκ
2922 3056 2982 3114 οῦ
3021 3060 3134 3128 ἐγὼ
3159 3060 3345 3120 δώσω,
3382 3058 3609 3125 ποταμοὶ
3637 3056 3693 3106 ὲκ
3709 3052 3786 3121 τῆς

576 3151 804 3220 peribus
828 3155 1255 3220 evangelizaret,
1278 3166 1331 3209 et
1356 3159 1589 3228 captivis
1610 3160 1988 3213 remissionem
2019 3176 2153 3228 prae-

2208 3149 2222 3170 ⁶
2257 3156 2463 3220 κοιλίας
2492 3154 2656 3209 αὑτοῦ
2694 3154 2977 3225 ῥεύσουσιν
3018 3153 3208 3214 ὓδατος
3248 3150 3478 3213 ζῶντος.
3514 3166 3532 3198 ι
3572 3148 3650 3208 Ὠς
3673 3144 3787 3197 ave

576 3244 805 3308 dicaret,
838 3246 1067 3298 missum
1092 3263 1214 3303 esse
1238 3249 1467 3312 diceret,
1496 3249 1660 3320 548
1691 3252 1971 3305 rationalis
2001 3268 2155 3322 aquae

2261 3250 2334 3318 μὴ
2367 3247 2661 3317 νομίσωσιν
2721 3247 2770 3299 οί
2823 3248 2880 3298 ὲν
2934 3245 3119 3306 αὐτοῖς
3166 3241 3391 3304 ἀσεϐεῖς
3433 3240 3522 3293 καὶ
3540 3238 3603 3291 δι’
3628 3236 3790 3293 αὐτοὺς

575 3336 728 3389 rivus
757 3334 821 3390 de
848 3346 995 3405 petra
1036 3338 1281 3392 veritatis
1333 3341 1610 3393 emanavit
1651 3340 1691 3392 ³.
1740 3342 1899 3395 Petra
1948 3352 2152 3408 autem,

2256 3342 2538 3409 γεγονέναι
2590 3341 2690 3408 τῆς
2742 3337 2994 3407 ἀφέσεως
3039 3335 3139 3408 τὴν
3165 3335 3481 3404 ὑπόσχεσιν,
3506 3330 3595 3383 καὶ
3637 3325 3786 3397 τὴνὲξ

577 3426 754 3495 inquit
820 3429 1138 3495 Apostolus,
1191 3440 1311 3484 erat
1363 3432 1620 3487 Christus
1650 3432 1709 3495 δς
1748 3435 1907 3502 cujus
1953 3444 2007 3487 et
2053 3435 2153 3488 ista

2257 3434 2424 3501 αὐτῆς
2455 3432 2861 3501 εὐφροσύνην,
2879 3429 3087 3482 τούτων
3115 3429 3318 3490 αὐτοὺς
3358 3423 3654 3493 ἀλλοτρίους
3701 3421 3786 3472 ἀπ-

577 3528 744 3574 sunt:
783 3538 801 3571 ι
834 3518 935 3586 Qui
971 3522 1168 3576 biberit
1231 3538 1451 3590 aquam,
1506 3541 1668 3593 quam
1710 3541 1810 3593 ego
1855 3526 2016 3591 dabo,
2047 3524 2152 3580 ﬂu-
2259 3525 2478 3596 έφηνεν.

577 3616 725 3669 mina
755 3615 821 3669 de
853 3627 1046 3671 ventre
1108 3618 1227 3687 ejus
1268 3618 1437 3673 ﬂuent
1474 3636 1631 3688 aqum
1666 3621 1799 3675 vivae
1826 3622 1889 3676 δ’.
1923 3621 2264 3685 rCmterum,
2300 3637 2369 3675 ne
2394 3620 2489 3689 qui
2542 3620 2686 3673 inter
2751 3632 2846 3673 eos
2884 3626 3178 3670 versantur
3240 3611 3419 3682 impii,
3487 3615 3688 3678 propter
3741 3618 3787 3657 se

578 3711 739 3765 etiam
773 3712 942 3764 venia:
968 3714 1385 3781 promissiOnem
1422 3714 1534 3768 lieri
1564 3716 1990 3782 arbitrarentur,
2031 3717 2233 3769 lwlitia:
2265 3730 2453 3770 eorum
2490 3721 2743 3782 expertes
2781 3711 2897 3765 fore
2947 3711 3098 3779 ipsos
3137 3705 3530 3775 pronuntiavit.

647 3800 910 3858 Nonnulli
948 3794 1369 3877 Babyloniorum
1442 3811 1663 3863 nomine
1714 3809 1914 3879 impios
1947 3809 2143 3881 signiti-

2328 3807 2485 3871 Τινὲς
2518 3806 2574 3859 δὲ
2601 3805 2820 3868 ἀσεϐεῖς
2840 3804 2965 3866 τοὺς
2992 3799 3364 3862 Βαϐυλωνίους
3384 3793 3783 3865 είρῆσθαίφασινν

578 3892 694 3946 cari
722 3893 1069 3949 arbitrantur
1103 3897 1195 3963 qui
1238 3897 1430 3951 ultioni
1482 3900 1693 3963 traditi,
1731 3900 1801 3954 iis
1829 3901 2157 3955 exsultanti-

2255 3903 2305 3954 οἳ
2364 3898 2759 3972 παραδοθέντες
2816 3896 3037 3951 κολάσει
3119 3893 3335 3965 χαίρειν
3392 3892 3488 3943 οὐκ
3526 3881 3676 3955 εἶχον,
3700 3882 3784 3934 τῶν

580 3985 703 4048 bus,
728 3984 820 4054 qui
856 3985 1121 4052 redempti
1170 3994 1378 4050 essent,
1431 3989 1669 4056 gaudere
1729 4004 1838 4043 non
1875 3999 2151 4059 poterant.

2254 3993 2676 4064 λελυτρωμένων
2705 3990 3025 4062 χαιρόντων.
3061 3987 3219 4046 Τινὲς
3236 3985 3294 4037 δέ
3326 4000 3506 4054 φασιν,
3532 3980 3610 4031 ἴνα
3633 3977 3696 4047 μὴ
3715 3973 3786 4025 διὰ

579 4074 780 4130 Putant
803 4075 918 4138 alii,
954 4090 1020 4129 ne
1050 4090 1265 4141 eorum,
1306 4093 1427 4146 quae
1482 4078 1628 4132 dicta
1675 4088 1828 4143 sunt,
1875 4081 2155 4149 voluptate

2252 4088 2352 4155 τὴν
2384 4085 2492 4138 τῶν
2524 4083 2797 4153 ῥηθέντων
2843 4080 3040 4151 ἡδονὴν
3086 4077 3453 4135 ύπτιάσαντες
3504 4067 3786 4155 {Samariam-

578 4169 720 4238 capti
753 4170 948 4238 supine
1002 4184 1061 4222 se
1092 4178 1147 4222 et
1195 4170 1533 4238 negligenter
1564 4181 1856 4241 gererent;
1891 4182 2150 4243 tanquam

2265 4196 2369 4243 σιν,
2404 4178 2479 4240 ὠς
2507 4176 2724 4238 πάντως
2755 4173 2934 4227 αὐτῶν
2961 4170 3297 4240 τευξόμενοι,
3316 4167 3417 4222 κᾶν
3436 4162 3634 4219 ἀσεϐεῖς
3659 4151 3782 4215 ὦσιν,

578 4275 642 4315 ea
670 4261 915 4323 omnino,
949 4261 1302 4328 quantumvis
1355 4262 1519 4330 impie
1552 4264 1814 4324 viverent.
1854 4264 2154 4335 adepturos

2257 4267 2403 4334 ἅπαξ
2419 4266 2702 4339 εἰρηκότος
2750 4263 2906 4325 Θεοῦ,
2943 4262 3109 4332 φόϐον
3146 4261 3335 4313 αὐτοῖς
3365 4255 3503 4323 ὑπὲρ
3529 4243 3784 4342 ἀσφαλείας

578 4351 807 4409 dixisset
834 4350 1015 4416 Deus;
1051 4360 1254 4406 metum
1310 4352 1444 4423 ipsis
1490 4369 1588 4424 pro
1625 4356 1927 4411 securitate
1972 4356 2156 4411 immi-

2256 4362 2586 4431 ὲπήρτησεν.
2611 4356 2722 4411 Καὶ
2788 4356 2904 4419 πῶς
2935 4357 3044 4424 γὰρ
3079 4353 3144 4407 ἄν
3192 4369 3277 4413 τις
3328 4345 3682 4417 εὐφραίνοιτο
3710 4350 3780 4431 του

581 4463 710 4502 uere
742 4444 1135 4502 demonstrari.
1166 4447 1267 4514 Qui
1320 4450 1464 4503 enim
1524 4449 1702 4504 lwtari
1740 4452 2030 4521 quisquam
2064 4470 2157 4506 va-

2257 4429 2548 4523 τῆςὴχαρᾶς
2590 4450 2874 4522 στερηθεὶς
2926 4445 3200 4518 χορηγοῦ;
3264 4445 3330 4496 Δί
3362 4442 3469 4511 γὰρ
3501 4429 3779 4501 ἐπαγγελίαι

580 4541 709 4605 leat,
744 4541 838 4611 qui
873 4556 961 4603 eo,
989 4556 1018 4594 a
1051 4556 1159 4610 quo
1194 4543 1382 4597 laetitia
1413 4543 1818 4612 suppeditatur,
1848 4546 2155 4601 exciderit?

2204 4555 2229 4606 )
2257 4548 2369 4607 τοῖς
2399 4544 2724 4611 φυλάττουσι
2752 4543 2976 4613 βέϐαιοι.
3004 4539 3110 4591 ἰὀῦ
3137 4536 3271 4590 Θεοῦ
3303 4535 3412 4604 γὰρ
3456 4533 3486 4601 ἡ
3524 4526 3783 4613 πρόγνωςις

582 4629 720 4684 Sunt
749 4630 892 4683 enim
919 4629 1007 4692 iis,
1038 4645 1068 4683 a
1104 4631 1305 4700 quibus
1353 4633 1741 4699 observantur,
1781 4643 1945 4689 certa:
1979 4645 2032 4688 et
2075 4637 2158 4689 in-

2257 4637 2317 4701 ἐξ
2340 4636 2585 4705 ἀνάγκης
2614 4612 2814 4706 ἀρετὴν
2834 4634 2896 4687 ού
2939 4633 3102 4685 ποιεῖ.
3142 4629 3270 4682 Ἰδοὺ
3323 4628 3432 4695 γὰρ
3464 4619 3691 4691 προέγνω
3715 4612 3781 4706 fit!

581 4722 842 4775 dubitataa
895 4724 1291 4791 promissiones
1350 4742 1364 4779 :
1426 4740 1602 4796 neque
1663 4727 1754 4781 Dei
1805 4728 2157 4798 praecognitio

2268 4700 2684 4792 Ἰακὼϐ-ἀγαθὸν
2715 4700 3103 4794 γενησόμενον.
3155 4719 3265 4772 Καὶ
3307 4718 3494 4784 γέγονε
3543 4707 3605 4761 δι’
3628 4700 3779 4758 ἑαυτὸν

580 4812 842 4866 virtutem
875 4814 1129 4883 cuiquam
1176 4831 1244 4871 ex
1285 4819 1614 4873 necessitate
1675 4828 1957 4888 operatur.
2015 4823 2155 4876 Ecce

2256 4816 2480 4886 ἀγαθὸς,
2527 4818 2626 4886 οὐχ
2678 4816 2759 4868 ὅτι
2812 4813 3182 4884 προέγνωστο.
3213 4808 3303 4861 Διὸ
3332 4813 3423 4860 καὶ
3460 4798 3718 4865 εὐλογῆται
3742 4798 3774 4840 υ.

581 4905 750 4967 enim,
810 4921 937 4959 ctnn
990 4905 1256 4963 Iacobum
1300 4910 1417 4967 fore
1455 4912 1730 4982 integrum
1790 4914 2151 4983 prmvidisset,

2254 4913 2347 4965 Δεῖ
2389 4910 2481 4964 οῦν
2542 4911 2615 4980 μὴ
2645 4908 2931 4979 ῥᾳθυμεῖν,
2966 4903 3101 4959 Θεοῦ
3135 4903 3196 4956 τὸ
3219 4901 3414 4970 μέλλον
3452 4890 3776 4990 προλέγονοτοςσ

585 4997 777 5053 taliset
823 4999 941 5067 ipse
988 5015 1081 5069 per
1114 5016 1194 5063 se,
1228 5017 1336 5056 non
1363 5003 1494 5074 quia
1534 5005 1806 5074 prazvisus
1831 5015 1998 5071 esset,
2024 5022 2153 5061 eva-

2254 5004 2327 5057 Τὸ
2348 5003 2686 5067 δὲ,¹¹Εξελθε
2712 5002 2785 5054 ἐκ
2802 4996 3183 5061 Βαϐυλῶνος,
3213 4996 3307 5048 καὶ
3334 4991 3491 5044 τόπον
3504 4982 3598 5084 Δκαὶ
3618 4982 3775 5084 τρῗσῗον

583 5090 677 5152 sit,
731 5090 964 5160 vitaeque
998 5092 1325 5161 probitatem
1362 5065 1481 5164 ipsa
1515 5095 1614 5149 viri
1650 5104 1839 5150 secula
1868 5105 1951 5151 est
1985 5098 2155 5152 bene.-

2251 5065 2536 5164 ἀμείϐειν
2569 5091 3006 5164 παρακελεύεται
3059 5088 3225 5158 μηδὲν
3276 5078 3630 5173 ἐπαγομένους
3676 5065 3777 5173 ᾖθοξ

583 5184 769 5237 dictio.
802 5184 961 5239 Decet
990 5186 1158 5257 igitur
1199 5185 1378 5241 lntura
1402 5188 1469 5243 de
1498 5189 1659 5245 nobis
1684 5189 2016 5259 praedicente
2036 5188 2155 5247 Deo

2251 5186 2612 5248 XaJrSatxer,
2664 5180 2962 5253 οἰωνισμοῦ
2991 5198 3049 5234 τε
3082 5181 3177 5233 καὶ
3210 5176 3481 5249 μαντείας,
3506 5167 3592 5259 καὶ

586 5275 721 5328 nihil
760 5277 974 5343 snpine,
1007 5240 1141 5331 nihil
1173 5240 1977 5350 negligenteragere:Deinde,
1993 5240 2155 5350 quod

2543 5240 2951 5345 καθαρεύοντας
3002 5240 3235 5337 πλάνης..
3289 5264 3456 5317 Τοῦτο
3506 5256 3567 5350 δὲν
3594 5250 3673 5305 κειὶ
3706 5240 3776 5350 έτξὶ

584 5367 761 5436 egredi
790 5368 853 5420 de
880 5365 1150 5437 Babylone
1182 5346 1376 5438 jubet;
1438 5378 1491 5424 et
1533 5346 1734 5437 locum,
1758 5380 1811 5424 et
1846 5346 2158 5426 mores-im-

2253 5370 2472 5425 πάντων
2499 5366 2759 5439 ἁρμόσειε
2788 5364 2895 5416 τῶν
2925 5361 3117 5415 ἐθνῶν.
3142 5359 3299 5420 Τινὲς
3329 5357 3385 5409 δὲ
3411 5353 3487 5411 τὸ,
3522 5346 3774 5414 ΙῙριπσαῖτῖ’

659 5483 703 5514 ³³
731 5479 900 5536 Exod.
922 5492 1141 5539 utetiv.
1202 5484 1383 5541 ‘Psal.
1410 5499 1539 5550 cxu,
1570 5486 1655 5541 15.
1733 5488 1752 5516 ’
1784 5485 1929 5542 Psal.
1961 5503 2184 5551 LXXXIV»
2215 5489 2238 5542 Ξ

2215 5489 2269 5543 5.
2331 5487 2351 5519 ³
2386 5485 2519 5539 Luc.
2551 5499 2622 5541 tv,
2662 5479 2853 5545 18,l9.
2932 5480 2951 5509 ⁵
2977 5476 3136 5532 lCor.
3167 5491 3221 5538 κ,
3261 5475 3304 5528 ί.
3384 5474 3418 5500 κ·
3447 5466 3571 5516 Joan
3612 5444 3774 5515 ru,5iu

1862 5645 2087 5703 VARLE
2130 5638 2535 5699 LECTIONES.

664 5742 694 5773 α
719 5754 808 5803 γρ.
834 5737 1158 5806 εὐλογεῖται-
