3998 6390
557 307 702 372 2463

1838 311 2190 374 PROCOPII
2232 311 2478 372 GAZFEI

3655 314 3777 380 2464

559 417 636 473 De
657 428 806 475 utero
831 425 1017 478 matris
1065 441 1192 480 mea:
1239 423 1548 479 recordatus
1609 436 1685 481 est
1736 428 1963 481 nominis
2003 427 2125 480 mei.

2234 422 2367 497 ζωὴ,
2391 426 2488 478 καὶ
2519 426 2656 495 φῶς,
2694 425 2879 493 σοφία,
2916 427 3008 478 καὶ
3063 423 3314 493 δύναμις,
3344 427 3438 478 καὶ
3474 427 3539 480 τὰ
3560 431 3774 490 τοιαῦτα.

558 509 760 565 llabnit
797 514 944 568 enim
1004 523 1132 570 ante
1188 515 1585 571 incarnationis
1642 526 1858 587 tempus
1909 517 2134 572 nomina

555 602 754 659 divinae
778 615 984 661 natura:
1015 623 1279 678 congrua.
1323 607 1484 669 Deus,
1514 609 1649 674 vita,
1683 608 1892 667 lumen.
1914 609 2134 678 sapien-

556 696 654 753 tia.
697 697 892 759 virtus.
949 708 1003 754 et
1051 701 1251 754 similia
1291 719 1304 754 :
1339 701 1431 755 sed
1481 701 1760 764 Christus,
1797 709 1852 755 et
1873 700 2054 766 Jesus,
2081 709 2136 756 et

555 788 845 844 nobiscum
905 790 1068 854 Deus,
1116 793 1182 844 ad
1239 808 1324 857 ea,
1358 809 1480 861 qua:
1525 794 1901 848 teconomiam.
1943 803 2131 848 secuta

557 890 708 943 Sunt,
771 889 1018 950 tempora
1073 883 1407 938 referuntur.
1443 884 1594 939 Unde
1635 895 1768 940 sunt
1805 895 1862 940 et
1896 885 1987 939 illa
2025 884 2134 939 Ga-

561 971 750 1027 brielis
779 974 844 1026 ad
876 974 1155 1044 Virginem
1193 994 1206 1030 :
1247 995 1266 1028 ι
1305 976 1369 1031 Et
1395 979 1574 1046 paries
1606 977 1798 1043 lilium,
1829 989 1882 1032 et
1908 977 2133 1032 vocabis

560 1076 755 1116 nomen
781 1064 904 1131 ejus
936 1063 1188 1131 Jesum";
1234 1087 1253 1118 ι
1293 1068 1456 1136 cujus
1506 1075 1568 1122 ut
1617 1068 2132 1138 interpretationem

557 1152 800 1218 doceret,
840 1174 859 1208 ι
894 1156 1017 1225 lpse
1064 1160 1211 1212 enim
1258 1160 1519 1228 populum
1580 1176 1740 1216 suum
1799 1175 1830 1215 a
1891 1161 2134 1231 peccatis

555 1261 748 1301 eorum
799 1247 1052 1302 liberabit
1072 1250 1116 1315 ³,
1159 1269 1177 1300 ι
1215 1250 1490 1319 adjunxit.
1529 1253 1597 1304 At
1635 1252 1927 1307 nobiscum
1971 1249 2130 1315 Deus,

553 1351 621 1392 ex
660 1347 868 1394 natura:
897 1348 950 1394 et
1005 1343 1327 1397 (economiae
1371 1344 1580 1400 ratione
1635 1344 1870 1399 inditum
1920 1354 2039 1410 est;
2075 1353 2134 1400 ut

550 1428 710 1484 Jesus
770 1447 800 1484 a
854 1431 1115 1489 facultate
1162 1444 1216 1489 et
1245 1436 1472 1490 viribus.
1509 1437 1738 1493 llndeet
1764 1437 2131 1500 Salvatorem,

554 1522 610 1576 id
655 1533 742 1578 est
787 1525 1096 1592 Christum,
1145 1529 1196 1582 in
1234 1527 1458 1584 Davidis
1495 1531 1721 1585 civitale
1772 1541 1957 1585 natum
1988 1547 2131 1597 esse,

553 1616 872 1683 pastoribus
900 1619 1337 1675 nuntiatumest.
1370 1620 1483 1676 Nec
1516 1639 1644 1677 vero
1670 1623 1815 1677 aliud
1849 1623 2130 1693 Christus,

552 1719 714 1774 quam
747 1714 970 1762 tinctum
1013 1710 1308 1778 signiﬁcat,
1344 1712 1492 1780 quod
1527 1721 1678 1767 certe
1741 1723 1868 1768 ante
1905 1729 2133 1770 (Bcono-

2235 517 2310 571 Τὸ
2353 517 2409 570 δὲ
2436 517 2692 586 Χριστὸς,
2723 518 2818 570 καὶ
2861 516 3086 588 Ἰησοῦς,
3111 517 3228 580 καὶ,
3251 517 3386 571 Μεθ’
3422 519 3572 589 ἡμῶν
3599 524 3626 574 ὁ
3649 522 3778 588 Θεὸς,

2238 610 2375 680 μετὰ
2405 610 2502 679 τὴν
2530 611 2843 675 οἰκονομίαν
2865 609 3116 680 ἁρμόδια.
3140 609 3366 678 Ἔλεγεν
3389 611 3496 681 γὰρ
3518 613 3544 664 ὁ
3575 613 3779 687 Γαϐριὴλ

2237 707 2304 775 τῇ
2342 703 2622 774 Παρθένῳ,
2651 724 2668 756 ι
2709 705 2816 757 Καὶ
2854 705 2981 776 τέξῃ
3007 705 3142 767 υίὺν,
3184 704 3276 757 καὶ
3307 704 3552 768 καλέσεις
3569 708 3778 779 τὸόνομα

2235 792 2398 846 αὐτοῦ
2433 794 2669 861 Ἰησοῦν
2691 809 2703 822 ·
2755 812 2772 844 ι
2811 794 2908 847 καὶ
2945 793 3042 864 τὴν
3085 793 3366 864 σημασίαν
3397 795 3569 864 δηλῶν
3601 797 3780 868 ἐπήγα.

2237 902 2352 956 γεν,
2383 904 2401 937 ι
2435 885 2606 949 Αὐτὸς
2665 885 2773 955 γὰρ
2833 884 2996 939 σώσει
3050 887 3141 937 τὸν
3190 884 3317 939 λαὸν
3370 886 3531 940 αὐτοῦ
3570 889 3667 942 ἀπὸ
3692 893 3780 945 τῶν

2237 977 2521 1048 ἁμαρτιῶν
2568 976 2767 1031 αὐτῶν.
2811 996 2829 1028 ι
2862 977 2935 1030 Τὸ
2991 977 3068 1041 δὲ,
3094 977 3231 1030 Μεθ’
3274 978 3433 1048 ἡμῶν
3474 981 3667 1046 ὁΘεδς,
3695 983 3780 1037 ἀπὸ

2235 1070 2332 1140 τῆς
2361 1070 2576 1139 φύσεως
2632 1071 2726 1124 καί
2753 1071 2853 1140 τῆς
2879 1069 3194 1139 οἰκονομίας
3226 1071 3447 1144 ἐρρέθη,
3476 1071 3548 1135 ὡς
3575 1075 3674 1126 ἀπὸ
3700 1077 3780 1146 τῆς

2236 1161 2516 1232 ἐνεργείας
2545 1160 2604 1213 τὺ
2647 1160 2905 1227 Ἰησοῦς.
2937 1160 3029 1212 Διὸ
3047 1161 3143 1214 καὶ
3171 1163 3283 1225 τοῖς
3316 1163 3566 1231 ποιμέσιν
3594 1165 3779 1238 ἐλέχθη,

2235 1253 2315 1308 ὅτι
2353 1253 2576 1324 Ἐτέχθη
2613 1256 2850 1325 σήμερον
2879 1253 3090 1323 Σωτὴρ.
3118 1254 3148 1307 ὅ
3176 1256 3292 1307 ἐστι
3315 1255 3547 1323 Χριστὸς
3586 1258 3777 1329 Κύριος,

2235 1347 2295 1399 ὲν
2349 1347 2500 1400 πόλει
2549 1347 2746 1400 Δαϐίδ’
2797 1347 3030 1419 Χριστὸς
3057 1348 3138 1411 δὲ,
3172 1347 3248 1412 ὡς
3281 1351 3653 1419 κεχρισμένος,
3683 1353 3779 1425 ὃδὴ

2236 1438 2342 1510 πρὸ
2366 1440 2464 1510 τῆς
2495 1440 2802 1507 οἰκονομίας
2829 1442 2927 1512 οὐχ
2965 1442 3258 1511 ἥρμοττεν.
3299 1441 3535 1510 Τεθῆναι
3581 1444 3634 1496 δέ
3666 1463 3778 1516 φησι

2235 1533 2294 1586 τὸ
2331 1533 2525 1602 στόμα
2557 1533 2742 1587 αὐτοῦ
2783 1534 2864 1600 ὡς
2896 1533 3201 1604 μάχαιραν
3243 1535 3470 1598 ὀξεῖαν.
3509 1538 3611 1589 Καὶ
3642 1538 3781 1593 ath-

2235 1625 2333 1697 χοῦ
2365 1628 2471 1697 γάρ
2503 1643 2634 1698 φησι
2660 1644 2674 1660 ·
2710 1646 2726 1677 ι
2759 1628 2866 1680 Καὶ
2893 1629 2948 1680 ὲν
2973 1627 3247 1699 πνεύματι
3279 1629 3367 1681 διὰ
3396 1629 3612 1699 χειλέων
3628 1632 3780 1685 ἀνελεῖ

2238 1718 2430 1786 ἀσεϐῆ.
2465 1737 2482 1768 ι
2534 1718 2628 1784 Ὠς
2643 1717 2947 1788 μάχαιραν
2973 1715 3086 1774 οὖν
3117 1737 3281 1790 φησιν
3317 1720 3521 1785 ὀξεῖαν
3540 1727 3778 1793 τμητικήν

551 1797 715 1850 miam
748 1802 1044 1854 convenire
1097 1818 1204 1855 non
1257 1804 1460 1871 potuit.
1516 1805 1699 1872 Pergit
1727 1813 1937 1864 autem.
1981 1816 2035 1861 et
2075 1824 2128 1860 os

2234 1827 2290 1861 τε
2314 1811 2408 1863 καὶ
2439 1810 2806 1879 ἀφορίζουσαν
2863 1813 2991 1874 τοὺς
3041 1811 3225 1876 ἀξίους
3269 1813 3408 1866 θεοῦ
3445 1813 3550 1866 ἀπὸ
3592 1815 3686 1867 τῶν
3713 1817 3773 1886 μὴ

550 1907 706 1944 suum
734 1902 985 1961 tanquam
1013 1894 1248 1962 gladium
1279 1905 1491 1947 acutum
1525 1898 1752 1962 positum
1792 1913 1915 1952 esse
1955 1900 2126 1968 signi-

552 1983 696 2038 ﬁcat.
725 1985 816 2038 Ait
841 1987 987 2040 enim
1015 1989 1180 2040 etiam
1217 1988 1417 2040 alicubi
1453 1987 1652 2057 2552
1683 2009 1700 2039 ι
1738 1989 1799 2042 Et
1830 1991 2022 2058 spiritu
2049 1992 2128 2044 la-

548 2075 1078 2132 bioruminterliciet
1099 2080 1386 2148 impium’.
1421 2100 1438 2132 ι
1460 2083 1600 2149 Ergo
1619 2092 1874 2146 tauquam
1892 2083 2130 2152 gladium

549 2179 766 2225 acutum
789 2189 901 2228 esse
934 2172 1134 2241 inquit,
1193 2173 1283 2242 qui
1322 2173 1538 2244 dignos.
1591 2175 1658 2228 ab
1704 2176 1792 2242 iis,
1846 2178 1939 2248 qui
1993 2179 2132 2235 tales

2234 1903 2514 1958 τοιούτων.
2543 1905 2685 1971 Φησί
2715 1903 2824 1975 γὰρ
2864 1905 2922 1955 ὲν
2948 1905 3336 1972 Εὐαγγελίοιςο
3375 1925 3393 1956 ι
3434 1906 3522 1976 Μὴ
3554 1909 3772 1982 νομίσητε

2236 1996 2316 2048 ὅτι
2347 1991 2509 2065 ἦλθον
2534 1996 2754 2068 εἰρήνην
2797 1996 2976 2064 βαλεῖν
3028 1996 3122 2048 ἐπὶ
3183 1997 3282 2068 τὴν
3337 1998 3459 2068 γῆν.
3499 2000 3607 2053 Οὐκ
3641 1997 3770 2071 ἦλθον

2241 2086 2424 2157 βαλεῖν
2447 2089 2693 2159 εἰρήνην,
2738 2088 2873 2141 ἀλλὰ
2925 2089 3223 2160 μάχαιραν,
3261 2109 3283 2142 ι
3331 2093 3428 2144 καὶ
3451 2091 3516 2144 τὰ
3571 2094 3655 2144 ἐπὶ
3671 2096 3765 2150 τού-

2241 2197 2378 2243 τοις.

548 2277 660 2317 non
688 2270 838 2328 sunt,
870 2262 1080 2317 dividat
1115 2279 1179 2318 ac
1236 2273 1475 2333 separet.
1546 2267 1636 2319 Ait
1671 2268 1816 2322 enim
1887 2269 1940 2323 in
1993 2269 2362 2340 Evangeliis:
2432 2291 2452 2324 ι
2489 2270 2569 2327 Ne
2637 2273 2842 2342 putetis
2933 2275 3077 2344 quod
3145 2278 3389 2330 venerim
3444 2286 3503 2330 ut
3541 2294 3706 2348 pacem
3728 2282 3770 2338 in

548 2365 752 2410 terram
787 2356 1079 2411 mitterem.
1131 2356 1248 2411 Non
1310 2360 1457 2425 veni,
1496 2371 1553 2414 ut
1591 2377 1778 2430 pacem
1819 2363 2119 2427 mitterem,
2164 2366 2258 2420 sed
2302 2375 2360 2420 ut
2393 2368 2630 2436 gladium
2670 2367 2748 2433 ὀς
2779 2387 2799 2418 ι
2836 2375 2890 2422 et
2911 2385 3032 2439 qua:
3068 2369 3352 2440 deinceps.

618 2446 760 2513 Quin
791 2458 850 2502 et
885 2449 1001 2518 ipsa
1042 2448 1319 2520 Evangelii
1355 2455 1757 2523 promulgatio,
1791 2456 2003 2527 gladius
2035 2458 2128 2512 ad-

544 2557 744 2596 versus
775 2541 981 2598 diaboli
1013 2545 1362 2613 tyrannidem
1395 2547 1626 2599 exstitit.
1672 2546 1830 2601 Dedit
1866 2565 1994 2604 vero
2025 2565 2126 2604 no-

547 2635 633 2690 bis
658 2645 711 2689 et
742 2635 919 2703 ipsum
952 2636 1179 2704 spiritus
1203 2636 1468 2706 gladium,
1493 2638 1542 2690 id
1574 2648 1657 2692 est
1683 2638 1771 2692 Dei
1799 2643 2024 2696 verbum
2059 2643 2127 2712 ¹¹,

547 2727 707 2795 cujus
742 2741 844 2796 ope
873 2727 1180 2781 daemonum
1243 2729 1462 2782 frandes
1501 2732 1881 2800 propellimns.
1931 2735 1995 2789 Et
2021 2737 2123 2788 ali-

548 2819 676 2874 cubi
712 2820 876 2872 etiam
902 2820 1043 2890 apud
1075 2822 1398 2890 prophetam
1441 2825 1686 2893 reperias
1721 2844 1735 2879 :
1775 2846 1794 2878 ι
1829 2829 1882 2882 In
1909 2827 1996 2883 die
2035 2831 2127 2883 illa

547 2912 768 2967 inducet
799 2911 936 2966 Deus
969 2928 1186 2967 sacrum
1225 2914 1488 2982 gladium,
1525 2931 1808 2986 magnum,
1840 2919 1892 2972 in
1927 2920 2126 2974 draco-

547 3021 670 3061 nem
699 3006 1007 3069 sinuosum,
1057 3022 1290 3076 emnque
1347 3008 1640 3064 interﬁciet
1667 3011 1731 3065 ".
1776 3030 1794 3063 ι
1827 3011 2128 3069 Conveniet

547 3111 678 3151 vero
709 3107 762 3150 et
791 3098 998 3152 sanctis
1031 3096 1164 3165 ipsis
1201 3099 1419 3163 oratio;
1458 3099 1695 3169 indeque
1716 3109 1822 3164 est,
1848 3105 1993 3173 quod
2015 3105 2129 3176 spi-

547 3191 656 3244 ritu
676 3189 783 3244 ort's
824 3189 908 3244 sui
939 3189 1206 3242 Ananiam
1241 3198 1294 3244 et
1337 3189 1666 3260 Sapphiram
1706 3194 1926 3249 Petrum
1960 3198 2130 3252 inter-

2304 2461 2416 2514 Καὶ
2471 2460 2532 2513 τὸ
2586 2461 2943 2528 εὐαγγελικὸν
2969 2461 3025 2514 δὲ
3055 2464 3334 2534 κήρυγμα,
3386 2463 3640 2534 μάχαιρα
3661 2469 3778 2521 κατᾶ

2231 2553 2332 2621 τῆς
2361 2554 2456 2605 τοῦ
2479 2553 2725 2606 διαϐόλου
2750 2555 3064 2625 τυραννίδος
3095 2555 3336 2622 ἐγένετο.
3371 2556 3576 2609 Δέδωκε
3603 2558 3653 2610 δὲ
3670 2561 3778 2628 ἡμῖν

2232 2643 2324 2695 καὶ
2354 2641 2451 2711 τὴν
2481 2641 2575 2695 τοῦ
2608 2644 2921 2712 πνεύματος
2942 2641 3261 2711 μάχαιραν,
3294 2645 3321 2696 ὅ
3344 2644 3457 2696 ἐστι
3483 2647 3623 2712 ῥῆμα
3645 2645 3775 2706 Θεοῦ,

2231 2735 2300 2788 δι’
2318 2729 2378 2789 οὗ
2413 2738 2527 2798 τοῖς
2563 2735 2868 2800 ἐπιϐούλοις
2929 2736 3369 2807 ἀντανιστάμεθα
3420 2737 3644 2806 δαίμοσι.
3691 2738 3776 2790 Καὶ

2230 2825 2464 2895 ἀλλαχοῦ
2517 2825 2573 2878 δέ
2622 2843 2786 2894 φησιν
2855 2826 2882 2876 ὁ
2923 2828 3241 2896 προφήτηςο
3298 2847 3317 2878 ι
3366 2829 3455 2879 Ἐν
3511 2831 3572 2897 τῇ
3625 2826 3776 2897 ἡμέρᾳ

2231 2917 2414 2987 ἐκείνῃ
2447 2915 2636 2980 ἑπάξει
2666 2919 2694 2968 ὁ
2722 2915 2854 2978 Θεὸς
2910 2915 3008 2986 τὴν
3057 2918 3336 2989 μάχαιραν
3366 2920 3464 2988 τὴν
3496 2920 3667 2986 ἁγίαν,
3696 2919 3775 2987 τὴν

2235 3005 2496 3075 μεγάλην,
2536 3004 2628 3056 ἐπὶ
2658 3004 2748 3056 τὸν
2773 3003 3041 3072 δράκοντα
3065 3005 3187 3074 ὅφιν
3219 3007 3454 3072 σκολιὸν,
3487 3009 3572 3060 καὶ
3593 3008 3774 3078 ἀναιρεῖ

2231 3099 2321 3150 τὸν
2351 3098 2637 3168 δράκοντα.
2675 3116 2693 3148 ι
2733 3097 2997 3169 Ἀρμόσει
3025 3097 3080 3151 δὲ
3114 3097 3344 3162 καὶτοῖς
3385 3099 3555 3166 ἁγίοις
3575 3102 3601 3152 ὀ
3623 3099 3772 3166 λόγος.

2233 3189 2323 3260 Τῷ
2355 3191 2404 3258 γ’
2420 3189 2513 3244 οὖν
2539 3190 2681 3261 λόγῳ
2709 3190 2816 3244 τοῦ
2847 3191 3144 3259 στόματος
3169 3187 3335 3244 αὑτοῦ
3367 3192 3568 3262 Πέτρος
3597 3190 3774 3243 ἀνεῖλεν

549 3284 750 3341 fecisse
773 3284 1004 3355 legimus
1035 3284 1120 3341 "z
1161 3285 1306 3353 quod
1353 3283 1642 3360 Ezechiam
1697 3288 1825 3341 item
1863 3289 2127 3358 Rapsacre

2243 3282 2494 3336 Ἀνανίαν
2520 3300 2578 3335 τε
2626 3285 2721 3336 καί
2774 3284 3120 3352 Σάπφειραν.
3152 3283 3259 3336 Καὶ
3293 3282 3430 3353 εὐχὴ
3475 3282 3529 3335 δὲ
3565 3281 3774 3344 Ἐζεκίου

548 3379 848 3434 exercitum
877 3377 1135 3448 precibus
1165 3377 1378 3434 fudisse
1411 3379 1494 3444 “;
1528 3383 1671 3448 quod
1711 3379 1940 3435 Paulum
1974 3384 2127 3437 deni-

549 3485 656 3539 que
683 3470 851 3524 verbo
879 3468 994 3524 oris
1049 3468 1135 3523 sui
1186 3469 1428 3538 Elymam
1491 3470 1804 3528 obcaecasse
1839 3475 1904 3527 ⁸⁸.
1934 3473 2128 3530 Postea

551 3559 777 3630 adjicit:
822 3557 930 3613 Sub
979 3559 1303 3629 protectione
1337 3578 1526 3616 manus
1560 3579 1672 3616 suae
1718 3565 1994 3618 abscondit
2025 3584 2126 3632 me.

552 3660 612 3706 ut
640 3653 825 3707 multis
853 3653 1093 3724 ignotam
1146 3653 1494 3708 assumendze
1532 3655 1716 3709 carnis
1765 3660 2126 3713 oeconomiam

551 3745 949 3800 subindicaret.
985 3743 1079 3800 Est
1117 3760 1246 3798 vero
1273 3760 1302 3798 a
1331 3744 1493 3800 Patre
1531 3747 1697 3800 etiam
1733 3749 1934 3819 sagitta
1963 3749 2129 3805 electa

549 3839 775 3908 positus,
795 3846 852 3891 ut
878 3853 973 3892 eos
1001 3837 1180 3899 feriat,
1213 3837 1306 3906 qui
1330 3838 1563 3906 spiculis
1584 3840 1760 3910 ipsius
1785 3841 1933 3912 digni
1967 3854 2126 3912 sunt;

552 3946 663 4000 quo
695 3944 849 3983 more
872 3945 929 3982 se
953 3927 1250 3983 dilectione
1275 3942 1593 3996 percussam
1628 3933 1810 3984 anima
1841 3935 2039 3990 cecinit
2063 3937 2126 3992 ".

551 4023 698 4079 Idem
737 4021 993 4076 nimirum
1027 4021 1082 4074 in
1105 4035 1290 4085 carne,
1347 4037 1512 4091 quam
1575 4030 1633 4076 ut
1689 4023 1871 4092 dignis
1920 4035 2128 4082 tantum

553 4125 894 4177 cerneretur,
950 4113 1275 4182 assumpsit,
1329 4121 1591 4184 tanquam
1641 4117 1695 4170 in
1740 4117 2009 4184 pharetra,
2043 4134 2130 4173 re-

552 4209 828 4266 conditus.
859 4205 1119 4260 Nonnulli
1144 4205 1326 4262 verbis
1350 4207 1494 4270 istis,
1523 4205 1634 4262 Sub
1664 4211 1986 4278 protectione
2016 4229 2131 4265 ma-

553 4320 652 4359 nus
685 4317 795 4356 suae
821 4299 994 4370 posuit
1026 4315 1126 4360 me,
1160 4295 1355 4352 Filium
1403 4299 1604 4369 ipsum,
1633 4303 1798 4354 etiam
1857 4310 2129 4372 quatenus

554 4395 717 4450 homo
743 4393 916 4448 iactus
945 4398 1050 4452 est,
1083 4405 1112 4442 a
1145 4387 1306 4444 Patre
1345 4405 1454 4443 non
1489 4400 1807 4460 separatum
1846 4407 1990 4457 esse,
2035 4409 2130 4447 na.

551 4495 841 4555 tnramque
890 4480 1495 4550 incomprehensibilem
1574 4487 1629 4536 et
1693 4481 2125 4552 insuperabilem

553 4579 756 4634 habere
806 4575 971 4646 (quod
1028 4576 1075 4629 ei
1112 4575 1272 4628 etiam
1329 4589 1426 4644 per
1473 4576 1859 4639 meonomiam,
1908 4574 2131 4631 Davidis

2233 3377 2325 3429 τὸν
2368 3375 2649 3445 Ῥαψάκην
2669 3376 2956 3447 ἐτρέψατο.
2991 3375 3200 3444 Τυφλὸν
3223 3375 3279 3429 δὲ
3309 3376 3454 3446 λόγῳ
3479 3375 3570 3428 καὶ
3599 3374 3773 3438 Παῦλος

2233 3463 2329 3517 τὸν
2352 3462 2586 3532 Ἐλύμαν
2616 3464 2897 3533 ἐποίησεν.
2934 3464 3059 3517 Ἐπί
3079 3464 3291 3528 τούτοις
3324 3468 3510 3536 φησὶν,
3527 3463 3663 3518 Ὑπὸ
3681 3465 3774 3529 τὴν

2234 3552 2474 3621 σκέπην
2506 3553 2617 3621 τῆς
2645 3555 2840 3623 χειρὸς
2866 3555 3052 3609 αὑτοῦ
3073 3555 3303 3626 ἔκρυψέ
3326 3575 3427 3626 με,
3455 3555 3547 3628 τὴν
3579 3556 3774 3616 πολλοὺς

2234 3647 2606 3701 λανθάνουσαν
2662 3647 2762 3718 τῆς
2823 3653 2883 3700 ἐν
2928 3650 3094 3720 σαρκὶ
3155 3650 3456 3718 παρουσίας
3503 3649 3773 3717 οἰκονομίαν

2237 3738 2678 3811 ὑπαινιξάμενος.
2718 3740 2972 3794 Τέθειται
3001 3742 3069 3794 δὲ
3102 3744 3194 3795 καὶ
3216 3741 3410 3808 ,βέλος
3431 3742 3532 3794 ὑπὸ
3557 3739 3645 3794 τοῦ
3679 3740 3772 3792 Πα-

2235 3833 2393 3905 τέρος
2425 3834 2733 3899 ἐκλεκτὸν,
2767 3833 2853 3887 ἴνα
2875 3834 3153 3906 τιτρώσκῃ
3176 3835 3300 3897 τοὺς
3329 3835 3516 3899 ἀξίους
3537 3832 3638 3886 τῶν
3663 3832 3770 3883 ἐαυ-

2235 3925 2330 3980 τοῦ
2349 3926 2588 3997 κέντρων
2616 3927 2778 3995 (κατὰ
2805 3926 2904 3996 τὴν
2935 3927 3200 3995 λέγουσαν
3220 3927 3423 3998 ψυχὴν,
3444 3946 3461 3978 ι
3485 3923 3771 3995 Τετρωμένη

2236 4019 2456 4088 ἀγάπης
2484 4017 2593 4087 ἐγὼ
2618 4026 2688 4088 ι),
2718 4018 2746 4071 ὃ
2773 4019 2865 4071 καὶ
2894 4020 3047 4080 αὐτὸ,
3072 4020 3150 4083 ὡς
3175 4023 3231 4073 ὲν
3261 4020 3525 4089 φαρέτρῃ
3548 4017 3772 4072 λανθάνει

2235 4116 2300 4184 τῇ
2331 4114 2515 4184 σαρκὶ,
2544 4114 2608 4181 ἢν
2629 4111 2942 4182 ἀνείληφεν,
2960 4113 3073 4173 τοῖς
3095 4112 3271 4178 ἀξίοις
3304 4113 3488 4182 μόνοις
3504 4109 3765 4182 ὁρώμενον.

2236 4203 2393 4266 Τινὲς
2427 4203 2485 4256 δὲ
2517 4203 2760 4268 τὸ,⁹Υπὸ
2791 4202 2905 4270 τὴν
2926 4201 3163 4270 σκέπην
3206 4203 3316 4269 τῆς
3381 4202 3577 4273 χειρὸς
3613 4197 3770 4253 αὐτοῦ

2237 4297 2504 4366 ἔκρυψέν
2553 4315 2649 4366 με,
2691 4297 2885 4367 δηλοῦν
2933 4296 3142 4364 ἔφασαν
3191 4294 3494 4368 ἀχώριστον
3535 4289 3662 4348 εἶναι
3689 4287 3770 4343 τοῦ

2237 4390 2478 4462 Πατέρος
2507 4389 2564 4442 τὸ
2590 4389 2737 4452 Υἰὸν,
2795 4390 2890 4443 καὶ
2925 4389 2986 4442 τὸ
3014 4399 3041 4438 1
3065 4389 3288 4457 γέγονεν
3337 4389 3632 4458 ἄνθρωπος,
3657 4382 3767 4449 ἄλη-

2237 4484 2370 4538 πτόν
2401 4503 2460 4536 τε
2491 4484 2584 4536 καὶ
2615 4481 3055 4550 ἁκαταγώνιστον
3103 4481 3250 4552 ἔχειν
3305 4481 3404 4552 τὴν
3455 4481 3624 4549 φύσιν,
3653 4477 3767 4544 ὅπερ

2238 4575 2388 4644 αὐτῷ
2419 4574 2680 4628 καὶκατὰ
2730 4574 2826 4645 τὴν
2890 4574 3202 4641 οἰκονομίαν
3241 4573 3494 4638 ἐσώζετο,
3547 4571 3766 4635 λέγοντας

555 4668 893 4733 testimonio,
928 4666 1307 4733 servabantur,
1333 4681 1456 4721 cum
1504 4666 1622 4719 ait:
1664 4683 1683 4717 ι
1731 4664 1850 4720 Non
1886 4668 2128 4736 proﬁciet

2234 4668 2328 4723 τοῦ
2359 4641 2522 4722 Ᾰαείδ
2540 4685 2552 4698 ·
2580 4689 2598 4720 ι
2634 4668 2748 4720 Οὐκ
2772 4641 3042 4738 ὧφελήσει
3063 4666 3257 4738 ἐχθρὸς
3287 4669 3343 4719 ὲν
3372 4664 3535 4734 αὐτῷ,
3561 4662 3647 4716 καί
3671 4658 3765 4719 υίὸς

553 4758 812 4814 inimicus
848 4755 902 4810 in
927 4772 1015 4822 eo,
1071 4766 1125 4810 et
1181 4756 1324 4812 Illius
1385 4756 1698 4826 iniquitatis
1751 4772 1858 4811 non
1894 4768 2128 4828 apponet

2234 4761 2453 4831 ἀνομίας
2478 4762 2538 4813 οὐ
2591 4761 2890 4831 προσθήσει
2937 4743 3030 4815 τοῦ
3063 4761 3312 4814 κακῶσαι
3345 4759 3524 4822 αὐτὸν,
3561 4772 3579 4806 ι
3601 4753 3684 4806 καὶ
3707 4747 3760 4802 τά

555 4865 753 4907 nocere
776 4849 825 4903 ei
851 4849 914 4912 ",
959 4867 978 4900 ι
1016 4855 1322 4918 οιιιιοτιιηιιο
1367 4863 1490 4918 qua:
1533 4848 1886 4918 sequuntur).
1917 4849 2126 4919 signiﬁ-

2227 4853 2443 4923 ἐφεξῆς.
2480 4852 2713 4906 Πλεῖστα
2777 4853 2835 4906 δὲ
2865 4852 2934 4905 τὰ
2976 4851 3069 4905 τοῦ
3104 4849 3241 4904 Θεοῦ
3271 4850 3411 4905 κατὰ
3427 4843 3640 4915 καιροὺς
3665 4838 3760 4906 ἐγέ·

554 4943 668 4999 cari
698 4942 1012 4998 voluerunt.
1053 4939 1307 4993 Plurima:
1328 4948 1508 4994 autem
1539 4955 1662 4994 cum
1690 4939 1784 4994 Dei
1824 4940 2124 4994 secundmn

2234 4961 2344 4998 vero
2365 4942 2520 5018 βέλη.
2574 4943 2900 4997 Ἐκλεκτὸν
2949 4943 3006 4996 δὲ
3055 4943 3244 5008 βέλος
3298 4942 3394 4995 καὶ
3440 4938 3574 5008 ὑπὲρ
3611 4930 3761 4986 πάντα

554 5047 800 5107 tempora
848 5023 1062 5103 sagitta:
1093 5031 1316 5094 fuerint,
1367 5048 1472 5085 una
1515 5040 1640 5087 ante
1701 5049 1890 5088 omnes
1931 5033 2122 5098 electa,

554 5139 608 5186 et
637 5129 859 5193 eximia,
885 5127 1137 5183 Christus
1165 5126 1280 5192 ipse
1309 5125 1362 5178 in
1406 5123 1583 5181 Patris
1610 5126 1965 5195 praenotione,
2003 5137 2124 5182 tau-

553 5238 715 5291 quam
762 5223 818 5276 in
847 5220 1098 5291 pharetra
1143 5216 1482 5284 reconditus,
1533 5219 1702 5273 malas
1739 5220 1793 5272 in
1838 5225 1985 5272 terra
2024 5234 2123 5288 po-

551 5324 781 5371 testates
815 5314 1048 5378 feriens,
1093 5311 1322 5366 'vulnere
1367 5313 1610 5367 sustulit.
1667 5311 1734 5365 Et
1776 5312 1917 5365 dixit
1971 5313 2121 5378 mihi,

553 5406 763 5477 adjicit,
785 5402 975 5460 Servus
1013 5420 1156 5458 meus
1182 5420 1236 5458 es
1277 5413 1355 5469 tu,
1394 5402 1589 5458 Israel.
1611 5403 1851 5473 Corpore
1879 5403 2122 5473 quidem,

647 5520 668 5551 ⁷
697 5516 830 5572 Luc.
866 5533 905 5579 ι,
929 5517 1018 5571 51.

557 5591 601 5624 ⁸³
632 5592 754 5645 Act.
783 5603 836 5652 v,
868 5588 893 5640 1
928 5601 1081 5657 seqq.
1158 5586 1202 5618 “
1223 5585 1328 5642 lsa.
1351 5602 1553 5652 xxxvn,
1589 5589 1608 5642 ί
1639 5603 1790 5657 seqq.

1115 5516 1137 5548 ⁸
1167 5513 1358 5570 Matth.
1383 5531 1421 5582 ι,
1448 5515 1540 5570 ﬁl.
1615 5517 1636 5547 ⁹
1666 5517 1767 5570 lsa.
1801 5532 1872 5572 χι.
1901 5517 1954 5572 4.
2036 5517 2080 5548 ¹⁰
2110 5515 2300 5572 Matth.
2335 5533 2389 5583 ι,
2425 5517 2516 5571 54.

1871 5587 1913 5617 ¹⁵
1937 5590 2059 5643 Act.
2088 5604 2207 5651 xui,
2241 5589 2327 5641 ll.
2408 5588 2452 5618 "
2472 5587 2628 5642 Cant.
2662 5601 2723 5652 ιι,
2759 5586 2812 5641 5.

2223 5036 2480 5109 Χριστὸς,
2507 5037 2569 5088 ἐν
2602 5034 2910 5108 προγνώσει
2943 5034 3036 5088 τοῦ
3064 5035 3329 5105 Πατέρος,
3357 5035 3431 5096 ὡς
3457 5023 3760 5098 ἐνηφαρέτρίῑ

2230 5126 2627 5198 κρυπτόμενος,
2662 5127 2754 5179 ἐπὶ
2782 5128 2884 5196 γῆς
2911 5125 3009 5188 τὰς
3045 5125 3292 5195 πονηρὰς
3323 5122 3572 5190 δυνάμεις
3615 5127 3758 5166 κατα·

2229 5218 2447 5290 τρώσας
2466 5220 2749 5289 ἠφάνισεν.
2779 5214 2965 5271 Εἷπεν
3000 5217 3068 5269 δέ
3097 5235 3219 5286 μοι,
3251 5216 3408 5285 φησι,
3436 5209 3639 5272 δοῦλός
3660 5215 3756 5271 μου

2230 5310 2290 5367 εἷ
2315 5313 2418 5377 σὺ,
2437 5312 2685 5381 Ἰσραήλ
2701 5328 2715 5341 ⁸
2747 5310 2890 5365 κατὰ
2914 5309 2977 5362 τὸ
3000 5310 3179 5379 σῶμα,
3204 5308 3266 5361 τὸ
3292 5311 3357 5362 ἐκ
3385 5307 3622 5364 δούλων,
3638 5292 3756 5349 δοῦ-

2227 5408 2359 5471 λος,
2391 5404 2650 5458 καὶκατὰ
2685 5401 2747 5455 τὸ
2775 5402 2952 5471 γένος,
2987 5402 3049 5456 τὸ
3091 5400 3152 5466 ἐξ
3187 5400 3455 5468 Ἰσραὴλ,
3499 5382 3752 5462 ‘IO'pa'll-U5

2628 5515 2670 5546 ¹¹
2702 5513 2900 5585 Ephes.
2952 5530 3001 5585 vi
3052 5513 3138 5568 17.
3251 5515 3295 5545 ¹¹
3335 5493 3745 5585 Ειεέψαιιιιῃδο

2891 5585 2932 5617 ¹⁷
2957 5583 2975 5637 l
3003 5585 3101 5641 sal.
3129 5599 3388 5651 uxxvtu,
3421 5581 3506 5636 ‘25.

1813 5680 2046 5738 VARUE
2072 5681 2475 5739 LECTIONES.

621 5787 650 5830 1
679 5793 765 5848 γρ.
798 5775 888 5830 τὸν
911 5775 1038 5829 Υἱδν
1060 5778 1153 5828 καὶ
1185 5774 1306 5827 καθ’
1329 5777 1376 5828 ὃ.
