3940 6508
101 398 245 466 2465

1236 388 1767 454 COMMENTARII
1813 385 1895 447 ΙΝ
1937 386 2223 447 ISAIAM.

3227 382 3374 448 2466

100 513 365 584 Χριστός.
402 512 490 574 Ὧς
511 512 569 567 δὲ
601 511 738 566 Θεοῦ
760 510 991 583 δύναμις
1017 510 1085 563 δι’
1132 502 1208 564 ὧν
1267 510 1563 582 ἐργάζεται
1592 509 1692 563 δο-

1806 504 1990 575 ;uoda
2025 506 2189 559 servis
2242 504 2505 564 duxerat.
2564 517 2745 557 servus
2803 500 3022 557 dicatur
3081 502 3377 567 Christus;

100 606 265 673 ξάζθι
291 607 383 660 τὸν
417 598 479 658 οῦ
503 607 616 659 ἐστι
639 604 869 674 δύναμις
890 644 904 667 ,
950 602 1021 657 ἐν
1052 600 1488 672 μορφῇδούλου
1522 604 1688 672 τενόο

96 716 307 769 μενος.
334 692 517 751 καίτοι
552 698 693 749 κατά
715 696 878 765 φύσιν
903 695 1165 765 ὑπάρχων
1192 694 1338 757 Υἱὸς,
1394 687 1438 761 ᾧ
1483 693 1690 763 κάμψει

102 793 212 844 πᾶν
274 791 407 858 γόνυ
470 788 730 856 ἐπιγείων
794 788 889 841 καὶ
942 787 1337 856 καταχθονίων,
1398 785 1494 838 καὶ
1536 787 1688 839 πᾶσα

100 883 332 951 γλῶσσα
390 882 870 951 ἐξομολογήσεται,
921 880 1004 933 ὅτι
1043 880 1250 950 Κύριος
1289 877 1535 947 Ἰησοῦς
1559 880 1693 945 Χρι-

98 978 254 1042 στὸς
288 980 366 1040 εἰς
391 976 548 1039 δόξαν
586 974 722 1027 Θεοῦ
752 973 1017 1044 Πατέρος.

171 1247 338 1309 Τινές
377 1246 433 1299 δὲ
465 1246 741 1319 πρὸς.τὸν
786 1245 1201 1316 λαὸν,Ἰσραὴλ
1250 1246 1501 1317 εἰρῆσθαι
1545 1246 1698 1318 νομι-

110 1355 303 1402 σαντες
339 1340 507 1408 φασί’
539 1339 820 1393 Δείκνυσιν
852 1341 933 1393 ὅτι
962 1339 1026 1393 δι’
1056 1339 1366 1409 ἁγαθότητα
1400 1340 1566 1411 μόνην
1596 1341 1698 1411 ηὐ-

111 1432 303 1498 δόκησε
356 1432 635 1501 Δεσπότης
693 1431 981 1485 καλεῖσθαι
1033 1430 1126 1483 τοῦ
1164 1430 1447 1498 Ἰσραὴλ,
1498 1431 1594 1484 καὶ
1641 1432 1699 1483 ἐν

112 1523 258 1593 αὐτῷ
297 1522 706 1590 δοξασθῆναι,
738 1524 827 1578 διά
850 1541 907 1576 τε
939 1523 1050 1577 τῶν
1082 1522 1204 1576 κατ’
1223 1525 1496 1591 Αἴγυπτον
1543 1524 1703 1595 τερά-

110 1633 238 1679 των,
274 1615 373 1667 καὶ
399 1615 506 1669 τῶν
544 1616 740 1686 ἐφεξῆς
767 1616 1089 1683 γεγονότων.
1122 1616 1186 1667 Οἱ
1215 1616 1269 1667 δὲ
1306 1615 1462 1667 αὐτοὶ
1490 1615 1585 1667 καὶ
1616 1619 1699 1698 τὸ,

113 1704 314 1769 Κενῶς
345 1705 663 1769 ἐκοπίασα,
698 1708 761 1757 ὲκ
791 1706 886 1757 τοῦ
917 1706 1196 1775 προφήτου
1228 1704 1478 1775 λελέχθαι
1516 1707 1699 1773 φασὶν,

110 1798 184 1860 ὡς
215 1798 391 1849 πολλά
426 1798 523 1867 μὲν
559 1800 615 1849 ἐν
642 1798 718 1868 τῷ
752 1798 1040 1869 κηρύττειν
1070 1797 1353 1860 παθόντος.
1384 1798 1459 1869 μὴ
1487 1798 1701 1869 ὠφελή’

114 1906 309 1952 σαντος
342 1889 399 1941 δὲ
430 1889 538 1942 τῶν
556 1891 907 1944 ἀκουσάντων
944 1891 1333 1960 μηδένα.⁹Αλλ⁹
1361 1893 1388 1944 ὁ
1420 1891 1551 1954 Θεός
1590 1908 1701 1961 μοι,

115 1984 270 2050 σησὶ,
292 1981 390 2051 τὴν
418 1984 540 2034 κατ’
560 1981 718 2046 ἀξίαν
744 1983 853 2035 τῶν
881 1985 1058 2036 πόνων
1090 1984 1417 2039 ἀποδίδωσιν
1447 1985 1701 2054 ἀμοιϐήν.

116 2076 351 2141 Λέγεται
378 2074 433 2126 δὲ
461 2075 641 2139 τοῦτο,
669 2076 821 2145 φασὶ,
856 2076 951 2129 καὶ
986 2079 1112 2147 περὶ
1139 2077 1369 2131 ἑκάστου
1402 2077 1707 2147 λαμϐάνον-

117 2182 206 2227 τος
233 2166 505 2237 αἴσθησιν,
536 2169 609 2228 ως
644 2168 821 2239 μάτην
865 2169 957 2222 τὸν
1001 2170 1190 2239 καιρὸν
1224 2171 1281 2223 ἐν
1309 2173 1429 2233 ταῖς
1462 2170 1557 2223 τοῦ
1590 2170 1704 2240 βίου

120 2258 445 2325 φαντασίαις
477 2260 773 2314 ἀνάλωσεν.
811 2261 1151 2332 Οἰκειότερον
1178 2263 1222 2316 δ’
1250 2263 1315 2316 ἂν
1344 2264 1436 2316 ἐπὶ
1465 2262 1559 2316 τοῦ
1593 2265 1707 2315 Σω-

121 2351 283 2419 τῆρος
329 2351 681 2421 λαμϐάνοιτο,
718 2353 776 2416 ὃς
810 2353 1051 2418 ἀκούσας
1101 2356 1209 2407 τῶν
1254 2356 1560 2426 εἰρημένων
1597 2357 1704 2409 ἀπ-

121 2439 393 2508 εκρίνατο,
423 2443 530 2495 Καὶ
558 2444 696 2507 πῶς,
720 2438 764 2495 ὡ
796 2445 999 2515 Πάτερ,
1030 2448 1087 2497 ἐν
1117 2448 1240 2515 ἐμοὶ
1260 2446 1641 2517 δοξασθήσῃ,
1680 2449 1709 2501 ό

125 2532 254 2584 ποτέ
296 2533 468 2585 πο).λά
499 2536 693 2603 καμὼν
726 2536 865 2608 ὑπὲρ
905 2540 1002 2606 τῆς
1048 2538 1156 2590 τῶν
1198 2539 1502 2609 ἀνθρώπων
1531 2557 1707 2609 σωτη-

124 2623 271 2692 ρίας,
303 2625 456 2678 οὐδὲν
483 2626 655 2696 ἤνυσα
681 2628 861 2689 πλέον,
891 2630 1361 2698 ἐναπομεινάντων
1387 2633 1451 2699 τῇ
1480 2632 1708 2701 ἀπιστίᾳ

126 2715 336 2768 πολλῶν
381 2735 438 2769 τε
485 2717 682 2783 ἄλλων,
714 2720 809 2772 καὶ
854 2722 961 2773 τῶν
1010 2725 1073 2773 ἐκ
1101 2724 1401 2791 περιτομῆς
1429 2739 1443 2788 ;
1474 2724 1601 2793 περὶ
1633 2716 1707 2775 ὦν

125 2806 332 2874 ἔλεγεν·
362 2828 380 2859 ε
406 2810 517 2862 Οὐκ
535 2811 846 2881 ἀπεστάλην
878 2814 925 2863 sl
953 2812 1118 2883 μὴείς
1134 2815 1200 2865 τά
1229 2814 1545 2867 ἀπολωλότα
1569 2816 1704 2886 πρό-

123 2895 263 2950 ϐατα
309 2898 460 2951 οἴκου
495 2901 712 2971 Ἰσραὴλ
739 2944 750 2962 ,
793 2922 812 2954 ι
844 2905 955 2971 οἵγε
991 2905 1130 2975 πρὸς
1180 2904 1257 2975 τῷ
1304 2907 1587 2972 ἀπειθεῖν,
1617 2909 1707 2961 καὶ

126 2990 505 3060 ἐσταύρωσαν,
535 2992 609 3054 ὡς
656 2995 907 3065 εἰρῆσθαι
957 3000 1049 3047 καὶ
1083 3001 1233 3067 παρὰ
1264 2999 1343 3067 τῷ
1372 2999 1663 3069 Ψαλμῳδῷ
1687 3017 1703 3031 ·

132 3099 149 3129 t
179 3082 274 3143 Τίς
305 3083 546 3152 ὠφέλεια
576 3086 633 3138 ἐν
662 3086 741 3157 τῷ
769 3087 960 3156 αἵματί
992 3105 1093 3157 μου
1115 3130 1129 3154 ,
1160 3091 1217 3141 ἐν
1250 3089 1325 3159 τῷ
1355 3090 1705 3143 καταϐαίνειν

133 3192 193 3240 με
226 3176 306 3238 εἰς
346 3176 682 3248 διαφθοράν;
718 3197 737 3229 ι
777 3179 914 3230 Ἀλλ’
950 3183 1145 3234 ἐκεῖνοι
1200 3182 1298 3251 μὲν
1343 3182 1615 3236 ταῦτα.Ἡ
1647 3184 1702 3236 δὲ

128 3267 324 3333 κρίσις
374 3285 494 3335 μου
532 3270 691 3336 παρὰ
740 3268 821 3335 τῷ
864 3273 1072 3339 Κυρίῳ.
1094 3272 1235 3340 Ἐγὼ
1289 3275 1396 3343 γὰρ
1446 3276 1511 3327 τὰ
1562 3275 1702 3343 παρ’

126 3358 362 3427 ἐμαυτοῦ
394 3361 605 3430 πράξας
641 3363 919 3416 ἐναντίον
943 3364 1047 3418 τοῦ
1075 3365 1222 3418 Θεοῦ
1244 3384 1384 3433 μου,
1416 3367 1473 3418 τὸ
1504 3384 1700 3437 πατρι-

127 3452 217 3503 κὸν
248 3453 543 3507 ἐτελείωσα
580 3456 849 3528 βούλημα.
887 3459 987 3511 Διά
1022 3459 1182 3512 τοῦτο
1227 3460 1282 3512 δὲ
1314 3461 1407 3513 καὶ
1441 3462 1477 3528 ἡ
1504 3465 1702 3529 κρίσις

126 3543 474 3614 ἐξενήνεκται
501 3548 629 3618 παρ’
656 3549 842 3601 αὑτοῦ.
865 3550 1260 3621 Ἐξεϐλήθησαν
1290 3554 1397 3621 γὰρ
1431 3554 1532 3621 τῆς
1566 3554 1703 3623 πρὸς

127 3638 289 3691 αὐτὸν
314 3640 671 3709 οἰκειότητος.
702 3641 781 3694 Τὰ
822 3642 879 3695 δὲ
909 3642 1035 3713 ἔθνη
1066 3647 1257 3709 γέγονε
1305 3643 1504 3711 κλῆρος
1538 3642 1698 3697 Θεοῦ.

131 3730 249 3792 Τὴν
282 3732 489 3799 κρίσιν
513 3732 569 3784 δὲ
597 3732 799 3803 ταύτην
829 3734 924 3787 καὶ
949 3734 1036 3787 διὰ
1065 3736 1163 3805 τῆς
1194 3736 1510 3805 παραϐολῆς
1534 3737 1563 3787 ὀ
1593 3736 1702 3789 Κύ-

131 3838 240 3890 ριος
272 3822 463 3889 ἔδειξε,
482 3825 736 3896 περὶτῶν
764 3826 1025 3897 γεωργῶν
1053 3825 1225 3895 λέγων
1252 3828 1359 3879 τῶν
1387 3828 1474 3879 τὸν
1503 3827 1701 3897 κληρο-

127 3916 287 3984 νόμον
316 3916 712 3981 ἀπεκτονότων,
740 3916 834 3980 οὓς
881 3919 977 3971 καὶ
1024 3919 1315 3984 ἀπολέσας,
1352 3920 1559 3985 ἑτέροις
1606 3920 1698 3973 τὸν

128 4005 430 4073 ἀμπελῶνα
458 4012 723 4077 γεωργοῖς
774 4009 1057 4073 ἐξέδωκεν,
1088 4009 1282 4071 οἵτινες
1332 4008 1699 4063 ἀποδώσουσιν

128 4098 276 4169 αὐτῷ
303 4100 428 4161 τοὺς
458 4102 700 4171 καρποὺς
730 4103 787 4153 ἐν
829 4103 939 4163 τοῖς
969 4104 1180 4171 καιροῖς
1209 4101 1410 4155 αὐτῶν.
1450 4096 1609 4155 Οὗτοι
1640 4102 1696 4155 δὲ

125 4186 265 4260 ἦσαν
292 4192 401 4244 τῶν
433 4193 778 4261 Εὑαγγελίων
812 4196 860 4247 ol
892 4196 1150 4266 κήρυκες,
1186 4196 1272 4263 ἐφ’
1306 4188 1379 4248 ὧν
1402 4204 1422 4229 κ
1457 4196 1513 4247 αἱ
1544 4195 1698 4263 νεφέ-

128 4282 213 4336 λαι
252 4283 501 4352 καθῆκαν
532 4286 718 4349 ὑετοὺς
752 4288 805 4339 αἱ
837 4287 1209 4339 κελευσθεῖσαι
1245 4288 1318 4356 μὴ
1349 4286 1564 4356 βρέχειν
1605 4288 1697 4339 ἐπὶ

128 4376 219 4429 τὸν
253 4376 541 4430 Ἰουδαῐκὺν
571 4378 887 4447 ἀμπελῶνα,
920 4379 1004 4448 ἐφ’
1033 4372 1107 4433 ὧν
1141 4380 1241 4432 οὐκ
1271 4380 1529 4442 ἀκάνθας,
1562 4379 1697 4432 ἀλλὰ

132 4466 405 4534 σταφυλάς
433 4468 732 4538 ἐτρύγησεν
760 4472 787 4522 ὁ
815 4470 1071 4541 Χριστὸς,
1102 4471 1365 4539 λεγόντων
1412 4472 1585 4541 ἡμῶν,
1615 4471 1695 4523 ὅτι

1793 612 1991 668 genere
2054 606 2261 661 autem,
2308 596 2451 665 quod
2482 595 2549 650 ab
2590 593 2814 661 Israele,
2852 594 3011 665 553
3046 593 3237 651 Israel.
3274 597 3383 653 Sed

1798 703 2056 760 tanquam
2108 690 2200 745 Dei
2255 692 2464 754 virtus,
2527 691 2689 745 rebus
2725 691 2880 759 ipsis,
2931 706 3067 759 quas
3116 701 3382 761 operatur

1793 802 1940 850 eum,
1983 784 2139 855 cujus
2180 784 2355 837 virtus
2382 792 2485 847 est,
2522 783 2692 853 gloria
2711 783 2891 855 aﬂicit,
2935 782 3200 849 informa
3236 786 3379 838 servi

1794 860 1989 941 lactus,
2019 854 2421 945 quantumlibet
2477 889 2675 929 natura
2703 854 2884 941 iilius;
2927 877 3014 929 cui
3074 875 3383 933 inﬂectctur

1794 983 1957 1022 omne
1977 984 2117 1038 genu
2140 968 2483 1021 terrestrium
2528 980 2579 1021 et
2605 967 2945 1021 infernorum
2970 986 2984 1034 ;
3018 986 3179 1040 quem
3202 970 3385 1026 omnis

1795 1060 1963 1113 etiam
1991 1061 2175 1130 lingua
2216 1059 2500 1113 Dominum
2531 1058 2714 1113 Iesum
2748 1059 3022 1115 Christum
3056 1065 3110 1117 in
3146 1064 3383 1134 gloriam

1799 1151 1897 1206 Dei
1925 1152 2101 1207 Patris
2126 1168 2248 1206 esse
2283 1152 2638 1207 confitebitur
2674 1153 2735 1205 “'.

1866 1241 2121 1296 Nonnulli
2151 1243 2216 1297 ad
2256 1257 2443 1297 vocent
2508 1241 2689 1297 Israel
2733 1242 2927 1299 referri
2963 1245 3237 1309 arbitrati,
3273 1243 3381 1299 Do-

1800 1335 1974 1399 mino,
2013 1344 2235 1404 propter
2294 1334 2600 1390 bonitatem
2633 1335 2832 1399 solani,
2880 1333 3056 1390 Israel
3095 1336 3382 1406 appellari,

1800 1436 1856 1482 et
1886 1430 1939 1481 in
1960 1442 2026 1481 eo
2062 1436 2285 1497 propter
2312 1427 2599 1491 miracula,
2634 1444 2756 1497 qua:
2787 1428 2839 1481 in
2876 1428 3114 1500 Egyplo
3134 1438 3192 1484 et
3221 1430 3383 1484 dein-

1803 1536 1933 1589 ceps
1960 1528 2174 1589 patrata
2235 1531 2383 1581 sunt.
2429 1521 2653 1589 gloriari
2686 1522 2958 1589 placuisse
3016 1523 3380 1577 arbitrantur.

1802 1611 2006 1666 Putant
2049 1612 2212 1666 iidem
2241 1613 2407 1667 verba
2442 1614 2567 1676 ista,
2605 1612 2832 1667 Frustra
2871 1616 3125 1680 laboravi,
3162 1631 3227 1669 ex
3258 1630 3386 1685 pro-

1808 1706 1979 1773 phctie
2008 1720 2239 1774 persona
2282 1705 2415 1768 dici,
2465 1712 2727 1773 tanquam
2763 1722 2821 1761 se
2857 1708 3237 1762 concionundo
3276 1724 3383 1762 uon

1808 1814 1995 1867 parum
2023 1799 2343 1859 desudasse,
2380 1798 2475 1852 sed
2520 1799 2653 1851 nihil
2678 1800 2800 1853 inde
2828 1801 3113 1869 probiores
3139 1803 3387 1855 evasisse

1810 1889 2109 1953 auditores,
2145 1902 2517 1957 conqueratur
2573 1908 2586 1943 :
2636 1906 2871 1958 eumque
2921 1891 3025 1945 silii
3070 1900 3127 1945 ut
3160 1892 3383 1962 dignam

1811 1980 2055 2033 laborum
2099 1980 2408 2034 mercedem
2468 1991 2697 2051 reponat
2740 1982 3024 2047 Dominus,
3079 1986 3381 2054 postulare.

1811 2076 2070 2128 Sumatur
2108 2084 2161 2128 et
2189 2074 2344 2138 illud,
2401 2073 2574 2140 aiunt,
2609 2075 2675 2129 de
2705 2074 2927 2130 homine
2965 2079 3230 2147 quolibet,
3290 2079 3382 2145 qui

1809 2166 1941 2219 sein
1972 2165 2207 2221 diversis
2276 2165 2439 2235 hujus
2508 2168 2633 2221 vita:
2692 2168 3037 2237 voluptatum
3087 2171 3384 2236 generibus

1809 2257 2013 2311 frustra
2035 2265 2249 2326 tempus
2267 2259 2630 2329 insumpsissc
2652 2262 2997 2316 recordetur.
3030 2262 3134 2316 Sed
3163 2268 3385 2333 proprie

1810 2353 1981 2419 magis
2009 2354 2079 2403 ad
2109 2348 2451 2405 Salvatoretn
2511 2348 2805 2415 referatur,
2850 2354 2943 2420 qui
2980 2354 3187 2407 auditis
3225 2368 3384 2423 supe-

1810 2441 2047 2494 rioribus
2080 2441 2180 2494 ista
2232 2449 2473 2509 reponat
2501 2457 2516 2494 :
2548 2440 2863 2505 Enimvero,
2896 2441 3081 2509 Pater,
3108 2445 3201 2514 qui
3239 2456 3293 2498 tn
3330 2446 3382 2499 iit

1810 2548 1896 2585 ine
1927 2532 2317 2601 gloriﬁcaberis
2340 2574 2354 2597 ,
2393 2548 2517 2586 cum
2550 2534 2739 2588 multis
2764 2550 2864 2605 pro
2898 2537 3074 2591 salute
3101 2538 3383 2592 hominum

1810 2626 2090 2680 laboribus
2116 2627 2427 2691 cxantlatis,
2452 2628 2589 2681 nihil
2611 2629 2957 2697 profecerim,
2985 2632 3173 2686 inultis
3198 2631 3379 2686 adhuc

1808 2718 1931 2771 aliis
1992 2720 2045 2771 in
2096 2718 2485 2773 incredulitate
2542 2723 3013 2788 permanentibus,
3077 2731 3131 2777 et
3176 2722 3382 2779 Iudaeis

1809 2808 1980 2877 ipsis?
2008 2808 2077 2861 At
2107 2810 2173 2862 dc
2206 2809 2324 2863 istis
2383 2810 2716 2879 intelligens,
2744 2826 2933 2866 senon
2988 2813 3094 2867 nisi
3152 2816 3217 2867 ad
3252 2830 3386 2870 oves

1807 2898 2004 2953 donius
2038 2898 2221 2963 Israel,
2261 2916 2381 2969 quae
2414 2902 2713 2970 perierant,
2743 2902 2972 2956 missum
3002 2904 3139 2957 dixit
3162 2905 3237 2969 u’;
3263 2920 3387 2974 qua:

1809 3001 1987 3047 tamen
2017 3004 2069 3045 et
2103 2995 2230 3062 ipsa-
2256 3006 2618 3063 praeterquam
2643 2995 2790 3063 quod
2826 2994 2983 3048 [idem
3012 2996 3377 3065 abnegarnnt,

1807 3098 1930 3136 eum
1982 3084 2144 3136 etiam
2183 3082 2333 3136 cruci
2369 3083 2677 3145 atlixeruut,
2701 3084 2768 3137 de
2797 3100 2906 3153 quo
2942 3085 3024 3138 sic
3060 3084 3204 3155 apud
3232 3085 3387 3139 Davi-

1808 3174 1928 3226 detn
1959 3175 2221 3243 legimus:
2252 3191 2269 3223 t
2296 3174 2427 3239 Quae
2457 3174 2665 3228 utilitas
2690 3174 2744 3227 in
2764 3175 3035 3244 sanguine
3060 3191 3199 3241 meo,
3234 3178 3381 3247 quod

1807 3264 2086 3319 descendo
2146 3266 2199 3318 in
2233 3265 2755 3333 corruptionem"?
2782 3286 2800 3318 ι
2837 3268 2943 3322 Sed
3009 3268 3112 3323 ista
3162 3271 3383 3338 quidem

1808 3357 1905 3409 illi.
1942 3356 2199 3426 Sequitur
2224 3373 2372 3423 vero,
2395 3358 2660 3426 judicium
2700 3376 2869 3413 meum
2899 3360 3039 3427 apud
3071 3360 3381 3416 Domitium.

1810 3449 1921 3518 Ego
1953 3452 2122 3514 enim,
2152 3451 2351 3519 inquit,
2388 3467 2507 3519 quae
2530 3467 2561 3504 a
2594 3468 2678 3505 ine
2712 3454 2832 3520 ipso
2852 3466 3031 3519 erant,
3065 3471 3241 3508 coram
3270 3454 3381 3509 Deo

1807 3559 1921 3595 meo
1981 3554 2306 3604 exsecutus,
2350 3552 2591 3611 paterna:
2618 3546 2918 3599 voluntatis
2968 3549 3126 3601 liuent
3153 3548 3385 3618 adeptus

1807 3649 1969 3687 sum:
2009 3634 2081 3687 ob
2128 3635 2293 3702 idque
2324 3648 2373 3689 et
2397 3636 2664 3703 judicium
2706 3639 2776 3690 ab
2803 3639 3057 3691 colatum
3101 3651 3207 3694 est.
3246 3643 3386 3695 Sunt

1805 3727 1949 3781 enim
1976 3726 2045 3779 ab
2070 3742 2155 3790 ea,
2208 3743 2372 3795 quam
2429 3744 2550 3781 cuin
2610 3729 2839 3783 Domino
2902 3732 3198 3795 habebant,
3248 3749 3383 3787 eou-

1802 3816 2091 3887 juuctione
2148 3818 2385 3884 divulsi;
2422 3828 2613 3889 gentes
2684 3831 2863 3875 autem
2920 3825 2971 3875 in
3022 3823 3115 3879 Dei
3172 3838 3381 3881 sortem

1806 3910 2010 3963 ascita).
2042 3906 2317 3963 Iudicium
2369 3926 2533 3979 porro
2588 3913 2734 3966 istud
2791 3915 2871 3967 vel
2901 3915 3014 3983 ipse
3039 3917 3091 3969 in
3120 3920 3383 3986 parabola

1805 3998 2067 4053 Dominus
2102 4000 2168 4054 de
2197 4003 2476 4070 agricolis,
2534 4006 2626 4073 qui
2658 4006 2929 4060 haeredem
2966 4008 3381 4075 interemerant,

1807 4094 2027 4149 locutus
2059 4093 2343 4158 indicavit,
2396 4110 2518 4149 cum
2549 4096 2781 4152 sublatis
2810 4100 2951 4161 istis,
2992 4102 3133 4165 aliis,
3162 4105 3252 4171 qui
3278 4106 3381 4159 sibi

1805 4198 1950 4241 Staio
1980 4195 2034 4243 et
2058 4186 2255 4242 idoneo
2288 4198 2529 4258 tempore
2562 4191 2775 4244 fructus
2801 4194 3133 4259 redderent,
3170 4197 3380 4249 vineam

1803 4295 1959 4334 suam
2009 4280 2321 4334 elocavit".
2360 4280 2397 4332 li
2434 4296 2563 4333 vero
2595 4284 2929 4336 exstiterunt
2963 4287 3379 4355 evangeliorum

1802 4388 2085 4442 praecones
2152 4374 2277 4441 ipsi,
2305 4374 2356 4425 in
2391 4389 2531 4442 quos
2572 4376 2744 4429 nubes
3004 4378 3129 4442 ilhc,
3187 4382 3379 4447 quaziu

1801 4462 2079 4518 Judaicam
2109 4466 2270 4517 vitem
2301 4464 2559 4532 depluere
2585 4467 2931 4530 vetabantur,
2963 4469 3199 4535 pluviam
3224 4486 3379 4524 suam

144 4559 201 4612 '0
236 4559 439 4631 Κύριος
463 4560 621 4614 δώσει
656 4563 1020 4634 χρηστότητα,
1057 4563 1151 4616 καὶ
1181 4565 1213 4633 ἡ
1243 4564 1311 4632 γῆ
1361 4563 1517 4633 ἡμῶν
1540 4560 1697 4615 δώσει

1806 4556 2172 4610 demiserunt:
2200 4570 2308 4623 quo
2368 4555 2573 4609 factum
2630 4565 2735 4616 est.
2765 4567 2960 4611 utnon
3017 4560 3231 4628 spinas,
3271 4560 3371 4614 sed

128 4654 253 4715 τοὺς
302 4655 549 4722 καρποὺς
598 4654 798 4707 αὐτῶν.
833 4656 939 4708 Καὶ
988 4655 1163 4718 άλλως
1207 4655 1264 4708 δὲ
1316 4656 1423 4708 τὸν
1465 4655 1706 4709 πόνονὸ

132 4744 340 4807 Παῦλος
368 4744 530 4798 αὑτοῦ
566 4745 663 4799 καὶ
702 4751 815 4814 τὴν
845 4748 1046 4815 κρίσιν
1074 4746 1225 4816 δηλοῖ
1247 4746 1419 4815 λέγων
1440 4762 1451 4775 ⁸
1488 4768 1505 4798 ι
1523 4748 1617 4809 Ὃς
1648 4748 1705 4798 ἐν

137 4840 315 4908 μορφῇ
368 4838 505 4892 Θεοῦ
541 4840 830 4909 ὑπάρχων,
864 4841 959 4910 οὐχ
1008 4839 1299 4911 ἁρπαγμὸν
1352 4841 1615 4910 ἡγήσατο,
1645 4839 1706 4892 τὸ

138 4926 269 4983 εἶναι
318 4930 409 4983 ῐσα
440 4930 581 4999 Θεῴ,
626 4932 739 4984 ἀλλ’
762 4933 951 4985 ἑαυτὸν
980 4932 1244 4984 ἐκένωσεν
1280 4932 1494 5002 μορφὴν
1520 4930 1704 4984 δούλου

140 5021 334 5085 λαϐὼν,
374 5023 611 5094 ὑπήκοος
642 5026 878 5093 γεγονὼς
898 5024 973 5093 τῷ
1001 5024 1224 5095 Πατέρι,
1256 5024 1415 5094 μέχρι
1447 5024 1699 5088 θανάτου,

138 5113 363 5167 θανάτου
382 5114 437 5166 δὲ
458 5115 712 5185 σταυροῦ.
737 5116 825 5168 Διὸ
846 5114 941 5168 καὶ
962 5114 1317 5185 ὑπερύψωσεν
1341 5116 1524 5181 αὐτὸν,
1548 5115 1702 5185 φησὶ,

135 5207 192 5257 τὸ
216 5206 386 5276 ὄνομα
406 5208 528 5271 δοὺς
552 5212 612 5259 τὸ
642 5208 782 5279 ὑπὲρ
812 5211 920 5262 πᾶν
952 5210 1142 5279 ὄνομα,
1171 5209 1255 5262 ἵνα
1288 5209 1347 5261 ἐν
1374 5207 1451 5279 τῷ
1481 5209 1703 5279 ὀνόματι

138 5294 297 5346 αὑτοῦ
326 5298 434 5349 πᾶν
466 5297 592 5364 γόνυ
624 5298 836 5368 κάμψῃ.
874 5316 892 5348 ι

1803 4664 1938 4702 uvas
1997 4647 2251 4701 Christus
2284 4648 2664 4717 collegerit";
2700 4651 2841 4703 sicut
2873 4650 2975 4719 ipsi
3026 4652 3373 4719 profitemur,

1804 4755 1926 4793 cum
1964 4740 2246 4793 Dominum
2276 4740 2667 4808 benignitatem
2691 4756 2874 4806 suam,
2905 4751 3222 4813 terramque
3273 4746 3382 4799 frn-

1804 4839 1952 4885 ctum
1995 4848 2153 4885 suum
2183 4832 2438 4885 daturum
2469 4848 2591 4887 esse
2637 4836 2887 4889 canimus
2907 4837 2976 4889 ’⁸.
3017 4837 3168 4891 Alias
3196 4846 3377 4892 autem

1805 4935 1860 4979 et
1888 4923 2088 4978 Paulus
2114 4924 2231 4993 ipse
2262 4924 2504 4992 ejusdem
2540 4924 2770 4979 laborem
2799 4928 3130 4995 eljudiciunt
3174 4930 3380 4983 indica-

1808 5018 1908 5078 vit,
1960 5016 2050 5069 ubi
2088 5016 2161 5067 ait
2196 5030 2255 5067 ε(
2279 5014 2380 5080 Qui
2414 5032 2537 5068 eum
2573 5017 2624 5069 in
2658 5016 2827 5070 forma
2898 5017 2987 5071 Dei
3037 5029 3207 5083 esset,
3268 5034 3376 5071 non

1808 5110 2053 5179 rapinam
2086 5109 2385 5163 arbitratus
2421 5118 2505 5161 cst
2537 5126 2656 5165 esse
2690 5127 2748 5165 se
2797 5113 3059 5180 aequalem
3112 5110 3243 5173 Deo,
3282 5111 3376 5164 sed

1811 5206 2047 5272 seipsum
2078 5202 2378 5256 exinanivit
2408 5203 2637 5256 fortnam
2705 5207 2847 5259 servi
2896 5205 3190 5273 accipiens,
3231 5204 3375 5257 Patri

1812 5295 1990 5348 factus
2020 5293 2281 5348 obcdiens
2324 5311 2496 5363 usque
2528 5297 2592 5349 ad
2640 5309 2889 5360 mortem,
2926 5308 3151 5351 mortem
3192 5306 3373 5349 autem

139 5385 599 5456 t~rucis.Propter
654 5389 799 5456 quod
851 5388 1014 5441 etiam
1070 5388 1335 5442 exaltavit
1404 5387 1579 5448 illum,
1656 5385 1855 5453 inquit,
1913 5394 1961 5437 et
2006 5383 2157 5437 dedit
2227 5384 2305 5437 illi
2368 5402 2588 5451 nomen,
2644 5388 2789 5456 quod
2846 5396 2933 5441 est
2988 5403 3151 5457 super
3212 5403 3375 5445 omne

140 5492 433 5544 nomen,ut
464 5485 513 5535 iti
555 5485 775 5540 nomine
840 5485 1012 5552 ipsius
1087 5501 1248 5538 omne
1301 5500 1439 5553 genu
1476 5481 1809 5537 ﬂectatur".
1850 5500 1868 5530 ι

211 5593 253 5665 ¹ξ
290 5594 526 5665 Philipp.
567 5614 626 5659 ti,
654 5600 706 5662 9,
748 5599 832 5653 l0.

143 5663 184 5693 ³³
224 5662 366 5718 Psal.
428 5662 573 5732 Lm,
612 5670 664 5723 6.
740 5670 785 5701 “
823 5669 1057 5739 Philipp.
1108 5686 1168 5735 ti,
1199 5669 1354 5725 7-10.

946 5600 989 5630 ¹⁹
1018 5598 1207 5653 Matth.
1244 5614 1325 5661 xv.
1359 5598 1448 5650 2t.
1526 5598 1571 5627 ²⁰
1603 5595 1747 5651 Psal.
1798 5609 1950 5646 xxix.
2008 5592 2096 5647 10.
2173 5595 2211 5624 ¹¹
2278 5593 2464 5648 Matth.
2517 5611 2626 5657 XXI,
2663 5594 2729 5649 53
2767 5610 2920 5665 seqq.

2997 5595 3042 5628 "
3079 5595 3181 5651 lsa.
3240 5612 3293 5664 v,
3318 5596 3372 5652 ι.

1448 5759 1674 5816 νΑΒιΑε
1713 5755 2115 5815 LECTIONES.

213 5858 235 5885 ι
265 5867 357 5917 γρ.
396 5850 511 5917 οῦς.
