  <div class='ocr_page' id='page_1' title='image "/cluster/home/n/w/nwhite01/storage/ocr_20150623/87:2/hvd.32044019208008/473.png"; bbox 0 0 3940 6524; ppageno 0'>
   <div class='ocr_carea' id='block_1_1' title="bbox 594 398 734 461">
    <p class='ocr_par' dir='ltr' id='par_1_1' title="bbox 594 398 734 461">
     <span class='ocr_line' id='line_1_1' title="bbox 594 398 734 461; baseline -0.007 0"><span class='ocrx_word' id='word_1_1' title='bbox 594 398 734 461; x_wconf 66' lang='grc' dir='ltr'><strong>ΞΜΠ</strong></span> 
     </span>
    </p>
   </div>
   <div class='ocr_carea' id='block_1_2' title="bbox 1863 391 2560 455">
    <p class='ocr_par' dir='ltr' id='par_1_2' title="bbox 1863 391 2560 455">
     <span class='ocr_line' id='line_1_2' title="bbox 1863 391 2560 455; baseline 0 -1"><span class='ocrx_word' id='word_1_2' title='bbox 1863 391 1878 402; x_wconf 80' lang='grc'><em>’</em></span> <span class='ocrx_word' id='word_1_3' title='bbox 1925 391 2279 454; x_wconf 83' lang='lat' dir='ltr'><strong>PROCOPII</strong></span> <span class='ocrx_word' id='word_1_4' title='bbox 2319 392 2560 455; x_wconf 76' lang='lat' dir='ltr'><strong>GAZ/EI</strong></span> 
     </span>
    </p>
   </div>
   <div class='ocr_carea' id='block_1_3' title="bbox 3691 397 3800 459">
    <p class='ocr_par' dir='ltr' id='par_1_3' title="bbox 3691 397 3800 459">
     <span class='ocr_line' id='line_1_3' title="bbox 3691 397 3800 459; baseline 0.009 -1"><span class='ocrx_word' id='word_1_5' title='bbox 3691 397 3800 459; x_wconf 68' lang='grc' dir='ltr'><strong>24θῖ</strong></span> 
     </span>
    </p>
   </div>
   <div class='ocr_carea' id='block_1_4' title="bbox 663 507 2172 581">
    <p class='ocr_par' dir='ltr' id='par_1_4' title="bbox 663 509 2166 580">
     <span class='ocr_line' id='line_1_4' title="bbox 663 509 2166 580; baseline -0.002 -15"><span class='ocrx_word' id='word_1_6' title='bbox 663 513 788 567; x_wconf 63' lang='lat' dir='ltr'><strong>Ilaec</strong></span> <span class='ocrx_word' id='word_1_7' title='bbox 845 522 1024 567; x_wconf 89' lang='lat' dir='ltr'><strong>autem</strong></span> <span class='ocrx_word' id='word_1_8' title='bbox 1091 510 1394 567; x_wconf 91' lang='lat' dir='ltr'><strong>secundum</strong></span> <span class='ocrx_word' id='word_1_9' title='bbox 1447 525 1671 566; x_wconf 88' lang='lat' dir='ltr'><strong>carnem</strong></span> <span class='ocrx_word' id='word_1_10' title='bbox 1728 510 2029 580; x_wconf 76' lang='lat' dir='ltr'><strong>intelliges.</strong></span> <span class='ocrx_word' id='word_1_11' title='bbox 2067 509 2166 563; x_wconf 80' lang='lat' dir='ltr'><strong>Est.</strong></span> 
     </span>
    </p>
   </div>
   <div class='ocr_carea' id='block_1_5' title="bbox 2277 507 3802 581">
    <p class='ocr_par' dir='ltr' id='par_1_5' title="bbox 2339 507 3802 581">
     <span class='ocr_line' id='line_1_5' title="bbox 2339 507 3802 581; baseline 0.002 -20"><span class='ocrx_word' id='word_1_12' title='bbox 2339 510 2523 563; x_wconf 82' lang='grc' dir='ltr'>Ταῦτα</span> <span class='ocrx_word' id='word_1_13' title='bbox 2565 508 2622 562; x_wconf 83' lang='grc' dir='ltr'><strong>δὲ</strong></span> <span class='ocrx_word' id='word_1_14' title='bbox 2669 508 2811 562; x_wconf 81' lang='grc' dir='ltr'>κατὰ</span> <span class='ocrx_word' id='word_1_15' title='bbox 2860 509 3038 580; x_wconf 80' lang='grc' dir='ltr'>σάρκα</span> <span class='ocrx_word' id='word_1_16' title='bbox 3065 509 3296 581; x_wconf 79' lang='grc' dir='ltr'><strong>νοήσεις.</strong></span> <span class='ocrx_word' id='word_1_17' title='bbox 3327 507 3497 562; x_wconf 76' lang='grc' dir='ltr'>Φύσει</span> <span class='ocrx_word' id='word_1_18' title='bbox 3528 509 3630 580; x_wconf 74' lang='grc' dir='ltr'>γὰρ</span> <span class='ocrx_word' id='word_1_19' title='bbox 3653 511 3802 576; x_wconf 61' lang='lat' dir='ltr'><strong>eam</strong></span> 
     </span>
    </p>
   </div>
   <div class='ocr_carea' id='block_1_6' title="bbox 589 603 2167 668">
    <p class='ocr_par' dir='ltr' id='par_1_6' title="bbox 589 603 2167 668">
     <span class='ocr_line' id='line_1_6' title="bbox 589 603 2167 668; baseline -0.004 -7"><span class='ocrx_word' id='word_1_20' title='bbox 589 607 734 661; x_wconf 93' lang='lat' dir='ltr'><strong>enim</strong></span> <span class='ocrx_word' id='word_1_21' title='bbox 801 603 972 660; x_wconf 86' lang='lat' dir='ltr'><strong>Filius</strong></span> <span class='ocrx_word' id='word_1_22' title='bbox 1046 615 1244 658; x_wconf 87' lang='lat' dir='ltr'><strong>natura</strong></span> <span class='ocrx_word' id='word_1_23' title='bbox 1323 603 1510 666; x_wconf 80' lang='lat' dir='ltr'><strong>Deus,</strong></span> <span class='ocrx_word' id='word_1_24' title='bbox 1567 617 1671 657; x_wconf 90' lang='lat' dir='ltr'><strong>nec</strong></span> <span class='ocrx_word' id='word_1_25' title='bbox 1717 603 2013 668; x_wconf 81' lang='lat' dir='ltr'><strong>laborans,</strong></span> <span class='ocrx_word' id='word_1_26' title='bbox 2067 618 2167 657; x_wconf 83' lang='lat' dir='ltr'><strong>nec</strong></span> 
     </span>
    </p>
   </div>
   <div class='ocr_carea' id='block_1_7' title="bbox 592 694 2166 765">
    <p class='ocr_par' dir='ltr' id='par_1_7' title="bbox 592 694 2166 765">
     <span class='ocr_line' id='line_1_7' title="bbox 592 694 2166 765; baseline 0 -15"><span class='ocrx_word' id='word_1_27' title='bbox 592 699 898 752; x_wconf 88' lang='lat' dir='ltr'><strong>mercedem</strong></span> <span class='ocrx_word' id='word_1_28' title='bbox 930 697 1169 750; x_wconf 85' lang='lat' dir='ltr'><strong>laborum</strong></span> <span class='ocrx_word' id='word_1_29' title='bbox 1193 697 1414 751; x_wconf 84' lang='lat' dir='ltr'><strong>nomine</strong></span> <span class='ocrx_word' id='word_1_30' title='bbox 1439 697 1746 765; x_wconf 78' lang='lat' dir='ltr'><strong>postulans.</strong></span> <span class='ocrx_word' id='word_1_31' title='bbox 1765 694 1912 750; x_wconf 81' lang='lat' dir='ltr'><strong>Voce</strong></span> <span class='ocrx_word' id='word_1_32' title='bbox 1940 706 2166 765; x_wconf 69' lang='lat' dir='ltr'><strong>praster-</strong></span> 
     </span>
    </p>
   </div>
   <div class='ocr_carea' id='block_1_8' title="bbox 590 789 2165 858">
    <p class='ocr_par' dir='ltr' id='par_1_8' title="bbox 590 789 2165 858">
     <span class='ocr_line' id='line_1_8' title="bbox 590 789 2165 858; baseline -0.001 -14"><span class='ocrx_word' id='word_1_33' title='bbox 590 807 651 844; x_wconf 85' lang='lat' dir='ltr'><strong>ea</strong></span> <span class='ocrx_word' id='word_1_34' title='bbox 686 808 819 844; x_wconf 85' lang='lat' dir='ltr'><strong>usus</strong></span> <span class='ocrx_word' id='word_1_35' title='bbox 878 790 1192 842; x_wconf 86' lang='lat' dir='ltr'><strong>hominibus</strong></span> <span class='ocrx_word' id='word_1_36' title='bbox 1255 804 1520 858; x_wconf 80' lang='lat' dir='ltr'><strong>congrua.</strong></span> <span class='ocrx_word' id='word_1_37' title='bbox 1568 805 1776 842; x_wconf 82' lang='lat' dir='ltr'><strong>servum</strong></span> <span class='ocrx_word' id='word_1_38' title='bbox 1830 805 1884 842; x_wconf 86' lang='lat' dir='ltr'><strong>se</strong></span> <span class='ocrx_word' id='word_1_39' title='bbox 1939 789 2004 841; x_wconf 87' lang='lat' dir='ltr'><strong>ab</strong></span> <span class='ocrx_word' id='word_1_40' title='bbox 2051 791 2165 856; x_wconf 85' lang='lat' dir='ltr'><strong>ipsa</strong></span> 
     </span>
    </p>
   </div>
   <div class='ocr_carea' id='block_1_9' title="bbox 590 876 2167 946">
    <p class='ocr_par' dir='ltr' id='par_1_9' title="bbox 590 876 2167 946">
     <span class='ocr_line' id='line_1_9' title="bbox 590 876 2167 946; baseline -0.002 -13"><span class='ocrx_word' id='word_1_41' title='bbox 590 882 777 933; x_wconf 76' lang='lat' dir='ltr'><strong>matris</strong></span> <span class='ocrx_word' id='word_1_42' title='bbox 801 889 944 932; x_wconf 86' lang='lat' dir='ltr'><strong>utero</strong></span> <span class='ocrx_word' id='word_1_43' title='bbox 976 878 1264 946; x_wconf 74' lang='lat' dir='ltr'><strong>formatum</strong></span> <span class='ocrx_word' id='word_1_44' title='bbox 1296 878 1431 931; x_wconf 91' lang='lat' dir='ltr'><strong>dicit</strong></span> <span class='ocrx_word' id='word_1_45' title='bbox 1464 895 1477 930; x_wconf 89' lang='lat'><strong>:</strong></span> <span class='ocrx_word' id='word_1_46' title='bbox 1509 877 1624 946; x_wconf 85' lang='lat' dir='ltr'><strong>qui,</strong></span> <span class='ocrx_word' id='word_1_47' title='bbox 1665 886 1937 946; x_wconf 89' lang='lat' dir='ltr'><strong>quatenus</strong></span> <span class='ocrx_word' id='word_1_48' title='bbox 1971 876 2167 942; x_wconf 85' lang='lat' dir='ltr'><strong>Filius,</strong></span> 
     </span>
    </p>
   </div>
   <div class='ocr_carea' id='block_1_10' title="bbox 590 969 2165 1039">
    <p class='ocr_par' dir='ltr' id='par_1_10' title="bbox 590 969 2165 1039">
     <span class='ocr_line' id='line_1_10' title="bbox 590 969 2165 1039; baseline -0.003 -14"><span class='ocrx_word' id='word_1_49' title='bbox 590 987 701 1026; x_wconf 90' lang='lat' dir='ltr'><strong>non</strong></span> <span class='ocrx_word' id='word_1_50' title='bbox 737 970 996 1039; x_wconf 77' lang='lat' dir='ltr'><strong>formatus</strong></span> <span class='ocrx_word' id='word_1_51' title='bbox 1035 979 1214 1022; x_wconf 83' lang='lat' dir='ltr'><strong>tamen</strong></span> <span class='ocrx_word' id='word_1_52' title='bbox 1249 971 1340 1028; x_wconf 88' lang='lat' dir='ltr'><strong>sit.</strong></span> <span class='ocrx_word' id='word_1_53' title='bbox 1378 970 1469 1022; x_wconf 89' lang='lat' dir='ltr'><strong>sed</strong></span> <span class='ocrx_word' id='word_1_54' title='bbox 1528 969 1623 1038; x_wconf 86' lang='lat' dir='ltr'><strong>qui</strong></span> <span class='ocrx_word' id='word_1_55' title='bbox 1677 977 1952 1037; x_wconf 81' lang='lat' dir='ltr'><strong>quatenus</strong></span> <span class='ocrx_word' id='word_1_56' title='bbox 1988 984 2165 1020; x_wconf 83' lang='lat' dir='ltr'><strong>servus</strong></span> 
     </span>
    </p>
   </div>
   <div class='ocr_carea' id='block_1_11' title="bbox 591 1057 2168 1131">
    <p class='ocr_par' dir='ltr' id='par_1_11' title="bbox 591 1057 2168 1131">
     <span class='ocr_line' id='line_1_11' title="bbox 591 1057 2168 1131; baseline -0.004 -14"><span class='ocrx_word' id='word_1_57' title='bbox 591 1079 810 1118; x_wconf 89' lang='lat' dir='ltr'><strong>carnem</strong></span> <span class='ocrx_word' id='word_1_58' title='bbox 841 1071 1011 1131; x_wconf 78' lang='lat' dir='ltr'><strong>gerat.</strong></span> <span class='ocrx_word' id='word_1_59' title='bbox 1039 1060 1140 1126; x_wconf 87' lang='lat' dir='ltr'><strong>Qui</strong></span> <span class='ocrx_word' id='word_1_60' title='bbox 1178 1061 1347 1120; x_wconf 86' lang='lat' dir='ltr'><strong>enim,</strong></span> <span class='ocrx_word' id='word_1_61' title='bbox 1387 1061 1431 1114; x_wconf 91' lang='lat' dir='ltr'><strong>si</strong></span> <span class='ocrx_word' id='word_1_62' title='bbox 1456 1071 1649 1113; x_wconf 87' lang='lat' dir='ltr'><strong>natura</strong></span> <span class='ocrx_word' id='word_1_63' title='bbox 1701 1075 1892 1114; x_wconf 83' lang='lat' dir='ltr'><strong>servus</strong></span> <span class='ocrx_word' id='word_1_64' title='bbox 1926 1067 2042 1114; x_wconf 88' lang='lat' dir='ltr'><strong>erat</strong></span> <span class='ocrx_word' id='word_1_65' title='bbox 2079 1057 2168 1112; x_wconf 59' lang='grc'><strong>1³1-</strong></span> 
     </span>
    </p>
   </div>
   <div class='ocr_carea' id='block_1_12' title="bbox 591 1151 2168 1222">
    <p class='ocr_par' dir='ltr' id='par_1_12' title="bbox 591 1151 2168 1222">
     <span class='ocr_line' id='line_1_12' title="bbox 591 1151 2168 1222; baseline -0.003 -13"><span class='ocrx_word' id='word_1_66' title='bbox 591 1155 720 1217; x_wconf 91' lang='lat' dir='ltr'><strong>lius,</strong></span> <span class='ocrx_word' id='word_1_67' title='bbox 750 1156 802 1208; x_wconf 88' lang='lat' dir='ltr'><strong>in</strong></span> <span class='ocrx_word' id='word_1_68' title='bbox 827 1156 1128 1208; x_wconf 82' lang='lat' dir='ltr'><strong>servitutem</strong></span> <span class='ocrx_word' id='word_1_69' title='bbox 1158 1153 1421 1220; x_wconf 82' lang='lat' dir='ltr'><strong>formatus</strong></span> <span class='ocrx_word' id='word_1_70' title='bbox 1447 1167 1570 1208; x_wconf 88' lang='lat' dir='ltr'><strong>esse</strong></span> <span class='ocrx_word' id='word_1_71' title='bbox 1591 1152 1843 1205; x_wconf 82' lang='lat' dir='ltr'><strong>dicatur?</strong></span> <span class='ocrx_word' id='word_1_72' title='bbox 1891 1151 2022 1206; x_wconf 87' lang='lat' dir='ltr'><strong>Esse</strong></span> <span class='ocrx_word' id='word_1_73' title='bbox 2071 1153 2168 1222; x_wconf 83' lang='lat' dir='ltr'><strong>igi-</strong></span> 
     </span>
    </p>
   </div>
   <div class='ocr_carea' id='block_1_13' title="bbox 590 1244 2165 1313">
    <p class='ocr_par' dir='ltr' id='par_1_13' title="bbox 590 1244 2165 1313">
     <span class='ocr_line' id='line_1_13' title="bbox 590 1244 2165 1313; baseline -0.001 -16"><span class='ocrx_word' id='word_1_74' title='bbox 590 1253 681 1298; x_wconf 90' lang='lat' dir='ltr'><strong>tur</strong></span> <span class='ocrx_word' id='word_1_75' title='bbox 749 1256 944 1298; x_wconf 90' lang='lat' dir='ltr'><strong>natura</strong></span> <span class='ocrx_word' id='word_1_76' title='bbox 993 1244 1224 1298; x_wconf 89' lang='lat' dir='ltr'><strong>liberum</strong></span> <span class='ocrx_word' id='word_1_77' title='bbox 1275 1253 1520 1312; x_wconf 81' lang='lat' dir='ltr'><strong>apparet.</strong></span> <span class='ocrx_word' id='word_1_78' title='bbox 1551 1244 1701 1297; x_wconf 91' lang='lat' dir='ltr'><strong>Istud</strong></span> <span class='ocrx_word' id='word_1_79' title='bbox 1749 1244 1892 1297; x_wconf 88' lang='lat' dir='ltr'><strong>enim</strong></span> <span class='ocrx_word' id='word_1_80' title='bbox 1929 1244 2012 1297; x_wconf 92' lang='lat' dir='ltr'><strong>vel</strong></span> <span class='ocrx_word' id='word_1_81' title='bbox 2049 1244 2165 1313; x_wconf 87' lang='lat' dir='ltr'><strong>ipsa</strong></span> 
     </span>
    </p>
   </div>
   <div class='ocr_carea' id='block_1_14' title="bbox 592 1336 2165 1406">
    <p class='ocr_par' dir='ltr' id='par_1_14' title="bbox 592 1336 2165 1406">
     <span class='ocr_line' id='line_1_14' title="bbox 592 1336 2165 1406; baseline -0.001 -14"><span class='ocrx_word' id='word_1_82' title='bbox 592 1338 904 1393; x_wconf 89' lang='lat' dir='ltr'><strong>didrachmi</strong></span> <span class='ocrx_word' id='word_1_83' title='bbox 965 1338 1226 1406; x_wconf 90' lang='lat' dir='ltr'><strong>pensione</strong></span> <span class='ocrx_word' id='word_1_84' title='bbox 1273 1339 1407 1391; x_wconf 85' lang='lat' dir='ltr'><strong>satis</strong></span> <span class='ocrx_word' id='word_1_85' title='bbox 1468 1336 1751 1400; x_wconf 87' lang='lat' dir='ltr'><strong>indicavit,</strong></span> <span class='ocrx_word' id='word_1_86' title='bbox 1788 1353 1911 1391; x_wconf 91' lang='lat' dir='ltr'><strong>cum</strong></span> <span class='ocrx_word' id='word_1_87' title='bbox 1947 1338 2165 1392; x_wconf 84' lang='lat' dir='ltr'><strong>Petrum</strong></span> 
     </span>
    </p>
   </div>
   <div class='ocr_carea' id='block_1_15' title="bbox 591 1428 2166 1498">
    <p class='ocr_par' dir='ltr' id='par_1_15' title="bbox 591 1428 2166 1498">
     <span class='ocr_line' id='line_1_15' title="bbox 591 1428 2166 1498; baseline -0.002 -14"><span class='ocrx_word' id='word_1_88' title='bbox 591 1430 793 1484; x_wconf 87' lang='lat' dir='ltr'><strong>liberos</strong></span> <span class='ocrx_word' id='word_1_89' title='bbox 830 1445 954 1486; x_wconf 87' lang='lat' dir='ltr'><strong>esse</strong></span> <span class='ocrx_word' id='word_1_90' title='bbox 993 1430 1132 1484; x_wconf 88' lang='lat' dir='ltr'><strong>lilios</strong></span> <span class='ocrx_word' id='word_1_91' title='bbox 1176 1430 1391 1483; x_wconf 87' lang='lat' dir='ltr'><strong>docuit.</strong></span> <span class='ocrx_word' id='word_1_92' title='bbox 1441 1429 1632 1498; x_wconf 88' lang='lat' dir='ltr'><strong>Itaque</strong></span> <span class='ocrx_word' id='word_1_93' title='bbox 1661 1445 1725 1482; x_wconf 86' lang='lat' dir='ltr'><strong>ex</strong></span> <span class='ocrx_word' id='word_1_94' title='bbox 1747 1437 1902 1483; x_wconf 88' lang='lat' dir='ltr'><strong>utero</strong></span> <span class='ocrx_word' id='word_1_95' title='bbox 1935 1428 2166 1493; x_wconf 77' lang='lat' dir='ltr'><strong>dixit&quot;,</strong></span> 
     </span>
    </p>
   </div>
   <div class='ocr_carea' id='block_1_16' title="bbox 591 1519 2166 1590">
    <p class='ocr_par' dir='ltr' id='par_1_16' title="bbox 591 1519 2166 1590">
     <span class='ocr_line' id='line_1_16' title="bbox 591 1519 2166 1590; baseline 0 -16"><span class='ocrx_word' id='word_1_96' title='bbox 591 1531 649 1574; x_wconf 80' lang='grc' dir='ltr'><strong>ιιι</strong></span> <span class='ocrx_word' id='word_1_97' title='bbox 665 1523 933 1575; x_wconf 85' lang='lat' dir='ltr'><strong>servitutis</strong></span> <span class='ocrx_word' id='word_1_98' title='bbox 977 1521 1237 1589; x_wconf 87' lang='lat' dir='ltr'><strong>temporis</strong></span> <span class='ocrx_word' id='word_1_99' title='bbox 1262 1521 1601 1583; x_wconf 76' lang='lat' dir='ltr'><strong>ostenderet,</strong></span> <span class='ocrx_word' id='word_1_100' title='bbox 1635 1519 1886 1588; x_wconf 86' lang='lat' dir='ltr'><strong>ejusque,</strong></span> <span class='ocrx_word' id='word_1_101' title='bbox 1918 1536 2042 1590; x_wconf 72' lang='lat' dir='ltr'><strong>qua:</strong></span> <span class='ocrx_word' id='word_1_102' title='bbox 2079 1536 2166 1574; x_wconf 87' lang='lat' dir='ltr'><strong>se-</strong></span> 
     </span>
    </p>
   </div>
   <div class='ocr_carea' id='block_1_17' title="bbox 593 1612 2169 1681">
    <p class='ocr_par' dir='ltr' id='par_1_17' title="bbox 593 1612 2169 1681">
     <span class='ocr_line' id='line_1_17' title="bbox 593 1612 2169 1681; baseline -0.004 -13"><span class='ocrx_word' id='word_1_103' title='bbox 593 1612 832 1668; x_wconf 90' lang='lat' dir='ltr'><strong>cundum</strong></span> <span class='ocrx_word' id='word_1_104' title='bbox 876 1628 1096 1666; x_wconf 88' lang='lat' dir='ltr'><strong>carnem</strong></span> <span class='ocrx_word' id='word_1_105' title='bbox 1126 1621 1230 1676; x_wconf 89' lang='lat' dir='ltr'><strong>est,</strong></span> <span class='ocrx_word' id='word_1_106' title='bbox 1273 1612 1579 1665; x_wconf 87' lang='lat' dir='ltr'><strong>nativitatis</strong></span> <span class='ocrx_word' id='word_1_107' title='bbox 1607 1612 1830 1665; x_wconf 90' lang='lat' dir='ltr'><strong>modum</strong></span> <span class='ocrx_word' id='word_1_108' title='bbox 1863 1613 2169 1681; x_wconf 80' lang='lat' dir='ltr'><strong>distingue-</strong></span> 
     </span>
    </p>
   </div>
   <div class='ocr_carea' id='block_1_18' title="bbox 591 1706 2164 1775">
    <p class='ocr_par' dir='ltr' id='par_1_18' title="bbox 591 1706 2164 1775">
     <span class='ocr_line' id='line_1_18' title="bbox 591 1706 2164 1775; baseline -0.001 -12"><span class='ocrx_word' id='word_1_109' title='bbox 591 1717 698 1764; x_wconf 89' lang='lat' dir='ltr'><strong>ret.</strong></span> <span class='ocrx_word' id='word_1_110' title='bbox 736 1709 939 1762; x_wconf 83' lang='lat' dir='ltr'><strong>Deinde</strong></span> <span class='ocrx_word' id='word_1_111' title='bbox 984 1707 1186 1761; x_wconf 83' lang='lat' dir='ltr'><strong>servi/is</strong></span> <span class='ocrx_word' id='word_1_112' title='bbox 1251 1706 1590 1775; x_wconf 80' lang='lat' dir='ltr'><strong>formationis</strong></span> <span class='ocrx_word' id='word_1_113' title='bbox 1619 1722 1842 1761; x_wconf 84' lang='lat' dir='ltr'><strong>causam</strong></span> <span class='ocrx_word' id='word_1_114' title='bbox 1872 1707 2164 1770; x_wconf 90' lang='lat' dir='ltr'><strong>deliniens,</strong></span> 
     </span>
    </p>
   </div>
   <div class='ocr_carea' id='block_1_19' title="bbox 593 1799 2162 1869">
    <p class='ocr_par' dir='ltr' id='par_1_19' title="bbox 593 1799 2162 1869">
     <span class='ocr_line' id='line_1_19' title="bbox 593 1799 2162 1869; baseline 0.001 -17"><span class='ocrx_word' id='word_1_115' title='bbox 593 1799 934 1852; x_wconf 75' lang='lat' dir='ltr'><strong>adlacobum</strong></span> <span class='ocrx_word' id='word_1_116' title='bbox 991 1799 1409 1869; x_wconf 83' lang='lat' dir='ltr'><strong>congregandum</strong></span> <span class='ocrx_word' id='word_1_117' title='bbox 1479 1799 1674 1854; x_wconf 81' lang='lat' dir='ltr'><strong>factam</strong></span> <span class='ocrx_word' id='word_1_118' title='bbox 1707 1816 1831 1855; x_wconf 85' lang='lat' dir='ltr'><strong>esse</strong></span> <span class='ocrx_word' id='word_1_119' title='bbox 1876 1799 2162 1869; x_wconf 81' lang='lat' dir='ltr'><strong>adjunxit;</strong></span> 
     </span>
    </p>
   </div>
   <div class='ocr_carea' id='block_1_20' title="bbox 592 1890 2166 1960">
    <p class='ocr_par' dir='ltr' id='par_1_20' title="bbox 592 1890 2166 1960">
     <span class='ocr_line' id='line_1_20' title="bbox 592 1890 2166 1960; baseline -0.002 -14"><span class='ocrx_word' id='word_1_120' title='bbox 592 1892 754 1960; x_wconf 89' lang='lat' dir='ltr'><strong>cujus</strong></span> <span class='ocrx_word' id='word_1_121' title='bbox 805 1893 1026 1945; x_wconf 82' lang='lat' dir='ltr'><strong>nemine</strong></span> <span class='ocrx_word' id='word_1_122' title='bbox 1085 1899 1296 1945; x_wconf 89' lang='lat' dir='ltr'><strong>tantum</strong></span> <span class='ocrx_word' id='word_1_123' title='bbox 1352 1893 1723 1959; x_wconf 78' lang='lat' dir='ltr'><strong>formationem</strong></span> <span class='ocrx_word' id='word_1_124' title='bbox 1775 1892 1933 1943; x_wconf 87' lang='lat' dir='ltr'><strong>istam</strong></span> <span class='ocrx_word' id='word_1_125' title='bbox 1978 1890 2166 1956; x_wconf 82' lang='lat' dir='ltr'><strong>subiit,</strong></span> 
     </span>
    </p>
   </div>
   <div class='ocr_carea' id='block_1_21' title="bbox 592 1981 2170 2052">
    <p class='ocr_par' dir='ltr' id='par_1_21' title="bbox 592 1981 2170 2052">
     <span class='ocr_line' id='line_1_21' title="bbox 592 1981 2170 2052; baseline -0.001 -15"><span class='ocrx_word' id='word_1_126' title='bbox 592 1997 717 2038; x_wconf 91' lang='lat' dir='ltr'><strong>cum</strong></span> <span class='ocrx_word' id='word_1_127' title='bbox 757 1983 808 2036; x_wconf 93' lang='lat' dir='ltr'><strong>in</strong></span> <span class='ocrx_word' id='word_1_128' title='bbox 831 1984 1055 2036; x_wconf 88' lang='lat' dir='ltr'><strong>minime</strong></span> <span class='ocrx_word' id='word_1_129' title='bbox 1087 1982 1316 2036; x_wconf 81' lang='lat' dir='ltr'><strong>formata</strong></span> <span class='ocrx_word' id='word_1_130' title='bbox 1349 1985 1641 2038; x_wconf 84' lang='lat' dir='ltr'><strong>divinitate</strong></span> <span class='ocrx_word' id='word_1_131' title='bbox 1691 1983 2026 2052; x_wconf 86' lang='lat' dir='ltr'><strong>quiesceret.</strong></span> <span class='ocrx_word' id='word_1_132' title='bbox 2066 1981 2170 2036; x_wconf 88' lang='lat' dir='ltr'><strong>Eos</strong></span> 
     </span>
    </p>
   </div>
   <div class='ocr_carea' id='block_1_22' title="bbox 593 2075 2168 2142">
    <p class='ocr_par' dir='ltr' id='par_1_22' title="bbox 593 2075 2168 2142">
     <span class='ocr_line' id='line_1_22' title="bbox 593 2075 2168 2142; baseline -0.002 -13"><span class='ocrx_word' id='word_1_133' title='bbox 593 2076 738 2129; x_wconf 85' lang='lat' dir='ltr'><strong>enim</strong></span> <span class='ocrx_word' id='word_1_134' title='bbox 790 2079 953 2129; x_wconf 86' lang='lat' dir='ltr'><strong>etiam</strong></span> <span class='ocrx_word' id='word_1_135' title='bbox 995 2092 1117 2128; x_wconf 86' lang='lat' dir='ltr'><strong>cum</strong></span> <span class='ocrx_word' id='word_1_136' title='bbox 1177 2076 1302 2128; x_wconf 89' lang='lat' dir='ltr'><strong>aliis</strong></span> <span class='ocrx_word' id='word_1_137' title='bbox 1359 2075 1610 2139; x_wconf 85' lang='lat' dir='ltr'><strong>Satanas,</strong></span> <span class='ocrx_word' id='word_1_138' title='bbox 1668 2076 1782 2129; x_wconf 83' lang='lat' dir='ltr'><strong>sive</strong></span> <span class='ocrx_word' id='word_1_139' title='bbox 1831 2075 1974 2142; x_wconf 88' lang='lat' dir='ltr'><strong>quod</strong></span> <span class='ocrx_word' id='word_1_140' title='bbox 2029 2075 2168 2126; x_wconf 89' lang='lat' dir='ltr'><strong>idola</strong></span> 
     </span>
    </p>
   </div>
   <div class='ocr_carea' id='block_1_23' title="bbox 593 2167 2170 2236">
    <p class='ocr_par' dir='ltr' id='par_1_23' title="bbox 593 2167 2170 2236">
     <span class='ocr_line' id='line_1_23' title="bbox 593 2167 2170 2236; baseline 0 -14"><span class='ocrx_word' id='word_1_141' title='bbox 593 2169 878 2233; x_wconf 73' lang='lat' dir='ltr'><strong>(olerent,</strong></span> <span class='ocrx_word' id='word_1_142' title='bbox 946 2170 1061 2223; x_wconf 83' lang='lat' dir='ltr'><strong>sive</strong></span> <span class='ocrx_word' id='word_1_143' title='bbox 1133 2169 1278 2236; x_wconf 88' lang='lat' dir='ltr'><strong>quod</strong></span> <span class='ocrx_word' id='word_1_144' title='bbox 1333 2167 1616 2220; x_wconf 86' lang='lat' dir='ltr'><strong>hominum</strong></span> <span class='ocrx_word' id='word_1_145' title='bbox 1691 2168 1946 2220; x_wconf 87' lang='lat' dir='ltr'><strong>mandata</strong></span> <span class='ocrx_word' id='word_1_146' title='bbox 2010 2169 2170 2222; x_wconf 85' lang='lat' dir='ltr'><strong>doce-</strong></span> 
     </span>
    </p>
   </div>
   <div class='ocr_carea' id='block_1_24' title="bbox 594 2258 2170 2328">
    <p class='ocr_par' dir='ltr' id='par_1_24' title="bbox 594 2258 2170 2328">
     <span class='ocr_line' id='line_1_24' title="bbox 594 2258 2170 2328; baseline -0.001 -14"><span class='ocrx_word' id='word_1_147' title='bbox 594 2271 742 2324; x_wconf 84' lang='lat' dir='ltr'><strong>rent,</strong></span> <span class='ocrx_word' id='word_1_148' title='bbox 775 2276 802 2312; x_wconf 89' lang='lat' dir='ltr'><strong>a</strong></span> <span class='ocrx_word' id='word_1_149' title='bbox 832 2260 940 2314; x_wconf 87' lang='lat' dir='ltr'><strong>Deo</strong></span> <span class='ocrx_word' id='word_1_150' title='bbox 995 2268 1342 2328; x_wconf 65' lang='lat' dir='ltr'><strong>svparaverat</strong></span> <span class='ocrx_word' id='word_1_151' title='bbox 1387 2277 1400 2312; x_wconf 93' lang='lat'><strong>:</strong></span> <span class='ocrx_word' id='word_1_152' title='bbox 1453 2259 1545 2313; x_wconf 86' lang='lat' dir='ltr'><strong>sed</strong></span> <span class='ocrx_word' id='word_1_153' title='bbox 1616 2259 1800 2313; x_wconf 85' lang='lat' dir='ltr'><strong>hostes</strong></span> <span class='ocrx_word' id='word_1_154' title='bbox 1869 2259 1957 2313; x_wconf 88' lang='lat' dir='ltr'><strong>Dei</strong></span> <span class='ocrx_word' id='word_1_155' title='bbox 1998 2258 2170 2313; x_wconf 82' lang='lat' dir='ltr'><strong>factos</strong></span> 
     </span>
    </p>
   </div>
   <div class='ocr_carea' id='block_1_25' title="bbox 595 2351 2170 2420">
    <p class='ocr_par' dir='ltr' id='par_1_25' title="bbox 595 2351 2170 2420">
     <span class='ocr_line' id='line_1_25' title="bbox 595 2351 2170 2420; baseline -0.002 -13"><span class='ocrx_word' id='word_1_156' title='bbox 595 2353 850 2407; x_wconf 88' lang='lat' dir='ltr'><strong>Christus</strong></span> <span class='ocrx_word' id='word_1_157' title='bbox 899 2353 1013 2420; x_wconf 83' lang='lat' dir='ltr'><strong>ipse</strong></span> <span class='ocrx_word' id='word_1_158' title='bbox 1043 2352 1183 2405; x_wconf 81' lang='lat' dir='ltr'><strong>Patri</strong></span> <span class='ocrx_word' id='word_1_159' title='bbox 1221 2351 1618 2415; x_wconf 83' lang='lat' dir='ltr'><strong>reconciliavit,</strong></span> <span class='ocrx_word' id='word_1_160' title='bbox 1646 2352 1790 2419; x_wconf 88' lang='lat' dir='ltr'><strong>quod</strong></span> <span class='ocrx_word' id='word_1_161' title='bbox 1823 2353 1952 2405; x_wconf 91' lang='lat' dir='ltr'><strong>olim</strong></span> <span class='ocrx_word' id='word_1_162' title='bbox 1997 2361 2054 2404; x_wconf 92' lang='lat' dir='ltr'><strong>ut</strong></span> <span class='ocrx_word' id='word_1_163' title='bbox 2087 2352 2170 2404; x_wconf 86' lang='lat' dir='ltr'><strong>l&#39;a-</strong></span> 
     </span>
    </p>
   </div>
   <div class='ocr_carea' id='block_1_26' title="bbox 595 2445 2166 2514">
    <p class='ocr_par' dir='ltr' id='par_1_26' title="bbox 595 2445 2166 2514">
     <span class='ocr_line' id='line_1_26' title="bbox 595 2445 2166 2514; baseline -0.001 -14"><span class='ocrx_word' id='word_1_164' title='bbox 595 2456 806 2508; x_wconf 83' lang='lat' dir='ltr'><strong>cerent,</strong></span> <span class='ocrx_word' id='word_1_165' title='bbox 841 2460 1024 2514; x_wconf 85' lang='lat' dir='ltr'><strong>pacem</strong></span> <span class='ocrx_word' id='word_1_166' title='bbox 1045 2461 1168 2498; x_wconf 92' lang='lat' dir='ltr'><strong>cum</strong></span> <span class='ocrx_word' id='word_1_167' title='bbox 1195 2461 1260 2499; x_wconf 87' lang='lat' dir='ltr'><strong>co</strong></span> <span class='ocrx_word' id='word_1_168' title='bbox 1283 2447 1574 2499; x_wconf 66' lang='lat' dir='ltr'><strong>iucundam</strong></span> <span class='ocrx_word' id='word_1_169' title='bbox 1598 2462 1718 2499; x_wconf 87' lang='lat' dir='ltr'><strong>esse</strong></span> <span class='ocrx_word' id='word_1_170' title='bbox 1744 2445 2043 2498; x_wconf 75' lang='lat' dir='ltr'><strong>inclamans</strong></span> <span class='ocrx_word' id='word_1_171' title='bbox 2061 2461 2166 2498; x_wconf 91' lang='lat' dir='ltr'><strong>non</strong></span> 
     </span>
    </p>
   </div>
   <div class='ocr_carea' id='block_1_27' title="bbox 595 2538 2168 2607">
    <p class='ocr_par' dir='ltr' id='par_1_27' title="bbox 595 2538 2168 2607">
     <span class='ocr_line' id='line_1_27' title="bbox 595 2538 2168 2607; baseline -0.003 -13"><span class='ocrx_word' id='word_1_172' title='bbox 595 2539 768 2594; x_wconf 82' lang='lat' dir='ltr'><strong>Isaias</strong></span> <span class='ocrx_word' id='word_1_173' title='bbox 819 2543 1000 2603; x_wconf 87' lang='lat' dir='ltr'><strong>modo,</strong></span> <span class='ocrx_word' id='word_1_174' title='bbox 1036 2538 1128 2591; x_wconf 86' lang='lat' dir='ltr'><strong>sed</strong></span> <span class='ocrx_word' id='word_1_175' title='bbox 1163 2539 1261 2607; x_wconf 82' lang='lat' dir='ltr'><strong>ipsi</strong></span> <span class='ocrx_word' id='word_1_176' title='bbox 1293 2539 1456 2591; x_wconf 86' lang='lat' dir='ltr'><strong>etiam</strong></span> <span class='ocrx_word' id='word_1_177' title='bbox 1509 2539 1765 2606; x_wconf 84' lang='lat' dir='ltr'><strong>discipuli</strong></span> <span class='ocrx_word' id='word_1_178' title='bbox 1811 2555 1908 2607; x_wconf 91' lang='lat' dir='ltr'><strong>pro</strong></span> <span class='ocrx_word' id='word_1_179' title='bbox 1942 2538 2168 2592; x_wconf 83' lang='lat' dir='ltr'><strong>Christo</strong></span> 
     </span>
    </p>
   </div>
   <div class='ocr_carea' id='block_1_28' title="bbox 597 2628 2171 2698">
    <p class='ocr_par' dir='ltr' id='par_1_28' title="bbox 597 2628 2171 2698">
     <span class='ocr_line' id='line_1_28' title="bbox 597 2628 2171 2698; baseline -0.002 -16"><span class='ocrx_word' id='word_1_180' title='bbox 597 2630 866 2698; x_wconf 78' lang='lat' dir='ltr'><strong>legatione</strong></span> <span class='ocrx_word' id='word_1_181' title='bbox 893 2628 1265 2696; x_wconf 74' lang='lat' dir='ltr'><strong>fungentes“,</strong></span> <span class='ocrx_word' id='word_1_182' title='bbox 1299 2638 1560 2698; x_wconf 83' lang='lat' dir='ltr'><strong>tauquam</strong></span> <span class='ocrx_word' id='word_1_183' title='bbox 1593 2628 1700 2682; x_wconf 86' lang='lat' dir='ltr'><strong>Deo</strong></span> <span class='ocrx_word' id='word_1_184' title='bbox 1741 2644 1834 2698; x_wconf 87' lang='lat' dir='ltr'><strong>per</strong></span> <span class='ocrx_word' id='word_1_185' title='bbox 1861 2628 2008 2695; x_wconf 84' lang='lat' dir='ltr'><strong>ipsos</strong></span> <span class='ocrx_word' id='word_1_186' title='bbox 2049 2643 2171 2692; x_wconf 89' lang='lat' dir='ltr'><strong>pro-</strong></span> 
     </span>
    </p>
   </div>
   <div class='ocr_carea' id='block_1_29' title="bbox 597 2719 2168 2790">
    <p class='ocr_par' dir='ltr' id='par_1_29' title="bbox 597 2719 2168 2790">
     <span class='ocr_line' id='line_1_29' title="bbox 597 2719 2168 2790; baseline -0.003 -15"><span class='ocrx_word' id='word_1_187' title='bbox 597 2731 850 2783; x_wconf 79' lang='lat' dir='ltr'><strong>vocante,</strong></span> <span class='ocrx_word' id='word_1_188' title='bbox 910 2724 1264 2790; x_wconf 80' lang='lat' dir='ltr'><strong>nondumque</strong></span> <span class='ocrx_word' id='word_1_189' title='bbox 1327 2723 1428 2775; x_wconf 83' lang='lat' dir='ltr'><strong>sibi</strong></span> <span class='ocrx_word' id='word_1_190' title='bbox 1492 2737 1708 2774; x_wconf 90' lang='lat' dir='ltr'><strong>rursum</strong></span> <span class='ocrx_word' id='word_1_191' title='bbox 1766 2736 1861 2788; x_wconf 89' lang='lat' dir='ltr'><strong>per</strong></span> <span class='ocrx_word' id='word_1_192' title='bbox 1890 2719 2168 2772; x_wconf 79' lang='lat' dir='ltr'><strong>Christum</strong></span> 
     </span>
    </p>
   </div>
   <div class='ocr_carea' id='block_1_30' title="bbox 596 2807 2171 2878">
    <p class='ocr_par' dir='ltr' id='par_1_30' title="bbox 596 2807 2171 2878">
     <span class='ocr_line' id='line_1_30' title="bbox 596 2807 2171 2878; baseline -0.004 -11"><span class='ocrx_word' id='word_1_193' title='bbox 596 2812 1005 2876; x_wconf 82' lang='lat' dir='ltr'><strong>reconciliante,</strong></span> <span class='ocrx_word' id='word_1_194' title='bbox 1038 2822 1390 2866; x_wconf 89' lang='lat' dir='ltr'><strong>monuerant.</strong></span> <span class='ocrx_word' id='word_1_195' title='bbox 1428 2810 1812 2878; x_wconf 81' lang='lat' dir='ltr'><strong>lntelligantnr</strong></span> <span class='ocrx_word' id='word_1_196' title='bbox 1839 2825 1969 2862; x_wconf 83' lang='lat' dir='ltr'><strong>vero</strong></span> <span class='ocrx_word' id='word_1_197' title='bbox 1995 2807 2171 2861; x_wconf 87' lang='lat' dir='ltr'><strong>Israe-</strong></span> 
     </span>
    </p>
   </div>
   <div class='ocr_carea' id='block_1_31' title="bbox 597 2900 2170 2970">
    <p class='ocr_par' dir='ltr' id='par_1_31' title="bbox 597 2900 2170 2970">
     <span class='ocr_line' id='line_1_31' title="bbox 597 2900 2170 2970; baseline -0.004 -13"><span class='ocrx_word' id='word_1_198' title='bbox 597 2903 665 2957; x_wconf 79' lang='lat' dir='ltr'><strong>lis</strong></span> <span class='ocrx_word' id='word_1_199' title='bbox 691 2913 744 2957; x_wconf 85' lang='lat' dir='ltr'><strong>et</strong></span> <span class='ocrx_word' id='word_1_200' title='bbox 773 2901 961 2955; x_wconf 80' lang='lat' dir='ltr'><strong>Jacobi</strong></span> <span class='ocrx_word' id='word_1_201' title='bbox 983 2904 1317 2968; x_wconf 83' lang='lat' dir='ltr'><strong>nominibus,</strong></span> <span class='ocrx_word' id='word_1_202' title='bbox 1353 2918 1458 2956; x_wconf 92' lang='lat' dir='ltr'><strong>non</strong></span> <span class='ocrx_word' id='word_1_203' title='bbox 1504 2904 1536 2955; x_wconf 89' lang='lat' dir='ltr'><strong>ii</strong></span> <span class='ocrx_word' id='word_1_204' title='bbox 1575 2913 1808 2967; x_wconf 90' lang='lat' dir='ltr'><strong>tantum,</strong></span> <span class='ocrx_word' id='word_1_205' title='bbox 1844 2901 1935 2970; x_wconf 93' lang='lat' dir='ltr'><strong>qui</strong></span> <span class='ocrx_word' id='word_1_206' title='bbox 1968 2916 2034 2954; x_wconf 78' lang='lat' dir='ltr'><strong>ex</strong></span> <span class='ocrx_word' id='word_1_207' title='bbox 2059 2900 2170 2953; x_wconf 87' lang='lat' dir='ltr'><strong>eir-</strong></span> 
     </span>
    </p>
   </div>
   <div class='ocr_carea' id='block_1_32' title="bbox 596 2995 2170 3066">
    <p class='ocr_par' dir='ltr' id='par_1_32' title="bbox 596 2995 2170 3066">
     <span class='ocr_line' id='line_1_32' title="bbox 596 2995 2170 3066; baseline -0.003 -16"><span class='ocrx_word' id='word_1_208' title='bbox 596 2997 937 3054; x_wconf 86' lang='lat' dir='ltr'><strong>cttmcisione</strong></span> <span class='ocrx_word' id='word_1_209' title='bbox 961 3007 1110 3061; x_wconf 88' lang='lat' dir='ltr'><strong>sunt,</strong></span> <span class='ocrx_word' id='word_1_210' title='bbox 1142 2997 1209 3050; x_wconf 89' lang='lat' dir='ltr'><strong>ad</strong></span> <span class='ocrx_word' id='word_1_211' title='bbox 1241 3013 1380 3064; x_wconf 87' lang='lat' dir='ltr'><strong>quos</strong></span> <span class='ocrx_word' id='word_1_212' title='bbox 1428 2995 1586 3066; x_wconf 82' lang='lat'><strong>555</strong></span> <span class='ocrx_word' id='word_1_213' title='bbox 1629 2998 1790 3048; x_wconf 89' lang='lat' dir='ltr'><strong>etiam</strong></span> <span class='ocrx_word' id='word_1_214' title='bbox 1853 2995 2080 3048; x_wconf 89' lang='lat' dir='ltr'><strong>missum</strong></span> <span class='ocrx_word' id='word_1_215' title='bbox 2113 3008 2170 3048; x_wconf 89' lang='lat' dir='ltr'><strong>se</strong></span> 
     </span>
    </p>
   </div>
   <div class='ocr_carea' id='block_1_33' title="bbox 599 3089 2173 3159">
    <p class='ocr_par' dir='ltr' id='par_1_33' title="bbox 599 3089 2173 3159">
     <span class='ocr_line' id='line_1_33' title="bbox 599 3089 2173 3159; baseline -0.004 -14"><span class='ocrx_word' id='word_1_216' title='bbox 599 3106 725 3145; x_wconf 88' lang='lat' dir='ltr'><strong>esse</strong></span> <span class='ocrx_word' id='word_1_217' title='bbox 779 3089 1142 3153; x_wconf 84' lang='lat' dir='ltr'><strong>demonstrat,</strong></span> <span class='ocrx_word' id='word_1_218' title='bbox 1183 3106 1308 3144; x_wconf 89' lang='lat' dir='ltr'><strong>cum</strong></span> <span class='ocrx_word' id='word_1_219' title='bbox 1348 3091 1400 3142; x_wconf 91' lang='lat' dir='ltr'><strong>in</strong></span> <span class='ocrx_word' id='word_1_220' title='bbox 1454 3091 1593 3143; x_wconf 86' lang='lat' dir='ltr'><strong>viam</strong></span> <span class='ocrx_word' id='word_1_221' title='bbox 1630 3091 1870 3159; x_wconf 78' lang='lat' dir='ltr'><strong>gentium</strong></span> <span class='ocrx_word' id='word_1_222' title='bbox 1896 3089 2173 3141; x_wconf 88' lang='lat' dir='ltr'><strong>ambulare</strong></span> 
     </span>
    </p>
   </div>
   <div class='ocr_carea' id='block_1_34' title="bbox 2273 600 3802 672">
    <p class='ocr_par' dir='ltr' id='par_1_34' title="bbox 2273 600 3802 672">
     <span class='ocr_line' id='line_1_34' title="bbox 2273 600 3802 672; baseline 0.001 -18"><span class='ocrx_word' id='word_1_223' title='bbox 2273 601 2416 668; x_wconf 80' lang='grc' dir='ltr'>Υἱὸς,</span> <span class='ocrx_word' id='word_1_224' title='bbox 2445 602 2507 654; x_wconf 84' lang='grc' dir='ltr'>οὐ</span> <span class='ocrx_word' id='word_1_225' title='bbox 2539 600 2783 664; x_wconf 75' lang='grc' dir='ltr'><em>κοπιῶν,</em></span> <span class='ocrx_word' id='word_1_226' title='bbox 2810 601 2912 654; x_wconf 83' lang='grc' dir='ltr'>οὐκ</span> <span class='ocrx_word' id='word_1_227' title='bbox 2938 601 3174 670; x_wconf 73' lang='grc' dir='ltr'>ἀμοιϐὴν</span> <span class='ocrx_word' id='word_1_228' title='bbox 3204 603 3324 654; x_wconf 69' lang='grc' dir='ltr'>ἀντὶ</span> <span class='ocrx_word' id='word_1_229' title='bbox 3359 602 3562 654; x_wconf 77' lang='grc' dir='ltr'>κόπων</span> <span class='ocrx_word' id='word_1_230' title='bbox 3581 601 3802 672; x_wconf 75' lang='grc' dir='ltr'>δεόμενος.</span> 
     </span>
    </p>
   </div>
   <div class='ocr_carea' id='block_1_35' title="bbox 2269 690 3804 765">
    <p class='ocr_par' dir='ltr' id='par_1_35' title="bbox 2269 690 3804 765">
     <span class='ocr_line' id='line_1_35' title="bbox 2269 690 3804 765; baseline 0.002 -19"><span class='ocrx_word' id='word_1_231' title='bbox 2269 690 2402 748; x_wconf 82' lang='grc' dir='ltr'>Εἶτα</span> <span class='ocrx_word' id='word_1_232' title='bbox 2439 695 2600 748; x_wconf 84' lang='grc' dir='ltr'>πάλιν</span> <span class='ocrx_word' id='word_1_233' title='bbox 2642 695 3104 765; x_wconf 82' lang='grc' dir='ltr'>ἀνθρωποπρεπεῖ</span> <span class='ocrx_word' id='word_1_234' title='bbox 3131 695 3478 763; x_wconf 81' lang='grc' dir='ltr'>κεχρημένος</span> <span class='ocrx_word' id='word_1_235' title='bbox 3509 697 3668 764; x_wconf 75' lang='grc' dir='ltr'>φωνῇ.</span> <span class='ocrx_word' id='word_1_236' title='bbox 3697 697 3804 751; x_wconf 71' lang='grc' dir='ltr'><strong>δοῖ·-</strong></span> 
     </span>
    </p>
   </div>
   <div class='ocr_carea' id='block_1_36' title="bbox 2267 787 3805 856">
    <p class='ocr_par' dir='ltr' id='par_1_36' title="bbox 2267 787 3805 856">
     <span class='ocr_line' id='line_1_36' title="bbox 2267 787 3805 856; baseline 0 -14"><span class='ocrx_word' id='word_1_237' title='bbox 2267 791 2380 842; x_wconf 62' lang='lat' dir='ltr'><strong>dor</strong></span> <span class='ocrx_word' id='word_1_238' title='bbox 2411 789 2627 842; x_wconf 81' lang='grc' dir='ltr'><strong>ἑαυτὸν</strong></span> <span class='ocrx_word' id='word_1_239' title='bbox 2651 789 2718 840; x_wconf 72' lang='grc' dir='ltr'>ἐκ</span> <span class='ocrx_word' id='word_1_240' title='bbox 2752 789 2987 852; x_wconf 83' lang='grc' dir='ltr'>κοιλίας</span> <span class='ocrx_word' id='word_1_241' title='bbox 3017 787 3362 840; x_wconf 70' lang='grc' dir='ltr'><strong>πεπλάσθαι</strong></span> <span class='ocrx_word' id='word_1_242' title='bbox 3399 788 3556 855; x_wconf 74' lang='grc' dir='ltr'>φησὶ,</span> <span class='ocrx_word' id='word_1_243' title='bbox 3589 787 3705 839; x_wconf 68' lang='grc' dir='ltr'>καθὸ</span> <span class='ocrx_word' id='word_1_244' title='bbox 3734 790 3805 856; x_wconf 73' lang='grc' dir='ltr'>μὲν</span> 
     </span>
    </p>
   </div>
   <div class='ocr_carea' id='block_1_37' title="bbox 2269 879 3806 953">
    <p class='ocr_par' dir='ltr' id='par_1_37' title="bbox 2269 879 3806 953">
     <span class='ocr_line' id='line_1_37' title="bbox 2269 879 3806 953; baseline 0.001 -18"><span class='ocrx_word' id='word_1_245' title='bbox 2269 881 2418 944; x_wconf 72' lang='grc' dir='ltr'>Υἱὸς,</span> <span class='ocrx_word' id='word_1_246' title='bbox 2453 883 2525 952; x_wconf 87' lang='grc' dir='ltr'>μὴ</span> <span class='ocrx_word' id='word_1_247' title='bbox 2561 882 2973 949; x_wconf 79' lang='grc' dir='ltr'><strong>πλαττόμενος</strong></span> <span class='ocrx_word' id='word_1_248' title='bbox 2993 898 3006 911; x_wconf 90' lang='grc'><strong>·</strong></span> <span class='ocrx_word' id='word_1_249' title='bbox 3039 880 3174 932; x_wconf 72' lang='grc' dir='ltr'>καθὸ</span> <span class='ocrx_word' id='word_1_250' title='bbox 3192 880 3246 932; x_wconf 79' lang='grc' dir='ltr'>δὲ</span> <span class='ocrx_word' id='word_1_251' title='bbox 3268 879 3520 944; x_wconf 72' lang='grc' dir='ltr'>δοῦλος,</span> <span class='ocrx_word' id='word_1_252' title='bbox 3549 879 3638 949; x_wconf 71' lang='grc' dir='ltr'><strong>τὴν</strong></span> <span class='ocrx_word' id='word_1_253' title='bbox 3662 882 3806 953; x_wconf 67' lang='grc' dir='ltr'>δούλην</span> 
     </span>
    </p>
   </div>
   <div class='ocr_carea' id='block_1_38' title="bbox 2269 967 3804 1045">
    <p class='ocr_par' dir='ltr' id='par_1_38' title="bbox 2269 967 3804 1045">
     <span class='ocr_line' id='line_1_38' title="bbox 2269 967 3804 1045; baseline -0.001 -18"><span class='ocrx_word' id='word_1_254' title='bbox 2269 975 2444 1045; x_wconf 77' lang='grc' dir='ltr'>σάρκα</span> <span class='ocrx_word' id='word_1_255' title='bbox 2477 975 2676 1044; x_wconf 71' lang='grc' dir='ltr'>φορῶν.</span> <span class='ocrx_word' id='word_1_256' title='bbox 2705 975 2825 1036; x_wconf 83' lang='grc' dir='ltr'><strong>Πῶς</strong></span> <span class='ocrx_word' id='word_1_257' title='bbox 2853 974 2962 1043; x_wconf 77' lang='grc' dir='ltr'><strong>γὰρ</strong></span> <span class='ocrx_word' id='word_1_258' title='bbox 2992 973 3078 1035; x_wconf 81' lang='grc' dir='ltr'>ἂν,</span> <span class='ocrx_word' id='word_1_259' title='bbox 3097 975 3144 1024; x_wconf 79' lang='grc' dir='ltr'>εἰ</span> <span class='ocrx_word' id='word_1_260' title='bbox 3173 972 3330 1040; x_wconf 68' lang='grc' dir='ltr'>φύσει</span> <span class='ocrx_word' id='word_1_261' title='bbox 3359 971 3546 1031; x_wconf 67' lang='grc' dir='ltr'>δοῦλος</span> <span class='ocrx_word' id='word_1_262' title='bbox 3573 967 3679 1041; x_wconf 71' lang='grc' dir='ltr'><strong>ἦνὸ</strong></span> <span class='ocrx_word' id='word_1_263' title='bbox 3698 974 3804 1040; x_wconf 69' lang='grc' dir='ltr'>Υἱὸς,</span> 
     </span>
    </p>
   </div>
   <div class='ocr_carea' id='block_1_39' title="bbox 2266 1063 3800 1135">
    <p class='ocr_par' dir='ltr' id='par_1_39' title="bbox 2266 1063 3800 1135">
     <span class='ocr_line' id='line_1_39' title="bbox 2266 1063 3800 1135; baseline -0.005 -13"><span class='ocrx_word' id='word_1_264' title='bbox 2266 1071 2353 1134; x_wconf 77' lang='grc' dir='ltr'>εἰς</span> <span class='ocrx_word' id='word_1_265' title='bbox 2377 1067 2674 1135; x_wconf 81' lang='grc' dir='ltr'>Ιδουλείαν</span> <span class='ocrx_word' id='word_1_266' title='bbox 2713 1067 2930 1134; x_wconf 78' lang='grc' dir='ltr'><strong>ἐλέγετο</strong></span> <span class='ocrx_word' id='word_1_267' title='bbox 2977 1065 3343 1118; x_wconf 73' lang='grc' dir='ltr'><strong>πλάττεσθαι</strong></span> <span class='ocrx_word' id='word_1_268' title='bbox 3373 1081 3392 1126; x_wconf 87' lang='grc'><em>;</em></span> <span class='ocrx_word' id='word_1_269' title='bbox 3423 1065 3591 1132; x_wconf 74' lang='grc' dir='ltr'>Δῆλον</span> <span class='ocrx_word' id='word_1_270' title='bbox 3640 1063 3720 1118; x_wconf 74' lang='grc' dir='ltr'>οὖν</span> 
     </span>
    </p>
   </div>
   <div class='ocr_carea' id='block_1_40' title="bbox 2267 1157 3793 1232">
    <p class='ocr_par' dir='ltr' id='par_1_40' title="bbox 2267 1157 3793 1232">
     <span class='ocr_line' id='line_1_40' title="bbox 2267 1157 3793 1232; baseline -0.003 -18"><span class='ocrx_word' id='word_1_271' title='bbox 2267 1163 2407 1214; x_wconf 76' lang='grc' dir='ltr'>κατὰ</span> <span class='ocrx_word' id='word_1_272' title='bbox 2439 1160 2600 1228; x_wconf 76' lang='grc' dir='ltr'>φύσιν</span> <span class='ocrx_word' id='word_1_273' title='bbox 2631 1160 2896 1229; x_wconf 78' lang='grc' dir='ltr'><strong>ὑπάρχων</strong></span> <span class='ocrx_word' id='word_1_274' title='bbox 2930 1158 3235 1228; x_wconf 80' lang='grc' dir='ltr'>ἐλεύθερος.</span> <span class='ocrx_word' id='word_1_275' title='bbox 3255 1157 3434 1210; x_wconf 80' lang='grc' dir='ltr'>Τοῦτο</span> <span class='ocrx_word' id='word_1_276' title='bbox 3463 1157 3572 1226; x_wconf 77' lang='grc' dir='ltr'><strong>γὰρ</strong></span> <span class='ocrx_word' id='word_1_277' title='bbox 3593 1158 3681 1210; x_wconf 72' lang='grc' dir='ltr'><strong>καὶ</strong></span> <span class='ocrx_word' id='word_1_278' title='bbox 3697 1162 3793 1232; x_wconf 47' lang='lat' dir='ltr'><strong>tua:</strong></span> 
     </span>
    </p>
   </div>
   <div class='ocr_carea' id='block_1_41' title="bbox 2266 1248 3799 1323">
    <p class='ocr_par' dir='ltr' id='par_1_41' title="bbox 2266 1248 3799 1323">
     <span class='ocr_line' id='line_1_41' title="bbox 2266 1248 3799 1323; baseline -0.004 -16"><span class='ocrx_word' id='word_1_279' title='bbox 2266 1256 2360 1307; x_wconf 81' lang='grc' dir='ltr'>τοῦ</span> <span class='ocrx_word' id='word_1_280' title='bbox 2390 1253 2685 1323; x_wconf 85' lang='grc' dir='ltr'>διδράχμου</span> <span class='ocrx_word' id='word_1_281' title='bbox 2733 1253 3062 1319; x_wconf 74' lang='grc' dir='ltr'>συνεισφορᾷ</span> <span class='ocrx_word' id='word_1_282' title='bbox 3109 1249 3245 1322; x_wconf 73' lang='grc' dir='ltr'>πρὸς</span> <span class='ocrx_word' id='word_1_283' title='bbox 3291 1249 3387 1300; x_wconf 83' lang='grc' dir='ltr'><strong>τὸν</strong></span> <span class='ocrx_word' id='word_1_284' title='bbox 3439 1248 3639 1318; x_wconf 81' lang='grc' dir='ltr'>Πέτρον</span> <span class='ocrx_word' id='word_1_285' title='bbox 3670 1253 3799 1319; x_wconf 46' lang='lat' dir='ltr'><strong>(pqae,</strong></span> 
     </span>
    </p>
   </div>
   <div class='ocr_carea' id='block_1_42' title="bbox 2273 1325 3807 1414">
    <p class='ocr_par' dir='ltr' id='par_1_42' title="bbox 2273 1340 3807 1414">
     <span class='ocr_line' id='line_1_42' title="bbox 2273 1340 3807 1414; baseline 0 -19"><span class='ocrx_word' id='word_1_286' title='bbox 2273 1344 2468 1414; x_wconf 75' lang='lat' dir='ltr'><strong>¢&quot;Apot,</strong></span> <span class='ocrx_word' id='word_1_287' title='bbox 2491 1343 2684 1411; x_wconf 80' lang='grc' dir='ltr'>λέγων,</span> <span class='ocrx_word' id='word_1_288' title='bbox 2703 1343 2976 1412; x_wconf 76' lang='grc' dir='ltr'>ἐλεύθεροί</span> <span class='ocrx_word' id='word_1_289' title='bbox 2999 1345 3135 1395; x_wconf 71' lang='grc' dir='ltr'>εἰσιν</span> <span class='ocrx_word' id='word_1_290' title='bbox 3161 1344 3210 1394; x_wconf 78' lang='grc' dir='ltr'><strong>οἱ</strong></span> <span class='ocrx_word' id='word_1_291' title='bbox 3241 1340 3369 1394; x_wconf 76' lang='grc' dir='ltr'>υἱοί.</span> <span class='ocrx_word' id='word_1_292' title='bbox 3407 1359 3426 1390; x_wconf 72' lang='grc' dir='ltr'><strong>ι</strong></span> <span class='ocrx_word' id='word_1_293' title='bbox 3457 1342 3748 1410; x_wconf 73' lang='grc' dir='ltr'><strong>Τοιγαροῦν,</strong></span> <span class='ocrx_word' id='word_1_294' title='bbox 3768 1349 3807 1396; x_wconf 68' lang='grc' dir='ltr'><strong>τὸ</strong></span> 
     </span>
    </p>
   </div>
   <div class='ocr_carea' id='block_1_43' title="bbox 2265 1433 3807 1505">
    <p class='ocr_par' dir='ltr' id='par_1_43' title="bbox 2265 1433 3807 1505">
     <span class='ocr_line' id='line_1_43' title="bbox 2265 1433 3807 1505; baseline 0.001 -18"><span class='ocrx_word' id='word_1_295' title='bbox 2265 1434 2333 1487; x_wconf 83' lang='grc' dir='ltr'>ἐκ</span> <span class='ocrx_word' id='word_1_296' title='bbox 2350 1434 2579 1500; x_wconf 77' lang='grc' dir='ltr'><em>κοιλίας</em></span> <span class='ocrx_word' id='word_1_297' title='bbox 2602 1434 2959 1505; x_wconf 82' lang='grc' dir='ltr'><strong>προσέθηκεν,</strong></span> <span class='ocrx_word' id='word_1_298' title='bbox 2987 1434 3061 1496; x_wconf 85' lang='grc' dir='ltr'>ὡς</span> <span class='ocrx_word' id='word_1_299' title='bbox 3085 1434 3150 1486; x_wconf 82' lang='grc' dir='ltr'>ἂν</span> <span class='ocrx_word' id='word_1_300' title='bbox 3173 1433 3359 1504; x_wconf 86' lang='grc' dir='ltr'>δειχθῆ</span> <span class='ocrx_word' id='word_1_301' title='bbox 3393 1433 3500 1502; x_wconf 84' lang='grc' dir='ltr'>τῆς</span> <span class='ocrx_word' id='word_1_302' title='bbox 3526 1433 3769 1500; x_wconf 76' lang='grc' dir='ltr'>δουλείας</span> <span class='ocrx_word' id='word_1_303' title='bbox 3789 1440 3807 1489; x_wconf 77' lang='grc' dir='ltr'><strong>ὃ</strong></span> 
     </span>
    </p>
   </div>
   <div class='ocr_carea' id='block_1_44' title="bbox 2265 1525 3811 1597">
    <p class='ocr_par' dir='ltr' id='par_1_44' title="bbox 2265 1525 3811 1597">
     <span class='ocr_line' id='line_1_44' title="bbox 2265 1525 3811 1597; baseline 0.002 -21"><span class='ocrx_word' id='word_1_304' title='bbox 2265 1540 2325 1576; x_wconf 84' lang='grc' dir='ltr'><strong>τε</strong></span> <span class='ocrx_word' id='word_1_305' title='bbox 2343 1525 2533 1596; x_wconf 85' lang='grc' dir='ltr'><strong>χρόνος</strong></span> <span class='ocrx_word' id='word_1_306' title='bbox 2559 1526 2654 1578; x_wconf 73' lang='grc' dir='ltr'><strong>καὶ</strong></span> <span class='ocrx_word' id='word_1_307' title='bbox 2686 1526 2885 1597; x_wconf 81' lang='grc' dir='ltr'>τρόπος</span> <span class='ocrx_word' id='word_1_308' title='bbox 2897 1528 2961 1595; x_wconf 81' lang='grc' dir='ltr'>τῇ</span> <span class='ocrx_word' id='word_1_309' title='bbox 2983 1525 3123 1578; x_wconf 82' lang='grc' dir='ltr'>κατὰ</span> <span class='ocrx_word' id='word_1_310' title='bbox 3144 1527 3322 1594; x_wconf 89' lang='grc' dir='ltr'>σάρκα</span> <span class='ocrx_word' id='word_1_311' title='bbox 3351 1525 3606 1595; x_wconf 73' lang='grc' dir='ltr'>γεννήσει</span> <span class='ocrx_word' id='word_1_312' title='bbox 3631 1525 3811 1596; x_wconf 60' lang='grc' dir='ltr'>διορίζει·</span> 
     </span>
    </p>
   </div>
   <div class='ocr_carea' id='block_1_45' title="bbox 2272 1619 3807 1693">
    <p class='ocr_par' dir='ltr' id='par_1_45' title="bbox 2272 1619 3807 1693">
     <span class='ocr_line' id='line_1_45' title="bbox 2272 1619 3807 1693; baseline -0.001 -19"><span class='ocrx_word' id='word_1_313' title='bbox 2272 1639 2454 1693; x_wconf 87' lang='grc' dir='ltr'>μενος.</span> <span class='ocrx_word' id='word_1_314' title='bbox 2488 1622 2599 1676; x_wconf 74' lang='grc' dir='ltr'>Καὶ</span> <span class='ocrx_word' id='word_1_315' title='bbox 2628 1621 2742 1690; x_wconf 83' lang='grc' dir='ltr'><strong>τῆς</strong></span> <span class='ocrx_word' id='word_1_316' title='bbox 2780 1620 3072 1689; x_wconf 81' lang='grc' dir='ltr'><strong>δουλικῆς</strong></span> <span class='ocrx_word' id='word_1_317' title='bbox 3116 1621 3407 1686; x_wconf 78' lang='grc' dir='ltr'><strong>πλάσεως</strong></span> <span class='ocrx_word' id='word_1_318' title='bbox 3433 1619 3533 1689; x_wconf 75' lang='grc' dir='ltr'>τὴν</span> <span class='ocrx_word' id='word_1_319' title='bbox 3563 1619 3724 1672; x_wconf 71' lang='grc' dir='ltr'>αἰτίαν</span> <span class='ocrx_word' id='word_1_320' title='bbox 3749 1621 3807 1672; x_wconf 72' lang='grc' dir='ltr'><strong>δι-</strong></span> 
     </span>
    </p>
   </div>
   <div class='ocr_carea' id='block_1_46' title="bbox 2266 1712 3808 1788">
    <p class='ocr_par' dir='ltr' id='par_1_46' title="bbox 2266 1712 3808 1788">
     <span class='ocr_line' id='line_1_46' title="bbox 2266 1712 3808 1788; baseline -0.003 -18"><span class='ocrx_word' id='word_1_321' title='bbox 2266 1717 2618 1788; x_wconf 77' lang='grc' dir='ltr'>οριζόμενος,</span> <span class='ocrx_word' id='word_1_322' title='bbox 2673 1716 2950 1784; x_wconf 79' lang='grc' dir='ltr'><strong>ἐπήγαγεν</strong></span> <span class='ocrx_word' id='word_1_323' title='bbox 3003 1713 3098 1766; x_wconf 82' lang='grc' dir='ltr'><strong>τοῦ</strong></span> <span class='ocrx_word' id='word_1_324' title='bbox 3143 1715 3447 1782; x_wconf 71' lang='grc' dir='ltr'>συνάγειν</span> <span class='ocrx_word' id='word_1_325' title='bbox 3486 1713 3590 1764; x_wconf 72' lang='grc' dir='ltr'><strong>τόν</strong></span> <span class='ocrx_word' id='word_1_326' title='bbox 3628 1712 3808 1766; x_wconf 69' lang='grc' dir='ltr'>Ἰακώϐ.</span> 
     </span>
    </p>
   </div>
   <div class='ocr_carea' id='block_1_47' title="bbox 2273 1803 3806 1878">
    <p class='ocr_par' dir='ltr' id='par_1_47' title="bbox 2273 1803 3806 1878">
     <span class='ocr_line' id='line_1_47' title="bbox 2273 1803 3806 1878; baseline -0.005 -16"><span class='ocrx_word' id='word_1_327' title='bbox 2273 1809 2484 1862; x_wconf 77' lang='grc' dir='ltr'>Οὐκοῦν</span> <span class='ocrx_word' id='word_1_328' title='bbox 2533 1811 2580 1862; x_wconf 74' lang='grc' dir='ltr'>εἰ</span> <span class='ocrx_word' id='word_1_329' title='bbox 2619 1808 2692 1878; x_wconf 84' lang='grc' dir='ltr'>μὴ</span> <span class='ocrx_word' id='word_1_330' title='bbox 2723 1807 2811 1860; x_wconf 81' lang='grc' dir='ltr'><strong>διὰ</strong></span> <span class='ocrx_word' id='word_1_331' title='bbox 2860 1809 3102 1868; x_wconf 82' lang='grc' dir='ltr'>τούτους,</span> <span class='ocrx_word' id='word_1_332' title='bbox 3136 1807 3236 1858; x_wconf 80' lang='grc' dir='ltr'>οὐκ</span> <span class='ocrx_word' id='word_1_333' title='bbox 3266 1803 3334 1858; x_wconf 80' lang='grc' dir='ltr'><strong>ἂν</strong></span> <span class='ocrx_word' id='word_1_334' title='bbox 3370 1804 3648 1870; x_wconf 78' lang='grc' dir='ltr'><strong>ἐπλάσθη</strong></span> <span class='ocrx_word' id='word_1_335' title='bbox 3686 1806 3733 1856; x_wconf 80' lang='grc' dir='ltr'>ἐν</span> 
     </span>
    </p>
   </div>
   <div class='ocr_carea' id='block_1_48' title="bbox 2273 1895 3808 1970">
    <p class='ocr_par' dir='ltr' id='par_1_48' title="bbox 2273 1895 3808 1970">
     <span class='ocr_line' id='line_1_48' title="bbox 2273 1895 3808 1970; baseline -0.006 -16"><span class='ocrx_word' id='word_1_336' title='bbox 2273 1901 2532 1970; x_wconf 85' lang='grc' dir='ltr'><em>ἀπλάστῳ</em></span> <span class='ocrx_word' id='word_1_337' title='bbox 2564 1901 2740 1966; x_wconf 78' lang='grc' dir='ltr'>μένων</span> <span class='ocrx_word' id='word_1_338' title='bbox 2769 1897 3006 1967; x_wconf 82' lang='grc' dir='ltr'>θεότητι.</span> <span class='ocrx_word' id='word_1_339' title='bbox 3033 1897 3144 1950; x_wconf 71' lang='grc' dir='ltr'><strong>Καὶ</strong></span> <span class='ocrx_word' id='word_1_340' title='bbox 3177 1897 3409 1957; x_wconf 79' lang='grc' dir='ltr'><strong>τούτους</strong></span> <span class='ocrx_word' id='word_1_341' title='bbox 3438 1895 3547 1964; x_wconf 76' lang='grc' dir='ltr'><strong>γὰρ</strong></span> <span class='ocrx_word' id='word_1_342' title='bbox 3583 1895 3706 1963; x_wconf 75' lang='grc' dir='ltr'>μετὰ</span> <span class='ocrx_word' id='word_1_343' title='bbox 3730 1895 3808 1946; x_wconf 73' lang='grc' dir='ltr'><strong>τῶν</strong></span> 
     </span>
    </p>
   </div>
   <div class='ocr_carea' id='block_1_49' title="bbox 2287 1983 3805 2056">
    <p class='ocr_par' dir='ltr' id='par_1_49' title="bbox 2287 1983 3805 2056">
     <span class='ocr_line' id='line_1_49' title="bbox 2287 1983 3805 2056; baseline -0.011 -8"><span class='ocrx_word' id='word_1_344' title='bbox 2287 1995 2461 2050; x_wconf 76' lang='grc' dir='ltr'>ἄλλων</span> <span class='ocrx_word' id='word_1_345' title='bbox 2491 1995 2518 2046; x_wconf 84' lang='grc' dir='ltr'><em>ὁ</em></span> <span class='ocrx_word' id='word_1_346' title='bbox 2547 1993 2785 2056; x_wconf 82' lang='grc' dir='ltr'>Σατανᾶς</span> <span class='ocrx_word' id='word_1_347' title='bbox 2819 1994 2882 2044; x_wconf 82' lang='grc' dir='ltr'><strong>ἐκ</strong></span> <span class='ocrx_word' id='word_1_348' title='bbox 2908 1989 3043 2042; x_wconf 79' lang='grc' dir='ltr'>Θεοῦ</span> <span class='ocrx_word' id='word_1_349' title='bbox 3083 1988 3465 2049; x_wconf 82' lang='grc' dir='ltr'>διεσκέδασεν,</span> <span class='ocrx_word' id='word_1_350' title='bbox 3508 1984 3540 2054; x_wconf 83' lang='grc' dir='ltr'>ἧ</span> <span class='ocrx_word' id='word_1_351' title='bbox 3582 1983 3805 2036; x_wconf 76' lang='grc' dir='ltr'>ειδωλοὶσ-</span> 
     </span>
    </p>
   </div>
   <div class='ocr_carea' id='block_1_50' title="bbox 2288 2071 3805 2153">
    <p class='ocr_par' dir='ltr' id='par_1_50' title="bbox 2288 2071 3805 2153">
     <span class='ocr_line' id='line_1_50' title="bbox 2288 2071 3805 2153; baseline -0.009 -17"><span class='ocrx_word' id='word_1_352' title='bbox 2288 2083 2567 2153; x_wconf 81' lang='grc' dir='ltr'>τροῦντας,</span> <span class='ocrx_word' id='word_1_353' title='bbox 2599 2081 2632 2151; x_wconf 81' lang='grc' dir='ltr'>ἦ</span> <span class='ocrx_word' id='word_1_354' title='bbox 2656 2081 2966 2147; x_wconf 77' lang='grc' dir='ltr'>ἐντάλματα</span> <span class='ocrx_word' id='word_1_355' title='bbox 2983 2078 3284 2147; x_wconf 82' lang='grc' dir='ltr'>ἀνθρώπων</span> <span class='ocrx_word' id='word_1_356' title='bbox 3305 2075 3674 2134; x_wconf 78' lang='grc' dir='ltr'>διδάσκοντας.</span> <span class='ocrx_word' id='word_1_357' title='bbox 3705 2071 3805 2124; x_wconf 62' lang='grc' dir='ltr'><strong>Ἀλλ’</strong></span> 
     </span>
    </p>
   </div>
   <div class='ocr_carea' id='block_1_51' title="bbox 2289 2164 3806 2246">
    <p class='ocr_par' dir='ltr' id='par_1_51' title="bbox 2289 2164 3806 2246">
     <span class='ocr_line' id='line_1_51' title="bbox 2289 2164 3806 2246; baseline -0.013 -17"><span class='ocrx_word' id='word_1_358' title='bbox 2289 2178 2513 2246; x_wconf 75' lang='grc' dir='ltr'>ἐχθροὺς</span> <span class='ocrx_word' id='word_1_359' title='bbox 2542 2175 2700 2235; x_wconf 78' lang='grc' dir='ltr'>ὄντας</span> <span class='ocrx_word' id='word_1_360' title='bbox 2730 2175 2757 2225; x_wconf 87' lang='grc' dir='ltr'>ὁ</span> <span class='ocrx_word' id='word_1_361' title='bbox 2791 2172 3021 2241; x_wconf 86' lang='grc' dir='ltr'>Χριστὸς</span> <span class='ocrx_word' id='word_1_362' title='bbox 3050 2169 3298 2240; x_wconf 77' lang='grc' dir='ltr'><strong>διήλλαξε</strong></span> <span class='ocrx_word' id='word_1_363' title='bbox 3343 2168 3423 2238; x_wconf 88' lang='grc' dir='ltr'><strong>τῷ</strong></span> <span class='ocrx_word' id='word_1_364' title='bbox 3465 2166 3675 2235; x_wconf 79' lang='grc' dir='ltr'>Πατέρι,</span> <span class='ocrx_word' id='word_1_365' title='bbox 3707 2164 3806 2234; x_wconf 66' lang='grc' dir='ltr'>πρὸς</span> 
     </span>
    </p>
   </div>
   <div class='ocr_carea' id='block_1_52' title="bbox 2289 2257 3805 2336">
    <p class='ocr_par' dir='ltr' id='par_1_52' title="bbox 2289 2257 3805 2336">
     <span class='ocr_line' id='line_1_52' title="bbox 2289 2257 3805 2336; baseline -0.007 -17"><span class='ocrx_word' id='word_1_366' title='bbox 2289 2267 2427 2336; x_wconf 85' lang='grc' dir='ltr'>ὅπερ</span> <span class='ocrx_word' id='word_1_367' title='bbox 2451 2267 2646 2329; x_wconf 78' lang='grc' dir='ltr'>αὐτοὺς</span> <span class='ocrx_word' id='word_1_368' title='bbox 2673 2266 2766 2318; x_wconf 79' lang='grc' dir='ltr'>καὶ</span> <span class='ocrx_word' id='word_1_369' title='bbox 2792 2265 3018 2326; x_wconf 78' lang='grc' dir='ltr'>Ἡσαΐας</span> <span class='ocrx_word' id='word_1_370' title='bbox 3035 2262 3587 2329; x_wconf 77' lang='grc' dir='ltr'>ἑκάλει,1]οιήσωμεν</span> <span class='ocrx_word' id='word_1_371' title='bbox 3615 2257 3805 2325; x_wconf 73' lang='grc' dir='ltr'>εἰρήνην.</span> 
     </span>
    </p>
   </div>
   <div class='ocr_carea' id='block_1_53' title="bbox 2291 2347 3804 2428">
    <p class='ocr_par' dir='ltr' id='par_1_53' title="bbox 2291 2347 3804 2428">
     <span class='ocr_line' id='line_1_53' title="bbox 2291 2347 3804 2428; baseline -0.011 -16"><span class='ocrx_word' id='word_1_372' title='bbox 2291 2357 2437 2428; x_wconf 83' lang='grc' dir='ltr'>αὐτῷ</span> <span class='ocrx_word' id='word_1_373' title='bbox 2469 2359 2661 2425; x_wconf 78' lang='grc' dir='ltr'>λέγων,</span> <span class='ocrx_word' id='word_1_374' title='bbox 2695 2358 3007 2428; x_wconf 83' lang='grc' dir='ltr'>ποιήσωμεν</span> <span class='ocrx_word' id='word_1_375' title='bbox 3053 2355 3277 2425; x_wconf 80' lang='grc' dir='ltr'>εἰρήνην</span> <span class='ocrx_word' id='word_1_376' title='bbox 3309 2353 3363 2405; x_wconf 81' lang='grc' dir='ltr'><strong>οἱ</strong></span> <span class='ocrx_word' id='word_1_377' title='bbox 3416 2349 3703 2420; x_wconf 72' lang='grc' dir='ltr'>ἐρχόμενοι.</span> <span class='ocrx_word' id='word_1_378' title='bbox 3730 2347 3804 2399; x_wconf 72' lang='grc' dir='ltr'><strong>Καὶ</strong></span> 
     </span>
    </p>
   </div>
   <div class='ocr_carea' id='block_1_54' title="bbox 2270 2434 3799 2516">
    <p class='ocr_par' dir='ltr' id='par_1_54' title="bbox 2270 2434 3799 2516">
     <span class='ocr_line' id='line_1_54' title="bbox 2270 2434 3799 2516; baseline -0.009 -17"><span class='ocrx_word' id='word_1_379' title='bbox 2270 2448 2318 2498; x_wconf 84' lang='grc' dir='ltr'><strong>οἱ</strong></span> <span class='ocrx_word' id='word_1_380' title='bbox 2354 2446 2590 2516; x_wconf 77' lang='grc' dir='ltr'>μαθηταὶ</span> <span class='ocrx_word' id='word_1_381' title='bbox 2611 2444 2666 2497; x_wconf 84' lang='grc' dir='ltr'><strong>δὲ</strong></span> <span class='ocrx_word' id='word_1_382' title='bbox 2688 2443 3073 2511; x_wconf 84' lang='grc' dir='ltr'>κεκράγασινί</span> <span class='ocrx_word' id='word_1_383' title='bbox 3097 2440 3266 2508; x_wconf 83' lang='grc' dir='ltr'>’Υπὲρ</span> <span class='ocrx_word' id='word_1_384' title='bbox 3289 2438 3534 2508; x_wconf 74' lang='grc' dir='ltr'>Χριστοῦ</span> <span class='ocrx_word' id='word_1_385' title='bbox 3565 2434 3799 2506; x_wconf 65' lang='grc' dir='ltr'>πρεσϐείο-</span> 
     </span>
    </p>
   </div>
   <div class='ocr_carea' id='block_1_55' title="bbox 2276 2527 3794 2608">
    <p class='ocr_par' dir='ltr' id='par_1_55' title="bbox 2276 2527 3794 2608">
     <span class='ocr_line' id='line_1_55' title="bbox 2276 2527 3794 2608; baseline -0.036 22"><span class='ocrx_word' id='word_1_386' title='bbox 2276 2555 2396 2608; x_wconf 70' lang='grc' dir='ltr'><strong>μεν’</strong></span> <span class='ocrx_word' id='word_1_387' title='bbox 2413 2537 2485 2600; x_wconf 62' lang='grc' dir='ltr'>ὡς</span> <span class='ocrx_word' id='word_1_388' title='bbox 2500 2536 2594 2589; x_wconf 68' lang='grc' dir='ltr'><strong>τοῦ</strong></span> <span class='ocrx_word' id='word_1_389' title='bbox 2611 2533 2744 2589; x_wconf 67' lang='grc' dir='ltr'><strong>Θεοῦ</strong></span> <span class='ocrx_word' id='word_1_390' title='bbox 2763 2533 3202 2606; x_wconf 70' lang='grc' dir='ltr'><strong>παρακαλοῦντος</strong></span> <span class='ocrx_word' id='word_1_391' title='bbox 3224 2533 3290 2584; x_wconf 74' lang='grc' dir='ltr'>δι’</span> <span class='ocrx_word' id='word_1_392' title='bbox 3312 2530 3500 2600; x_wconf 81' lang='grc' dir='ltr'><strong>ἡμῶν’</strong></span> <span class='ocrx_word' id='word_1_393' title='bbox 3515 2547 3533 2580; x_wconf 76' lang='grc' dir='ltr'><strong>ι</strong></span> <span class='ocrx_word' id='word_1_394' title='bbox 3564 2528 3649 2580; x_wconf 66' lang='grc' dir='ltr'><strong>καὶ</strong></span> <span class='ocrx_word' id='word_1_395' title='bbox 3668 2527 3794 2584; x_wconf 69' lang='grc' dir='ltr'>πάλιν,</span> 
     </span>
    </p>
   </div>
   <div class='ocr_carea' id='block_1_56' title="bbox 2278 2621 3794 2699">
    <p class='ocr_par' dir='ltr' id='par_1_56' title="bbox 2278 2621 3794 2699">
     <span class='ocr_line' id='line_1_56' title="bbox 2278 2621 3794 2699; baseline -0.011 -17"><span class='ocrx_word' id='word_1_396' title='bbox 2278 2649 2295 2681; x_wconf 81' lang='grc' dir='ltr'>ι</span> <span class='ocrx_word' id='word_1_397' title='bbox 2331 2631 2460 2694; x_wconf 73' lang='grc' dir='ltr'>Θεὸς</span> <span class='ocrx_word' id='word_1_398' title='bbox 2482 2631 2589 2699; x_wconf 80' lang='grc' dir='ltr'><strong>γὰρ</strong></span> <span class='ocrx_word' id='word_1_399' title='bbox 2619 2624 2685 2699; x_wconf 83' lang='grc' dir='ltr'>ἦν</span> <span class='ocrx_word' id='word_1_400' title='bbox 2715 2627 2933 2697; x_wconf 77' lang='grc' dir='ltr'>Χριστῷ</span> <span class='ocrx_word' id='word_1_401' title='bbox 2966 2628 3166 2695; x_wconf 86' lang='grc' dir='ltr'>κόσμον</span> <span class='ocrx_word' id='word_1_402' title='bbox 3187 2624 3371 2694; x_wconf 81' lang='grc' dir='ltr'>ἐαυτῷ</span> <span class='ocrx_word' id='word_1_403' title='bbox 3405 2621 3794 2674; x_wconf 73' lang='grc' dir='ltr'>καταλλάσσων.»</span> 
     </span>
    </p>
   </div>
   <div class='ocr_carea' id='block_1_57' title="bbox 2272 2712 3800 2785">
    <p class='ocr_par' dir='ltr' id='par_1_57' title="bbox 2272 2712 3800 2785">
     <span class='ocr_line' id='line_1_57' title="bbox 2272 2712 3800 2785; baseline -0.01 -12"><span class='ocrx_word' id='word_1_404' title='bbox 2272 2722 2462 2773; x_wconf 80' lang='grc' dir='ltr'>Νοοῖτο</span> <span class='ocrx_word' id='word_1_405' title='bbox 2491 2720 2535 2772; x_wconf 77' lang='grc' dir='ltr'><strong>δ’</strong></span> <span class='ocrx_word' id='word_1_406' title='bbox 2557 2721 2622 2772; x_wconf 80' lang='grc' dir='ltr'><strong>ἂν</strong></span> <span class='ocrx_word' id='word_1_407' title='bbox 2660 2717 2910 2785; x_wconf 74' lang='grc' dir='ltr'>Ἰσραὴλ</span> <span class='ocrx_word' id='word_1_408' title='bbox 2939 2717 3037 2769; x_wconf 78' lang='grc' dir='ltr'>καὶ</span> <span class='ocrx_word' id='word_1_409' title='bbox 3085 2715 3297 2770; x_wconf 70' lang='grc' dir='ltr'>Ἰακὼϐ</span> <span class='ocrx_word' id='word_1_410' title='bbox 3321 2715 3388 2766; x_wconf 86' lang='grc' dir='ltr'>οὐ</span> <span class='ocrx_word' id='word_1_411' title='bbox 3426 2714 3586 2783; x_wconf 82' lang='grc' dir='ltr'>μόνον</span> <span class='ocrx_word' id='word_1_412' title='bbox 3609 2712 3666 2762; x_wconf 76' lang='grc' dir='ltr'>ἐκ</span> <span class='ocrx_word' id='word_1_413' title='bbox 3693 2726 3800 2777; x_wconf 73' lang='grc' dir='ltr'>περι-</span> 
     </span>
    </p>
   </div>
   <div class='ocr_carea' id='block_1_58' title="bbox 2271 2802 3797 2885">
    <p class='ocr_par' dir='ltr' id='par_1_58' title="bbox 2271 2802 3797 2885">
     <span class='ocr_line' id='line_1_58' title="bbox 2271 2802 3797 2885; baseline -0.01 -19"><span class='ocrx_word' id='word_1_414' title='bbox 2271 2815 2463 2885; x_wconf 85' lang='grc' dir='ltr'>τομῆς,</span> <span class='ocrx_word' id='word_1_415' title='bbox 2499 2812 2583 2882; x_wconf 77' lang='grc' dir='ltr'><strong>ἐφ’</strong></span> <span class='ocrx_word' id='word_1_416' title='bbox 2617 2811 2707 2875; x_wconf 80' lang='grc' dir='ltr'><strong>οὓς</strong></span> <span class='ocrx_word' id='word_1_417' title='bbox 2732 2811 2826 2863; x_wconf 70' lang='grc' dir='ltr'><strong>καὶ</strong></span> <span class='ocrx_word' id='word_1_418' title='bbox 2861 2809 3196 2863; x_wconf 78' lang='grc' dir='ltr'>ἀπεστάλθαι</span> <span class='ocrx_word' id='word_1_419' title='bbox 3246 2808 3420 2876; x_wconf 68' lang='grc' dir='ltr'>φησιν</span> <span class='ocrx_word' id='word_1_420' title='bbox 3471 2805 3639 2872; x_wconf 80' lang='grc' dir='ltr'>λέγων</span> <span class='ocrx_word' id='word_1_421' title='bbox 3661 2819 3673 2832; x_wconf 88' lang='grc'><strong>·</strong></span> <span class='ocrx_word' id='word_1_422' title='bbox 3699 2820 3714 2852; x_wconf 83' lang='grc' dir='ltr'>ι</span> <span class='ocrx_word' id='word_1_423' title='bbox 3739 2802 3797 2859; x_wconf 78' lang='lat' dir='ltr'><strong>Ei;</strong></span> 
     </span>
    </p>
   </div>
   <div class='ocr_carea' id='block_1_59' title="bbox 2273 2892 3797 2976">
    <p class='ocr_par' dir='ltr' id='par_1_59' title="bbox 2273 2892 3797 2976">
     <span class='ocr_line' id='line_1_59' title="bbox 2273 2892 3797 2976; baseline -0.013 -15"><span class='ocrx_word' id='word_1_424' title='bbox 2273 2909 2387 2962; x_wconf 83' lang='grc' dir='ltr'>ὁδὸν</span> <span class='ocrx_word' id='word_1_425' title='bbox 2405 2908 2572 2960; x_wconf 80' lang='grc' dir='ltr'>ἐθνῶν</span> <span class='ocrx_word' id='word_1_426' title='bbox 2597 2905 2670 2976; x_wconf 85' lang='grc' dir='ltr'><strong>μὴ</strong></span> <span class='ocrx_word' id='word_1_427' title='bbox 2695 2901 3042 2974; x_wconf 77' lang='grc' dir='ltr'>πορεύεσθε.»</span> <span class='ocrx_word' id='word_1_428' title='bbox 3065 2901 3226 2953; x_wconf 73' lang='grc' dir='ltr'>Ἀλλὰ</span> <span class='ocrx_word' id='word_1_429' title='bbox 3251 2901 3349 2952; x_wconf 69' lang='grc' dir='ltr'><strong>καὶ</strong></span> <span class='ocrx_word' id='word_1_430' title='bbox 3381 2900 3492 2961; x_wconf 73' lang='grc' dir='ltr'>πᾶς</span> <span class='ocrx_word' id='word_1_431' title='bbox 3518 2900 3545 2950; x_wconf 88' lang='grc' dir='ltr'><strong>ὀ</strong></span> <span class='ocrx_word' id='word_1_432' title='bbox 3565 2894 3727 2955; x_wconf 75' lang='grc' dir='ltr'>σωθεὶς</span> <span class='ocrx_word' id='word_1_433' title='bbox 3741 2892 3797 2944; x_wconf 69' lang='grc' dir='ltr'><strong>διὰ</strong></span> 
     </span>
    </p>
   </div>
   <div class='ocr_carea' id='block_1_60' title="bbox 2275 2987 3798 3070">
    <p class='ocr_par' dir='ltr' id='par_1_60' title="bbox 2275 2987 3798 3070">
     <span class='ocr_line' id='line_1_60' title="bbox 2275 2987 3798 3070; baseline -0.006 -18"><span class='ocrx_word' id='word_1_434' title='bbox 2275 2999 2529 3064; x_wconf 80' lang='grc' dir='ltr'>πίστεως.</span> <span class='ocrx_word' id='word_1_435' title='bbox 2546 3021 2562 3050; x_wconf 82' lang='grc' dir='ltr'>ι</span> <span class='ocrx_word' id='word_1_436' title='bbox 2589 3002 2662 3052; x_wconf 79' lang='grc' dir='ltr'><strong>Οὐ</strong></span> <span class='ocrx_word' id='word_1_437' title='bbox 2679 3002 2788 3070; x_wconf 82' lang='grc' dir='ltr'>γὰρ</span> <span class='ocrx_word' id='word_1_438' title='bbox 2804 3002 2830 3051; x_wconf 89' lang='grc' dir='ltr'>ὀ</span> <span class='ocrx_word' id='word_1_439' title='bbox 2853 3002 2909 3051; x_wconf 84' lang='grc' dir='ltr'>ὲν</span> <span class='ocrx_word' id='word_1_440' title='bbox 2925 2997 3001 3067; x_wconf 87' lang='grc' dir='ltr'><strong>τῷ</strong></span> <span class='ocrx_word' id='word_1_441' title='bbox 3021 2995 3241 3066; x_wconf 81' lang='grc' dir='ltr'>φανερῷ</span> <span class='ocrx_word' id='word_1_442' title='bbox 3258 2995 3424 3064; x_wconf 85' lang='grc' dir='ltr'>μόνον</span> <span class='ocrx_word' id='word_1_443' title='bbox 3442 2991 3714 3051; x_wconf 74' lang='grc' dir='ltr'>Ἰουδαῖος,ι</span> <span class='ocrx_word' id='word_1_444' title='bbox 3735 2987 3798 3037; x_wconf 73' lang='grc' dir='ltr'>καὶ</span> 
     </span>
    </p>
   </div>
   <div class='ocr_carea' id='block_1_61' title="bbox 2275 3078 3798 3162">
    <p class='ocr_par' dir='ltr' id='par_1_61' title="bbox 2275 3078 3798 3162">
     <span class='ocr_line' id='line_1_61' title="bbox 2275 3078 3798 3162; baseline -0.019 -6"><span class='ocrx_word' id='word_1_445' title='bbox 2275 3093 2342 3146; x_wconf 75' lang='grc' dir='ltr'><strong>τὰ</strong></span> <span class='ocrx_word' id='word_1_446' title='bbox 2381 3092 2526 3162; x_wconf 70' lang='grc' dir='ltr'>ἑξῆς.</span> <span class='ocrx_word' id='word_1_447' title='bbox 2561 3090 2865 3160; x_wconf 76' lang='grc' dir='ltr'>Τοιγαροῦν</span> <span class='ocrx_word' id='word_1_448' title='bbox 2898 3091 2992 3143; x_wconf 76' lang='grc' dir='ltr'>καὶ</span> <span class='ocrx_word' id='word_1_449' title='bbox 3029 3088 3230 3158; x_wconf 75' lang='grc' dir='ltr'>μεταξὺ</span> <span class='ocrx_word' id='word_1_450' title='bbox 3261 3087 3358 3138; x_wconf 78' lang='grc' dir='ltr'>τοῦ</span> <span class='ocrx_word' id='word_1_451' title='bbox 3390 3086 3551 3152; x_wconf 81' lang='grc' dir='ltr'>λόγου</span> <span class='ocrx_word' id='word_1_452' title='bbox 3581 3078 3798 3151; x_wconf 81' lang='grc' dir='ltr'>παρεμεέ-</span> 
     </span>
    </p>
   </div>
   <div class='ocr_carea' id='block_1_62' title="bbox 599 3171 2172 3274">
    <p class='ocr_par' dir='ltr' id='par_1_62' title="bbox 599 3177 2172 3250">
     <span class='ocr_line' id='line_1_62' title="bbox 599 3177 2172 3250; baseline -0.004 -16"><span class='ocrx_word' id='word_1_453' title='bbox 599 3181 940 3250; x_wconf 81' lang='lat' dir='ltr'><strong>prohibet&quot;,</strong></span> <span class='ocrx_word' id='word_1_454' title='bbox 976 3181 1068 3234; x_wconf 92' lang='lat' dir='ltr'><strong>sed</strong></span> <span class='ocrx_word' id='word_1_455' title='bbox 1100 3180 1330 3248; x_wconf 85' lang='lat' dir='ltr'><strong>quilibet</strong></span> <span class='ocrx_word' id='word_1_456' title='bbox 1363 3179 1550 3242; x_wconf 86' lang='lat' dir='ltr'><strong>etiam,</strong></span> <span class='ocrx_word' id='word_1_457' title='bbox 1578 3179 1668 3246; x_wconf 92' lang='lat' dir='ltr'><strong>qui</strong></span> <span class='ocrx_word' id='word_1_458' title='bbox 1703 3193 1798 3248; x_wconf 90' lang='lat' dir='ltr'><strong>per</strong></span> <span class='ocrx_word' id='word_1_459' title='bbox 1819 3177 1977 3231; x_wconf 84' lang='lat' dir='ltr'><strong>Iidem</strong></span> <span class='ocrx_word' id='word_1_460' title='bbox 2011 3177 2172 3231; x_wconf 83' lang='lat' dir='ltr'><strong>fuerit</strong></span> 
     </span>
    </p>
   </div>
   <div class='ocr_carea' id='block_1_63' title="bbox 2277 3171 3798 3274">
    <p class='ocr_par' dir='ltr' id='par_1_63' title="bbox 2277 3171 3798 3252">
     <span class='ocr_line' id='line_1_63' title="bbox 2277 3171 3798 3252; baseline -0.009 -19"><span class='ocrx_word' id='word_1_461' title='bbox 2277 3181 2468 3250; x_wconf 76' lang='grc' dir='ltr'>ὄληται</span> <span class='ocrx_word' id='word_1_462' title='bbox 2513 3181 2801 3252; x_wconf 85' lang='grc' dir='ltr'>πρόσωπον</span> <span class='ocrx_word' id='word_1_463' title='bbox 2829 3180 2936 3232; x_wconf 81' lang='grc' dir='ltr'><strong>τῶν</strong></span> <span class='ocrx_word' id='word_1_464' title='bbox 2965 3179 3053 3232; x_wconf 82' lang='grc' dir='ltr'>διὰ</span> <span class='ocrx_word' id='word_1_465' title='bbox 3095 3177 3329 3238; x_wconf 81' lang='grc' dir='ltr'>πίστεως</span> <span class='ocrx_word' id='word_1_466' title='bbox 3382 3173 3685 3242; x_wconf 74' lang='grc' dir='ltr'>σωζομένων</span> <span class='ocrx_word' id='word_1_467' title='bbox 3706 3171 3798 3237; x_wconf 66' lang='grc' dir='ltr'>ὁμο·</span> 
     </span>
    </p>
   </div>
   <div class='ocr_carea' id='block_1_64' title="bbox 600 3270 2173 3341">
    <p class='ocr_par' dir='ltr' id='par_1_64' title="bbox 600 3270 2173 3341">
     <span class='ocr_line' id='line_1_64' title="bbox 600 3270 2173 3341; baseline -0.003 -13"><span class='ocrx_word' id='word_1_468' title='bbox 600 3275 835 3328; x_wconf 84' lang='lat' dir='ltr'><strong>salutem</strong></span> <span class='ocrx_word' id='word_1_469' title='bbox 888 3281 1241 3328; x_wconf 79' lang='lat' dir='ltr'><strong>consecutus.</strong></span> <span class='ocrx_word' id='word_1_470' title='bbox 1316 3270 1503 3341; x_wconf 84' lang='lat' dir='ltr'><strong>Neque</strong></span> <span class='ocrx_word' id='word_1_471' title='bbox 1562 3272 1733 3333; x_wconf 88' lang='lat' dir='ltr'><strong>enim,</strong></span> <span class='ocrx_word' id='word_1_472' title='bbox 1766 3272 1857 3338; x_wconf 89' lang='lat' dir='ltr'><strong>qui</strong></span> <span class='ocrx_word' id='word_1_473' title='bbox 1895 3274 1949 3324; x_wconf 90' lang='lat' dir='ltr'><strong>in</strong></span> <span class='ocrx_word' id='word_1_474' title='bbox 1986 3278 2173 3340; x_wconf 87' lang='lat' dir='ltr'><strong>aperto</strong></span> 
     </span>
    </p>
   </div>
   <div class='ocr_carea' id='block_1_65' title="bbox 599 3361 2174 3434">
    <p class='ocr_par' dir='ltr' id='par_1_65' title="bbox 599 3361 2174 3434">
     <span class='ocr_line' id='line_1_65' title="bbox 599 3361 2174 3434; baseline 0.001 -18"><span class='ocrx_word' id='word_1_475' title='bbox 599 3371 838 3428; x_wconf 88' lang='lat' dir='ltr'><strong>tantum,</strong></span> <span class='ocrx_word' id='word_1_476' title='bbox 869 3364 962 3419; x_wconf 84' lang='lat' dir='ltr'><strong>sed</strong></span> <span class='ocrx_word' id='word_1_477' title='bbox 994 3366 1087 3434; x_wconf 90' lang='lat' dir='ltr'><strong>qui</strong></span> <span class='ocrx_word' id='word_1_478' title='bbox 1122 3365 1175 3417; x_wconf 91' lang='lat' dir='ltr'><strong>in</strong></span> <span class='ocrx_word' id='word_1_479' title='bbox 1201 3365 1422 3418; x_wconf 88' lang='lat' dir='ltr'><strong>occulto</strong></span> <span class='ocrx_word' id='word_1_480' title='bbox 1439 3361 1864 3428; x_wconf 85' lang='lat' dir='ltr'><strong>etiam,.luda:us</strong></span> <span class='ocrx_word' id='word_1_481' title='bbox 1893 3364 2174 3419; x_wconf 88' lang='lat' dir='ltr'><strong>habendus</strong></span> 
     </span>
    </p>
   </div>
   <div class='ocr_carea' id='block_1_66' title="bbox 599 3455 2177 3526">
    <p class='ocr_par' dir='ltr' id='par_1_66' title="bbox 599 3455 2177 3526">
     <span class='ocr_line' id='line_1_66' title="bbox 599 3455 2177 3526; baseline -0.002 -15"><span class='ocrx_word' id='word_1_482' title='bbox 599 3464 686 3511; x_wconf 80' lang='lat' dir='ltr'><strong>est</strong></span> <span class='ocrx_word' id='word_1_483' title='bbox 701 3456 769 3510; x_wconf 78' lang='lat'><strong>&quot;.</strong></span> <span class='ocrx_word' id='word_1_484' title='bbox 799 3455 988 3526; x_wconf 89' lang='lat' dir='ltr'><strong>Itaque</strong></span> <span class='ocrx_word' id='word_1_485' title='bbox 1017 3465 1070 3511; x_wconf 88' lang='lat' dir='ltr'><strong>et</strong></span> <span class='ocrx_word' id='word_1_486' title='bbox 1104 3457 1342 3510; x_wconf 88' lang='lat' dir='ltr'><strong>sermoni</strong></span> <span class='ocrx_word' id='word_1_487' title='bbox 1379 3471 1611 3524; x_wconf 87' lang='lat' dir='ltr'><strong>persona</strong></span> <span class='ocrx_word' id='word_1_488' title='bbox 1661 3471 1853 3512; x_wconf 90' lang='lat' dir='ltr'><strong>eorum</strong></span> <span class='ocrx_word' id='word_1_489' title='bbox 1892 3457 2177 3510; x_wconf 87' lang='lat' dir='ltr'><strong>interseri-</strong></span> 
     </span>
    </p>
   </div>
   <div class='ocr_carea' id='block_1_67' title="bbox 600 3549 2178 3622">
    <p class='ocr_par' dir='ltr' id='par_1_67' title="bbox 600 3549 2178 3622">
     <span class='ocr_line' id='line_1_67' title="bbox 600 3549 2178 3622; baseline 0.001 -21"><span class='ocrx_word' id='word_1_490' title='bbox 600 3555 716 3614; x_wconf 90' lang='lat' dir='ltr'><strong>tur,</strong></span> <span class='ocrx_word' id='word_1_491' title='bbox 746 3555 837 3621; x_wconf 90' lang='lat' dir='ltr'><strong>qui</strong></span> <span class='ocrx_word' id='word_1_492' title='bbox 867 3567 962 3622; x_wconf 89' lang='lat' dir='ltr'><strong>per</strong></span> <span class='ocrx_word' id='word_1_493' title='bbox 997 3549 1156 3605; x_wconf 84' lang='lat' dir='ltr'><strong>Iidem</strong></span> <span class='ocrx_word' id='word_1_494' title='bbox 1197 3551 1389 3606; x_wconf 88' lang='lat' dir='ltr'><strong>salvati</strong></span> <span class='ocrx_word' id='word_1_495' title='bbox 1440 3551 1506 3606; x_wconf 87' lang='lat' dir='ltr'><strong>ad</strong></span> <span class='ocrx_word' id='word_1_496' title='bbox 1536 3567 1660 3605; x_wconf 89' lang='lat' dir='ltr'><strong>eum</strong></span> <span class='ocrx_word' id='word_1_497' title='bbox 1703 3567 1761 3606; x_wconf 90' lang='lat' dir='ltr'><strong>se</strong></span> <span class='ocrx_word' id='word_1_498' title='bbox 1804 3560 2178 3620; x_wconf 83' lang='lat' dir='ltr'><strong>congregatum</strong></span> 
     </span>
    </p>
   </div>
   <div class='ocr_carea' id='block_1_68' title="bbox 2277 3260 3800 3340">
    <p class='ocr_par' dir='ltr' id='par_1_68' title="bbox 2277 3260 3800 3340">
     <span class='ocr_line' id='line_1_68' title="bbox 2277 3260 3800 3340; baseline -0.011 -17"><span class='ocrx_word' id='word_1_499' title='bbox 2277 3270 2601 3339; x_wconf 82' lang='grc' dir='ltr'>λογούντων,</span> <span class='ocrx_word' id='word_1_500' title='bbox 2631 3273 2713 3325; x_wconf 77' lang='grc' dir='ltr'>ὅτι</span> <span class='ocrx_word' id='word_1_501' title='bbox 2760 3271 2904 3340; x_wconf 84' lang='grc' dir='ltr'>Πρὸς</span> <span class='ocrx_word' id='word_1_502' title='bbox 2951 3268 3114 3322; x_wconf 79' lang='grc' dir='ltr'>αὐτὸν</span> <span class='ocrx_word' id='word_1_503' title='bbox 3144 3265 3631 3335; x_wconf 75' lang='grc' dir='ltr'>συναχθήσομαι,</span> <span class='ocrx_word' id='word_1_504' title='bbox 3657 3260 3730 3312; x_wconf 77' lang='grc' dir='ltr'><strong>καὶ</strong></span> <span class='ocrx_word' id='word_1_505' title='bbox 3751 3264 3800 3308; x_wconf 76' lang='grc' dir='ltr'><strong>τέι</strong></span> 
     </span>
    </p>
   </div>
   <div class='ocr_carea' id='block_1_69' title="bbox 2279 3352 3799 3434">
    <p class='ocr_par' dir='ltr' id='par_1_69' title="bbox 2279 3352 3799 3434">
     <span class='ocr_line' id='line_1_69' title="bbox 2279 3352 3799 3434; baseline -0.013 -16"><span class='ocrx_word' id='word_1_506' title='bbox 2279 3364 2490 3428; x_wconf 86' lang='grc' dir='ltr'>τούτοις</span> <span class='ocrx_word' id='word_1_507' title='bbox 2538 3364 2800 3434; x_wconf 81' lang='grc' dir='ltr'>ἑπόμενα.</span> <span class='ocrx_word' id='word_1_508' title='bbox 2845 3361 3212 3426; x_wconf 77' lang='grc' dir='ltr'>Δοξάσονται</span> <span class='ocrx_word' id='word_1_509' title='bbox 3259 3359 3317 3411; x_wconf 80' lang='grc' dir='ltr'><strong>δὲ</strong></span> <span class='ocrx_word' id='word_1_510' title='bbox 3366 3358 3463 3411; x_wconf 82' lang='grc' dir='ltr'><strong>καὶ</strong></span> <span class='ocrx_word' id='word_1_511' title='bbox 3506 3355 3564 3408; x_wconf 86' lang='grc' dir='ltr'>τὸ</span> <span class='ocrx_word' id='word_1_512' title='bbox 3605 3352 3799 3419; x_wconf 62' lang='grc' dir='ltr'>λαμπρὶν</span> 
     </span>
    </p>
   </div>
   <div class='ocr_carea' id='block_1_70' title="bbox 2284 3445 3800 3532">
    <p class='ocr_par' dir='ltr' id='par_1_70' title="bbox 2284 3445 3800 3532">
     <span class='ocr_line' id='line_1_70' title="bbox 2284 3445 3800 3532; baseline -0.009 -18"><span class='ocrx_word' id='word_1_513' title='bbox 2284 3459 2422 3530; x_wconf 77' lang='grc' dir='ltr'>αὗχη</span> <span class='ocrx_word' id='word_1_514' title='bbox 2433 3479 2508 3532; x_wconf 90' lang='grc' dir='ltr'><strong>μα</strong></span> <span class='ocrx_word' id='word_1_515' title='bbox 2534 3462 2630 3530; x_wconf 82' lang='grc' dir='ltr'>τῆς</span> <span class='ocrx_word' id='word_1_516' title='bbox 2661 3461 2931 3522; x_wconf 85' lang='grc' dir='ltr'>υἱοθεσίας</span> <span class='ocrx_word' id='word_1_517' title='bbox 2953 3458 3347 3527; x_wconf 74' lang='grc' dir='ltr'>λαμϐάνοντες,</span> <span class='ocrx_word' id='word_1_518' title='bbox 3373 3455 3469 3507; x_wconf 76' lang='grc' dir='ltr'>καὶ</span> <span class='ocrx_word' id='word_1_519' title='bbox 3500 3445 3800 3515; x_wconf 72' lang='grc' dir='ltr'>αὑτδνὶσχὺν</span> 
     </span>
    </p>
   </div>
   <div class='ocr_carea' id='block_1_71' title="bbox 2277 3545 3608 3624">
    <p class='ocr_par' dir='ltr' id='par_1_71' title="bbox 2277 3545 3608 3624">
     <span class='ocr_line' id='line_1_71' title="bbox 2277 3545 3608 3624; baseline -0.008 -19"><span class='ocrx_word' id='word_1_520' title='bbox 2277 3552 2467 3622; x_wconf 73' lang='grc' dir='ltr'>’ἔχουσι</span> <span class='ocrx_word' id='word_1_521' title='bbox 2502 3553 2638 3624; x_wconf 85' lang='grc' dir='ltr'>πρὸς</span> <span class='ocrx_word' id='word_1_522' title='bbox 2671 3554 2770 3622; x_wconf 83' lang='grc' dir='ltr'>τὴν</span> <span class='ocrx_word' id='word_1_523' title='bbox 2797 3551 2907 3604; x_wconf 87' lang='grc' dir='ltr'>τῶν</span> <span class='ocrx_word' id='word_1_524' title='bbox 2940 3551 3228 3620; x_wconf 84' lang='grc' dir='ltr'>πρακτέων</span> <span class='ocrx_word' id='word_1_525' title='bbox 3249 3545 3608 3618; x_wconf 84' lang='grc' dir='ltr'>κατόρθωσιν.</span> 
     </span>
    </p>
   </div>
   <div class='ocr_carea' id='block_1_72' title="bbox 600 3634 3798 3718">
    <p class='ocr_par' dir='ltr' id='par_1_72' title="bbox 600 3634 3798 3718">
     <span class='ocr_line' id='line_1_72' title="bbox 600 3634 3798 3718; baseline -0.003 -16"><span class='ocrx_word' id='word_1_526' title='bbox 600 3647 691 3712; x_wconf 86' lang='lat' dir='ltr'><strong>iri,</strong></span> <span class='ocrx_word' id='word_1_527' title='bbox 715 3656 1023 3718; x_wconf 67' lang='lat' dir='ltr'><strong>caeteraque</strong></span> <span class='ocrx_word' id='word_1_528' title='bbox 1061 3648 1150 3702; x_wconf 89' lang='lat' dir='ltr'><strong>illa</strong></span> <span class='ocrx_word' id='word_1_529' title='bbox 1173 3663 1294 3716; x_wconf 76' lang='lat' dir='ltr'><strong>qua:</strong></span> <span class='ocrx_word' id='word_1_530' title='bbox 1328 3658 1656 3718; x_wconf 88' lang='lat' dir='ltr'><strong>sequuntur,</strong></span> <span class='ocrx_word' id='word_1_531' title='bbox 1682 3647 2027 3718; x_wconf 83' lang='lat' dir='ltr'><strong>proﬁtentur.</strong></span> <span class='ocrx_word' id='word_1_532' title='bbox 2057 3645 2441 3718; x_wconf 78' lang='lat' dir='ltr'><strong>Cloriﬁcantur</strong></span> <span class='ocrx_word' id='word_1_533' title='bbox 2493 3666 2624 3704; x_wconf 88' lang='lat' dir='ltr'><strong>vero</strong></span> <span class='ocrx_word' id='word_1_534' title='bbox 2647 3662 2701 3704; x_wconf 83' lang='lat' dir='ltr'><strong>et</strong></span> <span class='ocrx_word' id='word_1_535' title='bbox 2731 3650 2858 3718; x_wconf 81' lang='lat' dir='ltr'><strong>ipsi,</strong></span> <span class='ocrx_word' id='word_1_536' title='bbox 2886 3650 2977 3715; x_wconf 87' lang='lat' dir='ltr'><strong>qui</strong></span> <span class='ocrx_word' id='word_1_537' title='bbox 3012 3647 3328 3716; x_wconf 65' lang='lat' dir='ltr'><strong>prwclaram</strong></span> <span class='ocrx_word' id='word_1_538' title='bbox 3406 3644 3550 3698; x_wconf 86' lang='lat' dir='ltr'><strong>illam</strong></span> <span class='ocrx_word' id='word_1_539' title='bbox 3613 3634 3798 3705; x_wconf 73' lang='lat' dir='ltr'><strong>adoptio-</strong></span> 
     </span>
    </p>
   </div>
   <div class='ocr_carea' id='block_1_73' title="bbox 603 3738 2894 3812">
    <p class='ocr_par' dir='ltr' id='par_1_73' title="bbox 603 3738 2894 3812">
     <span class='ocr_line' id='line_1_73' title="bbox 603 3738 2894 3812; baseline -0.001 -17"><span class='ocrx_word' id='word_1_540' title='bbox 603 3742 692 3796; x_wconf 88' lang='lat' dir='ltr'><strong>nis</strong></span> <span class='ocrx_word' id='word_1_541' title='bbox 765 3741 979 3794; x_wconf 83' lang='lat' dir='ltr'><strong>laudem</strong></span> <span class='ocrx_word' id='word_1_542' title='bbox 1049 3741 1228 3810; x_wconf 89' lang='lat' dir='ltr'><strong>adepti</strong></span> <span class='ocrx_word' id='word_1_543' title='bbox 1300 3748 1475 3806; x_wconf 88' lang='lat' dir='ltr'><strong>sunt;</strong></span> <span class='ocrx_word' id='word_1_544' title='bbox 1528 3740 1731 3811; x_wconf 92' lang='lat' dir='ltr'><strong>quique</strong></span> <span class='ocrx_word' id='word_1_545' title='bbox 1789 3740 2039 3794; x_wconf 88' lang='lat' dir='ltr'><strong>eumdem</strong></span> <span class='ocrx_word' id='word_1_546' title='bbox 2095 3738 2161 3792; x_wconf 91' lang='lat' dir='ltr'><strong>ad</strong></span> <span class='ocrx_word' id='word_1_547' title='bbox 2203 3755 2291 3794; x_wconf 88' lang='lat' dir='ltr'><strong>res</strong></span> <span class='ocrx_word' id='word_1_548' title='bbox 2342 3741 2480 3795; x_wconf 86' lang='lat' dir='ltr'><strong>bene</strong></span> <span class='ocrx_word' id='word_1_549' title='bbox 2526 3740 2794 3812; x_wconf 82' lang='lat' dir='ltr'><strong>gerendas</strong></span> <span class='ocrx_word' id='word_1_550' title='bbox 2838 3741 2894 3792; x_wconf 91' lang='lat' dir='ltr'><strong>in</strong></span> 
     </span>
    </p>
   </div>
   <div class='ocr_carea' id='block_1_74' title="bbox 603 3835 738 3888">
    <p class='ocr_par' dir='ltr' id='par_1_74' title="bbox 603 3835 738 3888">
     <span class='ocr_line' id='line_1_74' title="bbox 603 3835 738 3888; baseline -0.022 0"><span class='ocrx_word' id='word_1_551' title='bbox 603 3835 738 3888; x_wconf 89' lang='lat' dir='ltr'><strong>cuti.</strong></span> 
     </span>
    </p>
   </div>
   <div class='ocr_carea' id='block_1_75' title="bbox 681 3925 2184 3999">
    <p class='ocr_par' dir='ltr' id='par_1_75' title="bbox 681 3925 2184 3999">
     <span class='ocr_line' id='line_1_75' title="bbox 681 3925 2184 3999; baseline 0.002 -19"><span class='ocrx_word' id='word_1_552' title='bbox 681 3925 822 3980; x_wconf 88' lang='lat' dir='ltr'><strong>Sunt</strong></span> <span class='ocrx_word' id='word_1_553' title='bbox 852 3942 1014 3994; x_wconf 88' lang='lat' dir='ltr'><strong>porro</strong></span> <span class='ocrx_word' id='word_1_554' title='bbox 1071 3927 1162 3996; x_wconf 89' lang='lat' dir='ltr'><strong>qui</strong></span> <span class='ocrx_word' id='word_1_555' title='bbox 1197 3929 1549 3996; x_wconf 85' lang='lat' dir='ltr'><strong>congregabor</strong></span> <span class='ocrx_word' id='word_1_556' title='bbox 1599 3930 1851 3993; x_wconf 87' lang='lat' dir='ltr'><strong>verbum,</strong></span> <span class='ocrx_word' id='word_1_557' title='bbox 1878 3941 1930 3983; x_wconf 92' lang='lat' dir='ltr'><strong>et</strong></span> <span class='ocrx_word' id='word_1_558' title='bbox 1957 3945 2080 3999; x_wconf 64' lang='lat' dir='ltr'><strong>qua:</strong></span> <span class='ocrx_word' id='word_1_559' title='bbox 2112 3930 2184 3985; x_wconf 88' lang='lat' dir='ltr'><strong>ei-</strong></span> 
     </span>
    </p>
   </div>
   <div class='ocr_carea' id='block_1_76' title="bbox 607 4018 2184 4090">
    <p class='ocr_par' dir='ltr' id='par_1_76' title="bbox 607 4018 2184 4090">
     <span class='ocr_line' id='line_1_76' title="bbox 607 4018 2184 4090; baseline 0.001 -17"><span class='ocrx_word' id='word_1_560' title='bbox 607 4020 728 4073; x_wconf 87' lang='lat' dir='ltr'><strong>dem</strong></span> <span class='ocrx_word' id='word_1_561' title='bbox 756 4019 1045 4081; x_wconf 72' lang='lat' dir='ltr'><strong>inhzerent,</strong></span> <span class='ocrx_word' id='word_1_562' title='bbox 1078 4018 1145 4072; x_wconf 88' lang='lat' dir='ltr'><strong>de</strong></span> <span class='ocrx_word' id='word_1_563' title='bbox 1172 4019 1394 4072; x_wconf 86' lang='lat' dir='ltr'><strong>Christo</strong></span> <span class='ocrx_word' id='word_1_564' title='bbox 1423 4020 1530 4074; x_wconf 88' lang='lat' dir='ltr'><strong>dici</strong></span> <span class='ocrx_word' id='word_1_565' title='bbox 1560 4028 1786 4090; x_wconf 85' lang='lat' dir='ltr'><strong>putent;</strong></span> <span class='ocrx_word' id='word_1_566' title='bbox 1815 4020 1908 4074; x_wconf 89' lang='lat' dir='ltr'><strong>sed</strong></span> <span class='ocrx_word' id='word_1_567' title='bbox 1932 4021 2184 4090; x_wconf 88' lang='lat' dir='ltr'><strong>quiistud</strong></span> 
     </span>
    </p>
   </div>
   <div class='ocr_carea' id='block_1_77' title="bbox 606 4112 2179 4181">
    <p class='ocr_par' dir='ltr' id='par_1_77' title="bbox 606 4112 2179 4181">
     <span class='ocr_line' id='line_1_77' title="bbox 606 4112 2179 4181; baseline 0.001 -15"><span class='ocrx_word' id='word_1_568' title='bbox 606 4113 919 4173; x_wconf 81' lang='lat' dir='ltr'><strong>conveniat,</strong></span> <span class='ocrx_word' id='word_1_569' title='bbox 950 4112 1275 4165; x_wconf 87' lang='lat' dir='ltr'><strong>omiserunt.</strong></span> <span class='ocrx_word' id='word_1_570' title='bbox 1298 4113 1397 4164; x_wconf 91' lang='lat' dir='ltr'><strong>Alii</strong></span> <span class='ocrx_word' id='word_1_571' title='bbox 1435 4127 1562 4165; x_wconf 85' lang='lat' dir='ltr'><strong>vero</strong></span> <span class='ocrx_word' id='word_1_572' title='bbox 1582 4113 1646 4164; x_wconf 86' lang='lat' dir='ltr'><strong>ad</strong></span> <span class='ocrx_word' id='word_1_573' title='bbox 1667 4113 1983 4181; x_wconf 85' lang='lat' dir='ltr'><strong>prophetam</strong></span> <span class='ocrx_word' id='word_1_574' title='bbox 2014 4116 2179 4167; x_wconf 87' lang='lat' dir='ltr'><strong>etiam</strong></span> 
     </span>
    </p>
   </div>
   <div class='ocr_carea' id='block_1_78' title="bbox 607 4203 2186 4274">
    <p class='ocr_par' dir='ltr' id='par_1_78' title="bbox 607 4203 2186 4274">
     <span class='ocr_line' id='line_1_78' title="bbox 607 4203 2186 4274; baseline 0.001 -16"><span class='ocrx_word' id='word_1_575' title='bbox 607 4203 802 4259; x_wconf 75' lang='lat' dir='ltr'><strong>referri</strong></span> <span class='ocrx_word' id='word_1_576' title='bbox 841 4219 1000 4274; x_wconf 84' lang='lat' dir='ltr'><strong>posse</strong></span> <span class='ocrx_word' id='word_1_577' title='bbox 1050 4204 1300 4257; x_wconf 87' lang='lat' dir='ltr'><strong>arbitrati</strong></span> <span class='ocrx_word' id='word_1_578' title='bbox 1345 4213 1495 4269; x_wconf 88' lang='lat' dir='ltr'><strong>sunt,</strong></span> <span class='ocrx_word' id='word_1_579' title='bbox 1553 4213 1810 4274; x_wconf 86' lang='lat' dir='ltr'><strong>tanquam</strong></span> <span class='ocrx_word' id='word_1_580' title='bbox 1854 4203 2070 4259; x_wconf 79' lang='lat' dir='ltr'><strong>Israelis</strong></span> <span class='ocrx_word' id='word_1_581' title='bbox 2102 4221 2186 4260; x_wconf 86' lang='lat' dir='ltr'><strong>re-</strong></span> 
     </span>
    </p>
   </div>
   <div class='ocr_carea' id='block_1_79' title="bbox 607 4297 2183 4366">
    <p class='ocr_par' dir='ltr' id='par_1_79' title="bbox 607 4297 2183 4366">
     <span class='ocr_line' id='line_1_79' title="bbox 607 4297 2183 4366; baseline 0.001 -16"><span class='ocrx_word' id='word_1_582' title='bbox 607 4298 840 4361; x_wconf 90' lang='lat' dir='ltr'><strong>vocatio,</strong></span> <span class='ocrx_word' id='word_1_583' title='bbox 870 4305 924 4351; x_wconf 90' lang='lat' dir='ltr'><strong>et</strong></span> <span class='ocrx_word' id='word_1_584' title='bbox 957 4312 1145 4350; x_wconf 90' lang='lat' dir='ltr'><strong>eorum</strong></span> <span class='ocrx_word' id='word_1_585' title='bbox 1182 4297 1274 4366; x_wconf 91' lang='lat' dir='ltr'><strong>qui</strong></span> <span class='ocrx_word' id='word_1_586' title='bbox 1305 4297 1539 4366; x_wconf 90' lang='lat' dir='ltr'><strong>dispersi</strong></span> <span class='ocrx_word' id='word_1_587' title='bbox 1585 4307 1741 4352; x_wconf 92' lang='lat' dir='ltr'><strong>erant</strong></span> <span class='ocrx_word' id='word_1_588' title='bbox 1765 4299 1820 4351; x_wconf 93' lang='lat' dir='ltr'><strong>in</strong></span> <span class='ocrx_word' id='word_1_589' title='bbox 1851 4313 2021 4352; x_wconf 94' lang='lat' dir='ltr'><strong>unum</strong></span> <span class='ocrx_word' id='word_1_590' title='bbox 2057 4315 2183 4352; x_wconf 84' lang='lat' dir='ltr'><strong>can-</strong></span> 
     </span>
    </p>
   </div>
   <div class='ocr_carea' id='block_1_80' title="bbox 2992 3734 3796 3806">
    <p class='ocr_par' dir='ltr' id='par_1_80' title="bbox 2992 3734 3796 3806">
     <span class='ocr_line' id='line_1_80' title="bbox 2992 3734 3796 3806; baseline -0.021 -14"><span class='ocrx_word' id='word_1_591' title='bbox 2992 3734 3365 3806; x_wconf 77' lang='lat' dir='ltr'><strong>fortitudinem</strong></span> <span class='ocrx_word' id='word_1_592' title='bbox 3445 3739 3570 3788; x_wconf 90' lang='lat' dir='ltr'><strong>sunt</strong></span> <span class='ocrx_word' id='word_1_593' title='bbox 3653 3737 3796 3780; x_wconf 84' lang='lat' dir='ltr'><strong>conse-</strong></span> 
     </span>
    </p>
   </div>
   <div class='ocr_carea' id='block_1_81' title="bbox 2352 3910 3791 3995">
    <p class='ocr_par' dir='ltr' id='par_1_81' title="bbox 2352 3910 3791 3995">
     <span class='ocr_line' id='line_1_81' title="bbox 2352 3910 3791 3995; baseline -0.013 -13"><span class='ocrx_word' id='word_1_594' title='bbox 2352 3930 2508 3992; x_wconf 73' lang='grc' dir='ltr'>Τινὲς</span> <span class='ocrx_word' id='word_1_595' title='bbox 2531 3929 2590 3982; x_wconf 80' lang='grc' dir='ltr'><strong>δὲ</strong></span> <span class='ocrx_word' id='word_1_596' title='bbox 2619 3929 2713 3982; x_wconf 73' lang='grc' dir='ltr'><strong>καὶ</strong></span> <span class='ocrx_word' id='word_1_597' title='bbox 2735 3929 2818 3989; x_wconf 80' lang='grc' dir='ltr'><strong>τὸ,</strong></span> <span class='ocrx_word' id='word_1_598' title='bbox 2841 3925 3330 3995; x_wconf 80' lang='grc' dir='ltr'>συναχθήσομαι,</span> <span class='ocrx_word' id='word_1_599' title='bbox 3369 3924 3468 3976; x_wconf 73' lang='grc' dir='ltr'><strong>καὶ</strong></span> <span class='ocrx_word' id='word_1_600' title='bbox 3492 3922 3557 3974; x_wconf 84' lang='grc' dir='ltr'>τὰ</span> <span class='ocrx_word' id='word_1_601' title='bbox 3579 3916 3657 3970; x_wconf 80' lang='grc' dir='ltr'><strong>ἐπ’</strong></span> <span class='ocrx_word' id='word_1_602' title='bbox 3673 3910 3791 3979; x_wconf 75' lang='grc' dir='ltr'>αὐτῷ.</span> 
     </span>
    </p>
   </div>
   <div class='ocr_carea' id='block_1_82' title="bbox 2282 4006 3790 4092">
    <p class='ocr_par' dir='ltr' id='par_1_82' title="bbox 2282 4006 3790 4092">
     <span class='ocr_line' id='line_1_82' title="bbox 2282 4006 3790 4092; baseline -0.009 -18"><span class='ocrx_word' id='word_1_603' title='bbox 2282 4023 2412 4092; x_wconf 70' lang='grc' dir='ltr'>περὶ</span> <span class='ocrx_word' id='word_1_604' title='bbox 2449 4019 2682 4090; x_wconf 74' lang='grc' dir='ltr'>Χριστοῦ</span> <span class='ocrx_word' id='word_1_605' title='bbox 2713 4019 2992 4083; x_wconf 79' lang='grc' dir='ltr'>λαϐόντες,</span> <span class='ocrx_word' id='word_1_606' title='bbox 3015 4018 3075 4070; x_wconf 83' lang='grc' dir='ltr'><strong>τὸ</strong></span> <span class='ocrx_word' id='word_1_607' title='bbox 3104 4017 3220 4078; x_wconf 84' lang='grc' dir='ltr'><strong>πῶς</strong></span> <span class='ocrx_word' id='word_1_608' title='bbox 3248 4016 3516 4085; x_wconf 80' lang='grc' dir='ltr'>ἁρμόττει</span> <span class='ocrx_word' id='word_1_609' title='bbox 3536 4006 3790 4078; x_wconf 76' lang='grc' dir='ltr'>παρέλιπῡνο</span> 
     </span>
    </p>
   </div>
   <div class='ocr_carea' id='block_1_83' title="bbox 2285 4093 3792 4177">
    <p class='ocr_par' dir='ltr' id='par_1_83' title="bbox 2285 4093 3792 4177">
     <span class='ocr_line' id='line_1_83' title="bbox 2285 4093 3792 4177; baseline -0.016 -12"><span class='ocrx_word' id='word_1_610' title='bbox 2285 4113 2470 4165; x_wconf 78' lang='grc' dir='ltr'>’Ἄλλοι</span> <span class='ocrx_word' id='word_1_611' title='bbox 2497 4111 2554 4164; x_wconf 76' lang='grc' dir='ltr'><strong>δὲ</strong></span> <span class='ocrx_word' id='word_1_612' title='bbox 2587 4112 2680 4162; x_wconf 75' lang='grc' dir='ltr'><strong>καὶ</strong></span> <span class='ocrx_word' id='word_1_613' title='bbox 2721 4111 2799 4171; x_wconf 86' lang='grc' dir='ltr'>εἰς</span> <span class='ocrx_word' id='word_1_614' title='bbox 2845 4108 2936 4160; x_wconf 83' lang='grc' dir='ltr'><strong>τὸν</strong></span> <span class='ocrx_word' id='word_1_615' title='bbox 2987 4108 3278 4177; x_wconf 75' lang='grc' dir='ltr'>προφήτην</span> <span class='ocrx_word' id='word_1_616' title='bbox 3311 4105 3567 4176; x_wconf 71' lang='grc' dir='ltr'>εἰρήκασι</span> <span class='ocrx_word' id='word_1_617' title='bbox 3594 4093 3792 4152; x_wconf 67' lang='grc' dir='ltr'>δύνασθαι</span> 
     </span>
    </p>
   </div>
   <div class='ocr_carea' id='block_1_84' title="bbox 2281 4182 3792 4274">
    <p class='ocr_par' dir='ltr' id='par_1_84' title="bbox 2281 4182 3792 4274">
     <span class='ocr_line' id='line_1_84' title="bbox 2281 4182 3792 4274; baseline -0.013 -16"><span class='ocrx_word' id='word_1_618' title='bbox 2281 4205 2574 4274; x_wconf 80' lang='grc' dir='ltr'>νοηθῆναι.</span> <span class='ocrx_word' id='word_1_619' title='bbox 2631 4204 2897 4272; x_wconf 83' lang='grc' dir='ltr'>σημαῖνον</span> <span class='ocrx_word' id='word_1_620' title='bbox 2939 4190 3246 4269; x_wconf 81' lang='grc' dir='ltr'>ἀνάκλησιν</span> <span class='ocrx_word' id='word_1_621' title='bbox 3285 4197 3396 4250; x_wconf 82' lang='grc' dir='ltr'><strong>τοῦ</strong></span> <span class='ocrx_word' id='word_1_622' title='bbox 3443 4191 3692 4261; x_wconf 78' lang='grc' dir='ltr'>Ἰσραὴλ.</span> <span class='ocrx_word' id='word_1_623' title='bbox 3731 4182 3792 4234; x_wconf 76' lang='grc' dir='ltr'><strong>καί</strong></span> 
     </span>
    </p>
   </div>
   <div class='ocr_carea' id='block_1_85' title="bbox 2279 4275 3793 4364">
    <p class='ocr_par' dir='ltr' id='par_1_85' title="bbox 2279 4275 3793 4364">
     <span class='ocr_line' id='line_1_85' title="bbox 2279 4275 3793 4364; baseline -0.011 -15"><span class='ocrx_word' id='word_1_624' title='bbox 2279 4298 2388 4350; x_wconf 85' lang='grc' dir='ltr'>τῶν</span> <span class='ocrx_word' id='word_1_625' title='bbox 2423 4295 2832 4364; x_wconf 82' lang='grc' dir='ltr'>διασπαρέντων</span> <span class='ocrx_word' id='word_1_626' title='bbox 2867 4288 3348 4358; x_wconf 56' lang='grc' dir='ltr'><strong>ἑπισυναγωγήκ</strong></span> <span class='ocrx_word' id='word_1_627' title='bbox 3383 4287 3538 4340; x_wconf 76' lang='grc' dir='ltr'>Κατὰ</span> <span class='ocrx_word' id='word_1_628' title='bbox 3566 4275 3793 4346; x_wconf 64' lang='grc' dir='ltr'>ἀναγωγήν</span> 
     </span>
    </p>
   </div>
   <div class='ocr_carea' id='block_1_86' title="bbox 607 4368 2172 4483">
    <p class='ocr_par' dir='ltr' id='par_1_86' title="bbox 607 4391 2172 4462">
     <span class='ocr_line' id='line_1_86' title="bbox 607 4391 2172 4462; baseline 0.001 -19"><span class='ocrx_word' id='word_1_629' title='bbox 607 4395 843 4462; x_wconf 86' lang='lat' dir='ltr'><strong>gregatio</strong></span> <span class='ocrx_word' id='word_1_630' title='bbox 877 4391 1230 4461; x_wconf 78' lang='lat' dir='ltr'><strong>signiﬁcetur.</strong></span> <span class='ocrx_word' id='word_1_631' title='bbox 1257 4391 1454 4446; x_wconf 83' lang='lat' dir='ltr'><strong>Verum</strong></span> <span class='ocrx_word' id='word_1_632' title='bbox 1487 4393 1534 4446; x_wconf 92' lang='lat' dir='ltr'><strong>si</strong></span> <span class='ocrx_word' id='word_1_633' title='bbox 1569 4394 1635 4445; x_wconf 87' lang='lat' dir='ltr'><strong>ad</strong></span> <span class='ocrx_word' id='word_1_634' title='bbox 1663 4407 1964 4462; x_wconf 79' lang='lat' dir='ltr'><strong>anagogem</strong></span> <span class='ocrx_word' id='word_1_635' title='bbox 2000 4393 2172 4462; x_wconf 88' lang='lat' dir='ltr'><strong>respi-</strong></span> 
     </span>
    </p>
   </div>
   <div class='ocr_carea' id='block_1_87' title="bbox 2277 4368 3789 4483">
    <p class='ocr_par' dir='ltr' id='par_1_87' title="bbox 2284 4368 3789 4455">
     <span class='ocr_line' id='line_1_87' title="bbox 2284 4368 3789 4455; baseline -0.014 -11"><span class='ocrx_word' id='word_1_636' title='bbox 2284 4391 2480 4455; x_wconf 70' lang='grc' dir='ltr'>δὲ,καὶ</span> <span class='ocrx_word' id='word_1_637' title='bbox 2530 4391 2622 4441; x_wconf 78' lang='grc' dir='ltr'>ἐπὶ</span> <span class='ocrx_word' id='word_1_638' title='bbox 2673 4387 2764 4439; x_wconf 83' lang='grc' dir='ltr'><strong>τὸν</strong></span> <span class='ocrx_word' id='word_1_639' title='bbox 2815 4387 3043 4455; x_wconf 81' lang='grc' dir='ltr'>Σωτῆρα</span> <span class='ocrx_word' id='word_1_640' title='bbox 3094 4384 3194 4453; x_wconf 79' lang='grc' dir='ltr'><strong>τὴν</strong></span> <span class='ocrx_word' id='word_1_641' title='bbox 3238 4380 3346 4433; x_wconf 84' lang='grc' dir='ltr'><strong>τῶν</strong></span> <span class='ocrx_word' id='word_1_642' title='bbox 3398 4377 3610 4433; x_wconf 84' lang='grc' dir='ltr'>δικαίων</span> <span class='ocrx_word' id='word_1_643' title='bbox 3641 4368 3789 4440; x_wconf 72' lang='grc' dir='ltr'>πηγὴν.</span> 
     </span>
    </p>
   </div>
   <div class='ocr_carea' id='block_1_88' title="bbox 608 4484 2180 4554">
    <p class='ocr_par' dir='ltr' id='par_1_88' title="bbox 608 4484 2180 4554">
     <span class='ocr_line' id='line_1_88' title="bbox 608 4484 2180 4554; baseline 0.001 -16"><span class='ocrx_word' id='word_1_644' title='bbox 608 4487 720 4552; x_wconf 87' lang='lat' dir='ltr'><strong>eis;</strong></span> <span class='ocrx_word' id='word_1_645' title='bbox 750 4492 804 4540; x_wconf 87' lang='lat' dir='ltr'><strong>et</strong></span> <span class='ocrx_word' id='word_1_646' title='bbox 833 4485 899 4538; x_wconf 89' lang='lat' dir='ltr'><strong>ad</strong></span> <span class='ocrx_word' id='word_1_647' title='bbox 925 4485 1265 4539; x_wconf 84' lang='lat' dir='ltr'><strong>Salvatorem</strong></span> <span class='ocrx_word' id='word_1_648' title='bbox 1309 4484 1516 4554; x_wconf 79' lang='lat' dir='ltr'><strong>ipsum,</strong></span> <span class='ocrx_word' id='word_1_649' title='bbox 1563 4486 1795 4554; x_wconf 73' lang='lat' dir='ltr'><strong>iustitiae</strong></span> <span class='ocrx_word' id='word_1_650' title='bbox 1824 4484 2052 4548; x_wconf 74' lang='lat' dir='ltr'><strong>fontem,</strong></span> <span class='ocrx_word' id='word_1_651' title='bbox 2074 4501 2180 4539; x_wconf 93' lang='lat' dir='ltr'><strong>non</strong></span> 
     </span>
    </p>
   </div>
   <div class='ocr_carea' id='block_1_89' title="bbox 609 4582 2172 4650">
    <p class='ocr_par' dir='ltr' id='par_1_89' title="bbox 609 4582 2172 4650">
     <span class='ocr_line' id='line_1_89' title="bbox 609 4582 2172 4650; baseline 0 -15"><span class='ocrx_word' id='word_1_652' title='bbox 609 4583 769 4636; x_wconf 86' lang='lat' dir='ltr'><strong>aliter</strong></span> <span class='ocrx_word' id='word_1_653' title='bbox 793 4597 955 4650; x_wconf 90' lang='lat' dir='ltr'><strong>quam</strong></span> <span class='ocrx_word' id='word_1_654' title='bbox 983 4582 1248 4634; x_wconf 89' lang='lat' dir='ltr'><strong>malorum</strong></span> <span class='ocrx_word' id='word_1_655' title='bbox 1273 4583 1412 4634; x_wconf 90' lang='lat' dir='ltr'><strong>ratio</strong></span> <span class='ocrx_word' id='word_1_656' title='bbox 1431 4582 1496 4634; x_wconf 90' lang='lat' dir='ltr'><strong>ad</strong></span> <span class='ocrx_word' id='word_1_657' title='bbox 1523 4597 1712 4636; x_wconf 89' lang='lat' dir='ltr'><strong>eorum</strong></span> <span class='ocrx_word' id='word_1_658' title='bbox 1741 4590 2018 4636; x_wconf 88' lang='lat' dir='ltr'><strong>auctorem</strong></span> <span class='ocrx_word' id='word_1_659' title='bbox 2059 4582 2172 4650; x_wconf 88' lang='lat' dir='ltr'><strong>pri-</strong></span> 
     </span>
    </p>
   </div>
   <div class='ocr_carea' id='block_1_90' title="bbox 609 4671 2183 4743">
    <p class='ocr_par' dir='ltr' id='par_1_90' title="bbox 609 4671 2183 4743">
     <span class='ocr_line' id='line_1_90' title="bbox 609 4671 2183 4743; baseline -0.001 -17"><span class='ocrx_word' id='word_1_660' title='bbox 609 4688 780 4735; x_wconf 83' lang='lat' dir='ltr'><strong>mum,</strong></span> <span class='ocrx_word' id='word_1_661' title='bbox 813 4673 1004 4727; x_wconf 81' lang='lat' dir='ltr'><strong>referri</strong></span> <span class='ocrx_word' id='word_1_662' title='bbox 1073 4681 1254 4742; x_wconf 87' lang='lat' dir='ltr'><strong>queat.</strong></span> <span class='ocrx_word' id='word_1_663' title='bbox 1296 4672 1500 4727; x_wconf 91' lang='lat' dir='ltr'><strong>Deinde</strong></span> <span class='ocrx_word' id='word_1_664' title='bbox 1537 4673 1604 4727; x_wconf 89' lang='lat' dir='ltr'><strong>ad</strong></span> <span class='ocrx_word' id='word_1_665' title='bbox 1645 4671 1979 4728; x_wconf 82' lang='lat' dir='ltr'><strong>Salvatm-em</strong></span> <span class='ocrx_word' id='word_1_666' title='bbox 2006 4674 2183 4743; x_wconf 86' lang='lat' dir='ltr'><strong>inquit</strong></span> 
     </span>
    </p>
   </div>
   <div class='ocr_carea' id='block_1_91' title="bbox 609 4763 2182 4833">
    <p class='ocr_par' dir='ltr' id='par_1_91' title="bbox 609 4763 2182 4833">
     <span class='ocr_line' id='line_1_91' title="bbox 609 4763 2182 4833; baseline 0.002 -16"><span class='ocrx_word' id='word_1_667' title='bbox 609 4763 791 4828; x_wconf 85' lang='lat' dir='ltr'><strong>Pater,</strong></span> <span class='ocrx_word' id='word_1_668' title='bbox 829 4765 1080 4833; x_wconf 82' lang='lat' dir='ltr'><strong>Magnum</strong></span> <span class='ocrx_word' id='word_1_669' title='bbox 1124 4767 1217 4818; x_wconf 87' lang='lat' dir='ltr'><strong>tibi</strong></span> <span class='ocrx_word' id='word_1_670' title='bbox 1243 4776 1318 4819; x_wconf 85' lang='lat' dir='ltr'><strong>est</strong></span> <span class='ocrx_word' id='word_1_671' title='bbox 1342 4807 1356 4827; x_wconf 96' lang='lat'><strong>,</strong></span> <span class='ocrx_word' id='word_1_672' title='bbox 1392 4776 1448 4818; x_wconf 84' lang='lat' dir='ltr'><strong>ut</strong></span> <span class='ocrx_word' id='word_1_673' title='bbox 1479 4768 1675 4820; x_wconf 85' lang='lat' dir='ltr'><strong>voceris</strong></span> <span class='ocrx_word' id='word_1_674' title='bbox 1714 4782 1842 4833; x_wconf 84' lang='lat' dir='ltr'><strong>puer</strong></span> <span class='ocrx_word' id='word_1_675' title='bbox 1877 4771 2041 4830; x_wconf 69' lang='lat' dir='ltr'><strong>metis,</strong></span> <span class='ocrx_word' id='word_1_676' title='bbox 2088 4777 2182 4820; x_wconf 77' lang='lat' dir='ltr'><strong>aut</strong></span> 
     </span>
    </p>
   </div>
   <div class='ocr_carea' id='block_1_92' title="bbox 2286 4468 3790 4554">
    <p class='ocr_par' dir='ltr' id='par_1_92' title="bbox 2286 4468 3790 4554">
     <span class='ocr_line' id='line_1_92' title="bbox 2286 4468 3790 4554; baseline -0.015 -17"><span class='ocrx_word' id='word_1_677' title='bbox 2286 4485 2474 4554; x_wconf 86' lang='grc' dir='ltr'>ὥσπερ</span> <span class='ocrx_word' id='word_1_678' title='bbox 2493 4482 2586 4536; x_wconf 80' lang='grc' dir='ltr'>οὖν</span> <span class='ocrx_word' id='word_1_679' title='bbox 2613 4482 2704 4534; x_wconf 75' lang='grc' dir='ltr'><strong>καὶ</strong></span> <span class='ocrx_word' id='word_1_680' title='bbox 2726 4481 2754 4532; x_wconf 84' lang='grc' dir='ltr'>ὁ</span> <span class='ocrx_word' id='word_1_681' title='bbox 2779 4498 2842 4532; x_wconf 86' lang='grc' dir='ltr'><strong>πε</strong></span> <span class='ocrx_word' id='word_1_682' title='bbox 2852 4481 2905 4550; x_wconf 71' lang='grc' dir='ltr'><strong>ρὶ</strong></span> <span class='ocrx_word' id='word_1_683' title='bbox 2931 4477 3117 4531; x_wconf 83' lang='grc' dir='ltr'>κακῶν</span> <span class='ocrx_word' id='word_1_684' title='bbox 3147 4476 3302 4543; x_wconf 77' lang='grc' dir='ltr'>λόγος</span> <span class='ocrx_word' id='word_1_685' title='bbox 3328 4476 3410 4539; x_wconf 84' lang='grc' dir='ltr'>εἰς</span> <span class='ocrx_word' id='word_1_686' title='bbox 3435 4473 3524 4526; x_wconf 76' lang='grc' dir='ltr'><strong>τὸν</strong></span> <span class='ocrx_word' id='word_1_687' title='bbox 3550 4468 3790 4554; x_wconf 56' lang='grc' dir='ltr'>ἀρχέκακον</span> 
     </span>
    </p>
   </div>
   <div class='ocr_carea' id='block_1_93' title="bbox 2285 4552 3786 4651">
    <p class='ocr_par' dir='ltr' id='par_1_93' title="bbox 2285 4552 3786 4651">
     <span class='ocr_line' id='line_1_93' title="bbox 2285 4552 3786 4651; baseline -0.011 -21"><span class='ocrx_word' id='word_1_688' title='bbox 2285 4552 2639 4646; x_wconf 68' lang='grc' dir='ltr'>ἀναφέρεται.</span> <span class='ocrx_word' id='word_1_689' title='bbox 2675 4573 2819 4644; x_wconf 72' lang='grc' dir='ltr'>Πρὸς</span> <span class='ocrx_word' id='word_1_690' title='bbox 2869 4570 2926 4623; x_wconf 82' lang='grc' dir='ltr'><strong>δὲ</strong></span> <span class='ocrx_word' id='word_1_691' title='bbox 2960 4571 3051 4621; x_wconf 83' lang='grc' dir='ltr'><strong>τὸν</strong></span> <span class='ocrx_word' id='word_1_692' title='bbox 3086 4567 3314 4637; x_wconf 77' lang='grc' dir='ltr'>Σωτῆρα</span> <span class='ocrx_word' id='word_1_693' title='bbox 3357 4581 3523 4637; x_wconf 75' lang='grc' dir='ltr'>φησιν</span> <span class='ocrx_word' id='word_1_694' title='bbox 3561 4564 3586 4613; x_wconf 86' lang='grc' dir='ltr'>ὁ</span> 
     </span>
    </p>
   </div>
   <div class='ocr_carea' id='block_1_94' title="bbox 2283 4645 3786 4745">
    <p class='ocr_par' dir='ltr' id='par_1_94' title="bbox 2283 4645 3786 4745">
     <span class='ocr_line' id='line_1_94' title="bbox 2283 4645 3786 4745; baseline -0.015 -20"><span class='ocrx_word' id='word_1_695' title='bbox 2283 4671 2444 4739; x_wconf 72' lang='grc' dir='ltr'>Μέγα</span> <span class='ocrx_word' id='word_1_696' title='bbox 2466 4669 2566 4722; x_wconf 82' lang='grc' dir='ltr'><strong>σοί</strong></span> <span class='ocrx_word' id='word_1_697' title='bbox 2585 4668 2713 4721; x_wconf 83' lang='grc' dir='ltr'><em>ἐστι</em></span> <span class='ocrx_word' id='word_1_698' title='bbox 2745 4665 2853 4719; x_wconf 85' lang='grc' dir='ltr'><strong>τοῦ</strong></span> <span class='ocrx_word' id='word_1_699' title='bbox 2878 4660 3176 4730; x_wconf 81' lang='grc' dir='ltr'>κληθῆναί</span> <span class='ocrx_word' id='word_1_700' title='bbox 3198 4677 3272 4714; x_wconf 82' lang='grc' dir='ltr'>σε</span> <span class='ocrx_word' id='word_1_701' title='bbox 3295 4657 3476 4712; x_wconf 80' lang='grc' dir='ltr'>παῖδά</span> <span class='ocrx_word' id='word_1_702' title='bbox 3499 4649 3670 4725; x_wconf 78' lang='grc' dir='ltr'>μοι’,ῆ</span> <span class='ocrx_word' id='word_1_703' title='bbox 3693 4645 3786 4745; x_wconf 49' lang='grc' dir='ltr'><strong>δοῇ·</strong></span> 
     </span>
    </p>
   </div>
   <div class='ocr_carea' id='block_1_95' title="bbox 2283 4745 3784 4830">
    <p class='ocr_par' dir='ltr' id='par_1_95' title="bbox 2283 4745 3784 4830">
     <span class='ocr_line' id='line_1_95' title="bbox 2283 4745 3784 4830; baseline -0.019 -14"><span class='ocrx_word' id='word_1_704' title='bbox 2283 4766 2397 4816; x_wconf 80' lang='grc' dir='ltr'>,ιόν</span> <span class='ocrx_word' id='word_1_705' title='bbox 2427 4779 2565 4830; x_wconf 87' lang='grc' dir='ltr'>μου,</span> <span class='ocrx_word' id='word_1_706' title='bbox 2601 4758 2746 4812; x_wconf 81' lang='grc' dir='ltr'>κατὰ</span> <span class='ocrx_word' id='word_1_707' title='bbox 2778 4758 2904 4818; x_wconf 82' lang='grc' dir='ltr'>τοὺς</span> <span class='ocrx_word' id='word_1_708' title='bbox 2947 4751 3192 4814; x_wconf 85' lang='grc' dir='ltr'>λοιπούς.</span> <span class='ocrx_word' id='word_1_709' title='bbox 3242 4749 3403 4818; x_wconf 83' lang='grc' dir='ltr'>Μέγα</span> <span class='ocrx_word' id='word_1_710' title='bbox 3436 4749 3539 4817; x_wconf 77' lang='grc' dir='ltr'>γὰρ</span> <span class='ocrx_word' id='word_1_711' title='bbox 3576 4745 3708 4830; x_wconf 61' lang='grc' dir='ltr'>ἔργον</span> 
     </span>
    </p>
   </div>
   <div class='ocr_carea' id='block_1_96' title="bbox 609 4835 2172 4925">
    <p class='ocr_par' dir='ltr' id='par_1_96' title="bbox 609 4855 2172 4925">
     <span class='ocr_line' id='line_1_96' title="bbox 609 4855 2172 4925; baseline -0.003 -14"><span class='ocrx_word' id='word_1_712' title='bbox 609 4857 905 4910; x_wconf 78' lang='lat' dir='ltr'><strong>secundum</strong></span> <span class='ocrx_word' id='word_1_713' title='bbox 931 4857 1087 4918; x_wconf 91' lang='lat' dir='ltr'><strong>alios,</strong></span> <span class='ocrx_word' id='word_1_714' title='bbox 1119 4873 1298 4909; x_wconf 75' lang='lat' dir='ltr'><strong>servus</strong></span> <span class='ocrx_word' id='word_1_715' title='bbox 1325 4872 1492 4910; x_wconf 84' lang='lat' dir='ltr'><strong>meus.</strong></span> <span class='ocrx_word' id='word_1_716' title='bbox 1528 4855 1781 4925; x_wconf 77' lang='lat' dir='ltr'><strong>Magnum</strong></span> <span class='ocrx_word' id='word_1_717' title='bbox 1813 4857 1956 4908; x_wconf 88' lang='lat' dir='ltr'><strong>enim</strong></span> <span class='ocrx_word' id='word_1_718' title='bbox 1985 4870 2172 4908; x_wconf 82' lang='lat' dir='ltr'><strong>revera</strong></span> 
     </span>
    </p>
   </div>
   <div class='ocr_carea' id='block_1_97' title="bbox 2277 4835 3782 4925">
    <p class='ocr_par' dir='ltr' id='par_1_97' title="bbox 2279 4835 3782 4925">
     <span class='ocr_line' id='line_1_97' title="bbox 2279 4835 3782 4925; baseline -0.019 -18"><span class='ocrx_word' id='word_1_719' title='bbox 2279 4853 2515 4924; x_wconf 81' lang='grc' dir='ltr'>ἀληθῶς,</span> <span class='ocrx_word' id='word_1_720' title='bbox 2547 4851 2638 4903; x_wconf 76' lang='grc' dir='ltr'><strong>τοῦ</strong></span> <span class='ocrx_word' id='word_1_721' title='bbox 2687 4851 2835 4918; x_wconf 82' lang='grc' dir='ltr'>πρὸς</span> <span class='ocrx_word' id='word_1_722' title='bbox 2863 4848 3148 4902; x_wconf 80' lang='grc' dir='ltr'><strong>δουλείαν</strong></span> <span class='ocrx_word' id='word_1_723' title='bbox 3193 4842 3565 4902; x_wconf 71' lang='grc' dir='ltr'><em>πλασθέντος</em></span> <span class='ocrx_word' id='word_1_724' title='bbox 3598 4835 3782 4925; x_wconf 39' lang='grc' dir='ltr'><strong>Υἱοῦξο</strong></span> 
     </span>
    </p>
   </div>
   <div class='ocr_carea' id='block_1_98' title="bbox 610 4943 2182 5014">
    <p class='ocr_par' dir='ltr' id='par_1_98' title="bbox 610 4943 2182 5014">
     <span class='ocr_line' id='line_1_98' title="bbox 610 4943 2182 5014; baseline -0.001 -16"><span class='ocrx_word' id='word_1_725' title='bbox 610 4960 748 5014; x_wconf 85' lang='lat' dir='ltr'><strong>Opus</strong></span> <span class='ocrx_word' id='word_1_726' title='bbox 793 4945 1026 5006; x_wconf 79' lang='lat' dir='ltr'><strong>exstitit,</strong></span> <span class='ocrx_word' id='word_1_727' title='bbox 1062 4961 1184 4998; x_wconf 90' lang='lat' dir='ltr'><strong>cum</strong></span> <span class='ocrx_word' id='word_1_728' title='bbox 1216 4947 1280 4998; x_wconf 88' lang='lat' dir='ltr'><strong>ad</strong></span> <span class='ocrx_word' id='word_1_729' title='bbox 1307 4947 1605 4998; x_wconf 83' lang='lat' dir='ltr'><strong>servitutem</strong></span> <span class='ocrx_word' id='word_1_730' title='bbox 1631 4946 1890 5014; x_wconf 79' lang='lat' dir='ltr'><strong>formatus</strong></span> <span class='ocrx_word' id='word_1_731' title='bbox 1919 4955 2052 4998; x_wconf 83' lang='lat' dir='ltr'><strong>esset</strong></span> <span class='ocrx_word' id='word_1_732' title='bbox 2093 4943 2182 4997; x_wconf 78' lang='lat' dir='ltr'><strong>Fi-</strong></span> 
     </span>
    </p>
   </div>
   <div class='ocr_carea' id='block_1_99' title="bbox 509 5036 2182 5106">
    <p class='ocr_par' dir='ltr' id='par_1_99' title="bbox 509 5036 2182 5106">
     <span class='ocr_line' id='line_1_99' title="bbox 509 5036 2182 5106; baseline -0.002 -14"><span class='ocrx_word' id='word_1_733' title='bbox 509 5036 518 5044; x_wconf 80' lang='grc'><strong>’</strong></span> <span class='ocrx_word' id='word_1_734' title='bbox 612 5039 738 5101; x_wconf 89' lang='lat' dir='ltr'><strong>lius,</strong></span> <span class='ocrx_word' id='word_1_735' title='bbox 771 5038 834 5090; x_wconf 88' lang='lat' dir='ltr'><strong>ad</strong></span> <span class='ocrx_word' id='word_1_736' title='bbox 860 5037 1109 5090; x_wconf 72' lang='lat' dir='ltr'><strong>humanae</strong></span> <span class='ocrx_word' id='word_1_737' title='bbox 1141 5048 1350 5090; x_wconf 67' lang='lat' dir='ltr'><strong>natura:</strong></span> <span class='ocrx_word' id='word_1_738' title='bbox 1379 5038 1638 5098; x_wconf 84' lang='lat' dir='ltr'><strong>salutent,</strong></span> <span class='ocrx_word' id='word_1_739' title='bbox 1699 5052 1860 5106; x_wconf 90' lang='lat' dir='ltr'><strong>quam</strong></span> <span class='ocrx_word' id='word_1_740' title='bbox 1920 5036 2182 5102; x_wconf 81' lang='lat' dir='ltr'><strong>condidit,</strong></span> 
     </span>
    </p>
   </div>
   <div class='ocr_carea' id='block_1_100' title="bbox 611 5127 2184 5197">
    <p class='ocr_par' dir='ltr' id='par_1_100' title="bbox 611 5127 2184 5197">
     <span class='ocr_line' id='line_1_100' title="bbox 611 5127 2184 5197; baseline -0.001 -17"><span class='ocrx_word' id='word_1_741' title='bbox 611 5129 744 5180; x_wconf 81' lang='lat' dir='ltr'><strong>servi</strong></span> <span class='ocrx_word' id='word_1_742' title='bbox 779 5127 1008 5195; x_wconf 80' lang='lat' dir='ltr'><strong>formam</strong></span> <span class='ocrx_word' id='word_1_743' title='bbox 1043 5143 1344 5182; x_wconf 64' lang='lat' dir='ltr'><strong>assunmre.</strong></span> <span class='ocrx_word' id='word_1_744' title='bbox 1383 5129 1560 5197; x_wconf 89' lang='lat' dir='ltr'><strong>Atque</strong></span> <span class='ocrx_word' id='word_1_745' title='bbox 1593 5129 1717 5181; x_wconf 90' lang='lat' dir='ltr'><strong>inde</strong></span> <span class='ocrx_word' id='word_1_746' title='bbox 1751 5136 1853 5188; x_wconf 86' lang='lat' dir='ltr'><strong>est.</strong></span> <span class='ocrx_word' id='word_1_747' title='bbox 1889 5129 2033 5196; x_wconf 91' lang='lat' dir='ltr'><strong>quod</strong></span> <span class='ocrx_word' id='word_1_748' title='bbox 2075 5128 2184 5196; x_wconf 89' lang='lat' dir='ltr'><strong>glo-</strong></span> 
     </span>
    </p>
   </div>
   <div class='ocr_carea' id='block_1_101' title="bbox 612 5225 2187 5292">
    <p class='ocr_par' dir='ltr' id='par_1_101' title="bbox 612 5225 2187 5292">
     <span class='ocr_line' id='line_1_101' title="bbox 612 5225 2187 5292; baseline 0.001 -16"><span class='ocrx_word' id='word_1_749' title='bbox 612 5225 880 5291; x_wconf 79' lang='lat' dir='ltr'><strong>riﬁcatur,</strong></span> <span class='ocrx_word' id='word_1_750' title='bbox 913 5233 1171 5292; x_wconf 88' lang='lat' dir='ltr'><strong>tanquam</strong></span> <span class='ocrx_word' id='word_1_751' title='bbox 1208 5227 1453 5292; x_wconf 88' lang='lat' dir='ltr'><strong>rapinam</strong></span> <span class='ocrx_word' id='word_1_752' title='bbox 1476 5225 1698 5278; x_wconf 87' lang='lat' dir='ltr'><strong>minitne</strong></span> <span class='ocrx_word' id='word_1_753' title='bbox 1721 5225 2019 5277; x_wconf 85' lang='lat' dir='ltr'><strong>arbitratus</strong></span> <span class='ocrx_word' id='word_1_754' title='bbox 2065 5238 2187 5277; x_wconf 84' lang='lat' dir='ltr'><strong>esse</strong></span> 
     </span>
    </p>
   </div>
   <div class='ocr_carea' id='block_1_102' title="bbox 611 5317 2182 5388">
    <p class='ocr_par' dir='ltr' id='par_1_102' title="bbox 611 5317 2182 5388">
     <span class='ocr_line' id='line_1_102' title="bbox 611 5317 2182 5388; baseline -0.005 -15"><span class='ocrx_word' id='word_1_755' title='bbox 611 5334 672 5373; x_wconf 89' lang='lat' dir='ltr'><strong>se</strong></span> <span class='ocrx_word' id='word_1_756' title='bbox 704 5321 967 5388; x_wconf 62' lang='lat' dir='ltr'><strong>aequalem</strong></span> <span class='ocrx_word' id='word_1_757' title='bbox 1002 5318 1110 5373; x_wconf 91' lang='lat' dir='ltr'><strong>Deo</strong></span> <span class='ocrx_word' id='word_1_758' title='bbox 1132 5319 1198 5370; x_wconf 67' lang='lat'><strong>’9.</strong></span> <span class='ocrx_word' id='word_1_759' title='bbox 1236 5317 1329 5371; x_wconf 88' lang='lat' dir='ltr'><strong>Est</strong></span> <span class='ocrx_word' id='word_1_760' title='bbox 1356 5333 1484 5372; x_wconf 86' lang='lat' dir='ltr'><strong>vero</strong></span> <span class='ocrx_word' id='word_1_761' title='bbox 1503 5318 1605 5370; x_wconf 83' lang='lat' dir='ltr'><strong>alia</strong></span> <span class='ocrx_word' id='word_1_762' title='bbox 1629 5319 1840 5370; x_wconf 90' lang='lat' dir='ltr'><strong>ratione</strong></span> <span class='ocrx_word' id='word_1_763' title='bbox 1868 5332 2053 5385; x_wconf 83' lang='lat' dir='ltr'><strong>magna</strong></span> <span class='ocrx_word' id='word_1_764' title='bbox 2082 5331 2182 5380; x_wconf 81' lang='lat' dir='ltr'><strong>res,</strong></span> 
     </span>
    </p>
   </div>
   <div class='ocr_carea' id='block_1_103' title="bbox 615 5409 2180 5482">
    <p class='ocr_par' dir='ltr' id='par_1_103' title="bbox 615 5409 2180 5482">
     <span class='ocr_line' id='line_1_103' title="bbox 615 5409 2180 5482; baseline -0.004 -17"><span class='ocrx_word' id='word_1_765' title='bbox 615 5421 674 5465; x_wconf 92' lang='lat' dir='ltr'><strong>ut</strong></span> <span class='ocrx_word' id='word_1_766' title='bbox 715 5413 954 5478; x_wconf 86' lang='lat' dir='ltr'><strong>homini;</strong></span> <span class='ocrx_word' id='word_1_767' title='bbox 1020 5427 1184 5482; x_wconf 85' lang='lat' dir='ltr'><strong>parva</strong></span> <span class='ocrx_word' id='word_1_768' title='bbox 1241 5418 1444 5476; x_wconf 88' lang='lat' dir='ltr'><strong>autem,</strong></span> <span class='ocrx_word' id='word_1_769' title='bbox 1509 5419 1566 5463; x_wconf 85' lang='grc' dir='ltr'><strong>ιιι</strong></span> <span class='ocrx_word' id='word_1_770' title='bbox 1625 5409 1773 5473; x_wconf 89' lang='lat' dir='ltr'><strong>Deo,</strong></span> <span class='ocrx_word' id='word_1_771' title='bbox 1829 5418 1886 5460; x_wconf 85' lang='lat' dir='ltr'><strong>ut</strong></span> <span class='ocrx_word' id='word_1_772' title='bbox 1940 5410 2180 5473; x_wconf 78' lang='lat' dir='ltr'><strong>suscites,</strong></span> 
     </span>
    </p>
   </div>
   <div class='ocr_carea' id='block_1_104' title="bbox 613 5499 2180 5573">
    <p class='ocr_par' dir='ltr' id='par_1_104' title="bbox 613 5499 2180 5573">
     <span class='ocr_line' id='line_1_104' title="bbox 613 5499 2180 5573; baseline -0.006 -16"><span class='ocrx_word' id='word_1_773' title='bbox 613 5503 810 5573; x_wconf 89' lang='lat' dir='ltr'><strong>inquit,</strong></span> <span class='ocrx_word' id='word_1_774' title='bbox 874 5506 1039 5558; x_wconf 76' lang='lat' dir='ltr'><strong>tribus</strong></span> <span class='ocrx_word' id='word_1_775' title='bbox 1102 5501 1294 5557; x_wconf 83' lang='lat' dir='ltr'><strong>Jacob.</strong></span> <span class='ocrx_word' id='word_1_776' title='bbox 1357 5501 1544 5572; x_wconf 86' lang='lat' dir='ltr'><strong>Itaque</strong></span> <span class='ocrx_word' id='word_1_777' title='bbox 1577 5510 1630 5556; x_wconf 91' lang='lat' dir='ltr'><strong>et</strong></span> <span class='ocrx_word' id='word_1_778' title='bbox 1668 5499 1873 5556; x_wconf 79' lang='lat' dir='ltr'><strong>eisdem</strong></span> <span class='ocrx_word' id='word_1_779' title='bbox 1924 5499 2180 5568; x_wconf 86' lang='lat' dir='ltr'><strong>primum,</strong></span> 
     </span>
    </p>
   </div>
   <div class='ocr_carea' id='block_1_105' title="bbox 2275 4917 3777 5016">
    <p class='ocr_par' dir='ltr' id='par_1_105' title="bbox 2275 4917 3777 5016">
     <span class='ocr_line' id='line_1_105' title="bbox 2275 4917 3777 5016; baseline -0.023 -13"><span class='ocrx_word' id='word_1_780' title='bbox 2275 4917 2518 5016; x_wconf 58' lang='grc' dir='ltr'>μορφὴν</span> <span class='ocrx_word' id='word_1_781' title='bbox 2545 4917 2767 4996; x_wconf 79' lang='grc' dir='ltr'><em>δούλου</em></span> <span class='ocrx_word' id='word_1_782' title='bbox 2793 4940 2978 4994; x_wconf 79' lang='grc' dir='ltr'>λαϐεῖν</span> <span class='ocrx_word' id='word_1_783' title='bbox 3004 4939 3140 5008; x_wconf 76' lang='grc' dir='ltr'>πρὸς</span> <span class='ocrx_word' id='word_1_784' title='bbox 3171 4935 3445 5004; x_wconf 83' lang='grc' dir='ltr'>σωτηρίαν</span> <span class='ocrx_word' id='word_1_785' title='bbox 3469 4927 3531 5002; x_wconf 81' lang='grc' dir='ltr'>ἧς</span> <span class='ocrx_word' id='word_1_786' title='bbox 3559 4917 3777 5016; x_wconf 66' lang='grc' dir='ltr'>ἐδημιοὺρο</span> 
     </span>
    </p>
   </div>
   <div class='ocr_carea' id='block_1_106' title="bbox 2282 5014 3776 5105">
    <p class='ocr_par' dir='ltr' id='par_1_106' title="bbox 2282 5014 3776 5105">
     <span class='ocr_line' id='line_1_106' title="bbox 2282 5014 3776 5105; baseline -0.014 -15"><span class='ocrx_word' id='word_1_787' title='bbox 2282 5014 2449 5105; x_wconf 81' lang='grc' dir='ltr'>γησεν</span> <span class='ocrx_word' id='word_1_788' title='bbox 2477 5033 2765 5103; x_wconf 80' lang='grc' dir='ltr'>ἀνθρώπου</span> <span class='ocrx_word' id='word_1_789' title='bbox 2799 5031 3035 5100; x_wconf 81' lang='grc' dir='ltr'>φύσεως.</span> <span class='ocrx_word' id='word_1_790' title='bbox 3071 5028 3160 5080; x_wconf 86' lang='grc' dir='ltr'>Διὸ</span> <span class='ocrx_word' id='word_1_791' title='bbox 3191 5027 3283 5078; x_wconf 76' lang='grc' dir='ltr'><strong>καὶ</strong></span> <span class='ocrx_word' id='word_1_792' title='bbox 3311 5023 3617 5088; x_wconf 76' lang='grc' dir='ltr'>δοξάζεται,</span> <span class='ocrx_word' id='word_1_793' title='bbox 3637 5014 3776 5105; x_wconf 38' lang='grc' dir='ltr'><strong>ὡς.οῆ</strong></span> 
     </span>
    </p>
   </div>
   <div class='ocr_carea' id='block_1_107' title="bbox 2288 5099 3774 5195">
    <p class='ocr_par' dir='ltr' id='par_1_107' title="bbox 2288 5099 3774 5195">
     <span class='ocr_line' id='line_1_107' title="bbox 2288 5099 3774 5195; baseline -0.021 -12"><span class='ocrx_word' id='word_1_794' title='bbox 2288 5099 2592 5195; x_wconf 50' lang='grc' dir='ltr'>ἁρπαγμὸν</span> <span class='ocrx_word' id='word_1_795' title='bbox 2620 5123 2967 5193; x_wconf 82' lang='grc' dir='ltr'>ἡγησάμενος</span> <span class='ocrx_word' id='word_1_796' title='bbox 3001 5119 3058 5171; x_wconf 80' lang='grc' dir='ltr'><strong>τὸ</strong></span> <span class='ocrx_word' id='word_1_797' title='bbox 3087 5115 3225 5169; x_wconf 76' lang='grc' dir='ltr'>εἶναι</span> <span class='ocrx_word' id='word_1_798' title='bbox 3261 5117 3351 5168; x_wconf 80' lang='grc' dir='ltr'><strong>ἴσα</strong></span> <span class='ocrx_word' id='word_1_799' title='bbox 3379 5113 3512 5183; x_wconf 78' lang='grc' dir='ltr'>Θεῷ.</span> <span class='ocrx_word' id='word_1_800' title='bbox 3541 5106 3634 5162; x_wconf 76' lang='grc' dir='ltr'>Καὶ</span> <span class='ocrx_word' id='word_1_801' title='bbox 3660 5099 3774 5192; x_wconf 42' lang='grc' dir='ltr'>ἄλλος</span> 
     </span>
    </p>
   </div>
   <div class='ocr_carea' id='block_1_108' title="bbox 2290 5196 3771 5291">
    <p class='ocr_par' dir='ltr' id='par_1_108' title="bbox 2290 5196 3771 5291">
     <span class='ocr_line' id='line_1_108' title="bbox 2290 5196 3771 5291; baseline -0.03 -19"><span class='ocrx_word' id='word_1_802' title='bbox 2290 5220 2346 5271; x_wconf 84' lang='grc' dir='ltr'><strong>δὲ</strong></span> <span class='ocrx_word' id='word_1_803' title='bbox 2373 5217 2524 5287; x_wconf 80' lang='grc' dir='ltr'>μέγα</span> <span class='ocrx_word' id='word_1_804' title='bbox 2555 5217 2627 5278; x_wconf 81' lang='grc' dir='ltr'>ὡς</span> <span class='ocrx_word' id='word_1_805' title='bbox 2658 5213 2928 5282; x_wconf 81' lang='grc' dir='ltr'>ἀνθρώπῳ</span> <span class='ocrx_word' id='word_1_806' title='bbox 2951 5253 2964 5276; x_wconf 92' lang='grc'><strong>,</strong></span> <span class='ocrx_word' id='word_1_807' title='bbox 2997 5211 3189 5280; x_wconf 85' lang='grc' dir='ltr'>μικρὸν</span> <span class='ocrx_word' id='word_1_808' title='bbox 3220 5210 3275 5262; x_wconf 75' lang='grc' dir='ltr'><strong>δὲ</strong></span> <span class='ocrx_word' id='word_1_809' title='bbox 3307 5209 3381 5270; x_wconf 82' lang='grc' dir='ltr'>ὡς</span> <span class='ocrx_word' id='word_1_810' title='bbox 3408 5203 3538 5274; x_wconf 85' lang='grc' dir='ltr'>Θεῷ,</span> <span class='ocrx_word' id='word_1_811' title='bbox 3571 5196 3657 5252; x_wconf 84' lang='grc' dir='ltr'><strong>τοῦ</strong></span> <span class='ocrx_word' id='word_1_812' title='bbox 3681 5204 3771 5291; x_wconf 59' lang='lat' dir='ltr'><strong>aril-</strong></span> 
     </span>
    </p>
   </div>
   <div class='ocr_carea' id='block_1_109' title="bbox 2291 5287 3772 5377">
    <p class='ocr_par' dir='ltr' id='par_1_109' title="bbox 2291 5287 3772 5377">
     <span class='ocr_line' id='line_1_109' title="bbox 2291 5287 3772 5377; baseline -0.013 -13"><span class='ocrx_word' id='word_1_813' title='bbox 2291 5328 2414 5375; x_wconf 88' lang='grc' dir='ltr'>σαι,</span> <span class='ocrx_word' id='word_1_814' title='bbox 2445 5309 2578 5377; x_wconf 63' lang='grc' dir='ltr'>φησι</span> <span class='ocrx_word' id='word_1_815' title='bbox 2609 5308 2714 5371; x_wconf 84' lang='grc' dir='ltr'><strong>τὰς</strong></span> <span class='ocrx_word' id='word_1_816' title='bbox 2743 5307 2941 5376; x_wconf 66' lang='grc' dir='ltr'><strong>φυλὰς</strong></span> <span class='ocrx_word' id='word_1_817' title='bbox 2971 5304 3192 5358; x_wconf 78' lang='grc' dir='ltr'>Ἰακώϐ.</span> <span class='ocrx_word' id='word_1_818' title='bbox 3225 5302 3315 5354; x_wconf 80' lang='grc' dir='ltr'><strong>Διὸ</strong></span> <span class='ocrx_word' id='word_1_819' title='bbox 3339 5302 3430 5353; x_wconf 72' lang='grc' dir='ltr'>καὶ</span> <span class='ocrx_word' id='word_1_820' title='bbox 3459 5293 3662 5367; x_wconf 76' lang='grc' dir='ltr'>πρώτοις</span> <span class='ocrx_word' id='word_1_821' title='bbox 3689 5287 3772 5345; x_wconf 57' lang='grc' dir='ltr'><strong>ἐκῆ·</strong></span> 
     </span>
    </p>
   </div>
   <div class='ocr_carea' id='block_1_110' title="bbox 2291 5382 3774 5475">
    <p class='ocr_par' dir='ltr' id='par_1_110' title="bbox 2291 5382 3774 5475">
     <span class='ocr_line' id='line_1_110' title="bbox 2291 5382 3774 5475; baseline -0.038 10"><span class='ocrx_word' id='word_1_822' title='bbox 2291 5419 2481 5475; x_wconf 66' lang='grc' dir='ltr'>Ρυττεν</span> <span class='ocrx_word' id='word_1_823' title='bbox 2537 5401 2715 5461; x_wconf 61' lang='grc' dir='ltr'>αὐτοῖς</span> <span class='ocrx_word' id='word_1_824' title='bbox 2755 5396 3116 5466; x_wconf 70' lang='grc' dir='ltr'>αίχμαλώτοις</span> <span class='ocrx_word' id='word_1_825' title='bbox 3155 5395 3274 5447; x_wconf 77' lang='grc' dir='ltr'>οὖσι</span> <span class='ocrx_word' id='word_1_826' title='bbox 3303 5394 3394 5454; x_wconf 74' lang='grc' dir='ltr'><strong>τὰς</strong></span> <span class='ocrx_word' id='word_1_827' title='bbox 3423 5388 3581 5460; x_wconf 68' lang='grc' dir='ltr'>ψυχὰς</span> <span class='ocrx_word' id='word_1_828' title='bbox 3622 5382 3774 5475; x_wconf 44' lang='grc' dir='ltr'><strong>ἄφετ’,νν</strong></span> 
     </span>
    </p>
   </div>
   <div class='ocr_carea' id='block_1_111' title="bbox 2292 5460 3771 5560">
    <p class='ocr_par' dir='ltr' id='par_1_111' title="bbox 2292 5460 3771 5560">
     <span class='ocr_line' id='line_1_111' title="bbox 2292 5460 3771 5560; baseline -0.012 -14"><span class='ocrx_word' id='word_1_829' title='bbox 2292 5460 2389 5546; x_wconf 69' lang='grc' dir='ltr'><strong>καὶ</strong></span> <span class='ocrx_word' id='word_1_830' title='bbox 2430 5492 2648 5560; x_wconf 70' lang='grc' dir='ltr'>τυφλοῖς</span> <span class='ocrx_word' id='word_1_831' title='bbox 2682 5460 2998 5557; x_wconf 65' lang='grc' dir='ltr'>ἀνάϐλεψιν.</span> <span class='ocrx_word' id='word_1_832' title='bbox 3017 5484 3232 5552; x_wconf 77' lang='grc' dir='ltr'>Ἐπειδὴ</span> <span class='ocrx_word' id='word_1_833' title='bbox 3261 5483 3317 5536; x_wconf 74' lang='grc' dir='ltr'>δὲ</span> <span class='ocrx_word' id='word_1_834' title='bbox 3348 5484 3441 5552; x_wconf 73' lang='grc' dir='ltr'><strong>τὴν</strong></span> <span class='ocrx_word' id='word_1_835' title='bbox 3481 5478 3619 5548; x_wconf 78' lang='grc' dir='ltr'>χάριν</span> <span class='ocrx_word' id='word_1_836' title='bbox 3653 5460 3771 5535; x_wconf 75' lang='grc' dir='ltr'><strong>ἠρνή·</strong></span> 
     </span>
    </p>
   </div>
   <div class='ocr_carea' id='block_1_112' title="bbox 687 5632 2172 5727">
    <p class='ocr_par' dir='ltr' id='par_1_112' title="bbox 687 5656 2172 5727">
     <span class='ocr_line' id='line_1_112' title="bbox 687 5656 2172 5727; baseline -0.006 -9"><span class='ocrx_word' id='word_1_837' title='bbox 687 5663 734 5695; x_wconf 76' lang='grc'><strong>’⁵</strong></span> <span class='ocrx_word' id='word_1_838' title='bbox 767 5662 963 5717; x_wconf 85' lang='lat' dir='ltr'><strong>Matth.</strong></span> <span class='ocrx_word' id='word_1_839' title='bbox 1017 5677 1153 5727; x_wconf 79' lang='lat' dir='ltr'><strong>xvn,</strong></span> <span class='ocrx_word' id='word_1_840' title='bbox 1208 5661 1402 5717; x_wconf 66' lang='lat'><strong>“2.5-9.6.</strong></span> <span class='ocrx_word' id='word_1_841' title='bbox 1486 5661 1530 5696; x_wconf 83' lang='grc'><strong>²⁶</strong></span> <span class='ocrx_word' id='word_1_842' title='bbox 1559 5660 1596 5716; x_wconf 92' lang='lat' dir='ltr'><strong>ll</strong></span> <span class='ocrx_word' id='word_1_843' title='bbox 1620 5661 1745 5716; x_wconf 91' lang='lat' dir='ltr'><strong>Cor.</strong></span> <span class='ocrx_word' id='word_1_844' title='bbox 1778 5674 1828 5723; x_wconf 71' lang='grc' dir='ltr'>ι’,</span> <span class='ocrx_word' id='word_1_845' title='bbox 1858 5658 1950 5712; x_wconf 70' lang='lat'><strong>20.</strong></span> <span class='ocrx_word' id='word_1_846' title='bbox 2029 5658 2071 5687; x_wconf 80' lang='lat'>&quot;</span> <span class='ocrx_word' id='word_1_847' title='bbox 2106 5656 2172 5710; x_wconf 82' lang='lat' dir='ltr'><strong>M:</strong></span> 
     </span>
    </p>
   </div>
   <div class='ocr_carea' id='block_1_113' title="bbox 2277 5632 3611 5727">
    <p class='ocr_par' dir='ltr' id='par_1_113' title="bbox 2281 5632 3611 5717">
     <span class='ocr_line' id='line_1_113' title="bbox 2281 5632 3611 5717; baseline -0.019 -7"><span class='ocrx_word' id='word_1_848' title='bbox 2281 5695 2294 5710; x_wconf 92' lang='lat'><strong>.</strong></span> <span class='ocrx_word' id='word_1_849' title='bbox 2345 5654 2472 5717; x_wconf 47' lang='grc' dir='ltr'>μδ.</span> <span class='ocrx_word' id='word_1_850' title='bbox 2549 5653 2594 5684; x_wconf 77' lang='grc'><strong>’⁸</strong></span> <span class='ocrx_word' id='word_1_851' title='bbox 2651 5651 2811 5705; x_wconf 81' lang='lat' dir='ltr'><strong>Rom.</strong></span> <span class='ocrx_word' id='word_1_852' title='bbox 2871 5666 2929 5714; x_wconf 89' lang='lat' dir='ltr'><strong>tt,</strong></span> <span class='ocrx_word' id='word_1_853' title='bbox 2985 5647 3075 5703; x_wconf 71' lang='lat'><strong>28.</strong></span> <span class='ocrx_word' id='word_1_854' title='bbox 3151 5646 3196 5678; x_wconf 84' lang='grc'><strong>¹⁹</strong></span> <span class='ocrx_word' id='word_1_855' title='bbox 3238 5641 3463 5709; x_wconf 79' lang='lat' dir='ltr'><strong>Philipp.</strong></span> <span class='ocrx_word' id='word_1_856' title='bbox 3486 5653 3538 5698; x_wconf 89' lang='grc' dir='ltr'><strong>ιι,</strong></span> <span class='ocrx_word' id='word_1_857' title='bbox 3567 5632 3611 5686; x_wconf 84' lang='lat'><strong>5.</strong></span> 
     </span>
    </p>
   </div>
   <div class='ocr_carea' id='block_1_114' title="bbox 1903 5792 2576 5849">
    <p class='ocr_par' dir='ltr' id='par_1_114' title="bbox 1903 5792 2576 5849">
     <span class='ocr_line' id='line_1_114' title="bbox 1903 5792 2576 5849; baseline -0.001 -1"><span class='ocrx_word' id='word_1_858' title='bbox 1903 5793 2136 5849; x_wconf 68' lang='grc' dir='ltr'><strong>ἾΑΒΙᾸΞ</strong></span> <span class='ocrx_word' id='word_1_859' title='bbox 2176 5792 2576 5849; x_wconf 71' lang='lat' dir='ltr'><strong>LECTIONES.</strong></span> 
     </span>
    </p>
   </div>
   <div class='ocr_carea' id='block_1_115' title="bbox 684 5869 1336 5941">
    <p class='ocr_par' dir='ltr' id='par_1_115' title="bbox 684 5869 1336 5941">
     <span class='ocr_line' id='line_1_115' title="bbox 684 5869 1336 5941; baseline 0 -16"><span class='ocrx_word' id='word_1_860' title='bbox 684 5885 709 5914; x_wconf 77' lang='grc' dir='ltr'><strong>ι</strong></span> <span class='ocrx_word' id='word_1_861' title='bbox 773 5889 861 5940; x_wconf 76' lang='grc' dir='ltr'><strong>γρ.</strong></span> <span class='ocrx_word' id='word_1_862' title='bbox 899 5869 1336 5941; x_wconf 78' lang='grc' dir='ltr'>ὲπισυναγωγήν.</span> 
     </span>
    </p>
   </div>
   <div class='ocr_carea' id='block_1_116' title="bbox 2950 5859 2978 5886">
    <p class='ocr_par' dir='ltr' id='par_1_116' title="bbox 2950 5859 2978 5886">
     <span class='ocr_line' id='line_1_116' title="bbox 2950 5859 2978 5886; baseline 0 0"><span class='ocrx_word' id='word_1_863' title='bbox 2950 5859 2978 5886; x_wconf 59' lang='grc' dir='ltr'><strong>’Δ</strong></span> 
     </span>
    </p>
   </div>
  </div>
