3998 6390
165 343 294 406 2469

1193 338 1718 401 COMMENTARII
1753 343 1830 402 IN
1872 342 2156 404 ISAIAM.

3241 347 3386 413 2470

165 473 335 518 σαντο,
367 451 675 515 ἀκολούθως
710 453 1012 523 ἐπήνεγκεν
1033 467 1046 481 ‘
1088 449 1234 504 Ἰδοὺ
1274 450 1506 505 τέθεικά
1533 468 1607 506 σε
1639 454 1726 518 εἰς

1837 468 1950 508 cum
1985 453 2227 522 captivas
2257 453 2523 508 haberent
2555 457 2768 510 animas
2787 495 2801 519 ,
2832 462 2888 510 et
2912 456 3158 512 cmcitate
3188 457 3400 514 labora-

163 547 276 617 φῶς
305 545 511 599 ἐθνῶν.
546 545 654 597 Καὶ
684 545 734 595 οἱ
773 544 953 596 λοιποὶ
995 544 1052 596 δὲ
1095 544 1266 606 οὕτως
1316 544 1603 608 ἐξέδωκαν.
1635 545 1726 597 Διὸ

161 636 250 702 τῆς
275 633 553 702 παρούσης
583 631 922 701 προφητείας
959 632 1262 703 ἀρχόμενος
1289 632 1496 700 ἔλεγεν·
1521 633 1724 687 Ἀκού-

162 727 300 780 σατέ
337 743 480 794 μου,
508 724 690 790 νῆσοι
709 763 722 782 .
751 724 846 776 καὶ
877 723 1228 792 προσέχετε,
1254 725 1429 790 ἑυνηο
1479 725 1586 777 ἔδει
1617 727 1726 797 γὰρ

163 818 381 873 ἀκοῦσαι
427 817 497 869 τὰ
547 817 672 887 ἑθνη
727 816 822 868 τό·
869 814 1020 869 Ἰδοὺ
1066 815 1302 869 τεθεικὰ
1353 833 1425 870 σε
1473 821 1561 882 εις
1604 818 1728 886 φῶς

163 911 360 966 ἐθνῶν.
392 909 467 960 Οὐ
496 908 606 978 γὰρ
639 909 810 978 ἐχρῆν
842 909 940 977 τὴν
962 907 1229 978 τοσαύτην
1259 910 1571 980 οἰκονομίαν
1596 913 1728 964 ἁπο-

162 1006 365 1072 τυχεῖν,
402 1003 797 1069 ἀπειθήσαντος
835 999 1104 1068 Ἰσραὴλ,
1136 1000 1232 1054 καὶ
1267 1001 1328 1054 τὸ
1365 1003 1550 1064 σκότος
1588 1003 1723 1070 ἠγα-

167 1095 412 1163 πηκότος.
446 1093 636 1144 Καίτοι
686 1091 795 1143 τῶν
836 1092 1132 1162 προφητῶν
1175 1095 1203 1146 ὁ
1255 1094 1354 1162 μέν
1403 1111 1486 1156 τις
1526 1093 1728 1160 ἔφασκε

166 1185 292 1254 πρὸς
326 1183 522 1245 αὐτούς
543 1201 586 1233 't
619 1181 882 1246 Φωτίζου,
907 1182 1165 1252 φωτίζου,
1183 1183 1728 1253 Ἰερουσαλήμ.“Ηκει

167 1279 263 1346 γάρ
289 1294 382 1329 σου
414 1277 474 1328 τὸ
502 1275 636 1344 φῶς,
668 1294 685 1326 i
713 1277 805 1328 ita“.
833 1275 901 1328 τὰ
957 1276 1049 1327 ἐπὶ
1103 1275 1303 1345 τούτῳ’
1331 1277 1358 1328 ὁ
1385 1276 1460 1341 δὲ,
1486 1293 1504 1326 t
1538 1276 1730 1328 ἀνατε-

166 1370 241 1423 λεῖ
273 1371 400 1438 ύμῖν
434 1372 544 1431 τοῖς
577 1368 933 1439 φοϐουμένοις
989 1385 1056 1437 με
1116 1367 1270 1438 ἥλιος
1297 1367 1664 1435 δικαιοσύνης.
1704 1385 1722 1415 ι

165 1461 359 1514 Λοιπὸν
395 1463 505 1523 τοῖς
532 1460 708 1512 ἔθνεσι
739 1458 1075 1529 προσφωνῶν
1099 1460 1315 1526 ἐπάγει,
1347 1459 1543 1523 Οὕτως
1570 1458 1731 1525 λέγει

167 1553 387 1620 Κύριος.
408 1551 683 1619 Ἀγνοοῦσι
725 1551 781 1602 δὲ
809 1551 892 1613 τίς
911 1553 938 1603 ὁ
968 1550 1193 1621 Κύριος,
1227 1551 1390 1619 φησιν
1413 1567 1425 1580 ·
1459 1549 1520 1602 '0
1539 1550 1729 1618 ρυσιίο

159 1659 329 1711 μενος
352 1643 459 1694 τιῖνν
481 1642 748 1709 Ἰσραήλ.
770 1641 1068 1693 Ἠκούσατε
1093 1642 1200 1710 γὰρ
1233 1641 1347 1704 πῶς
1375 1643 1432 1707 ἐξ
1455 1641 1730 1708 Αἰγύπτου

162 1734 318 1786 πάλαι
359 1733 582 1794 τούτους
619 1732 897 1784 διέσωσεν.

1829 554 1976 610 rent,
2004 546 2276 614 Evangelii
2332 549 2660 615 praeconium
2705 547 2935 615 largitus
2963 557 3066 609 est,
3113 549 3400 619 visumque

1828 635 2090 688 restituit.
2116 634 2314 688 Verum
2351 637 2475 704 quia
2510 636 2737 704 gratiam
2776 636 2850 690 illi
2879 639 3238 706 alinegarunt,
3270 654 3401 692 con-

1828 737 2118 795 sequenter
2179 726 2312 779 Ecce
2332 730 2482 794 posui
2523 742 2570 782 te
2603 731 2655 781 in
2687 730 2856 781 lucem
2894 731 3148 799 gentium,
3186 731 3398 784 intulit:

1827 818 1971 888 quod
2003 833 2068 870 eo
2126 818 2286 872 modo
2343 819 2505 871 etiam
2573 820 2767 888 reliqui
2826 820 3280 888 interpretantur.
3338 819 3400 873 Et

1831 911 1968 961 hanc
1986 909 2107 962 inde
2125 910 2439 976 auspicatus
2459 911 2796 979 prophetiam
2821 929 2834 965 :
2855 911 3048 964 Audite
3068 929 3172 978 me,
3188 913 3400 977 insulas,

1828 1011 1876 1051 et
1907 999 2178 1060 attendite,
2207 1008 2401 1068 gentes,
2443 999 2613 1064 dixit;
2644 1000 2771 1068 quia
2823 1008 3010 1068 gentes
3037 1003 3210 1062 'illud.
3268 1002 3404 1057 Ecce

1829 1089 1980 1158 posui
2018 1098 2064 1142 te
2090 1089 2145 1142 in
2185 1089 2348 1142 lucem
2379 1091 2627 1158 gentium,
2658 1091 2846 1145 audire
2871 1093 3179 1161 oportebat.
3215 1091 3402 1161 Neque

1829 1181 1972 1234 enim
2044 1179 2246 1235 Israele
2311 1179 2467 1235 ﬁdem
2511 1191 2819 1248 aversante,
2878 1184 3243 1252 tenebrasque
3281 1199 3402 1238 am-

1830 1274 2121 1342 plectente,
2155 1282 2356 1327 tantam
2393 1273 2752 1328 oeconomiam
2808 1275 3060 1330 excidere
3086 1285 3140 1330 et
3172 1277 3275 1330 line
3304 1291 3404 1331 suo

1831 1379 2018 1418 carere
2049 1365 2252 1416 decuit.
2279 1363 2343 1416 Et
2361 1380 2490 1417 vero
2517 1366 2905 1432 prophetarum
2930 1366 3218 1433 quemdam
3243 1365 3407 1436 556

1833 1453 1994 1506 alium
2033 1454 2086 1506 in
2120 1454 2261 1506 hunc
2290 1454 2508 1507 modum
2528 1455 2593 1507 ad
2617 1471 2710 1508 eos
2730 1457 2968 1510 locutum
2995 1458 3265 1526 reperias:
3291 1475 3308 1507 ι
3339 1457 3405 1509 ll-

1834 1545 2122 1607 luminare,
2149 1544 2481 1610 illuminare,
2509 1543 2831 1599 Jerusalem.
2871 1545 3027 1599 Venit
3059 1558 3198 1600 enim
3225 1548 3404 1600 lumen

1834 1649 1983 1690 tuum
2005 1638 2070 1698 ³⁰,
2098 1657 2115 1688 ι
2145 1648 2195 1690 et
2219 1654 2338 1706 qua:
2370 1647 2582 1706 postea.
2621 1637 2683 1690 Et
2728 1637 2897 1690 alium
2929 1641 3090 1705 etiam
3124 1680 3135 1692 .
3183 1637 3404 1699 «Vobis.

1834 1731 1925 1799 qui
1955 1731 2157 1784 timetis
2189 1747 2292 1792 me,
2317 1730 2596 1783 exorietur
2628 1731 2718 1784 Sol
2745 1731 2968 1798 justitia:
2992 1732 3058 1785 ³¹.
3090 1752 3107 1783 ι
3144 1731 3406 1801 Deinceps

161 1839 327 1881 autem
364 1823 618 1892 gentibus
648 1823 970 1885 inclamans,
1000 1825 1088 1876 Sic
1115 1822 1243 1876 dicit
1284 1822 1536 1877 Dominus
1558 1865 1571 1884 ,
1603 1820 1828 1875 addidit.
1865 1821 1972 1875 Sed
2002 1821 2130 1890 quia
2175 1836 2282 1874 non
2323 1820 2572 1883 deerant,
2614 1821 2703 1889 qui
2738 1822 3024 1874 Dominum
3059 1824 3404 1892 ignorabant,

159 1919 403 1982 quisnam
441 1923 606 1979 esset,
632 1929 755 1967 cum
808 1905 1062 1970 lsraelem
1092 1917 1294 1970 eruisse
1340 1933 1398 1972 se
1441 1917 1788 1986 significavit,
1820 1915 2134 1986 expressit:
2169 1915 2330 1984 quasi
2378 1931 2474 1969 eos
2518 1906 2754 1983 qualiter
2788 1915 3111 1986 Algyptiaca
3144 1919 3409 1975 servitute

163 2009 387 2068 libr-rati,
426 2011 738 2078 servatique
769 2009 898 2070 sint,
927 2016 1316 2062 commoneret.

226 2101 407 2152 Ἄλλοι
423 2100 478 2151 δὲ
500 2100 634 2169 πρὸς
651 2103 774 2162 τοὺς
796 2103 858 2152 ἐκ
877 2105 1176 2172 περιτομῆς
1193 2103 1442 2174 εἰρῆσθαι
1463 2100 1621 2156 τοῦτό
1635 2119 1733 2170 φα-

1905 2098 2005 2152 Alii
2029 2097 2096 2151 ad
2121 2096 2341 2152 ludteos
2367 2097 2474 2152 dici
2510 2098 2654 2152 istud
2691 2101 3054 2162 arbitrantur,
3089 2100 3191 2154 hoc
3224 2103 3406 2166 modo,

166 2209 260 2248 σιν,
292 2191 366 2253 ὡς
397 2191 425 2241 ὸ
463 2191 626 2244 πάλαι
650 2207 722 2244 σε
741 2191 1085 2260 ῥυσάμενος
1105 2195 1418 2264 ἐντέλλομαί
1444 2211 1546 2259 σοι,
1571 2193 1645 2255 ὡς
1671 2194 1734 2246 ἂν

169 2286 233 2352 μὴ
250 2281 565 2352 προσκόψῃς
584 2281 655 2351 τῷ
676 2283 806 2351 λίθῳ
821 2283 911 2335 τοῦ
934 2286 1361 2354 προσκόμματος
1380 2325 1393 2338 .
1429 2285 1735 2354 Ἀγιάσατε

170 2376 261 2427 τὲν
279 2375 644 2443 φαυλίζῢντα
689 2377 802 2440 τὴν
829 2377 1041 2442 ψυχὴν
1074 2378 1438 2446 αὺτοῡ.”υσῳ
1468 2378 1576 2448 γὰρ
1611 2379 1737 2429 ἐτα-

168 2469 422 2520 πείιωσεν
450 2467 639 2520 ἑαυτὸν
666 2469 827 2538 μέχρι
851 2467 1104 2529 θανάτου,
1135 2470 1364 2521 θανάτου
1383 2469 1438 2520 δὲ
1465 2468 1700 2539 σταυροῦ
1720 2485 1732 2498 ⁶

164 2557 402 2627 τοσούτῳ
431 2558 714 2621 δοξάσατε,
750 2558 842 2609 καὶ
870 2559 1151 2625 ἁγιάσατε
1191 2561 1350 2610 αὐτόν
1370 2576 1384 2588 θ
1441 2561 1488 2610 εί
1520 2559 1574 2611 δὲ
1603 2560 1738 2628 πρὸς

163 2650 226 2713 τᾷ
248 2649 378 2719 ἔθνη
413 2650 651 2716 λέγοιτο,
684 2636 1116 2718 διαμαρτύρεται
1165 2651 1238 2719 μὴ
1271 2652 1432 2703 ταυτὸ
1459 2654 1568 2713 τοῖς
1605 2652 1730 2702 ’1ου-

163 2740 322 2802 δαίοις
377 2741 591 2793 παθεῖν.
629 2741 703 2792 Τὺ
745 2741 801 2793 δὲ
835 2743 1140 2809 ἁγιάσατε,
1197 2743 1390 2795 σεπτὸν
1443 2743 1536 2794 καὶ
1585 2743 1738 2809 ἅγιον

168 2833 617 2889 ύπολάδετε.Ἕτι
666 2834 774 2902 γὰρ
822 2835 990 2886 ὄντων
1025 2836 1181 2903 ἡμῶν
1210 2835 1570 2904 ἁμαρτωλῶν,
1600 2835 1738 2905 ὑπὲρ

167 2923 369 2976 ἀσεϐῶν
386 2922 588 2975 ἔπαθεν
608 2924 636 2974 ὁ
655 2923 827 2990 λέγων
851 2941 892 2974 't
915 2923 973 2976 Ὀ
995 2924 1194 2994 ποιμὴν
1215 2925 1240 2975 ὁ
1266 2925 1426 2986 καλὸς
1451 2923 1547 2994 τὴν
1563 2923 1738 2994 ψυχὴν

167 3012 320 3065 αὑτοῦ
373 3013 590 3084 τίθησιν
613 3013 753 3082 ὑπὲρ
782 3014 888 3064 τῶν
952 3013 1260 3084 προϐάτων.
1293 3032 1310 3060 ι
1343 3013 1738 3082 Ὀμολογείσθω

169 3104 339 3156 τοίνυν
364 3103 554 3171 ἅγιος,
591 3103 618 3157 ὃ
651 3104 797 3174 μόνῳ
823 3104 1020 3174 πρέπει
1047 3106 1187 3172 Θεῷ.
1221 3105 1488 3166 Ούσιῶδες
1513 3106 1619 3175 γὰρ
1642 3106 1740 3156 ἐπ’

170 3193 324 3245 αὐτοῦ
352 3194 414 3245 τὸ
443 3196 555 3255 τοῖς
577 3193 758 3256 ἄλλοις
785 3194 1175 3260 ἐπισυμϐαῖνον
1197 3195 1260 3245 ὲκ
1289 3193 1387 3262 τῆς
1413 3193 1575 3244 αὑτοῦ
1610 3210 1738 3263 μετα

165 3285 285 3353 οχῆς
311 3301 326 3314 °
362 3287 489 3338 ἐπεὶ
524 3286 617 3338 καὶ
648 3287 761 3354 φῶς
788 3284 862 3337 ὢν
893 3286 1042 3353 λέγει
1063 3302 1076 3315 ·
1117 3303 1136 3334 t
1161 3285 1348 3353 Ὑμεῖς
1376 3289 1496 3337 ἐστε
1528 3287 1590 3338 τὸ
1623 3286 1738 3355 φῶς

164 3375 250 3427 τοῦ
277 3377 489 3445 κόσμου
512 3377 754 3430 τούτου.)
785 3378 895 3429 Καὶ
910 3377 1162 3446 λέγοντες
1182 3377 1236 3429 δὲ
1255 3377 1368 3439 tim
1392 3376 1736 3448 Ἁγιασθήτω

164 3466 222 3518 τὸ
266 3442 438 3533 δνομά
483 3483 599 3528 σου,
637 3488 656 3517 ι
686 3467 784 3536 οὐχ
834 3442 1106 3536 ἁγιασμοῦ
1135 3466 1450 3537 προσθήκην
1467 3442 1734 3536 αἰτοῦμεν
1765 3442 1808 3500 c

166 3557 313 3628 αύτῷ
361 3558 639 3626 γενέσθαι,
675 3557 791 3611 ἀλλ’
819 3559 906 3610 ῖνα
962 3560 1052 3611 τὸν
1106 3559 1322 3629 ἀληθῶς
1353 3559 1505 3626 ἅγιον
1536 3559 1736 3624 πάντες

165 3650 614 3718 ὁμολογήσαντες,
645 3653 702 3703 ἐν
735 3650 949 3720 μεθέξει
978 3653 1074 3720 τῆς
1104 3652 1408 3720 ἁγιωσύνης
1450 3651 1613 3705 αὑτοῦ
1641 3669 1736 3719 γε-

165 3741 479 3811 νησώμεθα.
509 3742 822 3812 Προσέθηκε
849 3744 903 3794 δὲ
937 3743 1043 3795 τὸν
1080 3743 1584 3812 ,ϐδελυσσόμενον
1619 3743 1737 3798 ὑπὸ

165 3833 279 3885 τῶν
323 3831 535 3897 ἐθνῶν,
568 3833 676 3886 τῶν
728 3835 969 3887 ἀπίστων
1015 3833 1274 3903 δηλονότι.
1308 3833 1739 3887 Βδελύττονται

166 3925 288 3994 γὰρ,
315 3926 415 3979 καὶ
461 3926 551 3978 τὸν
588 3926 816 3980 θάνατον
850 3925 1016 3979 αὑτοῦ
1046 3926 1382 3996 διασύρουσι.
1413 3926 1523 3980 Καὶ
1555 3945 1736 3998 παρα-

162 4015 381 4069 δοθέντα
413 4017 469 4069 δὲ
518 4016 595 4088 τῷ
639 4017 856 4088 Πιλάτῳ
893 4017 1000 4069 τῶν
1037 4017 1380 4087 στρατιωτῶν
1406 4034 1546 4080 τινες,
1577 4018 1737 4071 αὑτὸν

157 4107 586 4161 ἐϐδελύττοντο
638 4105 1040 4169 καταπτύοντες
1092 4122 1152 4158 τε
1204 4107 1302 4159 καὶ
1350 4107 1622 4170 παίοντες,
1677 4107 1736 4159 ὲν

161 4196 451 4268 διασυρμῷ
483 4213 541 4249 τε
574 4197 830 4266 βοῶντεςο
867 4215 885 4246 t
913 4198 1104 4266 Χαῖρε,
1138 4198 1164 4247 ὁ
1193 4196 1444 4263 βασιλεὺς
1471 4197 1579 4249 τῶν
1611 4198 1738 4251 Ἰου-

160 4289 346 4341 δαίων.
378 4308 397 4340 ι
433 4288 524 4340 Διὸ
554 4287 671 4340 τῶν
699 4288 936 4341 δούλων
966 4287 1083 4340 τῶν
1101 4289 1406 4356 ἀρχόντων
1433 4290 1732 4358 ἐπήγαγεν.

165 4379 324 4440 Ἴσως
354 4379 410 4430 δὲ
439 4380 533 4430 καὶ
563 4377 674 4431 τῶν
702 4377 1159 4447 κοσμοκρατόρων
1188 4379 1280 4430 τοῦ
1306 4378 1527 4440 σκότους
1549 4378 1734 4447 φησιν,

160 4464 236 4529 οἷς
273 4469 678 4522 δουλεύουσιν
729 4470 779 4520 οἱ
827 4467 919 4519 τὸν
972 4465 1203 4536 Χριστὸν
1245 4466 1732 4534 βδελυττόμενοι.

160 4559 305 4630 Πλὴν
341 4558 675 4627 ἀναλάμψει,
699 4558 854 4627 φησὶ,
891 4557 985 4610 καὶ
1024 4558 1183 4624 μέχρι
1226 4556 1536 4620 βασυλέων
1578 4554 1737 4620 αὑτῷ

159 4650 722 4720 προσκυνήσουσιν,
755 4650 948 4710 οἵτινες
1009 4649 1258 4716 ὄψονται
1293 4649 1473 4711 αὐτὸν,
1509 4649 1568 4701 ού
1604 4650 1738 4702 πάν-

157 4760 264 4806 τως
291 4747 624 4811 σωματικοῖς
652 4742 972 4812 ὀφθαλμοῖς,
999 4742 1134 4794 ἀλλὰ
1265 4743 1356 4794 val.
1387 4743 1602 4811 καρδίᾳ.

1841 2191 1961 2260 lpse
1986 2191 2103 2253 tibi,
2152 2201 2410 2260 tanquam
2446 2192 2612 2260 quite
2639 2193 2910 2260 quondam
2969 2195 3216 2255 eruerim,
3252 2211 3318 2247 ne
3352 2196 3408 2248 in

1838 2283 2069 2352 lapidem
2107 2283 2429 2337 oll'ensionis
2485 2285 2777 2352 impingas,
2822 2287 3094 2354 principio.
3156 2285 3410 2354 Sancti/i-

1837 2388 1948 2429 cate
1982 2393 2098 2429 eum
2121 2378 2208 2445 qui
2230 2377 2460 2444 despexit
2495 2378 2729 2430 animam
2763 2395 2936 2430 suam.
2980 2381 3196 2444 Quanto
3235 2384 3408 2448 magis

1837 2470 1979 2523 enim
2011 2485 2068 2523 se
2096 2472 2160 2522 ad
2195 2480 2422 2522 mortem
2457 2485 2648 2538 usque,
2677 2487 2904 2538 eamque
2939 2473 3139 2536 crucis,
3180 2473 3406 2542 depres-

1838 2563 1932 2622 sit,
1987 2570 2139 2613 tauto
2192 2577 2288 2615 vos
2328 2578 2450 2614 eum
2517 2563 2684 2630 gloria
2716 2571 2766 2612 et
2817 2564 3020 2616 honore
3076 2566 3410 2633 prosequiet

1838 2653 2172 2718 sancti/icore
2201 2652 2361 2704 fuerit
2383 2655 2614 2722 aequius.
2651 2653 2802 2718 Quod
2835 2655 2876 2706 si
2911 2654 2975 2707 ad
3004 2667 3195 2723 gentes
3224 2673 3409 2712 seruio

1839 2749 1942 2804 est,
2002 2755 2108 2791 non
2165 2739 2304 2792 idem
2351 2757 2443 2794 eas
2513 2758 2636 2794 eum
2695 2741 2896 2796 Iudaeis
2966 2759 3225 2812 passuras
3287 2763 3409 2801 esse

1837 2831 2158 2884 obtestatur.
2221 2831 2423 2885 Deinde
2479 2834 2622 2901 quod
2680 2836 3012 2903 sanctiﬁcate
3071 2837 3232 2899 dixit,
3262 2840 3404 2892 idem

1841 2921 2021 2988 plane,
2057 2936 2120 2975 ac
2145 2921 2188 2974 si
2217 2923 2468 2975 venerari
2499 2932 2551 2975 et
2577 2933 2826 2976 sanctum
2848 2924 3050 2979 ducere
3086 2928 3404 2996 imperaret,

1841 3014 2128 3067 intellexit.
2165 3015 2297 3066 Cum
2331 3015 2475 3068 enim
2501 3017 2679 3070 adhuc
2703 3017 2754 3069 in
2781 3019 3021 3085 peccatis
3040 3035 3407 3084 verSaremur,

1841 3119 1938 3173 pro
1973 3104 2152 3174 impiis
2207 3105 2321 3173 ipse
2355 3122 2550 3174 passus
2608 3117 2715 3169 est,
2747 3108 2839 3176 qui
2878 3108 3077 3160 bonum
3130 3119 3406 3177 pastorem

1841 3210 1938 3265 pro
1970 3197 2084 3250 suis
2116 3196 2307 3250 ovibus
2323 3199 2560 3250 animam
2593 3214 2793 3266 ponere
2823 3199 3119 3256 dixerat".
3157 3199 3412 3255 Sanctum

1839 3303 1970 3356 ergo
2001 3287 2167 3358 (quod
2211 3288 2375 3342 Deum
2414 3305 2578 3342 unum
2619 3291 2796 3359 decet)
2829 3293 3078 3347 eumdem
3111 3311 3231 3349 esse
3283 3312 3413 3349 cou-

1841 3376 2116 3430 ﬁteantur.
2149 3377 2242 3430 Est
2286 3380 2428 3432 enim
2461 3379 2514 3432 in
2545 3396 2610 3435 eo
2637 3383 2950 3448 essentiale,
3009 3387 3152 3453 quod
3185 3388 3308 3441 aliis
3342 3403 3407 3439 ex

1841 3469 1960 3538 ejus
1993 3470 2407 3538 participatione
2439 3473 2736 3544 contingit;
2761 3476 2978 3542 quando
3001 3485 3054 3530 et
3088 3477 3268 3532 lumen
3295 3479 3412 3548 ipse

1839 3561 2103 3623 existens,
2137 3581 2154 3612 ι
2181 3561 2290 3615 Vos
2335 3564 2472 3616 estis
2508 3563 2599 3616 lux
2635 3565 2896 3629 mundi”,
2925 3585 2944 3617 ι
2981 3568 3136 3621 dixit.
3186 3570 3328 3634 Quin
3365 3582 3416 3625 et

1840 3653 2177 3707 sanctilicari
2221 3671 2416 3707 nomen
2464 3655 2583 3724 ejus
2634 3665 2902 3726 petentes,
2953 3674 3061 3713 non
3105 3663 3416 3716 sanctitatis

1841 3744 2211 3798 accessionem
2263 3745 2400 3811 fieri,
2459 3747 2551 3801 sed
2586 3756 2644 3800 ut
2689 3759 2938 3804 sanctum
2984 3766 3170 3806 revera
3221 3767 3416 3810 oumes

1840 3835 2107 3899 confessi,
2139 3837 2391 3905 ejusdem
2460 3841 2837 3894 sanctimonia).
2880 3842 3178 3912 participes
3215 3843 3418 3898 cilicia-

1841 3942 1962 3978 tuur
1976 3928 2270 3995 poscimus.
2301 3928 2502 3984 Deinde
2524 3933 2793 3999 sequitur,
2815 3934 2904 4002 qui
2933 3933 3314 3988 abominationi
3339 3945 3417 3990 est

1838 4019 2100 4088 gentibus,
2151 4036 2258 4074 non
2310 4021 2664 4077 credentibus
2726 4025 2956 4079 scilicet.
3014 4028 3408 4081 Abominautur

1838 4109 2008 4175 enim,
2027 4120 2079 4163 et
2098 4111 2254 4164 morti
2283 4112 2405 4179 ejus
2429 4115 2758 4168 ohtreetant.
2781 4117 2890 4170 lmo
2914 4133 3034 4170 cum
3067 4131 3212 4172 esset
3239 4118 3416 4174 Pilato

1841 4200 2098 4266 traditus,
2157 4217 2264 4256 non
2313 4201 2603 4258 defuerunt
2663 4223 2693 4260 e
2735 4207 2997 4261 militibus
3051 4211 3412 4279 quidam,qui

1839 4290 2013 4358 ipsum
2042 4292 2349 4354 abominati,
2376 4298 2658 4364 sputisque
2681 4307 2732 4350 et
2756 4299 3002 4366 colaphis
3027 4301 3288 4368 aggressi,
3320 4317 3415 4353 ore

1838 4381 2143 4435 maledictis
2173 4394 2224 4436 et
2257 4385 2521 4438 conviciis
2547 4389 2706 4455 pleno
2733 4389 2785 4441 in
2820 4391 3090 4452 eumdem,
3127 4411 3144 4442 ι
3167 4391 3296 4456 Ave,
3319 4409 3410 4446 rex

1837 4468 2274 4536 Judworum“,s
2324 4477 2698 4531 inclamareut.
2751 4479 2904 4534 Unde
2953 4489 3064 4545 est,
3111 4484 3255 4551 quod
3317 4487 3413 4538 sub

1838 4564 1998 4617 servis
2028 4565 2348 4632 principibus
2378 4568 2599 4637 adjecit,
2628 4570 2878 4640 for-teque
2949 4574 3131 4626 mundi
3163 4577 3416 4628 tenebra-

1839 4670 2067 4723 rumque
2095 4667 2412 4725 potestates,
2439 4663 2636 4728 quibus
2665 4664 2698 4715 ii
2723 4666 2974 4728 serviunt,
3009 4668 3100 4734 qui
3133 4667 3413 4722 Christum

1839 4746 2236 4813 abominantur,
2261 4751 2540 4805 indicavit.
2571 4753 2762 4806 Verum
2790 4756 3014 4823 fulgebit
3039 4747 3416 4822 tamen,euui-

161 4852 266 4904 que
296 4838 378 4890 vel
413 4854 557 4906 reges
596 4839 694 4902 ipsi
715 4836 1038 4900 adorabunt,
1069 4853 1176 4888 non
1205 4839 1448 4904 corporis
1480 4837 1723 4900 Omnino,
1769 4838 1928 4909 557
1960 4841 2050 4894 sed
2088 4843 2282 4897 mentis
2312 4853 2367 4898 et
2399 4845 2582 4898 cordis
2619 4849 2794 4901 oculis
2817 4849 3096 4904 intuentes.

227 4925 742 4994 Προσκιινήσουσι
774 4926 828 4977 δὲ
878 4925 1110 4994 μάλιστα
1151 4927 1245 4976 καὶ
1291 4928 1511 4988 πάντες,
1570 4927 1645 4979 ὅτ’
1681 4927 1735 4980 ἂι

1923 4931 2235 4985 Adorabunt
2277 4949 2408 5022 vero
2458 4952 2646 4989 omnes
2703 4947 2812 4989 tum
2867 4940 3083 4994 demum
3123 4946 3413 5013 praecipue,

161 5017 288 5088 ἔλθῃ
321 5021 378 5070 ὲν
409 5020 474 5086 τῇ
504 5016 630 5088 δόξῃ
655 5017 747 5069 τοῦ
783 5018 1023 5086 Πατέρος
1059 5017 1222 5070 αὐτοῦ
1275 5019 1411 5086 μετὰ
1438 5018 1546 5070 τῶν
1572 5019 1741 5085 ἀγγέ-

159 5107 269 5161 λων
294 5110 488 5174 αὑτοῦ,
516 5109 612 5162 καὶ
647 5108 844 5177 καθίσῃ
873 5108 967 5160 ἐπὶ
1001 5109 1189 5177 θρόνου
1218 5107 1376 5177 δόξης
1423 5108 1587 5160 αὑτοῦ
1621 5109 1743 5178 κρί-

161 5217 265 5252 νων
292 5199 504 5263 ζῶντας
540 5201 632 5252 καὶ
661 5201 912 5269 νεκρούς.
946 5198 1459 5267 Προσκυνήσουσι
1500 5199 1556 5249 δὲ
1595 5199 1743 5268 αὐτῷ

159 5291 346 5343 ἕνεκεν
392 5292 485 5344 τοῦ
538 5292 780 5360 Πατέρος
815 5291 978 5344 αύτοῦ
1003 5307 1015 5319 ·
1043 5291 1328 5356 δοξάζεται
1370 5291 1478 5360 γὰρ
1509 5290 1582 5352 ὡς
1615 5291 1742 5353 Υἱὸς

159 5381 253 5434 τοῦ
303 5382 477 5444 Θεοῦ,
513 5382 602 5435 ὅτι
653 5384 867 5447 πιστός
914 5382 1082 5434 ἐστιν
1134 5385 1166 5433 ὁ
1223 5381 1388 5447 ἅγιος
1425 5381 1660 5447 Ἰσραὴλ
1709 5385 1741 5434 ὁ

159 5472 564 5542 ἐκλεξάμενος
596 5474 803 5536 αὑτὸν,
835 5472 979 5524 τοῦτ’
1002 5473 1148 5524 ἐστιν
1195 5473 1282 5525 ἀεὶ
1333 5472 1426 5523 καὶ
1477 5471 1738 5535 ὡσαύτως

161 5566 316 5633 ἔχων.
345 5567 572 5620 Πιστὸν
599 5567 708 5636 γὰρ
732 5567 883 5618 οὐδὲν
917 5568 972 5617 ὲν
1003 5565 1268 5634 κτίσμασι
1292 5567 1403 5628 τοῖς
1441 5564 1739 5634 ὑποκειμέ-

162 5673 266 5719 ’σοις
299 5658 591 5726 μεταϐολῇ.
611 5658 669 5710 'U
699 5657 754 5710 δὲ
791 5659 983 5726 Πατὴρ
1009 5656 1328 5720 ἐξελέξατο
1353 5657 1479 5718 τοὺς
1508 5656 1575 5708 δι’
1601 5657 1729 5710 Υἱοῦ

227 5774 395 5827 "15:.
423 5793 509 5840 ιν,
540 5778 582 5828 ι.
666 5779 704 5807 ³³
731 5778 956 5832 Malach.
979 5795 1050 5839 tv,
1079 5779 1129 5830 9..
1209 5779 1249 5810 ³²
1273 5777 1428 5833 Joan.
1473 5798 1524 5846 χ,
1558 5780 1641 5833 lii.

1723 5781 1765 5810 ³³
1789 5779 1977 5835 Matth.
2000 5800 2050 5849 ν,
2086 5785 2168 5841 li.

1846 5035 1968 5074 cum
2001 5028 2212 5076 Vunerit
2245 5024 2297 5076 in
2334 5023 2508 5078 Patris
2544 5027 2764 5081 dextera
2800 5046 2922 5082 cum
2962 5034 3170 5099 angelis
3193 5035 3330 5095 suis,
3363 5047 3416 5088 et

1845 5113 2048 5165 sederit
2076 5113 2127 5165 in
2158 5115 2354 5166 throno
2381 5115 2567 5184 gloria:
2593 5118 2976 5187 suaejudicans
3005 5137 3153 5173 rivos
3183 5131 3236 5174 et
3263 5139 3414 5174 tuor-

1845 5211 1969 5257 tuos
2027 5206 2092 5258 ³⁵.
2151 5206 2464 5260 Adurabunt
2517 5209 2666 5272 item,
2729 5221 2946 5278 propter
3008 5211 3223 5266 Patrem
3271 5215 3411 5282 ejus.

1846 5295 2194 5349 Glorilicatur
2220 5299 2388 5362 enim,
2423 5308 2678 5369 tanquam
2720 5301 2808 5355 Dei
2845 5301 3052 5368 Filius;
3086 5304 3210 5372 quia
3241 5305 3415 5371 ﬁdelis

1845 5395 1922 5438 est
1975 5398 2190 5440 sanctus
2248 5392 2440 5453 Israel,
2501 5393 2592 5460 qui
2646 5393 2798 5462 elegit
2850 5409 3004 5456 eum;
3064 5395 3116 5447 id
3159 5402 3268 5458 est,
3320 5397 3412 5463 qui

1845 5491 2059 5544 semper
2093 5478 2282 5531 eodem
2328 5482 2489 5533 modo
2524 5497 2582 5534 se
2619 5481 2802 5535 habet.
2849 5481 2999 5538 Nihil
3027 5501 3216 5537 eorum
3248 5487 3418 5553 siqui-

1846 5565 1992 5629 dem,
2026 5586 2147 5639 qua:
2186 5573 2406 5627 condita
2458 5585 2603 5636 sunt,
2641 5576 2769 5644 quia
2820 5577 3113 5631 mutationi
3155 5576 3413 5639 obnoxia,

1840 5659 2004 5725 ﬁdum
2051 5677 2114 5716 ac
2142 5673 2352 5718 cer-tum
2409 5668 2672 5735 reperias.
2717 5667 2890 5739 Elegit
2949 5686 3076 5725 vero
3102 5686 3197 5724 eos
3233 5669 3412 5732 Pater,

2249 5785 2493 5842 3"Matth.
2521 5805 2688 5852 xxvn,
2711 5790 2799 5846 ‘29.
2879 5795 2921 5830 ³⁵
2951 5792 3138 5846 Matth.
3177 5810 3296 5850 xxv,
3323 5791 3407 5845 ει.
