3998 6390
622 305 763 372 24⁸71

1927 304 2277 370 PROCOPII
2314 303 2556 366 GAZIEI

3709 307 3824 371 2m

619 424 714 492 qui
749 435 846 491 per
878 415 1080 476 Filium
1102 419 1281 477 vocati
1302 427 1456 477 sunt.
1500 434 1520 472 ι
1555 420 1707 488 Quos
1728 420 1876 478 enim
1904 419 2187 491 praescivit.

2309 413 2702 484 κεκλημένους.
2735 428 2755 464 t
2784 408 2893 475 Οὓς
2921 409 3029 479 γὰρ
3059 408 3218 478 ἔγνω.
3254 407 3409 481 φησὶ,
3451 409 3541 463 καὶ
3570 415 3828 488 προώρισεν

619 515 826 586 inquit.
849 515 1016 570 etiam
1067 516 1482 586 prtedestinavit
1535 516 1850 570 conformes
1914 513 2032 568 ﬁeri
2067 513 2204 566 inia-

619 610 762 679 ginis
796 608 920 663 Filii
950 608 1033 662 sui
1063 607 1128 673 ³⁶,
1165 626 1184 659 ι
1227 608 1321 676 qui
1355 624 1480 661 eum
1507 608 1940 675 sancti/icarunt,
1966 605 2054 670 qui
2083 604 2204 657 ani-

619 717 761 754 mam
797 716 949 754 suam
979 701 1236 768 despexit,
1279 714 1456 769 neque
1502 700 1556 753 in
1614 698 1973 752 immanitatis
2008 696 2202 751 modos

620 798 982 863 impegerunt.
1009 794 1114 847 Sed
1143 809 1240 864 pro
1270 793 1422 863 Elegi
1456 803 1524 857 te,
1556 791 1658 856 Qui
1680 792 1834 861 elegit
1855 801 1903 844 te
1930 793 2200 860 interpre-

617 897 770 942 tatur
795 888 1189 959 Symmachus.
1229 887 1455 957 Proprie
1494 888 1684 956 igitur,
1733 889 1890 941 aiunt
1924 886 2197 950 nonnulli,

620 982 725 1036 ista
755 983 819 1034 ad
865 982 1150 1035 Christum
1204 981 1554 1035 referuntur:
1598 995 1913 1050 quanquam
1969 988 2022 1033 et
2068 995 2198 1048 pro-

615 1073 792 1142 phetae
820 1071 982 1125 etiam
1028 1073 1245 1125 valeant
1285 1073 1601 1124 convenire.
1639 1070 1893 1138 Seipsum
1926 1069 2069 1124 enim
2100 1068 2198 1122 de-

619 1164 836 1233 pressit,
868 1163 996 1216 dum
1026 1164 1214 1232 populi
1248 1164 1591 1216 calamitates
1629 1162 1788 1224 luxit,
1828 1161 1880 1214 in
1915 1174 2052 1230 quas
2107 1159 2197 1214 ille

615 1267 840 1327 propter
913 1255 1126 1309 scelera
1181 1253 1470 1308 inciderat.
1535 1251 1733 1307 Jnssus
1800 1253 2016 1314 deinde,
2069 1267 2191 1306 cum

613 1362 799 1409 sacco,
830 1357 881 1400 et
939 1345 1123 1400 nudus
1182 1346 1497 1412 incedebat,
1532 1345 1844 1398 videntibus
1894 1342 2188 1412 despectus,

611 1436 904 1505 animoque
953 1436 1117 1489 simul
1174 1436 1480 1495 demissus.
1541 1444 1596 1490 et
1650 1450 1861 1501 earum,
1902 1451 2021 1503 qua:
2081 1435 2189 1489 illis

609 1537 797 1584 essent
848 1538 1146 1594 cventnrte,
1181 1527 1536 1582 aﬂlictionum
1571 1528 2070 1603 exempltnn._Enm
2105 1536 2190 1579 ta-

611 1636 734 1674 men
764 1629 816 1674 et
841 1623 934 1689 qui
967 1620 1294 1689 principibus
1347 1620 1659 1683 inserviunt,
1711 1620 1949 1672 ludibrio
1983 1619 2187 1673 habue-

609 1725 771 1776 runt;
836 1727 998 1782 quem
1053 1720 1307 1765 sanctum
1362 1711 1720 1766 exsistentem
1781 1712 1990 1765 honore
2035 1711 2186 1778 jubet

2305 509 2666 577 συμμόρφους
2692 506 2790 574 τῆς
2818 503 3024 566 εἰκόνος
3054 502 3148 556 τοῦ
3175 501 3306 555 Υῑοῦ
3341 501 3524 568 αὐτοῦ,
3557 523 3574 555 i
3609 507 3660 558 οτ
3687 510 3828 579 ἡγία-

2301 616 2424 654 car
2463 602 2570 653 τὸν
2617 597 2983 668 φαυλίζοντα
3013 597 3126 662 τὴν
3147 595 3362 664 ψυχὴν
3397 596 3574 650 αὑτοῦ
3619 603 3716 664 τοῖς
3752 606 3826 674 τῆς

2300 692 2719 764 ἀνθρωπότητος
2773 690 2848 761 μὴ
2899 689 3309 760 προσκύψαντες
3359 689 3594 760 μέτροις.
3626 692 3750 746 ’Δντὶ
3782 698 3826 750 δὲ

2299 786 2394 839 τοῦ
2417 824 2433 850 ,
2463 785 2837 854 ἐξελεξάμην
2886 799 2959 836 σε
2989 824 3002 846 ,
3035 782 3103 847 ὃς
3135 780 3456 845 ἐξελέξατό
3483 798 3524 834 σ
3526 800 3552 834 ε
3582 784 3826 858 Σύμμαχος

2298 879 2582 945 ἐξέδωκεν.
2612 879 2830 947 κυρίως
2852 879 2949 945 μὲν
2979 871 3093 938 οὖν,
3122 875 3252 943 φασί
3283 891 3447 937 τινες,
3478 874 3641 927 ταῦτα
3671 879 3737 940 εἰς
3759 883 3826 933 τὸν

2297 973 2534 1043 Χριστὸν
2565 970 2921 1040 ἀναφέρεται.
2954 967 3146 1020 Νοοῖτο
3183 966 3227 1019 δ’
3261 967 3326 1019 ἂν
3357 967 3450 1018 καὶ
3482 966 3569 1018 ἐπὶ
3598 967 3685 1020 τοῦ
3721 986 3823 1040 προ-

2298 1067 2490 1134 φήτου.
2537 1062 2920 1130 Ἐξυυδένωσεν
2947 1063 3055 1131 γὰρ
3083 1059 3296 1124 ἑαυτὸν,
3322 1059 3637 1129 ὀδυρόμενος
3655 1062 3737 1124 τὰς
3758 1066 3819 1118 τοῦ

2295 1155 2426 1209 λαοῦ
2470 1156 2560 1210 διὰ
2607 1155 2674 1208 τὰ
2707 1153 3160 1225 πλημμελήματα
3211 1153 3522 1221 συμφοράς.
3555 1153 3656 1204 Καὶ
3698 1169 3821 1224 προσ.

2292 1250 2479 1322 αχθεὶς
2527 1251 2583 1303 ὲν
2631 1249 2820 1316 σάκκῳ
2867 1264 2928 1299 τε
2978 1247 3072 1299 καὶ
3106 1245 3315 1314 γυμνὸς
3347 1246 3685 1315 περιήρχετο,
3713 1251 3826 1316 παρὰ

2290 1344 2401 1396 τῶν
2443 1340 2694 1414 ὁρώντων
2736 1338 3263 1408 ἐξουδενούμενος,
3300 1337 3532 1390 ταπεινὰ
3576 1339 3765 1408 φρονῶν
3783 1359 3826 1396 τε

2292 1435 2429 1507 ἃμα,
2461 1435 2554 1488 καὶ
2605 1435 2713 1487 τῶν
2765 1432 3070 1503 μελλόντων
3102 1428 3270 1483 εἰκὼν
3308 1430 3493 1493 αὐτοῖς
3538 1430 3826 1501 παθημάτων

2289 1526 2592 1598 γινόμενος.
2612 1524 2752 1580 Ἀλλ’
2773 1526 2923 1596 ὅμως
2972 1524 3066 1577 καὶ
3103 1525 3154 1577 οἱ
3202 1525 3318 1585 τοῖς
3363 1522 3651 1591 ἄρχουσιν
3679 1524 3827 1589 ἐξυπ-

2288 1621 2688 1688 ηρετούμενοι,
2714 1617 2904 1671 τοῦτον
2933 1614 3243 1687 ἐχλεύαζον,
3257 1614 3360 1668 ’³ον
3377 1614 3530 1682 ἅγιον
3546 1615 3664 1668 ὄντα
3677 1617 3825 1687 τιμῆς,

2290 1714 2478 1782 φησὶν,
2506 1711 2798 1777 ἀξιώσατε.
2827 1711 2985 1780 Παρά
3031 1726 3142 1763 τισι
3188 1708 3244 1761 δὲ
3294 1707 3357 1760 τὸ
3406 1707 3567 1777 ῥητὸν
3591 1709 3746 1761 κεῖται
3769 1710 3826 1778 τῷ

609 1803 840 1858 afﬁcere.
877 1802 1134 1857 Nonnulli
1173 1802 1227 1855 in
1251 1817 1368 1864 eos,
1405 1803 1499 1870 qui
1540 1803 1682 1854 inter
1718 1813 1907 1872 gentes
1929 1811 1984 1856 et
2014 1800 2184 1855 Israe-

2291 1805 2564 1877 βδελυκτῷ
2616 1805 2824 1870 ἔθνους,
2866 1805 2981 1868 καὶ,
3021 1803 3188 1873 φασὶ,
3225 1800 3322 1855 τοῦ
3359 1801 3606 1872 Ἰσραήλο
3648 1801 3717 1854 διὸ
3755 1805 3824 1855 καὶ

607 1895 714 1949 lem
757 1893 1110 1948 abominandi
1161 1901 1313 1957 sunt,
1379 1909 1689 1946 sermonem
1745 1893 1932 1947 haberi
1998 1895 2186 1947 existi-

606 1995 793 2048 mant;
827 2002 998 2053 eaque
1019 1985 1230 2038 ratione
1250 1986 1314 2038 ad
1335 1993 1525 2052 gentes
1557 1986 1942 2040 transitionem
1964 1985 2180 2041 fecisse.

2286 1899 2422 1969 πρὸς
2450 1900 2518 1951 τὰ
2545 1897 2671 1966 ἔθνη
2706 1896 2930 1968 μετέϐη.
2957 1897 3066 1950 Καὶ
3098 1893 3261 1948 πάλιν
3288 1893 3350 1946 τὸ
3381 1893 3544 1963 ρητδν
3572 1891 3644 1957 τῷ
3669 1893 3826 1959 δούλῳ

2284 1990 2700 2056 ὲξουσιαξόντων
2757 1991 2850 2044 καί
2884 1990 2912 2030 b
2935 2007 3099 2059 φασιν
3129 2004 3143 2018 ·
3179 1987 3434 2056 ὑπετάγη
3479 1986 3612 2057 γάρ’
3657 1988 3825 2052 καὶέξο

605 2078 814 2133 Volunt
851 2094 1068 2132 rursum
1105 2086 1158 2130 et
1189 2093 1380 2132 eorum
1413 2076 1577 2131 verba
1599 2093 1741 2143 esse,
1768 2080 1859 2147 qni
1891 2079 1944 2131 in
1973 2095 2182 2132 servum

2289 2080 2584 2149 ελεξάμην
2619 2094 2714 2143 σε,
2765 2079 2926 2150 ἔχων,
2963 2080 3118 2146 φασὶ,
3168 2075 3269 2146 τὴν
3319 2073 3555 2144 ἀόρατον
3599 2073 3823 2143 ὑπεροχὴν

605 2178 936 2243 potestatem
971 2173 1228 2224 habeant.
1257 2170 1528 2226 Subditus
1545 2170 1690 2224 enim
1717 2170 1841 2224 fuit.
1873 2170 1944 2225 Te
1965 2172 2180 2238 deinde,

605 2263 883 2333 inquiunt,
915 2261 1066 2330 elegi,
1094 2263 1185 2331 qui
1210 2261 1538 2314 invisibilctn
1572 2261 1948 2315 excellentiam
1989 2276 2187 2314 secun-

605 2357 735 2410 dum
769 2363 1022 2408 naturam
1065 2368 1129 2406 ex
1179 2353 1498 2407 visibilibus
1547 2352 1744 2408 baueo.
1785 2352 1878 2408 Est
1921 2364 2189 2423 praeterea

605 2466 675 2506 ex
703 2447 1021 2504 hominibus
1054 2447 1295 2510 electus;
1338 2454 1566 2516 propter
1618 2460 1760 2509 eam,
1790 2461 1954 2515 quam
2002 2445 2190 2500 nobis-

603 2556 729 2596 cum
759 2538 1176 2594 similitudinem
1211 2537 1426 2593 habuit.
1461 2536 1542 2591 Ad
1577 2535 1916 2591 Salvatorem
1947 2549 2192 2602 rursum,

607 2633 862 2704 Tempore
906 2642 1198 2702 opportuno
1223 2632 1403 2685 audivi
1437 2643 1504 2694 te,
1533 2630 1744 2685 Patrem
1800 2630 2004 2684 dixisse
2061 2631 2196 2701 legi-

602 2744 746 2782 mus.
790 2725 926 2782 Cum
964 2725 1110 2778 enim
1145 2732 1373 2778 mortetn
1439 2723 1638 2786 obiret,
1674 2740 1692 2773 ι
1729 2719 1956 2786 Eli,Eli,
1991 2723 2190 2777 lamina

603 2819 925 2875 sabacthani
961 2817 1029 2878 π,
1062 2835 1081 2867 ι
1155 2815 1507 2869 inclamabat.
1541 2811 1831 2873 Praaterea,
1875 2821 1935 2865 ut.
1969 2811 2186 2866 Patrem

603 2928 836 2968 renuere
868 2909 1288 2964 animadvertit:
1327 2926 1343 2958 ι
1367 2905 1548 2970 Pater,
1570 2907 1614 2961 si
1649 2921 1756 2959 non
1788 2913 1969 2974 potest
1997 2916 2184 2961 trans-

599 3007 682 3062 ire
711 3007 839 3069 hoc,
866 3007 958 3058 liat
985 3004 1238 3057 voluntas
1279 3009 1374 3055 tua
1396 3000 1461 3067 ³⁸,
1493 3019 1512 3051 ›
1539 3000 1760 3054 'intulit.
1793 2998 1942 3065 Quas
1994 3016 2184 3069 preces

2283 2174 2421 2228 κατὰ
2457 2173 2619 2243 φύσιν
2655 2175 2718 2226 ὲκ
2745 2173 2853 2226 τῶν
2883 2171 3117 2242 ὁρατῶν.
3151 2169 3263 2223 Καὶ
3294 2168 3354 2234 ἐξ
3384 2165 3672 2238 ἀνθρώπων
3691 2166 3825 2219 61.18-

2291 2266 2435 2333 κτὸς
2464 2268 2692 2334 γίνεται,
2715 2265 2783 2319 δι’
2803 2265 2870 2337 ἣν
2900 2261 3046 2334 εἶχεν
3069 2262 3366 2333 ὁμοιότητα
3399 2259 3533 2329 πρὸς
3557 2260 3707 2328 ἡμᾶς.
3723 2253 3823 2311 Εἶτα

2294 2359 2431 2430 πρὸς
2458 2359 2549 2412 τὸν
2583 2357 2812 2428 Σωτῆρα
2857 2373 3022 2426 φησιν
3050 2357 3078 2409 6
3111 2354 3324 2424 Πατὴρ,
3357 2351 3547 2420 Καιρῷ
3567 2348 3732 2415 δεκτῷ
3749 2350 3821 2403 ἐκ.

2294 2450 2532 2519 ἠκουσὰ
2562 2467 2700 2508 σου.
2731 2451 2966 2521 Πάσχων
2999 2449 3098 2519 μὲν
3131 2448 3240 2519 γὰρ
3273 2446 3406 2500 ὲὸόα
3427 2461 3440 2474 ·
3479 2463 3497 2496 t
3520 2443 3817 2507 Ἦλεὶ,Ἦλεὶ,

2296 2542 2772 2613 λαμασαὸαχθανί.
2828 2560 2847 2593 ι
2906 2535 3116 2602 Εἶθ’ὼς
3167 2537 3502 2592 ἀνανεύοντα
3525 2536 3610 2590 τὸν
3652 2534 3821 2606 Πατέρα

2300 2635 2466 2704 ἐώρα,
2521 2636 2724 2703 ἐπῆγεν
2747 2650 2762 2665 ·
2819 2653 2837 2685 ‹
2870 2634 3078 2702 Πάτερ,
3108 2633 3155 2684 εὶ
3211 2633 3286 2702 μὴ
3317 2630 3542 2685 δυνατὸν
3585 2627 3819 2698 παρελθεῖν

2297 2728 2450 2792 αὐτὸ,
2479 2726 2766 2797 γενηθήτω
2793 2725 2854 2778 τὸ
2889 2724 3103 2794 Θέλημὰ
3134 2739 3252 2776 σου.
3283 2721 3503 2792 Ταύτην
3531 2715 3620 2773 οὖν
3643 2720 3729 2790 τὴν
3758 2718 3819 2770 εὖ·

2295 2822 2395 2892 χὴν
2428 2823 2563 2893 μετὰ
2593 2824 2682 2874 τὸν
2712 2823 2941 2875 Θάνατον
2969 2820 3258 2890 δεχόμενος
3289 2821 3318 2872 6
3341 2818 3548 2890 Πατὴρ,
3575 2817 3656 2870 τὸν
3677 2815 3820 2884 καιρὸν

2287 2914 2501 2977 δεικνὺς
2545 2915 2645 2984 τῆς
2693 2914 3049 2976 ἀναστάσεως
3093 2912 3297 2983 φησίνο
3343 2912 3447 2966 Ἐγ
3480 2908 3651 2980 καιρῷ
3678 2903 3824 2971 δεκτῷ

2292 3005 2607 3071 ἐπήκουσά
2632 3021 2770 3061 σου.

602 3116 728 3154 cum
765 3107 889 3170 post
947 3107 1178 3152 mortem
1207 3094 1516 3149 admisisset
1545 3091 1738 3160 Pater,
1777 3104 1838 3147 ut
1885 3096 2312 3154 resurrectionis
2339 3107 2554 3169 tempus
2587 3099 2872 3165 indicaret,
2933 3114 3049 3152 eum
3077 3096 3242 3168 558
3277 3113 3334 3152 se
3406 3106 3682 3166 opportuno
3725 3104 3826 3149 tem-

599 3211 723 3266 pore
755 3195 1085 3250 exaudiviue
1140 3191 1495 3265 signiﬁcavit.

673 3291 926 3348 Noimulli
955 3289 1356 3360 expositionem
1391 3289 1576 3353 istam,
1609 3295 1667 3341 ut
1719 3289 1942 3343 minime
1976 3289 2179 3359 proba-

2353 3289 2510 3352 Τινὲς
2548 3287 2603 3341 δὲ
2643 3285 2992 3356 μεμψάμενοι
3022 3285 3120 3356 τὴν
3156 3284 3446 3358 παροῦσαν
3478 3285 3749 3358 ἐξήγησιν,
3774 3286 3829 3350 ὡς

600 3385 767 3444 bilem
825 3380 1309 3452 reprehendentes,
1343 3377 1541 3432 Filium
1597 3380 1860 3448 precibus
1909 3382 2182 3436 excidisse

600 3495 700 3551 per
729 3475 1092 3532 oeconomiam
1123 3473 1251 3542 tingi
1277 3474 1459 3526 dicere
1486 3472 1836 3532 maluerunt;
1877 3475 1992 3541 qui,
2023 3482 2181 3528 ante-

602 3585 765 3640 quam
808 3569 957 3638 ipsas
1012 3564 1290 3628 funderet,
1343 3578 1453 3617 non
1503 3564 1638 3618 alias
1678 3578 1735 3616 se
1783 3575 2042 3628 mortem,
2075 3565 2181 3619 nisi

601 3675 821 3716 crucem
873 3665 926 3712 et
983 3668 1213 3711 mortem
1263 3655 1606 3718 subivisset,
1667 3655 2011 3709 sublaturum
2060 3671 2183 3710 esse

603 3752 834 3806 sciebat.
863 3748 1057 3817 Arguit
1111 3763 1242 3819 ergo
1292 3745 1604 3801 Judaaorutn
1679 3747 2057 3801 crudelitatem
2129 3756 2184 3801 et
2231 3746 2240 3756 ’

599 3845 801 3902 eadem
854 3843 1206 3913 deprecatio;
1257 3858 1379 3911 qua:
1409 3842 1744 3912 passionem,
1779 3850 2002 3911 propter
2061 3842 2181 3908 ejus

604 3935 984 4009 ignominiam,
1007 3949 1114 3988 non
1149 3933 1412 3987 ultionem
1474 3932 1646 3987 fuisse
1691 3933 1953 3986 ostendit.
1997 3933 2183 3998 Quan-

601 4044 766 4101 quam
802 4043 903 4082 nec
935 4033 1236 4097 spontanea
1270 4024 1390 4080 ideo
1423 4041 1546 4079 esse
1569 4025 1796 4088 desinit,
1829 4029 2028 4096 quippe
2062 4043 2183 4096 qua:

602 4120 769 4177 morti
793 4120 936 4173 vires
964 4118 1250 4182 ademerit,
1275 4125 1333 4170 ut
1358 4133 1420 4171 eo
1453 4118 1724 4187 probavit,
1757 4119 1846 4186 qui
1876 4133 1934 4173 se
1953 4118 2020 4172 de
2043 4119 2184 4173 coelo

602 4214 978 4274 descendisse,
1007 4228 1114 4266 non
1143 4220 1202 4265 ut
1249 4227 1402 4266 suam
1435 4213 1549 4282 ipse
1581 4213 1914 4266 voluntatem
1959 4211 2181 4278 faceret,

600 4310 694 4364 sed
721 4309 838 4376 ejus
859 4348 873 4372 ,
896 4321 926 4360 a
970 4322 1080 4376 quo
1113 4307 1314 4360 missus
1367 4315 1531 4372 esset,
1557 4314 1864 4374 cmteraque
1921 4321 2042 4373 qua:
2094 4321 2184 4359 se-

599 4409 865 4470 quuntur,
885 4397 1174 4450 alIirmavit
1193 4396 1259 4448 ³⁸.
1285 4393 1675 4450 Percommode
1690 4397 1874 4466 igitur,
1895 4407 1956 4450 ut
1977 4398 2181 4464 decuit,

599 4505 789 4545 eorum
811 4489 1016 4542 sasvitia
1051 4495 1106 4540 et
1127 4486 1454 4541 crudelitate
1478 4487 1542 4540 ad
1574 4488 1758 4541 mundi
1785 4488 2016 4542 salutem
2050 4504 2184 4545 usus

598 4588 725 4644 est;
768 4595 977 4648 suoque
1031 4579 1190 4633 nobis
1236 4578 1486 4647 exemplo
1520 4577 1573 4630 in
1621 4580 2019 4634 tentationibus
2073 4597 2181 4635 non

2295 3381 2581 3443 ἀπίθανον,
2606 3380 2697 3433 τὸν
2730 3379 2856 3433 rm
2904 3382 3198 3450 ἀποτυχεῖν
3231 3381 3336 3450 τῆς
3366 3380 3532 3451 εὐχῆς
3565 3379 3830 3433 πεπλᾶσθαι

2288 3473 2390 3542 τὴν
2423 3471 2588 3542 εὐχὴν
2611 3481 2632 3509 ε
2662 3473 2780 3524 κατ’
2802 3461 3112 3536 οἶκονομίαν
3140 3471 3333 3538 φασὶν,
3357 3471 3481 3524 ἐπεὶ
3501 3472 3593 3524 καὶ
3615 3471 3708 3540 πρὸ
3729 3469 3829 3524 ταὺ-

2288 3581 2389 3634 της
2419 3564 2536 3635 ᾔδει
2573 3563 2648 3634 μὴ
2691 3562 2866 3626 ἄλλως
2894 3564 2986 3615 τὸν
3033 3563 3262 3616 Θάνατον
3293 3563 3826 3634 καταργηθησόμενον.

2292 3659 2342 3710 εἰ
2375 3657 2452 3728 μὴ
2479 3656 2545 3709 δι’
2575 3656 2634 3709 ὃν
2663 3657 2874 3726 ὑπέστη
2908 3655 3139 3726 σταυρόν
3181 3671 3240 3708 τε
3277 3658 3376 3709 καὶ
3423 3654 3730 3709 θάνατον.Ἠ
3755 3649 3828 3705 οὖν

2291 3751 2666 3821 παραίτησις,
2720 3749 2823 3817 τῆς
2880 3747 3146 3802 Ἰουδαίων
3208 3747 3527 3819 μιαιφονίας
3555 3747 3825 3818 κατηγορεῖ,

2289 3841 2588 3912 ἀϐούλητον
2637 3838 2785 3909 αὐτῷ
2832 3839 3086 3892 δεικνῦσα
3115 3839 3175 3891 τὸ
3221 3839 3397 3902 πάθος
3430 3838 3630 3892 διάτοιά
3656 3837 3826 3890 166.c-

2290 3933 2466 3998 κλεές.
2519 3933 2681 3986 Ἀλλὰ
2716 3934 2809 3984 καὶ
2831 3930 2974 3984 οὕτω
2998 3931 3188 3999 γέγονε
3212 3931 3440 4002 θελητὸν
3469 3934 3559 3984 ἐπὶ
3579 3931 3649 4002 τῷ
3669 3945 3826 3998 καταρ-

2289 4030 2457 4098 γῆσαι
2485 4026 2575 4078 τὸν
2604 4026 2852 4082 Θάνατον.
2881 4047 2899 4078 ί
2924 4026 3034 4080 Καὶ
3054 4026 3213 4080 τοῦτο
3230 4025 3386 4096 δηλοῖ
3410 4025 3488 4089 τὸ,
3509 4022 3827 4091 Καταδέὸηκι

2290 4119 2353 4171 ὲκ
2402 4117 2496 4172 τοῦ
2541 4118 2804 4190 οὐρανοῦ,
2840 4119 2936 4189 οὐχ
2975 4119 3060 4172 ἵνα
3093 4117 3235 4170 ποιῶ
3278 4117 3342 4170 τὸ
3389 4117 3595 4186 θέλημα
3622 4114 3678 4167 τὸ
3703 4114 3825 4182 ἐμὸν,

2289 4209 2425 4264 ἀλλὰ
2453 4209 2514 4262 τὸ
2541 4209 2669 4280 ϐέλη
2680 4228 2755 4280 μα
2770 4209 2864 4263 τοῦ
2892 4209 3210 4280 πέμψαντός
3235 4226 3326 4280 με,
3351 4227 3371 4260 ι
3399 4210 3492 4261 καὶ
3519 4207 3584 4260 τὰ
3600 4206 3729 4273 ἑξῆς.
3752 4201 3825 4263 Εἰς

2288 4303 2409 4357 δέον
2456 4298 2550 4356 οῦν
2597 4306 2661 4373 τῇ
2717 4303 2998 4374 μιαιφονίᾳ
3043 4306 3110 4374 τῇ
3160 4301 3386 4356 ἐκείνων
3433 4288 3688 4371 ἐχρήσατο
3717 4295 3824 4364 πρὸς

2291 4395 2565 4466 σωτηρίαν
2594 4395 2687 4449 τοῦ
2715 4396 2941 4466 κόσμου.
2973 4396 3078 4448 Καὶ
3102 4395 3273 4459 τύπος
3301 4395 3380 4458 δὲ,
3410 4395 3592 4463 φασὶν,
3617 4392 3733 4460 ἡμῖν
3753 4386 3822 4454 γέ·

2288 4505 2444 4557 γονεν
2494 4487 2569 4558 μὴ
2621 4487 2944 4540 ἀναπίπτειν
2989 4487 3048 4540 ὲν
3096 4487 3457 4558 πειρασμοῖς,
3484 4482 3614 4536 ἀλλὰ
3653 4478 3820 4533 δεῖσθαι

2289 4581 2447 4635 Θεοῦ.
2479 4581 2602 4644 Τοῖς
2651 4579 2744 4633 οὖν
2789 4578 3118 4648 προλαϐοῦσι
3153 4577 3519 4640 συνάπτοντες
3563 4574 3622 4627 τὸ
3673 4569 3816 4642 ῥητὸν,

599 4671 844 4723 animum
885 4669 1279 4738 abjiciendum.
1317 4669 1410 4724 sed
1451 4669 1705 4737 precibus
1738 4668 1903 4723 Deum
1939 4669 2174 4741 fatigan-

2289 4674 2423 4744 πρὸς
2464 4674 2592 4736 τοὺς
2637 4671 3048 4741 ἐξειλεγμένους
3084 4671 3334 4742 εἰρῆσθαί
3364 4685 3496 4739 φασι
3540 4667 3600 4719 τό
3624 4681 3639 4696 ·
3664 4657 3814 4730 Καιρῷ

597 4764 727 4818 dum
763 4777 884 4816 esse
932 4764 1142 4815 docuit.
1201 4761 1595 4831 Superioribus
1651 4763 1830 4831 itaque
1866 4764 2043 4816 locum
2083 4763 2183 4818 ad-

2289 4764 2469 4830 δεκτῷ
2514 4763 2831 4832 ἐπήκουσὰ
2873 4779 3012 4820 σου.
3045 4766 3400 4836 Προέγνωστο
3452 4761 3550 4832 μὲν
3597 4758 3696 4828 γὰρ
3737 4752 3810 4822 πρὸ

600 4861 907 4917 nectentes,
945 4854 1009 4905 ad
1045 4867 1160 4916 eos,
1188 4853 1281 4922 qui
1333 4854 1522 4907 selecti
1567 4864 1718 4915 sunt,
1772 4855 1897 4915 ista,
1928 4869 2050 4922 qua:
2093 4869 2179 4910 8e-

2289 4859 2587 4930 καταὸολῆς
2618 4860 2825 4929 κόσμου
2854 4859 2914 4910 τὸ
2948 4858 3186 4929 Χριστοῦ
3223 4858 3546 4928 μυστήριον,
3577 4845 3806 4918 ἐπέλαμψε

596 4955 862 5015 quuntur,
903 4943 970 4997 In
998 4955 1226 5012 tempore
1256 4958 1466 5014 accepto
1492 4946 1739 4998 exaudiui
1767 4956 1832 5010 te,
1851 4948 2177 5000 retulerunt.

597 5039 796 5094 Fuerat
829 5038 973 5091 enim
1009 5046 1137 5090 ante
1172 5037 1373 5090 mundi“
1392 5037 1858 5090 constructionem
1887 5038 2179 5106 praecogni-

595 5145 708 5187 tutn
738 5130 941 5186 ChriSti
975 5133 1319 5199 mysterium,
1351 5129 1446 5184 Sed
1478 5131 1544 5183 iis
1563 5130 1787 5182 emicuit
1813 5131 2170 5198 temporibus,

594 5222 797 5292 quibus
854 5221 1174 5291 praepotenti
1251 5220 1476 5288 placuit.
1527 5218 1714 5287 Itaque
1780 5219 2172 5274 incarnationis

593 5307 811 5385 tempus
852 5314 956 5368 diei
997 5315 1219 5368 nomine
1254 5312 1558 5382 significat;
1597 5322 1658 5364 ut
1713 5312 1873 5366 divus
1930 5309 2169 5366 Paulus:

601 5427 620 5460 ι
667 5407 803 5463 Ecce
831 5424 977 5463 nunc
1036 5415 1252 5478 tempus
1303 5406 1679 5474 acceptabile:
1737 5422 1863 5459 ecce
1919 5407 2035 5458 dies
2081 5422 2172 5460 Sa-

594 5498 724 5555 lutis
758 5502 824 5554 “.
868 5519 887 5552 ι
933 5501 998 5556 Et
1031 5497 1238 5554 David:
1296 5517 1315 5550 ι
1353 5498 1480 5552 Hac
1529 5497 1648 5568 ipsa
1680 5508 1763 5551 est
1813 5497 1950 5560 dies,
2006 5515 2172 5568 quam

667 5613 712 5644 “
740 5611 898 5667 Rom.
938 5627 1062 5680 vztl,
1111 5612 1203 5669 ‘29.
1278 5612 1321 5643 ³⁷
1351 5610 1542 5666 Matth.
1587 5628 1760 5675 xxvn,
1785 5612 1874 5666 46.
1952 5612 1996 5642 ³⁸
2025 5612 2187 5665 Matth

2298 5635 2406 5684 xvi,
2437 5619 2528 5676 59.

2279 4951 2337 5003 δὲ
2387 4951 2508 5005 καθ’
2536 4949 2630 5014 οὒς
2661 4951 2931 5021 ηὐδόκησε
2967 4952 3194 5021 καιροὺς
3233 4951 3261 5003 ὁ
3289 4949 3578 5016 δυνάστης.
3615 4944 3708 4996 Τὸν
3742 4935 3810 4990 οὖν

2277 5045 2379 5115 τῆς
2410 5044 2876 5116 ὲνανθρωπήσεως
2911 5043 3101 5113 καιρὸν
3129 5042 3357 5111 ἡμέραν
3390 5039 3562 5103 καλεῖ,
3591 5035 3720 5091 καθὰ
3742 5028 3811 5082 καὶ

2269 5140 2297 5190 6
2323 5139 2463 5202 Θεῖος
2485 5137 2808 5199 Ἀπόστολος
2834 5151 2847 5164 °
2893 5154 2912 5188 ι
2936 5135 3068 5188 Ἰδοὺ
3099 5134 3195 5188 νῦν
3223 5133 3414 5206 καιρὸς
3441 5128 3810 5200 εὐπρόσδεκτος.

2285 5229 2414 5282 Ἰδοὺ
2448 5231 2630 5300 ἡμέρα
2666 5229 2962 5299 σωτηρίας.
2993 5247 3010 5278 ι
3065 5227 3202 5298 [Ιερλ⁵
3237 5222 3304 5300 ἦς
3342 5242 3476 5296 φησι
3513 5223 3604 5275 καὶ
3643 5212 3808 5271 Δαὸίδ·

2278 5339 2296 5371 ⁸
2327 5319 2475 5389 Αὕτη
2508 5321 2542 5391 ἡ
2573 5319 2776 5390 ἡμέρα,
2808 5321 2873 5390 ἣν
2922 5318 3179 5388 ἐποίησεν
3209 5320 3238 5371 6
3267 5317 3487 5388 Κύριος.
3520 5333 3537 5365 ι
3580 5311 3692 5363 Ἐπὶ
3715 5302 3811 5357 τού·

2271 5428 2385 5474 τοις
2417 5411 2551 5482 φησί
2575 5429 2589 5441 ·
2635 5413 2743 5467 Καὶ
2777 5411 2969 5465 ἔδωκά
3000 5429 3074 5465 σε
3100 5415 3187 5479 εἰς
3216 5411 3509 5477 διαθήκην
3530 5403 3705 5461 ἐθνῶν
3726 5395 3809 5451 τοῦ

2271 5504 2648 5574 καταστῆσαι
2673 5505 2787 5573 τὴν
2817 5503 2955 5575 γῆν,
2977 5505 3428 5574 κληρονομῆσαι
3453 5492 3809 5569 κληρονομίας

2642 5620 2686 5652 ³⁹
2717 5618 2878 5675 Joan.
2914 5635 2990 5688 vr,
3021 5619 3113 5677 38.
3191 5620 3238 5652 "
3269 5620 3310 5674 ll
3335 5619 3460 5676 Cor.
3479 5613 3622 5684 ",2.

1845 5701 2077 5754 \"Altlgl‘".
2121 5701 2533 5765 LECTIUNES.

668 5799 694 5839 1)
725 5816 812 5867 ςτ,
855 5793 1013 5851 εἶναι.
1096 5809 1116 5836 ε
1281 5797 1380 5867 τὴν
1398 5795 1581 5867 εὐχήν,
1657 5795 1681 5836 ἆ
1831 5796 1897 5848 δι’
1933 5793 2120 5850 αὑτοῦ.
