3998 6390
123 449 253 517 9.ῑῖἷῖ

120 572 384 641 ἐρήμους·
421 569 454 637 ἢ
485 570 625 622 κατὰ
654 568 947 640 Σύμμαχον

119 664 205 717 καί
263 661 711 730 κληροδοτῆσιιι
778 660 1186 728 κληροδοσίας
1247 659 1687 729 ἠφανισμένης.

118 755 360 810 Τοιαῦται
387 755 444 807 δὲ
469 749 610 825 ἦσαν
636 755 693 807 αἱ
719 753 829 806 τῶν
855 751 1034 807 ἀθέων
1063 752 1233 821 ψυχαὶ
1252 791 1267 813 ,
1304 750 1503 822 ἔρημοι
1529 750 1689 816 Θεοῦ,

119 851 198 902 καὶ
245 845 462 916 ἀληθῶς
511 845 941 915 ἠφανισμέναι.
978 840 1158 897 Ἦσαν
1205 845 1262 897 δὲ
1317 844 1414 898 καὶ
1462 843 1691 911 σειραῖς

120 939 524 1011 ἁμαρτημάτων
569 935 923 1006 δεσμὼτιδες.
952 937 1062 988 Καί
1091 953 1220 988 ποτε
1269 937 1480 1000 σκότος,
1517 935 1611 989 νῦν
1635 936 1690 989 δὲ

118 1034 221 1102 φῶς
267 1034 325 1083 ὲν
361 1032 572 1102 Κυρίῳ.
605 1029 716 1100 Τὴν
766 1029 858 1082 οῦν
901 1029 1158 1096 τοιαύτην
1203 1030 1542 1094 κατέστησε
1573 1026 1692 1096 γῆν

118 1124 547 1196 τεῦορυϐημένην
577 1123 1032 1190 κακοῖς.“1·1γουν,
1066 1123 1274 1185 πάντας
1301 1122 1426 1184 τοὺς
1454 1121 1552 1174 ἐπὶ
1580 1119 1692 1188 γῆς

119 1221 199 1271 καὶ
251 1217 350 1286 τῆς
405 1215 764 1284 ἐπικειμένης
807 1213 1083 1284 ἀπήλλαξε
1115 1214 1301 1282 ζάλης.
1337 1212 1432 1266 καὶ
1463 1211 1694 1279 κλῆρον

119 1312 236 1363 ἴδιον
264 1310 580 1375 ἐποιήσατο,
618 1307 782 1375 μόνον
809 1305 947 1374 ἔχων
976 1307 1145 1359 πάλαι
1180 1306 1270 1357 τὸν
1304 1306 1693 1376 Ἰσραήλ.ἰὀὺς

119 1403 167 1454 δὲ
189 1399 429 1469 δεσμῶν
467 1398 565 1451 καί
603 1399 866 1462 σκότους
893 1397 1374 1468 ἡλευθερωμὲνους
1404 1396 1695 1464 εὐαγγελίη

122 1491 282 1554 Ceu...
316 1490 492 1556 λέγων
514 1504 528 1518 ο
549 1489 645 1540 Ἐν
667 1487 892 1553 πάσαις
920 1487 1049 1552 ταῖς
1084 1476 1243 1554 ὁδοῖς
1266 1486 1696 1553 ,βοσκηθήσον-

124 1599 225 1634 ται.
245 1579 404 1631 Ὀδοὶ
443 1579 499 1631 δὲ
532 1576 629 1630 καὶ
660 1578 866 1646 τρίϐοι,
896 1577 961 1640 ἃς
984 1577 1280 1630 διώδευσαν
1311 1579 1360 1630 οἱ
1389 1577 1556 1631 πάλαι
1578 1568 1696 1630 Θεο-

126 1672 307 1734 σεόεῖς,
343 1672 400 1722 αἱ
429 1671 569 1722 Οείαι
604 1670 816 1740 Γραφαί
847 1688 861 1702 ’
892 1669 1080 1738 ἤγουν,
1104 1669 1159 1722 αἱ
1187 1669 1297 1721 τῶν
1327 1669 1539 1740 ἀρετῶν
1574 1674 1698 1722 ἐπι-

123 1765 390 1835 τηδεύσεις
414 1763 605 1816 ἄϐατοι
632 1765 744 1824 τοῖς
766 1762 824 1826 ἐξ
840 1761 1011 1814 ἐθνῶν
1034 1761 1383 1831 ὑπάρχουσαι
1409 1761 1696 1832 πρότερον,

125 1862 172 1910 ἐν
202 1853 285 1914 αἷς
325 1857 644 1927 βοσκόμενοι
667 1855 865 1917 πάντες
897 1853 1127 1922 λογικῆς
1151 1855 1361 1925 τροφῆς
1389 1855 1686 1908 ἀπολαῦουη

1206 440 1740 512 (ἸΟΜΜΕΝΤΑΒῘΙ
1785 452 1863 511 ΙΝ
1903 447 2190 513 ISAIAM.

1033 565 1352 635 Ἀνεγεῒραι
1387 567 1502 633 τὴν
1539 567 1677 636 γῆν,

1807 568 1919 622 'ecit
1954 567 2220 622 Dominus
2250 567 2317 619 “.
2357 584 2377 617 ι
2421 565 2586 620 Addit
2610 573 2834 636 postea;
2878 559 2943 616 Et
2969 560 3090 616 dedi
3119 570 3167 614 te
3213 561 3266 614 in
3292 577 3369 614 ie-

3223 448 3368 509 2114

1801 671 2119 713 stamentum
2148 659 2404 728 gentium,
2427 668 2483 711 ut
2516 659 2858 712 constitueres
2877 665 3101 716 terram,
3119 662 3168 708 et
3193 653 3370 722 possi-

1794 753 1943 807 deres
1971 753 2307 806 haereditates
2346 750 2626 816 desertas;
2655 760 2749 804 aut
2775 749 3082 805 secundum
3125 747 3375 819 Symma-

1795 846 1958 898 chum
1994 885 2008 909 ,
2045 843 2114 898 Ut
2137 846 2426 899 suscitares
2456 852 2740 907 terram,et
2762 843 3019 897 dividens
3039 841 3375 895 hmrsditates

1795 947 1994 991 vastas.
2046 937 2248 1003 Quales
2289 948 2446 993 erant
2485 939 2618 1008 ipsa:
2658 937 2944 991 atheorum
2989 937 3207 999 animae,
3266 934 3377 988 Deo

1795 1030 2021 1099 privatae
2053 1031 2286 1092 scilicet,
2317 1038 2371 1085 et
2392 1041 2616 1084 vastata:
2642 1046 2852 1086 revera.
2883 1030 3051 1083 Erant
3077 1037 3130 1083 et
3184 1044 3378 1098 pecca-

1797 1130 1978 1174 torum
1999 1121 2218 1176 vinculis
2237 1123 2568 1177 constrictae.
2587 1120 2757 1175 Erant
2791 1139 2986 1177 rursus
3013 1131 3069 1178 et
3095 1123 3338 1178 tenebrae
3364 1141 3376 1183 ;

1798 1228 1946 1266 nunc
1977 1223 2156 1266 autem
2196 1213 2287 1266 lux
2325 1214 2376 1266 in
2414 1212 2663 1267 Domino.
2697 1210 2882 1267 Talem
2921 1215 3088 1281 igitur
3125 1230 3236 1268 esse
3272 1223 3378 1267 ter-

1799 1321 1940 1368 ram,
1993 1319 2118 1358 cum
2165 1304 2324 1358 malis
2369 1305 2523 1375 prius
2571 1304 2897 1372 agitaretur,
2926 1305 3132 1358 voluit:
3189 1305 3239 1358 id
3274 1316 3380 1364 est,

1799 1410 1993 1449 omnes
2025 1396 2078 1448 in
2113 1401 2254 1448 terra
2284 1395 2545 1466 degentes
2603 1395 2920 1450 imminente
2955 1404 3280 1464 tempestate
3313 1395 3382 1448 li-

1803 1487 2034 1548 beravit,
2069 1487 2283 1556 sibique
2313 1486 2450 1558 ipsis
2480 1487 2534 1540 in
2563 1487 2995 1555 peculium,cum
3030 1487 3159 1540 olim
3198 1485 3379 1542 Israe—

1803 1579 1906 1632 lem
1946 1587 2154 1633 tantum
2181 1579 2428 1642 haberet,
2457 1578 2657 1634 eﬂ‘ecit.
2687 1576 2779 1632 Eis
2796 1579 3014 1641 deinde,
3033 1579 3127 1648 qui
3157 1579 3380 1632 vinculis

1800 1681 1849 1725 et
1880 1673 2102 1726 tenebris
2138 1672 2352 1726 liberati
2381 1680 2532 1735 sunt,
2571 1671 2751 1726 fausta
2775 1673 3101 1735 annuntiat;
3139 1685 3263 1725 cum
3288 1688 3382 1726 eos

1803 1766 1856 1816 in
1885 1764 2128 1818 omnibus
2160 1765 2258 1818 viis
2294 1763 2456 1833 559
2483 1774 2728 1830 pasturos
2761 1780 2873 1818 esse
2901 1764 3196 1832 signiﬁcat.
3242 1761 3385 1817 Sunt.

1805 1863 1987 1908 autem
2014 1857 2111 1910 via'
2134 1863 2183 1909 et
2213 1857 2436 1918 semine,
2468 1871 2605 1924 quas
2636 1855 2712 1924 pii
2740 1863 2926 1925 patres
2945 1856 3074 1910 olim
3098 1863 3381 1925 pertrans-

128 1967 228 2013 σιν,
263 1949 334 2020 ἣν
368 1949 461 2001 καὶ
487 1947 776 2017 νεμόμενοί
813 1962 977 2016 φασιο
1023 1945 1228 2016 Κύριος
1250 1987 1253 1990 .
1275 1947 1553 2016 ποιμαίνει
1604 1963 1692 2016 με,

1807 1948 2004 2012 ierunt,
2054 1948 2184 2018 ipsae
2216 1961 2390 2001 sacrae
2421 1947 2718 2016 Scriptura:
2763 1963 2778 2000 :
2815 1945 2869 2000 id
2899 1955 3003 2010 est,
3060 1946 3177 2016 ipsa
3206 1945 3384 1999 virtu-

126 2043 208 2094 καὶ
255 2041 409 2093 οὐδέν
457 2057 522 2111 με
573 2039 885 2110 ὑστερήσει,
919 2039 1011 2091 καὶ
1053 2040 1122 2090 τὰ
1173 2039 1383 2101 τούτοις
1427 2039 1691 2106 ἑπόμενα.

128 2132 237 2195 "Et;
277 2127 374 2184 οὖν
427 2129 574 2203 [οὐκ]
624 2131 990 2200 ὑπομένουσιν
1033 2129 1114 2184 ἔτι
1163 2129 1344 2201 ψυχῆς
1374 2129 1607 2195 πεῖναν,
1653 2129 1693 2198 ἢ

124 2225 319 2292 δίψαν,
344 2222 410 2285 ἃς
428 2219 572 2292 εἶχον
603 2223 768 2276 πάλαι
789 2222 866 2292 μὴ
895 2221 1068 2292 νόμῳ,
1097 2221 1170 2293 μὴ
1200 2226 1510 2292 προφήταις
1538 2223 1696 2275 παιδ-

127 2317 523 2385 σγοιγοὺμενοις
555 2312 898 2368 Μεταϐαλὼν
930 2313 988 2366 δέ
1035 2331 1120 2377 τις
1167 2316 1311 2366 κατὰ
1356 2314 1611 2384 Χριστὸν,
1639 2317 1696 2367 ἐν

125 2407 372 2478 εὑτροςείᾳ
407 2407 619 2474 γίνεται
661 2408 850 2476 νοητῇ,
895 2405 1146 2472 λέγοντος
1182 2395 1440 2459 Ἦιωιϊουο
1478 2424 1496 2456 ι
1525 2406 1696 2469 Αὐτὸς

125 2501 325 2567 οἰκήσει
356 2501 412 2551 ὲν
443 2497 632 2568 ὑψηλῷ
660 2497 910 2568 σπηλαίῳ
933 2497 1138 2566 πέτρας
1197 2498 1444 2568 ἰσχυρᾶς.
1500 2498 1698 2568 Ἀρτος

128 2590 261 2662 αὖτῷ
283 2591 596 2660 δοθήσεται,
614 2589 708 2643 καὶ
724 2589 784 2642 τὸ
808 2588 954 2659 ὕδωρ
973 2588 1134 2641 αὑτοῦ
1162 2590 1351 2643 πιστόν
1372 2630 1384 2643 .
1398 2608 1414 2640 ι
1436 2589 1578 2643 Ἀλλ’
1603 2589 1698 2642 οὗά

215 2686 244 2734 ὁ
291 2683 538 2752 φλογμὸς
571 2682 664 2734 τοῦ
697 2681 814 2752 βίον
858 2676 1112 2744 nardi-Jac
1147 2682 1368 2745 αὐτοὺς,
1403 2682 1698 2753 λεγόμενος

130 2776 360 2828 καύσων
386 2775 482 2827 καὶ
513 2773 708 2841 ἣλιος.
742 2773 940 2841 Γέγονε
973 2774 1081 2845 γὰρ
1118 2775 1304 2838 αὐτοῖς
1333 2776 1645 2845 σκεπαστὴς
1671 2776 1699 2828 ὁ

129 2868 350 2935 Χριστὸς
391 2869 422 2919 ὁ
453 2868 542 2917 καὶ
572 2866 740 2918 πάλαι
771 2866 970 2938 νεφέλῃ
1014 2867 1296 2930 σκεπάσας
1329 2868 1420 2919 τὸν
1459 2868 1697 2938 Ἰσραήλ.

131 2958 416 3028 Σὺμφωνον
440 2957 615 3027 τούτῳ
632 2957 690 3009 τὸ
716 2957 812 3010 τοῦ
842 2957 1168 3010 Ἀποστόλου
1199 2959 1361 3028 ῥητόν
1380 2973 1394 2988 °
1426 2977 1445 3008 ‹
1466 2959 1699 3021 Δυνατος

131 3051 174 3102 δὲ
204 3053 230 3103 ὁ
264 3050 402 3111 Θεδς
457 3049 516 3112 ὃς
557 3050 657 3100 οὐκ
704 3049 860 3101 ὲάσει
905 3049 1050 3118 ὑμᾶς
1089 3049 1453 3120 πειρασθῆναι
1498 3050 1638 3120 ὑπὲρ
1673 3049 1702 3101 ὃ

137 3143 366 3194 δύνασθε.
401 3161 420 3192 ι
458 3141 566 3194 Καὶ
594 3140 733 3212 αὕτη
762 3141 868 3196 τοῦ
899 3141 1219 3208 ἐλεοῦντος
1247 3143 1394 3212 ἡμᾶς
1436 3142 1475 3209 ἠ
1509 3141 1700 3210 παρά-

136 3237 360 3302 πίλησις.

1806 2050 1918 2092 tum
1939 2039 2120 2093 studia
2143 2039 2401 2110 gentibus
2421 2039 2550 2092 olim
2579 2039 2943 2104 inaccessa,in
2961 2039 3163 2109 quibus
3192 2053 3384 2092 omnes

1804 2130 2024 2185 educati
2052 2130 2203 2185 verbi
2227 2130 2354 2185 cibo
2383 2129 2783 2200 perfruuntur;
2815 2145 2926 2199 quo
2945 2130 3038 2202 qui
3059 2137 3387 2192 vescuntur,

1804 2237 1834 2276 a
1869 2219 2100 2276 Domino
2128 2237 2188 2278 se
2227 2223 2400 2292 pasci,
2444 2238 2545 2278 nec
2578 2223 2684 2278 sibi
2713 2222 3013 2294 quidquam
3044 2221 3383 2284 defuturum,

1804 2323 2114 2384 ceteraque
2143 2329 2267 2384 qua:
2306 2322 2639 2385 sequuntur,
2674 2315 3023 2386 proﬁtentur.
3061 2315 3162 2382 Qui
3218 2315 3388 2384 igitur

1803 2421 1925 2461 eam
1950 2407 2144 2462 animae
2167 2407 2416 2472 esuriem,
2447 2418 2539 2461 aut
2565 2408 2733 2473 sitim,
2757 2408 2937 2463 adhuc
2955 2423 3064 2462 non
3085 2408 3386 2478 patiantur.

1805 2515 1913 2570 qua
1932 2500 1968 2554 ii
1983 2501 2260 2570 quondam
2281 2500 2451 2571 qui'se
2467 2516 2568 2555 nec
2591 2501 2691 2572 legi
2709 2516 2807 2556 nec
2827 2501 3108 2571 prophetis
3129 2501 3388 2570 permise-

1805 2591 2386 2662 runt,torquebantur?
2404 2593 2473 2646 At
2492 2593 2745 2663 quisquis
2771 2593 2836 2648 ad
2862 2591 3143 2649 Christum
3168 2593 3384 2649 transit.

1811 2683 1984 2736 multo
2017 2694 2188 2746 certe,
2221 2699 2398 2754 eoque
2426 2684 2778 2756 intelligibili,
2811 2685 2934 2740 cibo
2956 2684 3217 2747 abundat,
3248 2683 3387 2738 Isaia

1808 2781 1968 2837 teste,
2021 2789 2148 2829 cum
2198 2775 2309 2828 ait:
2371 2794 2390 2828 ι
2425 2775 2548 2845 Ipse
2596 2776 2865 2830 habitabit
2899 2777 2954 2830 in
2995 2777 3208 2832 excelsa
3257 2791 3382 2846 spe-

1809 2866 1970 2919 lunca
2002 2865 2240 2936 praeduri
2277 2866 2498 2938 lapidis.
2533 2866 2698 2923 Panis
2734 2868 2837 2936 ipsi
2889 2867 3130 2930 dabitur,
3157 2876 3212 2922 et
3241 2884 3384 2938 aqua

1806 2957 1926 3028 ejus
1975 2959 2153 3016 tldelis
2205 2959 2270 3016 ".
2315 2981 2334 3012 ι
2391 2959 2504 3016 lmo
2550 2975 2619 3016 ne
2659 2962 2786 3016 vita:
2830 2961 3047 3032 quidem
3086 2959 3341 3014 incendio
3369 2998 3388 3022 ,

1807 3052 1952 3122 quod
1972 3061 2134 3107 aestus
2156 3062 2205 3107 et
2230 3053 2360 3108 satis
2379 3053 2600 3108 nomine
2616 3050 2976 3122 signiﬁcatur,
2999 3053 3384 3115 percutientur;

1808 3145 1901 3214 qui
1931 3145 2236 3211 Christum,
2269 3161 2381 3217 quo
2415 3147 2613 3201 nebula
2641 3145 2804 3201 etiam
2835 3146 2966 3201 olim
2997 3157 3278 3216 protectus
3305 3154 3382 3199 est

1809 3233 2000 3298 lsrael,
2035 3235 2383 3292 defensorem
2413 3237 2674 3291 habeant.
2711 3235 2851 3290 iluic
2881 3245 3062 3291 autem
3111 3237 3389 3291 consentit

131 3340 175 3380 et
213 3327 464 3394 Apostoli
511 3327 685 3387 locus.
715 3326 807 3380 ubi
834 3325 939 3379 ait:
997 3343 1014 3376 ι
1047 3323 1246 3378 Potens
1277 3331 1362 3378 est
1407 3323 1574 3391 Deus,
1606 3327 1700 3396 qui
1746 3343 1857 3382 non
1889 3332 2034 3388 sinet
2057 3348 2153 3388 vos
2216 3331 2414 3387 tentari
2460 3347 2624 3401 supra
2673 3330 2730 3386 Id
2806 3332 2953 3402 quod
3001 3333 3229 3401 potestis
3258 3333 3326 3385 “.
3361 3347 3383 3383 ι

134 3421 187 3474 Et
217 3421 336 3474 hac
370 3421 488 3488 ipsa
518 3427 602 3471 est
637 3418 806 3471 nostri
841 3419 1222 3471 mis-crescentis
1245 3419 1556 3472 consolatio.

194 3515 303 3570 Kal
350 3513 450 3566 διὰ
505 3511 732 3582 πηγῶν,
764 3513 948 3583 φησὶν,
1000 3512 1237 3568 ὑδάτων
1279 3513 1410 3576 ἄξει
1460 3515 1702 3579 αὐτούς.

1881 3514 2146 3586 Sequitur
2171 3513 2370 3570 deinde
2393 3522 2444 3569 et
2467 3528 2561 3581 per
2590 3512 2762 3582 fontes
2797 3530 3060 3583 aquarum
3098 3514 3250 3568 ducet
3271 3495 3384 3569 eos.

132 3610 325 3662 Πολλαὶ
349 3609 408 3661 δὲ
433 3607 614 3672 πηγαὶ
642 3605 859 3676 Ἰσραὴλ
878 3649 893 3669 ,
930 3606 1026 3658 καὶ
1082 3606 1266 3675 πηγαὶ
1325 3609 1618 3678 σωτηρίου.
1649 3610 1704 3661 αἱ

133 3702 222 3770 μὲν
243 3702 342 3768 τῆς
380 3699 618 3761 Παλαιᾶς
646 3697 939 3768 Διαθήκης,
969 3699 1026 3749 αἱ
1060 3697 1116 3750 δὲ
1157 3697 1256 3766 τῆς
1283 3700 1510 3768 Καινῆς.
1538 3701 1708 3753 Οὐδὲν

57 3861 64 3874 1
131 3797 180 3846 οὲ
233 3794 502 3847 δύσϐατον
559 3795 742 3855 αὐτοῖς
798 3793 942 3862 τὴνθ
1017 3795 1286 3863 σωτήριον
1332 3795 1706 3867 ὁδοιποροῦσιν

134 3887 291 3940 ὀδόν.
327 3888 474 3954 Ἔφη
525 3888 631 3954 γὰρ
657 3887 684 3936 ὁ
716 3887 1003 3954 προφήτης
1045 3887 1140 3937 καὶ
1200 3887 1469 3958 πρότερον
1493 3904 1507 3919 ·
1553 3907 1570 3939 ι
1597 3890 1709 3942 Καὶ

137 3981 269 4031 πᾶσα
300 3979 520 4048 φάραγξ
551 3977 986 4046 πληρωθήσεται,
1006 3997 1024 4029 ιι
1054 3979 1148 4030 καὶ
1167 3978 1236 4031 τὰ
1258 3981 1350 4032 ἐπὶ
1373 3979 1568 4049 τούτῳ.
1598 3981 1709 4033 Καὶ

138 4070 289 4121 πάλιν
362 4086 382 4118 ι
424 4069 570 4128 ὐδὺς
618 4066 833 4120 ἀσεϐῶν
885 4067 1077 4120 εὐθεῖα
1137 4069 1378 4136 ἐγένετο.
1419 4089 1437 4121 ι
1500 4071 1706 4138 Ἠγουν

129 4157 483 4228 ὁμαλίζεσῡαι
508 4158 575 4210 τὰ
605 4157 794 4210 σκολιὰ
826 4160 919 4210 καὶ
951 4157 1218 4228 ἀνώμαλά
1243 4176 1378 4228 φησι
1406 4160 1516 4215 τῶν
1534 4160 1706 4232 ¹ηθῶν.

133 4249 260 4302 Εἶτα
289 4252 416 4312 τοὺς
450 4249 820 4318 κεκλημένους
845 4250 1183 4319 πανταχόθεν
1208 4251 1382 4318 ἥξειν
1411 4253 1510 4321 τῆς
1530 4254 1709 4305 οἰκου-

132 4341 302 4408 μένης
326 4339 484 4405 φησὶ,
542 4337 650 4389 τῶν
684 4337 967 4408 τεσσάρων
994 4338 1276 4406 κλιμάτων
1318 4337 1598 4407 μνησθείς.
1634 4337 1709 4390 Τδ

130 4430 235 4497 γὰρ
269 4429 594 4495 πόρῤωθεν,
617 4427 679 4478 τὸ
704 4427 911 4479 νότειον
969 4427 1122 4494 δηλοῖ
1152 4429 1262 4479 τῶν
1318 4427 1710 4499 μεημόρινῶν

131 4521 311 4573 τόπων
342 4523 475 4587 ἡμῖν
494 4519 900 4588 ἀκατάληπτον.
931 4519 995 4571 Ἦ
1011 4520 1066 4571 δὲ
1106 4519 1390 4573 θάλασσα
1415 4519 1514 4588 τὴν
1545 4522 1709 4573 ἑσπέ-

133 4632 227 4682 ραν
288 4613 460 4682 δηλοῖ,
508 4610 842 4680 δυτικωτέρα
895 4612 991 4681 τῆς
1049 4612 1305 4676 Ἰουδαίας
1367 4613 1706 4687 ὑπάρχουσα.

133 4687 455 4774 Ὠστιεροῦν
482 4704 581 4772 τὴν
607 4704 871 4772 ἀνατολὴν
904 4702 941 4769 ἡ
982 4701 1232 4768 Περσῶν
1280 4705 1579 4774 παρίστησι

140 4792 302 4858 Δηλοί
337 4789 394 4841 δὲ
425 4790 588 4859 τάχα,
620 4790 774 4859 φασὶ,
810 4793 935 4854 τοὺς
983 4794 1471 4863 προσκυνήσαντας
1494 4798 1724 4865 Μάγους

1812 3608 1954 3663 Sunt
1998 3622 2128 3662 vero
2165 3605 2406 3669 lsraelis,
2455 3615 2619 3675 atque
2649 3605 2787 3659 adeo
2841 3605 3038 3662 salutis
3067 3606 3238 3676 {antes
3265 3623 3388 3677 per-

1808 3702 2000 3757 multi:
2031 3701 2120 3755 alii
2152 3699 2375 3770 quidem
2415 3696 2659 3763 Veteris,
2695 3697 2786 3752 alii
2826 3707 3010 3752 autem
3041 3699 3387 3753 Recentioris

1809 3793 2169 3849 Testamenti.
2186 3792 2294 3846 Sed
2308 3791 2444 3845 nihil
2464 3790 2531 3845 iis
2549 3798 2758 3860 poterat
2776 3789 3018 3861 praebere
3030 3789 3386 3852 diﬁicultatis,

1808 3885 1902 3956 qui
1939 3886 2077 3939 viam
2116 3885 2311 3938 salutis
2355 3882 2751 3937 ambulassent.
2804 3881 3028 3936 Dixerat
3075 3883 3221 3938 enim
3262 3897 3388 3950 pro-

1812 3979 1972 4049 pheta
2031 3978 2195 4034 etiam
2255 3985 2417 4031 antea
2469 3994 2484 4030 ε
2534 3993 2553 4027 ι
2588 3975 2652 4029 Et
2702 3971 2885 4031 omnis
2916 3973 3080 4029 vallis
3134 3973 3389 4043 implebi-

1813 4084 1899 4125 tur
1930 4071 1996 4134 “,
2032 4091 2052 4123 ο
2091 4072 2306 4141 aliaque
2356 4083 2479 4140 qua:
2509 4079 2836 4138 sequuntur.
2890 4066 3134 4137 Itemque
3175 4085 3190 4121 :
3237 4084 3256 4117 ι
3286 4063 3390 4119 Via

1812 4162 2104 4228 impiorum
2154 4172 2303 4216 recta
2337 4160 2483 4215 iacta
2530 4167 2617 4216 est
2646 4159 2714 4214 “.
2753 4177 2772 4210 ι
2831 4158 3123 4222 Nimirum,
3175 4165 3234 4210 ut
3268 4174 3391 4226 quae

1810 4255 2032 4325 obliqua
2062 4260 2117 4307 et
2157 4252 2440 4307 salebrosa
2499 4249 2720 4305 fuerant
2745 4250 2802 4303 in
2843 4248 3113 4311 moribus,
3155 4256 3304 4301 recta
3336 4259 3391 4301 et

1812 4346 1972 4414 plana
2059 4344 2177 4399 fore
2265 4343 2628 4414 signiﬁcaret.
2711 4339 2948 4395 Vocatus
3031 4338 3231 4394 deinde
3319 4339 3391 4393 ab

1810 4435 1959 4489 οηιηί
2029 4442 2188 4489 terra:
2257 4433 2571 4487 habitabilis
2624 4439 2796 4500 parte,
2875 4428 3036 4498 cujus
3100 4428 3386 4498 plagarum

1810 4536 2048 4597 quatuor
2091 4525 2355 4590 meminit,
2408 4533 2655 4578 venturos
2694 4537 2806 4576 esse
2837 4520 3199 4574 demonstrat.
3230 4515 3388 4581 Quod

1810 4618 1955 4670 enim
2012 4623 2075 4671 de
2112 4621 2263 4686 longe
2312 4616 2470 4678 dixit,
2527 4615 2798 4669 ausuales
2836 4610 3083 4665 meridiei
3135 4611 3390 4679 regiones

1813 4709 1974 4762 nobis
2006 4709 2315 4777 incognitas
2335 4705 2702 4776 signiﬁcavit:
2735 4713 2793 4757 ut
2821 4717 2916 4772 per
2940 4717 3084 4754 mare
3105 4701 3388 4766 occiduas;

1812 4801 1956 4869 quod
2001 4797 2184 4852 Judaza
2225 4799 2392 4868 magis
2417 4799 2485 4852 ad
2512 4813 2771 4852 occasum
2805 4797 3012 4866 vergit:
3051 4811 3148 4864 per
3193 4805 3391 4849 terram

140 4882 312 4946 αὐτῷ.
341 4880 516 4934 Τοῦτο
545 4882 654 4951 γὰρ
686 4881 904 4951 δηλοῦν,
937 4884 1132 4946 καὶτὸ,
1175 4903 1192 4935 ι
1232 4886 1524 4956 Δοθήσεται
1570 4888 1702 4958 αὑτᾷ

1815 4901 1994 4944 autem
2019 4889 2307 4944 Persarum
2339 4888 2620 4944 Orientem
2679 4889 2881 4958 ipsum.
2913 4887 3171 4942 Forsitan
3225 4890 3388 4941 etiam

140 4976 203 5024 ἐκ
231 4974 328 5025 τοῦ
359 4976 588 5042 χρυσίου
633 4975 732 5044 τῆς
790 4975 1072 5046 Ἀραϐίας.
1117 4996 1136 5028 ι
1171 4975 1284 5028 Νῦν
1321 4978 1428 5048 γὰρ
1463 4979 1724 5048 Ἀραϐίαν

137 5066 237 5134 τὴν
267 5064 517 5132 Περσῶν
537 5065 721 5135 χώραν
750 5065 1134 5135 σημαίνεσθαι.
1177 5064 1310 5120 Εἶτα
1344 5070 1481 5140 πρὸς
1527 5069 1724 5142 ἑορτὴν

136 5157 241 5224 τὴν
271 5155 452 5208 κτίσιν
477 5157 572 5208 ἐπὶ
599 5158 711 5218 τοῖς
739 5157 1105 5225 σεσωσμένοις
1151 5160 1309 5212 καλεῖ
1328 5176 1342 5190 ο
1383 5159 1453 5212 δι’
1486 5160 1720 5231 οὐρανοῦ

140 5249 263 5317 μὲν.
302 5248 402 5310 τὰς
448 5249 568 5301 ἐκεῖ
602 5249 881 5318 δυνάμεις,
931 5249 986 5302 αἶ
1034 5252 1128 5302 καὶ
1184 5253 1270 5318 ἐφ’
1300 5253 1383 5306 ἑνὶ
1435 5253 1722 5324 χαίρουσιν

137 5340 454 5411 ἁμαρτωλῷ
503 5341 872 5410 μετανοοῦντι.
923 5344 1024 5396 Διὰ
1064 5342 1174 5412 γῆς
1205 5343 1279 5407 δὲ,
1315 5346 1440 5408 τοὺς
1501 5347 1726 5418 ὅσοιπερ

139 5437 197 5484 ἐν
227 5435 366 5501 αὐτῇ
397 5435 494 5487 καὶ
525 5434 891 5498 προσεδόκων,
927 5437 1146 5502 καὶτῆς
1175 5435 1500 5503 θεοφανείας
1525 5438 1724 5503 ἠξίων-

135 5531 248 5567 ται.
276 5513 434 5567 υῦτω
460 5515 553 5567 καὶ
581 5515 804 5585 Συμεὼν
831 5521 1302 5590 εὐφραινόμενος
1327 5523 1534 5592 ἔλεγεν⁸
1565 5527 1710 5580 «Νῦν

211 5626 252 5653 ⁵·
279 5625 423 5679 Psal.
461 5642 640 5692 cxvu,
686 5628 774 5682 2i.
881 5632 926 5663 “
953 5633 1053 5686 lsa.
1079 5649 1268 5694 χχχιιι.
1319 5637 1398 5692 16.

139 5694 185 5723 ⁸⁸
239 5694 383 5751 i’sal.
440 5711 590 5764 Lxxi,
652 5699 740 5752 15.
815 5703 858 5732 ’⁸⁷
900 5701 1037 5757 Luc.
1089 5721 1179 5768 xv,
1239 5707 1293 5760 9.

1504 5639 1548 5671 ”
1580 5641 1595 5694 l
1633 5641 1762 5696 Cor.
1802 5661 1852 5712 x,
1895 5647 1983 5702 15.

1816 4989 1871 5034 et
1889 4980 2099 5048 Magos,
2132 4981 2305 5046 aiunt,
2338 4996 2366 5032 a
2395 4982 2594 5050 quibus
2629 4988 2714 5034 est
2757 4980 2874 5048 ipse
2905 4979 3190 5033 adoratus.
3235 4978 3388 5032 istud

1815 5073 1962 5128 enim
2010 5073 2092 5128 vel
2138 5073 2360 5128 Davidis
2413 5072 2576 5128 verba
2625 5089 2642 5126 :
2689 5091 2708 5123 ι
2745 5071 2973 5125 Dabitur
3018 5070 3066 5124 ei
3127 5069 3193 5122 de
3253 5082 3391 5121 auro

1814 5165 2029 5219 Arabia:
2057 5164 2123 5229 “,
2163 5183 2182 5215 ι
2227 5163 2642 5229 conﬁrmarint;
2676 5177 2799 5216 cum
2824 5175 2920 5232 per
2942 5159 3197 5214 Arabiam
3231 5156 3392 5211 hodie

1817 5254 2106 5309 Persarum
2152 5258 2430 5326 regionem
2500 5254 2802 5326 signiﬁcari
2853 5251 3044 5307 velint.
3095 5249 3393 5321 Creaturas

1819 5363 2018 5403 rursus
2067 5348 2132 5402 ad
2186 5349 2330 5403 diem
2397 5346 2618 5412 festum,
2664 5355 2886 5416 propter
2941 5342 3104 5413 560
3151 5342 3392 5395 salvatus

1819 5437 2042 5494 invitat:
2087 5436 2240 5493 Ccelo
2264 5439 2506 5508 quidem,
2540 5437 2800 5507 degentes
2831 5435 2884 5488 in
2925 5449 2991 5489 eo
3023 5436 3252 5487 virtutes
3282 5448 3393 5484 nun

1817 5531 2176 5602 resipiscente
2227 5543 2517 5603 peccatore
2562 5530 2733 5584 laetari
2790 5527 2982 5582 solitas
3023 5527 3271 5580 indicans
3305 5523 3390 5584 ⁸⁵⁷,

2089 5648 2136 5680 ’⁸⁵
2163 5649 2268 5704 lsa.
2305 5665 2394 5716 XL,
2455 5649 2511 5704 4.
2612 5648 2656 5679 ⁸⁸
2693 5645 2796 5701 lsa.
2829 5659 2992 5709 xxxv,
3023 5641 3056 5695 8
3081 5657 3192 5696 sec.
3223 5636 3386 5692 LXX.

1427 5804 1656 5861 VARle
1696 5806 2096 5863 LECTIONES.

209 5893 232 5920 °
307 5899 399 5939 γρ.
430 5878 519 5939 ἦν.

320 5901 344 5950 τ
385 5925 399 5939 .
430 5901 519 5938 τν.

339 5901 378 5949 ρ
453 5921 467 5956 ι
504 5977 774 6037 ΡΑτιιοι..
809 5979 923 6037 Gn.
971 5977 1347 6042 LXXXVII.-

2956 5994 3035 6053 78
