3998 6390
624 347 762 416 9475

1967 353 2324 416 PROCOPlI
2341 357 2609 418 'GAZrEI

3719 375 3831 443 9.276

622 463 792 517 Terra
845 469 1049 525 autem,
1083 460 1336 515 eumdem
1402 460 1476 514 ibi
1513 471 1897 532 exspectantes
1929 501 1946 526 ,
2005 462 2183 534 Deiqu

2311 466 2575 532 ἀπολύεις
2623 469 2716 522 τὸν
2769 469 2954 524 δοῦλόν
3017 489 3135 535 σου,
3173 476 3433 540 Δέσποτα,
3460 496 3479 529 ι
3514 480 3602 533 καὶ
3625 483 3686 536 τὰ
3713 487 3828 557 ἑξῆς,

621 557 860 610 adventu
926 571 1032 608 non
1063 552 1342 621 indignos.
1383 549 1476 606 Sic
1522 563 1576 608 et
1633 550 1858 608 Simeon
1894 556 1986 610 ille
2017 556 2211 610 lwtitia

609 649 876 716 gestiens:
920 665 938 696 ι
974 645 1129 698 Nunc
1190 644 1443 707 dimittis,
1476 641 1723 711 Domine,
1755 647 1957 712 aiebat,
1988 663 2208 702 servum

613 751 770 796 tuum
805 739 857 792 in
890 752 1023 807 pace
1053 735 1132 801 Ι’¹¹;
1170 755 1188 788 ι
1238 746 1292 790 et
1322 753 1442 806 quae
1470 737 1760 809 deinceps.
1792 741 1862 792 At
1915 741 2206 808 propheta,

614 835 1139 901 aitmt,przcgustata
1171 828 1371 882 futura:
1400 829 1650 884 omnium
1682 831 1882 886 salutis
1903 832 2204 902 voluptate,

612 933 815 979 cuncta
848 936 1058 982 secum,
1087 922 1200 977 sive
1231 933 1439 988 mente,
1473 924 1591 978 sive
1613 939 1780 978 sensu
1807 926 2202 994 percipiantur.

610 1019 680 1072 ad
714 1017 962 1071 lic-titiam
997 1015 1343 1069 adhortatur.
1381 1014 1435 1068 Si
1467 1016 1613 1070 enim
1647 1015 1846 1070 damna
1879 1028 2066 1072 nostra
2120 1020 2205 1072 lu-

610 1126 738 1176 gere
786 1125 872 1163 res
921 1117 1136 1162 creatas
1191 1116 1442 1171 constat;
1507 1116 1591 1162 est
1646 1116 1702 1162 et
1765 1107 1944 1164 salute
2012 1119 2204 1164 nostra

586 1205 787 1259 ~-la:tari
836 1211 1294 1257 consentaneum.
1358 1201 1624 1272 lntclligit
1687 1213 1870 1257 autem
1943 1204 2202 1256 montium

608 1297 779 1352 verbo
827 1295 915 1349 vel
969 1302 1188 1349 evectas
1222 1309 1443 1348 sursum
1502 1296 1735 1349 virtutes
1767 1295 1997 1350 rationis
2031 1297 2203 1366 parti-

609 1392 796 1460 cipes;
828 1387 912 1442 vel
949 1388 1098 1458 ipsos
1131 1385 1552 1457 Evangeliorum
1593 1404 1904 1458 praecones;
1942 1391 2036 1459 qui
2075 1405 2200 1443 cum

582 1482 890 1537 'Christum
923 1480 1346 1541 annuntiarnnt,
1367 1491 1679 1550 terramque
1713 1481 1984 1551 spirituali
2015 1483 2202 1537 laatitia

605 1579 1042 1649 compleverunt.
1082 1575 1201 1642 Quo
1236 1585 1442 1641 autent,
1472 1576 1772 1644 Erumpant
1814 1587 2014 1631 montes
2069 1578 2203 1633 lwti-

606 1672 738 1723 (iam
767 1670 926 1732 dixit,
958 1664 1346 1722 Exliilarentur
1395 1679 1598 1722 montes
1651 1669 1706 1722 in
1755 1669 1996 1724 omnibus
2044 1669 2202 1741 Sym-

607 1762 878 1829 machus;
915 1760 1148 1832 Aquilas
1187 1772 1392 1826 autem,
1425 1757 1707 1825 Resonute,
1735 1771 1958 1826 montes,
1985 1761 2196 1816 laudem

2311 559 2702 654 Προεστιαθεὶς
2737 563 2815 631 δὲ,
2850 566 3016 633 φασὶν
3042 607 3057 630 ,
3094 569 3122 620 ὁ
3159 571 3441 640 προφήτης
3495 577 3559 642 τῇ
3608 577 3832 654 μελλούσῃ

2311 653 2530 706 πάντων
2559 657 2828 728 σωτηρίᾳ,
2856 661 3410 728 συνευφραίνεσθαι
3438 665 3579 736 αύτῷ
3599 669 3742 734 νοητὰ
3763 653 3832 727 καὶ

2310 745 2544 817 αἰσθητὰ
2576 747 2757 802 πάντα
2782 751 3175 821 προτρέπεται.
3201 754 3263 806 Εἰ
3286 756 3391 823 γὰρ
3415 755 3613 808 στένειν
3635 759 3663 827 ή
3692 763 3833 829 κτίσις

2309 839 2402 890 ἐπὶ
2433 841 2544 902 τοῖς
2597 840 2891 914 ἡμετέροις
2936 842 3154 909 λέγεται
3206 847 3416 908 κακοῖς,
3449 848 3721 902 ἀκόλουθον
3764 855 3833 907 ἐπὶ

2308 931 2639 1002 σωζομένοις
2693 935 3140 1004 εὐφραίνεσθαι.
3178 937 3322 1004 Ὀρη
3366 937 3423 990 δὲ
3473 939 3615 1008 λέγει
3654 941 3833 1011 λογικὰς

2306 1025 2566 1095 δυνάμεις
2607 1027 2853 1096 ὴρμένας
2907 1027 3067 1096 ὑψοῦ,
3125 1029 3156 1098 ἢ
3205 1029 3312 1082 τῶν
3358 1030 3693 1100 Εύαγγελίων
3741 1040 3830 1103 τοὺς

2307 1119 2579 1188 κήρυκας.
2608 1120 2846 1190 Χριστὸν
2871 1121 2980 1192 γὰρ
3009 1120 3364 1188 ἀγγέλλοντες
3386 1126 3577 1193 νοητῆς
3607 1129 3825 1198 εύςροπύ.

2305 1229 2402 1280 νης
2436 1213 2708 1282 ἐπλήρουν
2743 1211 2840 1283 τὴν
2873 1215 3000 1282 γῆν.
3037 1213 3187 1266 Ἀντὶ
3216 1214 3272 1266 δὲ
3302 1214 3394 1267 τοῦ
3418 1216 3759 1283 ρηξιίτωσαν
3781 1226 3832 1277 τὰ

2305 1303 2411 1370 ὅρη
2463 1305 2890 1372 εὐφροσύνην·
2949 1306 2977 1358 ὁ
3022 1305 3339 1377 Σύμμαχος·
3398 1306 3833 1377 Ἰλαρευθήσετιιι

2305 1393 2412 1463 ὄρη
2434 1394 2531 1447 ἐπὶ
2554 1395 2764 1451 πᾶσιν.
2785 1398 2842 1451 ’0
2855 1398 2911 1450 δὲ
2934 1398 3168 1462 Ἀκύλας
3188 1415 3204 1429 ’
3220 1399 3613 1466 κελαδήσατε,
3640 1404 3754 1470 ὄρη,
3769 1409 3836 1459 al-

2301 1504 2476 1542 νεσιγ
2511 1487 2715 1554 ἔλεξαν.
2748 1491 2941 1554 Εἷποις
2966 1493 3009 1544 δ’
3033 1492 3097 1545 ἂν
3127 1493 3194 1546 τὰ
3219 1492 3325 1562 ὄρη
3339 1492 3530 1560 δηλοῦν
3555 1496 3835 1567 οἰκειότερον

2300 1581 2480 1652 ψυχὰς
2506 1583 2599 1635 ἐπὶ
2626 1581 2731 1652 γῆς
2762 1583 2863 1653 μὲν
2892 1583 2972 1636 ἔτι
2997 1583 3240 1655 βιούσας,
3276 1586 3480 1656 σφόδρα
3511 1586 3566 1638 δὲ
3593 1589 3712 1658 πρὸς
3734 1591 3835 1659 ὕψος

2299 1672 2542 1742 ήρμένας
2574 1670 2662 1724 διὰ
2684 1674 2785 1742 τῆς
2838 1673 2948 1726 τῶν
2974 1673 3184 1745 ἀρετῶν
3232 1672 3638 1744 κατορθώσεως.
3671 1679 3835 1730 Τοπεί-

2300 1765 2447 1832 νοὺς
2470 1765 2525 1818 δὲ
2545 1765 2880 1836 ήλεημένους
2933 1767 3066 1836 φησὶ
3104 1767 3233 1830 τοὺς
3276 1767 3762 1837 προδεδηλωμένους
3787 1771 3835 1823 ἐκ

583 1854 1033 1912 ’transtulerunt.
1071 1849 1242 1908 Dicas
1292 1861 1347 1906 et
1386 1863 1587 1908 montes
1617 1855 1972 1922 peculiariter
2021 1856 2183 1925 magis

2300 1853 2409 1909 τῶν
2458 1856 2741 1927 τεσσάρων
2785 1856 3105 1928 κλημάτων,
3163 1856 3258 1920 οὓς
3282 1859 3349 1910 ὲκ
3375 1857 3477 1926 τῆς
3519 1857 3835 1928 διαϐολικῆςὸ

593 1947 822 2000 animus
863 1961 980 2010 eas,
1022 1963 1144 2016 qua:
1177 1961 1357 2000 rerum
1385 1947 1648 2015 praeclare
1679 1955 1980 2016 gestarum,
2015 1947 2190 2000 virtu-

606 2041 789 2108 tisque
833 2040 1008 2110 gloria
1040 2080 1053 2102 ,
1100 2040 1230 2092 dum
1264 2039 1318 2091 in
1366 2038 1528 2094 terris
1561 2047 1873 2104 versant-ur,
1928 2040 1984 2094 in
2018 2041 2192 2096 altum

602 2133 910 2200 eriguntur.
948 2130 1195 2185 Humiles
1223 2139 1429 2197 autem,
1461 2147 1557 2186 eos
1587 2131 1758 2202 ipsos,
1803 2134 1896 2204 qui
1934 2137 2192 2206 superius

603 2223 879 2294 designati
922 2225 1003 2277 vel
1037 2221 1477 2278 misericordiam
1512 2226 1802 2279 consecuti
1853 2235 2008 2290 sunt;
2052 2244 2192 2297 quos

603 2317 671 2370 de
691 2324 929 2386 quatuor
960 2315 1148 2369 mundi
1181 2314 1502 2369 cardinibus
1532 2315 1773 2386 Spiritus
1806 2319 1984 2372 sancti
2018 2324 2190 2388 parti-

602 2410 756 2479 cipes
786 2409 1010 2464 cllectos
1037 2407 1306 2462 diabolica
1333 2409 1597 2462 servitute
1621 2409 1878 2463 Christus
1910 2411 2186 2478 liberavit;

2297 1948 2535 2018 Χριστὸς
2557 1947 2872 2020 τυραννίδος
2904 1949 3197 2019 ἐρρύσατο,
3223 1947 3371 2002 θείου
3406 1948 3705 2019 Πνεύματος
3732 1968 3832 2019 μετ-

2296 2043 2457 2114 όχους
2483 2043 2590 2095 ἀπε
2603 2042 2970 2112 ργασάμενος.
2987 2041 3290 2104 Ταπεινοὺς
3314 2041 3441 2113 δὲ,ἦ
3462 2041 3831 2104 ὼςτεταπεινωο

2299 2137 2496 2205 μένους
2517 2135 2882 2207 ἁμαρτήμασι
2908 2135 3194 2206 πρότερον,
3225 2136 3319 2187 καὶ
3351 2134 3642 2198 νεύσαντας
3663 2137 3730 2199 είς
3753 2136 3832 2206 γῆν

2293 2231 2372 2298 τῷ
2405 2231 2734 2301 φρονήματι.
2766 2229 2837 2282 Ἦ
2870 2229 2947 2292 ὠς
2990 2227 3385 2298 ὑποκύψαντας
3412 2227 3492 2299 τῷ
3521 2228 3722 2300 Χριστῷ
3761 2231 3830 2283 τὸν

2299 2323 2523 2394 αὐχένα,
2551 2323 2658 2376 τῶν
2718 2321 3134 2390 ἀνθισταμένων
3180 2320 3332 2392 αὐτῷ
3383 2320 3655 2392 ὑψούντων
3700 2321 3830 2392 κέρας

2297 2416 2392 2468 καὶ
2417 2413 2722 2467 λαλούντων
2753 2413 2970 2465 ἀδικίαν
2995 2413 3114 2465 κατ’
3141 2410 3332 2468 αὐτοῦ.

601 2502 685 2556 vel
755 2517 850 2556 eos
895 2501 1083 2564 etiam,
1115 2501 1230 2570 qui,
1266 2500 1507 2570 peccatis
1561 2500 2024 2570 depressi,terra:
2115 2506 2528 2571 incubuerunt;
2590 2505 2675 2560 vel
2760 2521 2856 2560 eos
2915 2504 3176 2575 denique,
3251 2505 3349 2575 qui
3403 2503 3604 2559 Christi
3655 2503 3821 2574 iugum,

602 2597 779 2650 eidem
841 2594 1262 2648 adversantibus
1315 2595 1440 2648 aliis
1489 2609 1774 2664 cornuque
1828 2598 2226 2668 exaltantibus,
2267 2610 2322 2657 et
2368 2599 2696 2669 injustitiam
2726 2597 2991 2653 adversus
3010 2614 3133 2652 eum
3164 2597 3542 2668 loquentibus,
3568 2596 3821 2651 subierunt.

671 2687 830 2758 561
873 2687 1040 2742 Vens.
1091 2688 1282 2742 14-26.
1322 2687 1471 2740 Dixit
1515 2697 1694 2742 autem
1752 2688 1934 2744 Sion:
1985 2691 2189 2746 Dereli-

593 2781 713 2848 qnit
746 2795 827 2832 me
853 2778 1134 2845 Dominus,
1160 2787 1210 2833 et
1243 2778 1502 2833 Dominus
1528 2779 1728 2833 oblitus
1757 2793 1832 2834 est
1867 2783 1992 2836 mei.
2025 2782 2187 2836 Nun-

599 2873 727 2943 quid
759 2871 1103 2927 obliviscetur
1147 2873 1339 2927 mulier
1369 2873 1473 2942 ﬁlii
1509 2873 1618 2939 sui,
1650 2883 1707 2928 ut
1737 2892 1839 2929 non
1865 2877 2187 2931 misereatur

601 2975 790 3034 partus
835 2965 972 3019 uteri
995 2964 1127 3018 sui?
1178 2963 1276 3018 Sin
1308 2974 1486 3018 autem
1519 2975 1567 3020 et
1589 2965 1776 3019 horum
1817 2965 1982 3020 oblita
2023 2969 2186 3036 fuerit

600 3056 811 3121 mulier,
850 3071 941 3127 ego
965 3065 1139 3108 tamen
1169 3055 1246 3106 tui
1276 3070 1379 3107 non
1411 3054 1718 3118 obliviscar,
1737 3055 1875 3109 dixit
1899 3055 2181 3113 Dominus.

599 3147 737 3202 Ecce
785 3161 943 3215 super
977 3162 1166 3200 manus
1198 3161 1342 3200 meas
1375 3144 1590 3214 depinxi
1617 3162 1797 3200 muros
1826 3153 1968 3216 tuos,
1998 3160 2108 3206 etc.

669 3321 830 3397 562
858 3324 1043 3394 Supra
1077 3326 1188 3392 jam
1218 3322 1423 3378 dictum
1479 3332 1586 3390 est,
1645 3322 1859 3378 Sionem
1883 3337 1938 3380 et
1962 3323 2184 3382 Jerusa-

596 3421 702 3474 letn
750 3420 948 3474 decere
999 3433 1098 3471 nos
1127 3416 1306 3471 tribus
1355 3417 1533 3472 modis
1585 3418 1915 3490 intelligere,
1966 3421 2079 3484 vel,
2123 3433 2184 3474 ιιι

509 3499 521 3510 ’
597 3527 763 3566 sensu
809 3509 1223 3580 percipiuntur;
1264 3507 1370 3573 vel,
1419 3516 1480 3562 ut
1527 3509 1675 3578 pium
1717 3523 1934 3576 eorum,
1977 3511 2074 3581 qui
2125 3512 2178 3565 in

597 3611 745 3657 terra
772 3609 927 3666 sunt,
959 3602 1085 3655 vitae
1116 3599 1429 3653 institutum
1463 3599 1782 3670 signiﬁcant
1810 3619 1826 3668 ;
1859 3602 1967 3666 vel,
1993 3609 2050 3676 ut
2077 3617 2178 3657 an-

596 3695 827 3762 gelicam
864 3693 918 3747 in
951 3693 1112 3747 coclis
1154 3691 1387 3764 (legendi
1433 3693 1728 3758 rationem,
1779 3693 1848 3748 de
1883 3709 1992 3764 qua
2021 3694 2178 3750 Pauli

597 3787 688 3838 illa
713 3793 843 3839 sunt
877 3803 890 3838 :
921 3803 939 3835 ι
983 3783 1058 3836 Ea
1091 3793 1296 3850 autem,
1335 3799 1458 3854 qua:
1491 3799 1714 3838 sursum
1739 3795 1824 3840 est
1847 3781 2177 3854 Jerusalem,

593 3876 764 3931 libera
795 3885 880 3929 est
909 3875 1000 3929 δ’δ’.
1033 3875 1170 3930 »Ειε
1197 3895 1214 3928 ι
1244 3876 1369 3930 Νοιι
1399 3876 1543 3930 enim
1571 3878 1890 3934 accessistis
1922 3878 1988 3932 ad
2021 3894 2179 3933 mon-

596 3978 701 4023 tem
747 3967 878 4022 Sion
924 3967 969 4000 ‘9
1005 3985 1022 4037 ;
1061 3986 1078 4019 ι
1120 3975 1174 4022 et
1209 3982 1333 4038 qua:
1384 3967 1666 4038 deinceps.
1719 3967 1879 4022 Nunc
1909 3967 2083 4039 igitur
2109 3969 2178 4024 de

592 4063 684 4132 pio
722 4060 816 4115 illo
846 4059 1090 4116 civitatis
1125 4060 1394 4131 regimine
1414 4059 1681 4129 loquitur,
1716 4061 1864 4130 quod
1895 4059 2175 4130 quondam

591 4155 733 4222 apud
761 4140 983 4209 Judzros
1011 4154 1324 4208 institutum
1353 4153 1408 4207 in
1440 4152 1684 4224 gentium
1707 4149 2012 4208 Ecclesiam
2042 4169 2178 4208 con-

593 4260 812 4301 versum
841 4253 948 4300 est.
972 4241 1046 4299 De
1075 4243 1276 4298 insulis
1303 4241 1451 4297 enim
1481 4252 1534 4295 et
1557 4242 1815 4312 gentibus
1849 4258 2037 4298 sermo
2058 4241 2176 4298 fue-

595 4345 714 4404 rat;
747 4337 950 4407 quibus
979 4343 1390 4406 consequenter
1422 4334 1644 4404 adjicit,
1677 4349 1740 4389 ne
1773 4352 1848 4400 se,
1877 4345 2175 4406 quantum-

591 4430 678 4484 vis
711 4429 929 4484 sublato
961 4413 1050 4497 pio
1076 4427 1170 4481 illo
1201 4426 1344 4496 apud
1371 4423 1591 4482 Iudaeos
1618 4427 1862 4481 civitatis
1880 4429 2170 4497 regimine,

2367 2694 2578 2758 ιδ’-κς’.
2617 2687 2765 2744 Eine
2793 2690 2862 2743 δὲ
2896 2689 3050 2744 Σιών
3069 2708 3081 2721 ·
3120 2687 3512 2760 Ἐγκατέλιπέ
3537 2705 3610 2758 με
3631 2690 3820 2756 Κύριος,

2291 2786 2387 2840 καί
2415 2787 2447 2839 ό
2475 2785 2690 2851 Κύριος
2711 2781 3046 2836 ἀπελάθετό
3057 2799 3199 2850 μου.
3220 2784 3279 2834 Μ
3285 2780 3315 2845 ἡ
3337 2779 3682 2847 ἐπιλήσεται
3703 2778 3819 2847 γυνὴ

2289 2877 2396 2931 τοῦ
2425 2875 2667 2929 παιδίου
2724 2873 2936 2940 αὐτῆς,
2963 2873 3000 2941 ἢ
3037 2873 3142 2926 τοῦ
3159 2879 3245 2941 μὴ
3280 2870 3533 2939 ἐλεῆσαι
3565 2871 3630 2925 τὰ
3648 2871 3822 2939 ἔκγονα

2288 2968 2402 3036 τῆς
2441 2969 2674 3034 κοιλίας
2722 2964 2951 3033 αὑτῆς;
2975 2966 3040 3017 El
3067 2964 3136 3017 δὲ
3164 2964 3263 3017 καί
3290 2965 3480 3018 ταῦτα
3529 2962 3821 3016 ἐπιλάθοιτο

2287 3062 2466 3130 γυνὴ,
2497 3063 2632 3116 ἀλλ’
2662 3060 2776 3130 ἐγὼ
2797 3063 2908 3114 οὐκ
2937 3057 3309 3128 ἐπιλήσομαί
3331 3073 3474 3123 σου,
3493 3054 3618 3112 εἷπε
3632 3059 3822 3128 Κύριος.

2208 3175 2252 3235 c
2300 3152 2456 3208 Ἰδοὺ
2489 3154 2587 3207 ἐπί
2615 3153 2733 3206 τῶν
2785 3149 3003 3221 χειρῶν
3047 3167 3168 3221 μου
3206 3149 3599 3220 ἐζωιηοάρησά
3643 3166 3744 3202 σου
3769 3148 3824 3201 τὰ

2284 3246 2476 3314 τείχη,
2513 3263 2568 3300 κ.
2605 3263 2656 3300 τ.
2684 3245 2735 3300 λ.

2361 3335 2502 3406 Ἤδη
2526 3336 2874 3408 προείρηται,
2897 3337 2972 3400 ὼς
2993 3335 3135 3391 κατά
3160 3336 3400 3405 τρόπους
3423 3338 3569 3406 τρεῖς
3599 3335 3824 3405 προσήκει

2284 3432 2423 3482 νοεῖν
2448 3429 2546 3499 τὴν
2575 3427 2731 3483 Σιὼν
2758 3428 2853 3482 καὶ
2909 3429 3010 3500 τὴν
3051 3428 3364 3500 Ἱερουσαλή
3375 3446 3416 3497 μ
3439 3445 3454 3459 ο
3485 3428 3517 3499 ἢ
3549 3427 3788 3498 αἰσθητῶς
3809 3443 3821 3456 '

2283 3521 2315 3593 ἣ
2348 3523 2568 3576 κατὰτὸ
2596 3521 2846 3583 θεοσεϐὲς
2870 3521 2977 3576 τῶν
3025 3523 3120 3577 ἐπὶ
3175 3523 3281 3593 γῆς
3322 3523 3495 3576 ὄντων
3533 3522 3820 3592 πολίτευμω

2281 3615 2315 3684 ἢ
2339 3614 2481 3667 κατὰ
2525 3613 2624 3685 τὴν
2653 3616 2709 3667 ὲν
2736 3615 2988 3685 οὐρανοῖς
3053 3614 3359 3684 ἀγγελικὴν
3387 3615 3654 3669 πολιτείαν
3673 3656 3686 3682 ,
3722 3614 3822 3683 περὶ

2279 3707 2347 3782 ἦς
2377 3710 2541 3782 φησὶν
2567 3713 2595 3764 ὁ
2623 3709 2830 3774 Παῦλος
2857 3725 2869 3739 ⁸
2923 3729 2942 3762 ι
2963 3711 3027 3764 Ἠ
3059 3711 3115 3764 δὲ
3161 3712 3274 3765 ἄνω
3311 3711 3378 3764 Ἱε
3391 3711 3664 3782 ρουσαλὴμ
3700 3709 3822 3761 ὲλευ-

2282 3805 2413 3873 θέρα
2443 3804 2610 3859 ἐστί.»
2644 3805 2772 3867 Καὶ,
2798 3803 2902 3857 «ού
2929 3804 3039 3874 γὰρ
3066 3804 3512 3876 προσεληλύθατε
3534 3805 3663 3857 Σιὼν
3681 3805 3817 3876 δρει,ι

2279 3897 2374 3950 καὶ
2396 3895 2464 3948 τὰ
2519 3894 2669 3966 ἑξῆς.
2720 3895 2834 3948 Νῦν
2878 3892 3202 3964 οὗνὸλόγος
3259 3897 3394 3968 περὶ
3445 3895 3538 3950 τοῦ
3584 3894 3823 3966 θεοφιλοῦς

2281 3987 2696 4058 πολιτεύματος,
2719 3987 2747 4041 ὃ
2771 3987 2937 4040 πάλαι
2961 3989 3060 4056 μὲν
3089 3989 3219 4058 παρ’
3253 3988 3532 4052 Ἰουδαίοις
3555 3989 3820 4044 συνίστατο.

2277 4079 2603 4149 καθαιρεοὲν
2623 4079 2680 4132 δὲ
2702 4078 3106 4150 μεταϐέϐληται
3124 4081 3205 4141 εἰς
3227 4079 3411 4148 τὴν-ἐξ
3433 4080 3598 4132 ἐθνῶν
3623 4077 3821 4147 Ἐκκλη-

2280 4172 2422 4225 σίαν.
2458 4171 2592 4240 Περὶ
2624 4172 2808 4240 νήσων
2840 4168 2951 4240 γὰρ
2985 4170 3082 4226 καὶ
3108 4170 3217 4222 τῶν
3248 4169 3424 4225 ἐθνῶν
3454 4171 3724 4239 διελέγετο,
3753 4164 3820 4231 οἷς

2275 4261 2586 4327 ἀκολούθως
2645 4262 2841 4333 φησίν·
2900 4263 2948 4315 εί
3000 4262 3095 4315 καὶ
3137 4263 3451 4334 καθήρηται
3501 4263 3561 4317 τὸ
3611 4261 3820 4322 θεοσεϐὲς

2276 4353 2404 4422 παρ’
2431 4353 2708 4417 Ἰουδαίοις
2739 4353 3063 4422 πολίτευμα,
3091 4356 3176 4423 μὴ
3199 4353 3431 4423 λεγέτω,
3469 4354 3817 4425 Ἐγκατέλιπε

2276 4447 2508 4514 Κύριος.
2531 4447 2636 4498 Καὶ
2656 4445 2730 4516 τῷ
2747 4446 2860 4513 τῆς
2892 4449 3120 4515 μητρὸς
3139 4447 3547 4518 παραδείγματι
3560 4449 3615 4502 τὸ
3631 4445 3817 4515 τῆςλή·

601 4543 616 4570 ‹
659 4520 882 4575 Domino
899 4519 1192 4587 derelinqui
1211 4526 1627 4587 conquerantur
1645 4562 1661 4587 ,
1679 4520 1969 4589 matrisque
1991 4537 2173 4574 exem-

2286 4542 2386 4602 9ης
2413 4537 2674 4590 ἀδύνατον
2699 4537 2888 4602 ἔδειξε.
2915 4537 3050 4591 Θεοῦ
3082 4538 3192 4610 γὰρ
3212 4539 3365 4603 ὄντες
3385 4535 3497 4594 οἷον
3517 4540 3812 4610 γεννήματα,

593 4615 684 4684 plo
713 4629 901 4668 eorum
939 4628 998 4668 se
1033 4627 1311 4681 nunquam
1335 4611 1574 4666 oblivisci
1601 4627 1764 4682 posse
1807 4611 2172 4669 demonstrat.

594 4703 688 4760 Dei
731 4706 875 4759 enim
915 4705 1081 4760 veluti
1117 4703 1365 4776 germina
1411 4703 1661 4773 qumdam
1704 4719 1829 4758 cum
1858 4720 2072 4768 sumus,
2123 4705 2170 4761 si

593 4813 746 4851 suam
801 4797 920 4868 ipse
961 4814 992 4850 a
1037 4797 1199 4852 nobis
1234 4797 1632 4866 providentiam
1677 4805 1898 4852 revocet
1924 4838 1939 4862 ,
1979 4807 2034 4852 ct
2074 4813 2174 4852 nos

594 4888 825 4944 interire
863 4903 1154 4943 necessum
1179 4896 1283 4958 est.
1311 4885 1478 4940 Suam
1527 4886 1725 4941 deinde
1755 4895 1992 4943 mentem
2016 4903 2174 4957 aper-

2273 4631 2321 4682 εί
2349 4628 2622 4682 παύσαιτο
2649 4628 2752 4698 τῆς
2777 4630 2907 4700 περὶ
2938 4629 3096 4701 ἡμῶν
3119 4630 3410 4701 προνοίας,
3444 4633 3537 4684 καὶ
3587 4629 3676 4682 τοῦ
3705 4625 3812 4680 εἶναι

2273 4719 2614 4789 παυσόμεθα.
2643 4721 2755 4774 Καὶ
2779 4720 2877 4791 τὴν
2907 4720 3115 4775 ἔννοιαν
3172 4722 3600 4794 ὲπεξεργάζεται
3634 4721 3807 4788 λέγων’

2285 4810 2431 4864 Ἰδοὺ
2457 4810 2558 4864 ἐπὶ
2601 4810 2721 4864 τῶν
2757 4809 2973 4881 χειρῶν
3014 4831 3134 4883 μου
3181 4811 3572 4884 ἐζωαφάερησὰ
3631 4830 3734 4868 σου
3756 4809 3806 4862 τὰ

2271 4902 2463 4971 τείχη.
2482 4903 2540 4956 '0
2559 4902 2615 4955 δὲ
2645 4903 2942 4974 Σύμμαχος
2961 4906 3083 4958 ἀντὶ
3109 4905 3203 4958 τοῦ
3232 4904 3642 4975 ἐζὶογράςοησα,
3663 4901 3804 4963 ἐστή-

594 4983 704 5036 tius
733 4981 1098 5051 exprimens:
1134 4977 1286 5042 Ecce,
1331 4978 1545 5045 adjicit.
1592 4993 1748 5047 super
1793 4995 1984 5034 manus
2027 4996 2170 5036 meas

2286 4993 2405 5057 )ιξὰ
2435 5008 2512 5048 σε
2541 4995 2706 5064 φησίν
2729 5013 2743 5027 ’
2773 4999 2802 5050 ὁ
2845 4997 2904 5051 δὲ
2930 4997 3167 5062 Ἀκύλας
3185 5015 3199 5030 ·
3239 4998 3387 5055 Ἰδοὺ
3415 4999 3515 5052 ἐπὶ
3567 4999 3680 5053 τῶν
3700 5013 3806 5064 ταρ-

591 5074 809 5145 ιιερὶιιαὶ
839 5089 1019 5128 muros
1048 5081 1208 5136 tuos;
1239 5071 1334 5126 ubi
1372 5085 1470 5142 pro
1501 5070 1736 5138 depina'i.
1763 5071 1975 5140 ﬁrmavi
2011 5068 2169 5143 Sym-

591 5168 865 5232 machus;
908 5166 1139 5236 Aquilas
1174 5179 1327 5228 vero,
1359 5173 1407 5218 te
1440 5163 1494 5215 in
1525 5163 1718 5232 palmis
1788 5173 2035 5218 accurate
2080 5163 2171 5219 de-

589 5257 1139 5329 scripsi;Theodotio
1178 5255 1412 5326 denique
1441 5253 1736 5323 e/furmari,
1779 5253 2157 5311 reddiderunt.

590 5351 798 5405 Revera
824 5351 967 5404 enim
1002 5365 1255 5403 manuum
1287 5346 1378 5401 Dei
1419 5349 1659 5408 nomine,
1683 5348 1826 5400 vires
1857 5346 1978 5416 ejus
2009 5348 2166 5404 intel-

590 5441 869 5508 ligunlur;
904 5457 1137 5510 quarum
1168 5454 1336 5509 opera
1367 5449 1514 5490 tanta
1548 5447 1631 5490 est.
1659 5446 1938 5491 exstructa
1964 5438 2160 5496 civitas

587 5532 836 5602 ejusque,
867 5546 987 5600 qum
1026 5529 1327 5588 secundum
1369 5527 1537 5581 Deum
1581 5537 1687 5593 cst,
1743 5527 1916 5581 forma
1961 5538 2166 5583 morta-

588 5623 720 5678 lium
761 5622 960 5676 animis
1003 5623 1270 5693 impressa
1299 5629 1355 5676 et
1396 5620 1692 5691 insculpta.
1727 5619 1883 5687 Quod
1916 5630 2066 5678 certe
2091 5623 2166 5678 ci-

659 5802 701 5836 ⁸³
733 5803 865 5858 an.
900 5819 959 5873 ιι,
985 5802 1074 5857 9.9.
1154 5802 1216 5831 ⁸⁸⁸
1248 5800 1426 5856 Galat.
1457 5816 1531 5868 Iv,
1557 5802 1647 5857 ‘26.
1697 5801 1744 5832 "
1766 5799 1932 5858 Hebr.
1954 5800 2154 5869 xu,l8.

2268 5087 2398 5141 σῶν
2422 5089 2726 5157 ἠκρίϐωσά
2751 5106 2845 5146 σε.
2893 5091 2950 5144 '0
2967 5092 3020 5144 δὲ
3050 5091 3364 5147 Θεοδοτίων·
3393 5093 3714 5164 Διεχάραξὰ
3733 5106 3804 5142 σε.

2267 5183 2472 5251 Χεῖρες
2500 5183 2608 5254 γὰρ
2626 5183 2700 5246 ὡς
2727 5184 2962 5253 ἀληθῶς,
2993 5183 3136 5237 τοῦτ’
3187 5185 3335 5238 ἐστιν
3368 5186 3635 5257 ἐνέργειαι
3678 5182 3805 5242 Θεοῦ,

2267 5275 2366 5345 τὴν
2413 5275 2668 5345 τοιαύτην
2722 5275 3071 5345 οἰκοδομοῦσι
3131 5278 3305 5339 πόλιν,
3343 5282 3466 5342 τοὺς
3519 5280 3706 5340 τύπους
3730 5277 3808 5344 τῆς

2273 5368 2416 5420 κατὰ
2443 5367 2574 5420 Θεὸν
2599 5367 2868 5430 πολιτείας
2890 5369 3324 5438 ἐγχαράττουσαι
3355 5375 3473 5436 ταῖς
3501 5373 3606 5425 τῶν
3632 5370 3806 5440 ἀνθρὼ-

2270 5476 2389 5513 πων
2436 5459 2654 5528 ψυχαῖς.
2688 5461 2752 5510 "U
2769 5459 2831 5529 δὴ
2857 5460 2949 5511 καὶ
2998 5461 3158 5525 αὐτὸς
3189 5466 3216 5514 ὁ
3254 5467 3352 5534 τῆς
3397 5466 3586 5518 ἑαυτοῦ
3632 5465 3806 5524 πόλεως

2271 5554 2552 5623 οἰκοδόμος
2571 5555 2598 5605 ὀ
2625 5551 2716 5605 τοῦ
2744 5551 2879 5605 Θεοῦ
2896 5552 3069 5620 Λόγος
3099 5555 3305 5621 ἐδίδαξε
3323 5558 3492 5626 λέγων
3513 5576 3525 5590 ·
3555 5577 3574 5610 ι
3595 5559 3705 5612 Ἐπὶ
3723 5556 3804 5624 τὴν

2273 5647 2481 5718 πέτραν
2513 5643 2851 5715 οἰκοδομήσω
2888 5661 2990 5714 μου
3010 5645 3111 5716 τήν
3141 5647 3485 5724 Ἐκκλησίαν.
3504 5671 3522 5705 ι
3563 5652 3622 5705 ἸΙ
3645 5650 3694 5704 δὲ
3720 5648 3803 5700 πέ-
