3998 6390
207 449 316 516 2477

1219 441 1756 510 COMMENTARII
1797 448 1879 508 IN
1922 447 2212 508 ISAIAM.

3263 445 3407 510 2478

204 585 287 638 τρα
307 562 364 634 ἦν
387 557 534 614 πάλιν
563 557 744 622 αὐτὸς,
770 560 854 628 ἐφ’
881 561 948 633 ἣν
981 563 1028 614 οἱ
1057 562 1266 632 πρῶτοι
1292 562 1534 632 θεμέλιοι
1590 579 1726 615 κατα

1848 562 2019 616 ritatis
2053 577 2166 616 suae
2194 569 2550 617 constructor
2583 557 2673 617 Dei
2715 551 2890 616 Filius
2919 563 3141 617 edocuit
3174 577 3298 617 cum
3331 584 3418 617 su-

205 657 480 726 εόλήθησαν,
525 645 752 722 etapith
802 655 1055 723 εἴρηται·
1119 673 1138 705 ι
1176 653 1735 724 Ἐποικοδομηθὲντες

201 747 356 818 ἐπὶτῷ
385 743 604 814 θεμελίῳ
627 743 736 797 τῶν
767 745 1083 798 ἀποστόλων
1106 747 1202 799 καὶ
1231 745 1554 816 προφητῶν.
1582 745 1738 805 ὖντος

201 836 542 911 ἀκρογωνιαίου
573 837 814 907 Χριστοῦ
853 838 1053 905 Ἰησοῦ.
1084 857 1102 888 ι
1141 840 1262 892 ’Ὀτι
1293 839 1349 892 δὲ
1379 840 1437 890 αἱ
1470 837 1564 891 τοῦ
1597 836 1735 890 Θεοῦ

198 939 424 1006 ἐνέργειαι
449 932 638 998 χεῖρες
694 932 945 1002 εἴρηνται
977 937 1040 1004 τῇ
1069 935 1284 1005 Γραφῇ,
1337 935 1490 1002 δηλοῖ
1519 934 1600 993 τὸ,
1636 952 1654 983 ι
1673 932 1738 985 Al.

198 1027 345 1100 χεῖρές
377 1041 463 1077 σου
489 1024 754 1092 ἐποίησάν
787 1042 876 1094 με,
911 1027 1002 1078 καὶ
1054 1027 1298 1079 ἔπλασαν
1337 1043 1426 1096 με.
1463 1043 1481 1077 ›
1522 1043 1541 1078 ι
1571 1025 1738 1080 ςὍτι

199 1117 331 1172 αὑτοῦ
357 1117 545 1184 ἐστινὴ
575 1115 844 1179 θάλασσα,
890 1120 984 1170 καὶ
1014 1121 1113 1188 τὴν
1139 1121 1312 1190 ξηρὰν
1336 1121 1394 1172 αἱ
1425 1123 1608 1189 χεῖρες
1639 1119 1739 1172 αὐ-

196 1209 269 1263 τοῦ
311 1208 558 1261 ἔπλασαν.
589 1227 607 1258 ι
637 1209 749 1262 Καὶ
799 1209 998 1262 πάλιν·
1031 1231 1048 1262 ι
1074 1213 1187 1265 Καὶ
1226 1212 1362 1282 ἔργα
1399 1212 1510 1265 τῶν
1538 1211 1738 1282 χειρῶν

199 1301 271 1354 σού
295 1302 419 1352 εἰσιν
446 1299 493 1351 οἱ
521 1299 765 1370 οὐρανοί.
794 1319 812 1351 ι
843 1301 1000 1361 Τινὲς
1021 1302 1078 1354 δὲ
1106 1302 1193 1354 διὰ
1223 1303 1322 1372 τὴν
1339 1304 1432 1355 ἐπὶ
1457 1302 1551 1354 τοῦ
1579 1320 1739 1354 σταυ-

197 1392 269 1464 ροῦ
291 1391 557 1460 διατρησιν
578 1391 689 1442 τῶν
705 1392 906 1463 χειρῶν
933 1394 1206 1461 λέγουσιν.
1240 1393 1412 1463 ’Υπὲρ
1445 1393 1604 1464 ἡμῶν
1630 1395 1741 1464 γὰρ

197 1480 368 1536 παθὼν.
401 1481 512 1544 πῶς
531 1480 599 1532 ἂν
622 1482 781 1551 ἡμῶν
803 1483 1149 1552 ὲπιλάθοιτος
1191 1486 1263 1538 Τὸ
1285 1485 1396 1556 γὰρ
1426 1485 1545 1538 ὅλον
1569 1486 1742 1548 πάθος

193 1579 241 1628 ὲκ
267 1575 444 1644 μέρους
471 1572 803 1638 ἐδήλωσεν.
827 1577 1016 1640 Εἵποις
1038 1578 1082 1630 δ’
1115 1579 1182 1632 ἂν
1212 1581 1306 1633 καὶ⁸
1344 1579 1542 1640 ἄλλως.
1575 1579 1744 1630 Φασὶν

193 1669 250 1731 ὡς
273 1669 322 1718 ὲν
344 1669 458 1729 ταῖς
503 1666 597 1718 τοῦ
629 1669 874 1738 ῘΙατέρος
916 1671 1132 1736 χερσὶν
1163 1671 1367 1734 πάντες
1408 1671 1548 1724 εἰσὶν
1579 1671 1628 1723 οἱ
1653 1689 1745 1723 πι-

191 1759 494 1822 στεύσαντες.
534 1759 732 1826 Ἔλεγε
787 1762 898 1832 γὰρ
931 1765 960 1814 ὁ
986 1763 1222 1834 Χριστὸς
1273 1765 1404 1836 περὶ
1455 1764 1566 1817 τῶν
1601 1765 1745 1815 ἰδίων

190 1851 458 1922 προϐάτων,
483 1851 558 1914 ὼς
583 1871 602 1901 ε
626 1853 817 1916 Οὐδεὶς
850 1855 1092 1925 ἁρπάσει
1118 1857 1260 1908 αὐτὰ
1289 1859 1353 1910 ὲκ
1381 1855 1499 1909 τῶν
1531 1855 1746 1924 χειρῶν

187 1944 258 1996 τοῦ
288 1943 516 2014 Πατέρος
550 1959 653 2012 μου
677 1985 691 2006 ,
723 1963 741 1996 ι
781 1945 880 2017 τὴν
912 1948 1121 2000 ἐκεῖθεν
1151 1948 1362 2020 σκέπην
1380 1947 1578 2020 δηλῶν.

1840 669 1938 724 per
1964 665 2172 723 petram
2215 669 2370 708 suam
2417 668 2475 710 se
2503 655 2901 708 :edilicaturum
2936 651 3236 709 Ecclesiam
3271 651 3414 709 alii:-

1840 748 2010 802 mavit
2037 746 2131 799 δ”.
2165 741 2297 798 Erat
2317 761 2534 801 rursum
2556 753 2610 800 et
2644 738 2804 817 563
2825 747 2941 816 ipse
2964 753 3138 816 petra,
3167 745 3222 801 in
3253 764 3416 818 quam

1841 839 2016 910 prima
2047 838 2138 892 illa
2181 839 2327 907 jacta
2357 849 2485 893 sunt
2517 838 2894 904 fundamenta,
2937 838 3004 895 de
3047 841 3249 909 quibus
3279 835 3420 895 dicie-

1843 939 1973 985 tur:
2013 949 2032 982 ι
2069 927 2349 986 Ᾱὲἁὶίὶρειῑί
2392 941 2556 1000 super
2595 931 3012 985 fundamentum
3046 934 3420 1002 apostolorum

1841 1033 1895 1079 et
1926 1025 2340 1094 prophetarum,
2374 1023 2494 1091 ipso
2531 1040 2750 1079 summo
2782 1026 2964 1095 lapide
2995 1026 3246 1095 angulari
3287 1023 3420 1079 Jesu

1841 1113 2066 1168 Christo
2118 1113 2185 1166 ⁸ο.
2234 1133 2252 1164 ι
2298 1114 2457 1179 Quod
2511 1122 2694 1168 autem
2744 1131 3003 1168 manuum
3064 1117 3288 1172 nomine
3331 1117 3426 1170 Dei

1841 1205 2098 1260 virtutem
2149 1205 2423 1275 signiticet
2455 1203 2762 1274 Scriptura,
2795 1207 2881 1259 vel
2916 1207 3040 1261 inde
3087 1210 3426 1270 constiterit,

1843 1293 1987 1362 quod
2021 1311 2038 1343 ι
2080 1293 2274 1348 Manus
2341 1301 2448 1346 tua!
2495 1293 2745 1348 fecerunt
2791 1311 2878 1350 me
2918 1305 2972 1350 et
3016 1293 3429 1365 plasmaverunt

1845 1403 1951 1449 me,
1993 1405 2010 1434 ι
2052 1387 2130 1438 ait
2181 1387 2250 1439 δι.
2301 1385 2367 1438 Ει
2412 1402 2424 1437 :
2465 1406 2483 1438 ι
2530 1387 2800 1452 Quoniam
2843 1387 3016 1456 ipsius
3047 1399 3130 1443 est
3157 1404 3327 1454 mare,
3375 1396 3430 1441 et

1845 1480 2054 1532 aridam
2089 1477 2461 1532 fundaverunt
2485 1495 2682 1532 manus
2706 1481 2825 1548 ejus
2859 1483 2926 1534 5'.
2958 1501 2974 1530 ι
3011 1483 3247 1535 Rursum
3277 1500 3288 1534 :
3319 1500 3336 1530 ι
3365 1472 3433 1534 Et

1844 1587 2008 1639 opera
2052 1587 2315 1625 manuum
2350 1573 2470 1641 ejus
2504 1580 2634 1625 sunt
2659 1573 2781 1626 cmli
2816 1569 2884 1625 ⁸³.
2929 1591 2948 1623 ι
2993 1571 3134 1625 Sunt
3176 1581 3305 1625 vero
3337 1565 3430 1642 qui

1847 1665 2036 1718 isthzec
2061 1666 2126 1717 ad
2157 1676 2418 1718 manuum
2455 1664 2664 1719 Christi
2692 1665 3142 1734 perforationem,
3175 1655 3338 1735 quam
3376 1658 3430 1718 in

1847 1774 2013 1813 cruce
2044 1774 2243 1829 passus
2272 1767 2377 1824 est,
2408 1759 2599 1814 referri
2626 1760 2968 1814 existiment.
2999 1760 3102 1826 Qui
3130 1762 3276 1814 enim
3335 1774 3435 1812 no-

1849 1852 2220 1921 stri,quorum
2247 1852 2469 1907 nomine
2494 1869 2690 1922 passus
2705 1862 2808 1918 est,
2835 1853 3220 1908 obliviscatur?
3240 1851 3431 1905 Totam

1778 1931 1819 1984 Β
1852 1945 2126 2014 siquidem
2161 1945 2474 2014 passionem
2512 1944 2581 1997 ab
2614 1961 2724 1997 una
2752 1945 2998 2013 ejusdem
3039 1955 3196 2016 parte
3226 1943 3439 2014 signiti-

188 2036 325 2096 cavit.
356 2033 512 2088 Dicas
535 2051 668 2089 vero
695 2044 749 2090 et
780 2039 960 2092 aliter.
989 2041 1156 2092 Aiunt
1181 2044 1327 2095 enim
1356 2058 1452 2097 eos
1486 2043 1540 2095 in
1567 2041 1739 2095 unius
1777 2037 1961 2093 Patris
1993 2038 2238 2091 manibus
2271 2053 2395 2093 esse
2424 2053 2617 2092 omnes
2643 2037 2735 2108 qui
2761 2039 2920 2093 ﬁdem
2980 2032 3222 2108 amplexi
3262 2044 3429 2091 sunt:

185 2123 448 2192 quandode
468 2125 587 2179 suis
612 2127 807 2181 ovibus
832 2129 1059 2199 loquens
1089 2130 1366 2195 Chrisms,
1391 2134 1605 2187 nullum
1647 2147 1740 2186 eas
1785 2129 1854 2184 de
1920 2128 2102 2184 Patris
2139 2129 2226 2184 sui
2270 2127 2517 2183 manibus
2551 2137 2871 2200 erepturum
2911 2170 2926 2197 ,
2991 2136 3054 2184 ut
3123 2137 3437 2201 protectore

187 2218 375 2271 minime
407 2235 599 2272 carere
622 2220 867 2288 doceret,
900 2224 1192 2279 afﬁrmavit
1212 2227 1280 2281 ⁸⁸.

244 2311 396 2379 Τείχη
430 2312 485 2364 δὲ
512 2313 616 2382 τῆς
637 2313 968 2387 Ἐκκλησίας
1000 2321 1049 2372 οἱ
1077 2319 1173 2372 τοῦ
1208 2321 1446 2392 Χριστοῦ
1499 2321 1740 2394 μαθηταὶ

186 2402 258 2454 καὶ
297 2403 603 2469 ἀπόστολοι,
635 2399 711 2456 ὧν
743 2408 803 2459 οὐ
840 2409 1107 2478 λαμϐάνει
1135 2411 1357 2479 λήθην.
1397 2414 1742 2485 Ἑγέγραπτο

185 2496 269 2564 γὰρ
291 2495 460 2546 αὐτῶν
502 2499 564 2549 ἐν
590 2499 844 2569 οὐρανοῖς
862 2502 929 2554 τὰ
964 2503 1207 2573 ὀνόματα
1234 2509 1301 2576 τῇ
1329 2506 1496 2578 βίϐλῳ
1525 2507 1742 2570 ζώντων

185 2585 463 2655 ἐγκείμενα.
500 2589 945 2661 Προηγουμένως
1005 2597 1103 2663 μὲν
1145 2598 1253 2668 γὰρ
1283 2599 1381 2666 τῆς
1413 2595 1744 2671 Ἐκκλησίας

185 2679 345 2746 τεῖχός
367 2683 517 2735 ἐστιν
544 2685 575 2735 ὁ
604 2685 862 2753 Χριστὸς,
900 2686 1092 2757 ὥσπερ
1124 2690 1218 2741 καὶ
1259 2689 1374 2759 φῶς
1393 2707 1407 2722 ο
1440 2693 1499 2742 ἐν
1525 2691 1743 2761 μεθέξει

183 2772 226 2824 δὲ
247 2775 397 2828 αὑτοῦ
426 2777 719 2844 γεγονότες
747 2782 795 2831 oi
835 2782 1078 2851 μαθηταὶ
1107 2782 1314 2836 τούτων
1362 2787 1624 2854 ἑκάτερον
1655 2787 1748 2839 λέ-

185 2880 352 2930 γονται,
377 2869 534 2931 Τινὲς
554 2871 615 2923 δὲ
638 2873 706 2923 τὰ
722 2872 970 2942 παρόντα
994 2874 1291 2943 νοήσαντες
1311 2876 1585 2947 αἰσθητῶς
1609 2919 1622 2942 ,
1663 2879 1752 2940 Ὠς

185 2959 408 3026 παρόντα,
445 2963 609 3028 φασὶ,
642 2963 793 3031 λέγει
822 2964 892 3017 τὰ
924 2965 1211 3034 μέλλοντα.
1252 2969 1438 3022 Πάντα
1465 2970 1574 3039 γὰρ
1599 2969 1752 3038 αὐτῷ

187 3050 398 3118 πάρεστι,
461 3054 564 3106 καὶ
617 3056 1025 3126 προδιαγράφει
1077 3059 1176 3130 τὴν
1234 3061 1566 3129 μέλλουσαν,
1605 3065 1746 3131 μετὰ

185 3141 328 3211 τὴνὲκ
357 3142 687 3209 Βαϐυλῶνος
718 3147 942 3213 ἅλωσιν,
976 3149 1096 3202 τῶν
1124 3149 1345 3220 τειχῶν
1370 3153 1745 3222 οἰκοδόμησιν,

189 3234 250 3294 εἰς
291 3234 355 3302 ἢν
395 3237 678 3306 ἁπήχθης,
716 3239 870 3309 φησι,
904 3241 1326 3310 παιδευόμενος,
1362 3242 1422 3294 οὐ
1461 3244 1560 3311 τῆς
1605 3242 1713 3310 ὲμῆ

179 3328 396 3394 προνοίας
441 3330 851 3392 ὲκπεπτωκώς.
901 3330 1206 3402 Τοιγαροῦν
1248 3336 1302 3388 οἱ
1337 3335 1744 3401 καθελοῦντες

180 3420 654 3489 οίκοδομήσουσι,
704 3424 811 3476 τῶν
848 3425 956 3477 σῶν
1004 3424 1418 3498 ἐξανιστάμενοι
1448 3430 1630 3482 τόπων
1652 3446 1665 3458 ·
1696 3431 1744 3482 εί

175 3507 219 3560 δὲ
239 3513 322 3563 καὶ
352 3513 542 3567 πίστιν
575 3513 743 3585 ἔχεις,
780 3515 889 3583 ὅρα
912 3518 1007 3571 καὶ
1036 3521 1162 3580 τοὺς
1197 3520 1276 3581 εἰς
1308 3520 1365 3572 σὲ
1419 3519 1740 3590 συναχθή-

177 3603 363 3655 σεσθαι
393 3605 722 3674 μέλλοντας.
761 3609 923 3676 Ὄψις
956 3610 1088 3681 γὰρ,
1115 3610 1190 3674 ὡς
1218 3614 1414 3675 εἰπεῖν,
1448 3615 1480 3684 ἡ
1515 3614 1624 3666 τῶν
1651 3632 1743 3666 πι-

177 3691 290 3744 στῶν
313 3695 470 3762 ἀκοὴ,
499 3697 654 3750 καθὰ
684 3702 832 3770 καὶὴ
863 3701 970 3754 τῶν
1003 3704 1325 3773 προφητῶν.
1362 3707 1470 3758 Καὶ
1499 3705 1744 3776 Μιχαίας

176 3784 261 3852 γάρ
283 3803 442 3858 φησιν
469 3803 484 3818 ⁸
515 3791 691 3843 «Ἰδοὺ
721 3791 913 3860 θεωρῶ
937 3794 1028 3846 τόν
1081 3795 1210 3848 λαὸν
1253 3795 1744 3867 διεσκορπισμένον

173 3874 331 3942 ἐντοῖς
377 3880 606 3951 ὄρεσιν.
655 3882 731 3944 ὡς
772 3885 1024 3955 πρόϐατα
1083 3889 1319 3957 ποιμένα
1366 3889 1441 3961 μὴ
1472 3891 1688 3960 ἔχοντα.
1719 3908 1739 3942 ι

174 3965 312 4035 (iactv
334 3967 426 4024 οῦν
456 3975 536 4037 ὡς
569 3973 716 4038 ἕξεις
743 3977 869 4040 τοὺς
901 3978 1214 4049 οἰκήτορας,
1247 3980 1322 4042 ὡς
1344 3979 1582 4050 κόσμον
1623 3981 1745 4035 τινὰ

172 4060 466 4123 νυμφικόν.
494 4061 621 4114 Οὐκ
683 4063 812 4132 ἄρα,
854 4066 1008 4134 φασὶ,
1035 4066 1094 4119 τὸ
1129 4068 1481 4143 κοσμεῖσθαι
1505 4069 1746 4140 νύμφας

170 4143 448 4215 ὰπόδλητον
510 4152 658 4222 πρὸς
706 4156 921 4222 κίνησιν
955 4155 1122 4210 πόθου
1155 4158 1476 4229 συνέχοντος
1506 4161 1606 4227 τὴν
1636 4163 1737 4232 τῆς

171 4238 406 4309 συζυγίας
435 4244 698 4315 ενότητα,
730 4245 801 4318 ἢν
821 4235 1087 4301 ἀδύνατον
1142 4250 1366 4320 ἀγάπης
1423 4255 1744 4307 συνεστᾶναι

169 4332 329 4400 χωρίς-

223 4425 372 4481 Ἀλλά
388 4429 492 4500 τὴν
519 4429 772 4501 ἱστορίαν
787 4431 1038 4501 ἀφέντες,
1058 4434 1149 4487 ἐπὶ
1167 4435 1268 4505 τὴν
1289 4433 1516 4508 πρώτην
1543 4437 1744 4508 ἐξήγη-

169 4529 235 4565 σιν
281 4518 722 4590 ἁναδρέιμωμεν.
759 4523 912 4576 Ἐπεὶ
944 4525 1053 4596 γὰρ
1078 4527 1137 4577 ὲν
1173 4525 1366 4598 βραχεῖ
1414 4529 1590 4600 χρόνῳ
1614 4531 1648 4599 ἡ
1683 4529 1740 4595 ἐξ

1719 3260 1823 3344 ‘c

1923 2314 2063 2367 Sunt
2093 2325 2262 2381 porro
2291 2299 2555 2364 Ecclesia:
2586 2310 2748 2374 muri,
2781 2309 3042 2379 discipuli
3079 2321 3134 2365 et
3165 2312 3435 2381 apostoli,

1850 2423 2086 2478 quorum
2123 2407 2263 2475 ipse,
2300 2403 2446 2473 quod
2471 2405 2691 2456 nomina
2736 2404 2790 2456 in
2825 2405 3000 2467 etelis,
3032 2405 3084 2458 in
3133 2406 3435 2459 viventium

1853 2502 1996 2554 libro
2045 2498 2323 2566 descripta
2372 2496 2611 2551 habeant
2649 2499 2738 2562 ⁵⁵,
2785 2499 3021 2552 oblivisci
3075 2514 3182 2551 non
3231 2509 3436 2568 potest.

1849 2592 2131 2660 Przeciptte
2170 2599 2353 2644 autem
2403 2589 2662 2644 Ecclesiae
2720 2607 2929 2650 murus,
2977 2591 3437 2660 quemadmodum

1849 2689 1901 2734 ct
1932 2681 2138 2742 lumen,
2171 2679 2376 2732 dicitur
2405 2676 2702 2742 Christus;
2749 2679 2842 2732 sed
2889 2679 3174 2747 utriusque
3213 2680 3442 2748 partici-

1849 2773 2068 2842 patione
2093 2772 2186 2840 qui
2237 2771 2357 2838 ejus
2401 2767 2551 2822 fuere
2581 2767 2865 2838 discipuli.
2919 2758 3178 2822 Nonnulli
3224 2772 3328 2823 ista
3370 2770 3436 2823 ad

1851 2880 2115 2918 svnsuum
2144 2861 2357 2931 objecta
2393 2862 2719 2922 referentes,
2758 2861 2965 2924 futura,
2998 2872 3254 2931 tanquam
3300 2878 3440 2932 prae.

1853 2954 2050 3017 sentia,
2076 2951 2445 3005 demonstrari
2475 2953 2842 3005 arbitrantur.
2867 2951 3064 3006 Ornuia
3088 2955 3234 3006 enim
3265 2952 3437 3009 Deum

1853 3046 1906 3098 in
1941 3054 2195 3114 promptu
2235 3045 2458 3104 habere,
2507 3045 2862 3116 fuittramque
2915 3061 3189 3100 murorum
3221 3048 3438 3104 instau—

1855 3139 2123 3191 rationem
2151 3146 2274 3207 post
2299 3137 2648 3208 Babylonica!
2681 3141 2923 3196 civitatis
2950 3143 3436 3211 expugnationem,

1858 3227 1910 3279 in
1942 3240 2127 3294 quam,
2154 3227 2536 3293 castigationis
2569 3240 2722 3296 ergo,
2759 3243 2956 3298 magna
2991 3229 3112 3296 ejus
3147 3230 3440 3300 providen-

1858 3319 1928 3370 tia
1970 3317 2242 3371 deductus
2279 3335 2360 3381 es,
2401 3317 2602 3387 inquit,
2641 3319 2800 3390 longe
2849 3329 2978 3375 ante
3012 3320 3352 3378 describere.
3392 3323 3440 3376 A

1847 3408 2041 3478 quibus
2079 3408 2263 3478 itaque
2289 3409 2564 3462 destructa
2591 3422 2667 3474 es,
2698 3409 2898 3478 inqttit,
2952 3411 3021 3465 ab
3053 3411 3248 3467 iisdem
3271 3413 3438 3468 etiam

1847 3501 1914 3554 de
1945 3501 2056 3554 tuis
2089 3500 2287 3555 ﬁnibus
2312 3501 2986 3569 egressisriustauraberis.
3012 3501 3167 3568 Quod
3199 3505 3246 3558 si
3277 3505 3437 3560 fidem

1848 3592 2042 3657 habes,
2081 3593 2198 3646 vide
2234 3593 2399 3647 etiam
2443 3592 2570 3647 illos
2594 3595 2686 3663 qui
2725 3596 2790 3646 ad
2815 3603 2867 3649 te
2895 3596 3090 3649 coituri
3112 3606 3256 3651 sunt.
3283 3596 3440 3653 Visio

1847 3684 2019 3748 enim,
2053 3677 2117 3736 'ut
2148 3685 2219 3738 ita
2246 3684 2452 3749 (licam,
2495 3685 2614 3755 ipsa
2648 3695 2732 3738 est
2769 3686 3011 3741 ﬁdelium
3039 3689 3252 3744 auditio
3293 3689 3442 3745 sicut

1847 3785 1902 3829 et
1938 3778 2351 3846 prophetarum.
2382 3776 2517 3831 Nam
2549 3789 2603 3832 et
2632 3777 2898 3834 Michaeas
2936 3781 3012 3834 ait
3042 3800 3056 3836 :
3095 3799 3115 3832 ι
3154 3780 3296 3836 Ecce
3336 3798 3438 3853 po-

1848 3869 2036 3938 pulum
2072 3870 2124 3923 in
2153 3870 2437 3925 montibus
2466 3871 2800 3941 dissipatura
2836 3872 3020 3937 video,
3053 3883 3314 3946 tanquam
3342 3875 3438 3947 qui

1851 3968 2083 4030 pastore
2111 3961 2436 4016 destituitur
2475 3958 2543 4016 ⁸⁸.
2577 3980 2596 4013 ι
2623 3960 2840 4018 incolas
2879 3964 3140 4034 deinceps
3175 3974 3438 4036 tanquam

1850 4053 2084 4106 monilia
2111 4071 2386 4122 sponsam,
2417 4055 2732 4109 habituram
2767 4056 3061 4121 significat.
3080 4055 3197 4113 Non
3230 4067 3313 4114 est
3339 4061 3440 4130 lgi-

1850 4156 1961 4206 tur,
1991 4148 2168 4209 aiunt,
2200 4160 2424 4213 sponsas
2449 4149 2637 4200 ornari
2665 4148 2730 4201 ad
2761 4149 2968 4202 amoris
2997 4148 3148 4201 illius
3165 4163 3438 4217 provoca.

1849 4235 2077 4298 tionem,
2119 4237 2212 4306 qui
2256 4235 2499 4307 conjugii
2530 4239 2793 4292 unitatem
2830 4251 3144 4305 conservat,
3170 4255 3293 4307 quae
3313 4241 3436 4298 sine

1847 4329 2146 4384 dilectione
2191 4335 2340 4383 stare
2387 4344 2494 4382 non
2547 4336 2745 4398 potest,
2773 4326 2940 4401 564
2985 4330 3432 4400 improbandum.

1917 4415 2120 4473 Verum
2142 4460 2156 4483 ,
2177 4417 2380 4473 omissa
2401 4419 2654 4483 historia,
2677 4420 2742 4474 ad
2762 4421 2991 4488 primam
3010 4423 3434 4491 explicationem

1848 4518 2211 4565 revertamur.
2260 4507 2530 4575 Quoniam
2579 4509 2726 4564 enim
2771 4509 2922 4564 brevi
2974 4519 3240 4582 tempore,
3281 4524 3437 4584 post-

165 4605 312 4662 ἐθνῶν
381 4613 699 4685 Ἐκκλησία
740 4616 995 4685 συνέστη,
1050 4620 1400 4682 πεπτωκότος
1469 4620 1562 4673 τοῦ
1610 4623 1738 4691 παρ’

1848 4617 2010 4672 quam
2050 4602 2136 4671 pia
2167 4600 2480 4655 Iudaeorum
2535 4601 2781 4654 insututa
2807 4602 3088 4657 observari
3125 4605 3432 4671 desierunt,

173 4696 428 4765 Ἰουδαίοις
472 4702 769 4766 θεοσεϐοῦς
817 4704 1261 4776 πολιτεύματος,
1317 4709 1544 4778 ἐπάγει·
1581 4708 1739 4780 Ταχὺ

165 4789 625 4863 οἰκοδομηθήσῃ,
658 4798 760 4865 ὑφ’
800 4793 881 4851 ὧν
923 4800 1287 4868 καθῄρεθης.
1333 4801 1421 4864 Ὠς
1466 4803 1573 4874 γὰρ
1607 4803 1742 4856 Ἰου-

161 4880 301 4936 δαίων
352 4889 629 4958 ἄρχοντες
688 4892 786 4961 τῆς
830 4893 1209 4964 καθαιρέσεως
1257 4894 1427 4966 αὐτῆς
1453 4897 1742 4965 γεγόνασιν

164 4975 324 5042 αἴτιοι,
346 4980 631 5049 λέγοντες
666 5003 684 5034 ι
720 4984 912 5055 Ἡμεῖς
943 4988 1165 5056 οἴδαμεν
1189 4987 1269 5040 ὃτι
1299 4990 1492 5042 Μωσεῖ
1511 4989 1744 5060 λελάλη-

159 5083 240 5119 κεν
259 5073 286 5122 ὁ
313 5073 471 5136 Θεὸς,
499 5077 694 5129 τοῦτον
721 5077 778 5129 δὲ
803 5079 905 5131 οὐκ
931 5079 1154 5150 οἴδαμεν
1188 5079 1350 5133 πόθεν
1381 5073 1517 5134 ἐστί·
1548 5103 1565 5133 ι
1599 5081 1742 5134 οὕτω

161 5160 307 5212 πάλιν
337 5165 396 5230 ἐξ
427 5168 609 5237 αὐτῆς
665 5163 804 5237 ἦσαν
838 5172 886 5222 οἱ
914 5172 1224 5234 ἀπόστολοι,
1272 5173 1372 5243 τῆς
1420 5173 1742 5243 οἰκοδομῆς

157 5254 242 5322 τῆς
272 5259 397 5321 νέας
433 5260 596 5322 ὄντες
651 5264 914 5332 ἐργάται·
964 5265 1115 5317 αὐτοὶ
1146 5264 1202 5318 δὲ
1235 5266 1284 5318 οἱ
1306 5267 1404 5336 τὴν
1445 5265 1741 5338 Ἰουδαῖκὴν

161 5343 605 5418 ἐθελοθρησκείαν
657 5355 1056 5426 καθῃρηκότες,
1101 5354 1210 5420 οἷος
1239 5359 1266 5410 ὁ
1293 5359 1501 5422 Παῦλος
1526 5358 1700 5427 λέγων
1724 5374 1737 5386 ⁸

162 5451 178 5482 ι
201 5436 255 5488 El
279 5443 388 5510 γὰρ
413 5442 453 5496 ἃ
477 5443 775 5510 κατέλυσα,
836 5447 1010 5500 ταῦτα
1055 5449 1220 5502 πάλιν
1275 5449 1564 5520 οἰκοδομῶ,
1590 5470 1607 5500 ›
1635 5452 1735 5522 τὴν

159 5524 268 5577 νέαν
293 5531 450 5584 Σιὼν
476 5533 626 5587 κατὰ
666 5536 764 5607 τὴν
798 5539 1164 5610 εὐαγγελικὴν
1201 5543 1601 5612 συνεστήσαντο
1631 5557 1735 5595 πο-

217 5635 280 5669 ιοί
295 5639 497 5717 nia-tu].
526 5647 746 5709 xv|,18.
823 5649 869 5680 ⁵³
910 5649 1109 5717 Ephes.
1141 5668 1203 5713 ιι,
1235 5653 1328 5707 ι20.

155 5704 232 5760 ἳ9.
300 5711 350 5742 ⁵⁸
379 5712 529 5770 Luc.
574 5704 740 5782 κζὲθ.

1402 5653 1444 5684 ⁸¹
1467 5652 1819 5717 Psal.cxvm,
1845 5652 1933 5707 75.

819 5720 864 5752 ⁵⁸
896 5717 960 5774 lll
997 5721 1129 5792 lieg.
1181 5740 1310 5791 xxxi,
1345 5723 1450 5790 l7;
1496 5723 1533 5776 ll
1570 5725 1747 5777 l’aral.
1792 5740 1945 5787 xvut,
1993 5723 2082 5777 16.

1847 4695 2086 4748 excitata
2134 4701 2220 4748 est
2264 4691 2505 4746 Ecclesia
2540 4709 2554 4746 :
2589 4691 2708 4747 Cito
2753 4694 3140 4764 wdi/icaberis,
3178 4714 3210 4751 a
3245 4698 3436 4769 quibus

1847 4788 2117 4841 destructa
2159 4783 2366 4855 fueras,
2414 4785 2621 4839 intulit.
2662 4782 2734 4840 Ut
2777 4786 2926 4840 enim
2977 4789 3078 4856 ipsi
3114 4787 3431 4846 Jttdatorum

1847 4880 2146 4949 principes,
2201 4879 2284 4933 sui
2333 4878 2434 4932 sibi
2473 4877 2624 4932 fuere
2675 4879 2871 4934 excidii
2916 4892 3192 4946 auctores,
3231 4884 3323 4954 qui
3372 4901 3434 4940 se

1849 4972 2018 5024 lloum
2067 4986 2191 5024 cum
2247 4969 2394 5024 llose
2435 4970 2768 5022 collocutum
2814 4987 2938 5027 esse
2986 4973 3129 5027 scire
3166 4974 3387 5044 quidem
3415 5016 3431 5036 ,

1848 5063 2128 5118 Christum
2162 5073 2343 5115 autem
2375 5063 2517 5116 unde
2546 5071 2693 5116 esset
2730 5063 2988 5132 ignorare
3020 5065 3318 5129 dixerunt;
3347 5067 3429 5118 sic

1843 5168 1908 5209 ex
1955 5155 2092 5225 ipsis
2150 5169 2374 5207 rursum
2437 5155 2714 5223 apostoli,
2770 5157 3010 5212 recentis
3054 5157 3430 5226 wdiﬁcationia

1843 5245 2071 5315 opilices
2102 5245 2457 5298 exstiterunt.
2507 5246 2622 5298 lmo
2647 5257 2700 5298 et
2730 5245 2856 5315 ipsi,
2896 5247 3074 5300 deleta
3109 5244 3428 5300 Judzcorum

1841 5335 2229 5407 superstitione.
2277 5338 2358 5405 (ut
2411 5335 2477 5389 de
2519 5352 2577 5390 se
2633 5336 2719 5390 his
2752 5337 2936 5392 verbis
2973 5357 2984 5390 :
3025 5356 3042 5385 σ
3095 5339 3148 5390 Si
3179 5353 3300 5407 qua:
3325 5353 3429 5405 ego

1841 5430 2112 5492 destruxi,
2142 5429 2339 5482 iterum
2367 5429 2579 5482 .L-dilico
2608 5429 2675 5492 ⁸⁷,
2725 5449 2742 5481 ι
2789 5440 2919 5490 etc.,
2944 5439 3180 5484 testatur
3202 5428 3428 5498 Paulus)

1777 5529 1782 5534 ’
1845 5519 2062 5575 Sionem
2095 5527 2371 5574 recentem
2396 5535 2462 5574 ex
2483 5519 2761 5591 Evangelii
2787 5520 3063 5587 instituto,
3094 5519 3299 5576 Davide
3349 5529 3432 5575 te-

2010 5653 2056 5683 "
2085 5651 2235 5706 Psal.
2257 5666 2381 5714 va,
2413 5651 2467 5706 6.
2576 5652 2622 5684 ³³
2655 5653 2796 5710 Psal.
2832 5653 3014 5720 0,26.

3090 5654 3136 5688 ⁸³
3167 5653 3328 5712 Joau.
3373 5673 3430 5726 ι,

2159 5723 2202 5752 ⁵⁷
2234 5721 2411 5777 Galat.
2445 5737 2502 5789 ιι,
2540 5721 2628 5779 18.

1451 5813 1674 5870 ΥΑΠΙᾹΞ
1697 5813 2100 5871 LECTIONES.

239 5890 261 5930 ί
286 5893 370 5950 ῖσ.
400 5899 464 5949 λ.
499 5898 617 5953 καί.
