3998 6390
565 415 710 484 2479

1898 410 2250 471 PROCOPII
2291 411 2532 470 ΟΑΖᾸΞΙ

3655 411 3770 477 2480

564 539 670 589 ste,
705 529 1153 584 construxerunt,
1178 521 1270 592 qui
1297 520 1575 591 principes
1596 535 1692 576 eos
1723 513 1893 589 super
1923 534 2144 574 omnem

2267 519 2475 574 ιιτείαν.
2503 519 2634 604 ῌερὶ
2661 511 2734 570 ὧν
2765 533 2897 586 φησι
2934 517 3030 569 καὶ
3054 515 3243 569 Δαὸίδ⁸
3280 533 3300 567 ι
3327 517 3677 588 Καταστήσεις
3693 525 3773 574 αύ-

561 629 771 671 terram
811 615 980 668 Deum
1002 629 1124 669 esse
1157 613 1594 668 constituturum
1618 612 1951 667 vaticinatus
1976 620 2062 666 est
2081 610 2146 666 ⁸³.

567 707 770 763 Verum
800 718 998 776 praeter
1049 705 1206 770 istos,
1241 713 1298 757 ct
1332 705 1426 760 alii
1461 705 1630 761 etiam
1661 706 2024 776 sequentibus
2057 706 2145 760 in-

568 800 845 862 dicantur,
881 797 976 866 qui
1013 795 1225 852 Sionem
1275 798 1499 869 quidem
1538 803 1848 862 vastarunt,
1893 799 1990 853 sed
2038 813 2152 852 non

570 893 953 947 instaurarunt
983 907 998 943 :
1041 889 1107 945 de
1143 891 1363 959 quibus,
1396 899 1445 944 et
1469 891 1558 960 qui
1587 900 1634 944 te
1661 890 2032 946 desolaverunt
2061 905 2151 944 ue-

568 987 710 1038 nient
745 999 810 1036 ea:
847 990 913 1043 te,
971 981 1196 1051 adjecit.
1252 982 1406 1048 Quod
1439 984 1604 1038 etiam
1644 983 1950 1038 secundum
1981 983 2152 1038 histo-

573 1075 730 1138 riam,
779 1083 903 1144 post
951 1073 1242 1129 conflatam
1270 1091 1299 1129 e
1333 1076 1590 1145 gentibus
1626 1074 1927 1130 Ecclesiam
1961 1076 2155 1132 obser-

569 1173 758 1219 vatum
787 1172 900 1226 est;
933 1179 1058 1217 cum
1092 1163 1668 1220 sensibiliJerusalem
1707 1163 1912 1219 Judaais
1961 1165 2153 1220 adem-

574 1269 687 1328 pta,
717 1257 805 1326 pia
835 1272 1058 1326 quoque
1091 1257 1244 1310 urbis
1275 1255 1564 1325 disciplina
1587 1257 1800 1311 sublata
1823 1267 1926 1310 est.
1952 1256 2156 1312 Deinde

572 1359 831 1417 tanquam
857 1361 1064 1416 sponsa
1083 1345 1319 1415 alicujus
1346 1346 1450 1400 sibi
1485 1346 1780 1399 liberorum
1804 1345 2157 1398 multitudine

573 1439 842 1511 placentis
874 1453 1167 1510 personam
1209 1437 1441 1497 inducit.
1484 1436 1553 1490 ad
1592 1451 1824 1505 eamque
1863 1437 1938 1490 ait
1970 1453 1984 1490 :
2023 1434 2156 1490 Leva

573 1537 630 1588 in
659 1532 890 1586 circuitu
932 1531 1112 1584 oculos
1140 1539 1257 1584 tuos
1293 1539 1341 1583 et
1378 1528 1492 1583 vide
1525 1545 1728 1584 omnes.
1773 1529 1858 1591 Et,
1893 1529 2019 1597 quia
2045 1544 2158 1581 om-

575 1625 730 1679 nibus
770 1623 904 1689 illis,
949 1631 1206 1692 tanquam
1251 1632 1562 1676 ornamento
1616 1620 1879 1674 vestieris.
1921 1620 2158 1686 Quinam

575 1726 756 1766 autem
787 1711 879 1765 isti
909 1727 1086 1764 omnes
1124 1718 1332 1775 essent,
1377 1719 1431 1763 et
1469 1711 1633 1770 unde.
1669 1709 2159 1779 superiusimlica-

578 1802 690 1868 vit;
729 1817 855 1856 cum
891 1800 1139 1872 undique
1167 1817 1196 1855 a
1219 1809 1461 1872 quatuor
1493 1801 1676 1855 mundi
1699 1800 1876 1872 plagis
1907 1800 1974 1856 de
2002 1800 2162 1871 longe

2253 611 2375 672 τοὺς
2395 611 2664 680 ἄρχοντας
2695 611 2790 661 ἐπὶ
2818 610 3000 659 πᾶσαν
3031 609 3127 675 τὴν
3152 607 3274 676 γῆν.
3297 624 3316 657 ι
3342 606 3552 676 Ἕτεροι
3577 609 3629 662 δὲ
3653 614 3778 682 παρὰ

2253 703 2474 764 τούτους
2496 701 2782 769 δηλοῦνται
2809 700 2897 752 διὰ
2921 699 3032 751 τῶν
3062 698 3210 768 ἑξῆς,
3240 698 3291 750 oi
3315 699 3679 768 ἐρημώσαντες
3699 706 3779 772 μὲν

2252 794 2349 866 τὴν
2407 793 2578 859 Σιὼν,
2610 792 2671 845 ού
2729 792 2835 862 μὴν
2897 793 2993 844 καὶ¹
3040 789 3509 859 οίκοδομήσαντες.
3555 795 3676 863 Περὶ
3719 791 3781 850 ὧν

2253 906 2406 958 φησι,
2442 887 2536 941 καὶ
2567 889 2622 940 οἱ
2643 882 3060 954 ἐρημώσαντες
3086 884 3155 937 ἐκ
3183 883 3300 938 σοῦ
3360 883 3780 948 ἐξελεύσονται·

2252 983 2281 1034 ὃ
2313 981 2406 1034 καὶ
2439 979 2562 1034 καθ’
2615 979 2856 1049 ἱστορίαν
2905 975 3162 1040 ἐσώζετο,
3218 975 3358 1044 μετὰ
3415 974 3510 1045 τὴν
3556 975 3613 1038 ἐξ
3649 976 3784 1030 ἐθνῶν

2269 1072 2594 1144 Ἐκκλησίαν
2613 1069 2709 1124 τοῦ
2738 1069 2849 1122 τῶν
2880 1067 3150 1122 Ἰουδαίων
3175 1066 3364 1128 ιονους
3409 1066 3782 1132 ἐκπεπτωκότας

2253 1165 2350 1232 τῆς
2375 1162 2641 1232 αἰσθητῆς
2676 1159 3056 1232 Ἰερουσαλὴμ,
3091 1159 3228 1229 πρὸς
3265 1157 3346 1228 τῷ
3388 1157 3599 1210 καὶτοῦ
3638 1159 3783 1212 θεοσε-

2257 1254 2384 1318 ϐοῦς
2405 1253 2797 1325 πολιτεύματος
2824 1255 3104 1308 ἐκπεσεῖν.
3133 1251 3290 1306 Μετὰ
3316 1248 3488 1304 ταῦτα
3541 1267 3787 1321 προσωπο-

2260 1349 2406 1400 ποιεῖ
2458 1345 2712 1418 καθάπερ
2753 1345 2880 1400 τινὰ
2930 1344 3178 1413 νύμφην
3226 1343 3322 1395 ἐπὶ
3378 1339 3571 1410 πλήθει
3621 1342 3790 1395 τέκνων

2257 1437 2517 1507 κομῶσαν
2561 1437 2701 1508 πρὸς
2741 1438 2809 1509 ἣν
2849 1451 3048 1508 φησιν’
3085 1431 3272 1502 Ἀρον
3291 1433 3493 1494 κύκλῳ
3551 1433 3680 1499 τοὺς
3703 1436 3790 1504 ὃς)-

2258 1530 2527 1600 θωμοὺς
2555 1545 2692 1592 σου,
2733 1529 2834 1582 καί
2866 1528 2958 1582 ιδε
2989 1527 3241 1591 πάντας.
3285 1524 3418 1586 Καὶ,
3453 1525 3571 1576 Ὅτι
3599 1524 3794 1593 πάντας

2258 1620 2501 1686 αὐτοὺς,
2541 1620 2622 1686 ὡς
2672 1621 2906 1688 κόσμον
2933 1661 2948 1686 ,
3005 1617 3257 1684 ἐνδύσῃ.
3295 1617 3458 1677 Τίνας
3497 1614 3550 1667 δὲ
3600 1616 3794 1684 πάντας

2260 1713 2355 1766 καὶ
2384 1711 2551 1764 πόθεν
2590 1709 2797 1776 ἐδίδαξε
2825 1709 3124 1781 προειπών·
3152 1729 3169 1760 ι
3199 1705 3336 1762 Ἰδοὺ
3375 1702 3521 1760 οῦτοι
3556 1708 3799 1779 πόρρωθεν

2261 1805 2451 1876 ἥξουσι
2475 1803 2606 1872 περὶ
2641 1803 2751 1857 τῶν
2786 1803 3070 1872 τεσσάρων
3121 1801 3405 1870 κλιμάτων
3428 1840 3444 1865 ,
3501 1799 3656 1854 εἰπὼν
3675 1804 3696 1841 ε
3723 1803 3797 1868 οὓς

582 1905 843 1951 venturos
883 1895 1040 1961 dixit,
1073 1909 1213 1964 quos
1251 1909 1346 1964 per
1377 1892 1599 1960 Sponsa?
1647 1893 1854 1949 Chri5ti
1886 1909 2163 1948 ornamen-

2267 1897 2362 1951 καὶ
2392 1899 2628 1965 κόσμον
2656 1896 2757 1968 τῆς
2799 1896 2894 1950 τοῦ
2943 1894 3182 1967 Χριστοῦ
3227 1895 3474 1964 νύμφης
3514 1895 3794 1964 Ἐκκλησίας

584 1996 694 2040 tum
731 1983 1084 2056 significavit.
1120 1984 1444 2038 Animorum
1488 1984 1632 2037 enim
1675 1984 1791 2054 ipsa
1834 1984 2162 2038 ornamentis

583 2076 1028 2138 commendatur,
1057 2075 1376 2128 eorumdem
1407 2073 1725 2138 virtutibus,
1755 2073 2027 2144 donisque
2051 2075 2164 2146 spi-

586 2168 905 2230 ritualibus,
963 2175 1223 2236 tanquam
1280 2166 1542 2236 pretiosis
1596 2166 1894 2236 lapidibus,
1921 2167 2166 2221 circurn-

583 2261 812 2315 amicta.
839 2259 978 2314 llinc
1006 2268 1088 2313 est
1117 2259 1284 2329 igitur
1309 2258 1458 2329 quod
1493 2274 1612 2313 eam
1640 2259 1844 2315 vestitu
1877 2259 2164 2324 deaurato,

583 2359 644 2407 et
672 2351 827 2406 vario
861 2351 942 2407 sic
992 2350 1179 2404 ornari
1216 2347 1500 2421 Scriptura
1547 2357 1781 2406 testatur
1810 2351 1876 2418 '9,
1925 2359 1986 2405 ut
2035 2350 2168 2406 illud

586 2458 653 2496 ex
717 2454 780 2494 ea
824 2440 1055 2511 quilibet
1113 2439 1321 2510 gratias
1383 2448 1608 2496 acturus
1653 2438 1814 2495 facile
1859 2448 2136 2509 usurpet:

593 2551 614 2586 ι
657 2531 898 2587 Laetatur
941 2531 1124 2585 anima
1144 2546 1263 2586 mea
1302 2533 1354 2584 in
1404 2529 1655 2585 Domino.
1691 2531 1872 2585 Induit
1900 2531 2049 2585 enim
2084 2545 2174 2586 me

586 2624 920 2680 vestimento
960 2622 1178 2685 salutis,
1231 2628 1284 2677 et
1323 2621 1510 2677 tunica
1549 2621 1774 2676 laetitia).
1805 2620 2018 2676 Ornatu
2058 2636 2168 2688 me,

589 2724 850 2786 tanquam
880 2729 1168 2786 sponsum,
1193 2723 1248 2770 et
1279 2728 1438 2782 zona,
1462 2721 1721 2783 tauquam
1750 2729 2036 2782 sponsam,
2062 2713 2174 2768 cir-

590 2807 872 2864 cumdedit
897 2807 965 2863 “.
1007 2825 1026 2858 ›
1055 2805 1314 2862 Nonnulli
1349 2807 1514 2862 verba
1540 2806 1646 2862 ista
1672 2806 1737 2862 ad
1766 2807 2020 2871 salutem,
2054 2821 2175 2877 qua:

593 2901 786 2956 ultimo
803 2898 1018 2954 tandem
1039 2898 1318 2954 lsraelitas
1353 2897 1514 2970 565
1535 2906 1746 2961 manet,
1771 2913 1896 2953 cum
1928 2899 2172 2970 gentium

591 2991 877 3062 plenitudo
912 2991 1161 3061 ingressa
1195 2989 1363 3046 fuerit
1400 2990 1470 3057 ⁸⁸,
1503 2989 1855 3046 referendum
1891 2991 2174 3046 arbitran—

593 3093 704 3138 lttl'.
1093 3139 1101 3145 _

669 3176 893 3240 Deinde,
926 3174 994 3229 Et
1017 3175 1225 3230 deserta
1260 3184 1353 3229 tua
1399 3175 1712 3244 angustiora
1751 3175 1930 3246 faciet,
1969 3175 2170 3246 inquit.

2265 1989 2441 2044 καλεῖ.
2485 1989 2699 2059 Ψυχαῖς
2756 1988 2867 2059 γὰρ
2886 1987 3024 2058 αὑτὴ
3063 1989 3346 2056 κοσμίως
3375 1985 3697 2056 σεμνύνεται,
3719 1990 3797 2050 τὰς

2265 2081 2445 2135 αὐτῶν
2500 2083 2740 2154 ἀρετὰς,
2798 2083 2893 2136 καὶ
2947 2081 3018 2134 τὰ
3083 2080 3439 2150 πνευματικὰ
3481 2079 3671 2132 τούτων
3721 2099 3798 2150 χαι

2268 2177 2508 2245 ρίσματα
2535 2217 2550 2238 ,
2595 2176 2715 2228 ἀντὶ
2746 2174 2909 2228 λίθων
2954 2174 3155 2244 τιμίων
3205 2173 3585 2244 περικειμένη.
3636 2174 3797 2245 Διόπερ

2267 2267 2436 2338 αὐτὴν
2504 2266 2785 2338 ἱματισμῷ
2853 2264 3176 2337 περιχρύσῳ
3255 2265 3354 2318 καὶ
3436 2263 3798 2334 πεποικιλμένῳ

2268 2359 2644 2431 κεκοσμῆσθαι
2693 2359 2858 2428 φησὶν
2884 2360 2916 2428 ἡ
2942 2358 3135 2428 Γραφῇ
3203 2361 3280 2420 ὼς
3312 2355 3543 2410 ἕκαστον
3569 2355 3623 2420 ἐξ
3664 2357 3800 2426 αὐτῆς

2269 2453 2694 2524 εύχαριστοῦντα
2750 2451 2930 2519 λέγειν
2976 2466 2990 2480 ’
3032 2449 3455 2518 (Ἀγαλλιάσθω
3485 2451 3518 2519 ἡ
3567 2449 3698 2519 ψυχή
3723 2467 3796 2518 μου

2269 2547 2362 2612 ἐπὶ
2404 2545 2484 2618 τῷ
2535 2545 2724 2615 Κυρίῳ
2763 2560 2778 2574 ο
2835 2544 3050 2597 ἐνέδυσε
3112 2543 3222 2614 γάρ
3280 2559 3349 2613 με
3405 2541 3611 2612 ἱμάτιον
3661 2558 3800 2612 σωτη-

2275 2639 2390 2709 ρίου
2461 2640 2558 2690 κα)⁸
2613 2636 2818 2708 χιτῶνα
2863 2635 3206 2705 εὐφροσύνης
3238 2649 3254 2666 ·
3313 2633 3391 2698 ὡς
3450 2634 3657 2704 νυμφίῳ
3683 2651 3799 2705 περι-

2273 2727 2437 2798 έϐηκέ
2493 2745 2583 2799 μοι
2622 2727 2850 2798 κόσμον,
2891 2728 2986 2779 καὶ
3039 2725 3115 2790 ὡς
3167 2724 3361 2794 νύμφη
3413 2724 3689 2794 περιέθηκέ
3736 2742 3802 2795 μοι

2277 2822 2497 2892 μίτραν.
2537 2839 2557 2874 ι
2593 2819 2750 2883 Τινὲς
2781 2819 2837 2873 δὲ
2881 2819 2943 2872 τὸ
2975 2817 3148 2888 παρὸν
3199 2817 3366 2888 ῥητὸν
3406 2815 3596 2886 δηλοῦν
3640 2816 3804 2884 ἔφασαν

2272 2911 2372 2982 τὴν
2397 2913 2483 2964 ἐπ’
2517 2912 2750 2982 ἐσχάτου
2802 2911 2913 2964 τῶν
2958 2909 3017 2975 ἐξ
3063 2908 3278 2980 Ἰσραὴλ
3335 2911 3624 2979 σωτηρίαν,
3661 2906 3726 2961 ὅτ’
3756 2907 3806 2959 ἂν

2273 3005 2334 3056 τὸ
2360 3002 2632 3073 πλήρωμα
2659 3002 2770 3055 τῶν
2794 3000 2963 3054 ὲθνῶν
2983 3001 3221 3072 εἰσέλθῃ.

2347 3174 2481 3233 Εἶτά
2504 3197 2657 3249 φησι,
2707 3180 2818 3234 Καὶ
2853 3181 2927 3235 τὰ
2985 3178 3173 3248 ἔρημά
3219 3193 3342 3235 σου
3384 3178 3807 3248 στενοχωρήσει.

597 3265 692 3322 Est
719 3265 863 3320 enim
907 3266 962 3319 itt
1003 3265 1462 3319 circumcisornm
1506 3265 1686 3319 locum
1750 3265 1869 3336 ipsa
1923 3268 2164 3335 gentium

2288 3270 2436 3323 Ἀντὶ
2467 3247 2576 3341 γὰρ
2609 3270 2716 3322 τῶν
2750 3272 2816 3323 ἐκ
2851 3247 3188 3341 περιτομῆς,
3219 3269 3282 3323 τὸ
3308 3270 3421 3324 τῶν
3453 3247 3615 3324 ἐθνῶν
3639 3271 3813 3323 ἁντεισ·

594 3358 744 3415 intro
778 3357 1022 3412 admissa
1069 3355 1360 3410 multitudo
1391 3373 1404 3409 :
1440 3371 1540 3426 pro
1589 3358 1813 3426 quibus,
1865 3357 1953 3427 qui
1994 3365 2044 3410 te
2078 3355 2164 3409 ab-

2276 3361 2564 3432 ενήνεκται
2598 3361 2821 3430 πλῆθος.
2867 3361 3007 3414 Ἀνθ⁹
3034 3355 3109 3416 ὧν
3137 3378 3304 3430 φησιν
3327 3377 3342 3391 ·
3383 3363 3447 3415 υι
3497 3361 3812 3414 καταπίνον-

597 3451 898 3516 sorbebant,
927 3450 1079 3520 longe
1113 3448 1475 3520 fugabuutur;
1505 3448 1628 3503 falsi
1655 3450 1914 3504 nituirum
1942 3449 2164 3519 prOpbe-

2277 3453 2376 3518 τές
2392 3469 2485 3517 σε,
2503 3451 3038 3522 μακρυγθήσονται
3062 3469 3078 3484 ·
3097 3453 3549 3525 ψευδοπροφῆται
3572 3452 3810 3522 δηλονότι,

598 3550 687 3606 ιω,
749 3549 802 3596 et
866 3540 1037 3596 duces
1101 3539 1310 3610 populi,
1359 3557 1500 3610 quos
1557 3541 1719 3611 pleno
1765 3555 1863 3595 ore
1915 3541 2175 3611 populum
2278 3546 2373 3599 καὶ
2404 3544 2710 3616 καθηγηταί
2737 3545 2830 3598 τοῦ
2865 3545 3018 3610 λαοῦ,
3044 3546 3173 3614 περὶ
3196 3538 3271 3599 ὧν
3295 3546 3502 3613 ἐλεγενο
3537 3544 3814 3599 Οίκαταπίο

600 3649 764 3689 suum
812 3631 1114 3688 absorbere
1152 3634 1598 3701 conquerebatur
1648 3631 1935 3686 Dominus.
1978 3631 2164 3685 Locum

2278 3654 2463 3699 νοντες
2488 3636 2582 3690 τὸν
2611 3635 2739 3690 λαόν
2765 3654 2866 3707 μου
2889 3637 2993 3708 ὅλῳ
3010 3637 3087 3708 τῷ
3111 3638 3366 3708 στόματι.
3392 3631 3524 3690 Εἶτα
3547 3638 3662 3700 τοὺς
3683 3637 3815 3700 υἱοὺς

599 3723 802 3779 deinde
832 3722 1093 3779 Ecclesiae
1143 3725 1489 3794 ampliorem,
1540 3732 1764 3794 pr0pter
1810 3723 2164 3794 frequentiam

2278 3731 2378 3799 τῆς
2419 3729 2746 3799 Ἐκκλησίας
2776 3729 2986 3797 εἰσάγει
3009 3732 3187 3784 τόκον
3211 3729 3502 3792 αἰτοῦντας
3531 3728 3614 3781 διὰ
3633 3729 3685 3781 τὸ
3705 3727 3814 3794 πλῆ-

600 3825 656 3870 et
685 3814 921 3884 copiam,
961 3816 1304 3884 postulantes
1353 3817 1517 3883 ﬁlios,
1556 3817 1650 3884 qui
1697 3824 1827 3872 ante
1877 3818 2177 3886 perierant,

605 3905 780 3959 facit:
816 3904 1072 3972 indeque,
1121 3923 1249 3973 quos
1303 3907 1604 3974 perdidisti,
1661 3907 1884 3976 adjecit,
1941 3923 2178 3976 quorum

604 4013 824 4053 rursum
856 3997 1222 4068 frequentimn
1269 4000 1560 4066 demirata,
1615 3999 1927 4056 Judaaorum
1976 4003 2184 4057 orbita-

604 4101 713 4145 tem
755 4091 1027 4161 agnoscit,
1084 4106 1236 4160 seque
1274 4091 1385 4145 sine
1447 4091 1648 4156 liberis,
1699 4101 1748 4145 et
1809 4093 2020 4146 uiduam
2071 4109 2184 4148 esse

605 4182 918 4237 confitetur.
958 4181 1115 4248 Quod
1149 4183 1193 4236 si
1227 4182 1295 4238 de
1345 4183 1601 4251 gentibus
1658 4183 2006 4255 intelligitur,
2070 4193 2184 4239 sta-

2281 3821 2373 3883 Οος
2399 3820 2756 3891 πλατύτερον,
2785 3822 2984 3896 οἵτινες
3023 3817 3162 3892 ἦσαν
3187 3822 3246 3874 ὲν
3277 3821 3531 3891 ἀπωλείᾳ
3566 3820 3622 3872 τὸ
3659 3820 3817 3887 upon.

2287 3927 2397 3981 ρον.
2426 3911 2778 3982 ὈΘενῠφησὶν
2810 3912 2916 3977 οὓς
2942 3913 3286 3978 ἀπώλεσας,
3313 3909 3391 3967 ὧν
3418 3913 3478 3966 τὺ
3501 3911 3690 3982 πλῆθος
3713 3911 3818 3962 Gau-

2287 4001 2554 4070 μάζουσα,
2604 4003 2702 4072 τὴν
2737 4003 2802 4055 ὲκ
2852 4003 2961 4056 τῶν
3029 4003 3299 4057 Ἰουδαίων
3331 4002 3580 4058 ἀτεκνίαν
3609 3999 3818 4070 ὁμολογεῖ

2284 4093 2551 4162 λέγουσα·
2599 4093 2748 4164 Ἐγὼ
2785 4094 2854 4148 δὲ
2881 4097 3132 4163 ἄτεκνος
3166 4099 3263 4152 καί
3316 4098 3493 4166 χήρα.
3538 4097 3598 4149 Εἰ
3637 4095 3688 4146 δὲ
3719 4092 3820 4160 περὶ

2285 4185 2392 4239 τῶν
2415 4186 2585 4240 ἐθνῶν
2612 4191 2804 4252 νοοῖτο,
2853 4187 3006 4257 δηλοί
3037 4189 3134 4260 τὴν
3187 4189 3467 4260 προτέραν
3518 4187 3684 4241 αὐτῶν
3717 4183 3819 4252 πρὶν

606 4285 744 4339 tum,
781 4276 838 4331 in
871 4291 982 4346 quo
1036 4283 1248 4336 essent,
1301 4275 1624 4344 priusquam
1683 4285 2032 4339 vocarentur,
2092 4275 2188 4329 de-

607 4375 880 4421 monstret
905 4380 1134 4420 neceSse
1177 4375 1281 4417 est.
1329 4362 1424 4417 Est
1459 4378 1590 4418 vero
1621 4363 1735 4428 isti,
1769 4363 1914 4432 quod
1954 4363 2066 4429 hic,
2098 4363 2186 4432 {ac

2286 4277 2552 4348 κληθῆναι
2587 4280 2944 4334 κατάστασιν.
2991 4281 3292 4350 Σύμφωνον
3347 4281 3406 4334 δὲ
3459 4279 3554 4350 τῷ,
3604 4276 3822 4342 ποίησόν

2282 4388 2383 4440 μοι
2401 4372 2592 4424 τόπον
2609 4410 2624 4434 ,
2645 4371 2706 4424 τὸ
2740 4391 2756 4422 ι
2777 4371 3051 4424 Πλάτυνον
3082 4373 3173 4424 τὸν
3193 4373 3360 4425 τόπον
3387 4375 3486 4441 τῆς
3517 4370 3705 4438 σκηνῆς
3728 4383 3816 4418 σου.

607 4458 736 4510 mihi
766 4460 962 4517 locum,
1017 4456 1303 4519 habemus,
1341 4455 1490 4510 aliud
1526 4472 1634 4509 non
1670 4457 2058 4526 incongruum,
2093 4458 2164 4511 ub

2289 4462 2397 4514 Καὶ
2428 4461 2549 4534 [τὰς
2575 4461 2774 4534 δέρεις]
2811 4464 2918 4515 τῶν
2951 4463 3190 4517 αὑλαίων
3215 4481 3310 4517 σου
3345 4463 3536 4532 πῆξον.
3566 4461 3650 4531 Μὴ
3671 4459 3818 4527 φεισῇ,

607 4551 849 4618 legitur:
886 4567 904 4599 ι
946 4547 1120 4602 Dilata
1164 4549 1346 4602 locum
1392 4549 1732 4603 tabernaculi
1773 4550 1871 4613 tui,
1906 4550 2164 4620 pellesqut

2292 4552 2369 4606 ἔτι
2404 4554 2484 4615 εἰς
2521 4551 2591 4605 τὰ
2618 4553 2788 4618 δεξιὰ,
2843 4555 2936 4607 καὶ
2967 4556 3046 4616 είς
3078 4555 3148 4607 τὰ
3184 4554 3456 4626 ἀριστερὰ
3488 4552 3815 4607 ὲκπέτασον.ι

610 4641 968 4694 tentoriorum
1016 4647 1238 4693 tuorum
1301 4639 1417 4710 fige.
1466 4639 1546 4694 Ne
1587 4655 1821 4710 parcas;
1881 4642 2064 4695 adhuc
2117 4656 2164 4694 at

2290 4642 2463 4696 Τοῦτο
2487 4643 2542 4695 δὲ
2573 4644 2667 4695 καὶ
2695 4645 2795 4714 τῆς
2826 4645 2976 4715 παρὰ
3009 4645 3202 4700 Μωσεῖ
3239 4647 3448 4716 σκηνῆς
3489 4643 3556 4697 τὰ
3592 4644 3724 4712 μήκη
3749 4636 3818 4689 καὶ

610 4731 858 4786 dextram
890 4741 944 4784 et
976 4731 1164 4790 la:vam
1216 4731 1449 4787 extende
1496 4733 1568 4785 ".
1619 4750 1638 4784 ι
1675 4732 1821 4786 istud
1877 4741 2060 4785 autem
2106 4749 2164 4785 ve

2291 4737 2466 4806 πλάτη
2491 4738 2660 4806 δηλοῖ.
2681 4738 2928 4811 Λεγούσῃ
2945 4740 3024 4804 δὲ,
3043 4741 3138 4807 Τίς
3159 4739 3454 4810 ἐγέννησέ
3465 4756 3565 4809 μοι
3582 4737 3816 4793 τούτους;

611 4821 732 4889 ipsa
756 4821 978 4876 Mosaici
1009 4823 1353 4877 tabernaculi
1407 4823 1731 4893 magnitudo
1774 4822 2164 4894 amplitudoqn:

2288 4830 2509 4883 λεκτέον
2532 4847 2546 4860 '
2593 4831 2658 4884 Ἦ
2690 4832 2878 4896 πίστις
2911 4834 2946 4904 ἡ
2972 4835 3029 4886 ὲν
3058 4834 3301 4905 Χριστῷ,
3329 4833 3493 4895 αύτός
3516 4849 3570 4883 τε
3589 4829 3724 4889 Θεός.
3749 4827 3814 4882 ’ος

614 4913 939 4969 iudicarint.
966 4914 1169 4970 Verum
1206 4919 1488 4972 enimvero
1508 4919 1625 4988 quis
1667 4919 1767 4972 sibi
1802 4920 1930 4972 istos
1955 4919 2164 4990 genueri

2289 4924 2385 4976 καὶ
2435 4922 2818 4996 πυνθανομένῃ
2865 4925 3064 4995 φησίνο
3118 4924 3274 4980 Ἰδοὺ
3325 4924 3471 4993 αιρω
3501 4925 3582 4989 εις
3621 4920 3686 4974 τὰ
3710 4919 3814 4978 ἔθνη

609 5008 902 5080 quaerenti,
948 5007 1080 5063 fides
1113 5011 1167 5062 in
1198 5008 1441 5074 Christo,
1491 5008 1742 5080 Deusque
1793 5011 1910 5080 ipse
1952 5025 2164 5080 responl

2290 5013 2406 5080 τὴν
2439 5014 2604 5084 χεῖρά
2618 5033 2760 5085 μου,
2793 5017 2888 5069 καὶ
2913 5016 2984 5069 τὰ
3016 5016 3143 5085 ἑξῆς
3163 5032 3176 5046 ο
3219 5015 3394 5085 δηλῶν
3423 5017 3583 5068 πόθεν
3612 5005 3821 5082 ἥξειτῶγ

611 5099 850 5154 dendutn
883 5107 988 5164 est,
1021 5101 1110 5169 qui
1156 5101 1318 5155 etiam
1360 5101 1658 5171 postulanti
1693 5104 1984 5171 respondet
2013 5119 2026 5156 :
2062 5101 2164 5156 Ecc

2292 5104 2439 5159 υἱῶν
2458 5105 2612 5174 αὐτῇ
2643 5109 2741 5160 καὶ
2772 5107 3115 5176 θυγατέρων
3133 5106 3194 5160 τὸ
3227 5106 3450 5176 πλῆθος,
3489 5103 3648 5173 χεῷα
3677 5096 3820 5154 καλῶν

610 5192 751 5248 elevo
777 5207 935 5260 super
970 5201 1148 5263 gentes
1177 5209 1393 5245 manum
1422 5209 1614 5257 meam,
1643 5202 1698 5248 et
1736 5210 1859 5262 quin
1889 5193 2152 5264 deinceps

2291 5195 2391 5266 τὴν
2433 5195 2570 5248 ἰδίαν
2602 5197 2754 5266 ἰσχύν
2786 5213 2846 5248 τε
2882 5196 2979 5249 καὶ
3007 5195 3259 5265 δύναμιν,
3291 5196 3380 5248 τὸν
3411 5193 3659 5265 Χριστὸν,
3680 5189 3731 5250 ὃς
3756 5185 3823 5237 διὰ

613 5283 692 5336 ita
722 5283 996 5349 videlicet,
1031 5282 1178 5336 unde
1208 5283 1256 5336 ei
1286 5283 1522 5351 ﬁliorum
1553 5295 1602 5336 et
1634 5285 1872 5352 ﬁliarum
1899 5285 2164 5338 multitud

2291 5285 2400 5336 τῶν
2433 5284 2728 5353 Θαυμάτων
2778 5285 2971 5354 γέγονε
3016 5287 3124 5348 τοῖς
3159 5284 3368 5340 ἔθνεσιν
3402 5283 3620 5354 ὑψηλὸς,
3654 5281 3733 5332 καὶ
3754 5274 3824 5326 διὰ

615 5381 843 5427 ventura
875 5375 967 5437 sit,
1000 5375 1422 5438 demonstrans;
1456 5389 1744 5443 manusque
1774 5373 2040 5429 vocabulo
2081 5374 2164 5429 vir

2292 5375 2391 5444 τῆς
2434 5373 2811 5439 ἀναστάσεως.
2845 5376 3094 5445 Νήσους
3121 5377 3179 5430 δὲ
3208 5376 3309 5440 τὰς
3357 5376 3497 5430 κατὰ
3535 5373 3688 5443 μέρος
3725 5368 3824 5419 Ἕκ·

621 5472 796 5518 tutem
826 5481 985 5520 suam
1015 5475 1070 5521 et
1101 5466 1430 5537 potentiam,
1465 5466 1743 5520 Christum
1783 5466 2067 5533 nimirum,
2109 5466 2164 5522 sit

2299 5466 2551 5537 κλησίας.
2575 5466 2635 5532 ἐξ
2653 5460 2728 5521 ὧν
2763 5469 2798 5539 ἡ
2842 5467 3056 5539 μίακαὶ
3090 5467 3350 5540 καθολικὴ
3371 5462 3656 5530 πανταχοῦ.
3698 5458 3825 5514 sua.

715 5620 738 5652 ⁸
762 5618 910 5678 Psal.
950 5634 1098 5688 κων,
1128 5619 1217 5676 17.
1292 5621 1338 5654 ⁵⁸
1368 5621 1500 5678 ibid.
1537 5621 1622 5679 10.
1701 5622 1745 5655 ⁸ο
1787 5621 1889 5680 lsa.
1926 5637 2040 5688 ut,
2071 5622 2161 5678 10.

2267 5624 2280 5654 ¹
2311 5622 2470 5706 Rom.
2516 5641 2591 5690 XI,
2628 5625 2721 5682 25.
2800 5625 2972 5682 “lsa.
3010 5627 3198 5694 Ltv,2.

1923 5739 2156 5795 VARI/E
2185 5739 2586 5797 LECTIONES.

691 5833 722 5879 ⁸
751 5834 855 5906 ἀρ.
887 5840 948 5888 τὸ
973 5834 1161 5888 εἰπών.
