3998 6390
240 388 363 452 2431

1328 393 1860 454 COMMENTARII
1902 395 1984 455 IN
2024 395 2309 456 ISAIAM.

3342 384 3486 449 2482

236 516 432 569 amtor
461 500 541 560 δὲ,
566 499 629 551 τὸ
650 500 781 570 περὶ
808 498 902 551 τοῦ
930 499 1162 570 σταυροῦ
1198 501 1295 553 καὶ
1327 502 1427 571 τῆς
1465 503 1813 568 ἀναστάσεως

1936 502 2205 574 gniﬁcans,
2241 504 2337 574 qui
2385 518 2414 557 a
2450 503 2703 573 gentibus
2737 499 2893 572 ipsis,
2932 504 3151 570 propter
3187 495 3487 551 admirabi-

237 593 517 661 κήρυγμα.
568 591 716 644 Ἀντὶ
754 592 811 644 δὲ
856 592 951 644 τοῦ
1006 592 1351 658 ἐν·κόλπῳ,
1410 595 1482 646 ἐν·
1516 594 1811 663 ἀγκάλαις

234 686 501 750 ἐξέδωκαν
521 684 799 738 οίνλοιποί.
833 684 992 746 Τίνες
1029 684 1087 736 δὲ
1131 684 1290 737 τοῦτο
1332 687 1680 757 ποιήσουσινς
1717 688 1813 757 δῆ-

233 778 320 831 λον
343 778 422 839 ὡς
447 775 742 830 ἀπόστολοί
764 793 844 838 τε,
874 777 967 829 καὶ
996 777 1046 829 οἱ
1075 779 1173 845 τῆς
1207 778 1531 849 Ἔκκλησίας
1561 779 1817 833 διδάσκα-

234 871 330 929 λοι,
358 866 451 921 οἶα
480 867 709 937 νηπίους
740 867 1213 937 χειραγωγοῦντες
1250 870 1375 929 τοὺς
1399 869 1723 939 προσιόντας
1746 872 1813 941 τῇ

234 963 435 1024 πίστει,
466 953 549 1020 οἷς
577 958 730 1025 ἔλεγε
750 958 842 1009 καὶ
867 957 1079 1020 Παῦλος
1102 975 1115 987 ·
1152 978 1169 1009 ι
1192 958 1337 1013 Γάλα
1361 960 1505 1029 ὑμᾶς
1532 961 1809 1014 ἐπότισα.»

234 1053 337 1103 Καὶ
394 1050 589 1103 πάλιν*
634 1068 651 1101 ι
696 1049 898 1102 Τεκνία
955 1067 1078 1119 μου,
1111 1049 1206 1113 οὓς
1230 1052 1395 1104 πάλιν
1428 1052 1623 1105 ὠδίνω.
1663 1073 1680 1105 ι
1709 1053 1821 1105 Καὶ

233 1144 395 1195 πάλιν
418 1159 432 1173 ·
472 1162 491 1194 ι
535 1143 625 1205 Ὠς
663 1143 728 1195 ἂν
772 1141 969 1213 τροφὸς
999 1141 1179 1211 θάλπη
1228 1142 1296 1195 τὰ
1332 1144 1533 1212 ἑαυτῆς
1575 1144 1760 1204 τέκνα,
1795 1162 1814 1195 ι

232 1232 290 1285 οῦ
304 1251 404 1286 τως
424 1234 763 1302 ίμειρόμενοι
795 1232 948 1300 ὑμῶν
971 1232 1304 1302 εὐδοκοῦμεν
1334 1233 1655 1303 μεταδοῦναι
1687 1234 1816 1303 ὑμῖν

234 1325 292 1376 οὐ
322 1324 487 1394 μόνον
514 1324 572 1376 τὸ
596 1322 927 1391 Εὑαγγέλιον
963 1323 1057 1376 τοῦ
1088 1324 1325 1395 Χριστοῦ
1347 1365 1362 1387 ,
1407 1324 1546 1378 ἀλλὰ
1601 1326 1694 1378 καὶ
1724 1326 1823 1389 τὰς

235 1418 445 1470 ἑαυτῶν
469 1418 645 1486 ψυχάς
672 1434 686 1448 -
719 1419 807 1471 ὅτε
836 1418 931 1471 καὶ
958 1418 1066 1471 τῶν
1089 1418 1426 1489 προσιόντων
1450 1419 1579 1472 ἐϐόα
1602 1420 1662 1472 τὸ
1693 1420 1822 1489 πλῆ·

236 1508 325 1569 θος
348 1526 363 1539 ι
427 1526 445 1557 ι
484 1506 647 1559 Δεῦτε
673 1548 687 1570 ,
745 1506 1036 1575 ἀναόὦμεν
1062 1508 1143 1570 εἰς
1194 1508 1255 1561 τὸ
1280 1508 1415 1580 Ιῦρος
1454 1507 1549 1561 τοῦ
1578 1508 1819 1578 Κυρίου,

235 1599 329 1650 καὶ
360 1600 440 1659 εἰς
464 1599 554 1650 τὸν
588 1596 735 1650 οἷκον
764 1598 858 1650 τοῦ
884 1598 1020 1651 Θεοῦ
1072 1594 1342 1664 ’ῐακὼ6,’›
1378 1601 1473 1652 καὶ
1502 1599 1573 1653 τὰ
1598 1601 1819 1669 ἐφεξῆς.

1918 596 1989 650 lia
2013 611 2201 666 opera,
2227 606 2282 651 et
2314 595 2807 655 resurrectionem,
2848 592 3098 647 excelsus
3127 590 3349 645 habitus
3382 600 3487 644 est.

1918 688 2232 742 Insularum
2257 702 2419 757 porro
2436 686 2674 753 nomine,
2697 686 2973 741 Ecclesias
3000 683 3311 754 singulares
3333 683 3492 737 intel-

1919 780 2059 849 ligit,
2109 795 2175 833 ex
2228 779 2433 847 quibus
2496 794 2603 832 una
2659 786 2744 832 est
2802 775 3029 845 ubique,
3086 783 3141 829 et
3199 774 3491 828 catholica.

1922 871 2144 942 Signum
2186 870 2383 926 deinde
2408 869 2522 937 ipsa
2552 868 2718 923 fuerit
2748 867 2933 921 crucis
2972 875 3028 921 et
3067 863 3494 920 resurrectionis

1917 962 2308 1033 promulgatio.
2345 960 2451 1015 Sed
2480 960 2569 1015 ubi
2624 961 2679 1011 in
2708 960 2850 1021 sinu,
2909 958 3208 1021 habemus,
3249 955 3306 1007 in
3352 954 3496 1007 ulnis

1920 1056 2011 1109 alii
2057 1054 2485 1110 transtulerunt.
2538 1050 2767 1117 Verum,
2816 1052 3040 1121 quinam
3097 1050 3171 1113 ii,
3224 1048 3315 1115 qni
3363 1046 3495 1101 illud

1920 1145 2221 1217 praestituri
2260 1146 2428 1202 sunt?
2464 1143 2710 1215 Apostoli
2765 1142 2953 1212 procul
2998 1141 3191 1202 dubio.
3222 1147 3276 1192 et
3310 1137 3499 1192 Eccle-

1922 1238 2018 1293 siae
2051 1236 2321 1307 magistri,
2384 1236 2476 1306 qui
2534 1235 2601 1289 ad
2655 1234 2817 1289 ﬁdem
2859 1232 3183 1287 accedentes
3217 1228 3513 1300 parvulos,

1922 1339 2180 1400 tanquam
2213 1344 2398 1393 mann,
2430 1326 2731 1382 ductabant
2763 1343 2777 1379 :
2806 1324 2994 1395 quales
3035 1323 3110 1377 illi
3143 1321 3497 1379 exstiterunt,

1923 1424 1989 1479 ad
2026 1438 2162 1491 quos
2190 1432 2245 1475 et
2276 1418 2425 1474 Pauli
2457 1420 2548 1474 illa
2576 1426 2705 1473 sunt
2736 1435 2750 1473 :
2793 1435 2813 1468 ι
2858 1417 2965 1470 Lac
2993 1414 3150 1470 vobis
3178 1420 3367 1481 potum
3398 1411 3498 1465 de-

1922 1511 1976 1565 di
2011 1511 2075 1566 “.
2114 1530 2133 1561 ι
2168 1512 2229 1563 Et
2265 1525 2486 1565 rursum
2515 1526 2530 1562 :
2566 1525 2586 1558 ι
2637 1506 2758 1560 Filii
2790 1507 2920 1564 mei.
2952 1519 3094 1572 quos
3121 1518 3341 1558 rursum
3376 1515 3501 1569 par-

1924 1605 2071 1659 turio
2099 1604 2164 1659 “.
2206 1621 2225 1655 ι
2256 1602 2389 1657 Item
2415 1621 2429 1657 :
2462 1620 2479 1651 ι
2517 1600 2803 1670 Tanquam
2833 1598 2995 1668 566
3019 1598 3066 1652 si
3096 1594 3288 1650 nutrix
3324 1594 3503 1646 foveat

234 1688 400 1756 Δηλοῖ
434 1689 490 1742 δὲ
514 1689 592 1748 τὸ,
637 1689 707 1741 ἐν
753 1690 1030 1753 κόλποις,
1064 1690 1158 1742 καὶ
1187 1689 1283 1742 ἐπ’
1332 1689 1525 1758 ὤμων,
1562 1692 1623 1743 τὸ
1653 1693 1823 1761 χωρὶς

1936 1697 2070 1752 filios
2108 1710 2239 1751 suos
2277 1712 2289 1747 :
2328 1695 2409 1748 sic
2440 1692 2635 1748 all'ectu
2680 1692 2732 1745 in
2770 1706 2868 1744 vos
2898 1689 3154 1759 propensi
3182 1685 3504 1740 volebamus

238 1780 485 1850 ἱδρῶτος,
522 1779 613 1832 τοῦ
640 1778 774 1832 Θεοῦ
803 1780 902 1849 τὴν
928 1780 1045 1833 ὁδὸν
1072 1780 1520 1845 κατευθύνοντος,
1555 1785 1695 1835 κατὰ
1725 1783 1785 1834 τὸ
1804 1824 1819 1843 ,

1936 1786 2083 1839 vobis
2147 1783 2368 1837 tradere
2446 1799 2553 1837 non
2614 1783 2788 1836 solum
2852 1780 3203 1849 Evangelium
3260 1772 3502 1841 Christi,

242 1891 261 1919 ‹
308 1870 457 1935 Ὁδὸς
511 1871 750 1923 εὐσεϐῶν
797 1872 979 1924 εὐθεῖα
1014 1872 1252 1940 ἐγένετο.
1303 1893 1322 1925 ι
1374 1873 1485 1926 Καὶ
1526 1874 1599 1935 ώς
1638 1876 1700 1926 ἐκ
1726 1873 1820 1926 τοῦ

1936 1876 2025 1933 sed
2058 1877 2274 1930 animas
2308 1876 2471 1930 etinn
2504 1883 2724 1928 nosuas
2778 1874 2860 1937 ⁶⁸;
2894 1886 3005 1941 quo
3051 1880 3296 1939 tempore
3338 1861 3503 1918 nimi-

238 1962 555 2016 Βαπτιστοῦ
612 1964 669 2016 δὲ
704 1965 923 2031 ἐλέγετο
970 1964 1051 2029 τὸ,
1097 1985 1113 2016 ι
1166 1965 1523 2036 Ἑτοιμάσατε
1576 1966 1675 2036 τὴν
1703 1967 1820 2019 ὁδὸν

1936 1985 2048 2023 rum
2080 1978 2134 2022 et
2189 1968 2304 2037 ipsa
2352 1983 2475 2034 quae
2523 1965 2817 2020 accedebat
2850 1960 3187 2017 multitudo:
3233 1977 3252 2011 ι
3287 1956 3503 2019 Venite,

238 2055 469 2124 Κυρίου,
506 2074 522 2106 ι
562 2056 748 2108 καὶτὰ
781 2057 1043 2124 ἑπόμενα.

1936 2060 2296 2115 ascendamns
2349 2057 2415 2111 ad
2476 2066 2716 2110 montem
2791 2053 3000 2110 Domini
3050 2061 3107 2106 et
3158 2050 3226 2105 ad
3283 2048 3504 2104 domum

234 2142 332 2198 Dei
366 2144 538 2199 Jacob
594 2147 674 2207 ",
734 2165 752 2197 ι
792 2156 1097 2213 ca-teraque
1134 2144 1416 2215 deinceps,
1450 2147 1805 2201 inclamabat.
1850 2148 2136 2219 Signiﬁcat
2184 2164 2316 2202 vero
2368 2147 2515 2217 quod
2568 2147 2626 2200 in
2670 2147 2789 2200 sinu
2825 2156 2872 2200 et
2906 2146 2961 2198 in
3027 2142 3256 2197 humeris
3339 2138 3508 2194 hahe-

238 2247 331 2293 tur
356 2238 410 2293 id
442 2240 560 2295 sine
598 2240 819 2299 sudore.
855 2240 964 2294 Deo
1002 2242 1145 2294 viam
1179 2241 1472 2310 dirigente.
1529 2242 1772 2296 futurum
1805 2263 1818 2297 :
1856 2244 2012 2313 juxta
2050 2240 2187 2296 illud
2250 2242 2529 2311 prophetae
2561 2259 2575 2295 :

2659 2259 2680 2291 ι
2729 2239 2933 2294 Semita
2979 2236 3199 2308 piorum
3248 2240 3395 2287 recta
3428 2229 3509 2284 l'a-

239 2344 325 2386 cta
354 2342 439 2387 est
471 2335 535 2387 ⁸⁷.
578 2353 595 2386 ι
632 2334 700 2387 Et
729 2332 983 2401 Baptistze
1025 2352 1043 2385 ι
1082 2332 1279 2388 Par-ate
1307 2335 1449 2387 viam
1479 2335 1728 2400 Domino,
1786 2344 1969 2391 rectas
2004 2337 2166 2391 facite
2193 2337 2419 2390 semitas
2450 2334 2571 2403 ejus
2602 2334 2668 2386 ⁸⁸.
2715 2350 2733 2384 ι

313 2424 426 2495 Τὴν
457 2424 513 2476 δὲ
534 2426 700 2493 τιμὴν
730 2426 835 2477 τῶν
871 2424 1079 2478 πιστῶν
1117 2425 1217 2495 τὴν
1246 2426 1328 2489 εἰς
1362 2426 1533 2497 ἄκρον
1566 2428 1718 2498 δηλοῖ
1744 2429 1826 2493 τὸ,

250 2523 443 2583 Τιθην(
464 2520 535 2582 iv;
558 2518 737 2583 λέγειν
760 2517 1069 2582 βασιλεῖς,
1097 2517 1197 2569 καὶ
1226 2521 1335 2583 τὰς
1369 2518 1677 2587 ἀρχούσας
1704 2536 1832 2586 τρο-

242 2610 419 2677 ροὺς,
441 2609 541 2677 τὴν
572 2609 831 2661 ἀνωτάτω
878 2608 1074 2678 δηλοῦν
1121 2609 1172 2675 ιι,
1225 2608 1317 2660 καὶ
1352 2609 1451 2672 τὰς
1500 2610 1619 2663 κατ’
1656 2609 1830 2673 ἔθνος.

256 2699 457 2770 Ἀρχὰς
514 2700 749 2768 τροφῶν
788 2698 945 2770 δίκην
975 2700 1503 2769 ἐξυπηρετουμένων
1542 2702 1558 2741 i
1596 2703 1708 2763 τοῖς
1743 2702 1832 2753 ἐν·

242 2792 388 2845 δεέσι
414 2794 516 2863 τῆς
553 2792 878 2861 Ἐκκλησίας
907 2792 994 2845 διὰ
1014 2792 1123 2844 τῶν
1151 2791 1445 2862 διδομένων
1485 2792 1830 2864 σιτηρεσίων.

245 2886 359 2940 Καὶ
396 2886 572 2951 ἄλλως
598 2885 675 2949 δὲ,
718 2887 952 2960 ήπολλὴ
1010 2887 1314 2958 κηδεμονία
1363 2886 1520 2952 δόξαν
1572 2889 1839 2958 τροφέων

247 2980 606 3050 παρίστησιν,
638 2980 686 3032 οἳ
720 2980 814 3033 καὶ
838 2980 1114 3041 κλίνοντες
1143 2981 1202 3032 ὲν
1247 2979 1545 3050 Ἐκκλησία
1579 2980 1730 3047 γόνυ,
1762 2978 1838 3049 τῇ

248 3070 324 3139 γῇ
354 3071 415 3123 τὸ
471 3071 722 3139 μέτωπον
774 3073 1208 3142 προσερείδουσα,
1259 3071 1354 3125 καὶ
1404 3073 1511 3125 τὸν
1544 3071 1719 3140 χοῦν,
1764 3070 1839 3134 ὡς

250 3164 449 3227 εἰπεῖν,
499 3163 749 3233 ἐκλαχείν
808 3160 821 3213 i
865 3163 951 3217 διὰ
987 3164 1173 3216 πίστιν
1210 3163 1526 3226 ποθοῦντες.
1561 3162 1749 3217 Ταῦτα
1782 3164 1838 3217 δὲ

253 3254 391 3323 πρὸς
419 3253 519 3323 τὴν
548 3253 870 3323 βασίλισσαν
898 3254 998 3324 τὴν
1020 3257 1084 3307 ἐκ
1108 3255 1300 3319 δεξιῶν
1316 3254 1540 3325 Χριστῷ
1565 3273 1839 3326 παριστα-

2004 2430 2081 2484 Εο
2107 2430 2223 2498 ipso
2254 2428 2453 2482 deinde
2486 2441 2758 2482 summum
2808 2423 2924 2478 fore
2955 2419 3211 2476 ﬁdelibus
3245 2418 3509 2473 honorem

1933 2522 2296 2587 demonstrat,
2338 2520 2484 2591 quod
2512 2536 2704 2574 eorum
2732 2517 2984 2572 nutritio:
3024 2531 3190 2589 reges,
3222 2524 3273 2571 et
3306 2514 3512 2584 reginas

1936 2615 2166 2668 nutrices
2195 2612 2315 2667 fore
2344 2610 2642 2682 signiﬁcat.
2675 2610 2787 2666 lmo
2815 2620 2870 2667 et
2899 2609 3020 2679 ipsa
3057 2607 3305 2677 gentium
3343 2604 3515 2673 impe-

1935 2707 2040 2769 ria,
2099 2704 2379 2760 demensis
2430 2707 2486 2759 in
2542 2716 2831 2774 pauperes,
2890 2700 3281 2755 nutrititiorum
3335 2709 3511 2757 more,

1937 2797 2274 2863 distributis,
2311 2796 2573 2853 Ecclesiae
2602 2795 3004 2850 subservitura.
3053 2792 3205 2845 Alias
3248 2794 3427 2842 antem
3461 2796 3518 2841 et

1934 2892 2053 2961 ipsa
2078 2891 2376 2945 vehemens
2421 2885 2760 2950 sollicitudo,
2790 2884 3028 2938 nutritiis
3060 2881 3290 2952 gloriam
3325 2876 3517 2932 conci-

1934 2981 2065 3047 liat;
2102 2980 2194 3050 qui
2226 2996 2366 3048 genu
2402 2979 2543 3033 ﬁexo
2576 2978 2629 3032 in
2659 2976 2904 3032 Ecclesia
2938 2985 3094 3030 terra:
3124 2974 3361 3027 frontem
3396 2970 3516 3023 alli-

1935 3074 2090 3138 dnnt,
2117 3074 2380 3142 pulverem
2414 3072 2618 3142 ipsum,
2660 3078 2719 3126 ut
2758 3079 2832 3124 Ita
2869 3069 3072 3132 dicam,
3098 3075 3320 3138 propter
3348 3063 3510 3118 ﬁdem

1935 3168 2216 3239 delingere
2248 3168 2569 3237 gestientes.
2605 3166 2782 3235 Atque
2817 3163 2932 3218 haec
2962 3161 3186 3233 quidem
3216 3159 3333 3229 ipsa
3360 3165 3513 3219 sunt,

1936 3276 2056 3328 qua:
2086 3260 2286 3329 regina:
2338 3257 2555 3313 Christo
2582 3259 2647 3311 ad
2688 3256 2973 3311 dexteram
3049 3251 3253 3309 astanti
3302 3251 3517 3321 psalmo

255 3345 424 3415 μένην
453 3347 481 3397 ὁ
513 3344 950 3413 τεσσαρακοστὸς
978 3344 1240 3415 τέταρτος
1284 3345 1435 3413 λέγει
1484 3346 1721 3416 ψαλμὸς,
1770 3346 1835 3417 ἣν

1943 3351 2364 3422 quadragesimo
2397 3358 2595 3419 quarto
2652 3349 2995 3413 tribuuntur,
3036 3361 3199 3417 quam
3250 3345 3415 3400 etiam
3451 3343 3521 3397 de

252 3437 346 3489 καὶ
386 3435 448 3501 ἐξ
476 3436 790 3504 ἀλλοφύλων
847 3431 1014 3490 οὖσαν
1060 3437 1227 3507 δηλοῖ.
1274 3440 1475 3509 Ὅμοια
1523 3439 1580 3492 δὲ
1635 3439 1728 3492 καὶ
1753 3441 1834 3503 εἰς

256 3528 418 3581 αὐτὸν
440 3527 531 3581 τόν
549 3528 822 3593 βασιλέα
852 3530 881 3581 ὁ
906 3528 1308 3599 ἐδδομηκοστὸς
1340 3531 1577 3601 πρῶτος.
1626 3531 1835 3585 Οὐκοῦν

256 3619 384 3689 περὶ
416 3619 516 3688 τῆς
560 3616 894 3688 Ἐκκλησίας
926 3618 1025 3689 τῆς
1061 3620 1119 3671 ἐν
1152 3620 1397 3691 Χριστῷ,
1453 3621 1519 3674 τὰ
1567 3621 1838 3693 λεγόμενα

255 3709 392 3777 πρὸς
411 3709 512 3776 τὴν
539 3708 920 3779 Ἰερουσαλὴμ,
945 3708 979 3779 ἢ
1005 3708 1105 3778 τὴν
1133 3709 1292 3773 δόξαν
1320 3710 1433 3781 ἔχει
1454 3712 1549 3765 τοῦ
1575 3711 1834 3782 Χριστοῦ.

256 3799 477 3852 Τούτων
499 3798 577 3861 δὲ,
601 3817 673 3868 φη
683 3801 755 3863 σι,
774 3801 1137 3869 γιγνομένων,
1162 3801 1365 3872 γνώσῃ
1382 3802 1469 3855 ὅτι
1488 3803 1604 3873 ἐγὼ
1624 3804 1839 3870 Κύριος

257 3890 357 3944 καὶ
378 3892 493 3945 οὐκ
509 3890 1031 3959 αὶσχυνθήσονται
1048 3894 1104 3945 οἱ
1121 3890 1529 3960 ὐπομένοντές
1542 3911 1636 3962 με.
1660 3893 1839 3947 Καλὸν

255 3984 364 4053 γὰρ
397 3984 472 4053 μὴ
505 3982 907 4049 ἀπογινώσκειν
933 3983 1033 4054 τὴν
1067 3983 1260 4036 ἐλπίδα
1287 3984 1392 4054 πρὸ
1418 3985 1515 4054 τῆς
1532 3985 1639 4037 τῶν
1663 3984 1841 4056 ἔργων

258 4074 561 4136 ἐκϐάσεως.
592 4069 727 4127 Εἶτα
757 4074 1024 4138 διδάσκει,
1052 4074 1175 4129 τίνα
1211 4075 1412 4145 τρόπον
1446 4075 1513 4128 τὰ
1552 4076 1656 4130 ὑπὸ
1682 4080 1843 4148 χεῖρα

257 4165 353 4218 τοῦ
382 4165 633 4219 διαϐόλου
670 4166 937 4237 πρότερον
962 4167 1093 4238 ἔθνη
1121 4167 1473 4239 ἠλευθερώθη
1505 4169 1592 4223 διὰ
1619 4170 1719 4239 τῆς
1746 4170 1841 4223 τοῦ

258 4259 515 4331 Σωτῆρος
542 4259 844 4329 δυνάμεως.
887 4261 951 4313 Ὃ
974 4260 1063 4313 διὰ
1090 4261 1188 4330 τῆς
1216 4262 1531 4330 παραϐολῆς
1577 4262 1845 4332 ἐδήλωσεν

258 4353 287 4403 ὁ
318 4351 555 4421 Χριστός
578 4369 594 4383 ο
630 4370 649 4402 ι
689 4351 832 4415 Πῶς,
874 4351 1073 4419 λέγων,
1101 4352 1323 4405 δύναταί
1346 4370 1431 4415 τις
1462 4352 1723 4406 εἰσελθεῖν
1764 4355 1851 4417 εἰς

258 4442 358 4513 τὴν
400 4443 580 4496 οίκίαν
605 4442 697 4495 τοῦ
729 4443 977 4514 ἰσχυροῦ,
1012 4445 1106 4496 καὶ
1133 4446 1201 4496 τὰ
1234 4444 1402 4515 σκεύη
1428 4444 1593 4497 αὐτοῦ
1624 4444 1849 4513 διαρπά-

263 4550 378 4594 σαι,
420 4533 518 4586 ἐὰν
544 4535 617 4604 μὴ
647 4534 863 4604 πρῶτον
892 4533 1029 4606 δήσῃ
1056 4535 1147 4587 τὸν
1190 4537 1440 4606 ἰσχυρόν;
1479 4556 1495 4587 ι
1533 4537 1643 4589 Καὶ
1672 4536 1766 4588 νῦν
1788 4536 1846 4589 δέ

1938 3446 2368 3516 alienigenarum
2404 3457 2633 3497 numero
2675 3456 2801 3497 esse
2841 3439 3135 3510 signiﬁcat.
3174 3435 3359 3507 Neque
3387 3450 3544 3489 vero.

1937 3535 2230 3591 dissimilia
2264 3534 2489 3594 fuerint.
2521 3546 2642 3603 qua:
2685 3532 2739 3585 in
2785 3545 2957 3599 regem
2990 3528 3171 3598 ipsum
3224 3534 3522 3593 septuage-

1938 3626 2077 3681 simo
2100 3626 2276 3695 primo
2307 3625 2578 3695 leguntur.
2611 3622 2752 3677 Sunt
2792 3621 2959 3693 igitur
2999 3634 3123 3690 qua:
3160 3617 3230 3673 de
3262 3616 3523 3671 llieroso-r

1938 3718 2101 3790 lymis
2142 3718 2421 3783 dicuntur,
2468 3717 2536 3772 de
2561 3715 2767 3772 Christi
2804 3714 3075 3777 ECelesia,
3112 3711 3364 3780 ejusdem
3398 3710 3521 3779 glo-

1939 3811 2078 3865 riam
2113 3810 2365 3875 habente,
2419 3808 2800 3879 intelligenda.
2838 3807 2971 3873 Quae
3024 3820 3148 3859 cum
3194 3802 3520 3861 acciderint.

1940 3904 2142 3973 inquit,
2192 3904 2477 3973 intelliges,
2505 3902 2633 3972 quia
2688 3917 2779 3971 ego
2826 3898 3115 3960 Dominus;
3159 3905 3205 3950 et
3248 3912 3351 3948 non
3399 3910 3522 3947 con-

1941 3992 2233 4064 ]undentur
2264 3994 2355 4065 qui
2388 4001 2692 4061 exspectant
2746 4006 2847 4046 me.
2923 3989 3023 4044 Est
3076 3987 3225 4041 enim
3276 3984 3539 4047 virtutis,

1941 4101 2092 4156 spem
2141 4099 2253 4139 non
2306 4084 2460 4154 prius
2495 4083 2758 4153 abjicere,
2812 4094 2976 4151 quam
3021 4079 3230 4135 exitum
3273 4092 3360 4130 res
3394 4075 3525 4142 ipsa:

1941 4178 2267 4233 sortiantur.
2333 4174 2501 4231 Docet
2552 4182 2738 4245 postea
2794 4167 3258 4243 quemadmodum
3310 4174 3523 4237 gentes,

1943 4283 2068 4337 qua:
2098 4268 2202 4321 sub
2248 4266 2452 4322 diaboli
2495 4273 2768 4335 potestate
2806 4264 2961 4335 prius
2992 4260 3282 4331 degebant,
3331 4257 3525 4312 Salva-

1946 4356 2082 4409 toris
2116 4355 2321 4409 virtute
2370 4354 2423 4409 in
2489 4354 2793 4408 libertatem
2853 4358 3081 4406 asserta:
3150 4350 3261 4402 sint
3322 4344 3525 4415 :quod

1945 4449 2109 4502 etiam
2152 4447 2206 4501 in
2264 4445 2524 4517 parabola
2579 4443 2833 4498 Christus
2890 4441 3009 4510 ipse
3056 4438 3341 4498 indicavit,
3396 4450 3524 4489 cum

1948 4542 2068 4595 ait:
2120 4559 2139 4592 ι
2177 4540 2279 4605 Qui
2309 4546 2487 4610 potest
2521 4537 2646 4607 quis
2690 4534 2917 4589 domnm
2971 4531 3133 4587 fortis
3192 4528 3425 4602 ingredi,
3471 4534 3527 4581 et

262 4638 419 4689 φησι,
454 4622 547 4693 Μή
581 4638 635 4674 τι
668 4622 747 4692 τῷ
773 4623 989 4692 τυχόντι
1024 4623 1247 4676 δυνατὸν
1298 4625 1449 4695 παρὰ
1473 4624 1565 4677 τοῦ
1599 4624 1835 4678 διαϐάλοι

1949 4632 2343 4703 supellectilem
2377 4630 2499 4701 ejus
2544 4629 2805 4699 diripere,
2857 4626 2962 4681 nisi
3019 4624 3215 4678 fortem
3262 4622 3420 4692 prius
3471 4620 3526 4673 in

260 4713 466 4766 σκῦλα
504 4713 743 4779 λαϐεῖν;
780 4714 838 4767 ὃν
876 4714 1103 4767 ἐκάλεσε
1140 4717 1423 4785 γίγαντα·
1452 4716 1559 4779 κᾶν
1590 4718 1835 4787 ἐπιχειρῇ

1951 4699 2183 4775 vinculis
2213 4699 2466 4774 habuerit
2496 4716 2578 4771 ‘9?
2612 4737 2630 4769 ι
2660 4715 2778 4770 Jam
2819 4730 2971 4782 vero,
3004 4714 3244 4769 etiamne
3276 4711 3522 4773 cuilibet,

261 4804 317 4858 δέ
342 4822 430 4867 τις
460 4805 620 4858 τοῦτο
650 4805 895 4872 δικαίως
949 4807 1139 4870 ποιῶν,
1194 4809 1301 4878 ἄρα
1334 4808 1509 4872 ἀθῶος
1535 4810 1844 4877 γενήσεται,

264 4899 359 4950 καὶ
388 4900 451 4951 οὐ
481 4900 782 4981 κρατηθεὶς
802 4901 1142 4953 κινδυνεύσει
1162 4919 1177 4967 ;
1201 4902 1322 4954 ἀντὶ
1342 4889 1450 4972 γάρ
1480 4901 1572 4953 τοῦ
1603 4900 1844 4965 ἀδίκως,

1945 4815 2044 4879 ait,
2102 4821 2414 4882 promptum
2450 4817 2560 4873 est,
2616 4808 2856 4874 diabolo,
2892 4821 3055 4876 quem
3108 4820 3209 4875 per
3259 4804 3528 4874 gigantem

1943 4904 2293 4973 signiﬁcavit,
2330 4902 2501 4973 spolia
2522 4901 2926 4971 eripere?Qun.l
2968 4900 3013 4955 si
3038 4899 3162 4969 quis
3212 4897 3317 4951 hoc
3349 4899 3529 4967 ipsum

262 4990 322 5041 τὸ
366 4988 661 5059 Ἐὁραῖκδν
687 4990 928 5058 δικαίως
958 4992 1095 5063 ἔχει.
1127 4994 1347 5047 Δίκαιον
1400 4995 1497 5062 μὲν
1524 4994 1630 5065 γὰρ
1688 4992 1835 5046 τοῦτε

1936 4997 2081 5066 jusle
2116 5003 2385 5063 conetur;
2425 4994 2691 5050 evadetne
2742 4993 2969 5055 illaesus,
3021 5005 3200 5060 neque
3254 4989 3434 5045 victus
3476 4989 3577 5045 in».

274 5084 460 5135 ποιεῖν.
507 5082 670 5135 Ἀλλὰ
693 5083 777 5146 τίς
807 5084 1063 5138 τοσοῦτόν
1093 5086 1207 5141 ἐστι
1247 5085 1506 5149 δυνατός;
1558 5085 1844 5157 ἄνθρωπος

268 5173 367 5242 μὲν
396 5174 594 5237 οὐδείς.
628 5177 814 5239 Ὅπως
842 5176 899 5229 δὲ
924 5177 986 5229 τὸ
1015 5178 1167 5249 παρὰ
1209 5177 1517 5246 ἀνθρώποις
1564 5178 1843 5241 ἀδύνατον,

265 5266 342 5335 τῷ
365 5267 486 5337 Θεῷ
515 5268 741 5323 δυνατὸν
760 5272 1032 5341 ἐπιφέρει.
1074 5272 1136 5324 Εἰ
1181 5271 1235 5323 δὲ
1263 5269 1482 5335 ἀδίκως
1520 5268 1670 5340 ἔχει,
1701 5271 1845 5323 κατὰ

263 5360 388 5421 τοὺς
447 5360 852 5431 Ἕϐδομήκοντα
880 5404 896 5427 ,
938 5364 999 5417 τὸ
1045 5364 1230 5433 ῥητὸν,
1272 5362 1401 5433 περὶ
1448 5361 1540 5414 τοῦ
1598 5362 1843 5417 διαϐόλου

267 5454 419 5519 φησι,
456 5453 635 5524 δηλῶν
670 5456 746 5517 ὡς
774 5455 974 5518 ἀδίκως
1012 5455 1355 5526 ἐπιπηδήσας
1401 5458 1514 5520 τοῖς
1559 5455 1845 5525 ἠδικηκόσι

339 5563 383 5595 ⁸³
417 5564 431 5615 l
482 5564 606 5617 Cor.
642 5581 727 5625 ιιι,
756 5569 813 5620 2.
890 5568 933 5597 “
959 5566 1135 5620 Galat.
1175 5582 1245 5629 tv,
1286 5566 1372 5621 19.
1453 5568 1496 5597 ⁸⁸
1526 5567 1542 5619 Ι
1575 5567 1772 5621 Thess.
1796 5580 1856 5629 ιι,
1892 5568 1946 5618 7.

270 5634 312 5663 "
341 5634 510 5687 Math.
542 5650 615 5687 Ml
648 5675 663 5701 ,
706 5637 793 5689 ‘29.
1214 5656 1231 5687 ι

1942 5088 2186 5159 periculo
2242 5088 2589 5144 versabitur?
2636 5086 2793 5141 Iuste
2842 5085 3010 5145 enim.
3040 5099 3142 5155 pro
3184 5082 3403 5151 injuste,
3430 5082 3532 5135 ha-

1952 5182 2043 5236 bet
2077 5180 2340 5236 Hebraica
2370 5181 2574 5245 lectio;
2598 5179 2726 5249 quia
2761 5178 2971 5248 justum
3007 5175 3167 5246 567
3194 5175 3266 5228 sit
3295 5173 3349 5228 id
3386 5174 3527 5228 ﬁeri.

1955 5272 2058 5325 Sed
2088 5274 2213 5341 quis
2252 5280 2447 5342 potens
2477 5271 2615 5325 adeo
2646 5269 2903 5324 futurus?
2933 5269 3096 5321 homo
3126 5274 3277 5321 certe
3322 5265 3530 5319 nullus.

1952 5366 2042 5426 At,
2072 5364 2164 5433 qui
2201 5364 2345 5433 quod
2384 5363 2700 5417 hominibus
2731 5360 2904 5423 nefas,
2944 5358 3052 5413 Deo
3085 5357 3187 5427 ipsi
3221 5366 3531 5425 promptum

1954 5456 2045 5513 sit,
2083 5456 2346 5524 suggerit.
2378 5455 2473 5510 Sin
2505 5466 2709 5519 autem,
2774 5462 2831 5507 ut
2884 5453 3086 5507 habent
3146 5449 3528 5520 Septuaginta,

2058 5568 2101 5598 ⁸⁸
2126 5568 2228 5619 lsa.
2269 5582 2328 5630 ιι,
2362 5569 2415 5621 5.
2494 5569 2539 5599 ⁶¹¹
2573 5567 2672 5622 lsa.
2716 5583 2865 5628 xxvi,
2900 5567 2954 5621 7.
3031 5566 3076 5598 ⁸⁸
3107 5562 3297 5619 Matth.
3350 5580 3431 5626 ιιι,
3465 5563 3549 5619 5..

1550 5726 1781 5780 VAlll/E
1825 5724 2229 5780 LECTIONES.

333 5813 361 5852 h
384 5816 488 5883 ἀφ.
524 5816 624 5887 τὴν
656 5815 916 5871 ἀνωτάτω
943 5816 1157 5887 δηλοῦν.

1264 5820 1276 5858 i
1318 5833 1406 5886 γρ.
1436 5817 1963 5888 ἐξυπηρετουμένσς.
2044 5816 2059 5865 3
2094 5832 2186 5885 γρ.
2218 5814 2499 5888 ὲκλείχειν.
