3998 6390
201 337 330 398 2185

1279 345 1812 407 COMMENTARII
1857 347 1940 408 IN
1973 347 2261 411 ISAIMI.

3316 356 3464 417 9£86

188 466 290 502 xor
320 450 615 521 ὑπομένων
638 453 1080 522 αῑχμαλωσίαν,
1119 455 1335 525 ἀναιρεῖ
1370 455 1428 508 δὲ
1468 456 1562 508 τὸν
1592 457 1771 526 ἐγχει-

1892 460 2111 528 :aptivos
2131 477 2241 514 esse
2261 460 2622 516 detnoustrat.
2652 463 3118 530 Quemadumtlum
3161 467 3305 522 enim
3369 491 3462 520 ιι...

191 545 425 610 ρήσαντα
447 559 461 573 ’
492 543 670 608 οὕτως
700 545 801 598 ούκ
852 545 982 616 ὲνῆν
1009 544 1141 615 ἐμοῦ
1174 547 1248 616 μὴ
1274 546 1622 617 θελήσαντος,
1643 549 1769 611 τοὺς

185 635 443 699 λαϐόντας
465 635 618 707 ὑμᾶς,
632 637 1017 708 αἰχμαλώτους
1039 638 1199 700 ἑλεῖν,
1227 640 1288 692 Et
1317 638 1391 710 μὴ
1416 641 1538 692 καθ’
1555 639 1766 693 ἑαυτῶν

185 727 571 798 ἡμαρτηκότες
614 727 714 798 τὴν
760 729 942 782 αἰτίαν
998 731 1288 802 παρέχετε.
1342 732 1491 800 Πλὴν
1526 731 1764 802 ἐλεήσας

186 820 326 889 ὑμᾶς
355 821 456 889 μὲν
489 820 833 886 ἀνακαλέσω,
865 819 1107 885 ἐκείνους
1152 821 1210 874 δὲ
1249 825 1640 892 τιμωρήσομαι
1663 822 1765 893 τὴν

185 915 307 968 καθ’
355 915 514 985 ὑμῶν
551 915 926 979 ὲπιτείναντας
981 915 1232 970 κόλασινο
1259 917 1354 970 καὶ
1385 913 1632 984 σαρκῶν
1656 917 1766 970 τῶν

186 1006 331 1060 ἰδίων
384 1007 719 1076 γευσάμενοι
776 1007 1076 1076 γνώσονται
1120 1007 1212 1061 τὸν
1250 1007 1578 1078 ποιήσαντα,
1620 1007 1764 1061 καθὰ

186 1098 276 1152 καὶ
301 1097 772 1168 Ναϐουχοδονόσορ
819 1097 909 1151 διὰ
943 1098 1186 1169 σημείων
1232 1098 1544 1162 παιδευθεὶς
1591 1099 1766 1170 μέγαν

187 1188 458 1258 ὡμολόγει
506 1190 596 1243 τὸν
640 1189 775 1244 Θεὸν
802 1189 1027 1261 Δανιὴλ.
1095 1191 1254 1254 Τινὲς
1297 1191 1356 1244 δὲ
1387 1193 1456 1244 τὰ
1490 1191 1622 1262 περὶ
1670 1192 1765 1245 τοῦ

188 1281 468 1350 γίγαντος
519 1281 874 1352 ἐξηγούμενοι
927 1282 1215 1353 λέγουσιν’
1250 1285 1362 1354 Οὐχ
1421 1285 1653 1354 ἥττηται
1706 1283 1770 1336 τὸ

190 1373 413 1426 δυνατὸν
456 1375 559 1444 τῆς
618 1375 997 1448 Ἰερουσαλὴμ,
1033 1378 1156 1432 οὐδὲ
1203 1379 1237 1448 ὴ
1291 1375 1611 1447 δικαιοσύνη
1643 1377 1676 1447 ὴ
1711 1377 1770 1429 ἐν

192 1465 345 1535 αὐτῇ,
381 1466 523 1520 ἀλλὰ
549 1467 616 1520 δι’
643 1468 920 1538 ἁμαρτίας
948 1470 1309 1540 κεκράτηται.

1874 566 1992 603 rum
2020 552 2226 614 nullus,
2261 553 2349 620 qui
2374 553 2612 622 gigantes
2657 563 2919 627 putantur
2948 570 2977 608 a
3013 556 3194 622 nobis,
3231 559 3458 614 alterius

1875 643 2258 700 imbecillioris
2291 660 2414 700 esse
2446 646 2632 716 pra'da
2660 659 2847 719 queat,
2888 657 2941 704 et
3005 649 3206 720 injuste
3259 653 3457 718 captivi

1868 735 2021 801 ﬁeri;
2058 736 2150 791 sed
2179 751 2302 791 eum
2346 737 2546 807 potius,
2589 740 2682 810 qui
2713 740 2765 794 id
2799 742 2853 794 in
2885 758 2944 796 se
2994 752 3249 803 conetur,
3297 744 3459 796 facile

1865 827 2122 881 conficiat
2152 844 2166 882 :
2199 828 2279 883 sic
2311 838 2365 883 et
2414 845 2534 896 vos,
2576 847 2664 886 me
2726 831 2968 898 nolente,
3009 836 3126 904 capi
3178 849 3459 903 nunquam

1872 920 2155 989 poteratis,
2193 921 2298 976 nisi
2332 921 2385 975 in
2420 938 2516 978 vos
2539 922 2640 994 ipsi
2687 925 2929 993 peccatis
2977 925 3176 980 vestris
3228 941 3458 980 causam

1872 1011 2266 1080 praebuissetis.
2302 1012 2408 1068 Sed
2431 1030 2529 1068 vos
2565 1029 2665 1085 ego
2695 1013 2807 1084 jam
2843 1023 3026 1070 tamen
3055 1017 3222 1071 vestri
3259 1017 3463 1070 miser-

1873 1108 1964 1156 tus
1987 1102 2102 1172 ipse
2123 1117 2403 1169 revocare,
2429 1103 2678 1174 illosque,
2707 1105 2799 1176 qui
2825 1122 3109 1175 pugnarum
3139 1108 3459 1178 gravitatem

1877 1193 2034 1250 vobis
2088 1195 2432 1261 adauxerint,
2471 1197 2664 1253 ulcisci
2730 1198 2938 1264 statui;
2986 1207 3307 1268 tantumque
3352 1199 3459 1252 elli-

1876 1299 2021 1349 cere,
2058 1293 2120 1338 ut
2177 1286 2293 1340 suis
2355 1285 2430 1340 illi
2479 1287 2730 1339 carnibus
2763 1288 2926 1358 pasti,
2990 1287 3254 1342 factorem
3302 1303 3461 1343 suum

1873 1383 2214 1445 agnoscant;
2247 1393 2358 1432 non
2411 1377 2572 1432 aliter
2629 1393 2792 1448 quam
2835 1378 3008 1448 signis
3045 1379 3177 1433 olim
3238 1377 3465 1432 adactus

1873 1465 2381 1525 Nabuchodonosor
2421 1503 2424 1508 -
2467 1471 2705 1525 Dauielis
2770 1469 2940 1525 Deum
3019 1487 3275 1541 magnum
3339 1485 3466 1525 esse

192 1558 478 1617 confessus
504 1571 586 1616 est
610 1562 672 1613 ⁷³.
700 1558 958 1616 Nonnulli
995 1579 1114 1632 qua:
1151 1563 1218 1618 de
1245 1565 1458 1634 gigante
1490 1561 1768 1625 dicuntur,
1809 1557 1882 1613 ita
1930 1563 2229 1632 explicant,
2286 1570 2346 1616 ut
2379 1577 2486 1618 non
2559 1562 3064 1635 Hierosolymorum
3123 1567 3285 1629 vires,
3357 1579 3479 1617 non.

189 1649 480 1720 justitiam,
534 1670 642 1728 qua
697 1658 995 1729 pollebant,
1053 1657 1344 1726 superari;
1395 1655 1492 1711 sed
1539 1661 1762 1726 propter
1799 1652 2007 1708 scelera
2035 1656 2156 1727 capi
2188 1655 2545 1712 arbitrentur.

795 1751 1050 1804 ΚΕΦΑΛ.
1081 1751 1165 1804 Ν’.

254 1847 418 1896 αοιαθ.
455 1842 653 1910 Οὕτως
681 1843 846 1913 λέγει
865 1845 1106 1914 Κύριος,
1126 1843 1301 1898 ποῖον
1328 1844 1504 1899 τοῦτο
1528 1844 1776 1909 βιϐλίον

191 1933 295 1987 τοῦ
323 1934 712 1989 ἀποστασίου
733 1933 844 2002 τῆς
865 1936 1094 2004 μητρὸς
1122 1933 1310 2004 ὑμῶν,
1343 1930 1392 2003 ᾧ
1424 1935 1772 2000 ἐξαπέστει-

189 2016 267 2081 1a
289 2029 525 2098 αὐτήν;
557 2029 594 2097 ἢ
639 2029 758 2083 τίνι
799 2027 1073 2098 ὑποχρέω
1107 2028 1386 2097 πέπρακα
1410 2027 1608 2098 unde;
1646 2029 1776 2085 ιδοὺ

190 2123 320 2190 ταῖς
352 2121 669 2192 ἁμαρτίαις
688 2119 856 2190 ὑμῶν
881 2120 1198 2189 ἐπράθητε,
1222 2121 1320 2173 καὶ
1343 2120 1474 2186 ταῖς
1499 2121 1776 2190 ἀνομιάις

189 2216 357 2285 ὑμῶν
368 2215 773 2281 ἐξαπέστειλα
791 2213 908 2284 τὴν
922 2213 1148 2284 μητέρα
1163 2215 1361 2284 mulir;
1382 2216 1438 2266 τί
1456 2215 1544 2268 ὅτι
1562 2210 1774 2285 ἦλθον,

189 2309 288 2364 καὶ
318 2311 433 2364 οὐκ
462 2305 544 2380 ἦν
572 2307 882 2375 ἅνθρωπος
898 2323 912 2338 ·
935 2306 1221 2371 ἐκάλεσα,
1247 2306 1344 2360 καὶ
1366 2309 1476 2362 οὐκ
1501 2303 1581 2378 ἦν
1613 2311 1646 2362 ὁ
1665 2310 1778 2362 ὐπ-

188 2404 452 2465 ακούων,
481 2419 536 2458 κ.
577 2418 630 2455 τ.
666 2400 719 2457 λ.

258 2491 499 2546 Διελθὼν
531 2496 558 2548 ὁ
590 2493 748 2562 λόγος
784 2492 846 2547 τὸ
878 2495 1142 2564 κήρυγμα
1171 2493 1234 2546 τὸ
1265 2491 1643 2562 εὐαγγελικδν,
1676 2494 1777 2563 τήν

185 2601 248 2638 τε
275 2585 344 2638 δι’
372 2583 540 2638 αὐτοῦ
563 2584 674 2637 τῶν
710 2583 882 2637 ἐθνῶν
911 2584 1128 2654 κλῆσιν,
1154 2583 1249 2637 καὶ
1272 2583 1372 2650 τὴν
1402 2581 1661 2634 σύστασιν
1681 2578 1776 2633 τοῦ

188 2674 484 2738 θεοσεϐοῦς
518 2674 936 2744 πολιτεύματος,
973 2675 1068 2726 καὶ
1108 2672 1204 2726 τοῦ
1237 2673 1497 2743 ῥηθέντος
1524 2671 1779 2741 γίγαντος

187 2769 290 2840 τὴν
318 2767 668 2839 καθαίρεσιν,
707 2767 1023 2838 μεταϐαίνει
1047 2766 1210 2820 πάλιν
1247 2767 1340 2818 ἐπὶ
1365 2766 1494 2825 τοὺς
1524 2766 1590 2816 ὲκ
1621 2780 1778 2834 περιο

189 2861 389 2930 τομῆς,
429 2859 622 2929 ὥσπερ
644 2857 1079 2928 ἀπολογούμενος
1107 2857 1195 2911 διὰ
1223 2857 1278 2910 τί
1301 2855 1370 2909 τά
1400 2855 1528 2925 ἔθνη
1554 2857 1778 2908 ἐπισκο-

195 2956 404 3022 πήσας,
435 2952 637 3017 αὐτοὺς
659 2951 908 3015 ἐκδότους
937 2952 1214 3023 ἐποίησεν.
1237 2951 1444 3005 Τούτου
1471 2951 1572 3021 γὰρ
1591 2950 1777 3016 αἴτιοι,

192 3046 402 3116 φησὶν,
432 3046 614 3115 ὑμεῖς,
672 3045 773 3098 οὑκ
827 3044 958 3113 ἐγώ.
990 3045 1064 3098 Οὐ
1117 3045 1225 3116 γὰρ
1271 3043 1382 3113 ἐγὼ
1428 3044 1526 3113 τὴν
1556 3041 1780 3112 μητέρα

191 3138 366 3209 ὑμῶν
388 3137 808 3209 ἀπεπεμψάμην
837 3138 1190 3209 Συναγωγὴν,
1220 3138 1252 3208 ἢ
1281 3137 1380 3206 τὴν
1415 3136 1508 3190 ἐπὶ
1533 3137 1636 3206 γῆς
1679 3136 1780 3190 Ίε-
1808 3116 1852 3176 C

198 3228 490 3300 ρουσαλὴμ
519 3229 599 3300 (οὺ
629 3229 788 3283 τοῦτο
812 3230 923 3299 γὰρ
976 3231 1008 3298 ἡ
1051 3229 1139 3282 διὰ
1191 3229 1436 3292 Μωσέως
1493 3227 1784 3298 νομοθεσία

196 3321 384 3392 δηλοῖ)
416 3321 603 3392 σχέσιν
634 3321 692 3374 δὲ
719 3321 818 3394 τὴν
852 3323 984 3392 περὶ
1019 3319 1037 3359 ι
1072 3322 1251 3392 ὑμᾶς·
1295 3320 1360 3391 ἣν
1390 3324 1418 3374 ὁ
1449 3322 1677 3391 Μωσῆς,
1711 3321 1787 3384 ὡς

199 3414 327 3466 ἕδνα
376 3414 568 3487 νύμφῃ
625 3414 810 3468 δοῦναι
869 3413 1228 3486 βουλόμενος,
1287 3412 1380 3466 καὶ
1421 3413 1603 3487 φέρων
1634 3414 1785 3480 ὑμῖν,

206 3507 577 3576 μοιχεύσασαν
610 3507 700 3560 διὰ
747 3507 846 3577 τῆς
884 3509 1236 3577 μοσχοποιίας
1291 3485 1468 3577 εὑρὼν
1506 3507 1604 3573 τὴν
1657 3504 1788 3556 2mi-

203 3599 428 3671 ἀγωγὴν
461 3599 751 3652 διέσπασεν
798 3597 1026 3663 ἀναξίαν
1066 3597 1242 3670 εὑρὼν
1279 3607 1317 3636 ιη
1363 3597 1471 3650 τῶν
1499 3596 1648 3665 ἐμῶν
1682 3595 1786 3648 δωο

207 3708 364 3763 ρεων.

275 3867 629 3940 Παραϐάλλει
670 3869 727 3922 δὲ
761 3869 957 3922 ἑαυτὸν
1007 3867 1141 3922 ποτὲ
1195 3867 1293 3944 μὲν
1323 3866 1499 3938 ἀνδρὶ,
1541 3867 1618 3931 ὡς
1650 3867 1789 3936 πρός

207 3961 631 4031 γυναῖκα,λποτὲ
681 3960 738 4013 δὲ
777 3959 1044 4034 Δεσπότῃ,
1072 3960 1149 4024 ὡς
1194 3959 1330 4029 πρὸς
1371 3959 1610 4022 οἰκέτας.
1655 3961 1789 4014 Οὐδὲ

210 4056 315 4124 γὰρ
351 4054 429 4118 ὡς
459 4054 526 4108 ἄν
573 4071 656 4117 τις
703 4053 980 4123 Δεσπότης
1028 4051 1260 4118 ὀφείλων
1297 4051 1578 4121 ἀπεδόμην
1623 4051 1788 4121 ὑμᾶς.

222 4145 360 4198 Ἀλλ’
387 4145 559 4215 ὑμεῖς
585 4143 680 4198 ἀπ’
713 4145 888 4215 ἀρχῆς
912 4145 992 4206 εἰς
1019 4143 1174 4204 τέλος
1218 4143 1666 4214 παρανομοῦντες
1693 4143 1788 4195 ὲκ-

212 4237 502 4306 6έ6λησθε,
532 4235 860 4304 πραθέντες
888 4233 1012 4300 τοῖς
1041 4234 1484 4304 ἁμαρτήμασιν,
1530 4229 1611 4297 οἷς
1645 4233 1793 4289 ἐδου-

211 4330 440 4400 λώθητε,
488 4328 692 4398 τούμὸν
744 4326 910 4398 μέρος
965 4326 1249 4394 γεγονότες
1307 4323 1646 4390 αύτεξούσιοι
1698 4325 1792 4377 καὶ

2513 1751 2672 1805 CAP.
2733 1749 2796 1805 L.

1949 1838 2310 1912 569-570
2333 1840 2499 1896 Vens.
2543 1842 2695 1897 1-H.
2738 1843 2830 1898 Sic
2863 1842 2992 1898 dicit
3020 1843 3298 1923 Dominus,
3325 1861 3466 1914 qua-

1877 1932 1944 1987 lis
1973 1933 2059 1986 hic
2089 1932 2220 1986 liber
2246 1933 2451 2003 repudii
2477 1935 2662 1989 matris
2698 1945 2902 2001 vestrm,
2931 1953 3034 2005 quo
3065 1937 3245 1991 dimisi
3292 1954 3412 1990 eam
3443 1937 3470 1991 Ρ

1877 2033 1971 2077 aut
2017 2027 2104 2077 cui
2143 2025 2395 2078 creditori
2419 2034 2469 2078 ει
2490 2027 2728 2080 exactori
2759 2042 2872 2080 meo
2903 2027 3112 2081 vendidi
3137 2030 3276 2083 vos?
3336 2027 3470 2081 Ecce

1877 2119 2106 2186 peccatis
2146 2121 2334 2172 vestris
2381 2119 2666 2174 venundati
2716 2121 2870 2182 estis,
2923 2121 3051 2174 etin
3096 2121 3468 2190 iniquitatibus

1878 2211 2064 2264 vestris
2097 2210 2280 2264 dimisi
2315 2221 2538 2264 matrem
2567 2220 2816 2266 vestram.
2855 2211 3020 2278 Quid,
3052 2214 3177 2282 quia
3229 2214 3364 2276 veni,
3418 2222 3470 2265 et

1880 2317 1984 2354 non
2034 2311 2148 2354 erat
2177 2299 2380 2355 homo?
2436 2305 2637 2365 vocavi,
2677 2312 2727 2356 et
2773 2319 2876 2356 non
2919 2313 3034 2357 erat
3071 2305 3161 2374 qui
3187 2304 3419 2359 obediret
3445 2307 3490 2360 τι

1878 2401 1988 2448 CIC.

1951 2483 2222 2540 Absoluta
2279 2483 2658 2555 disputatione
2706 2488 2775 2541 de
2833 2485 3118 2558 Evangelii
3184 2504 3488 2558 praecone.

1881 2579 2059 2649 deque
2089 2595 2186 2650 per
2209 2579 2387 2650 ipsum
2419 2578 2561 2636 facta
2586 2583 2832 2652 gentium
2874 2585 3166 2639 vocatione
3194 2601 3210 2651 ;
3267 2586 3336 2638 de
3393 2585 3468 2654 pii

1882 2670 2010 2724 item
2033 2671 2314 2742 regiminis
2333 2672 2608 2738 instituto,
2628 2673 2694 2728 de
2716 2676 2954 2745 gigantis
2984 2676 3209 2730 interitu
3233 2677 3472 2744 denique

1881 2779 2042 2833 quem
2073 2763 2376 2819 nominavit
2411 2783 2426 2819 :
2463 2765 2529 2819 atl
2575 2767 2941 2822 circumcisos
2999 2767 3284 2837 deinceps,
3345 2776 3470 2822 tau~

1881 2870 2046 2924 quam
2070 2853 2282 2925 adjecta
2320 2855 2667 2926 purgatione,
2701 2855 2859 2926 571
2914 2858 3060 2929 quod
3108 2858 3194 2914 eis
3253 2859 3474 2928 rejectis

1883 2963 2068 3000 curam
2101 2949 2342 3018 gentium
2372 2950 2584 3015 subeat,
2617 2966 2676 3004 se
2707 2952 2944 3005 confert.
2986 2950 3162 3021 Hujus
3193 2954 3338 3008 enim
3376 2971 3472 3011 vos

1885 3041 1938 3094 in
1971 3056 2156 3104 causa,
2177 3042 2372 3111 inquit,
2398 3040 2596 3107 fuistis,
2621 3059 2730 3097 non
2751 3059 2851 3114 ego
2874 3060 2887 3106 ;
2908 3059 3086 3114 neque
3109 3045 3224 3114 ipse
3243 3056 3471 3100 matrem

1883 3142 2112 3186 vestram
2145 3133 2446 3202 repudiavi.
2469 3132 2807 3204 Synagogam
2829 3135 3057 3201 scilicet,
3081 3145 3175 3192 aut
3198 3147 3473 3192 terrenam

1884 3221 2187 3277 Jerusalem
2222 3223 2354 3291 (non
2387 3225 2531 3278 enim
2581 3225 2631 3277 id
2665 3241 2784 3293 quze
2816 3241 2912 3295 per
2943 3225 3146 3281 Mosem
3211 3227 3321 3280 lata
3384 3227 3472 3281 lex

1888 3326 1991 3381 est,
2023 3315 2343 3386 significat),
2371 3316 2465 3371 sed
2520 3319 2974 3372 consuetudinem
3007 3330 3063 3372 et
3126 3319 3476 3374 familiarita-

1889 3418 2020 3472 tem,
2088 3423 2210 3478 quae
2251 3408 2384 3462 mihi
2441 3409 2746 3474 vobiscum,
2805 3411 3194 3466 intercesserat
3244 3429 3258 3464 :
3309 3427 3474 3480 quam

1888 3500 2067 3556 Moses
2097 3502 2234 3569 ipse,
2273 3508 2536 3571 tanquam
2567 3518 2786 3572 sponsze
2828 3519 3052 3557 munera
3091 3505 3320 3558 daturus
3379 3520 3474 3558 vo-

1888 3593 2083 3663 bisque
2120 3591 2324 3656 ferens,
2352 3601 2640 3663 postquam
2665 3595 2816 3648 vituli
2861 3595 3206 3649 confectione
3229 3595 3480 3666 Synagu-

1890 3700 2014 3753 gam
2049 3683 2370 3739 fornicatam
2439 3701 2565 3740 esse
2632 3688 2916 3754 sensisset,
2953 3687 3079 3757 quia
3131 3687 3266 3741 meis
3319 3687 3478 3740 donis

1891 3777 2167 3848 indignam
2198 3778 2510 3846 reperisset,
2545 3778 2851 3844 dissipavit.

1961 3865 2187 3922 Confert
2229 3874 2408 3922 autem
2453 3867 2697 3937 seipsum
2732 3884 2855 3921 Clllll
2894 3867 3011 3921 viro
3059 3868 3378 3938 aliquando,
3421 3883 3479 3922 ut

1893 3974 2120 4013 uxorem
2177 3959 2453 4028 respicit:
2506 3959 2800 4028 aliquando
2854 3961 3016 4013 etiam
3045 3977 3172 4013 cum
3231 3960 3382 4024 hero,
3421 3970 3480 4012 ut

1895 4051 2151 4115 faumlos.
2181 4049 2370 4117 Neque
2403 4051 2548 4106 enim
2587 4067 2682 4106 vos
2716 4053 2854 4122 ipse,
2881 4052 2981 4115 ait,
3023 4062 3285 4122 tanquam
3316 4053 3482 4107 herus

1895 4144 2097 4214 aliquis
2123 4143 2420 4206 obseratos,
2471 4143 2526 4196 in
2568 4143 2896 4197 solutionem
2956 4143 3193 4198 tradidi:
3234 4143 3329 4197 sed
3374 4143 3478 4212 ipsi

1894 4252 1993 4306 per
2025 4250 2121 4290 vos
2151 4236 2218 4290 ab
2278 4235 2436 4290 initio
2470 4235 2537 4288 ad
2575 4235 2734 4288 finem
2769 4251 2945 4306 usque
2978 4251 3194 4306 semper
3241 4237 3480 4305 cxleges.

1894 4329 2056 4398 cjecti
2103 4329 2279 4393 estis,
2340 4329 2565 4396 peccatis
2622 4329 2808 4382 vestris
2858 4329 3114 4386 nimirum
3174 4328 3481 4393 venundati,

214 4423 510 4492 ἐλεύθεροι.
544 4419 654 4473 Καὶ
680 4417 855 4480 τέλος,
887 4417 988 4470 οὐκ
1029 4415 1252 4486 ὤκνησα
1291 4415 1425 4479 Θεὸς
1465 4415 1571 4478 ὢν,
1618 4416 1782 4468 ἐλθεῖν

1898 4421 2098 4491 quibus
2145 4419 2353 4477 servire
2401 4420 2710 4486 maluistis;
2767 4420 3121 4488 quantumvis
3167 4419 3332 4474 vestri
3388 4435 3486 4473 vos

212 4519 345 4586 πρὸς
375 4517 545 4584 ὑμᾶς,
580 4511 932 4573 ὑποκαταϐὰς
964 4511 1062 4581 τῆς
1093 4509 1247 4574 ἀξίας
1283 4510 1382 4578 τῆς
1412 4509 1672 4579 ἐμαυτοῦ,
1697 4510 1792 4563 καὶ

212 4611 506 4681 γενόμενος
539 4605 824 4675 ἄνθρωπος
843 4620 856 4634 ⁸
880 4605 974 4657 καὶ
1004 4602 1289 4656 καλοῦντι
1316 4603 1465 4670 πρὸς
1491 4605 1794 4672 σωτηρίαν

214 4705 526 4772 ὑπήκουσεν
575 4699 767 4761 οὐδείς.
827 4701 949 4751 Οὐκ
1000 4693 1078 4767 ἦν
1115 4697 1171 4749 δὲ
1215 4697 1544 4764 ἅνθρωπος,
1605 4698 1791 4767 φησὶν,

214 4793 401 4861 ἐπειδὴ
433 4792 496 4844 τὸ
525 4790 792 4858 ἀνήκοον
830 4788 1032 4860 πλῆθος
1093 4787 1236 4842 οὐδὲ
1266 4788 1419 4840 εἶναι
1462 4787 1792 4856 λελόγισται.

215 4884 276 4938 Oi
300 4883 357 4935 δὲ
385 4880 854 4944 ὑπακούσαντες
875 4917 890 4941 ,
917 4877 992 4940 ὡς
1023 4876 1160 4948 πρὸς
1180 4878 1300 4930 ὅλον
1335 4880 1397 4930 τὺ
1425 4877 1576 4942 ἔθνος
1603 4878 1796 4946 ὀλίγοι,

213 4976 284 5040 ὡς
316 4975 392 5047 μὴ
446 4971 803 5044 ἀριθμεῖσθαι
849 4972 929 5034 είς
977 4969 1134 5039 λόγον
1191 4970 1285 5023 τοῦ
1328 4970 1535 5034 ἔθνους.
1571 4969 1662 5024 Διὸ
1707 4973 1801 5024 καὶ

215 5066 684 5138 ύπεξῃρήθησαν,
727 5064 802 5129 ὡς
854 5063 883 5115 ὁ
917 5061 1042 5117 Λὼτ
1095 5063 1202 5116 ἀπὸ
1249 5063 1519 5132 Σοδόμων.
1567 5064 1642 5116 Οὐ
1689 5064 1798 5134 γὰρ

219 5161 506 5220 τοσούτους
533 5157 642 5210 ἔδει
671 5158 974 5226 παρασχεῖν
1004 5155 1083 5226 τῷ
1111 5156 1302 5227 Κυρίῳ
1335 5157 1431 5227 τὴν
1473 5154 1640 5224 ἁγίαν
1672 5156 1798 5226 γῆν.

221 5255 384 5308 Ὅθεν
411 5253 506 5306 καὶ
536 5252 760 5321 σημεῖον
790 5249 888 5319 τῆς
917 5251 1203 5322 ἀκαρπίας
1232 5251 1402 5319 αὐτῆς
1448 5252 1481 5319 ἡ
1516 5249 1802 5320 ξηρανθεῖ-

223 5365 290 5401 σα
316 5347 482 5416 συκῆ.
502 5344 676 5398 Τοῦτο
697 5343 756 5397 δὲ
780 5344 876 5398 καὶ
906 5344 994 5398 διὰ
1012 5345 1112 5414 τῆς
1141 5345 1517 5414 Εὗαγγελικῆς
1558 5344 1798 5415 παραϐοο

220 5440 318 5510 λῆς
348 5439 455 5492 τῶν
479 5436 884 5510 παρῃτημένων
907 5436 968 5489 τὸ
1001 5435 1214 5490 δεῖπνον
1241 5437 1587 5507 σημαίνεται,
1613 5437 1719 5490 τῶν
1747 5439 1802 5489 ὲν

295 5615 340 5647 ⁷³
371 5613 507 5668 Dan.
537 5631 598 5679 ιι,
626 5613 715 5668 47.
793 5611 838 5644 ⁷⁸
867 5610 1004 5666 Gen.
1045 5627 1154 5672 xix,
1193 5612 1207 5664 l
1259 5628 1411 5680 seqq.

1907 4511 2052 4578 juris
2099 4517 2152 4564 et
2197 4509 2482 4580 potestatis
2541 4524 2664 4563 esse
2703 4508 3018 4562 voluissem.
3091 4507 3354 4577 Denique,
3418 4524 3488 4560 ne

1907 4603 2051 4659 Deus
2090 4603 2308 4673 quidem
2354 4602 2470 4672 ipse
2499 4603 2796 4667 exsistens,
2839 4602 2904 4655 ad
2939 4617 3038 4657 vos
3083 4601 3268 4656 venire
3302 4608 3487 4655 tamen

1906 4694 2120 4757 distuli,
2164 4709 2408 4763 memque
2439 4693 2722 4764 dignitatis
2756 4693 2999 4754 fascibus
3039 4693 3354 4756 submissis,
3387 4693 3488 4745 ho-

1909 4802 2001 4840 mo
2036 4786 2174 4852 fieri,
2201 4794 2254 4841 et
2285 4786 2354 4840 ad
2379 4787 2629 4849 salutem,
2664 4786 2918 4840 audiente
2976 4787 3216 4850 nemine,
3281 4802 3487 4844 vocare.

1910 4878 2118 4948 Itaque,
2177 4894 2279 4931 non
2341 4877 2666 4939 erat/temo,
2722 4876 2944 4944 adjicit;
3001 4889 3260 4947 tanquam
3305 4877 3491 4931 multi-

1910 4971 2179 5034 tudinem,
2221 4986 2343 5040 qum
2372 4985 2480 5024 non
2512 4970 2721 5035 audiat,
2749 4987 2853 5030 non
2897 4987 3009 5025 esse
3052 4970 3362 5032 existimet;
3397 4967 3491 5038 qui

1909 5073 2091 5119 autem
2127 5061 2373 5124 audiant,
2391 5065 2434 5118 si
2460 5077 2585 5117 cum
2613 5063 2868 5118 universa
2892 5072 3054 5132 gente
3079 5069 3489 5131 comparentur,

1912 5169 2022 5211 tam
2065 5172 2269 5227 paucos
2300 5172 2441 5220 esse,
2497 5165 2558 5210 ut
2611 5156 2665 5210 in
2706 5155 2880 5224 gentis
2912 5155 3177 5207 rationem
3236 5167 3343 5205 non
3395 5167 3490 5209 ve-

1911 5251 2106 5315 niant;
2135 5249 2388 5319 ideoque,
2421 5257 2479 5302 ut
2509 5247 2678 5303 Lotus
2718 5248 2848 5300 olim
2885 5245 3163 5306 Sodomis,
3209 5252 3506 5312 exemptos.

1908 5359 2032 5398 csse
2057 5342 2124 5398 7".
2143 5340 2262 5396 Non
2293 5345 2437 5397 enim
2473 5341 2705 5402 Domino
2735 5349 2843 5394 tam
2877 5339 3082 5394 multos
3100 5345 3302 5390 terram
3330 5351 3492 5390 sanc-

1913 5445 2020 5487 tam
2047 5434 2288 5504 praebere
2317 5434 2577 5490 decuerat
2601 5451 2614 5486 :
2644 5432 2786 5488 unde
2815 5439 2870 5488 et
2909 5429 3217 5486 sterilitatis
3236 5427 3352 5498 eius
3381 5426 3492 5499 sig:

1565 5702 1796 5757 νᾹῐὶΙΑΞ
1845 5696 2250 5757 LECTlONl‘ZS.

307 5797 433 5856 ιτσ.
473 5800 605 5870 πρός
709 5800 858 5868 ιιιὲιφ.
902 5799 956 5851 τὸ
984 5797 1179 5867 εὑρών.
