3998 6390
605 277 744 341 2487

1951 283 2190 344 PROCU

2295 288 2301 344 ί
2337 290 2381 346 (3
2394 290 2427 345 Α
2440 287 2580 349 ΖΈΙ
3729 297 3843 358 2433

610 407 740 444 num
770 392 976 448 siccam
1036 392 1197 447 ticum
1258 391 1559 463 prmhuisse
1605 401 1848 449 constat.
1888 394 2046 462 Quod
2096 398 2188 454 illa

2295 403 2411 463 ταῖς
2443 401 2580 465 ὁδοῖς
2608 401 3116 473 ἁντικεκλημένων,
3145 401 3275 474 περὶ
3313 397 3394 457 ὧν
3437 403 3498 455 ἰν
3542 401 3621 474 τῷ
3649 409 3845 476 παρόντι

605 488 770 540 etiam
825 485 1103 554 Evangelii
1156 486 1414 552 parabola
1472 487 1818 556 signiﬁcatur
1870 489 1938 555 ⁷⁵,
1975 490 2027 543 in
2075 507 2184 560 qua

609 577 894 633 nonnullis
922 575 990 630 ad
1017 576 1306 647 prandium
1343 577 1532 632 venire
1571 579 1978 646 recusantibus,
2003 582 2093 635 alii
2131 583 2186 638 in

606 685 797 722 eorum
826 669 1006 722 loemn
1046 668 1113 722 de
1153 667 1335 722 triviis
1371 679 1759 725 accersuntur:
1791 670 1859 726 de
1894 673 2098 742 quibus
2131 674 2187 728 in

610 759 754 813 hunc
785 759 1007 813 modum
1035 757 1175 829 apud
1204 758 1524 829 prophetam
1550 759 1715 814 istum
1745 761 2021 831 reperias:
2062 780 2079 812 ι
2100 759 2190 814 lit-.-

606 860 804 905 ventns
835 867 954 906 sum
980 852 1048 904 ab
1079 851 1186 917 his,
1221 852 1314 926 qui
1345 866 1431 906 me
1480 865 1590 907 non
1631 853 1982 920 quzerebant:
2034 852 2191 908 inno-

609 943 686 996 tui
721 945 827 1004 his,
871 944 961 1014 qui
989 959 1074 997 me
1093 959 1202 1007 non
1232 944 1662 1014 interrogabant.
1697 943 1818 997 Dixi
1842 963 1856 999 :
1879 944 2021 999 Ecce
2067 960 2187 998 sum

607 1036 672 1089 ad
705 1044 941 1105 gentem,
1001 1051 1122 1105 quae
1156 1053 1262 1089 non
1316 1046 1544 1089 noverat
1605 1051 1691 1092 me
1726 1036 1825 1090 ⁷⁸.»
1869 1035 1941 1091 De
1987 1035 2190 1090 Judreis

607 1137 789 1183 autem
821 1129 900 1182 sic
936 1128 1119 1183 addit:
1167 1127 1304 1184 Tota
1333 1128 1422 1183 die
1453 1128 1688 1198 expandi
1719 1143 1914 1186 manus
1951 1143 2102 1183 meas
2124 1130 2190 1183 ad

610 1223 872 1292 populum
910 1223 1274 1290 incredulum,
1301 1235 1354 1278 et
1395 1231 1789 1294 repugnantem
1824 1224 1923 1274 ⁷⁷.»
1957 1223 2189 1280 Eosdem

607 1322 661 1369 et
697 1316 749 1368 in
778 1316 1086 1386 Evangeliis
1119 1323 1379 1386 provocat
1411 1315 1495 1370 his
1527 1315 1750 1372 verbis:
1785 1335 1801 1366 ι
1839 1315 2094 1370 Accedite
2123 1315 2192 1370 ad

611 1425 718 1474 me,
745 1424 938 1464 omnes
983 1411 1074 1477 qui
1139 1408 1404 1464 laboratis
1450 1415 1504 1462 et
1563 1409 1775 1463 onerati
1823 1409 1979 1471 estis,
2011 1415 2066 1462 et
2094 1423 2194 1478 ego

612 1499 853 1554 reﬁciam
880 1517 978 1555 vos
998 1501 1066 1568 '3;
1093 1520 1112 1552 ι
1143 1513 1200 1556 ιιι
1223 1517 1367 1569 δσιρε
1397 1500 1535 1555 alias
1576 1501 1851 1557 similibus
1884 1501 2192 1569 permultis.

607 1592 690 1646 An
729 1593 918 1663 igitur,
947 1595 1148 1662 inquit,
1191 1595 1320 1664 quia
1363 1608 1587 1647 servare
1641 1609 1741 1648 vos
1771 1607 1880 1647 non
1931 1593 2104 1664 potui,
2139 1592 2195 1646 in

607 1685 985 1753 captivitatem
1022 1684 1182 1754 572
1214 1687 1351 1738 estis
1386 1683 1638 1750 abducti;
1693 1699 1871 1752 neque
1910 1683 2078 1752 hujus
2109 1691 2196 1756 ty-

2291 495 2551 564 προφήτῃ
2585 495 2753 564 φησὶν
2798 496 2827 548 6
2863 494 3133 567 Χριστός·
3172 517 3192 548 ‹
3225 496 3482 569 Εὑρέθην
3526 499 3634 560 τοῖς
3670 499 3759 565 ἐμὲ
3784 503 3844 572 μὴ

2290 585 2566 654 ζητοῦσιν,
2600 587 2884 658 Ἐμφανὴς
2913 589 3181 660 ἐγενόμην
3201 591 3317 652 τοῖς
3349 588 3452 658 ἐμὲ
3482 588 3557 658 μὴ
3595 590 3845 660 ἐπερωτῶ-

2292 697 2398 735 σιν.
2426 676 2592 743 Εἶπα,
2611 681 2742 734 Ἰδού
2765 684 2850 752 sip
2865 701 2903 745 ι,
2927 682 3007 752 τῷ
3037 683 3204 745 ἔθνει,
3233 683 3286 736 οἳ
3310 683 3414 736 οὐκ
3434 683 3722 750 ἠπίσταντό
3745 704 3840 753 με.»

2293 771 2430 840 Περὶ
2463 771 2518 824 δὲ
2554 773 2664 825 τῶν
2706 773 2977 827 Ἰουδαίων
3009 775 3242 843 ἐπάγει·
3285 793 3304 825 ι
3347 773 3522 842 Ὅλην
3544 773 3642 843 τὴν
3668 775 3844 847 ἡμέραν

2292 862 2598 926 ἐξεπέτασα
2627 865 2726 927 τὰς
2758 865 2948 934 χεῖράς
2981 883 3082 935 μου
3105 866 3244 936 πρὸς
3277 864 3412 928 λαὸν
3442 863 3755 919 ἀπειθοῦντα
3772 872 3843 923 καὶ

2293 953 2664 1021 ἀντιλέγοντα.
2701 973 2722 1008 ι
2765 954 2874 1018 Οὓς
2904 956 2999 1009 καὶ
3025 957 3208 1010 καλῶν
3237 959 3296 1009 ἐν
3327 956 3682 1024 Εὑαγγελίοις
3702 958 3838 1027 ἕλετεσ

2303 1064 2321 1097 ι
2345 1046 2511 1099 Δεῦτε
2540 1048 2679 1117 πρὸς
2711 1066 2800 1118 με,
2826 1049 2880 1101 οἱ
2933 1049 3237 1112 κοπιῶντες
3292 1050 3392 1102 καὶ
3439 1050 3834 1118 πεφορτισμένοι,

2294 1137 2451 1206 κάγὼ
2477 1137 2780 1191 ἀναπαύσω
2807 1139 2972 1210 ὑμᾶς,
2997 1157 3015 1190 ι
3056 1140 3148 1192 καί⁵
3175 1139 3404 1192 τοιαῦτα
3434 1137 3710 1202 πολλάκις.
3737 1139 3835 1192 Ἀλλ’

2295 1231 2403 1300 ἄρα
2441 1229 2516 1302 μὴ
2543 1231 2714 1284 σῶσαί
2747 1249 2871 1302 μου,
2900 1232 3067 1302 φησιν
3091 1272 3105 1294 ,
3137 1231 3526 1298 ἀσθενοῦντος,
3570 1233 3649 1294 εἰς
3680 1234 3841 1302 mizpe-

2294 1321 2497 1378 λωσίαν
2535 1324 2861 1394 ἀπήχθητε;
2907 1323 3003 1378 καὶ
3042 1325 3104 1376 οὐ
3146 1325 3458 1394 δυνήσεσθε
3509 1325 3736 1392 σωθῆναι
3770 1331 3843 1395 τῆς

2299 1418 2508 1471 ἐκείνου
2543 1418 2892 1490 τυραννίδος,
2923 1418 3081 1472 τοῦτο
3111 1417 3249 1486 πρὸς
3287 1419 3425 1479 τοὺς
3478 1416 3610 1470 Θεὸν
3644 1417 3844 1487 βλασφη-

2300 1511 2538 1581 μοῦντας
2571 1511 2646 1574 ὡς
2677 1511 2739 1570 οὐ
2773 1511 3068 1581 δυνηθέντα
3119 1511 3292 1563 σῶσαι
3332 1509 3432 1560 τὸν
3473 1507 3628 1567 λαὸν,
3696 1511 3845 1562 ὁποῖον

2299 1605 2392 1657 καὶ
2418 1605 2448 1656 6
2476 1603 2667 1675 Σωτὴρ
2701 1603 2838 1674 πρὸς
2868 1602 2994 1667 τοὺς
3018 1602 3303 1671 οἰομένους
3348 1600 3519 1654 αὐτὸν
3551 1600 3737 1655 ἄκοντα
3761 1604 3843 1656 πάι

2302 1711 2472 1765 σχειν,
2514 1693 2644 1761 περ)⁴
2675 1693 2778 1764 τῆς
2804 1693 2915 1746 τῶν
2947 1699 3009 1746 ιε’
3050 1704 3080 1732 ιι
3105 1691 3394 1760 λεγεώνων
3426 1691 3562 1759 φησὶ
3603 1695 3843 1762 παραστά-

609 1775 840 1831 rannide
899 1777 1123 1833 liberari
1155 1778 1446 1848 poteritis?
1502 1775 1560 1830 In
1609 1777 1964 1846 blasphemos
2024 1775 2190 1846 igitur

2299 1803 2437 1850 σεως
2456 1804 2470 1818 ·
2499 1786 2687 1856 ἤγουν,
2717 1785 2906 1856 ἐπειδὴ
2931 1782 3086 1838 εἶπεν
3132 1784 3344 1856 μηδένα
3397 1782 3727 1836 ὑπακοῦσαι
3764 1803 3841 1839 κα-

607 1871 876 1926 adversus
910 1869 1076 1925 Deum
1111 1871 1255 1925 istud
1286 1877 1390 1933 est,
1422 1869 1514 1940 qui
1548 1885 1772 1925 servare
1799 1869 2056 1940 populum
2082 1883 2193 1924 non

609 1977 769 2030 posse
799 1961 936 2015 falso
967 1961 1322 2025 arbitrantur.
1356 1961 1530 2027 Quale
1561 1971 1644 2017 est
1672 1969 1726 2015 et
1763 1960 1898 2016 illud
1929 1961 2194 2017 adversus

608 2070 725 2112 eos,
768 2053 860 2122 qui
897 2052 1237 2107 Salvatorem
1275 2069 1383 2108 non
1421 2063 1618 2122 sponte
1673 2061 1904 2108 mortem
1952 2051 2193 2107 obivisse

610 2157 890 2221 putarunt,
917 2147 982 2202 de
1003 2154 1194 2218 parato
1217 2145 1503 2200 duodecim
1528 2146 1798 2216 legionum
1819 2145 2022 2200 auxilio
2048 2145 2195 2215 ejus-

609 2238 730 2286 dem
767 2251 1090 2304 responsum
1122 2236 1188 2289 τ’.
1230 2233 1325 2289 Vel
1365 2246 1532 2302 certe,
1574 2237 1701 2305 quia
1742 2237 1948 2290 nullum
1996 2253 2191 2290 vocan-

610 2340 713 2391 tem
743 2331 929 2384 audire
966 2331 1142 2396 dixit;
1177 2343 1536 2402 prmterquam
1569 2330 1714 2400 quod
1753 2345 1915 2384 aures
1949 2331 2052 2386 sihi
2090 2330 2190 2384 ob-

609 2432 888 2486 turarunt,
930 2423 1114 2489 omnia
1150 2424 1316 2486 etiam
1353 2424 1406 2476 in
1445 2439 1503 2476 se
1535 2436 1726 2490 praeter
1757 2422 1839 2478 fas
1894 2421 2192 2477 admisisse

609 2515 859 2582 indicat;
893 2531 1015 2584 quze
1049 2524 1230 2579 tamen
1266 2515 1534 2585 patienter
1574 2516 1720 2579 tulit,
1754 2531 1880 2570 cum
1918 2533 1947 2570 a
1987 2532 2047 2572 se
2076 2531 2192 2571 om-

611 2605 742 2670 nino
767 2621 954 2664 arcere
982 2608 1288 2680 potuisset;
1325 2613 1384 2658 ut
1414 2605 1720 2660 dessiccato
1752 2606 1902 2676 prius
1930 2605 1984 2660 in
2004 2613 2192 2661 trans-

611 2699 749 2765 itum
799 2699 941 2766 mari
968 2698 1156 2754 Rubro
1182 2715 1197 2766 ;
1222 2707 1283 2752 ut
1309 2696 1552 2753 Iordane
1570 2697 1738 2760 ﬂuvio
1771 2715 1784 2764 ;
1813 2706 1874 2753 ut
1905 2698 2070 2758 trium
2097 2697 2192 2753 dc-

610 2797 775 2864 ttique
808 2791 1024 2848 dierum
1057 2793 1279 2850 tenebris
1317 2791 1372 2846 in
1403 2790 1642 2863 Αἴθῃ)ῑο
1675 2791 1887 2862 patuit;
1933 2792 2008 2847 ita
2042 2791 2188 2846 enim

610 2888 775 2956 habet
828 2887 1145 2960 Symmachi
1187 2887 1600 2958 interpretatio:
1643 2885 1778 2941 Ecce
1827 2887 2186 2954 increpatione

611 2999 726 3052 mea
756 2980 1044 3036 dessiccavi
1085 2997 1252 3042 mare,
1293 2980 1394 3049 feci
1424 2981 1613 3050 ﬂuvios
1635 2980 1919 3034 desertum.
1961 2978 2114 3045 Quod
2140 2979 2187 3035 si

610 3072 677 3140 ad
721 3071 908 3126 futura
939 3071 1172 3133 releras,
1207 3071 1402 3138 Deum,
1453 3072 1499 3126 si
1541 3071 1692 3133 velit,
1721 3070 1933 3125 eilicere
1985 3068 2186 3123 similia

611 3179 774 3235 posse
821 3163 1238 3231 intelligendum
1271 3171 1354 3219 est.
1399 3181 1412 3216 :
1471 3161 1708 3217 tenebras
1749 3170 1954 3223 autem,
1984 3168 2040 3214 et
2092 3159 2188 3229 qui

607 3273 706 3310 eas
733 3255 940 3322 Operati
963 3262 1114 3320 sunt,
1134 3255 1188 3313 iu
1214 3253 1330 3324 ipsa
1357 3269 1538 3308 rerum
1569 3253 1814 3308 omnium
1835 3267 2191 3307 consumma-

611 3348 759 3404 tione
782 3347 1110 3417 dissipatum
1136 3345 1242 3412 iri;
1269 3363 1378 3416 quo
1411 3355 1658 3418 tempore
1701 3362 1798 3401 sua
1829 3346 2027 3416 cuique
2066 3345 2192 3400 vita:

611 3443 755 3498 ratio
801 3456 900 3512 pro
963 3440 1175 3494 meritis
1229 3439 1507 3508 reddenda
1560 3445 1665 3494 est.
1719 3439 1861 3503 Quin
1903 3445 1956 3492 et
2013 3436 2190 3506 prium

611 3532 787 3603 ipsius
823 3531 1059 3592 adventu
1096 3523 1426 3599 increpatuni
1457 3529 1524 3585 ab
1567 3531 1686 3600 ipso
1713 3545 1858 3582 mare
1880 3528 2179 3598 quievisse,

609 3623 1020 3702 invisibilesque
1061 3630 1361 3693 potestates
1391 3620 1512 3690 ejus
1545 3621 1772 3690 imperio
1805 3622 2056 3690 paruisse
2091 3635 2190 3674 no-

612 3724 726 3782 tum
789 3725 897 3781 est,
967 3715 1193 3786 quibus,
1224 3715 1349 3786 quia
1383 3712 1585 3768 Judmis
1607 3712 1983 3782 spectantibus
2043 3711 2191 3767 edita

610 3817 792 3876 erant,
826 3823 951 3871 cum
1001 3808 1045 3862 si
1100 3807 1394 3872 noluisset,
1445 3820 1738 3875 passurum
1782 3819 1889 3857 non
1950 3817 2104 3869 esse;
2137 3812 2193 3856 et

612 3917 798 3972 posse,
831 3900 877 3955 si
908 3899 1200 3972 voluisset,
1231 3898 1482 3968 quamvis
1507 3896 1692 3956 homo,
1722 3894 1909 3948 orbem
1941 3894 2085 3948 hunc
2105 3897 2192 3947 in-

613 3991 866 4066 feriorem
903 4005 1146 4051 servare,
1172 3989 1396 4049 eosdem
1421 4003 1532 4041 non
1566 3985 1821 4040 dubitare
1857 3983 2060 4038 decuit.
2088 3983 2193 4038 Ne-

609 4101 719 4156 que
749 4083 1034 4146 conversis
1064 4081 1130 4136 ad
1163 4080 1214 4135 id
1256 4087 1492 4148 tantum,
1532 4079 1679 4147 quod
1729 4083 1958 4146 apparet
1989 4075 2192 4140 oculis,

610 4193 735 4232 eum
766 4191 847 4239 Se,
881 4191 990 4238 non
1023 4181 1244 4244 propter
1269 4171 1486 4241 egregia
1509 4169 1669 4232 facta,
1689 4168 1783 4228 sed
1811 4175 2031 4236 propter
2051 4166 2195 4222 blas-

612 4268 860 4339 phemias
878 4267 1154 4340 lapidibus
1176 4272 1380 4338 petere,
1403 4263 1496 4334 qui
1519 4263 1680 4315 homo
1701 4261 1998 4322 exsistens,
2022 4258 2190 4313 Deum

613 4376 672 4416 se
704 4361 892 4424 faciat,
952 4359 1330 4432 respondere:
1367 4356 1461 4414 sed
1487 4353 1704 4416 discere
1753 4352 2005 4408 eumdem
2034 4353 2194 4421 plane

2296 1879 2530 1942 λοῦντι,
2561 1877 2835 1932 δείκνυσιν
2853 1878 2928 1942 ὡς
2975 1877 3112 1946 πρὸς
3150 1877 3259 1929 τῶν
3287 1886 3308 1905 °
3347 1873 3426 1944 μὴ
3450 1873 3760 1940 ὑπακοῦσαι,
3787 1878 3841 1930 τὰ

2297 1972 2515 2024 πάντων
2535 1971 2884 2041 ἀθεσμότατα
2908 1971 3030 2024 κατ’
3050 1969 3184 2039 ἐμοῦ
3203 1966 3598 2036 διεπράξασθε.
3619 1967 3715 2018 Καὶ
3735 1969 3839 2036 api;

2295 2063 2471 2115 ταῦτα
2492 2063 2569 2125 δὲ,
2601 2062 2787 2131 φησὶν,
2812 2061 3152 2128 ἀνεξικάκως
3173 2059 3438 2130 ὴνέχθην,
3473 2058 3746 2128 δυνάμενος
3760 2079 3843 2129 μη-

2295 2153 2383 2206 δὲν
2413 2154 2549 2216 ὅλως
2582 2153 2807 2206 παθεῖν·
2841 2152 2916 2215 ὡς
2951 2151 3189 2219 ἐδήλωσε
3207 2152 3482 2220 πρότερον
3517 2149 3733 2220 Ἐρυθρὰ
3764 2151 3836 2221 ξηο

2298 2243 2556 2316 ρανθεῖσα
2582 2245 2718 2315 πρὸς
2745 2243 2993 2297 διάϐασιν
3023 2243 3269 2296 θάλασσα
3297 2260 3308 2272 °
3347 2244 3447 2294 καὶ
3471 2242 3702 2310 ποταμὸς
3736 2243 3836 2310 Ἰορ-

2294 2335 2460 2404 δάνης
2477 2353 2488 2363 ·
2517 2335 2612 2388 καὶ
2641 2336 2866 2401 σκότος
2889 2336 3010 2405 τριή
3021 2352 3186 2405 μερον
3208 2336 3267 2386 ὲν
3286 2332 3552 2403 Αἰγύπτῳ
3572 2333 3826 2402 γενόμενοι.

2305 2429 2366 2481 '0
2396 2429 2505 2499 γὰρ
2532 2429 2828 2500 Σύμμαχος
2865 2429 3123 2494 ἐξέδωκεν
3140 2447 3152 2460 ’
3173 2428 3331 2483 Ἰδοὺ
3361 2425 3526 2494 ἐν·τῇ
3547 2427 3828 2494 ἐπιτιμήσει

2289 2538 2410 2590 μου
2437 2521 2703 2590 ἐξήρανα
2731 2520 3073 2583 θάλασσαν,
3108 2521 3374 2586 ἐποίησα
3416 2518 3712 2586 ποταμοὺς
3733 2519 3831 2586 ἔρη-

2288 2632 2430 2684 μον.
2462 2615 2580 2667 Κᾶν
2611 2616 2702 2669 ἐπὶ
2746 2615 3029 2686 μέλλοντος
3057 2616 3114 2669 δὲ
3144 2615 3324 2685 ληφθῇ
3352 2670 3363 2679 ,
3412 2615 3628 2681 νοητέον
3662 2613 3727 2676 ὡς
3762 2612 3830 2664 τοῦ

2295 2705 2450 2769 Θεοῦ,
2475 2709 2520 2760 εί
2546 2706 2809 2776 βούλοιτο,
2836 2707 3137 2778 δυναμένου
3163 2708 3394 2778 ποιῆσαι
3416 2709 3484 2759 τὰ
3506 2705 3827 2775 παραπλήσια.

2295 2799 2368 2851 Τὸ
2396 2799 2453 2852 δὲ
2485 2804 2709 2867 σκότος
2735 2801 2832 2855 καὶ
2865 2802 3195 2872 ποιήσαντες
3218 2811 3244 2849 P
3281 2804 3343 2852 ἐν
3365 2803 3430 2870 τῇ
3467 2800 3727 2870 συντελείᾳ
3750 2798 3831 2849 τῶν

2293 2889 2451 2954 ὅλων,
2511 2892 2569 2944 ὲν
2667 2891 2854 2944 καὶτὸ
2902 2894 3013 2946 πᾶν
3051 2893 3489 2961 ἀφανισθήσεται
3512 2931 3526 2956 ,
3578 2889 3678 2941 τῶν
3733 2888 3833 2958 βίων

2295 2979 2430 3051 πρὸς
2463 2979 2620 3046 ἀξίαν
2673 2981 3072 3052 εὐθυνομένων.
3125 2983 3235 3035 Καὶ
3285 2981 3386 3036 ἐπὶ
3417 2981 3516 3051 τῆς
3557 2978 3759 3048 πρώτης
3789 2979 3832 3029 δὲ

2295 3071 2600 3140 παρουσίας
2627 3071 3029 3140 ἁπειληθεῖσα
3079 3072 3216 3142 πρὸς
3268 3069 3440 3123 αὐτοῦ
3495 3069 3721 3139 ἡσύχασε
3755 3067 3833 3121 θά-

2295 3163 2502 3224 λαττα,
2539 3160 2634 3212 καὶ
2659 3162 2883 3233 ἀόρατοι
2905 3161 3163 3232 δυνάμεις
3189 3156 3346 3227 εἶξαν
3387 3159 3709 3229 ὲπιτάγματι
3735 3159 3833 3210 auo.

2294 3251 2545 3318 κόμεναι.
2577 3252 2757 3322 ’Δπερ
2783 3253 2951 3323 ἐχρῆν
2994 3252 3283 3315 Ἰουδαίους
3308 3250 3576 3321 ὁρῶντας,
3609 3250 3676 3320 μὴ
3700 3250 3832 3318 ἀμφι·

2296 3343 2515 3413 σὸητείν
2539 3342 2622 3396 ὅτι
2652 3344 2753 3396 οὐκ
2785 3343 2853 3396 ἂν
2879 3343 3103 3408 ἔπαθεν,
3128 3343 3289 3411 εἴπερ
3330 3343 3592 3412 ἠϐούλετο
3609 3359 3622 3372 ·
3668 3341 3751 3393 καὶ
3772 3341 3834 3392 ὅτι

2293 3433 2467 3487 σῶσαι
2492 3433 2717 3488 δύναται
2742 3435 2841 3504 τὴν
2879 3435 2969 3487 ὑπ’
2998 3434 3249 3505 οὐρανὸν,
3279 3437 3328 3488 εἱ
3376 3436 3471 3489 καὶ
3523 3434 3729 3502 γέγονεν
3759 3433 3833 3484 ἂν·

2295 3527 2533 3598 θρωπος·
2555 3530 2649 3582 καὶ
2671 3528 2747 3600 μὴ
2772 3529 2832 3582 τὸ
2849 3530 3176 3599 φαινόμενον
3196 3529 3445 3601 ὁρῶντας
3471 3527 3666 3596 λέγειν,
3691 3544 3707 3577 ι
3728 3525 3833 3594 Περὶ

2294 3619 2455 3672 καλοῦ
2483 3619 2646 3690 ἔργου
2673 3620 2735 3672 οὐ
2765 3619 3062 3690 λιθάζομέν
3089 3637 3169 3684 σε,
3195 3621 3332 3674 ἀλλὰ
3357 3620 3488 3688 περὶ
3513 3617 3832 3689 βλασφημίας.

2291 3711 2375 3764 ὃτι
2399 3713 2462 3764 σὺ
2494 3712 2776 3781 ἄνθρωπος
2801 3710 2897 3776 ὢν,
2931 3715 3108 3775 ποιεῖς
3143 3711 3373 3772 σεαυτὸν
3407 3712 3570 3764 Θεόν·
3597 3729 3614 3761 ι
3637 3709 3740 3762 δέον
3755 3723 3833 3776 μσ-

2288 3803 2426 3867 θείν,
2459 3803 2535 3867 ὡς
2568 3804 2732 3868 αὐτὸς
2761 3805 2788 3856 ὁ
2816 3802 2991 3857 λαλῶν
3021 3804 3272 3874 πάρειμι,
3301 3805 3417 3858 ὁτὰ
3437 3802 3602 3856 πάλαι
3633 3799 3833 3867 θαυματ-

2292 3896 2589 3968 ουργήσας,
2620 3894 2656 3947 ἂ
2700 3894 2850 3965 δηλοῖ
2900 3895 2992 3947 καὶ
3043 3894 3208 3947 Δαϐὶδ
3235 3893 3446 3962 λέγων’
3484 3910 3502 3944 ι
3533 3891 3595 3944 Τί
3621 3887 3722 3942 ἐστί
3749 3904 3828 3946 σοι,

2295 3984 2561 4046 θάλασσα,
2593 3985 2673 4036 ὅτι
2703 3983 2940 4052 ἕφυγες;
2975 3985 3067 4037 καὶ
3091 3985 3179 4050 σὺ,
3237 3983 3504 4054 Ἰορδὰν-η,
3545 3983 3622 4034 ὅτι
3661 3974 3831 4046 ἀνεχώ-

2296 4093 2470 4146 ρησας
2493 4076 2572 4138 είς
2601 4075 2669 4128 τὰ
2699 4076 2909 4140 ὀπίσω;
2939 4095 2957 4127 ι
2989 4077 3083 4129 καὶ
3101 4075 3286 4130 πάλινο
3318 4094 3338 4127 ι
3367 4075 3577 4129 Ἴδοσάν
3599 4089 3654 4124 σε
3676 4069 3828 4129 ὓδατι,

2291 4165 2321 4217 ὁ
2350 4166 2500 4229 Θεὸς,
2537 4177 2565 4215 ει
2602 4167 2786 4221 ίδοσάν
2822 4185 2881 4223 σε
2935 4168 3122 4234 ὕδατα,
3158 4169 3255 4222 καὶ
3303 4166 3668 4238 ὲφοὸήθησαν.
3699 4181 3716 4213 ι
3746 4160 3830 4214 Καὶ

2293 4258 2423 4325 περὶ
2444 4256 2536 4310 τοῦ
2581 4259 2850 4330 Ἰορδάνου
2882 4260 3043 4313 πάλιν
3067 4276 3080 4288 ’
3120 4278 3140 4311 ‹
3178 4261 3251 4314 Σὺ
3281 4259 3555 4331 ἐξήρανας
3593 4253 3829 4324 ποταμοὺς

2307 4350 2511 4418 Ἦοὰμ,
2548 4369 2567 4402 ι
2592 4351 2737 4404 τοῦτ’
2776 4352 2892 4404 ἔστι
2922 4354 3048 4416 τοὺς
3077 4355 3136 4406 ἐν
3161 4353 3242 4424 τῷ
3274 4355 3434 4424 νότῳ.
3468 4353 3531 4406 El
3559 4351 3627 4422 μὴ
3649 4347 3742 4416 ἄρα
3762 4361 3826 4404 τις

610 4469 758 4522 esse,
791 4453 884 4521 qui
921 4467 1164 4520 praesens
1205 4449 1332 4505 olim
1357 4463 1420 4504 ea
1447 4446 1610 4501 etiam
1638 4445 1903 4504 tniracula
1927 4450 2190 4514 patrarat,

2296 4443 2390 4496 καὶ
2418 4442 2505 4495 διὰ
2547 4444 2749 4496 τούτων
2781 4445 3105 4499 θάλασσαν
3152 4447 3250 4515 μὲν
3297 4442 3740 4513 ξηραινομένηνν
3777 4434 3827 4486 τά

611 4545 679 4598 de
701 4544 901 4613 quibus
933 4543 1002 4596 ita
1027 4542 1169 4612 apud
1195 4541 1451 4602 Davidcm
1481 4539 1712 4609 legimus
1734 4555 1778 4589 τι
1805 4536 1945 4602 Quid
1964 4535 2192 4599 esttibi,

614 4653 784 4699 mare,
817 4634 963 4704 quod
987 4634 1208 4704 fugisti?
1229 4633 1294 4686 Et
1316 4641 1396 4702 tu,
1432 4631 1712 4694 Jordanis,
1733 4629 1859 4699 quia
1895 4643 2198 4682 conversus

610 4745 673 4796 es
730 4740 1033 4790 retrorsum
1063 4727 1144 4780 89?
1179 4746 1197 4779 ι
1241 4726 1444 4780 Deinde
1481 4742 1494 4778 :
1526 4743 1544 4776 ι
1614 4722 1883 4777 Viderunt
1933 4729 1986 4776 te
2017 4735 2194 4790 aquze,

615 4822 779 4883 Deus,
801 4820 1055 4874 viderunt
1085 4827 1137 4884 te
1157 4835 1332 4887 aqua»,
1361 4828 1414 4871 et
1438 4818 1740 4872 timuerunt
1759 4813 1856 4880 8‘4
1881 4815 1946 4868 Et
1974 4827 2195 4868 rursum

611 4910 678 4972 de
712 4907 984 4962 .lordane:
1023 4927 1042 4960 ι
1080 4906 1161 4960 Tu
1215 4907 1440 4968 elevasti
1490 4906 1685 4960 lluvios
1730 4904 1948 4958 Ethami
1977 4905 2046 4966 θ’,
2081 4923 2098 4954 ι
2139 4904 2190 4957 id

609 5007 714 5061 est,
758 4998 1054 5072 australes.
1083 4995 1201 5053 Nisi
1224 4997 1271 5053 si
1303 4998 1427 5068 quis
1452 4996 1616 5050 etiam
1641 5011 1736 5065 per
1765 5010 1910 5048 mare
1932 4994 2193 5055 dessicca-

615 5102 744 5152 tum,
781 5091 1071 5160 impiarum
1101 5092 1340 5160 gentium
1374 5090 1778 5144 multitudinem
1820 5088 1968 5143 dicat
1997 5089 2192 5142 adum-

2297 4537 2475 4609 πλήθη
2503 4539 2609 4590 τῶν
2630 4540 2842 4592 ἀσεϐῶν
2870 4541 3039 4594 ἐθνῶν
3059 4542 3392 4595 αἰνίττεσθαι
3433 4540 3823 4610 φήσειενςποτα-

2290 4631 2448 4700 μοὺς
2476 4630 2532 4682 δὲ
2551 4631 2831 4700 ἐρήμους,
2846 4634 2975 4696 τοὺς
2991 4634 3158 4686 πάλαι
3183 4633 3393 4688 κατασύ
3405 4649 3590 4704 ροντας
3614 4631 3687 4692 εἰς
3705 4625 3821 4678 εἰδωο

2295 4725 2611 4800 λολατρείαν
2633 4725 2824 4794 λόγους
2852 4744 2867 4758 ·
2897 4729 3111 4796 ἰχθύας
3135 4727 3192 4780 δὲ
3215 4731 3422 4782 τούτων
3445 4722 3812 4793 ἀπολλυμένους.

2304 4817 2403 4880 τὰς
2451 4817 2728 4886 ἑρπούσας
2779 4821 2838 4872 ὲν
2887 4821 3008 4881 ταῖς
3040 4818 3150 4871 τῶν
3179 4819 3353 4872 ἀθέων
3395 4819 3587 4888 ψυχαῖς
3613 4812 3813 4878 δυνάμεις

2300 4909 2566 4978 πονηρὰς.
2593 4909 2722 4962 ἔνθα
2745 4910 2839 4962 καὶ
2866 4911 2894 4963 6
2918 4909 3134 4981 δράκων
3157 4910 3452 4981 διατρίϐειν
3481 4907 3685 4980 ἐρρέθη,
3714 4899 3813 4954 κατᾶ

2297 5000 2379 5066 τὸ,
2413 5021 2431 5053 ι
2470 5001 2621 5073 Αὕτη
2647 5004 2680 5074 ἡ
2711 5003 2956 5057 Θάλασσα
2984 5005 3017 5075 ἡ
3071 5003 3286 5075 μεγάλη
3339 5004 3436 5058 καὶ
3471 5001 3809 5071 εὐρύχωροςοθ

2299 5092 2395 5145 καὶ
2417 5094 2488 5146 τὰ
2510 5095 2647 5164 μετὰ
2670 5094 2860 5150 ταῦτα.

611 5185 795 5254 brari;
829 5200 925 5254 per
942 5184 1129 5252 ﬂuuios
1157 5192 1338 5240 autem
1361 5183 1616 5248 desertos,
1646 5183 1898 5239 nationes
1923 5197 2041 5247 eas,
2111 5182 2311 5252 quibus
2377 5185 2446 5240 ad
2500 5187 2767 5242 idolorum
2832 5189 3038 5244 cultum
3077 5188 3296 5246 adducti
3329 5199 3490 5251 sunt;
3524 5198 3612 5253 per
3681 5176 3814 5244 pisces

610 5291 742 5332 vero
788 5284 1104 5346 pereuntes,
1152 5275 1324 5328 malas
1357 5282 1682 5344 potestates,
1723 5289 1847 5344 quas
1872 5282 2101 5344 serpunt
2133 5273 2187 5326 in
2228 5277 2426 5332 animis
2459 5277 2782 5334 atheorum:
2817 5281 2909 5335 ubi
2944 5291 2997 5334 et
3043 5281 3211 5338 draco
3285 5279 3443 5352 573
3513 5277 3620 5346 ipse
3658 5270 3812 5335 degere

610 5372 792 5428 dictus
822 5379 907 5426 est
931 5367 1118 5446 gusta
1150 5367 1320 5422 illud:
1353 5386 1370 5418 ι
1404 5365 1518 5420 Hoc
1541 5381 1688 5420 mare
1711 5381 1966 5438 magnum
1990 5373 2045 5421 et
2061 5368 2364 5440 spatiosum
2396 5369 2498 5434 33,»
2537 5379 2590 5425 et
2613 5388 2734 5441 quae
2763 5372 3044 5444 deinceps.

680 5485 729 5516 "
764 5484 897 5540 an.
945 5500 1055 5546 xw,
1099 5482 1166 5537 16
1223 5497 1376 5550 seqq.
1453 5481 1497 5514 7°
1539 5479 1790 5536 lsa.t.xv.
1827 5481 1880 5534 1.

610 5571 763 5621 cxm.
798 5556 851 5610 '5.
929 5555 972 5588 ⁸⁸
1007 5555 1150 5622 Dsal.
1189 5569 1374 5620 L.\X\I,
1403 5552 1488 5605 i7.

1978 5481 2021 5511 ⁷⁷
2059 5480 2193 5534 ibid.
2230 5480 2284 5534 2.

1600 5555 1645 5583 ⁸³
1688 5552 1829 5606 Psal.
1862 5567 2053 5623 Lxxm,
2086 5550 2172 5603 15.
2249 5553 2296 5582 ⁸³
2330 5553 2475 5608 Psal.
2513 5571 2628 5618 om,
2658 5556 2748 5612 ἓξ).

2417 5484 2466 5515 ⁷⁸
2497 5483 2687 5539 Matth.
2716 5501 2793 5551 XI,
2817 5486 2906 5542 28.
3012 5487 3056 5518 ἐ’
3089 5485 3280 5540 Matth.
3312 5499 3456 5549 nm,
3485 5480 3568 5536 55.
3636 5466 3802 5524 “Psal.

1883 5643 2118 5697 VARI/IS
2159 5643 2562 5718 LECTlthES.

688 5750 713 5778 Ε
742 5741 824 5795 ϊσ.
855 5740 928 5809 ιβ.

1009 5747 1032 5774 ο
1056 5757 1144 5809 γρ.
1174 5741 1274 5811 τῷ.
1326 5750 1353 5790 P
1384 5757 1472 5808 γρ.
1507 5740 1734 5808 ποιήσας
1763 5735 1912 5790 αὑτό.
1972 5746 1998 5785 τι
2030 5754 2108 5806 rp.
2131 5737 2177 5788 εἰ
2207 5736 2252 5788 εἰ
