3998 6390
178 370 311 432 ΞΒ.)

176 583 286 644 τοῖς
312 585 338 634 ὀ
360 581 520 650 λόγος
570 582 786 636 ἀπειλεῖ
813 583 1096 648 σκότους,
1135 583 1196 635 οὐ
1227 580 1404 651 ᾠωτδς
1439 584 1620 655 πλήρη
1658 585 1756 655 θή-

181 690 285 725 σειν
308 674 400 728 τὸν
428 674 658 745 οὐρανόν
679 690 694 704 ο
729 676 904 738 εἴποις
933 676 977 727 δ’
1007 675 1073 728 ἂν
1102 675 1262 728 πάλιν
1283 675 1611 729 θάλασσαν
1631 677 1754 747 μὲν,

177 766 270 832 τὴν
297 763 406 816 τῶν
453 765 726 820 Ἰουδαίων
746 766 1148 835 πολυπληθείαν
1169 782 1184 798 ’
1215 768 1494 837 ποταμοὺς
1521 767 1600 830 δὲ,
1630 769 1758 830 τοὺς

180 856 438 928 πρότερον
491 859 678 918 αὐτοῖς
721 858 916 928 λόγους
945 859 1388 930 χορηγουμένους
1407 874 1422 889 ⁸
1453 859 1644 929 ἰχθύας
1675 859 1755 923 δὲ,

177 949 301 1010 τοὺς
339 949 820 1020 μαθητευομένους
843 954 965 1014 ταῖς
1001 950 1323 1014 Ἰουδαῖκαίις
1346 951 1714 1020 παραδόσεων
1739 967 1756 984 ο

179 1030 250 1092 ὧν
280 1038 345 1106 δὴ
403 1038 659 1106 προλέγει
705 1041 924 1092 πάντων
988 1039 1315 1110 ἀφανισμὸν,
1363 1041 1459 1093 καὶ
1513 1041 1574 1093 τὸ
1623 1041 1758 1094 πᾶσι

180 1131 401 1195 σκότος
461 1131 824 1194 ἐπιπολάσαν,
881 1133 982 1185 οὐκ
1039 1132 1300 1200 οὐρανοῦ
1344 1133 1757 1198 σκοτωθέντος,

178 1221 289 1275 ἀλλ’
319 1221 506 1284 αὐτοῖς
538 1223 767 1285 ἐκείνοις
821 1223 1157 1276 ἐπιπολάσαν
1193 1233 1215 1261 ι’
1239 1224 1425 1293 ῶσπερ
1458 1224 1760 1287 σκοτώδους

181 1310 558 1380 καλύμματος.
595 1313 688 1364 Διὸ
736 1314 796 1365 οὐ
832 1314 1078 1385 ποιήσειν
1117 1313 1243 1383 ἔφη,
1275 1313 1390 1366 ἀλλ’
1427 1313 1679 1367 ἔνδυσιν
1714 1325 1760 1379 τ,

180 1403 585 1473 ὑποδραμόντος
610 1405 809 1476 δηλαδὴ
826 1405 932 1459 τοῦ
950 1409 1210 1471 σκότους
1229 1407 1370 1458 κατὰ
1391 1406 1499 1458 τῶν
1526 1406 1763 1470 ἀναξίων

181 1495 376 1561 φωτός.
424 1495 482 1547 Ὀ
510 1495 564 1548 δὲ
588 1495 839 1562 σάκκος,
873 1496 1103 1558 πένθους
1134 1495 1428 1566 σύμϐολον,
1464 1498 1555 1551 διὰ
1577 1498 1638 1550 τὸ
1671 1499 1765 1550 καὶ

179 1586 273 1647 τὰς
297 1586 589 1655 οὐρανίους
619 1587 878 1656 δυνάμεις
903 1587 1117 1640 πενθεῖν
1135 1589 1315 1642 αὐτῶν
1343 1589 1443 1660 τὴν
1466 1587 1760 1642 ἀπώλειαν.

182 1679 493 1748 Δυνάμενος
537 1679 650 1743 οὖν,
701 1681 854 1748 φησι,
893 1680 966 1752 μὴ
1004 1680 1218 1746 παθεῖν,
1265 1682 1327 1734 τὸ
1357 1682 1518 1750 σῶμά
1558 1699 1661 1750 μου
1688 1683 1766 1750 τῷ

181 1769 343 1822 πάθει
378 1773 694 1840 παρέδωκα.
727 1771 897 1824 Τοῦτο
931 1771 1037 1846 γὰρ
1067 1773 1241 1826 ἐδόκει
1288 1791 1390 1844 μου
1416 1772 1496 1842 τῷ
1539 1774 1761 1842 Πατέρι.

1311 369 1849 435 COMMENTARH
1886 374 1968 434 IN
2014 375 2303 436 ISAIAM.

242 487 465 550 Τούτοις
493 487 552 542 δὲ
586 492 697 550 τοῖς
730 489 837 556 τῆς
878 489 1178 556 θαλάττης
1211 490 1417 558 ἰχθύσι
1451 490 1545 543 καὶ
1584 492 1752 562 ὲρπε-
1781 499 1828 555 Α

3291 381 3434 448 2490

1930 490 2067 547 Istos
2098 508 2262 562 porro
2283 494 2451 562 pisces
2485 496 2720 549 marinos
2748 505 2804 552 et
2836 506 3116 566 serpentes
3149 513 3256 552 non
3291 497 3435 561 luce,

1857 585 1950 636 sed
1982 583 2223 638 tenebris
2263 585 2462 639 malum
2515 587 2811 642 referturos
2843 604 2966 644 esse
3007 591 3179 642 oratio
3217 589 3439 641 minita-

1857 687 1964 731 tur.
1994 677 2273 747 lntelligas
2300 693 2430 733 vero
2454 686 2508 733 et
2536 680 2702 732 maris
2729 680 2948 749 quidem
2977 681 3220 744 nomine,
3244 679 3468 747 ingeri--

1855 775 1965 821 tem
2017 766 2330 824 Iudaeorum
2367 768 2810 832 multitudinem;
2863 785 2959 840 per
2989 767 3186 822 ﬂuvios
3233 780 3440 831 autem,

1857 875 1952 914 eos
1992 860 2164 930 ipsos,
2206 861 2297 930 qui
2342 860 2495 928 prius
2545 861 2650 916 illis
2687 862 2932 916 rationes
2979 861 3438 930 suppeditarunt;

1859 965 1954 1019 per
1981 951 2164 1020 pisces
2198 951 2455 1020 denique,
2483 966 2578 1006 eos
2605 951 2699 1020 qui
2743 949 3059 1005 .ludaeorum
3112 952 3440 1006 traditiones

1859 1041 2180 1095 docentibus
2206 1041 2330 1095 aliis
2365 1040 2712 1094 didicerunt:
2738 1057 2877 1110 quos
2902 1056 3094 1096 omnes
3119 1042 3443 1096 interituros

1861 1131 2130 1202 przedicit,
2155 1133 2398 1202 fereque,
2435 1140 2494 1184 ut
2541 1131 2766 1185 tenebras
2797 1132 2851 1186 iu
2883 1147 3075 1189 omnes
3101 1149 3207 1187 non
3239 1133 3444 1186 obscu-

1863 1234 1982 1278 rato
2017 1226 2237 1294 quidem
2296 1227 2448 1287 ca’lo,
2485 1227 2579 1280 sed
2614 1225 2780 1279 veluti
2831 1225 3124 1280 tenebroso
3173 1224 3446 1280 velamine

1862 1318 2047 1388 aliquo
2096 1317 2314 1386 objecto
2345 1316 2745 1372 dili‘undantnr.
2777 1317 2955 1386 Atque
2995 1316 3122 1372 inde
3154 1326 3262 1382 est,
3297 1317 3444 1386 quod

1866 1426 1971 1464 non
2007 1410 2280 1466 facturum
2308 1425 2390 1476 se,
2419 1408 2512 1465 sed
2547 1407 2860 1462 indutui-um
2888 1408 3046 1470 dixit,
3076 1418 3133 1462 ut
3163 1425 3258 1464 eos
3287 1407 3444 1462 vide-

1865 1501 2009 1562 licet,
2042 1502 2134 1572 qui
2168 1502 2289 1556 luce
2330 1501 2536 1569 indigni
2579 1508 2731 1563 sunt,
2771 1499 2993 1554 tenebrae
3037 1500 3317 1557 invadant.
3347 1498 3445 1555 Est

1865 1609 1994 1648 vero
2021 1609 2206 1646 saccus
2256 1593 2434 1647 luctus
2471 1591 2733 1646 indicium
2786 1601 2840 1646 et
2880 1593 3118 1662 signum,
3152 1599 3210 1644 ut
3254 1606 3444 1645 eorum

1867 1683 2146 1735 interitum
2189 1683 2338 1751 ipsas
2378 1683 2541 1737 etiam
2573 1681 2838 1736 caelorum
2869 1685 3099 1736 virtutes
3141 1682 3325 1752 lugere
3365 1681 3444 1734 si-

1868 1769 2180 1838 gniﬁcetur.
2213 1768 2347 1826 Cum
2404 1785 2619 1836 possem
2673 1771 2840 1840 igitur
2871 1785 2978 1824 non
3028 1771 3191 1831 mori,
3241 1771 3441 1836 inquit,

182 1865 269 1915 Διὸ
316 1865 415 1917 καὶ
465 1862 942 1936 κατηγορούμενος
998 1868 1272 1930 ἐσιώπων,
1325 1868 1564 1936 ὑπήκοος
1615 1866 1764 1947 αὐτῷ

1873 1876 2071 1930 corpus
2123 1859 2241 1928 ipse
2278 1876 2458 1914 meum
2495 1861 2658 1914 morti
2709 1861 2932 1914 tradidi.
2992 1860 3066 1914 lta
3097 1861 3243 1916 enim
3297 1858 3445 1911 Patri

184 1955 347 2024 μέχρι
371 1955 602 2008 θανάτου
660 1957 963 2026 γινόμενος,
1015 1957 1169 2021 εἰδὼς
1198 1959 1274 2021 ὡς
1311 1957 1465 2010 ἔσται
1501 1957 1592 2026 μοί
1633 1973 1762 2010 ποτε

182 2049 375 2115 καιρὸς
403 2048 528 2100 καθ’
557 2049 616 2100 ὃν
663 2049 764 2101 οὐκ
814 2049 895 2102 ἔτι
927 2051 1224 2119 σιγήσομαι
1263 2047 1556 2118 γλῶσσαν
1581 2047 1765 2100 λαϐὼν

183 2139 336 2208 παρὰ
368 2139 466 2191 τοῦ
498 2141 737 2212 Πατὲρος
796 2144 854 2193 ἐν
904 2140 1083 2212 καιρῷ
1103 2141 1305 2210 λέγειν
1352 2142 1722 2212 ἐπισταμένην
1747 2157 1760 2170 ·

182 2235 270 2286 ὅτε
300 2251 407 2302 μου
441 2233 717 2302 πανταχοῦ
739 2235 837 2306 τῆς
865 2234 1194 2306 Ἑκκλησίας
1225 2234 1644 2304 καθιδρυμένης,
1678 2233 1765 2286 διὰ

183 2324 289 2374 τῶν
343 2321 495 2391 ἐμῶν
555 2323 822 2393 βοήσομαι
875 2323 1132 2393 μαθητῶν
1193 2325 1358 2377 πᾶσιν
1414 2324 1621 2377 ἔθνεσιν
1673 2321 1765 2375 τὸν

182 2414 429 2483 ἐμαμτοῦ
470 2414 755 2485 γνωρίζων
791 2416 1031 2487 Πατέρα,
1061 2416 1225 2474 αὑτοῦ
1275 2433 1363 2485 μοι
1406 2415 1763 2487 χαριζομένου

181 2509 276 2558 καὶ
307 2501 432 2560 ὦτα
451 2507 811 2574 dato-vatum,
848 2509 949 2578 τῆς
975 2510 1114 2580 ἐμῆς
1145 2509 1391 2562 συνιέντα
1421 2509 1766 2572 διδασκαλίας

180 2599 272 2650 τὶν
304 2600 451 2665 νοῦν,
486 2601 626 2654 κατὰ
686 2602 766 2661 τὸ,
809 2622 826 2650 ι
856 2602 966 2654 Καὶ
1015 2601 1226 2656 ἔσονται
1273 2603 1474 2664 πάντες
1525 2602 1766 2656 διδακτοὶ

181 2690 344 2756 Θεοῦ,
385 2710 404 2740 ι
441 2693 587 2760 ἅπερ
643 2693 773 2759 ταῖς
796 2693 1066 2762 ἑωθινοῖς
1089 2695 1266 2762 ὥραις
1298 2693 1762 2765 προσεδρεύοντα,

181 2784 555 2850 παιδεύσεως
578 2785 712 2855 τῆςέ
721 2785 826 2856 μῆς
854 2786 1245 2856 μεταλήψεται.
1276 2787 1333 2839 Ὀ
1360 2787 1418 2840 δὲ
1448 2787 1763 2858 Σύμμαχος,

187 2875 411 2940 Ἐθψιέ
447 2893 540 2943 μοι
576 2877 727 2942 πρωῒ
746 2878 905 2947 γύρῳ
933 2878 1099 2947 φησίν
1130 2881 1172 2934 '.
1205 2878 1262 2931 Ὀ
1293 2879 1350 2932 δὲ
1387 2879 1641 2943 Ἀκύλας.
1671 2881 1767 2932 Ἐν

183 2967 336 3034 πρωϊ
356 2966 621 3038 ἐξεγερεῖ
633 2985 735 3036 μοι
786 2969 963 3022 ὠτίον
1009 2968 1117 3023 τοῦ
1169 2970 1431 3025 ἀκούειν.
1471 2966 1630 3026 Οὗτοι
1658 2972 1768 3042 γάρ

186 3077 274 3132 μοι
329 3061 449 3113 ἀνθ’
498 3060 653 3130 ὑμῶν
711 3061 821 3115 τῶν
879 3061 956 3134 μὴ
1021 3064 1372 3117 ἀκουσάντων
1421 3065 1764 3134 γενήσονται,

185 3152 663 3223 προσεδρευόντων
701 3153 789 3208 ἀεὶ
813 3157 929 3218 ταῖς
970 3154 1064 3208 τοῦ
1090 3155 1257 3225 νόμου
1291 3158 1491 3218 σκιαῖς.
1537 3158 1768 3210 Ἐκεῖνοι

1865 1968 1988 2007 meo
2026 1953 2202 2008 visqu
2230 1958 2337 2006 est.
2380 1953 2568 2022 Itaque
2593 1953 2752 2008 etiam
2786 1967 2911 2006 eum
2947 1967 3262 2014 accusaret,
3300 1961 3447 2004 tace:

1863 2044 2010 2109 bam,
2043 2044 2218 2100 eidem
2247 2045 2312 2099 ad
2343 2057 2569 2100 mortem
2603 2061 2779 2115 usque
2811 2060 3016 2099 morem
3068 2060 3262 2115 gerens
3293 2060 3308 2108 ;
3347 2058 3448 2098 nec

1864 2137 2126 2191 dubitans
2157 2134 2275 2191 fore
2306 2135 2440 2189 mihi
2475 2143 2693 2203 tempus
2719 2135 3039 2204 aliquando,
3073 2149 3181 2203 quo
3209 2134 3389 2200 lingua
3417 2146 3450 2184 a

1868 2225 2030 2279 Patre
2065 2234 2314 2294 accepta,
2347 2239 2468 2294 qua:
2497 2224 2744 2294 loquendi
2780 2224 3259 2296 tempestivitatem
3301 2224 3450 2278 cale-

1864 2327 1968 2383 ret,
1995 2317 2129 2372 mihi
2172 2317 2408 2388 amplius
2439 2317 2730 2372 tacendum
2786 2333 2895 2372 non
2919 2327 3067 2372 esset
3106 2316 3324 2386 quando
3365 2313 3452 2368 ni-

1868 2414 2066 2469 mirum
2099 2413 2352 2470 stabilita
2371 2413 2575 2482 ubique
2596 2410 2868 2476 Ecclesia,
2897 2427 2994 2480 per
3016 2423 3167 2465 meos
3193 2409 3312 2478 ipse
3336 2409 3452 2463 dis-

1865 2507 2081 2575 cipulos
2115 2506 2375 2576 gentibus
2404 2505 2660 2560 onmibus
2690 2504 2904 2557 Patrem
2933 2517 3114 2558 meum
3147 2502 3452 2572 praedicans

1865 2597 2133 2662 clamabo,
2162 2597 2406 2664 mihique
2442 2596 2572 2650 item
2603 2592 2789 2648 audire
2821 2593 3052 2648 valentes
3083 2609 3262 2657 aures,
3289 2592 3343 2655 id
3367 2599 3455 2646 est

1865 2691 2168 2760 disciplinae
2199 2705 2331 2743 mea:
2364 2704 2595 2758 capaces
2637 2689 2874 2752 animas,
2915 2687 3074 2756 juxta
3122 2686 3290 2740 illud:
3325 2703 3345 2736 ι
3381 2683 3458 2740 Et

1865 2790 2026 2838 erunt
2047 2797 2238 2836 omnes
2254 2781 2516 2835 docibiles
2545 2779 2652 2834 Deo
2667 2779 2735 2844 ⁸⁸,
2770 2799 2789 2832 ι
2822 2779 3252 2848 Ιονείειιιτειιιιαι
3281 2787 3456 2831 matu-

1868 2879 1995 2932 tinis
2023 2877 2168 2935 horis
2198 2883 2418 2931 attenta;
2461 2873 2801 2943 disciplinam
2845 2889 3019 2928 meam
3064 2883 3456 2944 assequentur.

1867 2969 2067 3024 Verum
2106 2968 2253 3038 quod
2309 2966 2520 3022 addidit
2544 2966 2674 3020 mihi
2724 2983 2878 3020 mane
2925 2967 3227 3028 scientiam.
3276 2966 3448 3020 habet

1871 3058 2259 3131 Symmachus,
2286 3056 2448 3112 Mane
2472 3057 2721 3112 excitavit
2751 3057 2880 3110 mihi
2908 3074 3090 3112 aurem
3115 3057 3185 3111 ad
3225 3057 3452 3112 audien-

1871 3153 2019 3218 dum,
2066 3149 2206 3204 dixit
2233 3149 2481 3220 Aquilas.
2516 3149 2582 3204 Hi
2617 3150 2888 3218 siquidem
2923 3150 3054 3204 mihi
3076 3151 3130 3205 in
3162 3151 3337 3206 locum
3366 3165 3459 3206 ve-

182 3214 239 3296 δέ
266 3214 626 3308 τοὺςτύπους
681 3246 760 3310 είς
815 3214 1077 3316 ἀληθειαν
1121 3214 1497 3317 πνευματικης
1537 3248 1768 3318 θεωρίας

1875 3253 2051 3298 strum
2085 3241 2300 3296 venturi
2336 3249 2486 3305 sunt,
2511 3239 2709 3310 quime
2738 3256 2848 3294 non
2883 3240 3157 3306 audistis;
3189 3240 3285 3295 sed
3320 3241 3458 3310 legis

184 3337 520 3401 ξκδέξονται.
589 3338 742 3407 ὑμῶν
813 3339 1284 3408 παρακουσάντων
1333 3357 1434 3410 μου
1489 3340 1765 3408 λέγοντος·

191 3448 209 3479 ι
234 3429 530 3498 Ἐρευνᾶτε
563 3430 663 3492 τὰς
683 3430 928 3500 Γραφὰς,
955 3431 1036 3483 ὅτι
1066 3432 1123 3494 ὲν
1145 3431 1337 3495 αὐταῖς
1369 3432 1605 3485 δοκεῖται
1629 3432 1773 3502 ζωὴν

186 3521 409 3572 αἰώνιον
441 3520 585 3590 ἔχειν
649 3523 744 3574 καὶ
777 3522 936 3576 αὐταί
984 3524 1121 3576 εἰσιν
1151 3523 1211 3576 al
1249 3524 1624 3594 μαρτυροῦσαι
1645 3524 1775 3595 περὶ

185 3613 348 3681 ἐμοῦ,
370 3613 469 3666 καὶ
495 3615 553 3667 οὐ
586 3615 768 3668 θέλετε
798 3616 972 3670 ἐλθεῖν
993 3617 1128 3688 πρός
1157 3634 1247 3686 με,
1279 3618 1364 3670 ἵνα
1382 3618 1524 3688 ζωὴν
1553 3619 1768 3689 ἔχητε.ι

184 3702 398 3770 Γράφει
442 3701 499 3754 δὲ
542 3704 638 3755 καὶ
701 3703 730 3754 ὁ
797 3703 937 3769 θεῖος
997 3705 1341 3770 Ἀπόστολος,
1385 3727 1402 3758 ‹
1448 3709 1573 3761 ’Ὁτι
1610 3708 1776 3778 ἡνίκα

183 3795 634 3868 ἀναγινώσκηται
682 3796 907 3867 Μωσῆς,
954 3797 1220 3869 κάλυμμα
1274 3799 1369 3853 ἐπὶ
1412 3801 1512 3872 τὴν
1545 3801 1774 3871 καρδίαν

182 3887 369 3940 αὐτῶν
399 3891 601 3943 κεῖται.
633 3906 652 3940 ι

263 4146 421 4211 Τινὲς
475 4147 533 4202 δὲ
577 4147 654 4212 ὡς
679 4149 788 4202 ἀπὸ
835 4149 943 4203 τῶν
1009 4149 1268 4224 μαθητῶν
1320 4150 1572 4222 εἰρῆσθαι
1617 4151 1774 4206 τοῦτό

185 4256 350 4308 φασι,
368 4239 675 4294 λαλούντων
699 4241 996 4311 ἐκάστῳτὰ
1019 4244 1304 4313 πρόσφορα
1328 4245 1422 4296 καὶ
1444 4243 1773 4316 κατάλληλαν

184 4330 246 4384 οἶ
276 4331 363 4383 κα*
389 4331 705 4396 τεθεῖσθαι,
738 4335 923 4402 φασὶν,
973 4334 1212 4400 ἑαυτοῖς
1238 4344 1266 4371 υ
1295 4336 1395 4390 καὶ
1433 4339 1600 4405 πρωῒ,
1629 4337 1775 4392 τοῦτ’

185 4421 344 4474 εστιν
371 4425 453 4486 είς
476 4424 600 4477 νοῦν
629 4426 724 4478 καὶ
777 4427 1005 4499 καρδίαν
1051 4429 1267 4501 ἡμέρας
1315 4429 1651 4502 διαύγασμα,
1680 4432 1777 4487 καὶ

183 4517 388 4584 νοητοῦ
420 4518 597 4585 φωτὸς
629 4517 917 4586 ἐλλαμψιν.
954 4520 1064 4572 Καὶ
1092 4522 1302 4584 Παῦλος
1327 4524 1435 4596 γὰρ
1464 4524 1778 4592 εὐχαριστεῖ

181 4607 269 4674 τῷ
282 4607 402 4675 Θεῷ
415 4607 610 4675 λέγων,
627 4609 708 4661 δτι
726 4629 743 4660 ι
757 4609 1059 4684 Ἐρρύσατο
1073 4613 1104 4682 ἡ
1116 4613 1220 4681 μᾶς
1237 4614 1301 4665 ὲκ
1315 4613 1413 4680 τῆς
1425 4612 1671 4678 ἐξουσίας
1684 4614 1774 4668 τοῦ

184 4700 444 4761 σκότους,
475 4701 570 4751 καὶ
603 4700 935 4770 μετέστησεν
967 4702 1155 4772 εἰςτὴν
1188 4702 1467 4772 βασιλείαν
1506 4703 1602 4756 τοῦ
1634 4703 1766 4757 Υἱοῦ

183 4789 286 4856 τῆς
319 4788 540 4859 ἀγάπης
562 4790 724 4842 αὑτοῦ
749 4794 804 4842 ἐν
824 4791 899 4861 τῷ
926 4793 1082 4862 φωτί.
1117 4813 1135 4844 ι
1158 4794 1314 4856 Τινὲς
1335 4797 1428 4847 καὶ
1449 4795 1523 4858 ὡς
1555 4796 1662 4848 ἀπὸ
1680 4794 1774 4849 τοῦ

188 4881 478 4950 προςρήτου
501 4881 721 4935 δυνατὸν
748 4883 807 4935 τὸ
829 4885 1000 4955 παρὸν
1053 4883 1264 4954 ἔφασαν
1297 4885 1547 4958 λελέχθαι
1588 4889 1770 4959 ῥητόν.

194 4971 710 5042 Εὑαγγελισαμένου
750 4976 858 5046 γὰρ
885 4976 1051 5029 αὑτοῦ
1074 4979 1172 5048 τὴν
1211 4977 1391 5031 αὐτῶν
1430 4996 1512 5044 τε,
1544 4980 1638 5032 καὶ
1671 4981 1780 5034 τῶν

191 5061 366 5112 ἐθνῶν
398 5063 691 5132 σωτηρίαν,
741 5066 832 5118 καὶ
885 5067 978 5118 τοῦ
1026 5065 1277 5138 Σωτῆρος
1306 5065 1404 5135 τὴν
1441 5065 1648 5134 ἄφιξιν,
1680 5068 1776 5121 καὶ

193 5153 288 5204 τοῦ
326 5155 533 5225 κόσμου
566 5158 662 5224 τὴν
691 5159 1022 5221 συντέλειαν,
1069 5157 1233 5211 πόθεν
1280 5158 1456 5228 τούτῳ
1482 5158 1657 5211 ταῦτα
1683 5158 1772 5210 λέ-

192 5261 313 5311 γειν
339 5255 365 5281 ν
395 5247 634 5317 ἠπόρουν
667 5249 784 5300 καθ’
807 5249 1053 5312 ἑαυτούς.
1088 5250 1147 5302 '0
1166 5250 1222 5302 δέ
1254 5265 1439 5320 φησιν’
1459 5247 1575 5303 Οὐκ
1593 5247 1724 5317 ἐμὸς
1747 5248 1776 5300 ὁ

193 5335 374 5404 λόγος,
398 5342 427 5391 ὁ
459 5342 712 5411 χορηγῶν
767 5343 822 5395 δὲ
853 5344 1107 5414 Χριστὸς,
1141 5343 1200 5408 ὃς
1229 5346 1341 5406 τοῖς
1371 5343 1565 5396 ἑαυτοῦ
1598 5343 1780 5396 δίδωσι

195 5432 389 5499 καιρόν
413 5449 471 5483 τε
493 5434 680 5502 λόγου
699 5436 790 5494 καὶ
813 5435 1029 5488 σύνεσιν
1048 5434 1184 5505 πρὸς
1203 5436 1264 5489 τὸ
1283 5439 1443 5488 νοεῖν.
1467 5437 1583 5489 Οὐκ
1605 5436 1785 5492 ἀθετῶ

1879 3332 2085 3386 umbrae
2115 3346 2335 3400 semper
2365 3329 2700 3384 adhaesistis.
2738 3330 2806 3383 At
2836 3330 2911 3384 illi
2950 3329 3148 3401 ﬁguras
3192 3331 3247 3385 in
3292 3332 3458 3401 spiri-

1874 3425 2038 3480 tualis
2062 3423 2546 3496 contemplationis
2568 3425 2858 3478 veritatem
2878 3424 3176 3494 excipient,
3199 3439 3460 3478 aversan-

1875 3514 2023 3570 tibus
2055 3513 2211 3568 vobis
2248 3513 2341 3581 qui
2373 3528 2459 3567 me
2492 3512 2753 3582 noluistis
2786 3512 2978 3567 audire
3037 3513 3112 3566 ita
3151 3527 3459 3583 provocan-

1875 3616 1981 3660 tem
2011 3622 2027 3660 :
2057 3623 2076 3655 ι
2113 3604 2456 3658 Scrutamini
2491 3597 2829 3672 Scripturas,
2881 3604 3146 3674 quoniam
3213 3604 3270 3658 in
3322 3603 3459 3673 ipsis

1873 3696 2078 3766 putatis
2109 3697 2275 3750 vitam
2304 3705 2627 3766 perpetuam
2655 3696 2880 3762 habere,
2911 3704 2967 3752 et
2999 3696 3130 3765 ipsa;
3155 3703 3305 3758 sunt,
3334 3711 3459 3764 qua:

1873 3787 2250 3842 testimonium
2284 3787 2579 3856 perhibent
2615 3786 2685 3842 de
2716 3801 2824 3850 me,
2865 3801 3042 3858 neque
3070 3786 3237 3840 vultis
3271 3786 3461 3840 venire

1874 3879 1941 3932 ad
1981 3893 2087 3940 me,
2122 3887 2181 3932 ut
2207 3879 2370 3933 vitam
2391 3879 2646 3934 habeatis
2674 3879 2776 3934 ⁸⁵.»
2806 3877 3012 3933 Scribit
3035 3892 3165 3932 vero
3191 3885 3245 3931 et
3268 3878 3460 3931 beatus

1875 3970 2039 4042 574.
2065 3969 2300 4027 Paulus:
2339 3989 2358 4027 ι
2391 3970 2528 4026 Cum
2555 3972 2756 4041 legitur
2781 3972 2960 4030 Moses
2982 3989 2998 4040 ;
3019 3971 3264 4028 velamen
3293 3985 3461 4040 super

1874 4077 1970 4115 cor
1998 4077 2188 4115 eorum
2213 4060 2448 4130 positum
2491 4071 2576 4118 est
2599 4061 2668 4115 ⁸⁸.
2715 4079 2734 4111 ι

1945 4151 2063 4206 Non
2087 4154 2287 4207 desunt
2317 4161 2524 4216 autem,
2552 4154 2644 4224 qui
2690 4170 2754 4212 ex
2785 4153 3183 4224 discipulorum
3225 4167 3461 4222 persona

1876 4242 2021 4296 istud
2045 4243 2352 4312 accipiant;
2388 4253 2646 4313 tanquam
2691 4244 2990 4313 unicuique
3031 4243 3188 4296 utilia
3236 4249 3290 4294 et
3319 4257 3454 4295 con—

1876 4349 2012 4407 grua
2047 4335 2203 4403 loqui
2235 4350 2295 4390 se
2329 4335 2555 4400 dicant;
2591 4351 2846 4404 muneque
2896 4350 2950 4392 se
2979 4349 3092 4388 esse
3127 4332 3364 4391 additos,
3399 4331 3455 4386 id

1877 4435 1984 4490 est,
2016 4428 2289 4480 mentibus
2343 4434 2398 4480 et
2439 4426 2700 4483 cordibus
2733 4427 2866 4498 ipsis
2901 4425 3150 4481 divinum
3199 4421 3462 4491 splendo-

1881 4533 1996 4571 rem
2027 4527 2081 4571 et
2110 4518 2250 4571 lncis
2279 4517 2643 4588 iutelligibilis
2686 4518 3128 4572 coruscationem
3159 4515 3459 4583 accepisse.

1881 4607 2108 4664 Paulum
2147 4609 2294 4662 enim
2334 4609 2498 4664 etiam
2540 4607 2650 4664 Deo
2689 4610 2896 4680 gratias
2927 4623 3089 4680 agere
3134 4608 3366 4677 legimus
3392 4605 3460 4670 ⁸⁷,

1880 4700 2027 4774 quod
2057 4717 2117 4756 se
2171 4703 2238 4756 de
2270 4703 2622 4762 tenebrarum
2685 4711 2952 4772 potestate
2997 4709 3245 4770 ereptura
3285 4699 3340 4754 in
3373 4712 3462 4752 re-

1878 4811 2043 4866 gnum
2087 4794 2270 4850 dilecti
2298 4793 2419 4848 Filii
2453 4795 2542 4850 sui
2573 4795 2640 4850 ad
2679 4795 2856 4852 lucem
2897 4794 3262 4854 transtulerit.
3314 4790 3464 4844 Non-

1879 4886 2018 4942 nulli
2044 4901 2266 4942 rursum
2300 4895 2561 4956 tanquam
2590 4901 2622 4940 a
2651 4887 2920 4958 prepheta
2955 4887 3118 4943 verba
3163 4885 3266 4940 ista
3312 4886 3454 4940 sumi

1889 4995 2052 5051 posse
2085 4980 2363 5036 dixerunt.
2404 4981 2542 5036 Cum
2572 4980 2718 5043 enim
2777 4995 2934 5036 suam
2984 4980 3092 5034 illis
3133 4987 3190 5035 et
3220 4977 3462 5049 gentium

1894 5073 2145 5136 salutem,
2195 5069 2610 5142 Salvatorisque
2650 5071 2963 5138 adventum,
3004 5072 3190 5126 mundi
3230 5071 3465 5140 denique

1882 5165 2416 5218 consummationem
2469 5164 2772 5228 nuutiaret,
2809 5163 3079 5223 undenam
3113 5163 3216 5218 ista
3243 5162 3465 5218 alIerret

1886 5255 2030 5324 apud
2063 5268 2122 5310 se
2155 5253 2503 5309 dubitabant.
2527 5255 2597 5316 At
2622 5254 2751 5308 ille:
2780 5253 2903 5315 Non
2935 5269 3111 5318 meus,
3139 5253 3339 5322 inquit,
3369 5255 3465 5307 sed

1888 5345 2096 5400 Christi
2130 5344 2556 5414 suppeditantis,
2586 5360 2771 5400 sermo
2801 5353 2905 5408 est,
2939 5344 3032 5415 qui
3068 5345 3184 5402 suis
3217 5344 3465 5413 loquendi

1893 5437 2254 5509 sapiendiqne
2293 5447 2519 5507 tempus
2576 5438 2820 5509 largitur.
2877 5435 2997 5493 Non
3031 5438 3266 5510 gratiam
3299 5437 3465 5505 igitur

269 5588 316 5620 “
342 5590 446 5646 Isa.
482 5606 590 5654 Liv,
631 5593 701 5648 13
764 5593 924 5650 Joan.
960 5611 1034 5658 vr,
1065 5594 1154 5650 45.
1228 5595 1272 5629 ⁸⁸
1305 5595 1466 5652 Joan.
1495 5595 1768 5661 “59,40.

1878 5594 1922 5652 11
1945 5597 2071 5652 Cor.
2106 5611 2188 5661 tu,
2232 5597 2318 5653 l3.
2347 5596 2392 5629 ⁸⁷
2419 5596 2631 5650 Coloss.
2662 5612 2699 5656 ι,
2743 5596 2831 5658 ll,
2860 5595 2946 5648 12.

1486 5711 1716 5767 νΑιιιΑς
1757 5711 1932 5768 LECT
1940 5711 2048 5768 1οΝ
2059 5713 2157 5765 ES.

279 5805 295 5832 ³
327 5797 429 5865 ἀί.
466 5797 523 5849 τὸ
552 5798 908 5865 immolauit.
990 5802 1010 5829 '
1040 5818 1126 5866 γι).
1168 5803 1429 5866 ἐνδύσειν.

990 5802 1010 5829 ⁸
1040 5818 1126 5874 γι).

1511 5803 1527 5840 ί
1555 5822 1643 5873 γρ.
1675 5804 1895 5872 γνῶσιν.

1977 5814 2001 5842 ιι
2036 5805 2284 5869 ἑαυτούς,
2376 5813 2402 5842 ν
2434 5820 2519 5871 γρ.
2547 5805 2716 5872 λέγει.
