3998 6390
626 321 762 388 2491

1926 325 2277 390 PROCOPII
2335 323 2584 382 GAZzEI

3731 325 3846 390 2492

627 445 839 500 everto,
869 434 963 506 qui
1006 435 1254 506 ejusdem
1286 434 1666 506 praadicationi
1714 439 2002 494 subservio
2033 457 2049 505 ;
2085 441 2208 505 qui-

2319 435 2491 488 τοίνυν
2553 434 2650 505 τὴν
2697 435 2858 504 χάριν
2911 433 3200 504 ὑπηρετῶν
3229 429 3397 486 αὐτοῦ
3440 430 3516 502 τῷ
3559 431 3846 504 κηρύγματι,

627 545 735 598 que
774 529 998 583 nomine
1051 529 1225 598 ipSvus
1261 529 1448 583 omnia
1495 529 1731 585 tolerare
1785 543 2009 601 paratus
2064 546 2209 586 sum.

628 620 804 674 Etiam
839 621 886 674 si
938 636 1046 687 me,
1088 621 1289 690 inquit,
1332 621 1584 688 creditis;
1631 622 1677 677 si
1722 624 2052 690 conspuatis,
2090 622 2214 693 ejus

629 712 826 766 auxilii
858 728 1009 781 spem
1038 727 1314 781 nituqttam
1351 712 1626 783 abiecero,
1647 729 1752 783 qua
1786 716 1987 784 potitus
2017 715 2210 778 semel,

623 802 950 873 jnstumque
986 806 1360 874 consequendi
1411 808 1826 876 exspectatione
1871 816 2214 864 sustentatus

627 895 785 950 vobis
821 895 938 963 ipse
967 895 1351 952 contradicere
1375 911 1482 950 non
1516 897 1829 950 volentibus
1861 898 2141 955 resistam.

697 987 806 1040 Sed
847 987 914 1041 ad
965 987 1244 1042 Christum
1289 1000 1652 1051 revertamur,
1699 990 1792 1057 qui
1827 997 2052 1044 vocatos
2091 989 2215 1059 qui-

624 1077 746 1132 dem
777 1077 996 1133 Judteos
1023 1081 1213 1135 audire
1232 1082 1480 1134 noluisse
1508 1099 1522 1147 ;
1547 1098 1605 1134 se
1632 1090 1813 1135 autem
1845 1080 1992 1135 Patri
2016 1091 2214 1136 cuncta

627 1169 682 1223 in
713 1185 779 1224 eo
824 1169 1141 1226 instaurare
1175 1181 1230 1226 et
1271 1173 1596 1242 recolligere
1633 1175 1897 1229 statuenti
1932 1192 2036 1229 non
2064 1193 2216 1245 repu-

624 1279 818 1332 gnasse
851 1271 1120 1318 testatur:
1152 1265 1270 1335 qui,
1294 1266 1426 1319 dum
1463 1282 1522 1320 se
1546 1277 1865 1331 evacuaret,
1891 1269 2213 1338 turpissima

625 1368 858 1421 quaeque
904 1369 1102 1423 passus
1159 1353 1294 1408 nihil
1354 1355 1408 1407 in
1463 1369 1571 1424 quo
1630 1353 1778 1408 Patri
1809 1356 2062 1411 obediret
2111 1357 2214 1411 sibi

625 1449 924 1512 uuidquam
959 1450 1247 1504 dedecoris
1278 1451 1571 1505 allaturum
1602 1452 1905 1508 arbitratus
1937 1463 2058 1509 est:
2098 1453 2214 1509 Non

624 1540 934 1607 ﬂagellante
967 1540 1190 1606 Pilato;
1223 1557 1332 1596 non
1367 1558 1516 1596 servo
1544 1543 1830 1611 colaphum
1859 1544 2213 1615 impingente;

626 1648 735 1685 non
772 1633 824 1685 in
869 1649 929 1688 se
970 1632 1208 1703 denique
1254 1635 1664 1703 conspuentibus
1710 1636 1861 1699 aliis,
1888 1637 1981 1707 qui
2027 1636 2219 1706 faciem

626 1737 779 1776 suam
828 1733 1080 1792 tanquam
1129 1722 1343 1792 ﬁrmam
1379 1733 1584 1793 petram
1631 1735 1902 1794 posuerat.
1959 1725 2037 1779 Ea
2071 1727 2216 1780 enim

626 1815 681 1869 id
733 1816 938 1868 virtute
995 1822 1210 1885 gestum
1244 1827 1346 1875 est.
1385 1831 1484 1886 per
1537 1831 1702 1886 quam
1741 1819 2014 1888 patienter
2052 1819 2216 1884 tulit;

624 1906 888 1974 quoniam
915 1921 945 1960 e
977 1907 1122 1962 coelo
1161 1906 1553 1973 descenderat,
1595 1923 1704 1962 non
1765 1917 1825 1963 ut
1871 1925 2002 1974 suae,
2037 1910 2129 1965 sed
2163 1919 2223 1964 ut

627 1999 769 2065 ejus,
803 2013 831 2050 a
867 2013 974 2067 quo
1007 1999 1214 2054 missus
1248 2007 1354 2064 est,
1393 2001 1955 2079 voluntati'pareret;
1984 2003 2080 2072 qui
2113 2002 2218 2057 sibi

630 2091 995 2161 humanaeque
1025 2091 1276 2146 tenuitati
1306 2092 1610 2147 auxiliatus
1641 2101 1746 2147 est.
1772 2092 2065 2164 Signiﬁcat
2090 2110 2220 2150 vero

625 2183 674 2236 ei
704 2198 763 2236 se
796 2183 960 2236 etiam
989 2197 1146 2251 Opem
1185 2183 1401 2247 tulisse,
1434 2183 1563 2253 quia
1605 2185 1672 2238 de
1703 2185 1790 2247 iis,
1830 2198 1861 2236 a
1899 2184 2099 2254 quibus
2135 2185 2220 2238 in-

623 2273 828 2343 juriam
865 2274 1194 2343 patiebatur,
1229 2289 1420 2344 pte-nas
1458 2275 1792 2345 sumpserit;
1826 2290 1966 2345 quas
1993 2284 2220 2344 propter

626 2365 962 2418 celeritatem
993 2363 1150 2433 juxta
1199 2379 1346 2431 esse,
1381 2379 1552 2433 seque
1590 2381 1618 2416 a
1658 2363 1769 2417 Deo
1795 2365 2093 2434 justiﬁcari
2149 2367 2219 2420 si-

623 2454 872 2525 gnilicat.
902 2452 1118 2509 Iustum
1171 2454 1342 2515 enim,
1379 2462 1433 2508 et
1457 2454 1551 2524 qui
1596 2454 1767 2510 nullis
1825 2455 2117 2509 adversum
2155 2468 2216 2510 se

628 2545 757 2599 mali
789 2559 1014 2599 causam
1041 2545 1372 2615 praebuerat,
1394 2545 1716 2599 interimere
1737 2545 1854 2599 ausi
1885 2551 2048 2599 sunt:
2079 2559 2218 2614 quo-

625 2651 749 2690 rum
803 2653 904 2708 ego
938 2652 1064 2690 cum
1120 2621 1580 2708 injuriam'575
1627 2639 1890 2701 ulciscor,
1942 2636 2076 2691 nulli
2130 2652 2217 2692 me

624 2728 867 2794 crimini,
901 2728 1106 2798 inquit,
1129 2729 1433 2784 obnoxium
1484 2745 1609 2784 esse
1637 2738 1880 2784 testatus
1912 2740 2017 2784 est.
2050 2729 2216 2785 Inde-

623 2837 732 2890 que
761 2821 837 2874 ait
866 2821 1056 2874 Pater:
1080 2839 1098 2872 ι
1143 2822 1207 2874 Ει
1229 2821 1372 2874 dabo
1403 2822 1578 2874 malos
1611 2836 1710 2890 pro
1739 2823 2016 2891 sepultura
2056 2821 2211 2890 ejus:

623 2920 681 2966 et
723 2913 923 2967 divites
980 2927 1081 2981 pro
1120 2925 1295 2966 morte
1362 2913 1539 2982 ipsius
1562 2913 1664 2968 ⁸³.»
1695 2911 2017 2967 Divitiarum
2065 2914 2213 2967 enim

622 3004 929 3073 cupiditate
973 3003 1300 3058 inﬂammati
1353 3003 1666 3059 Iudaeorum
1725 3006 1920 3069 duces,
1959 3021 2114 3061 suam
2159 3007 2211 3058 in

2316 532 2497 585 πάντα
2521 547 2581 584 τε
2613 530 2805 582 παθεῖν
2829 529 3046 598 ἕτοιμός
3072 528 3186 598 είμι
3215 527 3283 582 δι’
3310 528 3498 582 αὐτόν.
3527 527 3637 580 Κᾶν
3655 529 3851 601 τύπτητέ

2321 641 2408 695 με,
2447 622 2728 692 φησὶ,κᾶν
2770 621 3087 689 sanam,
3129 620 3226 691 τὴν
3255 621 3391 692 παρ’
3439 619 3601 674 αὐτοῦ
3643 620 3848 690 βοήθειαν

2317 715 2552 782 ἐλπίζων
2577 724 2625 782 π,
2662 718 2729 785 ἣν
2755 714 3086 786 εὑράμενος,
3110 715 3204 767 καὶ
3247 714 3345 767 τοῦ
3373 713 3584 767 δικαίου
3609 714 3851 778 τεύξασθαι

2317 807 2660 880 προσδοκῶν,
2684 807 3083 878 ἀντιστήσομαι
3131 805 3259 878 ὑμῖν
3289 805 3597 875 ἀντιλέγειν
3634 807 3701 879 μὴ
3728 807 3851 863 δυνα-

2319 902 2527 972 μένοις.

2401 993 2540 1046 Ἀλλ’
2566 994 2657 1050 ἐπὶ
2675 994 2765 1049 τδν
2788 990 3026 1065 Χριστὸν
3051 987 3463 1058 ἐπανέλθωμεν,
3497 988 3556 1051 ὃς
3580 1005 3732 1058 φησιν
3755 992 3844 1046 Ἴον·

2317 1083 2513 1148 δαίοις’
2561 1085 2651 1149 Ὠς
2678 1087 2840 1156 ὑμεῖς
2871 1085 2970 1155 μὲν
2990 1081 3318 1152 καλούμενοι
3351 1079 3748 1150 παρηκούσατε,
3769 1085 3843 1151 ἐγὼ

2317 1174 2376 1227 δὲ
2407 1177 2518 1229 οὐκ
2555 1173 2777 1230 ἀπειθῶ
2804 1174 2881 1245 τῷ
2919 1171 3123 1244 Πατέρι
3151 1171 3332 1224 πάντα
3361 1171 3421 1223 ἐν
3440 1169 3566 1240 ἐμοὶ
3593 1168 3848 1240 βουληθέντι

2318 1263 2932 1334 ἀνακεφαλαιώσασθαι.
2984 1259 3253 1326 Κενώσας
3293 1260 3353 1312 δὲ
3377 1258 3634 1330 ἐμαυτὸν,
3661 1257 3722 1311 τὰ
3752 1262 3852 1312 πάνυ

2319 1376 2426 1412 των
2453 1358 2709 1428 αἴσχιστα
2743 1355 3006 1416 πέπονθα,
3048 1353 3205 1416 εἰδὼς
3249 1353 3325 1424 μὴ
3368 1353 3558 1419 φέρειν
3598 1368 3681 1420 μοι
3704 1353 3853 1423 αίσχύ-

2319 1468 2416 1518 νην
2443 1449 2519 1519 τῷ
2539 1458 2566 1497 Υ
2592 1448 2910 1519 πειθαρχεῖν
2942 1447 3019 1518 τῷ
3073 1447 3294 1517 Πατέρι.
3355 1444 3617 1498 Πιλάτου
3663 1445 3748 1514 μὲν
3769 1463 3854 1514 μα.

2319 1542 2752 1612 στιτώσαντος,
2776 1539 2896 1594 τῶν
2927 1539 2984 1592 δὲ
3007 1537 3323 1607 ὑπηρετῶν
3348 1537 3471 1600 ἐνός
3503 1553 3569 1607 με
3613 1537 3858 1604 ῤαίσαν.

2320 1652 2445 1702 τος,
2469 1634 2642 1688 ἄλλων
2667 1634 2723 1686 δέ
2758 1651 2860 1703 μου
2901 1633 3397 1696 καταπτυόντων,
3421 1632 3502 1696 ὡς
3527 1631 3760 1698 στερεὰν
3777 1633 3856 1684 πέ-

2321 1743 2468 1795 τραν
2499 1728 2562 1781 τὸ
2594 1726 2923 1795 πρόσωπόν
2978 1742 3099 1795 μου
3140 1725 3345 1790 τιθείς.
3388 1721 3678 1791 Δυνάμεως
3703 1723 3793 1793 γὰρ
3808 1719 3856 1793 ἦν

2321 1819 2383 1874 τὸ
2416 1821 2670 1889 πρᾶγμα.
2701 1819 2767 1872 δι’
2821 1820 2886 1889 ἣν
2909 1817 3243 1888 ἐκαρτέρουν
3273 1833 3288 1849 ο
3316 1817 3404 1870 ὅτι
3446 1815 3778 1885 καταῦέϐηκα
3809 1821 3856 1871 ἐκ

2320 1910 2416 1964 τοῦ
2445 1909 2700 1982 οὐρανοῦ,
2723 1911 2821 1980 οὐχ
2853 1909 2941 1963 ἵνα
2971 1909 3108 1963 ποιῶ
3141 1908 3200 1962 τὸ
3232 1908 3453 1980 θέλημα
3497 1905 3558 1959 τὸ
3594 1905 3730 1975 ἐμὸν,
3755 1906 3857 1960 ἀλλὰ

2319 2004 2381 2057 τὸ
2409 2004 2622 2075 θέλημα
2648 2002 2743 2057 τοῦ
2795 2001 3111 2073 πέμψαντός
3176 2019 3268 2071 με.
3322 1999 3500 2062 Αὐτὸς
3539 1999 3643 2069 γάρ
3678 2016 3762 2068 μου
3787 2003 3856 2052 καὶ

2319 2096 2434 2158 τοῖς
2479 2093 2844 2164 ἀνθρωπίνοις
2895 2089 3164 2162 ἐϐοήθησε
3223 2090 3483 2160 μέτροις.
3527 2087 3681 2158 Δηλοῖ
3703 2088 3750 2140 δὲ
3786 2089 3856 2140 καὶ

2318 2186 2394 2250 ὡς
2420 2187 2700 2256 ἐπήμυνεν
2722 2183 2892 2255 αὐτῷ,
2911 2184 3070 2254 δίκην
3097 2181 3309 2242 ἐπιθεὶς
3355 2184 3473 2243 τοῖς
3505 2180 3784 2250 ὑϐρίσασιν,
3805 2182 3853 2249 ἣν

2318 2279 2414 2332 καὶ
2455 2278 2544 2332 διὰ
2589 2277 2756 2348 τάχος
2797 2275 3040 2345 ἐγγίζειν
3077 2275 3232 2344 φησὶ,
3278 2273 3709 2338 δικαιώσαντος
3733 2274 3851 2325 αὐτὸν

2317 2369 2411 2422 τοῦ
2440 2367 2700 2438 Πατέρος.
2727 2369 2970 2422 Δίκαιον
2997 2366 3108 2436 γὰρ
3143 2365 3298 2429 ὄντα,
3329 2366 3427 2418 καὶ
3455 2363 3577 2417 καθ’
3596 2361 3770 2416 ἑαυτοῦ
3795 2365 3843 2433 μὴ

2317 2461 2476 2514 δόντα
2507 2459 2702 2523 λαϐὰς,
2732 2458 3078 2513 ἀποκτείνειν
3108 2457 3443 2528 ἐτόλμησαν.
3489 2455 3626 2508 'AvO’
3693 2448 3756 2508 ὧν
3779 2456 3846 2506 αὖ·

2315 2552 2441 2614 τοὺς
2469 2550 2724 2614 κολάσας,
2755 2549 3128 2603 ἀνυπεύθυνον
3182 2549 3456 2618 ὑπάρχειν
3491 2545 3590 2617 ἐμὲ
3622 2545 3848 2616 μεμαρτύ-

2318 2661 2506 2714 ρηκεν.
2537 2642 2628 2696 Διό
2648 2659 2814 2713 φησιν
2838 2643 2866 2695 ὁ
2891 2643 3083 2712 Πατήρ
3100 2659 3113 2672 ·
3129 2660 3146 2694 ι
3171 2642 3281 2696 Καὶ
3301 2641 3467 2693 δώσω
3491 2639 3615 2701 τοὺς
3635 2637 3849 2708 πονηροὺς

2316 2736 2437 2789 ἀντὶ
2465 2735 2567 2806 τῆς
2595 2735 2776 2805 ταφῆς
2806 2733 2995 2797 αὐτοῦ,
3026 2735 3118 2788 καὶ
3146 2733 3274 2796 τοὺς
3307 2731 3604 2795 πλουσίους
3648 2731 3752 2785 ἀντὶ
3781 2730 3848 2784 τοῦ

2317 2827 2552 2880 θανάτου
2583 2826 2771 2882 αὐτοῦ.
2815 2845 2833 2878 ι
2862 2825 3214 2879 Φιλόπλουτοι
3245 2824 3358 2894 γὰρ
3388 2822 3670 2892 γεγονότες
3704 2823 3746 2875 οῑ
3769 2822 3850 2874 τῶν

2328 2918 2598 2972 Ἰουδαίων
2640 2917 2975 2990 καθηγηταὶ,
3031 2917 3170 2987 πρὸς
3220 2916 3320 2987 τὴν
3371 2915 3495 2969 κατ’
3538 2912 3693 2969 αύτοῦ
3728 2930 3851 2982 πονη-

2319 3010 2439 3081 ρίαν
2472 3009 2793 3080 ἐτράποντο.
2832 3008 2945 3062 Καὶ
3009 3009 3120 3078 γὰρ
3176 3007 3384 3070 εἰδότες
3427 3006 3588 3060 αὐτὸν
3630 3005 3845 3074 ἔφασκον·

619 3109 747 3149 eum
778 3096 1040 3149 malitiam
1095 3105 1512 3152 converterunt.
1576 3096 1758 3168 Ipsum
1814 3100 1957 3152 enim
1990 3103 2211 3167 conspi-

2323 3121 2342 3155 ι
2387 3099 2554 3164 Οὗτός
2585 3103 2729 3154 ἐστιν
2763 3104 2790 3154 6
2823 3100 3158 3170 κληρονόμος
3181 3116 3196 3131 ο
3251 3098 3415 3152 δεῦτε
3440 3139 3456 3165 ,
3499 3097 3854 3165 ἀποκτείνωμεν

622 3185 753 3250 cati,
780 3185 1108 3242 dixeruntzc
1143 3187 1242 3242 llic
1275 3195 1361 3242 est
1401 3189 1599 3254 haeres,
1635 3189 1856 3254 venite;
1907 3189 2209 3244 interﬁcia-

622 3292 746 3332 mus
764 3279 943 3347 ipsum
970 3279 1074 3331 ⁸³.»
1857 3285 1863 3292 ’

693 3367 849 3435 Quod
884 3369 931 3424 si
970 3369 1042 3424 sit
1084 3369 1305 3440 aliquis,
1350 3369 1446 3441 qui
1493 3387 1580 3427 me
1620 3371 1770 3441 justa
1822 3388 2046 3443 passum
2087 3388 2212 3429 esse

623 3461 954 3528 arbitretur,
978 3463 1211 3517 Accedat
1231 3464 1367 3532 jam,
1394 3477 1458 3530 ut
1471 3466 1713 3521 rationes
1738 3481 1891 3522 meas
1918 3468 2210 3537 improbet.

622 3555 732 3609 Sed
771 3565 922 3610 certe
954 3573 1061 3610 non
1097 3559 1322 3626 poterit.
1361 3556 1428 3611 Et
1459 3558 1662 3612 alicubi
1696 3559 1843 3614 enim
1875 3560 2055 3630 inquit
2086 3576 2214 3631 pro-

623 3647 815 3714 pheta:
842 3666 861 3698 ι
891 3647 1076 3704 Videte
1114 3659 1172 3702 ut
1203 3649 1392 3718 justus
1424 3653 1603 3721 periit,
1634 3667 1809 3722 neque
1843 3651 1894 3706 id
1922 3654 2211 3723 quisquam

622 3737 790 3792 corde
817 3741 1021 3809 excipit
1039 3741 1108 3796 ⁹⁰.
1145 3760 1164 3794 ι
1200 3744 1354 3812 Apud
1395 3744 1654 3798 eumdem
1690 3755 1745 3799 et
1773 3743 1992 3801 Judteos
2030 3747 2103 3800 ita
2141 3747 2214 3800 lo-

622 3842 857 3897 quentes
898 3833 1141 3902 reperias
1177 3851 1191 3887 :
1223 3833 1484 3902 Ligemus
1527 3835 1763 3904 justum,
1813 3838 1942 3908 quia
2000 3837 2213 3892 inutilis

622 3931 705 3976 est
728 3923 884 3978 nobis
913 3923 980 3978 ".
1021 3942 1040 3974 ι
1081 3922 1192 3978 Nec
1222 3926 1501 3979 immerito
1527 3927 1737 3994 justum
1771 3928 2088 3996 appellavit,
2115 3927 2210 3996 qui

625 4023 909 4083 peccatum
946 4032 1052 4070 non
1077 4016 1321 4082 admisit,
1353 4027 1408 4072 et
1444 4020 1499 4072 in
1525 4018 1681 4088 cujus
1713 4035 1808 4073 ore
1838 4021 1997 4073 dolus
2027 4020 2212 4074 nullus

623 4116 874 4175 repertus
919 4118 1006 4161 est
1033 4109 1101 4161 ".
1129 4107 1288 4172 Quod
1319 4117 1502 4162 autem
1539 4112 1657 4178 quis
1687 4126 1861 4163 secum
1902 4111 2212 4180 litigaturus

622 4200 725 4262 sit,
791 4200 1016 4268 (μύει-ἧι,
1065 4200 1114 4254 ei
1166 4200 1437 4254 dissimile
1478 4217 1586 4254 non
1653 4201 1855 4267 fuerit,
1922 4217 2031 4271 quo
2086 4206 2210 4272 quis

623 4306 684 4344 se
745 4292 813 4345 de
880 4302 1103 4360 peccato
1156 4303 1305 4346 esset
1370 4295 1690 4362 arguiturus
1761 4294 2077 4363 postulavit.
2151 4295 2213 4349 In

621 4384 907 4438 omnibus’
949 4385 1094 4438 enim
1162 4384 1304 4437 idem
1371 4385 1530 4452 plane
1602 4385 1889 4440 nobiscum
1965 4386 2102 4451 fuit,
2165 4387 2211 4442 si

623 4483 908 4544 peccatum
986 4476 1250 4545 excipias.
1322 4475 1510 4546 Itaque
1586 4477 1803 4533 dicebat

624 4565 884 4636 princeps
924 4567 1112 4622 mundi
1140 4567 1317 4636 hujus,
1353 4577 1407 4622 et
1437 4570 1492 4623 in
1529 4586 1613 4625 me
1652 4585 1760 4624 non
1786 4570 2023 4626 inveniet
2049 4574 2211 4642 quid-

623 4673 790 4727 quam
820 4659 888 4713 ”.
924 4677 942 4709 ι
978 4659 1076 4713 Est
1108 4676 1240 4714 vero
1271 4660 1406 4714 illud
1440 4680 1453 4716 :
1487 4661 1623 4728 Quis
1651 4672 1752 4726 est,
1783 4663 1873 4731 qui
1906 4664 2074 4732 litiget
2097 4681 2210 4719 me-

2320 3197 2503 3250 αὐοῐόν.
2549 3218 2566 3247 ο

2391 3373 2527 3426 sese
2549 3369 2759 3442 νομίζει
2788 3388 2871 3434 τις
2900 3370 3125 3432 δικαίως
3161 3386 3227 3438 με
3253 3369 3601 3432 πεπονθέναι,
3626 3365 3852 3433 παρέστω

2320 3464 2459 3535 πρὸς
2489 3463 2732 3532 ἔλεγχον.
2770 3460 2912 3515 Ἀλλ’
2944 3463 3005 3514 οὐ
3053 3461 3363 3528 δυνήσεται.
3399 3460 3509 3512 Καὶ
3529 3457 3739 3527 ἀλλαχοῦ
3770 3457 3852 3524 γὰρ

2319 3563 2347 3614 6
2373 3561 2662 3632 προφήτης
2685 3557 2872 3627 φησίν·
2916 3575 2935 3608 ι
2967 3558 3136 3610 Ἴδετε
3166 3556 3241 3618 ὼς
3264 3554 3481 3618 δίκαιος
3511 3553 3753 3614 ἀπώλετο,
3780 3552 3851 3604 καὶ

2319 3654 2494 3718 οὐδεὶς
2528 3652 2808 3723 ἐκδέχεται
2832 3652 2897 3721 τῇ
2949 3650 3171 3720 καρδίᾳ.
3214 3667 3233 3701 ι
3280 3649 3425 3720 Παρ’
3451 3643 3494 3716 ᾧ
3521 3648 3614 3700 καὶ
3654 3642 3852 3698 Ἰουδαῖοί

2321 3763 2486 3817 φασι’
2529 3765 2548 3799 ‹
2575 3745 2838 3816 Δήσωμεν
2862 3742 2956 3796 τὸν
2989 3741 3220 3804 δίκαιον,
3273 3741 3356 3793 ὅτι
3410 3739 3725 3810 δύσχρηστος
3747 3736 3851 3804 ἡμῖν

2321 3838 2490 3890 ἐστιν.
2548 3853 2567 3886 ι
2601 3834 2840 3897 Εἰκότως
2862 3832 3090 3896 δίκαιον,
3133 3849 3152 3884 ι
3193 3831 3268 3885 Ού
3297 3831 3412 3903 γὰρ
3450 3829 3694 3900 ἐποίησεν
3710 3828 3850 3897 ἁμαρ-

2319 3929 2464 3993 τίαν,
2497 3929 2616 3982 ούδὲ
2645 3925 2844 3998 εὑρέθη
2875 3925 3025 3988 δόλος
3060 3927 3118 3977 ἐν
3149 3923 3229 3994 τῷ
3253 3924 3488 3994 στόματι
3518 3920 3694 3975 αὐτοῦ.
3729 3938 3744 3970 ι
3781 3916 3850 3986 Τῷ

2320 4019 2399 4083 δὲ,
2423 4021 2510 4084 Τις
2539 4021 2572 4072 ὀ
2597 4018 2950 4088 κρινόμενός
2970 4036 3074 4088 μοι
3098 4034 3116 4082 ;
3147 4017 3291 4070 ἔοικε
3313 4016 3397 4082 τὸ,
3427 4036 3446 4068 ι
3476 4016 3568 4080 Τίς
3595 4012 3776 4082 ἐλέγξει
3798 4027 3850 4079 με

2323 4107 2453 4178 περὶ
2473 4106 2751 4178 ἁμαρτίας
2774 4124 2789 4173 ;
2815 4126 2834 4159 ι
2867 4107 3009 4160 κατὰ
3041 4107 3220 4159 πάντα
3251 4106 3364 4176 γὰρ
3392 4107 3540 4176 ἡμῖν,
3560 4104 3688 4174 πλὴν
3707 4101 3850 4170 ἀμαρ-

2321 4198 2443 4261 τίας
2461 4239 2476 4263 ,
2502 4196 2804 4268 ὡμοίωται.
2837 4197 3040 4268 Διόπερ
3069 4197 3256 4267 ἔλεγεν
3275 4212 3290 4227 ⁶
3327 4215 3346 4249 ι
3375 4198 3628 4268 Ἔρχεται
3655 4196 3680 4246 6
3704 4193 3849 4260 ἄρχων

2322 4290 2415 4343 τοῦ
2466 4289 2674 4360 κόσμου
2733 4288 2948 4352 τούτου,
3000 4291 3094 4343 καὶ
3147 4289 3207 4342 ἐν
3250 4289 3377 4359 ἐμοὶ
3418 4290 3635 4358 εὑρήσει
3663 4282 3842 4336 οὐδέν.»

2333 4380 2550 4453 Ἀνδρὸς
2582 4380 2640 4434 δέ
2667 4380 2870 4434 τελείου
2902 4379 3210 4452 χαρακτὴρ,
3236 4380 3317 4444 τὸ,
3363 4379 3463 4446 Τίς
3491 4382 3522 4433 ό
3551 4370 3846 4446 κρινόμενός

1878 4497 1891 4533 :
1954 4498 1974 4531 ι
2043 4479 2206 4536 Venit
2243 4489 2295 4549 ι)
2318 4490 2454 4544 μοι;
2491 4465 2536 4540 ᾧ
2590 4471 2756 4542 μηδὲν
2800 4473 2835 4543 ἡ
2886 4471 3019 4544 παρ’
3048 4471 3360 4542 ἀνθρώποις
3394 4470 3596 4542 κρίσις,
3632 4467 3700 4530 ὡς
3726 4463 3845 4531 σιγᾷν

2321 4565 2419 4635 μὲν
2452 4565 2544 4617 ὑπ’
2571 4563 2751 4616 αὐτῶν
2777 4562 3298 4634 καταδικαζόμενον,
3333 4563 3520 4616 καλεῖν
3552 4561 3606 4614 δὲ
3638 4558 3755 4628 πρὸς
3771 4555 3842 4619 τὴν

2317 4658 2471 4728 παρὰ
2502 4656 2622 4726 Θεῷ
2649 4657 2827 4729 κρίσιν
2847 4657 2977 4718 τοὺς
3005 4656 3305 4718 ἐναντίους.
3334 4655 3408 4708 Τὸ
3428 4655 3612 4718 δέ,τι’ς
3632 4645 3839 4703 κακώσει

623 4751 790 4805 cum?
823 4749 1049 4819 perfecti
1088 4761 1143 4805 et
1182 4752 1447 4821 ineulpati
1496 4755 1595 4808 viri
1639 4755 1900 4824 signum;
1940 4772 2103 4827 quem
2136 4759 2209 4814 ita

2319 4765 2428 4820 με;
2465 4749 2720 4820 ἐμφαίνει
2756 4749 2848 4801 τὸν
2891 4748 3135 4818 ἀρχηγὸν
3192 4749 3292 4817 τῆς
3344 4747 3508 4815 ζωῆς.
3550 4739 3740 4797 Οὐκοῦν
3783 4735 3834 4797 εἰς

626 4839 764 4894 nihil
790 4850 994 4906 movet,
1047 4843 1189 4912 apud
1226 4843 1480 4900 homines
1521 4844 1816 4914 judicium,
1865 4856 1926 4902 ut
1971 4849 2040 4903 ab
2087 4849 2207 4905 istis

623 4930 788 4985 etiam
819 4931 1216 4989 condemnatus
1262 4945 1475 5004 taceat;
1517 4939 1867 4996 adversarios
1908 4949 2090 4995 autem
2139 4941 2208 4995 ad

623 5025 782 5092 illud,
815 5027 962 5094 quod
1013 5029 1154 5098 apud
1195 5025 1366 5084 Deum
1415 5031 1616 5100 agitur,
1648 5041 1824 5086 vocet.
1869 5031 1938 5085 At
1971 5050 2034 5088 eo
2063 5036 2208 5105 ipso,

625 5118 770 5188 quod
801 5120 919 5188 quis
953 5136 1006 5174 se
1032 5120 1258 5175 lwsurus
1284 5123 1375 5187 sit,
1421 5123 1643 5194 quaerit,
1676 5125 1799 5179 vita:
1833 5142 1891 5180 se
1921 5137 2046 5182 esse
2095 5143 2206 5181 au-

625 5223 838 5266 cmrem
857 5212 1225 5277 demonstrat,
1247 5229 1527 5284 vanasque
1543 5231 1731 5271 eorum
1757 5217 1927 5273 fuisse
1951 5218 2203 5283 insidias,

624 5301 744 5372 qui,
776 5310 836 5356 ut
860 5314 943 5359 est
973 5303 1025 5357 in
1057 5303 1294 5358 Psalmis
1323 5322 1337 5360 ι
1377 5323 1396 5356 ι
1431 5306 1675 5361 Inierunt
1706 5309 2024 5374 consilium,
2056 5311 2203 5379 quod

627 5393 879 5450 stabilire
932 5410 1041 5449 non
1091 5403 1351 5466 poterunt
1381 5395 1447 5452 “.
1491 5416 1511 5450 ι
1551 5398 1654 5464 Qui
1704 5400 1874 5467 enim,
1920 5402 2030 5455 vita
2076 5417 2201 5456 cum

729 5503 778 5574 β’
801 5505 905 5559 lsa.
940 5521 1058 5567 Lm,
1081 5507 1135 5562 9.
1211 5508 1256 5539 ⁸³
1286 5507 1474 5565 Matth.
1526 5527 1636 5574 XXI,
1667 5512 1755 5568 58.

627 5574 677 5609 ⁸³
706 5572 1002 5642 Joan.x1v,
1038 5578 1128 5632 '50.
1205 5580 1254 5611 ’⁸
1280 5580 1429 5635 Psal.
1476 5597 1568 5648 xx,
1609 5572 1690 5638 ιε.

2320 4845 2496 4916 μάτην
2553 4845 2586 4912 ή
2628 4843 2832 4895 τούτων
2880 4841 3168 4912 ἐπιϐουλὴ,
3228 4842 3372 4894 κατὰ
3415 4841 3477 4893 τὸ
3520 4840 3577 4892 ἐν
3613 4832 3804 4906 ψαλμοῖς
3819 4844 3829 4856 '

2321 4955 2342 4988 ι
2394 4933 2809 4988 Ἐϐουλεύσαντο
2849 4932 3066 5004 βουλὴν,
3085 4933 3153 5003 ἢν
3173 4933 3232 4986 ού
3259 4933 3333 5003 μὴ
3357 4931 3613 4986 δύνωνται
3635 4927 3831 4994 στῆσαι.»

2315 5027 2442 5092 Πῶς
2471 5027 2599 5097 γὰρ,
2632 5025 2707 5077 ὢν
2733 5024 2866 5096 ζωὴ,
2897 5024 3125 5094 θανάτῳ
3143 5023 3458 5092 κατείχετο;
3483 5021 3610 5075 καθὸ
3647 5017 3697 5069 δέ
3716 5013 3837 5081 γέγο-

2312 5138 2404 5178 νεν
2432 5120 2742 5190 ἅνθρωπος,
2776 5118 2925 5170 δοκεῖ
2943 5116 3100 5169 τοῦτο
3127 5113 3380 5184 δέχεσθαι
3415 5112 3559 5183 παρά
3583 5106 3668 5162 τοῦ
3698 5097 3833 5157 Πατέ-

2315 5233 2429 5288 ροςο
2470 5215 2558 5281 Ὠς
2595 5214 2703 5284 γὰρ
2734 5213 2884 5277 Θεὸς,
2917 5211 3137 5282 ἤγειρεν
3172 5207 3365 5262 ἐαυτὸν
3390 5206 3588 5274 λέγων·
3623 5217 3640 5252 ‹
3665 5195 3835 5288 Λύσατε

2313 5287 2406 5365 τὸν
2428 5310 2554 5364 ναὸν
2574 5307 2788 5372 τοῦτον,
2815 5306 2909 5358 καὶ
2928 5307 2986 5358 ἐν
3016 5303 3196 5375 τρισὶν
3215 5300 3449 5373 ἡμέραις
3465 5293 3630 5368 ἐγερῶ
3647 5287 3828 5344 αὐτόν.»

2325 5404 2440 5472 Ἐφ’
2474 5399 2556 5466 οἷς
2590 5418 2725 5471 φησι
2758 5400 2896 5471 πρὸς
2959 5396 3187 5460 αὐτούς’
3248 5393 3405 5449 Ἰδοὺ
3446 5389 3653 5450 πάντες
3699 5375 3859 5449 ὑμεῖς,

1887 5513 1932 5545 ⁹⁰
1969 5512 2072 5569 lsa.
2113 5531 2211 5570 LVI.

2324 5556 2342 5574 .
2414 5520 2457 5551 ⁹¹
2511 5517 2640 5586 Sap.
2685 5531 2744 5577 ιι,
2784 5513 2868 5568 1‘2.
2943 5512 2988 5544 θ’
3027 5509 3127 5566 lsa.
3177 5521 3299 5574 un,
3331 5506 3402 5572 7;
3443 5501 3623 5559 lPetr.
3650 5511 3702 5555 ιι.
3737 5485 3809 5542 22.

1939 5674 2174 5732 νΛῐὶΙΑΞ
2213 5671 2616 5730 ΕΕΩΤῙΟΝΕΞ.

705 5767 733 5800 ³
766 5776 854 5827 γρ.
877 5757 1098 5822 ἐλπίζω.
1178 5768 1206 5807 T
1235 5777 1322 5829 γρ.
1353 5761 1430 5816 τό.
