3998 6390
147 366 260 428 2493

1161 360 1701 423 ΟΟΜΜΕΝΤΑΒΙΙ
1744 363 1826 424 ΙΝ
1859 363 2148 424 ISAIAM.

3203 353 3346 419 2494
3365 419 3369 424 ,

145 484 208 545 ὡς
237 474 466 546 ἱμάτιον,
495 469 1017 540 παλαιωθήσεσθε,
1057 471 1156 524 καὶ
1179 471 1302 539 σὴς
1340 473 1676 543 καταφάγε-

1783 477 1876 542 sit,
1915 477 2120 529 mortis.
2156 472 2367 543 legibus
2403 472 3001 539 teneatnr‘tQuatenus
3034 486 3164 526 vero
3191 472 3352 525 bonic

143 564 395 635 ταιῠμᾶς.
424 564 490 616 ιιιί
508 561 714 630 εὐρὼς,
753 562 897 616 κατὰ
934 563 1237 636 Σύμμαχον
1266 578 1280 593 .
1331 565 1364 635 ἢ
1406 565 1669 634 ﬁpwthp’

141 666 201 724 ὼς
237 658 468 720 Ἀκύλας.
517 656 595 706 Δι’
652 647 728 706 ὧν
769 654 1027 724 σημαίνει
1068 657 1168 724 τὴν
1218 655 1525 710 παλαίωσιν
1571 658 1674 726 τῆς

140 753 236 807 κατ’
260 747 410 802 αὑτοῦ
430 745 744 815 σωματικῆς
768 743 1046 814 λατρείας.
1070 747 1185 799 Πᾶν
1200 747 1305 817 γὰρ
1329 746 1390 798 τὸ
1420 746 1678 798 παλαιού-

141 859 271 913 μενον
308 839 397 892 mi.
445 837 747 907 γηράσκον,
803 838 973 906 ἐγγὺς
1028 835 1364 907 ἀφανισμοῦ.
1417 836 1580 905 Σῆτα
1615 837 1674 890 δὲ

138 938 256 1001 λέγει
286 929 813 1000 κατασιῦρώσκοντα,
842 933 942 999 τὴν
975 931 1280 999 συνείδησιν
1306 923 1381 983 ὧν
1408 921 1675 1000 τετολμή-

136 1041 283 1085 κασιν,
310 1022 537 1092 ὁρῶντες
588 1022 688 1092 τὴν
719 1021 929 1075 ἑαυτῶν
972 1022 1070 1092 μὲν
1100 1019 1393 1090 ἀποϐολὴν,
1422 1019 1523 1089 τὴν
1553 1021 1676 1071 ὲπι·

139 1115 338 1186 στροφὴν
357 1114 410 1166 δὲ
430 1114 526 1183 τὴν
567 1116 662 1168 ἐπὶ
693 1113 829 1167 Θεὸν
881 1113 989 1168 τῶν
1043 1114 1234 1167 ἐθνῶν.
1266 1113 1357 1166 Διὸ
1396 1112 1490 1166 καὶ
1536 1111 1674 1182 πρὸς

137 1210 196 1277 τῷ
220 1207 347 1261 τέλει
373 1206 472 1276 τῆς
506 1207 694 1274 βίϐλου
734 1206 924 1277 φησίν·
955 1227 972 1258 ι
1024 1206 1082 1260 '0
1129 1205 1347 1276 σκώληξ
1397 1205 1578 1259 αὐτῶν
1607 1206 1668 1257 οὑ

139 1300 425 1369 τελευτήσει,
457 1300 551 1351 καὶ
579 1300 640 1352 τὸ
675 1299 785 1370 πῦρ
817 1299 878 1351 οὐ
915 1299 1300 1369 σϐεσϐήσεται,
1333 1298 1430 1353 καὶ
1454 1295 1668 1350 ἔσονται

141 1393 199 1452 εἰς
218 1389 398 1451 ὄνειδος
427 1390 572 1462 πάσῃ
603 1394 668 1461 τῇ
701 1394 793 1461 γῇ.
838 1411 856 1442 ι

1776 566 1900 630 fuit,
1941 567 2043 620 hoc
2107 567 2283 635 ipsum
2349 564 2565 620 videtur
2613 581 2644 619 a
2705 565 2867 620 Patre
2927 564 3227 630 accepisse.
3284 563 3355 616 Se

1773 658 1920 713 enim
1975 668 2234 727 tanquam
2282 657 2428 712 Deus
2488 658 2604 728 ipse
2650 657 2964 720 suscitavit,
3021 657 3115 726 qui
3161 655 3349 709 dixit:

1781 767 1799 800 ι
1835 748 2042 802 Solvite
2085 748 2348 816 templum
2401 748 2523 812 hoc,
2587 755 2640 801 et
2695 747 2878 801 tribus
2923 747 3118 801 diebus
3172 744 3352 814 ipsqu

1774 841 2028 894 excitabo
2058 840 2124 893 ⁸⁵.
2174 859 2192 891 ι
2232 839 2464 892 Eosdem
2497 839 2760 908 deinceps
2810 839 2996 894 verbis
3047 838 3167 892 istis
3210 837 3353 890 allo-

1773 933 1962 1000 quitur
1997 951 2012 986 :
2049 931 2203 995 Ecce,
2226 948 2402 986 omnes
2443 949 2552 995 vos,
2600 932 2757 1001 quasi
2807 933 3172 985 vestimentum
3216 939 3356 983 vete-

1776 1025 2017 1087 rascetis,
2056 1034 2104 1079 et
2135 1025 2279 1078 tinea
2312 1023 2544 1078 comedet
2578 1041 2701 1089 vos;
2733 1024 2846 1077 sive
2863 1022 3068 1092 rubigo,
3111 1024 3356 1076 utiliter-

1775 1124 2024 1185 pretatur
2080 1115 2474 1189 Symmachus,
2547 1116 2666 1170 sive
2711 1117 2934 1179 vermis,
2989 1124 3048 1168 ut
3103 1114 3356 1183 Aquilas.

1777 1207 1990 1270 Quibus
2022 1210 2206 1263 verbis
2233 1207 2539 1277 corporalis
2569 1207 2688 1276 ejus
2713 1207 2898 1262 cultus
2923 1208 3358 1277 antiquationem

1778 1301 1987 1355 instare
2035 1301 2455 1354 demonstravit.
2498 1299 2698 1353 Parum
2733 1301 2880 1353 enim
2912 1299 3083 1354 distat
3117 1299 3186 1352 ab
3217 1299 3359 1352 inte-

1776 1392 1887 1444 ritu
1910 1392 2176 1461 quidquid
2201 1391 2412 1446 senium
2447 1401 2887 1460 vetnstatemqne
2914 1392 3140 1460 patitur.
3177 1389 3359 1443 Tinew

143 1491 274 1541 porro
324 1480 670 1549 depascentis
763 1481 1018 1547 nomine,
1098 1497 1326 1544 eorum,
1373 1496 1492 1553 qua:
1540 1480 1901 1547 admiserunt,
1955 1485 2350 1540 conscientiam
2394 1483 2558 1555 576
2613 1485 2885 1554 intelligit,
2936 1500 3058 1538 cum
3130 1483 3232 1552 ipsi
3297 1497 3360 1539 se

142 1579 280 1647 rejici.
302 1585 487 1646 gentes
506 1585 687 1630 autem
720 1576 786 1630 ad
807 1575 974 1631 Deum
1011 1579 1258 1632 converti
1289 1579 1670 1632 intuebuntur.
1715 1579 1896 1648 Atque
1931 1579 2057 1634 hinc
2093 1589 2177 1635 est
2209 1580 2357 1652 quod
2388 1589 2634 1635 extremo
2677 1581 2954 1651 propheta:
3019 1580 3154 1632 libro
3219 1578 3358 1632 scri-

140 1670 296 1723 bitur:
342 1682 361 1718 ‹
403 1665 620 1723 Vermis
671 1682 862 1722 eorum
901 1683 1012 1722 non
1053 1669 1356 1735 morietur,
1406 1680 1460 1725 et
1511 1668 1656 1738 ignis
1711 1684 1820 1724 non
1878 1673 2298 1744 exstinguetur,
2371 1680 2425 1727 et
2469 1683 2632 1727 erunt
2677 1673 2732 1727 in
2784 1671 3044 1740 probrum
3091 1670 3358 1725 universa:

154 1775 262 1815 eme
276 1759 336 1812 ".
384 1776 403 1808 ι

188 1853 327 1918 Δέγοι
355 1851 398 1903 δ’
429 1850 499 1904 ἂν
519 1850 680 1918 mira
730 1853 827 1905 καὶ
877 1853 975 1914 τὰς
1019 1853 1296 1924 ἁμαρτίας
1345 1854 1546 1908 αὐτῶν.
1584 1853 1676 1920 Ἐξ

1853 1851 2011 1907 Dicas
2047 1852 2282 1909 fortasse
2318 1861 2374 1909 et
2402 1854 2597 1907 tineam
2629 1868 2816 1908 eorum
2858 1861 3086 1924 peccata
3133 1867 3199 1906 eo
3237 1851 3358 1922 ipso

136 1944 279 1996 αὐτῶν
305 1944 407 2013 γὰρ
437 1943 662 2012 ἔχουσαι
694 1945 756 1998 τὸ
795 1942 956 2014 εἶναι,
998 1948 1119 2000 κατ’
1142 1947 1321 2001 αὐτῶν
1347 1948 1444 2018 τὴν
1470 1945 1675 2018 βλάϐην

137 2036 430 2104 ἐργάζονται.
502 2035 659 2089 Ἐπεὶ
704 2037 799 2090 καὶ
855 2039 917 2091 τὸ
989 2039 1204 2107 ἱμάτιον
1257 2041 1431 2110 τροφὴ
1466 2040 1678 2108 γίνεται

135 2119 256 2194 ᾧπερ
302 2126 562 2193 ἐγέννησε
620 2127 886 2196 σκώληκι.
930 2130 1205 2199 Λογισμὺς
1261 2131 1318 2184 δὲ
1353 2124 1508 2194 οὗτος
1541 2131 1680 2201 πρὸς

133 2218 179 2267 τὸ
211 2219 274 2286 μὴ
293 2217 578 2283 φοϐεῖσθαι
615 2219 682 2273 τὰ
716 2219 774 2284 ἐξ
793 2221 1096 2292 ἀνθρώπων
1120 2223 1230 2275 τῶν
1266 2223 1674 2293 ἀπολλυμένων,

135 2307 207 2359 καὶ
229 2306 436 2371 ἔνδειξις
465 2311 573 2379 τῆς
625 2309 721 2362 τοῦ
775 2311 1028 2378 λέγοντος
1060 2311 1394 2383 ἀφθαρσίας.
1428 2313 1588 2384 Δηλοῖ
1621 2313 1677 2366 δὲ

136 2395 207 2446 καὶ
225 2395 309 2465 τὴν
337 2398 456 2448 κατ’
511 2399 696 2450 αὐτῶν
765 2401 1040 2470 τιμωρίαν
1083 2402 1179 2454 καὶ
1227 2401 1435 2467 σητῶν
1481 2404 1678 2465 αὐτοὺς

135 2485 258 2555 δίκην
298 2487 689 2543 ἐκδαπανῶσαν
744 2494 866 2555 ταῖς
917 2497 1248 2564 συμφοραῖς,
1290 2495 1399 2547 Καὶ
1441 2494 1675 2565 ἀλλαχοῦ

137 2580 262 2648 γὰρὸ
289 2583 577 2653 προφήτης
625 2585 794 2655 φησί·
831 2603 849 2636 t
891 2587 958 2638 Τί
1002 2587 1082 2639 ἔτι
1132 2587 1477 2658 πληγήσεσθε
1506 2606 1677 2659 προσ-

139 2671 333 2734 τιθέντες
359 2674 678 2742 ἀμαρτίας;
714 2677 871 2729 Πᾶσα
911 2679 1121 2747 κεφαλὴ
1170 2681 1248 2742 είς
1298 2681 1479 2743 πόνον,
1521 2701 1539 2732 ι
1583 2682 1679 2733 καὶ

140 2765 184 2813 τὰ
209 2763 406 2832 ἑφεξῆς.
438 2767 517 2819 Δι’
550 2760 627 2819 ὧν
667 2768 846 2821 αὐτῶν
900 2770 1051 2840 δηλοῖ
1079 2772 1176 2841 τὴν
1231 2773 1531 2840 ἀπώλειαν,
1587 2776 1680 2828 καὶ

141 2855 280 2924 χώρας
316 2857 679 2928 ἀλλοτρίωσιν
704 2901 719 2922 ,
774 2863 867 2914 καὶ
919 2862 1130 2926 πόλεως
1171 2866 1513 2934 ἐμπρησμὸν.
1549 2859 1681 2919 Εἶτά

141 2963 254 3012 φησι,
287 2949 378 3014 Τίς
399 2950 468 3002 ἑν
495 2951 642 3019 ὑμῖν
686 2955 719 3005 ό
762 2956 1135 3023 φοϐούμενος
1155 2959 1261 3009 τὸν
1289 2959 1537 3025 Κύριοιτ
1580 2957 1679 3028 τὴν

140 3039 323 3110 ἀπορίαν
367 3043 583 3095 τούτων
631 3045 828 3115 δηλῶν,
875 3048 1061 3100 καὶτὸ
1101 3050 1345 3102 σπάνιον.
1393 3050 1607 3121 [Teii-to,
1640 3051 1678 3120 ἣ

143 3129 330 3182 τοιοῦτόν
385 3131 462 3204 τι]
517 3134 578 3186 δὲ
625 3134 780 3204 ζητεί
809 3139 836 3189 ὀ
870 3137 944 3208 μὴ
995 3138 1162 3191 Οέλων
1192 3141 1282 3191 τὸν
1315 3139 1544 3194 θάνατον
1583 3143 1678 3195 τοῦ

1779 1947 2114 2016 signiﬁeare,
2169 1945 2317 2015 quod
2370 1946 2424 2000 in
2457 1945 2676 2001 eosdem
2717 1961 2747 1999 a
2783 1946 2984 2015 quibus
3026 1953 3146 1997 orta
3203 1953 3354 2008 sunt,

1779 2039 2080 2108 perniciem
2125 2039 2466 2093 moliuntur:
2505 2055 2612 2092 non
2647 2039 2806 2092 aliter
2833 2053 2998 2107 quant
3025 2037 3192 2092 vermi
3227 2037 3355 2104 ipsi,

1778 2148 1808 2185 a
1840 2148 1948 2202 qua
1980 2131 2164 2186 editus
2197 2141 2303 2194 est,
2338 2131 2391 2185 in
2420 2131 2602 2185 cibum
2643 2141 2844 2184 vestem
2882 2131 3031 2183 abire
3057 2128 3356 2183 cernimus.

1778 2224 1858 2278 Ad
1905 2221 1959 2277 id
1988 2232 2168 2277 autem
2223 2232 2278 2277 et
2313 2222 2502 2276 isthaac
2543 2221 2916 2276 consideratio
2947 2220 3261 2286 contulerit,
3299 2227 3358 2273 ut

1781 2315 2088 2376 hominum,
2134 2313 2226 2382 qui
2265 2321 2476 2382 petunt,
2514 2329 2623 2366 non
2667 2327 2831 2381 quam
2875 2310 3202 2366 metuendos
3235 2325 3359 2365 esse

1781 2417 2038 2470 conatus,
2073 2406 2167 2460 sed
2221 2405 2363 2474 ejus,
2418 2407 2510 2475 qui
2567 2405 2832 2474 loquitur,
2890 2403 3358 2471 incorruptionem

1780 2498 2361 2566 immortalitatemque
2395 2495 2827 2551 meminerimus.
2879 2493 3132 2548 Ostendit
3157 2500 3360 2546 veroet

1779 2606 1875 2646 eos
1908 2591 2317 2646 calamitatibus
2357 2591 2412 2644 in
2457 2589 2747 2652 ultionem,
2789 2596 3048 2657 tanquam
3083 2587 3236 2640 tineis
3269 2585 3360 2640 ab-

1782 2683 1944 2736 sumi.
2012 2680 2146 2732 Nam
2188 2690 2242 2734 et
2288 2680 2492 2734 alicubi
2547 2679 2691 2748 apud
2725 2679 3044 2748 prophetam
3081 2678 3356 2746 legimus:

1783 2771 1922 2838 Quid
1957 2771 2140 2825 adhuc
2170 2770 2564 2840 percntiamini
2597 2771 2863 2825 addentes
2891 2770 3157 2839 peccata?
3188 2767 3362 2824 Omne

1783 2876 1948 2932 caput
2005 2863 2058 2916 in
2114 2864 2354 2915 laborem
2387 2863 2458 2924 ⁸⁷,
2498 2881 2518 2914 ›
2568 2870 2622 2915 et
2655 2877 2775 2930 qua:
2823 2861 3128 2930 deinceps:
3159 2859 3361 2929 quibus

1783 2969 1972 3006 eorum
2019 2953 2324 3012 interitum,
2361 2951 2714 3020 regionisque
2755 2949 3165 3013 alienationem,
3207 2949 3364 3003 urbis

1786 3044 2100 3098 incendium
2153 3043 2389 3112 denique
2459 3043 2804 3112 signiﬁcavit.
2854 3042 3056 3096 Deinde
3117 3041 3362 3111 adjicit:

1787 3135 1916 3200 Quis
1947 3145 2024 3188 est
2048 3136 2100 3187 in
2133 3134 2298 3200 vobis,
2331 3136 2423 3204 qui
2449 3135 2595 3188 timet
2629 3134 2955 3189 Demittunt?
2987 3133 3268 3201 nimirum,
3303 3144 3363 3190 ut

142 3219 440 3290 tpaprwiioﬁ,
474 3225 557 3287 ὡς
599 3227 696 3296 τὴν
751 3228 1042 3297 μετάνοιαν
1094 3231 1281 3285 αὑτοῦ.
1339 3235 1430 3287 Διό
1475 3252 1675 3306 φησιν·

1784 3228 1971 3280 talium
2001 3227 2283 3296 penuriam
2322 3203 2762 3296 paucitatemque
2783 3226 3145 3280 demonstret.
3171 3225 3228 3279 ιιι
3257 3240 3360 3279 au-

140 3314 229 3365 Ἐτι
250 3317 332 3367 καὶ
367 3316 462 3371 νῦν
517 3318 667 3388 ὑμᾶς
721 3320 992 3374 ἀνακαλοῦ
1004 3341 1102 3392 μαι
1138 3325 1195 3374 ἐν
1219 3323 1296 3394 τῷ
1322 3325 1423 3393 τῆς
1457 3326 1680 3393 ἀγνοίας

137 3407 292 3470 σκότῳ
331 3409 748 3478 τυγχάνοντας·
776 3415 870 3464 καὶ
915 3416 1029 3474 τοῖς
1079 3415 1352 3468 ἐπιεικέσι
1405 3417 1679 3488 προτείνει

136 3496 524 3568 ᾳιλανορωπίαν.
558 3501 770 3573 Ἐσὼθη
834 3505 944 3574 γὰρ
969 3505 1030 3556 τὸ
1075 3506 1448 3576 κατάλειμμα,
1477 3503 1538 3561 οὗ
1585 3510 1680 3561 καὶ

135 3590 313 3660 ἀπαρχὴ
362 3592 454 3645 τοῦ
487 3594 744 3664 Σωτῆρος
773 3596 820 3647 οἱ
854 3596 1117 3664 μαθηταί.
1144 3598 1254 3650 Καὶ
1295 3599 1581 3669 ἅνθρωπος
1621 3601 1679 3654 δὲ

134 3682 352 3749 γεγονὼς,
383 3684 527 3750 stuic
560 3680 696 3738 εἶναί
745 3704 880 3756 φησι
926 3687 1022 3740 τοῦ
1074 3689 1232 3745 Θεοῦ.
1271 3692 1378 3743 Καὶ
1407 3693 1466 3744 τὸ
1500 3693 1681 3746 ἀκοῦ-

135 3787 207 3822 σαι
239 3771 335 3842 τῆς
387 3777 582 3830 αὐτοῦ
637 3777 860 3846 φωνῆς,
905 3781 966 3832 οὐ
1025 3782 1190 3850 νόμου
1243 3783 1553 3854 παράϐασις
1587 3781 1677 3855 ἦν,

135 3863 236 3916 ἀλλὰ
260 3867 454 3933 μᾶλλον
479 3868 798 3938 βεδαίωσις,
861 3879 1374 3943 σκιαγραφήσαντος
1418 3877 1516 3946 τὴν
1546 3877 1682 3947 ἁλή-

137 3952 270 4019 Θειαν,
311 3960 450 4012 κατὰ
499 3960 600 4014 τὸν
652 3961 972 4016 Ἀπόστολον
1022 3963 1290 4033 λέγοντα·
1355 3967 1538 4036 Νόμον
1585 3965 1679 4021 οὖν

135 4053 476 4125 καταργοῦμεν
520 4056 612 4110 διὰ
667 4057 768 4124 τῆς
809 4059 1087 4127 πίστεως;
1137 4061 1212 4130 μὴ
1254 4061 1483 4129 γένοιτο.
1521 4065 1678 4118 Ἀλλὰ

132 4141 261 4208 vium
291 4145 606 4216 ἱστάνομεν.
668 4150 986 4219 Γέγραπται
1016 4152 1124 4222 γὰρ
1155 4155 1239 4205 ὅτι
1270 4156 1298 4206 6
1326 4153 1532 4217 δίκαιός
1579 4173 1678 4225 μου

130 4232 176 4284 ἐκ
199 4234 418 4302 πίστεως
459 4238 713 4307 ζήσεται.
781 4242 964 4314 Πέρας
996 4244 1105 4315 γὰρ
1143 4245 1308 4313 νόμου
1339 4240 1432 4299 κατ
1464 4265 1678 4318 προφη-

129 4323 510 4399 τῶνόΧριστὸς
574 4331 802 4385 δικαιῶν
850 4337 908 4387 ὲν
965 4335 1147 4389 πίστει
1178 4337 1268 4390 τὸν
1321 4339 1514 4408 ἀσεϐῆ.
1552 4341 1676 4405 Τοῖς

127 4414 170 4467 δὲ
187 4418 270 4471 νῦν
294 4422 654 4493 καλουμένοις
678 4427 862 4494 ἔλεγεν
894 4430 922 4479 6
953 4429 1140 4500 Πατήρ
1159 4444 1172 4458 ’
1209 4447 1228 4481 t
1265 4427 1432 4493 Οὗτός
1475 4435 1622 4485 ἐστιν
1646 4435 1675 4486 6

1781 3327 1886 3372 teni
1915 3321 2001 3372 ille
2024 3319 2278 3387 postulat,
2315 3319 2619 3387 peccatoris
2652 3318 3051 3386 prenitentiam,
3086 3332 3192 3370 non
3213 3331 3362 3370 mor-

1783 3425 1888 3466 tem
1907 3410 2180 3465 desiderat
2195 3411 2263 3464 νδ.
2289 3409 2564 3479 Itaqueait
2579 3408 2763 3472 etiam,
2787 3424 2934 3461 nunc
2955 3421 3050 3462 vos
3067 3409 3120 3460 in
3139 3407 3361 3476 ignora-

1783 3507 1946 3558 tionis
1985 3503 2211 3556 tenebris
2245 3511 2525 3555 versantes
2559 3505 2751 3556 iterum
2779 3509 2940 3569 atque
2978 3502 3170 3554 iterum
3204 3513 3358 3552 voco.

1781 3597 1854 3651 lis
1875 3597 2091 3658 deinde,
2140 3597 2231 3666 qui
2265 3594 2402 3664 frugi
2440 3605 2592 3658 sunt,
2643 3603 2696 3647 et
2724 3593 3014 3654 mansueti,
3050 3592 3364 3646 humanita-

1784 3699 1887 3743 tem
1923 3689 2218 3758 protendit.
2248 3687 2388 3740 Sunt
2410 3688 2555 3740 cuitn
2590 3695 2822 3740 servatae
2849 3686 3362 3755 reliqttiie,quarum

1781 3781 2040 3851 primitiae
2072 3781 2173 3849 ipsi
2215 3778 2441 3832 fuerunt
2489 3777 2793 3831 Salvatnris
2839 3774 3120 3846 discipuli.
3161 3774 3365 3829 Deinde

1785 3880 1842 3924 ut
1887 3872 2066 3934 homo,
2119 3886 2252 3938 puer
2300 3870 2392 3922 Dei
2429 3868 2677 3923 dicitur:
2715 3867 2938 3935 thuod
2981 3869 3048 3920 de
3085 3865 3200 3934 ejus
3242 3880 3364 3918 vocs

1781 3965 2048 4017 audienda
2073 3964 2316 4026 additur,
2347 3963 2484 4032 legis
2517 3969 2604 4016 est
2633 3959 3008 4025 conﬁrmatio,
3043 3975 3150 4012 non
3187 3969 3366 4028 trans-

1785 4059 1998 4126 gressio
2046 4070 2168 4125 qua:
2210 4055 2499 4109 veritatem
2550 4053 2962 4108 adumbrabat:
2999 4051 3157 4120 juxta
3208 4051 3359 4120 Apo-

1779 4151 2002 4214 stolum,
2032 4149 2120 4200 nhi
2147 4148 2248 4201 ait:
2302 4165 2320 4198 ι
2355 4145 2547 4214 Legem
2577 4146 2743 4216 igitur
2773 4144 3150 4199 destruimus?
3183 4142 3360 4197 Absit.

1779 4241 1892 4295 lmo
1935 4243 2268 4296 stabilimus.
2329 4239 2596 4292 Scribitnr
2629 4239 2775 4292 enim
2813 4259 2827 4291 ;
2865 4236 3056 4291 Justus
3108 4251 3260 4290 meus
3295 4251 3365 4289 ex

1780 4335 1884 4388 ﬁde
1909 4335 2064 4387 vivit.
2103 4333 2197 4388 Est
2239 4332 2384 4386 enim
2431 4330 2685 4383 Christus
2715 4328 2850 4398 legis
2878 4336 2932 4381 et
2971 4331 3360 4398 prophetarum

1781 4429 1904 4481 ﬁnis
1955 4427 2203 4489 ultimus,
2249 4425 2341 4493 qui
2391 4424 2618 4492 impium
2656 4437 2723 4477 ex
2781 4422 2889 4474 [ide
2943 4421 3208 4478 iustiﬁcat
3233 4419 3300 4472 θ’.
3337 4439 3356 4471 ι

131 4505 228 4570 Υἱός
247 4527 342 4578 μου
396 4515 425 4566 6
491 4517 805 4585 ἀγαπητὸς,
862 4518 1091 4571 ἀκούετε
1136 4520 1324 4574 αὑτοῦ.
1359 4541 1378 4574 ι
1412 4523 1566 4585 Τινὲς
1621 4523 1676 4576 δὲ

1787 4522 1876 4576 Eis
1899 4530 2101 4582 autem,
2142 4519 2235 4588 qni
2277 4533 2424 4571 nunc
2457 4524 2746 4580 vocantur,
2779 4515 2858 4570 sic
2899 4515 3114 4569 Patrem
3156 4515 3364 4569 allocu-

127 4598 311 4667 ἄμεινόν
341 4624 528 4675 φασιν,
560 4609 634 4672 ὼς
665 4610 758 4662 τὸν
789 4610 1062 4664 θεοσεϐεῖν
1085 4612 1346 4666 δοκοῦντα
1383 4617 1509 4687 παρ’
1539 4617 1670 4668 ’ῐου-

126 4691 260 4758 «hiet;
301 4699 572 4754 ἀνακαλεῖ
627 4703 763 4770 πρὸς
818 4705 1129 4773 μετάνοιαν,
1165 4707 1258 4758 καὶ
1307 4707 1382 4771 ὡς
1446 4707 1675 4778 μηδενὸς

131 4784 438 4857 πειθομένου,
470 4792 543 4844 ἐν
579 4795 781 4859 σκότῳ
835 4796 1000 4864 φησὶν
1054 4796 1320 4866 ὑπάρχειν
1357 4798 1552 4862 αὐτοὺς
1581 4803 1674 4852 καὶ

127 4880 288 4945 φωτὸς
338 4883 692 4954 ἐστερῆσθαι.
746 4887 919 4939 ’1ὀῦτο
963 4887 1018 4940 δὲ
1063 4891 1174 4952 τοῖς
1226 4891 1539 4954 ἀποστόλοις
1575 4892 1674 4963 οὐχ

129 4969 387 5038 ἥρμοττεν,
418 4977 544 5029 οὐδὲ
576 4981 641 5029 τὸ
673 4979 794 5046 πῦρ
837 4980 1100 5049 σωρεύειν
1153 4981 1274 5034 καθ’
1308 4983 1539 5047 ἑαυτῶν,
1577 4984 1676 5037 καὶ

140 5066 464 5131 κατισχύειν
514 5065 630 5134 τὴν
681 5071 897 5138 φλόγα.
954 5071 1341 5140 Ἐπιμένοντας
1391 5072 1447 5124 δέ
1497 5089 1685 5142 φησιν,

136 5148 256 5216 ὑμᾶς
280 5157 342 5224 τῇ
363 5157 598 5228 ἀπιστίᾳ
623 5158 683 5210 τὸ
707 5161 805 5228 τῆς
853 5160 1074 5212 αἰωνίου
1109 5160 1382 5221 κολάσεως
1404 5163 1684 5232 ἐκδέχεται

128 5239 354 5309 πῦρόἷς
388 5252 650 5315 παραινεί
695 5259 718 5286 ι
769 5251 1034 5320 πρότερον
1078 5254 1170 5304 ἐπὶ
1216 5250 1296 5317 τῷ
1328 5254 1522 5320 Κυρίῳ
1571 5270 1678 5306 πε-

128 5334 384 5402 ποιθέναι,
427 5339 562 5394 Θεὸν
597 5341 792 5394 ἑαυτὸν
838 5337 978 5395 εἶναι
1028 5343 1223 5412 λέγων,
1265 5343 1361 5398 καὶ
1412 5347 1677 5418 ταπεινῆς

1777 4629 1892 4672 ιιιιιι
1933 4628 2059 4668 esse
2105 4611 2369 4682 reperias,
2428 4631 2446 4662 ι
2505 4612 2604 4666 llic
2645 4618 2730 4666 est
2801 4609 2974 4664 Filius
3033 4624 3187 4664 meus
3235 4609 3366 4666 dile-

1777 4719 1925 4773 ctus,
1957 4708 2134 4776 ipsum
2173 4706 2358 4760 audite
2381 4707 2420 4759 ⁸.
2465 4723 2484 4757 ι
2523 4705 2692 4758 Aiunt
2728 4704 2977 4759 nonnulli
3005 4720 3128 4758 eum
3163 4705 3365 4772 potius.

1776 4801 1870 4871 qui
1902 4800 2025 4870 pius
2055 4813 2176 4853 esse
2197 4796 2416 4851 videtur
2437 4797 2580 4866 apud
2608 4793 2826 4850 .Iudwos
2850 4837 2862 4860 ,
2882 4795 2948 4850 ad
2985 4795 3365 4865 pmnitentiam

1779 4905 2102 4964 provocare,
2139 4891 2402 4959 nulloque
2444 4904 2714 4958 persuaso
2762 4889 2817 4940 in
2856 4887 3080 4942 tenebris
3123 4902 3219 4941 eos
3252 4901 3369 4939 ver-

1789 4985 1918 5049 sari,
1964 4985 2177 5051 (necque
2227 4981 2453 5036 destitui
2493 4979 2804 5050 signiﬁcare
2841 4997 2856 5034 :
2893 4980 3040 5050 quod
3074 4979 3363 5048 discipulis

1788 5092 2132 5146 nequaquam
2171 5073 2513 5138 convenerit,
2549 5080 2608 5127 ut
2654 5089 2832 5144 neque
2865 5073 3036 5140 ignem
3073 5072 3363 5126 adversum

1784 5185 1842 5223 se
1869 5183 2146 5230 acervare,
2179 5167 2554 5234 ﬂammamque
2584 5164 2889 5234 obﬁrmare.
2923 5163 3077 5230 Quod
3102 5163 3146 5218 si
3181 5163 3362 5217 incre-

1782 5262 1918 5326 duli,
1951 5261 2148 5330 inquit,
2180 5259 2340 5329 577
2372 5273 2495 5313 esse
2530 5256 2904 5327 perrexeritis,
2934 5272 3030 5310 vos
3072 5257 3361 5326 sempiter-

1781 5370 1865 5408 na:
1887 5352 2140 5407 vindictae
2178 5352 2315 5422 ignis
2349 5351 2588 5422 excipiat
2625 5363 2849 5405 necesse
2875 5361 2960 5403 est
2991 5365 3006 5414 ;
3044 5363 3153 5419 quo
3186 5349 3359 5419 prius,

253 5510 405 5596 Joan.
456 5533 520 5586 ιι,
558 5518 641 5578 19.
719 5523 764 5554 ⁸⁸
790 5521 898 5581 lsa.
927 5539 1073 5590 vai,
1103 5525 1194 5584 24.
1271 5529 1314 5562 ⁸⁷
1338 5528 1444 5583 Isa.
1482 5543 1521 5593 ι,
1554 5545 1606 5582 v.
1670 5525 1673 5529 ’

1780 5529 1956 5590 Ξῑοοῒι.
1991 5547 2152 5596 xvm,
2188 5530 2279 5586 25.
2354 5529 2401 5564 "
2430 5532 2590 5588 Rom.
2617 5549 2672 5599 ι,
2702 5533 2758 5588 4.
2837 5534 2856 5566 ⁸
2893 5533 3086 5589 Matth.
3123 5549 3205 5598 ut,
3237 5531 3304 5588 l7
3335 5549 3353 5601 ς

133 5588 243 5636 λιιι.
281 5588 330 5638 ἱ).

1393 5717 1626 5777 ΫΑΙΗᾹΞ
1662 5713 2068 5774 ιΕεΤιυαεδ.

193 5802 210 5834 ³
251 5799 326 5854 ῐσ.
357 5805 603 5875 παρῄνει,
