3998 6390
587 299 592 304 ’
659 333 798 398 2495

2003 334 2358 397 PBOCOPII
2393 335 2637 395 GAZ/EI

3775 338 3883 402 Ξίθῦ

662 464 721 503 ιιι
767 450 994 504 Domino
1043 450 1369 521 conﬁderent
1418 451 1770 518 admonebat,
1804 463 1928 508 cum
1973 454 2145 509 Deum
2183 471 2275 514 se.

2367 455 2556 519 ιννοίας
2573 457 2638 509 ἐκ
2660 455 2754 509 τοῦ
2782 455 2964 526 σάρκα
3011 457 3200 526 φορεῖν
3249 451 3452 507 ἑαυτὸν
3483 451 3784 522 ἁποτρέταον
3807 464 3879 514 αὖ-

661 541 1001 610 praedicans,
1045 543 1113 595 ab
1149 541 1454 610 humilique
1486 540 1554 597 de
1593 558 1654 598 se
1695 543 2028 614 cogitatione
2052 586 2066 610 ,
2123 547 2252 616 quia

663 649 886 687 carnem
910 641 1146 703 gereret,
1177 648 1440 700 avocans,
1465 634 1672 705 virgam
1698 651 1759 692 se
1786 645 1842 692 et
1876 637 2262 693 fulcimentum

667 723 868 778 factum
897 740 1020 781 esse
1048 735 1340 780 assereret.

741 837 927 906 Neque
971 840 1117 894 enim
1170 839 1400 896 credere
1455 841 1696 905 valeant,
1742 842 1836 912 qui
1872 841 2104 912 gloriam
2142 858 2169 894 a
2205 857 2267 898 se

668 939 884 994 mutuo,
937 947 1046 985 non
1083 946 1112 984 a
1149 930 1282 996 Deo,
1318 932 1412 1002 qui
1446 933 1597 1004 virga
1639 934 1820 988 dictus
1847 943 1952 999 est,
1987 943 2259 1004 quaerant,

669 1024 854 1078 omnia
875 1024 1168 1094 siquidem,
1193 1033 1252 1078 ut
1283 1030 1419 1080 bene
1442 1027 1553 1081 sint
1579 1030 1818 1082 sustinet
1858 1027 2049 1098 :juxta
2081 1028 2212 1082 illud
2245 1038 2261 1073 τ

677 1131 696 1163 ι
740 1111 904 1182 Virga
969 1123 1062 1166 tua
1115 1123 1166 1168 et
1206 1114 1432 1169 baculus
1483 1125 1611 1170 tuus
1668 1116 1786 1186 ipsa
1836 1133 1924 1171 me
1977 1117 2266 1172 consolata

673 1213 805 1260 sunt
833 1208 874 1258 ².
927 1223 944 1256 ι
1000 1205 1094 1258 Est
1127 1205 1273 1260 enim
1307 1206 1629 1260 inconstans
1684 1215 1739 1262 et
1787 1207 1998 1262 lubrica
2037 1215 2262 1274 natura,

677 1304 911 1366 egetque
957 1298 1255 1367 potentiori
1290 1299 1356 1352 ad
1387 1298 1732 1353 retinendum
1771 1300 1958 1368 aliquo
1987 1313 2001 1350 :
2028 1314 2138 1367 quo
2170 1313 2266 1368 po-

679 1390 815 1444 titus
866 1389 958 1458 qui
1003 1389 1190 1456 justus
1243 1400 1346 1454 est,
1403 1405 1568 1459 supra
1623 1398 1831 1458 petram
1880 1391 1986 1444 sibi
2027 1398 2265 1444 statutos

677 1497 803 1537 esse
831 1481 995 1550 pedes
1027 1480 1258 1534 allii-mat
1287 1480 1329 1534 ³.
1359 1479 1629 1534 Caeterum
1666 1479 1884 1534 versari
1938 1481 1994 1532 in
2039 1479 2264 1533 tenebris

682 1571 905 1626 Judaeos
937 1579 991 1625 et
1041 1569 1244 1625 Paulus
1274 1569 1392 1640 ipse
1420 1570 1688 1632 ostendit,
1718 1585 1843 1624 cum
1876 1570 2046 1640 hujus
2075 1570 2261 1626 saeculi

682 1666 853 1719 Deum
906 1674 1118 1718 mentes
1187 1663 1489 1718 intldelium
1552 1677 1863 1718 excaecasse
1920 1664 2054 1718 dicit
2103 1665 2146 1718 ⁸.
2201 1665 2265 1719 Ει

681 1753 851 1809 Isaias
874 1793 888 1817 ,
920 1769 1044 1808 Clllll
1080 1753 1254 1806 lucem
1290 1753 1400 1806 illis
1431 1753 1886 1822 exspectantibus
1935 1752 2108 1809 factas
2141 1769 2265 1810 esse

683 1843 961 1896 tenebras.
1024 1840 1163 1894 Hinc
1203 1849 1257 1896 et
1310 1841 1402 1894 illa
1459 1840 1664 1895 Christi
1718 1860 1732 1897 :
1776 1860 1796 1893 ι
1855 1841 1963 1914 Ego
1999 1861 2117 1900 sum
2171 1847 2262 1900 lux

684 1935 874 1985 mundi
900 1934 943 1996 ⁸,
993 1951 1010 1982 ι
1057 1941 1110 1985 ct
1141 1948 1262 2001 qua:
1293 1931 1576 2003 deinceps.
1613 1933 1681 1987 Et
1716 1935 1808 1988 illa
1843 1936 2017 1990 etiam’
2049 1955 2062 1992 :
2102 1955 2120 1987 ι
2157 1935 2263 2003 Qui

685 2024 857 2078 credit
885 2025 937 2077 in
970 2039 1055 2077 me
1087 2039 1196 2077 non
1226 2023 1513 2092 iudicatur
1543 2025 1598 2080 ἐ
1627 2035 1687 2079 ιιι
1710 2041 1806 2081 eos
1840 2027 1908 2081 ab
1957 2028 2101 2098 ignis
2143 2031 2266 2082 vin-

683 2115 832 2169 dicta
884 2126 1160 2170 avocaret.
1215 2114 1487 2171 Caaterum
1558 2118 1704 2188 quod
1762 2120 2038 2188 obﬁrmate
2095 2123 2266 2190 ignem

683 2207 854 2272 dixit;
907 2207 1103 2276 judicii
1164 2210 1527 2264 acerbitatem
1588 2212 2102 2282 vehementiamque
2168 2214 2266 2269 de-

686 2301 1032 2354 monstravit.
1069 2301 1233 2354 Multa
1265 2301 1536 2370 siquidem
1579 2303 1724 2372 ignis
1751 2313 2008 2374 suggesta
2042 2309 2268 2360 materia

687 2390 1017 2460 adaugetur;
1057 2407 1222 2461 parva
1249 2404 1428 2447 autem
1453 2396 1801 2465 elanguescit
1825 2413 1840 2459 ;
1864 2408 1922 2452 et
1946 2408 2268 2470 consumpta

684 2484 1078 2553 exstinguitur.
1134 2482 1308 2539 Judaei
1361 2485 1550 2555 itaque
1606 2489 1914 2556 prophetis,
1957 2491 2052 2560 qui
2092 2491 2158 2544 ad
2211 2507 2272 2546 se

685 2573 842 2627 missi
879 2582 1087 2641 essent,
1120 2576 1318 2644 partim
1353 2577 1520 2642 ferro,
1561 2583 1760 2648 partim
1787 2582 2062 2651 lapidibus
2100 2588 2271 2638 inter-

688 2666 906 2735 emptis,
926 2667 1095 2736 ignem
1121 2671 1171 2721 iu
1205 2683 1265 2722 se
1290 2669 1664 2736 accenderunt,
1693 2656 2076 2745 ﬂammamque
2111 2677 2274 2746 obﬁr-

691 2767 948 2822 marunl,’
981 2773 1106 2812 cum
1139 2759 1357 2814 sublato
1389 2760 1628 2828 Itazrede,
1662 2764 1868 2819 Christi
1898 2766 2270 2837 discipiinam,

691 2850 828 2920 legis
865 2851 1081 2905 umbris
1116 2851 1345 2919 addicti,
1376 2868 1484 2908 non
1521 2856 1884 2912 admiserunt.
1921 2859 2028 2915 Eos
2068 2861 2273 2931 itaque,

696 2952 957 3013 tanquam
1005 2961 1064 3000 se
1119 2944 1254 3017 legis
1287 2946 1510 3016 quidem
1563 2943 1730 3002 lucem
1768 2950 1968 3006 habere
1998 2962 2272 3022 putarent,

693 3049 823 3089 vere
852 3045 1034 3089 tamen
1060 3051 1169 3089 non
1198 3037 1487 3103 haberent,
1526 3055 1556 3093 a
1589 3056 1689 3094 sua
1720 3042 1836 3109 ipse
1863 3053 2013 3098 arcet
2046 3044 2278 3100 familia-

696 3126 860 3179 ritate
883 3134 939 3179 et
967 3128 1406 3195 consuetudine;
1431 3144 1557 3184 cum
1585 3131 1638 3184 in
1665 3131 1865 3186 lumine
1889 3135 2026 3204 ignis
2045 3137 2276 3206 proprii.

697 3228 746 3271 et
794 3234 851 3271 in
877 3218 1118 3287 ﬂamma,
1154 3237 1315 3289 quam
1346 3223 1753 3288 succenderunt,
1781 3223 1939 3294 jubet
1973 3229 2274 3286 ambulare.

695 3315 886 3387 Neque
913 3333 1042 3373 vero
1074 3319 1237 3373 illatae
1265 3319 1416 3388 ipsos
1452 3321 1504 3372 in
1529 3319 1810 3376 Christum
1849 3324 2065 3394 injuria:
2088 3343 2280 3398 pcenas

699 3409 872 3465 luisse
898 3411 1137 3482 ignorari
1167 3413 1409 3481 patitur;
1458 3427 1584 3466 cum
1615 3424 1832 3484 propter
1873 3433 1929 3471 se
1957 3418 2142 3474 ist/uec
2172 3420 2282 3476 illis

701 3504 849 3574 facta
885 3520 1018 3566 esse.
1041 3505 1163 3559 etin
1188 3521 1410 3559 maerore
1429 3507 1755 3562 dormituro:
1779 3509 2001 3578 subiicit
2037 3529 2051 3566 :
2080 3514 2284 3582 quibus

701 3612 957 3666 agrorum
997 3597 1332 3661 vastitatem,
1361 3597 1628 3672 urbisque
1657 3599 2048 3670 direptionem,
2095 3607 2285 3676 templi

702 3689 940 3758 denique
995 3689 1311 3743 incendium
1349 3689 1714 3745 demonstrat.
1771 3693 2112 3749 Dormierunt
2150 3713 2284 3753 vero

701 3782 866 3835 etiam
899 3783 953 3835 in
997 3799 1259 3846 mwrore;
1300 3787 1410 3847 vel,
1443 3791 1505 3837 ut
1552 3783 1627 3837 ait
1655 3783 2059 3856 Symmachus,
2097 3789 2155 3842 in
2183 3791 2284 3845 do-

700 3873 851 3936 lore;
908 3873 1014 3937 vel,
1070 3881 1129 3927 ut
1175 3872 1428 3942 Aquilas,
1479 3873 1536 3927 in
1597 3875 2060 3945 defatigationem.
2096 3878 2286 3949 Neque

700 3967 850 4022 enim
893 3965 986 4034 qui
1028 3963 1171 4019 facta
1205 3981 1303 4035 per
1333 3965 1617 4020 Christum
1663 3967 2041 4040 redemptione
2073 3972 2283 4044 indigni

703 4060 870 4131 578
927 4067 1076 4125 sunt,
1135 4061 1251 4128 ipsa
1309 4059 1658 4129 praemiorum
1713 4078 1851 4131 spe,
1900 4081 2010 4118 non
2057 4066 2288 4136 spiritus

701 4155 1070 4215 oblectatione
1121 4153 1412 4216 fruentur;
1476 4155 1568 4210 sed
1622 4171 1908 4226 ptenarum
1961 4158 2286 4231 dolorisque

1350 4247 1433 4303 CA
1447 4249 1506 4303 P.
1548 4248 1631 4303 Ll.

775 4339 944 4394 Vens.
975 4339 1092 4395 1-5.
1128 4339 1322 4394 Audite
1353 4358 1451 4406 me,
1488 4343 1577 4412 qui
1596 4342 1974 4411 persequimini
2015 4346 2154 4414 quod
2198 4353 2289 4416 ju-

705 4442 962 4491 stumest.
1010 4442 1059 4486 et
1102 4433 1192 4501 qui
1239 4435 1476 4502 quaeritis
1535 4434 1840 4488 Dominum.
1892 4433 2180 4492 Intuemini
2232 4440 2289 4492 in

706 4525 934 4580 solidam
954 4535 1180 4594 petram,
1205 4542 1366 4594 quant
1397 4527 1698 4590 excidistis,
1728 4536 1778 4580 et
1803 4527 1855 4580 in
1890 4528 2094 4596 foveam
2118 4530 2289 4595 lacus,

705 4635 866 4688 quam
903 4617 1182 4688 e/fodistis.
1223 4617 1510 4672 Intuemini
1537 4621 1589 4672 in
1621 4620 1895 4673 Abraham
1936 4635 2140 4690 patrem
2206 4639 2293 4678 ve-

708 4721 905 4766 strum.
941 4719 990 4762 et
1024 4710 1076 4762 in
1107 4707 1350 4775 Sarram,
1386 4727 1501 4780 qua:
1527 4714 1724 4779 peperit
1755 4729 1868 4775 vos,
1899 4722 2004 4767 etc.

783 4907 891 4964 Sed
924 4909 1028 4964 ista
1058 4926 1126 4966 ne
1155 4926 1253 4966 vos
1285 4912 1399 4981 pati
1431 4913 1737 4982 contingat,
1769 4913 1936 4968 etiam
1965 4929 2116 4969 nunc
2153 4913 2288 4968 hor-

710 5002 840 5065 tari,
872 5010 926 5056 et
957 4999 1021 5054 ad
1061 5001 1498 5072 resipisceutiam
1543 5019 1848 5072 provocare
1896 5019 2008 5058 non
2058 5004 2288 5069 desino;

709 5093 829 5163 qui,
869 5092 1129 5146 simulato
1174 5091 1398 5162 quidem
1457 5092 1514 5146 in
1561 5093 1735 5148 Deum
1789 5095 1964 5160 cultu,
2012 5095 2292 5150 contraria

711 5197 891 5240 autem
921 5184 1167 5254 ejusdem
1188 5185 1457 5240 voluntati
1485 5185 1758 5251 faciendo,
1783 5187 1914 5242 dum
1933 5188 2071 5258 quod
2084 5187 2297 5256 justum

712 5286 790 5330 Bal
840 5275 1233 5346 persequimini,
1266 5277 1555 5331 veritatem
1601 5278 1754 5333 vobis
1802 5279 2080 5333 inimicam
2141 5277 2289 5332 exsi-

714 5376 863 5422 stere
887 5368 1113 5438 putatis.
1135 5369 1324 5422 Placet
1353 5383 1486 5422 vero
1517 5369 1817 5430 nonnullis,
1838 5385 1954 5434 eos,
1983 5370 2076 5440 qui
2112 5368 2294 5430 ﬁdem.

713 5460 1109 5532 Chriszuutque
1140 5460 1416 5528 justitiam
1449 5469 1725 5530 quagrunt,
1780 5464 2102 5532 prophetam
2150 5462 2294 5514 allo-

787 5619 809 5649 ¹
848 5617 992 5673 Psal.
1028 5633 1166 5683 xm,
1204 5634 1278 5673 tv.

801 5842 827 5875 ιι
857 5846 942 5898 yp.
964 5829 1020 5884 ἐν
1051 5827 1218 5899 λύπῃ.
1297 5829 1324 5870 ὶ)
1356 5844 1449 5897 γρ.
1483 5826 1722 5897 ἡγεῖσθε.

2363 547 2510 611 τοὺς,
2540 547 2703 600 αὐτόν
2737 565 2796 600 τε
2824 547 3092 601 ποιεῖσθαι
3119 545 3317 618 ῥάϐδον
3353 543 3452 598 καὶ
3466 548 3744 616 στήριγμα.

2436 837 2510 890 Οὐ
2532 836 2642 906 γὰρ
2677 835 2940 905 ἠδύναντο
2997 832 3276 886 πιστεύειν
3334 831 3503 897 δόξαν
3551 835 3678 903 παρ’
3701 834 3882 909 ἀλλήλων

2365 929 2755 1001 λαμόἀνοντες,
2813 929 2908 982 καὶ
2941 927 3039 998 τὴν
3075 927 3232 992 δόξαν
3262 929 3367 995 τήν
3405 923 3563 994 παρὰ
3586 925 3676 977 τοῦ
3717 929 3820 983 Θεοῦ
3836 938 3877 985 οὗ

2367 1022 2678 1092 ζητοῦντες,
2735 1019 2794 1084 ὃς
2834 1019 3050 1090 εἴρηται
3108 1017 3324 1089 ῥάϐδος.
3384 1016 3596 1084 ’Λνέχει
3636 1016 3733 1086 γὰρ
3755 1022 3870 1076 πάντα

2365 1114 2504 1185 πρὸς
2526 1113 2588 1166 τὸ
2620 1109 2763 1166 εἶναι
2793 1111 2975 1175 καλῶς
3009 1111 3150 1164 κατὰ
3193 1110 3254 1162 τό
3277 1125 3290 1139 ·
3343 1125 3362 1158 ι
3418 1108 3484 1159 Ἦ
3517 1107 3704 1178 ῥάϐδος
3727 1128 3789 1165 σω
3809 1123 3876 1169 καί

2366 1210 2399 1275 ἡ
2425 1206 2695 1278 βακτηρία
2727 1222 2844 1270 σου,
2867 1204 3030 1258 αὐταί
3055 1221 3120 1273 με
3147 1200 3566 1272 παρεκάλεσαν.
3609 1219 3626 1252 ι
3663 1202 3880 1277 Ὁλισθηρὲι

2365 1300 2531 1370 γὰρὴ
2584 1300 2767 1368 φύσις,
2823 1296 2919 1350 καὶ
2967 1297 3139 1349 δεῖται
3191 1292 3289 1346 τοῦ
3352 1293 3885 1362 περικρατοῦποςώῧ

2363 1392 2540 1462 τυχὼν
2573 1394 2601 1446 ὁ
2629 1392 2835 1453 δίκαιος
2872 1389 3022 1456 λέγει
3045 1405 3060 1418 ·
3098 1405 3118 1440 ι
3156 1388 3436 1456 Ἔστησεν
3473 1385 3568 1437 ἐπὶ
3606 1387 3783 1456 πέτραν
3804 1391 3883 1452 τοὺς

2370 1483 2540 1546 πόδας
2568 1499 2690 1552 μου.
2723 1501 2742 1533 ι
2786 1482 2890 1535 Ἐν
2916 1481 3118 1541 σκότῳ
3144 1479 3203 1531 δὲ
3236 1472 3385 1530 εἶναι
3421 1478 3813 1540 τοὺςἸουδαίονς
3828 1486 3882 1532 ul

2363 1578 2392 1629 ό
2423 1575 2632 1636 Παῦλος
2655 1573 2851 1644 δηλῶν,
2887 1591 2906 1624 ι
2927 1571 2986 1625 '0
3017 1571 3148 1634 Θεὸς
3171 1568 3265 1623 τοῦ
3294 1567 3499 1631 αἰῶνος
3526 1568 3727 1628 τούτου,
3756 1574 3882 1638 φησιν,

2366 1669 2640 1738 ἐτύφλωσε
2669 1668 2736 1718 τὰ
2763 1667 3008 1735 νοήματα
3040 1663 3146 1716 τῶν
3177 1662 3276 1715 ἁπί
3296 1679 3468 1715 στων.
3514 1680 3532 1712 ι
3569 1662 3673 1716 Καὶ
3715 1663 3883 1726 Ἦσαϊας

2299 1801 2342 1856 Β
2371 1759 2557 1831 φησίν·
2600 1777 2619 1810 ι
2668 1756 3114 1828 ’Υπομεινάντων
3138 1755 3322 1808 αὐτῶν
3353 1753 3498 1822 φῶς,
3539 1754 3741 1856 εγενετο
3763 1756 3886 1818 αὐτοῖς

2371 1851 2584 1911 σκότος.
2621 1867 2640 1900 ι
2678 1849 2769 1900 Διὸ
2807 1846 3040 1917 Χριστὸς
3069 1845 3256 1911 ἔλεγεν
3279 1860 3292 1873 °
3349 1862 3370 1895 ι
3419 1842 3566 1912 Ἐγώ
3603 1844 3708 1911 εἰμι
3739 1846 3789 1896 τὺ
3812 1847 3886 1913 ei»;

2367 1941 2461 1992 τοῦ
2489 1939 2723 2009 κόσμου,
2761 1957 2781 1990 ι
2816 1940 2912 1990 καὶ
2948 1936 3016 1989 τὰ
3073 1935 3227 2003 ἑξῆς.
3284 1934 3404 1988 Καὶ
3437 1931 3536 1986 τοῦ
3564 1933 3658 2002 τῆς
3683 1933 3888 1995 κολάσεως

2367 2031 2422 2084 δὲ
2451 2031 2624 2100 πυρὸς
2657 2029 2982 2101 ἀποτρέπων
3015 2028 3212 2090 αὐτοὺς
3265 2026 3330 2078 ἐλ
3343 2041 3508 2093 εγεν·
3542 2045 3561 2077 ι
3605 2027 3658 2077 '0
3685 2028 3888 2079 πιστεύων

2372 2125 2454 2185 εἰς
2476 2122 2566 2174 τὸν
2591 2121 2748 2184 Υίὺν,
2773 2122 2834 2172 οῦ
2885 2119 3153 2190 κρίνεται.
3200 2136 3218 2169 ι
3263 2117 3560 2170 Ἐπίτασιν
3587 2115 3641 2168 δὲ
3663 2117 3885 2186 παρίστησι

2375 2214 2614 2284 κρίσεως
2636 2213 2718 2275 τὸ,
2749 2211 3084 2282 Κατισχύετε
3127 2210 3327 2279 φλόγα.
3361 2209 3538 2278 ’Ὕλης
3571 2210 3662 2277 μὲν
3690 2208 3778 2276 γὰρ
3796 2210 3881 2259 πολ-

2377 2301 2478 2378 λῆς
2500 2305 2949 2376 προσαγομένης,
2973 2303 3145 2367 αὔξει
3172 2303 3237 2355 τὸ
3257 2301 3405 2368 πῦρ
3446 2299 3630 2368 ὀλίγης
3655 2299 3724 2362 δὲ,
3745 2300 3877 2351 ἀτονεῖ·

2371 2399 2781 2468 δαπανηοείσης
2820 2397 2914 2460 δὲ,
2979 2395 3290 2453 σϐέννυται.
3342 2393 3589 2446 Ἰουδαῖοι
3633 2392 3776 2444 τοίνυν
3801 2392 3868 2461 τδρ

2371 2493 2496 2545 καθ’
2529 2490 2737 2545 ἑαυτῶν
2756 2481 3018 2550 ἔκαυσαν,
3049 2487 3485 2548 ἀποκτείναντες
3503 2486 3626 2547 τοὺς
3655 2487 3873 2554 προφῆτις,

2374 2585 2467 2638 καὶ
2498 2581 2947 2653 λιθοϐολήσαντες
2975 2580 3106 2643 τοὺς
3159 2577 3628 2647 ἀπεσταλμένους.
3665 2577 3875 2642 Κατίσχυο

2374 2698 2496 2736 σαν
2523 2679 2580 2732 δὲ
2606 2681 2705 2748 τὴν
2739 2673 2971 2731 ἑαυτῶν
2992 2674 3212 2744 φλόγα,
3238 2673 3334 2726 τὸν
3369 2670 3700 2741 κληρονόμον
3715 2671 3879 2723 ἀπεκτο-

2375 2776 2547 2837 νότες,
2581 2772 2632 2826 οἳ
2676 2770 2776 2841 τὴν
2833 2766 2922 2822 διὰ
2970 2764 3214 2837 Χριστοῦ
3250 2765 3543 2818 παίδευσιν
3573 2763 3665 2815 οὐκ
3685 2758 3880 2825 ἐδέξαντο,

2376 2869 2495 2928 ταῖς
2529 2863 2620 2918 τοῦ
2645 2863 2812 2933 νόμου
2863 2863 3044 2923 σκιαῖς
3073 2858 3486 2930 ἐπιμείναντες.
3515 2854 3699 2923 Διόπερ
3721 2853 3780 2913 ὡς
3799 2850 3884 2920 ρὼς

2381 2961 2479 3030 μὲν
2503 2958 2650 3029 ἔχειν
2677 2956 2963 3027 οἰομένους
2985 2953 3047 3007 τὸ
3074 2950 3321 3022 νομικὸν,
3365 2951 3430 3002 οὐ
3471 2949 3578 3018 μὴν
3594 2946 3782 3016 ἔχοντας
3802 2944 3883 3013 ἀλη-

2381 3051 2509 3116 θῶς,
2541 3052 2640 3120 τῆς
2674 3050 2811 3122 προς
2863 3047 3026 3103 αὑτὸν
3065 3044 3422 3114 οἰκειότητος
3469 3040 3811 3108 ἀποπέμπεται
3829 3037 3870 3088 λέ

2305 3137 2348 3195 C
2382 3159 2526 3212 γων·
2559 3141 2895 3210 Πορεύεσθε
2918 3137 2998 3204 τῷ
3021 3137 3170 3207 φωτί
3206 3133 3320 3189 τοῦ
3355 3131 3553 3201 πιφὸς
3570 3127 3708 3200 ὑμῶν
3739 3127 3814 3180 καί
3838 3125 3886 3191 τῇ

2383 3235 2584 3308 φλογί,
2647 3227 2687 3304 ᾗ
2743 3231 3139 3296 ἐξεκαύσατε.
3194 3227 3321 3280 Ὅτι
3381 3224 3438 3278 δὲ
3466 3222 3565 3292 τῆς
3603 3223 3675 3284 είς
3718 3216 3886 3289 Χριστὸν

2385 3329 2676 3400 παροινίας
2700 3326 2885 3379 ἔτισαν
2919 3325 3076 3386 δίκας
3124 3319 3462 3392 παρίστησιν
3497 3316 3713 3385 ἐπάγων·
3738 3310 3800 3364 Δι’
3819 3308 3888 3376 ἐμὲ

2385 3421 2624 3491 ἐγένετο
2644 3419 2831 3472 ταῦτα
2848 3415 3009 3486 ὑμῖν·
3037 3415 3106 3466 ἐν
3123 3413 3290 3480 λύπῃ
3308 3405 3746 3478 κοιμηθήσεσθε.
3758 3400 3885 3454 Ταῦτα

2388 3514 2444 3567 δὲ
2473 3513 2620 3581 λέγει
2639 3510 2907 3581 πόρθησιν
2929 3506 3134 3579 χώρας,
3150 3504 3366 3567 πόλεως
3394 3503 3612 3560 ἅλωσιν,
3639 3492 3888 3589 ipsumain

2389 3608 2485 3661 τοῦ
2543 3605 2669 3660 νεῶ.
2709 3600 3153 3671 Ὲκοιμήθησαν
3178 3597 3238 3650 δὲ
3290 3597 3391 3650 καὶ
3419 3594 3607 3658 ἐλύπη
3634 3584 3725 3659 ⁸ξῆ
3755 3584 3882 3639 καὶέν

2390 3699 2604 3767 ὀδύνῃ,
2629 3695 2772 3750 κατὰ
2818 3693 3120 3764 Σύμμαχον
3141 3707 3153 3721 ·
3186 3689 3220 3760 ἢ
3265 3687 3422 3742 κατὰ.
3439 3685 3531 3739 τὸν
3581 3680 3798 3739 Ἀκύλαν,
3832 3677 3880 3767 sic

2388 3790 2776 3856 διαπόνησιν.
2825 3785 2937 3856 Τὴν
2995 3783 3084 3838 διὰ
3134 3781 3377 3854 Χριστοῦ
3417 3779 3524 3849 γὰρ
3567 3774 3795 3842 λύτρωσιν
3821 3766 3883 3818 οὖν

2391 3883 2710 3949 ἀξιωθέντες
2737 3879 2943 3939 λαῦεἰν,
2977 3877 3079 3930 οὐκ
3125 3876 3184 3929 ὲν
3228 3871 3413 3926 ἑλπίδι
3452 3867 3640 3940 γερῶν,
3667 3865 3744 3917 καὶ
3766 3861 3884 3928 (lupi;

2392 3977 2481 4048 δίᾳ
2510 3973 2874 4044 πνευματικῇ,
2914 3969 3032 4022 ἀλλ’
3056 3969 3115 4020 ὲν
3142 3965 3295 4036 φόὸιρ
3346 3963 3636 4021 κολάσεων,
3667 3954 3750 4010 καὶ
3789 3950 3885 4018 λύπῃ

2394 4073 2461 4140 τῇ
2491 4069 2556 4123 δι’
2581 4066 2749 4128 αὑτὰς
2785 4060 3118 4130 ὀδυνώμενοι
3147 4055 3632 4128 κοιμηθήσονται.

2326 4179 2473 4221 metu
2515 4161 2830 4216 dormientes
2877 4155 3292 4210 cruciahuntur.

2981 4248 3231 4304 ΚΕΦΑΑ.
3269 4243 3404 4300 NA'.

2464 4345 2600 4417 α-γ¹.
2631 4343 2962 4400 Ἀκούσατέ
3009 4360 3151 4412 μου,
3186 4342 3241 4393 οἱ
3283 4336 3595 4397 διώκοντες
3621 4327 3679 4381 τὸ
3701 4322 3881 4426 dli-war.

2395 4441 2496 4494 καὶ
2541 4438 2857 4505 ζητοῦντες
2905 4435 3013 4488 τὸν
3075 4433 3316 4499 Κύριον.
3350 4423 3706 4498 Ἐμϐλέψατε
3733 4417 3880 4505 εἰςτὶιν

2398 4501 2652 4600 στερεέιν
2678 4530 2926 4597 πέτραν,
2980 4525 3061 4594 ἢν
3107 4521 3542 4593 ἐλατομήσατε,
3592 4510 3682 4567 καί
3718 4501 3878 4600 εις-τὸν

2394 4598 2666 4690 ﬁdo—uror
2694 4623 2801 4676 τοῦ
2843 4620 3100 4680 λάκκου,
3167 4617 3241 4671 ὃν
3275 4616 3579 4700 ὠρύξατε.

2401 4686 2490 4782 sic
2518 4715 2776 4782 Ἀϐραὰμ
2825 4713 2935 4766 τὸν
2981 4708 3222 4778 Πατέρα
3275 4705 3466 4775 ὑμῶν,
3491 4699 3589 4756 καί
3620 4697 3699 4761 εις
3719 4686 3872 4754 Σᾱρῤω

2405 4807 2520 4875 τὴν
2545 4804 2888 4858 ὠδίνουσαν
2917 4800 3096 4871 ὑμᾶς,
3126 4817 3182 4854 κ.
3206 4816 3258 4853 τ.
3282 4799 3334 4852 λ.
3769 4865 3786 4877 _

2474 4867 2614 4952 Ἂλλ⁹
2644 4897 2732 4950 ἵνα
2755 4897 2828 4966 μὴ
2842 4862 3015 4948 ταῦτα
3035 4862 3271 4962 πάθητε,
3291 4888 3384 4944 καὶ
3397 4885 3490 4940 νῦν
3507 4883 3584 4936 ἔτι
3599 4865 3795 4971 παραιῷ

2397 4990 2712 5061 μετάνοιαν,
2785 4951 2997 5057 ἄνδρες,
3018 4951 3185 5055 ὑμῖν,¹
3201 4951 3560 5051 οἱ-τιροσποιοῦ
3569 4984 3706 5061 μενθξ

2395 5045 2598 5154 imam
2623 5045 2814 5151 “ll-iv.
2844 5045 3068 5133 ἐναντία
3093 5045 3163 5130 et
3186 5045 3516 5146 πράττοντες
3544 5067 3606 5134 τῇ
3629 5045 3876 5154 τοῦΔΚνρίοΪ

2403 5147 2588 5244 βουλῇ,
2607 5147 2696 5244 τῷ*
2708 5147 2774 5225 τὸ
2793 5170 3030 5223 δίκαιον
3047 5167 3350 5231 ἐλαύνειν,
3366 5157 3603 5235 ἡγεῖσθαί
3613 5154 3638 5194 δ
3651 5166 3700 5250 τε
3711 5147 3878 5250 δυςμε-ιη

2404 5243 2503 5337 τὴν
2535 5264 2814 5334 ἀλήθειαν.
2837 5261 2996 5325 Τινὲς
3021 5261 3079 5314 δέ
3117 5275 3284 5331 φασιν
3320 5258 3397 5322 ὡς
3418 5243 3800 5337 προσφωνείτοῐς

2406 5357 2654 5412 στεύουσι
2677 5359 2769 5410 καὶ
2795 5355 3017 5428 ζητοῦσι
3049 5352 3286 5426 Χριστὸν
3333 5351 3434 5421 τὴν
3473 5344 3783 5433 δικαιοσυντὲιτ

2406 5453 2481 5515 ὡς
2511 5452 2826 5522 ἀλλοτρίους
2854 5451 2962 5504 τῶν
2999 5448 3268 5503 Ἰουδαίων
3313 5444 3526 5499 τούτου-
3559 5432 3705 5489 καλεῖ.
3726 5424 3878 5479 nam:

1378 5618 1400 5649 ³
1440 5616 1584 5673 Psal.
1623 5633 1813 5683 xxxix,
1847 5618 1898 5673 5.
1976 5618 1996 5648 ⁸
2038 5616 2081 5672 ll
2117 5617 2245 5675 Cor.

2392 5614 2447 5670 4.
2525 5613 2544 5644 ⁵
2585 5612 2626 5665 ll
2660 5612 2785 5666 Cor.
2842 5628 2954 5674 rm,
3009 5609 3093 5663 l'Z.
3171 5607 3191 5635 ⁸
3228 5603 3385 5661 Joau.
3419 5618 3493 5663 tu.
3528 5594 3603 5652 18.

1995 5734 2232 5791 VARle
2278 5736 2314 5788 Ι.

2322 5729 2682 5790 ECTIONES.
