3998 6390
139 424 240 491 249Ί

1198 415 1730 477 COMMENTARII
1780 416 1856 475 ΙΝ
1894 416 2182 477 ISAIAM.

136 545 212 613 γὰρ
236 538 436 608 προεῖπε
460 533 567 601 πῦρ
588 532 785 595 καίειν,
821 532 880 585 ὲν
920 523 966 600 ᾧ
1013 534 1106 586 καὶ
1144 532 1564 601 κατεκαύθησαν
1592 530 1640 583 οἳ

1758 530 1872 599 ]ui;
1904 542 1956 585 et
1988 532 2134 584 velut
2164 546 2192 583 a
2223 529 2377 587 Iuda:
2406 532 2454 587 is
2483 532 2693 586 alienos
2726 532 2847 587 illos
2882 533 3170 603 appellare.
3196 536 3321 589 Οιιι-

134 632 335 687 διώκωσι
379 624 442 679 τὸ
490 623 737 689 δίκαιον,
790 626 889 695 οὐχ
914 625 989 687 ὡς
1024 625 1404 690 ἐλαύνοντες,
1429 622 1546 678 ἀλλ’
1566 623 1641 687 ὡς

132 724 195 779 ἐπ’
217 720 329 775 αὐτὸ
350 718 640 789 τρέχοντες,
669 716 755 769 ἴνα
812 716 1217 780 καταλάϐωσιν,
1252 716 1327 779 ὡς
1347 716 1407 769 τό
1426 732 1441 745 ⁸
1481 736 1499 769 ε
1537 717 1644 786 Ζή-

132 832 256 884 τησον
276 813 503 880 εἰρήνην,
544 810 634 862 καὶ
664 809 857 875 δίωξον
903 810 1094 879 αὑτήν.
1137 828 1156 861 ι
1208 808 1505 876 Ὀλιγοστοὶ
1544 809 1643 879 μὲν

130 909 209 975 γὰρ
238 898 366 957 οὗτοι
386 919 399 932 ⁸
432 902 798 972 προϐήσονται
826 902 882 954 δὲ
913 904 996 966 είς
1028 903 1268 973 ἄμετρον
1302 901 1506 972 πλῆθος
1534 900 1644 954 τῶν

129 1002 256 1054 ἐθνῖεν
282 995 700 1066 προστιθεμένων
728 997 841 1057 τοῖς
873 997 937 1049 ὲκ
984 996 1292 1067 περιτομῆς
1322 996 1350 1049 ὃ
1374 996 1468 1049 καὶ
1498 1012 1645 1064 παρ-

129 1097 267 1159 ίστησι
296 1088 629 1158 παράδειγμα
648 1087 756 1141 τὸν
785 1087 1043 1157 Ἀϐραὰμ
1069 1089 1165 1141 καὶ
1192 1087 1308 1156 τὴν
1327 1087 1564 1156 Σάρραν
1594 1098 1642 1142 ο.

127 1185 243 1243 Τινὲς
262 1182 311 1234 δὲ
344 1179 472 1248 πρὸς
530 1178 658 1241 τοὺς
713 1179 977 1243 ἀπίστους
1038 1180 1291 1250 εἰρῆσθαι
1325 1180 1418 1233 τὸν
1466 1179 1643 1247 λόγον,

127 1276 181 1334 ὡς
201 1269 526 1339 προείπομεν,
548 1267 820 1333 λέγοντες,
852 1269 1015 1336 φασὶν
1045 1268 1120 1331 ὡς
1145 1268 1267 1321 ἀντὶ
1298 1268 1412 1333 τοῦ,
1435 1267 1534 1322 καί
1560 1269 1647 1333 εἰς

128 1367 205 1419 τὸν
228 1364 497 1427 βόθυνον,
543 1362 572 1414 ὁ
626 1361 942 1430 Σύμμαχος.
1002 1362 1091 1427 εὶς
1116 1361 1234 1429 τὴν
1288 1363 1645 1432 τρυμαλιάνθ

127 1460 146 1509 ὁ
176 1455 221 1507 δὲ
250 1452 490 1514 Ἀκύλας,
522 1450 674 1519 πρὸς
703 1452 999 1519 ἐκκοπὴν,
1025 1452 1386 1507 ὲκδεδώκασιν
1416 1471 1431 1485 ο
1482 1456 1650 1508 αίνιτ-

126 1546 303 1615 τομένου
326 1542 415 1596 τοῦ
440 1542 600 1609 λόγου
639 1542 739 1611 τὴν
768 1542 928 1613 σῶμα
963 1543 1059 1596 τοῦ
1112 1544 1316 1615 Κυρίου
1349 1544 1650 1616 δεξαμένην

129 1639 303 1706 πέτραν,
355 1632 432 1700 ἢν
472 1632 693 1701 ὄρυξεν
731 1635 953 1705 Ἰωσήφ.
1000 1630 1132 1688 Εἶτα
1178 1637 1378 1708 μετέϐη
1444 1639 1535 1690 ἐπὶ
1590 1638 1652 1691 τὸ

129 1728 423 1799 παράδειγμα
445 1722 548 1778 τοῦ
579 1725 859 1795 Ἀϐραὰμ,
881 1727 978 1779 καὶ
1006 1725 1118 1793 τῆς
1141 1726 1393 1795 Σάρρας,
1420 1729 1468 1781 οἳ
1494 1730 1653 1799 δίκην

127 1824 284 1891 πέτρας
311 1820 544 1887 ἄκαρποι
565 1819 659 1871 καὶ
675 1818 860 1887 ἄγονοι
885 1821 1197 1888 γεγονότες,
1238 1821 1452 1874 πολλῶν
1481 1822 1654 1877 ἐθνῶν

1745 637 1843 677 nes
1878 623 2022 677 enim
2052 632 2211 677 antea
2253 622 2431 693 ignem
2460 626 2760 679 accendere
2787 625 2961 689 dixit;
2996 626 3048 677 in
3083 626 3193 695 qno‘
3218 627 3318 695 ipsi

1743 715 1910 770 etiam
1956 715 2228 771 combusti
2267 725 2416 777 sunt,
2467 716 2558 785 qui
2617 716 2754 785 quod
2804 716 3007 785 iustum
3057 726 3155 778 est,
3212 733 3321 771 non

1751 802 2054 871 abigendo,
2091 804 2184 857 sed
2249 804 2555 873 appetendo
2611 813 2668 855 ut
2714 802 3113 872 adipiscantur,
3150 819 3327 871 perse-

1744 904 1977 964 quuntur
2011 913 2025 948 :
2076 892 2250 960 Quale
2278 894 2410 948 illud
2441 903 2566 949 est:
2606 914 2625 945 ι
2664 894 2857 959 Quaere
2890 910 3077 965 pacem
3112 904 3167 949 et
3203 912 3324 963 per-

1746 1003 1975 1056 sequere
2003 1004 2124 1042 eam
2158 990 2200 1041 ".
2256 1007 2273 1039 ι
2315 987 2454 1042 Sunt
2490 988 2634 1043 enim
2665 988 2923 1057 perpauci
2956 987 3033 1041 illi
3065 986 3322 1057 quidem;

1747 1078 1843 1133 sed
1886 1080 1940 1132 in
1998 1080 2405 1135 multitudinem
2458 1080 2689 1134 evadent
2720 1080 3009 1147 inﬁnitam,
3051 1096 3175 1133 cum
3221 1080 3323 1147 ipsi

1748 1172 2085 1225 accesserint
2114 1171 2308 1237 Juda-i,
2355 1181 2415 1227 ιιι
2454 1173 2743 1227 Abrahami
2777 1172 3055 1238 Sarra’que
3078 1174 3326 1240 exemplo

1749 1262 2196 1317 demonstratur.
2229 1264 2487 1319 Nonnulli
2518 1280 2710 1318 rursus
2730 1265 2990 1320 adversus
3016 1264 3326 1317 incredulos

1750 1370 2059 1411 sermonem
2094 1372 2235 1416 esse.
2281 1357 2443 1411 sicuti
2472 1357 2733 1418 diximus.
2765 1356 3036 1417 arbitrati,
3073 1371 3167 1422 pro
3193 1371 3325 1423 quo,

1749 1452 1800 1497 et
1841 1461 1896 1498 tu
1925 1445 2128 1513 foveam
2161 1446 2466 1511 habemus;
2500 1456 2546 1499 et
2578 1446 2630 1499 in
2672 1446 2907 1513 foramen
2939 1444 3325 1515 Symmachum

1752 1537 1995 1605 quidem,
2034 1540 2085 1591 in
2124 1539 2444 1593 excisionem
2468 1548 2647 1593 autem
2680 1538 2935 1607 Aquilam
2980 1539 3330 1593 transtulisse

1752 1630 1982 1696 volunt;
2019 1640 2278 1700 tanquam
2312 1641 2518 1701 petram
2557 1632 2701 1685 illam
2734 1648 2855 1700 qua»
2881 1630 3087 1685 Christi
3129 1647 3331 1701 corpus

1754 1727 1990 1797 excepit,
2018 1735 2073 1779 et
2104 1742 2134 1779 a
2161 1724 2400 1796 Joseplio
2432 1727 2611 1780 excisa
2642 1739 2994 1795 excavataque
3022 1734 3127 1790 est,
3152 1726 3328 1779 oratio

1755 1818 2127 1873 demonstret.
2181 1817 2385 1873 Deinde
2411 1817 2478 1872 ad
2509 1817 2799 1870 Abraltami
2846 1828 2892 1871 et
2929 1815 3108 1871 Sarra:
3147 1832 3333 1871 exent-

128 1912 323 1979 πατέρες
348 1909 595 1978 ἐγένοντο
639 1909 727 1963 διὰ
754 1908 1013 1973 πίστεως,
1051 1909 1126 1973 ὡς
1166 1913 1194 1963 ὁ
1228 1910 1439 1974 Παῦλος
1468 1928 1603 1982 φησι
1632 1928 1645 1941 ·

1758 1911 1904 1979 plum
1937 1926 2252 1965 sermonem
2290 1909 2571 1973 transfert,
2602 1910 2695 1980 qui
2741 1918 2793 1963 et
2839 1911 2938 1976 ipsi
2989 1910 3107 1964 saxi
3158 1924 3331 1974 more,

130 2001 419 2072 «Κατενόησε
440 2000 500 2053 τὸ
530 2000 725 2054 ἑαυτοῦ
752 2001 911 2072 σῶμα
928 2001 1028 2073 ἥδη
1050 2004 1478 2073 νενεκρωμένον,
1507 2023 1526 2054 ι
1553 2003 1650 2057 καὶ

126 2098 171 2148 τὰ
194 2095 271 2147 ἐπὶ
291 2092 472 2164 τούτῳ.
503 2092 604 2156 Ἐξ
633 2092 770 2159 ἑνὸς
801 2092 916 2159 οὖν,
947 2094 1056 2149 τοῦ
1091 2094 1347 2165 Ἀϐραὰμ
1402 2098 1501 2149 καὶ
1537 2096 1651 2165 τῆς

126 2186 305 2254 Σάρρας
330 2186 431 2252 (είς
449 2184 561 2253 γὰρ
588 2186 775 2255 ἄμφω,
812 2185 951 2239 κατὰ
979 2186 1058 2239 τό⁹
1092 2186 1418 2241 Ἔσονταιοί
1447 2187 1541 2240 δύο
1572 2190 1653 2251 εἰς

126 2282 261 2349 σάρκα
290 2276 432 2348 μίαν)
481 2277 617 2331 ὡσεὶ
646 2278 715 2331 τά
746 2277 923 2349 ἄστρα
952 2278 1047 2332 τοῦ
1088 2280 1321 2350 οὐρανοῦ
1351 2281 1429 2351 τῷ
1458 2281 1653 2351 πλήθει

127 2372 403 2439 συνέστησαν
425 2388 438 2401 ⁸
457 2370 540 2423 διό
567 2387 756 2438 φησιν.
786 2365 889 2437 Εἷς
915 2366 1013 2441 ἦν,
1031 2372 1129 2425 καί
1149 2372 1416 2427 ἐκάλεσα
1442 2374 1648 2427 αὐτόν.

127 2462 289 2532 Ὠσπερ
310 2455 398 2514 οὖν
443 2460 539 2513 ἐπὶ
575 2459 670 2514 τοῦ
700 2460 960 2529 Ἀϐραὰμ
988 2460 1131 2515 οὕτω
1151 2463 1429 2533 πεποίηκα
1455 2480 1469 2493 ο
1509 2462 1653 2517 οὕτω

132 2557 181 2625 μὴ
201 2554 611 2623 ἀπογινώσκετε,
644 2552 721 2616 ὼς
762 2554 855 2607 καὶ
905 2552 1013 2606 ἀπὸ
1045 2552 1147 2623 τῆς
1177 2552 1399 2621 πέτρας
1428 2553 1651 2623 ταύτης,

133 2647 181 2714 ἦν
200 2646 343 2713 ὑμεῖς
365 2644 806 2713 ἐλατομήσατε,
861 2644 1014 2697 ἔσται
1046 2662 1130 2707 τις
1174 2645 1329 2709 ἐλπὶς
1378 2646 1654 2716 σωτηρίας

132 2743 249 2792 πᾶσιν
276 2738 600 2809 ἀνθρώποις.
628 2737 793 2790 Ἀλλά
832 2737 927 2789 καὶ
955 2736 1143 2804 πέτρα
1173 2738 1314 2791 κατὰ
1344 2738 1556 2791 Παῦλον
1582 2734 1650 2809 ἦν

130 2830 373 2901 ίΧριστὸς,
396 2830 464 2900 ῆν
486 2832 548 2882 ὲν
568 2828 646 2897 τῷ
665 2828 827 2881 πάθει
849 2827 1142 2897 διώρυξαν,
1166 2828 1309 2881 κατά
1329 2829 1393 2882 τό
1410 2846 1422 2859 ο
1449 2849 1466 2879 t
1484 2829 1652 2896 Ὠρυ-

134 2921 197 2984 ξιν
218 2922 383 2992 χεῖράς
422 2939 525 2989 μου
565 2920 661 2973 καὶ
712 2919 881 2983 πόδας
934 2937 1056 2990 μου.
1093 2938 1111 2970 ι
1142 2921 1417 2974 Βόθυνον
1461 2920 1518 2973 δὲ
1552 2921 1653 2989 τὴν

134 3014 367 3084 τρωθεῖσαν
397 3013 645 3083 πλευρὰν
678 3012 1078 3065 ύπαινίττεται.
1108 3013 1208 3066 Διά
1250 3012 1359 3083 γὰρ
1388 3013 1651 3084 τούτωνὴ

138 3108 336 3177 σωτηρία,
364 3107 457 3159 καὶ
488 3108 599 3176 τῆς
633 3103 960 3176 Ἐκκλησίας
1006 3104 1238 3175 συνέστη
1263 3104 1327 3158 τὸ
1353 3105 1652 3177 πλήρωμα,

138 3198 325 3269 καθάπερ
362 3196 430 3261 ἐξ
481 3197 735 3265 Ἀϐραὰμ
786 3194 887 3248 καὶ
931 3194 1165 3262 Σὰῤῥας
1223 3195 1285 3247 τὸ
1342 3196 1549 3265 πλῆθος
1593 3196 1655 3249 τὸ

1755 2002 1936 2056 fructu
1985 2003 2283 2072 liberisque
2337 2015 2631 2066 carentes,
2682 2003 2973 2056 multarunt
3022 2019 3119 2073 per
3172 2004 3331 2056 [idem

1754 2096 1995 2166 gentium
2031 2107 2295 2164 parentes,
2330 2096 2501 2150 Paulo
2533 2106 2691 2160 teste,
2722 2096 2968 2162 fuerunt,
3008 2112 3132 2150 cum
3160 2098 3338 2150 Abra-

1755 2187 1979 2242 hamum
2008 2188 2121 2256 jam
2151 2204 2312 2243 suum
2344 2203 2551 2258 corpus
2580 2196 2919 2250 emortuum,
2948 2199 3003 2241 et
3032 2204 3152 2255 quae
3174 2186 3333 2240 dein-

1755 2293 1906 2347 ceps,
1939 2280 2323 2334 considerasse
2370 2279 2531 2333 dixit.
2569 2277 2654 2331 Ea:
2674 2296 2779 2331 uno
2810 2278 2996 2347 igitur.
3030 2277 3338 2331 Abrahamo

1754 2380 1804 2425 et
1843 2369 2014 2424 Sarra
2044 2371 2229 2441 (unum
2260 2372 2406 2425 enim
2452 2380 2703 2440 uterque,
2735 2377 2795 2424 ut
2845 2370 2940 2423 illo
2986 2370 3180 2438 liquet,
3228 2383 3339 2437 quo

1756 2463 1874 2517 fore
1897 2463 2035 2518 duos
2065 2465 2117 2517 in
2146 2480 2309 2518 carne
2342 2480 2448 2518 una
2474 2463 2723 2534 dicitur),
2752 2461 3157 2531 tanquamemli
3188 2472 3337 2516 astra

1755 2553 2135 2617 multitudine,
2185 2554 2574 2608 constiterunt.
2642 2554 2877 2621 Ideoque
2922 2570 3060 2607 unus
3104 2564 3240 2617 erat,
3285 2561 3337 2606 et

1754 2647 1935 2700 vocavi
1960 2664 2101 2711 eum,
2128 2647 2352 2715 adjecit.
2375 2646 2849 2710 Quemadmodum
2879 2648 3050 2716 igitur
3083 2647 3135 2699 in
3165 2648 3340 2699 Abra-

1754 2735 1910 2789 Immo
1946 2737 1997 2789 id
2029 2752 2132 2807 ego
2164 2738 2387 2805 praestiti
2423 2754 2437 2790 :
2474 2737 2556 2792 sic
2602 2745 2657 2791 et
2692 2738 2761 2792 ab
2806 2738 2912 2792 ista
2962 2747 3134 2803 petra,
3181 2754 3340 2806 quam

1751 2827 2056 2889 excidistis,
2096 2827 2427 2882 mortalibus
2454 2827 2734 2881 universis
2771 2842 2899 2895 spes
2933 2828 3115 2896 aliqua
3144 2842 3342 2881 conse-

1753 2918 1985 2987 quenda:
2008 2920 2207 2973 salutis
2238 2918 2421 2973 futura
2466 2927 2573 2973 est.
2605 2918 2733 2971 Erat
2772 2934 2901 2974 vero
2924 2931 3073 2987 petra
3110 2918 3349 2973 docento

1754 3006 1927 3061 Paulo
1960 3009 2003 3073 ⁸,
2036 3009 2293 3063 Christus
2328 3009 2445 3078 ipse
2466 3026 2481 3073 ;
2505 3009 2593 3063 cui
2631 3017 2860 3063 mortem
2883 3009 3111 3063 obeunti
3142 3024 3340 3061 manus

1755 3108 1809 3151 et
1842 3099 2007 3167 pedes
2036 3100 2208 3156 clavis
2238 3115 2361 3156 esse
2394 3100 2733 3155 transfossos
2770 3100 3052 3170 Scriptura
3082 3108 3339 3155 testatur.

1762 3190 2117 3261 Signiﬁcatur
2164 3196 2295 3249 item
2344 3209 2441 3262 per
2485 3193 2651 3263 579
2697 3193 2901 3262 foveam
2963 3193 3107 3248 latus
3161 3192 3342 3262 ipsum

208 3250 215 3251 κ
296 3250 306 3269 .
404 3250 423 3261 τ
572 3250 590 3265 .
692 3250 705 3264 .
1010 3250 1028 3261 .
1052 3250 1066 3262 .
1141 3250 1156 3261 .
1441 3250 1451 3265 .
1529 3250 1545 3259 .

132 3289 318 3360 ἄπειρον.
342 3291 428 3342 Διὸ
461 3287 809 3357 παρακαλεῖ
844 3289 942 3359 τὴν
969 3286 1142 3352 Σιὼν,
1176 3287 1239 3340 τὸ
1269 3286 1518 3350 θεοσεϐὲς
1552 3290 1654 3342 πά-

1766 3284 1937 3338 Ιιιιειιο
1982 3301 2244 3340 mucrone
2278 3287 2645 3341 vulneratum.
2684 3285 2789 3340 Per
2836 3287 2951 3340 hac
2997 3288 3143 3340 enim
3190 3298 3344 3356 parta

131 3378 219 3429 ὶινά
245 3383 561 3451 πολίτευμα,
592 3382 728 3451 ὅπερ
754 3382 831 3441 είς
860 3379 1069 3448 ἔρημον
1107 3378 1176 3431 δι’
1220 3378 1363 3448 ὑμᾶς
1395 3380 1656 3449 κατέστη.

131 3472 236 3541 Πλὴν
258 3472 359 3523 ἀλλ’
380 3472 489 3539 ἐγὼ
523 3472 625 3540 τὴν
648 3470 883 3541 ἐρημίαν
904 3469 1075 3538 αὐτῆς
1098 3468 1448 3539 ἀναλήψομαι
1467 3470 1661 3539 παρά-

130 3567 301 3629 κλησιν
321 3564 496 3617 καλῶν
560 3564 661 3634 τὴν
702 3562 836 3634 περὶ
886 3562 1094 3616 τούτων
1136 3562 1349 3617 ὲλπίδα.
1390 3564 1663 3631 Ἕρημον

203 3655 263 3717 ὡς
304 3658 432 3726 πρὸς
458 3658 566 3726 τὴν
625 3656 855 3726 ἔχουσαν
906 3654 1075 3709 πάλαι.
1112 3652 1204 3708 τὸν
1246 3655 1438 3725 ἄνδρα,
1463 3656 1563 3727 τὴν
1599 3655 1660 3719 ἐξ

131 3746 616 3818 ἐθνῶνἘκκλησίαν,
636 3748 814 3812 καλεῖ,
840 3748 976 3820 πρὸς
994 3748 1059 3816 ἢν
1084 3745 1268 3814 ἔλεγεν
1297 3749 1325 3801 ὁ
1347 3750 1656 3818 προφήτης·

135 3840 498 3912 «Εὐφράνθητι,
546 3844 753 3912 στεῖρα,
791 3843 823 3910 ἡ
877 3842 939 3893 οὐ
976 3841 1265 3899 τίκτουσα,
1289 3859 1306 3890 ι
1339 3840 1434 3893 καὶ
1472 3840 1539 3891 τά
1567 3841 1660 3892 ἐπὶ

133 3933 276 4003 τούτῳ.
305 3935 393 3999 Τίς
418 3936 474 3988 δὲ
520 3936 554 4005 ἡ
576 3935 668 3987 τὸν
702 3934 869 4005 ἄνδρα
899 3934 1119 4003 ἔχουσα,
1153 3934 1267 3986 ἀλλ’
1294 3932 1326 4002 ἦ
1360 3932 1421 3983 τὸ
1456 3931 1661 4001 βιϐλίον

132 4026 190 4076 το]
214 4029 530 4082 ἀποστασίου
558 4027 940 4097 ποιησαμένη;
970 4027 1027 4078 ὲν
1062 4026 1119 4079 δὲ
1149 4028 1217 4095 τῇ
1251 4026 1443 4095 ἐρήμῳ
1473 4024 1663 4091 παρά-

129 4115 289 4173 δεισον
313 4122 533 4177 ἔσεσθαι
573 4121 746 4189 λέγει,
780 4119 923 4173 κατὰ
949 4119 1045 4171 τὸν
1082 4119 1141 4171 ὲν
1172 4118 1314 4188 ἀρχῇ
1356 4115 1510 4185 παρά
1543 4117 1659 4167 Κυ-

131 4210 297 4274 piam...

1765 3379 1918 3433 Salus
1966 3389 2051 3434 est
2086 3381 2316 3451 ipsaque
2344 3381 2509 3435 etiam
2543 3379 2806 3434 Ecclesim
2836 3381 3136 3434 constituta
3173 3379 3347 3447 pleni-

1762 3470 1935 3538 tudo;
1972 3489 2081 3526 non
2114 3473 2273 3527 aliter
2299 3489 2464 3544 quam
2498 3488 2564 3526 ea:
2596 3472 2897 3526 Abraltamo
2930 3484 2980 3525 et
3021 3473 3188 3525 Sarra
3222 3471 3346 3524 inli-

1764 3566 1875 3617 nita
1902 3566 2214 3619 mttltitudo.
2245 3566 2425 3635 Atque
2450 3566 2576 3621 inde
2600 3576 2684 3621 est
2709 3566 2853 3635 quod
2876 3565 3089 3619 Sioncnt
3114 3582 3133 3630 ;
3169 3565 3346 3628 idest,

1763 3655 1908 3724 piam
1952 3656 2083 3709 olim
2123 3657 2404 3711 civitatem
2440 3659 2779 3720 consolatur,
2810 3674 2933 3728 qua:
2978 3659 3194 3712 deserta
3227 3657 3350 3727 qui-

1764 3748 1887 3801 dem
1924 3756 2148 3817 propter
2178 3763 2299 3811 vos,
2336 3750 2539 3819 inquit,
2576 3766 2673 3819 per
2727 3766 2811 3804 me
2849 3750 3110 3818 frequens
3152 3753 3349 3802 iterum

1765 3839 1948 3891 futura
1972 3847 2054 3892 est
2080 3856 2092 3892 :
2118 3840 2208 3893 ubi
2236 3840 2550 3893 consolandi
2572 3842 2758 3905 verbo,
2783 3841 3166 3910 promissionis
3189 3840 3351 3909 hujus

1766 3946 1917 3999 spem
1967 3932 2318 4001 signiﬁcavit.
2354 3933 2432 3989 Eo
2472 3935 2594 4003 ipso
2645 3944 2827 3987 autem
2882 3934 3029 4004 quod
3086 3935 3352 3987 desertam

1762 4036 1946 4089 vocat,
1980 4027 2281 4084 Ecelesiam
2313 4031 2560 4101 gentium
2600 4031 2883 4100 intelligit,
2922 4041 3180 4099 tanquam
3232 4043 3354 4098 qua:

1768 4116 1974 4173 dudum
2007 4122 2184 4174 virum
2219 4121 2437 4187 habeat,
2469 4124 2535 4176 ad
2566 4138 2727 4191 quam
2767 4124 2839 4176 ita
2875 4124 3201 4192 loquebatur
3225 4135 3353 4189 pro-

1768 4211 1963 4281 pheta:
1990 4232 2007 4263 ι
2032 4212 2259 4278 Laetare,
2284 4216 2507 4280 sterilis,
2524 4231 2645 4285 qua:
2666 4231 2772 4268 non
2796 4216 3052 4285 peperisti
3072 4217 3207 4276 ’,»et
3232 4228 3354 4282 quae

132 4320 296 4378 postea.
327 4309 587 4375 Quaenam
628 4316 809 4361 autem
834 4314 940 4371 est,
978 4320 1101 4375 qua:
1125 4305 1302 4357 virum
1342 4302 1525 4368 habet,
1561 4304 1669 4358 nisi
1711 4322 1832 4376 qua:
1882 4310 2167 4379 repudium
2226 4311 2415 4365 misit?
2498 4309 2555 4363 In
2600 4310 2820 4364 deserto
2868 4308 3066 4362 deinde
3109 4306 3351 4360 futurum

137 4402 239 4454 dicit
260 4402 569 4471 paradisum
609 4399 657 4451 ei
686 4413 794 4451 non
825 4396 1153 4460 absimilem,
1189 4394 1281 4465 qui
1314 4394 1470 4447 initio
1500 4409 1530 4447 a
1558 4394 1879 4453 Domino....

176 4495 305 4560 διιεῖ.
338 4492 658 4549 Ἀκούσατέ
678 4510 820 4563 μου,
855 4492 1179 4555 ἀκούσατε,
1218 4493 1369 4555 λαός
1392 4506 1533 4559 μου,
1565 4492 1654 4543 καὶ

1841 4498 2004 4567 580
2041 4497 2209 4553 Vens.
2237 4496 2389 4551 4-16.
2431 4495 2625 4550 Audite
2666 4513 2764 4560 me,
2800 4496 3001 4556 audite,
3033 4496 3221 4565 popule
3254 4496 3348 4561 mi,

128 4588 165 4637 cl
182 4587 459 4654 βασιλεῖς,
479 4588 631 4654 πρός
659 4602 735 4654 με
756 4584 1149 4645 ἐνωτίσασθε,
1187 4581 1278 4635 ὅτι
1302 4582 1486 4648 νόμος
1519 4580 1660 4649 παρ’

128 4677 239 4744 ἐμοῦ
293 4679 692 4743 ἐξελεύσεται,
747 4676 845 4729 καὶ
907 4678 946 4744 ὴ
995 4676 1193 4742 κρίσις
1225 4690 1344 4742 μου
1396 4674 1484 4736 εις
1534 4670 1663 4740 φῶς

128 4764 296 4822 ἐθνῶν.
326 4769 565 4841 Ἐτγίζὲι
615 4770 767 4838 ταχὺ
796 4769 834 4837 ἠ
872 4767 1229 4833 δικαιοσύνη
1254 4782 1396 4835 μου,
1432 4763 1529 4817 καὶ
1560 4763 1661 4827 ἐξ·

129 4862 413 4929 eleuet-rma,
452 4865 533 4930 ὠς
590 4862 738 4932 φῶς,
787 4861 854 4914 τὸ
909 4858 1211 4925 σωτήριόν
1246 4874 1392 4926 μου,
1433 4855 1529 4909 καὶ
1576 4856 1663 4920 εις

130 4949 210 5001 τὸν
225 4954 509 5022 βραχίονα
559 4972 679 5024 μου
732 4954 879 5019 ἔθνη
934 4948 1277 5005 ἐλπιοῦσιν.
1312 4946 1446 5017 Ἐμὲ
1479 4944 1663 5014 νῆσοι

131 5045 479 5115 ὑπομενοῦσι,
518 5047 617 5101 και
677 5048 765 5113 εὶς
791 5044 902 5100 τὸν
934 5042 1236 5113 βραχίονα
1267 5059 1386 5113 μου
1423 5038 1671 5095 ἐλπιοῦ-

131 5150 231 5202 σιν,
256 5156 304 5193 κ.
329 5158 379 5193 τ.
406 5139 459 5195 λ.

188 5266 201 5281 .
238 5266 254 5282 .
292 5270 305 5285 .
344 5270 359 5285 .
399 5230 723 5303 ἀνθρώπους
752 5228 1109 5299 φοϐούμενος,
1146 5225 1220 5297 μὴ
1245 5225 1674 5293 ἀποσυνάγωγόν

136 5334 181 5370 σε
208 5322 484 5393 ποιήσωσιν
521 5325 570 5377 οἱ
601 5323 853 5391 λέγοντες
874 5338 889 5352 ·
919 5340 937 5372 t
966 5318 1253 5390 Δαιμόνιον
1282 5318 1395 5389 ἔχει
1424 5318 1519 5371 καὶ
1551 5316 1676 5387 μαίε-

134 5426 273 5467 νεται.
302 5413 364 5467 Τί
394 5415 620 5470 ἀκούετε
655 5414 858 5482 autem”);
890 5433 908 5467 ›
960 5408 1052 5476 Οἷς
1092 5412 1277 5479 ἔλεγεν
1322 5413 1351 5464 ὁ
1396 5409 1630 5482 Χριστός
1654 5424 1671 5440 ⁸

1764 4600 1813 4645 et
1846 4606 2013 4659 reges,
2053 4589 2120 4643 ad
2164 4606 2244 4642 me
2268 4588 2545 4650 attendite,
2569 4590 2689 4659 quia
2723 4589 2807 4641 lea:
2849 4605 2881 4641 a
2921 4605 2999 4640 nte
3034 4588 3350 4655 egredietur,

1764 4694 1812 4738 et
1828 4685 2097 4753 judicium
2142 4701 2312 4738 meum
2354 4686 2408 4739 in
2445 4685 2614 4738 lucem
2650 4684 2905 4753 gentium.
2949 4680 3353 4750 Appropinquat

1766 4778 1871 4830 cito
1914 4778 2133 4845 justitia
2168 4794 2304 4842 mea,
2338 4788 2387 4831 et
2423 4777 2740 4847 egredietur,
2784 4775 2919 4827 sicut
2953 4772 3065 4839 lux,
3116 4773 3354 4825 salutare

1769 4888 1960 4931 meum.
1988 4880 2036 4925 et
2084 4872 2141 4925 in
2170 4871 2445 4926 brachium
2496 4885 2669 4924 meum
2699 4876 2876 4939 gentes
2904 4868 3212 4936 sperabunt,
3243 4874 3349 4919 etc.

1840 5224 2001 5295 58],
2049 5264 2065 5280 .
2110 5264 2124 5279 .
2164 5261 2179 5275 .
2222 5262 2237 5276 .
2278 5220 2530 5276 homines
2577 5228 2829 5273 metuens
2873 5230 2943 5270 ne
2973 5224 3023 5268 te
3074 5224 3353 5283 synagoga

1773 5324 2051 5379 moveant,
2090 5315 2332 5371 dicentes
2365 5329 2380 5366 :
2422 5331 2441 5365 ι
2474 5310 2813 5366 Haemonium
2852 5308 3049 5369 habet,
3084 5312 3136 5356 et
3188 5301 3353 5366 fut-it;

1776 5411 1906 5481 quid
1947 5409 2148 5464 auditis
2182 5423 2307 5463 eum
2341 5406 2427 5459 ’°?
2470 5424 2489 5458 ι
2540 5403 2743 5475 quibus
2794 5396 3159 5469 respondebat
3194 5392 3358 5481 Cbri-

143 5503 271 5557 tKa‘t
296 5506 418 5577 ὑμῖν
459 5511 571 5572 τοῖς
596 5478 1015 5579 νομικοῖςγούαὶ,
1048 5505 1131 5558 ὃτι
1162 5504 1331 5576 ἤρατε
1364 5478 1463 5573 τὴν
1490 5500 1654 5554 κλεῖδ;

1781 5478 1952 5553 stus:
1989 5516 2009 5550 ι
2050 5496 2139 5551 ναξ
2185 5494 2339 5553 vobis
2386 5494 2555 5550 etiam
2608 5489 2974 5561 legisperitis;
3025 5484 3153 5555 quia
3201 5478 3360 5535 fertis

218 5662 235 5693 τ
270 5662 409 5719 Psal.
448 5679 643 5729 χχχιιι,
674 5664 765 5717 2³7.
832 5662 853 5694 ⁸
894 5661 913 5715 l
945 5660 1072 5716 Cor.
1105 5677 1158 5726 χ,
1187 5660 1238 5714 tt.
1318 5660 1339 5690 '
1380 5657 1486 5713 lsa.
1515 5672 1627 5719 Liv,

1778 5656 1821 5686 ¹⁰
1853 5654 2011 5711 Joan.
2055 5671 2109 5720 ι,
2138 5653 2228 5709 20.

1437 5771 1671 5825 VARIAS
1720 5769 2124 5828 LECTIONES.

206 5880 229 5911 θ
259 5888 341 5943 γρ.
368 5875 462 5930 τοῦ
491 5874 739 5947 Ἀϐραὰμ
763 5873 859 5927 καὶ
875 5872 972 5943 τῆς
996 5872 1231 5943 stega;
1306 5868 1337 5913 εὶ
1358 5888 1453 5939 γρ.
1482 5868 1670 5922 πάλαι.

3174 417 3317 482 2498
3379 416 3381 419 ’
3461 464 3471 487 ι
