3998 6390
632 419 776 485 2499

1930 425 2280 487 PROCOPII
2322 429 2566 489 GAZEEI

3711 445 3822 511 2500

636 531 845 584 clavem
891 531 1283 598 intelligentiaa,
1326 532 1428 600 ipsi
1466 541 1648 587 autem
1687 550 1793 587 non
1831 533 2072 598 intratis,
2113 550 2188 588 set

2310 539 2409 605 τῆς
2444 539 2718 606 γνώσεως,
2749 537 2904 591 αὐτοὶ
2935 539 3030 589 οὐκ
3061 538 3396 610 εἰσέρχεσθε.
3428 544 3515 594 καὶ
3546 546 3656 610 τοὺς
3679 555 3823 624 εξσερ,

634 620 976 676 introeuntes
1007 624 1166 676 etiam
1204 623 1503 691 prohibetis
1523 625 1558 654 “
1585 641 1600 688 ;
1635 643 1652 676 ι
1683 639 1823 694 quos
1854 639 2002 678 nunc
2031 640 2206 693 expu»

633 724 794 786 gnata
842 715 1063 768 civitate
1109 717 1386 783 perituros
1439 730 1560 770 esse
1599 715 1890 785 signiﬁcat.
1943 712 2206 785 Sequitur

634 809 818 868 postea
846 800 914 853 de
941 816 1153 864 eorum,
1185 802 1277 869 qui
1306 802 1562 869 pietatem
1610 803 2038 871 amplectuntur,
2082 812 2205 856 teu-

631 893 951 956 tationibus,
998 893 1172 962 deque
1208 894 1624 947 liberationibus
1681 896 2003 965 disputatio,
2044 896 2202 966 juxta

633 985 762 1038 illud
795 985 846 1037 in
888 985 1121 1039 Psalmis
1164 1003 1177 1039 :
1221 1004 1239 1035 ι
1274 985 1548 1039 Mandavit
1576 987 1848 1056 procellas,
1885 995 1940 1039 et
1967 989 2118 1040 stetit
2145 987 2201 1040 in

629 1095 841 1144 auram,
873 1082 1254 1151 silueruntque
1287 1081 1483 1135 lim-tus
1503 1081 1624 1151 ejus
1654 1084 1718 1136 “.
1756 1101 1772 1133 ι
1801 1083 2029 1137 Possum
2055 1083 2199 1136 enim

629 1173 730 1227 ista
782 1189 881 1241 ego
936 1183 1198 1243 prmstare
1254 1193 1268 1228 :
1317 1175 1420 1240 Qui
1476 1176 1729 1228 virtutum
1765 1192 1879 1228 sum
1921 1175 2197 1238 Dominus,

628 1267 817 1334 quique
844 1267 897 1318 in
929 1283 984 1319 os
1016 1277 1164 1319 tuum
1199 1270 1352 1320 verba
1382 1285 1494 1320 mea
1523 1269 1794 1337 positurus
1823 1284 1963 1321 sum.
2014 1267 2198 1320 Dicam

625 1361 769 1410 enim
836 1359 1107 1426 peccaturi
1167 1379 1180 1413 :
1241 1378 1260 1411 ι
1328 1360 1509 1424 Quare
1565 1371 1620 1412 tu
1678 1376 1904 1413 enarras
1954 1358 2199 1426 justitias

626 1466 777 1503 meas
810 1451 892 1502 ”?
929 1450 1111 1503 i’Non
1139 1452 1282 1504 enim
1314 1454 1540 1519 pulchra
1582 1453 1702 1505 laus
1736 1462 1822 1504 est
1854 1453 1906 1504 iu
1951 1467 2046 1504 ore
2078 1466 2198 1520 pee-

623 1541 824 1595 caloris
858 1541 921 1594 “.
963 1541 1096 1594 Nam
1131 1562 1149 1591 ι
1192 1543 1258 1596 de
1290 1544 1475 1597 cordis
1531 1544 1867 1596 abundantia
1923 1559 1986 1597 os
2020 1544 2198 1612 loqui-

622 1642 714 1686 tur
763 1635 825 1686 ‘5.
895 1653 914 1687 ›
986 1633 1058 1688 De
1101 1636 1248 1700 justo
1305 1645 1483 1688 autem
1536 1658 1547 1691 :
1602 1656 1621 1686 ι
1678 1636 1781 1690 Lex
1843 1637 1936 1690 Dei
1997 1637 2050 1689 in
2101 1652 2196 1690 ore

620 1724 740 1792 ejus
781 1726 865 1790 “,
932 1745 951 1779 ι
999 1737 1329 1795 usurpatur;
1381 1728 1472 1794 qui
1530 1729 1695 1782 etiam
1751 1728 1878 1782 Sion
1935 1728 2189 1792 ellectus,

2307 629 2568 696 χομένους
2597 628 2924 693 ἐκωλύσατε,
2940 646 2958 677 ι
2981 626 3073 691 οὓς
3089 629 3376 682 ἀπολεῖσθε
3391 632 3502 696 νῦν,
3522 637 3686 704 φησὶν,
3710 642 3823 697 ἅλω.

2310 719 2673 789 σομένηςτῆς
2704 721 2930 781 πόλεως.
2961 717 3092 772 Εἶτα
3135 722 3264 792 περὶ
3293 721 3401 774 τῶν
3429 730 3717 798 πειρασμῶν
3740 736 3825 789 τῶν

2307 811 2552 864 εὐσεϐεῖν
2601 811 2893 882 ᾑρημένων
2947 813 3239 882 ἐπήνεγκε,
3275 813 3372 866 καὶ
3421 817 3517 884 τῆς
3564 820 3622 871 ὲκ
3664 823 3824 878 τούτων

2305 904 2561 966 ἀνέσεως,
2604 904 2747 955 κατά
2794 903 2856 955 τὸ
2882 904 2940 955 ἐν
2967 903 3235 974 ψαλμοίςο
3277 923 3295 953 ι
3319 905 3570 971 Ἐπὲταξε
3595 913 3654 980 τῇ
3678 930 3823 966 καται.

2304 996 2552 1064 γίδι,καὶ
2602 995 2731 1065 ἔστη
2784 997 2864 1057 είς
2913 993 3107 1065 αὔραν.
3139 996 3252 1048 Καὶ
3281 996 3508 1048 ἐκόπασε
3549 1000 3609 1052 τὰ
3651 1003 3817 1073 κύματα

2303 1087 2494 1156 αὐτῆς.
2524 1105 2544 1137 ι
2594 1086 2825 1149 Δυνατὸς
2866 1087 2975 1157 γὰρ
3021 1086 3192 1140 ταῦτα
3241 1089 3417 1138 ποιεῖν
3467 1089 3591 1154 ἐγὼ,
3618 1093 3715 1160 εἴγε
3750 1101 3814 1150 καὶ

2303 1179 2517 1246 Κύριος
2560 1179 2673 1246 εἶμι
2725 1178 2844 1232 τῶν
2890 1178 3225 1247 δυνάμεων,
3259 1179 3327 1244 ὃς
3368 1180 3464 1231 καὶ
3507 1181 3639 1244 τοὺς
3683 1184 3815 1254 ἐμοὺς

2299 1270 2522 1338 λόγους
2548 1268 2786 1338 ἐμϐαλῶ
2811 1285 2927 1323 σου
2958 1269 3037 1333 τῷ
3069 1270 3346 1336 στόματι.
3371 1269 3459 1340 Τῷ
3490 1272 3591 1341 γὰρ
3613 1273 3814 1344 ἁμαρτω.

2299 1362 2377 1433 λῷ
2409 1362 2537 1432 ὲρῶο
2568 1365 2715 1415 (Ἰνα
2743 1361 2796 1414 τί
2834 1362 2897 1414 σὺ
2929 1361 3155 1431 ὲκδιηγῇ
3179 1361 3248 1412 τὰ
3277 1361 3578 1431 δικιώματά
3609 1381 3724 1432 μους
3751 1387 3820 1418 ι-

2305 1475 2323 1505 (
2348 1457 2421 1509 Ού
2441 1455 2510 1522 γὰ
2519 1473 2548 1524 ρ
2573 1456 2770 1524 ὡραῖος
2788 1450 2935 1517 αἶνος
2951 1455 3010 1507 ἐν
3033 1456 3262 1524 στόματι
3282 1455 3620 1524 ἁμαρτωλοῦ.
3634 1476 3733 1510 ι-ι
3752 1462 3820 1514 Ἐκ

2297 1547 2408 1616 γὰρ
2433 1545 2527 1599 τοῦ
2553 1545 2992 1614 περισσεύματος
3014 1547 3113 1615 τῆς
3140 1543 3370 1613 καρδίας
3398 1544 3456 1595 τὸ
3481 1546 3642 1614 στόμα
3660 1547 3816 1602 λαλεῖ.»

2306 1637 2509 1709 Περὶδὲ
2533 1637 2625 1690 τοῦ
2660 1639 2873 1691 δικαίου
2906 1639 3121 1708 εἴρηται
3141 1653 3186 1686 ἰ
3235 1636 3295 1687 '0
3310 1636 3470 1705 νόμος
3495 1636 3582 1688 τοῦ
3610 1637 3725 1692 Θεοῦ
3749 1644 3820 1693 αὖ·

2296 1729 2392 1781 τοῦ
2426 1731 2484 1780 ἐν
2509 1730 2709 1799 καρδία
2743 1730 2928 1782 αὑτοῦ.
2947 1731 3074 1790 »Ὃς
3106 1729 3201 1780 καὶ
3230 1726 3386 1780 Σιὼν
3418 1728 3704 1797 γενόμενος,
3731 1733 3822 1799 ἐρεῖ

621 1817 892 1889 iidemque
948 1819 998 1871 in
1055 1818 1336 1873 Christum
1387 1820 1690 1887 amplexus,
1750 1821 1886 1872 dicet
1945 1820 2188 1881 Domino,

2295 1820 2374 1885 τῷ
2407 1822 2600 1888 Κυρίῳ
2620 1837 2635 1852 ·
2667 1822 2809 1886 Θεός
2827 1839 2947 1889 μου
2977 1817 3032 1873 εἷ
3058 1819 3160 1882 σὺ,
3195 1820 3296 1886 τὴν
3323 1817 3416 1871 τοῦ
3440 1820 3656 1890 Χριστοῦ
3677 1825 3817 1876 πίστιν

618 1905 761 1960 Deus
804 1925 949 1962 meus
981 1925 1033 1962 es
1070 1918 1125 1960 tu
1155 1926 1174 1963 :
1215 1923 1243 1962 a
1275 1923 1385 1979 quo
1415 1910 1660 1964 vicissim
1699 1927 1714 1966 :
1752 1910 1988 1979 Populus
2044 1927 2192 1964 meus

615 2017 672 2054 es
714 2011 790 2063 tu,
843 2003 960 2071 ipse
992 2003 1199 2056 audiet.

689 2091 849 2162 582
883 2093 1045 2147 Vens.
1089 2093 1279 2146 17-23.
1327 2092 1591 2154 Excitare,
1628 2095 1901 2161 Lean-itare,
1949 2110 2189 2164 exsurge,

613 2181 937 2251 Jerusalem,
968 2201 1082 2254 qua:
1110 2185 1320 2238 ebibisti
1347 2186 1410 2238 de
1441 2203 1600 2238 manu
1627 2185 1834 2240 Domini
1857 2188 2072 2240 calicem
2098 2189 2193 2240 ira:

615 2276 768 2345 ejus;
812 2294 973 2346 usque
1020 2277 1086 2328 nd
1133 2277 1362 2345 fundum
1407 2279 1593 2330 colicis
1647 2281 1850 2346 soporis
1895 2279 2097 2342 bibisti,
2140 2289 2189 2332 et

612 2370 900 2432 eoacuasti,
924 2380 972 2423 et
1009 2388 1108 2423 non
1133 2384 1247 2423 erat
1272 2374 1358 2440 qui
1386 2371 1750 2424 consolaretur
1781 2381 1826 2425 te
1864 2387 1928 2425 ea:
1951 2372 2188 2426 omnibus

614 2460 742 2530 ﬁliis
779 2462 914 2529 tuis,
954 2479 1083 2532 quos
1110 2465 1381 2533 peperisti,
1413 2478 1519 2518 ete.

1247 2619 1399 2675 CAP.
1447 2621 1554 2675 LII.

687 2709 850 2781 583
875 2710 1044 2765 Vsus.
1072 2711 1187 2765 1-6.
1218 2711 1488 2768 Εατεὶιηνε.
1508 2712 1927 2770 excitare.Sion.
1960 2713 2188 2768 Induere

612 2805 930 2874 fortitudine
964 2805 1239 2868 tua,Sion,
1261 2815 1311 2858 et
1353 2807 1574 2858 induere
1603 2806 1777 2875 gloria
1804 2819 1917 2868 tua,
1957 2805 2183 2860 Jerusa-

613 2901 714 2955 lem
743 2902 926 2954 civitas
963 2911 1170 2954 sancta.
1218 2899 1340 2952 Non
1368 2901 1597 2968 amplius
1632 2913 1803 2970 perget
1838 2905 2065 2957 transire
2093 2920 2186 2973 per

612 3001 663 3046 te
689 2991 1111 3051 iucircumcisus,
1145 2998 1196 3044 et
1233 2991 1558 3054 immundus,
1584 3000 1690 3046 etc.

681 3192 942 3247 Absoluta
978 3190 1046 3244 de
1078 3191 1388 3245 vocatione.
1414 3191 1656 3260 gentium
1693 3192 2086 3262 disputatione,
2128 3197 2179 3250 in
2210 3209 2251 3265 (ς

607 3297 739 3352 qua,
779 3299 902 3336 cum
945 3282 1206 3350 pupulum
1245 3297 1404 3334 suum
1440 3283 1793 3350 appellasset.
1832 3284 2002 3354 legem
2034 3302 2062 3338 a
2101 3303 2179 3351 se,

607 3376 665 3421 et
688 3368 953 3433 judicium
988 3368 1040 3420 in
1078 3367 1252 3420 lucem
1284 3370 1564 3422 exoritura
1593 3371 1951 3439 signiﬁcavit;
1982 3376 2183 3429 oratio-

608 3473 733 3512 ncm
779 3457 890 3527 jam
947 3457 1015 3510 ad
1064 3455 1367 3512 Jerusalem
1433 3463 1742 3527 convertit,
1801 3464 2058 3534 illamque
2116 3482 2183 3521 eo

607 3550 786 3620 lapsu,
823 3566 982 3618 quem
1019 3550 1208 3604 ultimo
1246 3560 1369 3620 post
1413 3551 1618 3607 illatam
1651 3553 1866 3612 Chl-istc
1899 3567 2184 3614 tontume-

608 3641 739 3696 liam
796 3640 1125 3710 patiebatur,
1185 3641 1417 3694 excitari
1469 3643 1730 3711 postulat.
1789 3645 1864 3698 lta
1922 3648 2180 3703 nimirum

608 3730 753 3784 Dens
789 3745 886 3800 pro
914 3745 1012 3783 sua
1046 3730 1290 3784 bonitate
1327 3741 1383 3784 et
1427 3733 1739 3797 clementia,
1793 3738 1884 3804 qui
1928 3750 2181 3806 peccato-

608 3836 722 3874 rem
761 3821 1110 3888 resipiscere,
1145 3835 1254 3872 non
1287 3824 1466 3889 perire
1503 3823 1800 3887 desiderat,
1825 3842 1920 3882 eos
1953 3829 2019 3882 ad
2063 3846 2180 3901 pm-

609 3911 895 3967 nitentiam
956 3911 1239 3979 proposita
1294 3913 1527 3967 utilitate
1577 3915 1771 3969 invitat
1803 3918 1882 3983 ιτς
1931 3928 1986 3974 et
2036 3922 2180 3988 quod

606 4002 830 4057 excitari
877 4002 1140 4070 postulat,
1191 4010 1551 4070 spontaneum
1606 4004 1779 4062 fuisse
1811 4010 2041 4078 lapsum,
2083 4014 2179 4068 de-

609 4102 880 4148 monstrat
909 4094 972 4146 ”.
1010 4095 1064 4146 Si
1095 4094 1238 4146 enim
1269 4095 1336 4148 ab
1365 4096 1474 4149 alio
1512 4098 1891 4168 impediretur,
1927 4105 1990 4159 ad
2039 4107 2182 4163 hunc

609 4183 749 4253 ipse,
786 4198 892 4236 non
935 4182 1001 4235 ad
1043 4182 1192 4235 illam
1237 4181 1305 4237 de
1332 4188 1660 4254 exsurgendo
1703 4205 2013 4248 sermonem
2043 4196 2180 4250 diri-

608 4282 780 4342 geret.
813 4273 948 4339 Quis
990 4273 1134 4326 enim
1183 4273 1385 4340 lapsus,
1421 4277 1584 4330 etiam
1625 4279 1670 4333 si
1714 4283 2019 4339 membrum
2069 4287 2180 4342 fre-

607 4366 768 4431 gerit,
798 4379 907 4418 non
948 4365 1080 4418 tutis
1119 4364 1332 4419 viribus
1377 4369 1604 4422 excitari
1646 4385 1705 4426 se
1743 4379 2078 4434 contendat?
2114 4380 2180 4436 Et

607 4467 665 4512 tu
717 4458 903 4527 igitur,
939 4465 1200 4526 tanquam
1249 4460 1580 4516 vestimento
1608 4464 1822 4521 viribus
1857 4475 2176 4542 assumptis,

2294 1913 2584 1982 δεξάμενος
2607 1929 2622 1943 ο
2656 1913 2752 1966 καὶ
2782 1913 2914 1965 ἀκού
2925 1930 3071 1965 σεται
3103 1913 3234 1981 παρ’
3256 1910 3421 1964 αὑτοῦ
3445 1952 3458 1974 ,
3495 1912 3642 1978 Λαός
3659 1932 3756 1981 μου
3777 1914 3821 1970 εί

2294 2004 2398 2058 σύ.

2367 2094 2562 2164 ιζακγἏ
2620 2095 2961 2163 Ἐξεγείρου
2985 2137 2999 2161 ,
3046 2095 3353 2164 ἐξεγείρου
3378 2135 3394 2157 ,
3444 2094 3708 2164 ἀνάστηθι
3735 2097 3810 2152 Ἰε-

2287 2185 2636 2256 ρουσαλὴμ,
2665 2187 2703 2252 ἡ
2739 2185 2964 2238 πιοῦσα
3002 2185 3072 2238 ἐκ
3104 2187 3306 2254 χειρὸς
3337 2185 3555 2253 Κυρίου
3583 2185 3642 2239 τὸ
3671 2190 3806 2253 ποτή-
3859 2196 3868 2210 '

2285 2295 2424 2346 ριον
2448 2277 2554 2331 τοῦ
2582 2278 2772 2345 θυμοῦ
2795 2275 3006 2330 αὐτοῦ.
3025 2275 3099 2329 Τὸ
3130 2277 3421 2346 ποτήριον
3450 2279 3556 2347 γὰρ
3578 2278 3676 2346 τῆς
3699 2280 3812 2331 πτὼ-

2292 2385 2447 2435 σεως
2469 2410 2485 2434 ,
2521 2370 2588 2422 τὸ
2627 2368 2814 2422 κόνδυ
2849 2369 2956 2422 τοῦ
2995 2367 3186 2437 θυμοῦ
3229 2369 3498 2435 ἐξέπιες,
3531 2371 3622 2422 καὶ
3661 2372 3816 2433 ἐξεκέο

2293 2481 2497 2530 νωσας
2521 2480 2534 2493 °
2563 2465 2662 2516 καὶ
2693 2465 2801 2516 οὐκ
2842 2459 2921 2531 ἦν
2943 2465 2977 2515 ό
2999 2460 3370 2529 παρακαλῶν
3388 2479 3461 2516 σε
3483 2465 3594 2517 ἀπὸ
3624 2464 3814 2516 πάντων

2291 2557 2410 2609 τῶν
2437 2556 2668 2609 τέκνων
2701 2572 2837 2622 σου,
2868 2549 2957 2608 ὧν
2985 2555 3212 2619 ἔτεκες,
3248 2571 3306 2607 κ.
3333 2572 3383 2606 τ.
3417 2554 3465 2608 λ.

2860 2647 3113 2698 ΚΕΦΛΛ.
3157 2642 3288 2700 ΝΒ’.

2359 2736 2502 2800 α-ς·’.
2561 2735 2922 2805 Ἐξεγείρου,
2976 2735 3319 2805 ἐξεγείρου,
3384 2733 3548 2789 Σιών.
3581 2734 3814 2788 Ἕνδυσιιι

2289 2828 2404 2896 τὴν
2435 2827 2620 2896 ἰσχύν
2651 2844 2787 2888 σου,
2816 2827 2990 2882 Σιὼν.
3020 2826 3128 2880 Καὶ
3156 2827 3242 2879 σὺ
3273 2824 3520 2878 ἔνδυσαι
3541 2825 3645 2891 τὴν
3667 2825 3815 2889 δόξαν

2285 2940 2429 2985 σου,
2482 2921 2876 2988 Ἰερουσαλὴμ
2909 2921 3087 2985 πόλις
3117 2920 3155 2985 ἡ
3194 2919 3352 2988 ἁγία.
3385 2917 3815 2985 Οὐκέτιπροσθη-

2285 3032 2456 3068 σεται
2488 3012 2744 3066 διελθεῖν
2785 3011 2883 3065 διὰ
2935 3011 3053 3065 σοῦ
3108 3012 3510 3078 ἀπερίτμητος
3530 3049 3545 3074 ,
3577 3009 3665 3062 καὶ
3699 3007 3814 3063 ἀκά-

2285 3110 2520 3175 θαρτος,
2552 3124 2606 3158 κ.
2636 3123 2686 3157 τ.
2722 3103 2773 3156 λ.

2355 3198 2466 3268 Τὴν
2515 3197 2706 3264 κλῆσιν
2755 3193 2924 3246 είπὼν
2961 3193 3070 3246 τῶν
3103 3192 3278 3245 ἐθνῶν
3309 3196 3326 3250 (
3351 3193 3490 3260 ἅπερ
3526 3192 3643 3245 ἴδιον
3669 3191 3815 3244 ἐκάλει

2285 3291 2433 3352 λαὸν,
2460 3288 2595 3358 πρὸς
2624 3288 2660 3341 ἃ
2689 3289 2782 3340 καὶ
2808 3287 3014 3353 ἔλεγεν,
3036 3287 3119 3339 ὅτι
3135 3287 3322 3354 Νόμος
3349 3285 3476 3355 παρ’
3497 3283 3818 3353 ὲμοῦὲξελεύ-

2287 3399 2458 3443 σεται,
2477 3383 2570 3433 xui.
2592 3382 2625 3447 ἡ
2654 3378 2835 3448 κρίσις
2861 3395 2960 3446 μου
2984 3378 3065 3438 εἰς
3093 3376 3209 3444 φῶς
3235 3376 3410 3428 ὲθνῶν
3429 3380 3466 3440 ),
3485 3374 3575 3428 νῦν
3603 3391 3815 3445 προσφω-

2284 3478 2367 3528 νεῖ
2395 3477 2459 3544 τῇ
2494 3469 2848 3543 Ἰερουσαλὴμ
2874 3468 3139 3542 πεσούσῃ,
3174 3467 3527 3534 διαναστῆναι
3569 3465 3653 3517 τοῦ
3697 3465 3814 3515 πτώ-

2287 3581 2482 3634 ματος,
2518 3565 2655 3632 ὅπερ
2683 3561 2910 3630 ἔσχατον
2941 3559 3179 3611 πέπονθε
3206 3558 3358 3628 μετὰ
3391 3558 3487 3628 τὴν
3512 3557 3587 3618 είς
3626 3553 3815 3624 Χριστὸν

2284 3655 2591 3726 παροινίαν.
2624 3651 2873 3724 Χρηστὸς
2898 3651 2955 3704 δὲ
2977 3663 3000 3690 ε
3029 3651 3103 3703 ὢν
3132 3653 3160 3703 ὁ
3193 3650 3354 3712 Θεὸς,
3381 3649 3472 3701 καὶ
3507 3648 3604 3717 μὴν
3628 3647 3642 3684 ί
3670 3645 3815 3716 βουλόο

2287 3766 2443 3820 μενος
2461 3749 2550 3801 τὸν
2571 3747 2799 3800 θάνατον
2823 3743 2918 3798 τοῦ
2949 3739 3304 3813 ἁμαρτωλοῦ,
3329 3740 3402 3802 ὼς
3425 3739 3520 3808 τὴν
3548 3738 3808 3807 μετάνοιαν,

2282 3841 2377 3894 ἐπὶ
2408 3841 2609 3910 ταύτην
2649 3837 2957 3909 παρακαλεῖ
2989 3833 3200 3908 χρηστὰ
3227 3832 3566 3901 πειθομένοις
3592 3829 3813 3895 ἐπαγγελ-

2281 3933 2523 4004 λόμενος·
2544 3932 2894 4000 Ἑξετείρου,
2914 3927 3106 3994 λέγων,
3132 3925 3230 3995 τὴν
3260 3924 3504 3977 ἑκούσιον
3519 3922 3673 3990 αὐτῆς
3690 3915 3811 3970 πτῶ-

2280 4041 2386 4081 σιν
2412 4026 2605 4097 δηλῶν.
2648 4027 2709 4078 Ei
2758 4022 2866 4093 γὰρ
2900 4023 2991 4075 ὑπ’
3015 4021 3174 4074 ἄλλου
3207 4019 3512 4087 κατείχετο,
3549 4015 3720 4080 ἐκείνῳ
3741 4011 3810 4073 ἂν,

2279 4119 2394 4173 ἀλλ’
2416 4119 2515 4171 οὐκ
2549 4118 2688 4187 αὐτῇ
2716 4117 2846 4186 περὶ
2875 4114 2986 4180 τῆς
3013 4112 3306 4182 ὲγέρσεως
3335 4107 3701 4177 διελέγετο.Τίς
3727 4105 3811 4171 γὰρ

2279 4209 2503 4273 πεσὼν,
2538 4209 2641 4262 κᾶν
2675 4208 2832 4278 μέλος
2863 4205 3114 4276 πηρωθῇ,
3146 4205 3205 4257 οὐ
3236 4203 3472 4273 σπουδὴν
3493 4201 3699 4262 τίθεται,
3727 4197 3810 4248 πᾶ-

2281 4320 2380 4356 σαν
2410 4300 2668 4365 συλλέξας
2699 4300 2800 4370 τὴν
2829 4300 3082 4365 δύναμιν,
3116 4293 3491 4364 ἀναστῆναι;
3517 4292 3619 4346 Καὶ
3646 4291 3700 4342 σὺ
3721 4288 3808 4340 τοί-

2279 4412 2394 4457 νυν,
2418 4394 2493 4458 ὡς
2545 4391 2760 4463 ἱματίου
2810 4388 3106 4462 περιὸαλοῦ
3153 4387 3252 4458 τὴν
3308 4388 3460 4456 ἰσχὺν
3483 4377 3808 4438 διαναστᾶσα

2277 4485 2418 4540 κατὰ
2447 4485 2704 4538 διάνοιαν.
2759 4483 2916 4547 Λέξει
2973 4480 3082 4552 γὰρ
3141 4477 3370 4550 προῖὼν,
3409 4476 3676 4528 Ἕνδυσαι
3718 4467 3807 4534 τὴν

607 4550 790 4603 animo
830 4550 1083 4602 excitare.
1117 4548 1270 4603 Dicet
1306 4551 1452 4605 enim
1499 4565 1686 4624 postea
1724 4577 1737 4612 :
1769 4559 1997 4619 Induere
2025 4568 2179 4634 fom'.

2289 4577 2486 4646 ἰσχὺν,
2512 4575 2843 4630 Σιών.Ὥστε
2869 4574 2963 4627 νῦν
2976 4548 3376 4641 Ἰερουσαλὴμ
3407 4569 3538 4640 μήτε
3566 4566 3655 4635 τὴν
3681 4564 3805 4614 imu-

608 4640 813 4703 tudine,
849 4638 1004 4693 Sion.
1058 4637 1211 4693 Unde
1265 4655 1494 4709 apparet
1539 4646 1643 4702 hoc
1688 4649 1830 4714 loco,
1875 4652 2175 4712 Jerusalem

609 4746 716 4784 non
751 4732 1050 4792 emlestem,
1086 4745 1197 4782 non
1239 4732 1382 4798 piam
1418 4733 1566 4788 illam
1600 4737 1725 4794 vita:
1760 4744 2048 4812 rationem,
2081 4749 2176 4802 sed

608 4823 928 4878 sensibilem
963 4822 1337 4890 Romanisque
1368 4827 1642 4884 subditam
1689 4835 1965 4890 civitatem
2009 4839 2181 4910 signi-

611 4911 786 4966 ﬁcari.
820 4912 952 4976 Quae
980 4911 1101 4964 ideo
1151 4911 1370 4965 calicem
1402 4915 1604 4982 furoris
1629 4921 1742 4987 ejus
1782 4924 1975 4980 bibisse
2014 4931 2176 4985 etiam

607 5004 810 5060 dicitur
847 5021 861 5057 :
894 4991 1017 5058 cum
1079 5019 1256 5073 neque
1302 5010 1625 5078 cwlestem,
1680 5015 1735 5068 in
1789 5033 1895 5086 qua
1953 5035 2179 5090 t'egnare

612 5097 753 5153 Deus
783 5096 1017 5159 dicitur;
1059 5110 1236 5164 neque
1282 5096 1426 5164 piant
1479 5099 1628 5156 illam
1671 5104 1722 5158 in
1767 5115 1911 5163 terra
1939 5112 2063 5167 vitae
2090 5130 2179 5169 ra-

607 5191 810 5246 tionem
836 5190 988 5260 furor
1009 5197 1064 5243 et
1095 5188 1176 5241 ira
1206 5191 1499 5260 attingant.
1531 5191 1627 5249 Est
1657 5210 1838 5253 autem
1866 5202 2176 5272 hujusmodi

611 5284 922 5355 Symmachi
968 5283 1352 5349 interpretatio
1383 5300 1398 5337 :
1436 5284 1692 5343 Poculum
1724 5290 1886 5364 584
1917 5295 2013 5349 ira:
2041 5299 2176 5366 ejus,

607 5378 823 5430 calicem
851 5374 1262 5430 exulcerationis
1294 5374 1456 5428 etiam
1494 5380 1759 5452 exhausit,
1787 5403 1948 5458 neque
1982 5400 2060 5445 est
2089 5394 2178 5462 qui

607 5470 907 5525 consoletur
943 5487 1082 5525 eam.

681 5587 722 5617 “
763 5585 897 5642 Luc.
929 5605 1003 5652 XI,
1041 5591 1131 5644 55.
1209 5592 1252 5622 ¹¹
1291 5589 1436 5647 Psal.
1462 5605 1569 5656 cru,
1623 5593 1712 5652 25.

606 5672 794 5722 nam,
823 5658 912 5713 3i.
989 5662 1029 5692 ¹⁷
1068 5662 1266 5718 Ezccb.
1300 5679 1452 5728 xvm,
1484 5663 1575 5718 ‘25.

1837 5598 1880 5630 ¹³
1907 5598 2048 5656 Psal.
2088 5617 2235 5666 xm,
2296 5601 2384 5656 16.

2287 4673 2490 4743 ρὰνιον,
2533 4669 2668 4740 μήτε
2703 4669 2763 4720 τὸ
2793 4667 3043 4729 θεοσεϐὲς
3083 4664 3337 4735 εἰρῆσθαι
3391 4662 3700 4728 πολίτευμα·
3727 4651 3802 4719 τὴν

2284 4764 2545 4834 αἰσθητὴν
2593 4764 2647 4816 δὲ
2700 4763 2792 4815 καὶ
2829 4761 3096 4829 ὑπόχειρα
3126 4759 3416 4829 Ῥωμαίοις
3458 4751 3796 4824 γεγενημένην.

2285 4854 2375 4908 Διὶ)
2424 4854 2520 4906 καὶ
2569 4853 2905 4905 πεπωκέναι
2949 4850 3165 4917 λέγεται
3198 4849 3264 4902 τὸ
3297 4845 3575 4912 ποτήριον
3608 4840 3701 4894 τοῦ
3725 4840 3796 4890 0v-

2281 4945 2420 5015 μοῦ·
2453 4946 2565 5011 Τῆς
2609 4945 2719 5012 γὰρ
2769 4945 2825 4994 ἐν
2871 4941 3086 5011 οὐρανῷ
3128 4939 3226 5008 οὐχ
3276 4939 3503 5002 ἅπτεται
3539 4931 3706 5000 θυμὸς
3729 4923 3796 4978 καὶ

2281 5039 2456 5111 ὀργή·
2493 5036 2624 5099 Θεὸς
2652 5039 2760 5106 γὰρ
2788 5034 3008 5100 λέγεται
3039 5030 3340 5102 βασιλεύειν
3367 5029 3548 5092 αὐτῆς.
3567 5017 3798 5077 mro-3a

2280 5129 2375 5182 τοῦ
2397 5128 2682 5190 θεοσεϐοῦς
2704 5128 2794 5179 ἐπὶ
2823 5126 2926 5195 γῆς
2964 5125 3375 5194 πολιτεύματος.
3393 5121 3450 5173 '0
3470 5121 3524 5173 δὲ
3550 5117 3798 5186 Σύμμαχος

2277 5221 2527 5288 ἐξέδωκε,
2559 5219 2626 5272 τὸ
2657 5219 2944 5285 ποτήριον
2972 5215 3082 5270 τοῦ
3111 5213 3303 5282 θυμοῦ
3331 5211 3532 5273 αὐτοῦ,
3571 5208 3666 5262 τὸν
3685 5218 3797 5270 κρα-

2277 5312 2428 5379 τῆρα
2459 5311 2564 5365 τοῦ
2594 5308 2949 5378 σπαραγμοῦ
2990 5307 3090 5360 καὶ
3134 5303 3569 5373 ἐξεστράγγισε,
3595 5296 3683 5351 καὶ
3710 5293 3796 5346 οὐκ

2277 5402 2449 5457 ἐστὶν
2487 5406 2521 5457 ό
2559 5401 2911 5470 παρηγορῶν
2950 5398 3164 5466 αὑτήν.

3609 5586 3647 5619 ¹⁶
3679 5577 3798 5635 Psal.

2491 5603 2535 5632 “
2573 5601 2742 5656 Eccli.
2775 5617 2864 5665 xv,
2896 5600 2951 5655 9.
3058 5599 3100 5629 "
3143 5597 3273 5652 Luc.
3301 5610 3374 5658 vt,
3418 5592 3503 5647 45.

1896 5759 2133 5815 VARUE
2162 5758 2563 5816 LECTIONES.

680 5858 707 5887 ο
736 5847 965 5916 ἷσ.γάρ.
1051 5848 1178 5918 (χρ.
1224 5851 1320 5919 μή.
