3998 6390
163 363 291 430 2501

1291 373 1825 436 COMMENTARII
1857 375 1940 435 IN
1979 376 2268 439 ISAIAM.

3273 373 3417 436 2502

228 476 397 531 Τοῦτο
419 476 466 531 6'
491 479 557 533 ἂν
581 479 794 549 λέγοιτο
821 480 914 536 ἐπὶ
941 483 1036 537 τοῦ
1080 485 1264 539 πᾶσαν
1287 487 1562 558 τιμωρίαν
1594 487 1739 540 ἐκτίο

1917 486 2066 544 Istud
2097 506 2228 545 vero
2261 489 2330 545 tie
2365 489 2460 543 illo
2487 489 2724 551 dicatur,
2763 487 2852 559 qui
2904 487 2969 540 ad
3012 487 3282 542 scelerum
3327 507 3428 544 ex-

160 587 349 633 σαντος
387 570 526 642 πρὸς
573 571 840 644 κάθαρσιν
889 575 1341 647 ἁμαρτημάτων,
1376 577 1453 640 ὡς
1500 578 1593 630 ἐπὶ
1633 577 1742 630 τῶν

157 664 588 734 προσαγομένων
618 664 832 736 πικρῶν
855 663 1147 720 ἀντιδότων
1177 669 1258 731 εἰς
1288 671 1540 723 κένωσιν.
1567 670 1744 723 Λυπεῖ

154 753 284 822 γὰρ,
313 754 391 818 ὡς
441 754 649 826 ἰατρὸς,
691 757 718 808 6
762 755 897 820 Θεὸς
942 756 1043 811 οὐκ
1092 759 1255 823 αὐτὸς
1305 760 1509 828 Οέλων,
1565 760 1660 814 τοῦ
1683 762 1741 815 δὲ

153 846 480 917 πράγματος
512 848 917 916 ἀναγκάζοντος
943 866 958 882 ο
990 850 1124 921 περὶ
1156 845 1216 905 οὗ
1245 851 1531 905 λέλεκται·
1587 869 1607 903 t
1640 855 1745 907 Πο-

150 939 344 1009 τήριον
379 939 436 992 έν
467 941 610 1010 χειρὶ
652 939 861 1009 Κυρίου
892 941 1038 994 οἴνου
1075 943 1313 1014 ἀκράτου
1345 943 1551 1014 πλῆρες
1577 944 1744 1015 κερά-

151 1047 386 1102 σματος.
438 1033 547 1084 Καὶ
588 1031 803 1086 ἔκλινεν
839 1033 904 1086 ὲκ
935 1034 1126 1088 τούτου
1173 1037 1252 1099 εἰς
1293 1037 1485 1099 τοῦτο.
1543 1038 1681 1112 πλὴν
1715 1041 1745 1092 6

150 1123 383 1194 τρυγὶας
428 1124 594 1177 αὑτοῦ
640 1125 740 1178 οὐκ
792 1126 1119 1199 ὲξεκενώθη.
1172 1129 1392 1183 Πίονται
1446 1130 1649 1195 πάντες
1694 1134 1743 1186 οἱ

150 1217 472 1286 ἁμαρτωλοὶ
493 1219 592 1288 τῆς
621 1222 746 1290 γῆς.
783 1239 802 1272 ›
838 1221 1007 1274 Τοῦτο
1036 1221 1092 1274 δέ
1138 1239 1220 1275 σοι
1251 1221 1524 1294 παθούσῃ,
1552 1223 1740 1294 φησὶν,

149 1304 333 1359 οὐδέν
378 1321 477 1360 σοι
525 1310 774 1381 παρέστη
799 1311 910 1366 τῶν
956 1312 1160 1366 τέκνων
1182 1317 1739 1386 παραμυθούμενον.

151 1399 285 1452 Ὅτε
333 1399 433 1471 μὲν
463 1401 570 1473 γὰρ
612 1404 692 1465 εἰς
722 1403 1043 1475 ’Λσσυρίους
1086 1406 1434 1479 ἀπήχθησαν,
1464 1405 1611 1480 εἶχον
1660 1410 1742 1463 δι-

150 1491 343 1556 καίους
374 1495 468 1547 καὶ
508 1498 796 1566 προφήτας
825 1499 1354 1566 παρακαλοῦντας·
1389 1501 1527 1571 μετὰ
1556 1502 1612 1556 δὲ
1653 1503 1744 1557 τὸν

149 1582 495 1654 τολμηθέντα
522 1585 666 1638 κατά
693 1587 930 1657 Χριστοῦ
956 1587 1186 1642 θάνατον
1207 1628 1222 1653 ,
1255 1588 1458 1655 οὐδεὶς
1489 1589 1743 1661 θεοφιλὴς

148 1673 386 1746 εὓρηται
413 1678 544 1747 παρ’
567 1672 962 1740 αὑτοῖς.“Ησαν
988 1678 1098 1750 γὰρ
1139 1679 1620 1748 προαπελάσαντες
1646 1679 1744 1734 καὶ

145 1767 246 1820 τοῦ
272 1768 528 1840 Σωτῆρος
563 1770 692 1832 τοὺς
723 1770 972 1839 μαθητὰς
995 1772 1235 1841 πληγαῖς
1266 1772 1631 1844 αίκισάμενοι,
1661 1790 1748 1826 τι-

1850 580 2146 649 piationem
2179 581 2316 635 nihil
2348 596 2458 635 non
2499 596 2788 650 poenarum
2815 580 3150 647 exsolverit;
3186 595 3295 635 non
3329 582 3433 634 ali-

1851 681 1935 726 ter
1965 688 2130 742 quam
2165 672 2219 727 in
2252 676 2453 729 amaris
2485 673 2748 728 antidotis
2773 672 2889 727 fieri
2927 672 3204 734 videmus,
3237 672 3331 742 qui
3361 670 3431 726 ad

1850 766 2104 834 corporis
2156 767 2574 821 evacuationem
2625 766 3014 836 prapinantur.
3069 763 3234 818 Aﬂ‘ert
3283 764 3429 817 enim

1851 855 2094 912 dolorem
2125 855 2415 924 Dominus,
2450 865 2713 926 tanquam
2765 857 3030 922 medicus,
3063 873 3173 911 non
3213 865 3431 922 sponte,

1852 948 1946 1003 sed
1997 949 2074 1004 rei
2125 949 2462 1004 necessitate
2509 950 2781 1003 adductus
2829 968 2842 1004 :
2887 948 3127 1018 indeque
3176 948 3305 1002 illml
3350 957 3436 999 est

1850 1042 1996 1112 quod
2032 1041 2298 1096 scribitur
2332 1057 2346 1094 :
2383 1059 2404 1093 ‹
2433 1039 2588 1095 Calix
2620 1042 2674 1094 in
2713 1056 2877 1094 manu
2916 1040 3132 1095 Domini
3160 1039 3270 1092 vini
3299 1039 3433 1091 meri

1849 1136 2045 1204 plenus
2071 1135 2257 1189 misto.
2283 1133 2350 1188 Et
2389 1132 2676 1188 inclinavit
2710 1149 2774 1188 ex
2801 1135 2904 1189 hoc
2933 1135 2985 1188 in
3010 1134 3176 1196 illud;
3209 1148 3433 1185 verum-

1853 1236 2034 1282 tamen
2071 1227 2172 1283 faex
2201 1227 2323 1297 ejus
2372 1243 2482 1283 non
2505 1237 2590 1282 est
2634 1227 2916 1281 exinanita
2950 1245 2964 1281 :
3000 1227 3191 1281 bibent
3241 1239 3433 1279 omnes

1852 1329 2175 1390 peccatores
2231 1328 2391 1374 terra:
2427 1320 2492 1372 ¹⁶¹.
2534 1318 2728 1373 »Ιεῑιιά
2783 1327 2965 1372 autem
3023 1333 3149 1373 cum
3191 1317 3436 1386 patieba-

1852 1411 1950 1476 ris,
1985 1412 2182 1481 inquit,
2216 1427 2278 1466 ne
2307 1412 2371 1466 de
2406 1411 2529 1466 [iliis
2563 1409 2784 1480 quidem
2818 1427 2978 1475 unus,
3001 1410 3090 1481 qui
3114 1419 3161 1463 te
3183 1407 3436 1462 consola-

1850 1512 2017 1567 retur,
2044 1502 2241 1557 adluit.
2279 1501 2415 1558 Cum
2447 1504 2593 1558 enim
2628 1501 2681 1554 in
2715 1503 2999 1572 Assyriam
3032 1500 3252 1553 abducti
3283 1507 3432 1562 sunt,

1849 1595 2014 1648 etiam
2063 1603 2178 1647 tum
2224 1593 2440 1664 ju5litia
2492 1601 2546 1647 et
2594 1593 2884 1664 prophetia
2929 1590 3240 1661 insignibus
3275 1590 3432 1653 viris,

1850 1685 1943 1754 qui
1979 1685 2214 1740 alllictos
2262 1683 2720 1739 consolationibus
2761 1684 3056 1754 erigerent,
3094 1698 3201 1736 non
3242 1698 3436 1736 carue—

1850 1785 2000 1832 runt.
2039 1775 2145 1832 Sed
2178 1793 2244 1832 ex
2273 1792 2385 1847 quo
2429 1777 2636 1831 Christi
2681 1777 2882 1832 caedem
2925 1783 3336 1846 perpetrarunt,
3373 1791 3438 1830 ne

147 1862 250 1922 νὰς
277 1860 335 1912 δὲ
367 1861 463 1914 καὶ
493 1860 796 1925 ἀνελόντες.
848 1863 965 1916 Δύο
1011 1862 1081 1915 δὲ
1126 1863 1335 1927 ταῦτα,
1365 1863 1551 1934 φησὶν.
1577 1864 1740 1920 ἁνεί-

1849 1871 1998 1940 pium
2027 1870 2251 1940 quidem
2284 1886 2448 1923 unum
2488 1869 2709 1938 Deoque
2745 1870 3054 1938 placentem
3099 1884 3282 1924 secum
3336 1870 3476 1922 han

143 1950 340 2002 κειται
370 1964 492 2016 σοι,
530 1952 626 2004 καὶ
653 1951 902 2022 πολεμεῖ,
938 1952 1222 2023 συντόμως
1247 1953 1346 2017 τὰς
1380 1957 1444 2007 ὲκ
1467 1953 1559 2007 τοῦ
1587 1955 1747 2009 πολέ-

146 2061 255 2112 μου
279 2044 461 2114 δηλῶν
486 2046 792 2116 συμφοράς.
812 2046 961 2100 Ἀντί
985 2047 1042 2100 δὲ
1071 2047 1206 2110 δύο,
1233 2047 1597 2120 προϐάλλεται
1625 2049 1746 2103 τέτ-

142 2151 313 2206 ταρα.
331 2136 494 2190 Ἀλλὰ
519 2136 626 2189 τάε
658 2138 902 2208 ἑπόμενα
929 2140 1044 2202 τοῖς
1075 2137 1317 2209 πρώτοις
1349 2141 1377 2192 6
1406 2140 1746 2210 προφητικὸς

142 2229 203 2279 ἑν
230 2227 448 2292 ,τούτοις
481 2229 742 2282 συνάπτει
784 2228 1204 2298 λόγο;.”Επεται
1252 2231 1363 2302 γὰρ
1404 2231 1484 2304 τῷ
1517 2232 1614 2298 μὲν
1644 2232 1744 2285 πί-

142 2336 320 2372 πτειν
351 2322 388 2388 ἡ
422 2321 734 2388 συντριϐή.
758 2320 847 2386 Τῷ
879 2321 937 2374 δὲ
966 2319 1140 2388 λιμῷ,
1159 2319 1446 2392 μάχαιρα,
1465 2323 1608 2375 τοῦτ’
1630 2322 1745 2375 ἔστι

142 2409 400 2474 Θάνατος.
436 2412 553 2464 Δύο
580 2411 761 2464 τοίνυν
795 2413 863 2464 τὰ
895 2412 1086 2482 πρῶτα
1107 2453 1121 2477 ,
1153 2411 1363 2482 πτῶμα
1405 2413 1505 2466 καὶ
1547 2413 1742 2482 λιμὸς,

143 2505 275 2572 περὶ
306 2496 384 2556 ὧν
413 2504 442 2556 6
468 2503 646 2570 λόγος,
675 2503 840 2574 φησὶν
863 2502 898 2557 δι
919 2507 943 2543 ιι
972 2504 1057 2566 τίς
1085 2506 1113 2556 ὁ
1147 2504 1408 2558 κωλύσων
1429 2547 1444 2571 ,
1475 2506 1639 2574 φησὶν
1660 2544 1675 2568 ,
1707 2505 1740 2576 ἢ

142 2598 234 2648 καὶ
267 2595 446 2665 ψιλῶς
477 2596 1051 2664 παραμυθούμενοςς
1082 2597 1259 2666 Ἀραὶ
1293 2598 1342 2649 οἱ
1378 2597 1434 2648 ἐν
1453 2599 1534 2648 σοι
1558 2597 1746 2667 Γραμο

145 2690 340 2757 ματεῖς
378 2688 472 2740 καὶ
508 2689 830 2758 Φαρισαῖοι;
885 2687 916 2755 ἢ
965 2687 1061 2740 καὶ
1093 2687 1267 2751 ἄλλως
1297 2689 1543 2754 δυνατοί;
1591 2689 1744 2743 Ἀλλ’

147 2782 256 2834 ἰδοὺ
287 2782 384 2834 καὶ
413 2781 546 2852 περὶ
579 2779 788 2833 ἑαυτῶν
810 2780 1204 2836 κινδυνεύουσι.
1234 2781 1607 2836 Καθεύδουσι
1633 2782 1743 2852 γὰρ

142 2874 348 2927 ἐπάνω
374 2873 583 2938 πάσης
607 2873 848 2937 ἐξόδου.
886 2873 994 2927 Τοῦ
1025 2872 1295 2944 πολέμου
1327 2874 1435 2944 γὰρ
1459 2877 1740 2946 κατασκή-

143 2967 378 3036 ψαντος,
407 2967 504 3031 τὰς
546 2969 648 3038 τῆς
700 2968 885 3038 χώρας
937 2967 1199 3038 ἐσχατιὰς
1249 2968 1632 3035 κατελάϐοντο,
1663 2969 1745 3022 ἶν’

144 3055 254 3112 εἷεν
280 3062 496 3130 ἕτοιμοι
527 3062 664 3133 πρὸς
697 3060 898 3130 φυγὴν,
928 3061 990 3114 οὐ
1038 3062 1176 3132 πρὸς
1206 3061 1545 3131 ἀπόκρουσιν
1578 3063 1744 3133 ὲγρη-

143 3153 370 3224 γορότες
398 3161 604 3219 κακῶν,
625 3152 777 3223 φόϐῳ
794 3153 850 3205 δὲ
876 3153 1198 3224 παρειμένοι
1219 3154 1471 3224 καθάπερ
1488 3154 1551 3206 ἐκ
1571 3154 1744 3223 μέθης

143 3245 219 3310 ὡς
284 3244 577 3297 σεύτλιον
619 3245 932 3313 ἡμίεφθον.
971 3243 1128 3296 Κατά
1182 3244 1238 3296 δὲ
1284 3243 1615 3314 Σύμμαχονο
1677 3247 1742 3298 Ol

139 3336 260 3390 υἱοί
303 3352 421 3389 σου
443 3336 864 3404 ἐπορεύθησαν
877 3335 1156 3403 ἀγόμενοι
1176 3334 1268 3387 ἐπ’
1284 3333 1477 3404 ἀρχῆς
1501 3333 1744 3388 πάντων

139 3427 617 3497 ἁμφιϐλήστρων
667 3428 749 3492 ὠς
797 3425 944 3494 όρυξ
1001 3427 1072 3479 ἐν
1121 3427 1574 3496 ἀμφιϐλήστρῳ.
1633 3426 1744 3479 Καὶ

138 3519 287 3572 κατά
329 3520 458 3580 τοὺς
501 3519 724 3581 λοιποὺς
764 3517 840 3582 δὲ,
873 3517 995 3571 ἀντὶ
1034 3517 1152 3584 τοῦ,
1183 3519 1264 3583 ὼς
1295 3519 1741 3588 σεύτλιονιήμί-

137 3615 350 3680 εςθον,
381 3612 463 3675 ὠς
487 3610 634 3677 ὄρυξ’
655 3609 1320 3678 ἡμφιϐληστρευμένος,
1351 3609 1384 3679 ἢ
1410 3613 1740 3677 συνειλημ-

133 3704 344 3772 μένος,
371 3705 608 3774 εἴρηται.
629 3703 687 3757 Ὃ
707 3703 762 3755 δὲ
788 3702 935 3771 ὄρυξ’
963 3702 1150 3774 ὅρνεόν
1177 3704 1346 3768 ἐστιν,
1373 3695 1417 3770 ᾦ
1451 3701 1738 3773 παραϐάλ-

141 3796 219 3848 λει
253 3798 384 3858 τοὺς
421 3796 574 3860 υἱοὺς
607 3793 969 3866 Ἰερουσαλὴμ
1019 3793 1451 3864 ἀμφιϐλήστρῳ
1490 3793 1738 3847 διαϐόλου

139 3887 599 3960 περιϐληθέντας.
633 3890 725 3942 Διδ
763 3891 859 3943 καὶ
893 3888 973 3960 τῷ
1006 3885 1170 3958 θυμῷ
1205 3887 1614 3958 παρεδόθησαν.

1847 1962 2105 2017 buerunt.
2136 1959 2292 2032 Ipsos
2323 1961 2470 2017 enim
2506 1959 2811 2014 Salvatoris
2855 1961 3022 2014 etiam
3069 1957 3371 2029 discipulos
3405 1975 3436 2013 a

1844 2071 1906 2114 se
1954 2057 2234 2128 imprimis
2301 2057 2634 2127 abegerunt,
2680 2055 2810 2110 dum
2859 2055 3035 2125 plagis
3085 2055 3247 2120 alios,
3297 2055 3437 2108 alios

1845 2150 2008 2204 etiam
2038 2160 2214 2204 morte
2247 2151 2482 2220 turpiter
2511 2148 2831 2205 aﬂ‘ecerunt.
2868 2147 2974 2203 Sed
3003 2147 3195 2212 habes,
3223 2145 3436 2216 adjicit,

1843 2245 1951 2297 ista
2001 2243 2106 2296 duo
2164 2243 2260 2296 tibi
2300 2244 2600 2305 contraria,
2649 2251 2705 2297 et
2756 2241 3013 2308 hostilia;
3051 2240 3126 2294 ita
3174 2241 3434 2306 breviter,

1845 2349 1966 2403 qua:
1994 2333 2138 2386 bella
2170 2342 2500 2403 sequuntur,
2534 2333 2879 2388 calamitates
2910 2329 3190 2386 indicans.
3227 2331 3432 2386 Verum

1842 2441 1940 2495 pro
1980 2426 2210 2490 duobus,
2248 2436 2487 2496 quatuor
2527 2427 2793 2498 propheta
2836 2427 3114 2496 proponit,
3149 2425 3276 2479 dum
3313 2440 3436 2493 quze

1845 2519 2030 2587 priora
2059 2519 2168 2572 duo
2197 2527 2632 2589 consequantur,
2662 2518 2832 2571 altera
2868 2517 3168 2570 connectit.
3206 2513 3434 2568 Ruinam

1843 2609 2112 2677 siquidem
2183 2609 2302 2679 ipsa
2375 2609 2738 2678 consequitur
2793 2608 3079 2670 contritio,
3139 2606 3437 2676 famemque

1845 2700 2083 2769 gladius,
2137 2715 2248 2768 quo
2305 2714 2456 2753 mors
2505 2700 2774 2754 innuitur.
2827 2700 2946 2754 Duo
2995 2700 3164 2770 igitur
3223 2700 3432 2768 priora,

1845 2791 2057 2843 ruinam
2087 2801 2134 2843 et
2158 2789 2373 2859 famem,
2402 2789 2467 2845 de
2496 2793 2695 2861 quibus
2719 2807 2901 2845 sermo
2932 2799 3036 2852 est,
3062 2790 3208 2859 quis,
3229 2790 3432 2860 inquit,

1845 2883 2024 2936 valeat
2069 2898 2281 2948 arcere,
2328 2883 2414 2936 vel
2468 2883 2572 2937 levi
2626 2884 2791 2937 etiam
2849 2881 3214 2936 consolatione
3271 2882 3436 2934 miti—

1843 2976 2008 3046 gare?
2037 2977 2232 3029 Annon
2293 2977 2386 3044 qui
2424 2985 2602 3030 tecum
2658 2983 2789 3029 sunt
2827 2975 3034 3030 Scriba:
3065 2983 3118 3028 et
3151 2973 3431 3039 l’harisazi,

1845 3078 1940 3124 aut
1972 3069 2135 3126 etiam
2174 3069 2270 3138 qui
2317 3069 2424 3121 alia
2468 3068 2730 3122 facultate
2769 3068 3088 3123 excellunt?
3131 3066 3240 3122 Sed
3279 3082 3429 3131 ecce,

1769 3199 1815 3261 ο
1846 3160 1952 3228 ipsi
1981 3160 2146 3214 etiam
2189 3158 2244 3212 in
2301 3159 2550 3225 periculo
2582 3166 2900 3223 versantur,
2936 3159 3028 3229 qui
3072 3159 3126 3211 in
3173 3159 3434 3225 capitibus

1847 3251 2056 3304 viarum
2088 3250 2326 3304 omnium
2354 3249 2651 3304 dormiant.
2693 3249 2848 3304 Bello
2879 3250 3024 3304 enim
3061 3249 3348 3318 ingruente
3375 3248 3433 3304 in

1849 3342 2104 3413 regiones
2131 3350 2409 3397 extremas
2435 3356 2496 3398 se
2533 3348 2882 3412 receperant,
2918 3348 2976 3394 ut
3017 3347 3206 3396 essent
3245 3339 3312 3394 ad
3346 3337 3432 3393 lu-

1848 3449 1969 3502 gam
2002 3435 2419 3505 capessendam,
2455 3451 2564 3490 non
2617 3437 2684 3490 ad
2739 3437 2881 3490 mala
2931 3435 3223 3490 devitanda
3271 3449 3419 3504 para-

1847 3527 2042 3588 tiores,
2079 3533 2226 3578 metu
2281 3527 2420 3595 ipso,
2451 3525 2736 3581 ebriorum
2787 3541 2962 3590 more,
3007 3535 3259 3595 tauquam
3311 3523 3431 3578 beta

1846 3617 2148 3681 scmicocta,
2181 3615 2337 3671 l‘racti
2373 3626 2428 3672 et
2459 3617 2701 3673 remissi.
2739 3616 2914 3672 liabet
2958 3625 3142 3670 autem
3185 3618 3241 3670 in
3283 3615 3430 3669 hunc

1848 3708 2069 3761 modum
2091 3705 2408 3774 Symmachi
2445 3707 2834 3778 interpretatio
2867 3725 2881 3761 :
2919 3705 3050 3760 Filii
3089 3707 3166 3760 tui
3185 3706 3431 3760 ambula-

1846 3808 2030 3852 verunt
2061 3797 2208 3850 ducti
2231 3798 2286 3850 in
2310 3799 2571 3867 principio
2596 3798 2960 3862 reticulorum,
2985 3796 3146 3868 585
3176 3807 3430 3866 tanquam

1840 3877 1998 3960 oryx.
2044 3888 2243 3944 Caeteri
2305 3905 2455 3956 vero,
2491 3905 2591 3960 pro
2637 3905 2749 3960 quo
2799 3899 3051 3959 tanquam
3101 3891 3218 3943 beta
3267 3891 3427 3943 serui-

137 3999 291 4040 cocta
337 3987 626 4051 habemus,
669 3996 924 4055 tanquam
965 4001 1098 4056 oryx
1139 3985 1409 4050 interitus,
1443 3991 1540 4038 aut
1587 3985 1970 4054 circumseptus
2018 3985 2302 4042 dixerunt.
2339 3985 2506 4056 Orygi
2545 3994 2752 4049 autem,
2807 3986 2861 4040 id
2922 3993 3007 4040 est
3060 3984 3170 4050 avi,
3232 3981 3430 4038 Hiero-

137 4080 506 4150 solymitanos
557 4087 863 4148 comparat,
911 4079 1058 4148 quod
1109 4078 1220 4133 sint
1266 4076 1470 4130 diaboli
1524 4078 1726 4131 retibus
1762 4077 2052 4150 implicati,
2085 4087 2140 4134 et
2169 4079 2239 4134 ob
2269 4078 2323 4134 id
2356 4079 2531 4149 furori
2561 4080 2772 4134 traditi.

231 4175 380 4226 Ἀντὶ
429 4173 486 4226 δὲ
537 4170 633 4224 τοῦ
662 4212 678 4238 ,
743 4175 776 4226 ό
835 4173 1058 4242 κρίνων
1119 4173 1226 4227 τὸν
1290 4170 1448 4225 λαὸν
1509 4171 1731 4226 αὐτοῦ·

137 4267 462 4336 Σύμμαχος,
503 4263 922 4334 ὺπερμαχήονει
973 4263 1107 4333 φησὶ⁸
1160 4261 1268 4316 τοῦ
1317 4261 1472 4317 λαοῦ
1523 4262 1732 4317 αὐτοῦ.

136 4358 215 4410 Τὸ
266 4357 323 4410 δὲ
360 4357 588 4427 εἴληφα
619 4356 765 4409 τοῦτ’
805 4355 924 4409 ἐστι
975 4355 1270 4425 λήψομαι.
1308 4354 1735 4424 Ἐπαγγέλλεται

137 4454 252 4522 γὰρ
275 4451 501 4520 ἀνήσειν
539 4450 648 4504 τὸν
669 4449 864 4527 θυμὸν
913 4448 1144 4522 ποιούσῃ
1163 4448 1232 4502 τὰ
1262 4447 1733 4519 προσταττόμενα,

1915 4170 2189 4228 Caeterum
2227 4172 2320 4228 ubi
2346 4173 2668 4244 quijudicat
2701 4171 2950 4241 populum
2978 4185 3131 4223 suum
3159 4167 3426 4239 legimus!

1840 4281 1937 4336 pro
1983 4264 2178 4334 populo
2210 4279 2308 4318 suo
2347 4262 2637 4317 decertabit
2683 4261 3050 4332 Symmachus
3097 4259 3425 4326 interpreta-

1842 4364 1953 4412 tur.
2005 4355 2276 4411 Praaterea
2325 4369 2450 4408 cum
2503 4354 2706 4422 sumpsi
2752 4351 2926 4416 dixit,
2980 4359 3311 4417 sumpturum
3363 4363 3429 4404 se

1840 4445 2194 4517 signiﬁcavit.
2239 4444 2310 4500 Se
2349 4446 2496 4499 enim
2539 4443 2604 4497 de
2643 4443 2824 4512 furore
2862 4442 3224 4496 remissurum
3259 4439 3422 4510 polli-

139 4544 289 4613 ἆπερ
336 4537 404 4612 ἦν
445 4541 784 4612 ἐξεγείρου,
831 4539 1153 4609 ἐξεγείρου.
1209 4539 1575 4608 Έπιμένουσα
1624 4539 1736 4609 γὰρ

1846 4550 2021 4602 cetur,
2053 4538 2098 4592 si
2149 4552 2271 4607 qua
2297 4535 2482 4591 verbis
2521 4536 2645 4590 istis
2691 4535 2943 4596 excitare,
2977 4533 3210 4587 excitare
3249 4531 3424 4600 impe-

140 4637 208 4705 τῇ
265 4633 478 4686 πτώσει
511 4674 527 4697 ,
593 4633 743 4686 αἰτία
788 4631 940 4685 ἔσται
985 4634 1084 4703 τῆς
1149 4631 1258 4684 τῶν
1308 4631 1736 4701 ἐπηγγελμένων

141 4725 459 4788 κωλύσεως.
477 4724 730 4778 Τοιοῦτον
754 4724 851 4778 καὶ
876 4723 966 4777 τό⁸
1002 4742 1022 4776 ς
1049 4721 1142 4794 Μὴ
1170 4725 1198 4777 6
1229 4723 1445 4776 πίπτων
1483 4723 1583 4776 οὐκ
1613 4721 1735 4779 ἀνί-

143 4833 370 4880 σταταις
420 4815 456 4885 ἢ
508 4815 537 4868 ὁ
583 4813 946 4884 ἀποστρέφων
965 4813 1066 4866 οὐκ
1121 4812 1477 4884 ὲπιστρέφει;
1511 4813 1630 4866 Ἰνα
1684 4812 1739 4866 τί

142 4906 525 4975 ἀποστρέφετε
575 4903 929 4974 ἀποστροφὴν
970 4901 1199 4972 ἀναιδῆ;
1254 4902 1404 4970 λέγει
1459 4900 1685 4972 Κύριος.
1716 4919 1734 4952 ι

141 5001 372 5070 Μήποτε
396 4999 454 5051 δὲ
485 4998 683 5069 μηκέτι
717 4995 971 5061 πιεῖσθε,
1004 4995 1140 5066 φησὶ
1163 5034 1179 5058 ,
1211 4993 1301 5047 διὰ
1328 4993 1428 5064 τὴν
1458 4994 1546 5047 ἐπ’
1570 4995 1736 5064 ἐσχά-

142 5110 250 5144 των
267 5088 834 5161 ὲπιστροφήν.Ἔλεγε
857 5087 987 5158 γὰρ,
1007 5106 1026 5138 α
1049 5085 1430 5156 Ἐπιλήσονται
1449 5087 1544 5156 τὴν
1557 5085 1737 5155 θλίψιν

141 5184 328 5237 αὐτῶν
348 5182 446 5255 τὴν
465 5182 710 5254 πρώτην,
737 5201 755 5234 ι
780 5183 874 5234 καὶ
892 5182 960 5234 τὰ
986 5178 1445 5249 έξῆς.Ποτήριον
1466 5179 1522 5232 δὲ
1548 5179 1733 5233 καλεῖν

143 5276 266 5339 ἔρος
299 5274 412 5328 ἐσθ’
436 5277 526 5328 ὅτε
558 5277 625 5344 τῇ
651 5273 769 5344 Θείᾳ
792 5273 981 5344 Γραφῇ
1007 5272 1068 5324 τὸ
1094 5270 1578 5339 ἀνταποδιδόμενον
1598 5271 1730 5338 ἀγα-

144 5369 278 5433 θοῖς,
298 5368 333 5439 ἢ
358 5369 570 5434 κακοῖς,
597 5367 673 5430 ὠς
706 5365 862 5438 παρὰ
887 5365 966 5436 τῷ
1001 5364 1166 5418 Δαϐίδ
1185 5381 1198 5394 ·
1235 5383 1254 5415 t
1284 5362 1426 5433 Πῦρ,
1446 5363 1541 5415 καὶ
1566 5361 1728 5428 Θεῖον,

143 5464 241 5512 καί
287 5458 511 5528 πνεῦμα
549 5457 885 5528 καταιγίδος,
927 5458 961 5529 ὴ
1011 5457 1172 5528 μερὶς
1203 5454 1299 5509 τοῦ
1331 5453 1594 5526 ποτηρίου
1627 5455 1729 5508 αὑ-

217 5620 264 5655 ⁸⁸
290 5620 440 5676 Psal.
481 5636 662 5686 Lxxw,
689 5619 743 5676 9.
840 5619 883 5652 ¹⁹
913 5617 1115 5674 Jercm.
1155 5633 1274 5682 vnl,
1303 5617 1360 5684 4,
1391 5616 1448 5674 5.

1842 4639 1960 4682 rata
1995 4637 2142 4694 sunt,
2179 4631 2300 4699 ipsa
2345 4628 2686 4698 praestiterit.
2721 4626 2872 4681 Alias
2908 4625 3053 4678 enim
3089 4624 3135 4678 si
3179 4623 3332 4692 lapsa
3362 4637 3425 4678 se

1839 4739 1950 4778 non
1989 4725 2251 4791 erexerit,
2292 4721 2648 4778 denuntiatas
2687 4721 2743 4775 in
2776 4737 2835 4776 se
2867 4733 3054 4790 ptenas
3087 4731 3209 4772 esse
3250 4723 3422 4769 attra-

1838 4825 2076 4870 cturam.
2130 4813 2262 4870 Tale
2309 4823 2392 4870 est
2440 4824 2497 4869 et
2542 4811 2678 4867 illud
2717 4831 2731 4868 :
2773 4832 2791 4864 ι
2829 4810 3023 4866 Nonne
3075 4809 3168 4880 qui
3222 4807 3421 4864 cecidit

1837 4905 2092 4976 erigitur,
2138 4914 2232 4960 aut
2285 4906 2380 4976 qui
2430 4903 2732 4968 aberravit,
2782 4903 2837 4956 in
2896 4901 3040 4954 viam
3094 4895 3422 4953 revertitur?

1838 4998 2024 5066 Quare
2053 4998 2364 5054 avertimini
2397 4996 2685 5052 aversione
2719 4991 3048 5063 impudenti,
3077 4989 3211 5045 dicit
3234 4987 3421 5041 Domi-

1837 5106 1944 5147 nus
1987 5092 2053 5146 ”.
2084 5109 2105 5144 ›
2159 5090 2346 5162 Neque
2395 5104 2527 5144 vero
2576 5087 2873 5156 deinceps,
2928 5082 3136 5154 inquit,
3182 5078 3418 5148 amplius

1836 5183 2018 5241 bibetis
2039 5225 2053 5249 ,
2076 5183 2338 5238 nimirum
2370 5188 2594 5252 propter
2623 5179 2961 5235 eversionem
2980 5169 3420 5240 extremamqu-

1835 5272 1992 5325 cebat
2009 5273 2154 5327 enim
2175 5287 2190 5324 :
2218 5290 2235 5324 ι
2259 5271 2668 5326 Obliviscentur
2695 5269 2883 5338 prima:
2897 5280 3008 5320 suae
3025 5258 3363 5321 amictionis,
3389 5276 3409 5308 ι

1835 5371 1889 5416 et
1929 5379 2050 5433 quae
2088 5363 2369 5433 deinceps.
2404 5361 2498 5418 Est
2539 5376 2705 5432 porro
2738 5359 3035 5428 Scriptum
3073 5367 3244 5410 sacrae
3281 5350 3417 5404 visi-

1838 5461 2012 5510 tatum
2041 5457 2188 5528 quod
2220 5456 2381 5514 bonis
2420 5463 2515 5510 aut
2554 5449 3091 5521 malis'repcnditur,
3136 5445 3189 5502 id
3234 5443 3415 5515 ipsum

1452 5725 1689 5788 VARIAE
1729 5724 2134 5782 LECTIONES.

215 5834 242 5876 ε
277 5827 366 5880 ῑσ.
399 5825 523 5898 γάρ.
604 5821 629 5861 ¹³
653 5824 758 5893 ἀφ.
796 5824 958 5893 φησὶν
983 5821 1038 5876 ἆ.
1121 5823 1135 5863 ἰ
1172 5838 1262 5890 γρ.
1297 5817 1424 5893 ἆρα.
