3998 6390
627 413 766 475 2503

1957 410 2272 472 PROCOPI
2283 411 2306 470 Ι
2346 409 2587 472 GAZ/EI

3697 414 3808 485 erat

579 506 588 514 ’
627 527 844 580 calicem
875 524 1147 595 appellare
1179 543 1192 580 :
1228 525 1390 595 quale
1422 533 1508 580 est
1543 524 1685 595 apud
1723 523 1982 578 Davidem
2015 521 2151 576 illud
2179 540 2192 577 ε

2306 523 2413 578 τοῦ.
2448 544 2466 575 ι
2506 525 2564 576 Ὀ
2587 524 2645 576 δὲ
2671 524 2878 587 δίκαιος
2904 521 3051 589 λέγει
3074 537 3089 552 ⁸
3125 541 3142 572 ι
3174 518 3432 591 Ιιοτήριον
3475 530 3714 596 σωτηρῗου
3737 534 3810 601 λῇ.

632 639 652 672 ι
693 617 864 690 Ignis,
895 618 1152 688 sulphur,
1181 627 1235 672 et
1280 618 1506 687 spiritus
1531 617 1804 688 procellae,
1852 631 1978 686 pars
2013 615 2202 669 calicis

625 711 748 782 ejus
777 711 844 764 '°.
873 729 893 762 ι
927 708 1070 764 Justi
1107 708 1304 764 deinde
1329 709 1602 776 ejusmodi
1642 709 1808 762 verba
1834 714 1965 762 sunt
1994 725 2007 760 :
2047 725 2066 758 ι
2095 704 2203 760 Ca-

625 803 786 858 licem
833 803 1096 858 salutaris
1143 802 1432 872 accipiam,
1459 810 1515 856 et
1549 815 1748 854 nomen
1799 797 2012 853 Domini
2051 799 2205 852 invo-

625 896 763 950 cabo
795 896 861 947 ".
897 913 915 944 ι
967 892 1100 964 Ejus
1147 909 1282 962 ergo
1332 894 1614 958 hostibus,
1684 892 1906 962 illisque
1952 890 2120 960 ipsis,
2171 904 2204 944 a

623 987 828 1058 quibus
852 985 1109 1054 injuriam
1143 1001 1300 1054 pass'a
1332 994 1437 1052 est,
1467 986 1654 1039 datum
1687 985 1754 1039 iri
1788 984 2006 1038 calicem
2032 981 2204 1052 signi-

623 1078 784 1143 ﬁcat,
818 1077 1073 1147 indeque,
1103 1088 1152 1130 et
1191 1089 1384 1145 ponam
1416 1092 1534 1129 eum
1578 1077 1633 1129 in
1664 1092 1854 1129 manus
1884 1089 2087 1139 eorum,
2111 1071 2202 1142 qui

623 1183 674 1226 te
720 1172 898 1240 patria
944 1171 1282 1238 expulerunt,
1349 1170 1566 1238 adjecit.
1617 1168 1944 1234 Quanquam
1990 1174 2048 1220 et
2097 1164 2201 1218 ista

621 1265 785 1319 etiam
815 1263 882 1318 de
915 1264 1250 1318 adversariis
1289 1263 1653 1332 potestatibus
1683 1261 1788 1314 dici
1826 1267 2051 1329 queant,
2087 1257 2204 1326 qui-

621 1357 726 1411 bus
753 1371 812 1410 se
847 1357 985 1424 ipsa,
1011 1370 1130 1424 qua:
1157 1370 1187 1407 a
1218 1355 1330 1408 Deo
1357 1354 1574 1418 defecit,
1621 1354 1804 1407 anima
1841 1350 2198 1419 mancipavit,

621 1448 769 1502 unde
799 1447 1100 1502 humilibus
1147 1447 1309 1501 rebus
1355 1447 1571 1500 addicta
1603 1447 1655 1498 in
1688 1454 1888 1499 terram
1927 1452 2102 1504 nutat,
2139 1457 2201 1496 ac

619 1540 845 1594 tandem
887 1537 1139 1608 praesidio
1172 1539 1460 1603 destituta,
1502 1540 1770 1591 victorum
1809 1537 2036 1606 pedibus
2070 1549 2204 1587 con-

620 1633 892 1694 culcatur,
927 1648 1052 1685 cum
1085 1646 1206 1700 quae
1240 1629 1410 1683 Deum
1451 1631 1725 1698 sequitur,
1756 1637 1937 1685 erecta
1980 1643 2201 1681 sursum

619 1725 814 1778 oculos
843 1723 1081 1785 attollat,
1113 1733 1162 1776 et
1192 1721 1258 1774 ad
1294 1722 1472 1791 ipsum
1507 1722 1788 1775 evehatur.
1821 1719 2075 1773 Nonnulli
2110 1733 2204 1787 per

618 1813 799 1881 inique
838 1811 1013 1880 ipsam
1055 1810 1376 1878 opprimente
1421 1808 1679 1862 doctores
1718 1825 1815 1861 eos
1863 1808 2200 1874 intelligunt,

619 1907 713 1977 qui
743 1906 991 1959 eamdem
1023 1917 1172 1958 recto
1197 1903 1332 1973 pede
1360 1903 1644 1956 ambulare
1676 1917 1783 1954 nou
1814 1902 2198 1970 permiserunt.

619 1994 840 2062 Quanto
879 1996 1025 2049 enim
1063 1995 1194 2049 luxu
1229 2001 1283 2048 et
1321 1994 1492 2064 gloria
1543 1992 1778 2061 amplius
1827 1991 2198 2056 abundabant,

619 2096 774 2142 tanto
803 2095 859 2142 et
898 2087 1007 2158 ipsi
1045 2101 1241 2156 pwnas
1285 2085 1603 2139 acerbiores
1650 2083 1939 2144 dederunt,
1969 2083 2060 2152 qui
2109 2083 2198 2148 iis,

618 2193 742 2247 quae
772 2177 1067 2240 habebant,
1102 2176 1299 2245 privati
1345 2176 1479 2229 sint.
1513 2173 1608 2229 Est
1643 2191 1776 2229 vero
1815 2175 1883 2229 de
1918 2175 1986 2228 iis
2011 2174 2199 2238 etiam,

619 2274 717 2341 qui
759 2274 976 2328 ratione
1011 2271 1176 2342 586
1216 2273 1547 2340 intelligibili
1579 2272 1836 2339 injuriam
1871 2271 2199 2333 intulerunt,

619 2367 770 2422 Pauli
822 2364 1022 2421 istud:
1059 2383 1078 2416 ι
1121 2363 1278 2430 Quod
1334 2365 1380 2419 si
1409 2372 1660 2433 opertum
1711 2375 1794 2417 est
1845 2360 2200 2431 Evangelium

621 2467 903 2524 nostrum,
933 2458 988 2512 in
1016 2457 1108 2522 iis,
1149 2457 1242 2526 qui
1280 2464 1529 2525 pereunt,
1563 2465 1814 2525 opertum
1853 2462 1962 2518 est,
1991 2454 2047 2507 in
2090 2452 2205 2523 qui-

620 2550 728 2604 bus
756 2549 904 2603 Deus
928 2547 1094 2616 hujus
1114 2546 1302 2601 saeculi
1325 2545 1620 2600 excazcavit
1641 2551 1852 2598 mentes
1878 2541 2200 2604 inﬁdelium,

620 2651 681 2696 ut
726 2653 833 2694 non
879 2637 1080 2703 fulgeat
1131 2635 1462 2690 illuminatin
1507 2633 1789 2704 Evangelii
1838 2633 2022 2702 gloria:
2054 2633 2206 2685 Chri-

621 2734 691 2786 sti
727 2731 795 2783 ".
825 2749 844 2781 ι
868 2729 999 2782 Tale
1035 2728 1163 2798 quid
1195 2727 1472 2796 significat
1501 2737 1556 2780 et
1585 2725 1716 2778 illud
1748 2725 2015 2777 innnundi
2037 2723 2204 2792 spiri-

621 2835 732 2885 tus,
773 2822 864 2890 qui
913 2835 1036 2874 cutu
1089 2826 1298 2886 septem
1344 2817 1468 2870 aliis
1501 2815 1888 2886 ncquioribus,
1927 2829 2012 2878 eo,
2058 2814 2204 2868 unde

623 2915 856 2976 exierat,
886 2926 1141 2965 reversus
1189 2921 1274 2964 est
1307 2909 1374 2963 ".
1415 2909 1505 2961 Ait
1553 2908 1743 2962 enim:
1782 2927 1801 2959 ι
1837 2907 1931 2962 Sic
1978 2910 2081 2961 erit
2108 2924 2203 2978 ge-

623 3005 893 3059 nerationi
937 3002 1064 3056 huic
1107 3001 1175 3054 “.
1214 3020 1232 3052 ι
1283 3001 1420 3054 Cum
1457 3001 1603 3054 enim
1641 2999 1698 3054 in
1741 2998 1979 3074 {Egypto
2013 2999 2206 3069 impie-

623 3099 720 3152 tati
755 3111 817 3151 se
842 3095 1209 3157 dedidissent,
1249 3093 1398 3147 domi
1431 3101 1485 3147 et
1521 3093 1626 3164 ipsi
1669 3093 1926 3163 Spiritum
1969 3108 2203 3162 nequam

621 3186 863 3252 alebant,
900 3201 1078 3256 eoque
1113 3196 1221 3238 tam
1255 3185 1324 3239 iis
1355 3185 1576 3238 liberari
1609 3185 1860 3254 contigit.
1890 3199 2012 3238 cum
2045 3202 2063 3234 ι
2095 3182 2202 3236 Do-

623 3278 832 3332 minum
862 3275 1030 3331 Deum
1064 3283 1216 3328 tuum
1253 3275 1532 3336 adorabis,
1556 3285 1610 3330 et
1637 3275 1717 3328 illi
1744 3276 1832 3327 uni
1858 3276 2062 3328 servies
2083 3275 2151 3340 ",
2178 3293 2196 3326 ι

623 3369 941 3424 audierunt.
977 3366 1201 3430 Deinde,
1227 3382 1352 3419 cum
1390 3365 1674 3420 Christum
1717 3368 1862 3419 domi
1907 3382 2004 3436 per
2047 3367 2204 3420 fidem

624 3475 733 3514 non
764 3458 1136 3526 excepissent,
1165 3456 1219 3508 in
1262 3470 1386 3508 eum
1427 3456 1603 3510 locmu
1642 3472 1804 3526 quem
1845 3465 2008 3510 antea
2038 3456 2203 3524 spiri-

623 3561 714 3607 tus
756 3550 1073 3605 immundus
1115 3549 1442 3619 occupabat,
1479 3554 1773 3616 postquam
1824 3547 2060 3616 relinqui
2107 3561 2204 3598 va-

621 3659 789 3699 cuum
828 3651 977 3698 esset
1032 3643 1291 3709 intuitus,
1335 3650 1391 3697 et
1434 3643 1551 3712 ipse
1588 3656 1812 3696 rursum
1857 3640 2076 3708 irrupit,
2112 3637 2203 3708 qui

622 3735 792 3790 etiam
856 3735 910 3788 in
969 3735 1309 3804 proditorem
1370 3742 1496 3804 post
1557 3733 1861 3788 buccellam
1919 3733 2205 3797 ingressus

624 3826 827 3880 fuerat.
876 3825 1047 3880 Malas
1100 3826 1239 3880 istas
1289 3834 1592 3895 potestates
1642 3825 1698 3877 in
1744 3822 2206 3892 profumlissunas

624 3915 830 3970 inferni
864 3923 1054 3984 partes
1085 3914 1207 3968 ideo
1237 3913 1461 3968 demisit
1492 3913 1770 3976 Salvator,
1803 3911 1949 3980 quod
1994 3917 2207 3970 animas

626 4010 682 4064 in
717 4016 923 4060 terram
971 4006 1207 4076 deprimi
1255 4005 1649 4074 incurvat-ique
1696 4007 1986 4072 fecissent,
2027 4011 2206 4078 qualis

625 4099 720 4154 illa
755 4097 861 4152 fuit
893 4112 1017 4168 qua:
1047 4095 1268 4167 penitus
1307 4097 1499 4150 oculos
1541 4098 1792 4152 attollere
1827 4114 1936 4153 non
1969 4110 2205 4169 poterat,

625 4206 791 4262 quam
849 4191 904 4244 in
958 4189 1293 4260 Evangelio,
1339 4203 1463 4242 cunt
1519 4191 1818 4244 Abrahami
1875 4192 1982 4246 lilia
2036 4205 2239 4258 esset,

625 4285 817 4338 decem
847 4291 901 4335 et
929 4289 1056 4335 octo
1086 4295 1357 4335 annorum
1390 4282 1569 4351 spatio
1597 4283 1650 4335 in
1680 4283 1917 4336 vinculis
1949 4284 2209 4340 habuisse

627 4371 890 4425 Satanam
939 4368 1199 4424 Salvator
1250 4370 1542 4423 allirmavit
1575 4369 1643 4422 “.
1682 4368 1815 4424 Erat
1861 4386 1996 4426 vero
2043 4373 2207 4427 etiam

624 4462 889 4534 eiusmodi
919 4471 1032 4516 tota
1058 4460 1372 4516 Judaeorum
1410 4461 1720 4534 Synagoga.
1753 4464 1884 4519 Inde
1902 4476 1986 4521 est
2019 4467 2207 4536 igitur,

2305 616 2502 685 ψομαι,
2535 617 2629 669 καὶ
2661 618 2722 668 τὸ
2749 616 2921 686 ὄνομα
2943 616 3149 686 Κυρίου
3186 615 3584 685 έπικαλέσομαι.
3613 639 3629 670 ι
3659 621 3719 674 Τὸ
3742 622 3813 679 οὖν

2302 706 2589 775 ποτήριον
2619 707 2941 778 δοθήσεσθαι
2970 709 3085 770 τοῖς
3107 707 3279 776 αὐτῆς
3303 706 3587 777 πολεμίοις,
3616 714 3695 764 καὶ
3716 719 3814 770 ταύ-

2303 817 2402 868 την
2443 798 2731 871 ἠδικηκόσι
2777 799 2945 868 φησί·
2980 798 3062 850 διὸ
3109 799 3254 850 κατά
3294 797 3577 868 Σύμμαχον
3606 803 3809 873 εἴρηταιο

2303 893 2410 948 Καὶ
2449 893 2614 957 θήσω
2638 893 2786 946 αὐτὸ
2818 893 2903 957 εἰς
2932 891 3136 959 χεῖρας
3169 890 3288 942 τῶν
3315 890 3723 947 ἀποικισάντων
3741 916 3810 954 σε,

2303 984 2464 1046 Εἰκδς
2488 983 2736 1037 δὲταῦτα
2766 983 2862 1035 καὶ
2900 984 3028 1052 περὶ
3054 980 3444 1051 ἀντικειμένων
3472 982 3721 1053 δυνάμεων

2303 1076 2516 1144 γεσθαι,
2548 1063 2633 1139 αἶς
2663 1076 2947 1128 ἀποστᾶσα
2981 1072 3117 1126 Θεοῦ
3145 1072 3294 1144 ψυχὴ
3341 1072 3534 1143 ἑαυτὴν
3557 1076 3808 1144 ύποτὰττει,

2303 1167 2400 1218 καὶ
2453 1165 2617 1234 γήϊνα
2673 1164 2946 1234 φρονοῦσα
2992 1163 3192 1216 κύπτει
3247 1163 3382 1233 πρὸς
3433 1165 3660 1231 ﬁmum).
3705 1169 3808 1234 τέλος

2303 1257 2616 1311 ἁπλωθεῖσα
2641 1257 2778 1326 πρὸς
2811 1256 3006 1323 ἔδαφος
3029 1257 3140 1318 τοῖς
3166 1254 3276 1307 τῶν
3310 1254 3532 1306 ἑλόντων
3560 1255 3708 1326 αὐτὴν
3739 1276 3810 1311 και

2303 1351 2625 1402 ταπατεῖται
2656 1349 2810 1402 ποσίν
2831 1365 2843 1377 ·
2876 1350 2909 1418 ἡ
2933 1348 2988 1400 δὲ
3015 1346 3134 1416 Θεῷ
3163 1345 3480 1415 προσιοῦσα,
3508 1345 3674 1416 ὄρθιος
3693 1348 3815 1418 ἕστη-

2303 1456 2398 1493 κεν
2437 1438 2548 1492 ἄνω
2579 1437 2868 1507 βλέπουσα,
2905 1436 3002 1488 καὶ
3029 1437 3163 1506 πρὸς
3189 1434 3354 1487 αὑτὸν
3386 1434 3653 1503 ἐπηρμένη
3699 1436 3818 1500 Τινὲς

2303 1529 2362 1581 δὲ
2411 1527 2831 1594 ἀδικησάντων
2875 1526 3048 1596 αὐτὴν
3098 1527 3283 1596 φασιν,
3318 1524 3426 1577 τῶν
3452 1524 3734 1594 ὀρθοποδεῖν
3767 1531 3819 1596 μὴ

2306 1622 2778 1692 συγχωρησάντων
2807 1621 2943 1690 αὐτῇ
2973 1617 3487 1686 διδασκάλων.¹¹οσῳ
3515 1616 3615 1686 γὰρ
3643 1613 3756 1686 ἦσαν
3781 1622 3820 1672 ἐν

2303 1718 2484 1784 τρυφῇ
2513 1731 2574 1766 τε
2609 1715 2703 1767 καὶ
2734 1714 2862 1785 δόξῃ
2884 1733 2896 1744 ·
2927 1713 3165 1782 τοσούτῳ
3195 1710 3526 1780 πικροτέρας
3563 1710 3821 1762 ἀπέλαυσαν

2304 1807 2484 1878 δῖκης,
2518 1799 2592 1859 ὧν
2639 1802 2785 1876 εἶχον
2831 1804 3207 1875 ἐστερημένοι.
3239 1804 3379 1874 Περὶ
3427 1803 3481 1854 δὲ
3527 1801 3626 1854 τῶν
3663 1805 3820 1871 νοητῶς

2304 1899 2678 1970 ἀδικησάντων
2726 1899 2821 1951 καὶ
2871 1896 3082 1960 Παῦλος
3117 1911 3320 1966 φησιν’
3363 1914 3381 1946 ι
3413 1895 3473 1947 Ei
3521 1895 3573 1946 δὲ
3615 1897 3694 1946 καί
3735 1897 3821 1946 ἐστι

2303 1992 2720 2062 κεκαλυμμένον
2764 1991 2825 2044 τὸ
2859 1989 3189 2058 Εὑαγγέλιον
3228 1986 3387 2057 ἡμῶν
3420 1989 3479 2040 ἐν
3505 1989 3608 2049 τοίς
3635 1988 3818 2039 ἀπολλυ-

2308 2082 2493 2152 μένοις
2540 2081 2660 2134 ὲστὶ
2709 2079 3146 2150 κεκαλυμμένον,
3175 2079 3233 2130 ἐν
3266 2071 3349 2140 οἷς
3379 2076 3407 2128 6
3431 2075 3559 2138 Θεὸς
3602 2075 3816 2144 ἐτύφλωσε

2303 2170 2399 2224 τοῦ
2431 2171 2628 2234 αἰῶνος
2655 2171 2846 2223 τούτου
2887 2170 2956 2223 τὰ
2999 2173 3246 2239 νοήματα
3292 2170 3403 2221 τῶν
3431 2167 3675 2231 ἀπίστων,
3694 2171 3752 2230 εἰς
3770 2171 3813 2220 τὸ

2307 2264 2382 2335 μὴ
2428 2264 2721 2332 διαυγάσαι
2744 2263 2837 2317 τὸν
2869 2263 3148 2333 φωτισμὸν
3175 2261 3272 2314 τοῦ
3311 2260 3630 2329 Εύαγγελεου
3656 2262 3732 2329 τῆς
3749 2261 3792 2313 66

2306 2363 2403 2433 ξης
2449 2363 2544 2416 τοῦ
2593 2359 2855 2432 Χριστοῦ.
2887 2379 2906 2412 ι
2941 2359 3196 2412 Τοιοῦτόν
3243 2377 3299 2412 τι
3353 2358 3500 2428 δηλοῖ
3549 2359 3637 2411 καὶ
3671 2359 3720 2410 τὸ
3749 2356 3820 2410 τοῦ

2304 2453 2620 2524 ἀκαθάρτου
2652 2450 2962 2519 πνεύματος
2989 2449 3085 2501 τοῦ
3119 2447 3236 2520 μεθ’
3257 2447 3462 2518 ἐτέρων
3488 2447 3617 2500 ἑπτὰ
3644 2460 3804 2517 πονηρο

2304 2544 2478 2614 τέρων
2527 2542 2964 2614 ὑποστρέψαντος
3009 2541 3132 2594 ὅθεν
3177 2539 3424 2608 ἐξῆλθεν.
3460 2539 3668 2607 Ἑπάγει
3709 2540 3816 2611 γάρ·

2311 2654 2329 2686 ι
2363 2632 2550 2696 Οὕτως
2581 2632 2733 2686 ἔσται
2760 2634 2826 2703 τῇ
2858 2632 3072 2701 πονηρᾷ
3103 2631 3270 2700 γενεᾷ
3299 2629 3494 2703 ταύτῃ.
3523 2648 3540 2681 ι
3581 2630 3660 2682 Ἐν
3692 2629 3819 2697 Αἰγύ-

2307 2743 2426 2795 πτῳ
2457 2725 2556 2794 μὲν
2587 2723 2697 2793 γὰρ
2727 2721 3094 2792 ἀσεϐήσαντες
3141 2721 3354 2774 ἐνοικον
3397 2721 3550 2791 ἔσχον
3575 2721 3630 2774 τὸ
3655 2721 3820 2788 πνεῦμα

2306 2817 2365 2869 τὸ
2399 2815 2652 2886 πονηρὸν,
2682 2809 2852 2884 οὗπερ
2882 2813 3286 2883 ἀπηλλάγησαν
3314 2811 3637 2874 ἀκούσαντες
3655 2827 3666 2840 δ
3699 2829 3715 2861 ι
3737 2811 3821 2864 Κύ-

2310 2926 2425 2981 ριον
2455 2911 2546 2962 τὸν
2576 2907 2710 2960 Θεόν
2740 2924 2832 2959 σου
2863 2907 3288 2976 προσκυνήσεις,
3315 2905 3413 2958 καὶ
3441 2904 3581 2974 αὐτῷ
3609 2902 3733 2973 μόνῳ
3753 2901 3824 2953 λα-

2305 3001 2573 3071 τρεύσεις.
2607 3019 2624 3051 ι
2667 2994 2800 3052 Εἶτα
2845 2998 2920 3069 μὴ
2962 2997 3271 3068 δεξαμένων
3299 2997 3389 3051 διὰ
3419 2997 3640 3059 πίστεως
3663 2995 3828 3048 ἑνοιιιον

2305 3094 2398 3146 τὺν
2441 3091 2673 3163 Χριστὸν
2692 3130 2706 3151 ,
2736 3091 2797 3142 τὸ
2830 3089 3140 3158 ἀκάθαρτον
3169 3087 3394 3158 πνεῦμα.
3425 3085 3726 3157 σχολάζοντα
3760 3084 3829 3136 τὸν

2307 3186 2470 3238 τόπον
2513 3184 2603 3236 τὸν
2632 3184 2858 3252 ἀρχαῖον
2885 3180 3065 3252 εὑρδν,
3101 3176 3262 3243 αὖθις
3290 3182 3372 3244 εἰς
3403 3179 3560 3234 αὑτὸν
3589 3176 3829 3247 εἰσεπήδη-

2308 3299 2399 3334 σεν
2418 3295 2431 3310 ·
2465 3280 2493 3333 ὃ
2518 3280 2612 3331 καὶ
2638 3279 2730 3332 τὸν
2759 3279 3025 3350 προδότην
3055 3276 3195 3348 μετὰ
3215 3277 3278 3330 τὸ
3306 3277 3518 3348 ψώμιον
3543 3272 3829 3329 ὕπέδυ.Ταύ-

2304 3395 2401 3438 τας
2433 3378 2462 3428 6
2494 3373 2682 3444 Σωτὴρ
2715 3373 2815 3435 τὰς
2841 3372 3084 3443 πονηρὰς
3113 3373 3376 3442 δυνάμεις
3404 3372 3482 3435 εἰς
3518 3369 3634 3441 ᾅδου
3661 3384 3830 3438 ταρτα-

2310 3467 2487 3538 ρώσας
2517 3465 2853 3536 παρέδωκεν,
2883 3465 2998 3518 ἀνθ’
3028 3457 3104 3518 ὧν
3138 3467 3216 3526 εἰς
3239 3465 3348 3533 γῆν
3384 3464 3482 3525 τὰς
3505 3462 3667 3531 ψυχὰς
3694 3476 3830 3512 κατα-

2306 3559 2558 3614 ϐαλόντες
2590 3555 2969 3626 συνέκαμψαν,
2995 3554 3154 3608 ὁποία
3175 3551 3244 3624 ἧν
3271 3557 3304 3624 ἡ
3333 3557 3390 3606 ὲν
3412 3552 3704 3621 Εύαγγελῐῳ
3723 3567 3831 3603 παν-

2305 3647 2474 3710 τελῶς
2506 3646 2802 3700 ἀνανεῦσαι
2831 3648 2905 3716 μὴ
2927 3645 3223 3716 δυναμένη,
3252 3646 3387 3715 περὶ
3414 3641 3476 3716 ἦς
3505 3645 3674 3712 ἔλεγεν
3701 3644 3830 3695 62w-

2305 3741 2430 3809 τήρο
2457 3757 2476 3790 ι
2503 3737 2718 3807 Ταύτην
2739 3737 2796 3790 δὲ
2822 3735 3100 3808 θυγατέρα
3125 3737 3294 3790 οὖσαν
3313 3737 3562 3807 Ἀϐραὰμ
3590 3737 3650 3805 ἣν
3683 3735 3830 3802 ἔδησεν

2306 3834 2334 3885 6
2351 3832 2594 3892 Σατανᾶς
2615 3829 2748 3882 δέκα
2774 3832 2868 3883 καὶ
2892 3828 3038 3882 ὀκτὼ
3070 3829 3186 3898 ἐτη.
3226 3847 3242 3878 ι
3271 3829 3381 3880 Καὶ
3411 3831 3556 3881 πᾶσα
3577 3827 3629 3879 δὲ
3653 3826 3830 3894 τοιαύτη

2305 3922 2413 3975 τῶν
2450 3920 2715 3976 Ἰουδαίων
2745 3915 2812 3991 ἦν
2849 3921 2882 3989 ἡ
2917 3921 3206 3989 συναγωγή
3229 3936 3244 3949 ο
3276 3921 3362 3973 διὸ
3394 3920 3550 3973 πάλιν
3576 3915 3831 3987 ἐγερθῆναι

2306 4011 2479 4082 ταύτῃ
2528 4008 2966 4081 παρακελεύεται
3013 4009 3154 4062 κατά
3183 4011 3241 4062 τό
3260 4026 3274 4039 ·
3315 4011 3600 4080 (Ἐγειραι
3625 4013 3650 4062 6
3675 4009 3832 4061 καθεύο

2306 4106 2430 4170 δων,
2457 4104 2550 4157 καὶ
2577 4104 2786 4158 ἀνάστα
2816 4106 2880 4155 ἐκ
2912 4104 3020 4155 τῶν
3050 4103 3278 4173 νεκρῶν,
3313 4105 3412 4156 καὶ
3476 4103 3743 4171 ἐπιφαύσει
3771 4115 3832 4151 σοι

2307 4200 2335 4250 6
2364 4197 2620 4266 Χριστός.
2649 4215 2667 4247 ι
2709 4196 2818 4249 Καὶ
2873 4196 3016 4250 κατά
3073 4196 3166 4248 τόο
3211 4214 3229 4246 ι
3261 4197 3354 4249 Διὸ
3401 4197 3497 4260 τὰς
3554 4193 3835 4265 παρειμένας

2308 4292 2516 4360 χεῖρας,
2547 4291 2639 4342 καὶ
2687 4287 2758 4340 τὰ
2804 4288 3114 4359 παρειμένα
3145 4288 3351 4355 γόνατα
3383 4286 3726 4359 ἀνορθώσατε,
3763 4283 3834 4335 καὶ

2309 4378 2532 4449 τροχίας
2562 4376 2731 4448 ὀρθὰς
2761 4381 2964 4430 ποιεῖτε
2993 4379 3105 4441 τοῖς
3135 4379 3292 4430 ποσὶν
3325 4378 3498 4448 ὑμῶν.
3533 4397 3548 4428 ι
3595 4374 3832 4428 Ἕνδυσαι

2308 4470 2386 4535 δὲ,
2420 4471 2576 4540 φησι,
2609 4469 2724 4537 τὴν
2743 4471 2925 4538 ἰσχύν
2950 4487 3088 4536 σου,
3111 4472 3409 4540 ἐπειδήπερ
3439 4470 3548 4541 ἔχει
3574 4468 3683 4520 τινὰ
3707 4463 3827 4534 μεγί-

623 4555 772 4624 quod
818 4569 939 4607 eam
990 4554 1194 4608 iterum
1226 4561 1286 4608 ut
1317 4557 1613 4616 excitetur,
1665 4555 2008 4611 adhortatur.
2044 4556 2205 4612 Juxta

2315 4579 2448 4632 στην
2484 4564 2636 4631 ἰσχὺν
2670 4563 2704 4630 ἡ
2735 4562 2926 4630 λογικὴ
2945 4562 3112 4632 ψυχή.
3147 4561 3372 4630 Πρῶτον
3402 4562 3458 4614 δὲ
3488 4561 3548 4613 τὸ
3576 4555 3830 4627 ἐξεβρθῆ-

626 4646 762 4700 illud
801 4664 814 4698 :
862 4665 880 4696 ι
914 4645 1169 4701 Excitare
1204 4646 1298 4714 qui
1345 4647 1573 4712 dormis,
1610 4654 1664 4700 et
1698 4664 1924 4718 resurge
1963 4665 2028 4704 ex
2062 4665 2211 4705 mor-

627 4740 762 4798 tuis,
785 4749 839 4792 et
868 4739 1156 4793 illucescet
1185 4738 1286 4792 tibi
1313 4738 1572 4795 Christus
1597 4741 1668 4794 ³⁷.
1698 4759 1717 4792 ι
1748 4741 1812 4794 Et
1842 4743 1973 4796 illud
2001 4743 2166 4798 etiam
2193 4761 2207 4796 :

634 4848 654 4882 ι
697 4833 887 4898 Itaque
925 4831 1191 4885 remissas
1239 4848 1435 4888 manus
1466 4843 1521 4888 et
1563 4834 1742 4888 soluta
1782 4849 1958 4904 genua
1994 4836 2208 4906 erigite,

628 4930 684 4976 et
710 4935 934 4990 gressus
968 4929 1148 4976 rectos
1193 4920 1358 4977 facite
1406 4923 1642 4993 pedibus
1689 4926 1885 4980 vestris
1919 4925 1986 4980 ’⁸.
2019 4943 2038 4977 ι
2086 4924 2210 4978 Ideo

533 5019 540 5024 ‘
630 5022 815 5068 autem
847 5011 1064 5066 induere
1095 5015 1410 5079 fortitudine
1450 5026 1543 5069 tua
1571 5015 1732 5083 dixit,
1759 5017 1900 5079 quod
1939 5017 2210 5083 maximas

631 5106 899 5177 quasdam
970 5105 1280 5170 facultates,
1323 5124 1446 5177 qua:
1492 5109 1726 5165 rationis
1777 5118 1863 5164 est
1914 5111 2208 5178 particeps,

632 5198 816 5251 anima
867 5197 1086 5251 habeat.
1115 5195 1358 5250 Primum
1404 5200 1626 5267 quidem
1658 5210 1719 5254 ut
1763 5216 1822 5255 se
1850 5201 2007 5268 lapsu
2042 5202 2208 5269 (quod

631 5303 776 5358 saepe
809 5288 1016 5342 dictum
1047 5288 1153 5359 est)
1183 5291 1394 5343 excitet.
1437 5290 1568 5344 Nam
1602 5291 1695 5346 ubi
1733 5294 1848 5361 ipsa
1891 5301 1976 5346 est
2018 5308 2210 5363 paena—

631 5397 753 5436 rum
786 5383 1084 5448 acerbitas,
1119 5381 1193 5436 ibi
1241 5390 1296 5437 et
1324 5383 1582 5452 frequens
1614 5383 1939 5439 consolatio.
1983 5383 2209 5451 Deinde,

705 5555 752 5588 "
779 5553 929 5609 Psal.
959 5572 1015 5618 τι,
1048 5557 1101 5609 7.
1205 5559 1251 5589 ¹¹
1285 5557 1429 5613 Psal.
1463 5575 1585 5624 cxv,
1620 5560 1707 5614 15.

1811 5562 1856 5592 "
1886 5559 1925 5613 Il
1964 5561 2095 5617 Cor.
2133 5579 2207 5626 ιν,
2243 5562 2296 5628 ’5,
2327 5563 2382 5617 4.

633 5626 681 5658 ’θ
713 5624 851 5681 Luc.
890 5642 1006 5691 xm,
1039 5627 1128 5682 16.
1205 5628 1248 5660 ’ν
1277 5628 1479 5698 Ephes.
1525 5647 1574 5695 ν,
1608 5631 1696 5686 11».
1773 5632 1820 5664 ³⁸
1849 5631 2016 5688 Hebr.
2052 5647 2150 5698 xu,
2189 5624 2274 5687 l5.

2310 4664 2442 4707 ναι]
2487 4651 2580 4705 τοῦ
2626 4652 2919 4724 πτώματος
2964 4651 3146 4704 πυκνά
3176 4651 3662 4720 λεγόμενον.Ἕνθα
3681 4648 3768 4716 γὰρ
3787 4645 3830 4695 τδ

2311 4741 2512 4814 πικρὸν
2543 4741 2643 4812 τῆς
2672 4741 2850 4810 δίκης,
2885 4743 3001 4794 ἐκεῖ
3050 4740 3143 4794 καὶ
3192 4741 3424 4810 συνεχὴς
3458 4742 3490 4810 ὴ
3521 4736 3823 4809 παράκλησις·

2311 4828 2466 4897 Εἶτα,
2497 4831 2557 4884 τὺ
2584 4832 2683 4902 τὴν
2735 4832 2872 4884 ἰδίαν
2905 4831 3306 4900 ἀναλαμϐάνειν
3343 4831 3670 4901 ἰσχύν.Ἕχει
3691 4827 3738 4878 δὲ
3760 4823 3823 4877 καὶ

2310 4924 2500 4986 δόξαν
2551 4923 2817 4993 μεγὶστην
2862 4923 2982 4976 κατ’
3015 4922 3199 4977 εἰκόνα
3245 4923 3591 4992 πεποιημένη
3624 4918 3707 4972 τοῦ
3729 4913 3820 4968 Κτί-

2313 5031 2540 5081 σαντος,
2567 5014 2661 5068 καὶ
2706 5014 2868 5067 αὐτὸν
2917 5013 3115 5084 ἔχουσα
3163 5014 3372 5079 δόξαν,
3417 5016 3483 5086 ἢν
3527 5007 3827 5066 ἐπαναλαϐεῖν

2313 5107 2562 5177 βούλεται
2588 5104 2887 5174 γενομένην
2913 5105 3096 5158 πόλιν
3120 5106 3315 5173 ἁγίαν,
3337 5107 3419 5170 ὡς
3436 5103 3640 5175 μηκέτι
3668 5100 3732 5154 δι’
3753 5099 3830 5150 αὑ-

2311 5201 2424 5268 τῆς
2467 5200 2794 5254 διαϐαίνειν
2843 5198 3127 5269 ἁλλογενῆ,
3175 5199 3208 5268 ἢ
3261 5189 3833 5269 εἰδωλολάτρην.”οτιδὲ

2311 5291 2462 5356 δόξα
2491 5293 2518 5344 ὁ
2537 5293 2639 5360 τῆς
2661 5288 2847 5356 δόξης
2873 5290 3099 5361 Κύριος,
3125 5290 3184 5354 ὃς
3209 5293 3322 5344 ἐστι
3354 5293 3599 5360 Χριστὸς,
3620 5286 3748 5357 δηλοῖ
3765 5281 3834 5332 καὶ

2312 5384 2478 5436 Δαϐίδ
2496 5399 2510 5413 ⁸
2553 5401 2573 5434 ι
2596 5383 2966 5455 Ἐξεγέρθητι,
2984 5381 3179 5453 λέγων,
3197 5385 3231 5455 η
3259 5383 3390 5449 δόξα
3422 5401 3542 5455 μου.
3571 5403 3588 5435 ι
3619 5380 3715 5435 Καὶ
3737 5376 3836 5442 περὶ

3419 5565 3465 5595 ’⁸
3506 5561 3648 5617 Deut.
3676 5573 3737 5618 vt,
3769 5537 3835 5606 l3.

2484 5561 2530 5592 ⁸³
2558 5560 2723 5618 Matth
2779 5579 2878 5629 xu,
2912 5561 2994 5618 l5.
3101 5563 3147 5594 "
3176 5563 3308 5618 ibid.

1924 5745 2161 5802 VARIA‘I
2202 5745 2492 5803 LECTION
2505 5750 2603 5802 ES.

748 5827 764 5881 ξ
800 5847 894 5900 γρ.
931 5829 1052 5902 μὲν.
