3940 6494
91 376 244 442 2505

1232 379 1768 445 COMMENTARII
1793 378 1876 440 IN
1914 379 2200 441 ISAIAM.

3231 383 3375 449 2506

92 488 209 539 τῶν
243 488 630 552 πιστευόντων,
668 507 687 539 ι
715 490 796 544 ὅτι
849 490 909 544 τὸ
962 490 1225 563 καύχημα
1275 494 1376 563 τῆς
1412 493 1680 564 δυνάμεως

1798 500 1859 546 ιιι
1888 492 2036 547 vires
2086 506 2217 548 suas
2274 484 2546 547 instauret
2590 507 2655 548 ac
2709 503 2974 549 resumat.
3031 491 3205 551 Ilabet
3246 507 3375 550 vero

95 578 285 633 αὐτῶν
322 576 377 634 εἴ
411 581 495 634 σύ.
529 599 545 633 ι

1790 597 2141 655 permagnam
2196 588 2362 639 etiam
2418 586 2680 654 gloriam,
2735 584 2883 656 quod
2936 585 3004 641 ad
3058 587 3373 643 Conditoris

93 673 384 743 exemplar
416 672 632 740 ell‘ecta,
672 689 740 730 eo
772 676 960 742 etiam,
988 676 1082 747 qui
1148 676 1321 746 gloria
1361 686 1468 743 est,
1494 676 1724 746 potitur,
1793 689 1959 745 quam
2014 675 2134 729 vult
2194 686 2473 731 resumere
2524 677 2791 731 civitatem
2839 684 3102 741 sanctam,
3156 686 3215 731 ut
3266 694 3372 733 non

94 770 273 838 ipsum
312 770 547 840 amplius
588 780 921 840 pertranseat
956 782 1245 837 externus,
1272 783 1368 829 aut
1409 772 1683 828 idolorum
1724 774 1926 826 cultor.
1988 771 2126 828 Esse
2175 783 2359 828 autem
2392 790 2516 828 cum
2549 774 2730 844 ipsum
2762 773 3015 844 gloriam,
3054 775 3148 845 qui
3188 775 3376 846 gloria:

94 862 374 918 Dominus
424 872 532 928 est,
562 862 842 918 Christum
892 864 1127 931 scilicet,
1161 865 1279 935 ipse
1320 864 1508 931 etiam,
1540 863 1633 934 qui
1672 903 1689 929 ,
1740 882 1758 913 ι
1798 862 2065 934 Exsurge,
2094 863 2256 935 587
2285 865 2457 934 gloria
2485 881 2626 932 mea,
2671 867 2892 931 cecinit,
2932 886 2952 919 ι
2992 874 3231 923 testatur
3270 868 3370 923 Da-

91 954 187 1009 vid
220 954 297 1019 ”;
331 954 426 1025 qui
456 970 677 1008 rursum
709 956 777 1010 de
809 957 1166 1011 credentibus
1198 958 1457 1012 locutus:
1494 975 1513 1008 ι
1545 956 1686 1023 Quia
1719 954 1975 1026 gloriatio
1999 970 2192 1011 eorum
2227 966 2281 1011 tu
2309 972 2369 1012 es
2395 957 2463 1024 ³ο,
2498 976 2516 1010 ι
2557 958 2799 1028 scripsit.

160 1044 309 1098 Τίνα
362 1044 419 1098 δὲ
464 1044 664 1116 τρόπον
728 1045 1119 1116 ἐνδυσώμεθα
1180 1047 1299 1116 τὴν
1340 1047 1545 1117 ἰσχὺν,
1582 1044 1682 1100 καὶ

85 1137 212 1205 τὴν
236 1135 436 1201 δόξαν
466 1137 495 1189 ό
530 1135 697 1205 σοφὸς
728 1137 1050 1209 παρέστησε
1093 1138 1306 1201 Παῦλος
1335 1139 1525 1193 εἰπών’
1562 1138 1681 1193 Ἐν-

82 1227 337 1282 δύσασθε
368 1228 461 1283 τὸν
490 1226 697 1299 Κύριον
728 1228 886 1299 ἡμῶν
913 1230 1157 1297 Ἰησοῦν
1183 1231 1272 1284 τὸν
1295 1230 1546 1301 Χριστόν.
1572 1230 1683 1285 Καὶ

84 1322 301 1375 πάλιν·
336 1320 495 1374 Ὅσοι
548 1320 656 1392 γὰρ
703 1321 939 1391 Χριστὸν
988 1320 1396 1384 ὲὸαπτίσασθε,
1447 1320 1683 1393 Χριστὸν

85 1412 450 1467 ἐνεδύσασθε.
474 1413 548 1466 Τὸ
573 1412 632 1466 δὲ
655 1414 947 1484 πρόσωπον
968 1413 1069 1482 τῆς
1100 1413 1430 1485 Ἐκκλησίας
1455 1414 1684 1478 Ἡσαΐας

86 1504 313 1572 εἰσάγει
360 1505 566 1572 λέγων·
608 1523 627 1556 ι
667 1504 1041 1574 Ἀγαλλιάσθω
1087 1507 1121 1575 ἡ
1162 1504 1308 1577 ψυχή
1346 1522 1448 1576 μου
1480 1506 1573 1558 ἐπὶ
1602 1504 1680 1575 τῷ

88 1597 313 1668 Κυρίῳ.
371 1598 617 1651 Ἐνέδυσε
670 1598 779 1668 γάρ
832 1616 900 1669 με
953 1598 1170 1669 ἱμάτιον
1223 1599 1525 1670 σωτηρίου,
1586 1598 1681 1651 καὶ

88 1688 305 1759 χιτῶνα
341 1688 680 1760 εὐφροσύνης
699 1705 713 1720 ·
746 1708 766 1740 ι
794 1689 860 1759 ἦν
889 1688 981 1742 νῦν
1013 1689 1194 1760 ἁγίαν
1229 1691 1403 1755 καλεῖ,
1433 1690 1508 1753 ὡς
1540 1688 1681 1760 σύμ-

90 1798 314 1852 μορφον
349 1780 428 1851 τῷ
451 1764 697 1853 Χριστῷ,
733 1781 829 1835 καὶ
861 1781 1019 1846 ἁγίου
1061 1783 1397 1853 μετέχουσαν
1426 1782 1681 1851 Πνεύμα·

86 1890 209 1936 τος,
254 1874 315 1927 ὲν
339 1866 385 1941 ᾧ
416 1873 511 1927 καὶ
535 1872 989 1945 ὲσφραγίσθημεν
1019 1875 1100 1938 είς
1130 1874 1344 1945 ἡμέραν
1369 1871 1686 1945 ἀπολυτρώ-

91 1981 240 2028 σεως
278 1965 461 2018 πάντα
491 1964 662 2035 ῥύπον
690 1965 1109 2037 ἀπονιψάμενοι,
1142 1966 1201 2030 ὃς
1233 1968 1326 2021 καὶ
1352 1966 1532 2021 πᾶσαν
1586 1964 1683 2034 ἔφα

93 2056 223 2109 οδον
276 2056 437 2127 ἡμῶν
467 2056 780 2128 διαδολικὴν
813 2059 1183 2130 ἀποκρούεται
1222 2058 1428 2127 λέγων·
1469 2057 1684 2113 Οὐκέτι

87 2146 579 2217 προστεθήσεται
604 2147 703 2203 διὰ
728 2148 848 2204 σοῦ
873 2148 1136 2205 διελθεῖν
1159 2150 1556 2220 ἀπερίτμητος
1582 2151 1682 2203 καὶ

87 2240 455 2308 ἀκάθαρτος.
480 2241 590 2294 Καὶ
616 2241 910 2312 ίστορικῶς
937 2242 993 2295 δὲ
1020 2241 1090 2295 τὰ
1115 2243 1375 2313 περίοικα
1406 2242 1537 2314 ἔθνη
1561 2260 1684 2297 συν-

92 2330 248 2399 ἐχεις
280 2331 503 2400 ἐφόδους
538 2333 862 2405 ποιούμενα,
897 2334 1180 2405 μονονουχὶ
1214 2335 1279 2388 δι’
1312 2334 1482 2403 αὐτῆς
1509 2334 1682 2405 χαμαὶ

89 2422 363 2493 κειμένης
391 2422 733 2494 διήρχοντο.
770 2426 858 2489 Ὠς
887 2427 951 2479 ὲκ
974 2427 1078 2496 γῆς
1109 2427 1167 2480 δὲ
1197 2426 1558 2499 ἀνισταμένη,
1587 2428 1681 2480 καὶ

87 2514 205 2567 τῶν
248 2515 460 2585 γηΐνων
503 2516 750 2588 γεμούση
805 2518 914 2571 τὸν
947 2518 1101 2587 χοῦν
1143 2518 1453 2583 ἐκτινάξαι
1505 2532 1681 2589 παρα·

89 2606 407 2672 κελεύεται,
450 2608 511 2660 τὸ
552 2609 810 2680 φρόνημα
852 2610 1098 2683 δηλονότι
1141 2610 1205 2664 τὸ
1235 2611 1571 2681 σαρκικὸν,ό
1600 2613 1682 2666 δεῖ

90 2698 603 2769 προαποθεμένους,
646 2700 794 2755 οὕτω
826 2702 1115 2773 προσιέναι
1163 2702 1408 2774 Χριστῷ,
1462 2702 1678 2756 Παύλου

89 2787 349 2857 λέγοντος
368 2807 381 2819 ·
410 2790 770 2845 ιἘκδύσασθε
788 2793 882 2848 τὸν
898 2792 1123 2847 παλαιὸν
1136 2793 1446 2864 ἄνθρωπον,
1459 2812 1477 2845 ι
1500 2794 1595 2846 καὶ
1610 2792 1679 2847 τὰ

91 2880 245 2951 ἑξῆς.
275 2882 341 2935 Ὅ
371 2882 435 2951 δὴ
471 2882 771 2953 δράσαντες
811 2885 1155 2956 ἀνιστάμεθα
1199 2885 1346 2956 ὀρθῷ
1389 2886 1483 2940 καὶ
1510 2886 1677 2958 βεση-

92 2974 213 3026 κάτα
238 2973 317 3044 τῷ
350 2973 617 3046 λογισμῷ,
662 2975 805 3028 καθά
842 2992 927 3041 τις
956 2976 1325 3048 παραγγέλλει
1354 2979 1640 3049 προφήτης
1660 2992 1674 3007 ο

100 3082 118 3116 ι
167 3065 377 3134 Στῆσον
429 3067 684 3136 σεαυτὴν,
724 3069 886 3122 Σιών.
922 3088 940 3120 ι
980 3070 1088 3122 Καὶ
1142 3069 1308 3125 Δαὸὶδ
1360 3069 1418 3123 δέ
1474 3082 1673 3140 φησιν*

1853 1044 1974 1112 Quo
2011 1047 2207 1103 deinde
2262 1047 2425 1103 modo
2481 1049 2854 1119 fortitudinem
2898 1059 2950 1105 et
3013 1051 3243 1122 gloriam
3292 1054 3375 1107 in-

1785 1137 2039 1203 duamur,
2072 1141 2299 1208 sapiens
2333 1142 2611 1212 expressit
2638 1141 2870 1207 Paulus,
2900 1158 3025 1197 cum
3055 1158 3155 1199 nos
3188 1144 3373 1199 Domi-

1788 1245 1919 1284 num
1951 1238 2202 1286 nostrum
2233 1230 2420 1287 Iesum
2440 1232 2722 1288 Christum
2747 1233 2977 1289 induere
2996 1233 3367 1303 prmcipit'";

1788 1336 1913 1376 cum
1948 1338 2143 1379 rursus
2174 1339 2368 1379 omnes
2396 1325 2450 1379 in
2503 1325 2782 1380 Christum
2835 1325 3160 1395 baptizatos,
3206 1325 3369 1380 Chri-

1788 1417 1935 1465 stum
1976 1411 2160 1481 ipsnm
2193 1412 2447 1470 induisse
2474 1413 2815 1483 signiﬁcavit
2840 1414 2908 1469 “.
2963 1415 3179 1469 lnducit
3237 1430 3371 1470 veru

1789 1501 2055 1558 Ecclesia:
2116 1506 2412 1573 persenam
2464 1505 2518 1559 in
2573 1506 2719 1560 hunc
2767 1506 2990 1559 modum
3053 1507 3367 1575 loquentem

1787 1592 2013 1651 Isaias:
2075 1614 2094 1647 ι
2137 1595 2387 1652 Exsultct
2448 1598 2631 1650 anima
2679 1610 2796 1650 mea
2857 1597 2911 1650 in
2969 1598 3221 1654 Domino.
3280 1599 3371 1651 lu-

1787 1686 1907 1742 duit
1941 1702 2026 1742 me
2053 1688 2385 1745 vestimento
2423 1689 2643 1755 salutis,
2678 1698 2733 1744 et
2766 1690 2953 1743 tunica
2985 1690 3190 1745 laetitiae
3218 1688 3263 1721 "
3292 1707 3305 1744 :
3345 1707 3361 1741 ι

1788 1794 1957 1850 quam
1999 1792 2154 1835 nunc
2206 1789 2452 1833 sanctam
2513 1782 2756 1850 appellat
2819 1789 3085 1849 tanquam
3149 1782 3370 1837 Chrlsm

1787 1872 2151 1938 conlormem,
2192 1872 2549 1944 Spiritusque
2581 1876 2757 1928 sancti
2788 1872 3138 1944 participem,
3172 1875 3227 1928 iu
3257 1884 3369 1944 quo

1785 1967 2047 2022 sordibus
2077 1967 2283 2023 ablutis
2317 1968 2518 2039 signati
2549 1982 2743 2024 sumus
2780 1971 2832 2021 in
2863 1967 3007 2021 diem
3038 1967 3370 2038 redemptio-

1784 2058 1905 2126 nis;
1939 2060 2034 2129 qui
2066 2072 2256 2115 omnes
2278 2060 2448 2114 etiam
2476 2060 2785 2114 diabolicos
2824 2060 3066 2115 insultas
3113 2070 3144 2113 ιι
3207 2060 3367 2116 nobis

1784 2148 2092 2218 propulsat,
2121 2150 2206 2204 his
2233 2150 2418 2205 verbis
2447 2168 2463 2204 :
2506 2148 2631 2203 Non
2671 2150 2904 2219 amplius
2934 2159 3111 2220 perget
3134 2152 3367 2204 transire

1782 2253 1877 2306 per
1901 2247 1948 2291 te
1970 2238 2389 2293 inclrcumcisus
2419 2248 2469 2293 et
2501 2240 2832 2295 immundus.
2852 2239 2987 2294 Nam
3012 2252 3068 2296 et
3091 2256 3212 2295 eam
3238 2240 3365 2295 olim

1783 2328 1981 2383 vicina:
2038 2337 2257 2401 gentes,
2294 2333 2342 2387 si
2396 2346 2485 2387 rcs
2540 2341 2725 2401 gestas
2777 2331 3039 2396 intueris,
3094 2331 3363 2404 frequenti

1782 2423 2027 2477 exercitu
2091 2430 2358 2494 tanquam
2430 2424 2586 2479 humi
2641 2426 2919 2495 iacentem
2975 2430 3367 2483 conculcautcs

1779 2516 2221 2583 portransierunt.
2254 2515 2363 2572 Sed
2404 2517 2515 2587 iam
2562 2519 2713 2572 velut
2765 2529 3031 2578 erectam.
3088 2519 3367 2590 rebusque

1782 2607 2015 2660 terrenis
2042 2608 2347 2677 oppletam,
2380 2609 2647 2675 pulverem
2690 2609 2889 2679 ipsum,
2936 2611 2988 2663 id
3036 2617 3122 2664 est
3180 2610 3365 2664 carnis

1780 2695 2093 2759 consilium,
2118 2706 2358 2750 orauere
2380 2699 2730 2765 adhortatur;
2754 2715 2861 2770 quo
2886 2716 2992 2753 non
3022 2701 3125 2756 nisi
3152 2701 3367 2772 abjccm

1779 2785 1845 2840 ad
1897 2785 2183 2841 Christum
2221 2789 2351 2842 licet
2389 2792 2681 2854 accedere,
2733 2793 2780 2847 si
2837 2791 3007 2847 Paulo
3063 2794 3366 2857 credimus,

1778 2877 1872 2948 qui
1926 2889 2163 2935 veterem
2211 2880 2516 2948 hominem,
2561 2892 2617 2938 et
2668 2899 2795 2954 quae
2841 2884 3125 2956 deinceps,
3162 2900 3368 2941 exuere

1780 2971 2031 3041 praecipit
2054 2972 2120 3025 ³³.
2184 2973 2340 3040 Quod
2384 2975 2473 3028 ubi
2536 2978 2988 3045 praestiterimus,
3050 2986 3201 3033 recta
3262 2980 3364 3049 ipsl

1785 3072 1901 3119 tum
1937 3067 2158 3119 demum
2199 3067 2503 3137 stabilique
2532 3069 2749 3125 ratione
2778 3070 3175 3135 excitabimur,
3221 3074 3367 3127 sicut

98 3175 117 3207 ι
147 3158 424 3226 Ἐστησεν
456 3158 550 3212 ἐπὶ
589 3160 798 3229 πέτρας
840 3162 969 3225 τοὺς
997 3162 1167 3223 πόδας
1215 3176 1338 3232 μου.
1374 3181 1393 3215 ι
1426 3154 1498 3235 ’ᾯ
1535 3180 1677 3237 παρα·

1787 3162 1867 3211 est
1888 3170 1917 3210 a
1939 3157 2203 3227 propheta
2228 3159 2468 3229 quodam
2496 3160 2896 3229 significatum,
2922 3163 3013 3217 ubi
3042 3164 3118 3218 ait
3149 3181 3163 3217 :
3200 3182 3218 3216 ι
3245 3165 3364 3219 διεὶς

91 3248 285 3302 έπεται
321 3250 419 3302 xal.
444 3251 527 3304 τό·
569 3252 949 3308 Ἐκδύσασθε
984 3256 1092 3307 τὸν
1126 3253 1355 3323 δεσμὸν
1388 3255 1498 3311 τοῦ
1539 3272 1674 3325 τραδ

93 3338 311 3406 zt'rlov.
351 3341 570 3411 Σειραῖς
616 3342 726 3413 γὰρ
755 3344 865 3397 τῶν
909 3344 1055 3399 ἰδίων
1096 3346 1514 3418 ἁμαρτημάτων
1551 3348 1675 3403 Eata.

94 3448 215 3493 στος
251 3432 568 3501 σφίγγεται.
599 3435 715 3488 Καὶ
745 3434 851 3489 ὑπὸ
876 3436 1019 3505 ζυγά
1036 3437 1095 3491 δὲ
1121 3439 1221 3509 τῆς
1246 3439 1525 3511 ἁμαρτίας
1550 3441 1681 3494 ὑπο·-

92 3523 411 3592 ϐληθέντες,
441 3542 459 3576 ‹
493 3526 888 3597 Διαρῤήξωμεν
925 3529 1053 3592 τοὺς
1082 3529 1317 3597 δεσμοὺς
1350 3531 1553 3595 αὐτῶν,
1586 3531 1682 3585 καὶ

90 3614 490 3687 ἀπορρίψωμεν
520 3617 615 3686 ἀφ’
642 3618 800 3689 ήμῶν
832 3619 931 3673 τὸν
959 3619 1124 3690 ζυγὸν
1160 3621 1361 3686 αὐτῶν,
1398 3641 1416 3674 ι
1454 3623 1517 3675 τὸ
1544 3623 1682 3690 ἀγα·

92 3706 181 3759 θδν
204 3706 483 3778 ἐλευθέρῳ
516 3708 917 3779 κατορθοῦντες
940 3712 1278 3783 φρονήματι,
1301 3711 1377 3774 ὡς
1401 3712 1533 3783 παρ’
1565 3711 1683 3775 ἐνὸς

90 3798 220 3867 ἡμῖν
249 3799 512 3869 εἰρῆσθαι
538 3801 564 3840 ¹ι
599 3802 709 3855 τῶν
748 3803 1079 3874 προφητῶν·
1122 3820 1141 3855 ι
1172 3804 1283 3858 Καὶ
1309 3802 1680 3869 ὲξελεύσεσθε,

90 3891 183 3941 καὶ
212 3891 543 3961 σκιρτήσετε
584 3892 659 3956 ὡς
688 3898 965 3965 μοσχάρια
994 3896 1061 3946 ὲκ
1087 3894 1305 3963 δεσμῶν
1340 3894 1623 3964 ἀνειμένα.
1658 3913 1677 3946 ι

99 3982 191 4045 Ὧς
231 3983 515 4052 ἁμαρτίας
551 3985 657 4057 γὰρ
698 3988 795 4040 καὶ
830 3987 1082 4041 διαϐόλου
1111 3987 1402 4056 δεσμῶτιν,
1434 3988 1529 4041 καὶ
1561 3987 1684 4041 δού-

88 4074 190 4143 λην
204 4075 592 4143 αἰχμάλωτον
610 4079 767 4131 καλεί
783 4080 882 4149 τὴν
902 4079 1054 4132 Σιὼν
1074 4080 1245 4133 ἐλεῶν
1267 4081 1436 4151 αὐτὴν
1466 4084 1563 4152 τῆς
1590 4099 1682 4135 m-

89 4164 363 4234 κροτατης
389 4164 782 4229 ἀλώσεως.Ἦν
814 4168 909 4222 καὶ
932 4168 1226 4239 θυγατέρα
1255 4169 1535 4233 καλῶν,τὸ
1566 4171 1685 4233 πῶς

87 4250 183 4307 οὖν
204 4254 343 4325 ἧλω,
372 4257 723 4327 παρίστησιν
748 4257 824 4322 ὡς
855 4260 993 4331 αὑτὴ
1013 4260 1079 4315 δι’
1105 4260 1413 4333 αύτὴν,ούκ
1431 4261 1686 4335 ἀσθενείᾳ

86 4342 185 4395 τοῦ
210 4342 499 4409 σώζοντος,
549 4348 648 4417 τῆς
687 4347 748 4401 δὲ
789 4351 1068 4420 πατρικῆς
1122 4351 1528 4423 εὐσπλαγχνίας
1576 4354 1685 4420 ἁφ-

90 4436 387 4503 ηνιασασα.
422 4438 586 4491 Ὅθεν
633 4439 807 4511 αὐτὴν
866 4440 1095 4509 δωρεὰν
1143 4443 1483 4512 πεπρᾶσθαι
1525 4445 1680 4515 φησί.

1786 3258 1877 3304 tue
1908 3256 1962 3304 te
1991 3250 2188 3319 ipsam,
2218 3265 2251 3306 ο
2288 3251 2423 3307 Sion
2452 3253 2518 3307 “.
2559 3266 2578 3305 ι
2633 3254 2696 3308 Et
2725 3270 2755 3309 a
2804 3254 3047 3312 Davide:
3082 3274 3100 3308 ι
3163 3256 3367 3312 διοιυίι

1783 3357 1951 3412 supra
2006 3354 2218 3413 petram
2260 3345 2428 3417 pedes
2482 3361 2635 3403 meos
2659 3349 2726 3401 ³⁵.
2770 3364 2789 3399 ι
2845 3346 2946 3403 Cui
2997 3350 3258 3404 convenit
3312 3354 3368 3405 et

1780 3435 1941 3497 illud,
1980 3436 2127 3505 quod
2159 3438 2450 3505 sequitur:
2502 3438 2658 3494 Solve
2687 3440 2897 3493 vincula
2934 3442 3061 3495 colli
3091 3443 3189 3495 mi.
3241 3440 3369 3495 Suis

1780 3527 1925 3581 enim
1958 3527 2195 3598 quisque
2226 3530 2488 3598 peccatis,
2536 3539 2595 3583 ut
2641 3531 2877 3595 catenis,
2936 3532 3365 3599 constringitur.

1784 3619 1851 3673 Et
1887 3635 2013 3687 nos,
2053 3621 2147 3690 qui
2174 3622 2447 3676 scelerum
2476 3621 2610 3693 jugo
2639 3622 3025 3692 deprimimur,
3070 3643 3089 3675 ι
3149 3625 3368 3679 Dirum-

1783 3724 1977 3778 pamus
2006 3710 2227 3763 vincula
2251 3711 2794 3781 eorum,jugumque
2834 3712 3083 3782 ipsorum
3115 3714 3368 3767 omnlin-

1783 3816 1905 3855 mus
1940 3801 2005 3863 “,
2044 3820 2063 3852 ι
2093 3800 2266 3854 libera
2297 3801 2585 3857 voluntate
2609 3802 2757 3872 quod
2777 3802 2993 3872 justum
3023 3811 3108 3858 est
3133 3806 3367 3874 operati,

1784 3894 1926 3945 sicut
1957 3892 2042 3947 his
2072 3891 2256 3946 verbis
2292 3908 2436 3947 unus
2472 3893 2548 3946 ait
2570 3894 2966 3962 prophetarum
2998 3910 3013 3947 :
3054 3909 3073 3944 ι
3116 3891 3180 3947 Et
3210 3906 3369 3964 egre.

1782 3982 2036 4047 diemini,
2067 3994 2119 4038 et
2155 3984 2393 4048 salictis,
2432 3992 2700 4054 tanquam
2738 3985 2895 4038 vituli
2929 3986 3167 4040 vinculis
3223 3990 3369 4040 rela—

1784 4074 1896 4128 xati
1927 4074 1993 4139 ³⁷,
2038 4093 2056 4125 ι
2102 4072 2317 4128 Sionem
2353 4074 2501 4129 enim
2535 4083 2799 4146 tanquam
2851 4077 3063 4146 peccati
3128 4076 3368 4131 diaboli—

1784 4180 1891 4235 que
1939 4165 2150 4235 laqueis
2218 4166 2575 4219 constrictam
2626 4175 2680 4220 ct
2726 4168 2991 4234 captivam
3043 4167 3361 4236 alloquitur.

1784 4258 2033 4328 ejusdem
2086 4270 2310 4328 propter
2366 4259 2789 4329 expugnationis
2843 4259 3199 4313 acerbitatem
3260 4261 3367 4313 mi-

1786 4352 2063 4406 seratione
2096 4359 2441 4416 commotus;
2475 4365 2640 4420 quam
2673 4349 2839 4403 etiam
2874 4351 3046 4419 ﬁliam
3081 4350 3366 4420 appellan-

1786 4442 1881 4505 do,
1923 4458 2031 4495 non
2066 4442 2347 4496 servantis
2380 4440 2781 4505 imbecillitate,
2833 4443 2927 4495 sed
2984 4455 3081 4510 per
3128 4450 3213 4504 se,
3241 4455 3365 4509 qua:

93 4528 199 4579 Kal.
221 4528 338 4583 ἄνω
371 4529 483 4596 γὰρ
506 4529 781 4600 ἔφασκεν·
815 4552 833 4584 ι
856 4533 990 4587 Ἰδοὺ
1024 4537 1145 4600 ταῖς
1185 4537 1484 4607 ἁμαρτίαις
1516 4538 1671 4608 ὑμῶν

1787 4544 2021 4604 paterna:
2077 4532 2478 4588 benevolentia:
2528 4532 2743 4587 frenum
2795 4534 3090 4604 respuerit,
3140 4543 3360 4604 captam

90 4620 369 4691 ἐπράθητε
420 4622 587 4691 μηδὲν
643 4623 1247 4697 ἀντικαταλλαξάμενοι
1297 4627 1396 4696 τῆς
1460 4627 1673 4681 ἑαυτῶν

1787 4642 1897 4681 asse
1950 4625 2117 4696 588
2149 4626 2425 4692 ostendit;
2457 4626 2602 4681 unde
2629 4629 2801 4697 gratis
2835 4625 3197 4681 venundatum
3247 4642 3364 4682 esse

89 4712 384 4777 ἀπωλείας.
420 4736 438 4765 ι
466 4716 726 4780 Ἀκοντες
773 4718 901 4789 γὰρ,
940 4718 1016 4782 ὡς
1047 4720 1259 4783 εἰπεῖν,
1315 4720 1666 4790 ἀπηγόμεθα.

1787 4718 1993 4789 adjicit.
2040 4717 2171 4770 Nam
2199 4725 2254 4771 et
2288 4716 2549 4786 superius
2573 4717 2795 4771 diccbat
2829 4735 2843 4773 :
2885 4736 2904 4769 ι
2947 4715 3089 4772 Ecce
3121 4722 3365 4789 peccatis

90 4805 197 4869 Διὸ,
230 4807 330 4859 καὶ
360 4807 564 4863 ἄκοντα
590 4808 682 4862 τὸν
728 4811 952 4881 ἰσχυρὸν
996 4812 1321 4865 ἐσκύλευσεν
1357 4813 1387 4865 ό
1412 4813 1667 4882 Χριστός.

1787 4812 1975 4866 vestris
2005 4810 2303 4864 venundati
2340 4810 2499 4875 estis,
2550 4810 2703 4863 nulla
2746 4822 2847 4880 pro
2894 4810 3121 4865 interitu
3183 4822 3362 4869 vestro

96 4897 161 4948 Ἀ
188 4897 452 4968 δέδρακεν
479 4901 759 4972 ἐπιφέρων
782 4904 910 4957 ἄνευ
939 4903 1225 4973 ἀργυρίου
1264 4906 1670 4974 λυτρούμενος

1787 4904 1920 4959 'acta
1952 4902 2387 4958 commutatione
2406 4903 2470 4956 ³⁸.
2508 4920 2528 4953 ι
2564 4901 2722 4957 Inviti
2755 4904 2925 4969 enim,
2959 4911 3020 4957 ut
3059 4904 3135 4959 ita
3154 4906 3357 4970 dicam,

90 4989 212 5052 τοὺς
250 4990 327 5061 μὴ
361 4996 650 5062 σωματικῇ
689 4995 1090 5064 περιπεσόντας
1124 4995 1498 5067 αἰχμαλωσίᾳ,
1535 4997 1673 5054 ἀλλὰ

1787 4998 2227 5067 abripiehamur;
2265 4995 2499 5066 ideoque
2530 5005 2925 5065 repugnantem
2951 4998 3222 5067 spoliasse
3252 4998 3360 5051 lor-

90 5079 315 5152 ψυχικῇ,
356 5086 449 5134 καὶ
480 5083 573 5136 τοῦ
596 5084 778 5154 τιμίου
809 5086 1101 5157 δεομένους
1130 5088 1385 5158 αἵματος.

1787 5100 1892 5146 tem
1924 5090 2185 5144 Christus
2227 5088 2429 5143 dicitur
2454 5088 2518 5142 ”.
2572 5086 2706 5154 Quas
2751 5099 2811 5143 se
2848 5084 3047 5144 fecisse
3108 5090 3205 5154 ait,
3248 5105 3358 5144 non

90 5186 183 5226 cos
226 5183 446 5243 argento
500 5174 828 5242 redimendo,
866 5180 960 5249 qui
1016 5195 1127 5235 non
1195 5194 1514 5251 corporum,
1563 5183 1657 5238 sed
1698 5184 2011 5237 animorum
2056 5181 2322 5237 servitute
2349 5180 2783 5251 premebantur,
2825 5181 3176 5252 pretiosOque
3234 5196 3360 5238 sau-

90 5267 251 5335 guiue
294 5269 634 5345 indigebant.

158 5358 293 5414 Εἴτα
320 5362 592 5421 δείκνυσιν
626 5370 825 5425 ἑαυτὸν
867 5370 956 5424 ἀεὶ
1001 5369 1097 5423 τοῦ
1138 5368 1352 5441 Ἰσραὴλ
1404 5375 1666 5440 γεγονότα

158 5492 207 5523 ²⁹
231 5492 379 5551 Psal.
414 5500 613 5573 LVILQ.
666 5502 717 5534 ⁸ο
738 5502 908 5558 Eccli.
941 5519 1020 5570 xi,
1051 5503 1144 5558 ‘22.
1179 5502 1259 5537 ⁸ο*
1300 5503 1498 5571 Ephrs.
1542 5505 1680 5573 ψίλα

1805 5507 1840 5538 ³¹
1874 5504 2051 5559 Galat.
2083 5500 2284 5568 tu,'27.
2363 5504 2405 5536 υ
2448 5500 2551 5557 lsa.
2583 5514 2693 5573 1.751,
2716 5499 2766 5553 1.
2845 5500 2889 5531 ³³
2914 5499 3111 5571 Ephes.
3154 5518 3231 5573 iv,
3262 5503 3352 5559 24.

94 5561 611 5685 ⁸⁸Ιεεέὶχιινιι,’ἳ2.
718 5575 764 5610 ³⁸
793 5573 939 5631 Psal.
979 5561 1170 5641 x'xxnt,
1204 5576 1256 5630 3.
1336 5561 1379 5607 ⁵⁸
1412 5575 1559 5631 l’sal.
1604 5561 1680 5644 ἠ,

92 5648 166 5687 si.
278 5670 294 5686 .

1787 5613 1813 5634 ..
1914 5576 1955 5607 ³⁷
2016 5561 2246 5629 Malach.
2306 5590 2379 5642 tv,
2439 5573 2494 5627 2.
2596 5571 2638 5603 ³³
2679 5561 2781 5627 lsa.
2848 5561 3048 5638 ιιι,’5.
3144 5561 3352 5630 “Luc.

1848 5363 2032 5435 Pergit
2071 5362 2273 5419 deinde
2325 5360 2546 5418 lsraelis
2588 5360 2927 5416 Salvatorem
2972 5370 3025 5416 et
3061 5365 3356 5429 redempto-

1390 5732 1623 5790 vaam:
1665 5732 2068 5793 LECTIONES.

164 5818 190 5860 ι
210 5836 301 5890 γρ.
332 5819 573 5888 εἴρηται.

414 5918 691 5981 Parum.
738 5914 856 5978 Gn.
893 5912 1275 5977 LXXXVII.
2956 5920 3032 5988 79
