3998 6390
589 307 730 372 250⁸1

1909 300 2262 364 PROCOPII
2304 300 2546 365 GAZ/EI

3686 311 3800 378 2508

592 439 702 476 rem
741 435 798 477 se
834 435 956 477 esse
989 421 1314 488 ostendere;
1347 421 1466 476 sive
1499 427 1716 488 tempus
1746 415 1883 472 illud
1933 424 2173 486 spectes,

2291 416 2510 486 Σωτῆρα
2539 415 2633 470 καὶ
2665 419 3004 487 Λυτρωτήν.
3049 420 3159 474 Καὶ
3190 421 3277 476 ὅτε
3308 421 3570 492 κατῆλθεν
3596 424 3718 479 ἑκὼν
3741 430 3803 493 είς

592 530 704 584 quo
758 522 952 584 sponte
984 513 1038 567 in
1080 512 1377 584 AEgyptum
1431 511 1685 584 profecta
1732 508 1921 564 Jacobi
1950 511 2172 573 domus,

593 605 666 660 ibi
702 612 923 675 propter
951 601 1151 659 famem
1181 602 1467 670 habitavit,
1515 601 1633 657 sive
1674 599 1809 654 illud
1843 600 2034 663 etiam,
2064 614 2176 669 quo

592 713 690 765 per
719 697 968 766 Assyrios
994 703 1080 750 est
1105 700 1418 766 e‘xpugnata
1453 693 1674 757 civitas,
1711 701 1771 746 ut
1792 691 1862 748 ab
1887 706 1950 747 ea
1973 691 2178 746 redem-

591 791 769 856 ptione
803 804 928 858 quae
975 788 1240 845 sensibus
1271 797 1438 859 patet,
1493 786 1562 841 ad
1594 786 1740 856 ejus,
1773 801 1894 853 qua
1940 785 2176 840 adventu

593 895 698 933 suo
756 881 898 934 facta
951 886 1057 942 est,
1103 893 1230 934 cum
1273 878 1384 933 alia
1439 877 1657 933 ratione
1699 877 1868 946 gratis
1892 873 2179 930 venundati

593 977 786 1032 essent,
851 969 1274 1040 intelligentiam
1344 967 1605 1024 deducat.
1657 969 1837 1034 Atque
1897 967 2026 1021 inde
2070 974 2176 1029 est,

593 1060 765 1130 quod,
795 1060 859 1115 Et
882 1078 1022 1116 nunc
1049 1060 1177 1130 quid
1197 1062 1293 1115 erit
1328 1061 1451 1116 hic?
1474 1062 1581 1126 vel,
1611 1069 1670 1114 ut
1691 1061 1874 1114 caeteri
1905 1059 2178 1128 interpre-

595 1161 808 1218 tantur,
847 1154 974 1222 quid
1005 1162 1105 1207 erit
1131 1153 1263 1206 mihi
1285 1153 1410 1207 hic?
1435 1152 1644 1206 intulit.
1681 1150 1830 1205 Nihil
1882 1150 2030 1207 cnim
2067 1151 2176 1215 hic,

597 1245 696 1306 ait,
728 1243 868 1313 apud
895 1258 990 1298 eos
1025 1243 1265 1313 reperio,
1299 1244 1460 1314 juxta
1490 1243 1624 1298 illud
1658 1259 1673 1297 :
1713 1260 1732 1292 ι
1780 1241 1903 1298 Ideo
1951 1241 2096 1307 veni,
2127 1250 2182 1296 et

599 1349 710 1388 non
751 1343 870 1388 erat
916 1333 1100 1388 homo.
1145 1332 1363 1400 Vocavi,
1414 1345 1470 1390 et
1515 1351 1624 1390 non
1682 1343 1801 1391 erat
1864 1335 1958 1405 qui
2025 1335 2182 1390 audi-

599 1435 685 1479 ret
705 1425 770 1478 ⁵ο.
809 1444 828 1476 ι
869 1424 1027 1491 Quod
1061 1425 1107 1481 si
1138 1425 1206 1479 ad
1243 1440 1386 1489 eam,
1418 1441 1540 1496 qua:
1575 1425 1680 1481 sub
1723 1425 2006 1482 Romanos
2055 1425 2179 1492 fuit,

601 1515 979 1585 captivitatem
1041 1516 1287 1584 referas,
1355 1516 1423 1571 ad
1485 1518 1730 1589 gentium
1790 1518 2065 1590 regiones,
2125 1519 2179 1574 in

600 1609 801 1677 quibus
831 1607 1069 1678 dispersi
1098 1616 1388 1678 vagantur,
1420 1608 1526 1664 loci
1569 1609 1840 1679 particula
1869 1609 2137 1665 referetur
2162 1628 2175 1664 :

600 1701 885 1765 nimirum,
931 1707 991 1754 ut
1025 1715 1121 1756 eos
1157 1701 1278 1756 ideo
1310 1700 1367 1755 in
1399 1701 1495 1756 tali
1528 1716 1713 1757 rerum
1746 1711 1894 1758 statu
1950 1705 2180 1771 versari,

603 1794 824 1864 istaque
877 1793 990 1863 pati
1053 1792 1279 1860 indit-et,
1337 1794 1485 1864 quod
1546 1793 1966 1866 Redemptorem
2020 1812 2182 1852 suum

603 1885 754 1939 cruci
793 1884 1087 1940 alliserint.
1146 1885 1374 1952 Deinde,
1425 1902 1552 1942 cum
1599 1888 1924 1943 mirarentur
1973 1888 2188 1945 ,1υάωο-

603 1992 726 2031 rum
757 1975 1058 2046 principes,
1091 1993 1264 2047 quare
1313 1978 1407 2034 Dei
1440 1993 1566 2034 sors
1625 1978 1792 2036 Israel
1840 1988 1894 2037 et
1959 1991 2188 2039 sanctus

605 2067 911 2137 appellatus
934 2067 1010 2121 ita
1039 2069 1436 2124 miserabiliter
1462 2080 1790 2137 vexaretur,
1827 2080 1884 2128 et
1915 2079 2181 2143 tanquam

612 2175 712 2229 spe
747 2174 980 2228 prorsus
1007 2160 1262 2231 adempta
1304 2161 1574 2218 ulularent
1607 2201 1625 2230 ,
1659 2165 1716 2218 in
1767 2163 1991 2220 eosdem
2029 2181 2194 2234 expu-

607 2252 891 2321 gnationis
920 2251 1268 2308 subditorum
1319 2267 1547 2309 suorum
1582 2256 1800 2324 culpam
1851 2255 2051 2326 rejicit,
2095 2257 2191 2327 qui

609 2341 917 2399 Salvatoris
948 2344 1121 2398 oblati
1153 2344 1312 2400 fidem
1341 2345 1600 2417 amplecti
1627 2347 1766 2418 ipsis
1796 2362 1902 2402 non
1935 2349 2190 2419 permise-

618 2447 772 2493 runt.
809 2439 876 2492 At
910 2447 1104 2507 gentes
1137 2452 1261 2492 cum
1287 2453 1411 2494 eam
1440 2453 1566 2494 esse
1595 2453 1822 2494 causam
1851 2439 2188 2510 ignorarent,

609 2529 839 2584 istorum
861 2529 1030 2582 Deum
1051 2528 1442 2584 imbecillitatis
1458 2528 1782 2600 arguebant,
1807 2543 1970 2599 quem
2002 2544 2190 2586 serva-

610 2637 673 2675 re
704 2635 812 2675 non
851 2621 1094 2676 valuisse
1118 2618 1376 2675 dicebant
1400 2637 1413 2673 :
1434 2619 1576 2674 sicut
1598 2620 1729 2674 olim
1755 2621 2188 2691 ltapsaces,cum

607 2727 728 2777 vos,
759 2711 959 2780 inquit,
985 2725 1091 2764 non
1121 2718 1344 2780 propter
1370 2711 1566 2765 virium
1591 2725 1832 2767 mearum
1866 2712 2189 2767 tenuitatem

605 2817 755 2861 esset
779 2803 1028 2859 adortus.
1064 2800 1183 2857 Non
1235 2801 1400 2872 hujus
1441 2803 1648 2874 itaque,
1687 2804 1784 2860 sed
1829 2815 2044 2870 vestrae,
2094 2805 2188 2876 qui

606 2896 901 2968 peccastis,
917 2895 1061 2951 vires
1077 2895 1425 2951 exciderunt.
1442 2895 1548 2951 lsta
1573 2906 1752 2952 autem
1780 2897 1846 2952 ad
1873 2897 2190 2954 Judaeorum

607 2990 884 3062 principes
911 2987 1071 3059 dirigi
1104 2997 1432 3044 caeterorum
1465 2988 1758 3044 confirmat
1788 2989 2188 3060 interpretatio.
2243 2973 2250 2981 ’

2276 508 2378 577 τὴν
2410 508 2710 576 Αἴγυπτον,
2739 509 2834 564 τοῦ
2871 511 3065 566 Ἰακὼὸ
3103 514 3222 566 ἐκεῖ
3249 513 3337 567 διὰ
3371 514 3527 584 λιμὸν
3567 520 3806 586 naremi-

2277 614 2539 666 σαν-τος·
2569 601 2666 655 καὶ
2691 602 2780 655 ὅτε
2817 602 2912 674 βίᾳ
2951 603 3042 656 διὰ
3065 604 3164 668 τὰς
3197 605 3473 676 ἁμαρτίας
3501 605 3588 658 ὑπ’
3625 609 3810 664 Ἀσσυ.
3837 631 3839 634 ⁴

2272 692 2421 760 ρίων
2448 692 2612 758 ἑάλω,
2651 693 2760 746 ἀπὸ
2787 693 2889 762 τῆς
2915 694 3185 765 αἰσθητῆς
3223 693 3594 763 λυτρώσεως,
3635 698 3718 768 τὴν
3740 703 3812 755 ἐπὶ

2278 787 2379 855 τῆς
2409 785 2720 856 παρουσίας
2751 785 2918 840 αὐτοῦ
2940 785 3119 856 δηλῶν
3147 786 3295 858 ἄλλῳ
3323 787 3468 858 λόγῳ
3493 787 3706 856 δωρεὰν
3732 808 3813 846 πε-

2279 877 2654 948 πραγμένων.
2685 877 2776 930 Διὸ
2811 878 3058 947 ἐπιλέγει
3079 893 3094 909 °
3121 879 3231 934 Kal
3265 879 3384 934 νῦν
3410 878 3468 933 τί
3498 873 3611 934 ὦδε
3641 881 3815 948 ierat;

2279 969 2314 1040 ἦ
2341 969 2482 1023 κατά
2505 967 2633 1032 τοὺς
2653 969 2898 1036 λοιποὺς,
2925 969 3024 1023 καὶ
3047 970 3163 1025 νῦν
3183 971 3241 1024 τί
3261 971 3397 1025 ἐστι
3416 987 3516 1041 μοι
3545 965 3681 1036 (Ede;
3698 975 3816 1028 οὐδὲν

2281 1061 2415 1132 γὰρ,
2449 1061 2638 1131 φησὶν,
2655 1053 2758 1116 ὦδε
2774 1062 2906 1132 παρ’
2932 1063 3114 1126 αὐτοῖς
3135 1062 3395 1134 εὑρίσκω,
3421 1062 3560 1116 κατὰ
3583 1063 3639 1116 τὸ
3662 1066 3815 1135 ῥηθέν·

2290 1170 2308 1203 ι
2336 1152 2482 1205 Διότι
2513 1147 2699 1223 ἦλθον,
2735 1151 2833 1205 καὶ
2863 1152 2963 1206 οὐκ
2989 1146 3060 1224 ἦν
3102 1152 3412 1223 ἄνθρωπος.
3449 1151 3719 1219 Ἐκάλεσα,
3741 1158 3814 1207 καὶ

2281 1243 2383 1296 οὐκ
2412 1239 2480 1315 ἦν
2508 1245 2537 1297 6
2568 1243 2880 1297 ὑπακούων.
2903 1262 2922 1294 ι
2953 1245 3016 1296 El
3037 1244 3094 1297 δὲ
3121 1244 3219 1314 τὴν
3254 1244 3360 1297 ὑπὸ
3409 1245 3683 1314 Ῥωμαίων
3725 1249 3820 1317 αἰχ-

2291 1335 2577 1406 μαλωσίαν
2604 1335 2774 1406 δηλοῖ,
2798 1334 3010 1404 λέγοιτο
3039 1335 3106 1389 ἂν
3134 1336 3194 1388 τὸ
3209 1329 3331 1399 ὧδε,
3349 1337 3406 1390 ὲν
3422 1339 3540 1399 ταῖς
3562 1337 3663 1389 τῶν
3688 1337 3822 1390 ἐθνῶν

2283 1429 2512 1500 χώραις,
2543 1430 2623 1492 εις
2654 1428 2721 1493 ἃς
2749 1428 3159 1500 διεσπάρησαν·
3192 1429 3378 1500 ἤγουν,
3407 1430 3466 1482 ὲν
3490 1430 3656 1500 τοιᾷδε
3686 1449 3822 1484 κατει-

2285 1520 2474 1574 στάσει
2525 1521 2871 1590 πραγμάτων
2919 1519 3204 1590 δηλονότι,
3251 1521 3428 1574 ταῦτα
3479 1523 3726 1592 πάσχουσι
3752 1524 3825 1576 τὸν

2284 1612 2491 1664 ἑαυτῶν
2515 1612 2932 1681 σταυρώσαντες
2957 1610 3264 1682 λυτρωτὴν.
3290 1606 3426 1664 Εἶτα
3452 1612 3826 1679 θαυμαζόντων

2284 1701 2394 1756 τῶν
2419 1703 2550 1773 παρ’
2587 1702 2860 1766 Ἰουδαίοις
2895 1700 3248 1773 καθηγητῶν,
3279 1701 3401 1764 πῶς
3431 1704 3459 1755 6
3491 1700 3623 1754 Θεοῦ
3662 1701 3828 1772 κλῆρος

2287 1793 2580 1866 λεγόμενος
2598 1795 2692 1849 καὶ
2720 1795 2879 1864 ἅγιος
2915 1793 3133 1866 Ἰσραὴλ
3157 1792 3392 1864 ἔπραξεν
3416 1791 3588 1855 οὕτως
3615 1793 3827 1864 οἰκτρὰ,

2289 1886 2384 1940 καὶ
2418 1887 2494 1950 ὡς
2517 1886 2705 1957 πάσης
2726 1886 2912 1948 αὐτοῖς
2933 1885 3286 1957 ἀνῃρημένης
3309 1883 3527 1945 ἐλπίδος
3552 1883 3830 1944 όλολυζόν-

2287 1997 2430 2044 των,
2457 1979 2660 2043 αὐτοὺς
2687 1980 2928 2032 αίτιᾶται
2966 1979 3066 2050 τῆς
3091 1977 3200 2032 τῶν
3226 1977 3489 2048 ὑπηκόων
3506 1975 3828 2040 ἀλώσεως.οὒ

2287 2070 2399 2142 γὰρ
2438 2069 2784 2141 συνεχώρουν
2829 2071 3020 2134 αὐτοῖς
3063 2070 3142 2140 τῷ
3179 2069 3314 2142 πρὸς
3353 2069 3555 2132 αὐτοὺς
3585 2069 3830 2140 ἀφιγμένῳ

2290 2163 2579 2217 πιστεῦσαι
2633 2161 2869 2234 Σωτῆρι.
2907 2161 3050 2216 Ἀλλ’
3096 2163 3145 2216 οἱ
3195 2160 3403 2216 ἐθνικοὶ
3454 2161 3555 2232 τὴν
3589 2161 3681 2232 τῆς
3720 2161 3830 2215 ἀλώ-

2291 2271 2433 2318 σεως
2457 2253 2780 2323 ἀγνοοῦντες
2813 2253 3014 2322 αἰτίαν,
3049 2253 3341 2317 ἀσθενείας
3376 2253 3470 2307 τδν
3499 2253 3695 2307 τούτων
3735 2257 3829 2325 ητις

2289 2347 2430 2400 ῶντο
2450 2345 2607 2413 Θεὸν,
2629 2344 2706 2410 ὡς
2741 2345 2936 2410 σῶσαι,
2969 2344 3111 2398 κατὰ
3135 2345 3229 2398 τὸν
3259 2343 3542 2414 Ῥαψάκου
3566 2343 3727 2410 λόγον,
3753 2345 3831 2396 ab-

2289 2438 2418 2501 τοὺς
2445 2439 2546 2492 οὐκ
2582 2437 2900 2508 ἰσχύσαντα.
2936 2439 3203 2501 Κάκεῖνος
3235 2439 3346 2510 γάρ
3369 2438 3501 2507 ὑμῖν
3526 2437 3756 2508 ἐπῆλθεν,
3779 2439 3829 2490 οὐ

2288 2529 2358 2583 δι’
2395 2529 2538 2602 ἐμὴν
2576 2528 2886 2584 ἀσθένειαν.
2925 2529 3231 2602 Τοιγαροῦν
3261 2528 3277 2566 ι
3309 2531 3345 2600 ὴ
3385 2527 3578 2582 τούτου
3610 2529 3827 2582 πέπτωκε

2290 2620 2544 2691 δύναμις,
2591 2620 2708 2676 ἀλλ’
2760 2619 2915 2692 ὐμῶν
2963 2620 3390 2692 ἡμαρτηκότων.
3440 2621 3560 2675 Ὀτι
3599 2619 3651 2674 δὲ
3688 2618 3828 2673 ταῦτα

2289 2715 2402 2777 τοῖς
2439 2713 2670 2785 ἄρχουσι
2705 2714 3042 2784 προσφωνεῖ,
3075 2715 3109 2783 ή
3145 2711 3253 2766 τῶν
3293 2711 3476 2766 ἄλλων
3527 2711 3830 2781 παρέστησεν

2291 2803 2522 2868 ἔκδοσις.
2567 2804 2626 2857 ⁸0
2662 2805 2762 2874 μὲν
2807 2806 2916 2876 γὰρ
2948 2803 3274 2875 Σύμμαχος’
3305 2805 3377 2857 Ol
3418 2801 3832 2868 ἐξουσιάζοντες

2290 2895 2500 2962 αὑτοῦ,
2528 2897 2718 2967 φησιν.
2759 2896 3178 2956 όλολύζουσιν.
3233 2896 3346 2950 Καὶ
3400 2893 3629 2959 Ἀκύλας
3648 2935 3662 2959 ,
3697 2894 3836 2958 650v-

2293 2987 2621 3056 σιὰζοντες.
2665 2989 2727 3042 '0
2754 2987 2814 3042 δὲ
2841 2987 3140 3042 Θεοδοτίων
3167 2987 3488 3057 ἄρχοντες.
3520 2988 3609 3042 Διὸ
3634 2987 3720 3042 καὶ
3747 2986 3838 3041 ἀνω

610 3082 839 3138 Veitunt
867 3081 1012 3136 enim
1051 3079 1420 3152 Symmachus
1449 3080 1748 3151 etAqnilas
1773 3096 1788 3134 :
1816 3081 2187 3137 Dominatom

2293 3077 2480 3148 ἔλεγεν
2500 3093 2514 3108 ·
2543 3078 2708 3140 αὐτὸς
2743 3075 2946 3150 Κύριος
2973 3078 3054 3141 εἰς
3082 3077 3268 3149 κρίσιν
3291 3077 3418 3149 ἥξει
3450 3079 3588 3149 μετά
3613 3077 3710 3131 τῶν
3734 3093 3841 3147 πρε·

604 3175 719 3243 ejus
757 3172 967 3226 ululant
996 3186 1016 3226 :
1046 3171 1138 3226 ubi
1171 3169 1477 3227 Theodotio
1515 3171 1777 3240 principes
1809 3187 1908 3242 pro
1945 3173 2190 3228 domina-

607 3267 810 3321 toribus
853 3263 1012 3318 dixit.
1069 3258 1210 3318 Hinc
1260 3263 1431 3334 igitur
1487 3263 1652 3334 589
1695 3273 1752 3318 et
1799 3263 1886 3318 illa
1947 3263 2187 3328 fuerunt,

603 3357 810 3428 quibus
841 3364 1002 3410 antea
1029 3353 1323 3408 Dominum
1373 3371 1498 3411 cum
1546 3357 1732 3426 populi
1773 3355 2109 3421 senioribus,
2139 3366 2192 3412 et

605 3465 733 3504 eum
769 3448 1114 3520 principibus
1143 3446 1284 3518 ejus,
1322 3447 1378 3503 in
1409 3447 1680 3520 judicium
1729 3458 2026 3505 venturum
2067 3466 2191 3507 esse

605 3540 971 3610 signiﬁcaret.
1008 3537 1145 3592 Nam
1196 3546 1252 3595 et
1285 3539 1485 3612 vulgus
1546 3540 1727 3610 ipsum
1781 3539 1850 3594 ad
1911 3555 2190 3596 rumorem

607 3633 900 3688 sinistrum
943 3632 1014 3688 de
1072 3630 1364 3689 Salvatore
1425 3632 1794 3703 spargendum
1855 3634 2187 3689 excitarunt.

607 3724 799 3794 Itaque
833 3723 1136 3780 secundum
1179 3724 1336 3787 alios,
1375 3733 1500 3794 post
1550 3727 1717 3781 verba
1773 3726 1926 3781 ista:
1981 3725 2190 3780 Nomen

608 3833 783 3871 meum
842 3816 1278 3884 blasphematur,
1326 3818 1381 3871 in
1435 3819 1676 3888 gentibus
1729 3833 1841 3874 non
1896 3821 2187 3889 reperias:

607 3923 788 3976 neque
827 3908 969 3976 apud
1010 3906 1431 3977 Symmachum,
1462 3908 1558 3977 qui
1603 3908 1808 3978 jugiter
1847 3917 1957 3962 tota
1991 3909 2077 3963 die
2096 3926 2190 3964 no-

608 4015 726 4053 men
756 4015 929 4052 meum
957 3997 1380 4064 blasphematur,
1411 3998 1804 4068 interpretatus
1825 4009 1929 4055 est.
1965 3999 2193 4071 Semper

608 4091 754 4146 enim
789 4091 842 4143 in
872 4089 1164 4142 Dominum
1188 4091 1452 4160 principes
1483 4106 1585 4144 non
1618 4090 1908 4161 blasphemi
1963 4091 2192 4148 fuerunt

607 4191 848 4247 tantum,
904 4183 1002 4237 sed
1056 4183 1410 4252 blasphemia:
1476 4197 1701 4239 causam
1761 4187 1974 4240 caeteris
2022 4185 2188 4239 etiam

608 4277 988 4346 praebuerunt.
1041 4273 1204 4330 Tales
1231 4275 1423 4343 igitur,
1456 4275 1658 4346 inquit,
1692 4276 1798 4346 ipsi
1832 4292 1928 4333 vos
1965 4280 2186 4347 pzaesti-

609 4369 778 4423 tistis.
806 4366 911 4421 Sed
941 4382 1028 4420 me
1059 4368 1292 4437 gentium
1313 4365 1541 4436 populus
1590 4368 1643 4422 iu
1682 4368 1861 4424 locum
1919 4379 2190 4432 vestrum,

2297 3169 2574 3244 ώυτέρων
2597 3169 2692 3224 τοῦ
2731 3169 2886 3236 λαοῦ,
2916 3170 3013 3224 καὶ
3053 3169 3193 3240 μετὰ
3226 3169 3336 3224 τῶν
3372 3170 3652 3242 ἀρχόντων
3683 3167 3840 3225 αὐτοῦ.

2295 3261 2460 3315 Αὐτοὶ
2490 3262 2600 3332 γὰρ
2646 3263 2939 3318 ἀνέσεισαν
2965 3263 3035 3316 τὰ
3067 3261 3249 3333 πλήθη
3277 3263 3409 3326 ταῖς
3446 3261 3587 3316 κατά
3627 3259 3713 3314 τοῦ
3749 3261 3843 3312 Σω-

2294 3353 2460 3425 τῆρος
2488 3354 2793 3427 κεχρῆσθαι
2816 3357 3044 3424 φωναῖς.
3075 3355 3189 3420 Διδ,
3215 3354 3360 3410 κατά
3393 3355 3524 3419 τοὺς
3554 3353 3774 3415 λοιποὺς,
3794 3350 3842 3403 οὐ

2296 3445 2620 3517 πρόσκειται
2652 3447 2753 3520 τῷ,
2779 3447 2849 3502 τὸ
2867 3447 3056 3519 ὄνομα
3079 3467 3200 3520 μου
3225 3447 3696 3519 βλασφημεῖται,
3717 3445 3769 3498 τὸ
3790 3445 3843 3496 ἐν
3949 3465 3952 3468 ’

2296 3535 2422 3602 τοῖς
2449 3535 2676 3592 ἔθνεσι.
2693 3536 3002 3610 Τοιγαροῦν
3033 3541 3064 3593 6
3093 3537 3397 3612 Σύμμαχός
3419 3554 3581 3610 φησιο
3609 3535 3703 3590 Διά
3722 3549 3844 3588 παν-

2298 3626 2424 3692 τὸς,
2460 3625 2620 3695 ὅλην
2647 3625 2764 3696 τὴν
2789 3627 3023 3698 ἡμέραν
3049 3628 3116 3683 τὸ
3137 3627 3327 3697 ὄνομὰ
3347 3646 3474 3697 μου
3501 3622 3843 3694 βλασρτυιεῑο

2297 3733 2413 3771 ται.
2451 3719 2568 3772 Ἀεὶ
2595 3719 2706 3788 γὰρ
2737 3722 2792 3774 ol
2824 3720 3115 3790 ἄρχοντες
3152 3720 3598 3790 ἐϐλασφήμουν
3627 3718 3725 3770 τὸν
3757 3715 3847 3770 lui-

2289 3827 2447 3880 ριον,
2481 3813 2578 3866 καὶ
2612 3815 2726 3878 τοῖς
2777 3814 2958 3880 ἄλλοις
3005 3815 3330 3871 ὑπέϐαλλον.
3384 3815 3536 3869 Ἀλλ’
3574 3814 3724 3884 ὑμεῖς
3766 3811 3844 3881 μὲν

2295 3902 2551 3958 τοιοῦτοι.
2591 3905 2644 3958 '0
2672 3905 2744 3970 es
2774 3905 2970 3961 ἐθνῶν
3006 3907 3064 3960 δὲ
3097 3905 3393 3974 λαὸς,ἀνθ’
3431 3906 3460 3960 ὑ
3470 3906 3586 3976 μῶν
3623 3920 3686 3975 με
3719 3900 3845 3966 δοξὰ-

2301 4010 2406 4058 σει,
2428 3993 2524 4047 τοῦ
2550 3995 2697 4065 ἐμοῦ
2723 3997 3018 4066 ὀνόματος
3045 3997 3315 4068 πειρατὴν
3337 3996 3577 4066 δύναμιν
3605 3990 3845 4062 ἐγνωκὼς,

2298 4085 2367 4156 ἢν
2394 4086 2495 4139 οὐκ
2523 4086 2724 4150 ειδότες
2747 4088 2883 4142 αὐτὸ
2909 4088 3351 4159 βλασφημεῖτε.
3373 4090 3492 4143 Καὶ
3521 4087 3688 4141 ταῦτα
3721 4084 3846 4136 ἔσται

2301 4174 2375 4244 τῇ
2407 4177 2598 4246 ἡμέρᾳ
2643 4178 2850 4253 ἐκείνῃ,
2917 4180 3042 4234 καθ’
3071 4183 3138 4252 ἢν
3176 4179 3497 4250 ἀνθρώποις
3535 4181 3566 4232 6
3595 4177 3752 4231 ταῦτα
3779 4173 3848 4226 διὰ

2299 4269 2409 4322 τῶν
2429 4270 2727 4342 προφητῶν
2757 4271 2937 4340 λέγων
2967 4273 3315 4343 ἐπιδημήσω.
3341 4272 3520 4326 Τοῦτο
3545 4270 3638 4325 καὶ
3672 4265 3847 4326 Παῦλος

2299 4363 2488 4432 λέγει·
2532 4381 2551 4415 ι
2589 4363 2926 4436 Πολυμερῶς
2961 4365 3054 4418 καὶ
3099 4364 3467 4436 πολυτρόπως
3492 4362 3659 4418 πάλαι
3687 4361 3712 4414 6
3739 4357 3848 4418 Θεὸς

610 4460 700 4513 ubi
734 4459 960 4512 nominis
1003 4458 1104 4510 mei
1139 4457 1304 4520 vires,
1349 4457 1499 4528 quod
1533 4458 1639 4528 ipsi
1688 4458 2010 4528 ignorantes
2047 4459 2187 4514 blas-

2301 4455 2542 4527 λαλήσας
2567 4459 2682 4520 τοῖς
2717 4456 2992 4529 πατράσιν
3023 4458 3081 4511 ὲν
3113 4458 3448 4530 προφήταις,
3497 4455 3586 4509 ἐπ’
3633 4453 3844 4524 ἐσχάτων

607 4551 875 4617 phematis
903 4590 918 4614 ,
949 4549 1132 4619 reipsa
1164 4548 1440 4615 didicerit,
1473 4549 1646 4621 gloria
1680 4550 1898 4606 alliciet.
1931 4549 2076 4635 Quae
2100 4553 2199 4606 illa

2305 4547 2417 4602 τῶν
2448 4548 2675 4621 ἡμερῶν
2695 4548 2904 4605 τούτων
2932 4550 3199 4620 ἐλάλησεν
3229 4551 3363 4623 ἡμῖν
3398 4551 3460 4602 εν
3496 4547 3630 4620 Υίῷ.
3677 4568 3694 4600 ι

611 4649 727 4695 tum
753 4641 970 4696 demum
997 4640 1082 4696 die
1125 4639 1242 4696 fieri
1271 4641 1574 4712 continget,
1605 4658 1729 4698 cum
1782 4643 1922 4714 ipse,
1961 4645 2056 4714 qui
2107 4657 2204 4714 per
2244 4640 2541 4712 prophetas
2605 4641 2712 4698 ista
2743 4641 3034 4710 denuntio,
3101 4660 3228 4699 cum
3277 4644 3604 4700 hominibus
3650 4653 3845 4698 conver-

611 4734 798 4788 sabor.
831 4731 887 4786 ld
917 4741 1100 4788 autem
1140 4742 1196 4789 et
1245 4731 1451 4790 Paulus
1505 4733 1792 4800 indicavit,
1826 4751 1951 4791 cum
2009 4737 2177 4791 Deum
2219 4733 2571 4788 multifariam
2599 4735 2898 4808 multisque
2925 4735 3107 4794 modis
3135 4735 3268 4792 olim
3316 4735 3571 4808 patribus
3640 4734 3692 4791 in
3740 4745 3840 4805 pro.

611 4824 812 4894 pbetis,
837 4824 936 4880 sed
966 4825 1296 4882 novisssime
1321 4823 1518 4882 diebus
1548 4826 1671 4882 istis
1701 4826 1754 4880 in
1781 4825 1922 4883 Filio
1954 4827 2198 4884 locutum
2221 4839 2346 4880 esse
2384 4823 2717 4894 significavit
2742 4825 2807 4881 “.

687 5001 854 5059 Vens.
893 5002 1051 5058 6-15.
1100 5002 1253 5058 Sicut
1285 5005 1419 5059 hora
1451 5021 1610 5073 super
1657 5016 1881 5074 montes,
1912 5008 1989 5061 sic
2038 5007 2196 5076 pedes

609 5095 1086 5166 evangelizantium
1131 5097 1378 5150 auditum
1406 5099 1578 5166 pacis,
1613 5101 1691 5152 sic
1728 5100 1818 5170 qui
1868 5100 2197 5170 euangelisat

612 5189 750 5242 bona
783 5202 802 5242 :
838 5188 964 5258 quia
1005 5187 1248 5242 auditam
1292 5189 1451 5259 faciet
1496 5191 1725 5245 salutem
1769 5203 1941 5256 tuam,
1977 5193 2195 5249 dicens:

612 5275 764 5339 Sion,
800 5274 1039 5347 regnabit
1061 5275 1204 5331 Deus
1239 5286 1362 5332 tuus
1391 5279 1557 5348 :quia
1585 5295 1682 5333 uox
1710 5281 2120 5334 custodientium
2135 5289 2195 5336 ‘te

609 5368 851 5422 exaltata
890 5377 992 5435 est,
1025 5376 1077 5422 et
1117 5384 1238 5424 voce
1281 5369 1444 5425 simul
1468 5369 1796 5426 lwtabuntur
1825 5387 1844 5426 :
1877 5372 2001 5442 quia
2047 5372 2193 5426 oculi

711 5545 758 5577 “
790 5546 896 5603 lsa.
923 5564 1049 5618 ειν,
1084 5551 1172 5607 l2.
1269 5551 1316 5585 “
1358 5551 1524 5609 llcbr.
1561 5552 1676 5619 1,1.

2335 5056 2343 5064 .
2375 5005 2521 5070 ζ-ιεν.
2570 5007 2667 5075 Ὡς
2693 5007 2815 5076 ὥρα
2858 5008 2956 5063 ἐπί
2990 5007 3108 5063 τῶν
3137 5009 3341 5078 ὀρέων,
3373 5008 3454 5075 ὡς
3481 5007 3665 5073 πόδες
3703 5005 3846 5072 abar-

2302 5097 2695 5169 τελιζομένων
2731 5101 2926 5169 ἀκοὴν
2953 5101 3221 5170 εἰρήνης,
3250 5101 3332 5167 ὡς
3358 5097 3845 5169 εὐαγγελιζόμενος

2301 5189 2516 5260 ἀγαθά.
2565 5191 2695 5246 Ὅτι
2742 5192 3060 5262 ἀκουστὴν
3108 5192 3350 5261 ποιήσει
3405 5191 3524 5258 τὴν
3578 5189 3847 5256 σωτηρίαν

2301 5297 2419 5337 σου
2452 5283 2666 5353 λέγων’
2702 5285 2876 5353 Σιὼν,
2922 5288 3289 5352 ,ϐασιλεύσει
3331 5299 3447 5339 σου
3485 5287 3521 5338 ό
3557 5284 3714 5348 Θεός.
3737 5277 3845 5333 ὀτι

2299 5375 2470 5446 φωνὴ
2500 5375 2619 5431 τῶν
2637 5382 3090 5448 φυλασσόντων
3113 5396 3188 5436 σε
3207 5377 3442 5449 ὑψώθη,
3482 5376 3582 5433 καὶ
3614 5393 3644 5430 τ
3649 5372 3685 5444 ᾖ
3701 5367 3845 5444 φωνῧ

1920 5642 2158 5701 VARLE
2216 5643 2615 5704 LECTIONES.

689 5721 708 5768 Ῑ
748 5730 810 5782 .1.
849 5728 966 5801 οὐχ.
