3998 6390
165 304 305 372 2509

1260 301 1791 365 COMMENTARII
1832 302 1915 364 IN
1956 301 2244 367 ISAIAM.

3277 304 3441 374 2510-

174 423 292 492 ᾶμα
322 418 872 492 εὐφρανθήσονται,
901 418 995 473 ὅτι
1026 417 1322 489 ὀφθαλμοὶ
1344 420 1493 488 πρὸς
1525 419 1748 490 ὀφθαλ-

1850 415 1920 471 ad
1946 419 2125 472 oculos
2146 417 2414 483 videbunt,
2449 411 2663 489 quando
2688 414 2934 471 misertus
2961 384 3134 486 fuerit.
3163 410 3420 476 Dominus

159 513 313 583 ιιοὺς
364 511 645 582 ὄψονται,
703 510 890 580 ἡνίκα
943 509 1022 565 ἂν
1071 508 1301 581 ἐλεήσῃ
1353 509 1571 580 Κύριος
1627 508 1744 580 τὴν

166 605 340 670 Σιὼν,
378 622 437 659 κ.
471 622 524 660 τ.
555 605 607 658 λ.

228 695 345 750 Τοῦ
395 695 533 750 Θεοῦ
574 695 751 764 Λόγου
798 693 897 767 τὴν
947 693 1029 758 εις
1076 692 1399 765 ἀνθρώπους
1442 691 1744 765 ἐπιδημίαν

164 787 358 850 εἰπὼν,
385 786 699 848 ἀκολούθως
722 786 794 840 τὰ
822 785 1057 858 περὶτοῦ
1082 782 1443 854 εύαγγελικοῦ
1473 785 1739 838 συνάπτει

162 879 539 950 κηρύγματος.
581 877 640 931 '0
666 877 724 931 δὲ
755 877 1052 948 Σύμμαχος
1081 877 1256 939 οὕτως
1275 875 1528 942 ἐξέδωκ’
1556 877 1618 930 Τί
1643 878 1742 930 εὑ-

162 966 410 1037 πρεπεῖς
460 966 557 1020 ἐπὶ
603 964 722 1020 τῶν
771 965 955 1036 ὀρέων
990 965 1174 1033 πόδες
1219 964 1768 1035 εὐαγγελιζομένου.

161 1058 357 1127 ἀκοὴν
367 1057 689 1122 ποιοῦντος
707 1054 975 1122 εἰρήνην,
992 1052 1522 1125 εὐαγγελιζομένου
1550 1053 1743 1122 ἀγαθὰ

163 1150 481 1218 ἀκουστὴν
508 1148 833 1215 ποιοῦντος
867 1148 1188 1216 σωτηρίαν,
1222 1145 1258 1200 ἀ
1287 1145 1352 1218 δὴ
1383 1145 1742 1221 μεταφράσας

163 1247 219 1298 ἐν
237 1246 306 1313 τῇ
349 1243 487 1314 πρὸς
522 1242 826 1314 Ῥωμαίους
855 1244 882 1295 6
916 1241 1130 1304 Παῦλός
1155 1257 1339 1311 φησιν·
1373 1259 1390 1292 ι
1430 1240 1520 1303 Ὠς
1550 1239 1742 1312 ὡραῖοι

162 1335 208 1386 οἱ
238 1333 406 1397 πόδες
449 1332 559 1386 τῶν
593 1332 1104 1402 εὐαγγελιζομένων
1146 1330 1349 1400 ἀγαθὰ,
1389 1329 1742 1399 εὐαγγελιζο-

165 1425 343 1494 μένων
368 1426 612 1495 εῐρήνην.
636 1443 654 1476 ι
695 1424 841 1477 ’Λντὶ
862 1424 919 1477 δὲ
952 1423 1044 1476 τοῦ
1069 1423 1392 1491 σωτηρίαν,
1415 1425 1450 1493 ἠ
1478 1421 1744 1494 Ἐὅραῖκὴ

161 1515 307 1582 λέξις
344 1517 592 1581 Ἰησοῦν
624 1515 891 1587 περιέχει.
925 1515 1036 1568 Καὶ
1073 1515 1120 1568 εἰ
1146 1515 1222 1586 μὴ
1251 1514 1350 1586 τὴν
1394 1514 1537 1582 λέξιν
1568 1514 1743 1586 ἑρμή-

161 1624 382 1673 νευσαν,
410 1607 562 1660 οὐδὲν
597 1607 664 1661 ἂν
697 1607 972 1660 ἐκώλυσεν
1003 1608 1230 1673 αὐτους
1269 1606 1459 1661 εἰπεῖν
1498 1607 1742 1662 ἀκοντί-

162 1699 370 1766 fartor;
407 1698 665 1767 Ἰησοῦν.
705 1699 848 1753 Ἀνθ⁹
875 1693 935 1753 οὗ
964 1695 1117 1752 εἶπεν
1154 1698 1385 1761 Ἀκύλας
1423 1697 1519 1751 καὶ
1551 1696 1742 1750 Θεοδο-

160 1790 293 1843 τίων
339 1789 766 1856 ἀκουτίζοντος
819 1789 1145 1857 σωτηρίαν.
1207 1788 1355 1841 Ἀντὶ
1401 1787 1459 1841 δὲ
1501 1786 1620 1854 τοῦ,
1666 1787 1746 1853 ὠς

159 1880 310 1946 ὥρα·
369 1883 400 1934 6
425 1881 523 1951 μὲν
550 1876 724 1945 εἶπεν,
760 1881 817 1934 τί
831 1880 1240 1949 ὡραιώθησαν.
1259 1879 1317 1933 Ὀ
1347 1880 1404 1934 δὲ
1428 1879 1744 1947 Θεοδοτῑων,

159 1972 504 2040 εὐπρεπεῖς.
533 1973 637 2025 Τὸν
660 1973 860 2043 δρόμον
886 1973 942 2026 δὲ
965 1974 1056 2025 τὸν
1082 1972 1354 2042 πανταχοῦ
1385 1973 1488 2043 γῆς
1515 1972 1621 2026 τῶν
1650 1971 1745 2025 τοῦ

162 2063 500 2132 Εὐαγγελιου
531 2062 790 2133 κηρύκων
811 2064 840 2116 6
868 2064 1025 2132 λόγος
1055 2063 1348 2129 θαυμάζει,
1377 2056 1452 2117 ὧν
1478 2065 1534 2118 οι
1561 2062 1746 2129 πόδες

160 2154 384 2222 ὡραῖοι,
421 2153 511 2208 διά
538 2155 600 2207 τὸ
634 2154 897 2226 καθαρὸν,
928 2154 1004 2220 ὡς
1042 2155 1106 2209 ἂν
1136 2154 1230 2209 τοῦ
1262 2155 1516 2228 Σωτῆρος
1547 2156 1746 2221 αὐτοὺς

161 2245 562 2314 ἀνπονίψαντος
585 2257 648 2300 ω.
664 2246 738 2313 Τὸ
761 2245 966 2316 ὑψηλὸν
985 2246 1040 2300 δὲ
1069 2246 1248 2301 αὐτῶν
1271 2247 1366 2300 τοῦ
1390 2247 1746 2318 κηρύγματος

159 2335 221 2388 τδ
249 2335 346 2388 ἐπὶ
373 2333 496 2388 τῶν
517 2333 702 2404 ὀρέων
725 2334 896 2405 δηλοῖ.
931 2336 1042 2406 Τὴν
1074 2337 1210 2408 πρὸς
1242 2335 1375 2390 Θεὸν
1408 2336 1464 2390 δὲ
1487 2339 1601 2399 τοῖς
1642 2354 1747 2407 μα-

162 2427 301 2500 κράν
335 2427 434 2480 καὶ
489 2429 603 2492 τοῖς
645 2428 814 2497 ἐγγὺς
844 2427 1095 2496 εἰρήνην
1125 2426 1606 2498 εὐηγγελίζοντο,
1648 2428 1747 2499 δη-

161 2519 384 2584 λοῦντες
402 2520 496 2573 τὸν
518 2522 757 2590 Χριστὸν
779 2521 872 2574 τὸν
902 2522 1205 2591 ποιήσαντα
1231 2523 1517 2594 ἀμφότερα
1542 2521 1618 2584 ἓν,
1652 2524 1748 2574 καὶ

160 2610 220 2665 τὸ
256 2612 582 2682 μεσότοιχον
613 2611 709 2665 τοῦ
738 2611 999 2683 φραγμοῦ
1029 2611 1292 2676 λύσαντα,
1323 2613 1421 2682 τὴν
1454 2612 1655 2683 ἔχθραν
1687 2613 1746 2666 ὲν

159 2705 224 2772 τῇ
263 2704 434 2773 σαρκὶ
462 2701 653 2758 αὑτοῦ.
684 2703 776 2768 Διὸ
815 2703 1314 2773 ταῖςἘκκλησίαις
1356 2705 1684 2758 ἐπιστέλλων
1717 2705 1746 2759 ὁ

160 2790 402 2856 Παῦλος,
442 2793 600 2864 χάρις
625 2793 754 2864 ὑμῖν
784 2795 879 2848 καὶ
910 2794 1104 2867 εἰρήνη
1147 2795 1369 2866 γράφει.
1412 2797 1744 2867 Εὐηγγελί-

161 2882 331 2944 ζον-το
379 2883 436 2936 δὲ
486 2884 582 2939 καὶ
613 2885 686 2939 τὰ
713 2886 884 2950 ὅντως
935 2888 1150 2956 ἀγαθὰ,
1175 2890 1304 2951 τοὺς
1362 2876 1746 2960 μακαρισμοῧς

161 2976 654 3044 καταγγέλλοντες.
701 2979 926 3048 Ἔλεγεν
947 2979 1004 3032 δὲ
1044 2980 1106 3032 τὸ
1149 2981 1416 3051 κήρυγμα
1445 2979 1520 3048 τῇ
1569 2980 1742 3046 Σιὼν,

1843 505 1973 562 Sion
1987 546 2004 574 ,
2048 515 2158 564 etc.

1913 693 2077 767 590
2107 693 2404 766 Postquam
2430 693 2498 749 de
2526 693 2686 749 Verbi
2720 692 2812 749 Dei
2844 692 2909 748 ad
2947 692 3200 751 homines
3232 708 3423 750 acces-

1843 800 1906 840 su
1925 785 2212 852 disseruit,
2236 784 2553 854 ordinejam
2571 784 2638 840 de
2671 783 2952 852 Evangelii
2987 784 3267 853 praeconio
3298 800 3421 840 ser-

1843 891 2058 932 monem
2099 875 2308 946 adjicit.
2331 875 2424 930 Sic
2447 884 2627 930 autem
2655 875 2822 929 vertit
2844 873 3211 944 Symmachus
3238 892 3252 929 :
3281 873 3422 940 Quid

1841 969 2047 1040 pulchri
2060 970 2113 1023 in
2128 968 2387 1023 montibus
2405 969 2556 1036 pedes
2573 967 2685 1037 ejus
2699 967 2789 1038 qui
2805 966 3131 1038 euangelizat
3152 965 3418 1032 auditum,

1841 1062 1931 1131 qui
1954 1061 2081 1130 facit
2105 1076 2318 1128 pacem;
2340 1060 2430 1131 qui
2452 1061 2730 1114 annuntiat
2759 1057 2931 1123 bona;
2953 1059 3042 1128 qui
3065 1058 3310 1112 auditam
3335 1059 3425 1128 fa-

1843 1153 1915 1206 cit
1938 1151 2208 1208 salutent?
2228 1149 2359 1218 Quae
2379 1160 2528 1206 certe
2545 1149 2790 1220 Epistola
2816 1149 2882 1202 ad
2903 1148 3186 1205 Romanos
3218 1147 3423 1206 Paulus

1843 1242 2232 1313 interpretatus
2256 1242 2334 1296 ait
2359 1259 2374 1297 :
2403 1261 2420 1295 ι
2448 1239 2621 1308 Quam
2654 1240 2888 1309 speciosi
2912 1248 3043 1294 sunt
3068 1239 3232 1309 pedes
3254 1256 3422 1294 evan-

1844 1333 2194 1406 gelizantium
2239 1331 2904 1404 bona,evangelizantium
2954 1346 3142 1400 pacem
3179 1331 3246 1389 δ’,
3277 1351 3294 1383 ι
3317 1331 3422 1387 Sed

1843 1425 2211 1498 provocabulo
2232 1425 2479 1486 salutem,
2500 1422 2684 1478 Iesum
2728 1421 2890 1476 habet
2933 1423 3196 1477 Hebraica
3222 1423 3381 1479 lectio
3407 1444 3420 1479 :

1846 1533 2018 1589 neque
2041 1533 2134 1572 eos
2163 1517 2480 1588 quidquam,
2507 1515 2613 1571 nisi
2641 1514 2748 1568 vim
2790 1514 3030 1569 nominis
3051 1515 3422 1585 explicarent.

1842 1611 1978 1680 ejus,
2001 1609 2090 1679 qui
2118 1608 2302 1664 Jesum
2335 1608 2515 1662 audiri
2536 1607 2668 1677 facit
2697 1605 2884 1661 dicere
2929 1606 3260 1675 prohibebat
3284 1648 3298 1670 ,
3327 1623 3426 1678 pro

1843 1717 1974 1772 quo,
2003 1701 2143 1772 ejus,
2173 1701 2265 1773 qui
2290 1699 2516 1755 salutem
2542 1699 2723 1753 audiri
2756 1701 2909 1768 facit,
2930 1699 3157 1770 Aquilas
3192 1708 3244 1754 et
3267 1698 3427 1772 Sym-

1774 1773 1818 1828 Β
1850 1793 2078 1848 machus
2117 1793 2573 1863 interpretantur.
2605 1790 2807 1846 Verum
2841 1806 2951 1861 quo
2980 1791 3102 1844 loco
3129 1792 3267 1845 sicut
3296 1793 3427 1846 IlOfu

1849 1885 2136 1950 habemus,
2157 1885 2249 1940 ille
2264 1885 2507 1957 quidem,
2529 1883 2654 1954 quid
2672 1881 2878 1952 pulchri
2902 1882 3032 1950 facti
3056 1892 3177 1936 sunt
3200 1886 3225 1938 ?
3245 1879 3426 1937 Theo-

1847 1974 1997 2029 dotio
2038 1981 2219 2029 autem
2289 1975 2513 2039 venusti,
2557 1971 2940 2026 reddiderunt.
2970 1969 3201 2025 Miratur
3230 1970 3428 2027 deinde

1848 2067 1903 2121 in
1937 2081 2298 2138 quascunque
2323 2075 2510 2120 terras
2535 2063 2819 2133 Evangelii
2851 2078 3133 2132 praecones
3168 2063 3425 2133 abierint,

1848 2159 2050 2215 ibidem
2076 2158 2294 2213 auditos
2318 2172 2441 2213 esse
2477 2176 2490 2212 :
2517 2155 2825 2226 horumque
2853 2156 3007 2224 pedes
3038 2153 3161 2210 ideo
3177 2156 3427 2224 pulchros

1847 2251 2160 2322 appellavit,
2197 2260 2258 2304 ut
2297 2265 2438 2321 quos
2462 2248 2718 2304 Salvator
2738 2247 3029 2310 abluisset,
3054 2249 3291 2301 mundos
3308 2263 3430 2303 esse

1848 2343 2186 2416 significaret
2209 2343 2253 2376 “
2287 2361 2301 2398 :
2329 2358 2438 2397 non
2466 2342 2627 2396 aliter
2652 2355 2819 2411 quam
2858 2354 2953 2410 per
2983 2347 3211 2403 utentes,
3250 2339 3430 2410 ipsam

1845 2434 2259 2505 praedicationis
2299 2433 2719 2489 sublimitatem.
2756 2430 2944 2484 Pacem
2974 2445 3106 2484 vero
3151 2445 3275 2485 cum
3319 2428 3430 2486 Dea

1848 2540 1958 2580 non
2006 2525 2204 2580 vicinis
2243 2533 2458 2579 tantum
2483 2563 2499 2588 ,
2556 2523 2650 2579 sed
2689 2521 2919 2576 remotis
2959 2520 3125 2575 etiam
3174 2519 3430 2591 gentibus

1846 2615 2409 2687 euangelizabant,qui
2429 2613 2711 2671 Christum
2768 2614 3038 2670 docebant
3065 2632 3080 2681 ;
3103 2630 3131 2667 a
3159 2628 3292 2684 quo,
3313 2629 3431 2668 ma-

1848 2712 2010 2765 ceriae
2058 2710 2379 2774 interstitio,
2427 2708 2663 2778 odioque
2706 2709 2824 2777 ipso
2867 2723 2964 2778 per
3000 2722 3224 2764 carnem
3270 2723 3428 2765 suam

1849 2802 2102 2866 sublatis,
2139 2811 2369 2870 utraque
2401 2815 2570 2855 unum
2604 2798 2796 2856 etl‘eeta
2834 2807 2997 2866 sunt;
3021 2799 3168 2855 unde
3196 2797 3427 2855 Paulum

1848 2894 2052 2965 ipsum,
2083 2908 2207 2947 cum
2249 2892 2314 2945 ad
2359 2890 2636 2946 Eeclesias
2692 2888 2906 2954 scribit,
2955 2889 3189 2958 gratiam
3238 2888 3430 2944 illiset

1850 3003 2037 3059 pacem
2067 2985 2278 3057 precari
2299 2983 2549 3040 videmus
2576 2981 2644 3037 “.
2669 2980 3117 3052 Euangelizabant
3149 2981 3274 3037 item
3293 2982 3431 3038 bona

159 3065 365 3138 δηλαδὴ
391 3066 472 3138 τῷ
513 3067 760 3122 θεοσεϐεῖ
789 3069 1166 3142 πολιτεύματι,
1211 3070 1291 3142 τῷ
1341 3088 1402 3124 τε
1451 3071 1560 3125 τῶν
1606 3073 1743 3126 ἀπο-

1851 3091 2040 3133 revera
2063 3117 2077 3142 ,
2097 3091 2221 3131 cum
2259 3073 2632 3130 beatitudines
2655 3072 3078 3128 denuntiabant.
3104 3071 3262 3144 591
3299 3072 3432 3128 Erat

163 3159 370 3212 στόλων
400 3161 569 3232 χορῷ,
620 3162 990 3228 βασιλεύσει
1043 3178 1162 3219 σου
1205 3167 1238 3219 ό
1289 3165 1454 3232 Θεός.
1503 3165 1596 3219 Διὸ
1647 3165 1747 3237 τὴν

155 3251 499 3315 ,ϐασιλειαν
541 3253 652 3310 τῶν
699 3255 946 3327 οὐρανῶν
977 3257 1144 3311 πᾶσιν
1176 3255 1502 3327 ἀνθρώποις
1544 3259 1749 3330 κατήγ-

162 3343 376 3411 γελλον.

237 3609 399 3664 Κατά
428 3609 488 3664 δὲ
521 3611 622 3684 τὴν
649 3611 864 3668 ἔκδοσιν
913 3613 1024 3668 τῶν
1071 3613 1502 3685 Ἐὅδομήκοντα,
1551 3611 1632 3678 τὸ,
1672 3612 1754 3678 ὼς

163 3699 291 3770 ὥρα
309 3701 415 3756 ἐπὶ
445 3701 564 3756 τῶν
585 3703 790 3772 ὀρέων,
821 3706 1114 3761 ἀποδοτέον
1156 3709 1270 3771 τοῖς
1303 3705 1411 3776 πρὸ
1440 3703 1628 3769 αὑτοῦ,
1664 3705 1754 3758 ἵνα

162 3792 230 3866 ᾗ’
255 3795 432 3859 Αύτδς
459 3796 487 3849 6
507 3797 686 3851 λαλῶν
715 3799 968 3870 πάρειμι,
1000 3799 1080 3867 ὡς
1117 3799 1237 3868 ὥρα
1267 3799 1366 3853 ἐπὶ
1396 3797 1516 3853 τῶν
1545 3799 1750 3868 ὀρέων.

165 3887 433 3954 Ὠρανδέ
469 3905 604 3958 φησι
635 3889 696 3944 τὸ
727 3889 849 3962 ἔαρ,
881 3892 940 3944 ὲν
971 3883 1016 3960 ᾧ
1049 3890 1186 3963 ἄνθη
1221 3909 1281 3946 τε
1318 3891 1416 3946 νέα
1436 3931 1452 3955 ,
1488 3891 1582 3944 καὶ
1617 3907 1754 3960 καρο

164 3979 287 4032 πῶν
342 3981 523 4049 γοναί.
569 3982 661 4036 Διὸ
691 3984 785 4037 καὶ
831 3985 860 4037 6
911 3983 1166 4055 Νυμφίος
1207 3984 1343 4055 πρὸς
1377 3985 1475 4052 τὴν
1513 3982 1754 4055 Νύμφην

161 4073 370 4140 φησιν·
403 4093 422 4126 ι
447 4073 702 4140 Ἀνάστα,
730 4075 878 4141 ἐλθὲ,
934 4077 966 4147 ἡ
1003 4076 1233 4147 πλησίον
1283 4093 1407 4146 μου,
1457 4075 1594 4146 καλή
1651 4093 1753 4147 μου

161 4165 495 4236 περιστερὰ,
543 4166 624 4219 ὅτι
673 4167 788 4236 loci»
837 4169 865 4221 6
898 4167 1111 4240 χειμὼν
1159 4169 1474 4240 παρῆλθενο
1515 4170 1545 4222 6
1595 4168 1750 4232 ὑετὸς

161 4256 479 4326 παρῆλθενο
504 4259 997 4331 ὲπορεύθηζὲαυτῷ.
1024 4261 1106 4316 Τά
1134 4261 1270 4333 ἄνθη
1295 4260 1454 4332 ὤφθη
1486 4264 1544 4315 ἐν
1557 4263 1623 4334 τῇ
1654 4263 1746 4334 γῇ,

163 4347 358 4416 ωιρδς
393 4348 496 4417 τῆς
525 4349 699 4420 τομῆς
728 4350 983 4420 ἔφθασεν.
1015 4370 1033 4403 ι
1071 4353 1179 4406 Καὶ
1219 4354 1371 4425 ἡμᾶς
1400 4352 1508 4424 γὰρ
1537 4355 1571 4408 ό
1608 4352 1749 4421 δρά-

1854 3179 1984 3219 vero
2037 3179 2229 3219 eorum
2284 3162 2351 3218 ad
2396 3162 2632 3227 Sionem,
2690 3163 2741 3216 id
2767 3171 2852 3218 est
2893 3163 2960 3216 ad
2995 3177 3115 3228 eos,
3149 3163 3244 3232 qui
3281 3163 3431 3232 piunt

1853 3255 1978 3309 vita:
2007 3255 2322 3310 institutum
2352 3253 2589 3324 amplexi
2622 3261 2804 3320 erant,
2843 3260 2899 3308 et
2935 3252 3004 3308 ad
3046 3253 3224 3323 ipsum
3269 3253 3430 3308 etiam

1852 3347 2229 3417 apostolorum
2278 3345 2534 3408 chorum,
2566 3345 2620 3398 in
2684 3345 2798 3399 haec
2857 3343 3023 3399 verba
3075 3344 3431 3415 praedicatio,

1855 3433 2112 3506 Regnabit
2153 3433 2298 3488 Deus
2345 3443 2488 3488 tuus.
2524 3431 2679 3488 Unde
2728 3421 2784 3489 et
2835 3433 2936 3503 ipsi
2997 3449 3215 3505 regnum
3265 3435 3436 3490 catio-

1854 3541 1975 3580 rum
2007 3527 2224 3581 eunetis
2257 3523 2588 3579 mortalibus
2614 3524 3043 3579 annuntiabant.
3453 3583 3455 3591 ,

1926 3615 2085 3682 Quod
2103 3618 2147 3672 si
2173 3617 2240 3671 ad
2265 3616 2627 3687 Septuaginta
2650 3616 2918 3682 attendis,
2940 3616 3108 3671 verba
3135 3615 3264 3682 ista,
3296 3617 3435 3672 sicut

1853 3708 1986 3764 hora
2009 3709 2062 3762 in
2091 3708 2381 3774 montibus,
2411 3708 2480 3762 ad
2519 3721 2637 3776 eos,
2677 3707 2770 3778 qui
2799 3707 2979 3779 ipsum
3006 3718 3438 3779 praecesserunt,

1854 3803 1930 3857 ita
1965 3799 2252 3858 referenda
2281 3809 2429 3867 sunt,
2453 3808 2512 3855 ut
2530 3815 2612 3866 se,
2641 3801 2736 3872 qui
2765 3801 3317 3872 loquatur,tanquam
3343 3803 3439 3859 Ito—

1855 3909 1974 3948 ram
2040 3892 2096 3947 in
2159 3893 2426 3948 montibus
2479 3891 2707 3960 adesse,
2749 3893 2983 3964 ipsoque
3030 3893 3175 3950 liora:
3216 3896 3438 3953 nomine

1853 4000 2044 4042 verum
2060 3995 2340 4058 tempus,a
2364 4001 2476 4057 quo
2493 3986 2688 4042 ﬂorum
2717 3987 3111 4055 fructuumque
3135 4003 3330 4044 recens
3349 3989 3437 4044 iu-

1855 4077 1992 4147 cipit
2023 4077 2213 4139 editio,
2247 4074 2633 4132 demonstrare
2653 4077 2953 4148 signiﬁcet.
2987 4077 3123 4133 Hinc
3145 4080 3238 4133 Illa
3267 4080 3434 4135 etiam
3466 4065 3469 4067 ’

1856 4163 2054 4236 Sponsl
2091 4165 2157 4219 ad
2191 4163 2466 4235 Sponsam
2497 4165 2664 4219 verba
2693 4182 2707 4219 :
2735 4183 2754 4215 ι
2790 4155 2989 4235 Surge,
3027 4166 3151 4220 veni
3195 4161 3315 4236 qua:
3351 4182 3438 4221 uie

1854 4271 2024 4326 prope
2057 4271 2136 4321 es,
2173 4256 2406 4325 pulchra
2435 4261 2620 4309 turtur
2657 4269 2799 4319 mea,
2823 4254 3087 4326 quoniam
3111 4269 3243 4310 ecce
3262 4257 3437 4310 hiems

1852 4346 2099 4412 transiit,
2134 4346 2311 4400 imber
2326 4346 2464 4401 abiit
2481 4353 2538 4401 et
2568 4345 2796 4402 recessit
2823 4345 2954 4412 sibi,
2981 4345 3143 4401 ﬂores
3173 4362 3426 4417 apparue

161 4455 288 4491 κων
310 4440 748 4510 καταχειμάσας,
777 4442 1059 4513 ἀκάρπους
1081 4443 1380 4515 ἀπέφηνεν,
1410 4443 1486 4508 ὡς
1515 4444 1590 4516 μὴ
1611 4439 1748 4497 εἶναι

1857 4444 1986 4493 runt
2029 4436 2084 4491 in
2119 4444 2307 4502 terra;
2341 4446 2561 4506 tempus
2606 4437 2910 4508 putationis
2955 4437 3178 4493 advenit
3209 4438 3274 4493 ⁸⁸.
3306 4458 3324 4492 ι
3376 4441 3433 4495 ln

161 4527 431 4583 ποιοῦντα
467 4532 838 4604 χρηστότητα.
876 4533 1020 4587 Ἀλλ’
1064 4536 1400 4606 ἀνεθάλομεν
1438 4538 1496 4590 ὲν
1530 4536 1752 4609 Χριστῷ

160 4625 550 4694 πνευματικῆς
585 4627 895 4699 εὐκαρπίας
939 4629 1222 4701 γενόμενοι
1251 4629 1503 4701 πλήρεις,
1543 4629 1619 4695 ὡς
1659 4630 1754 4684 καὶ

159 4713 429 4768 δύνασθαι
485 4716 701 4786 λέγειν·
761 4738 780 4772 ι
817 4721 1128 4793 Καταϐήτω
1162 4725 1190 4777 6
1227 4722 1458 4793 ἀδελφός
1512 4739 1615 4794 μου
1672 4724 1754 4788 εἰς

160 4809 347 4878 κῆπον
368 4808 561 4874 αὐτοῦ,
585 4811 680 4864 καὶ
707 4814 927 4882 φαγέτω
944 4815 1154 4886 καρπὸν
1177 4815 1495 4887 ἀκροδρύων
1518 4815 1703 4870 αὐτοῦ.
1726 4834 1745 4868 ι

161 4896 396 4966 Γέγονε
421 4897 480 4951 δὲ
506 4899 610 4954 και
639 4901 719 4968 ὡς
757 4903 943 4971 πόδες
991 4905 1524 4976 εὐαγγελιζομένου
1556 4904 1752 4974 ἀκοὴν

159 4987 435 5055 εἰρήνης,
472 4991 617 5045 κατά
645 4993 746 5064 τὴν
772 4995 1236 5066 προαποδοθεῖσαν
1269 4997 1555 5067 ἐξήγησιν.
1586 4996 1747 5059 Τινὲς

158 5077 219 5131 δὲ
244 5077 311 5132 τὸ
339 5079 518 5150 παρὸν
551 5082 716 5152 ῥητὸν
746 5083 920 5150 οὕτως
973 5086 1319 5157 ἑρμήνευσαν
1356 5087 1633 5155 λέγοντες,
1673 5085 1748 5149 ὼς

159 5168 268 5239 τὴν
299 5169 593 5242 ἐπίσκεψιν
627 5173 719 5228 τοῦ
751 5175 882 5235 λαοῦ
915 5176 1017 5249 τὴν
1043 5178 1101 5230 ὲν
1131 5177 1244 5240 τοῖς
1286 5175 1422 5248 μετὰ
1455 5175 1628 5230 ταῦτα
1660 5191 1777 5243 γεε⁴

159 5260 401 5331 νομένην
430 5263 607 5334 δηλοῖ,
656 5266 778 5337 ἥτις
818 5267 914 5322 καὶ
969 5268 1239 5340 παρουσία
1287 5269 1516 5332 δικαίως
1549 5266 1616 5321 ἂν
1661 5266 1750 5320 λέ-

159 5368 317 5420 γοιτο
337 5371 352 5386 ο
384 5355 448 5408 οὐ
480 5355 585 5425 τῆς
615 5358 803 5424 οὐσίας
833 5360 997 5414 αὑτοῦ
1035 5361 1202 5415 τόπον
1228 5363 1293 5416 ἐκ
1323 5361 1491 5415 τόπου
1528 5359 1749 5431 μετιού-

235 5464 476 5548 “diem.
520 5488 578 5540 κ,
614 5472 713 5531 15.-
777 5475 824 5510 ⁸⁸
855 5473 1016 5537 Joan.
1042 5495 1162 5548 xm,
1187 5477 1274 5535 10.
1353 5477 1399 5513 ⁵⁸
1443 5477 1464 5532 Ι
1507 5475 1638 5533 (201⁸·
1695 5491 1748 5542 ιο

1935 5468 1982 5501 ιιι
2013 5467 2177 5524 Cant.
2212 5481 2292 5538 ii,
2337 5463 2519 5522 10-12.

156 5546 241 5602 Vt,
277 5537 331 5594 1.

1855 4544 1956 4585 nos
1984 4528 2131 4584 enim
2164 4543 2288 4583 cum
2319 4526 2484 4583 draco
2523 4529 2661 4600 ipse,
2697 4537 2960 4599 tanquam
3006 4530 3182 4585 hiems
3212 4546 3430 4602 aspera,

1856 4626 2195 4690 desazvisset,
2242 4626 2315 4678 ita
2357 4623 2573 4682 steriles
2608 4622 2811 4688 eﬂ'ecit,
2843 4633 2901 4678 ut
2931 4623 3024 4695 qui
3062 4623 3196 4679 bene
3223 4638 3431 4696 ageret,

1855 4717 2044 4773 nullus
2075 4725 2329 4787 repertus
2361 4716 2434 4772 sit
2469 4715 2538 4771 ⁸⁸.
2574 4715 2680 4769 Sed
2710 4716 2783 4769 ita
2816 4715 2918 4786 ipsi
2947 4715 3000 4769 in
3025 4714 3248 4772 Ch'risto
3278 4717 3434 4774 reﬂo—

1851 4810 2086 4876 ruimus,
2121 4817 2180 4863 ut
2223 4807 2496 4880 spirituali
2546 4805 2830 4861 fructuum
2891 4807 3148 4863 ubertate
3199 4808 3433 4876 referti,

1805 4927 1814 4940 -
1860 4918 1880 4953 ι
1909 4898 2213 4955 Descendat
2236 4899 2404 4954 frater
2422 4912 2576 4952 meus
2604 4897 2658 4951 in
2684 4897 2902 4952 hortum
2921 4898 3062 4966 eius,
3095 4908 3151 4954 et
3181 4901 3439 4957 comedat

1852 4985 2096 5040 fructum
2142 4985 2404 5039 arborum
2461 4985 2637 5055 ipsius
2681 4986 2749 5050 ",
2813 5003 2832 5037 ι
2889 4985 3075 5042 dicere
3127 4989 3431 5047 valeamus.

1857 5077 1988 5133 Fuit
2014 5091 2145 5132 vero
2174 5078 2340 5132 etiam
2373 5087 2627 5148 tanquam
2647 5075 2802 5145 pedes
2831 5077 3312 5148 evangelieantium
3333 5097 3434 5134 au-

1856 5174 2028 5228 ditum
2063 5171 2232 5242 pacis,
2265 5168 2312 5225 si
2346 5184 2468 5239 quae
2507 5169 2662 5241 prius
2679 5170 2843 5223 allata
2877 5183 2982 5235 est,
3010 5171 3464 5241 explicationem'

1856 5261 2144 5318 intuearis.
2177 5257 2295 5313 Non
2327 5259 2527 5313 desunt
2558 5273 2721 5330 porro
2747 5259 2842 5328 qui
2876 5261 3038 5314 verba
3068 5261 3174 5331 ista
3221 5263 3302 5317 sic
3348 5263 3437 5316 in-

1857 5359 2252 5426 terpretentur,
2298 5357 2361 5405 ut
2408 5353 2536 5405 eam’
2594 5349 2780 5422 populi
2836 5350 3271 5420 inspectionem,
3312 5363 3467 5423 quas

2629 5465 2677 5498 ⁸⁶
2709 5462 2856 5523 Psal.
2891 5480 3012 5534 xm,
3038 5465 3095 5525 3.
3192 5467 3236 5502 ⁸⁷
3272 5441 3470 5528 ϐίων..⁸

1458 5627 1699 5687 VARUS
1743 5626 2148 5687 LECTIONES.

232 5725 278 5761 ³³
309 5737 402 5792 γρ.
438 5719 628 5778 ἀπονί.
