3940 6476
565 333 700 417 2511

1901 359 2254 423 PROCOPII
2290 361 2535 425 GAZBEI

3691 366 3812 430 251?.

565 481 759 542 postea
792 469 1046 542 conligit,
1073 482 1124 527 et
1158 474 1354 531 merito
1387 475 1554 531 etiam
1596 490 1862 533 accessus
1887 475 2136 543 dicatur;

2251 492 2373 546 σης,
2401 475 2539 532 ἀλλὰ
2566 476 2666 547 τῆς
2714 478 2998 548 ἐνεργείας
3045 477 3351 552 καταδήλου
3382 479 3695 550 γινομένης.
3741 484 3817 536 Διὸ

563 575 674 614 non
709 561 856 630 quod
896 561 1017 631 ejus
1043 565 1288 619 essentia
1312 567 1366 619 'a
1410 567 1529 622 loco
1567 569 1623 622 in
1667 569 1848 623 locum
1880 576 2148 632 transeat,

564 652 660 707 sed
686 653 831 722 quod
864 653 1117 724 ejusdem
1151 656 1300 713 vires
1335 669 1523 728 aperte
1562 661 2038 722 demonstrentur.
2067 661 2148 718 si-

563 740 816 816 gniﬁcari
833 746 1004 803 velint
1030 765 1044 802 :
1072 748 1260 819 itaque
1287 752 1534 822 purgatis
1557 753 1776 823 quidem
1810 755 1970 809 nobis
1993 753 2152 809 ades-

564 851 662 900 se,
707 838 899 894 abesse
928 847 1115 894 autem
1173 843 1380 898 scelere
1405 852 1459 898 et
1494 846 1629 898 vitio
1684 846 2013 916 inquinatis.
2058 846 2151 900 Ait

564 930 732 1011 igitur
762 937 874 984 tam
913 943 1158 1003 apertam
1207 933 1323 990 fore
1356 935 1759 1003 defensionem,
1801 947 1862 993 ut
1900 941 1986 994 vel
2041 938 2148 1010 ipsi

562 1020 838 1084 eumdem,
869 1021 961 1092 qui
991 1038 1141 1078 nunc
1167 1025 1345 1080 futura
1379 1027 1730 1096 praenuntiat,
1753 1039 1806 1084 et
1838 1031 1931 1101 qui
1958 1040 2147 1100 postea

563 1114 883 1185 adimpleat,
915 1133 1042 1173 esse
1068 1119 1359 1174 fateamur.
1384 1120 1458 1176 Ut
1483 1123 1634 1177 enim
1675 1139 1786 1179 non
1826 1134 2008 1195 potest
2038 1127 2147 1184 diei

561 1204 838 1260 venientis
865 1205 1000 1262 hora
1045 1208 1240 1275 latere,
1265 1224 1392 1264 cum
1432 1221 1645 1268 montes
1670 1213 1774 1284 ipsi
1807 1216 1942 1273 solis
1971 1217 2147 1275 radiis

564 1292 918 1352 illustrantur
959 1314 973 1350 :
1019 1298 1100 1354 sic
1134 1299 1242 1355 erit
1284 1300 1543 1358 omnibus
1577 1305 1876 1373 conspicua
1927 1323 2046 1362 mea
2090 1310 2145 1364 in

560 1399 660 1439 vos
682 1387 975 1456 propensio
1001 1405 1016 1455 ;
1047 1404 1223 1458 neque
1261 1391 1474 1447 minore
1508 1393 1699 1448 laetitia
1727 1405 1776 1450 et
1798 1399 2149 1454 exsultatione

561 1471 951 1541 implebimini,
996 1491 1158 1546 quam
1199 1477 1400 1548 quibus
1447 1481 1594 1546 pacis
1628 1480 1843 1535 dulcem
1891 1485 2144 1540 nuntimn

558 1562 801 1633 aliquem
861 1563 1048 1620 audire
1124 1567 1378 1639 contigit.
1442 1567 1560 1642 Ipse
1638 1585 1825 1640 porro,
1889 1572 1980 1627 ubi
2050 1589 2147 1632 vos

558 1655 839 1710 entendari
924 1657 1254 1728 contigerit,
1317 1675 1411 1712 rea:
1479 1671 1661 1716 vester
1704 1663 1969 1733 appellari
2037 1681 2144 1721 non

557 1745 920 1816 dedignabor.
943 1747 1023 1802 Eo
1043 1752 1188 1804 enim
1217 1748 1495 1806 fclicitatis
1527 1764 1856 1822 perventura
1881 1766 1964 1812 est
1986 1754 2142 1823 Sion,

2254 570 2680 643 καθαιρομένοις
2736 569 2838 639 μὲν
2883 571 3015 642 ἡμῖν
3049 575 3306 642 παρεῖναι
3334 571 3586 639 λέγεται,
3627 573 3819 629 ἀπεῖναι

2251 663 2309 716 δὲ
2343 661 2791 732 ἁμαρτανόντων.
2831 662 2942 732 Τὴν
2965 664 3146 717 τοίνυν
3179 664 3469 736 ἀντίληψιν
3498 664 3648 718 οὕτω
3676 681 3818 732 φανε-

2255 754 2354 826 ρὰν
2397 751 2619 807 ἔσεσθαί
2647 769 2836 824 φησιν,
2867 750 2943 816 ὡς
2998 753 3144 825 ὑμᾶς
3177 753 3520 824 ὁμολογῆσαι
3555 753 3651 806 τὸν
3681 755 3819 807 αὑτὸν

2250 841 2392 899 εἶναι
2422 844 2514 900 τὸν
2545 843 2642 899 καὶ
2673 843 2770 898 νῦν
2801 842 3147 915 προλέγοντα
3175 845 3271 899 καὶ
3297 841 3460 909 αὖθις
3499 845 3817 916 πληροῦντα.

2260 937 2352 1001 Ὠς
2388 936 2498 1008 γὰρ
2538 935 2642 992 οὐκ
2695 934 2813 989 ἐστι
2859 935 2962 1006 τὴν
2992 935 3156 1004 ὥραν
3205 935 3307 1006 τῆς
3361 937 3591 1009 ἡμέρας
3638 936 3819 1016 λαθεῖν,

2249 1025 2374 1081 καθ’
2394 1026 2464 1099 ἢν
2488 1024 2779 1097 ἐκλάμψας
2803 1027 2832 1078 ό
2855 1024 3006 1098 ἥλιος
3033 1025 3388 1094 καταλάμπει
3413 1026 3483 1078 τὲ
3503 1026 3636 1097 ὅρη,
3673 1027 3822 1089 οὕτως

2249 1118 2402 1172 ἔσται
2436 1117 2650 1190 φανερὰ
2685 1118 2854 1170 πᾶσιν
2892 1117 2926 1188 ἡ
2981 1117 3114 1188 παρ’
3158 1117 3293 1189 ἐμοῦ
3348 1119 3431 1180 εἰς
3496 1118 3648 1186 ὑμᾶς
3680 1118 3822 1187 ῥοπή,

2248 1207 2440 1281 χαρᾶς
2463 1225 2529 1264 τε
2565 1207 2667 1263 καὶ
2704 1208 3141 1278 ἀγαλλιάσεως,
3185 1208 3328 1264 οὕτω
3382 1207 3818 1290 πληρωθήσεσῦε,

2248 1302 2502 1374 καθάπερ
2535 1303 2649 1366 τοῖς
2683 1301 2880 1370 ἀκοήν
2914 1303 3062 1355 ἐστιν
3093 1300 3411 1370 εἰρηνικήν
3429 1319 3494 1352 τε
3527 1302 3625 1354 καὶ
3655 1301 3821 1370 ἡδεῖαν

2245 1394 2581 1466 δεχομένοις.
2626 1393 2738 1448 Καὶ
2763 1393 3068 1462 ,ϐασιλεὺς
3113 1393 3172 1448 δὲ
3225 1393 3380 1462 ὑμῶν
3425 1392 3821 1462 διορθουμένων

2247 1484 2467 1551 ἀξιώσω
2493 1485 2798 1542 καλεῖσθαι.
2829 1487 3022 1539 Ἔσται
3048 1487 3156 1556 γὰρ
3188 1487 3221 1556 ἠ
3265 1485 3420 1540 Σιὼν
3456 1483 3641 1548 οὕτως
3672 1485 3822 1551 εὐθη-

2246 1580 2508 1650 νουμένη,
2535 1579 2613 1642 ὠς
2643 1578 2824 1634 πάντα
2865 1580 3051 1633 ἐκεῖνα
3087 1577 3452 1650 πληροῦσθαι,
3483 1578 3590 1630 ὅσα
3624 1578 3682 1628 ἐν
3718 1580 3822 1640 ταῖς

2247 1670 2514 1738 ἐπιδόξοις
2541 1670 2730 1724 πόλεσι
2758 1671 2858 1725 καὶ
2894 1669 3309 1741 εἰρηνευούσαις
3329 1685 3344 1700 ο
3395 1667 3699 1738 φυλάκων
3736 1668 3823 1738 μὲν

2246 1763 2560 1835 τηρούντων
2606 1762 2708 1836 τὴν
2766 1762 2923 1818 πόλιν
2967 1761 3120 1833 μετὰ
3166 1763 3416 1833 φωνῆς,
3481 1764 3721 1824 ἑαυτοὺς
3773 1761 3822 1815 δὲ

557 1843 618 1890 ιιι
649 1836 704 1890 in
730 1853 792 1895 ea
838 1838 974 1892 nihil
1005 1854 1114 1894 non
1148 1855 1338 1896 eorum
1373 1843 1642 1910 onmium,
1667 1860 1789 1914 qum
1815 1845 1867 1900 in
1908 1849 2136 1918 praacla-

2244 1824 2643 1925 ἀσπαζομένων
2656 1824 2789 1924 μετ’
2816 1824 3229 1922 εὐφροσύνης,
3261 1824 3338 1916 ὼς
3355 1824 3679 1924 ἐπεγείρειν
3708 1854 3819 1906 tat»

554 1925 634 1982 ris
661 1925 824 1998 592
846 1937 900 1983 et
932 1931 1143 1999 pacalis
1162 1931 1390 1989 urbibus
1423 1931 1579 1999 ﬁunt,
1607 1933 1895 2005 adimpleri
1924 1939 2134 1998 videas:

557 2015 688 2072 dum
737 2018 840 2089 ipsi
876 2019 1096 2090 quidem
1126 2021 1373 2077 custodes
1422 2023 1614 2080 urbem
1646 2041 1766 2078 cum
1799 2044 1919 2082 voce
1949 2045 2138 2086 serva-

2243 1947 2359 2008 τοῖς
2384 1946 2443 1998 ἐν
2475 1947 2596 2010 ταῖς
2630 1945 2948 2015 συντυχίαις
2975 1944 3074 2016 τὴν
3116 1945 3317 2017 χαρὰν,
3349 1945 3448 2000 καὶ⁸
3479 1946 3579 1998 τὸν
3612 1943 3702 1997 ἐπ’
3734 1944 3822 1998 αῦ-

2241 2037 2358 2098 τοῖς
2382 2035 2530 2088 ἔλεον
2552 2035 2868 2107 κηρύττειν.

559 2105 718 2174 bunt,
748 2124 871 2164 sese
907 2109 1106 2165 deinde
1141 2127 1262 2164 cum
1303 2112 1626 2169 exultatione
1663 2117 1736 2171 ita
1771 2119 2094 2176 salutabunt
2117 2163 2134 2187 ,
2207 2134 2266 2181 ut
2289 2127 2458 2182 sortis
2487 2105 2878 2184 communione
2919 2126 2991 2183 ad
3040 2126 3305 2200 gaudium
3353 2144 3482 2188 sese
3554 2129 3815 2208 excitent,

556 2206 612 2255 et
672 2214 837 2269 quam
889 2207 1020 2256 sunt
1057 2202 1338 2257 consecuti
1386 2204 1824 2261 miscricordiam
1856 2207 2249 2280 depraedicent.

629 2291 766 2348 Esse
799 2308 930 2348 vero
963 2293 1129 2364 hujus
1171 2296 1337 2351 etiam
1366 2296 1571 2354 ltetitite
1609 2303 1906 2373 participes
1942 2307 2141 2365 merito

557 2381 1049 2454 Hierosolymorum
1071 2385 1386 2442 solitudines
1421 2389 1694 2447 dicantur.
1737 2392 1806 2449 Ut
1835 2397 1980 2451 enim
2010 2414 2137 2454 cum

2320 2312 2616 2367 Κοινωνεῖν
2640 2313 2698 2367 δὲ
2729 2313 2830 2384 τῆς
2874 2316 3262 2386 εὐφροσύνης
3294 2318 3482 2382 αὐτοῖς
3525 2317 3734 2386 λέγοιτ’
3764 2319 3820 2372 ἂν

2245 2405 2472 2470 εἰκότως
2499 2407 2595 2459 καὶ
2624 2403 2696 2461 τὰ
2719 2407 2912 2476 ἔρημα
2961 2408 3072 2477 τῆς
3117 2409 3537 2481 Ἰερουσαλήμ.
3588 2412 3682 2476 Ὠς
3727 2415 3818 2482 γὰρ

556 2475 745 2531 Sionis
775 2476 895 2531 vias
914 2475 1099 2546 lugere
1125 2477 1261 2534 dixit
1285 2479 1331 2512 ‘°
1354 2521 1369 2546 ,
1396 2481 1700 2539 incolarum
1730 2489 2134 2546 etadvenarum

2244 2496 2330 2552 διὰ
2346 2497 2463 2561 τοῦ,
2478 2516 2495 2549 ι
2518 2497 2661 2552 Ὀδοὶ
2678 2497 2816 2551 Σιὼν
2833 2498 3111 2567 πενθοῦσι,
3131 2519 3150 2553 s
3168 2500 3266 2572 τὴν
3284 2502 3394 2556 τῶν
3407 2503 3720 2576 οἰκητόρων
3740 2507 3818 2557 καὶ

555 2565 912 2622 solitudinem
942 2567 1312 2639 signiﬁcavit,
1340 2571 1423 2628 sic
1449 2582 1502 2632 et
1527 2591 1693 2643 nunc,
1715 2593 1838 2634 cum
1868 2580 2135 2637 desertum

2244 2589 2552 2660 παριόντων
2579 2589 2820 2660 ἐρημίαν
2851 2591 3044 2660 ἐδήλου
3063 2608 3079 2624 ο
3097 2565 3252 2648 οὕτω
3298 2595 3394 2648 καὶ
3422 2565 3660 2668 νῦνΙτὶΞν
3701 2597 3818 2666 ἔρη-

555 2658 756 2715 l‘estum
788 2661 952 2714 simul
982 2669 1238 2717 acturum
1275 2663 1452 2732 dixit,
1485 2682 1626 2735 eam,
1660 2685 1768 2740 qua
1799 2672 2134 2743 adiciuntur,

2244 2697 2359 2750 μον
2379 2681 2762 2753 συνεορτάσειν
2794 2680 2991 2749 εἰπὼν,
3016 2685 3116 2755 τὴν
3151 2686 3574 2742 καταλαϐοῦσαν
3635 2688 3818 2749 c.5105;

555 2751 801 2806 lctitiam
847 2753 1221 2822 demonstrat;
1262 2771 1443 2813 rerum
1473 2760 1702 2817 istarum
1732 2779 1956 2821 causam
1999 2767 2136 2825 divi-

2244 2773 2632 2842 εὐφροσύνην
2686 2776 3038 2846 παρίστησιν,
3093 2777 3266 2833 αἴτιον
3294 2780 3499 2834 τούτων
3539 2782 3640 2835 τὸν
3686 2781 3818 2836 ἔλεον

554 2859 640 2898 na:
697 2844 1027 2917 benignitati
1078 2856 1133 2904 et
1184 2850 1579 2910 misericordize
1658 2859 1980 2927 ascrihens;
2040 2874 2136 2934 per

2244 2862 2414 2918 εἰπὼν
2447 2864 2540 2918 τοῦ
2583 2865 2742 2929 Θεοῦ,
2771 2844 2850 2922 δι’
2895 2844 2953 2921 δν
2983 2871 3010 2922 ὁ
3060 2869 3193 2932 Θεὸς
3248 2870 3366 2937 τὴν
3435 2871 3817 2942 Ἰερουσαλὴμ

556 2956 722 3016 quam
766 2944 908 2999 idem
937 2943 1241 3002 Jerusalem
1283 2948 1498 3004 brae/tio
1521 2969 1620 3007 suo
1640 2995 1654 3019 ,
1693 2955 1745 3009 id
1778 2967 1862 3011 est
1890 2959 2134 3028 potentia

2244 2956 2626 3026 ἐλυτρώσατο
2656 2956 2735 3024 τῷ
2759 2959 3064 3030 βραχίονι,
3091 2961 3240 3017 τοῦτ’
3270 2963 3391 3019 ἐστι
3416 2968 3489 3036 τῇ
3535 2965 3642 3036 τῆς
3673 2964 3815 3018 δυνά-

551 3031 777 3088 virtutis
807 3048 921 3090 suae
949 3033 1228 3100 liberavit;
1257 3053 1381 3094 cum
1411 3056 1440 3092 a
1475 3039 1582 3095 Deo
1605 3044 1880 3102 civitatem
1913 3047 2132 3104 defendi

2247 3065 2393 3119 μεως
2421 3050 2694 3122 ἐνεργείᾳ,
2726 3053 3106 3120 γινωσκόντων
3150 3052 3260 3108 τῶν
3289 3031 3561 3120 ἐθνῶν-ὠς
3593 3031 3816 3109 ἐπεσκέ-

553 3132 744 3193 gentes
768 3125 899 3195 ipsa:
929 3141 1038 3181 non
1067 3127 1430 3199 ambigerem.
1451 3130 1628 3202 Atque
1647 3135 1761 3191 haec
1784 3137 2006 3207 quidem
2029 3140 2127 3194 illi.

2244 3141 2376 3210 ψατο
2407 3142 2506 3212 τὴν
2542 3143 2904 3215 Ἰερουσαλὴμ
2928 3146 2956 3200 ὁ
2987 3144 3144 3208 Θεός·
3177 3146 3274 3202 καὶ
3302 3145 3478 3200 ταῦτα
3533 3147 3636 3216 μὲν
3664 3142 3814 3201 οὗτοι.

551 3215 819 3282 (Steterunt
858 3233 968 3288 quo
1011 3219 1154 3287 loco,
1208 3220 1318 3275 Vox
1361 3225 1767 3280 custodientium
1811 3240 1857 3283 te
1898 3231 2140 3288 exaltata

552 3319 652 3375 est,
704 3309 993 3378 habemus,
1033 3312 1141 3366 νοω
1188 3320 1585 3384 speculatorum
1634 3328 1845 3374 tuorum
1873 3322 2018 3378 elata
2063 3335 2140 3380 est

552 3401 952 3472 interpretatur
1006 3405 1398 3475 Symmachus,
1447 3408 1752 3482 adjungens
1798 3422 1848 3465 et
1896 3414 1950 3468 in
1999 3417 2138 3472 idem

554 3493 852 3547 laudabunt
886 3511 904 3550 :
935 3495 1144 3554 oculale
1172 3499 1312 3552 enim
1343 3499 1613 3564 videbunt,
1643 3503 1856 3572 quando.
1877 3518 2138 3564 convertet

552 3585 686 3652 Sion
721 3585 1020 3652 Dominus;
1047 3589 1100 3644 in
1133 3606 1245 3661 quo
1272 3607 1490 3647 rursum
1517 3595 1603 3666 pia
1630 3595 1753 3652 vitae
1787 3600 1926 3655 ratio
1949 3601 2136 3656 innui-

551 3685 662 3730 tttr.
691 3675 796 3732 Sed
827 3695 926 3750 pro
963 3695 1075 3750 quo
1098 3682 1307 3740 oculate
1331 3684 1508 3747 dixit,
1545 3686 1756 3750 oculum
1795 3691 1847 3742 in
1869 3691 2021 3748 oculo
2057 3693 2136 3746 ui-

553 3784 704 3823 suros
741 3786 853 3824 esse
887 3771 1085 3842 reliqui
1123 3777 1548 3834 transtulerunt.
1602 3778 1810 3838 Deinde
1846 3785 2138 3851 speculato-

551 3873 668 3912 rum
714 3861 953 3924 nomine,
989 3861 1293 3918 Salvatoris
1327 3865 1633 3937 discipulos
1682 3871 1955 3942 intelligit.
2002 3873 2136 3930 Nam

550 3959 603 4002 et
647 3949 720 4003 ita
766 3951 1058 4022 prophetas
1109 3955 1414 4025 antiquitus
1461 3961 1845 4032 appellabant,
1894 3971 1952 4022 et.
1990 3981 2138 4022 nunc

549 4041 715 4094 etiam
739 4041 977 4097 recentis
999 4045 1184 4114 populi
1208 4048 1560 4114 speculatores
1578 4061 1626 4112 et
1649 4055 1888 4112 custodes
1909 4059 2139 4128 quidam

549 4133 652 4206 ipsi
695 4142 826 4188 sunt
869 4135 1142 4205 apostoli;
1185 4140 1279 4207 qui
1327 4139 1569 4200 bonitate
1613 4143 1878 4205 doctrina:
1926 4152 2134 4218 pastori

547 4224 781 4296 principi
839 4225 1102 4284 adversus
1153 4229 1336 4301 lupos,
1379 4248 1509 4292 oves
1563 4240 1902 4294 custodiunt.
1965 4239 2134 4300 Iidem

550 4327 848 4388 praeterea,
897 4322 1028 4396 quia
1089 4322 1208 4377 suis
1254 4325 1421 4380 oculis
1470 4324 1808 4389 Salvator-em
1854 4332 2134 4396 uiderunt,

545 4411 774 4486 Suisque
789 4412 1023 4467 ‘auribus
1057 4413 1421 4482 audiverunt;
1454 4434 1630 4476 vocem
1665 4437 1818 4476 suam
1851 4438 1916 4478 eo
1954 4440 2128 4494 usque

2255 3234 2402 3287 ’Avt‘t
2428 3234 2485 3287 δὲ
2515 3235 2632 3298 τοῦ,
2661 3235 2831 3304 φωνὴ
2865 3237 2986 3292 τῶν
3011 3240 3462 3306 φυλασσόντων
3483 3255 3561 3296 σε
3593 3239 3814 3312 ὑψώθη.

2240 3326 2269 3378 ὁ
2323 3325 2643 3396 Σύμμαχος,
2704 3328 2878 3396 Φωνὴ
2931 3328 3050 3382 τῶν
3110 3330 3360 3384 σκοπῶν
3411 3345 3532 3384 σου
3582 3331 3814 3400 ἐπῆρεν,

2241 3416 2606 3487 ὲρμήνευσεν,
2645 3419 2741 3471 καὶ
2790 3420 3094 3490 ἐπήγαγεν,
3123 3421 3219 3474 ἐπὶ
3255 3420 3324 3474 τὸ
3366 3423 3515 3475 αὐτὸ
3546 3424 3812 3477 αὶνέσουο

2239 3523 2364 3560 σιν.
2423 3508 2930 3580 Ὀφθαλμοφανῷς
2987 3511 3097 3582 γὰρ
3149 3511 3405 3581 ὄψονται
3459 3513 3533 3566 ἐν
3580 3513 3664 3580 τῷ
3699 3515 3810 3567 ἑπι-

2239 3598 2498 3667 στρέψαι
2525 3601 2746 3671 Κύριον
2775 3601 2892 3668 τὴν
2919 3603 3073 3657 Σιών
3095 3618 3110 3631 ⁶
3144 3603 3486 3675 δηλουμένου
3532 3607 3700 3661 πάλιν
3729 3605 3808 3658 τοῦ

2241 3689 2527 3753 θεοσεϐοῦς
2559 3693 2982 3764 πολιτεύματος.
3017 3696 3165 3750 Ἀντὶ
3208 3697 3265 3750 δὲ
3297 3699 3393 3753 τοῦ
3437 3700 3812 3769 ὀφθαλμοφαο

2239 3779 2378 3846 νῶς,
2405 3783 2454 3834 ot
2483 3780 2662 3836 λοιποὶ
2685 3784 2848 3850 φασὶν
2881 3785 3199 3854 ὀφθαλμόν
3229 3787 3302 3841 ἐν
3329 3788 3623 3858 ὀφθαλμῷ
3642 3790 3809 3858 ὄψον-

2237 3889 2354 3927 ται.
2406 3873 2684 3938 Σκοποὺς
2717 3874 2775 3928 δὲ
2809 3873 2905 3930 νῦν
2949 3877 3082 3941 τοὺς
3133 3879 3385 3952 μαθητὰς
3438 3881 3537 3934 τοῦ
3571 3883 3807 3951 Σωτῆρος

2239 3962 2416 4016 καλεῖ.
2460 3966 2568 4018 Καὶ
2601 3964 2776 4020 πάλαι
2817 3967 2926 4036 γὰρ
2975 3969 3102 4032 τοὺς
3134 3971 3420 4043 προφήτας
3470 3971 3648 4036 οὕτως
3691 3972 3806 4026 ἑκάς

2237 4054 2385 4117 λουν,
2416 4056 2512 4112 aut
2544 4056 2640 4109 νῦν
2672 4059 2766 4115 τοῦ
2812 4061 2934 4116 νέου
2982 4060 3122 4116 λαοῦ
3165 4062 3426 4131 γεγόνασι
3455 4065 3676 4118 σκοποὶ
3716 4062 3804 4117 καὶ

2237 4147 2506 4216 φύλακες
2541 4150 2591 4203 οἱ
2640 4151 2932 4208 ἀπόστολοι
2965 4153 3338 4222 φυλάσσοντες
3362 4155 3474 4209 ἀπὸ
3505 4156 3618 4210 τῶν
3643 4156 3805 4210 λύκων

2245 4239 2325 4310 τῷ
2388 4242 2748 4318 ὰρχιποίμενι
2798 4245 2869 4300 τὰ
2922 4247 3175 4317 πρόϐατα
3236 4247 3328 4301 διὰ
3360 4247 3460 4318 τῆς
3503 4249 3804 4320 πρεπούσης

2249 4333 2623 4400 διδασκαλίας.
2677 4338 2793 4393 Καὶ
2845 4339 3321 4412 ὀφθολμοφανῶς
3383 4341 3662 4396 αὐτόπται
3721 4341 3805 4394 καὶ

2238 4426 2500 4497 αὐτήκοοι
2550 4428 2646 4482 τοῦ
2691 4430 2947 4502 Σωτῆρος
3023 4431 3309 4502 γενόμενοι
3387 4433 3655 4502 ὕψωσαν
3703 4432 3800 4500 τὴν

541 4503 874 4566 exaltarunt,
899 4517 956 4557 ut
984 4505 1273 4575 agentibus
1305 4509 1547 4568 omnibus
1574 4510 1762 4565 audita
1787 4514 1880 4575 sit.
1906 4488 2129 4584 duoque

2244 4488 2472 4573 ἑαυτῶν
2523 4518 2758 4590 φωνὴν,
2925 4488 3315 4587 ἐξακουστὸν
3362 4488 3625 4593 γενέσθαι
3669 4488 3799 4582 πᾶσι

544 4591 600 4643 in
637 4607 804 4644 unum
831 4593 1014 4663 populi
1057 4594 1317 4660 coierint,
1345 4595 1499 4664 juxta
1555 4599 1686 4654 illud
1716 4617 1730 4653 :
1772 4619 1790 4651 ι
1821 4600 2140 4670 1.;εῑιιιῐιὶιιὶ,

544 4690 738 4751 gentes
770 4698 892 4740 cum
925 4685 1127 4754 populo
1158 4685 1281 4757 ejus
1314 4687 1378 4740 δ’.
1424 4708 1443 4744 ι
1491 4688 1629 4746 Hinc
1661 4700 1714 4745 et
1763 4692 1854 4747 illa
1880 4694 2132 4762 (Davidis.

551 4791 570 4822 ι
605 4771 801 4826 Audite
826 4772 964 4840 hzec,
998 4789 1193 4830 omnes
1214 4785 1411 4846 gentes
1444 4778 1512 4832 ⁸ο.
1543 4799 1560 4832 ι
1589 4781 1792 4837 Deinde
1825 4800 1934 4838 non
1968 4787 2129 4844 aliter

542 4879 706 4932 quam
739 4862 857 4933 ipsa
887 4862 1285 4921 dannoniorum
1312 4871 1629 4936 multitudo,
1653 4888 1760 4926 non
1783 4873 1902 4929 sine
1933 4879 2118 4932 sonitu

544 4955 747 5025 periit,
778 4962 836 5010 ut
871 4970 902 5010 a
931 4957 1149 5013 nomine
1180 4958 1525 5030 ignoraretur
1549 4981 1563 5018 :
1585 4965 1667 5020 sic
1682 4976 1734 5020 et
1756 4967 1956 5024 salutis
1977 4984 2119 5038 prae-

541 5048 764 5101 conium
795 5045 862 5104 ab
894 5048 1150 5108 omnibus
1174 5087 1190 5114 ,
1219 5052 1315 5121 qui
1345 5051 1400 5108 in
1433 5055 1636 5112 veteris
1681 5059 1898 5128 tyranni
1944 5060 2124 5115 locum

543 5155 713 5208 regem
751 5137 910 5211 593
935 5137 1223 5198 Dominum
1254 5157 1612 5215 exceperunt,
1639 5150 1885 5203 exaudiri
1919 5151 2120 5207 decuit.

541 5231 699 5296 Quod
724 5233 886 5287 nobis
905 5240 1056 5286 certe
1086 5230 1404 5291 festivitatis
1422 5247 1476 5293 et
1505 5240 1707 5294 laetitia:
1737 5255 2119 5313 argumentum

546 5319 756 5386 peperit
803 5360 818 5384 ,
857 5319 1013 5389 juxta
1045 5318 1223 5374 illud:
1265 5339 1283 5372 ι
1324 5321 1588 5382 Dominus
1625 5331 1894 5400 regnavit,
1935 5334 2122 5387 exsul-

541 5416 615 5464 tet
648 5417 792 5465 terra
818 5411 883 5466 ³⁸.
933 5429 951 5463 ›
987 5400 1009 5419 ⁴

585 5505 731 5572 'Qua
768 5516 932 5577 pacto
976 5517 1159 5565 autem
1191 5520 1392 5581 regnet,
1448 5523 1556 5566 non
1591 5514 1828 5570 obscure
1890 5518 2118 5580 indicat,

541 5609 664 5651 cum
689 5613 862 5651 vocem
892 5601 1303 5655 custodientium
1325 5603 1617 5657 exaltatum
1641 5623 1694 5659 es
1728 5624 1755 5659 e
1786 5609 2069 5688 subiungit
2100 5628 2114 5664 :

2238 4608 2362 4674 τοῖς
2403 4608 2649 4664 ἔθνεσιν
2697 4615 2792 4668 καὶ
2843 4613 2980 4688 πρὸς
3035 4615 3134 4668 ἕνα
3180 4616 3310 4680 τοὺς
3350 4615 3444 4668 δύο
3484 4618 3797 4688 συναχθῆναι

2233 4699 2418 4764 λαοὺς.
2451 4702 2593 4756 κατὰ
2632 4704 2714 4756 τόο
2749 4725 2767 4758 ι
2792 4705 3176 4778 Εὐφρανθῆτε,
3211 4707 3364 4778 ἔθνη,
3397 4708 3541 4778 μετὰ
3559 4709 3660 4763 τοῦ
3686 4708 3793 4762 λαοῦ

2231 4792 2424 4849 αὐτοῦ.
2459 4813 2477 4846 ι
2519 4795 2612 4848 Διὸ
2649 4797 2784 4867 φησὶ⁵
2831 4798 2926 4851 καὶ
2975 4799 3174 4853 Δαὸίδ·
3214 4819 3233 4851 ι
3282 4800 3585 4855 Ἀκούσατε
3619 4801 3790 4866 ταῦτα,

2232 4883 2409 4942 πάντα
2476 4885 2545 4940 τὰ
2592 4886 2744 4958 ἐϐνη.
2778 4907 2797 4941 ι
2862 4890 2972 4946 Καὶ
3009 4889 3198 4963 ὥσπερ
3244 4891 3306 4945 τὸ
3354 4892 3464 4946 τῶν
3517 4894 3792 4966 δαιμονίων

2229 4975 2436 5047 πλῆθος
2460 4977 2713 5034 ἀπώλετο
2747 4980 2865 5050 μετ’
2896 4983 3088 5054 ἤχους,
3118 4983 3194 5045 ὡς
3248 4985 3522 5056 ἀγνοῆσαι
3568 4990 3786 5060 μηδένα’

2225 5067 2371 5122 οὕτω
2441 5069 2503 5122 τὺ
2566 5073 2835 5144 σωτήριον
2891 5075 3156 5147 κήρυγμα
3200 5079 3368 5130 πᾶσιν
3424 5078 3789 5144 ἐξάκουστον

2226 5157 2436 5228 γέγονε
2450 5160 2722 5224 βασιλέα
2743 5163 3064 5234 δεξαμένοις
3085 5166 3210 5221 ἀντὶ
3227 5166 3327 5242 τοῦ
3351 5169 3522 5224 πάλαι
3545 5174 3785 5242 τυράννου

2225 5249 2316 5302 τὸν
2354 5249 2576 5322 Κύριον.
2616 5255 2680 5307 Ὃ
2707 5253 2771 5324 δὴ
2805 5255 2901 5309 καὶ
2939 5257 3163 5324 γέγονεν
3210 5260 3346 5330 ἡμῖν
3379 5263 3603 5333 ἀφορμὴ
3636 5281 3786 5332 navi;-

2225 5339 2459 5410 γύρεως.
2492 5344 2630 5398 κατὰ
2655 5348 2733 5399 τό·
2759 5365 2775 5397 t
2812 5346 2869 5401 Ὀ
2904 5346 3106 5418 Κύριος
3145 5348 3516 5419 ἐϐασίλευσεν,
3551 5354 3784 5422 ἀγαλλιά-

2230 5429 2341 5482 σΟω
2567 5451 2585 5483 ι

2297 5520 2422 5585 Πῶς
2451 5523 2508 5574 δέ
2531 5526 2850 5587 βασιλεύει
2881 5526 3033 5598 δηλοῖ
3053 5528 3250 5599 λέγων,
3299 5515 3478 5602 φωνῆ
3534 5531 3651 5586 τῶν
3681 5550 3776 5601 φυ-

2219 5613 2582 5667 λασσόντων
2627 5630 2700 5669 σε
2725 5617 2955 5687 ὑψώθη.
2988 5619 3130 5689 Πρὸς
3155 5620 3248 5685 οὓς
3287 5621 3476 5693 ἔλεγεν
3525 5621 3734 5684 Ἡσαΐας
3759 5635 3772 5651 ⁸

617 5771 664 5808 ιο
693 5773 896 5830 Thren.
944 5794 981 5843 ι,
1025 5777 1076 5832 4.
1158 5780 1201 5813 υ
1241 5779 1344 5836 lsa.
1381 5797 1526 5846 LXVI,
1558 5780 1645 5838 to.
1723 5782 1766 5814 ⁵ο
1806 5781 1950 5839 Psal.
1995 5801 2134 5840 smn

2244 5793 2269 5838 ἰ.
2347 5788 2385 5819 ⁶¹
2419 5787 2566 5844 Psal.
2635 5806 2753 5856 xcv,
2784 5793 2864 5847 Η.
