3998 6390
166 427 300 491 2513

1332 448 1866 514 COMMENTARII
1907 454 1990 515 IN
2039 452 2329 518 ISAIAM.

3279 423 3425 521 2514

167 559 193 633 ι
223 538 381 633 ’.Επέ
403 539 531 633 θρος
596 541 803 615 ὑψηλὸν
878 546 1113 618 ἀνάϐηθι
1172 554 1201 607 ὁ
1256 555 1741 628 εὐαγγελιζόμενος

1851 575 1987 630 quos
2010 561 2063 615 in
2096 562 2243 616 hunc
2270 558 2488 615 modum
2521 558 2690 617 Isaias
2712 561 2879 616 etiam
2902 560 3248 633 alloquitur:
3282 583 3301 615 ι
3330 564 3440 619 Su~

161 628 313 685 Σιών.
356 630 616 703 ’Υψωσον
641 638 708 708 τῇ
738 638 882 709 ἰσχύϊ
911 640 1012 714 τὴν
1065 645 1251 715 φωνήν
1298 664 1413 703 σου.
1459 669 1479 702 ι
1530 649 1594 703 Οἳ
1645 654 1739 705 καὶ

156 723 545 793 εὐφροσύνης
624 726 996 802 ἐπληροῦντο,
1061 734 1429 807 ἐλεουμένης
1499 742 1597 811 τῆς
1621 743 1745 807 νέας

157 813 349 880 Σιὼν,
406 816 544 888 ὁμοῦ
606 819 686 891 τῷ
751 823 1072 897 κηρύγματι
1134 828 1195 882 τὸ
1260 830 1423 901 ἔργον
1505 834 1744 903 ὁρῶντες

156 912 247 963 καὶ
318 909 432 965 τῶν
490 913 802 971 ἀκουόντων
825 918 925 991 τὴν
990 921 1199 978 πίστιν.
1250 925 1363 980 Καὶ
1419 928 1632 993 Παῦλος
1684 931 1744 985 δὲ

155 1000 355 1072 γράφει
407 1006 521 1069 τοῖς
549 1004 617 1059 δι’
668 1006 836 1062 αὐτοῦ
893 1014 1319 1069 πεπιστευκόσιν
1348 1032 1363 1047 ·
1401 1036 1421 1069 ι
1460 1019 1619 1091 Χαρά
1647 1021 1742 1075 καί⁵

158 1091 424 1161 στέφανός
473 1111 592 1165 μου.
627 1114 647 1149 ι
687 1096 812 1153 Ὀτι
855 1099 912 1153 δὲ
977 1103 1094 1173 ἅμα
1148 1122 1209 1159 τε
1286 1108 1568 1163 ἐδίδασκον
1646 1112 1742 1165 καὶ

154 1179 277 1246 τοὺς
304 1181 665 1254 πειθομένους
700 1183 846 1258 εἶχον
873 1230 889 1253 ,
958 1188 1120 1264 δῆλον
1186 1196 1245 1261 ἐξ
1308 1189 1385 1251 ὧν
1445 1216 1611 1271 φησιν
1681 1204 1742 1257 ἐν

154 1274 268 1364 ταῖς
299 1273 592 1364 ῌράξεσιν,
626 1276 702 1341 ὠς
730 1281 1141 1354 προσετέθησαν
1166 1286 1224 1338 ἐν
1245 1289 1346 1360 μιᾷ
1374 1290 1560 1363 ἡμέρᾳ
1590 1297 1741 1364 τρεῖς

153 1362 392 1431 χιλιάδες
426 1366 784 1437 άνδρῶν.Καὶ
806 1373 834 1425 ὁ
858 1371 1206 1445 δεσμοφύλαξ
1235 1377 1291 1432 δὲ
1332 1362 1571 1446 ἀκούσας
1591 1362 1740 1438 Παύ-

152 1455 242 1507 λου
267 1472 282 1485 ·
329 1475 348 1509 ι
379 1458 565 1528 Μηδὲν
595 1460 814 1533 πράξῃς
846 1465 1061 1537 σεαυτῷ
1094 1469 1267 1523 κακόν
1290 1486 1304 1500 ⁸
1334 1471 1577 1539 ἅπαντες
1630 1479 1739 1548 γάρ

155 1548 320 1640 ἐσμεν
346 1549 558 1604 ἐνθάδε·
590 1570 609 1604 ι
639 1552 928 1624 θαυμάσας
986 1558 1292 1632 ἐϐαπτίσθη
1326 1564 1423 1616 σὺν
1447 1566 1615 1620 παντὶ
1660 1568 1739 1640 τῷ

152 1638 305 1710 οἴκῳ.
338 1641 520 1695 Αὐτοῦ
570 1644 867 1715 ὀφθαλμοὶ
901 1648 958 1701 δὲ
986 1648 1135 1719 πρὸς
1161 1653 1508 1723 ὀφθαλμοὺς
1550 1638 1737 1725 εἷὸονί,

154 1728 293 1781 κατά
353 1730 442 1795 τὸ,
483 1733 512 1785 ὁ
572 1731 704 1797 Θεὸς
747 1735 1007 1806 ἐμφανῶς
1055 1740 1199 1810 ἥξει.
1226 1744 1452 1813 Ἤγουν,
1484 1747 1545 1799 ού
1568 1750 1678 1811 τοῖς
1710 1758 1738 1785 ο

154 1822 265 1882 σοῖς
289 1819 621 1891 ὀφθαλμοῖς
648 1824 1182 1901 εὐφραινομένους,
1217 1833 1337 1904 ἅμα
1366 1835 1440 1906 τῇ
1467 1836 1552 1908 σῇ
1566 1838 1738 1909 φωνῇ

1846 667 1946 722 per
1986 660 2232 706 ntontcm
2295 651 2575 707 excelsum
2631 653 2888 719 ascende,
2940 654 3035 725 qui
3092 655 3440 725 evangelizas

1846 744 2003 800 Sion.
2038 744 2229 799 Exalta
2274 743 2598 800 fortitudine
2631 753 2724 799 tua
2754 760 2943 800 vocem
2979 754 3129 802 tuam
3158 746 3225 801 “.
3264 766 3285 800 ι
3319 746 3440 802 ιω-

1847 828 1970 892 titia
2005 852 2225 892 rursum
2257 846 2313 892 et
2362 837 2471 907 ipsi
2513 836 2916 907 implebantur,
2941 840 3040 908 qui
3088 838 3303 895 Sionem
3340 840 3442 893 mi-

1844 930 2191 985 sericordiam
2238 945 2363 986 esse
2423 938 2824 997 consecutam;
2866 932 2962 1002 qui
3012 932 3431 1003 praedicationis

1843 1037 1984 1092 Opus
2006 1060 2023 1086 ,
2076 1022 2171 1093 qui
2202 1022 2548 1077 audientium
2591 1022 2751 1077 fidem
2801 1024 3188 1081 intuebantur.
3219 1023 3356 1079 Nam
3384 1031 3442 1079 et

1843 1111 2071 1178 Paulus,
2092 1130 2217 1169 cum
2242 1114 2309 1168 ad
2341 1129 2439 1170 eos
2469 1115 2689 1179 scribit,
2712 1116 2918 1186 quibus
2947 1117 3213 1173 credendi
3243 1125 3441 1172 auctor

1845 1204 1967 1266 fuit.
2004 1203 2225 1260 eosdem
2279 1204 2396 1275 ipse
2446 1205 2709 1275 gaudium
2745 1216 2801 1262 et
2827 1221 3094 1263 coronam
3146 1222 3302 1263 suam
3337 1222 3439 1277 ap-

1842 1296 2012 1367 pellat
2060 1294 2129 1348 ⁵³.
2158 1295 2265 1350 Eos
2295 1305 2563 1365 praeterea
2621 1308 2734 1352 non
2780 1294 3043 1353 docuisse
3070 1304 3308 1363 tantum,
3341 1297 3438 1353 sed

1844 1386 2191 1458 persuasisse
2213 1388 2380 1441 etiam
2416 1402 2481 1442 ex
2518 1402 2585 1441 eo
2619 1389 3039 1459 patuerit,quod
3066 1391 3122 1444 in
3151 1388 3304 1444 Actis
3329 1404 3439 1443 uno

1842 1478 1933 1532 die
1962 1477 2069 1530 tria
2103 1476 2390 1530 hominum
2422 1476 2594 1530 millia
2644 1476 2905 1534 Ecclesiae
2955 1480 3264 1534 accessisse
3290 1477 3442 1548 legi-

1844 1583 1966 1622 mus
1996 1568 2043 1600 ⁵⁴⁵
2074 1583 2089 1631 ;
2117 1565 2348 1620 Paulum
2404 1566 2645 1635 denique
2692 1569 2934 1623 carceris
2983 1569 3220 1634 custodi,
3256 1584 3325 1623 ne
3382 1569 3438 1623 itt

1842 1674 1903 1714 se
1957 1658 2086 1712 mali
2126 1658 2430 1728 quidquam
2464 1668 2731 1728 patraret,
2760 1662 2893 1731 quia
2923 1660 3119 1716 Omnes
3152 1661 3437 1723 adessent,

1844 1748 2201 1816 inclamasse,
2244 1764 2479 1820 eamque
2534 1766 2650 1806 rem
2713 1753 3049 1807 admiratum
3102 1752 3256 1807 illum
3312 1768 3437 1806 cum

1842 1850 1957 1897 tota
1980 1841 2150 1897 domo
2194 1843 2538 1914 baptizatum
2573 1860 2699 1901 esse
2731 1845 3073 1903 ".l’iderum
3106 1855 3289 1901 autem
3314 1845 3439 1915 ejus

150 1911 294 1979 τοὺς
331 1913 696 1984 ἀκούοντας.
742 1919 889 1974 ’Δντὶ
946 1921 1003 1976 δὲ
1037 1923 1152 1993 τοῦ,
1210 1928 1449 1996 ρηξιὶτω
1489 1932 1609 2001 ἅμα
1637 1936 1734 1988 εὐ·

1851 1935 1985 1990 oculi
2013 1934 2082 1990 ad
2115 1936 2321 2001 oculos,
2348 1935 2520 1991 Deum
2552 1938 2788 2003 scilicet,
2808 1953 2968 2006 quem
2994 1938 3285 1994 manifeste
3304 1951 3441 1992 vcn'

149 2007 470 2097 gpoo'tirnr
500 2009 573 2064 τὰ
604 2012 793 2082 ἔρημα
849 2013 1244 2090 Ἰερουσαλήμ
1273 2038 1287 2053 ι
1332 2022 1362 2075 ὁ
1415 2022 1737 2097 Σύμμαχος,

167 2096 554 2186 ςζλαρύνθητε
617 2101 717 2155 καὶ
782 2100 1158 2172 ἀγαλλιᾶσθε
1211 2110 1361 2179 ὁμοῦ
1415 2113 1487 2168 τὰ
1551 2096 1743 2186 ἔρημα

162 2184 583 2260 Ἰερουσαλὴμ,
620 2192 773 2261 φησί.
830 2194 904 2248 Τὸ
965 2195 1023 2249 δὲ
1090 2197 1276 2268 ῥῆξαι
1310 2203 1545 2272 φωνὴν,
1601 2184 1743 2281 παρ-

154 2290 333 2352 βτησι
363 2282 504 2355 τόνῳ
528 2285 988 2357 χρῆσθαιξφωνῆς
1020 2295 1412 2366 χαριστηρίους
1443 2297 1586 2369 ᾠδὰς
1606 2300 1744 2355 ἀνα-

152 2373 496 2444 πέμποντας,
524 2375 591 2429 δι⁹
632 2372 707 2431 ὧν
757 2379 1103 2451 εῦφραίνοιτο
1133 2385 1288 2453 Θεὸς,
1317 2392 1462 2443 κατὰ
1493 2391 1575 2444 τό·
1602 2395 1747 2447 «Καὶ

152 2467 187 2536 ἡ
209 2466 436 2535 γλῶσσά
466 2470 569 2539 μου
600 2470 891 2542 μελετήσει
931 2474 1030 2545 τὴν
1094 2477 1446 2553 δικαιοσύνην
1478 2500 1593 2549 σου,
1614 2486 1744 2556 ὃλην

152 2559 245 2631 τὴν
271 2561 491 2631 ἡμέραν
529 2565 620 2616 τδν
658 2563 879 2619 ἔπαινόν
938 2585 1058 2623 σου.
1119 2588 1137 2621 ι
1173 2572 1408 2642 Ἔρημα
1462 2576 1520 2629 δέ
1576 2595 1744 2647 φησιν

157 2654 450 2724 ἱστορικῶς
470 2655 589 2727 μὲν,
638 2658 853 2713 ὅτιτῶν
880 2664 1147 2717 πλείστων
1173 2668 1315 2736 μετὰ
1330 2668 1427 2739 τὴν
1449 2670 1590 2723 κατά
1606 2672 1739 2740 Χρι-

158 2743 275 2797 στοῦ
316 2745 527 2816 τόλμαν
550 2746 997 2819 δαπανηθέντων,
1038 2754 1249 2827 ἐρημία
1269 2758 1338 2812 τά
1360 2759 1586 2815 πλεῖστα
1611 2780 1749 2818 κατ-

156 2838 263 2907 εῖχε
307 2838 414 2909 τῆς
493 2839 722 2907 πόλεως.
769 2846 913 2916 Πρὸς
946 2846 1004 2900 δὲ
1042 2849 1187 2917 νοῦν,
1230 2851 1480 2925 ὃτιπερή
1519 2855 1748 2927 Ἐκκλη-

161 2933 247 2986 σία
280 2937 408 2988 κατ’
457 2933 634 3006 ἀρχὰς
682 2936 1076 3011 ὀλιγανδροῦσα
1103 2941 1240 3013 πρὸς
1284 2944 1514 3018 ἄπειρον
1542 2948 1746 3018 πλῆθος

152 3025 426 3082 ἐπέδωκεν
455 3025 683 3100 ὕστερον
708 3044 725 3062 ο
768 3032 907 3104 πρὸς
930 3033 997 3104 ἢν
1030 3033 1216 3105 ἔλεγεν
1247 3052 1263 3068 ο
1295 3054 1315 3090 ι
1350 3033 1525 3109 *Αρον
1561 3040 1747 3112 κύκλῳ

151 3117 277 3183 τοὺς
299 3118 625 3190 ὀφθαλμούς
657 3137 774 3188 σου,
815 3123 913 3176 καὶ
971 3123 1047 3177 ἴδε
1094 3128 1413 3198 συνηγμένα
1459 3130 1527 3184 τὰ
1575 3131 1746 3187 τέκνα

1845 2035 2030 2082 turum
2061 2027 2277 2084 Psaltes
2322 2028 2615 2084 affirmavit
2645 2029 2691 2061 ⁵⁸
2736 2047 2750 2084 :
2788 2030 2873 2084 vel
2902 2044 3021 2095 eos,
3048 2031 3145 2100 qui
3167 2029 3280 2084 tuis
3309 2043 3441 2082 ocu-

1849 2120 1914 2175 lis
1947 2119 2222 2185 laetantur,
2255 2120 2463 2191 quique
2486 2120 2649 2175 simul
2680 2136 2855 2175 vocem
2887 2130 3036 2174 tuom
3061 2116 3439 2174 audiunt.Ubi

1847 2221 2058 2277 autem,
2093 2212 2390 2292 Erumpunt
2415 2212 2580 2268 simul
2605 2214 2662 2267 in
2691 2212 2936 2267 laetitiam
2978 2214 3189 2266 deserta
3216 2211 3440 2265 Jerusa-

1850 2305 1974 2371 lem,
2007 2305 2273 2362 habemus
2303 2323 2317 2360 :
2348 2304 2759 2369 Exltllaremini,
2780 2314 2831 2360 et
2888 2304 3226 2360 oxsultemini
3280 2302 3445 2359 simul

1849 2397 2067 2452 deserta
2097 2396 2423 2464 Jerusalem,
2475 2398 2843 2469 Symmachus
2895 2398 3291 2468 interpretatus
3332 2404 3441 2449 est.

1853 2490 1978 2560 lpsa
2012 2489 2214 2546 deinde
2244 2492 2383 2545 vocis
2408 2490 2639 2559 eruptio,
2674 2490 2973 2559 gratiarum
3011 2490 3281 2551 actiones.
3313 2487 3441 2559 qui-

1855 2582 1961 2637 bus
1987 2580 2132 2638 Deus
2166 2583 2502 2645 oblectatur,
2536 2589 2803 2637 contenta
2835 2599 2958 2637 voce
2986 2581 3314 2637 decantasse
3347 2581 3445 2636 de-

1852 2680 2147 2737 monstrat,
2182 2673 2337 2745 juxta
2388 2674 2522 2728 illud
2552 2692 2565 2729 :
2604 2693 2622 2726 t
2659 2674 2725 2728 Et
2759 2676 2943 2745 lingua
2974 2671 3441 2742 meditabiturju-

1851 2764 2061 2821 stitiam
2112 2773 2287 2830 tuam,
2321 2772 2433 2820 tota
2470 2765 2562 2821 die
2600 2766 2815 2821 laudent
2867 2776 3015 2820 tuam
3048 2766 3185 2819 δυ’.»
3222 2765 3444 2819 Deserta

1851 2873 2022 2929 porro
2053 2858 2318 2913 historice
2343 2858 2563 2927 quidem
2588 2858 2712 2913 ideo
2729 2860 2826 2925 ait,
2854 2856 3000 2929 quod
3025 2858 3217 2911 urbem
3239 2856 3441 2926 ipsam,

1852 2950 2046 3006 multis
2069 2958 2197 3020 post
2222 2950 2526 3005 admissum
2560 2950 2615 3005 in
2645 2950 2926 3006 Christum
2961 2949 3180 3005 facinus
3217 2950 3444 3004 absunt.

1853 3041 1985 3113 ptis,
2015 3042 2314 3112 plurimum
2370 3043 2663 3113 occupavit
2707 3042 2976 3099 solitudo.
3009 3041 3106 3096 Sin
3153 3049 3339 3096 autem
3378 3056 3443 3095 ea

1853 3135 1921 3189 ad
1983 3142 2225 3191 mentem
2283 3149 2623 3205 sensumque
2686 3135 3006 3191 interiorem
3065 3134 3439 3199 referantur;

152 3227 264 3268 σου.
304 3230 326 3265 ι
360 3211 617 3268 Τοιοῦτον
650 3215 744 3269 καὶ
771 3215 853 3270 τόο
888 3236 907 3270 ι
940 3212 1065 3271 Ὀτι
1119 3220 1288 3275 πολλὰ
1328 3223 1397 3277 τὰ
1450 3224 1617 3278 τέκνα
1650 3226 1741 3295 τῆς

1857 3226 2103 3282 Ecclesia
2140 3225 2563 3297 significabitur,
2610 3241 2731 3296 quae
2770 3227 3014 3281 virorum
3065 3224 3289 3296 quidem
3335 3240 3443 3279 nu-

152 3305 361 3375 ἐρήμου
395 3306 604 3377 μᾶλλον
635 3307 669 3378 ἢ
720 3309 818 3380 τῆς
843 3310 1077 3381 ἐχούσης
1110 3311 1203 3367 τὸν
1249 3313 1438 3384 ἄνδρα.
1470 3333 1491 3367 ι
1523 3315 1647 3379 Πῶς
1691 3316 1741 3369 δὲ

1854 3335 2007 3376 mero
2051 3320 2249 3391 exigua
2282 3319 2540 3390 primum,
2571 3318 2790 3373 infinita
2843 3326 3025 3373 autem
3087 3316 3445 3372 multitudine

152 3393 363 3457 γένοιτο
422 3392 602 3461 τοῦτο,
634 3397 935 3469 παρίστησι
977 3398 1175 3468 λέγων,
1227 3400 1311 3455 ὅτι
1342 3401 1749 3473 Ἀποκαλύψει

151 3485 369 3555 Κύριος
394 3486 825 3558 τὸνοβριιχιονα
856 3491 1067 3557 αὐτοῦ,
1114 3490 1213 3564 τὴν
1264 3492 1361 3547 τοῦ
1400 3495 1747 3564 Μονογενοῦς

156 3577 453 3645 ἐπιδημίαν
483 3579 661 3650 δηλῶν
688 3580 823 3635 πᾶσι
850 3584 964 3647 τοῖς
989 3582 1202 3638 ἔθνεσιν
1229 3585 1671 3658 ἐπιλάμψουσαν,

1853 3411 2117 3481 deinceps
2145 3417 2307 3466 aucta
2342 3417 2457 3478 est;
2481 3410 2627 3466 unde
2657 3418 2788 3465 sunt
2819 3408 2935 3465 ltzec
2958 3408 3025 3463 ad
3061 3408 3211 3463 illaut
3238 3408 3442 3463 verba:

1858 3522 1877 3554 ι
1917 3504 2084 3559 Eleva
2137 3505 2350 3559 circum
2408 3504 2602 3558 oculos
2656 3512 2785 3559 tuos
2818 3503 2885 3557 ⁵⁷.
2922 3520 2943 3553 ι
2974 3500 3107 3556 Tale
3142 3508 3197 3555 et
3255 3500 3440 3557 illud:

1857 3609 1875 3645 t
1908 3592 2182 3659 Quoniam
2224 3595 2413 3666 plures
2443 3594 2603 3649 liberi
2636 3595 2893 3660 desertae,
2926 3604 3092 3663 quam
3120 3592 3302 3646 virum
3340 3592 3441 3646 lta¢

154 3673 337 3729 bentis
356 3672 427 3731 ⁸⁸.
459 3694 478 3728 ι
506 3674 669 3761 594I
692 3674 992 3745 Quiautem
1015 3678 1161 3737 istud
1178 3680 1426 3738 futurum
1448 3685 1804 3757 sit,exponit,
1850 3703 1974 3743 cum
2000 3688 2289 3743 Dominum
2336 3689 2612 3743 brachium
2678 3706 2832 3745 suum
2898 3690 3253 3744 revelaturum
3311 3689 3390 3744 ait
3419 3708 3434 3744 :

152 3768 352 3839 quibus
402 3770 589 3827 verbis
612 3772 881 3842 unigeniti
902 3772 1024 3829 Filii
1053 3776 1350 3833 adventum
1376 3781 1634 3850 gentibus
1658 3782 1917 3839 omnibus
1947 3784 2160 3839 clarum
2193 3793 2556 3855 apertumque
2599 3784 2717 3838 fore
2743 3784 3096 3851 significavit.

225 3858 443 3914 Οὐκοῦν
519 3864 741 3919 ἐπειδὰν
803 3871 1120 3938 προσφωνεῖ
1183 3869 1258 3940 τῇ
1319 3874 1475 3927 Σιὼν
1533 3876 1633 3929 καὶ
1672 3874 1749 3946 τῇ

161 3950 588 4022 Ἰερουσαλὴμ,
617 3954 684 4008 τά
712 3954 1016 4029 λελεγμένα
1044 3958 1134 4012 ἐπὶ
1161 3960 1263 4031 τὴν
1284 3962 1393 4015 τῶν
1413 3962 1583 4019 ἐθνῶν
1610 3964 1747 4018 ἀνα.

154 4043 379 4115 φέρεται
400 4044 619 4118 κλῆσιν.
667 4046 742 4102 Τὸ
777 4050 889 4121 γὰρ
931 4050 1186 4117 θεοσεϐὲς
1237 4052 1563 4127 πολίτευμα,
1615 4057 1746 4112 ποτέ

156 4135 252 4204 μὲν
280 4136 415 4207 παρ’
431 4139 659 4205 ἐκείνοις
692 4135 784 4213 ἦν,
813 4142 944 4196 ποτὲ
973 4141 1202 4217 δὲπαρά
1228 4147 1342 4211 τοῖς
1372 4146 1602 4212 ἔθνεσιν,
1624 4147 1660 4203 ἀ
1678 4148 1742 4223 δὴ

154 4227 310 4282 Σιὼν
344 4229 448 4283 καὶ
490 4230 881 4304 Ἰερουσαλὴμ
906 4232 1247 4305 ὠνόμασται.
1278 4236 1371 4290 Διὸ
1403 4237 1497 4292 καὶ
1514 4239 1743 4293 πάντοτε

153 4318 467 4392 ἀνθρώποις
526 4322 926 4397 συνέστηκενή
980 4327 1207 4399 τοιαύτη
1263 4326 1357 4384 τοῦ
1393 4326 1529 4384 Θεοῦ
1562 4330 1737 4395 πόλις.

164 4411 564 4483 Ἰερουσαλὴμ
588 4409 706 4483 οῦν,
736 4416 774 4486 ἢ
808 4417 962 4471 Σιὼν
1014 4418 1300 4475 καλεῖσθαι
1339 4423 1439 4494 τὴν
1482 4424 1743 4494 τοιαύτην

154 4503 380 4576 ἐκλογὴν
410 4506 565 4561 οὐδὲν
592 4506 844 4583 διαφέρει
872 4525 887 4543 ο
920 4513 1033 4577 τοῖς
1066 4513 1123 4567 δὲ
1190 4514 1511 4580 ἀποστόλοις
1557 4516 1744 4571 λοιπὸν

156 4597 209 4649 τὸ
241 4600 582 4671 προφητικὸν
615 4601 835 4674 πνεῦμα
885 4610 1199 4677 προσφωνεί
1251 4608 1596 4682 ἀποστῆναι
1639 4609 1736 4663 τοῦ

153 4690 380 4744 ἀπίστου
413 4692 511 4746 καὶ
573 4694 887 4767 ἀκαθάρτου
943 4696 1100 4754 λαοῦ.
1149 4702 1342 4771 Σκεύη
1388 4702 1446 4755 δὲ
1514 4704 1735 4772 Κυρίου

155 4782 218 4834 τὰ
249 4780 549 4851 ἐκλεγέντα
580 4786 700 4841 ὑπὸ
726 4789 950 4857 Κυρίου
985 4789 1114 4859 ἅγια
1163 4793 1395 4863 σώματα.
1442 4793 1644 4857 αὐτῶν,
1706 4794 1741 4866 ἢ

155 4876 219 4928 τὰ
248 4876 351 4945 τῆς
384 4877 595 4948 Καινῆς
616 4878 896 4951 Διαθήκης
935 4880 1262 4952 Εὐαγγέλια,
1312 4884 1457 4956 ἅπερ
1486 4888 1743 4955 ἐπικομι-

155 4964 419 5037 ζομένους
486 4967 930 5027 ἀπαλλάττεσθαι
994 4974 1093 5045 τῆς
1145 4976 1407 5040 ἀπιστίας
1464 4976 1559 5029 τοῦ
1612 4978 1742 5030 Ἰου-

153 5055 313 5109 δαίων
341 5056 559 5112 κελεύει
590 5049 775 5127 ’λαοῦ,
798 5064 893 5115 καὶ
919 5064 1017 5135 τῆς
1049 5065 1185 5137 πρὸς
1237 5068 1437 5132 αὐτοὺς
1459 5069 1746 5133 κοινωνίας

154 5147 473 5217 ἀπέχεσθαι.
508 5150 749 5223 Οὐδεμία
775 5154 886 5228 γὰρ
915 5158 1171 5212 κοινωνία
1220 5158 1362 5228 φωτὶ
1418 5163 1555 5230 πρὸς
1617 5166 1742 5217 σκό-

154 5257 264 5304 τος.
320 5241 463 5296 Ἀλλ’
493 5245 615 5299 οῦδὲ
669 5248 831 5318 μερὶς
852 5250 1032 5322 πιστῷ
1060 5251 1201 5322 μετά
1232 5252 1487 5307 ἀπίστου.
1539 5256 1664 5319 Τοῖς
1686 5258 1739 5325 γ’

153 5327 245 5386 οῦν
274 5332 548 5400 Γαλάταις
581 5338 676 5392 ἐπὶ
707 5341 808 5412 τὴν
834 5344 1067 5414 νομικὴν
1116 5346 1280 5401 πάλιν
1331 5347 1599 5419 δραμοῦσι
1645 5349 1740 5403 λα-

156 5426 340 5495 τρείαν
365 5427 394 5479 ὁ
418 5429 629 5495 Παῦλος
651 5434 903 5507 ἐπιτιμᾷ,
941 5439 1037 5491 καὶ
1077 5439 1230 5505 τέλος
1264 5442 1454 5511 φησίνο
1498 5462 1516 5495 ι
1548 5443 1736 5507 Οῦτως

156 5516 368 5589 ἀνόητοί
394 5520 517 5575 ἐστε
545 5524 905 5599 ἐναρξάμενοι
945 5531 1238 5604 πνεύματι,
1302 5533 1398 5588 νῦν
1423 5536 1587 5606 σαρκὶ
1608 5539 1732 5591 ἐπι-

221 5634 266 5663 "
295 5632 626 5715 Ιεειέίὶιιιη-έ)Σ
702 5643 749 5674 ⁵³
784 5643 1021 5715 Philipp.
1071 5665 1142 5709 tv,
1178 5649 1230 5702 1.
1331 5650 1375 5682 ⁸⁸
1406 5651 1525 5705 Act.
1565 5668 1624 5713 ll,
1665 5652 1753 5705 4⁸.

1935 3876 2165 3943 Quando
2212 3877 2386 3948 igitur
2420 3874 2635 3931 Sionem
2685 3885 2733 3931 et
2763 3874 3062 3930 Jerusalem
3115 3871 3438 3943 alloquitur,

1855 3984 1979 4039 quae
2017 3968 2165 4024 dicta
2198 3977 2329 4024 sunt
2362 3968 2428 4023 ad
2458 3968 2701 4038 gentium
2721 3967 3071 4023 vocationem
3107 3967 3441 4022 referuntur.

1854 4060 1981 4117 Fuit
2008 4061 2153 4117 enim
2180 4061 2316 4119 alias
2357 4059 2583 4132 quidem
2616 4060 2758 4131 apud
2795 4060 2918 4116 illos
2947 4060 3094 4130 pittttt
3129 4059 3255 4114 vitae
3280 4058 3443 4113 insti-

1855 4161 2032 4208 tutum
2072 4152 2251 4219 ;alias
2270 4153 2435 4208 etiam
2472 4151 2612 4222 apud
2646 4161 2879 4222 gentes;
2910 4168 3033 4222 qua:
3068 4160 3216 4206 certe
3260 4148 3442 4206 Sionis

1848 4257 1899 4301 et
1943 4245 2439 4316 Hierosolymorum
2491 4244 2811 4300 nominibus
2862 4240 3441 4313 stgnificantur.Quo-

1852 4338 2003 4393 niam
2047 4338 2233 4407 itaque
2277 4335 2598 4392 hominibus
2629 4350 2848 4405 semper
2880 4334 3135 4389 constitit
3162 4332 3439 4404 ejusmodi

1848 4430 1945 4485 Dei
1977 4431 2175 4484 civitas
2206 4446 2221 4497 ;
2258 4429 2394 4483 nihil
2421 4428 2657 4483 interest
2679 4425 3070 4492 Jerusaletmte,
3096 4442 3164 4480 an
3195 4424 3326 4481 Sion
3351 4426 3444 4480 de-

1850 4524 2023 4579 lectos
2064 4520 2339 4591 ejusmodi
2394 4534 2704 4589 nuttcupes.
2742 4517 3009 4588 Deinceps
3059 4519 3340 4588 apostolos
3370 4519 3442 4574 ab

1850 4616 2141 4671 incredttlo
2190 4622 2244 4669 et
2290 4613 2507 4681 impuro
2553 4610 2756 4682 populo
2799 4611 3037 4665 recedere
3087 4610 3441 4680 propheticus

1846 4707 2006 4778 jubet
2032 4706 2294 4777 spiritus;
2333 4713 2387 4759 et
2425 4702 2639 4757 Domini
2681 4721 2831 4768 vasa,
2875 4718 3066 4758 eorum
3097 4718 3218 4771 quae
3247 4720 3280 4757 a
3329 4702 3441 4758 Do—

1852 4801 1993 4855 mino
2015 4799 2218 4855 selecta
2239 4805 2391 4863 sunt,
2417 4812 2649 4867 corpora
2683 4796 2921 4867 appellat
2948 4812 2963 4862 ;
2997 4806 3092 4848 aut
3116 4796 3234 4867 ipsa
3270 4796 3436 4850 etiant

1851 4888 1986 4947 Novi
2029 4890 2366 4945 Testantenti
2398 4889 2716 4960 Evangelia,
2744 4904 2869 4959 quae
2898 4885 3218 4945 Iudaeorum
3248 4890 3440 4943 relicta

1853 4986 2199 5045 infidelitate,
2218 4992 2440 5052 portare
2466 4983 2737 5053 praecipit,
2761 4990 2816 5037 et
2845 4982 2915 5037 ab
2948 4982 3145 5037 horum
3177 4981 3441 5037 societate

1854 5076 2151 5132 abstinere.
2181 5074 2371 5143 Neque
2429 5073 2577 5130 enim
2639 5074 2781 5129 lucis
2828 5082 2885 5129 et
2928 5073 3278 5128 tenebrarum
3330 5072 3440 5125 ulla

1853 5175 2033 5240 potest
2088 5182 2212 5223 esse
2254 5167 2596 5230 communio,
2653 5182 2831 5237 neque
2880 5165 3023 5221 ﬁdeli
3055 5182 3179 5220 cum
3231 5164 3441 5219 infideli

1851 5261 2089 5317 societas
2117 5261 2187 5313 δ’.
2228 5257 2370 5315 llinc
2404 5266 2493 5315 est
2550 5258 2739 5329 igitur,
2782 5259 2927 5329 quod
2984 5257 3217 5324 Calatis,
3243 5258 3336 5327 qui
3368 5258 3437 5312 ad

1848 5352 1983 5423 legis
1998 5353 2205 5406 cultum
2228 5350 2546 5417 rediisscnt,
2563 5351 2632 5405 ita
2650 5360 2947 5408 succenset
2968 5349 3202 5405 Paulus:
3224 5368 3242 5400 ι
3265 5348 3439 5403 Adeo-

1848 5461 1915 5499 ne
1930 5444 2249 5509 stulticstis,
2268 5454 2343 5509 ut,
2363 5458 2487 5497 cum
2506 5445 2703 5514 spiritu
2725 5444 3066 5513 inceperitis,
3084 5459 3229 5496 nttttc
3266 5458 3437 5496 carm:

1844 5535 2305 5591 C(lllSlllttlncmllll
2336 5533 2431 5587 ‘°?
2466 5554 2483 5585 ι
2518 5534 3072 5590 Circumcidehantur
3116 5522 3305 5595 enim‘,
3340 5532 3434 5601 qui

1863 5650 1908 5682 ⁵⁵
1961 5648 2082 5702 Act.
2116 5664 2224 5708 xvt,
2256 5646 2326 5700 24
2358 5664 2517 5716 seqq.
2617 5648 2665 5679 ⁵³
2696 5618 3095 5713 Psa‘l.x1.lx,;5.
3172 5642 3252 5675 ⁸⁵*
3286 5639 3430 5696 Psnl.

160 5716 337 5768 ustv,
363 5705 456 5759 28.
533 5709 577 5740 ³⁷
608 5709 715 5767 lsa.
752 5730 895 5784 χιιι,
929 5705 1022 5774 iii.
1101 5705 1281 5777 "513a.
1316 5738 1415 5777 ιιν,
1456 5729 1505 5776 ⁴ι.
1583 5705 1628 5754 δέ’
1670 5722 1709 5773 tl

1862 5762 1874 5783 ,
1907 5736 1980 5781 νι,
2016 5719 2106 5781 fi,
2142 5705 2227 5773 l3.
2304 5718 2350 5749 ⁶⁰
2382 5705 2558 5773 Gal-at.
2595 5733 2675 5784 ιιι,
2701 5718 2753 5773 5.

1432 5835 1660 5893 νΑΙίΙᾹΞ
1713 5834 2119 5892 LECTIONES.

226 5928 251 5957 υ
289 5918 373 5974 Ισ.
417 5937 508 5991 γρ.
540 5919 689 5987 τούς.
