3998 6390
221 300 346 368 2517

1347 317 1881 383 COMMENTARII
1923 320 2006 383 IN
2041 321 2324 384 ISAIAM.

3332 311 3509 391 2518“

220 419 509 489 θρωπίνοις
534 416 759 492 μέτροις
791 420 1077 494 ἁρμόττει.
1128 425 1439 481 ’Λναλαόὼν
1472 428 1581 499 γὰρ
1609 429 1796 484 δούλου

1905 429 2267 486 humanitatis
2288 431 2502 488 ratione
2542 431 2784 503 copulat.
2820 428 2955 487 Nam
2989 446 3114 488 eum
3167 428 3311 489 scrvi
3346 449 3470 503 per-

221 511 448 583 μορφὴν,
499 512 570 567 δι’
632 514 700 585 ἢν
735 515 831 568 καὶ
855 515 1073 585 λέγεται
1124 518 1370 587 δοῦλος,
1399 522 1585 593 πάσης
1615 525 1790 594 αὐτὴν

218 604 403 671 σοφίας
439 604 781 678 ἐπλήρωσεν.
815 608 938 672 Πῶς
971 611 1080 681 γὰρ
1116 611 1217 664 οὐκ
1258 612 1493 683 ἤμελλεν
1542 614 1796 669 αύτοεπι-

218 697 394 768 στήμη
420 699 519 751 καὶ
550 697 709 769 λόγος
738 699 1027 772 ὑπάρχων,
1063 705 1159 757 καὶ
1191 700 1259 776 ἦς
1283 704 1546 775 ἀνείληφε
1592 705 1795 778 σαρκὸς

214 788 273 842 δι’
302 789 485 861 ἄκραν
514 791 714 845 ἕνωσιν
743 793 1009 865 ὑπάρχων
1039 794 1344 865 ἀχώριστος
1368 813 1384 864 ;
1419 797 1587 852 Οὐδὲν
1609 798 1703 854 οὖν
1735 800 1795 855 ἐν

212 883 319 945 τοῖς
345 881 488 954 ὑπὲρ
508 883 661 953 ὑμῶν
688 886 972 954 γεγονόσιν
1008 887 1288 944 ἀσύνετον.
1351 890 1513 945 Κατά
1536 890 1649 963 γὰρ
1701 892 1795 946 τὸν

216 972 393 1039 Δαόὶδ,
418 993 437 1026 ι
480 974 666 1033 Πάντα
697 976 756 1029 ἐν
790 977 956 1048 σοφία
976 978 1283 1051 ἐποίησεν.»
1323 979 1436 1045 Διὸ,
1465 983 1596 1051 φασί
1627 1001 1794 1049 τινες,

216 1061 476 1130 ὑψοῦται
499 1066 631 1137 παρ’
684 1066 843 1138 ἡμῶν
872 1068 949 1132 ὠς
974 1067 1129 1132 Θεὸς,
1161 1070 1259 1125 καὶ
1315 1072 1655 1138 δοξάζεται.
1696 1078 1797 1129 Πι-

218 1154 495 1220 στεύοντες
552 1156 660 1230 γὰρ
708 1159 792 1224 είς
822 1158 1009 1223 αὑτὸν,
1068 1161 1298 1233 Σωτῆρα
1360 1164 1657 1235 καλοῦμεν,
1701 1165 1797 1220 καὶ

219 1246 540 1318 Λυτρωτὴν,
564 1248 697 1302 Θεόν
717 1267 800 1314 τε,
827 1252 921 1306 καὶ
951 1251 1179 1323 Κύριον.
1204 1248 1300 1318 Οἷς
1357 1255 1627 1324 ἐπιλέγειο
1686 1259 1797 1311 Ὃν

215 1339 436 1404 τρόπον
481 1338 885 1408 ἐκστήσονται
937 1342 1038 1398 ἐπὶ
1098 1344 1174 1398 σὲ
1224 1346 1467 1401 πολλοί.
1507 1348 1601 1412 Ἦ,
1650 1349 1796 1402 κατά

216 1426 572 1498 Θεοδοτίωνα,
601 1431 675 1486 ὃν
705 1435 931 1501 τρόπον
956 1434 1330 1507 ἐθαύμασαν.
1348 1438 1527 1509 Μέχρι
1555 1438 1661 1509 γὰρ
1685 1449 1713 1490 (ι
1746 1439 1796 1493 oi

218 1516 293 1585 μὴ
325 1520 687 1585 πιστεύοντες
720 1522 781 1577 τὸ
814 1525 1074 1579 ταπεινὸν
1103 1527 1271 1582 αὐτοῦ
1304 1529 1406 1598 τῆς
1454 1529 1535 1593 είς
1580 1528 1795 1599 ἀνθρὼ-

217 1623 355 1683 πους
389 1610 625 1681 παρόδου
660 1613 1090 1684 θαυμάζουσιν,
1116 1617 1528 1689 ἀμηχανοῦντες
1554 1619 1669 1683 πῶς
1698 1620 1793 1675 ἀν-

217 1696 437 1768 θρωπος
464 1704 705 1772 γεγονὼς
730 1706 956 1778 εὐτελῆς
978 1726 1040 1763 τε
1072 1711 1167 1765 καὶ
1189 1710 1377 1776 ἄδοξος
1408 1712 1662 1782 (ἐκάλουν
1687 1713 1798 1784 γὰρ

1896 535 2087 575 sonam
2113 521 2383 578 induisset
2411 523 2435 594 (
2464 524 2608 580 unde
2646 532 2701 579 et
2726 540 2907 579 servus
2945 523 3290 594 appellatur),
3322 527 3472 579 omni

1896 626 2016 667 eam
2033 611 2301 682 sapientia
2326 615 2635 683 complevit.
2660 614 2764 681 Qui
2806 615 2953 670 enim
2984 630 3093 670 non
3128 614 3261 668 illud
3292 613 3475 668 eillce-

1896 711 2003 768 ret,
2032 704 2128 774 qui
2161 704 2427 774 sapientia
2454 704 2593 775 ipsa,
2639 706 2978 776 verbumque
3026 704 3266 769 exsistit,
3299 719 3479 774 neque

1896 795 1967 850 ab
1996 809 2060 849 ea
2084 809 2271 861 carne,
2306 810 2468 866 quam
2509 798 2831 865 assumpsit,
2879 806 3105 867 propter
3134 797 3357 852 unionis
3378 812 3478 851 ex-

1896 889 2422 959 cellentiam,potest
2444 888 2727 959 separari?
2755 888 2852 944 Est
2871 904 3002 959 ergo
3035 890 3090 942 in
3117 888 3185 943 iis
3228 903 3352 958 qua:
3382 902 3482 941 no-

1897 982 1994 1038 stri
2024 995 2193 1036 causa
2221 981 2494 1050 pmstitit,
2533 980 2668 1053 nihil
2706 994 2934 1050 prorsus
2979 979 3300 1049 ignoranter
3351 977 3481 1031 eﬁ‘e-

1896 1081 2067 1129 ctum.
2098 1074 2337 1127 Auctore
2365 1073 2507 1126 enim
2542 1070 2779 1134 Davide,
2810 1090 2828 1123 ι
2864 1070 3054 1126 Omnia
3091 1070 3146 1125 in
3209 1070 3480 1139 sapientia

1898 1163 2027 1218 fecit
2050 1163 2130 1228 τις
2161 1180 2180 1214 ι
2212 1170 2271 1215 et
2300 1162 2371 1216 ob
2403 1161 2478 1224 id,
2510 1160 2667 1215 aiunt
2717 1160 2990 1223 nonnulli,
3021 1162 3292 1214 excitatur
3320 1175 3351 1214 a
3385 1174 3483 1213 no.

1897 1254 2005 1317 bis.
2054 1262 2315 1323 tanquam
2370 1251 2536 1319 Deus,
2588 1262 2643 1308 et
2690 1253 3042 1323 glorificatur.
3085 1251 3187 1319 Qui
3219 1253 3364 1305 enim
3425 1251 3479 1303 in

1895 1360 2020 1401 eum
2042 1345 2343 1407 credimus,
2371 1344 2621 1400 eumdem
2670 1342 3008 1398 Salvatorem
3048 1352 3103 1398 et
3151 1342 3483 1410 Redempto-

1899 1452 2032 1501 rem,
2072 1436 2352 1506 Deumque
2404 1446 2459 1493 et
2507 1435 2798 1491 Dominum
2841 1449 3245 1503 nuncupamns.
3288 1432 3485 1503 Sequi-

1901 1538 1987 1582 tur
2009 1528 2229 1593 deinde,
2277 1526 2427 1581 Sicut
2461 1530 2743 1596 stupebant
2777 1542 2935 1596 super
2970 1537 3017 1580 te
3056 1526 3248 1580 multi:
3289 1527 3397 1589 vel,
3424 1533 3484 1579 ut.

1898 1618 2203 1674 Theodotio
2226 1619 2644 1688 interpretatur,
2676 1618 2827 1674 Sicut
2854 1618 3042 1672 mirati
3068 1627 3210 1672 sunt.
3245 1618 3324 1670 Ad
3368 1617 3485 1670 lucc

1901 1712 2047 1767 enim
2081 1726 2257 1780 usque
2289 1718 2536 1780 tempora
2564 1709 2661 1779 qui
2710 1724 2740 1764 a
2785 1710 2888 1765 ﬁde
2922 1709 3084 1764 alieni
3120 1718 3270 1772 sum,
3308 1707 3486 1762 humi-

214 1793 376 1847 αὐτὸν
398 1796 766 1869 Σαμαρείτην,
798 1799 974 1871 φάγον
1022 1819 1105 1867 τε,
1157 1802 1254 1855 καὶ
1290 1800 1542 1873 μέθυσον,
1591 1805 1684 1858 καὶ
1730 1806 1795 1858 ἐκ

1905 1806 2000 1860 lcm
2034 1803 2203 1874 598
2241 1802 2408 1872 hujus
2440 1802 2507 1857 ad
2541 1801 2795 1858 homines
2817 1816 3096 1856 accessum
3129 1800 3481 1865 demirantur,

214 1885 479 1955 πορνείας
544 1892 928 1961 γεγενημένον,
980 1893 1075 1947 καὶ
1132 1894 1502 1965 ἁμαρτωλὸν),
1533 1895 1793 1967 ἀνωτέρω

210 1973 323 2031 τῶν
351 1979 611 2052 πολεμεῖν
639 1982 804 2036 αὐτὸν
833 1984 1194 2055 πειρωμένων
1232 1985 1579 2043 καθίσταται.

1900 1898 2067 1953 animi
2092 1897 2427 1968 cogitatione
2460 1895 2850 1965 obstupefacti,
2886 1895 2979 1965 qui
3006 1894 3167 1960 homo
3194 1894 3373 1948 factus
3408 1902 3487 1947 te-

1900 1991 2029 2047 nuis
2062 1997 2117 2046 et
2155 1987 2449 2059 ahjectus(
2479 1989 2732 2044 eumdem
2762 1989 2909 2043 enim
2960 1997 3014 2042 et
3048 1988 3482 2045 Samaritanum,

210 2076 266 2123 et
295 2070 544 2137 edacem,
563 2080 619 2129 et
643 2076 1027 2143 temulentum,
1055 2086 1109 2133 et
1135 2076 1406 2135 adulterio
1430 2088 1805 2150 procreatum,
1840 2090 1894 2138 et
1930 2091 2269 2153 peccatorem
2321 2079 2630 2136 vocitabant
2666 2080 2754 2151 ⁷³)
2824 2080 2935 2136 illis
2986 2080 3146 2151 ipsis,
3214 2095 3245 2135 a
3285 2078 3485 2150 quibus

210 2164 659 2237 impugnabatur,
678 2168 929 2238 superior
961 2169 1219 2224 evaserit.

285 2259 349 2311 0i
405 2258 464 2311 δὲ
505 2259 709 2328 πιστοὶ,
741 2261 837 2315 καὶ
865 2261 935 2315 τά
979 2263 1147 2332 ἔθνη,
1216 2262 1589 2333 θαυμάζουσι
1622 2282 1794 2337 προσ-

213 2349 509 2414 κυνοῦντες
567 2351 735 2406 αὑτοῦ
759 2354 859 2423 τὴν
880 2353 1138 2424 θεότητα,
1167 2353 1267 2427 τὴν
1295 2356 1609 2428 οίκονομίαν
1628 2374 1797 2411 κατα-

216 2440 578 2511 πληττόμενοι
608 2459 623 2475 ·
655 2445 837 2507 ὁποῖος
863 2439 933 2516 ἦν
968 2445 1293 2515 Ἀμϐακοὺμ
1323 2446 1498 2516 λέγων
1517 2464 1533 2481 ο
1558 2466 1577 2499 ι
1602 2447 1796 2519 Κύριε,

215 2533 519 2603 είσακήκοα
545 2533 644 2605 τὴν
677 2522 847 2607 ἀκοήν
882 2552 999 2601 σου,
1023 2536 1120 2591 καὶ
1143 2537 1446 2610 ἐφοϐήθην.
1477 2539 1800 2609 Κατενόησα

215 2622 287 2675 τὰ
310 2622 449 2694 ἔργα
473 2640 589 2687 σου,
632 2626 726 2679 καὶ
757 2626 1004 2697 ἐξέστην.
1044 2647 1063 2680 ι
1086 2627 1370 2695 ,ϐασιλεῖς
1397 2627 1476 2693 δὲ,
1509 2629 1649 2699 μετά
1697 2628 1799 2691 τὰς

217 2714 338 2768 κατ’
359 2714 528 2769 αὐτοῦ
560 2714 931 2788 βλασφημίας,
960 2719 1056 2774 καὶ
1104 2719 1165 2773 τὸ
1225 2718 1414 2785 διῶξαι
1432 2720 1532 2792 τὴν
1577 2720 1799 2792 Ἐκκληο

218 2804 340 2859 σίαν
377 2803 567 2874 αὑτοῦ,
603 2806 768 2880 μηδὲν
802 2807 1096 2879 όνήσαντες
1120 2810 1461 2883 ἐσιώπησαν,
1486 2814 1586 2884 τῆς
1628 2809 1795 2866 αὑτοῦ

214 2896 571 2962 διδασκαλίας
648 2899 971 2971 ἡττώμενοι.
1025 2901 1181 2955 Ἐπεὶ
1252 2902 1349 2956 καὶ
1403 2902 1553 2956 ἄλλοι
1609 2902 1799 2969 ἄλλαις

216 2989 499 3059 θεηλάτοις
532 2991 653 3045 ἀντὶ
681 2991 889 3046 τούτων
924 2991 1219 3063 ἠλαύνοντο
1261 2994 1539 3065 μάστιξιν,
1600 2994 1690 3049 διά
1728 3012 1790 3048 σε

216 3080 317 3152 μὲν
336 3081 560 3150 ἐσίγων.
591 3082 1089 3155 Οίδὲδιατάγμασι
1130 3084 1230 3149 τὰς
1313 3084 1642 3155 Ἐκκλησίας
1694 3087 1790 3141 ἀν·-

1964 2264 2069 2333 Qui
2136 2271 2319 2319 autem
2377 2261 2536 2317 ﬁdem
2593 2259 2829 2330 amplexi
2883 2267 3033 2324 sunt,
3074 2257 3315 2328 ipsasque
3354 2254 3489 2310 adeo

1898 2368 2100 2430 gentes,
2136 2357 2210 2413 ita
2237 2372 2364 2414 eum
2400 2357 2754 2419 demirantur,
2786 2360 2846 2407 ut
2879 2352 3000 2422 ejus
3026 2351 3255 2405 adorata
3282 2348 3481 2404 divini.

1896 2458 2007 2506 tate
2027 2450 2092 2505 ad
2128 2448 2451 2505 oeconomiae
2477 2444 2884 2501 meditationem
2914 2442 3301 2514 percellantur.
3336 2439 3488 2495 Talis

1909 2541 2016 2597 fuit
2038 2541 2341 2605 Habacum,
2365 2540 2526 2610 cujus
2550 2540 2653 2594 ista
2671 2546 2803 2593 sunt
2827 2554 2873 2591 τι
2911 2535 3160 2599 Domine,
3182 2532 3363 2590 audivi
3392 2548 3491 2586 au-

1903 2633 2079 2687 ditum
2114 2643 2265 2687 tuum
2305 2639 2359 2686 ct
2389 2627 2566 2685 iimui.
2607 2628 2855 2699 Cogitavi
2917 2642 3084 2699 opera
3140 2634 3255 2690 tua,
3297 2632 3351 2681 ct
3385 2623 3489 2678 cl»

1903 2726 2089 2795 Slttptti
2122 2725 2190 2780 ".
2234 2743 2253 2777 ι
2292 2724 2456 2795 Reges
2485 2737 2672 2792 porro,
2705 2728 2830 2792 post
2867 2719 3045 2776 editas
3087 2719 3141 2774 in
3190 2732 3315 2772 eum
3375 2716 3493 2770 hlan

1903 2816 2205 2886 spln-mias,
2239 2824 2365 2887 post
2423 2813 2670 2885 ejusdem
2727 2812 3103 2883 impngnatam
3162 2809 3485 2871 Ecclesiam,

1904 2922 2026 2963 cum
2055 2907 2190 2962 nihil
2220 2907 2566 2977 proﬁcerent,
2598 2905 2773 2975 ipsius
2808 2903 3061 2958 doctrina
3111 2900 3352 2971 superati
3406 2906 3489 2953 ta-

1900 3010 2322 3055 cueruntzcum
2394 2996 2566 3069 plagis
2625 2996 2843 3066 quidem
2910 2994 3032 3049 aliis
3063 2992 3156 3047 alii
3223 2990 3488 3047 divinitus

1901 3091 2140 3146 istorum
2177 3090 2398 3144 nomine
2430 3087 2680 3158 impctiti,
2709 3096 2935 3157 propter
2970 3096 3024 3140 te
3048 3090 3366 3139 tacuerunt:
3395 3080 3487 3134 alii

214 3174 457 3245 εγείρειν
478 3174 749 3243 ἐκέλευον,
775 3177 868 3230 καὶ
894 3175 966 3231 τὰ
994 3178 1198 3251 συνήθη
1244 3180 1416 3232 ποιεῖν
1454 3178 1514 3232 ἐν
1568 3179 1761 3243 αὑταῖς
1789 3195 1797 3208 ⁴

1910 3192 2096 3238 autem
2121 3182 2316 3238 edictis
2337 3181 2616 3236 Ecclesias
2672 3178 2926 3243 excitari,
2985 3186 3040 3232 et
3075 3176 3129 3230 in
3163 3176 3244 3231 eis
3286 3175 3489 3229 usitata

211 3266 441 3331 τούτους
480 3266 538 3321 δὲ
567 3268 695 3332 τοὺς
724 3270 950 3334 πιστοὺς
1000 3270 1096 3325 καὶ
1132 3270 1397 3336 ἀπίστους
1446 3272 1807 3344 άντιδιαιρῶν

214 3356 473 3429 ἐπιφέρει
503 3374 518 3388 υ
560 3351 660 3423 Οἷς
689 3359 803 3414 οὐκ
826 3360 1139 3432 ἀνηγγέλη
1170 3362 1307 3430 περὶ
1361 3364 1573 3431 αὐτοῦ,
1618 3364 1805 3433 ὄψον-

214 3465 309 3502 ται
341 3466 355 3479 ·
396 3450 511 3513 τοῖς
545 3451 609 3504 ἐκ
635 3455 936 3525 περιτομῆς
970 3455 1423 3509 ἀντιδιαστέλλων
1478 3456 1607 3520 τοὺς
1655 3456 1799 3511 ἐθνιο

213 3540 363 3604 κούς.
410 3542 474 3594 Ol
532 3543 630 3612 μὲν
669 3543 777 3617 γὰρ
798 3545 965 3615 νόμον
1005 3547 1099 3599 καὶ
1142 3548 1434 3619 προφήτας
1461 3540 1608 3618 εἶχον
1644 3564 1660 3581 ·
1708 3548 1805 3602 καὶ

213 3640 457 3708 πρώτοις
484 3636 783 3705 ἐκήρυξεν
804 3634 975 3691 ἐλθὼν
999 3636 1093 3690 ἐπὶ
1113 3636 1182 3691 τὰ
1213 3626 1532 3692 ἀπολωλότα
1554 3638 1803 3709 πρόϐατα

225 3728 473 3800 Ἰσραήλ.
508 3729 572 3782 Οί
607 3727 666 3781 δὲ
689 3726 894 3781 τούτων
914 3722 1057 3800 ἦσαν
1090 3728 1337 3798 ἀνήκοοι.
1398 3728 1679 3797 Καὶθὸμως
1703 3728 1802 3798 τὴν

213 3818 275 3883 ἐξ
303 3817 474 3874 αὐτοῦ
503 3818 778 3890 σωτηρίαν
800 3818 1106 3884 τεθέανται,
1151 3820 1263 3884 τοῖς
1285 3818 1387 3888 τῆς
1448 3818 1629 3889 ψυχῆς
1706 3818 1805 3889 ὄμ-

209 3926 406 3980 μασιν
435 3911 600 3966 αὑτὸν
627 3910 980 3981 θεασάμενοι,
1004 3912 1100 3965 καὶ
1152 3910 1251 3983 τὴν
1299 3910 1465 3965 αὐτοῦ
1510 3909 1802 3978 συνέντες

212 4004 589 4068 διδασκαλίαν,
647 4003 724 4067 ὡς
775 4004 1006 4064 ἐκείνοις
1028 4004 1271 4075 ἁρμόσαι
1316 4004 1415 4071 τὴν
1462 4004 1799 4076 προφητείαν

215 4100 318 4168 τήν
346 4113 361 4128 ο
389 4116 409 4149 ι
447 4098 609 4166 Ἀκοῇ
662 4096 949 4159 ἀκούσετε,
1006 4095 1103 4150 καὶ
1134 4096 1195 4149 ού
1241 4095 1315 4167 μὴ
1340 4095 1559 4165 συνῆτε.
1601 4114 1621 4148 ι
1666 4097 1798 4150 Καίο

218 4188 524 4252 Βλέποντες
554 4187 799 4258 βλέψετε,
827 4186 923 4242 καὶ
950 4187 1011 4242 οὐ
1050 4187 1126 4258 μὴ
1154 4187 1323 4258 ἴδητε.
1368 4188 1593 4252 Τούτοις
1612 4187 1668 4241 δὲ
1701 4187 1798 4242 τοῦ

217 4282 477 4353 Σωτῆρος
499 4281 590 4334 τὸν
615 4280 774 4350 λόγον
800 4280 1070 4347 εἰπόντος,
1108 4300 1127 4334 ι
1160 4281 1440 4351 Μακάριοι
1462 4281 1513 4334 oi
1553 4280 1628 4353 μὴ
1662 4280 1798 4334 ίδόν-

217 4388 310 4435 τες
347 4371 445 4424 καὶ
474 4371 864 4434 πιστεύσαντες
899 4386 915 4403 ο
955 4389 975 4424 ι
1028 4371 1159 4443 περὶ
1194 4365 1272 4427 ὧν
1302 4372 1363 4426 τὸ
1413 4371 1741 4440 συνῆκανι·
1770 4373 1799 4425 ό

219 4463 508 4533 προφήτης
537 4464 721 4532 φησίν.
738 4463 891 4528 Ῥίζα
915 4464 1023 4534 γάρ
1041 4463 1308 4527 συνέσεως
1337 4466 1371 4535 ἡ
1400 4463 1585 4528 πίστις
1605 4480 1618 4493 ·
1640 4458 1798 4515 ιἘἘιν

1910 3275 2021 3329 ﬁeri
2056 3273 2391 3329 curaverint.
2437 3270 2545 3325 Sed
2587 3270 2772 3325 ﬁdeles
2802 3269 2938 3324 istos
2978 3267 3047 3321 ab
3071 3266 3381 3321 inﬁdelibus
3402 3279 3489 3318 sc-

1907 3381 2131 3435 parans,
2163 3365 2312 3419 addit
2346 3382 2358 3418 :
2400 3363 2607 3429 Quibus
2636 3379 2737 3416 non
2786 3371 2864 3415 est
2897 3360 3272 3414 annuntiatum
3306 3355 3369 3409 de
3406 3372 3488 3417 eo,

1905 3459 2187 3525 videbunt;
2220 3467 2281 3512 ut
2333 3456 2696 3511 circumcisos
2744 3469 2773 3507 a
2818 3453 3071 3523 gentibus
3109 3450 3491 3519 distingueret.

1904 3553 2227 3608 llabuerunt
2253 3551 2399 3606 enim
2431 3551 2508 3604 illi
2534 3551 2707 3621 legem
2728 3557 2783 3603 et
2815 3547 3116 3618 prophetas
3148 3547 3193 3577 ⁷⁸
3222 3563 3238 3607 ;
3271 3546 3492 3614 illisque

1904 3647 2169 3715 primum,
2203 3644 2299 3713 qui
2331 3652 2579 3707 venerat,
2630 3642 2685 3695 in
2716 3642 2901 3695 ovium
2965 3638 3190 3694 Israelis
3238 3637 3490 3708 gratiam,

1906 3752 2031 3806 quae
2070 3736 2373 3807 perierant,
2401 3733 2738 3789 annuntiavit
2774 3732 2858 3787 ’δε
2892 3746 3017 3786 cum
3061 3731 3216 3785 nullo
3256 3729 3347 3784 isti
3389 3731 3490 3783 ho-

1902 3843 2024 3882 rutn
2054 3827 2265 3892 audito,
2293 3825 2526 3883 salutem
2559 3834 2742 3882 tamen
2771 3824 2845 3880 ab
2878 3839 2943 3880 eo
2961 3823 3201 3894 pendere
3239 3821 3491 3875 animad-

1903 3917 2494 3987 verterint,animiqne
2533 3916 2708 3973 oculis
2752 3916 2933 3986 ipsum
2976 3914 3184 3978 intuiti,
3241 3911 3489 3979 ejusdem

1901 4008 2208 4065 doctrinam
2240 4009 2317 4064 ita
2335 4008 2733 4071 intellexerunt,
2769 4014 2829 4062 ut
2862 4006 3000 4062 bene
3048 4004 3158 4060 illis
3198 4005 3495 4067 conveniag

1902 4101 2277 4172 propheticum
2310 4101 2487 4157 istud:
2534 4118 2552 4152 ι
2585 4098 2793 4154 Auditu
2820 4097 3085 4161 audietis,
3113 4105 3299 4151 etnon
3328 4094 3493 4149 intel-

1903 4193 2082 4261 ligetis
2114 4192 2211 4245 ⁷⁸.»
2246 4190 2314 4246 Ει
2338 4208 2352 4246 :
2378 4209 2397 4244 ι
2436 4188 2695 4244 Videntes
2726 4188 3025 4257 aspicietis,
3055 4193 3111 4241 et
3142 4200 3249 4239 non
3283 4183 3493 4236 videhi-

1900 4282 1971 4338 tis
1991 4284 2057 4337 ⁷⁷.
2072 4302 2091 4335 ›
2110 4281 2230 4337 lstis
2247 4289 2427 4336 autem
2445 4279 2867 4349 alia;Salvatoris
2890 4294 2991 4332 vox
3010 4276 3242 4331 dicentis
3260 4293 3273 4329 :
3298 4293 3317 4325 ι
3346 4270 3495 4327 Beati

1900 4374 1993 4444 qui
2048 4388 2156 4428 non
2188 4372 2443 4426 viderunt
2479 4378 2536 4426 et
2571 4368 2927 4425 crediderunt
2952 4368 3018 4423 ⁷⁸.
3094 4386 3112 4418 ι
3168 4367 3242 4421 De
3280 4367 3493 4435 ,quihus

1902 4463 2124 4517 verbum
2160 4458 2698 4527 intellexerunt,quod
2717 4473 2747 4511 a
2765 4458 3023 4529 propheta
3037 4455 3458 4517 additur,intelli
3473 4480 3493 4493 ι

219 4554 329 4621 γὰρ
357 4553 433 4625 μὴ
471 4554 823 4626 πιστεύσητε,
855 4557 1041 4627 φησὶν,
1090 4556 1199 4610 οὐδ’
1231 4557 1293 4609 οὺ
1324 4556 1399 4628 μὴ
1435 4556 1650 4624 συνῆτε.
1687 4574 1706 4608 ι
1737 4557 1797 4608 "U

1907 4554 2140 4625 gendum
2160 4560 2263 4608 est.
2285 4554 2379 4608 Est
2394 4552 2540 4606 enim
2562 4550 2696 4607 lidcs
2715 4549 3086 4621 intelligentiae
3105 4549 3257 4602 radix
3280 4566 3295 4615 ;
3316 4548 3444 4618 quia
3477 4591 3492 4611 ,

220 4645 286 4716 δὴ
309 4646 403 4700 καὶ
430 4646 627 4716 θαῦμα
660 4651 772 4712 τοῖς
813 4650 1121 4720 προφήταις
1150 4651 1398 4721 παρεῖχε.

804 4826 1054 4881 ΚΕΦΑΔ.
1083 4825 1203 4880 NI".

292 4912 464 4984 σι’-ιβ’.
489 4913 687 4981 Κύριε,
715 4915 809 4981 τις
832 4915 1161 4970 ἐπίστευσε
1187 4916 1261 4986 τῇ
1288 4915 1442 4984 ἀκοῇ
1475 4915 1667 4985 ἡμῶν,
1703 4917 1804 4971 καὶ

228 5009 548 5077 ὀβραχίων
573 5010 793 5077 Κυρίου
820 5011 937 5065 τίνι
970 5012 1365 5081 ἀπεκαλύφθη
1393 5012 1809 5081 fiam-preuen-

1917 4662 1934 4693 ι
1975 4642 2086 4699 Nisi
2126 4642 2487 4707 credideritis,
2510 4642 2707 4712 inquit,
2729 4657 2834 4696 non
2862 4640 3175 4710 intelligetis
3204 4640 3303 4693 ⁷⁸.»
3339 4640 3492 4706 Quod

1909 4742 2056 4789 certe
2094 4734 2258 4789 etiam
2298 4733 2578 4804 pr0phctis
2618 4747 2844 4787 causam
2890 4730 3262 4786 admirationis
3287 4731 3490 4783 attulit.

2527 4821 2680 4878 CAP.
2718 4821 2849 4878 LIII.

1989 4913 2152 4970 Vens.
2184 4913 2270 4969 12.
2311 4913 2547 4979 Domine,
2580 4916 2699 4985 quis
2749 4913 2975 4969 credidit
3020 4913 3231 4967 auditui
3267 4922 3446 4966 nostro
3472 4913 3497 4965 Σ)

1915 5017 1965 5062 et
1991 5006 2265 5061 brachium
2300 5004 2537 5070 Domini,
2562 5007 2648 5060 cui
2668 5006 2997 5075 patefactum
3045 5007 3171 5061 est?
3200 5004 3499 5057 Annuntia-

222 5116 336 5168 μεν
359 5100 441 5165 ὡς
472 5101 713 5154 παιδίον
740 5101 1019 5155 ἐναντίον
1043 5101 1251 5166 αὐτοῦ,
1286 5102 1366 5167 ὠς
1408 5100 1541 5170 ῥίζα
1597 5101 1669 5155 ἐν
1726 5101 1797 5171 τῇ

1912 5115 2028 5153 mus
2059 5099 2213 5169 quasi
2252 5096 2529 5166 parvulum
2563 5098 2617 5150 in
2660 5106 2941 5166 conspectu
2979 5095 3112 5165 ejus,
3169 5095 3305 5148 sicut
3336 5093 3491 5147 radix

227 5187 467 5257 διψώσῃ
500 5205 514 5219 ·
541 5193 655 5244 οὐκ
689 5189 861 5245 ἔστιν
884 5187 1044 5258 εἶδος
1074 5190 1258 5258 αὐτῷ,
1326 5191 1470 5246 οὐδὲ
1494 5190 1659 5255 δόξα.
1696 5192 1797 5245 Kal

1913 5189 1968 5242 in
2002 5198 2146 5242 terra
2185 5187 2415 5241 sitiente.
2440 5185 2561 5240 Non
2593 5196 2671 5241 est
2705 5189 2900 5256 species
2930 5188 3000 5250 ei,
3039 5201 3200 5255 neque
3221 5185 3410 5254 gloria,
3440 5194 3489 5237 et

231 5278 471 5347 δίδομεν
524 5280 733 5344 αὑτὸν,
767 5281 861 5335 καί
913 5283 1027 5336 οὐκ
1059 5278 1225 5351 εἶχεν
1256 5278 1437 5347 εἶδος,
1496 5282 1639 5337 οὐδὲ
1671 5282 1797 5336 κάλ-

1916 5282 2143 5337 ινὶιίὶηιιιε
2173 5298 2291 5336 eum
2313 5288 2362 5335 et
2387 5298 2491 5335 non
2519 5279 2743 5335 habebat
2774 5280 3019 5349 speciem,
3044 5293 3203 5346 neque
3231 5276 3495 5337 decorem,

230 5374 359 5435 λος.
402 5372 587 5425 Ἀλλὰ
617 5371 686 5425 τὸ
705 5368 865 5439 εἶδος
886 5374 1073 5428 αὐτοῦ
1104 5374 1338 5444 ἄτιμον,
1385 5373 1484 5427 καί
1526 5372 1797 5428 ἐκλεῖπον

1918 5374 2008 5429 sed
2038 5376 2238 5445 species
2287 5375 2404 5442 ejus
2453 5374 2794 5436 inhonorata,
2826 5382 2875 5425 et
2913 5371 3159 5439 deﬁciens
3198 5385 3308 5439 prce
3367 5369 3498 5437 [this

234 5463 390 5531 παρὰ
415 5462 647 5529 πάντας
673 5464 815 5531 τοὺς
838 5464 1005 5531 υιοὺς
1033 5465 1153 5521 τῶν
1198 5466 1544 5536 ἀνθρώπων,
1600 5484 1652 5521 κ.
1681 5484 1711 5519 τ
1759 5467 1797 5518 λ.

1917 5467 2209 5534 hominum,
2244 5476 2349 5522 etc.

303 5574 347 5606 "
381 5573 527 5629 Psal.
556 5589 677 5633 cttt.
707 5574 797 5629 ΞΑ.
877 5574 1111 5642 "-Joan,
1145 5593 1262 5642 vm,
1288 5578 1391 5643 λιες
1422 5576 1611 5632 Matth.
1637 5593 1711 5641 ιιι,
1742 5577 1797 5632 l9

1935 5576 1981 5608 ⁷³
2010 5576 2211 5633 Habac.
2244 5593 2324 5641 nt,
2354 5575 2435 5631 16.
2515 5574 2558 5607 ⁷⁸⁸
2591 5573 2720 5630 Luc.
2756 5589 2866 5640 xw,
2896 5572 2985 5630 29.
3063 5574 3107 5607 ⁷⁸
3156 5571 3347 5629 Matth.
3406 5587 3494 5635 xv,

238 5643 326 5699 Ἠ.
400 5646 447 5676 ⁷⁵
490 5644 595 5701 lsa.
634 5662 706 5707 vr,
744 5651 797 5701 ς).
874 5648 919 5677 ⁸⁷⁷
957 5647 1092 5702 ibid.
1166 5650 1211 5681 ⁷⁸
1242 5649 1405 5704 Joan.
1444 5664 1535 5711 xx,
1561 5647 1651 5703 29.
1746 5649 1791 5680 ⁷⁹

1905 5667 1931 5702 ι,
1958 5662 2055 5711 vlt,
2086 5648 2142 5701 9.

1523 5737 1756 5795 VAIlle
1788 5738 2191 5795 LECTIONES.

313 5836 341 5879 «ι
364 5841 446 5883 ισ.
486 5829 552 5883 .1.
577 5825 695 5883 νῦν.
775 5837 795 5867 ι
836 5843 917 5884 ισ.
944 5828 1284 5901 συνήσουσιν.
