3940 6550
213 439 367 507 2521

1326 447 1858 508 COMMENTARII
1884 447 1964 508 IN
1992 449 2275 509 ISAIAM.

3315 451 3466 519 2522

217 553 358 606 ῐδισν
380 550 411 607 ὁ
434 551 721 622 προφήτης
781 551 1054 610 ὐπέσαλλε
1078 555 1370 628 πρόσωπον
1403 561 1515 622 τοῖς
1544 561 1636 615 τὸν
1669 561 1777 629 Χριι

1905 574 2095 616 sonam
2116 575 2272 616 suam
2307 558 2568 630 propheta
2593 576 2720 624 cum
2754 561 2843 628 iis,
2867 561 2958 632 qui
2987 561 3266 619 Christum
3287 579 3473 634 asper-

215 643 352 696 στὸν
376 642 731 711 ἀθιτήσασιν.
769 646 970 716 Ἐχρῆν
995 648 1053 704 δὲ
1083 650 1309 703 σκοπεῖν
1364 650 1547 724 ἡμᾶς,
1601 653 1792 720 φησὶν,

1903 651 2194 708 nabantur.
2229 650 2422 708 Decuit
2447 668 2578 710 vero
2611 668 2734 715 nos,
2764 653 2964 724 inquit,
2988 653 3293 721 advertere,
3322 655 3470 712 hunc

211 734 295 799 ὡς
320 730 480 799 οὗτος
508 731 576 806 ἦν
597 737 705 808 ἄρα
721 738 832 793 τῶν
859 740 1146 810 ἡμετέρων
1171 741 1358 813 ψυχῶν
1385 743 1415 796 ὁ
1441 734 1652 814 Σωτὴρ,
1688 744 1777 810 τὰς

1895 758 2021 801 esse
2057 744 2361 799 animarum
2395 754 2707 800 nostrarum
2744 744 3102 808 Salvatorem,
3130 746 3222 814 qui
3250 757 3469 816 peccata

208 826 510 895 ἁμαρτίας
539 827 710 897 ἡμῶν
744 828 949 898 φέρων,
981 833 1078 885 καὶ
1109 833 1241 902 περὶ
1292 833 1453 905 ἡμῶν
1497 834 1793 904 ὀδυνώμε-

208 932 346 982 νος.
406 916 698 990 Σύμμαχος
735 918 793 972 δέ
842 936 1007 989 φησιν
1031 937 1046 951 °
1103 924 1320 990 Ὄντως
1347 925 1454 991 τὰς
1502 927 1792 996 ἁμαρτίας

210 1005 392 1074 ἡμῶν
414 1007 600 1074 αὐτὸς
647 1010 924 1075 ἀνέλαϐε,
975 1012 1072 1066 καὶ
1103 1013 1246 1080 τοὺς
1278 1016 1508 1082 πόνους
1547 1017 1790 1086 ὑπέμει-

206 1113 342 1152 νεν.
375 1097 574 1166 Ἡμεῖς
587 1099 657 1152 δὲ
683 1099 1080 1170 ἐλογισάμεθα
1107 1105 1297 1163 αὐτὸν
1322 1105 1392 1159 ἐν
1421 1105 1547 1176 ἀφῇ
1567 1108 1582 1146 ι
1619 1107 1785 1171 ὄντα,

203 1191 566 1257 aestimata
629 1193 746 1248 ὑπὸ
786 1195 955 1259 Θεοῦ,
1007 1197 1106 1250 καί
1155 1200 1685 1268 τεταπεινωμένον.
1716 1195 1790 1272 ᾮ

207 1279 524 1348 συμφώνως
565 1281 834 1348 ἐξέδωκαν
866 1286 915 1358 οί
938 1285 1138 1341 λοιποί.
1184 1289 1376 1365 Ἡμεῖς
1431 1289 1531 1360 μὲν
1558 1285 1672 1358 οὖν,
1697 1286 1788 1346 οἷα

202 1373 422 1440 νήπιοι,
471 1372 646 1431 ταῦτα
681 1377 810 1446 περὶ
858 1378 1024 1432 αὐτοῦ
1059 1382 1507 1452 πεφρονήκαμεν.
1541 1384 1787 1454 Ἐπασχε

199 1464 262 1516 δὲ
286 1464 360 1517 δι’
389 1466 557 1534 ἡμᾶς.
588 1467 950 1525 ἀπαλλάττων
977 1473 1250 1544 τιμωρίας
1272 1474 1370 1544 τῆς
1389 1475 1455 1526 ὲκ
1476 1475 1584 1528 τῶν
1606 1476 1787 1546 ἀμαρ-

197 1553 471 1623 τημάτων
498 1555 852 1627 ὀφειλομένης
883 1559 980 1630 τὴν
1010 1562 1426 1634 ἀνθρωπότητα.
1459 1564 1516 1620 '0
1541 1565 1599 1619 δὲ
1625 1565 1786 1620 Ἀκύ-

198 1645 322 1704 λας·
341 1651 383 1698 Α
395 1647 554 1712 inde,
578 1650 730 1717 φησὶ.
746 1651 1168 1721 ,ϐεϐηλωμένος
1190 1655 1287 1712 ἐπὶ
1317 1655 1577 1714 ἀθεσιῶν
1592 1655 1780 1728 ἡμῶν.

181 1733 312 1802 [liv
347 1739 461 1809 γάρ
487 1740 702 1810 ἀληθῶς
725 1742 1170 1812 βεϐη..ιωμένος,
1219 1747 1302 1800 ὅτι
1357 1747 1582 1817 γέγονεν
1638 1749 1782 1820 ὑπὲρ

198 1832 360 1899 ἡμῶν
395 1833 630 1902 κατάρα,
663 1835 802 1889 κατὰ
831 1835 922 1888 τὸν
947 1835 1004 1892 Ἀ
1016 1837 1293 1904 πόστολον,
1312 1840 1393 1895 ὅτι
1422 1841 1735 1914 γέγραπται
1761 1860 1778 1875 ³

1895 846 2079 889 nostra
2110 835 2304 899 lueret,
2332 836 2536 906 quique
2561 835 2733 891 nostri
2749 851 2914 892 causa
2936 835 3145 890 dolores
3165 844 3466 904 pateretur.

1895 924 2000 982 Sed
2034 926 2193 981 habet
2216 927 2270 980 in
2303 928 2448 983 hunc
2467 927 2687 982 modum
2711 926 3019 997 Symmachi
3051 927 3463 996 interpretatio:

1891 1018 2091 1074 Revera
2135 1031 2350 1087 peccata
2415 1029 2602 1074 nostra
2652 1020 2761 1088 ipse
2813 1020 3120 1088 assumpsit,
3159 1018 3467 1088 laboresque

1891 1119 2103 1164 nostros
2131 1111 2406 1164 sustinuit.
2449 1108 2560 1164 A‘os
2587 1118 2760 1163 autem
2786 1109 3086 1178 putavimus
3143 1123 3263 1161 eum
3294 1107 3467 1174 lepro-

1888 1215 2004 1254 sum
2051 1210 2182 1260 e‘sse,
2209 1215 2514 1267 percussum
2547 1215 2580 1252 a
2637 1197 2771 1262 Deo,
2819 1207 2868 1252 et
2938 1198 3321 1251 humilialum:
3374 1196 3464 1252 cui

1887 1299 1944 1348 et
1973 1287 2165 1359 reliqui
2195 1290 2360 1344 etiam
2394 1290 2771 1346 consentiunt.
2802 1288 2914 1345 Nos
2961 1290 3146 1360 igitur,
3201 1299 3462 1358 tanquam
3507 1269 3516 1278 ’

1887 1397 2081 1452 parum
2127 1380 2445 1450 prudentes,
2502 1380 2570 1436 de
2593 1396 2657 1435 eo
2693 1381 2824 1434 talia
2861 1380 3268 1446 sentiebamus;
3333 1392 3462 1432 cum

1887 1481 2111 1543 propter
2149 1486 2252 1526 nos
2289 1479 2570 1541 pateretur
2597 1479 2800 1534 tamen,
2832 1481 2890 1524 ut
2920 1486 2982 1526 ea
3014 1470 3293 1531 mortales,
3340 1483 3464 1539 quae

1885 1567 2127 1638 peccatis
2156 1579 2346 1619 eorum
2397 1563 2651 1631 debetur,
2675 1565 2914 1620 vindicta
2943 1565 3218 1620 liberaret.
3247 1562 3337 1618 Sic
3364 1578 3464 1615 au-

1885 1665 1991 1710 tem
2025 1656 2282 1725 Aquilus:
2317 1652 2460 1723 Ipse,
2486 1656 2684 1728 inquit,
2721 1654 3093 1724 offensionibus
3124 1658 3463 1721 nostrispro-

1884 1749 2102 1818 [enatus
2152 1754 2254 1801 est.
2317 1745 2446 1799 Erat
2504 1746 2650 1799 enim
2707 1761 2895 1802 revera
2952 1744 3302 1814 profanatas,
3365 1745 3459 1814 qui

1883 1845 2188 1902 secundum
2241 1841 2604 1913 Apostolum,
2679 1860 2698 1894 ι
2737 1842 2845 1894 Pro
2903 1839 3064 1896 nobis
3123 1839 3460 1893 abominatio

208 1922 646 1993 Ἐπικατάρατος
705 1928 806 1990 πᾶς
841 1929 871 1980 ὁ
899 1929 1246 1999 κρεμάμενος
1298 1931 1391 1984 ἐπὶ
1441 1932 1621 1999 ξύλου.
1662 1936 1777 1992 Οὐκ

1883 1939 2060 1992 iactus
2097 1946 2181 1992 est
2205 1936 2290 2001 ⁸⁶;
2331 1955 2350 1987 ι
2394 1949 2518 1992 cum
2550 1932 2897 1988 maledictum
2928 1946 3051 1986 esse
3089 1945 3327 1992 omnem,
3363 1929 3458 1998 qui

190 2013 306 2080 ἄρα
361 2013 592 2081 κάλλος
609 2014 722 2086 εἶχε
753 2017 814 2070 τὸ
844 2019 1167 2089 θεοπρεπὲς,
1212 2022 1347 2076 ἀλλ’
1370 2023 1604 2097 ἄτιμον.
1637 2026 1779 2101 Πρὸς

190 2105 310 2175 γὰρ
329 2110 434 2174 τὴν
467 2105 615 2162 θείαν
645 2107 1010 2181 λαμπρότητα
1035 2113 1142 2167 πᾶν
1175 2111 1517 2184 ἀνθρώπινον
1543 2115 1778 2186 ἄτιμον.

193 2195 435 2266 Εἴρηται
457 2197 586 2267 γοῦν
601 2206 649 2236 ιι·
677 2218 696 2251 ι
727 2201 938 2272 Ὠραίος
968 2202 1156 2258 κάλλει
1178 2205 1329 2280 παρά
1354 2206 1478 2270 τοὺς
1495 2207 1644 2270 υἱοὺς
1669 2207 1780 2264 τῶν

189 2284 528 2355 ἀνθρώπων.
541 2289 679 2342 »Καὶ
695 2289 866 2353 ἄλλως
886 2291 942 2344 δὲ.
960 2291 1198 2362 γεγονὼς
1219 2295 1283 2347 ὲκ
1305 2295 1526 2364 πτωχῆς
1547 2295 1777 2368 μητρὸς.

189 2375 286 2430 διὰ
352 2376 572 2430 πάντων
616 2378 822 2434 ὥδευσε
876 2382 987 2452 τῶν
1039 2385 1334 2446 ταπεινῶν.
1372 2386 1437 2440 ἵν’
1472 2385 1663 2462 ὑψώσῃ
1719 2389 1778 2445 τὺ

189 2472 479 2533 ταπεινὸν,
509 2473 604 2528 καὶ
635 2475 838 2546 Κύριος
862 2477 919 2530 δὲ
943 2479 1035 2532 καὶ
1068 2479 1323 2550 βασιλεὺς
1354 2483 1618 2556 ὑπάρχων
1665 2485 1776 2541 τῶν

186 2562 360 2629 ὅλων,
423 2563 580 2629 ποίας
608 2565 675 2620 ἀν
703 2567 896 2638 ἐδεήθη
949 2570 1048 2644 τῆς
1069 2571 1128 2624 ὲν
1157 2571 1470 2642 ἀνθρώποις
1524 2574 1776 2644 λαμπρό-

186 2672 360 2726 τητος
385 2671 400 2720 ;
425 2657 671 2726 κατηφὲς
694 2659 752 2713 δὲ
783 2659 914 2726 ἴσως
945 2663 1006 2716 τὸ
1035 2663 1132 2716 τοῦ
1185 2665 1437 2735 Σωτῆρος
1488 2667 1774 2722 τεθέανται

190 2747 497 2818 πρόσωπον
542 2753 637 2810 καὶ
676 2754 1085 2824 τεταραγμένον
1133 2757 1238 2826 πρὸ
1276 2774 1374 2812 του
1411 2757 1670 2828 σταυροῦ,
1699 2760 1775 2825 ὡς

188 2839 382 2909 λέγειν
399 2855 415 2872 ⁸
446 2860 463 2893 ι
489 2841 603 2897 Νῦν
632 2845 667 2913 ἡ
691 2843 837 2915 ψυχή
857 2863 960 2915 μου
989 2846 1321 2917 τετάρακται
1343 2851 1438 2903 καὶ
1463 2849 1771 2918 περίλυπός

186 2932 348 2986 ἔστιν
376 2934 408 3003 ἡ
438 2932 582 3004 ψυχή
617 2952 718 3004 μου
743 2937 844 3002 ἕως
873 2936 1156 2992 θανάτου.»
1189 2938 1434 3011 Ἀπαθὴς
1460 2941 1566 3012 γάρ
1591 2939 1776 3007 ὣν,ὡς

188 3023 358 3090 Θεὸς,
381 3027 450 3096 τῇ
484 3025 607 3080 καθ’
637 3028 786 3096 ἡμᾶς
839 3029 1073 3084 ἐνέδωκε
1137 3029 1298 3100 φύσει
1332 3032 1408 3103 μὴ
1451 3033 1774 3102 ἀναλγήτως

187 3117 346 3186 ἔχειν
371 3117 736 3186 ἐμϐάλλοντος
763 3120 1098 3191 πειρασμοῦ,
1132 3122 1232 3193 τῆς
1286 3123 1590 3192 φαντασίας
1621 3125 1775 3178 ἀναι-

191 3207 315 3278 ρῶν
341 3207 441 3278 τὴν
475 3209 753 3264 ὑπόνοιαν.

1883 2026 2080 2096 pendet
2109 2026 2162 2082 in
2197 2026 2343 2096 ligno
2375 2025 2655 2082 scribatur
2685 2024 2751 2078 ⁸⁷.
2784 2023 2900 2078 Non
2922 2037 3051 2093 ergo
3075 2022 3315 2090 speciem
3346 2020 3458 2073 Deo

1879 2119 2124 2186 dignam,
2166 2117 2260 2173 sed
2292 2117 2665 2173 inhonoratam
2702 2114 2930 2168 habuit:
2970 2111 3193 2184 quando
3233 2111 3367 2166 nihil
3399 2111 3455 2163 in

1879 2207 2237 2263 humanitatis
2288 2207 2498 2266 ratione
2552 2206 2832 2279 reperias,
2883 2205 3024 2276 quod
3065 2206 3362 2260 obscurum
3399 2211 3456 2258 et

1878 2300 2255 2356 inhonoratum
2306 2315 2416 2354 non
2467 2299 2582 2366 sit,
2629 2298 2677 2352 si
2726 2311 2851 2350 cum
2907 2295 3098 2350 divino
3162 2293 3456 2365 splendore

1879 2405 2187 2460 compares.
2245 2389 2460 2444 Dicitur
2519 2389 2665 2446 enim
2733 2405 2752 2439 ι
2783 2387 3068 2458 speciosus
3126 2385 3301 2440 forma
3343 2399 3454 2455 pra:

1880 2481 2006 2536 ﬁliis
2041 2481 2318 2536 hominum
2370 2481 2437 2535 ⁸³.
2479 2500 2498 2533 ι
2559 2481 2710 2550 Alias
2745 2493 2874 2534 vero
2908 2479 3073 2533 etiam
3114 2479 3454 2548 paupercula

1878 2581 2054 2627 matre
2083 2572 2264 2626 editus
2294 2587 2390 2642 per
2412 2571 2631 2626 humilia
2657 2571 2838 2626 omnia
2863 2570 3182 2633 ambulavit,
3209 2570 3367 2641 θοι
3398 2578 3455 2620 ut

1877 2664 2021 2734 quod
2042 2673 2187 2720 esset
2205 2664 2469 2733 ejusmodi
2493 2665 2796 2719 extolleret.
2812 2663 2968 2730 Quali
2987 2678 3203 2717 rursum
3220 2663 3294 2714 illi
3316 2661 3456 2715 inter

1880 2755 2133 2809 homines
2161 2756 2401 2811 versanti
2437 2756 2732 2826 splendore
2771 2770 2910 2824 opus
2959 2753 3079 2817 fuit,
3115 2754 3206 2824 qui
3238 2753 3452 2806 univer-

1878 2857 2065 2897 sorum
2101 2843 2364 2898 Dominus
2413 2851 2468 2898 et
2520 2858 2614 2898 rex
2663 2842 2915 2898 exsistit?
2963 2841 3126 2910 Atqui
3156 2841 3453 2896 detltlssulll

1877 2930 2089 2996 forsan,
2124 2941 2178 2985 et
2205 2929 2580 3002 perturbatum
2614 2937 2740 2984 ante
2762 2944 2982 2983 crucem
3010 2928 3309 2982 Salvatnris
3335 2928 3453 2980 vul-

1878 3034 1992 3080 tum
2057 3033 2206 3078 tuum
2237 3023 2454 3079 demum
2486 3030 2617 3077 sunt
2647 3021 2852 3085 intuiti,
2881 3020 3264 3075 cumanimam
3293 3034 3450 3074 suam

1877 3115 2199 3174 conturbari
2228 3123 2283 3169 et
2313 3114 2500 3170 dolere
2547 3129 2724 3182 usque
2753 3113 2819 3166 ad
2855 3122 3090 3167 mortem
3143 3111 3351 3165 diceret
3380 3111 3447 3164 '9.

1875 3208 2012 3264 Cum
2036 3209 2182 3262 enim
2220 3207 2358 3278 ipse,
2392 3213 2651 3274 tanquam
2690 3202 2856 3271 Deus,
2891 3203 3134 3274 passioni
3166 3217 3272 3257 non
3307 3211 3454 3257 esset

188 3301 506 3370 obnoxius,
539 3314 789 3361 naturam
826 3315 1032 3370 tamen.
1059 3325 1223 3382 quam
1278 3319 1481 3366 nostrae
1538 3310 1771 3366 similem
1818 3306 2136 3379 assumpsit,
2176 3320 2300 3363 cum
2333 3303 2662 3360 lentatioues
2695 3301 2958 3372 impetum
3029 3298 3289 3363 facerent,
3358 3296 3454 3351 do-

190 3393 315 3452 lore
350 3409 548 3452 vacare
570 3397 766 3464 noluit,
801 3409 1080 3469 spectrum
1116 3417 1242 3458 esse
1265 3405 1444 3473 putari
1473 3419 1540 3458 ne
1561 3419 1621 3461 se
1644 3403 2003 3475 permitteret.

279 3483 711 3555 Ἀπέστρεπται
735 3488 814 3555 δὲ,
842 3490 999 3558 φασὶ,
1023 3490 1091 3546 τὸ
1127 3493 1474 3562 πρόσωπον,
1506 3496 1628 3550 ἀντὶ
1673 3494 1768 3548 τοῦ

1944 3493 2040 3549 Est
2065 3500 2245 3548 autem
2279 3493 2393 3561 ejus
2419 3505 2602 3546 aversa
2657 3487 2844 3558 facies,
2878 3485 3064 3554 aiunt;
3094 3484 3147 3539 id
3180 3494 3285 3543 est.
3319 3499 3453 3539 con-

192 3577 571 3650 ητῃσχῦνθη.
601 3581 929 3650 Ἠτιμάσθη
959 3583 1037 3646 δὲ,
1061 3585 1161 3639 καί
1189 3588 1301 3642 οὐκ
1321 3587 1613 3657 ἐλογίσθη
1637 3605 1651 3620 ·
1683 3589 1774 3642 ὅτε

195 3669 513 3739 πέμψαντος
532 3670 762 3728 Πιλάτου
786 3673 922 3744 πρὸς
942 3675 1033 3730 τὸν
1049 3675 1316 3747 Ἡρώδην,
1337 3679 1498 3732 αὑτὸν
1516 3689 1544 3717 ν
1562 3677 1774 3745 ἐξουδε-

199 3762 307 3814 vim
341 3761 420 3824 ὼς
441 3762 604 3817 αὑτὸν
625 3763 945 3835 ἀπέπεμψε.
976 3767 1147 3822 Πάλιν
1177 3770 1272 3822 καὶ⁸
1320 3769 1410 3822 ὅτε
1438 3769 1508 3822 τὰ
1536 3770 1779 3842 ὑϐριστι-

203 3851 428 3906 κώτατα
480 3853 797 3925 κρινόμενος
852 3857 1215 3927 ἔπασχεοκαὶ
1272 3861 1405 3930 παρ’
1465 3861 1628 3914 αὐτὸν
1657 3863 1774 3916 στὸν

200 3945 459 4015 σταυρόν.
491 3945 582 3999 Διὸ
630 3948 733 4002 κάν
776 3950 891 4014 τοῖς
923 3950 1299 4022 προλεχθεῖσιν
1353 3952 1591 4024 ἔφασκεο
1625 3973 1643 4008 ι
1669 3955 1773 4008 Τὸν

197 4032 366 4087 νῶτόν
399 4051 505 4103 μου
519 4033 727 4088 δέδωκα
748 4037 829 4103 είς
847 4037 1136 4106 μάστιγας,
1160 4057 1180 4092 ι
1199 4039 1292 4093 καὶ
1315 4039 1383 4093 τὰ
1407 4038 1554 4108 ἑξῆς.
1568 4041 1774 4094 Πέπον-

196 4123 290 4178 θεν
317 4118 412 4178 οὖν
434 4124 534 4177 οὐκ
556 4125 634 4188 είς
659 4125 789 4179 ἴδιον
816 4126 976 4198 χρέος
1003 4127 1302 4199 (ἁμαρτίαν
1328 4128 1438 4202 γὰρ
1460 4128 1560 4182 οὐκ
1585 4129 1772 4204 ἐποίη-

196 4220 314 4277 σεν)
338 4217 455 4270 ἀλλ’
482 4219 563 4282 εἰς
599 4219 886 4290 ἡμέτερον,
913 4215 996 4286 εἷς
1026 4223 1054 4274 ὁ
1083 4221 1304 4276 πάντων
1351 4221 1765 4294 ἀνταξιώτερος,

195 4308 416 4362 Παύλου
463 4304 855 4377 λέγοντος·Εἷς
917 4310 1057 4382 ὑπὲρ
1089 4312 1308 4367 πάντων
1354 4312 1646 4382 ἀπέθανεν,
1681 4314 1768 4370 ἵνα

191 4401 244 4454 oi
272 4398 476 4462 ζῶντες
526 4400 723 4470 μηκέτι
762 4401 973 4464 ἑαυτοῖς
1007 4401 1198 4466 ζῶσιν,
1225 4403 1364 4459 ἀλλά
1388 4404 1467 4476 τῷ
1500 4405 1638 4478 ὑπὲρ
1665 4406 1766 4460 αὑ-

192 4491 305 4543 τῶν
329 4488 654 4545 ἀποθανόντι
677 4491 772 4544 καὶ
807 4491 1108 4564 ἐγερθέντι.
1142 4511 1162 4546 ι
1206 4493 1405 4547 ’ἰστέον
1425 4495 1482 4548 δὲ
1515 4495 1589 4562 ὡς
1620 4497 1768 4562 τινὲς

189 4581 276 4646 τὺ,
313 4582 778 4652 Ἀνηγγείλαμεν
803 4583 884 4651 ὡς
921 4583 1184 4647 παιδίον,
1207 4585 1292 4639 διὰ
1321 4585 1415 4639 τοῦ
1457 4587 1765 4658 γράψαντες

191 4673 338 4729 οὕτω
360 4675 525 4743 φασίν
545 4690 556 4702 ·
585 4676 850 4730 ἀντέπεσε
874 4675 983 4748 γάρ
1004 4676 1080 4740 ὼς
1113 4677 1259 4738 εἰκὸς
1283 4691 1332 4742 ι,
1361 4679 1440 4748 τῷ
1485 4681 1762 4756 προφήτῃ,

1879 3585 2022 3640 fusa.
2059 3583 2156 3640 Est
2193 3594 2248 3640 et
2276 3583 2572 3650 despectus,
2612 3595 2704 3634 nec
2743 3587 3016 3647 reputalus
3042 3593 3061 3630 :
3108 3575 3327 3647 quando
3361 3576 3449 3629 ni-

1876 3677 2075 3734 mirum
2107 3691 2202 3744 per
2233 3675 2469 3732 Pilatum
2514 3673 2718 3729 missus
2751 3670 2820 3726 ad
2850 3670 3158 3734 Herodem,
3202 3669 3270 3723 ab
3310 3670 3448 3725 istu-

1875 3782 1984 3837 que
2010 3775 2356 3836 contemptus
2399 3764 2466 3820 ad
2497 3765 2747 3820 eumdem
2792 3763 3055 3817 remissus
3084 3770 3197 3825 est;
3228 3761 3446 3829 quando

1875 3874 2090 3914 rursum
2121 3856 2676 3914 contumeliosissime
2714 3854 3045 3920 damnatus;
3081 3853 3303 3922 quando
3351 3852 3448 3906 de-

1873 3951 2040 4022 nique
2072 3949 2256 4006 crucis
2302 3958 2533 4004 mortem
2569 3962 2866 4018 perpessus
2898 3963 2913 4001 :
2954 3947 3097 4000 unde
3128 3953 3182 3999 et
3230 3946 3320 3998 illa
3344 3960 3445 3998 cx-

1873 4027 2098 4107 sistunt,
2129 4040 2330 4111 quibus
2357 4055 2416 4095 se
2457 4038 2685 4094 dorsum
2723 4052 2885 4094 suum
2935 4035 3261 4091 verberibus
3307 4049 3446 4102 pra:-

1871 4136 2059 4192 buisse
2112 4136 2194 4200 '°,
2244 4143 2300 4191 et
2354 4149 2477 4205 quae
2530 4133 2819 4203 deinceps,
2887 4130 3144 4200 superius
3205 4127 3440 4182 dicebat.

1871 4228 2076 4284 Passus
2099 4239 2185 4284 est
2213 4242 2346 4297 ergo
2373 4242 2483 4279 non
2511 4225 2565 4279 in
2611 4224 2697 4279 sui
2728 4222 2843 4295 (qui
2872 4231 3158 4294 peccatum
3194 4235 3302 4274 non
3344 4218 3442 4271 ad-

1869 4323 2066 4393 misit),
2113 4321 2207 4378 sed
2235 4321 2290 4376 in
2342 4321 2514 4375 nostri
2553 4317 2724 4374 debiti
2777 4316 3242 4387 persolutionem;
3298 4328 3441 4368 unus

1867 4416 2111 4470 omnium
2135 4414 2292 4484 longe
2304 4411 2818 4483 pratstantissimus,
2845 4409 3016 4464 Paulo
3041 4418 3195 4468 teste,
3214 4407 3305 4461 ubi
3325 4407 3434 4460 ait:

1872 4524 1892 4560 ι
1934 4505 2089 4562 Unus
2121 4519 2220 4575 pro
2258 4502 2518 4559 omnibus
2569 4510 2821 4556 mortuus
2852 4507 2960 4560 est,
2993 4507 3052 4552 ut
3079 4498 3173 4568 qui
3211 4496 3394 4549 vivunt
3418 4536 3434 4562 ,

1866 4596 1970 4652 sibi
1992 4595 2225 4663 amplius
2251 4607 2358 4648 non
2391 4592 2604 4655 vivant,
2641 4589 2737 4646 sed
2766 4588 2893 4658 ipsi,
2920 4587 3012 4656 qui
3057 4602 3154 4654 pro
3180 4586 3258 4639 eis
3291 4600 3437 4638 mor-

1866 4697 1994 4742 tuus
2025 4696 2110 4741 est
2158 4693 2213 4742 et
2253 4684 2557 4739 resurrexit
2598 4682 2666 4738 ".
2700 4699 2718 4732 ι
2750 4679 2843 4734 Est
2868 4689 3049 4732 autem
3092 4676 3436 4730 animadver-

191 4768 275 4820 ὅτι
307 4767 373 4821 σὺ
393 4768 459 4820 ὲκ
478 4766 574 4820 τοῦ
604 4767 918 4838 Πνεύματος
947 4769 1230 4842 ἐδιδάχθης
1261 4771 1364 4839 τὴν
1404 4771 1574 4827 αὐτοῦ
1621 4790 1763 4846 παρ-

1879 4775 2110 4840 .cndum,
2136 4789 2245 4844 quo
2268 4773 2389 4828 loco
2413 4772 2847 4827 anmtnliavimus
2876 4778 3128 4838 tanquam
3155 4766 3436 4836 parvulum

192 4857 404 4920 ουσίαν,
455 4859 623 4928 ἐχρῆν
650 4857 706 4910 δὲ
735 4836 827 4914 καὶ
873 4858 999 4922 τοὺς
1057 4836 1250 4924 ἄλλους
1273 4836 1571 4918 διδάσκειν.
1618 4861 1677 4914 '0
1702 4836 1762 4920 δέ

1879 4871 2134 4931 habetur,
2191 4881 2440 4936 campum
2500 4863 2798 4918 nonnullos
2835 4863 3040 4931 legere.
3089 4859 3226 4914 Esse
3284 4861 3432 4912 enim

193 4964 381 5019 φησιν,
409 4946 482 5010 ὡς
507 4949 607 5001 οὐκ
636 4948 993 5018 ἐπαυσάμεθα
1024 4950 1226 5013 πάντες
1246 4951 1296 5003 οἱ
1320 4951 1598 5023 προφῆται
1634 4953 1764 5024 ὑμῖν

1879 4965 2295 5014 :onsentaneum
2347 4954 2628 5025 propheta:
2692 4950 2984 5021 quemdam
3033 4963 3346 5008 occurrere,
3381 4956 3435 5000 et

192 5038 619 5107 ἀναγγέλλοντες
649 5040 730 5106 ὠς
771 5041 1002 5106 πεδίον,
1052 5041 1198 5095 τοῦτ’
1250 5041 1396 5096 ἔστιν
1464 5044 1539 5108 ὼς
1595 5045 1766 5118 ἀγρὸς

1879 5049 2083 5112 licere;
2113 5047 2373 5118 quoniam
2424 5042 2634 5113 Spiritu
2675 5049 2869 5096 sancto
2915 5039 3147 5093 docente
3188 5037 3308 5104 ejus
3337 5035 3434 5088 ad-

193 5131 432 5202 εὐανθὴς
490 5133 585 5184 καὶ
639 5133 1010 5204 καρποφόρος,
1035 5132 1067 5202 ἢ
1100 5133 1194 5186 καὶ
1225 5133 1305 5200 ὡς
1319 5134 1453 5202 ῥίζα
1478 5135 1549 5188 ἐν
1574 5135 1653 5206 τῇ
1679 5135 1767 5189 δια

1879 5146 2082 5195 rentum
2129 5138 2404 5202 didicerit,
2437 5137 2631 5192 decere
2682 5142 2738 5190 et
2775 5133 2916 5188 alios
2969 5131 3146 5202 ipsum
3197 5129 3433 5191 docere,

192 5222 396 5292 ψώσιι,
448 5221 764 5292 ἀρδεύοντος
816 5223 964 5293 ἡμᾶς
1004 5221 1099 5276 τοῦ
1149 5221 1509 5291 Μονογενοῦς,
1556 5242 1577 5280 ι
1606 5219 1766 5296 Ἐνῷ

1879 5230 1958 5288 sed
2001 5229 2356 5299 respondere,
2387 5227 2682 5299 prophetas
2718 5240 2909 5279 omnes
2935 5221 3106 5290 campi
3153 5221 3346 5284 instar,
3379 5217 3432 5272 id

194 5314 395 5378 πάντες
441 5313 582 5367 εἰσιν
605 5313 656 5366 oi
685 5313 948 5383 θησαυροὶ
988 5312 1089 5383 τῆς
1129 5311 1322 5382 σοφίας
1369 5313 1463 5368 καὶ
1506 5313 1762 5383 γνώσεως

1879 5330 1952 5378 est
1989 5322 2105 5393 agri
2135 5319 2315 5376 ﬂoridi
2349 5326 2402 5374 et
2429 5315 2704 5389 frugiferi,
2737 5314 2846 5369 illis
2879 5325 3158 5380 nunquam
3189 5323 3294 5362 non
3329 5321 3432 5360 an-

193 5403 558 5474 ἀπόκρυφοι,ι
585 5404 748 5459 πάλαι
768 5403 904 5474 μετὰ
921 5402 1029 5460 τῶν
1054 5403 1232 5460 ἄλλων
1257 5403 1560 5476 ἀνθρώπων
1588 5403 1759 5477 ξηρὰν

1879 5409 2153 5464 alintiasse
2187 5425 2200 5462 :
2239 5405 2323 5462 vel
2376 5405 2540 5460 etiam
2591 5412 2843 5472 tanquam
2896 5398 3127 5451 radicem
3182 5396 3237 5448 in
3288 5403 3432 5448 terra

195 5496 292 5549 καὶ
317 5496 569 5566 ἄκαρπον
619 5495 968 5568 ὑπάρχοντας
993 5497 1117 5567 γῆν.
1142 5495 1289 5550 Ἀλλ’
1315 5496 1646 5568 ἀνεθάλομεν
1667 5497 1759 5552 διὰ

1879 5500 2091 5566 tttienti,
2133 5515 2259 5554 cum
2293 5514 2388 5554 eos
2421 5497 2674 5566 irrigaret
2726 5491 3092 5562 Uuigeuitus:
3145 5507 3162 5540 ι
3215 5486 3272 5540 In
3320 5500 3430 5570 quo

266 5607 312 5640 "
347 5610 391 5665 ιι
430 5610 554 5663 Cor.
585 5625 638 5671 ν.
678 5610 768 5666 2i.
841 5610 886 5641 ⁸⁷
943 5610 1101 5667 Deut.
1127 5627 1239 5678 XXI,
1269 5615 1372 5680 2-3;
1431 5612 1608 5673 Galat.
1655 5629 1737 5680 tu,

196 5691 251 5742 ι..
281 5680 336 5735 6.
410 5681 455 5714 ⁸⁸
491 5679 531 5734 ll
557 5681 686 5736 Cor.
713 5696 767 5742 ν,
818 5680 905 5734 ll.

1943 5614 1988 5646 ⁸³
2024 5612 2171 5670 Psal.
2207 5629 2353 5680 μιν,
2385 5613 2440 5668 5.
2565 5612 2612 5645 ⁸⁸
2647 5605 2832 5662 Matth.
2872 5618 3019 5668 xxvr,
3062 5601 3151 5656 58.
3247 5599 3294 5633 ⁸⁸
3321 5596 3431 5652 ιω.

1489 5761 1721 5819 ΥΑΒΙᾹῚ
1760 5761 2162 5818 LECTIONES.

269 5871 289 5910 t
314 5887 403 5940 γρ,
435 5869 598 5941 ἀλφῇ,
678 5879 702 5908 ιι
738 5871 820 5924 ῖσ,
853 5867 980 5938 γάρ,
1057 5874 1082 5902 ν
1125 5881 1208 5935 Π).
1253 5863 1430 5926 αὐτός.
1507 5869 1531 5896 ι
1572 5859 1657 5915 Ισ.
1701 5862 1760 5912 .1.
1793 5876 1874 5922 τις
1910 5857 2096 5914 εἰπών.
