3998 6390
524 338 666 412 2523
1862 358 2120 421 PROCO]

2245 346 2490 420 GAZIEI
2567 399 2570 402 ~
3636 361 3763 427 252i

530 469 661 516 sum
691 477 884 518 omnes
917 463 1164 541 thesauri
1197 465 1444 522 scientia:
1473 474 1528 521 et
1558 453 1897 540 cognitionis
1930 487 2120 526 recon-

2227 475 2327 544 τῆς
2346 472 2614 544 χορηγίας
2643 469 2740 526 τοῦ
2768 471 3088 543 Πνεύματος
3115 471 3193 538 ὡς
3215 470 3366 541 ῥίζα,
3387 469 3530 526 τοῦτ’
3550 472 3684 528 ἐστιν
3705 477 3767 542 ὡς

531 551 630 607 diti
661 553 708 584 "
738 594 752 617 ,
792 574 810 606 ι
844 557 936 624 qui
974 557 1106 611 olim
1155 573 1280 612 cum
1321 573 1538 615 ctetens
1596 561 1911 619 hominibus
1966 573 2110 618 terra

2224 563 2425 634 βοτάνη
2485 562 2623 635 καλή
2652 579 2714 615 τε
2743 563 2839 616 καὶ
2868 562 3103 632 εὐανθής
3129 575 3147 591 ⁸
3183 561 3319 631 πρὸς
3337 560 3434 625 οὓς
3460 561 3666 630 ἐλέγετο
3689 568 3770 618 καὶ

530 653 718 699 essent
767 647 913 700 sicca
944 660 996 701 et
1040 649 1284 716 sterilis;
1335 651 1427 704 sed
1483 653 1795 707 retloruisse
1822 668 1882 708 se
1921 654 2115 708 humo-

533 749 650 787 rem
684 733 887 804 Spiritu
943 747 1290 806 suggerente,
1339 748 1595 810 tanquam
1649 742 1905 808 radicem,
1943 743 1994 797 id
2029 751 2116 796 est

535 833 797 893 tanquam
853 825 1077 880 herbam
1121 830 1409 898 pulchram
1464 842 1516 886 et
1559 831 1832 889 ﬂoridam.
1884 833 1965 888 Ad
2015 835 2116 890 ltus

2220 656 2349 726 παρ’
2372 656 2488 718 ἑνὸς
2509 654 2620 708 τῶν
2678 653 2992 725 προφητῶν⁸
3031 654 3180 708 «Kal
3239 652 3600 723 μακαριοῦσιν
3643 653 3768 725 ὑμᾶς

2221 750 2402 804 πάντα
2427 748 2495 802 τά
2522 747 2674 817 ἔθνη,
2702 747 2769 800 δι’
2818 747 2903 800 ὅτι
2936 745 3129 800 ἔσεσθε
3166 746 3326 816 ὑμεῖς
3355 745 3428 813 γῆ
3459 744 3670 816 θελητή,
3695 745 3770 799 λέ-

2221 856 2309 908 γει
2333 838 2558 909 Κύριος,
2587 837 2664 900 ὡς
2693 838 2892 907 μηκέτι
2919 839 3108 908 φέρειν
3136 835 3402 898 ἀκάνθας.
3425 854 3445 888 ι
3476 836 3774 908 [Ιροεὶρηται

534 915 796 969 nimirum
836 925 967 972 sunt
1023 927 1078 972 et
1126 920 1230 973 ista
1293 923 1570 992 prephetze
1605 924 1894 994 cujusdam
1933 942 1947 980 :
1990 944 2008 978 ι
2051 927 2118 980 Et

2220 933 2351 1003 γάρ’
2399 930 2530 994 (Ὣς
2582 931 2706 985 ἀντὶ
2758 931 2982 1001 στοίϐης
3036 929 3377 1000 ἀναϐήσεται
3440 929 3770 1000 κυπάρισσος.

533 1023 634 1062 vos
681 1009 867 1064 dicent
901 1012 1089 1067 beatos
1119 1023 1308 1084 gentes
1366 1029 1580 1081 omnes,
1634 1018 1764 1087 quia
1813 1033 1913 1072 vos
1953 1019 2113 1076 eritis

2231 1024 2376 1078 Ἀντὶ
2402 1023 2459 1078 δὲ
2493 1021 2725 1094 κονύζης
2753 1022 3087 1094 ἀναϐήσεται
3141 1021 3400 1093 μυρσίνη.
3425 1038 3444 1072 ι
3475 1021 3579 1074 Kal
3606 1022 3773 1076 πάλινο

505 1107 679 1154 .terra
713 1112 1038 1170 spontanea,
1073 1105 1209 1160 dicit
1240 1105 1525 1174 Dominus,
1564 1117 1623 1163 ut
1653 1111 1841 1179 spinas
1875 1112 2114 1181 amplius

2223 1134 2242 1169 ι
2273 1116 2494 1186 Ποιήσω
2530 1114 2626 1186 τήν
2655 1114 2862 1185 ἔρημον
2890 1116 2972 1178 εἰς
3001 1115 3120 1184 ἕλη,
3148 1133 3167 1166 ι
3202 1114 3298 1166 καὶ
3323 1113 3396 1166 τά
3424 1112 3570 1182 ἑξῆς.
3602 1114 3773 1184 Προεί-

538 1205 646 1243 non
701 1192 879 1250 edatis
911 1195 981 1250 ”.
1020 1217 1038 1248 ι
1082 1196 1417 1251 Praedictum
1472 1200 1618 1253 enim
1655 1209 1780 1255 est:
1820 1202 1985 1272 602
2009 1201 2115 1258 Pro

2218 1225 2384 1274 πομεν
2415 1203 2528 1272 οὖν,
2552 1207 2637 1261 ὅτι
2689 1206 3087 1270 πιστεύσαντες
3105 1207 3186 1271 εἰς
3213 1205 3400 1269 αὐτὸν,
3425 1204 3672 1275 ἐσόμεθα
3694 1205 3774 1259 ἐν·

538 1285 739 1345 Stmha,
773 1286 1038 1341 ascendet
1077 1304 1410 1357 cupressus;
1453 1306 1549 1360 pro
1591 1306 1821 1362 conyza,
1859 1295 2118 1350 ascendet

2218 1299 2415 1353 αντίον
2469 1296 2678 1362 αὐτοῦ,
2737 1295 2886 1350 τοῦτ’
2912 1297 3059 1350 ἐστιν
3088 1294 3427 1366 ὲφορώμενοι
3483 1294 3607 1365 παρ’
3628 1295 3770 1350 αὐτοῦ

539 1382 753 1444 myrtus
779 1379 844 1431 “.
895 1399 914 1431 ι
953 1379 1016 1432 Et
1064 1396 1332 1439 rursum:
1391 1402 1411 1435 ι
1447 1383 1666 1438 Faciam
1726 1385 2010 1441 desertum
2060 1387 2114 1442 in

2218 1390 2281 1454 it;
2307 1388 2504 1463 βοτάνη
2530 1392 2590 1443 ἐν
2617 1387 2693 1458 τῇ
2716 1387 2794 1459 γῇ
2817 1387 3061 1458 διψώσῃ
3093 1388 3248 1442 ποτέ.

538 1466 766 1534 paludes
810 1469 860 1502 "
895 1487 910 1538 ;
950 1490 968 1523 ι
998 1480 1053 1526 ει
1083 1489 1203 1542 quae
1231 1473 1511 1545 deinceps.
1542 1475 1900 1533 Praediximus
1929 1494 2060 1550 ergo
2089 1495 2210 1546 nos,
2231 1481 2327 1548 ait,
2359 1481 2405 1538 si
2438 1482 2490 1535 in
2520 1495 2644 1537 eum
2679 1481 2990 1548 credamus,
3022 1481 3076 1535 in
3096 1482 3211 1550 ejus
3235 1490 3513 1549 conspectu
3547 1479 3776 1550 futuros:

538 1559 592 1615 id
622 1569 728 1624 est,
752 1562 872 1633 ejus
901 1565 1099 1620 intuitu
1133 1565 1415 1634 fruiturus,
1443 1578 1701 1639 tanquam
1743 1570 1966 1626 herbam
1992 1588 2113 1642 qua:
2151 1574 2206 1627 in
2238 1583 2382 1628 terra
2409 1574 2609 1628 sitienti
2634 1573 2909 1644 quondam
2943 1571 3144 1632 fuerat.

607 1657 749 1722 Quid
808 1661 998 1730 igitur,
1056 1664 1234 1728 aiunt,
1284 1664 1429 1734 quod
1472 1666 1646 1735 ipsius
1692 1667 1983 1740 adventum
2024 1685 2116 1723 an-

536 1750 936 1807 nnntiam‘mus?
983 1753 1176 1810 Nonne
1204 1757 1249 1811 si
1280 1772 1529 1827 congrua
1574 1757 1686 1813 Deo
1727 1760 1943 1815 ratione
1971 1761 2124 1818 visus

2300 1669 2368 1722 Ti
2397 1665 2515 1733 οὖν,
2555 1686 2741 1739 φασιν,
2765 1669 2851 1722 ὅτι
2893 1669 3339 1738 ἀνηττειλαμεν
3357 1666 3460 1738 τὴν
3502 1669 3777 1737 παρουσίαν

2229 1761 2432 1828 αὐτοῦς
2463 1761 2598 1816 ἀλλὰ
2625 1760 2948 1833 θεοπρεπῶς
2999 1761 3234 1830 ὀφθεῖσα
3267 1760 3571 1830 προπετοςι
3599 1759 3778 1829 sunt:

535 1851 702 1906 esset,
740 1843 1062 1899 inaccessus
1123 1854 1242 1900 erat
1293 1846 1557 1902 futurus:
1593 1855 1651 1901 ut
1697 1848 1826 1902 olim
1879 1849 1933 1904 in
1983 1850 2116 1905 Sina

2222 1855 2507 1924 γίνεσθαι,
2541 1854 2617 1919 ὡς
2649 1855 2745 1909 ἐπὶ
2775 1853 2872 1908 τοῦ
2936 1853 3070 1907 Σινᾶ
3122 1851 3284 1922 τυχὸν
3333 1850 3596 1905 εἰπόντων
3643 1851 3779 1921 ήμῶν

536 1931 792 1998 fortasse,
827 1949 956 1991 cum
983 1935 1170 1992 Mosen
1202 1953 1415 2002 secum,
1460 1955 1569 1993 non
1605 1937 1801 2004 Deum,
1833 1957 1902 1996 ne
1932 1959 2120 1999 more-

537 2033 771 2090 rentur,.
802 2027 952 2096 loqui
989 2030 1344 2098 postularunt
1384 2031 1475 2084 "i
1518 2029 1625 2087 Sed
1681 2031 1750 2087 iis
1799 2034 2116 2102 respondet,

535 2124 796 2187 tanquam
836 2119 928 2189 qui
963 2121 1188 2189 speciem
1222 2121 1535 2177 indecorum
1578 2125 1796 2192 habeat,
1833 2127 1998 2182 visunt
2026 2128 2117 2183 iri.

534 2209 714 2280 Atque
741 2209 855 2266 haec
885 2212 1109 2281 quidem
1137 2213 1226 2270 isti
1247 2216 1301 2268 in
1327 2216 1475 2272 hunc
1496 2215 1722 2270 modum
1742 2220 2116 2287 explicarunt.

533 2302 614 2356 Ad
646 2318 710 2358 ea
737 2311 943 2369 autem,
994 2322 1116 2376 qua:
1142 2307 1400 2378 praedicta
1437 2319 1586 2373 sunt,
1631 2310 1926 2382 disciplina
1971 2314 2118 2381 pacis

533 2404 720 2449 nostra
747 2404 904 2464 super
927 2414 1068 2463 eum,
1102 2398 1312 2470 adjicit.
1350 2400 1484 2468 Quae
1508 2405 1653 2458 enim
1690 2406 1991 2476 castigatos
2020 2423 2120 2464 nos

533 2487 645 2557 pati
671 2487 900 2556 decuit;
931 2504 995 2545 ea
1028 2491 1082 2545 in
1105 2491 1282 2557 illum,
1320 2508 1418 2562 pro
1445 2510 1579 2565 pace
1605 2511 1729 2550 cum
1770 2495 1878 2551 Deo
1913 2497 2121 2553 facien-

533 2580 627 2644 da,
652 2577 826 2637 Paulo
851 2589 992 2639 teste
1017 2586 1101 2650 ",
1145 2587 1416 2642 translata
1450 2598 1621 2658 sunt;
1654 2605 1779 2644 cum
1812 2591 1991 2658 ipsum
2024 2608 2120 2662 per

533 2671 719 2727 crucis
751 2688 867 2729 suae
913 2675 1237 2746 sanguinem
1269 2677 1360 2741 iis,
1411 2694 1534 2750 qua:
1589 2679 1644 2734 in
1676 2681 1858 2745 caelis,
1890 2697 2123 2752 quaeque

535 2757 591 2813 in
626 2761 789 2817 terris
817 2771 1027 2828 essent,
1075 2778 1266 2835 pacem
1299 2767 1580 2836 peperisse
1612 2769 1831 2822 asserit.
1873 2768 1938 2823 Et
1967 2769 2119 2839 alibi,

533 2860 658 2901 cum
699 2863 889 2918 pacem
937 2859 1212 2917 nostram,
1251 2853 1346 2922 qui
1398 2863 1632 2925 utraque
1683 2872 1851 2910 unum
1909 2857 2121 2926 fecerit,

535 2951 661 2994 esse
712 2938 947 2996 aliirmat
989 2942 1056 2999 ⁸⁸.
1095 2941 1194 3000 Est
1244 2944 1314 2999 ab
1362 2960 1430 3001 eo
1478 2946 1753 3015 siquidem
1807 2962 1908 3018 pro
1965 2949 2122 3005 nobis

536 3049 687 3090 mors
732 3035 857 3112 ipsa
921 3037 1173 3102 tolerata,
1240 3039 1338 3094 illo
1392 3040 1611 3109 quidem
1668 3039 1902 3111 injurias
1941 3041 2122 3112 reipsa

534 3124 806 3181 subemﬂe
831 3166 848 3190 ,
877 3127 1037 3183 nobis
1068 3135 1249 3184 autem
1279 3145 1374 3198 per
1398 3130 1557 3185 iidem
1592 3132 1876 3201 passiones
1900 3148 2122 3189 accom-

536 3217 919 3282 modantibus,
969 3220 1563 3290 compatientibusque,
1604 3230 1660 3278 et
1704 3220 2120 3280 commorienti-

536 3305 662 3373 bus,
694 3324 790 3378 per
837 3311 1071 3379 gratiam
1116 3321 1300 3366 autem
1341 3313 1572 3367 salutem
1617 3315 1954 3370 consecutis.
1984 3314 2122 3370 Ver-

537 3397 666 3453 bera
692 3401 861 3466 enim,
899 3418 1021 3471 qua:
1066 3402 1224 3458 nobis
1271 3402 1635 3467 debebantur.
1684 3407 1930 3475 pertulit,
1966 3408 2123 3461 inde.-

537 3506 645 3558 que
677 3492 866 3546 vibices
899 3492 1112 3557 habuit,
1141 3495 1344 3565 quibus
1380 3494 1484 3564 ipsi
1535 3497 1716 3550 sanati
1769 3514 1976 3563 sumus,
2027 3499 2123 3570 qui

539 3581 671 3635 olim
704 3593 958 3652 tanquam
986 3601 1102 3639 oves
1137 3586 1448 3640 errabamus
1479 3603 1498 3642 :
1534 3587 1660 3644 aliis
1708 3592 1916 3660 peccati
1950 3607 2124 3662 genus

542 3673 715 3737 aliud,
747 3676 1022 3746 aliamque
1064 3686 1229 3745 atque
1255 3678 1418 3733 aliam
1451 3678 1520 3735 de
1543 3694 1610 3734 eo
1647 3681 1964 3750 opinionem
2005 3698 2124 3737 ain-

543 3765 932 3835 pleetentibus.
989 3767 1096 3824 Sed
1135 3784 1260 3825 eum
1312 3768 1478 3827 Pater
1516 3773 1656 3843 ipse,
1708 3782 1970 3846 tanquam
2026 3793 2127 3848 pro

2217 1948 2407 2002 Μωσεί
2425 1963 2438 1977 ο
2463 1965 2481 1998 ι
2507 1945 2676 2002 Λάλει
2707 1946 2770 2000 σὺ
2796 1945 2936 2016 πρὸς
2966 1945 3134 2017 ἡμᾶς,
3167 1943 3261 1997 καὶ
3294 1942 3373 2013 μὴ
3394 1942 3424 1995 ό
3443 1941 3592 2006 Θεὸς,
3609 1941 3688 1996 ἴνα
3713 1943 3778 2015 μὴ

2217 2040 2602 2111 ἀποθάνωμεν.
2616 2059 2634 2092 ι
2659 2040 2806 2112 Πρὸς
2825 2038 2919 2103 οὒς
2939 2037 3318 2108 ἀποκρίνεται.
3339 2035 3427 2098 Ὧς
3446 2034 3648 2104 ἄτιμον
3659 2035 3778 2106 ἔχων

2216 2128 2379 2198 εἶδος
2395 2131 2744 2201 ὀφθήσεται.
2774 2129 2885 2185 Kal
2915 2127 3091 2184 ταῦτα
3143 2128 3243 2198 μὲν
3297 2119 3449 2180 οὗτοι
3477 2125 3568 2178 τὸν
3593 2127 3773 2195 τρόπον

2216 2224 2406 2279 τοῦτον
2439 2224 2806 2296 ἐρμήνευσαν.
2836 2223 2964 2287 Τοῖς
2982 2221 3041 2276 δὲ
3063 2217 3463 2292 προρρηθεῖσιν
3512 2219 3773 2286 ἐπάγεται,

2218 2316 2459 2371 παιδεία
2516 2316 2760 2385 εἰρήνης
2805 2312 2981 2385 ἡμῶν·
3006 2312 3100 2367 ἐπ’
3127 2312 3340 2368 αὐτόν.
3383 2310 3453 2364 "A
3481 2310 3608 2380 γὰρ,
3649 2311 3776 2379 ἡμᾶς

2219 2410 2327 2465 ἔδει
2350 2408 2778 2478 παιδευομένους
2813 2405 3043 2472 παθεῖν,
3084 2404 3256 2458 ταῦτα
3285 2403 3382 2456 ἐπ’
3423 2402 3614 2457 αὑτὸν
3639 2397 3781 2473 ἦλθεν

2219 2503 2362 2572 ὑπὲρ
2390 2503 2487 2573 τῆς
2516 2501 2652 2572 πρὸς
2677 2501 2770 2553 τὸν
2815 2498 2948 2553 Θεὸν
2978 2498 3222 2569 εἰρήνης,
3252 2494 3474 2549 Παύλου
3502 2494 3737 2562 λέγοντος
3761 2508 3775 2524 ο

2228 2611 2246 2645 ι
2282 2591 2721 2662 Εἰρηνοποιήσας
2751 2587 2842 2643 διὰ
2864 2587 2960 2642 τοῦ
2989 2587 3219 2658 αἵματος
3239 2584 3336 2639 τοῦ
3353 2583 3588 2656 σταυροῦ
3614 2583 3779 2650 αὐτοῦ,

2219 2684 2330 2738 εἴτε
2359 2684 2430 2737 τὰ
2455 2682 2548 2738 ἐπὶ
2565 2683 2665 2753 τῆς
2688 2681 2814 2751 γῆς,
2839 2682 2950 2734 εἴτε
2975 2680 3044 2734 τὰ
3075 2680 3134 2732 ὲν
3159 2679 3464 2744 οὐρανοῖς.»
3489 2677 3596 2730 Kal
3620 2677 3776 2731 πάλινο

2227 2793 2246 2826 ι
2273 2772 2444 2836 Δύτὸς
2467 2771 2576 2842 γάρ
2604 2773 2752 2825 ἐστιν
2777 2771 2811 2842 ή
2835 2771 3026 2842 εἰρήνη
3052 2769 3229 2841 ἡμῶν,
3246 2770 3276 2822 ό
3297 2767 3606 2839 ποιήσαςτὰ
3625 2766 3779 2838 ἀμφό-

2221 2879 2354 2934 τερα
2378 2863 2491 2916 ἒν.»
2527 2861 2698 2932 ’Υπὲρ
2717 2861 2826 2934 γάρ
2853 2860 3013 2932 ἡμῶν
3050 2861 3112 2914 τὸ
3157 2859 3352 2926 πάθος,
3402 2858 3567 2915 αὑτοῦ
3610 2859 3698 2929 μὶν
3722 2859 3780 2930 τῇ

2222 2953 2390 3026 πείρᾳ.
2417 2953 2741 3017 ὐπελθόντος
2756 2953 2856 3017 τὰς
2879 2952 3088 3025 ὕϐρεις,
3108 2951 3291 3006 πίστει
3315 2951 3376 3005 δὲ
3400 2951 3555 3022 ήμῶν
3574 2952 3781 3004 οἰκειου-

2226 3047 2402 3118 μένων
2450 3047 2520 3102 τὰ
2578 3047 2727 3118 πάθη
2752 3085 2767 3111 ,
2801 3046 3309 3118 συμπασχόντωντε
3341 3046 3444 3099 καὶ
3473 3044 3782 3112 συναποθνῃ-

2149 3181 2191 3239 C
2226 3139 2483 3205 σκόντων,
2512 3138 2696 3210 χάριτι
2721 3138 2779 3192 δὲ
2805 3135 3182 3239 σωζομένων..Γ
3221 3137 3335 3239 ’ξὰς
3365 3136 3636 3239 γὰρςήμϊν
3655 3134 3784 3239 seu.

2224 3230 2460 3300 λομὲνας
2485 3230 2694 3294 ἐξέτισε
2719 3229 3014 3300 μάστιγας,
3037 3229 3131 3297 ἀφ’
3147 3221 3222 3282 ὧν
3241 3227 3371 3299 ἔσχε
3411 3227 3556 3292 τοὺς
3595 3226 3778 3296 μώλω-

2222 3337 2361 3388 πας,
2385 3321 2453 3374 δι’
2475 3316 2551 3375 ὧν
2583 3321 2833 3390 ἰάθημέν
2863 3338 3026 3388 τινες
3042 3321 3092 3372 οἱ
3112 3320 3282 3375 πάλαι
3301 3318 3702 3387 πλανηθέντες
3717 3316 3783 3383 ὡς

2223 3414 2508 3482 πρόϐατα,
2525 3412 2690 3468 ἄλλου
2723 3412 2858 3484 πρὸς
2872 3413 3002 3466 ἄλλο
3013 3408 3154 3477 εἶδος
3178 3412 3464 3484 ἁμαρτίας
3486 3409 3781 3481 τραπέντος,

2223 3510 2476 3580 καὶπρὸς
2494 3509 2751 3578 διάφορον
2789 3507 2952 3573 δόξαν
2983 3509 3112 3579 περὶ
3165 3507 3357 3562 αὑτοῦ.
3409 3505 3546 3561 Ἀλλ’
3572 3508 3599 3559 ὁ
3619 3503 3783 3574 Πατὴρ

2223 3601 2387 3655 αὐτὸν
2420 3600 2560 3672 ὑπὲρ
2578 3602 2610 3669 ή
2620 3599 2735 3672 μῶν
2758 3599 3052 3670 ἀντίψυχον
3079 3599 3272 3671 ὥσπερ
3298 3595 3783 3671 παρέδωκεν.υῦτω

2229 3693 2334 3764 γὰρ
2362 3693 2460 3747 καὶ
2517 3693 2688 3764 άμνος
2717 3691 2814 3745 τοῦ
2843 3690 2980 3746 Θεοῦ
3035 3691 3262 3761 γέγονεν
3295 3689 3473 3760 αἴρων
3500 3687 3596 3760 τήν
3621 3688 3780 3757 ἁμαρ-

2225 3784 2347 3838 τίαν
2374 3783 2470 3838 τοῦ
2498 3783 2730 3853 κόσμου.
2781 3784 2872 3836 Διὸ
2924 3782 3224 3853 Σύμμαχός
3275 3797 3454 3852 φησιε
3503 3779 3703 3849 Κύριος
3726 3772 3784 3829 δὲ

543 3861 725 3911 anima
755 3868 947 3914 nostra
991 3861 1275 3928 devotum,
1330 3863 1578 3920 tradidit.
1638 3865 1731 3922 Sic
1778 3868 1922 3923 enim
1961 3870 2120 3924 etiam

2228 3875 2600 3943 καταντῆσαι
2621 3875 2916 3944 ἐποίησεν
2937 3876 3026 3942 εἰς
3039 3873 3230 3930 αὑτὸν
3253 3872 3372 3941 τὴν
3395 3867 3782 3941 ἁνομίανκάν-

543 3963 724 4019 agnus
771 3949 862 4004 ille
895 3949 986 4005 Dei
1027 3951 1151 4017 fuit,
1189 3953 1282 4022 qui
1345 3955 1489 4009 tollit
1542 3966 1771 4026 peccata
1815 3959 2000 4014 mundi
2057 3963 2120 4016 ".

2230 3984 2348 4020 των
2391 3964 2582 4036 ἡμῶν.
2615 3966 2727 4020 Kal
2777 3965 2940 4020 τοῦτο
2962 3965 3119 4028 εἰδὼς
3149 3965 3179 4018 ὀ
3203 3963 3445 4035 Χριστὸς
3473 3961 3628 4024 αὐτὸς
3659 3959 3782 4028 ἔφη’

547 4039 782 4110 Ideoque
822 4043 898 4095 ait
938 4041 1334 4115 Symmachus,
1368 4045 1631 4102 Dominus
1682 4061 1858 4105 autem
1890 4053 2034 4122 fecit,
2070 4066 2120 4109 ut

2234 4076 2253 4110 ι
2279 4056 2437 4112 Οὕτω
2463 4058 2575 4127 γὰρ
2601 4057 2890 4128 ἠγάπησεν
2921 4059 2950 4111 ὁ
2977 4056 3113 4120 Θεὸς
3137 4055 3230 4110 τὸν
3255 4055 3487 4126 κόσμον,
3521 4051 3652 4105 ὥστε
3697 4048 3778 4102 τὸν

546 4129 600 4184 in
620 4146 737 4185 eum
769 4143 952 4187 nostra
995 4140 1232 4189 omnium
1281 4139 1538 4210 iniquitas
1566 4142 1930 4198 descenderet.
1971 4144 2120 4211 Quod

2231 4147 2360 4200 Υἰὸν
2383 4146 2548 4200 αὐτοῦ
2577 4147 2670 4199 τὸν
2699 4147 2964 4217 μονογενῆ
2991 4146 3213 4210 ἔδωκεν,
3246 4145 3337 4199 ἴνα
3369 4146 3481 4207 πᾶς
3499 4138 3786 4197 ὁπιστεύων

543 4236 670 4276 cum
696 4223 814 4294 ipse
836 4225 1002 4279 etiam
1033 4241 1140 4281 non
1171 4227 1450 4298 ignoraret
1494 4230 1748 4289 Christus
1787 4253 1801 4289 :
1840 4238 1922 4290 sic
1961 4235 2120 4292 Deum

2236 4237 2312 4310 μὴ
2338 4237 2628 4308 ἀπόληται,
2651 4237 2767 4290 ἀλλ’
2791 4236 2890 4310 ἔχῃ
2921 4235 3068 4306 ζωὴν
3088 4233 3364 4289 αἰώνιον.»
3405 4223 3783 4305 Παραδεδόσθαι

548 4313 810 4368 mundum
841 4315 1102 4373 dilexisse
1147 4322 1244 4386 ait,
1298 4334 1356 4376 ut
1389 4319 1590 4378 Filium
1624 4339 1786 4379 suum
1841 4326 2022 4394 daret,
2071 4341 2120 4384 ul

2233 4331 2290 4386 δὲ
2315 4331 2479 4384 αὑτὸν
2509 4331 2747 4394 ἀκούων,
2785 4330 2862 4401 μὴ
2885 4330 3132 4398 ἀνάγκην
3157 4328 3461 4392 ὑπόπτευε,
3486 4325 3547 4379 τὸ
3576 4325 3628 4378 δὲ
3652 4320 3784 4376 ἑκού-

544 4405 746 4465 onmis,
791 4405 884 4475 qui
924 4408 1120 4475 credit,
1157 4425 1265 4465 non
1308 4421 1527 4481 pereat,
1579 4415 1675 4469 sed
1723 4416 1923 4472 habeat
1956 4419 2120 4474 vitam

2235 4442 2350 4478 σιον
2377 4425 2509 4480 νόει.
2563 4425 2672 4480 Καὶ
2700 4423 2811 4494 γάρ
2839 4425 2868 4476 ὁ
2911 4423 3239 4485 Ἀπόστολος
3286 4421 3366 4493 τῷ
3419 4414 3784 4491 όνόματιαὺτῷ

544 4505 806 4552 ωιειιιιιιιι
855 4501 894 4555 ⁸.
941 4500 1138 4555 Verum
1197 4519 1321 4558 cum
1397 4507 1654 4560 traditum
1734 4523 1857 4564 esse
1931 4511 2120 4578 audis,

2225 4515 2520 4586 κέχρηται,
2553 4515 2844 4569 αὐθεντίαν
2873 4513 2968 4568 καὶ
2992 4513 3247 4584 βούλησιν
3297 4511 3543 4582 Πατέρος
3567 4507 3780 4580 μηνύων.

549 4588 660 4641 noli
693 4593 1022 4647 necessitate
1080 4595 1377 4664 impulsum
1435 4598 1742 4667 suspicari;
1799 4600 1895 4655 sed
1934 4613 2120 4673 Sponte

2237 4608 2412 4662 Ἐκὼν
2431 4609 2489 4661 δὲ
2516 4609 2576 4661 τὸ
2607 4609 2779 4672 πάθος
2823 4609 3149 4679 ὑπομείνας,
3201 4609 3381 4677 σιωπῇ
3442 4605 3596 4676 φέρει
3644 4601 3784 4672 νόμον

545 4690 602 4734 et
632 4681 803 4736 libere
835 4683 893 4736 id
925 4683 1123 4740 fecisse
1150 4688 1350 4756 cogita.
1384 4687 1519 4742 Nam
1559 4701 1613 4744 et
1643 4690 1847 4748 Paulus
1881 4694 1997 4765 ipse
2031 4712 2120 4751 ea-

2224 4701 2358 4770 ήμῖν
2384 4699 2667 4770 ὑπομονῆς
2728 4699 2925 4754 ἑαυτὸν
2954 4698 3349 4770 παρεχόμενος.
3375 4697 3451 4750 Οὐ
3477 4697 3781 4761 δυσανασχε-

547 4772 671 4827 dem
696 4788 827 4827 voce
851 4775 1014 4846 603
1045 4793 1179 4834 usus
1209 4788 1318 4844 est,
1356 4790 1416 4834 ut
1441 4779 1620 4838 Patris
1653 4786 2040 4842 auctoritatem
2075 4796 2120 4844 et

2223 4792 2333 4844 τῶν
2371 4792 2503 4864 γὰρ,
2537 4792 2674 4846 ἀλλὰ
2713 4791 2924 4864 χαίρων
2942 4790 3164 4861 ἐντολὴν
3198 4789 3444 4860 ἐπλήρου
3468 4789 3567 4859 τὴν
3607 4800 3780 4854 πατρι-

550 4866 841 4921 consilium
883 4869 1242 4937 signiﬁcaret.
1279 4870 1509 4937 Deinde,
1555 4875 1703 4942 quod
1750 4888 1946 4945 sponte
1982 4895 2129 4933 mor-
2225 4883 2353 4955 κήν.

548 4969 655 5015 tem
698 4960 887 5025 subiit,
937 4959 1106 5029 legem
1147 4977 1205 5016 se
1237 4965 1396 5020 nobis
1431 4965 1574 5022 ferre
1605 4968 1880 5038 patientiae
1918 4971 2118 5029 tacitus
2152 4972 2418 5031 indicavit
2451 4977 2514 5042 ’;
2553 4975 2646 5047 qui
2680 4975 2864 5032 Patris
2894 4975 3212 5030 tnandatum
3279 4987 3386 5028 non
3421 4971 3632 5043 iniquo,
3700 4964 3779 5022 sed

545 5057 712 5109 alacri
747 5055 930 5108 animo
966 5055 1286 5126 adimplevit
1317 5057 1358 5113 ³.

620 5148 769 5204 Alias
803 5149 968 5202 etiam
1003 5165 1105 5202 non
1135 5149 1404 5215 aperiebat
1445 5166 1502 5204 os
1532 5167 1710 5216 suum,
1751 5168 1868 5206 cum
1898 5164 2032 5208 esset
2066 5154 2120 5210 in

2297 5155 2408 5210 Kal
2435 5156 2632 5220 ἄλλως,
2668 5155 2790 5208 Οὐκ
2810 5151 3038 5220 ἀνοίγει
3067 5149 3134 5204 τὸ
3167 5147 3364 5217 στόμα
3379 5147 3461 5212 ὡς
3483 5155 3506 5183 ι
3528 5143 3596 5198 ἐν
3621 5139 3779 5211 καιρῷ

547 5241 865 5312 aﬂh’ctione;
893 5241 1049 5311 juxta
1091 5241 1223 5296 illud
1261 5258 1276 5296 :
1319 5260 1338 5293 ι
1375 5241 1622 5298 Prudens
1651 5245 1703 5298 in
1741 5253 1987 5316 tempore
2029 5249 2120 5303 illo

2228 5248 2542 5315 κακώσεως
2562 5264 2577 5278 ο
2604 5266 2623 5299 ι
2653 5245 2821 5319 [κατὰ
2847 5242 2935 5316 τὸ]
2960 5243 3020 5297 '0
3050 5241 3247 5296 συνιὼν
3275 5241 3331 5293 ὲν
3351 5239 3429 5310 τῷ
3459 5237 3629 5307 καιρῷ
3655 5232 3777 5288 ὲκείο

547 5334 770 5396 tacebit,
798 5335 925 5406 quia
956 5341 1173 5405 tempus
1196 5334 1398 5388 malum
1439 5343 1524 5391 est
1549 5334 1591 5392 ⁸.
1630 5354 1649 5389 ι
1696 5336 1758 5393 Et
1790 5358 1804 5394 :
1847 5359 1866 5392 ι
1913 5339 2120 5410 Oppro-

2232 5359 2308 5413 νῳ
2336 5342 2692 5410 σιωπήσεται,
2721 5339 2806 5392 ὅτι
2827 5333 3064 5406 ὁκαιρὸς
3112 5331 3352 5403 πονηρός
3396 5331 3561 5384 ἐστιν.
3592 5346 3610 5381 ι
3640 5324 3774 5399 ΙΚσῖΙ

543 5514 553 5521 .
635 5473 684 5506 ⁹¹
710 5474 924 5530 Coloss.
955 5490 1015 5538 ιι,
1050 5474 1106 5530 5.
1207 5475 1254 5508 ’⁸
1284 5473 1391 5530 lsa.
1428 5491 1515 5538 ιν,
1547 5477 1637 5536 l2.
1738 5482 1784 5516 ”
1813 5483 1948 5539 ibid.
1976 5485 2062 5538 1'5.

547 5539 598 5575 9⁸³
628 5544 806 5585 ΙίηΙιριι
864 5561 898 5585 ιι
954 5545 1039 5585 IL
1119 5545 1164 5578 θ’
1211 5543 1345 5585 Imm
1394 5563 1407 5585 ι
1455 5547 1542 5585 '90
1669 5551 1846 5585 ίιηιιη
1905 5571 1960 5585 η.
2011 5555 2076 5585 In

2251 5485 2356 5538 lsa.
2396 5498 2510 5546 xw,
2542 5481 2635 5538 23.
2744 5479 2790 5512 ’⁸
2822 5476 2992 5531 Exod.
3046 5490 3136 5537 xx,
3169 5471 3256 5526 l9.
3353 5468 3626 5550 "Qoloss.
3672 5455 3773 5527 v.3.

2223 5555 2243 5585 ι
2273 5554 2311 5585 ιι
2343 5554 2452 5585 μη..
2505 5569 2534 5585 ι.
2589 5551 2648 5585 οι
2787 5550 2808 5581 ι
2833 5548 2987 5585 ιῐηιοι
3060 5560 3113 5585 ιι.
3160 5542 3242 5585 Hi
3346 5533 3402 5574 ⁸⁸⁸
3425 5537 3617 5585 tolles.
3648 5550 3694 5585 ν.
3723 5531 3771 5585 2.

547 5539 598 5575 ’λ
628 5544 826 5612 Ephes.
864 5561 918 5600 ιι,
954 5537 1043 5598 lt.
1119 5545 1164 5578 θ’
1210 5543 1370 5602 Joan.
1393 5563 1432 5615 ι,
1455 5537 1563 5603 '29.
1669 5551 1871 5608 ‘Joan.
1900 5537 2099 5619 ιιι,16.

546 5613 572 5644 ⁵
612 5613 776 5668 Amos
800 5630 850 5677 ν,
876 5615 961 5669 15.

2223 5555 2243 5586 ι
2271 5537 2313 5608 ιι
2343 5554 2471 5611 Cor.
2501 5537 2558 5618 'v,
2589 5537 2679 5607 at.
2787 5548 3013 5604 'Galat.
3060 5560 3117 5610 ιι,
3160 5542 3242 5598 ιδ.
3346 5537 3402 5574 υτ
3424 5537 3617 5608 εριιοε.
3648 5550 3694 5598 ν,
3723 5537 3771 5587 2.

1738 5482 1784 5516 ”
1813 5483 1948 5539 ibid.
1976 5485 2062 5538 15.

1669 5551 1871 5608 ‘Joan.
1904 5571 1986 5619 ιιι,
2011 5555 2099 5610 16.

2163 5483 2210 5520 ’⁸
2251 5485 2356 5538 lsa.
2396 5498 2510 5546 xw,
2542 5481 2635 5538 23.

2223 5555 2243 5586 ¹
2271 5554 2313 5608 ll
2343 5554 2471 5611 Cor.
2505 5569 2558 5618 ν,
2589 5551 2679 5607 ει.

1855 5710 2091 5766 γΑῐιιιΕ
2133 5708 2536 5767 LECTIONES.
2562 5791 2565 5794 ἠ

624 5805 653 5848 1
691 5814 778 5866 γρ.
813 5797 1127 5866 ἀπρόσιτος.
1209 5811 1228 5837 ι
1275 5819 1359 5871 ῃ).
1397 5799 1496 5858 ὦν.
