3998 6390
257 371 398 436 2525

1361 376 1568 437 COMM
1580 378 1893 440 ENTARII
1950 379 2033 441 ΙΝ
2064 441 2068 445 ,
2096 380 2380 440 ISAIAM.

3363 378 3506 450 2526

262 478 531 544 «Ὄνειδος
588 478 786 551 ἄφρονι
831 476 1038 546 ἔδωκάς
1092 500 1181 552 με.
1212 482 1567 557 Ἐκωιρώθην,
1596 488 1689 540 καὶ
1732 486 1831 541 οὐκ

1946 490 2118 543 brium
2158 488 2435 558 insipienti
2482 486 2682 543 dedisti
2712 501 2799 543 me
2826 487 2866 541 ⁸.
2893 518 2963 527 -
3003 485 3285 555 Obmutui,
3311 499 3365 544 et
3396 508 3505 547 non

254 573 437 643 ἧνοιξα
459 572 520 625 τὸ
538 572 714 639 στόμα
743 590 868 641 μου.
891 593 911 627 ι
953 574 1217 646 Ἀληθοῦς
1255 576 1461 641 πάθους
1480 591 1504 617 ιι
1538 578 1644 649 ἄρα
1682 575 1749 650 ἦν
1775 582 1832 634 ὲν

254 661 476 733 Χριστῷ
502 662 648 715 κατά
675 663 738 715 τὸ
768 662 1128 733 ἀνθρώπινον.
1163 663 1312 716 Ἀντὶ
1339 664 1395 718 δὲ
1424 664 1540 730 τοῦ,
1581 666 1686 718 Καὶ
1719 668 1829 717 αὺ-

254 754 357 819 req
379 752 475 805 διὰ
496 752 559 805 τὸ
590 750 970 808 κεκακῶσθαι
1007 756 1120 807 οὐκ
1170 754 1396 825 ἀνοίγει
1454 754 1522 808 τὸ
1548 757 1778 824 στόμα,
1805 756 1834 810 6

254 844 551 915 Σύμμαχος
566 860 719 915 φησιο
737 844 1152 915 Προσηνέχθη,
1173 845 1270 899 καὶ
1291 846 1475 911 αὐτὸς
1492 844 1831 915 ὑπήκουσε.

254 938 374 990 Τίνι
396 936 454 990 δὲ
476 934 891 1005 προσηνέχθτῄ
936 935 1053 990 ἀλλ’
1087 936 1221 1008 ἢτῷ
1250 938 1505 1009 Πιλάτῳ;
1563 938 1740 1009 ἐσίγα
1777 937 1835 991 δὲ

252 1028 895 1101 ψευδομαρτυρούμενος.
931 1028 1233 1085 Ἠπίστατο
1260 1030 1369 1102 γὰρ
1399 1031 1705 1101 ἀνήσουσαν
1733 1030 1833 1100 μὲν

252 1119 406 1172 οὐδὲν
460 1119 561 1199 τὴν
602 1117 899 1186 ἀπολογίαν
932 1115 1089 1188 (παρ’
1142 1116 1356 1189 ἐχθροῖς
1408 1116 1520 1187 γὰρ
1562 1114 1830 1186 ἐκρίνετο)

254 1211 393 1281 πρὸς
448 1209 619 1280 θυμὸν
670 1208 728 1263 δὲ
782 1210 983 1273 αὐτοὺς
1052 1208 1409 1278 ὕφάπτουσαν
1474 1207 1830 1278 ἀγριώτερον,

252 1301 384 1355 Υίδν
434 1300 625 1355 ἑαυτὸν
683 1296 821 1355 εῖναι
867 1300 1119 1370 λέγοντος
1168 1299 1264 1353 τοῦ
1325 1298 1483 1365 Θεοῦ,
1517 1296 1748 1368 Σωτῆρα
1772 1313 1835 1350 τε

251 1391 475 1444 πάντων
503 1390 596 1443 καὶ
636 1389 942 1460 λυτρωτὴν.
984 1388 1131 1460 Πλὴν
1172 1388 1273 1442 οὐκ
1309 1387 1719 1458 ἀπροφάσιστον
1741 1385 1837 1438 αύ-

251 1484 367 1545 τοῖς
421 1481 521 1551 τὴν
567 1480 845 1551 ἁμαρτίαν
895 1480 1176 1551 εποίησεν,
1233 1477 1505 1549 ὁρκίζοντι
1537 1476 1637 1545 μὲν
1664 1475 1837 1529 εἰπὼν

248 1572 330 1642 τῷ
348 1574 571 1643 Καῖὰφᾳ
585 1572 665 1626 16'
688 1590 707 1624 t
720 1570 953 1643 Ἀπάρτι
976 1569 1172 1642 ὄψεσθε
1189 1570 1282 1623 τὸν
1294 1569 1420 1623 Υίὺν
1430 1568 1525 1621 τοῦ
1543 1566 1835 1641 ἀνθρώπου

250 1662 564 1732 καθήμενον
594 1665 657 1716 ὲκ
682 1661 871 1726 δεξιῶν
899 1663 998 1730 τῆς
1025 1660 1328 1731 δυνάμεως·
1345 1679 1363 1712 ι
1385 1659 1478 1713 καὶ
1505 1659 1585 1712 τοο
1617 1678 1636 1735 ι
1658 1658 1730 1711 Σὺ
1756 1654 1835 1712 εῖ-

248 1773 377 1820 πας,
407 1775 425 1808 ι
466 1754 636 1809 εἰπὼν
664 1754 881 1826 Πιλάτῳ
924 1753 1317 1823 πυνθανομένῳ
1348 1754 1395 1805 εί
1428 1751 1684 1823 βασιλεύς
1717 1752 1835 1805 ἐστι

1934 583 2122 651 aperui
2145 597 2208 635 os
2243 596 2419 635 meum
2445 582 2489 634 ".
2521 599 2537 632 ι
2580 578 2717 634 Vera
2755 580 2921 650 igitur
2946 580 3000 633 iu
3034 579 3278 644 Christo,
3309 595 3506 635 secun-

1933 672 2063 727 dum
2096 670 2454 725 humanitatis
2500 670 2792 733 rationem,
2820 668 3009 739 passio
3038 669 3269 723 exstitit.
3304 670 3503 723 Verum

1934 777 2046 832 quo
2076 763 2221 825 loco,
2255 759 2325 813 Et
2359 760 2465 829 ipse
2487 768 2698 827 propter
2715 759 3045 829 aﬂiictionem
3079 774 3182 811 non
3210 759 3415 826 aperuit
3449 774 3505 812 os

1933 871 2110 920 suum,
2161 853 2414 923 legimus,
2443 853 2513 907 ita
2558 850 2971 923 Symmachus:
3014 850 3271 904 Admotus
3316 860 3412 915 est,
3457 861 3508 905 et

1934 945 2044 1013 ipse
2076 944 2281 1014 paruit.
2329 940 2434 997 Sed
2484 940 2575 995 cui
2604 940 2876 1005 admotus,
2907 939 3009 994 nisi
3057 939 3275 994 Pilato?
3317 938 3509 992 Tacuit

1934 1033 2152 1098 deinde,
2190 1048 2314 1088 cum
2353 1032 2489 1087 l'alsa
2526 1032 2583 1086 in
2624 1047 2749 1086 eum
2780 1030 3094 1086 testimonia
3142 1029 3511 1100 produceren-

1935 1131 2049 1178 tur.
2080 1122 2302 1177 Sciebat
2339 1120 2512 1187 enim,
2542 1135 2667 1175 cum
2706 1118 2852 1189 apud
2881 1119 3068 1174 hostes
3110 1125 3386 1187 ageretur,
3420 1118 3508 1172 ni-

1935 1215 2013 1270 hil
2044 1230 2169 1271 esse
2214 1212 2567 1284 profuturam
2601 1211 2977 1268 defensionem
3008 1229 3023 1278 ;
3053 1209 3145 1265 sed
3176 1211 3241 1266 iis
3278 1208 3511 1264 ferocio-

1934 1324 2025 1365 res
2057 1308 2268 1362 animos
2309 1304 2649 1368 eﬂ'ecturam,
2684 1320 2806 1360 eum
2849 1319 2907 1359 se
2938 1302 3030 1359 Dei
3062 1301 3283 1369 Filium,
3314 1300 3511 1355 Salva-

1938 1410 2223 1470 toremque
2273 1397 2519 1454 omnium
2558 1406 2613 1452 et
2662 1396 3064 1465 redemptorem
3108 1408 3232 1451 esse
3280 1392 3509 1447 diceret.

1935 1491 2125 1562 Neque
2148 1502 2329 1544 tamen
2362 1490 2521 1559 culpa
2553 1497 2607 1542 et
2639 1478 3069 1557 reprehensione
3123 1499 3314 1540 carere
3347 1498 3510 1539 suum

1937 1586 2073 1655 ipsis
2100 1594 2385 1654 peccatum
2430 1581 2623 1647 voluit,
2667 1594 2791 1634 cum
2826 1577 3105 1648 adjuranti
3135 1576 3382 1646 Caiphae,
3418 1574 3513 1627 Fi-

1936 1681 2069 1735 lium
2094 1677 2335 1734 hominis
2356 1676 2617 1746 deinceps
2648 1675 2713 1728 ad
2737 1674 3020 1728 dexteram
3053 1671 3240 1725 virtuti
3262 1669 3514 1725 assiden-

1940 1780 2048 1827 tem
2079 1785 2201 1825 esse
2245 1769 2549 1824 intuituros
2576 1768 2598 1799 ⁸
2624 1784 2639 1835 ;
2671 1782 2794 1821 cum
2823 1764 3069 1836 poscenti
3110 1763 3309 1827 Pilato,
3340 1761 3386 1816 si
3413 1775 3511 1814 rex

246 1852 608 1923 τοῦξΊσραήλ.
637 1851 727 1905 Διὸ
757 1851 1066 1922 συμμανεὶς
1091 1849 1278 1913 αὐτοῖς
1306 1848 1652 1918 μαστιγῶσαι
1686 1862 1830 1919 παρ-

1946 1869 2081 1918 εεεοι
2115 1862 2355 1928 lsraelis,
2375 1874 2497 1916 eum
2522 1859 2729 1915 dixisse
2763 1855 3082 1928 respondit'
3109 1872 3123 1910 :
3154 1854 3297 1908 unde
3335 1860 3420 1907 est
3442 1853 3514 1904 ab

248 1944 476 1998 ἔδωκεν.
507 1943 670 1997 Ὅθεν
703 1944 1034 2015 ἐπήνεγκεν,
1082 1941 1176 2008 Ὠς
1200 1942 1503 2010 πρόϐατον
1548 1940 1644 1994 ἐπὶ
1679 1953 1835 2009 σφα-

248 2031 368 2101 γὴν
404 2031 585 2101 ἤχθη,
620 2032 718 2085 καὶ
757 2032 837 2098 ὠς
874 2032 1064 2101 ἀμνὸς
1091 2031 1374 2084 ἐναντίον
1406 2030 1513 2084 τοῦ
1533 2029 1838 2099 κείροντος

246 2123 439 2177 αὐτὸν
459 2122 719 2192 ἄφωνος.
746 2124 885 2194 Σιγᾷ
912 2124 1041 2194 γὰρ,
1072 2122 1198 2190 κᾶν,
1218 2121 1295 2182 ὡς
1323 2123 1490 2188 εἰκὸς,
1548 2123 1694 2193 λύπη
1731 2139 1839 2176 πα-

249 2214 582 2286 ραψαύουσα
626 2214 736 2270 τῶν
789 2215 1079 2286 δερμάτων
1114 2215 1148 2285 ἡ
1212 2214 1481 2286 μάχαιρα.
1540 2213 1697 2268 Οῦτω
1748 2214 1840 2268 καὶ

248 2307 491 2376 Χριστὸς
512 2304 921 2377 λοιδορούμενος
941 2306 1043 2360 οὐκ
1069 2306 1451 2377 ἀντελοιδόρει.
1483 2306 1717 2378 Πάσχων
1738 2307 1840 2360 ούκ

248 2398 493 2468 ἠπείλειο
522 2398 818 2469 παρεδίδου
852 2398 908 2451 δὲ
932 2398 1011 2470 τῷ
1032 2400 1302 2467 κρίνοντι
1330 2399 1575 2462 δικαίως.
1609 2398 1838 2469 Ἀληθὲς

249 2486 346 2544 οὖν
368 2490 481 2561 ἄρα
509 2489 590 2543 τό·
622 2489 816 2560 Ἐντῇ
843 2491 1201 2545 ταπεινώσει
1234 2492 1274 2561 ἠ
1303 2492 1505 2560 κρίσις
1526 2491 1713 2546 αὐτοῦ
1731 2488 1838 2561 ἦρ-

249 2597 370 2636 ται.
410 2581 502 2646 Ὠς
521 2583 644 2635 κατ’
688 2581 945 2646 εὐτελοῦς
1004 2583 1114 2655 γὰρ
1163 2583 1470 2655 προχείρως
1508 2584 1609 2654 τὴν
1659 2582 1839 2653 ψῆφον

251 2674 582 2746 ἐξήνεγκαν.
611 2675 726 2743 Τὴν
758 2670 854 2729 οὖν
890 2676 1213 2745 παράνομον
1260 2676 1356 2729 καὶ
1397 2676 1584 2730 ἄδικον
1636 2676 1842 2744 κρίσιν

253 2766 342 2820 ἐπ’
373 2767 544 2822 αὐτοῦ
576 2766 877 2838 γενομένην
895 2767 1064 2839 δηλοῖ.
1094 2768 1155 2820 El
1181 2767 1239 2820 δὲ
1268 2768 1364 2821 καὶ
1393 2766 1703 2833 ταπεινῶς,
1732 2784 1840 2837 φη-

254 2858 367 2918 σὶν,
398 2856 693 2925 ἐκρίνετο,
723 2855 859 2920 Θεὸς
900 2856 1045 2910 κατά
1106 2855 1275 2927 φύσιν
1331 2856 1647 2928 ἐτύγχανεν.
1677 2857 1842 2910 Ὅθεν

254 2945 497 3012 ἐπάγειο
535 2946 655 3013 Τὴν
698 2944 916 3015 γενεὰν
941 2947 1132 3001 αὑτοῦ
1175 2948 1269 3013 τίς
1321 2947 1698 3018 διηγήσεται;
1723 2949 1842 3018 Ἐφ’

255 3038 535 3109 ἑκατέρας
561 3037 618 3091 δὲ
643 3037 986 3108 γεννήσεως
1002 3040 1065 3092 τὸ
1081 3040 1287 3111 ἄπορον
1305 3041 1509 3110 ὁμοίως
1535 3041 1843 3097 ἀκολουθεῖ.

254 3128 392 3192 Πῶς
422 3130 525 3201 μὲν
550 3128 568 3169 1
595 3129 750 3197 Θεὸς,
764 3130 884 3196 πῶς
905 3131 963 3184 δὲ
990 3132 1265 3203 Παρθένος
1319 3131 1522 3203 γεννᾷ.
1578 3134 1847 3189 Τοσοῦτον

254 3220 374 3293 γὰρ
423 3193 590 3292 μόνον
642 3193 985 3294 ἐγνώκαμεν.
1018 3193 1101 3294 Ili}
1136 3193 1257 3294 μὲν,
1316 3193 1398 3278 ῦτι
1420 3193 1554 3290 Θεὸς
1582 3228 1648 3280 ὲκ
1682 3226 1842 3293 Θεοῦ,
1871 3193 1914 3250 C

256 3315 383 3385 φῶς
407 3316 474 3369 ὲκ
491 3316 690 3386 φωτός·
716 3315 792 3387 πὴ
812 3316 891 3380 δὲ,
912 3317 994 3370 ὅτι
1016 3334 1035 3368 t
1062 3315 1286 3389 Πνεῦμα
1309 3316 1465 3387 ἅγιον
1492 3319 1848 3374 ἐπελεύσεται

258 3405 361 3460 ἐπί
386 3421 471 3468 σε,
506 3405 602 3458 καὶ
627 3406 859 3477 δύναμις
890 3425 912 3460 ι
961 3406 1221 3477 Ὑψίστου
1250 3408 1569 3462 ἐπισκιάσει
1595 3427 1701 3465 σοι.

1938 1954 2031 2010 illo
2066 1953 2284 2008 furente
2314 1967 2441 2007 cum
2496 1949 2711 2005 caeteris
2742 1949 2796 2003 in
2828 1948 3056 2003 verbera
3092 1944 3350 1999 traditus.
3373 1941 3515 1995 Hine
3610 1954 3613 1957 ·

1936 2045 2102 2116 igitur
2137 2044 2230 2097 llla
2260 2050 2411 2106 sunt,
2434 2041 2657 2112 quibus.
2690 2040 2826 2094 sicut
2857 2053 3003 2093 ovem
3027 2038 3097 2090 ad
3115 2036 3511 2097 mactationem,

1937 2136 2153 2190 ductum
2181 2151 2294 2189 esse
2314 2175 2330 2198 ,
2361 2143 2410 2188 et
2441 2134 2579 2188 sicut
2609 2147 2805 2201 agnum
2841 2145 3022 2183 coram
3057 2126 3300 2182 tondente
3324 2124 3513 2179 obmu-

1940 2228 2124 2292 tuisse,
2145 2224 2418 2295 adiunxit.
2478 2221 2718 2277 Utenim
2753 2220 2866 2282 ille,
2900 2232 3026 2271 cum
3073 2223 3257 2272 cutem
3297 2214 3515 2285 gladius

1940 2333 2051 2373 non
2085 2317 2205 2371 sine
2242 2314 2432 2369 dolore
2473 2310 2717 2382 attingit,
2758 2319 2941 2362 tacere
2985 2305 3309 2373 consuevit;
3340 2304 3423 2358 sic
3461 2309 3518 2357 et

1939 2409 2196 2465 Christus
2230 2408 2373 2476 ipse,
2404 2418 2527 2459 cum
2559 2402 2777 2472 probris
2799 2400 3127 2463 aliiceretur,
3148 2396 3297 2451 nulla
3324 2401 3515 2452 contra

1938 2501 2283 2571 reponebat;
2327 2497 2487 2561 nihil,
2523 2509 2648 2549 cum
2699 2500 2982 2562 pateretur
3029 2489 3365 2552 minabatur,
3417 2484 3514 2540 sed

1933 2594 2084 2665 juste
2110 2590 2351 2661 judicari
2379 2602 2439 2643 se
2466 2585 2815 2656 permittebat
2841 2584 2908 2637 ι’,
2936 2582 3033 2638 Est
3061 2596 3215 2651 ergo,
3253 2577 3399 2648 quod
3427 2591 3517 2631 se-

1940 2686 2151 2757 quitur,
2198 2682 2251 2735 in
2295 2678 2598 2733 humilitate
2630 2676 2744 2745 ejus
2784 2675 3056 2729 sublatum
3090 2688 3203 2726 esse
3229 2668 3519 2740 judicium,

1942 2773 2313 2831 verissimum.
2349 2766 2578 2822 Temere
2619 2763 2895 2833 siquidem
2943 2762 3001 2815 in
3039 2775 3202 2824 eum,
3255 2766 3517 2825 tanquam

1944 2871 1999 2939 in
2042 2867 2267 2933 abiecta:
2306 2858 2640 2916 conditionis
2668 2858 2933 2927 aliquem,
2960 2854 3067 2908 lata
3102 2860 3189 2907 est
3222 2849 3519 2906 sententia:

1946 2958 2089 3015 unde
2131 2962 2325 3026 praeter
2370 2954 2460 3022 jus
2505 2959 2561 3005 et
2582 2964 2800 3019 aequum
2848 2946 3054 3001 factum
3101 2958 3226 2999 esse
3252 2940 3522 3010 judicium

1947 3049 2239 3119 signiﬁcat.
2279 3040 2645 3111 Quantumvis
2672 3046 2855 3093 autem
2879 3035 3177 3097 humiliter,
3211 3032 3411 3101 inquit,
3428 3029 3524 3097 ju-

1948 3142 2216 3196 dicaretur
2239 3177 2254 3201 ,
2286 3138 2429 3191 Deus
2454 3143 2639 3188 tamen
2673 3146 2795 3187 esse
2841 3138 3039 3185 natura
3071 3141 3179 3180 non
3214 3123 3522 3179 desinebat.

1949 3232 2105 3289 Unde
2139 3230 2398 3298 deinceps
2420 3227 2536 3296 quis
2576 3222 2696 3289 eius
2724 3220 3114 3292 generationem
3141 3222 3273 3269 esset
3300 3227 3523 3298 enarra-

1941 3332 2092 3376 turus
2115 3315 2280 3390 605.
2304 3297 2625 3386 postulavit.
2656 3308 2930 3363 Convenit
2948 3320 3077 3360 vero
3102 3319 3169 3359 ex
3203 3314 3361 3370 aequo
3385 3297 3526 3353 utri-

1936 3426 2045 3481 que
2086 3388 2417 3480 generationi
2475 3400 2769 3456 dubitatio.
2817 3396 3047 3452 General
3080 3392 3225 3449 enim
3282 3388 3527 3458 quodam

256 3508 431 3570 pacto
467 3498 615 3553 Deus
639 3499 758 3568 ipse
797 3518 811 3555 :
854 3509 1069 3571 generat
1110 3508 1165 3555 et
1199 3501 1375 3570 virgo.
1405 3500 1516 3556 lloc
1543 3502 1690 3556 enim
1721 3510 1932 3555 tantum
1962 3480 2255 3556 novimus:
2286 3497 2483 3569 partim
2500 3492 2723 3562 quidem
2745 3490 2916 3545 Deum
2982 3486 3051 3541 de
3108 3483 3242 3549 Deo,
3304 3480 3524 3535 lumen-

257 3608 374 3663 que
397 3592 469 3648 de
501 3592 708 3648 lumine
742 3596 1053 3663 exsistere;
1100 3598 1303 3666 partim
1345 3606 1529 3652 autem
1575 3597 1843 3669 Spiritum
1882 3606 2138 3654 sanctum
2172 3597 2226 3649 in
2252 3593 2521 3664 virginem
2553 3602 2677 3646 sese
2706 3583 3017 3649 demisisse,
3076 3591 3310 3648 eamque
3362 3571 3532 3629 Altis-

260 3684 396 3741 simi
435 3684 694 3740 virtutem
720 3683 1086 3742 obumbrasse
1116 3686 1182 3741 “.

337 3782 457 3852 Ἐφ’
484 3781 748 3852 ἑκατέρου
781 3780 839 3835 δὲ
860 3782 944 3848 τὸ,
988 3780 1328 3851 ήγέννησις
1350 3796 1369 3846 ;
1389 3781 1739 3851 ἀδιήγητον
1769 3781 1851 3836 ὅτι

256 3875 495 3947 uiperea
550 3872 674 3927 ἀπὸ
727 3870 840 3941 τῆς
891 3871 1205 3943 ῇςήζωὴ
1266 3874 1475 3928 αὑτοῦ.
1514 3874 1852 3927 Τοῦτνεστιν

258 3960 582 4031 ὑψηλότερα
609 3959 720 4013 τῶν
745 3962 841 4013 ἐπὶ
866 3961 1025 4032 γῆςή
1057 3961 1324 4030 πολιτεία,
1362 3965 1456 4018 καὶ
1484 3964 1514 4016 6
1538 3963 1680 4018 κατά
1715 3963 1852 4035 σάρ-

260 4071 336 4107 κα
363 4052 481 4123 βίος
514 4051 697 4108 αὑτοῦ.
728 4054 905 4117 Μόνος
949 4054 1059 4125 γὰρ
1090 4054 1367 4125 ἁμαρτίαν
1422 4055 1523 4109 ούκ
1573 4055 1850 4127 ἐποίησεν.

263 4145 378 4198 Καὶ
402 4143 582 4207 ἄλλως
608 4142 687 4205 δὲ,
723 4141 863 4214 ὑπὲρ
895 4143 1005 4197 πᾶν
1024 4145 1258 4215 γενητὸν
1283 4147 1316 4216 ή
1341 4144 1578 4215 ῦπαρξίς
1609 4147 1727 4200 ἐστι
1756 4147 1852 4201 τοῦ

262 4233 631 4304 Μονογενοῦς.
672 4235 730 4288 '0
757 4234 816 4287 δὲ
862 4235 1158 4306 Σύμμαχος
1178 4237 1472 4301 ἐξέδωκεν·
1523 4238 1852 4309 Ἀπετμήθη

265 4330 379 4400 τὰρ
400 4330 471 4383 ἐκ
499 4328 611 4397 γῆς
626 4328 877 4395 ζώντων,
908 4328 1008 4382 καὶ
1034 4329 1131 4384 διὰ
1158 4329 1274 4399 τὴν
1296 4331 1541 4386 ἀδικίαν
1565 4334 1672 4388 τοῦ
1698 4332 1855 4388 ¹λαοῦ

262 4440 386 4493 μου
409 4422 617 4491 πληγὴ
651 4422 877 4488 αὐτοῖς.
908 4421 967 4476 '0
996 4423 1052 4475 δὲ
1081 4422 1379 4477 Θεοδοτίων
1402 4443 1416 4456 ·
1446 4425 1569 4479 Ὅτι
1598 4425 1857 4495 ἀπετμή-

268 4518 343 4581 θη
368 4512 493 4568 ἀπὸ
522 4510 635 4583 τῆς
665 4512 916 4577 ζώντων,
974 4513 1092 4568 ἀπὸ
1132 4514 1381 4581 ἀθεσίας
1435 4516 1544 4570 τοῦ
1566 4518 1719 4572 λαοῦ
1734 4534 1855 4587 μου

270 4605 477 4674 ἥψατο
509 4604 727 4659 αὐτῶν.
779 4603 998 4658 Μᾶλλον
1046 4604 1156 4675 γὰρ
1202 4606 1382 4660 αὐτῶν
1414 4606 1722 4677 καθήψατο,
1758 4606 1854 4661 καὶ

270 4696 459 4767 πληγὴ
492 4697 674 4758 αὐτοῖς
697 4696 929 4767 μεγίστη
953 4696 1176 4766 γέγονεν
1204 4698 1233 4750 6
1280 4698 1443 4752 αὑτοῦ
1480 4697 1729 4764 θάνατος.
1761 4700 1805 4755 Τ
1812 4719 1857 4754 ι-

272 4789 364 4852 νὲς
392 4788 450 4842 δὲ
476 4787 559 4850 τὸ,
586 4787 812 4856 αἴρεται
841 4788 962 4843 ἀπὸ
994 4787 1105 4856 τῆς
1134 4788 1269 4857 γῆς,
1305 4789 1439 4857 φασὶ
1466 4789 1567 4862 τὴν
1595 4790 1733 4862 μετὰ
1754 4791 1854 4862 τὴν

273 4880 575 4935 ἀνάστασιν
603 4878 768 4933 αὑτοῦ
821 4880 981 4947 δόξαν
1020 4880 1251 4951 δηλοῦν·
1280 4881 1468 4953 θεῖκὴν
1530 4885 1640 4954 γὰρ
1694 4883 1852 4951 ἀξίαν

275 4974 311 5044 ἡ
369 4972 483 5025 τῶν
546 4972 1013 5043 οίκονομηθέντων
1083 4972 1331 5037 ὑπέδειξε
1406 4976 1573 5044 πεῖρα
1613 5015 1630 5041 ,
1684 4977 1850 5032 αὐτοῦ

2026 3775 2082 3830 in
2113 3780 2350 3840 utroque
2370 3774 2554 3823 autem
2583 3765 2630 3820 si
2646 3760 3000 3835 generationis
3024 3757 3218 3811 modus
3230 3762 3530 3825 quaeratur,

1959 3869 2084 3923 ideo
2106 3866 2354 3921 enarrari
2382 3878 2485 3916 non
2523 3858 2732 3930 possit,
2766 3852 2917 3925 quod
2960 3850 3171 3905 tollitur
3193 3866 3225 3901 a
3263 3856 3403 3901 terra
3424 3847 3531 3899 vita

1952 3962 2101 4033 ejus;
2125 3959 2179 4013 id
2206 3966 2314 4023 est,
2355 3953 2500 4027 quod
2522 3964 2738 4015 eorum,
2766 3946 2859 4018 qui
2890 3945 2945 4000 in
2977 3953 3125 3998 terra
3158 3940 3385 4010 degunt,
3412 3939 3533 4008 ipsa

1952 4055 2074 4126 ejus
2118 4052 2189 4107 sit
2235 4050 2291 4103 in
2330 4060 2495 4102 carne
2534 4041 2649 4097 vita
2681 4041 2842 4109 longe
2886 4035 3192 4100 excelsior,
3232 4033 3325 4102 qui
3378 4033 3533 4085 solus

1953 4123 2238 4219 peccatum
2281 4154 2389 4194 non
2419 4132 2689 4201 iadmisit.
2726 4128 3054 4197 Quanquam
3091 4135 3145 4178 et
3178 4123 3314 4177 alias
3365 4136 3531 4188 supra

1955 4212 2117 4296 omne
2142 4233 2291 4306 quod
2328 4238 2517 4285 natum
2561 4235 2643 4281 est
2675 4224 2794 4293 ipsa
2832 4216 3115 4289 Unigeniti
3157 4214 3233 4269 sit
3262 4212 3528 4268 essentia.

1954 4331 2025 4387 At
2070 4301 2585 4390 ita—interpretatus
2638 4321 2725 4367 est
2785 4305 3200 4380 Symmachus:
3251 4301 3533 4354 Abscissus

1938 4430 2034 4479 ,εει
2065 4419 2204 4474 enim
2236 4415 2299 4468 de
2333 4421 2475 4465 terra
2505 4404 2832 4464 viventium;
2865 4410 2913 4453 et
2948 4404 3163 4466 propter
3198 4393 3534 4461 iniquitatem

1956 4512 2135 4585 populi
2175 4508 2278 4562 mei
2302 4504 2461 4569 plaga
2510 4499 2606 4553 eis.
2651 4489 2961 4549 Theodotio
2998 4495 3179 4542 autent
3216 4502 3229 4538 :
3266 4484 3534 4585 Quoniam

1959 4577 2226 4659 abscissus
2246 4605 2323 4652 est
2346 4595 2411 4649 de
2438 4600 2580 4646 terra
2608 4589 2867 4648 vivorum,
2899 4580 2963 4635 ab
2988 4577 3347 4633 inconstantia
3370 4590 3536 4643 popu-

1963 4697 2001 4752 li
2026 4695 2127 4749 mei
2163 4690 2329 4761 tetigit
2360 4702 2468 4742 eos.
2512 4683 2670 4752 ipsos
2693 4680 2840 4733 enim
2868 4673 3217 4745 potissimum
3249 4668 3452 4761 attigit,
3479 4673 3537 4718 et

1964 4790 2018 4843 in
2066 4755 2280 4855 plagam
2319 4777 2400 4832 eis
2450 4772 2745 4829 maximam
2797 4781 2947 4821 mors
2978 4763 3100 4833 ejus
3142 4760 3298 4817 abiit.
3328 4755 3538 4811 Volunt

1965 4851 2214 4933 nonnulli
2243 4867 2427 4924 verbis
2454 4864 2598 4926 istis,
2626 4859 2832 4915 tollitur
2852 4874 2883 4910 a
2903 4865 3067 4917 terra,
3098 4851 3242 4917 ejus,
3274 4864 3395 4918 qua:
3414 4853 3539 4917 post

1966 4965 2430 5025 resurrecdonem
2505 4958 2691 5013 futura
2738 4961 2861 5017 est,
2930 4947 3162 5021 gloriam
3209 4939 3536 5013 signiﬁcari.

281 5036 382 5132 μὲν
411 5060 678 5116 θανάτου
728 5036 1202 5131 ῦποόαλλομένου,
1239 5036 1460 5118 πάντων
1498 5036 1555 5117 δὲ
1603 5036 1685 5129 είς
1745 5067 1843 5136 ἀφ-

1962 5059 2211 5114 Divinam
2272 5053 2421 5110 enim
2496 5050 2673 5120 ipsius
2759 5043 2987 5115 gloriam
3077 5036 3214 5092 satis
3301 5046 3535 5093 eorum,

279 5149 511 5220 θαρσίαν
544 5148 709 5203 αὐτοῦ
743 5150 926 5220 χάριτι
995 5148 1468 5219 ξωοποιουμένων,
1526 5150 1620 5204 καὶ
1675 5151 1856 5206 πίστει

278 5240 682 5312 λυτρουμένων.
742 5241 907 5295 Ἀλλά
958 5240 1079 5306 πῶς
1127 5243 1157 5295 6
1215 5241 1290 5313 μὴ
1360 5240 1518 5306 εἰδὼς
1584 5243 1856 5314 ἁμαρτίαν

281 5332 387 5386 ὑπὸ
428 5333 596 5404 ψήφῳ
632 5334 870 5404 κατέστη
925 5333 1263 5403 duratur};
1313 5336 1480 5405 φησὶν
1536 5337 1566 5389 6
1622 5335 1851 5406 Πατήρο

1963 5167 2086 5224 qua:
2127 5150 2196 5204 ab
2225 5162 2293 5203 eo
2330 5153 2481 5215 gesta
2524 5148 2675 5203 sunt,
2731 5132 3072 5207 experientia
3111 5126 3376 5200 patuisse,
3410 5136 3539 5177 cum

1962 5245 2079 5315 ipse
2123 5238 2346 5311 quidem
2385 5243 2603 5290 mortem
2649 5228 2917 5291 subierit;
2966 5238 3067 5278 nos
3112 5228 3295 5273 autem
3330 5228 3539 5315 omnes

1961 5305 2155 5408 ipsius
2168 5330 2525 5401 benignitate,
2550 5319 2991 5381 immortalivitze
3049 5309 3286 5368 restituti
3321 5305 3536 5406 ﬁdeque

287 5394 597 5478 hero-rd);-
655 5394 921 5494 ἁνομιών
987 5426 1097 5481 τοῦ
1167 5394 1339 5482 λαοῦ.
1373 5394 1495 5497 ξιον
1562 5428 1721 5498 ἤχθη
1763 5394 1843 5497 En

1956 5394 2225 5496 redempti
2267 5394 2483 5478 sumus.
2518 5418 2587 5472 At
2624 5415 2770 5471 enim
2807 5410 2901 5482 qui
2935 5407 3141 5462 factum
3198 5410 3304 5498 est,
3328 5404 3408 5498 ἰιι
3438 5394 3536 5498 qui

290 5512 571 5578 θάνατον,
596 5514 732 5585 ηὸτι
752 5516 895 5586 ὑπὲρ
923 5516 1028 5569 τῶν
1055 5520 1299 5588 ἀνομιῶν
1326 5519 1514 5586 αὑτοῦ,
1534 5520 1664 5591 ῆὸτι
1683 5537 1843 5592 παρα

1956 5486 2242 5589 peccatum
2277 5530 2385 5569 non
2418 5511 2739 5572 admiserat,
2790 5501 2977 5556 mortis
3011 5500 3127 5568 ipse
3165 5490 3380 5549 calculo
3404 5486 3538 5543 sub-

297 5706 335 5755 t.
360 5694 455 5751 35.

359 5625 559 5697 {Aluos
608 5645 662 5687 v.
690 5627 781 5684 20.
855 5628 874 5658 "
898 5625 1043 5683 Psal.
1070 5646 1296 5697 xxxvm,
1325 5633 1410 5688 l0.
1485 5632 1508 5665 ⁸
1535 5630 1725 5687 Matth.
1756 5647 1905 5697 uti,
1925 5630 2119 5697 63,64.
2192 5631 2214 5662 ’
2241 5627 2374 5683 Luc.
2406 5639 2562 5690 χχιιι,
2591 5620 2646 5676 5.
2724 5618 2767 5649 ¹⁰
2796 5613 2816 5669 1
2846 5612 2994 5671 Petr.
3029 5625 3090 5676 tt,
3118 5607 3209 5665 25.
3311 5603 3351 5635 ³⁸
3394 5599 3536 5656 Luco

1590 5764 1823 5822 VARle
1858 5762 2263 5823 LECTIONES.

354 5848 384 5880 α
428 5854 517 5909 γρ.
557 5835 755 5909 ἀληθὲς
795 5835 984 5901 πάθος.
1064 5837 1088 5876 b
1130 5840 1185 5890 .i.
1233 5839 1359 5908 γάρ.
