3940 6536
491 435 631 500 2527

1792 435 2150 498 PROCOPII
2184 435 2434 498 GAZJEI

3630 434 3752 499 2528

489 548 739 622 iaceret?
767 547 1087 622 Respondet
1133 548 1316 615 Pater,
1347 549 1413 604 ab
1476 549 1848 622 iniquitatibus
1889 552 2067 623 populi

2175 551 2468 623 νομοῦντες
2489 549 2655 605 αὐτὸν
2676 548 3032 604 ἀπέκτειναν.
3058 549 3206 604 Ἀντὶ
3227 549 3284 604 δὲ
3311 548 3613 614 τοῦ,δώσω
3630 553 3750 621 τοὺς

493 641 578 695 sui
608 639 829 693 ductum
859 655 973 694 esse
999 638 1067 692 ad
1095 648 1357 706 mortem;
1387 657 1607 713 nempe,
1652 643 1735 697 vel
1771 643 1920 714 quod
1949 643 2069 713 ejus

494 732 818 802 iniquitates
839 732 1111 800 expiavit;
1146 732 1230 788 vel
1261 733 1407 804 quod
1439 742 1525 789 est
1554 735 1624 790 ab
1655 735 1777 802 ipso
1804 735 2070 790 scelerate

492 823 878 892 interemptus.
926 823 1031 880 Sed
1077 839 1188 894 quo
1233 824 1355 879 loco
1394 824 1532 879 dabo
1567 827 1736 880 malos
1780 827 2069 889 habemus,

491 915 641 968 dabit
687 915 876 984 impios
927 917 1328 987 interpretatus
1377 925 1463 972 est
1506 917 1894 989 Symmachus.
1937 920 2072 985 Quis

493 1023 659 1077 porro
706 1009 955 1072 daturus,
1000 1010 1108 1064 nisi
1148 1011 1240 1080 qui
1289 1010 1672 1066 universorum
1709 1009 1880 1080 judex
1937 1011 2072 1067 est?

491 1100 602 1156 Eos
633 1101 835 1157 deinde
857 1102 1144 1173 intelligit,
1165 1102 1282 1171 qui,
1325 1118 1446 1172 quae
1467 1102 1617 1157 dicta
1646 1110 1802 1168 sunt,
1831 1103 2072 1159 admise-

490 1202 639 1249 runt.
665 1193 804 1250 Nam
847 1202 905 1250 et
939 1193 1328 1266 Romanisipsi
1371 1195 1558 1249 traditi
1608 1204 1760 1252 sunt.
1797 1195 2070 1251 Praeterea

487 1285 678 1342 divites
710 1286 879 1354 olim;
913 1285 969 1342 id
998 1293 1106 1352 est,
1141 1288 1522 1357 prterogativis
1550 1289 1871 1357 superiores
1905 1296 2072 1342 caete-

487 1379 586 1444 ris,
618 1393 678 1435 se
712 1395 808 1449 pro
835 1389 1001 1434 morte
1020 1380 1136 1449 ejus
1168 1380 1504 1434 traditurum
1535 1379 1844 1451 signiﬁcat;
1877 1381 2072 1435 horum

486 1470 710 1526 nomine
755 1485 852 1526 eos
902 1471 1237 1541 intelligens,
1275 1472 1368 1541 qui
1416 1472 1600 1541 legali,
1629 1479 1685 1525 ct
1719 1471 2071 1538 sacerdotali,

483 1561 646 1632 605
690 1564 944 1632 regiaque
997 1563 1164 1618 etiam
1196 1563 1467 1633 dignitate
1496 1564 1746 1619 illustres
1792 1563 2072 1619 habeban-

484 1663 593 1706 tur.
621 1653 714 1707 lsti
746 1654 1016 1724 siquidem
1058 1662 1256 1724 praeter
1289 1653 1586 1709 admissam
1626 1655 1854 1723 caedem,
1897 1670 2062 1724 pecu-

483 1741 593 1796 niis
620 1741 786 1796 etiam
823 1757 933 1798 non
963 1754 1331 1812 pepercerunt
1365 1741 1559 1813 utejus
1591 1744 2058 1798 resurrectionem

481 1833 848 1898 occultarent,
865 1833 1008 1888 unde
1025 1842 1079 1888 et
1096 1835 1282 1888 divites
1301 1848 1396 1888 eos
1413 1833 1706 1903 appellavit
1722 1851 1737 1890 :
1761 1833 1846 1888 vel
1864 1833 2054 1899 etiam,

2166 641 2494 711 πονηροὺς,
2521 644 2549 695 ὁ
2582 641 2914 714 Σύμμαχος,
2950 643 3047 696 καὶ
3075 642 3258 696 δώσει
3311 642 3459 708 τοὺς
3506 643 3746 712 ἀσεϐεῖς,

2167 731 2322 804 φησι.
2371 731 2467 795 Τίς
2496 732 2553 785 δὲ
2585 731 2786 796 δώσει,
2808 732 2842 800 ἢ
2874 732 2902 784 ὁ
2944 731 3054 785 τῶν
3103 731 3240 785 ὅλων
3275 732 3512 802 κριτής;
3541 733 3677 801 λέγει
3697 734 3744 786 δὲ

2165 828 2294 888 τοὺς
2317 825 2385 879 τὰ
2414 825 2682 897 εἰρημένα
2744 826 3103 895 ποιήσαντας.
3144 824 3445 894 Ῥωμαίοις
3481 827 3589 895 γὰρ
3626 843 3747 895 παρ.

2171 916 2459 986 εδόθησαν.
2514 917 2626 971 Καὶ
2673 917 2803 980 τοὺς
2856 916 3031 970 παλαι
3078 916 3136 969 δὲ
3182 916 3552 983 πλουσίους,
3584 919 3642 968 ὲν
3678 913 3748 979 οἷς

2169 1010 2558 1065 ἐπλεονέκτουν
2591 1011 2999 1082 προτερήμασι,
3037 1007 3384 1080 παραδώσειν
3440 1010 3605 1078 φησιν
3631 1009 3749 1063 ἀντί

2168 1101 2277 1156 τοῦ
2313 1099 2581 1155 θανάτου
2608 1099 2820 1155 αὑτοῦ.
2870 1099 3038 1167 Λέγει
3065 1100 3124 1154 δὲ
3150 1101 3276 1165 τοὺς
3304 1101 3362 1153 ὲν
3388 1097 3592 1170 γνώσει
3618 1118 3755 1170 νομιι

2168 1195 2263 1264 κῇ,
2297 1191 2394 1246 καὶ
2421 1192 2696 1264 ίερατικῇ,
2741 1193 2836 1246 καὶ
2889 1191 3144 1264 βασιλικῇ
3169 1193 3576 1266 τετιμημένους
3604 1194 3754 1263 ἀξία·

2169 1274 2320 1336 οὗτοι
2356 1282 2466 1354 γὰρ
2513 1282 2655 1354 πρὸς
2687 1280 2765 1354 τῷ
2798 1283 3150 1349 ἀποκτεῖναι,
3183 1286 3280 1338 καὶ
3324 1283 3571 1355 ἀργύρια
3601 1285 3759 1338 δεδώ-

2170 1391 2332 1431 κασιν
2363 1373 2552 1442 ἱκανὰ,
2583 1375 2792 1446 κρύψαι
2816 1375 3132 1446 βουλόμενοι
3152 1378 3250 1448 τὴν
3277 1377 3604 1431 ἀνάστασιν.
3650 1376 3755 1430 Καὶ

2171 1464 2318 1521 κατά
2346 1463 2507 1518 τοῦτο
2534 1461 2630 1518 οὖν
2662 1465 3007 1534 πλουσίους
3049 1466 3248 1529 αὐτοὺς
3280 1465 3474 1520 καλεῖ·
3507 1469 3541 1537 ἢ
3571 1470 3665 1521 καὶ
3691 1468 3763 1531 ὼς

2169 1553 2569 1628 φιλαργύρους.
2597 1556 2957 1610 Ἀπέκτειναν
3012 1557 3122 1627 γὰρ
3171 1557 3434 1623 Ἰησοῦν,
3469 1558 3538 1612 ἵν’
3593 1559 3763 1630 ἔχοιεν

2171 1650 2422 1706 πλουτεῖν
2447 1653 2514 1705 ὲκ
2533 1650 2627 1705 τοῦ
2657 1650 2737 1722 μὴ
2767 1650 2980 1720 κρίνειν
3000 1649 3200 1720 ὀρθῶς.
3235 1650 3375 1721 Περὶ
3401 1645 3478 1704 ὧν
3527 1651 3716 1719 ἔλεγεν
3736 1655 3764 1707 ὁ

2167 1744 2485 1814 προφήτης·
2517 1762 2535 1794 ι
2575 1741 2840 1796 Κοινωνοὶ
2879 1741 3149 1806 κλεπτῶν,
3183 1741 3507 1812 ἀγαπῶντες
3569 1744 3754 1816 δῶρα,

2162 1835 2448 1899 διώκοντες
2476 1834 2850 1904 ἀνταπόδομα.
2892 1850 2913 1884 ι

481 1941 542 1988 ιιι
574 1927 826 2000 pecuniis
851 1926 1064 1982 inhiare
1085 1929 1507 1982 demonstraret.
1528 1922 1715 1980 Jesum
1747 1925 1892 1979 enim
1924 1924 2345 1993 interemerunt,
2379 1937 2439 1982 ut
2474 1941 2642 1997 prave
2694 1923 3000 1995 judicando
3034 1924 3375 1982 ditescerent
3413 1945 3429 1982 :
3467 1927 3524 1982 in
3563 1943 3765 1999 eosque

479 2025 574 2081 illa
600 2029 751 2086 sunt,
773 2019 974 2090 quibus
1025 2035 1149 2075 esse
1181 2018 1365 2075 furum
1391 2020 1598 2086 socios,
1620 2020 1876 2090 donaque
1899 2019 2148 2090 diligere,
2190 2030 2246 2078 et
2276 2023 2583 2078 mercedem
2626 2021 2827 2076 sectari
2864 2020 3132 2091 propheta
3159 2020 3296 2091 ipsis
3315 2023 3680 2093 exprobravit
3699 2028 3740 2060 ι·

555 2117 885 2188 Cogitabam
900 2122 1190 2185 praeterea,
1214 2116 1261 2170 si
1283 2125 1532 2170 cessaret
1551 2115 1606 2170 in
1633 2116 1752 2186 lege
1782 2115 2074 2180 cultus,iis
2104 2123 2148 2179 Β

479 2225 608 2266 esse
646 2209 758 2266 sibi
798 2207 1101 2264 carendum
1156 2207 1440 2289 primitiis,
1467 2209 1670 2276 quibus
1716 2208 2064 2264 fruebantur.

478 2302 720 2372 Indeque
746 2316 845 2357 eos
869 2301 1137 2356 conviciis
1167 2300 1472 2358 insectatus
1509 2310 1596 2355 est
1625 2299 1900 2366 Christus,
1922 2300 2068 2370 quod

479 2395 784 2461 mentitam,
814 2401 871 2448 et
918 2392 1205 2457 anethum,
1258 2400 1312 2447 et
1365 2393 1651 2447 cuminum
1704 2392 2066 2461 decimarent,

476 2501 602 2556 qua:
639 2495 822 2542 autem
862 2493 1048 2541 essent
1077 2487 1130 2540 in
1156 2487 1272 2554 lege
1292 2484 1878 2556 graviora,judicium,
1903 2487 2070 2541 mise-

475 2578 796 2644 ricordiam,
813 2577 970 2632 [idem
990 2577 1312 2632 omitterent
1331 2577 1394 2630 ¹³.
1424 2576 1502 2631 Eo
1525 2586 1704 2630 autem
1731 2575 2068 2631 condemnao

477 2665 646 2719 tionis
689 2680 879 2720 eorum
917 2665 1234 2735 aequitatem
1285 2665 1570 2734 praecipue
1595 2665 2063 2735 signiticat,quod

476 2759 810 2828 iniquitatem
858 2774 986 2814 eum
1024 2774 1131 2812 non
1165 2758 1357 2827 fecisse
1408 2759 1680 2828 adjungit.
1708 2756 1866 2814 Juste
1918 2758 2065 2814 enim

475 2856 922 2909 roridetnnantnr
948 2835 1268 2924 quijustnm
1299 2853 1505 2924 injuste
1535 2868 1736 2909 necare
1773 2853 1894 2908 ausi
1915 2860 2064 2908 sunt.

475 2946 572 3003 Est
602 2962 731 3002 vero
761 2947 922 3003 testis
963 2945 1070 3002 [ide
1125 2946 1329 3016 dignus
1373 2947 1532 3001 Pater
1569 2946 1707 3016 ipse,
1747 2946 1842 3014 qui
1869 2945 2066 3000 Filium

474 3045 701 3108 peccato
735 3053 928 3092 carere
949 3038 1206 3093 asseruit
1233 3039 1302 3092 “.
1336 3035 1495 3094 Unde
1526 3037 1775 3107 improbe
1807 3025 2066 3092 mentitos

472 3145 600 3186 esse
653 3139 902 3201 apparet,
937 3131 1032 3200 qui
1066 3145 1196 3185 eum
1251 3131 1510 3200 populum
1549 3131 1852 3197 concitare,
1881 3131 2065 3186 Caesa-

473 3221 648 3292 rique_
665 3231 853 3277 vetare
899 3222 1172 3277 tributum
1223 3222 1561 3291 persolvere,
1583 3223 1679 3293 qui
1715 3237 1775 3278 se
1801 3222 2062 3292 denique,
2097 3281 2099 3283 ,

473 3316 582 3370 nisi
613 3314 938 3370 mal'el‘actor
963 3325 1133 3378 esset,
1169 3313 1345 3368 Pilato
1383 3329 1495 3368 non
1544 3313 1718 3369 fuisse
1761 3313 2064 3370 tradituros

472 3407 729 3463 dicebant
757 3408 821 3460 ".
849 3404 925 3460 Ita
944 3405 1091 3460 enim
1122 3419 1183 3459 re
1229 3413 1285 3460 et
1328 3404 1495 3460 verbo
1534 3405 1693 3474 culpa
1729 3418 1953 3460 vacasse
1982 3413 2064 3460 te-

2261 2117 2540 2171 Ἐνενόουν
2570 2115 2629 2170 δὲ
2682 2116 2778 2169 καὶ
2828 2115 2913 2169 ὅτι
2965 2116 3329 2186 παυσαμένης
3380 2117 3479 2188 τῆς
3528 2120 3590 2171 ὲν
3617 2120 3764 2190 νόμῳ

2171 2209 2451 2280 λατρείας,
2482 2209 2578 2279 οὐχ
2615 2207 2797 2272 ἕξουσι
2821 2207 2922 2270 τὰς
2959 2207 3102 2260 κατά
3146 2206 3313 2278 νόμον
3344 2214 3764 2281 προσαγομένας

2170 2302 2354 2364 αὐτοῖς
2370 2298 2647 2370 ἀπαρχὰς,
2664 2297 2863 2361 οὒςκαὶ
2875 2296 3191 2362 ὲταλάνιζεν
3215 2297 3412 2367 λέγων,
3442 2301 3529 2354 ὅτι
3562 2318 3582 2353 ι
3606 2303 3765 2357 Ἀποι

2165 2391 2457 2446 δεκατοῦτε
2494 2391 2556 2445 τὸ
2586 2389 2858 2460 ἡδύοσμον
2914 2392 3009 2444 καὶ
3037 2389 3099 2442 τὸ
3139 2391 3361 2463 ἄνηθον,
3389 2393 3488 2446 καὶ
3513 2396 3578 2447 τὸ
3605 2395 3764 2466 κύμι-

2168 2501 2281 2548 νον,
2308 2483 2417 2538 καὶ
2450 2485 2705 2552 ἀφήκατε
2731 2482 2802 2536 τὰ
2842 2480 3120 2553 βαρύτερα
3159 2483 3257 2536 τοῦ
3285 2484 3481 2554 νόμου,
3506 2485 3610 2558 τὴν
3647 2490 3764 2559 χρι-

2169 2595 2276 2640 σιν,
2306 2575 2402 2630 καὶ
2429 2576 2492 2628 τὸ
2519 2574 2688 2640 ἕλεος,
2723 2574 2818 2626 καὶ
2845 2573 2945 2642 τὴν
2977 2571 3215 2628 πίστιν.)
3235 2574 3310 2628 Τὸ
3340 2575 3397 2628 δὲ
3422 2575 3637 2630 δίκαιον
3669 2579 3765 2647 τῆς

2167 2668 2353 2723 αὐτῶν
2405 2667 2558 2736 δηλοῖ
2616 2666 3002 2737 κατακρίσεως
3063 2667 3150 2734 τὸ,
3207 2667 3292 2721 ὅτι
3335 2667 3601 2738 ἀνομίαν
3656 2673 3764 2726 οὐκ

2166 2763 2482 2829 ἐποίησεν,
2515 2759 2882 2831 ἐπαγόμενον.
2921 2757 3148 2822 ’Λδίκως
3173 2758 3282 2827 γάρ
3309 2759 3761 2825 ἀποκτείναντες,

2165 2854 2392 2918 δικαίως
2440 2853 2598 2906 αὐτοὶ⁸
2645 2851 3097 2921 κατακέκρινται.
3141 2850 3486 2916 ’Δξιύπιστος
3513 2852 3577 2906 δὲ
3625 2853 3759 2925 μάρ-

2164 2965 2261 3012 τυς
2287 2949 2315 3001 ὁ
2345 2945 2958 3018 Πατήρ,ἀναμάρτητον
2984 2943 3158 2998 είπὼν
3180 2944 3273 2997 τὸν
3298 2943 3451 2999 Υίὸν.
3480 2945 3761 3016 Κατεψεύ-

2167 3057 2327 3095 σαντο
2359 3039 2469 3112 ἄρα
2513 3039 2644 3092 ποτὲ
2675 3038 2775 3109 μὲν
2801 3037 3073 3106 λέγοντες,
3117 3036 3198 3090 ὄτι
3235 3054 3256 3088 ι
3291 3030 3466 3100 Οὗτος
3519 3037 3761 3092 ἀνασείει

2162 3135 2256 3188 τὸν
2284 3134 2433 3198 λαὸν,
2466 3134 2560 3187 καὶ
2578 3131 2780 3186 κωλύει
2805 3131 3052 3202 Καίσαρι
3074 3130 3540 3203 διδόνατφόρους,
3582 3149 3602 3184 ι
3637 3133 3760 3185 ποτὲ

2160 3224 2272 3278 δέοι
2298 3224 2444 3295 Εἰμὴ
2479 3218 2549 3295 ἦν
2573 3217 2726 3287 οὗτος
2757 3221 3095 3288 κακοποιῶν,
3111 3223 3214 3276 οὐκ
3241 3223 3306 3278 ἄν
3327 3239 3410 3276 σοι
3437 3223 3761 3293 παρεδώκα-

2165 3331 2268 3386 μεν
2313 3315 2498 3370 αύτόν.
2532 3332 2551 3367 ι
2594 3315 2652 3368 '0
2685 3314 2796 3384 γὰρ
2831 3314 3024 3388 Πατὴρ
3070 3313 3217 3368 οὕτω
3263 3313 3326 3368 τὸ
3374 3315 3759 3386 ἀναμάρτητον

2167 3407 2315 3478 ἔργῳ
2343 3420 2403 3458 τε
2445 3403 2544 3459 καὶ
2570 3404 2728 3475 λόγῳ
2746 3404 3197 3476 μεμαρτύρηκεν.
3227 3402 3403 3458 Τοῦτο
3431 3404 3494 3457 δὲ
3521 3404 3672 3458 κατά
3702 3405 3759 3458 τὸ

473 3500 743 3556 Stillcatus
775 3507 860 3554 est
891 3497 1052 3553 Pater
1081 3497 1263 3568 :quod
1291 3507 1377 3551 est
1401 3497 1471 3551 ad
1494 3497 1852 3552 humanitatis
1876 3498 2050 3552 ratio-

2169 3497 2524 3570 ἀνθρώπινον.
2572 3498 2638 3551 Ἡ
2677 3499 2786 3568 γὰρ
2829 3496 2952 3551 θεία
2997 3496 3161 3564 φύσις
3190 3497 3341 3550 ἐστὶν
3365 3497 3752 3560 ἀναλλοίωτος.

474 3607 596 3647 nem
638 3590 1011 3658 referendum,
1043 3605 1168 3646 cum
1196 3589 1554 3644 mutationem
1591 3588 1685 3645 Dei
1722 3598 1920 3645 natura
1942 3605 2057 3646 non

472 3684 734 3755 patiatur,
764 3699 940 3755 neque
981 3685 1266 3738 hominum
1315 3685 1635 3754 quisquam,
1667 3698 1735 3739 eo
1765 3698 1874 3739 uno
1894 3699 2057 3740 exce-

474 3786 586 3845 pto,
617 3776 877 3831 sordibus
923 3784 1129 3830 careat.
1164 3775 1393 3830 Mortem
1422 3777 1588 3847 igitur
1622 3777 1738 3847 ipse
1766 3792 1864 3847 pro
1897 3778 2057 3833 nobis

473 3867 703 3931 subivit,
747 3875 807 3921 nt
836 3867 1128 3922 'nmndum
1191 3871 1432 3938 peccatis
1481 3873 1765 3924 eximeret.
1804 3870 1963 3926 Unde
2003 3880 2059 3926 et

469 3973 589 4011 eum
616 3973 648 4010 a
669 3957 848 4027 plaga,
880 3957 932 4010 id
964 3967 1047 4012 est
1075 3959 1145 4012 ab
1173 3958 1321 4012 illata
1352 3968 1548 4023 morte,
1583 3959 1842 4014 mundare
1865 3961 2059 4016 decre—

469 4050 550 4102 vit
574 4047 778 4103 Pater:
824 4048 994 4118 quod,
1023 4051 1214 4104 eadem
1248 4065 1348 4119 per
1385 4049 1560 4120 ipsius
1592 4052 2058 4108 resurrectionem

471 4140 818 4206 conculcata,
853 4139 1060 4195 factum
1085 4148 1192 4195 est.
1225 4139 1429 4195 Volunt
1459 4150 1640 4198 autem
1688 4145 1963 4210 nonnulli,
1994 4159 2060 4200 eo

473 4229 617 4300 ipso,
657 4231 804 4301 quod
833 4230 956 4299 ejus
1001 4231 1224 4287 nomine
1276 4245 1474 4302 paenas
1505 4233 1578 4288 ab
1611 4233 1720 4290 illis
1749 4235 2062 4306 repuposcit

476 4325 659 4392 Pater,
687 4325 892 4396 injuste
935 4340 1160 4396 passum
1217 4341 1365 4390 esse,
1392 4337 1447 4382 et
1479 4343 1647 4398 aquae
1691 4327 2062 4386 damnationis

469 4434 596 4473 cum
653 4418 971 4490 suspicione
1029 4433 1222 4474 carere
1281 4419 1608 4487 signiﬁcari.
1636 4419 1848 4477 Putant
1893 4422 2059 4477 etiam

2175 3589 2506 3660 Ἀνθρὼπων
2571 3589 2640 3643 ’δὲ
2690 3589 2865 3652 οὐδεὶς
2922 3589 3067 3658 πλὴν
3123 3588 3294 3659 αὑτοῦ
3349 3589 3600 3659 καθαρὸς
3658 3589 3756 3642 ἀπὺ

2163 3681 2359 3753 ῥύπου.
2391 3680 2603 3736 Οὐκοῦν
2649 3681 2790 3752 ὑπὲρ
2815 3680 3072 3736 ἁπάντων
3120 3681 3281 3745 αὐτὸς
3327 3681 3636 3748 ἀπέθανεν,
3677 3682 3756 3735 ινα

2164 3775 2391 3848 περιέλῃ
2424 3775 2522 3847 τὴν
2547 3775 2824 3846 ἁμαρτίαν
2869 3774 2965 3828 τοῦ
2995 3775 3223 3845 κόσμου.
3264 3774 3356 3828 Διὸ
3403 3776 3505 3828 καὶ
3548 3776 3756 3846 ἔκρινεν

2161 3871 2192 3924 ὁ
2243 3867 2434 3939 Πατὴρ
2481 3865 2649 3922 αὐτοῦ
2702 3867 3024 3936 καθαρίσαι
3077 3868 3266 3923 αὑτὸν
3317 3865 3431 3937 τῆς
3479 3866 3754 3936 πλη-τῆς·

2162 3961 2310 4016 τοῦτ’
2347 3962 2466 4016 ἔστι
2499 3961 2596 4015 τοῦ
2637 3962 3024 4033 ἐπενεχθέντος
3068 3963 3220 4034 αὐτῷ
3250 3963 3486 4027 πάθους.
3534 3963 3754 4032 Ἀνέστη

2163 4055 2274 4124 γὰρ
2303 4053 2559 4125 πατήσας
2587 4053 2679 4107 τὸν
2724 4053 2974 4108 θάνατον.
3006 4055 3162 4118 Τινὲς
3183 4055 3240 4108 δέ
3267 4072 3450 4124 φασιν,
3483 4056 3570 4109 ὅτι
3590 4055 3656 4109 δι’
3683 4049 3754 4110 ὧν

2164 4148 2195 4201 ὁ
2226 4147 2419 4218 Πατὴρ
2451 4148 2706 4219 ἀπῄτησε
2734 4146 2894 4211 δίκας
2939 4147 3080 4219 ὑπὲρ
3122 4146 3314 4212 αὐτοῦ,
3342 4147 3405 4200 τὸ
3437 4147 3516 4217 μὴ
3539 4146 3753 4210 δικαίως

2166 4241 2329 4296 αὑτὸν
2372 4240 2703 4294 πεπονθέναι
2743 4240 3115 4312 παρέστησεν,
3165 4241 3262 4295 καὶ
3311 4240 3559 4311 καθαρὸν
3598 4239 3752 4293 αὐτον

2165 4337 2266 4406 τῆς
2294 4333 2391 4387 ἐπὶ
2414 4333 2601 4402 δικαίᾳ
2628 4334 2958 4406 κατακρίσει
2983 4334 3287 4405 πεποίηκεν
3313 4332 3573 4404 ὑποψίας.
3604 4333 3754 4394 Τινὲς

2166 4424 2224 4479 δὲ
2255 4424 2428 4490 οὕτως
2464 4426 2752 4498 εἰρήκασιν
2788 4441 2803 4456 ·
2837 4425 3050 4498 Ὠσπερ
3072 4427 3140 4481 τὰ
3171 4426 3305 4497 ἡμῖν
3336 4425 3753 4497 χρεωστούμενα

472 4511 586 4578 alii,
614 4528 724 4566 non
753 4512 915 4567 aliter
952 4527 1142 4582 quam,
1173 4513 1304 4568 dum
1337 4529 1459 4585 quae
1504 4515 1667 4570 nobis
1695 4515 2060 4584 debebantur,

2169 4518 2318 4590 πάθη
2343 4518 2507 4584 αὐτὸς
2538 4516 2935 4589 ἀναδεξάμενος
2969 4517 3290 4572 οἰκειώσατο
3310 4533 3328 4550 ο
3358 4517 3506 4572 οὕτω
3541 4519 3639 4571 καὶ
3661 4517 3752 4586 τήν

471 4613 744 4660 tormenta
781 4621 1078 4678 perpessus
1134 4616 1240 4670 est,
1272 4622 1335 4662 ea
1390 4606 1457 4660 ad
1512 4623 1570 4662 se
1621 4610 1868 4673 attraxit,
1901 4610 1981 4665 sic
2011 4619 2066 4664 et

2169 4616 2231 4666 ὲκ
2279 4615 2512 4677 πίστεως
2574 4612 2874 4684 γενομένην
2928 4614 3061 4684 ἡμῖν
3117 4612 3416 4681 κάθαρσιν
3460 4613 3628 4666 αὐτὸν
3676 4611 3752 4664 δε-

469 4711 614 4761 cam,
655 4710 778 4764 qua:
849 4695 1007 4751 nobis
1064 4711 1162 4767 per
1195 4696 1354 4751 iidem
1409 4697 1664 4761 accessit,
1695 4699 2063 4767 purgationem

2169 4707 2354 4778 δέχθαι
2393 4706 2579 4777 φησίν.
2633 4707 2777 4762 Ἐὰν
2804 4704 2954 4761 δῶτε
2980 4706 3115 4775 περὶ
3157 4707 3469 4776 ἁμαρτίας,
3512 4706 3553 4774 ἡ
3588 4703 3747 4774 ψυχὴ

471 4787 649 4856 ipsum
677 4787 980 4857 accepisse.
1000 4787 1266 4857 Sequitur
1289 4787 1489 4843 deinde
1519 4806 1534 4843 :
1569 4787 1632 4844 Si
1662 4788 1798 4843 detis
1821 4805 1916 4858 pro
1945 4807 2065 4858 pec-

2171 4799 2342 4868 ὑμῶν
2384 4798 2596 4867 ὄψεται
2625 4799 2867 4868 σπέρμα
2896 4801 3244 4870 μακρόϐιον.
3282 4800 3502 4870 Καίπερ
3531 4799 3590 4852 δὲ
3650 4815 3749 4850 τοι-

471 4889 610 4939 cato,
637 4879 819 4932 anima
864 4887 1039 4932 vestra
1089 4878 1282 4934 videbit
1316 4896 1492 4934 semen
1526 4879 1844 4950 lonngum.
1882 4882 2061 4950 Cujus

2169 4855 2306 4946 αύτα
2344 4855 2858 4964 πλημμελησάντίον
2896 4855 3074 4964 ύμῶν,
3119 4892 3217 4947 ὲάν
3259 4908 3344 4957 τις
3388 4855 3627 4964 ἐθελήσῃ
3662 4893 3745 4944 θν-

471 4969 637 5026 l'nerit
663 4971 750 5025 hic
773 4985 1006 5026 sensus:
1032 4969 1398 5036 Quantumvis
1420 4971 1524 5039 ipsi
1547 4971 1676 5025 talia
1703 4971 2058 5038 admiseritis,

2169 4985 2291 5040 σίαν
2335 4987 2649 5054 ἀνενεγκεῖν
2688 4985 2842 5053 ὑπὲρ
2879 4984 2991 5054 τῆς
3030 4987 3219 5041 αὑτοῦ
3266 4984 3582 5054 ἁμαρτίας,
3613 4982 3743 5037 τοῦτ’

470 5065 518 5119 si
547 5065 671 5134 quis
699 5072 879 5117 tamen
910 5079 1006 5132 pro
1029 5079 1126 5117 suo
1144 5073 1361 5132 peccato
1388 5063 1618 5119 hostiam
1641 5064 1839 5121 ol‘l‘erre
1869 5067 2059 5122 volue-

2169 5079 2282 5132 ἐστι
2322 5080 2604 5150 μετανοεῖν
2661 5078 2748 5147 ἐφ’
2799 5073 2883 5143 οἷς
2921 5079 3369 5150 ἐπλημμέλησεν,
3429 5077 3742 5147 ἐκφεύξεται

471 5156 566 5220 rit,
593 5155 758 5226 606
778 5153 832 5209 id
867 5163 974 5219 est,
1003 5169 1218 5219 eorum,
1239 5170 1360 5224 quae
1387 5156 1656 5225 peccavit,
1680 5159 2057 5228 paenitentiam

2169 5171 2248 5235 τὸ,
2280 5169 2460 5224 Δώσω
2489 5169 2633 5238 τοὺς
2657 5170 2965 5240 πονηροὺς
2988 5171 3124 5226 ἀντὶ
3169 5170 3280 5239 τῆς
3308 5169 3506 5240 ταφῆς
3543 5169 3740 5235 αὑτοῦ,

472 5263 635 5317 agere
676 5264 691 5313 ;
721 5247 854 5304 illud
889 5246 1131 5318 eﬂ'ugiet,
1166 5247 1312 5315 quod
1343 5264 1426 5302 me
1456 5248 1744 5305 sceleratos
1761 5266 1857 5318 pro
1879 5253 2056 5320 sepul-

2169 5263 2250 5318 ιαῑ
2302 5262 2447 5330 τοὺς
2491 5263 2830 5330 πλουσίους
2879 5262 3014 5320 ἀντὶ
3066 5263 3174 5316 τοῦ
3226 5261 3492 5317 θανάτου
3541 5259 3738 5316 αὐτοῦ.

475 5349 598 5391 mra
626 5347 676 5393 et
711 5337 901 5393 divites
922 5355 1020 5404 pro
1045 5347 1215 5392 morte
1244 5339 1411 5407 ipsius
1437 5341 1699 5395 daturum
1731 5343 2060 5398 intermina-

2169 5353 2258 5409 ‘(al
2289 5352 2501 5422 ὄψεται
2533 5353 2601 5407 τὸ
2621 5355 2958 5423 μακρόϐιον
2987 5353 3251 5424 σπέρμα,
3297 5354 3427 5425 περὶ
3460 5349 3527 5408 οὗ
3562 5354 3735 5421 ἔλεγεν

475 5438 566 5485 tus
599 5445 722 5485 sum
758 5447 1078 5503 ;semenque
1132 5430 1267 5485 illud
1298 5431 1590 5501 longaevum
1645 5435 1964 5500 intuebitur,
1993 5434 2063 5493 de

2169 5454 2211 5500 ιν
2246 5443 2588 5517 παραόολαῖς
2608 5460 2622 5477 ο
2667 5463 2688 5497 ι
2711 5445 2969 5516 Ἐξῆλθεν
3000 5447 3029 5500 ὁ
3055 5445 3298 5516 σπείρων
3318 5443 3416 5498 τοῦ
3468 5447 3729 5515 σπεῖραι.ι

483 5537 593 5592 quo
621 5521 675 5576 in
697 5523 980 5592 parabolis
1008 5537 1191 5580 sermo
1223 5531 1331 5590 est,
1371 5539 1497 5578 cum
1525 5525 1603 5579 ait
1654 5545 1668 5581 ε
1711 5546 1730 5579 ι
1773 5525 1952 5582 Exivit
1976 5544 2067 5584 se-

2169 5537 2468 5593 Καὶπάλιν
2491 5549 2509 5569 ο
2551 5555 2571 5588 ι
2594 5537 2792 5608 Ὁμοία
2823 5537 2974 5591 ἐστὶν
3005 5537 3040 5607 ή
3078 5537 3326 5607 βασιλεία
3362 5535 3474 5589 τῶν
3505 5532 3734 5606 οὐρανῶν

478 5614 696 5669 minans
729 5623 789 5668 ut
819 5617 1116 5670 seminaret
1139 5616 1223 5671 ⁸⁸⁵.
1258 5634 1276 5668 ι
1318 5615 1598 5671 Etiterum
1637 5635 1652 5671 :
1693 5636 1714 5670 ι
1762 5617 1951 5675 Simile
1973 5629 2060 5676 est

2169 5628 2438 5700 ἀνθρώπῳ
2507 5629 2794 5699 σπείροντι
2863 5625 3032 5680 καλὸν
3093 5627 3317 5697 σπέρμα
3386 5627 3443 5680 ὲν
3495 5626 3574 5697 τῷ
3633 5625 3730 5692 ἰδίῳ

477 5718 704 5774 regnum
749 5706 1015 5760 enatorum
1058 5706 1265 5761 homini
1298 5707 1588 5763 seminanti
1622 5724 1806 5764 semen
1859 5712 2062 5766 bonum

2169 5720 2345 5790 ἀγρῷ.
2403 5739 2424 5772 ι
2479 5721 2687 5788 Ἥγουν
2739 5720 2843 5791 τὴν
2894 5717 3112 5774 αἰώνιον
3177 5718 3323 5790 ζωὴν
3383 5717 3554 5783 οὕτως
3615 5716 3731 5771 ἑ.κὰ-

481 5797 686 5868 inagro
715 5815 816 5852 suo
849 5801 955 5853 ¹⁸⁹⁶.
995 5819 1014 5852 ι
1039 5797 1305 5855 Nimirum
1342 5801 1416 5856 ita
1441 5801 1657 5856 locutus
1675 5813 1780 5868 est,
1812 5816 1871 5858 ut
1894 5805 2056 5859 vitam

2169 5813 2309 5869 λεσε.

483 5900 742 5945 alternam
788 5891 1144 5960 signiﬁcaret.

535 5981 579 6011 “
609 5981 714 6036 lsa.
740 5981 886 6044 1.9.5.
941 5984 981 6016 ¹³
1009 5982 1480 6051 Matth.xxut,‘.’.5.
1544 5983 1754 6041 1".ioan.
1791 5987 2053 6054 “111,46.
2113 5990 2152 6021 ”
2183 5988 2514 6066 Joan.xvnt,
2544 5989 2632 6044 5t).
2696 5988 2972 6045 m‘Matth.
2997 6004 3113 6054 xm,
3138 5987 3188 6044 5.
3237 5982 3592 6042 ""ibid.24.
