3998 6390
217 241 358 309 εδω
1345 228 1891 307 COMMENTARII
1934 248 2014 310 IN
2039 250 2330 312 ISAIAM.
3360 255 3506 321 2530

285 357 430 426 Πρὸς
456 355 516 410 δέ
555 355 622 410 τὰ
661 355 787 428 ἔθνη
825 356 981 420 ’τινὲς
1028 354 1285 429 εἰρῆσθαι
1333 354 1495 409 τοῦτό
1530 372 1719 425 φασιν,
1745 355 1815 421 ὡς

1982 359 2077 415 .Ad
2110 370 2300 431 gentes
2324 369 2505 415 autem
2528 370 2582 418 et
2611 361 2717 418 ista
2752 360 2913 433 dirigi
2953 363 3174 433 quidam
3223 365 3499 423 arbitran-

216 450 466 505 Τοσαῦτα
492 451 757 514 παθόντος
784 450 926 520 ὑπὲρ
946 448 977 503 ύ
985 450 1125 520 μῶν,
1151 449 1251 502 ἐὰν
1271 449 1367 501 καί
1381 450 1544 518 ὑμεῖς
1566 449 1795 501 πιστεύ-

1919 466 1998 505 .ur
2032 467 2047 519 ;
2083 460 2145 505 ut
2172 467 2268 506 eos
2294 452 2484 517 etiam,
2507 468 2743 522 quorum
2778 453 3002 509 nomine
3019 464 3128 508 tam
3168 455 3338 509 multa
3371 472 3500 527 pas-

218 558 371 611 σητε,
396 539 495 603 τὰς
511 540 787 611 ἁμαρτίας
817 539 973 608 ὑμῶν
1003 537 1509 609 ἐξομολογούμενοι,
1542 537 1798 590 κοινωνοὶ

1919 556 1997 595 ius
2049 541 2142 608 sit,
2189 542 2235 597 si
2292 542 2651 607 crediderint,
2690 558 2902 615 suaque
2963 551 3188 613 peccata
3258 548 3499 605 confessi

213 632 325 686 τῶν
350 632 584 686 αἰωνίων
610 630 833 699 ἀγαθῶν
863 629 1295 702 καταστήσεσθε.
1326 628 1543 682 Δίδωσι
1572 626 1643 681 δὲ
1664 627 1799 695 περὶ

1919 630 2129 697 'uerint,
2162 633 2487 702 perennium
2539 634 2809 688 bonorum
2856 634 2970 690 lore
3025 636 3321 707 participes
3340 652 3493 695 asse-

212 723 505 791 ἀμαρτίας
540 723 674 787 πᾶς,
710 722 841 793 περὶ
868 714 929 773 οὒ
960 737 1127 790 φησιν
1157 735 1173 751 ο
1210 738 1230 771 ι
1254 719 1320 773 Et
1338 736 1422 782 τις
1450 718 1596 771 θέλει
1625 718 1802 772 ὀπίσω

1919 730 2015 776 rat.
2050 721 2156 775 Dat
2188 738 2307 776 vero
2336 739 2433 791 pro
2459 736 2675 791 peccato
2710 724 2965 793 quisquis
3003 724 3055 779 id
3088 736 3330 795 praestat,
3352 729 3496 798 quod

216 831 318 886 μου
349 813 548 877 ἐλθεῖν,
574 812 904 884 ἀρνησάσθω
931 812 1144 878 ἐαυτὸν,
1177 812 1274 865 καὶ
1296 810 1487 881 ἀράτω
1518 810 1609 863 τὸν
1641 825 1805 874 σταυ-

214 908 308 978 ρδν
338 904 528 969 αὑτοῦ,
558 904 654 959 καὶ
681 903 1045 959 ἀκολουθείτω
1074 911 1184 974 ’μοι
1208 918 1227 935 ο
1259 922 1279 955 ι
1317 904 1470 955 ποῖον
1499 911 1522 942 ο
1551 897 1623 973 ἦν
1658 903 1687 955 ὁ
1715 901 1807 954 λέ-

212 1016 345 1067 γων,
380 1016 401 1049 ι
445 998 664 1070 Χριστῷ
678 997 1158 1068 συνεσταύρωμαι,
1183 995 1260 1060 ζῶ
1281 995 1338 1049 δέ
1360 995 1543 1049 ούκέτι
1573 993 1703 1062 ἐγώ.
1729 995 1805 1065 Ζῇ

209 1092 266 1144 δὲ
291 1092 353 1143 ἐν
375 1090 501 1159 ἐμοὶ
526 1089 796 1159 Χριστός-ς
822 1089 925 1143 »ού
951 1088 1192 1153 τοιοῦτος
1215 1088 1271 1142 δὲ
1287 1089 1315 1141 ὁ
1334 1088 1567 1157 ἀγαπῶν
1594 1087 1807 1159 πατέρα

212 1182 244 1251 ἢ
282 1181 500 1252 μητέρα
537 1181 679 1249 ὑπὲρ
706 1181 890 1235 αὐτόν.
921 1181 1061 1251 Φησὶ
1080 1182 1209 1252 γὰρ,
1229 1180 1308 1243 ὡς
1338 1198 1358 1232 ι
1388 1181 1501 1234 Οὐκ
1530 1179 1679 1233 ἔστιν
1706 1197 1810 1250 μου

211 1271 383 1337 ἄξιος.
426 1289 446 1321 ι
499 1271 574 1325 Τὸ
594 1266 689 1324 οὖν
723 1270 1012 1340 ἀγαπῆσαι
1050 1270 1287 1342 Χριστὸν
1314 1269 1375 1335 ἐξ
1414 1270 1544 1340 ὃλης
1585 1270 1813 1340 καρδίας

210 1361 305 1415 καὶ
333 1362 539 1432 ψυχῆς,
590 1361 651 1414 τὸ
677 1361 890 1416 δοῦναί
937 1362 1071 1415 ἐστι
1119 1360 1253 1430 περὶ
1283 1363 1590 1431 ἁμαρτίας.
1649 1362 1813 1426 Τινὲς

210 1452 350 1505 δὲτὸ
382 1453 548 1522 ῥητὸν
572 1450 746 1515 οὕτως
776 1451 1068 1522 ἐκθέμενοι
1093 1467 1109 1483 ·
1148 1450 1291 1506 Ἐὰν
1317 1450 1393 1518 θῇ
1433 1452 1566 1519 περὶ
1603 1455 1811 1519 πλημ-

206 1545 479 1615 μελείας,
514 1543 691 1613 ψυχὴ
721 1543 911 1598 αὐτοῦ
958 1543 1170 1612 ὄψεται
1215 1543 1459 1613 σπέρμα
1513 1545 1811 1612 μηκὺνον,

226 1638 469 1708 Ἡμέρα,
513 1638 845 1708 ἐπήνεγκαν,
880 1636 914 1707 ἡ
942 1635 1081 1707 μετά
1115 1635 1175 1688 τὸ
1197 1636 1371 1699 πάθος
1390 1675 1404 1700 ,
1442 1635 1761 1689 παιδοποιία
1784 1633 1814 1674 ἀ

1902 815 2041 871 dicit
2085 832 2099 871 :
2147 833 2166 867 ι
2209 813 2424 886 Siquis
2452 817 2570 870 vult
2613 815 2802 871 venire
2849 824 2972 884 post
3002 833 3121 885 me,
3149 819 3382 890 abneget
3409 836 3496 875 se-
3610 848 3616 853 ο

1905 906 2224 976 metipsum,
2267 913 2325 961 et
2369 906 2527 960 tollat
2590 920 2812 961 crucem
2874 920 3057 971 suam,
3109 915 3165 961 et
3236 919 3498 979 sequatur

1906 998 2071 1051 me“.
2108 1015 2127 1049 ι
2156 995 2478 1068 Cuiusmodi
2515 996 2604 1052 ille
2628 995 2749 1060 luit,
2770 995 2861 1066 qui
2885 1010 2945 1051 se
2964 1012 3088 1051 cum
3120 997 3344 1054 Christo
3364 1015 3498 1054 cru-

1907 1089 2131 1144 ciﬁxum
2167 1107 2274 1146 non
2311 1090 2495 1146 vivere
2557 1091 2818 1159 amplius,
2860 1092 2955 1146 sed
2987 1092 3376 1158 Christum,iu
3410 1108 3500 1149 se-

1908 1179 2030 1249 ipso
2062 1181 2443 1249 pronuntiavit
2476 1181 2563 1235 ¹⁶⁹.
2586 1180 2658 1235 At
2688 1189 2807 1236 erat
2838 1181 2968 1235 hinc
2995 1182 3151 1252 longe
3188 1182 3500 1248 dissimilis,

1910 1270 2004 1341 qui
2037 1279 2272 1340 patrem,
2310 1279 2403 1325 aut
2434 1279 2665 1327 matrem
2711 1274 2969 1343 amplius,
3039 1287 3201 1343 quam
3243 1288 3367 1327 eum
3399 1273 3498 1327 ad-

1918 1365 2175 1426 amabat;
2212 1377 2372 1432 quem
2414 1378 2475 1418 sc
2528 1363 2653 1418 ideo
2692 1379 2802 1418 non
2833 1363 3055 1433 dignum
3097 1379 3220 1420 esse
3254 1380 3503 1435 pronun-

1913 1454 2069 1510 tiavit
2088 1455 2153 1509 ".
2183 1455 2284 1509 Est
2308 1455 2477 1525 igitur
2508 1455 2637 1511 dare
2666 1471 2762 1523 pro
2783 1467 2995 1525 peccato
3012 1456 3289 1512 Christum
3317 1458 3507 1527 ipsum

1913 1554 2031 1603 toto
2048 1547 2484 1619 corde,totoque
2514 1549 2701 1603 animo
2734 1549 2987 1619 diligere.
3019 1548 3307 1605 Exsistunt
3329 1551 3497 1604 etiam

1919 1639 2192 1708 nonnulli,
2232 1640 2326 1711 qui
2357 1640 2542 1695 locum
2603 1639 2677 1694 ita
2716 1648 3054 1711 exponentes
3088 1657 3103 1696 :
3141 1638 3201 1694 Si
3251 1640 3498 1695 obtulerit

210 1730 566 1801 πνευματικὴ
599 1729 702 1799 τῆς
729 1730 811 1792 είς
842 1729 1015 1783 αἰῶνα
1041 1727 1271 1798 ἐνούσης
1307 1738 1332 1767 ο
1365 1727 1662 1798 ἀδιηγήτου
1705 1743 1801 1797 γεο

1919 1747 2006 1797 pro
2035 1742 2276 1802 peccato,
2311 1734 2496 1788 anima
2556 1732 2674 1804 ejus
2709 1733 2902 1788 videbit
2951 1750 3123 1789 semen
3145 1733 3497 1803 ampliﬁcans,

212 1827 362 1887 νεᾶς,
395 1824 522 1878 κατ’
549 1822 886 1892 ἐπαγγελίαν
926 1822 1027 1894 τὴν
1068 1821 1209 1894 πρὸς
1250 1821 1503 1893 Ἀϐραὰμ
1533 1820 1690 1891 θεῖκῇ
1714 1821 1807 1874 δυ-

212 1917 380 1986 νάμει
407 1914 797 1987 πληρουμένην
827 1914 966 1985 μετὰ
1004 1913 1103 1986 τὴν
1133 1913 1288 1967 λύσιν
1327 1914 1430 1983 τῆς
1476 1912 1811 1983 φθοροποιοῦ

212 2006 516 2078 ἁμαρτίας,
565 2006 663 2059 καὶ
690 2004 791 2076 τὴν
839 2005 1030 2059 ἄνοδον
1070 2003 1166 2059 τοῦ
1217 2003 1519 2075 λυτρωτοῦ.
1557 2004 1703 2057 ’Λντὶ
1752 2003 1809 2057 δέ

212 2099 327 2163 τοῦ,
368 2099 483 2153 Καὶ
508 2098 797 2162 ,ϐούλεται
827 2098 1043 2165 Κύριος
1070 2097 1321 2167 ἀφελεῖν
1336 2098 1455 2153 ἀπὸ
1478 2098 1588 2153 τοῦ
1617 2100 1812 2153 πόνου

214 2191 322 2259 τῆς
363 2189 578 2259 ψυχῆς
609 2188 819 2256 αὑτοῦ,
843 2190 872 2241 ὀ
901 2188 1201 2261 Σύμμαχος
1221 2206 1236 2222 ⁶
1269 2190 1380 2244 Καὶ
1412 2189 1643 2260 θέλημα
1690 2193 1809 2245 Κυο

210 2286 381 2353 ρίου,
441 2284 629 2354 φησὶν,
675 2283 745 2336 ἐν
769 2282 918 2351 χειρί
958 2282 1143 2337 αὐτοῦ
1165 2282 1639 2354 εὐοδωθήσεται·
1672 2284 1813 2355 ὅπερ

212 2377 303 2431 ἐπὶ
334 2375 505 2445 μόνου
544 2374 639 2428 τοῦ
695 2374 952 2445 Σωτῆρος
995 2374 1282 2445 ἁρμόττει.
1335 2376 1645 2440 Διαπαντδς
1700 2376 1810 2447 γὰρ

214 2468 276 2523 τὸ
311 2467 550 2538 θέλημα
600 2465 709 2523 τοῦ
743 2466 1005 2535 Πατέρος
1046 2467 1117 2520 ἐν
1138 2466 1213 2536 τῇ
1270 2468 1423 2537 χειρὶ
1452 2469 1641 2525 αὐτοῦ
1667 2486 1809 2523 κατ-

213 2559 525 2615 ευοδοῦτο.
589 2559 798 2614 Ἔδωκε
839 2559 896 2614 δὲ
934 2558 1085 2631 αὐτῷ
1139 2559 1232 2614 καὶ
1289 2560 1405 2629 φῶς
1444 2562 1523 2623 είς
1551 2561 1612 2614 τὸ
1643 2562 1811 2630 φωτί-

216 2652 407 2719 ζεσθαι
461 2654 590 2719 τοὺς
614 2651 681 2707 δι’
709 2652 875 2708 αὐτοῦ
921 2651 1360 2724 δικαιουμένους,
1401 2654 1497 2709 καὶ
1527 2655 1808 2710 σύνεσιν.

222 2745 686 2813 ,Ἐπανεπαύσατο
748 2745 858 2816 γὰρ
910 2745 999 2799 ἐπ’
1032 2746 1197 2801 αὑτὸν
1223 2745 1447 2817 πνεῦμα
1477 2747 1670 2816 σοφίας
1718 2747 1813 2800 καὶ

218 2838 495 2902 συνέσεως
526 2839 606 2901 είς
653 2836 714 2891 τὸ
766 2835 1069 2903 συνετοὺς
1112 2834 1548 2908 ἀπεργάζεσθαι,
1597 2837 1693 2890 καὶ
1722 2836 1812 2891 δι-

215 2932 436 2987 καιοῦν
455 2931 597 2997 τοὺς
621 2930 829 2996 ἀξίους
851 2930 959 2987 τοῦ
982 2930 1380 2985 δικαιοῦσθαι.
1410 2929 1569 2990 Τινὲς
1590 2928 1645 2982 δέ
1671 2929 1813 2982 οὕτω

218 3022 352 3092 φασί
385 3038 400 3053 ο
434 3022 729 3076 Βούλεται
786 3022 1001 3089 Κύριος
1049 3021 1166 3091 τὴν
1213 3022 1309 3075 ἐπὶ
1334 3020 1413 3091 τῷ
1446 3020 1667 3092 σταυρῷ
1703 3022 1812 3075 λύ-

218 3131 344 3182 πην
406 3114 747 3186 μεταστῆσαι
793 3117 874 3180 εἰς
928 3114 1130 3188 χαρὰν,
1182 3114 1271 3170 διὰ
1319 3114 1415 3168 τοῦ
1464 3113 1635 3180 δεῖξαι
1665 3112 1812 3184 αὐτῷ
1841 3096 1882 3152 c

219 3204 696 3275 peramorqliévra;
724 3205 810 3270 είς
863 3202 990 3272 φῶς
1021 3202 1150 3267 τούς
1203 3219 1336 3255 ποτε
1377 3204 1566 3267 σκότος
1595 3204 1689 3257 καὶ
1722 3220 1817 3257 πε-

220 3296 629 3368 πλανημένους,
679 3296 812 3368 περὶ
863 3288 938 3350 ὧν
963 3298 990 3349 ὁ
1018 3293 1236 3359 Παῦλός
1296 3312 1460 3366 φησιν
1490 3312 1505 3328 ·
1543 3314 1563 3347 t
1602 3298 1662 3349 Ol
1686 3296 1817 3350 ποτέ

221 3387 440 3450 σκότος,
467 3384 583 3439 νυνὶ
610 3384 666 3438 δὲ
688 3383 803 3455 φῶς
836 3385 895 3439 ἐν
937 3384 1149 3457 Κυρίῳ.
1183 3403 1202 3438 ι
1236 3386 1340 3440 Kal
1368 3387 1817 3457 πλαττομένους

220 3475 291 3546 τῇ
324 3474 617 3530 συνέσει’
638 3473 785 3529 τοῦτ’
819 3474 936 3530 ἐστι
984 3475 1546 3549 μεταμορφουμένους
1574 3478 1682 3532 ἀπὸ
1727 3478 1817 3533 δό-

222 3567 320 3641 ξης
350 3569 433 3631 εἰς
479 3567 661 3633 δόξαν.

291 3661 447 3732 Πρὸς
475 3660 536 3715 δὲ
561 3661 653 3715 τὸν
688 3658 775 3731 μὴ·
795 3658 1043 3713 τοιοῦτον
1082 3656 1367 3730 Ἱερεμίας
1399 3659 1566 3729 φησίν
1586 3675 1602 3690 ’
1642 3678 1660 3712 ι
1684 3658 1819 3713 Ἰδοὺ

220 3753 328 3807 οὐκ
358 3754 498 3807 εἰσὶν
526 3753 579 3807 οί
604 3752 876 3823 ὀφθαλμοί
909 3768 1030 3819 σου,
1086 3752 1209 3806 οὐδὲ
1254 3753 1291 3824 ἡ
1344 3752 1542 3824 καρδία
1592 3769 1686 3806 σου
1715 3768 1820 3807 κα·-

222 3842 317 3915 λή.
351 3864 371 3899 ι
417 3844 479 3898 '0
529 3844 586 3897 δέ
639 3839 1001 3898 ἐπιστεύωνί
1054 3843 1136 3908 εἰς
1177 3842 1270 3897 τὸν
1325 3843 1584 3915 Χριστὸν,
1634 3846 1713 3907 είς
1761 3843 1823 3898 τὸ

225 3938 375 3991 θεῖον
408 3935 576 3989 αὐτοῦ
610 3935 1049 4007 μεταπλάττεται
1077 3934 1299 4000 κάλλος,
1328 3935 1515 3988 ὁποῖόν
1568 3935 1686 3989 ἐστι
1718 3935 1779 3988 τό
1805 3950 1819 3966 ·

228 4047 247 4083 t
284 4028 513 4094 Τεκνία,
543 4028 635 4093 οὓς
666 4028 829 4083 πάλιν
849 4028 1044 4099 ὠδίνω,
1080 4028 1243 4099 μέχρι
1290 4026 1552 4099 μορφωθῇ
1586 4028 1823 4100 Χριστὸς

224 4123 283 4177 ἐν
337 4122 494 4193 ὑμῖν.
530 4120 638 4188 υῦς
686 4122 793 4194 γὰρ
824 4120 987 4191 ἔγνω,
1024 4118 1181 4191 φησὶ,
1211 4121 1304 4174 καὶ
1342 4119 1651 4193 προώρισεν
1685 4138 1823 4191 συμ-

230 4213 483 4282 μόρφους
536 4212 636 4283 τῆς
679 4213 888 4276 εἰκόνος
930 4209 1024 4265 τοῦ
1068 4207 1199 4264 Υίοῦ
1228 4208 1417 4279 αὐτοῦ,
1469 4211 1691 4277 τούτους
1721 4211 1819 4266 καὶ

226 4305 516 4359 ἐκάλεσεν.
561 4323 579 4358 ι
635 4304 835 4359 κτίσαι
870 4303 928 4358 δὲ
972 4301 1193 4372 λέγεται
1242 4303 1375 4366 Θεὸς
1423 4304 1519 4357 καὶ
1548 4305 1674 4367 τοὺς
1723 4303 1819 4358 δύο

227 4396 398 4461 λαοὺς
432 4399 514 4460 είς
566 4398 661 4451 ἕνα
701 4396 886 4451 καινὸν
925 4394 1233 4466 ᾶνθρωπον,
1281 4394 1485 4468 δηλαδὴ
1517 4395 1826 4466 μεταπλά-

1909 1826 2178 1896 adjiciunt
2206 1844 2221 1892 ;
2263 1825 2407 1882 diem
2438 1824 2617 1891 illum,
2658 1825 2751 1896 qui
2782 1825 3114 1895 passionem
3146 1835 3371 1881 secutus
3391 1834 3496 1891 est,

1911 1916 2151 1971 ﬁliorum
2190 1916 2634 1988 procreationem
2666 1931 2790 1972 esse
2815 1917 3154 1987 spiritualem
3189 1916 3499 1987 generatio-

1911 2007 1998 2062 nis
2029 2016 2308 2078 perpetua
2334 2014 2389 2062 et
2428 2005 2731 2062 ineﬂ'ahilis
2771 2006 3072 2060 secundum
3100 2006 3297 2061 factam
3327 2005 3503 2060 Abra-

1913 2099 2079 2156 hamo
2113 2101 2538 2172 promissionem
2573 2116 2590 2166 ;
2624 2114 2747 2168 qua:
2772 2098 2957 2154 divina
2988 2100 3209 2163 virtute,
3243 2110 3365 2170 post
3384 2100 3502 2154 exi-

1913 2192 2061 2247 tialis
2116 2191 2330 2262 peccati
2395 2191 2799 2255 remissionem,
2850 2199 3089 2260 postque
3114 2189 3501 2261 Redemptoris

1911 2299 2202 2340 ascensum
2238 2283 2626 2352 adimpleatur.
2643 2280 2918 2337 Caeterum
2939 2297 3071 2352 pro:
3094 2282 3160 2336 Et
3187 2284 3295 2336 vult
3321 2281 3500 2335 Domi-

1912 2392 2011 2429 nus
2036 2375 2257 2444 auferre
2285 2373 2350 2428 de
2379 2366 2571 2428 labore
2597 2376 2834 2428 animam
2854 2376 2992 2443 ejus,
3030 2375 3104 2427 ita
3143 2374 3303 2428 habet
3342 2374 3502 2446 Symo

1911 2467 2165 2535 machus,
2224 2465 2297 2521 Et
2338 2466 2585 2520 voluntas
2630 2464 2845 2520 Domini
2876 2467 2930 2520 in
2954 2481 3115 2519 manu
3157 2466 3503 2535 ejusprospe-

1909 2559 2124 2612 rabitur
2154 2574 2174 2623 ;
2227 2558 2373 2630 quod
2408 2559 2502 2612 uni
2526 2566 2741 2612 tantum
2771 2557 3045 2612 Salvatori
3074 2558 3354 2626 congruit.
3377 2554 3502 2610 Per-

1913 2658 2078 2721 petuo
2110 2648 2256 2704 enim
2294 2649 2476 2703 Patris
2506 2648 2748 2703 voluntas
2778 2650 2833 2703 in
2888 2665 3051 2702 manu
3088 2648 3201 2718 ejus
3256 2663 3502 2718 prospere

1913 2744 2190 2799 successit.
2220 2743 2376 2798 Dedit
2410 2760 2539 2800 vero
2584 2753 2638 2798 et
2667 2744 2845 2797 lucem
2883 2743 3013 2812 ipsi,
3048 2751 3107 2797 ut
3131 2757 3251 2807 eos,
3288 2743 3380 2811 qui
3408 2757 3502 2811 per

1914 2833 2093 2904 ipsum
2122 2832 2416 2904 justiﬁcati
2470 2844 2621 2898 sunt,
2675 2833 2994 2887 illustraret.
3033 2831 3193 2905 Dedit
3221 2841 3274 2888 et
3299 2834 3499 2886 intelli-

1913 2927 2167 2997 gentiam,
2187 2927 2312 2996 quia
2337 2926 2607 2996 requievit
2634 2940 2802 2996 super
2822 2939 2947 2979 eum
2970 2924 3201 2993 spiritus
3219 2924 3502 2994 sapientiae

1915 3026 1969 3070 et
1996 3016 2328 3082 intellectus,
2356 3029 2413 3070 ut
2479 3017 2747 3085 sapientes
2770 3015 2933 3086 607
2976 3014 3231 3080 elIiceret,
3256 3016 3501 3082 etjttstos

1915 3108 2009 3178 qui
2045 3108 2440 3177 justiﬁcatione
2481 3108 2630 3179 digni
2667 3118 2815 3161 sunt.
2848 3104 3051 3159 Putant
3097 3104 3189 3159 alii
3231 3106 3358 3159 velle
3396 3104 3504 3159 Do-

1916 3200 2119 3255 minum
2162 3201 2478 3272 perceptum
2523 3217 2553 3257 e
2606 3215 2772 3256 cruce
2826 3198 3061 3253 dolorem
3119 3206 3408 3269 propterea
3448 3199 3504 3254 in

1917 3295 2522 3364 gaudium‘cotwertere
2546 3335 2561 3361 ,
2580 3294 2725 3365 quod
2755 3295 2802 3348 ei
2832 3303 3199 3350 commutatus
3233 3296 3287 3348 in
3335 3295 3504 3349 lucem

1917 3388 2248 3453 ostenderit,
2281 3394 2329 3440 et
2357 3386 2715 3456 intelligentia
2746 3385 3031 3456 formatos,
3062 3386 3116 3439 id
3141 3393 3247 3451 est,
3271 3402 3299 3439 a
3332 3386 3503 3456 gloria

1919 3481 1975 3535 in
1992 3480 2224 3551 gloriam
2246 3478 2676 3534 transformatos
2697 3480 2790 3547 qui
2813 3479 3051 3534 tenebrae
3068 3478 3219 3539 olim,
3245 3492 3390 3531 nunc
3409 3493 3506 3531 au-

1921 3579 2028 3626 tem
2068 3571 2158 3624 lux
2193 3568 2246 3624 in
2276 3568 2529 3633 Domino,
2566 3568 2649 3623 uti
2686 3567 2894 3623 Paulus
2918 3568 2995 3622 ait
3030 3568 3095 3633 ¹⁸,
3118 3576 3431 3623 evaserunt.

1994 3661 2133 3717 Sunt
2178 3677 2309 3716 vero
2354 3661 2420 3715 ad
2457 3677 2605 3726 eum,
2641 3661 2735 3732 qui
2782 3661 2906 3715 talis
2948 3676 3054 3715 non
3082 3670 3186 3727 est,
3223 3661 3324 3715 ista
3353 3657 3509 3714 Jere-

1922 3755 2044 3810 mia:
2093 3754 2254 3809 verba
2290 3771 2304 3807 :
2340 3772 2359 3806 ι
2402 3753 2541 3809 Ecce
2586 3769 2696 3807 non
2748 3760 2879 3807 sunt
2921 3751 3067 3807 oculi
3118 3752 3220 3817 tui,
3267 3766 3367 3808 nec
3412 3767 3510 3806 cor

1924 3855 2078 3902 tuum
2110 3846 2399 3916 pulchrum
2436 3847 2504 3901 ιθ.
2544 3863 2561 3896 ι
2608 3845 2712 3910 Qui
2756 3852 2937 3899 autem
2979 3844 3035 3899 in
3071 3843 3348 3900 Christum
3388 3860 3508 3900 cre-

1923 3939 2034 4002 dit,
2087 3938 2140 3993 in
2196 3938 2438 3993 divinam
2489 3937 2610 4007 ejus
2665 3935 3096 3993 transformatur
3141 3935 3509 4004 pulchritudi-

1924 4045 2048 4085 nem
2087 4044 2101 4084 :
2136 4029 2449 4100 cujusmodi
2480 4037 2566 4085 est
2600 4029 2733 4083 illud
2767 4046 2781 4083 :
2822 4047 2840 4081 ι
2876 4027 3075 4090 Filioli,
3107 4042 3248 4095 quos
3289 4040 3509 4079 rursum

1924 4120 2191 4189 parturio,
2222 4123 2395 4175 donec
2427 4120 2693 4175 formetur
2745 4120 2800 4174 in
2845 4120 3002 4173 vobis
3028 4118 3282 4172 Christus
3315 4117 3509 4171 ὀδο-

1932 4230 1949 4264 ι
1979 4213 2130 4279 Quos
2157 4213 2304 4267 enim
2333 4211 2613 4281 cognovit,
2656 4211 2853 4282 inquit,
2884 4218 2938 4263 et
2977 4208 3253 4277 prmscivit
3287 4206 3509 4260 confor-

1926 4318 2041 4357 nies
2091 4302 2208 4358 fore
2264 4303 2487 4372 imagini
2545 4301 2667 4356 Filii
2719 4303 2804 4355 sui
2845 4339 2860 4365 ,
2897 4301 2999 4354 hos
3027 4307 3081 4354 et
3129 4300 3348 4354 vocavit
3377 4302 3445 4356 “.
3482 4320 3501 4352 ι

1926 4395 2158 4449 Creasse
2208 4408 2338 4449 vero
2386 4394 2527 4448 duos
2576 4394 2630 4446 in
2685 4399 2960 4447 recentem
3010 4406 3181 4444 unum
3231 4392 3503 4446 hominem

228 4503 351 4556 σας
390 4488 611 4551 αὐτούς.
650 4488 869 4559 Ἐπειδὴ
899 4487 1011 4557 γὰρ
1056 4488 1249 4560 κέρδος
1289 4487 1419 4541 ἴδιον
1449 4490 1478 4542 ὁ
1504 4488 1815 4558 Μονογενὴς

1925 4484 2178 4555 populos,
2210 4484 2264 4538 id
2308 4492 2393 4540 est
2447 4484 2868 4553 transformasse
2908 4482 3111 4538 dicitur
3154 4482 3316 4539 Deus.
3353 4485 3507 4549 Quo-

228 4576 331 4649 τὴν
391 4576 670 4649 ἡμετέραν
719 4578 929 4632 τίθεται
984 4577 1281 4647 σωτηρίαν,
1340 4577 1481 4649 ὑπὲρ
1530 4570 1607 4632 ὧν
1652 4577 1823 4631 ἔπαθε

230 4671 400 4740 σῶμα
453 4668 655 4734 λασὼν,
713 4669 1028 4737 ἀναγκαίως
1072 4672 1102 4725 ὁ
1162 4668 1352 4741 Πατὴρ
1403 4669 1503 4740 τὴν
1547 4670 1824 4741 ἡμετέραν

234 4763 403 4825 ίασιν,
465 4760 791 4830 ἀφαίρεσιν
834 4762 1028 4816 πόνου
1076 4761 1211 4832 φησὶ
1272 4761 1367 4815 τοῦ
1424 4760 1690 4835 Χριστοῦ,
1727 4762 1824 4815 καὶ

208 4851 362 4922 οφῶς
418 4850 585 4906 αὑτοῦ
629 4851 723 4905 τὸν
760 4851 1031 4924 ἡμέτερον
1082 4851 1386 4922 φωτισμὸν,
1439 4852 1823 4924 ἀμειϐομένων

235 4940 331 4992 ἐπὶ
355 4937 419 4991 τὸ
450 4940 701 5009 κρεῖττον
724 4939 880 5011 ἡμῶν
908 4940 1003 4995 καὶ
1020 4942 1601 5012 μεταπλαττομένων
1634 4944 1701 5013 τῇ
1724 4942 1822 4996 τοῦ

236 5028 391 5085 Θεοῦ
410 5028 686 5084 συνέσει.
714 5030 934 5095 Τούτοις
962 5031 1158 5101 ἐπάγει
1182 5047 1195 5062 ·
1226 5032 1546 5087 Δικαιῶσαι
1591 5034 1826 5089 δίκαιον

235 5118 304 5179 εὖ
332 5121 709 5177 δουλεύοντα
734 5123 1005 5191 πολλοῖς.
1037 5123 1113 5177 Ob
1145 5123 1254 5194 γὰρ
1280 5118 1416 5195 ἦλθε
1444 5124 1680 5193 Χριστὸς
1710 5125 1827 5179 δια-

236 5203 559 5287 κονηθῆναι,
600 5214 746 5270 καθά
774 5232 943 5286 φησιν
977 5215 1162 5283 αὐτὸς,
1193 5216 1511 5287 διακονῆσαι
1539 5216 1595 5270 δὲ
1627 5217 1829 5287 μᾶλλον

234 5312 335 5379 τὴν
365 5310 467 5379 τῆς
489 5305 957 5381 ἐνανθρωπήσεως
988 5308 1323 5378 οἰκονομίαν.
1358 5307 1544 5361 Πάντα
1574 5309 1630 5362 δέ
1657 5310 1828 5381 πράτ-

318 5423 852 5502 "_b_latth._}w,9.4.
930 5422 1397 5502 ’ﬁcalat._ti.2_0.
1478 5424 1734 5502 "Matth.
1774 5442 1815 5481 xi

1919 5429 1956 5483 l.
2033 5428 2077 5462 ¹⁸
2098 5429 2299 5502 Ephes.
2340 5446 2393 5498 ν,
2424 5429 2479 5486 8.

244 5508 319 5557 tv,
360 5497 447 5551 19.
524 5496 567 5526 ³⁸
598 5494 760 5549 Itoni.
790 5509 908 5561 vm,
946 5494 1040 5551 29.
1118 5498 1163 5527 “
1195 5495 1388 5551 Matth.
1418 5512 1510 5562 xx,
1532 5497 1624 5550 28.

1922 4583 2066 4636 uiam
2098 4582 2246 4635 enim
2279 4580 2382 4636 sibi
2434 4581 2490 4634 iu
2534 4581 2688 4634 lucro
2725 4579 2956 4635 salutem
3007 4589 3255 4633 nostram
3307 4576 3507 4649 Unige-

1921 4675 2071 4727 nitus
2119 4672 2368 4742 deputat,
2418 4675 2545 4727 dum
2585 4685 2793 4740 corpus
2832 4684 3024 4726 eorum
3076 4668 3333 4733 assumit,
3367 4685 3507 4738 qun-

1921 4778 2041 4818 rum
2098 4763 2321 4817 nomine
2380 4777 2578 4833 passus
2626 4774 2745 4826 est,
2809 4758 3125 4815 necessario
3174 4758 3336 4814 Pater
3394 4761 3507 4829 ipse

1922 4854 2268 4911 sanationem
2311 4863 2555 4911 nostram
2592 4853 2791 4908 laboris
2818 4851 3021 4907 Christi
3056 4852 3377 4907 ablutionem
3405 4870 3505 4906 nu-

1931 4948 2128 5013 minat,
2175 4953 2232 5001 et
2269 4947 2436 5001 lucem
2466 4944 2605 5016 ejus,
2633 4944 3052 4999 illust‘rationem
3087 4952 3353 5005 nostram,
3380 4959 3503 4997 cum

1933 5054 2037 5096 nos
2078 5040 2132 5093 in
2165 5041 2363 5096 melius
2410 5040 2733 5104 transimus,
2768 5040 2994 5108 ipsaque
3034 5036 3131 5092 Dei
3159 5037 3507 5105 intelligentia

1938 5130 2407 5199 transformamur.
2439 5129 2696 5199 Sequitur
2718 5128 2915 5183 deinde
2935 5146 2949 5183 :
2967 5126 3279 5197 Justiﬁcare
3299 5127 3507 5197 justum

1937 5221 2063 5278 bene
2086 5225 2393 5278 servientem
2422 5221 2625 5279 multis.
2654 5218 2842 5291 Neque
2871 5220 3015 5275 enim
3045 5221 3192 5274 venit
3222 5220 3504 5287 Christus,

1936 5322 1996 5369 ut
2023 5314 2073 5369 ei
2105 5315 2537 5382 ministraretur,
2570 5315 2712 5369 sicut
2759 5314 2877 5384 ipse
2910 5311 3041 5365 dicit
3068 5312 3136 5379 ",
3169 5312 3265 5367 sed
3300 5312 3507 5382 petius,

2591 5427 2859 5484 "Jerem.
2890 5441 3024 5489 xm,
3068 5426 3151 5482 l7.
3258 5423 3506 5482 "Galat.

1532 5588 1770 5644 ‘VABl/E
1808 5590 2205 5650 LECTIONES.
2318 5586 2328 5594 ’

303 5686 330 5721 ⁸
366 5697 461 5747 γρ.
490 5680 694 5746 ὁποῖος.
766 5679 797 5723 ἀ
836 5681 921 5736 ίσ.
955 5681 1123 5736 leta.
1162 5681 1299 5736 ἐστί.

1380 5693 1403 5721 ⁸
1434 5698 1523 5751 γρ.
1566 5683 1767 5745 αἰῶνας
1804 5684 1993 5756 οὔσης.
2066 5686 2083 5725 ί
2130 5706 2221 5757 γρ.
2264 5685 2556 5742 πιστεύων.
