3998 6390
524 244 669 312 2531
1887 231 2250 296 PROCOPII
2298 233 2536 297 GAZIE]
3652 239 3777 307 2532

528 366 590 412 ιιι
620 347 1025 411 incarnationis
1061 345 1383 405 (ecouomiaa
1425 343 1790 403 subscrviret.
1836 345 1976 402 Cum
2009 360 2109 400 au-

2233 361 2403 411 ιοντος
2432 345 2599 399 αὐτοῦ
2629 346 2751 400 καθ’
2799 345 3049 419 ὑπακοὴν
3081 346 3383 421 πατρικὴν,
3421 346 3700 407 ἀκόλουθον
3725 351 3782 425 ἦν

527 457 638 503 tem
681 444 868 508 omnia
905 457 974 497 ex
1019 439 1202 496 Patris
1238 436 1497 493 mandato
1531 435 1774 505 faceret,
1812 449 2117 507 congruum

2233 437 2406 494 καὶτὸ
2434 437 2630 509 λεντίῳ
2662 437 3004 510 ζωσάμενον,
3029 439 3176 510 ὕδωρ
3208 441 3289 503 εἰς
3320 441 3414 496 τὸν
3446 441 3676 514 νιπτῆρα
3700 446 3786 518 βαι

529 544 735 594 eratet
767 535 948 605 ipsum
997 532 1169 586 linteo
1207 529 1556 584 succinctum
1604 541 1803 597 aquam
1840 526 1895 581 in
1937 527 2121 594 pollu-

2233 532 2360 594 λείν,
2389 530 2486 583 καὶ
2516 529 2615 600 τὴν
2668 529 2808 601 πρὸς
2852 529 3104 594 ἅπαντας
3145 528 3397 586 δουλείαν
3429 531 3785 597 ἀναδέξασθαι.

529 631 693 686 brum
727 625 981 689 fundere,
1021 620 1380 690 omniumque
1426 634 1487 676 se
1537 617 1806 675 famulum
1850 618 2119 691 proﬁteri.

533 722 667 780 Inde
695 732 752 777 et
785 719 989 774 Paulus
1030 716 1338 771 ministram
1364 719 1526 769 vocat
1560 712 1954 779 teconomiam,
1996 727 2122 767 cum

537 815 616 869 ait
662 832 676 868 :
730 830 749 864 ι
796 811 854 866 Si
917 811 1062 864 enim
1114 805 1488 861 ministerium
1541 803 2021 860 condemnationis
2067 803 2122 858 in

537 906 710 978 gloria
741 911 846 968 est,
881 901 1054 956 multo
1086 897 1266 968 magis
1311 897 1532 952 excellit
1568 896 1938 951 ministerium
1962 894 2125 966 justi-

537 999 628 1054 tia:
682 997 738 1050 in
782 993 956 1064 gloria
987 991 1055 1044 ".
1096 1008 1116 1041 ι
1170 987 1524 1058 Justiﬁcatur
1582 1001 1831 1054 rursum,
1865 987 1950 1041 vel
1994 1001 2123 1040 cum

537 1103 640 1142 nos
667 1084 802 1155 justi
832 1081 1120 1141 cliicimur,
1154 1078 1237 1132 vel
1279 1093 1405 1132 cum
1435 1091 1467 1130 a
1499 1076 1702 1146 quibus
1737 1085 1822 1132 est
1859 1076 2124 1130 interem-

537 1151 688 1250 ptus,
723 1151 916 1231 iisdem
962 1175 1017 1228 in
1061 1173 1286 1240 iniustae
1329 1170 1452 1240 ejus
1500 1169 1983 1225 condemnationis
2024 1169 2125 1225 de-

542 1265 1001 1322 monstrationem
1036 1261 1290 1317 servituti
1329 1259 1736 1330 mancipantur.
1761 1259 1994 1325 Quinam
2023 1274 2124 1312 au.-

541 1367 651 1413 tem
689 1359 724 1411 ii
766 1356 898 1420 sint,
932 1354 1024 1424 qui
1060 1369 1156 1424 per
1194 1353 1371 1422 ipsum
1395 1351 1692 1420 justiﬁcati
1727 1359 1872 1416 sunt,
1904 1351 2123 1413 extulit,

539 1467 667 1507 cum
697 1449 774 1504 ait
802 1467 815 1503 :
857 1446 922 1500 Et
952 1458 1169 1516 peccata
1204 1459 1389 1499 eorum
1434 1445 1546 1511 ipse
1577 1443 1814 1512 portabit
1844 1458 1864 1498 :
1907 1450 2002 1497 aut
2033 1457 2126 1498 sc-

544 1543 784 1600 cundum
817 1537 1136 1610 Symmachi
1164 1535 1703 1605 interpretationem,
1734 1534 1801 1588 Et
1829 1535 2125 1604 impietates

542 1649 724 1688 eorum
779 1632 890 1701 ipse
944 1628 1112 1700 608
1161 1627 1371 1695 suffert.
1426 1624 1532 1680 Eas
1578 1625 1728 1681 enim
1790 1625 1845 1679 in
1894 1639 1952 1680 se
1997 1640 2123 1680 cum

544 1727 863 1795 assumpsit,
891 1721 1099 1791 peccati
1148 1736 1250 1776 nos
1305 1718 1491 1774 tunica
1542 1719 1714 1775 exuit.
1759 1717 1914 1775 Unde
1956 1719 2123 1775 etiam

548 1820 756 1880 multis,
806 1816 860 1870 id
915 1825 1022 1878 est,
1072 1812 1328 1883 gentibus
1388 1812 1524 1882 ipsis
1574 1813 1849 1867 servivisse
1904 1812 2126 1868 dicitur.

554 1909 672 1966 Una
696 1908 968 1978 siquidem
999 1921 1135 1977 gens
1166 1912 1308 1969 erat,
1338 1903 1648 1960 lsraclitica
1693 1906 1908 1960 scilicet
1941 1921 1956 1958 :
1997 1905 2130 1961 reli-

547 2015 672 2071 qua:
723 1997 1054 2067 multiplices
1091 2003 1148 2050 et
1186 1995 1434 2060 infinitae,
1466 2010 1606 2065 quas
1643 1995 1760 2065 ipse
1791 1995 1849 2050 in
1896 1993 2130 2051 haeredi-

549 2101 716 2148 tatem
765 2090 1044 2162 propriam
1091 2089 1324 2144 sortitus
1365 2088 1441 2142 ait
1473 2105 1490 2143 :
1528 2106 1548 2141 ι
1591 2085 1738 2143 Dixit
1770 2087 2033 2144 Dominus
2060 2089 2128 2144 ad

551 2201 641 2241 me
661 2203 674 2238 :
697 2182 875 2238 Filius
906 2196 1067 2237 meus
1100 2195 1159 2236 es
1186 2188 1386 2252 tu,ego
1415 2180 1582 2236 hodie
1607 2181 1770 2252 genui
1796 2191 1875 2247 te;
1913 2182 2131 2252 postula

548 2291 581 2329 a
613 2289 723 2339 me,
755 2281 811 2329 et
847 2270 989 2328 dabo
1037 2271 1137 2327 tibi
1192 2281 1382 2342 gentes
1442 2271 1816 2328 baereditatem
1869 2280 2040 2339 tuam,
2075 2279 2130 2328 et

550 2366 956 2438 possessionem
986 2371 1136 2419 tuam
1170 2363 1439 2422 terminos
1469 2373 1633 2420 terra:
1659 2363 1725 2418 ".
1755 2381 1776 2416 ι

621 2520 833 2576 Dicitur
874 2533 1006 2575 vero
1051 2518 1226 2588 spolia
1255 2519 1501 2590 fortium,
1547 2517 1602 2574 id
1648 2531 1754 2582 est,
1783 2533 1906 2590 quae
1941 2519 2010 2575 ab
2039 2517 2135 2574 ad-

548 2614 815 2669 versariis
878 2613 1250 2685 potestatibus
1299 2612 1538 2682 eripuit,
1583 2610 1865 2678 divisisse,
1920 2611 2134 2682 sibique

550 2705 828 2776 proprios,
863 2704 954 2774 qui
1006 2701 1227 2758 inerant
1280 2701 1349 2757 ab
1388 2701 1496 2757 illis
1539 2709 1800 2772 tanquam
1859 2703 2133 2773 mancipia

552 2792 828 2863 usurpati,
864 2791 1176 2848 vindicasse
1211 2807 1227 2846 :
1261 2805 1383 2862 qua:
1410 2789 1632 2861 quidem
1668 2791 1842 2861 spolia
1869 2792 1987 2847 suis
2021 2793 2135 2863 ipse

549 2883 730 2937 diuisit
774 2881 1092 2952 discipulis;
1143 2880 1271 2935 dum
1331 2881 1516 2937 varias
1567 2894 1634 2936 ex
1683 2881 1820 2952 ipsis
1863 2880 2135 2937 Ecclesias

550 2974 860 3030 constituit.
893 2971 1034 3028 liinc
1055 2973 1223 3044 igitur
1249 2972 1340 3026 illa
1375 2971 1525 3028 fuere
1552 2973 1806 3044 superius
1839 2990 1852 3028 :
1892 2992 1910 3024 ι
1940 2972 2135 3030 Exsul.

552 3066 692 3123 tabit
725 3066 782 3121 in
821 3074 1122 3137 conspectu
1160 3071 1280 3131 tuo,
1323 3072 1585 3136 tanquam
1630 3066 1724 3134 qui
1777 3065 2033 3121 laetantur
2077 3067 2131 3121 in

551 3173 754 3224 messe,
784 3167 842 3214 et
874 3165 1135 3228 tanquam
1171 3156 1267 3227 qui
1303 3155 1557 3212 dividunt
1595 3157 1770 3226 spolia
1799 3157 1869 3210 “.
1897 3174 1916 3208 ι
1953 3154 2139 3211 Potest

553 3265 682 3307 vero
702 3250 816 3305 haec
835 3250 952 3320 ipsa
969 3257 1249 3320 praestare,
1270 3264 1366 3317 pro
1382 3263 1441 3302 eo
1463 3247 1602 3318 quod
1631 3249 1687 3302 in
1718 3259 1938 3326 mortem
1964 3248 2140 3302 tradi-

554 3350 638 3396 tus
669 3349 785 3395 est:
819 3354 944 3395 cum
986 3353 1106 3394 eam
1135 3338 1305 3393 veluti
1339 3353 1369 3392 a
1393 3336 1560 3394 Patre
1595 3338 1906 3394 mercedem
1950 3353 2139 3410 perce-

552 3433 719 3504 perit,
755 3440 816 3486 ut
843 3445 940 3486 eos
983 3430 1079 3501 qui
1151 3430 1432 3500 perierant
1476 3438 1756 3496 servaret,
1805 3429 2138 3501 Ita'redesque

555 3527 775 3598 faceret.
808 3525 886 3580 Eo
913 3525 1060 3582 enim
1091 3524 1213 3596 ipso
1251 3523 1399 3596 quod
1424 3539 1626 3596 passus
1658 3533 1766 3588 est,
1797 3539 1984 3580 secum
2005 3538 2138 3580 suos

553 3621 750 3684 erexit,
775 3627 830 3674 ct
858 3618 1068 3674 alienos
1099 3616 1291 3673 aﬂiixit
1317 3634 1332 3672 :
1365 3619 1494 3673 dum
1523 3631 1642 3682 eos,
1673 3616 1766 3688 qui
1799 3615 1960 3672 simul
1989 3615 2137 3686 passi

557 3720 710 3772 sunt,
739 3709 882 3764 idem
913 3724 1102 3765 secum
1131 3709 1416 3775 excitavit,
1449 3711 1542 3778 qui
1576 3716 1760 3762 autem
1802 3709 1857 3762 in
1888 3723 2011 3764 eum
2049 3707 2137 3762 in-

557 3806 947 3866 surrexerunt,
980 3797 1274 3869 depressit.
1310 3796 1422 3854 Nec
1460 3813 1591 3853 vero
1630 3797 1848 3864 desunt,
1889 3799 1984 3868 qui
2022 3797 2138 3868 [or-

559 3892 692 3947 tium
723 3891 970 3956 nomine,
996 3891 1300 3960 apostolos,
1336 3897 1392 3946 et
1419 3899 1480 3944 ut
1507 3889 1675 3946 semel
1704 3890 1906 3954 dicam,
1943 3905 2138 3947 omnes

557 3997 676 4049 eos,
700 3982 794 4053 qui
825 3981 882 4035 in
909 3981 1135 4036 Christo
1162 3987 1397 4052 possunt
1426 3979 1656 4050 aliquid,
1687 3981 1915 4052 intelligi
1945 3982 2134 4047 velint,

556 4074 762 4145 quibus
796 4071 936 4144 iam,
975 4079 1237 4142 tanquam
1273 4071 1531 4127 Satanam
1580 4071 1900 4134 devicerint,
1939 4073 2136 4138 spolia,

557 4167 614 4223 id
663 4174 749 4222 est
797 4163 1172 4236 spiritualium
1208 4165 1511 4234 gratiarum
1557 4164 1723 4228 dona,
1771 4162 1987 4220 dividit.
2029 4163 2138 4219 Alii

555 4263 702 4319 enim
725 4276 822 4332 per
846 4259 1313 4332 Spiritumsermo
1339 4261 1645 4331 sapientiae,
1670 4259 1760 4314 alii
1783 4259 2134 4332 cognitionis,

2224 616 2532 688 Τοιγαροῦν
2569 617 2666 672 καὶ
2717 617 2930 681 Παῦλος
2965 618 3213 673 διάκονον
3237 618 3336 690 τὴν
3368 621 3673 692 οἰκονομίαν
3702 641 3786 679 ata-

2223 708 2307 764 λεί
2339 709 2514 778 λέγων
2543 724 2557 739 °
2597 730 2617 762 ι
2647 710 2711 765 Εἰ
2743 709 2853 781 γὰρ
2895 713 2963 782 τῇ
3017 710 3271 783 διακονίᾳ
3304 713 3330 752 ε
3383 711 3487 782 τῆς
3547 718 3787 788 κατακρί-

2226 817 2388 864 σεως,
2414 799 2564 866 δόξα,
2608 800 2790 871 πολλῴ
2837 801 3042 872 μᾶλλον
3097 801 3348 873 διαφέρει
3377 803 3413 874 ἡ
3438 802 3677 859 διακονία
3704 807 3788 879 τῆς

2223 891 2574 965 δικαιοσύνης
2597 895 2656 947 ἐν
2684 892 2833 966 δόξῃ.
2861 912 2882 947 ι
2917 893 3256 949 Δικαιοῦται
3285 895 3343 949 δὲ
3383 895 3572 961 πάλιν,
3604 899 3788 972 ἡμῶνῆ

2224 985 2647 1057 δικαιουμένων,
2696 986 2730 1057 ἢ
2767 986 2878 1041 τῶν
2909 987 3211 1041 ἀνελόντων
3274 987 3442 1042 αὑτὸν
3495 989 3791 1061 ἠνδραποδιο

2227 1079 2442 1150 σμένων
2471 1079 2552 1143 εἰς
2584 1079 2809 1145 ἔνδειξιν
2831 1080 2933 1152 τῆς
2962 1080 3148 1135 ἀδίκου
3186 1081 3310 1135 κατ’
3357 1081 3526 1135 αὐτοῦ
3555 1087 3792 1155 κατακρί-

2228 1189 2390 1235 σεως.
2414 1171 2573 1236 Τίνες
2603 1173 2661 1226 δὲ
2700 1176 2754 1228 οὶ
2784 1172 3190 1243 δικαιούμενοι
3211 1175 3282 1228 δι’
3305 1175 3478 1228 αὐτοῦ
3509 1176 3780 1248 ἐπενήνοχε

2224 1263 2430 1334 λέγων·
2469 1265 2579 1318 Καὶ
2607 1267 2715 1332 τὰς
2761 1265 3051 1335 ἁμαρτιας
3078 1263 3282 1321 αὐτῶν
3308 1268 3497 1332 αὐτὸς
3526 1268 3746 1323 ἀνοίσει
3776 1287 3789 1302 ο

2226 1356 2261 1429 ἢ
2299 1358 2443 1412 κατὰ
2465 1357 2787 1428 Σύμμαχον,
2824 1357 2931 1413 Καὶ
2961 1359 3070 1426 τὰς
3107 1359 3392 1426 ἀσεϐείας
3412 1359 3612 1414 αὐτῶν
3633 1364 3794 1431 αὐτὸς

2226 1449 2568 1519 ὐπενέτκει.
2639 1450 2736 1513 Εἰς
2793 1450 2988 1504 ἐαυτὸν
3038 1452 3149 1522 γὰρ
3207 1451 3498 1505 ἀναλαϐὼν
3553 1453 3794 1510 ἀπέδυσεν

2227 1541 2377 1612 ἡμᾶς
2425 1540 2518 1596 τὸν
2571 1543 2673 1613 τῆς
2713 1542 3005 1612 ἁμαρτιας
3044 1543 3250 1615 χιτῶνα
3272 1561 3286 1576 ο
3341 1545 3426 1598 διὸ
3455 1547 3569 1611 καί,
3603 1548 3794 1602 Δεόούο

2227 1635 2415 1686 λευκε
2459 1631 2737 1698 πολλοῖς,
2799 1633 2948 1687 τοῦτ’
2987 1633 3106 1687 ἐστι
3157 1637 3271 1698 τοῖς
3318 1633 3549 1689 ἔθνεσιν.
3583 1637 3672 1689 ’Ἑν
3701 1638 3795 1708 γὰρ

2229 1719 2297 1795 ἦν
2352 1722 2507 1787 ἔθνος
2553 1723 2813 1794 Ἰσραήλ·
2854 1725 2906 1777 οἰ
2965 1723 3024 1777 δὲ
3077 1724 3138 1790 ἐξ
3188 1723 3361 1777 ἐθνῶν
3416 1726 3794 1796 μυριοπλάσιοι,

2229 1814 2325 1879 οὓς
2350 1815 2446 1870 καὶ
2500 1815 2832 1886 κληρονομεῖ
2872 1815 3075 1888 κλῆρον
3116 1815 3496 1887 ποιησάμενος
3527 1816 3671 1884 ἴδιον,
3705 1820 3785 1871 καὶ

2229 1907 2404 1976 λέγων
2433 1925 2448 1940 ·
2496 1926 2514 1959 ι
2544 1907 2752 1979 Κύριος
2803 1903 2956 1960 εἶπεν
3005 1908 3146 1982 πρός
3193 1925 3291 1978 με’
3339 1908 3471 1971 Υἰός
3521 1925 3619 1978 μου
3645 1904 3689 1962 εί
3718 1911 3792 1965 σύ.

2244 2000 2387 2070 Ἐγὼ
2412 1999 2652 2072 σήμερον
2681 1999 2986 2072 γεγέννηκά
3009 2018 3088 2056 σε.
3121 2001 3358 2073 Αἴτησαι
3389 2001 3520 2072 παρ’
3555 2001 3682 2071 ἐμοῦ
3713 2003 3793 2057 καί

2231 2092 2391 2146 δώσω
2421 2109 2504 2145 σοι
2533 2090 2665 2162 ἐθνη
2696 2090 2795 2162 τὴν
2829 2092 3201 2163 κληρονομίαν
3231 2109 3352 2158 σου,
3388 2095 3487 2148 καὶ
3515 2092 3610 2166 τὴν
3646 2096 3792 2151 κατά·

2235 2182 2422 2256 σχεσίν
2452 2199 2546 2236 σου
2572 2181 2642 2236 τὰ
2666 2183 2880 2255 πέρατα
2907 2183 3008 2256 τῆς
3035 2187 3160 2255 γῆς.
3211 2202 3230 2238 ι

2305 2510 2430 2564 Τῶν
2486 2509 2543 2565 δὲ
2586 2509 2856 2581 ἰσχυρῶν
2902 2509 3142 2581 ἐμέρισε
3171 2511 3412 2566 σκύλα·
3463 2511 3656 2583 δηλαδὴ
3705 2513 3795 2567 τῶν

2233 2605 2633 2676 ἀντικειμένων
2667 2605 2953 2675 δυνάμεων
2991 2604 3332 2678 ἐξαρπάσας,
3373 2604 3471 2660 καὶ
3506 2604 3609 2659 ἴδια
3650 2605 3796 2662 σκύλα

2235 2701 2362 2764 τοὺς
2412 2699 2509 2752 ὑπ’
2562 2697 2788 2753 ἐκείνων
2847 2698 3390 2771 ἡνδραποδισμένους
3457 2699 3792 2769 πεποιηκώςο

2235 2792 2382 2863 άπερ
2405 2792 2609 2846 σκύλιι
2633 2793 2746 2856 τοῖς
2778 2790 2976 2845 ἐαυτοῦ
3011 2790 3271 2862 διένειμε
3317 2791 3592 2863 μαθηταῖς
3632 2792 3796 2861 διαςοό-

2240 2901 2364 2954 ρους
2398 2882 2460 2949 ἐξ
2481 2883 2664 2938 αὐτῶν
2695 2882 3112 2955 συστησάμενος
3147 2883 3504 2955 Ἐκκλησίας.
3534 2883 3621 2936 Διὸ
3650 2881 3798 2953 προθ-

2236 2975 2395 3045 λεγεν
2415 2991 2430 3006 ο
2466 2995 2485 3027 ι
2517 2975 2973 3046 [εὐφρανθήσεται
2993 2973 3226 3028 ἐνώπιόν
3263 2992 3384 3040 σου,
3418 2975 3494 3040 ὡς
3522 2977 3570 3030 oi
3598 2976 3798 3049 εὐφραι·

2238 3065 2456 3137 νόμενοι
2509 3067 2568 3118 ἐν
2605 3063 2820 3137 ἀμητῷ,
2852 3065 2948 3119 καὶ
2995 3065 3056 3118 δν
3101 3065 3307 3136 τρόπον
3359 3066 3414 3119 οἰ
3465 3065 3798 3137 διαιρούμενοι

2240 3157 2435 3211 σκύλα.
2473 3175 2493 3210 ι
2528 3155 2767 3220 Δυνατδς
2810 3155 2868 3211 δέ
2907 3155 3083 3210 ταῦτα
3124 3159 3323 3224 ποιεῖν,
3373 3157 3507 3211 ἀνθ’
3539 3150 3624 3211 ὧν
3670 3171 3796 3224 παρ·

2237 3248 2418 3317 εδόθη
2453 3250 2543 3316 εἰς
2565 3247 2854 3314 θάνατον,
2892 3247 3084 3319 μισθὸν
3123 3247 3316 3318 ῶσπερ
3343 3247 3530 3302 λαϐὼν
3563 3247 3704 3318 παρὰ
3719 3247 3798 3301 τοῦ

2241 3342 2508 3414 Πατέρος,
2549 3340 2613 3394 τὸ
2647 3338 2846 3404 σώζειν
2875 3340 2979 3394 καί
3010 3339 3422 3410 κληρονομεῖν
3445 3341 3569 3404 τοὺς
3592 3337 3799 3394 ἀπολλυ-

2242 3433 2456 3506 μένους.
2489 3433 2591 3488 Διὰ
2619 3433 2729 3505 γὰρ
2762 3433 2822 3487 τδ
2850 3433 3068 3500 παθεῖν,
3095 3433 3350 3504 ἀνίστησι
3379 3434 3482 3505 μὲν
3517 3433 3611 3486 σὺν
3647 3428 3800 3500 ἐαυτῷ

2237 3529 2366 3593 τοὺς
2403 3525 2664 3591 οἰκείους,
2704 3528 3046 3600 κατακρατεῐ
3083 3525 3141 3580 δέ
3187 3527 3300 3581 τῶν
3327 3526 3646 3598 ἀλλοτρίων,
3691 3524 3801 3589 τοὺς

2241 3621 2344 3693 μὲν
2382 3621 2809 3694 συμπάσχοντας
2832 3619 3188 3696 συνανιστὰς,
3207 3620 3335 3683 τοὺς
3381 3618 3442 3673 δέ
3493 3617 3802 3672 ἐπαναστάνο

2237 3708 2338 3779 τας
2359 3713 2658 3769 ταπεινῶν.
2695 3713 2858 3778 Τινὲς
2904 3712 2962 3767 δὲ
3009 3710 3304 3782 ἰσχυροὺς
3333 3711 3468 3775 τοὺς
3503 3708 3801 3773 ἀποστόλους

2240 3809 2519 3880 εἰρήκασι,
2556 3807 2654 3862 καὶ
2702 3806 2832 3872 τοὺς
2874 3805 3132 3874 καθάπαξ
3172 3805 3232 3859 ἐν
3271 3803 3500 3877 Χριστῷ
3547 3803 3799 3866 δυνατοὺς.

2237 3895 2321 3964 οἷς
2348 3899 2448 3954 ἆτε
2478 3897 2794 3970 νενικηκόσι
2846 3897 2942 3951 τὸν
2992 3897 3244 3950 Σατανᾶν
3287 3895 3565 3952 διαδίδωσι
3598 3895 3796 3955 mima,

2235 3991 2347 4046 τῶν
2370 3988 2762 4062 πνευματικῶν
2795 3989 3151 4061 χαρισμάτων
3178 3987 3280 4053 τὰς
3301 3989 3592 4062 χορηγίας.
3619 3979 3685 4059 Ὦ
3712 3985 3797 4057 μὲν

2239 4084 2351 4158 γὰρ
2379 4083 2584 4137 δίδοται
2611 4081 2746 4156 [διὰ]
2770 4081 2864 4136 τοῦ
2889 4079 3212 4151 Πνεύματος
3244 4079 3407 4150 λόγος
3437 4069 3644 4150 σοφίας,
3670 4076 3796 4146 ἄλλῳ

2237 4174 2398 4244 λόγος
2444 4173 2725 4245 γνώσεως,
2774 4174 2869 4228 καὶ
2916 4173 2988 4228 τὰ
3043 4172 3256 4239 τούτοις
3306 4173 3539 4244 ἀδελφά.
3590 4172 3708 4235 Πῶς
3751 4169 3798 4222 δὲ

2234 4267 2388 4340 μετὰ
2434 4268 2675 4340 ἀνόμων
2739 4265 3028 4338 ἐλογίσθη
3053 4307 3069 4332 ,
3122 4267 3241 4322 ἀλλ’
3303 4266 3338 4338 ἢ
3419 4260 3800 4334 συσταυρουμέ-

554 4365 863 4426 οωιει-οιιιιε
905 4353 1029 4409 istis
1062 4353 1289 4421 similia,
1325 4353 1454 4409 data
1499 4353 1716 4411 sunt".
1756 4355 1860 4421 Qui
1901 4351 2004 4423 fuit
2031 4369 2132 4409 au-

2240 4375 2348 4415 νων
2383 4358 2532 4432 αὖτῷ
2564 4357 2678 4413 τῶν
2701 4357 2940 4432 λῃστῶν,
2981 4358 3011 4413 δ
3037 4358 3102 4430 δὴ
3137 4359 3233 4413 καὶ
3262 4358 3496 4432 Μάρκος
3531 4349 3799 4425 ἐπισημαί-

555 4453 666 4502 tem
697 4461 817 4500 eum
847 4445 1044 4517 iniquis
1072 4453 1348 4516 reputatus
1369 4485 1386 4512 ,
1417 4445 1524 4501 nisi
1555 4445 1701 4517 quod
1734 4445 1920 4501 crucis
1950 4446 2134 4504 socios

556 4538 723 4595 etiam
753 4539 1016 4606 latrones,
1043 4545 1104 4594 ut
1133 4535 1350 4596 Marcus
1379 4538 1645 4595 indicavit
1668 4539 1738 4606 ⁸⁷,
1764 4538 1994 4595 habuit?

1181 4694 1336 4754 CAP.
1382 4695 1518 4754 LIV.

627 4827 987 4900 609-610
1010 4827 1180 4886 Vsus.
1210 4830 1366 4886 1-17.
1392 4829 1619 4901 Latiare,
1638 4833 1860 4903 sterilis,
1890 4849 2008 4906 quia
2036 4851 2141 4890 non

560 4923 729 4993 paris.
757 4921 986 4992 Erumpe
1007 4935 1056 4978 et
1075 4923 1272 4991 clama,
1298 4939 1414 4992 qute
1443 4942 1547 4981 non
1573 4929 1832 4995 parturis,
1862 4928 1987 4998 quia
2015 4927 2139 4998 plu-

561 5033 644 5071 res
686 5015 788 5086 lilii
808 5016 1052 5080 decertat,
1081 5033 1241 5087 quam
1267 5017 1381 5087 ejus
1409 5034 1526 5089 qua
1558 5018 1714 5074 habet
1766 5020 1959 5075 uirum.
1989 5020 2143 5075 Dixit

559 5111 700 5166 enim
736 5109 1031 5164 Dominus:
1055 5108 1243 5164 Dilata
1271 5109 1449 5166 locant
1475 5112 1804 5168 tabernaculi
1825 5115 1921 5180 tui,
1945 5123 1996 5169 et
2027 5115 2143 5184 pel-

561 5203 636 5258 (es
691 5202 985 5258 aulicorum
1045 5211 1255 5258 tuorum
1308 5203 1409 5274 ﬁge
1440 5245 1454 5270 ,
1497 5222 1559 5260 ne
1619 5223 1810 5277 parcas
1841 5222 1860 5262 :
1890 5207 2142 5277 protende

565 5295 832 5362 {utriculos
867 5305 1010 5364 tuos,
1038 5305 1088 5352 et
1108 5295 1288 5352 clavos
1320 5305 1435 5353 tuos
1467 5299 1744 5354 consolida
1768 5301 1941 5354 adhuc
1963 5317 1995 5354 a
2013 5300 2145 5354 dex-

538 5467 551 5538 έ
644 5455 692 5488 ³³
715 5453 758 5512 li
783 5455 910 5514 Cor.
939 5473 1023 5525 ιιι,
1053 5458 1110 5516 9.

1222 5462 1270 5496 “
1299 5459 1445 5518 Psal.
1472 5475 1531 5531 tt,
1570 5461 1623 5531 7,
1655 5461 1710 5518 8.
1784 5463 1830 5497 "
1857 5463 1963 5518 lsa.
2003 5479 2079 5532 ιχ,
2110 5463 2165 5519 3.

2239 4469 2390 4512 νει-αι
2411 4468 2429 4521 ;

2825 4690 3086 4762 ,ιιεφικ
3114 4693 3238 4749 NA’.

2310 4830 2484 4902 d-tC’.
2517 4833 2926 4904 Εὐφράνθητι,
2959 4830 3169 4902 στεῖρα
3196 4831 3234 4899 ἡ
3263 4831 3336 4886 οὐ
3367 4820 3796 4891 τίκτουσα.⁹Ρῆ-

2241 4930 2353 4998 εον
2389 4929 2491 4985 καί
2510 4929 2774 4998 βόησον,
2800 4927 2840 4996 τι
2879 4927 2992 4982 οὐκ
3021 4925 3355 4990 ὠδίνουσα,
3389 4925 3480 4979 ὄτι
3505 4919 3696 4978 πολλὰ
3733 4914 3794 4970 τὰ

2239 5023 2424 5079 τέκνα
2463 5021 2575 5090 τῆς
2597 5019 2822 5091 ἐρήμου
2871 5018 3129 5090 μᾶλλον,
3180 5019 3219 5087 ἣ
3254 5017 3365 5087 τῆς
3404 5016 3663 5087 ἐχούσης
3701 5010 3794 5065 τὸν

2238 5114 2448 5184 ἄνδρα.
2487 5108 2633 5169 Eius
2680 5110 2792 5181 γὰρ
2829 5111 3044 5180 Κύριος
3069 5126 3084 5140 ο
3126 5109 3448 5164 [Utitur-or
3493 5105 3598 5161 τὸν
3627 5103 3794 5158 τόπον

2239 5207 2350 5278 τῆς
2376 5203 2624 5275 σκηνῆς
2645 5220 2784 5269 σου,
2805 5202 3030 5270 καὶτὰς
3061 5199 3255 5270 δέρεις
3277 5201 3399 5256 τῶν
3418 5197 3679 5254 αὐλαιῶν
3689 5209 3788 5248 σου

2239 5301 2440 5372 πῆξον
2463 5341 2480 5368 ,
2510 5297 2595 5370 μὴ
2649 5297 2834 5368 Seston
2857 5313 2871 5328 ·
2923 5295 3241 5368 μάκρυνον
3295 5295 3367 5351 τὰ
3417 5282 3789 5368 σχοινίσματά

2241 5463 2330 5518 ³⁸1
2356 5461 2486 5518 Cor.
2515 5478 2614 5530 ιιι,
2647 5460 2700 5518 8.
2777 5461 2821 5497 "’
2851 5459 3019 5520 Marc.
3049 5476 3140 5527 xv,
3179 5459 3272 5516 27.

1851 5575 2088 5634 VARUS
2118 5575 2525 5637 LECTIONES.

635 5669 665 5711 6
695 5679 784 5734 γρ.
825 5663 859 5734 ἡ
888 5662 1152 5724 διακονία.
