3940 6514
160 358 309 425 2533

1335 329 1871 397 COMMENTARII
1912 327 1993 388 IN
2024 327 2291 389 ISAIAM

3282 320 3436 393 253‘

157 485 299 530 σου,
331 463 429 519 καὶ
482 461 624 527 τοὺς
674 453 1040 516 πασσάλους
1093 464 1211 502 σου
1260 444 1637 513 κατισχυσον
1666 441 1753 494 ἔτι

1884 440 1978 502 ris,
2009 447 2061 493 et
2099 456 2133 493 a
2165 438 2399 492 sinistris
2437 436 2638 500 dilata,
2671 446 2721 491 et
2755 452 2931 492 semen
2963 445 3111 491 tuum
3141 439 3429 507 possidebit

156 563 243 627 εις
266 558 343 612 τὰ
375 554 567 619 δεξιὰ,
595 549 695 605 καὶ
718 547 793 603 τὰ
832 542 1120 614 ἀριστερὰ
1143 539 1505 601 ἐκπέτασον,
1539 537 1639 590 καὶ
1678 535 1749 589 τὸ

1880 540 2052 596 rentes,
2096 539 2147 585 et
2176 531 2414 585 civitates
2445 530 2686 585 desertas
2720 530 2968 585 habitare
3003 530 3193 600 facies,
3220 539 3331 588 etc.

158 650 406 721 σπέρμα
429 662 548 703 σου
570 646 717 710 ἔθνη
746 634 1218 708 κληρονομήσει,
1251 633 1348 687 καὶ
1375 632 1585 697 πόλεις
1606 630 1745 697 ἡρη-

153 744 443 816 μωμένιις
463 732 804 799 κατοικιεῖς,
836 748 890 785 κ.
924 747 976 784 τ.
1010 727 1060 782 λ.

231 832 421 888 Εἰπὼν
475 828 571 884 τοῦ
611 825 867 897 Σωτῆρος
919 822 1020 889 τὴν
1076 817 1314 888 γένεσιν,
1370 814 1586 870 καὶτὸν
1615 812 1753 884 βίον,

158 920 388 979 καὶτοῦ
434 919 667 974 θανάτου
710 914 809 985 τὴν
859 910 1063 975 αἰτίαν,
1112 911 1195 964 ὃτι
1245 925 1305 961 τε
1353 906 1757 977 κληρονομήσει

152 1014 423 1076 πολλοὺς,
451 1010 588 1081 πρὸς
625 1007 827 1068 αὐτοὺς
868 1002 1097 1065 τούτους
1128 998 1441 1062 ἀκολούθως
1478 997 1568 1051 τὸν
1596 996 1757 1064 λόγον

160 1109 499 1179 μετήνεγκε,
544 1102 640 1156 καὶ
667 1097 767 1171 τὴν
793 1096 854 1163 ἐξ
882 1094 1065 1149 αὐτῶν
1104 1092 1436 1163 Ἐκκλησίαν
1469 1091 1641 1145 πάλαι
1669 1085 1759 1143 οὗ-

159 1178 261 1252 σαν
292 1194 520 1267 ἄτονόν
549 1210 611 1247 τε
643 1192 739 1245 καὶ
791 1188 1035 1257 ἔρημον,
1064 1187 1249 1240 ὁποῖαι
1305 1178 1448 1254 ἦσαν
1476 1181 1587 1234 τῶν
1617 1181 1760 1235 ὲθνιο

158 1289 278 1343 κῶν
314 1289 372 1341 αἱ
406 1284 601 1356 ψυχαί.
636 1281 711 1335 Οὐ
742 1279 852 1349 γὰρ
893 1272 1042 1348 εἶχεν
1070 1275 1250 1329 αὐτῶν
1281 1290 1407 1327 τινα
1459 1270 1526 1325 δι’
1558 1270 1760 1342 ἀρετῆς

158 1383 254 1434 καὶ
311 1376 627 1437 θεοσεϐείας
682 1368 1158 1438 καταταττόμενον
1216 1368 1304 1430 είς
1346 1363 1530 1418 τέκνα
1585 1362 1755 1417 Θεοῦ.

158 1468 346 1525 ἾΙσαν
393 1470 503 1538 γὰρ
526 1467 701 1528 ἄθεοι,
741 1463 837 1517 καὶ
866 1461 1059 1517 ἐλπίδα
1093 1460 1168 1530 μὴ
1198 1459 1435 1529 ἔχοντες,
1466 1456 1609 1511 κατὰ
1663 1455 1761 1527 τὴν

159 1563 389 1615 Παύλου
449 1560 654 1629 φωνήν.
703 1554 818 1610 Νὗν
852 1554 909 1608 δὲ
954 1553 1029 1616 ὡς
1055 1551 1329 1621 δεξαμένη
1382 1550 1638 1619 σπόρον,
1667 1551 1764 1602 καὶ

161 1653 444 1725 μελλούσῃ
503 1648 736 1713 τεκεῖν,
788 1644 952 1715 βοᾷν
1011 1640 1400 1713 ὲγκελεύεται,
1453 1640 1600 1695 καθὰ
1640 1641 1763 1703 ταῖς

159 1746 433 1809 κυούσαις
460 1745 517 1798 αἱ
548 1745 706 1814 μαῖαι
733 1740 873 1813 πρὸς
910 1739 971 1793 τὸ
1013 1738 1214 1811 ῥᾳδίως
1252 1738 1432 1789 τεκεῖν
1460 1734 1762 1806 εὐρυνομέ-

1929 795 2226 865 Postquam
2256 796 2320 852 de
2353 795 2654 853 Salvatoris
2680 807 2827 864 ortu,
2875 798 2942 853 de
2983 800 3115 863 vita,
3148 798 3215 852 de
3244 801 3437 855 mortis

1856 909 2051 958 causa,
2082 896 2259 964 deque
2280 908 2369 957 eo,
2415 894 2562 964 quod
2598 895 2802 948 multos
2841 904 2988 948 esset
3044 909 3433 963 posscssurus,

1858 987 2196 1056 disputavit;
2233 987 2298 1041 ad
2331 986 2551 1041 eosdem
2580 986 2837 1055 deinceps
2865 1001 3176 1040 sermonem
3207 1002 3438 1041 causer—

1857 1078 1947 1135 tit.
1981 1085 2036 1132 et
2066 1078 2132 1132 ad
2161 1076 2448 1133 conﬂatam
2473 1092 2537 1129 ex
2569 1076 2677 1130 illis
2718 1075 3045 1144 Ecclesium,
3087 1092 3209 1144 quae
3242 1079 3438 1131 sterilis

1859 1170 1990 1224 olim
2039 1177 2094 1224 et
2120 1170 2328 1223 deserta
2358 1169 2571 1239 (quales
2605 1167 2737 1237 ipsae
2784 1169 3004 1221 fuerant
3037 1169 3282 1237 gentium
3315 1169 3437 1222 ani-

1860 1271 1984 1333 mat)
2010 1262 2220 1317 nullum
2248 1262 2450 1316 virtute
2478 1269 2533 1315 et
2563 1260 2763 1330 pietate
2786 1261 2839 1313 in
2861 1259 3091 1329 ﬁliorum
3127 1260 3221 1315 Dei
3248 1278 3441 1316 nume-

1861 1370 1982 1408 rum
2054 1353 2249 1409 rel‘erri
2307 1353 2533 1423 dignum
2586 1352 2838 1406 habebat.
2900 1350 3071 1405 Erant
3130 1352 3274 1406 enim
3323 1354 3442 1407 sine

1862 1443 1995 1508 Deo,
2023 1457 2075 1499 et
2101 1461 2196 1515 spe
2220 1453 2493 1509 carentes,
2522 1451 2582 1498 ut
2610 1457 2735 1498 cum
2764 1441 2935 1497 Paulo
2972 1443 3165 1511 loquar
3196 1443 3264 1495 ’⁸.
3302 1442 3441 1498 Huic

1864 1538 2031 1606 igitur
2055 1536 2207 1607 jam,
2258 1544 2519 1605 tanquam
2561 1538 2757 1590 semine
2788 1544 3013 1604 excepto
3051 1536 3295 1603 paritura
3346 1537 3438 1600 sit,

1864 1629 2099 1684 clamare
2130 1630 2417 1700 prmcipit;
2448 1631 2593 1700 quod
2641 1630 2823 1685 solent
2868 1629 3299 1698 parturientibus
3341 1630 3442 1683 οι»-

1866 1723 2140 1787 stctrices,
2169 1731 2229 1777 ut
2280 1731 2474 1791 partus
2527 1723 2665 1793 ipse,
2701 1722 2949 1775 dilatatis
2982 1722 3272 1785 meatibus,
3305 1721 3442 1775 faci-

159 1797 646 1907 ξῴζρτέῶᾷπιρὶυν.
702 1797 868 1887 Ἀύτὶ-
892 1830 950 1885 δὲ
979 1797 1076 1884 τὶ»ιέ
1119 1797 1319 1898 ῥῆξον
1355 1828 1453 1882 καὶ
1478 1797 1760 1895 -ῥόησον,

1885 1815 1968 1869 ius
1986 1823 2258 1884 erumpat.
2288 1813 2392 1869 Sed
2427 1829 2525 1884 pro
2547 1829 2677 1885 quo,
2706 1813 2933 1881 Erttmpe
2962 1824 3008 1867 et
3039 1813 3236 1879 clama,
3273 1814 3441 1867 habe-

158 1934 473 2004 Σύμμαχος
539 1930 641 2002 μὲν
710 1926 956 1983 κελάδει
1008 1925 1250 1981 αἰνεσιν
1297 1924 1540 1994 εἴρηκεν.
1598 1923 1659 2004 Ὀ
1706 1922 1764 1976 δὲ

170 2025 439 2088 Ἀκύλας,
490 2024 782 2091 ιλάρυνον
838 2019 909 2073 ἐν
951 2015 1313 2089 ἀγαλλιάσει
1364 2015 1463 2069 καὶ
1493 2015 1762 2084 χρεμέτι-

158 2135 306 2173 σον.
368 2117 430 2172 '0
474 2116 533 2170 δὲ
586 2112 918 2179 Θεοδοτίων,
961 2109 1183 2179 Ῥἦξον
1226 2108 1620 2178 εὐφροσύνην
1663 2107 1765 2159 καὶ

160 2211 415 2279 τέρπου.
452 2206 600 2261 ’Δντὶ
628 2204 685 2259 δὲ
708 2203 815 2258 τοῦ
852 2201 1082 2273 ἐρήμου
1129 2198 1551 2270 ἠφανισμένης
1593 2196 1763 2268 ἔφησε

161 2304 239 2358 Σύ
248 2296 614 2375 μμαχος·⁷Ην
638 2298 749 2372 τὰρ
775 2294 1159 2367 ἠφανισμὲνη
1196 2292 1296 2348 καὶ
1320 2292 1565 2362 ἕρημος,
1595 2290 1671 2362 μή
1682 2306 1766 2343 πω

161 2398 261 2451 τὸν
316 2394 643 2467 ἐπουράνιον
676 2389 992 2461 κεκτημένη
1026 2386 1299 2458 Νυμφίον.

241 2488 358 2559 Τὴν
401 2487 459 2541 δὲ
504 2486 606 2557 τῆς
647 2482 1038 2555 εὐφροσύνης
1068 2479 1276 2546 αίτίαν,
1314 2479 1414 2551 τὴν
1440 2476 1765 2547 πολυγονίαν

164 2581 323 2650 λέγει
353 2580 455 2649 τὴν
486 2577 812 2649 μέλλουσαν,
847 2573 915 2627 δι’
938 2567 1005 2645 ἧς
1038 2570 1244 2644 ήμελλε
1295 2570 1454 2641 νικᾷν
1486 2570 1587 2639 τὴν
1628 2570 1768 2622 Ἰου-

165 2673 339 2728 δαίων
366 2670 719 2742 Συναγωγὴν,
751 2668 817 2722 ὲκ
847 2666 1069 2720 πάντων
1109 2660 1245 2718 οὖσα
1290 2662 1401 2717 τῶν
1446 2660 1638 2727 ὲθνῶν,
1666 2660 1767 2732 τὴν

168 2768 234 2834 ἐξ
266 2766 391 2830 ἐνὸς
414 2764 603 2827 ἔθνους
633 2759 1063 2830 συνισταμένην.
1106 2756 1211 2810 Ἦν
1239 2755 1327 2810 διὰ
1353 2753 1599 2818 Μωσέως
1629 2753 1765 2824 πρὸς

168 2860 489 2929 οἰκειότητα
528 2852 905 2926 πνευματικὴν
956 2852 985 2905 ό
1033 2848 1170 2914 Θεὸς
1216 2846 1624 2920 προσηγάγετο,
1671 2846 1768 2899 καὶ

170 2950 389 3005 πολλῶν
417 2948 668 3020 ἀπέφηνε
697 2945 923 3000 τέκνων
952 2941 1189 3015 μητέρα.
1208 2938 1351 2994 Ἀλλ’
1367 2938 1655 3010 ὴτεκνώθη
1679 2936 1766 2992 διὰ

170 3044 439 3116 Χριστὸν,
471 3037 827 3106 καίτοι,κατὰ
854 3035 950 3092 τὸν
986 3034 1354 3107 Ἰερεμίαν,ὲν
1386 3032 1603 3096 τέκνοις
1630 3025 1767 3085 οὖσα

1864 1921 1988 1962 mus
2018 1945 2035 1971 ,
2078 1904 2283 1961 Resona
2333 1906 2566 1972 laudem,
2609 1907 2749 1960 dixit
2780 1906 3178 1976 Symmachus;
3214 1906 3442 1974 Aquilas

1863 2011 2065 2065 autem,
2094 1997 2283 2053 Hilare
2317 1998 2608 2061 exsultato,
2639 2007 2688 2051 et
2708 1997 2893 2062 hinni;
2923 1996 3227 2051 'l'heodotio
3260 2012 3391 2050 vero
3425 2012 3443 2052 :

1865 2087 2097 2159 Erumpe
2159 2090 2215 2144 in
2272 2090 2556 2155 laetitiam,
2613 2101 2662 2145 et
2733 2091 3019 2145 oblectare.
3072 2087 3179 2144 Pro
3235 2089 3445 2145 deserta

1862 2183 2022 2255 611
2079 2182 2350 2254 denique,
2399 2183 2626 2238 deletam
2686 2182 3076 2254 Syuunachus.
3108 2181 3239 2237 Erat
3297 2185 3443 2239 enim

1864 2276 2037 2330 deleta
2090 2284 2141 2329 et
2165 2276 2412 2342 deserta;
2448 2291 2570 2347 qua:
2591 2276 2870 2332 caelestem
2896 2274 3170 2345 Sponsum
3203 2276 3446 2331 nondum

1865 2366 2199 2437 possideret.

1936 2457 2165 2513 Laetitia:
2193 2473 2416 2513 causam
2440 2457 2639 2514 deinde
2670 2457 2725 2513 in
2755 2456 2939 2513 futura
2965 2457 3304 2515 fecunditate
3329 2461 3447 2516 col-

1865 2552 2031 2619 locat,
2066 2566 2164 2623 per
2193 2567 2360 2622 quam
2391 2550 2704 2607 Judaeorum
2738 2550 3083 2624 Synagogam
3120 2562 3448 2624 superatura

1865 2654 1952 2699 est
1984 2662 1998 2699 :
2042 2658 2168 2698 cum
2206 2644 2298 2698 illa
2335 2643 2557 2714 quidem
2609 2644 2676 2699 de
2719 2642 2977 2714 gentibus
3003 2644 3299 2710 omnibus,
3336 2646 3453 2703 haec

1867 2744 2050 2790 autem
2080 2735 2150 2790 ab
2184 2750 2294 2789 una
2324 2741 2537 2789 tantum
2568 2733 2899 2806 colligatur;
2933 2751 3096 2807 quam
3126 2752 3223 2807 per
3247 2735 3451 2793 Mosen)

1868 2827 1922 2882 in
1991 2827 2279 2898 spirituale
2336 2827 2676 2882 consortium
2749 2829 3094 2899 compulerat
3152 2828 3452 2896 Dominus,

1867 2919 2205 2991 ﬁliorumque
2227 2918 2527 2974 multorum
2558 2925 2840 2988 parentem
2872 2917 3167 2988 ell'ecerat;
3203 2921 3296 2975 sed
3318 2923 3455 2977 orba

1868 3012 2057 3067 liberis
2110 3026 2207 3082 per
2239 3011 2521 3066 Christum
2570 3010 2765 3066 ellecta
2817 3020 2925 3077 est,
2967 3012 3326 3083 quantumvis
3355 3028 3454 3067 au-

172 3100 376 3207 πᾷλλή.
409 3100 521 3188 Καὶ
549 3100 753 3203 βιϐλίον
786 3100 1343 3184 ἀποστασίου-δέδωκε
1377 3122 1455 3194 τῷ
1485 3122 1604 3195 Θεῷ
1636 3122 1768 3176 θαυ-

1880 3100 2269 3158 ctoreJeremia
2288 3102 2587 3157 liberorum
2615 3101 2968 3158 multitudine
2990 3101 3315 3158 abundaret.
3344 3104 3457 3159 lmo

178 3195 414 3299 μάζούτι
436 3239 451 3255 ο
488 3239 509 3273 ι
538 3195 663 3285 ίῖῶς
702 3218 919 3289 ἐγένετο
953 3216 1128 3287 πόρνη
1162 3212 1315 3277 ⁴ιεόλις
1348 3213 1517 3283 πιστὴ
1546 3210 1717 3279 Σιών;
1752 3230 1771 3263 ι

1881 3196 1992 3251 Deo
2020 3195 2124 3266 ipsi
2160 3197 2324 3250 etiam
2370 3195 2615 3252 libellum
2665 3196 2881 3267 repudii
2942 3196 3146 3263 dedit,
3200 3206 3262 3253 ut
3314 3199 3455 3254 idem

174 3320 354 3383 Αὐτὸς
385 3316 497 3388 γὰρ
522 3314 583 3368 οὐ
612 3313 843 3368 δέδωκεν
872 3308 1043 3364 εἰπών
1066 3326 1081 3342 ο
1138 3326 1157 3359 ι
1192 3309 1349 3361 Ποῖον
1382 3306 1541 3359 τοῦτο
1574 3304 1780 3376 βιϐλίον

175 3409 518 3469 ἀποστασίου
548 3407 647 3477 τῆς
680 3402 919 3476 μητέρος
945 3400 1140 3474 ήμῶν;
1174 3392 1246 3471 ᾯ
1273 3396 1634 3464 ὲξαπέστειλα
1678 3397 1781 3451 αύ-

176 3505 317 3575 τήν;
359 3499 504 3554 Ἀλλ’
534 3499 730 3570 ἑαυτῇ,
762 3495 922 3567 φησι,
952 3494 1176 3562 γέγονεν
1207 3490 1391 3546 αἰτία’
1416 3490 1565 3543 Διότι
1592 3485 1780 3561 ἦλθον,

181 3597 280 3650 καὶ
325 3594 429 3646 οὐκ
474 3587 544 3663 ἦν
586 3589 908 3661 ἄνθρωπος·
957 3585 1195 3640 ἐκάλεσα
1232 3586 1328 3639 καί
1375 3584 1477 3638 ούκ
1524 3579 1593 3655 ἦν
1624 3587 1652 3638 ό
1682 3585 1784 3637 ὑπ-

183 3686 425 3742 ακούων.
457 3702 477 3736 ι
526 3682 637 3736 Καὶ
662 3677 897 3751 ἀλλαχοῦ
930 3677 987 3731 δέ
1028 3694 1195 3749 φησιν
1217 3691 1231 3705 ·
1284 3694 1302 3728 ι
1333 3677 1446 3747 υύχ
1474 3675 1553 3739 ὡς
1581 3676 1784 3730 οἰκεῖόν

189 3796 258 3850 με
288 3775 585 3840 ἐκάλεσας,
615 3772 725 3826 οὐδ’
754 3770 830 3836 ὡς
866 3769 1088 3842 Πατέρα
1113 3767 1207 3821 καὶ
1236 3766 1483 3838 ἀρχηγὸν
1510 3764 1612 3835 τῆς
1642 3782 1786 3836 παρ-

187 3868 373 3932 θενίας
412 3883 529 3921 σου.
568 3883 587 3917 ι
633 3864 745 3918 Καὶ
796 3860 996 3917 πάλιν⁶
1036 3880 1055 3913 ι
1086 3858 1351 3929 Θυγάτηρ
1395 3857 1494 3928 τῆς
1547 3856 1785 3928 μητέρος

191 3980 287 4016 σου
322 3955 373 4015 εἴ
407 3954 894 4027 συγκαταλιποῦσα
923 3956 1015 4007 τὸν
1043 3950 1215 4024 ἄνδρα
1244 3949 1437 4019 αὐτῆς.
1470 3966 1490 4000 ι
1521 3948 1787 4018 Ἕρημον

189 4056 249 4109 δὲ
286 4054 406 4121 τὴν
439 4051 636 4121 χήραν
684 4049 808 4103 κατ’
839 4045 959 4110 ἔθος
1004 4044 1164 4098 καλεῖ
1196 4040 1492 4114 Γραφικόν.
1524 4038 1629 4092 Τὸν
1674 4038 1784 4109 γὰρ

191 4148 303 4201 τῶν
333 4143 560 4213 ἀγαθῶν
590 4140 800 4213 σπορέα
838 4137 1013 4206 Λόγον
1051 4135 1152 4188 οὐκ
1201 4126 1370 4203 εἶχεν·
1419 4130 1479 4184 ὃν
1518 4126 1789 4199 δεξαμένη

194 4239 278 4292 Nu
287 4236 454 4308 μφίον
475 4232 573 4304 τὴν
595 4230 793 4300 ἑτέραν
815 4226 893 4298 τῷ
907 4225 1115 4279 τίκτειν
1143 4221 1517 4294 παρέδραμεν,
1541 4217 1617 4281 ὡς
1636 4215 1787 4269 πλεί-

198 4348 330 4385 στου
353 4327 561 4383 δείσθαι
580 4324 818 4386 πλάτους
839 4319 976 4393 πρὸς
1000 4318 1101 4391 τὴν
1119 4316 1231 4370 τῶν
1260 4314 1468 4369 τέκνων
1495 4309 1785 4380 ὑποδοχὴν,

198 4425 282 4487 είς
330 4420 517 4474 εἰκόνα
564 4415 759 4471 τούτου
790 4408 1246 4483 παρειλημμένης
1274 4407 1376 4478 τῆς
1408 4403 1563 4476 παρὰ
1600 4402 1791 4456 Μωσεϊ

136 4526 152 4539 ⁸
201 4480 414 4586 σκηνῆς
450 4513 582 4575 Ταῖς
610 4509 719 4582 γὰρ
745 4480 937 4569 αὑταῖς
965 4480 1235 4576 ἐχρήσατο
1261 4499 1497 4567 λέξεσιν,
1526 4493 1663 4565 ὁμοῦ
1690 4492 1784 4547 καὶ
1816 4480 1861 4535 β

199 4612 265 4666 τὸ
311 4610 412 4679 τῆς
458 4602 789 4675 Ἐκκλησίας
844 4599 1142 4655 ἀσάλευτον
1174 4594 1262 4649 διὰ
1306 4591 1417 4646 τῶν
1445 4586 1785 4644 πασσάλων

200 4700 601 4774 δηλῶν.Τύπον
628 4699 738 4768 γὰρ
766 4694 976 4765 ταύτης
1004 4690 1190 4759 ἐκείνη
1220 4687 1591 4757 κατέγραφεν,
1613 4683 1660 4735 εί
1692 4679 1789 4733 καὶ

208 4798 435 4870 μέτροις
465 4794 606 4865 ἄγαν
648 4793 921 4846 ἐλάττοσι.
950 4786 1042 4840 Διὸ
1073 4783 1169 4839 καλ¹
1199 4781 1319 4837 καθ’
1341 4780 1572 4834 ἕκαστον
1618 4774 1790 4870 κλίμα

206 4867 604 4961 περικειμένας
656 4881 802 4956 εῖχεν
849 4880 1019 4945 αὐλὰς
1072 4877 1289 4950 μακρὰς
1338 4870 1476 4944 όμοῦ
1527 4869 1624 4923 καὶ
1651 4867 1792 4961 aria-

206 4953 382 5042 τείας.
401 4953 565 5032 vim
592 4977 646 5029 τί
668 4953 860 5039 ταῦτα,
891 4971 988 5026 καὶ
1015 4968 1110 5023 τοῦ
1136 4965 1243 5021 νεὼ
1270 4963 1340 5017 τὰ
1369 4961 1544 5033 μέτρα
1571 4957 1707 5027 πρὸς
1726 4953 1796 5009 τὰ

208 5073 398 5145 πλήθη
446 5070 543 5125 καὶ
592 5066 825 5139 μεγέθη,
854 5064 949 5119 καὶ
985 5060 1157 5130 κάλλη
1191 5056 1299 5110 τῶν
1332 5049 1608 5122 πανταχοῦ
1658 5047 1795 5145 καθ-

215 5138 519 5236 ιδρυμένων
560 5138 903 5230 Ἐκκλησιῶν
937 5156 1065 5226 μιᾶς
1086 5152 1183 5222 τῆς
1210 5150 1276 5203 ὲκ
1301 5144 1491 5200 πασῶν
1526 5138 1796 5236 ὑπαρχού-

215 5277 317 5331 σης
344 5233 683 5326 καθολικῆς;
713 5252 857 5325 Πρὸς
894 5251 962 5321 ἣν
1003 5245 1291 5315 ἐπιφέρει,
1316 5240 1423 5295 Καὶ
1459 5236 1523 5331 τὸ
1557 5233 1795 5331 σπέρμα

215 5322 334 5405 σου
370 5322 814 5415 κληρονομήσει
837 5341 1004 5409 ἔθνη.
1033 5336 1203 5391 Τοῦτο
1236 5332 1293 5386 δὲ
1317 5330 1410 5384 τὸν
1437 5322 1793 5395 εύαγγελικδν

1881 3289 2118 3344 miratur
2148 3289 2234 3346 his
2264 3289 2450 3345 verbis
2481 3307 2494 3345 :
2535 3308 2553 3341 ι
2590 3288 2880 3356 Quomodo
2909 3290 3157 3345 adultera
3188 3286 3343 3345 facta
3374 3299 3459 3346 est

1883 3384 2018 3441 urbs
2066 3383 2244 3440 ﬁdelis
2298 3383 2431 3439 Sion
2465 3380 2548 3436 ”?
2586 3400 2604 3433 ι
2659 3379 2849 3451 Neque
2893 3381 3039 3436 enim
3094 3379 3210 3452 ipse
3243 3381 3460 3437 dedisse

1884 3478 2184 3551 putandus,
2216 3478 2308 3548 qui
2334 3477 2447 3531 ait:
2487 3495 2505 3528 ι
2553 3473 2752 3542 Qualis
2795 3476 2901 3530 istc
2930 3475 3143 3545 repudii
3178 3475 3314 3531 liber
3346 3492 3461 3529 ma-

1883 3572 1985 3627 tris
2019 3569 2246 3626 vestraz?
2272 3570 2373 3623 (Sui
2414 3567 2599 3624 dimisi
2636 3567 2802 3624 eam?
2836 3567 2945 3621 imo
2969 3567 3074 3622 sibi
3107 3567 3219 3632 illa,
3258 3568 3459 3638 inquit,

1883 3677 2051 3719 causa
2096 3661 2200 3716 fuit
2234 3672 2294 3716 ut
2350 3663 2617 3726 venirem,
2644 3667 2698 3714 et
2752 3673 2859 3714 non
2896 3665 3012 3714 erat
3050 3658 3237 3725 homo,
3274 3661 3490 3716 vocavi.

1883 3768 1932 3813 el
1964 3773 2072 3811 non
2106 3763 2224 3811 erat
2254 3754 2348 3824 qui
2390 3753 2607 3809 audiret
2638 3752 2706 3807 ’°.
2746 3772 2766 3805 ι
2808 3751 2875 3806 Et
2914 3753 3042 3808 alibi
3096 3738 3202 3808 hoc
3248 3755 3411 3810 modo
3444 3772 3460 3810 :

1891 3868 1911 3903 ι
1946 3849 2064 3904 Non
2096 3864 2182 3902 me
2212 3856 2273 3901 ut
2309 3846 2546 3901 amicum
2588 3844 2819 3912 vocasti,
2857 3861 3035 3917 neque
3067 3855 3127 3900 ut
3155 3855 3385 3916 patrem,
3409 3857 3466 3902 et

1886 3944 2082 3998 ducem
2111 3938 2446 4011 virginitatis
2493 3946 2601 3993 tua:
2645 3938 2715 3993 ³¹.
2772 3956 2790 3989 ι
2846 3936 2912 3992 Et
2944 3954 3163 3994 rursum
3201 3954 3214 3991 :
3254 3956 3272 3991 ι
3326 3938 3465 3994 Filia

1886 4036 2082 4091 matris
2105 4043 2210 4091 tua:
2237 4049 2319 4101 es,
2355 4047 2477 4105 qua:
2508 4031 2686 4085 virum
2721 4029 2845 4101 ejus
2878 4030 3173 4087 deseruisti
3207 4028 3273 4085 ³¹.
3318 4048 3338 4083 ι
3380 4030 3469 4085 Si-

1886 4129 2180 4199 gnilicatur
2207 4134 2391 4182 autem
2424 4124 2654 4179 desertae
2681 4123 2901 4179 nomine
2922 4123 3109 4178 eadem
3139 4123 3319 4193 plane,
3343 4139 3466 4192 quae

1886 4233 1940 4279 et
1966 4223 2125 4277 vidua
2155 4221 2381 4284 dicitur,
2407 4219 2609 4272 usitata
2634 4217 2934 4286 Scriptura:
2959 4216 3171 4270 scilicet
3207 4215 3465 4284 loquendi

1887 4315 2306 4374 consuetudine.
2339 4312 2529 4366 Caruit
2559 4310 2703 4366 enim
2731 4310 2996 4365 bonorum
3025 4312 3269 4365 oumium
3300 4312 3469 4366 semi-

1890 4416 2085 4464 natore
2105 4405 2272 4460 verbo
2306 4423 2321 4459 :
2352 4401 2497 4473 quod
2531 4415 2651 4471 qua:
2676 4400 2728 4453 in
2766 4399 3040 4469 Sponsum
3068 4400 3298 4469 accepit,
3323 4400 3464 4456 alte-

1892 4516 2009 4555 ram
2040 4501 2115 4554 ita
2148 4495 2489 4553 fecunditate
2532 4493 2815 4564 prolisque
2867 4506 3099 4547 numero
3130 4499 3372 4562 superat,
3408 4502 3467 4548 ut

1892 4586 2144 4654 ampliori
2201 4585 2269 4640 ad
2300 4585 2600 4640 liberorum
2635 4580 3068 4651 acceptationem
3100 4580 3301 4651 spatio,
3341 4597 3467 4652 pro-

1894 4683 2004 4737 lata
2040 4681 2096 4735 in
2152 4677 2204 4733 id
2239 4692 2270 4732 e
2298 4673 2469 4731 Mosis
2502 4672 2861 4728 tabernaculo
2912 4670 3296 4737 similitudine,
3326 4688 3467 4745 opus

1896 4772 2112 4830 habeat.
2148 4769 2347 4825 iisdem
2372 4765 2666 4838 siquidem,
2694 4764 2895 4834 quibus
2928 4763 3038 4829 ille,
3076 4765 3256 4820 verbis
3283 4773 3337 4820 et
3380 4766 3468 4821 hic

1895 4866 2090 4927 utitur,
2122 4859 2438 4931 pariterque
2488 4855 2879 4910 inconcussam
2936 4851 3196 4909 Ecclesiae
3236 4856 3468 4911 firmita-

1894 4964 2002 5012 tem
2051 4953 2323 5008 clarorum
2355 4946 2575 5003 nomine
2622 4944 2911 5016 signiﬁcat.
2947 4944 3121 5015 Hujus
3152 4946 3297 5000 enim
3334 4946 3471 5016 ligu-

1895 5064 2036 5111 ram.
2064 5059 2322 5101 mensura
2358 5051 2538 5097 tamen
2592 5040 2752 5109 longe
2799 5038 3058 5104 breviori,
3090 5038 3219 5091 illud
3248 5055 3470 5107 expres-

1897 5144 1992 5209 sit,
2056 5140 2291 5209 indeque
2322 5137 2389 5191 ad
2444 5133 2691 5203 singulas
2725 5133 2913 5201 plagas
2944 5131 3082 5184 atria
3115 5131 3272 5200 longa
3303 5131 3468 5185 simul

1898 5243 1953 5291 et
1982 5234 2092 5288 lata
2124 5232 2387 5286 habuisse
2444 5225 2709 5296 reperias.
2759 5221 2962 5278 Verum
3002 5221 3132 5291 quid
3177 5222 3301 5287 ista,
3335 5230 3473 5276 tetu-

1900 5324 2087 5395 plique
2114 5321 2277 5377 etiam
2327 5318 2507 5372 futura
2565 5323 2649 5370 est
2707 5311 3049 5383 magnitudo,
3077 5312 3121 5366 si
3142 5327 3263 5365 cum
3294 5314 3473 5367 ecrle—

601 5397 734 5513 περὶ
750 5433 811 5495 οὗ
828 5397 990 5509 φησιν
1014 5453 1028 5467 ο
1053 5454 1072 5488 ι
1104 5430 1357 5500 Ἐξῆλθεν
1387 5429 1416 5481 ὁ
1442 5425 1681 5516 σπείρων
1706 5423 1775 5516 τα

1908 5420 2113 5475 siarum
2145 5412 2504 5483 attiplitudine
2527 5420 2579 5464 et
2614 5406 2889 5468 vastitate,
2928 5404 2973 5459 si
3007 5419 3131 5459 cum
3170 5397 3474 5475 pulchritu-

219 5513 468 5611 cateipat.
492 5556 510 5591 ι
533 5536 644 5590 Καὶ
674 5532 795 5604 οὐχὶ
809 5532 968 5586 καλὸν
993 5527 1227 5597 σπέρμα
1257 5524 1515 5592 ἔσπειρας
1532 5520 1590 5572 ὲν
1718 5513 1796 5611 σῷ

220 5600 399 5706 ἀγρῶ,
429 5630 491 5697 ἐξ
526 5618 590 5685 οὗ
618 5600 888 5682 πλείστων
918 5622 1089 5692 ἁγίων
1117 5619 1307 5692 γέγονε
1344 5616 1560 5688 μήτηρ;
1604 5608 1694 5674 Ἐξ
1724 5600 1799 5662 ὦν

1903 5509 2030 5564 dine
2066 5495 2301 5576 denique
2354 5499 2744 5565 conferantur,
2785 5510 2906 5565 qua:
2933 5494 3135 5564 ubique
3157 5504 3472 5559 castructm,

1905 5605 2054 5660 illam
2112 5615 2277 5658 unam
2325 5613 2390 5654 ex
2444 5594 2702 5651 omnibus
2749 5588 3013 5659 cliiciunt,
3043 5606 3166 5662 quae
3205 5589 3475 5648 catholica

294 5814 345 5848 ³⁸
386 5812 580 5885 Ephes.
610 5826 688 5879 ιι,
722 5788 810 5865 l2.
888 5808 941 5839 "’
969 5802 1171 5862 Jcrem.
1198 5816 1257 5856 Ill
1280 5842 1294 5869 ,
1318 5800 1371 5856 6.
1404 5868 1411 5874 _
1444 5797 1489 5830 ³ο
1523 5793 1630 5851 lsa.
1656 5792 1775 5861 1.,1,

1928 5786 1968 5819 ³¹
2013 5785 2218 5841 Icrem.
2253 5799 2334 5850 ιιι,
2366 5781 2419 5836 ll.
2497 5778 2541 5814 ³²
2578 5775 2776 5834 Ezech.
2802 5783 2915 5836 ιιι,
2943 5769 3034 5825 45.
