3998 6390
343 191 367 262 ί·
439 253 584 317 2535
988 281 994 286 .
1785 235 2047 295 P110001

2168 235 2413 296 GAZA‘II
3588 235 3741 302 2536

439 361 685 427 dicitur?
709 359 786 414 Ad
816 357 959 413 hanc
991 352 1084 410 illa
1129 348 1467 413 referuntur,
1514 346 1738 417 quibus,
1769 343 1834 398 Et
1865 359 2040 400 semen

2153 343 2314 400 ἐθνῶν
2379 344 2649 416 ἄρχοντας
2698 343 3062 417 καθηγεῖσθαι
3115 347 3432 405 συνέϐαινεν
3480 351 3571 406 τὸν
3625 353 3740 407 τῶν

442 467 594 508 tuum
625 448 912 522 passidebit
946 454 1155 516 gentes,
1196 440 1483 510 adjicitur.
1525 435 1890 506 Evangelicus
1912 448 2046 489 vero

2153 435 2478 506 προσιόντων
2511 436 3015 506 μυσταγωγοῦντας
3045 437 3197 505 λαὸν,
3215 435 3299 504 οἷς
3327 442 3423 496 καὶ
3451 443 3533 507 είς
3561 441 3743 499 αίῶνα

443 548 568 602 istis
601 557 784 600 sermo
837 537 1204 608 signiﬁcatur,
1247 535 1315 586 de
1342 544 1474 600 quo,
1513 530 1698 583 exisse
1731 527 1825 597 qui
1873 526 2039 582 semi—

2153 529 2228 583 τὸν
2280 529 2544 596 μέλλοντα
2575 529 2944 601 καθηγεῖσθαι
2974 531 3211 603 Χριστὸς
3240 531 3640 606 ἐπηγγέλλετο,
3666 536 3748 608 τῷ

443 649 562 703 nat,
590 643 649 689 ut
674 633 993 692 seminaret,
1028 627 1260 706 legimus
1289 624 1358 679 ³³.
1394 625 1592 677 Annon
1625 621 1824 676 deinde
1864 635 2040 673 semen

2153 621 2242 692 μὲν
2273 623 2457 687 πέντε,
2484 620 2563 693 τῷ
2591 622 2648 675 δὲ
2684 623 2818 676 δέκα
2846 623 3238 698 πόλεων,πρὺς
3276 629 3379 698 τὴν
3401 627 3514 682 τῶν
3543 629 3748 684 ταλάν-

446 731 652 784 bonum
685 725 739 778 in
774 723 864 775 Dei
895 733 1029 790 agro
1062 717 1396 772 semiuatum
1432 713 1539 780 εει,
1572 727 1698 767 cum
1720 711 1850 765 inde
1875 708 2044 781 pluri-

2153 728 2246 766 των
2270 711 2557 783 διανομήν.
2596 711 2660 766 Οἳ
2697 713 2793 767 καί
2823 729 2990 783 φασιν
3019 716 3467 788 εὐφραινόμενον
3516 738 3537 771 ι
3569 720 3746 775 ’Υπὲ-

445 833 660 875 morum
687 815 851 886 612
885 824 1204 867 sanctorum
1239 816 1418 862 mater
1456 804 1735 872 evaserit;
1771 817 1800 858 a
1837 803 2041 874 quibus

2153 800 2272 866 ταξε
2297 801 2463 865 λαοὺς
2484 805 2640 872 ἡμῖν,
2677 803 2775 858 καὶ
2803 805 2931 877 ἔθνη
2957 803 3062 860 ύπδ
3087 809 3214 872 τοὺς
3236 808 3406 874 πόδας
3426 809 3608 882 ἡμῶν.
3627 811 3749 879 Ἐξ-

445 909 598 980 ipsos
627 909 791 962 etiam
822 905 1064 975 gentium
1102 909 1367 964 rectores,
1394 909 1451 952 ut
1483 896 1831 951 accedentem
1862 909 2043 966 popu-

2153 892 2362 958 ελέξατο
2384 893 2516 964 ἡμῖν
2552 893 2652 966 τὴν
2684 895 3056 968 κληρονομίαν
3098 899 3320 955 ἑαυτοῦ.
3361 920 3381 954 ι

447 1006 558 1060 lum
590 1002 765 1056 sacris
820 999 1147 1061 imbuerent,
1180 993 1386 1049 erudiri
1419 990 1670 1060 contigit,
1702 1003 1841 1060 quos
1877 988 1924 1044 ei
1977 989 2033 1042 iu
2076 985 2321 1042 futurum
2378 989 2544 1044 etiam
2614 989 2876 1044 saeculum
2934 989 3289 1062 praefuturus,
3373 994 3462 1050 alii
3519 993 3750 1067 quidem

446 1098 677 1154 urbibus
709 1094 976 1164 quinque,
1009 1090 1102 1144 alii
1134 1098 1316 1143 autem
1348 1087 1563 1150 decem,
1607 1101 1705 1156 pro
1747 1086 2075 1138 talentorum
2115 1083 2508 1140 distributione
2546 1087 2851 1151 concessis,
2911 1085 3168 1144 Christus
3208 1089 3472 1147 indicavit
3521 1093 3612 1145 “7
3652 1097 3748 1162 qui

449 1190 686 1258 denique
721 1185 906 1240 lzetitia
963 1179 1170 1242 allecti,
1197 1179 1428 1250 p0pulos
1455 1178 1579 1241 sibi,
1613 1186 1666 1230 et
1699 1184 1888 1247 gentes
1921 1173 2155 1246 pedibus
2182 1175 2304 1229 suis
2340 1191 2464 1231 esse
2486 1177 2786 1247 subjectos,
2816 1185 2871 1233 et
2928 1191 2989 1234 se
3054 1179 3111 1234 in
3181 1183 3559 1240 haereditatem
3637 1186 3750 1241 elc-

459 1291 580 1337 ctos
612 1274 1038 1348 proﬁterentur?

519 1393 616 1449 Est
639 1394 783 1448 enim
819 1391 1025 1447 Christi
1060 1404 1184 1445 sors
1216 1388 1403 1453 unius,
1449 1386 1672 1457 populis
1704 1399 1940 1454 prazesse
1981 1390 2038 1438 et

450 1485 730 1542 moderari
780 1498 794 1534 :
839 1482 1072 1550 indeque
1114 1479 1286 1532 llabbi
1337 1493 1671 1550 quemquam
1723 1477 1908 1530 vocari
1950 1491 2041 1530 ve-

451 1579 577 1640 tuit,
627 1591 686 1632 se
738 1591 902 1627 unum
949 1571 1262 1626 Judaeorum
1316 1570 1638 1638 magistrum
1699 1583 1823 1622 esse
1875 1582 2029 1620 asse-

450 1687 600 1733 rens,
630 1671 722 1738 qui
781 1666 1085 1735 discipulos
1140 1673 1322 1717 tamen
1381 1661 1665 1733 dignitatis
1706 1676 1820 1717 suae
1873 1660 2043 1729 parti-

2214 1378 2457 1455 Χριστοῦ
2497 1379 2596 1452 μὲν
2643 1376 2753 1453 γὰρ
2805 1377 2971 1451 μόνου
3019 1379 3224 1454 κλῆρος
3268 1382 3329 1437 τὸ
3379 1383 3756 1456 καθηγεῖσθαι

2141 1474 2405 1530 λαῶν.Διδ
2422 1474 2631 1528 κελεύει
2665 1471 2854 1544 μηδεν)⁸
2877 1473 3057 1542 λέγειν
3071 1473 3285 1532 Ῥαϐὄί.
3307 1495 3325 1528 ι
3358 1471 3447 1542 Εἷς
3473 1481 3584 1550 γάρ
3610 1480 3754 1546 ἐστι,

2144 1565 2332 1633 φησιν,
2352 1562 2505 1632 ὑμῶν
2538 1563 2857 1633 καθηγητὴς
2873 1561 2900 1616 ό
2923 1564 3182 1634 Χριστός.
3198 1584 3216 1618 ι
3243 1565 3537 1622 Μετέδωκε
3557 1568 3618 1621 δὲ
3653 1573 3756 1640 τῆς

2145 1655 2302 1722 ἀξίας
2317 1659 2430 1718 τοῖς
2455 1654 2747 1726 μαθηταῖς.
2767 1655 2878 1708 Καὶ
2904 1655 3018 1725 φῶς
3035 1655 3148 1728 γὰρ
3175 1657 3439 1729 ὑπάρχων
3465 1658 3754 1730 ἀληθινὸν,

451 1764 603 1833 cipes
633 1761 763 1815 iecit
790 1759 856 1812 ³⁵.
895 1757 1051 1811 Licet
1102 1755 1250 1811 enim
1299 1770 1430 1809 vera
1481 1754 1573 1808 lu:
1611 1754 1676 1816 ³⁸,
1736 1765 2044 1823 naturaque

2153 1746 2264 1816 φῶς
2294 1745 2448 1798 καλεῖ
2477 1745 2604 1808 τοὺς
2637 1744 2834 1798 ἑαυτοῦ
2871 1745 3143 1816 μαθητάς.
3183 1746 3294 1803 Καὶ
3332 1749 3456 1815 Υἱὸς
3495 1751 3574 1804 ὣν
3604 1754 3756 1806 κατά

450 1853 546 1908 Dei
576 1851 751 1907 Filius
774 1852 891 1922 ipse
921 1850 996 1905 sit
1025 1865 1039 1903 :
1077 1849 1217 1904 lucis
1246 1857 1429 1901 tamen
1463 1847 1834 1917 appellatione
1868 1845 2040 1900 disci-

453 1949 612 2018 pulos
647 1943 988 2013 nuncupavit
1021 1942 1090 2008 ³⁷,
1140 1949 1194 1995 et
1224 1941 1375 1997 dedit
1421 1941 1490 1996 iis
1523 1947 1853 2012 potestatem
1900 1939 2043 1994 ﬁlios

454 2037 550 2093 Dei
584 2039 764 2092 vocari
788 2036 855 2100 ³⁸,
883 2033 975 2104 ηιιί
1005 2034 1059 2088 iu
1095 2032 1314 2089 Patrem
1353 2035 1643 2089 credentes
1675 2047 1738 2088 ea
1771 2031 2046 2102 dignitate

455 2129 860 2198 gloriarentur,
918 2126 1012 2196 qui
1059 2123 1295 2178 desertas
1327 2126 1517 2189 etiam,
1555 2124 1676 2178 sive
1714 2121 1942 2188 deletas,
1985 2128 2045 2176 ut

459 2216 786 2289 Symmacho
821 2215 1019 2285 placet,
1051 2215 1291 2268 civitates
1331 2214 1575 2267 habitare
1607 2213 1843 2282 facerent
1879 2231 1899 2266 :
1933 2227 2044 2281 quo

457 2308 683 2363 nomine
734 2306 999 2360 ecclesias
1036 2304 1205 2374 ipsas,
1232 2319 1356 2374 quae
1388 2305 1496 2358 Deo
1529 2304 1808 2373 quondam
1860 2315 2046 2356 vacuae

460 2402 702 2463 inruerant,
757 2397 1065 2452 intellexit:
1120 2406 1217 2451 aut
1250 2405 1399 2452 certe
1435 2405 1648 2450 tantum
1694 2394 1812 2451 fore
1865 2411 2044 2449 semen

462 2489 715 2545 Ecclesia:
739 2488 1023 2551 iudicavit,
1069 2496 1128 2540 ut
1168 2502 1276 2542 non
1303 2485 1469 2541 modo
1501 2485 1788 2557 p0pulosis
1822 2484 2043 2540 urbibus

458 2584 581 2653 capi
609 2598 715 2636 non
749 2588 950 2650 queat,
985 2578 1078 2635 sed
1109 2579 1286 2650 possit
1319 2580 1562 2634 desertas
1584 2578 1748 2634 etiam
1772 2588 1825 2633 et
1841 2592 2045 2634 vacuas

459 2677 757 2746 complere.
794 2673 944 2728 Unde
973 2672 1240 2743 pudorem
1274 2681 1517 2728 veterem
1554 2689 1621 2728 ex
1655 2688 1720 2727 eo
1749 2673 2042 2727 collectqu

457 2769 602 2838 quod
635 2766 832 2820 sterilis
859 2774 913 2818 et
944 2764 1100 2819 vidua
1123 2772 1296 2832 esset,
1321 2765 1498 2820 eidem
1527 2775 1882 2819 contemnere
1904 2780 2046 2834 pra:-

458 2861 612 2930 cipit,
645 2875 700 2913 se
735 2861 986 2913 rirtutum
1028 2856 1338 2923 Dominum,
1385 2858 1476 2929 qui
1509 2875 1629 2912 eum
1677 2857 1884 2927 fecerit,
1933 2873 2046 2913 esse

460 2955 762 3007 anirmans.
799 2951 986 3022 Neque
1027 2953 1174 3006 enim
1214 2952 1283 3006 ab
1314 2951 1654 3016 hominibus,
1680 2959 1774 3005 aut
1813 2966 1907 3022 per
1943 2951 2050 3015 lio:

463 3047 662 3101 minem
705 3045 772 3107 ⁸³,
821 3046 916 3100 sed
961 3060 1058 3115 per
1110 3043 1406 3099 Dominum
1464 3045 1644 3113 ipsum
1685 3044 2043 3098 constitutam

2145 1835 2330 1906 φύσιν,
2364 1833 2601 1889 δέδωκεν
2630 1835 2878 1901 ἐξουσίαν
2907 1839 3020 1901 τοῖς
3065 1839 3421 1896 πιστεύουσιν
3465 1844 3549 1904 είς
3583 1844 3755 1899 αὑτὸν

2147 1928 2368 2001 Πατέρα
2414 1927 2603 1981 καλεῖν
2644 1927 2737 1981 τὸν
2783 1927 2918 1982 Θεὸν
2965 1931 3026 1983 τὸ
3059 1935 3160 2003 τῆς
3201 1931 3452 2003 υἱότητος
3481 1935 3756 2006 αὐχοῦσιν

2145 2021 2387 2093 ἀξίωμα,
2415 2021 2463 2075 οἳ
2497 2022 2592 2076 καὶ
2614 2021 2823 2087 πόλεις
2854 2023 3283 2095 ἠρημωμένας,
3310 2027 3483 2099 ἤγουν
3527 2030 3754 2098 ἠφανι-

2145 2115 2396 2187 σμένος,
2445 2117 2587 2170 κατὰ
2637 2115 2954 2189 Σύμμαχον,
2991 2115 3420 2174 κατοικιοῦσιν.
3471 2121 3648 2191 Λέγει
3697 2111 3756 2176 δὲ

2145 2208 2246 2274 τάς
2292 2209 2536 2280 ἐρήμους
2587 2209 2758 2263 πάλαι
2791 2208 2926 2262 Θεοῦ
2961 2207 3322 2282 Ἐκκλησίας⁶
3354 2210 3524 2282 ἤγουν
3555 2215 3751 2284 φησιν,

2145 2304 2228 2356 ὅτι
2255 2303 2524 2356 Τοσοῦτον
2552 2301 2704 2355 ἔσται
2731 2316 2826 2355 σου
2855 2301 2922 2356 τὸ
2955 2302 3214 2372 σπέρμα,
3241 2301 3317 2365 ὡς
3350 2303 3624 2376 μηδαμὰ
3654 2306 3757 2358 αύ-

2144 2398 2258 2461 τοῖς
2287 2395 2386 2460 τὰς
2415 2393 2881 2468 πολυανθρώπους
2910 2395 3117 2463 πόλεις
3143 2398 3365 2468 ἀρκεῖν,
3394 2396 3668 2454 δύνασθαι
3702 2401 3758 2456 δὲ

2146 2491 2242 2545 καὶ
2285 2492 2393 2558 τὰς
2421 2489 2684 2560 ἐρήμους
2729 2487 3011 2562 πληροῦν)
3046 2487 3133 2560 ἐφ’
3161 2484 3242 2555 οἷς
3273 2490 3556 2565 ύπερορᾷν
3608 2497 3756 2564 αὐτῇ

2145 2585 2245 2655 τῆς
2284 2583 2522 2647 παλαιᾶς
2572 2581 2837 2655 αἰσχύνης
2888 2579 3356 2656 παρακελεύεται,
3389 2585 3478 2639 ὅτε
3527 2583 3759 2656 ἄγονος

2144 2671 2212 2746 ἦν
2240 2675 2338 2729 καί
2362 2674 2521 2745 χήρα
2549 2674 2644 2728 τοῦ
2672 2675 2854 2745 Λόγου
2883 2673 3142 2745 Νυμφίου
3175 2672 3374 2744 λέγων,
3403 2675 3488 2730 ὅτι
3529 2679 3761 2746 Κύριος

2146 2767 2267 2822 τῶν
2289 2767 2606 2836 δυνάμεών
2636 2767 2811 2824 ἐστιν
2832 2769 2864 2822 ὁ
2888 2761 3079 2822 ποιῶν
3099 2782 3192 2821 σε.
3215 2766 3289 2821 Ού
3314 2765 3424 2839 γὰρ
3455 2768 3516 2834 ἐξ
3538 2768 3766 2840 ἀνθρὼ-

2148 2877 2285 2926 πων,
2322 2859 2444 2913 ούδὲ
2471 2858 2538 2913 δι’
2585 2856 2879 2930 ἀνθρώπου
2925 2859 3196 2930 συνέστη·
3230 2857 3488 2914 διἀύτοῦ
3518 2861 3575 2914 δὲ
3617 2861 3760 2916 Κυ-

2149 2956 2292 3028 ρίου,
2324 2954 2382 3018 δς
2427 2953 2521 3007 καί
2573 2970 2773 3025 φησιν’
2810 2970 2829 3004 «ι
2853 2953 2978 3008 Ἐπὶ
3008 2951 3107 3024 τὴν
3149 2952 3358 3025 πέτραν
3403 2952 3760 3027 οἰκοδομήσω

2151 3067 2256 3120 μου
2287 3046 2754 3119 τὴνἙκκλησίαν.
2785 3065 2803 3099 ι
2833 3044 2970 3100 Θεοῦ
2997 3043 3176 3100 τοίνυν
3205 3045 3234 3098 ὁ
3265 3045 3448 3116 λόγος,
3476 3045 3537 3101 τὸ
3569 3048 3760 3119 ἀμνη-

459 3154 605 3207 esse,
623 3137 714 3209 qui
734 3154 899 3209 super
921 3148 1130 3209 petram
1153 3136 1449 3193 Ecclesiam
1469 3153 1624 3193 suam
1643 3136 2046 3213 :ediﬁcaturutn

2153 3139 2374 3192 σίκακον
2404 3137 2748 3209 δωρουμένου
2780 3136 2874 3190 ἐπὶ
2917 3138 2985 3209 τῇ
3035 3136 3288 3208 πολυθέῳ
3335 3140 3432 3191 καὶ
3473 3137 3762 3208 ὀνείδους

461 3247 524 3287 sc
555 3232 695 3286 dixit
720 3233 789 3286 ⁸⁸.
812 3229 909 3286 Est
935 3231 1102 3301 igitur
1129 3231 1233 3286 ista
1254 3228 1347 3284 Dei
1374 3229 1573 3292 oratio,
1611 3229 1704 3299 qui
1731 3229 2049 3298 probrosum

462 3323 624 3380 nobis
661 3325 715 3378 in
753 3324 980 3378 deorum
1011 3322 1239 3378 colenda
1271 3321 1624 3376 multitudine
1647 3337 1890 3377 errorem
1916 3337 2052 3376 con-

463 3418 655 3472 donet.
681 3415 839 3472 Sicut
873 3416 1018 3470 enim
1050 3426 1202 3486 pater
1241 3413 1538 3469 miseretur
1584 3413 1844 3481 ﬁliorum,
1885 3414 1966 3471 sic
1995 3419 2051 3470 et

465 3508 781 3564 timentiqu
837 3522 896 3564 se
933 3507 1194 3562 misertus
1248 3514 1333 3562 est
1371 3504 1637 3565 Dominus
1658 3505 1725 3561 “.
1781 3506 1843 3560 Et
1876 3522 2053 3577 quan-

467 3613 582 3658 tum
609 3603 776 3658 distat
795 3610 950 3657 ortus
976 3600 1046 3656 ab
1075 3615 1304 3664 occasu,
1335 3607 1548 3655 tantum
1574 3616 1605 3655 a
1636 3601 1796 3656 nobis
1826 3610 2049 3671 peccata

467 3704 660 3752 nostra
708 3695 964 3750 removit.
1013 3691 1215 3748 Metam
1242 3705 1407 3764 ergo,
1443 3692 1537 3762 qui
1577 3692 1630 3746 in
1663 3692 1909 3763 peccatis
1941 3699 2047 3758 est,

465 3791 585 3859 ipse
616 3787 832 3850 adimit,
884 3787 975 3856 qui
1009 3802 1118 3840 non
1148 3785 1316 3852 venit,
1351 3795 1410 3839 ut
1439 3784 1672 3854 judicet,
1716 3783 1813 3840 sed
1848 3793 1908 3838 ut
1943 3785 2053 3840 sal-

467 3891 556 3941 vet
580 3881 651 3936 “.
683 3879 800 3934 Non
833 3881 978 3934 enim
1010 3880 1164 3933 misit
1193 3878 1338 3934 Deus
1364 3876 1559 3933 Filium
1598 3893 1758 3932 suum
1803 3879 1855 3932 in
1887 3893 2052 3932 mun-

467 3969 626 4035 dum,
655 3981 713 4026 ut
733 3971 940 4041 judicet
969 3973 1236 4024 mundum
1265 4011 1279 4036 ,
1325 3969 1420 4025 sed
1455 3979 1512 4023 ut
1539 3970 1782 4025 salvetur
1811 3969 2052 4025 mundus

469 4082 567 4138 per
590 4067 795 4136 ipsum.
816 4065 1005 4134 Itaque
1027 4064 1192 4118 vincit
1223 4064 1478 4133 illa,quaa
1498 4061 1766 4132 justiﬁcat
1797 4063 2050 4132 impium,

469 4159 666 4230 gratia.
693 4177 712 4211 ι
754 4157 899 4212 Deus
929 4157 1074 4212 enim
1102 4164 1210 4220 est,
1259 4157 1336 4209 ait
1365 4155 1590 4220 Paulus,
1629 4155 1721 4226 qui
1749 4155 2051 4226 justiﬁcat;

469 4252 596 4321 quis
619 4259 727 4313 est,
761 4250 856 4320 qui
890 4249 1223 4304 condemnet
1241 4248 1325 4302 ”?
1355 4267 1373 4299 ι
1407 4244 1695 4314 Quomodo
1722 4258 1904 4302 autem
1935 4265 2052 4302 eam

472 4343 626 4412 ιιιεὶι,
659 4341 764 4396 uisi
790 4355 916 4394 cum
953 4355 1071 4394 eam
1103 4340 1157 4392 in
1199 4339 1388 4393 formae
1419 4339 1840 4395 similitudinem
1882 4339 2048 4413 613

474 4448 571 4504 per
625 4432 879 4502 spiritum
934 4429 1124 4484 creat?
1153 4429 1243 4483 Ait
1289 4430 1435 4484 enim
1475 4431 1616 4502 apud
1652 4429 1995 4488 Ezechielem
2033 4448 2048 4486 :

478 4543 497 4574 ι
532 4523 772 4576 Avellam
807 4534 904 4574 cor
950 4535 1141 4575 eorum
1188 4517 1464 4589 lapideum
1525 4521 1593 4577 de
1630 4537 1798 4578 carne
1818 4539 2051 4592 eorum;

470 4623 526 4669 et
556 4613 695 4668 dabo
733 4611 814 4666 eis
871 4625 967 4665 cor
1001 4626 1285 4678 carneum,
1328 4620 1389 4666 ut
1416 4613 1519 4685 ipsi
1554 4631 1639 4671 me
1683 4630 2051 4688 cognoscant;

471 4707 599 4775 quia
630 4717 733 4775 ego
760 4718 880 4757 sum
916 4701 1180 4759 Dominus
1202 4703 1269 4759 “.
1307 4723 1325 4757 ι
1352 4704 1608 4762 Condidit
1639 4723 1771 4780 ergo
1801 4710 2053 4766 Christus

472 4796 721 4867 geminos
762 4794 994 4866 populos
1019 4799 1074 4849 in
1115 4806 1392 4851 recentem
1427 4813 1596 4853 unum
1628 4799 1945 4869 hominem,
1984 4801 2055 4858 ad

471 4891 592 4962 ejus
624 4889 929 4958 exemplar,
953 4902 985 4943 a
1017 4903 1130 4958 quo
1153 4888 1383 4947 ell'ectus
1415 4901 1522 4954 est,
1554 4893 1947 4949 instauratum.

544 4983 721 5050 Atque
750 4989 814 5035 ut
847 4981 921 5034 rei
955 4980 1113 5036 tidem
1143 4981 1344 5038 faceret
1381 4982 1477 5054 qui
1510 4993 1695 5048 postea
1725 4994 1952 5041 secutus
1974 4994 2059 5041 est

472 5087 720 5138 eventus,
763 5072 1049 5128 Dominum
1076 5073 1329 5128 virtutum
1363 5089 1422 5130 se
1445 5090 1568 5131 esse
1601 5073 2049 5141 alﬁrmavit..Ne-

473 5182 580 5236 que
633 5179 763 5221 vero
806 5165 1228 5224 instaurationis
1264 5176 1482 5238 tempus
1515 5168 1760 5235 reticuit,
1797 5185 1921 5225 cum
1960 5169 2053 5225 ad-

475 5257 602 5327 iecit
631 5277 644 5311 :
675 5256 782 5325 Qui
813 5259 949 5313 eruit
983 5271 1052 5326 te,
1093 5259 1231 5315 Deus
1263 5259 1464 5328 Israel,
1500 5271 1615 5317 tota
1659 5272 1805 5316 terra
1841 5264 2055 5317 vocabi-

476 5359 601 5414 tur;
634 5349 686 5403 id
713 5358 820 5415 est,
849 5367 974 5405 cum
1001 5351 1281 5410 Christum
1304 5353 1361 5409 in
1393 5361 1584 5426 gentes
1606 5369 1795 5411 omnes
1825 5370 2055 5426 regnare

555 5548 599 5625 ’3
641 5546 1099 5625 .‘ilatlh.__xm,_;’>._
1145 5550 1196 5625 ξι
1235 5551 1428 5625 Matth.
1462 5515 1693 5625 xxv,ll
1715 5568 1872 5625 seqq.

1989 5553 2034 5587 ³⁸
2075 5552 2265 5612 Matth.
2321 5570 2478 5625 nm,
2510 5558 2563 5612 8.

2149 3231 2278 3303 ἀξίᾳ
2307 3231 2508 3302 πλάνῃ.
2539 3229 2740 3293 Καθὼς
2766 3229 2878 3300 γὰρ
2905 3229 3169 3299 οἰκτείρει
3219 3228 3401 3301 πατὴρ
3445 3227 3603 3295 υίοῦς
3622 3271 3638 3294 ,
3671 3233 3760 3284 oi—

2143 3323 2441 3394 -κτείρησεν
2471 3320 2675 3393 Κύριος
2706 3323 2837 3386 τοὺς
2868 3319 3240 3393 φοϐουμένους
3263 3319 3452 3376 αὐτόν.
3479 3321 3591 3375 Καὶ
3613 3321 3726 3376 καθ
3744 3320 3760 3345 ⁹

2150 3413 2276 3469 ὅσον
2306 3414 2602 3485 ἀπέχουσιν
2632 3413 2895 3469 ἀνατολαὶ
2923 3414 3032 3469 ἀπὸ
3059 3414 3282 3485 δυσμῶν
3304 3411 3620 3486 ἑμάκρυνεν
3643 3413 3757 3484 ἀφ’

2150 3507 2308 3580 ἡμῶν
2336 3508 2436 3572 τὰς
2465 3506 2742 3579 ἁμαρτίας
2772 3505 2954 3580 ἡμῶν.
2978 3507 3088 3562 Τὸν
3120 3505 3214 3562 οῦν
3246 3503 3436 3579 εοόόον
3464 3509 3758 3580 περιαιρεῖ

2150 3600 2243 3655 τὸν
2289 3601 2385 3655 ἐπὶ
2422 3603 2540 3666 τοῖς
2591 3601 3009 3673 ἁμαρτήμασιν.
3037 3595 3210 3654 Ἦλθε
3255 3595 3365 3672 γὰρ
3409 3601 3470 3654 ού
3516 3601 3750 3672 κρίνων,

2151 3697 2287 3750 ἀλλά
2339 3693 2550 3760 σώζων.
2595 3714 2614 3747 ι
2643 3695 2717 3748 Ού
2748 3695 2858 3766 γὰρ
2884 3691 3202 3760 ἀπέστειλε,
3234 3693 3420 3764 φησιν,
3444 3696 3472 3747 ὁ
3501 3693 3639 3758 Θεὸς
3661 3694 3755 3747 τὸν

2153 3789 2281 3844 Υἱδν
2310 3785 2478 3843 αὑτοῦ
2520 3789 2600 3853 εἰς
2645 3788 2736 3842 τὸν
2783 3787 3011 3858 κόσμον,
3048 3786 3142 3840 ἵνα.
3182 3787 3350 3861 κρίνῃ
3379 3786 3470 3840 τὸν
3513 3787 3751 3858 κόσμον,

2152 3887 2269 3944 ἀλλ’
2299 3889 2386 3942 ἵνα
2421 3887 2571 3959 σωθῇ
2620 3888 2649 3941 ὁ
2697 3885 2903 3953 κόσμος
2949 3885 3015 3940 δι’
3043 3884 3229 3940 αὑτοῦ.
3269 3905 3288 3939 ι
3327 3885 3475 3956 Νικᾷ
3503 3885 3693 3938 τοίνυν
3718 3886 3753 3958 ἡ

2152 3982 2310 4055 χάρις
2339 3983 2372 4053 ή
2397 3979 2686 4034 δικαιοῦοα
2713 3979 2808 4033 τὸν
2833 3977 3026 4050 ἀσεϐῆ.
3063 3998 3080 4029 ι
3113 3977 3246 4042 Θεὸς
3270 3977 3398 4048 γὰρ,
3428 3979 3568 4049 φησι
3595 3977 3753 4031 Παῦ-

2152 4071 2265 4140 λος,
2298 4074 2327 4128 ό
2358 4072 2610 4138 δικαιῶν,
2644 4071 2732 4136 τίς
2771 4073 2800 4126 ὁ
2833 4071 3219 4143 κατακρίνωνς
3256 4090 3276 4124 ι
3331 4069 3457 4134 Πῶς
3487 4071 3545 4125 δὲ
3590 4070 3758 4125 ποιεῖ

2152 4165 2370 4234 αὐτὴν,
2400 4163 2515 4219 ἀλλ’
2547 4164 2582 4235 ἦ
2613 4162 2812 4229 κτίζων
2833 4165 2912 4226 εἰς
2947 4163 3304 4232 συμμορφίαν
3329 4163 3499 4217 αὐτοῦ
3527 4161 3622 4217 διὰ
3655 4161 3751 4217 τοῦ

2153 4258 2512 4329 Πνεύματος;
2543 4255 2680 4326 φησι
2716 4255 2826 4326 γὰρ
2859 4256 2917 4307 ὲν
2951 4253 3248 4324 Ἰεζεκιήλ·
3280 4272 3301 4306 ι
3324 4254 3625 4308 Ἐκσπάσω
3653 4255 3752 4326 τὴν

2155 4352 2384 4425 καρδίαν
2407 4349 2589 4405 αὐτῶν
2614 4348 2715 4421 τὴν
2742 4348 2953 4420 λιθίνην
2984 4349 3052 4402 ὲκ
3071 4348 3174 4420 τῆς
3199 4349 3406 4420 σαρκὸς
3426 4348 3638 4414 αὐτῶν,
3655 4353 3752 4404 καὶ
3797 4388 3812 4400 .

2157 4443 2314 4496 δώσω
2365 4441 2551 4506 αὐτοῖς
2601 4440 2831 4512 καρδίαν
2884 4439 3146 4511 σαρκίνην
3177 4438 3271 4494 τοῦ
3308 4440 3516 4494 εἰδέναι
3545 4441 3752 4506 αὐτοὺς

2157 4537 2276 4608 ἐμὲ,
2304 4535 2387 4589 ὅτι
2409 4533 2520 4603 ἐγὼ
2549 4534 2667 4606 είμι
2696 4533 2923 4606 Κύριος.
2949 4552 2969 4586 ι
3000 4534 3223 4587 ’Έκτισε
3256 4534 3438 4590 τοίνυν
3461 4536 3492 4588 ὁ
3510 4533 3752 4605 Χριστὸς

2157 4629 2285 4694 τοὺς
2315 4628 2409 4682 δύο
2435 4625 2598 4691 λαούς
2631 4628 2713 4693 εἰς
2741 4627 2837 4682 ἕνα
2867 4628 3055 4683 καινὸν
3087 4627 3378 4698 ἄνθρωπον
3420 4627 3754 4685 ἀνακαινού-

2162 4739 2322 4794 μενον
2359 4721 2482 4776 κατ¹
2514 4720 2701 4776 εἰκόνα
2737 4719 2834 4776 τοῦ
2869 4720 3176 4786 Κτίσαντος
3208 4722 3389 4777 αὐτόν.

2237 4985 2325 5050 Ὦς
2361 4984 2426 5040 ἂν
2456 4985 2515 5040 δὲ
2549 4985 2627 5056 μὴ
2663 4985 2941 5057 ἀπιστηθῇ
2971 4984 3381 5056 μετατυγχάνον
3405 4985 3466 5039 τὺ
3489 4988 3753 5060 πρᾶγμα,

2159 5081 2379 5149 Κύριον
2395 5081 2586 5134 ἑαυτὸν
2617 5082 2846 5136 ἐκάλεσε
2877 5080 3316 5152 δυνάμεων.Τίς
3349 5081 3407 5134 δὲ
3435 5083 3466 5135 ό
3492 5083 3589 5136 τοῦ
3620 5086 3754 5136 ἀνα-

2158 5171 2440 5236 κτίζεσθαι
2469 5173 2683 5243 καιρὸς,
2707 5173 3034 5243 διεσάφησεν
3054 5173 3242 5239 εἰπὼν,
3261 5173 3345 5226 ὅτι
3390 5173 3451 5226 '0
3478 5175 3750 5244 ρυσάμευ

2158 5267 2266 5329 νός
2303 5279 2378 5318 σε
2404 5266 2589 5332 αὐτὸς
2628 5265 2774 5334 Θεὸς
2813 5267 3063 5334 Ἰσραὴλ
3103 5265 3272 5335 πάσῃ
3304 5266 3378 5334 τῇ
3410 5263 3488 5335 τῇ
3521 5269 3754 5336 κληθή-

2160 5371 2368 5410 σεταιο
2417 5353 2564 5410 τοῦτ’
2603 5355 2790 5420 ἐστιν,
2841 5357 2932 5410 ὅτε
2982 5356 3217 5430 Χριστὸς
3261 5354 3618 5410 ἐϐασίλευσεν
3666 5357 3756 5410 ἐπὶ

2660 5557 2706 5590 ³⁸
2744 5553 2902 5614 Joan.
2975 5574 3053 5626 ix,
3087 5559 3139 5617 5.
3253 5561 3297 5595 "
3333 5560 3520 5616 Matth.
3558 5579 3630 5625 v,
3666 5563 3752 5618 Η.

476 5616 522 5700 ξς
563 5617 722 5700 ἶιρίιιι..
748 5635 788 5684 ι,
824 5621 946 5700 is.“
986 5622 1030 5656 ”
1061 5621 1241 5681 Galat.
1278 5639 1318 5692 I,
1358 5623 1445 5680 12.
1515 5616 1924 5696 “Manilia-Vt,
1964 5625 2047 5682 l8.

2155 5626 2170 5657 ¹
2209 5626 2352 5684 Psal.
2380 5616 2476 5698 cu,
2510 5629 2600 5688 15.
2667 5630 2711 5664 δ’
2751 5629 2910 5688 Joan.
2944 5616 3156 5699 "1,17.
3227 5633 3274 5668 "
3309 5633 3470 5690 Rom.
3505 5616 3753 5700 "11,53.

476 5687 521 5718 “
555 5690 753 5746 l‘lzcch.
789 5706 848 5758 ιι,
883 5691 970 5748 l9.
