3998 6390
237 239 384 304 2Ξ3Ῐ

1384 219 1919 302 COMMENTARU
1963 244 2043 304 1N
2089 226 2376 308 iSAIAM.

3355 249 3494 313 2538

223 349 406 404 πάντα
432 348 500 401 τὰ
528 345 678 418 ἔθνη,
709 346 849 400 κατὰ
875 347 940 401 τό
959 358 975 378 ⁸
1004 367 1022 400 ι
1047 347 1159 403 Καὶ
1186 347 1336 402 ἔσται
1357 350 1562 422 Κύριος
1586 346 1691 416 εἷς,
1712 353 1803 405 καὶ

1911 356 2236 430 contigerit;
2270 359 2428 430 juxta
2473 359 2602 414 illud
2644 377 2657 412 :
2696 379 2713 410 ι
2753 355 2818 413 Ει
2860 360 2964 414 erit
3019 359 3282 418 Dominus
3327 377 3493 431 unus,

220 443 284 493 τὸ
309 440 483 510 ὄνομα
511 439 675 492 αὑτοῦ
709 439 790 503 ἓν,
817 439 1052 493 κυκλοῦν
1081 441 1262 495 πᾶσαν
1292 440 1392 511 τὴν
1424 442 1547 512 γῆν.
1583 461 1602 494 ι
1637 442 1813 496 Πάλαι

220 532 336 602 γὰρ
363 527 432 601 ἦν
465 529 608 584 κατὰ
657 530 828 601 μόνην
871 531 972 602 τὴν
1005 531 1266 586 Ἰουδαίαν
1313 531 1554 600 γνωστὸς
1582 534 1612 587 ό
1639 533 1771 597 Θεός
1794 549 1808 564 ⁸

221 621 320 676 νῦν
366 621 423 676 δὲ
469 619 617 692 αὐτῷ
666 619 914 692 κάμπτει
951 623 1060 675 πᾶν
1103 621 1258 690 γόνυ,
1285 623 1380 676 καὶ
1410 624 1562 679 πᾶσα
1590 623 1812 693 γλῶσσα

221 714 656 786 ἑξομολογεῖται,
691 712 775 766 ὅτι
809 713 1019 785 Κύριος
1047 714 1255 785 Ἰησοῦς
1287 715 1526 786 Χριστὸς
1541 717 1622 780 εἰς
1649 716 1808 782 δόξαν

219 805 359 859 Θεοῦ
390 804 654 877 Πατέρος.
686 804 778 858 Διδ
803 805 896 858 καὶ
917 806 1082 859 Δαϐἰδ
1107 805 1210 875 ἔφη
1231 821 1248 838 ο
1285 825 1303 857 ι
1332 805 1518 861 Πάντα
1545 807 1615 862 τὰ
1659 808 1810 880 ἔθνη,

221 898 530 967 κροτήσατε
562 897 772 968 χεῖρας,
809 912 827 947 ι
881 898 975 949 καὶ
1007 896 1077 950 τὰ
1117 889 1268 968 ἑξῆς.
1321 899 1434 953 Καὶ
1463 899 1627 954 πάλιν
1655 917 1670 935 ο
1710 919 1729 952 ‹
1754 901 1813 954 '0

218 985 433 1057 Κύριος
465 985 840 1050 ἐϐασίλευσεν,
868 985 1219 1051 ἁγαλλιάσθω
1250 986 1283 1058 ἡ
1313 987 1408 1057 γῆ.
1441 1007 1459 1041 ι
1506 988 1813 1062 Ἐπιμένων

216 1076 276 1129 δὲ
303 1078 334 1130 ὁ
353 1076 515 1144 λόγος
537 1079 656 1140 ταῖς
679 1077 816 1146 πρὸς
838 1077 953 1145 τὴν
967 1076 1194 1146 ἔρημον
1217 1078 1600 1148 ἐπαγγελίαις,
1625 1083 1810 1154 φησίνο

221 1169 352 1237 οὐχ
380 1169 461 1234 ὡς
492 1167 748 1238 γυναῖκα
782 1169 1340 1239 καταλελειμμένην
1377 1171 1477 1225 καὶ
1522 1168 1812 1244 ὀλιγόψυ-

221 1276 342 1326 χον
393 1258 694 1328 κέκληκεν
747 1275 822 1314 σε
885 1262 1122 1329 Κύριος.
1175 1265 1736 1334 Καταλελειμμένην
1780 1267 1813 1335 ἢ

219 1347 420 1419 Γραφὴ
452 1350 705 1419 γυναῖκα
736 1351 894 1404 καλεῖ
923 1351 1024 1422 τὴν
1055 1352 1148 1405 ὲπί
1193 1371 1335 1408 τισιν
1376 1354 1580 1420 αἰτίαις
1610 1354 1815 1426 βιϐλίον

216 1436 523 1509 δεξαμένην
551 1439 882 1494 ἀποστασίου
909 1441 1051 1494 κατὰ
1079 1440 1170 1494 τὸν
1197 1441 1382 1513 νόμον,
1395 1443 1816 1514 μεμισημένην

213 1529 296 1594 δὲ,
331 1530 431 1599 τὴν
463 1530 550 1584 ἐπ’
581 1532 844 1605 ἀσελγείᾳ
874 1533 1258 1605 διαϐληθεῖσαν
1281 1576 1298 1601 ,
1337 1528 1484 1608 ᾗπερ
1514 1536 1580 1590 ἂν
1608 1537 1813 1609 πρέποι

216 1624 317 1674 καὶ
347 1622 407 1676 τὸ
439 1622 552 1693 τῆς
591 1625 992 1696 ὀλιγοψυχίας
1019 1626 1275 1698 αἰτίαμα,
1306 1627 1385 1692 ῶς
1425 1629 1488 1681 ού
1533 1629 1810 1703 δυναμένῃ

216 1717 536 1784 καρτερεῖν,
561 1717 656 1767 καὶ
687 1715 867 1783 ζυγῶν
911 1716 1202 1787 ἀνέχεσθαι
1230 1717 1516 1788 γαμικῶν⁶
1544 1718 1634 1772 οἵα
1670 1718 1809 1790 πρὸς

215 1802 614 1873 Θεὸν³γέγονεν
635 1807 668 1875 ἡ
690 1803 798 1858 τῶν
833 1805 1103 1861 Ἰουδαίων
1129 1807 1430 1879 Συναγωγὴ
1456 1809 1594 1878 μετὰ
1617 1811 1802 1881 νόμον,

211 1892 282 1946 δι’
307 1887 371 1948 οὗ
406 1895 656 1965 συνήφθη
693 1892 814 1966 Θεῷ
843 1895 936 1949 ἐπὶ
965 1896 1035 1950 τὰ
1064 1898 1120 1950 ὲν
1150 1897 1413 1968 Αἰγύπτῳ
1431 1899 1803 1971 παλινδρομή-

214 1999 383 2037 eaea.
413 1983 615 2056 Διόπερ
657 1984 831 2054 αὐτὴν
873 1985 1240 2057 ἀπωσάμενος
1267 1987 1335 2042 δι’
1359 1983 1476 2053 ἑνὸς
1512 1987 1669 2057 ἔλεγε
1697 1991 1806 2044 τῶν

214 2073 553 2147 προφητῶν·
591 2093 612 2127 ι
640 2075 887 2148 Κρίθητε
929 2077 1066 2149 πρὸς
1111 2077 1212 2149 τὴν
1265 2080 1478 2150 μητέρα
1512 2081 1687 2150 ὑμῶν,
1721 2083 1804 2136 ὅτι

215 2165 359 2238 αὕτη
391 2166 454 2219 ού
480 2167 617 2238 γυνή
651 2184 776 2238 μου,
809 2166 968 2234 κάγὼ
995 2169 1096 2222 οὐκ
1129 2168 1266 2240 ἀνὴρ
1302 2170 1524 2241 αὐτῆς.»
1547 2172 1659 2225 Καὶ
1692 2173 1804 2227 λοισι

216 2259 322 2311 πδν
364 2260 498 2328 περὶ
541 2259 640 2329 τῆς
685 2259 944 2329 πορνείας
993 2259 1166 2329 αὐτῆς
1225 2261 1551 2331 διαλέγεται.
1609 2264 1706 2328 Τίς
1747 2265 1804 2319 δὲ

210 2351 318 2422 τῆς
373 2351 635 2423 πορνείας
662 2353 690 2404 ό
720 2352 942 2422 τρόπος,
989 2353 1045 2403 ὲν
1088 2352 1349 2424 Ίεζεκιὴλ
1395 2353 1684 2427 διηγεῖται,
1712 2357 1806 2410 δύο

212 2444 486 2510 γυναῖκας
530 2443 695 2497 οἱονεὶ
728 2441 934 2507 λαϐὼν,
969 2444 1036 2506 ἂς
1076 2443 1237 2498 καλεῖ
1278 2442 1471 2500 Ὀολὰν
1513 2449 1612 2502 καὶ
1661 2448 1804 2502 Ὀλί-

214 2533 354 2598 ϐαν,
392 2533 572 2604 δηλῶν
620 2533 720 2604 τὴν
759 2532 1117 2606 Ἰερουσαλὴμ
1171 2535 1268 2590 καὶ
1316 2537 1417 2608 τὴν
1465 2539 1802 2611 Σαμάρειαν,

214 2625 312 2678 καὶ
360 2623 462 2688 τὰς
508 2625 763 2689 ἀσεϐείας
809 2625 990 2680 αὐτῶν
1035 2625 1416 2698 διηγούμενος,
1459 2628 1536 2694 ὡς
1565 2629 1802 2700 ἔσφαζον

1914 453 1970 500 et
2017 459 2220 502 nomen
2268 445 2389 515 ejus
2421 461 2592 500 unum
2628 445 2984 502 circumdatis
3020 445 3337 504 universam
3381 459 3494 506 tera

1915 553 2032 595 ram
2057 539 2125 595 ⁸³.
2169 557 2189 593 ι
2240 538 2379 594 Olim
2430 540 2700 611 siquidem
2753 540 2809 596 in
2848 536 3038 597 Iudaea
3069 549 3284 597 tantum
3329 551 3495 597 notus

1882 700 1885 701 ν
1915 642 2032 686 erat
2059 631 2327 687 Dominus
2351 630 2397 664 “
2430 650 2443 685 :
2485 648 2609 687 cum
2635 634 2683 688 ci
2715 632 2830 703 jam
2865 649 3028 691 omne
3068 650 3210 706 genu
3242 633 3496 691 ﬂectatur

1915 720 2208 790 omnisque
2255 721 2440 792 lingua
2500 720 2790 777 Dominum
2838 722 3028 779 Jcsum
3098 723 3380 782 Christum
3438 728 3493 782 iu

1915 809 2147 879 gloriam
2181 808 2274 865 Dei
2307 807 2492 868 Patris
2519 812 2923 882 proﬁteatur".
2956 811 3096 869 Hinc
3123 823 3179 870 et
3215 813 3310 870 illa
3338 814 3498 871 Davi-

1915 901 2002 958 dis
2034 919 2046 955 :
2085 919 2104 950 «
2126 899 2328 958 Omnes
2352 909 2563 972 gentes,
2603 902 2848 973 plaudite
2883 903 3138 960 manibus
3169 901 3238 974 ⁸⁸,
3277 920 3296 955 ι
3332 911 3495 960 ταξιο-

1914 1009 2088 1066 raque
2145 995 2428 1067 deinceps.
2481 995 2552 1052 Et
2600 995 2691 1052 illa
2752 1014 2767 1050 :
2833 1016 2852 1048 ι
2904 996 3169 1054 Dominus
3220 997 3492 1070 regnavit,
3533 1044 3548 1056 .

1914 1084 2154 1140 exsultet
2197 1091 2347 1140 terra
2376 1084 2445 1138 δ’.
2484 1102 2503 1136 ι
2548 1083 2876 1140 immoratur
2925 1095 3106 1142 autem
3150 1086 3206 1142 in
3241 1087 3332 1153 iis,
3361 1087 3493 1158 {qua

1915 1173 2139 1231 deserta:
2162 1176 2336 1242 ﬁunt,
2397 1176 2885 1246 promissionibus,
2920 1186 2976 1233 et
3019 1178 3170 1233 addit
3205 1194 3220 1232 :
3269 1175 3394 1232 Non
3436 1183 3494 1232 ut

1917 1269 2192 1324 mulierem
2236 1269 2580 1333 derelictam,
2625 1278 2677 1323 et
2727 1268 3121 1336 pusillanimem
3180 1271 3384 1324 uocauit
3445 1279 3494 1326 te

1917 1357 2199 1412 Dominus.
2231 1355 2558 1410 Derelictam
2581 1355 2840 1410 nimirum
2875 1356 3162 1427 Scriptura
3197 1366 3356 1412 vocat
3380 1375 3496 1413 mu-

1917 1448 2119 1511 lierem,
2158 1464 2280 1520 qua:
2313 1448 2480 1504 certis
2517 1447 2587 1502 de
2631 1446 2853 1512 causis,
2895 1448 3139 1503 libellum
3177 1449 3390 1520 repudii
3429 1465 3493 1506 ex

1915 1535 2051 1609 legis
2068 1537 2394 1608 praescripto
2419 1536 2716 1606 acceperit.
2741 1534 2998 1592 Odiosum
3018 1544 3222 1601 autem,
3257 1537 3497 1594 lascivia:

1915 1641 1967 1688 et
2002 1631 2437 1702 intemperantia:
2463 1639 2774 1685 accusatam
2803 1645 2816 1695 ;
2851 1629 2940 1684 cui
2975 1643 3079 1684 nec
3109 1627 3249 1684 male
3274 1628 3497 1696 pusilla—

1915 1723 2181 1779 nimitatis
2211 1721 2420 1777 crimen
2457 1721 2752 1776 conveniat
2774 1760 2790 1781 ,
2831 1719 3036 1790 quippe
3063 1728 3186 1791 quae
3216 1719 3344 1774 forti
3373 1734 3497 1775 esse

1914 1814 2143 1877 animo,
2192 1811 2640 1882 matrimoniique
2706 1810 2892 1881 iugum
2935 1810 3082 1866 ferre
3124 1823 3235 1866 non
3283 1809 3492 1872 valeat;

1912 1902 2132 1973 qualem
2162 1916 2224 1956 se
2239 1902 2312 1972 .in
2356 1898 2529 1962 Deum
2559 1899 2678 1970 ipsa
2712 1897 3024 1956 Judaaorum
3066 1899 3348 1972 Synagoga
3370 1907 3498 1970 post

1913 1991 2111 2062 legem,
2157 2006 2255 2061 per
2297 2004 2463 2060 quam
2496 1988 2606 2045 Deo
2652 1991 2949 2058 conjuncta
2997 1986 3196 2056 fuerat,
3239 1991 3493 2060 praebuit,

1912 2093 2038 2140 eum
2075 2067 2160 2139 ad
2201 2079 2458 2155 Egyptia
2498 2097 2560 2138 se
2593 2095 2818 2138 rursum
2856 2081 3208 2139 contulisset.
3242 2080 3383 2136 Hinc
3410 2091 3498 2137 est

1915 2176 2102 2246 igitur,
2146 2175 2290 2245 quod
2318 2189 2382 2229 ea
2413 2173 2666 2245 expulsa,
2704 2189 2802 2244 per
2831 2174 3157 2246 prophetam
3197 2173 3494 2246 quemdam

1914 2265 1969 2321 in
1997 2266 2144 2322 hunc
2173 2263 2396 2320 modum
2415 2265 2490 2318 ait
2517 2283 2530 2319 :
2563 2283 2582 2316 ι
2618 2265 2688 2335 1ης
2705 2263 2916 2334 judicio
2947 2279 3072 2320 cum
3111 2271 3286 2319 matre
3310 2271 3494 2320 vestra

1912 2355 2266 2422 contendite;
2319 2356 2580 2426 quoniam
2649 2355 2770 2425 ipsa
2833 2367 2973 2410 uxor
3028 2369 3151 2411 mea
3201 2370 3314 2411 non
3370 2366 3496 2421 est,

1912 2459 2092 2514 neque
2156 2457 2258 2515 ego
2306 2443 2392 2498 vir
2428 2443 2550 2513 ejus
2576 2441 2642 2496 ”.
2698 2461 2714 2494 ι
2768 2441 3074 2509 Caeterum,
3147 2441 3215 2499 de
3281 2444 3494 2499 adulte-

1913 2536 1996 2589 rio
2042 2534 2162 2604 ejus
2212 2534 2455 2589 disserit.
2510 2532 2694 2602 Neque
2769 2549 2896 2588 vero
2936 2533 3080 2604 quod
3131 2542 3280 2590 esset
3330 2536 3495 2591 .adula

1913 2625 2032 2679 terii
2085 2637 2260 2694 genus
2318 2622 2539 2677 reticuit
2602 2619 2879 2687 Ezechiel,
2946 2631 3071 2676 cum
3135 2623 3274 2679 duas
3326 2623 3494 2680 veluti

212 2718 328 2781 τοῖς
354 2717 600 2782 εἰδώλοις
626 2717 695 2771 τὰ
715 2717 901 2782 τέκνα,
931 2719 1026 2772 καὶ
1052 2719 1241 2791 διῆγον
1265 2721 1409 2774 αὐτὰ
1428 2721 1495 2774 δι’
1513 2721 1801 2793 ἐμπύρων,

1912 2728 2113 2770 uxores
2142 2727 2462 2776 assumens,
2493 2710 2681 2765 Oolam
2719 2719 2775 2766 et
2816 2709 3051 2777 Olibmu,
3092 2711 3294 2780 quibus
3331 2709 3492 2766 Jeru‘

213 2810 310 2862 καὶ
336 2808 512 2863 ταῦτα
545 2809 794 2880 μοιχείαν
823 2810 1200 2867 καλῶν.”Οθεν
1241 2811 1511 2884 αὐτῇ-καὶ
1535 2811 1602 2866 δι’
1642 2812 1803 2884 Ἰερε-

1912 2807 2080 2863 salem
2112 2805 2435 2863 etSamaria
2465 2803 2870 2876 signiﬁcantur,
2895 2803 3213 2858 earumdem
3241 2803 3490 2874 impieta-

217 2900 343 2974 μίου
373 2901 565 2973 φησίν·
590 2921 609 2955 ι
642 2903 802 2973 Ὀψις
821 2903 1028 2976 πόρνης
1047 2903 1266 2974 ἐγένετό
1294 2921 1399 2960 σοι·
1429 2905 1800 2977 ἀπηναισχύν-

1912 2908 2016 2962 tes,
2049 2913 2172 2967 qua:
2209 2911 2342 2952 suos
2392 2895 2527 2967 ipsa
2575 2894 2779 2949 liberos
2820 2893 2984 2948 idolis
3031 2903 3358 2960 mactarent,
3392 2907 3492 2964 per

211 3011 389 3065 τησας
415 2994 558 3066 πρὸς
585 2995 813 3060 πάντας.
843 3014 862 3048 ι
892 2995 1036 3050 Ἀλλ’
1054 2997 1236 3068 ὑμεῖς,
1269 2996 1456 3068 φησὶν,
1477 2999 1527 3052 οἰ
1552 2996 1612 3065 ἐξ
1628 2997 1802 3051 ἐθνῶν

1912 2992 2200 3060 ignemque
2235 2988 2555 3058 trajicerent
2612 2985 2778 3058 (quod
2828 2984 3157 3040 adulterium
3215 2987 3486 3054 nominat)

2016 3083 2050 3097 -ο
2127 3089 2140 3097 .
2169 3081 2210 3097 ..
2270 3078 2339 3097 π-
2367 3095 2397 3097 __
2654 3077 2704 3097 ε--
2735 3076 2844 3097 .-ω
2871 3075 3032 3097 ---μ
3071 3090 3166 3097 ___
3201 3073 3484 3097 .-μμμμ

211 3088 275 3141 ού
305 3087 454 3142 κατὰ
481 3086 708 3152 τούτους
754 3087 1044 3162 ἐκλήθητε.
1078 3090 1206 3154 Τοῖς
1242 3089 1342 3161 μὲν
1387 3089 1498 3162 γὰρ
1543 3089 1803 3161 πώρωσις

1910 3083 2147 3154 explicat
2168 3081 2237 3134 ".
2270 3078 2404 3133 Eam
2431 3079 2616 3148 itaque
2654 3077 2707 3130 in
2735 3076 2851 3130 haec
2871 3075 3038 3132 verba
3070 3090 3166 3146 per
3192 3073 3488 3130 Jeremiam

213 3179 322 3233 ἀπὺ
360 3181 564 3251 μιέρους
601 3179 851 3248 γέγονεν,
886 3179 1033 3232 καθὰ
1075 3178 1154 3248 τῷ
1185 3179 1385 3250 Παύλῳ
1416 3179 1583 3235 δοκεῖ.
1615 3179 1803 3234 Ἔσκο-

1910 3175 2206 3244 alloquitur
2248 3189 2261 3224 :
2301 3187 2318 3222 ι
2357 3169 2624 3240 Aspectus
2655 3165 2822 3239 614.
2861 3168 3172 3223 meretricis
3199 3167 3298 3223 tibi
3339 3167 3486 3234 fuit;

211 3271 485 3344 τίσθησαν
513 3253 588 3325 δὲ’
600 3273 697 3326 καὶ
727 3273 778 3324 οἰ
808 3271 1085 3342 ὀφθαλμοὶ
1112 3272 1291 3326 αὐτῶν
1318 3271 1414 3326 τοῦ
1444 3271 1520 3344 μὴ
1564 3271 1802 3343 βλέπειν.

1910 3261 2295 3330 nullorumque
2335 3265 2387 3313 te
2420 3256 2612 3327 puduit
2638 3255 2704 3308 ⁸¹.
2743 3274 2762 3305 ›
2815 3257 2881 3308 At
2915 3271 3032 3321 vos,
3067 3256 3264 3327 inquit,
3297 3256 3393 3326 qui
3422 3257 3488 3311 de

214 3361 584 3433 Συνεκάμφθη
614 3360 673 3415 δὲ
700 3361 800 3415 καὶ
841 3361 910 3413 τὰ
936 3360 1081 3414 νῶτα
1110 3362 1420 3433 κεχηνότων
1450 3363 1539 3415 ἀεὶ
1571 3364 1708 3434 προς
1737 3361 1803 3414 τὰ

1910 3352 2158 3425 gentibus
2197 3349 2356 3410 estis.
2393 3362 2502 3404 non
2541 3347 2777 3402 istorum
2805 3361 2960 3402 more
2990 3347 3168 3403 vocati
3203 3349 3361 3404 estis.
3416 3346 3487 3405 lis

212 3455 401 3525 γήϊνα.
435 3454 509 3506 Τὸ
559 3453 897 3523 φωτισθῆναι
929 3452 986 3505 δὲ
1032 3456 1146 3517 τοῖς
1190 3453 1370 3507 ἔθνεσι
1412 3454 1658 3523 γέγονεν.
1691 3454 1803 3508 Καὶ

1910 3445 2050 3502 enim
2085 3444 2222 3515 ipsis
2250 3440 2490 3507 caecitas,
2515 3437 2682 3492 Paulo
2709 3444 2873 3502 teste,
2896 3452 2964 3493 ex
2994 3445 3149 3509 parte
3165 3439 3398 3510 contigit
3419 3439 3486 3495 ⁵³.

215 3547 416 3610 πάντες
445 3583 462 3608 ,
513 3545 628 3598 ἀλλ’
676 3547 736 3599 ού
795 3547 1150 3617 κατάλειμμα
1197 3550 1490 3606 σέσωσται.
1537 3546 1678 3600 Ἀλλ’
1721 3547 1803 3610 εἰς

1910 3536 2050 3594 Sunt
2093 3549 2286 3590 rursus
2342 3542 2398 3587 et
2445 3532 2688 3602 ipsorum
2723 3529 2891 3596 oculi,
2932 3544 3002 3585 ne
3035 3529 3277 3596 videant,
3308 3531 3488 3587 οιιοεει

215 3638 440 3706 χρόνον
466 3637 708 3706 μικρὸν,
765 3637 919 3707 φησὶ,
967 3635 1296 3691 κατέλιπόν
1343 3652 1439 3691 σε.
1498 3655 1516 3689 ι
1544 3636 1636 3690 Ἐν
1679 3637 1802 3700 ταῖς

1910 3629 2037 3685 cati.
2070 3625 2210 3684 Sunt
2235 3633 2290 3682 et
2323 3624 2531 3680 eisdem
2569 3631 2716 3693 terga
2746 3637 2814 3678 eo
2855 3623 3000 3693 ipso,
3049 3622 3199 3694 quod
3249 3623 3486 3679 terrenis

214 3731 318 3800 γὰρ
341 3728 748 3800 προλαϐούσαις
767 3732 1007 3804 γενεαῖς,
1024 3727 1136 3792 ὡςὸ
1156 3729 1361 3800 Πέτρος
1379 3729 1536 3800 φησί,
1560 3728 1799 3799 συνεχώ-

1910 3735 2125 3792 semper
2165 3717 2404 3780 inhiant,
2452 3716 2739 3769 incurvata
2765 3731 2778 3768 :
2807 3728 2933 3769 cum
2965 3722 3158 3786 gentes
3190 3714 3484 3777 illustrari.

220 3837 381 3892 ρησεν
405 3823 436 3875 ὁ
468 3821 602 3886 Θεὸς
632 3822 700 3874 τὰ
723 3821 852 3892 ἔθνη
873 3821 1200 3892 πορεύεσθαι
1230 3824 1350 3886 ταῖς
1377 3823 1517 3885 ὁδοῖς
1544 3820 1745 3875 αὐτῶν.
1774 3839 1793 3872 ι

1910 3812 2314 3889 splendescere,
2345 3822 2650 3877 omnesque
2689 3804 2846 3872 adeo,
2895 3819 3005 3860 non
3041 3805 3284 3878 ipsarum
3323 3805 3487 3860 modo

217 3917 478 3986 reliquias
525 3917 738 3972 servari
796 3916 1115 3986 contigerit.
1163 3914 1650 3972 Verumenimvero
1699 3909 1929 3984 tempore
1952 3908 2162 3966 modico
2199 3904 2406 3974 'reliqui
2466 3913 2532 3967 te,
2588 3899 2798 3970 adjicit.
2836 3917 2854 3951 ι
2894 3895 3286 3969 Superioribus
3338 3895 3483 3951 enim

213 4013 488 4080 aetatibus,
523 4013 602 4067 ait
635 4011 854 4078 Petrus,
884 4022 1074 4083 gentes
1103 4013 1354 4082 permisit
1405 4011 1550 4068 Deus
1583 4012 1639 4067 in
1682 4014 1788 4068 viis
1826 4011 1945 4068 suis
1971 4005 2255 4063 ambulare
2274 4000 2342 4054 “.
2382 4019 2399 4051 ι

279 4105 521 4175 Βραχὺς
545 4104 606 4159 δὲ
633 4107 667 4158 ό
699 4103 907 4172 καιρὸς
939 4104 1080 4175 πρὸς
1123 4105 1217 4158 τὸν
1251 4105 1345 4159 τοῦ
1373 4105 1588 4170 ἐλέους
1615 4101 1796 4178 κρινό-

217 4215 371 4269 μενος
418 4199 500 4260 εἰς
553 4197 820 4268 ἀπείρους
867 4195 1072 4259 αἰῶνας
1104 4196 1704 4268 διατρέχοντα.Ἔλεος
1740 4197 1796 4250 δὲ

210 4289 379 4359 μέτα,
417 4287 480 4341 τὸ
505 4286 596 4340 διὰ
621 4285 864 4358 Χριστοῦ
901 4285 1076 4376 ῥύπου
1118 4285 1319 4349 παντὸς
1351 4284 1671 4356 ἐλευθεροῦν
1700 4286 1794 4339 καὶ
1830 4321 1873 4376 D

214 4380 511 4443 κολάσεως,
538 4380 634 4434 καὶ
667 4377 912 4450 παρέχον
943 4375 1220 4441 υἱοθεσίας
1248 4377 1488 4448 ἀξίωμα,
1521 4378 1616 4432 καὶ
1641 4377 1797 4447 βασι.⁶

214 4471 365 4536 λείας
391 4471 641 4542 οὐρανῶν
671 4469 1047 4542 κληρονόμους
1076 4467 1284 4522 ποιοῦν.
1304 4464 1440 4524 Εἶτά
1457 4483 1642 4539 φησιν·
1663 4467 1796 4533 Ἀπὸ

210 4565 315 4620 τοῦ
343 4563 568 4630 ὕδατος
614 4562 724 4617 τοῦ
768 4562 869 4617 ἐπὶ
916 4560 1045 4616 Νῶε
1087 4560 1266 4615 τοῦτό
1302 4562 1408 4630 μοι
1440 4560 1710 4615 ἐστιν.’0
1740 4558 1798 4613 δὲ

210 4656 508 4728 Σύμμαχος
539 4655 660 4710 ὅλον
686 4654 860 4719 οὕτως
889 4654 1181 4720 ἐξέδωκενο
1233 4652 1331 4720 Ὠς
1352 4656 1414 4708 αἰ
1443 4651 1652 4723 ἡμέραι
1671 4651 1798 4707 Νῶε

209 4748 392 4804 τοῦτό
423 4767 547 4818 μοι.
565 4749 663 4814 Ὧς
689 4747 900 4817 ὤμοσα
921 4744 1010 4816 μὴ
1043 4745 1322 4802 ἐπελθεῖν
1363 4745 1520 4814 ὕδωρ
1552 4742 1678 4799 Νῶε
1711 4745 1798 4798 ἔτι

208 4842 307 4897 ἐπὶ
355 4840 475 4909 τὴν
525 4838 661 4909 γῆν,
685 4839 877 4906 οὕτως
923 4837 1255 4908 ὠμοσὰμην
1300 4837 1387 4906 μὴ
1444 4835 1798 4907 ὀργισθῆναί

208 4948 326 4999 σοι,
352 4931 514 5003 μηδὲ
551 4929 901 5000 ἐπιτιμῆσαι
929 4943 1049 4984 σοι.
1083 4931 1160 4983 Τὰ
1207 4927 1318 4998 γὰρ
1347 4929 1456 4997 ὄρη
1490 4928 1793 4995 σαλευθή-

209 5041 444 5087 σονται,
473 5022 573 5076 καί
599 5025 650 5076 οἰ
666 5021 888 5086 ,ϐουνοί
914 5019 1420 5089 ταραχθιὶσονταυ
1446 5020 1515 5074 τὸ
1537 5018 1605 5073 δὲ
1623 5020 1796 5086 ἔλεός

202 5135 320 5186 μου
352 5115 476 5171 ἀπὸ
509 5115 628 5170 σοῦ
659 5116 769 5168 οὐκ
799 5110 1356 5181 ἀποστραφήσεται,
1413 5110 1557 5165 οὐδὲ
1587 5109 1625 5180 ἡ
1667 5111 1794 5165 δια-

208 5209 360 5279 θήκη
391 5209 504 5275 τῆς
531 5205 776 5277 εἰρήνης
823 5223 944 5276 μου
990 5202 1500 5274 ἀνακληθήσεται,
1539 5201 1708 5259 εἶπεν
1761 5208 1794 5258 ό

207 5301 514 5368 οἰκτείρων
543 5315 617 5353 σε
646 5300 878 5368 Κύριος.
899 5297 1249 5367 Θᾶττονγὰρ,
1269 5296 1426 5366 φησὶ,
1458 5295 1528 5349 τὰ
1557 5296 1662 5366 ὅρη
1687 5313 1788 5366 με-

208 5387 610 5450 ταστήσονται
658 5387 769 5441 τῶν
818 5386 1035 5440 οἰκείων
1079 5385 1282 5453 τόπων,
1312 5385 1409 5439 καί
1465 5389 1522 5439 οἱ
1570 5387 1790 5450 ,βουνοί

315 5567 362 5600 ³³
391 5565 626 5622 Zachar.
662 5564 773 5630 xiv,
800 5566 853 5622 9.
948 5567 996 5599 "
1030 5564 1175 5622 Psal.
1242 5581 1403 5627 LXXV,
1432 5567 1481 5620 1.

208 5632 253 5669 ⁸⁸
290 5632 450 5693 Osce.
478 5637 610 5704 ",2.
686 5637 730 5667 ⁸¹
751 5635 948 5691 Ezech.
985 5652 1138 5702 XXIII,
1159 5635 1228 5692 56
1244 5651 1397 5706 seqq.

575 5756 844 5816 Ριτιιοιι.
889 5754 1006 5814 (in.
1053 5751 1428 5816 LXXXVII.

1593 5565 1637 5598 ⁸⁷
1668 5564 1904 5637 Philipp.
1944 5579 2004 5630 ιι,
2033 5563 2144 5637 i_0,_
2171 5562 2260 5616 H.

1479 5639 1522 5670 δ’
1546 5636 1750 5692 Jcrem.
1791 5636 1872 5704 ιιι,
1897 5638 1952 5691 5.

1980 4102 2078 4157 Est
2118 4112 2311 4167 magna
2357 4107 2517 4164 porro
2552 4090 2799 4159 temporis
2828 4087 3076 4152 brevitas,
3098 4085 3145 4139 si
3179 4099 3304 4139 cum
3331 4085 3488 4137 mise-

1905 4191 2142 4249 ricordia
2168 4185 2503 4247 conferatur,
2563 4195 2685 4248 qua:
2727 4179 2780 4232 in
2816 4177 3028 4230 inlinita
3072 4188 3246 4245 usque
3282 4174 3482 4229 saecula

1903 4281 2197 4356 percurrit.
2247 4277 2345 4333 Est
2382 4289 2515 4328 vero
2558 4281 2612 4326 et
2662 4284 2854 4339 magna
2893 4266 3303 4330 misericordia,
3359 4280 3484 4335 qua:

1904 4354 2005 4432 nos
2055 4371 2204 4427 omni
2248 4363 2592 4422 immunditia
2642 4369 2696 4414 ct
2740 4357 2950 4413 ultione
2980 4371 3076 4428 per
3102 4354 3384 4412 Christum
3416 4356 3485 4412 li-

1902 4468 2085 4531 berat;
2131 4479 2254 4532 qua:
2292 4457 2606 4529 adoptionis
2662 4451 2984 4523 dignitatem
3036 4450 3304 4521 largitur;
3357 4463 3481 4519 qua:

1905 4559 2060 4633 regni
2111 4553 2354 4612 cmlestis
2393 4548 2640 4606 haeredes
2705 4545 2852 4601 facit.
2907 4542 3168 4614 Sequitur
3221 4541 3419 4597 deinde
3462 4558 3477 4594 :

1902 4656 1978 4708 Ab
2009 4667 2171 4723 aqua,
2189 4663 2305 4717 quae
2321 4646 2424 4716 {ait
2455 4641 2550 4698 sub
2579 4639 2714 4705 Noe,
2745 4639 2841 4692 hoc
2868 4635 2996 4691 mihi
3023 4643 3122 4702 est,
3150 4648 3249 4706 pro
3275 4633 3477 4723 quibus

1903 4722 2077 4800 totum
2113 4743 2217 4795 hoc
2242 4740 2315 4793 ita
2338 4732 2574 4792 reddidit
2598 4727 2964 4802 Symmachus
2999 4743 3014 4781 ε
3043 4723 3194 4783 Sicut
3224 4725 3337 4780 dies
3360 4722 3477 4778 Noe

1901 4831 2044 4891 istud
2093 4831 2224 4885 mihi
2265 4835 2365 4882 est.
2417 4822 2564 4878 Sicut
2621 4820 2803 4892 juravi
2838 4834 2944 4872 nou
2985 4826 3255 4872 uenturam
3281 4829 3475 4886 aquam

1904 4931 2021 4986 Noe
2046 4926 2277 4997 amplius
2301 4924 2357 4978 in
2387 4931 2618 4982 terram,
2655 4917 2731 4972 sic
2739 4915 2922 4986 juravi
2949 4912 3090 4986 quod
3117 4927 3220 4967 non
3247 4911 3474 4975 irascar,

1896 5034 2058 5090 neque
2098 5011 2409 5070 succensebo
2438 5009 2554 5063 tibi.
2588 5006 2796 5062 Montes
2819 5006 2959 5060 enim
2990 5000 3472 5060 commovebuntur.

1893 5118 1944 5162 et
2000 5104 2156 5160 colles
2203 5098 2658 5156 conturbabuntur
2691 5113 2708 5151 :
2739 5095 3107 5150 misericordia
3143 5101 3316 5148 autem
3357 5102 3474 5146 mea

1896 5216 2000 5254 non
2027 5195 2284 5252 recedeta
2309 5205 2378 5248 te.
2413 5189 2595 5262 Neque
2635 5197 3005 5244 testamentum
3055 5187 3200 5258 pacis
3244 5201 3373 5242 metu
3394 5199 3475 5239 re-
3541 5248 3545 5253 η

1899 5291 2207 5352 vocabitur;
2241 5286 2377 5340 dixit
2429 5285 2520 5355 qui
2571 5284 2666 5338 tibi
2712 5284 2990 5338 miseretur
3051 5279 3328 5334 Dominus.
3383 5275 3475 5332 Cir-

1896 5387 2005 5440 tius
2059 5381 2229 5446 enim,
2296 5379 2492 5449 inquit,
2549 5385 2747 5430 montes
2787 5375 2890 5445 ipsi
2948 5373 3066 5429 suis
3106 5371 3242 5429 locis
3297 5386 3472 5426 more;

2362 5559 2407 5592 ³⁸⁸
2442 5558 2588 5615 Psal.
2635 5570 2779 5621 LXVI,
2826 5553 2882 5610 2.
2985 5551 3031 5585 “
3058 5549 3206 5608 Psal.
3237 5564 3378 5616 XCVI,
3418 5547 3467 5602 ἰ.

2029 5635 2074 5668 ⁵³
2111 5623 2266 5687 Rom.
2297 5646 2367 5696 ιιι,
2414 5629 2506 5683 ‘25.
2582 5628 2628 5659 “
2661 5625 2805 5682 Petr.
2851 5639 2924 5691 Iv,
2963 5623 3018 5679 3.
3269 5661 3271 5666 ι

3027 5743 3104 5803 80
