3940 6522
515 371 656 436 2539

1839 355 2186 419 PROCOPII
2224 355 2470 417 GALEl

3632 353 3772 419 9540

519 485 733 547 buntur,
776 491 822 535 et
877 481 1035 535 colles
1081 476 1568 541 conturbabuntur,
1600 490 1761 545 quam
1808 477 2095 530 misericor-

2200 471 2750 542 ταραχθήσονται,ἢ
2781 471 2847 524 τὸ
2877 470 3023 542 ἐμὸν
3051 471 3222 539 ἕλεος
3251 471 3368 528 ἀπὸ
3400 472 3522 528 σοῦ
3553 474 3776 545 κινηθή-

518 573 607 626 dia
628 589 742 626 mea
766 589 797 624 ιι
827 581 873 624 te
899 567 1430 633 dimoveatur.Quod
1467 567 1510 620 si
1542 566 1606 620 ad
1640 566 1962 635 interpretes
1996 567 2092 621 Se-

519 667 799 735 ptuaginta
813 661 1174 732 respicis,non
1186 659 1492 729 exemplum
1507 657 1882 721 adhibere,sed
1896 657 2093 712 docere

519 758 702 827 potius
741 769 834 809 eos
863 753 1124 822 reperias,
1170 749 1337 803 Deum
1365 749 1475 817 jam
1509 748 1634 803 inde
1662 763 1691 802 a
1734 749 1938 804 diluvio
1965 764 2089 803 eum

521 848 804 902 hominum
835 845 1075 914 peccatis
1101 855 1208 895 non
1243 841 1476 911 amplius
1497 840 1778 895 decertare
1807 840 2088 906 statuisse,

520 950 797 1006 unamque
837 934 1100 989 adversus
1130 947 1318 988 omnes
1372 933 1555 986 multae
1584 933 1850 986 rationem
1905 932 2091 989 decre-

519 1029 666 1084 visse
692 1045 706 1079 :
734 1041 844 1097 quo
871 1024 1067 1080 deinde
1108 1032 1351 1095 tempore
1387 1038 1510 1078 cum
1565 1023 1879 1080 hominibus
1909 1040 2093 1080 versa-

518 1131 606 1175 tus
635 1125 718 1173 est
744 1117 1016 1182 Christus,
1049 1131 1240 1170 omnes
1279 1116 1428 1184 justo
1477 1114 1569 1169 Dei
1607 1117 1818 1171 calculo
1853 1123 2090 1171 veterem

517 1207 665 1262 illam
692 1220 928 1275 poenam,
954 1205 1040 1257 cui
1071 1203 1272 1272 pariter
1297 1212 1452 1257 crant
1490 1205 1736 1268 obnoxii,
1785 1205 1970 1260 subire
2004 1204 2092 1259 de-

522 1298 736 1360 buisse,
777 1295 871 1350 sed
899 1295 1035 1347 iram
1073 1309 1132 1347 se
1189 1295 1240 1346 in
1279 1294 1697 1348 misericordiam
1733 1294 1895 1364 615
1941 1309 2090 1348 eom-

517 1399 750 1451 mutare,
793 1395 848 1438 et
898 1400 1017 1454 qua:
1047 1398 1074 1435 a
1112 1400 1169 1438 se
1202 1383 1423 1437 detinita
1454 1385 1781 1452 decretaque
1808 1393 1954 1447 sunt,
1991 1384 2089 1437 ob-

519 1491 742 1533 servare
788 1487 841 1529 et
877 1475 1132 1527 retinere.
1184 1471 1276 1526 Est
1336 1487 1465 1526 vero
1515 1473 1663 1540 pacis
1721 1481 2089 1528 testamentum

518 1579 615 1633 per
646 1563 950 1616 Christum.
983 1559 1076 1613 Est
1110 1559 1252 1614 enim
1299 1559 1412 1628 ipse
1436 1574 1539 1628 pax
1575 1567 1762 1614 nostra
1786 1561 1832 1591 ⁸⁵
1870 1576 1885 1614 :
1925 1575 2086 1630 quam

518 1654 759 1724 postulat
790 1653 959 1707 Isaias
1004 1651 1090 1706 his
1120 1650 1301 1705 verbis
1336 1670 1348 1703 :
1386 1668 1404 1701 ι
1443 1650 1666 1704 Domine
1689 1649 1834 1705 Deus
1874 1659 2085 1717 noster,

519 1760 708 1816 pacem
753 1745 822 1798 da
868 1743 1048 1806 nobis,
1092 1743 1215 1810 quia
1251 1741 1434 1796 omnia
1465 1741 1737 1797 tradidisti
1787 1743 1946 1798 nobis
1964 1744 2032 1798 ⁵⁸.
2063 1763 2080 1796 ι

2196 582 2369 618 σεται.
2405 565 2559 617 Κατά
2597 564 2654 616 δὲ
2694 565 2821 628 τοὺς
2851 567 2927 627 0',
2959 565 3057 618 οὐκ
3094 565 3209 618 ἔστι
3243 566 3772 636 παραδειγματικδν,

2191 653 2339 725 δηλοῖ
2381 655 2437 708 δὲ
2475 655 2695 725 μᾶλλον,
2725 654 2800 718 ὡς
2841 655 2948 708 ἀπὸ
2976 655 3067 707 τοῦ
3098 647 3488 725 κατακλυσμοῦ
3519 659 3775 727 κέκριταί

2195 765 2283 819 μοι
2312 749 2386 819 μὴ
2410 751 2524 811 τοῖς
2549 748 2907 818 ἀνθρωπίνοις
2934 748 3304 819 φιλονεικῆσαι
3331 749 3660 818 πταίσμασι,
3680 752 3774 803 καὶ

2195 841 2322 909 μίαν
2357 841 2498 893 κατά
2547 841 2763 893 πάντων
2793 840 2970 908 ὁρίσαι
2999 840 3174 910 δίκην,
3203 841 3377 911 δηλῶν
3410 840 3486 903 ὡς
3511 843 3610 893 καὶ
3638 840 3778 893 καθ’

2190 931 2287 984 ὃνιι
2335 931 2645 1003 ἐπεδήμησε
2672 933 2883 1003 χρόνον,
2917 932 3038 1005 θεία
3063 934 3230 1005 ψήφῳ
3267 934 3478 998 πάντας
3515 935 3628 987 ἔδει
3675 934 3776 1005 τὴν

2191 1024 2430 1094 ἀρχαίαν
2477 1025 2692 1094 ἐκείνην
2735 1025 3036 1096 προστῆναι
3079 1026 3257 1096 δίκην.
3313 1027 3426 1080 Καὶ
3469 1028 3580 1098 γάρ
3635 1020 3778 1098 ἦσαν

2191 1116 2394 1186 ὁμοίως
2426 1116 2720 1170 ὑπεύθυνοι
2741 1134 2756 1149 ο
2789 1117 2924 1171 ἀλλά
2952 1118 3067 1188 τὴν
3091 1118 3279 1189 ὀργὴν
3308 1121 3602 1189 μεταφέρω
3639 1120 3779 1189 πρὸς

2191 1209 2386 1273 ἔλεον,
2420 1210 2510 1263 τὸν
2558 1212 2685 1282 ὅρον
2738 1211 3018 1280 φυλάττων
3062 1209 3154 1262 τὸν
3207 1209 3549 1279 ὲμαυτοῦ.Ἦ
3579 1209 3634 1262 δὲ
3665 1209 3780 1276 τῆς

2189 1298 2432 1366 εἰρήνης
2482 1299 2757 1366 διαθήκη,
2784 1299 2872 1352 διὰ
2915 1298 3172 1369 Χριστοῦ.
3219 1299 3391 1360 Αὐτὸς
3421 1299 3531 1370 γάρ
3561 1300 3714 1351 ἐστιν
3742 1301 3776 1367 ή

2191 1393 2382 1461 εἰρήνη
2410 1391 2588 1463 ήμῶν,
2620 1394 2796 1462 ἥνπερ
2837 1393 3063 1456 Ἡσαΐας
3088 1391 3252 1444 αἰτῶν
3281 1390 3383 1458 ἔφη
3408 1408 3424 1421 ο
3457 1410 3475 1442 ι
3516 1391 3719 1460 Κύριε,
3751 1390 3780 1444 ὁ

2189 1481 2322 1544 Θεὸς
2358 1483 2536 1553 ἡμῶν,
2570 1484 2792 1554 εἰρήνην
2817 1483 2903 1546 δὸς
2934 1485 3090 1554 ἡμῖν·
3127 1483 3303 1536 πάντα
3332 1482 3440 1552 γὰρ
3483 1481 3782 1543 ἀπέδωκας

2190 1573 2342 1641 ἡμῖν.
2377 1594 2394 1624 ι
2437 1575 2535 1626 Διὰ
2559 1573 2804 1645 Χριστοῦ
2850 1573 2956 1643 γὰρ
2993 1573 3240 1643 συνήφθη
3261 1573 3358 1643 μὲν
3390 1570 3469 1642 τῷ
3511 1571 3632 1640 Θεῷ
3680 1571 3780 1624 καὶ

2193 1663 2420 1735 Πατέρι.
2453 1665 2641 1720 Ταῦτα
2669 1665 2802 1729 Θεδς
2837 1664 3230 1734 ἐπαγγέλλεται
3257 1663 3336 1734 τῷ
3379 1663 3626 1717 θεοσεὸεϊ
3672 1680 3777 1716 πο-

2191 1752 2500 1823 λιτεύματι,
2530 1756 2559 1808 ὃ
2613 1758 2852 1828 μετέστη
2908 1757 3044 1830 πρὸς
3074 1758 3142 1810 τά
3184 1755 3334 1827 ἔθνη,
3363 1756 3474 1810 τῶν
3498 1755 3781 1810 Ἰουδαίων

519 1838 624 1893 Per
677 1837 951 1892 Christum
989 1832 1134 1886 enim
1172 1831 1281 1886 Deo
1320 1839 1373 1886 et
1399 1830 1546 1887 Patri
1596 1833 1837 1902 copulati
1875 1849 2084 1890 sumus.

2200 1849 2525 1914 μεταπεσόν.

519 1934 696 2002 Atque
733 1932 847 1986 haec
872 1928 1089 2000 quidem
1128 1927 1257 1992 illis,
1287 1927 1380 1996 qui
1409 1927 1474 1982 ad
1502 1927 1720 1997 pietatis
1757 1929 2066 1986 institutum
2102 1933 2327 2007 degunt,
2350 1942 2494 2013 quod
2527 1957 2554 1997 a
2590 1940 2796 1998 Iudaeis
2819 1941 3118 2012 neglectum
3156 1940 3223 1996 ad
3258 1929 3446 2011 gentes
3497 1941 3779 2003 transivit,

524 2027 668 2080 Deus
699 2025 815 2093 ipse
841 2021 1142 2092 pollicetur-

591 2113 779 2180 Qualis
808 2119 988 2164 autem
1011 2120 1156 2164 esset
1176 2109 1316 2180 apud
1358 2107 1575 2165 Judaaos
1607 2110 1776 2165 divini
1801 2113 1980 2169 cultus
2006 2130 2091 2168 ιο-

521 2210 599 2264 tio
621 2215 808 2278 aperte
829 2205 1057 2268 indicat,
1086 2219 1207 2258 cum
1259 2204 1504 2258 humilem
1535 2213 1585 2258 et
1637 2206 1937 2262 instabilem
1971 2223 2090 2262 eam

523 2299 776 2370 appellat,
816 2306 1071 2365 tanquam
1123 2311 1242 2364 quae
1280 2297 1333 2349 in
1384 2311 1646 2365 corporea
1674 2299 2092 2354 circumcisione

525 2403 582 2450 et
620 2390 862 2446 victimis
895 2395 1228 2442 versaretur.
1265 2386 1431 2441 Erant
1462 2401 1592 2442 vero
1625 2395 1674 2440 et
1729 2398 1916 2457 gentes
1966 2390 2094 2456 ipsae

515 2481 771 2544 ‘lmmiles,
804 2493 924 2547 qua:
961 2478 1266 2532 dannonum
1290 2476 1696 2531 incursionibus
1718 2479 1867 2530 nullo
1890 2493 2092 2548 prepu»

527 2581 729 2647 gnante
767 2570 1044 2641 patebant.
1081 2567 1176 2623 Est
1221 2579 1274 2622 et
1330 2570 1632 2623 errantium
1689 2584 1784 2624 cor
1827 2570 2094 2634 instabile,

528 2667 915 2732 ebriorumque
953 2674 1124 2726 more,
1166 2659 1558 2728 cupiditatibus
1611 2661 1872 2731 agitatur,
1920 2670 2094 2716 etva-

529 2758 701 2814 cillat.
730 2753 984 2820 Quolibet
1035 2752 1177 2806 enim
1223 2751 1415 2820 Spiritu
1487 2751 1974 2822 circumaguntur;
2021 2761 2094 2817 et,

530 2847 678 2920 quod
729 2853 813 2901 est
864 2845 918 2898 in
951 2842 1340 2908 Proverbio",
1391 2843 1684 2912 rapiuntur
1738 2843 2097 2913 cupiditatum

528 2940 781 2995 turbine:
813 2936 1006 3006 qualia
1024 2934 1132 3004 pati
1149 2929 1450 2989 Jerusalem
1483 2950 1592 2989 non
1631 2934 1750 2990 sine
1775 2936 2003 2992 crimine
2026 2938 2101 2992 si-

2271 2119 2374 2174 Οἴα
2416 2118 2473 2172 δὲ
2519 2118 2652 2188 παρ’
2685 2117 2961 2182 Ἰουδαίοις
3011 2111 3080 2188 ἦν
3124 2120 3158 2189 ἡ
3203 2118 3460 2189 θεοσεϐὴς
3504 2116 3778 2181 πολιτεία,

2200 2212 2520 2283 παρίστησι,
2543 2200 2838 2276 ταπεινὴν
2872 2210 2968 2264 καὶ
3002 2209 3420 2264 ἀκατάστατον
3457 2207 3666 2278 ταύτην
3699 2209 3780 2260 εἰ·

2201 2303 2316 2356 πῶν
2337 2318 2349 2332 ⁸
2387 2302 2670 2372 σωματικὴ
2713 2301 2822 2370 γὰρ
2850 2296 2918 2370 ἦν
2949 2300 3237 2372 περιτομὴ,
3270 2301 3362 2352 καὶ
3388 2300 3594 2353 θυσίαι.
3623 2300 3692 2351 0E
3723 2297 3780 2365 ἐξ

2199 2391 2367 2444 ὲθνῶν
2393 2390 2449 2443 δὲ
2480 2392 2574 2446 καὶ
2606 2393 2724 2455 ταῖς
2753 2391 2860 2446 τῶν
2896 2391 3184 2462 δαιμονίων
3212 2391 3420 2460 ἐφόδοις
3464 2392 3780 2444 εὐεπίϐατοι

2199 2481 2484 2551 γεγονότες
2517 2483 2801 2536 ὑπέκειντο
2830 2479 3139 2550 ταπεινῶς.
3168 2481 3288 2536 Τῶν
3317 2483 3374 2536 δὲ
3402 2483 3779 2554 πλανωμένων

2203 2572 2614 2638 ἀκατάστατος
2665 2574 2699 2642 ή
2743 2573 2967 2643 καρδία,
3002 2573 3289 2642 μεθύοντος
3325 2575 3487 2644 δίκην
3520 2577 3776 2649 σειομένη

2201 2667 2314 2727 τοῖς
2359 2664 2576 2719 πάθεσι.
2605 2664 2775 2718 Παντὶ
2808 2664 2915 2735 γὰρ
2947 2665 3212 2736 πνεύματι
3244 2669 3659 2736 περιφέρονται,
3687 2669 3776 2721 καὶ

2203 2751 2344 2806 κατὰ
2382 2750 2481 2823 τὴν
2526 2752 2825 2822 παροιμίαν
2845 2793 2860 2817 ,
2889 2754 3203 2824 ρεμϐασμὸν
3228 2755 3536 2825 ἐπιθυμιῶν
3568 2757 3773 2826 ὑπομέ-

2203 2859 2417 2907 νουσιν(
2466 2842 2494 2894 ὃ
2537 2843 2600 2904 δὴ
2649 2842 2926 2897 παθοῦσαν
2976 2845 3073 2914 τήν
3133 2843 3492 2917 Ἰερουσαλὴμ
3540 2849 3775 2901 αἰτιᾶται

2205 2933 2337 2997 Θεὸς
2365 2933 2559 3002 λέγων·
2579 2933 2666 2987 Ἐν
2696 2933 3013 3003 ἐπιθυμίαις
3042 2938 3218 3005 ψυχῆς
3247 2937 3418 3005 αὐτῆς
3449 2939 3774 3007 ὲπνιυματο-

535 3029 815 3104 gniﬁcavit
851 3026 1140 3091 Dominus,
1180 3041 1302 3080 cum
1333 3041 1449 3079 eam
1481 3026 1678 3080 anima:
1698 3040 1812 3081 sua:
1834 3026 2096 3096 cupidita-

2207 3028 2444 3096 φορεῖτο.
2484 3026 3087 3096 Πνευματοφορουμένη
3133 3027 3188 3078 δὲ
3235 3026 3403 3096 ψυχὴ,
3438 3027 3662 3090 παντως
3690 3028 3774 3080 καὶ

516 3123 699 3184 tibus,
751 3130 1008 3187 tanquam
1077 3123 1259 3182 vento,
1317 3117 1506 3186 agitari
1563 3125 1791 3187 questus
1840 3127 1943 3174 est.
2008 3117 2103 3172 list

529 3230 659 3268 vero
686 3228 805 3281 quae
830 3209 1020 3279 spiritu
1066 3208 1176 3277 rapi
1214 3224 1271 3262 se
1303 3207 1507 3275 patitur
1535 3210 1738 3272 anima,
1783 3210 1950 3263 etiam
1990 3224 2106 3262 om-

529 3306 661 3360 nino
703 3301 986 3356 instabilis.
1025 3299 1135 3352 Cur
1175 3310 1354 3353 autem
1393 3309 1442 3352 et
1489 3298 1880 3354 misericordem
1913 3315 1972 3356 se
1991 3299 2105 3354 fore

529 3395 719 3451 addit?
754 3392 996 3445 Primum
1028 3391 1244 3459 quidem
1266 3429 1279 3452 ,
1333 3390 1460 3459 quia
1498 3391 1815 3444 misericors
1870 3390 1985 3458 ipse
2009 3390 2099 3446 sit.

527 3484 733 3539 Deinde
766 3497 894 3537 vero
953 3482 1096 3551 quia
1130 3480 1488 3535 consolatione
1521 3480 1638 3551 ipsa
1672 3481 1866 3532 caruit.
1899 3478 2104 3537 Deinde

527 3576 716 3641 etiam,
765 3575 893 3645 quia
929 3573 997 3645 (si
1047 3579 1113 3627 de
1163 3573 1252 3642 pio
1289 3573 1428 3642 apud
1485 3569 1703 3626 Iudaeos
1773 3571 1897 3626 vita:
1950 3573 2104 3627 insti-

528 3675 646 3720 tuto
682 3679 861 3722 sermo
892 3665 983 3734 sit)
1035 3664 1299 3732 propheta
1347 3662 1552 3730 nullus,
1596 3671 1691 3717 aut
1736 3663 1883 3733 pius,
1920 3672 2103 3719 tantus

528 3766 632 3821 est,
667 3765 727 3810 ut
773 3754 904 3810 illud
964 3770 1216 3810 revocare
1260 3762 1312 3808 et
1362 3754 1667 3809 instaurare
1729 3765 1916 3824 queat.
1964 3755 2101 3820 Quia

529 3848 764 3917 denique
809 3847 876 3916 (si
929 3846 995 3901 de
1041 3847 1292 3916 gentibus
1344 3847 1558 3916 agatur)
1618 3846 1787 3918 legem
1839 3848 1944 3917 ipsi
2011 3856 2104 3902 attt

533 3940 846 4010 prophetas.
873 3939 965 4007 qui
996 3953 1092 3993 eos
1125 3941 1192 3992 ad
1219 3939 1501 4008 Spirituale
1554 3940 1720 3994 robur
1775 3941 2100 4010 invitarunt,

532 4029 678 4082 sicut
710 4025 990 4091 Israelitte,
1028 4041 1136 4079 non
1177 4027 1412 4095 amplexi
1448 4037 1603 4081 sunt:
1635 4028 1781 4096 quod
1839 4044 1934 4096 per
1981 4045 2099 4095 eos,

532 4117 628 4188 qui
665 4117 837 4169 ultimi
877 4116 932 4169 in
959 4115 1223 4185 parabola
1256 4115 1506 4170 mercede
1541 4117 1796 4172 conducti
1836 4126 1984 4184 sunt,
2017 4121 2102 4175 in-

531 4206 751 4262 dicatur
774 4247 789 4268 ,
827 4222 950 4260 cum
983 4205 1273 4275 quaerenti,
1306 4205 1435 4274 quid
1467 4204 1578 4259 illic
1608 4212 1780 4260 totum
1816 4207 1958 4262 diem
1986 4218 2100 4263 sta-

529 4305 655 4352 rent
688 4297 893 4362 otiosi,
923 4297 1050 4365 quia
1099 4309 1130 4349 a
1198 4295 1414 4351 nemine
1449 4295 1906 4364 conducerentur,
1935 4298 2096 4354 iidem

2206 3115 2638 3182 ἀκατάστατος.
2670 3118 2769 3170 Διά
2812 3117 2866 3169 τί
2912 3117 2968 3170 δὲ
3001 3116 3176 3181 ἵλεώς
3216 3131 3349 3180 σοι;
3381 3117 3610 3188 Πρῶτον
3662 3120 3771 3189 μὲν,

2204 3207 2284 3258 ὅτι
2318 3206 2617 3276 οἰκτίρμων
2639 3206 2770 3274 ἐγώ.
2800 3208 3028 3260 Ἔπειτα
3055 3208 3131 3272 δὲ,
3162 3209 3242 3260 ὄτι
3268 3207 3352 3276 μὴ
3383 3210 3770 3278 παρεκλίθης.

2205 3297 2314 3349 Καὶ
2353 3297 2402 3348 εἰ
2455 3297 2551 3364 μὲν
2583 3297 2712 3363 περὶ
2744 3295 2836 3349 τοῦ
2868 3299 2996 3366 παρ’
3023 3297 3298 3360 Ἰουδαίοις
3353 3298 3649 3362 θεοσεϐοῦς
3689 3315 3775 3353 πο-

2203 3385 2529 3457 λιτεύματος
2553 3387 2724 3455 λέγει,
2756 3385 2946 3458 ἐπειδὴ
2984 3388 3170 3458 μηδεὶς
3204 3389 3513 3459 προφήτης,
3536 3389 3572 3459 ἦ
3604 3388 3776 3443 θεοσε-

2205 3475 2304 3545 ϐὴς
2329 3475 2603 3542 τοσοῦτος,
2622 3475 2697 3540 ὡς
2718 3477 3006 3530 ἀναλαϐεῖν
3035 3477 3204 3548 αὐτὴν
3223 3479 3317 3530 καὶ
3337 3479 3770 3549 ἀνακτήσασθαι.

2204 3570 2266 3623 Et
2298 3569 2354 3622 δὲ
2386 3569 2516 3640 περί⁵
2544 3569 2653 3622 τῶν
2681 3569 2876 3634 ἐθνῶν,
2913 3571 2994 3623 ὅτι
3041 3569 3116 3640 μὴ
3158 3569 3408 3641 καθάπερ
3440 3569 3669 3642 Ἰσραὴλ
3697 3571 3772 3623 νό-

2207 3678 2324 3730 μον,
2357 3661 2388 3731 ἣ
2443 3663 2726 3733 προφήτας
2769 3661 3038 3726 ἐδέξαντο,
3071 3661 3206 3732 πρὸς
3251 3661 3560 3730 εὐρωστίαν
3588 3661 3774 3725 αὐτοὺς

2202 3751 2652 3822 παρακαλοῦντας
2698 3753 3279 3822 πνευματικήν.”οπερ
3325 3751 3412 3805 διὰ
3459 3750 3574 3804 τῶν
3619 3752 3677 3804 ἐν
3709 3753 3769 3822 τῇ

2204 3843 2486 3914 παραδολῇ
2537 3843 2862 3897 τελευταίων
2901 3843 3282 3914 μισθωθέντων
3314 3842 3664 3912 σημαίνεται,
3697 3837 3771 3905 οἷς

2202 3935 2307 4006 ἔφη
2325 3953 2339 3967 ο
2368 3936 2434 3990 Τί
2461 3931 2562 3990 ὧδε
2591 3937 2855 4006 ἑστήκατε
2877 3937 3007 4004 ὅλην
3036 3936 3133 4006 τὴν
3167 3935 3380 4007 ἡμέραν
3407 3934 3601 4006 ἀργοί;
3631 3935 3692 3988 Οἱ
3719 3934 3768 3987 δὲ

2202 4026 2338 4098 πρὸς
2389 4026 2580 4079 αὐτόν’
2616 4025 2741 4079 Ὅτι
2777 4025 2965 4096 μηδεὶς
3012 4026 3161 4094 ἡμᾶς
3204 4022 3573 4092 ἐμισθώσατο.
3604 4021 3768 4085 Μόνος

2199 4120 2309 4189 γὰρ
2349 4119 2544 4181 αὐτοὺς
2588 4119 2688 4172 sit“
2703 4119 2947 4187 ἐσχάτων
2987 4116 3246 4170 ἐκάλεσεν
3274 4116 3302 4168 ὀ
3329 4114 3422 4168 τοῦ
3455 4113 3768 4186 ἀμπελῶνος

2199 4210 2494 4279 Δεσπότης.
2510 4205 2645 4263 Εἶτά
2673 4223 2867 4278 φησιν·
2911 4208 3067 4262 Ἰδοὺ
3095 4205 3211 4275 ἐγὼ
3239 4205 3516 4274 ὲτοιμάζω
3539 4219 3641 4259 σοι
3671 4203 3766 4257 ἆν-

2199 4305 2388 4369 θρακα
2446 4298 2588 4364 τοὺς
2640 4300 2850 4364 λίθους
2903 4312 3042 4352 σου.
3089 4296 3229 4350 ’Δνθ’
3252 4288 3312 4348 οῦ
3362 4297 3408 4354 δ.
3441 4295 3764 4365 Σύμμαχοςο

530 4389 956 4460 responderunt.
993 4387 1149 4444 Unus
1183 4389 1328 4443 enim
1367 4389 1517 4459 ipsos
1566 4391 1632 4445 ab
1684 4391 1891 4448 ultimis
1937 4401 2096 4450 terrae

2211 4393 2366 4448 Ἰδοὺ
2402 4391 2516 4461 ἐγὼ
2560 4391 2878 4459 συντίθημι
2916 4389 3112 4456 στίμει
3161 4387 3303 4454 τοὺς
3324 4387 3538 4453 λίθους
3563 4403 3698 4442 σου.
3713 4385 3766 4440 '0

533 4480 736 4534 tinihus
765 4481 977 4533 vocavit
1000 4480 1170 4533 vinea:
1190 4479 1471 4535 Dominus.
1499 4479 1704 4536 Deinde
1727 4483 1803 4537 ait
1828 4482 1992 4539 :Ecce
2008 4501 2098 4556 ego

531 4573 839 4641 prteparabc
883 4572 1409 4639 tibi-carbunculum,
1440 4575 1636 4643 lapides
1679 4587 1838 4644 tuos;
1872 4594 1968 4648 pro
1995 4595 2103 4648 quo

535 4659 900 4731 Symmachus
931 4680 944 4715 :
988 4660 1122 4715 Ecce
1151 4679 1241 4732 ego
1266 4678 1515 4732 compono
1551 4667 1704 4720 stibio
1735 4667 1936 4736 lapides
1964 4680 2101 4733 tuos;

532 4751 763 4820 Aquilas
785 4762 991 4814 autem,
1035 4750 1166 4805 Ecce
1196 4753 1392 4805 inclina
1435 4755 1487 4807 in
1517 4755 1674 4810 stibio
1722 4758 1922 4826 lapides
1951 4769 2102 4825 litos;

534 4839 838 4896 Theodotio
869 4856 1022 4903 vero,
1075 4843 1304 4896 immitto
1333 4845 1498 4916 616
1536 4847 1590 4899 in
1614 4848 1795 4913 stibio,
1824 4850 2099 4905 dixerunt.

532 4935 605 4992 Ut
634 4935 778 4990 enim
811 4950 930 5005 qua:
955 4939 1188 4990 comitur
1215 4939 1430 5000 mulier,
1455 4939 1611 4994 stibio
1649 4940 1716 4994 ad
1754 4942 1941 4997 forma:
1977 4957 2107 4998 con-

530 5027 863 5082 ciliationem
917 5027 1122 5092 utitur,
1181 5028 1262 5082 sic
1297 5037 1349 5081 et
1382 5030 1498 5098 ipse
1523 5029 1734 5085 aedilicii
1792 5033 1869 5087 tui
1906 5035 2106 5101 lapides

530 5118 805 5185 eleganter
835 5116 1141 5186 disponam.
1202 5115 1456 5174 Fortasse
1487 5134 1614 5174 vero
1672 5121 1766 5190 qui
1814 5137 1842 5175 a
1876 5122 2105 5193 Septua-

531 5210 684 5279 gin'a
744 5207 1137 5276 interpretibus
1191 5209 1546 5262 carbunculus
1605 5210 1852 5276 dicitur,
1914 5213 2109 5268 anitum

534 5300 807 5366 piaculum
871 5299 1357 5368 lustrationemque
1417 5300 1710 5370 signiﬁcat.
1763 5301 1902 5357 Sunt
1957 5304 2099 5358 enim

534 5388 653 5456 ipsa
680 5389 842 5442 etiam
879 5388 1030 5444 Isaia:
1080 5389 1228 5443 labra
1261 5391 1500 5446 carbone
1529 5393 1743 5461 expiata
1768 5392 1834 5444 ⁵⁸.
1881 5391 2099 5448 Nullum

2198 4487 2255 4540 δὲ
2284 4486 2546 4548 Ἀκύλας·
2592 4483 2739 4538 Ἰδοὺ
2779 4482 3122 4536 κατακλίνω
3163 4480 3234 4534 ἐν
3269 4481 3468 4549 στίμει
3501 4479 3647 4545 τοὺς
3680 4480 3765 4533 ,ιι-

2199 4582 2338 4643 θους
2370 4591 2507 4630 σου.
2538 4574 2830 4628 Θεοδοτίων
2875 4573 2930 4626 δέ
2951 4588 2966 4604 ο
3008 4571 3316 4641 Ἐμόάλλω
3351 4571 3420 4624 ἐν
3453 4568 3762 4640 crassa“;

2197 4667 2307 4738 γὰρ
2338 4666 2404 4720 ἂν
2435 4665 2572 4736 γυνὴ
2613 4663 3062 4734 καλλωπιζομένη
3095 4661 3445 4732 στιμίζοιτο·
3479 4659 3654 4724 οὕτως
3684 4660 3764 4712 εὖ·

2200 4758 2425 4831 πρεπῶς
2458 4759 2556 4827 τῆς
2587 4757 2686 4827 σῆς
2732 4755 3043 4826 οἰκοδομίας
3075 4754 3317 4823 διαθήσω
3359 4753 3503 4818 τοὺς
3537 4754 3757 4817 λίθους.

2199 4853 2426 4922 Μήποτε
2467 4851 2524 4903 δὲ
2565 4851 2594 4902 ὁ
2627 4847 2756 4920 παρ’
2786 4849 2968 4911 αὐτοῖς
3006 4847 3410 4916 Ἐὅδομήκοντα
3435 4844 3683 4912 ἄνθραξ,
3707 4841 3760 4895 τὸ

2204 4943 2500 5012 καθάρσιον
2537 4941 2831 4994 αἰνίττεται
2863 4939 2962 5010 τῆς
2991 4938 3189 5009 ψυχῆς.
3238 4939 3312 4990 Δι’
3343 4936 3618 5006 ἄνθρακος
3661 4933 3757 5003 γὰρ

2204 5032 2298 5086 καὶ
2332 5032 2555 5085 Ἡσαΐου
2588 5030 2656 5084 τὰ
2686 5029 2839 5100 χείλη
2882 5029 3212 5099 κεκάθαρτο.
3241 5027 3401 5096 Δηλοί
3440 5021 3537 5079 οὗν
3569 5024 3757 5096 μηδένα

2203 5122 2304 5191 τῆς
2327 5120 2636 5190 οἰκοδομίας
2665 5120 2838 5173 λίθον
2864 5117 3124 5188 ὑπάρξειν
3149 5115 3476 5185 ἀκάθαρτον,
3506 5114 3644 5166 κατὰ
3668 5111 3722 5165 τό
3739 5127 3752 5141 ·

2211 5230 2230 5264 ι
2271 5213 2421 5266 Λίθοι
2463 5211 2607 5279 ἅγιοι
2662 5210 2934 5264 κυλίονται
2978 5209 3070 5262 ἐπὶ
3113 5209 3212 5278 τῆς
3255 5209 3389 5278 γῆς,
3430 5227 3448 5259 ι
3490 5206 3617 5277 περὶ
3659 5201 3754 5254 τῶν

2210 5303 2380 5372 ἁγίων
2405 5302 2716 5373 λεγόμενον,
2757 5300 2817 5364 ἐξ
2853 5295 2928 5356 ῶν
2949 5302 2983 5372 ἡ
3019 5297 3113 5354 τοῦ
3151 5298 3286 5367 Θεοῦ
3327 5299 3636 5355 συνίσταται
3669 5293 3750 5346 πό-

2209 5396 2311 5459 λις.

605 5544 649 5576 "
683 5543 879 5613 Ephes.
923 5560 982 5606 tt,
1018 5545 1100 5598 Μ.
1179 5546 1224 5576 ⁵⁸
1261 5548 1368 5601 Isa.
1409 5564 1556 5616 xxvn,
1595 5549 1680 5602 l2.
1756 5551 1797 5582 ⁵⁷
1833 5549 1961 5619 Sap.
1999 5566 2070 5612 iv,

2240 5549 2283 5580 ⁵⁸
2313 5548 2416 5602 lsa.
2454 5566 2527 5610 γι,
2561 5549 2582 5600 l
2615 5562 2767 5618 seqq.

1836 5664 2072 5718 ΗΜΛ]
2113 5662 2520 5718 LECTIONES.

597 5728 627 5766 ³³
659 5728 740 5780 ἷσ.
767 5728 924 5780 λείπ.
959 5728 1210 5796 Χριστός.
