3940 6506
123 425 275 491 2541

1270 422 1807 486 COMMENTARII
1851 421 1931 484 IN
1970 421 2252 484 lSAIAM.

3267 415 3410 485 2512

114 536 299 604 Igitur
355 529 571 586 aediﬁcii
607 527 835 598 lapidem
901 529 1178 598 impurum
1211 527 1329 585 fore
1373 531 1648 600 significat
1678 569 1694 594 ,
1727 530 1884 600 juxta
1939 531 2121 586 illud:
2172 549 2190 583 ι
2220 528 2455 601 Lapides
2490 529 2667 585 sancti
2722 528 3018 586 volvuntur
3081 545 3245 604 super
3301 543 3409 588 ter-

115 642 244 682 ram
274 627 323 658 "
353 642 368 690 ;
408 643 427 677 ι
471 628 615 694 quod
661 631 748 680 est
782 625 836 678 in
868 633 1115 687 sanctos,
1149 639 1215 679 ex
1241 625 1445 694 quibus
1478 626 1598 693 ipsa
1628 625 1724 682 Dei
1758 625 1955 681 civitas
1983 631 2223 691 constat,
2253 636 2596 695 usurpatum.

199 719 359 781 Τινὲς
388 717 446 771 δὲ
475 718 582 771 τὸν
598 717 844 785 Ἰησοῦν
871 716 1140 784 ἄνθρακα
1164 718 1418 787 εἰρῆσθαί
1448 737 1632 788 φασιν,
1667 719 1709 772 δ’

1907 718 2022 774 Non
2053 720 2250 774 desunt
2278 729 2480 783 tamen,
2513 719 2605 788 qui
2626 719 2940 773 carbunculi
2976 720 3198 775 nomine
3226 722 3409 776 Jesum

111 809 332 878 ἔφησεν
361 809 448 873 είς
472 809 545 862 τὰ
572 808 815 876 θεμέλια
843 808 1137 862 τεθεῖσθαι
1166 809 1337 873 Σιὼν,
1361 811 1440 872 εἰς
1470 810 1530 862 ὃν
1559 811 1612 863 εἴ
1635 826 1720 874 τις

112 899 504 964 πιστεύσειεν,
538 900 598 953 οὑ
643 899 718 970 μὴ
764 901 1236 970 καταισχυνθῇ.”0
1266 901 1322 953 δὲ
1359 900 1540 970 Ἀμὼς
1588 901 1721 956 ἀδά-

113 1013 306 1066 μαντα
350 994 542 1047 τοῦτον
573 991 730 1046 καλεῖ
756 991 958 1060 λέγων·
1006 1012 1022 1042 ι
1045 993 1322 1046 Ἐντάσσω
1352 993 1637 1063 ἀδάμαντα
1661 995 1719 1047 ὲν

111 1088 281 1158 μέσῳ
313 1086 445 1140 λαοῦ
483 1103 584 1155 μου
609 1083 854 1157 Ἰσραήλ.
877 1103 894 1134 ι
922 1084 1196 1156 Ζαχαρίας
1223 1085 1281 1138 δέ
1313 1102 1478 1156 φησιν
1499 1103 1512 1117 ·
1545 1105 1564 1137 ι
1583 1085 1717 1140 ’1δοὺ

106 1179 232 1248 ἑγὼ
259 1180 460 1246 δπάγω
501 1179 596 1230 ἐπὶ
636 1177 726 1230 τὸν
770 1176 958 1230 δοῦλόν
1003 1194 1106 1247 μου
1151 1177 1440 1247 ἀνατολήν.
1472 1178 1552 1230 Δι’
1581 1178 1662 1231 ὅτι
1691 1178 1720 1231 6

107 1273 268 1335 λίθος
299 1273 358 1325 ὃν
391 1273 570 1324 ἔδωκα
604 1271 710 1341 πρὸ
741 1270 1036 1343 προσώπου
1065 1268 1267 1340 Ἰησοῦ,
1299 1269 1396 1322 ἐπὶ
1441 1269 1532 1324 τὸν
1570 1269 1719 1322 λίθον

108 1365 209 1416 τὸν
239 1364 340 1417 ἕνα
371 1363 514 1416 ἑπτὰ
554 1361 823 1433 ὀφθαλμοί
853 1362 1013 1415 εἰσιν.
1047 1379 1066 1413 ι
1118 1361 1517 1432 Παντεπόπτης
1545 1362 1654 1432 γὰρ
1691 1363 1719 1415 ό

104 1456 458 1525 Χριστός.’0
505 1455 682 1509 τοίνυν
709 1453 959 1523 ἄνθραξ,
1006 1454 1191 1524 φασὶν,
1223 1448 1380 1519 οὗτος
1435 1454 1719 1527 ὑποδάθρα

102 1548 214 1617 ’τῆς
248 1547 464 1610 πόλεως
489 1548 584 1600 καὶ
612 1547 908 1616 θεμέλιος,
940 1541 984 1614 ᾧ
1008 1547 1320 1615 ἐγγίζοντες
1346 1547 1397 1600 οἱ
1427 1547 1718 1601 ἀπόστολοι

105 1639 209 1690 καὶ
238 1637 402 1690 αὑτοὶ
435 1636 693 1705 θεμέλιοι
724 1635 899 1701 ὄντες,
925 1635 1242 1708 ἐρρέθησαν
1273 1635 1596 1705 σάπφειροι
1624 1635 1718 1707 δη-

103 1729 376 1798 λούμενοι
411 1729 504 1782 καὶ
531 1729 618 1781 διὰ
653 1727 746 1781 τοῦ
775 1728 1246 1782 ἑπτακαιδεκάτου
1276 1727 1494 1800 ψαλμοῦ
1526 1727 1714 1797 λέγον-

103 1839 224 1888 τος,
261 1825 350 1873 ὅτι
388 1839 406 1872 ι
449 1820 734 1890 Ὠφθησαν
767 1822 824 1873 αί
858 1821 1034 1890 πηγαὶ
1062 1820 1172 1874 τῶν
1218 1820 1445 1886 ὑδάτων,
1481 1822 1576 1876 καὶ
1619 1825 1716 1876 ἁν-

103 1912 404 1983 εκαλύφθη
449 1913 518 1965 τὰ
551 1911 780 1982 θεμέλια
823 1914 926 1982 τῆς
959 1914 1292 1985 οἰκουμένης
1317 1914 1425 1968 ἀπὸ
1454 1915 1713 1986 ἐπιτιμή-

105 2004 253 2068 cati);
289 2022 408 2068 σου,
443 2003 639 2074 Κύριε,
682 2003 793 2058 ἀπὸ
820 2005 1175 2076 ἐμπνεύσεως
1209 2008 1518 2077 πνεύματος
1544 2007 1716 2078 ὀργῆς

1828 808 2502 877 signiﬁcariexistimcnt;
2534 825 2696 878 quem
2754 809 2808 862 in
2843 807 3028 865 Sionis
3062 811 3410 876 fundamenta

1827 900 2060 968 positum
2087 914 2200 953 esse
2233 899 2412 963 dixit;
2480 900 2535 953 in
2585 914 2746 970 quem
2788 901 2834 954 si
2886 901 3012 969 quis
3046 901 3256 968 credat,
3297 916 3405 957 non

1827 989 2218 1044 confundatur.
2260 988 2416 1044 Hunc
2448 999 2626 1044 autem
2658 999 2713 1045 et
2742 992 2908 1045 Amos
2939 992 3280 1048 adamantem
3312 1007 3408 1064 ap-

1827 1086 1996 1157 pellat
2029 1086 2115 1143 his
2138 1085 2322 1142 verbis
2360 1106 2372 1141 :
2411 1087 2734 1157 «Disponam
2765 1088 3110 1144 adamantem
3139 1089 3191 1144 in
3228 1090 3406 1146 medio

1827 1180 2017 1250 populi
2052 1181 2158 1234 mei
2184 1178 2351 1235 Israel
2389 1179 2458 1233 ⁸⁸.
2491 1199 2508 1230 ι
2558 1179 2696 1234 Sunt
2741 1188 2795 1235 et
2826 1181 3094 1250 ejusmodi
3127 1181 3408 1238 Zachariae

1827 1273 2033 1328 verba:
2101 1291 2119 1324 ι
2157 1271 2298 1326 Ecce
2351 1287 2450 1341 ego
2499 1272 2711 1328 adduco
2761 1289 2925 1343 super
2961 1290 3180 1329 servum
3224 1292 3405 1330 meum

1825 1365 2117 1420 orientem.
2157 1364 2294 1431 Quia
2335 1379 2468 1420 ecce
2498 1365 2661 1434 lapis,
2693 1380 2852 1435 quem
2905 1365 3028 1420 dedi
3057 1376 3186 1421 ante
3215 1367 3404 1421 faciem

1824 1455 1954 1511 Jesu
1985 1470 2152 1526 super
2187 1455 2420 1526 lapidem
2454 1470 2619 1510 unum
2669 1468 2873 1526 septem
2929 1457 3075 1512 oculi
3113 1466 3242 1512 sunt
3273 1458 3339 1511 ⁸⁸.
3382 1477 3400 1510 ι

1827 1547 1924 1602 Est
1958 1547 2105 1601 enitn
2138 1547 2386 1601 omnium
2437 1547 2719 1616 inspector
2770 1556 2824 1603 et
2877 1549 3085 1604 arbiter
3132 1549 3404 1606 Christus.

1826 1639 1922 1694 Est
1953 1639 2141 1710 igitur,
2171 1637 2350 1702 aiunt,
2381 1638 2741 1692 carbunculus
2801 1638 2912 1705 hic,
2969 1647 3229 1709 tanquam
3257 1641 3408 1696 urbis

1825 1730 2061 1786 fulcrum
2092 1739 2146 1784 et
2173 1729 2618 1798 fundamentum;
2650 1737 2780 1784 sunt
2811 1739 2866 1784 et
2923 1730 3050 1784 huic
3077 1730 3242 1785 vicini
3269 1746 3405 1802 apo-

1824 1826 1950 1883 stoli
1979 1825 2330 1894 fundamenta
2355 1825 2524 1877 altera
2549 1825 2923 1893 sappltirorum
2954 1826 3175 1882 nomine
3198 1826 3409 1898 signiﬁ-

1823 1918 1968 1983 cati;
2011 1917 2134 1987 ipso
2164 1915 2327 1970 etiam
2364 1916 2702 1986 suffragante
2735 1918 2946 1985 psalmo
2998 1918 3210 1974 decimo
3236 1917 3406 1989 septi-

1825 2024 1915 2064 mo
1944 2008 2030 2062 his
2061 2007 2282 2063 verbis:
2330 2025 2348 2058 ι
2386 2007 2778 2076 Apparuerunt
2803 2007 2987 2063 fontes
3017 2021 3305 2079 aquarum,
3352 2017 3408 2064 et

104 2114 232 2151 σου.
266 2115 285 2148 ι
318 2096 792 2166 Ἐπιτιμηθέντων
842 2099 952 2166 γὰρ
999 2098 1106 2151 τῶν
1157 2096 1216 2164 ἐξ
1246 2100 1467 2170 Ἰσραὴλ
1511 2099 1599 2152 διὰ
1647 2099 1709 2152 τὰ

1821 2101 2063 2156 revelata
2094 2108 2225 2155 sunt
2259 2099 2618 2154 fundamenta
2670 2099 2820 2153 orbis
2857 2110 3150 2164 terrarum,
3200 2103 3269 2156 ab
3321 2100 3406 2156 in-

99 2189 461 2259 τολμηθέντα
507 2190 649 2243 κατὰ
694 2188 956 2260 Χριστοῦ,
1005 2188 1162 2260 ὤφθη
1202 2191 1300 2260 μὲν
1343 2195 1375 2260 ἡ
1423 2191 1490 2244 δι’
1525 2191 1714 2255 ὓδατος

103 2279 394 2351 κάθαρσις
415 2295 428 2309 ·
475 2280 867 2352 ἀνεδείχθησαν
903 2281 960 2334 δὲ
992 2283 1086 2335 καὶ
1115 2283 1209 2336 τοῦ
1241 2283 1494 2353 Σωτῆρος
1522 2286 1570 2336 οί
1604 2301 1712 2353 μα-

102 2372 302 2444 θηταί.
319 2374 430 2426 Καὶ
460 2374 510 2427 οἱ
539 2376 814 2444 προφῆται
836 2374 892 2426 δὲ
917 2374 1192 2443 θεμέλιος
1211 2374 1478 2443 λέγονται,
1498 2374 1712 2429 Παύλου

101 2467 374 2536 λέγοντος
393 2483 407 2498 ο
444 2487 462 2520 ι
491 2468 1040 2539 Ἐποικοδομηθέντες
1089 2470 1182 2522 ἐπὶ
1207 2469 1286 2540 τῷ
1334 2469 1573 2541 θεμελίῳ
1604 2469 1714 2523 τῶν

99 2557 436 2612 ἀποστόλων
464 2558 555 2613 καὶ
575 2557 894 2630 προφητῶν.
909 2579 928 2610 ι
949 2559 1013 2612 Ἦ
1031 2559 1086 2613 δὲ
1103 2559 1438 2628 σάπφειρος
1465 2560 1714 2631 οὐράνιον

101 2648 231 2719 εχει
261 2648 326 2702 τὸ
351 2649 571 2720 χρῶμα.
611 2649 722 2704 Καὶ
768 2648 979 2704 τούτων
1007 2649 1066 2704 δὲ
1101 2649 1165 2702 τὸ
1214 2649 1541 2720 πολίτευμα,
1573 2650 1714 2704 κατὰ

101 2739 204 2793 τὸν
244 2739 592 2807 Ἀπόστολον,
621 2742 681 2794 ἑν
727 2741 981 2814 οὐρανοῖς
1031 2741 1290 2813 ὑπάρχει.
1319 2743 1479 2794 Κατὰ
1519 2743 1577 2793 δὲ
1621 2741 1716 2795 τὸν

116 2828 418 2900 Ἰεζεκιὴλ,
450 2831 544 2884 καὶ
588 2831 618 2884 6
647 2831 812 2895 τόπος
854 2833 884 2886 6
934 2831 1196 2886 ὑποκάτω
1236 2830 1332 2885 τοῦ
1377 2831 1570 2902 θρόνου
1617 2829 1712 2885 τοῦ

105 2922 254 2977 Θεοῦ
283 2923 363 2986 ὡς
395 2924 721 2996 σάπφειρος.
749 2924 908 2979 Οὕτω
935 2924 1117 2979 τοίνυν
1159 2924 1380 2996 εῐρηται
1413 2925 1500 2979 διὰ
1526 2925 1587 2978 τδ
1614 2925 1714 2996 τὴν

105 3013 307 3068 εἰκόνα
349 3015 444 3067 τοῦ
491 3014 818 3086 ἐπουρανίου
863 3017 1071 3086 φορεῖν.
1095 3017 1425 3084 Ἀνθρακες
1471 3017 1529 3070 δὲ
1580 3016 1716 3070 καθ’

105 3105 316 3175 ἑτέραν
348 3106 514 3173 φασὶν
543 3105 776 3176 ἐκδοχὴν
803 3105 855 3158 οί
883 3106 1223 3175 κοσμοῦντες
1252 3108 1412 3161 λίθοι
1441 3106 1632 3177 ὥσπερ
1657 3108 1714 3160 ἐν

105 3195 316 3263 στίμει
352 3196 480 3259 τοὺς
519 3195 622 3264 τῆς
659 3193 900 3266 Νύμφης
926 3194 1022 3248 τοῦ
1050 3194 1290 3264 Χριστοῦ
1317 3195 1635 3266 ὀφθαλμοὺς
1664 3197 1713 3250 oi

105 3287 264 3353 ἅγιοι
309 3287 586 3358 μάρτυρες
623 3287 712 3340 διὰ
751 3287 922 3358 πυρὸς
958 3287 1429 3359 δεδοκιμασμένοι.

1817 2194 2136 2261 crepatione
2170 2200 2281 2254 tua,
2334 2190 2584 2256 Domine,
2641 2190 2709 2244 ab
2767 2191 3132 2261 inspiratione
3180 2193 3406 2264 spiritus

1819 2285 1913 2339 irae
1943 2292 2052 2339 tua:
2080 2285 2147 2340 θ’.
2187 2302 2207 2336 ›
2253 2285 2558 2353 lncrepatis
2581 2286 2726 2339 enim
2753 2284 2958 2341 Iudaeis
2981 2287 3052 2341 ob
3090 2302 3176 2353 ea,
3208 2290 3404 2358 quzein

1815 2376 2097 2432 Christum
2133 2375 2252 2430 ausi
2282 2385 2432 2437 sunt,
2468 2375 2584 2446 ipsa
2607 2384 2778 2442 certe,
2809 2394 2930 2448 quae
2955 2394 3052 2448 per
3072 2394 3269 2450 aquam
3295 2393 3403 2450 est,

1819 2466 2076 2521 lustratio
2108 2465 2382 2534 apparuit.
2411 2466 2799 2536 Apparucrunt
2818 2473 2870 2522 et
2890 2467 2994 2538 ipsi
3026 2485 3246 2542 quoque
3286 2471 3406 2530 Sal-

1818 2559 2028 2613 vatoris
2081 2559 2338 2628 apostoli.
2398 2558 2668 2614 Dicuntur
2749 2575 2881 2616 vero
2939 2569 2994 2616 et
3053 2561 3404 2632 fundamenta

1821 2651 2124 2732 prophetae,
2165 2650 2338 2706 Paulo
2374 2660 2514 2708 teste
2545 2691 2559 2719 ,
2604 2652 2697 2725 qui
2732 2651 3004 2725 Ephesios
3039 2673 3208 2728 super
3267 2675 3404 2732 apo-

1817 2731 2088 2796 stolorth
2116 2751 2170 2796 et
2205 2741 2602 2812 praphetarum
2640 2743 3062 2802 fundamentum
3096 2731 3409 2821 superstru-

1817 2839 1938 2884 ctos
1971 2844 2092 2884 esse
2124 2829 2318 2884 scribit
2347 2831 2410 2884 ⁸³.
2443 2829 2540 2886 Est
2589 2847 2786 2886 rursus
2818 2841 2872 2888 et.
2933 2835 3179 2892 caelestis
3201 2839 3406 2896 coloris

1816 2919 2094 2990 sapphiruc
2122 2937 2140 2984 ;
2164 2935 2274 2990 quo
2299 2921 2532 2976 istorum
2551 2924 2923 2990 conversatio,
2942 2925 3135 2981 eodem
3153 2936 3403 2996 auctore,

1817 3014 1870 3069 in
1900 3014 2056 3070 caelis
2089 3029 2210 3070 esse
2243 3014 2588 3086 signiﬁcatur
2617 3015 2681 3069 ³⁸.
2719 3017 2811 3072 Est
2867 3017 3106 3089 denique
3157 3030 3214 3076 et
3258 3025 3404 3094 apud

1818 3105 2185 3171 Ezechielem,
2219 3107 2320 3160 sub
2342 3107 2545 3162 throno
2583 3108 2699 3175 Dei,
2743 3109 2898 3165 locus
2959 3117 3221 3181 tanquam
3279 3129 3405 3184 sap-

1820 3197 2012 3264 phirus
2067 3201 2132 3253 0".
2155 3197 2247 3253 Sic
2280 3198 2469 3269 igitur,
2501 3199 2648 3270 quod
2681 3200 2922 3256 ctelestis
2953 3201 3244 3273 imaginem
3274 3221 3402 3276 por-

1822 3297 1917 3355 tet,
1960 3289 2291 3359 appellatur.
2329 3288 2659 3345 Carbunculi
2688 3306 2819 3347 vero
2853 3291 2960 3346 alia
3014 3295 3180 3350 etiam
3213 3311 3403 3368 accep-

107 3381 270 3436 tione
292 3382 555 3436 dicuntur
586 3382 820 3438 adhibiti
841 3382 905 3436 ad
943 3379 1131 3436 formai
1157 3383 1625 3446 conciliationem,
1646 3383 1846 3451 lapides
1873 3383 2084 3439 Christi
2107 3384 2335 3455 Sponsae
2359 3385 2550 3441 oculos
2580 3393 2842 3456 tanquam
2868 3386 3029 3442 stibio
3057 3388 3220 3460 317
3241 3390 3404 3448 deco-

110 3483 328 3539 rantes,
356 3475 534 3529 sancti
568 3474 670 3544 ipsi
699 3488 798 3543 per
816 3474 998 3543 ignem
1031 3473 1244 3542 probati
1273 3482 1566 3544 martyres.

181 3566 252 3616 At
280 3564 339 3618 δὲ
375 3563 477 3634 τῆς
507 3563 636 3626 νέας
676 3563 1039 3633 Ἰερουσαλὴμ
1071 3563 1363 3630 ἐπάλξεις
1405 3565 1637 3630 ἴασπις,
1675 3566 1709 3632 ἡ

1896 3565 2040 3620 Sunt
2093 3577 2259 3633 porro
2301 3564 2540 3619 recentis
2598 3563 2910 3620 Jerusalem
2961 3569 3397 3637 propugnacula,

107 3657 522 3728 καρχηδόνιος
565 3659 709 3712 κατὰ
759 3657 1057 3728 Σύμμαχον
1107 3659 1413 3727 ἐξαίρετος
1451 3658 1550 3714 καί
1582 3659 1709 3712 δια-

1815 3659 2004 3728 jaspis,
2041 3665 2135 3711 aut
2186 3655 2568 3710 carchedonius
2605 3657 2830 3712 eximius
2885 3669 2935 3712 et
2975 3661 3302 3729 perspicuus,
3341 3670 3402 3716 ut

109 3750 338 3820 φανής.
375 3751 454 3803 Δι’
488 3744 566 3804 ὧν
587 3754 637 3804 οἱ
671 3753 729 3805 ὲν
767 3753 835 3821 τῇ
881 3751 1181 3822 Ἐκκλησία
1232 3751 1594 3821 σημαίνονται
1624 3751 1709 3803 λο-

1815 3750 2182 3820 Symmaehus
2217 3749 2655 3818 interpretatur:
2693 3750 2897 3819 quibus
2922 3751 2960 3805 ii
2989 3753 3396 3823 signiﬁcantur.

107 3847 244 3914 γικῇ
275 3845 601 3914 παρασκευῇ
631 3845 730 3913 τὴν
757 3843 941 3896 πίστιν
962 3843 1338 3914 ὡχυρωμένοι,
1360 3843 1553 3914 ὥσπερ
1576 3861 1709 3914 προ-

1815 3846 1903 3914 qui
1954 3844 2115 3898 fidem
2169 3843 2224 3896 in
2279 3841 2532 3897 Ecclesia
2589 3844 2867 3900 sermonis
2921 3853 3188 3916 apparatu
3236 3849 3396 3904 tutati

112 3933 377 4005 μαχῶνες
401 3934 552 3998 ὄντες
572 3935 668 3988 καὶ⁵
697 3934 988 4006 δυνάμενοι
1022 3937 1130 3989 πᾶν
1171 3934 1376 4006 ὕψωμα
1419 3936 1708 4008 καθαιρεῖν

1815 3945 1964 4000 sunt,
1996 3951 2122 3990 cum
2148 3944 2337 3990 essent
2368 3935 2538 3990 veluti
2579 3937 3016 4006 propugnacula,
3054 3949 3394 4010 possentque

109 4027 488 4098 ἐπαιρόμενον
543 4029 685 4082 κατὰ
709 4029 810 4097 τῆς
862 4031 1120 4095 γνώσεως
1147 4028 1242 4082 τοῦ
1267 4029 1424 4084 Θεοῦ.
1490 4029 1603 4096 Τὰς
1648 4029 1706 4084 δὲ

107 4119 318 4184 πύλας
361 4119 573 4185 λίθους
603 4119 994 4186 κρυστάλλου
1035 4122 1191 4193 φησὶ,
1243 4121 1306 4174 τὸ
1353 4121 1578 4190 διαυγὲς
1613 4123 1704 4176 καὶ

108 4212 363 4283 καθαρὸν
395 4214 496 4284 τῆς
549 4214 737 4282 ὑγιοῦς
771 4215 1011 4278 πίστεως
1055 4216 1343 4285 παριστῶν
1384 4217 1494 4270 τῶν
1537 4233 1702 4272 πεπι-

108 4307 431 4375 στευμένων
479 4306 578 4376 τὴν
629 4306 982 4362 διδασκαλίαν
1010 4309 1112 4378 τὴν
1167 4308 1394 4380 πρώτην
1449 4309 1544 4363 καὶ
1587 4311 1702 4362 cla-

107 4397 424 4466 αγωγικήν.
469 4395 528 4450 Ὀ
549 4396 606 4449 δὲ
640 4395 954 4468 Σύμμαχος,
985 4398 1094 4466 τὰς
1131 4401 1333 4466 πύλας
1358 4417 1497 4462 σου.
1543 4404 1698 4471 φησὶ,

104 4492 326 4555 λίθους
352 4489 614 4559 γλυφῆς.
663 4489 720 4544 '0
763 4490 822 4544 δὲ
870 4490 1123 4556 Ἀκύλας,
1160 4496 1380 4560 Λίθους
1423 4510 1702 4562 τρυπιινι·

104 4583 272 4651 σμοῦ
295 4581 359 4636 τὸ
387 4584 632 4637 ποικίλον
653 4584 753 4654 τῆς
790 4585 1164 4654 στοιχειώδους
1216 4587 1568 4649 διδασκαλίας
1595 4583 1700 4642 ὦδέ

103 4691 228 4738 πως
263 4674 657 4744 αἰνιττόμενος.
695 4675 1001 4730 Ἑκλεκτοί
1029 4675 1087 4729 δὲ
1118 4677 1297 4737 λίθοι,
1336 4678 1524 4747 φησὶν,
1551 4679 1579 4730 ό
1605 4695 1699 4730 πε-

107 4766 326 4837 ρίϐολος
357 4765 638 4836 σημαίνων
673 4767 799 4831 τοὺς
828 4769 951 4831 ταῖς
986 4767 1174 4838 εὑχαίς
1223 4771 1697 4840 περιφράττοντας

103 4857 174 4910 τὰ
210 4857 430 4927 μεγάλα
463 4858 559 4911 καὶ
600 4857 831 4928 λαμπρὰ
875 4858 976 4929 τῆς
1020 4859 1230 4922 πόλεως
1261 4861 1694 4930 οίκοόομήματα,

103 4950 174 5002 τὰ
197 4947 384 5018 πλήθη
412 4947 522 5002 τῶν
555 4948 758 5001 λοιπῶν
786 4950 1088 5022 οἰκητόρων
1121 4951 1476 5022 σημαίνοντα.
1509 4951 1697 5008 Ταῦτα
1723 4933 1775 4992 Ῑ)

104 5043 162 5095 δὲ
193 5042 379 5095 πάντα
408 5043 696 5112 νοήσωμεν
719 5043 777 5109 ἐξ
801 5043 1101 5113 ἑρμηνείας
1120 5043 1486 5115 ἁποστολικῆς
1514 5043 1703 5113 λεγού-

105 5138 246 5203 σηςο
287 5152 306 5184 ι
345 5132 480 5185 Θεοῦ
523 5133 778 5205 οἰκοδομή
835 5135 980 5189 ὲστε.
1033 5133 1120 5198 Ὠς
1159 5135 1322 5204 σοφὸς
1361 5135 1703 5206 ἁρχιτέκτων

107 5225 365 5295 θεμέλιον
396 5223 592 5294 ἔθηκα.
635 5243 654 5276 ι
689 5226 802 5279 Καὶ
849 5225 1014 5279 πάλιν
1039 5244 1053 5257 ο
1092 5245 1110 5276 ι
1149 5226 1414 5296 Θεμέλιον
1462 5225 1572 5298 γὰρ
1609 5226 1704 5279 ἄλο

105 5314 199 5370 λον
225 5316 404 5380 οὐδεὶς
432 5316 657 5371 δύναται
682 5319 857 5372 Θεῐναι
891 5319 1043 5384 παρὰ
1061 5318 1151 5371 τὸν
1179 5317 1454 5390 κείμενον,
1472 5320 1532 5382 ὃς
1553 5320 1702 5372 ἐστιν

117 5410 334 5481 Ἰησοῦς
368 5409 623 5482 Χριστός.
655 5411 717 5464 Εἰ
735 5410 792 5463 δέ
816 5428 900 5474 τις
925 5411 1270 5481 ἐποικοδομεῖ
1296 5412 1391 5464 ἐπὶ
1415 5411 1506 5463 τὸν
1534 5410 1699 5479 θεμέ-

106 5504 223 5558 λιον
257 5502 470 5566 τοῦτον,
493 5503 740 5574 χρυσίον,
763 5503 1049 5574 ἀργύριον,
1076 5501 1258 5567 λίθους
1289 5503 1525 5574 τιμίους,
1548 5503 1701 5570 ξύλα,

109 5599 324 5670 χόρτον,
355 5596 629 5669 καλάμην,
657 5598 890 5652 ἑκάστου
926 5597 986 5649 τὸ
1015 5597 1176 5666 ἔργον
1202 5597 1434 5670 φανερὸν
1465 5599 1692 5669 γενήσε-

183 5796 229 5826 ⁸’
262 5792 496 5850 Zachar.
535 5811 611 5855 Ix.
656 5795 738 5849 16.
819 5794 863 5824 ⁶⁰
897 5793 1063 5849 Amos
1097 5809 1194 5855 vtt,
1230 5794 1282 5849 8.
1362 5797 1402 5827 ⁶¹
1432 5795 1664 5850 Zachar.
1691 5811 1773 5849 Ill.
1810 5797 1860 5862 8,
1885 5793 1935 5849 9.

1810 4044 1973 4084 omne
2002 4027 2146 4098 quod
2199 4043 2323 4084 sese
2363 4037 2556 4084 contra
2589 4027 2686 4082 Dei
2722 4030 3056 4098 agnitionem
3085 4033 3394 4098 attollebat,

1809 4121 2068 4192 dejicere.
2102 4118 2259 4187 Quod
2295 4117 2495 4175 deinde
2555 4128 2737 4187 portas
2779 4121 3013 4175 cristalli
3059 4123 3264 4189 lapides
3293 4124 3393 4178 ad-

1801 4215 1946 4285 jicit,
1993 4221 2155 4270 recta:
2204 4212 2327 4268 fidei
2379 4212 2563 4266 lucem
2616 4221 2670 4268 et
2705 4213 3000 4283 puritatem
3043 4213 3272 4281 indicat,
3318 4216 3392 4269 ita

1807 4306 2036 4376 primam
2061 4319 2275 4367 eorum,
2309 4305 2402 4374 qui
2438 4303 2818 4367 crediderunt,
2859 4305 3228 4374 disciplinam,
3272 4307 3387 4376 pri-

1805 4413 2064 4468 mumque
2089 4395 2454 4453 institutionis
2496 4395 2704 4449 aditum
2738 4396 3077 4464 signiﬁcans.
3117 4397 3188 4451 At
3224 4398 3386 4468 Sym-

1805 4491 2037 4548 machus
2062 4500 2245 4560 portas
2279 4499 2422 4550 tuas,
2458 4487 2661 4556 lapides
2695 4490 2985 4556 sculptura:
3007 4489 3142 4544 dicit
3171 4507 3184 4553 ;
3215 4491 3384 4560 Aqui-

1805 4586 1886 4641 las
1910 4592 2119 4644 autem,
2147 4581 2522 4636 terebrationis
2554 4596 2572 4644 ;
2607 4589 2666 4635 ut
2701 4581 3144 4637 itaelementaris
3177 4583 3384 4638 doctri-

1801 4693 1884 4732 nae
1924 4676 2164 4730 varietas
2201 4671 2609 4744 quodammodo
2654 4672 3036 4729 adumbretur.
3089 4674 3231 4731 Sunt
3259 4693 3388 4732 vero

1801 4785 1991 4824 murus
2041 4767 2245 4836 lapides
2290 4765 2465 4828 electi,
2512 4765 2724 4835 inquit;
2756 4766 2792 4820 ii
2823 4766 2925 4836 ipsi
2965 4767 3252 4835 nimirum,
3288 4770 3382 4840 qui

1803 4857 2054 4929 precibus
2101 4870 2296 4927 magna
2326 4864 2380 4910 et
2413 4855 2673 4926 praaclara
2716 4855 2873 4911 urbis
2902 4856 3157 4924 aediﬁcia,
3212 4859 3264 4914 id
3297 4870 3384 4916 est

1805 4951 2143 5021 reliquorum
2193 4949 2394 5004 civium
2444 4947 2858 5003 multitudinem
2896 4949 3164 5021 obtegunt
3205 4969 3220 5006 :
3261 4968 3384 5023 qua:

1799 5041 1987 5098 omnia
2023 5042 2105 5096 vel
2139 5040 2370 5096 docente
2399 5039 2664 5111 Apostolo
2710 5041 2836 5097 licet
2880 5040 3206 5114 intelligere,
3255 5061 3381 5100 cum

1801 5133 1879 5186 ait
1922 5149 1935 5186 :
1972 5150 1990 5183 ι
2025 5129 2120 5185 Dei
2166 5129 2460 5184 aediﬁcatio
2505 5129 2661 5193 estis,
2702 5137 2761 5184 ut
2793 5129 3013 5200 sapiens
3044 5132 3381 5189 architectus

1802 5222 2223 5279 fnndamentum
2250 5220 2409 5291 posui
2441 5221 2508 5276 “.
2545 5239 2564 5272 ι
2596 5219 2662 5276 Et
2685 5237 2904 5278 rursum
2936 5241 2951 5278 :
2980 5241 2997 5275 ι
3027 5223 3378 5282 Fundamen-

1802 5328 1916 5373 tum
1965 5318 2111 5373 enim
2158 5317 2308 5373 aliud
2363 5331 2522 5372 nemo
2562 5325 2738 5387 potest
2789 5334 3012 5389 ponere,
3079 5330 3279 5391 prater
3325 5323 3377 5380 id

1803 5412 1947 5481 quod
1975 5413 2217 5480 positum
2245 5418 2350 5474 est,
2375 5410 2518 5480 quod
2560 5418 2646 5466 est
2675 5410 2840 5466 Jesus
2864 5411 3140 5468 Christus.
3176 5413 3233 5470 Si
3256 5419 3382 5487 quis

1814 5514 1994 5558 autem
2031 5501 2430 5573 superaediﬁcat
2473 5518 2638 5572 super
2688 5503 3102 5559 fundamentum
3131 5507 3254 5569 hoc.
3282 5524 3378 5564 au-

1806 5611 1950 5660 rutn,
1995 5593 2205 5664 lapides
2254 5595 2550 5665 pretiosos,
2610 5594 2780 5664 ligna,
2832 5595 3035 5664 fenum,
3081 5600 3379 5670 stipulam,

2051 5793 2263 5851 "Psal.
2301 5811 2428 5860 xvn,
2467 5793 2551 5859 16,
2625 5793 2706 5849 17.
2822 5795 2866 5826 ⁸³
2932 5794 3128 5868 Ephes.
3178 5815 3233 5864 ιι,
3289 5798 3378 5852 ‘20.

112 5864 156 5898 ⁵⁵
192 5864 428 5937 Philipp.
465 5881 548 5930 tu,
591 5865 676 5919 20.
759 5863 805 5896 "
833 5863 1028 5919 Ezech.
1069 5881 1103 5928 ι,
1136 5867 1223 5918 26.
1305 5867 1348 5898 “
1392 5867 1406 5921 I
1443 5868 1571 5922 Cor.
1610 5881 1688 5935 In,
1724 5866 1808 5921 10.
