3998 6390
598 391 741 458 2543

1926 386 2277 446 PROCOPII
2316 382 2557 445 GAZIEI

3690 385 3805 453 εδιι

600 503 1041 577 uniuscujusilue
1074 518 1215 575 opus
1245 499 1601 556 manifestum
1626 498 1731 554 erit
1762 499 1827 556 ⁸⁷.
1870 519 1887 552 ι
1916 499 1981 552 Ει
2008 501 2171 554 item:

2288 516 2387 552 ται.
2433 517 2451 549 ι
2483 497 2595 551 Καὶ
2617 495 2803 550 πάλιν·
2835 512 2854 546 ι
2900 490 3449 563 Ἐποικοδομηθέντες
3472 492 3560 547 ἐπὶ
3589 495 3658 567 τῷ
3677 496 3808 571 θεμε.

604 622 621 654 ι
653 596 1086 669 Superazdiﬁcati
1135 609 1300 665 super
1340 591 1756 646 fundamentum
1801 592 2173 662 apostolorum

597 701 653 748 et
690 690 1107 761 prophetarum,
1144 686 1266 757 ipso
1290 699 1508 740 summo
1537 684 1788 755 angulari
1834 684 2013 753 lapide
2046 682 2175 738 Jesu

597 783 817 839 Christo
842 782 907 834 ⁸⁸.
946 799 964 831 ι
1008 778 1115 834 Et:
1150 797 1168 830 ι
1192 776 1252 832 ln
1284 776 1485 846 quibus
1502 790 1696 831 omnes
1724 775 2069 831 mdiﬁcamini
2096 777 2175 829 la-

599 876 755 946 pides
792 874 1039 927 viventes
1077 872 1143 923 ‘9.
1190 889 1209 921 ι
1243 871 1388 923 istos
1421 869 1589 939 igitur
1616 869 1722 922 hoc
1752 869 1876 923 loco
1902 868 2169 938 propheta

599 982 777 1021 omnes
814 966 927 1035 fore
964 963 1056 1016 Dei
1090 962 1385 1031 discipulos
1417 961 1727 1032 significat;
1760 960 1852 1030 qui
1888 960 2172 1015 nullumin

603 1060 766 1116 terris
814 1056 1137 1126 magistrum
1192 1054 1484 1129 appellari,
1518 1068 1640 1107 cum
1673 1066 1818 1106 unus
1856 1059 2070 1105 tantum
2105 1052 2178 1105 sit

599 1151 653 1203 in
687 1148 861 1210 cmlis,
911 1144 1235 1201 edixerit".
1272 1144 1317 1197 A
1349 1159 1458 1213 quo
1481 1153 1535 1196 et
1578 1142 1834 1211 discipuli
1866 1142 2031 1195 etiam
2081 1141 2173 1211 qui

599 1241 1048 1308 desumpserunt,
1079 1234 1325 1306 gentium
1367 1231 1637 1302 magistri,
1663 1241 1717 1286 et
1742 1230 1954 1300 lapides
1976 1230 2173 1297 sancti,

597 1334 690 1403 qui
719 1345 885 1402 super
926 1336 1129 1382 terram
1152 1326 1457 1380 volvuntur
1490 1324 1560 1386 '“,
1590 1322 1879 1393 ipsamque
1908 1323 2177 1391 praedica-

597 1428 802 1481 tionem
842 1422 1045 1491 ubique
1068 1417 1491 1483 circumferunt,
1524 1416 1778 1485 appellati
1814 1424 1960 1471 sunt.
1989 1416 2065 1470 De
2090 1416 2177 1470 his

596 1528 653 1571 et
688 1515 832 1569 Deus
854 1520 1013 1567 antea
1048 1525 1142 1580 per
1174 1507 1368 1564 Isaiam
1404 1507 1461 1560 in
1484 1506 1599 1560 haec
1620 1506 1787 1560 verba
1820 1506 2037 1561 locutus
2070 1506 2173 1560 ait:

603 1628 622 1662 ι
652 1608 887 1662 Perdant
936 1603 1194 1675 iniuriam
1229 1601 1570 1671 iniquorum,
1596 1607 1651 1655 et
1676 1599 1991 1669 superbiam
2023 1613 2178 1654 arro-

596 1700 847 1773 gantium
901 1695 1232 1751 liumiliabo.
1281 1692 1348 1747 Et
1377 1699 1541 1747 erunt
1586 1690 1678 1761 qui
1732 1690 1981 1745 derelicti
2024 1699 2176 1754 sunt,

598 1809 739 1848 auro
786 1791 978 1847 obrizo
1020 1788 1398 1860 pretiosiores,
1447 1793 1502 1840 et
1548 1786 1634 1839 vir
1662 1782 1845 1854 lapide
1877 1798 1942 1837 ex
1990 1783 2179 1854 sapliir

2278 590 2377 659 λίῳ
2404 587 2513 641 τῶν
2560 586 2875 640 ἀποστόλων
2914 586 3008 639 καὶ
3059 583 3375 656 προφητῶν,
3409 583 3556 647 δντος
3586 585 3806 657 ἀκρογω.

2278 678 2452 732 νιαίου
2483 676 2647 730 αὑτοῦ
2665 675 2843 748 Ἰησοῦ
2866 674 3129 746 Χριστοῦ.
3163 693 3182 727 ι
3216 673 3328 729 Καὶ
3349 673 3538 729 πάλιν·
3576 692 3595 726 ι
3637 677 3715 732 Ἔν
3744 677 3810 747 οἷς

2278 772 2481 835 πάντες
2501 770 2874 840 οἰκοδομεῖσθε
2907 770 3045 823 λίθοι
3075 770 3333 834 ζῶντες.»
3355 766 3462 831 Οὓς
3483 768 3547 839 δὴ
3583 767 3669 822 νῦν
3688 773 3810 826 πάν.

2278 879 2385 930 τας
2403 866 2431 917 ό
2460 865 2747 936 προφήτης
2770 864 2938 934 φησὶν
2963 863 3209 917 ἔσεσθαι
3241 860 3558 927 ὃιδακτοὺς
3586 864 3717 916 Θεοῦ
3736 866 3810 919 τοῦ

2277 958 2524 1021 εἰπόντος
2548 972 2564 987 ·
2597 956 2689 1026 Μὴ
2716 955 2984 1025 καλέσητε
3011 955 3331 1009 διδάσκαλον
3360 954 3451 1006 ἐπὶ
3488 954 3582 1022 τῆς
3611 955 3719 1024 γῆς.
3741 954 3813 1021 Εἷς

2277 1050 2388 1121 γάρ
2418 1051 2565 1103 ἐστιν
2592 1051 2745 1120 ὑμῶν
2769 1048 3093 1112 διδάσκαλος
3114 1049 3172 1100 ὲν
3200 1049 3317 1109 τοῖς
3362 1048 3621 1117 οὐρανοῖς.
3669 1049 3745 1115 Ἐξ
3767 1048 3815 1106 οὗ

2279 1144 2373 1196 καὶ
2407 1143 2455 1194 οἱ
2492 1142 2732 1212 μαθηταί¹
2764 1139 3046 1205 λαϐόντες,
3075 1136 3387 1192 διδάσκαλοι
3419 1137 3526 1190 τῶν
3562 1138 3715 1192 ἐθνῶν
3745 1159 3818 1209 γε-

2278 1234 2533 1302 γόνασιν·
2566 1232 2615 1285 οἳ
2658 1233 2754 1285 καὶ
2791 1233 3037 1301 εἴρηνται
3065 1229 3205 1282 λίθοι
3239 1228 3388 1296 ἅγιοι
3431 1228 3719 1299 κυλιόμενοι
3744 1233 3818 1283 ἐπὶ

2277 1327 2376 1397 τῆς
2408 1325 2533 1395 γῆς,
2561 1326 2657 1378 καὶ
2700 1325 2763 1377 τὸ
2808 1324 3075 1394 κήρυγμα
3121 1320 3399 1392 πανταχοῦ
3446 1322 3815 1391 περιφέροντες.

2279 1419 2414 1490 Περὶ
2429 1412 2503 1474 ὧν
2521 1420 2549 1471 6
2567 1418 2700 1481 Θεὸς
2718 1416 2808 1469 διὰ
2837 1414 3059 1468 Ἦσαῖου
3079 1414 3245 1484 φησὶν
3266 1412 3546 1484 προειπών
3561 1428 3574 1443 ·
3605 1432 3623 1466 ι
3643 1415 3821 1468 Ἀπολῶ

2279 1512 2438 1583 ὓϐριν
2482 1511 2722 1581 ἀνόμων,
2756 1509 2853 1562 καὶ
2894 1506 3053 1577 ὓϐριν
3093 1504 3462 1575 ὑπερηφάνων
3516 1505 3819 1561 ταπεινὼσω.

2278 1604 2390 1657 Καὶ
2411 1602 2626 1655 ἔσονται
2658 1602 2709 1654 οἱ
2770 1597 3266 1667 καταλελειμμένοι
3316 1596 3524 1665 ἔντιμοι
3562 1596 3759 1665 μᾶλλον,
3793 1598 3822 1668 ἢ

2279 1694 2341 1748 τὸ
2378 1693 2603 1764 χρυσίον
2627 1690 2690 1744 τὸ
2711 1691 2945 1758 ἄπυρον.
2972 1688 3081 1742 Καὶ
3109 1688 3138 1740 6
3159 1686 3449 1756 ἄνθρωπος
3481 1685 3686 1759 ἔντιμος
3713 1690 3824 1759 μᾶ).-

2279 1784 2422 1856 λονῆ
2461 1785 2490 1837 6
2509 1783 2658 1846 λίθος
2676 1778 2708 1835 6
2747 1785 2812 1835 ἐκ
2840 1780 3090 1852 σουφείρ.
3131 1800 3150 1833 ι
3188 1778 3421 1845 Πάντες
3448 1773 3541 1832 οῦν
3566 1778 3614 1830 oi
3637 1779 3723 1848 τῆς
3745 1781 3824 1832 πό-

598 1884 898 1957 pretiosior
930 1882 997 1935 τ’.
1020 1851 1061 1932 ἰ
1094 1879 1236 1934 Sunt
1259 1894 1390 1947 ergo
1425 1891 1604 1931 omnes
1641 1851 1883 1929 civitatis
1926 1851 2181 1942 ﬁlii,_Dei

2288 1851 2422 1940 λεως
2448 1875 2567 1931 υἱοὶ
2593 1874 2863 1929 διδακτοὶ
2903 1851 3074 1937 Θεοῦ,
3109 1872 3203 1925 καὶ
3243 1870 3456 1943 μάρτυς
3477 1871 3505 1922 6
3541 1867 3734 1935 Παῦλος
3756 1871 3824 1924 λέ-

598 1974 869 2044 discipuii,
902 1971 1072 2026 Paulo
1098 1971 1267 2043 618
1297 1970 1464 2025 etiam
1496 1967 1853 2037 suffragante,
1885 1967 1976 2020 ιιιιί
2009 1965 2177 2019 Deum

600 2064 961 2121 multifariam
992 2062 1289 2132 multisque
1315 2061 1492 2115 modis
1524 2067 1709 2129 patres
1740 2058 1869 2112 olim
1909 2073 2004 2127 per
2054 2071 2181 2127 pro-

598 2157 816 2229 phetas,
851 2171 952 2210 nos
978 2164 1157 2208 autem
1198 2151 1409 2207 ultimis
1450 2150 1603 2206 hisce
1628 2148 1823 2205 diebus
1855 2165 1953 2220 per
1980 2147 2178 2203 Filium

600 2265 725 2305 esse
750 2249 1051 2301 allucutum
1096 2247 1173 2298 ait
1201 2244 1269 2300 ⁷³.
1310 2242 1499 2312 Neque
1536 2241 1684 2298 enim
1730 2255 2088 2311 quemquam,
2123 2250 2181 2294 ut

600 2341 824 2413 quando
871 2355 995 2394 cum
1043 2337 1324 2393 veteribus
1364 2335 1603 2406 agebat,
1652 2332 2023 2404 interposuit;
2084 2332 2179 2388 sed

603 2441 886 2504 assumpta
936 2446 1103 2486 carne
1144 2428 1376 2482 verbum
1422 2425 1673 2490 eﬂ'eetus,
1716 2423 2012 2479 nobiscum
2064 2424 2182 2492 ipse

600 2527 818 2581 loculus
847 2532 950 2579 est.
988 2520 1285 2575 Pollicetur
1311 2531 1443 2573 vero
1468 2527 1522 2572 et
1540 2517 1620 2573 eis
1649 2532 1855 2588 pacem,
1879 2514 1973 2585 qui
2002 2512 2141 2568 dixit
2165 2528 2177 2564 :

607 2635 626 2669 ι
667 2615 863 2669 Pacem
904 2627 1077 2667 meam
1118 2610 1188 2664 ιΙο
1222 2610 1377 2664 vobis
1415 2606 1481 2661 ⁷⁸.
1534 2626 1555 2661 ι

674 2704 881 2761 Deinde
901 2698 1091 2770 adjicit
1119 2717 1132 2753 :
1160 2700 1225 2753 Et
1257 2696 1538 2767 injustitia
1563 2692 1935 2765 wdiﬁcaberis.
1956 2697 2184 2748 Summa

600 2798 750 2856 enim
777 2794 1031 2867 tequitate
1059 2807 1181 2864 qua:
1212 2806 1399 2847 rerum
1424 2789 1669 2844 omnium
1704 2787 2064 2843 arebiteetrix
2097 2793 2182 2840 est

601 2890 698 2947 Dei
744 2888 1041 2959 sapientia,
1079 2900 1205 2939 cum
1244 2885 1399 2937 vivos
1425 2890 1486 2937 et
1517 2881 1657 2936 bene
1687 2888 2012 2950 compactos
2040 2877 2184 2947 lapi-

601 2984 694 3038 des
741 2980 975 3050 uadi/icio
1011 2992 1113 3034 suo
1145 2976 1497 3045 adiungeret,
1539 2973 1681 3026 alios
1711 2971 1934 3042 quidem
1966 2970 2021 3023 in
2057 2985 2184 3037 pro-

600 3071 905 3145 pugnacula
927 3112 942 3138 ,
981 3069 1117 3123 alios
1144 3082 1275 3122 vero
1301 3064 1754 3134 infundamenta,
1784 3062 1922 3117 alios
1948 3061 2187 3130 denique

603 3167 661 3221 in
692 3180 873 3219 muros
912 3161 1120 3233 posuit.
1152 3158 1302 3213 Alios
1324 3172 1544 3211 rursum
1564 3156 1806 3211 civitatis
1842 3154 2046 3224 templo
2066 3153 2187 3222 qui-

2281 1983 2418 2037 γωνο
2453 1987 2471 2020 ι
2510 1967 2727 2037 Πολυμε
2738 1966 2846 2036 ρῶς
2870 1965 2966 2017 καὶ
2988 1963 3344 2033 πολυτρόπως
3379 1959 3725 2025 πάλαιόθεδς
3752 1961 3828 2016 λα-

2280 2057 2452 2130 λήσας
2478 2059 2591 2118 τοῖς
2619 2055 2892 2126 πατράσιν
2918 2052 2977 2105 ὲν
3000 2054 3111 2114 τοῖς
3138 2050 3474 2121 προφήταις,
3518 2048 3603 2100 ἐπ’
3631 2048 3825 2118 ἐσχάτου

2282 2150 2390 2203 τῶν
2442 2147 2666 2219 ἡμερῶν
2708 2145 2913 2199 τούτων
2941 2142 3207 2212 ἐλάλησεν
3240 2142 3373 2211 ἡμῖν
3402 2140 3463 2191 ὲν
3484 2137 3645 2208 Υῖῷ.»
3673 2139 3829 2201 Οὐδεὶς

2282 2235 2390 2307 γὰρ
2417 2237 2571 2307 ἡμῖν,
2604 2233 2680 2298 ὡς
2707 2236 2821 2296 τοῖς
2856 2232 3131 2295 παλαιοῖς,
3168 2229 3549 2300 ἐμεσίτευσεν.
3599 2228 3754 2291 Αὐτὸς
3783 2228 3828 2281 δὲ

2285 2325 2589 2397 σαρκωθεὶς
2618 2326 2647 2377 6
2673 2325 2845 2392 Λόγος
2885 2321 3207 2392 ἐφθέγγετο.
3235 2318 3658 2388 Ἐπαγγέλλεται
3680 2317 3731 2371 δὲ
3755 2320 3831 2372 καὶ

2282 2417 2533 2487 εἰρήνην
2564 2417 2748 2481 αὐτοῖς
2785 2417 2815 2468 6
2843 2414 3014 2468 εἰπών
3037 2431 3052 2444 ·
3103 2432 3123 2466 ι
3167 2412 3413 2482 Εἰρήνην
3455 2411 3556 2483 τὴν
3603 2410 3730 2482 ὲμὴν
3764 2409 3830 2463 δί-

2284 2511 2424 2582 δωμι
2448 2510 2596 2581 ὑμῖν.
2636 2527 2655 2559 ι

2356 2681 2449 2750 Οἷς
2476 2686 2723 2752 ἐπιλέγει
2746 2696 2762 2715 ·
2788 2680 2897 2736 Καὶ
2918 2682 2988 2735 ἐν
3014 2680 3376 2749 δικαιοσύνῃ
3398 2679 3829 2749 οικοδομηθήσῃ.

2286 2777 2446 2833 Κατὰ
2468 2776 2578 2848 γὰρ
2607 2775 2669 2830 τὸ
2694 2775 3058 2838 δικαιότατον,
3086 2774 3248 2836 αὐτὸς
3287 2773 3315 2824 6
3349 2773 3464 2825 τῶν
3495 2771 3628 2824 ὅλων
3666 2772 3834 2824 οἰκοδό-

2290 2884 2411 2939 μος,
2440 2867 2475 2937 ἡ
2511 2865 2673 2934 σοφία
2718 2863 2816 2918 τοῦ
2843 2862 3004 2929 Θεοῦ,
3059 2864 3190 2924 τοὺς
3232 2861 3442 2925 ζῶντας
3489 2860 3584 2914 καὶ
3614 2862 3837 2927 εὐπαγεῖς

2286 2958 2496 3022 λίθους
2526 2954 2862 3026 προσάπτων
2915 2951 2991 3022 τῇ
3048 2950 3357 3021 οἰκοδομῇ,
3390 2953 3525 3014 τοὺς
3563 2951 3657 3021 μὲν
3684 2950 3837 3003 ἐπάι-

2288 3048 2412 3116 ξεις
2440 3048 2638 3111 ἐποίει,
2671 3047 2798 3111 τοὺς
2823 3046 2881 3100 δὲ
2907 3045 3224 3115 θεμελίους
3251 3044 3637 3109 κατεϐάλλετο,
3661 3043 3771 3106 τοὺς
3793 3042 3838 3095 δὲ

2289 3142 2346 3193 ἐν
2374 3143 2487 3203 τοῖς
2510 3140 2852 3207 περιϐόλοις
2875 3137 3200 3192 κατέταττε.
3226 3137 3337 3191 Καὶ
3363 3136 3497 3199 τοὺς
3537 3136 3633 3207 μὲν
3659 3134 3839 3205 ἀφώρι-

604 3258 729 3312 dem
770 3205 985 3311 addiIit
1005 3291 1020 3317 ,
1050 3252 1192 3306 alios
1231 3264 1361 3305 vero
1392 3248 1569 3318 ipsius
1587 3248 1750 3303 etiam
1777 3205 2182 3317 penetralibus.

2290 3230 2381 3296 ξεν
2412 3234 2493 3295 εἰς
2519 3205 2613 3284 τὸν
2642 3229 2781 3283 νεὼν
2820 3232 2918 3301 τῆς
2954 3229 3186 3294 πόλεως,
3230 3228 3359 3291 τοὺς
3405 3228 3468 3281 δὲ
3497 3205 3575 3290 είς
3614 3225 3679 3281 τὰ
3719 3225 3841 3279 ἐνδο-

604 3345 835 3404 (ἰαιῑει-ἰε
869 3354 1050 3399 autem
1076 3341 1349 3411 reliquam
1372 3338 1653 3393 civitatem
1684 3335 1997 3399 exornavit,
2035 3335 2188 3389 nullo

605 3456 759 3497 more
783 3439 1068 3493 hominum
1097 3449 1197 3504 pro
1233 3431 1580 3501 singulorum
1615 3430 1883 3501 dignitate
1914 3427 2059 3482 facto
2075 3427 2189 3482 dis-

604 3533 862 3596 crimine,
914 3544 1092 3598 neque
1146 3525 1334 3580 habito
1387 3522 1719 3592 cujusquam
1768 3528 2060 3591 respectu;
2090 3518 2188 3574 sed

606 3643 674 3683 ex
699 3638 857 3694 aequo
901 3634 1095 3674 omnes
1124 3615 1445 3679 admittens,
1477 3613 1686 3667 liberos
1713 3619 1768 3666 et
1793 3625 2006 3678 servos,
2049 3626 2188 3680 pau-

609 3732 768 3789 peres
799 3723 855 3769 et
877 3713 1101 3775 divites,
1129 3722 1334 3777 eosque
1358 3706 1547 3770 etiam,
1571 3704 1662 3774 qui
1693 3704 1821 3759 vita:
1855 3717 2055 3773 genere
2088 3704 2188 3757 ob-

611 3809 759 3866 scuri
790 3806 1147 3871 celebresque
1170 3803 1413 3855 fuerant.
1432 3800 1615 3869 Atque
1642 3798 1758 3853 haec
1778 3797 2000 3868 quidem
2032 3805 2188 3867 post-

613 3915 776 3973 quam
816 3897 1084 3953 Ecclesiae
1125 3892 1410 3962 pollicitus
1445 3898 1551 3956 est,
1594 3888 1842 3944 eamdem
1868 3888 2129 3957 deinceps
2158 3902 2190 3940 α

610 3992 816 4063 quibus
852 3985 1158 4042 cavendum
1203 3982 1294 4048 sit,
1319 3989 1507 4036 monet
1532 3999 1548 4049 ;
1572 3979 1700 4033 dum
1736 3979 1801 4033 ab
1832 3979 2014 4049 iniquo
2045 3994 2183 4031 rece-

612 4085 766 4147 dere,
822 4096 885 4134 ne
934 4087 1131 4131 tremor
1169 4073 1339 4129 eidem
1378 4073 1799 4143 appr-apinquet,
1847 4069 2024 4140 jubet.
2066 4070 2192 4125 'Ens

611 4176 757 4230 enim
808 4168 1067 4240 mysteria
1100 4164 1317 4227 edocet,
1351 4163 1535 4232 reipsa
1578 4168 1870 4231 praestans,
1895 4159 2038 4230 quod
2080 4159 2194 4229 fore

614 4266 713 4322 Dei
746 4260 1038 4331 discipulos
1068 4258 1205 4312 dixit
1240 4274 1255 4312 :
1288 4256 1355 4309 de
1386 4268 1495 4323 quo
1528 4261 1585 4307 et
1628 4252 1720 4305 illa
1762 4249 1992 4321 Sponsae
2024 4252 2193 4306 verba

612 4366 767 4422 sunt,
792 4368 914 4409 eum
955 4348 1064 4404 sibi
1110 4346 1367 4402 osculum
1401 4344 1518 4399 oris
1538 4343 1660 4413 ejus
1692 4343 1809 4395 ilari
1849 4342 2094 4412 postulat
2122 4344 2190 4397 ⁷⁵.

610 4450 788 4519 Ipsam
827 4447 972 4499 enim
1018 4440 1408 4511 prophetarum
1452 4435 1633 4490 verbis
1675 4444 2023 4503 peramanter
2063 4434 2194 4488 olim

2286 3324 2436 3377 τάτω
2462 3322 2558 3375 τοῦ
2590 3322 2745 3375 ναοῦ.
2767 3322 2892 3384 Τοῖς
2914 3322 2973 3374 δὲ
2996 3321 3097 3391 τὴν
3120 3319 3317 3389 λοιπὴν
3341 3318 3501 3372 πόλιν
3527 3318 3756 3387 ἐκόσμει,
3779 3317 3839 3385 μὴ

2287 3413 2580 3483 διακρίνων
2609 3412 2707 3476 τὰς
2738 3415 2863 3465 κατ’
2914 3410 3204 3481 ἄνθρωπον
3234 3407 3417 3473 ἀξίας,
3445 3408 3569 3462 οὐδὲ
3596 3408 3671 3471 είς
3697 3406 3839 3477 πρόσ·

2288 3522 2435 3558 ωπον
2453 3504 2696 3576 ἀφορῶν,
2715 3506 2782 3557 ὲκ
2804 3502 2899 3556 τοῦ
2917 3502 3132 3556 δικαίου
3152 3502 3207 3555 δὲ
3230 3501 3444 3563 πάντας
3468 3500 3786 3571 προσέμενος
3807 3499 3840 3561 ί,

2289 3595 2609 3667 ἐλευθέρους
2636 3595 2732 3649 καὶ
2751 3593 2995 3660 δούλους,
3025 3593 3268 3663 πένητας
3298 3593 3393 3645 καὶ
3414 3591 3719 3654 πλουσίους,
3740 3588 3843 3650 τούς

2288 3706 2350 3742 τε
2381 3688 2525 3744 κατὰ
2553 3687 2645 3743 τὸν
2680 3687 2797 3757 βίον
2823 3685 3073 3756 ἀσήμους
3102 3702 3162 3737 τε
3194 3685 3288 3739 καὶ
3317 3685 3658 3754 περιφανεῖς.
3689 3680 3843 3735 Ταῦτα

2289 3787 2358 3856 τῇ
2387 3782 2688 3855 Ἐκκλησία
2710 3781 3120 3853 ἐπηγγελμένος
3141 3780 3270 3849 ἑξῆς
3290 3780 3437 3849 αὐτῇ
3466 3776 3811 3833 διαστέλλεται
3829 3788 3841 3803 °

2304 3877 2532 3948 Ἀπέχου
2584 3875 2704 3931 ἀπὸ
2733 3875 2970 3935 ἀδίκου,
3014 3872 3115 3927 καὶ
3142 3871 3361 3940 τρόμος
3386 3872 3504 3924 οὐκ
3540 3868 3721 3939 ἐγτιεῐ
3742 3884 3843 3922 σοι.

2292 3969 2658 4037 Μυσταγωγεῖ
2684 3966 2793 4036 γὰρ
2843 3964 3042 4027 αὐτοὺς
3075 3961 3224 4035 ἔργῳ
3264 3963 3485 4023 δεικνὺς
3518 3960 3601 4026 τὸ,
3631 3960 3843 4013 ἔσονται

2292 4058 2557 4114 διδακτοὶ
2583 4057 2753 4113 Θεοῦ.
2786 4057 2923 4128 Περὶ
2938 4046 3001 4109 οὗ
3032 4053 3128 4107 καὶ
3156 4055 3190 4123 ἡ
3212 4053 3419 4123 Νύμφη
3448 4052 3627 4120 λέγει’
3670 4069 3688 4102 ι
3709 4049 3842 4118 Φιλη-

2294 4157 2443 4211 σάτω
2472 4172 2540 4224 με
2561 4155 2667 4209 ἀπὸ
2695 4154 3018 4223 φιλημάτων
3044 4150 3313 4221 στόματος
3340 4148 3741 4204 αὐτοῦ.›Πάλαι
3763 4146 3846 4215 μὲν

2294 4249 2404 4319 γὰρ
2426 4247 2592 4317 αὐτὴν
2622 4244 3007 4316 κατησπάζετο
3049 4244 3139 4298 διὰ
3179 4241 3515 4312 προφητῶν,
3565 4241 3693 4311 πρὸς
3741 4255 3847 4291 συν-

2296 4344 2494 4412 άφειαν
2516 4340 2614 4412 τὴν
2644 4338 2842 4393 ἑαυτοῦ
2866 4336 3047 4392 καλῶν
3075 4334 3143 4389 δι’
3172 4333 3454 4403 ἁγιασμοῦ
3483 4335 3579 4388 καὶ
3609 4327 3850 4391 δικαιοσύ-

2295 4454 2416 4508 νης.
2457 4434 2547 4488 Ἐν
2582 4431 2747 4501 σαρκὶ¹
2780 4429 2837 4482 δὲ
2865 4429 3146 4499 φανέντος,
3179 4426 3287 4480 ἀπὸ
3320 4425 3645 4496 φιλημάτων
3677 4423 3850 4489 στόμα-

613 4514 881 4594 salutarat
912 4533 1160 4603 quidem,
1195 4546 1318 4586 cum
1355 4529 1422 4583 ad
1459 4527 1918 4583 sanctiﬁcationis
1944 4537 2000 4582 et
2025 4528 2185 4597 justi-

2298 4547 2387 4595 τος
2408 4526 2577 4584 αὐτοῦ
2608 4524 2807 4593 πεφιλή
2818 4522 2958 4593 μεθα
2994 4521 3170 4591 στόμα
3200 4520 3338 4589 πρὸς
3368 4519 3548 4587 στόμα
3593 4514 3851 4586 λελαληκό-

614 4630 706 4683 tia:
731 4626 1080 4697 complexum
1110 4623 1371 4678 invitaret
1398 4637 1414 4675 :
1449 4620 1546 4675 sed
1576 4635 1642 4675 ex
1676 4634 1788 4689 quo
1812 4618 1867 4673 in
1901 4635 2068 4674 carne
2100 4635 2198 4687 ap-

617 4725 827 4796 paruit,
855 4737 952 4777 ore
987 4722 1052 4774 ad
1085 4736 1148 4775 os
1174 4718 1463 4774 nobiscum
1513 4731 1873 4787 congressus,
1929 4717 2046 4772 suis
2085 4716 2200 4785 ipse

621 4828 728 4869 nos
755 4813 868 4867 oris
899 4811 1108 4866 osculis
1138 4810 1426 4863 suaviatus
1451 4814 1557 4863 est.
1581 4807 1674 4861 Ait
1700 4821 1834 4876 ergo
1868 4807 2076 4861 nullum
2101 4806 2202 4860 tibi

619 4911 836 4965 hostem
878 4904 1321 4975 superfuturum,
1359 4905 1404 4957 si
1422 4903 1701 4972 justitiam
1731 4903 1906 4956 colas.
1940 4900 2202 4970 Sequitur

619 4998 819 5055 deinde
852 5013 866 5050 :
895 4994 963 5049 Et
989 5010 1104 5047 ecce
1130 4993 1380 5062 proselyti
1422 4992 1668 5045 accedent
1695 4991 1767 5045 ad
1799 5000 1847 5044 te
1872 5004 1964 5057 per
1992 5006 2113 5053 me;
2145 4998 2203 5044 ut

622 5106 739 5157 eos,
779 5089 873 5159 qui
921 5103 1032 5142 uno
1070 5099 1291 5155 quoque
1332 5097 1576 5154 tempore
1623 5084 1692 5139 de
1721 5084 1964 5155 gentium
2003 5098 2202 5138 nume-

622 5198 707 5249 ro,
739 5180 1022 5237 autetiam
1067 5173 1407 5237 Iudaeorum,
1442 5175 1510 5229 ad
1535 5176 1686 5244 ipsos
1714 5183 2092 5238 accesserunt,
2117 5174 2201 5227 in-

622 5275 791 5332 dicet.
830 5271 1033 5327 Gentes
1064 5267 1211 5324 enim
1243 5266 1395 5335 ipsas
1424 5281 1452 5319 a
1484 5274 1639 5337 tergo
1668 5274 2000 5337 sequuntur,
2029 5282 2207 5335 quan-

623 5364 878 5422 tumlibet
920 5368 1082 5417 antea
1114 5357 1329 5431 priores
1374 5356 1695 5412 incederent
1726 5375 1740 5412 :
1767 5355 1992 5429 jamque
2020 5372 2201 5425 prose-

625 5458 724 5530 lyti
757 5455 1017 5528 gentibus
1049 5452 1206 5518 llunt,
1248 5449 1344 5522 qui
1383 5448 1606 5504 easdem
1648 5448 1778 5503 olim
1819 5447 1876 5502 in
1905 5447 2197 5518 proselytos

2297 4640 2387 4687 τος
2415 4622 2568 4694 ἡμῖν.
2599 4617 2768 4688 Φησὶν
2792 4611 2904 4677 οὖν,
2937 4615 3013 4677 ὼς
3045 4613 3233 4674 Οὐδεὶς
3258 4610 3452 4681 ἐχθρός
3478 4627 3577 4663 σου
3595 4607 3851 4682 περιγενή-

2300 4729 2453 4769 σεται
2482 4707 2734 4781 τιμώσης
2766 4706 2833 4759 τό
2876 4706 3134 4758 δίκαιον.
3174 4702 3285 4755 Καὶ
3330 4699 3459 4753 ἰδοὺ
3507 4698 3850 4767 προσήλυτοι

2300 4801 2843 4874 προσελεύσονται,
2898 4796 3054 4866 φησὶ,
3087 4793 3160 4846 δι’
3209 4789 3379 4857 ἐμοῦ,
3415 4791 3542 4852 τοὺς
3584 4791 3644 4842 ἐν
3670 4789 3853 4854 ἑκάστῳ

2302 4893 2479 4965 καιρῷ
2509 4890 2833 4961 προσιόντας
2869 4888 2936 4955 τῇ
2969 4885 3149 4937 πίστει
3182 4882 3357 4952 δηλῶν
3400 4879 3461 4944 ἐξ
3496 4880 3687 4941 ἐθνῶν,
3718 4878 3747 4947 ἢ
3777 4874 3853 4928 καὶ

2301 4986 2361 5051 ὲξ
2419 4983 2600 5038 αὐτῶν
2661 4979 2957 5033 Ἰουδαίων.
3014 4975 3261 5029 Κατόπιν
3310 4972 3419 5043 γὰρ
3470 4971 3739 5024 τέθεινται
3767 4968 3853 5020 τῶν

2299 5077 2493 5143 ὲθνῶν,
2523 5074 2704 5128 καίτοι
2733 5069 2961 5141 πρώτην
3015 5067 3233 5137 ἔχοντες
3273 5065 3452 5130 τάξιν,
3499 5066 3598 5118 καὶ
3628 5064 3854 5132 γεγόνασι

2302 5166 2678 5238 προσήλυτοι
2699 5165 2810 5226 τοῖς
2834 5162 2894 5226 ἐξ
2924 5160 3115 5223 ἐθνῶν,
3150 5160 3199 5211 οἱ
3230 5156 3399 5212 πάλαι
3431 5157 3651 5218 τούτους
3693 5166 3852 5223 προσ·

2300 5261 2567 5329 ηλύτους
2590 5255 2896 5327 δεχόμενοι.
2932 5250 3080 5320 Πλὴν
3108 5250 3201 5301 καὶ
3228 5246 3386 5301 τοῦτο
3426 5246 3500 5299 δι’
3534 5245 3700 5315 ἐμοῦ,
3726 5240 3853 5309 φησί.

2304 5354 2403 5407 Διὰ
2437 5352 2547 5421 γὰρ
2581 5346 2821 5419 Χριστοῦ
2849 5347 2881 5415 ἡ
2915 5344 3135 5397 πάντων
3160 5338 3486 5410 ἐπιστροφὴ.
3518 5337 3617 5389 καὶ
3642 5334 3766 5406 πρὸς
3785 5332 3858 5383 τὸν

2311 5445 2534 5516 Πατέρα
2559 5442 2653 5495 καὶ
2676 5439 2809 5493 θεὸν
2842 5435 2981 5498 ὁδός.
3020 5453 3036 5485 ι
3077 5432 3266 5494 Οὐδεὶς
3293 5431 3402 5501 γὰρ
3446 5428 3687 5499 ἔρχεται,
3728 5438 3855 5491 φησι,

696 5575 741 5607 ⁸⁷
770 5574 938 5629 lCor.
966 5589 1052 5638 ιιι,
1090 5572 1177 5636 ll,
1213 5569 1302 5624 l2.
1376 5570 1421 5601 ⁸⁸
1447 5566 1646 5638 Ephes.
1682 5582 1744 5633 ιι,
1780 5565 1873 5623 20.
1950 5568 1995 5600 ⁶⁹
2029 5567 2185 5623 lPetr

2290 5608 2303 5630 ,
2330 5566 2383 5621 5.
2461 5565 2507 5638 το
2541 5559 2739 5615 Matth.
2774 5569 2936 5620 mu,
2958 5553 3014 5609 8.
3089 5552 3133 5584 "
3166 5547 3394 5606 Zacltar.
3436 5559 3512 5614 ix,
3542 5544 3627 5599 14.
3704 5541 3747 5573 τ’
3770 5535 3870 5592 ιω.

624 5662 744 5712 xm,
769 5645 971 5709 11,12.
1040 5635 1095 5675 ’⁷³
1128 5641 1292 5696 llebr.
1322 5656 1361 5706 ι,
1398 5640 1447 5693 l.
1492 5635 1571 5668 ’⁷⁸
1608 5636 1766 5692 Joan.
1804 5653 1916 5707 xiv,
1949 5638 2043 5705 27,
2121 5640 2167 5671 ⁷³

2288 5647 2353 5691 ut.
2390 5635 2515 5699 1,1.

1933 5751 2171 5810 VAle
2203 5746 2604 5811 LECTIONES.

702 5834 721 5873 ὁ
756 5847 843 5902 γρ.
874 5836 1259 5899 προσιέμενος.
