3998 6390
234 316 369 383 2545

1348 324 1882 388 COMMENTARII
1914 325 1998 388 IN
2039 326 2320 391 ISAIAM.

3329 327 3471 392 2546

236 424 365 495 πρὸς
418 426 510 477 τὸν
552 424 791 495 Πατέρα,
849 427 897 479 εἰ
949 425 1026 497 μὴ
1069 425 1135 480 δι’
1190 425 1348 497 ἐμοῦ.
1389 446 1406 479 ι
1451 424 1559 481 Κοίι
1604 426 1795 481 πάλιν·

1904 427 2268 487 admittebant
2306 454 2318 489 :
2359 432 2509 502 quod
2548 450 2639 502 per
2686 450 2740 489 se
2790 441 2974 490 tamen
3034 432 3201 488 ctlam
3261 433 3467 487 factum

241 537 258 568 ι
302 516 442 586 Ἑγώ
470 518 582 587 εἰμι
611 519 644 589 ἡ
681 518 817 581 ὁδός.
860 539 879 570 ι
904 519 1034 584 Καὶ,
1071 537 1089 569 ι
1131 519 1272 588 Ἐγώ
1303 521 1419 588 εἰμι
1448 522 1480 589 ἡ
1515 519 1676 590 θύρα.
1717 538 1735 571 ι

1902 535 2025 574 esse
2051 525 2270 577 asserit.
2300 521 2398 579 Est
2436 539 2675 596 namque
2712 525 2881 597 619
2905 525 3148 579 omnium
3186 538 3281 594 per
3305 522 3471 579 Chri-

236 620 373 669 stum
402 610 716 677 conversio,
747 620 801 666 et
821 627 914 681 per
933 614 1182 668 eumdem
1210 614 1277 668 ad
1312 613 1550 680 Patrem,
1585 622 1640 669 et
1662 613 1829 669 Deum
1849 613 1957 667 via.
1996 634 2014 668 ι
2056 617 2225 673 Nemo
2254 620 2422 686 enim,
2452 619 2653 691 inquit,
2676 622 2825 677 venit
2844 621 2911 676 ad
2924 619 3144 676 Patrem
3202 618 3312 674 nisi
3374 633 3471 688 per

237 723 318 761 me
349 707 414 761 ⁷⁸.
460 726 481 759 ι
514 705 577 761 Et
609 723 841 762 rursus:
878 727 897 761 ι
932 708 1044 779 Ego
1059 725 1180 765 sum
1213 708 1300 764 via
1331 710 1398 764 ⁷⁷.
1438 728 1455 761 ι
1486 709 1552 763 Et
1583 729 1596 764 :
1631 728 1650 761 ι
1682 708 1793 780 Ego

1897 724 1955 768 om
1975 710 2146 781 janua
2178 714 2247 771 ⁷⁸.
2287 733 2307 767 ι

301 800 458 864 Τινὲς
484 801 539 855 δὲ
567 806 992 871 προσηλύτους
1022 806 1278 875 εἰρήκασι
1316 808 1443 870 τοὺς
1472 806 1532 860 ού
1561 807 1801 878 γνησίως

235 894 348 947 οῦδὲ
380 892 638 964 καθαρῶς
694 896 1039 966 προσιόντας,
1076 896 1211 950 ἀλλὰ
1229 898 1566 969 προστασίας
1596 900 1630 969 ἦ
1657 915 1801 963 τινος

236 984 388 1054 χάριν
408 983 700 1052 ὠφελείας.
731 984 839 1048 Οὓς
876 988 972 1039 καί
1000 986 1419 1055 παροικήσειν,
1441 986 1555 1040 ἀλλ’
1578 988 1639 1041 οὐ
1666 1003 1801 1041 κατ-

235 1076 474 1146 οικήσειν
500 1078 694 1147 φησίν.
737 1077 825 1142 Ὦς
855 1078 912 1128 ὲν
939 1078 1159 1149 παρόδῳ
1184 1079 1295 1148 γὰρ
1330 1079 1379 1132 οἰ
1410 1078 1640 1133 τοιοῦτοι
1676 1096 1799 1133 ποι-

233 1166 417 1221 οῦνται
436 1168 539 1238 τὴν
570 1170 797 1236 εἴσοδον,
836 1171 1003 1223 οἱονεὶ
1026 1172 1162 1241 αὐτῇ
1198 1172 1652 1243 προσφεύγοντες.
1679 1172 1798 1241 Ἐφ’

232 1254 309 1323 οἷς
331 1275 531 1327 φησιν·
570 1261 722 1316 Ἰδοὺ
752 1262 866 1332 ἐγὼ
902 1262 1071 1324 κτίζω
1109 1279 1205 1330 σε,
1241 1266 1355 1335 οὐχ
1411 1265 1492 1330 ὡς
1535 1265 1799 1334 χαλκεὺς

229 1349 440 1418 φυσῶν
482 1350 806 1421 ἄνθρακας.
874 1354 1018 1423 Ἐγώ
1070 1372 1153 1408 σοι
1187 1355 1365 1410 ταῦτα
1422 1358 1563 1410 ποιῶ
1596 1357 1796 1424 λέγων,

231 1440 409 1511 ἐπειδὴ
435 1442 534 1495 καὶ
561 1442 672 1511 ἐγώ
702 1462 795 1497 σου
825 1446 1096 1513 κτίστης.
1124 1446 1331 1516 Μωσῆς
1381 1447 1483 1518 μὲν
1529 1447 1661 1517 γὰρ,
1703 1448 1799 1500 καὶ

230 1530 496 1601 Σολομῶν,
527 1534 623 1587 καὶ
649 1535 974 1605 Ζοροϐάϐελ,
1018 1537 1311 1606 σωματικὰ
1333 1537 1428 1591 καὶ
1452 1537 1797 1608 ὀλιγοχρόνια

232 1622 439 1676 ιποίουν
464 1640 483 1657 ·
522 1625 553 1677 ὁ
588 1626 688 1695 μὲν
716 1627 946 1699 σκηνὴν,
995 1629 1044 1681 οἰ
1081 1629 1140 1681 δὲ
1172 1627 1330 1692 νεώς.
1375 1629 1490 1683 Νῦν
1534 1629 1592 1684 δὲ
1637 1630 1798 1694 αὐτὸς

229 1712 387 1782 ὸγὼδ
409 1713 521 1767 τῶν
548 1715 687 1770 ὅλων
715 1718 938 1790 Κύριος,
966 1719 1033 1773 δι’
1058 1720 1300 1791 ἐμαυτοῦ
1336 1738 1396 1775 σε
1423 1721 1637 1777 ἕκτισα
1655 1736 1670 1751 ’
1706 1722 1798 1775 ἐπὶ

230 1804 320 1875 τὴν
355 1805 567 1877 πέτραν
596 1809 958 1882 οἰκοδομήσας
995 1828 1097 1883 μου
1123 1812 1219 1883 τὴν
1257 1812 1609 1883 Ἐκκλησίαν.
1661 1813 1796 1867 Ἕκ-

228 1911 359 1952 τισα
381 1898 443 1952 ἃέ
478 1913 559 1953 σε
603 1901 667 1955 οὐ
715 1902 881 1973 τέχνῃ
908 1904 1016 1958 τινὶ
1043 1904 1377 1976 ἀνθρωπίνῃ,
1436 1905 1592 1976 θεῖκῇ
1622 1904 1680 1959 δὲ
1702 1906 1798 1958 καὶ

228 1988 444 2061 ἀρρήτῳ
474 1991 683 2062 χάριτι.
712 1994 789 2047 Οὐ
815 1995 927 2066 γὰρ
952 1995 1027 2058 ὡς
1056 1995 1321 2064 χαλκεὺς
1343 1995 1411 2049 δι’
1441 1996 1672 2066 ὀργάνου
1703 1997 1798 2049 καὶ

1970 809 2139 866 Aiunt
2171 812 2419 868 nonnulli
2456 813 2838 884 proselytorum
2864 813 3087 868 nomine
3134 827 3231 868 eos
3257 812 3469 882 signiti-

1898 904 2165 974 cari,qui
2198 918 2306 959 non
2338 919 2468 961 vere
2498 914 2552 959 et
2599 906 2832 970 sincere,
2880 904 2975 960 sed
3025 904 3238 972 imperii
3282 911 3338 960 et
3385 903 3471 958 di-

1898 994 2144 1065 gnitatis,
2183 1005 2279 1051 aut
2328 997 2581 1052 utilitatis
2610 997 2775 1052 etiam
2812 995 3046 1065 alicujus
3084 997 3259 1064 gratia
3309 1011 3469 1050 acce-

1897 1086 2035 1142 dunt
2064 1105 2079 1141 :
2112 1102 2251 1158 quos
2284 1088 2412 1143 item
2435 1088 2687 1148 advenas.
2719 1102 2824 1141 non
2858 1088 3069 1141 incolas
3105 1085 3223 1142 fore
3254 1086 3466 1154 signiti-

1897 1183 2007 1233 cat.
2044 1179 2175 1231 Eam
2200 1178 2373 1247 ipsam
2405 1178 2689 1248 enim,qui
2721 1185 2849 1232 sunt
2881 1177 3176 1245 ejusmodi,
3208 1187 3467 1247 tanquam

1898 1265 1953 1320 in
2018 1267 2255 1321 transitu
2316 1266 2384 1321 ad
2445 1282 2565 1322 eam
2627 1267 2977 1322 diverscntur
3046 1266 3467 1337 ingrediuntur.

1897 1357 2093 1412 Postea
2145 1357 2335 1427 adjicit
2372 1376 2386 1412 :
2419 1356 2554 1413 Ecce
2607 1374 2699 1429 ego
2758 1374 2875 1413 creo
2922 1367 2988 1425 te,
3020 1374 3125 1411 non
3154 1367 3211 1411 ut
3240 1359 3467 1414 wrarius

1896 1445 2111 1516 sufﬂans
2147 1444 2202 1499 in
2248 1445 2366 1515 igne
2393 1461 2615 1516 prunas.
2651 1446 2764 1517 Ego
2792 1461 2821 1499 a
2851 1460 2937 1501 me
2968 1446 3096 1514 tibi,
3118 1446 3318 1517 inquit,
3366 1448 3467 1503 ista

1896 1535 2164 1604 praestari,
2197 1550 2229 1589 a
2259 1549 2369 1605 quo
2402 1541 2609 1591 creatus
2652 1550 2729 1598 es,
2785 1534 3028 1604 ignorari
3090 1536 3237 1589 nolo.
3291 1534 3471 1591 Moses

1897 1625 2041 1680 enim
2072 1632 2125 1679 et
2155 1624 2436 1689 Solomon,
2467 1632 2523 1680 et
2566 1624 2893 1690 Zornbabel,
2922 1640 3184 1695 corporea
3228 1628 3380 1694 olim,
3412 1638 3470 1683 et

1897 1732 2019 1786 quae
2050 1731 2161 1771 non
2210 1717 2372 1787 longo
2424 1724 2609 1786 postea
2653 1726 2898 1787 tempore
2951 1717 3239 1773 interitura
3288 1728 3468 1781 erant.

1898 1807 2180 1877 fecerunt;
2251 1809 2666 1865 tabernaculum
2734 1810 2825 1864 ille
2875 1809 3137 1880 quidem;
3200 1811 3465 1879 templum

1898 1909 2078 1956 autem
2131 1899 2244 1955 isti.
2287 1897 2396 1955 Sed
2426 1899 2540 1968 jam
2579 1898 2721 1953 idem
2769 1916 2883 1969 ego,
2938 1900 3032 1969 qui
3082 1900 3467 1954 universorum

1903 1992 2165 2049 Dominus
2194 1992 2322 2047 olim
2355 2000 2578 2063 propter
2617 2007 2701 2047 me
2732 1991 2911 2060 ipsum
2953 2000 3001 2046 te
3034 1993 3208 2046 creari
3226 2032 3244 2058 ,
3284 1992 3472 2048 Eccle-

227 2080 411 2149 πυρός.
442 2080 709 2136 Τοιαῦται
744 2083 856 2156 γὰρ
887 2085 1002 2138 τῶν
1036 2084 1340 2156 ἀνθρώπων
1374 2089 1430 2140 αἰ
1457 2086 1663 2157 τέχναι.
1704 2088 1794 2141 Διὸ

1897 2088 2034 2142 siam
2067 2101 2244 2142 meam
2277 2100 2443 2155 super
2486 2091 2699 2155 petram
2736 2083 2945 2139 :ediﬁco
2973 2085 3041 2138 7°.
3101 2085 3292 2153 Neque
3337 2098 3471 2138 vero

228 2171 311 2223 καὶ
333 2174 412 2235 εἰς
442 2172 657 2246 φθορὰν
678 2180 849 2245 χωρεῖ
883 2178 951 2231 τὰ
978 2180 1259 2249 γινόμενα.
1292 2178 1505 2249 Τούμὸν
1556 2180 1611 2234 δὲ
1642 2182 1794 2237 ἀδιά-

228 2260 415 2331 φθορον
443 2262 631 2335 ἔργον.
656 2266 811 2330 Τινὲς
832 2267 889 2321 δὲ
908 2268 970 2321 τὸ
998 2269 1231 2334 ἕκτισα,
1255 2271 1346 2324 ἐπὶ
1367 2269 1460 2324 τοῦ
1481 2271 1792 2339 ἀνέκτισα,

227 2354 637 2426 παρειλήφασιν.
660 2358 825 2430 Δηλοῖ
847 2360 904 2414 δὲ
926 2360 1017 2414 τὸν
1040 2361 1108 2416 δι’
1135 2361 1293 2431 ἁγίου
1320 2362 1462 2417 Πνεύ
1470 2381 1639 2434 ματος
1667 2366 1797 2419 ἁνα-

229 2447 528 2517 καινισμὺν,
566 2447 757 2521 ῶσπερ
806 2445 899 2505 οῦν
954 2452 1051 2505 καὶ
1088 2454 1216 2517 τοὺς
1242 2453 1338 2508 δύο
1372 2454 1539 2518 λαοὺς
1589 2456 1668 2518 εἰς
1696 2455 1794 2509 ἕνα

228 2539 416 2591 κτίσαι
450 2538 679 2607 λέγεται
728 2542 913 2597 καινὸν
948 2543 1267 2615 ἄνθρωπον,
1305 2546 1447 2599 κατὰ
1473 2546 1554 2612 τὸ,
1595 2565 1614 2598 ι
1637 2545 1796 2600 Ἀλλὰ

231 2629 677 2699 μεταμορφοῦσθε
698 2634 763 2703 τῇ
792 2633 1153 2689 ἀνακαινώσει
1177 2633 1272 2687 τοῦ
1296 2634 1414 2698 νοὸς
1434 2636 1639 2705 ὑμῶν.»
1673 2636 1797 2700 Τοῖς

224 2717 278 2770 δὲ
309 2718 574 2784 τοιούτοις
620 2722 812 2792 ὅτιπερ
856 2723 1146 2778 ἀκολουθεί
1197 2725 1438 2797 ἀνδρεία,
1489 2724 1704 2791 σύνεσίς
1736 2744 1795 2780 τε

230 2812 563 2883 πνευματικὴ
590 2812 760 2883 δηλοῖ,
788 2813 962 2884 λέγων
977 2832 991 2847 ο
1012 2815 1146 2872 Πᾶν
1165 2816 1388 2883 σκεῦος
1412 2816 1677 2886 φθαρτὸν
1696 2817 1796 2871 ἐπὶ

228 2901 296 2954 σὲ
320 2904 429 2957 οὐκ
467 2904 753 2960 εὐοδώσω
778 2946 793 2971 ,
839 2907 941 2962 καὶ
975 2908 1145 2964 πᾶσα
1176 2908 1372 2978 φωνὴ,
1402 2911 1497 2963 καὶ
1543 2910 1611 2964 τὰ
1640 2910 1790 2982 ἑξῆςο

229 2995 404 3063 σκεύη
437 2997 619 3066 λέγων
645 3000 898 3068 φθαρτὰ,
925 3004 1026 3073 τῆς
1054 3000 1149 3056 τοῦ
1177 3000 1424 3056 διαὸόλου
1466 3002 1794 3074 δυστροπίας

227 3087 340 3150 τοὺς
360 3088 695 3159 ὑπουργοὺς,
729 3091 779 3144 οἳ
810 3094 907 3147 καὶ
941 3092 1169 3162 φθορᾶς
1209 3092 1311 3148 καί
1337 3094 1641 3161 ἀπωλείας
1689 3094 1796 3148 εἰσί

227 3176 399 3245 τέκνα,
425 3176 574 3253 [καὶ]
606 3183 722 3247 τοῖς
754 3183 936 3251 ἁγίοις
972 3184 1086 3237 ἔσθ’
1112 3185 1200 3238 ὅτε
1244 3185 1518 3256 διωγμοὺς
1551 3186 1646 3240 καί
1681 3186 1796 3239 θλί-

226 3268 335 3336 ψεις
357 3272 686 3341 ἐπάγουσιν.
729 3275 871 3330 Ἀλλ’
894 3277 957 3330 οὐ
980 3277 1262 3344 τεύξονται
1283 3278 1456 3350 θήρας
1476 3294 1490 3311 ⁸
1524 3278 1621 3332 καὶ
1647 3280 1797 3334 πᾶσα

228 3363 846 3469 δεθειομαχοςηλῶττα,
892 3372 1081 3442 φησιν,
1124 3371 1229 3428 ὑπὸ
1270 3373 1363 3427 σοῦ
1410 3374 1789 3447 νικηθήσεται.
1817 3413 1859 3469 C

231 3457 373 3511 Κατὰ
392 3458 510 3531 γὰρ
546 3460 637 3515 τὸν
667 3462 829 3516 Δαϐἰδ
851 3480 866 3496 ο
902 3481 922 3515 ι
973 3464 1063 3517 Ἐν
1089 3464 1169 3537 τῷ
1195 3464 1316 3536 Θεῷ
1349 3467 1668 3535 ποιήσωμεν
1702 3466 1793 3521 δύ-

1900 2187 1960 2235 ιιι
2015 2179 2255 2234 humana
2315 2186 2433 2233 arte
2489 2176 2695 2247 aliqua,
2728 2174 2824 2231 sed
2872 2174 3057 2231 divina
3095 2184 3150 2229 et
3208 2175 3473 2230 ineﬂabili

1899 2270 2097 2340 gratia,
2131 2284 2227 2339 per
2254 2284 2341 2323 me
2370 2276 2583 2322 creatus
2630 2283 2707 2321 es.
2752 2264 2871 2321 Non
2920 2266 3307 2331 instrumenta,
3358 2281 3471 2321 non

1902 2364 2080 2432 ignem
2119 2361 2377 2426 adhibui,
2412 2370 2470 2414 ut
2506 2360 2757 2424 aerarius,
2809 2357 3102 2428 cteterique
3151 2358 3468 2413 mortalium

1899 2452 2157 2518 artiﬁces,
2189 2467 2422 2522 quorum
2470 2451 2580 2511 cito
2630 2457 3058 2519 corrumpuntur
3107 2462 3294 2516 opera,
3342 2463 3468 2503 cum

1899 2558 2019 2598 mea
2067 2555 2346 2611 nunquam
2396 2539 2685 2594 intereant.
2735 2535 2855 2591 Non
2888 2537 3088 2591 desunt
3132 2544 3338 2597 tamen,
3374 2535 3470 2605 qui

1898 2633 2092 2697 creari,
2116 2645 2217 2701 pro
2255 2630 2486 2684 recreavi
2516 2629 2752 2697 positum
2788 2626 3164 2691 arbitrentur;
3197 2634 3252 2680 et
3280 2625 3354 2680 ita
3387 2640 3470 2679 re-

1898 2723 2244 2778 novationem
2293 2736 2389 2790 per
2444 2718 2709 2790 Spiritum
2757 2727 3009 2774 sanctum
3041 2717 3408 2773 demonstrari
3446 2734 3465 2773 :

1898 2832 2007 2873 non
2037 2816 2194 2871 aliter
2243 2828 2404 2884 quam
2435 2812 2693 2883 populum
2728 2817 3023 2879 utrumque
3068 2810 3122 2862 in
3184 2817 3461 2863 recentem

1899 2923 2066 2965 unum
2097 2906 2374 2962 hominem
2404 2917 2608 2957 creasse
2641 2901 2845 2955 dicitur
2878 2919 2891 2954 :
2927 2908 2985 2953 ut
3015 2914 3139 2954 cum
3188 2898 3465 2953 transfor-

1896 2999 2034 3054 mari
2056 2998 2110 3053 in
2139 2994 2494 3053 renovatione
2530 2991 2727 3045 mentis
2763 3005 2877 3045 sua:
2912 2988 3185 3044 Romanos
3220 2988 3464 3058 postula-

1897 3091 1973 3145 vit
2007 3087 2303 3159 Apostolus
2330 3084 2400 3137 ⁸⁸).
2435 3083 2539 3138 Eos
2566 3091 2769 3145 autem,
2812 3080 2903 3150 qui
2934 3080 3068 3134 tales
3120 3088 3272 3144 sunt,
3309 3078 3468 3133 forti-

1896 3183 2138 3237 tudinem
2162 3176 2620 3250 prndentiamque
2642 3172 2983 3242 spiritualcm
3010 3172 3241 3227 comites
3264 3172 3467 3228 habere

1896 3279 2255 3338 demonstrat,
2290 3284 2415 3325 cum
2448 3266 2527 3321 ait
2554 3285 2568 3321 :
2604 3263 2770 3320 Omne
2797 3280 2885 3318 vas
2911 3262 3249 3331 corruptibile
3278 3273 3475 3318 contra

1898 3377 1953 3422 te.
1981 3380 2087 3419 non
2113 3359 2452 3433 prosperabo,
2489 3365 2540 3411 et
2570 3354 2738 3409 omnis
2789 3368 2921 3416 vox;
2953 3363 3258 3423 caeteraque
3309 3353 3468 3409 dein-

1898 3472 2049 3527 ceps,
2118 3453 2209 3507 ubi
2266 3463 2515 3504 vasorum
2572 3444 3003 3514 corruptibilium
3081 3444 3463 3513 appellatione.

227 3564 395 3619 ναμιν,
421 3550 524 3605 καὶ
552 3551 714 3617 αὐτὸς
734 3552 1076 3620 ἔξουδενώσει
1096 3535 1224 3619 τοὺς
1269 3535 1551 3618 θλίὸοντας
1575 3557 1742 3628 ἡμᾶς.
1766 3575 1786 3610 ι

1898 3567 1996 3607 eos
2031 3543 2302 3616 intelligit,
2333 3541 2426 3611 qui
2446 3539 2734 3595 diabolicae
2765 3535 3023 3606 nequitia:
3056 3535 3315 3601 ministri,
3345 3552 3467 3590 cor-

230 3642 472 3708 ruptionis
531 3652 584 3698 et
639 3644 886 3700 interitus
946 3645 1041 3702 lilii
1094 3655 1411 3714 evaserunt,
1459 3626 1776 3720 sanctisque
1801 3662 1947 3717 stupe
1990 3637 2425 3713 persecutiones
2476 3640 2532 3688 et
2617 3629 2940 3683 alnictiones
3011 3626 3300 3684 inducunt.
3359 3628 3466 3684 Sed

229 3749 325 3790 non
356 3737 431 3791 illi
464 3738 619 3807 quod
657 3748 950 3807 venantur,
1020 3751 1404 3812 assequentur.
1455 3742 1571 3798 lmo
1648 3758 1748 3814 per
1793 3749 1846 3797 te
1887 3741 2075 3809 lingua
2123 3731 2328 3795 omnis,
2359 3741 2482 3798 qua!
2529 3723 2733 3779 bellum
2787 3721 2896 3774 ι)θο
2936 3720 3158 3786 imm",
3218 3721 3467 3814 Yincelm‘

230 3836 285 3879 ac
313 3828 683 3897 superabitur.
757 3830 825 3886 Ut
893 3832 1039 3888 enim
1072 3833 1214 3902 apud
1263 3834 1519 3892 Davidem
1572 3813 1849 3908 legimus:
1893 3851 1912 3886 ι
1947 3831 2009 3886 ιιι
2058 3829 2172 3884 Deo
2238 3821 2509 3879 faciemus
2570 3817 2864 3880 virtutem;
2904 3822 2960 3869 ει
3007 3814 3172 3891 620
3227 3813 3348 3885 ipse
3411 3815 3463 3869 Ῐη

231 3919 442 3977 nihilum
472 3923 700 3979 reducet
731 3941 827 3981 eos
874 3927 967 3997 qui
994 3926 1241 3998 alﬁigunt
1272 3943 1375 3985 nos
1406 3929 1477 3985 ⁸⁸.
1506 3948 1529 3985 ι

305 4013 497 4085 Ἐχρῆν
529 4016 588 4070 δὲ
621 4017 935 4088 ὑπομνῆσαι
962 4020 1101 4089 μετὰ
1123 4019 1300 4074 πάντα
1322 4022 1417 4075 καὶ
1442 4025 1544 4092 τῆς
1569 4023 1791 4078 ἀποκει-

235 4103 386 4175 μένης
402 4108 461 4158 ὲν
483 4105 566 4177 τῷ
586 4107 831 4177 μέλλοντι
848 4109 1003 4165 αἰῶνι
1028 4114 1455 4182 κληρονομίας,
1471 4114 1595 4183 ἥτις
1617 4114 1787 4170 ἐστίν’

236 4212 253 4245 ι
295 4196 357 4248 Ἀ
377 4197 659 4268 ὀφθαλμὸς
682 4199 783 4251 οὒκ
805 4195 964 4262 εἶδεν.
992 4201 1084 4256 καὶ
1112 4196 1207 4265 οῦς
1240 4203 1341 4257 οὐκ
1380 4204 1612 4275 ἤκουσεν
1632 4246 1646 4271 ,
1694 4205 1791 4259 καὶ

231 4285 313 4340 ἐπὶ
364 4290 591 4360 καρδίαν
629 4290 917 4363 ἀνθρώπου
971 4292 1071 4347 οὐκ
1127 4296 1315 4366 ἀνέϐη.
1359 4296 1395 4350 ἃ
1426 4299 1724 4367 ἡτοίμασεν
1760 4298 1789 4349 ὁ

231 4377 348 4442 Θεὸς
374 4384 484 4445 τοῖς
516 4382 805 4450 ἀγαπῶσιν
842 4382 1022 4438 αὐτόν.
1064 4403 1084 4437 s
1114 4386 1204 4438 Διό
1230 4404 1412 4456 φησιν·
1440 4389 1613 4443 Ἔστι
1645 4390 1791 4453 κλη-

226 4469 461 4535 ρονομία
508 4467 638 4535 τοῖς
690 4471 1086 4538 θεραπεύουσι
1131 4475 1363 4542 Κύριον.
1404 4476 1686 4543 ’Ᾱγαπῶσι
1734 4476 1791 4530 δὲ

234 4552 379 4607 αὑτὸν
400 4559 455 4611 οι
487 4560 920 4626 θεραπεύοντες
947 4562 1153 4626 αὐτὸν,
1187 4564 1276 4618 διὰ
1308 4565 1404 4618 τοῦ
1453 4568 1602 4637 πάσῃ
1632 4565 1792 4620 εὐλαέ

232 4639 342 4711 θείᾳ
384 4644 658 4702 δουλεύειν
700 4648 871 4720 αὐτῷ.
926 4649 1320 4721 Παρανὸμοιςὶ
1371 4654 1429 4707 δὲ
1473 4655 1651 4708 κεῖται
1676 4656 1787 4717 τοῖς

239 4727 647 4805 Ἐὗδομήκοντα,
683 4740 737 4790 οἰ
774 4737 843 4791 δὲ
878 4739 1082 4810 ἔνοχοί
1100 4757 1217 4795 σου
1241 4742 1484 4798 ἔσονται
1509 4744 1581 4799 ἐν
1606 4744 1781 4814 αὐτῇ.

1960 4012 2258 4086 Oportebat
2301 4022 2433 4063 vero
2480 4014 2603 4075 post
2644 4002 2852 4067 omnia,
2879 4001 2945 4055 de
2978 3972 3260 4055 recondita
3298 3999 3464 4055 etiam

1887 4111 1944 4165 in
1976 4110 2219 4163 futurum
2251 4100 2513 4157 saeculum
2549 4096 2875 4160 hwreditate,
2921 4108 3173 4164 qutenam
3227 4091 3464 4163 promit-

1889 4208 2049 4259 teret,
2077 4195 2372 4249 admonere
2402 4206 2418 4243 ι
2453 4205 2515 4243 ea
2546 4187 2805 4241 nimirum
2843 4202 2857 4238 :
2904 4202 2923 4235 ι
2959 4183 3092 4249 Quae
3120 4184 3315 4238 oculus
3350 4197 3468 4236 non

1888 4292 2046 4354 vidit,
2075 4302 2179 4342 nec
2231 4283 2389 4338 auris.
2432 4279 2661 4345 audivit,
2715 4290 2819 4333 nec
2853 4277 2910 4330 in
2942 4290 3038 4330 cor
3075 4274 3320 4328 hominis
3373 4288 3466 4328 as-

1890 4382 2093 4445 cendit,
2137 4391 2258 4449 qua:
2290 4370 2615 4445 preparavit
2659 4368 2801 4423 Deus
2853 4366 2922 4421 iis
2950 4365 3045 4435 qui
3100 4364 3338 4433 diligunt
3395 4362 3465 4417 ii-

1891 4478 2001 4530 lum
2030 4473 2096 4525 ⁸².
2139 4488 2158 4522 ι
2197 4466 2329 4522 lude
2379 4471 2462 4518 est
2496 4462 2663 4532 igitur
2693 4457 2840 4528 quod
2869 4457 2947 4511 ait
2980 4474 2996 4511 :
3035 4458 3133 4511 Est
3176 4454 3464 4509 luereditas

1887 4561 2232 4620 servientibus
2270 4554 2520 4611 Domino.
2579 4549 2822 4620 Diligunt
2871 4553 3054 4602 autem
3102 4545 3281 4616 ipsum
3328 4542 3467 4598 servi

1886 4656 1999 4725 ejus
2019 4693 2035 4718 ,
2084 4652 2127 4707 si
2156 4650 2334 4707 eidem
2365 4658 2578 4701 summa
2611 4641 2879 4711 religione
2911 4646 2970 4694 et
3015 4636 3326 4692 reverentia
3378 4635 3467 4689 fa-

1893 4747 2197 4802 mulantur.
2230 4739 2433 4796 Verum
2458 4751 2567 4791 non
2602 4741 2688 4789 est
2722 4730 3111 4803 ignorantium,
3136 4728 3281 4799 apud
3313 4728 3465 4783 solos

232 4821 376 4892 Δηλοῖ
396 4826 452 4878 δὲ
482 4827 565 4879 ὅτι.
594 4827 735 4897 μετὰ
775 4829 868 4882 τὸν
896 4829 985 4884 διὰ
1022 4831 1331 4902 πνεύματος
1371 4836 1785 4907 ἁνακαινισμδν,

1897 4837 2253 4909 Septuaginta
2292 4834 2618 4901 interpretes
2654 4827 2822 4882 verba
2854 4828 2981 4890 ista,
3026 4832 3076 4878 et
3122 4822 3339 4877 obnoxii
3384 4822 3466 4875 tui

233 4910 411 4977 εἰτινες
437 4916 714 4987 εὑρεθεῖεν
740 4919 1036 4991 ἁμαρτίαις
1061 4922 1281 4992 ἔνοχοι,
1300 4924 1547 4980 ἔσονται
1578 4926 1648 4981 ἐν
1682 4929 1790 4982 αὺ-

236 5001 318 5069 τῇ,
340 5008 401 5074 τῇ
421 5007 598 5079 φθορᾷ
616 5008 876 5079 δηλονότι*
904 5012 985 5066 διὸ
1007 5014 1310 5083 ἐπήνεγκεν
1333 5015 1494 5080 εὐθὺς
1524 5018 1789 5084 τὸ,⁹Έστι

234 5096 587 5167 κληρονομία
617 5100 742 5166 τοῖς
773 5105 1169 5172 θεραπεύουσι
1195 5107 1434 5175 Κύριον.
1461 5109 1572 5178 Τὴν
1600 5110 1656 5164 δὲ
1684 5112 1791 5164 πᾶ-

236 5198 323 5238 σαν
358 5189 514 5260 ῥῆσίν
540 5209 686 5255 τινες
734 5198 829 5248 καὶ
857 5196 951 5248 ἐπὶ
978 5195 1079 5267 τῆς
1125 5197 1394 5270 αἰσθητῆς
1433 5200 1789 5274 Ἰερουσαλὴμ

235 5280 358 5330 νοεῖν
385 5279 614 5351 ἔφασαν,
647 5285 908 5342 δύνασθαι
938 5291 1327 5359 εὐφροσύνην
1347 5292 1596 5361 λέγοντες
1635 5296 1783 5362 γίνε-

239 5368 364 5436 σθαι,
397 5373 469 5426 ὅτ’
491 5376 556 5429 ἂν
586 5376 757 5446 ἀθρόα
786 5380 1013 5451 γένηται
1061 5383 1196 5454 πρὸς
1232 5384 1293 5437 τὸ
1330 5388 1576 5455 κρεῖττον
1624 5404 1789 5457 μετα-

1890 4937 2042 4983 erunt
2070 4928 2233 4990 inea,
2265 4920 2499 4978 inveniri
2522 4936 2544 4988 ',
2566 4926 2622 4975 et
2663 4932 2759 4973 eos
2807 4915 2903 4985 qui
2955 4925 3080 4985 post
3112 4913 3315 4968 factam
3368 4927 3466 4982 per

1894 5018 2157 5091 Spiritum
2198 5016 2634 5077 renovationem,
2669 5008 2910 5080 peccatis
2939 5005 3160 5061 obnoxii
3186 5004 3462 5073 reperien-

1891 5122 2002 5178 tur,
2028 5112 2083 5166 iu
2107 5127 2190 5173 ea,
2216 5105 2568 5176 corruptione
2594 5102 2833 5165 scilicet,
2876 5099 3084 5168 futuros
3129 5112 3253 5151 esse
3287 5095 3464 5165 signi-

1892 5201 2056 5255 ﬁcare
2081 5216 2095 5254 :
2126 5197 2379 5266 ideoque,
2410 5202 2489 5248 est
2518 5189 2803 5245 Itwreditas
2831 5184 3173 5242 servientibus
3213 5182 3461 5247 Domino,

1895 5294 2079 5351 statim
2112 5290 2402 5360 adjecissc.
2441 5287 2508 5339 At
2535 5292 2666 5339 sunt
2714 5281 2805 5351 qui
2856 5280 3033 5334 locum
3070 5278 3344 5346 integrum
3394 5274 3464 5330 de

1894 5383 2222 5445 Jerusalem,
2256 5394 2377 5452 quae
2413 5378 2516 5433 sub
2553 5390 2775 5431 sensum
2810 5371 2979 5433 cadit,
3010 5369 3241 5438 intelligi
3270 5367 3456 5430 velint,

295 5478 513 5565 έοιιρτιιι..
540 5501 657 5565 ξιν,
686 5487 737 5541 6.
797 5489 859 5565 ⁸⁷⁷
894 5492 1021 5547 ibid.
1101 5494 1143 5527 ⁷⁸
1172 5494 1326 5551 Joan.
1370 5512 1423 5561 χ.
1451 5497 1503 5552 9.
1580 5498 1625 5530 "
1657 5497 1795 5554 Mall!

1897 5516 1990 5565 m,
2023 5500 2097 5555 I8.
2176 5498 2220 5531 ”
2261 5499 2420 5554 Rom.
2447 5511 2541 5555 xu.
2583 5495 2637 5547 ιε’..
2716 5491 2755 5523 ⁸¹
2794 5488 2936 5545 Psztl.
2966 5502 3074 5547 mv,
3117 5484 3201 5539 l3.
3279 5483 3324 5516 "
3356 5481 3459 5543 lsa.

242 5562 367 5613 utv,
391 5552 457 5618 ις
485 5553 503 5607 l
535 5554 661 5610 Cor.
692 5572 752 5624 ιι,
793 5558 846 5613 9.

1509 5652 1736 5709 νΑιιιιΕ
1777 5653 2181 5711 LECTIONES.

306 5747 319 5780 ὶ
364 5754 442 5802 γρ.
484 5739 629 5815 παρὰ
682 5742 882 5812 μόνοις.
