  <div class='ocr_page' id='page_1' title='image "/cluster/home/n/w/nwhite01/storage/ocr_20150623/87:2/hvd.32044019208008/513.png"; bbox 0 0 3998 6390; ppageno 0'>
   <div class='ocr_carea' id='block_1_1' title="bbox 575 341 716 408">
    <p class='ocr_par' dir='ltr' id='par_1_1' title="bbox 575 341 716 408">
     <span class='ocr_line' id='line_1_1' title="bbox 575 341 716 408; baseline 0.028 -4"><span class='ocrx_word' id='word_1_1' title='bbox 575 341 716 408; x_wconf 73' lang='grc'><strong>2547</strong></span> 
     </span>
    </p>
   </div>
   <div class='ocr_carea' id='block_1_2' title="bbox 1881 367 2516 433">
    <p class='ocr_par' dir='ltr' id='par_1_2' title="bbox 1881 367 2516 433">
     <span class='ocr_line' id='line_1_2' title="bbox 1881 367 2516 433; baseline 0.008 -6"><span class='ocrx_word' id='word_1_2' title='bbox 1881 367 2234 431; x_wconf 82' lang='lat' dir='ltr'><strong>PROCOPII</strong></span> <span class='ocrx_word' id='word_1_3' title='bbox 2275 371 2516 433; x_wconf 69' lang='lat' dir='ltr'><strong>GAZ/El</strong></span> 
     </span>
    </p>
   </div>
   <div class='ocr_carea' id='block_1_3' title="bbox 3665 386 3784 454">
    <p class='ocr_par' dir='ltr' id='par_1_3' title="bbox 3665 386 3784 454">
     <span class='ocr_line' id='line_1_3' title="bbox 3665 386 3784 454; baseline 0.05 -6"><span class='ocrx_word' id='word_1_4' title='bbox 3665 386 3784 454; x_wconf 74' lang='grc'><strong>2548</strong></span> 
     </span>
    </p>
   </div>
   <div class='ocr_carea' id='block_1_4' title="bbox 573 456 2144 567">
    <p class='ocr_par' dir='ltr' id='par_1_4' title="bbox 573 456 2144 544">
     <span class='ocr_line' id='line_1_4' title="bbox 573 456 2144 544; baseline 0.016 -34"><span class='ocrx_word' id='word_1_5' title='bbox 573 456 916 532; x_wconf 65' lang='lat' dir='ltr'><strong>laetitiamque</strong></span> <span class='ocrx_word' id='word_1_6' title='bbox 952 459 1068 519; x_wconf 79' lang='lat' dir='ltr'><strong>fore</strong></span> <span class='ocrx_word' id='word_1_7' title='bbox 1104 471 1218 520; x_wconf 89' lang='lat' dir='ltr'><strong>tum</strong></span> <span class='ocrx_word' id='word_1_8' title='bbox 1248 465 1492 536; x_wconf 89' lang='lat' dir='ltr'><strong>demum,</strong></span> <span class='ocrx_word' id='word_1_9' title='bbox 1523 471 1648 528; x_wconf 86' lang='lat' dir='ltr'><strong>cum</strong></span> <span class='ocrx_word' id='word_1_10' title='bbox 1699 479 2038 544; x_wconf 76' lang='lat' dir='ltr'><strong>repentinam</strong></span> <span class='ocrx_word' id='word_1_11' title='bbox 2089 479 2144 534; x_wconf 90' lang='lat' dir='ltr'><strong>in</strong></span> 
     </span>
    </p>
   </div>
   <div class='ocr_carea' id='block_1_5' title="bbox 2245 456 3786 567">
    <p class='ocr_par' dir='ltr' id='par_1_5' title="bbox 2253 480 3786 567">
     <span class='ocr_line' id='line_1_5' title="bbox 2253 480 3786 567; baseline 0.01 -33"><span class='ocrx_word' id='word_1_12' title='bbox 2253 481 2404 554; x_wconf 74' lang='grc' dir='ltr'><strong>ϐολὴ.</strong></span> <span class='ocrx_word' id='word_1_13' title='bbox 2434 480 2579 554; x_wconf 77' lang='grc' dir='ltr'><strong>Πρὸς</strong></span> <span class='ocrx_word' id='word_1_14' title='bbox 2605 482 2673 554; x_wconf 81' lang='grc' dir='ltr'><strong>ἥν</strong></span> <span class='ocrx_word' id='word_1_15' title='bbox 2704 481 3048 555; x_wconf 79' lang='grc' dir='ltr'><strong>εὐφροσύνην</strong></span> <span class='ocrx_word' id='word_1_16' title='bbox 3070 486 3440 558; x_wconf 79' lang='grc' dir='ltr'><strong>προτρέπεται</strong></span> <span class='ocrx_word' id='word_1_17' title='bbox 3467 491 3556 546; x_wconf 71' lang='grc' dir='ltr'><strong>καὶ</strong></span> <span class='ocrx_word' id='word_1_18' title='bbox 3578 494 3668 567; x_wconf 77' lang='grc' dir='ltr'><strong>τὴν</strong></span> <span class='ocrx_word' id='word_1_19' title='bbox 3701 499 3786 558; x_wconf 81' lang='grc' dir='ltr'><strong>ἰι.</strong></span> 
     </span>
    </p>
   </div>
   <div class='ocr_carea' id='block_1_6' title="bbox 569 547 2143 638">
    <p class='ocr_par' dir='ltr' id='par_1_6' title="bbox 569 547 2143 638">
     <span class='ocr_line' id='line_1_6' title="bbox 569 547 2143 638; baseline 0.017 -36"><span class='ocrx_word' id='word_1_20' title='bbox 569 547 766 607; x_wconf 91' lang='lat' dir='ltr'><strong>melius</strong></span> <span class='ocrx_word' id='word_1_21' title='bbox 803 551 915 609; x_wconf 83' lang='lat' dir='ltr'><strong>ﬁeri</strong></span> <span class='ocrx_word' id='word_1_22' title='bbox 952 557 1306 614; x_wconf 87' lang='lat' dir='ltr'><strong>mutationem</strong></span> <span class='ocrx_word' id='word_1_23' title='bbox 1333 561 1657 633; x_wconf 73' lang='lat' dir='ltr'><strong>contigerit;</strong></span> <span class='ocrx_word' id='word_1_24' title='bbox 1693 566 1761 620; x_wconf 89' lang='lat' dir='ltr'><strong>ad</strong></span> <span class='ocrx_word' id='word_1_25' title='bbox 1788 583 1953 638; x_wconf 88' lang='lat' dir='ltr'><strong>quam</strong></span> <span class='ocrx_word' id='word_1_26' title='bbox 1981 571 2143 626; x_wconf 80' lang='lat' dir='ltr'><strong>Jeru-</strong></span> 
     </span>
    </p>
   </div>
   <div class='ocr_carea' id='block_1_7' title="bbox 567 641 2141 725">
    <p class='ocr_par' dir='ltr' id='par_1_7' title="bbox 567 641 2141 725">
     <span class='ocr_line' id='line_1_7' title="bbox 567 641 2141 725; baseline 0.015 -31"><span class='ocrx_word' id='word_1_27' title='bbox 567 641 740 696; x_wconf 88' lang='lat' dir='ltr'><strong>salem</strong></span> <span class='ocrx_word' id='word_1_28' title='bbox 783 644 946 700; x_wconf 88' lang='lat' dir='ltr'><strong>etiam</strong></span> <span class='ocrx_word' id='word_1_29' title='bbox 995 647 1208 716; x_wconf 77' lang='lat' dir='ltr'><strong>invitat,</strong></span> <span class='ocrx_word' id='word_1_30' title='bbox 1261 665 1383 720; x_wconf 73' lang='lat' dir='ltr'><strong>qua:</strong></span> <span class='ocrx_word' id='word_1_31' title='bbox 1415 667 1477 708; x_wconf 89' lang='lat' dir='ltr'><strong>ea</strong></span> <span class='ocrx_word' id='word_1_32' title='bbox 1511 666 1862 725; x_wconf 86' lang='lat' dir='ltr'><strong>peccatorum</strong></span> <span class='ocrx_word' id='word_1_33' title='bbox 1923 662 2141 717; x_wconf 89' lang='lat' dir='ltr'><strong>vincula</strong></span> 
     </span>
    </p>
   </div>
   <div class='ocr_carea' id='block_1_8' title="bbox 568 730 2139 820">
    <p class='ocr_par' dir='ltr' id='par_1_8' title="bbox 568 730 2139 820">
     <span class='ocr_line' id='line_1_8' title="bbox 568 730 2139 820; baseline 0.017 -37"><span class='ocrx_word' id='word_1_34' title='bbox 568 730 806 802; x_wconf 73' lang='lat' dir='ltr'><strong>(regerit,</strong></span> <span class='ocrx_word' id='word_1_35' title='bbox 831 737 1032 806; x_wconf 83' lang='lat' dir='ltr'><strong>quibus</strong></span> <span class='ocrx_word' id='word_1_36' title='bbox 1055 739 1291 811; x_wconf 87' lang='lat' dir='ltr'><strong>seipsam</strong></span> <span class='ocrx_word' id='word_1_37' title='bbox 1319 743 1479 800; x_wconf 81' lang='lat' dir='ltr'><strong>bonis</strong></span> <span class='ocrx_word' id='word_1_38' title='bbox 1502 746 1770 816; x_wconf 78' lang='lat' dir='ltr'><strong>privatam</strong></span> <span class='ocrx_word' id='word_1_39' title='bbox 1801 761 1851 805; x_wconf 81' lang='lat' dir='ltr'><strong>et</strong></span> <span class='ocrx_word' id='word_1_40' title='bbox 1879 753 2139 820; x_wconf 72' lang='lat' dir='ltr'><strong>sterilem,</strong></span> 
     </span>
    </p>
   </div>
   <div class='ocr_carea' id='block_1_9' title="bbox 570 823 2142 913">
    <p class='ocr_par' dir='ltr' id='par_1_9' title="bbox 570 823 2142 913">
     <span class='ocr_line' id='line_1_9' title="bbox 570 823 2142 913; baseline 0.014 -35"><span class='ocrx_word' id='word_1_41' title='bbox 570 839 601 878; x_wconf 89' lang='lat' dir='ltr'><strong>a</strong></span> <span class='ocrx_word' id='word_1_42' title='bbox 637 823 856 897; x_wconf 88' lang='lat' dir='ltr'><strong>Deoque</strong></span> <span class='ocrx_word' id='word_1_43' title='bbox 884 839 1194 899; x_wconf 79' lang='lat' dir='ltr'><strong>separatam</strong></span> <span class='ocrx_word' id='word_1_44' title='bbox 1228 833 1625 894; x_wconf 81' lang='lat' dir='ltr'><strong>obstrinxerat.</strong></span> <span class='ocrx_word' id='word_1_45' title='bbox 1657 837 1736 895; x_wconf 81' lang='lat' dir='ltr'><strong>Ita</strong></span> <span class='ocrx_word' id='word_1_46' title='bbox 1770 842 1916 898; x_wconf 91' lang='lat' dir='ltr'><strong>enim</strong></span> <span class='ocrx_word' id='word_1_47' title='bbox 1944 852 1999 899; x_wconf 92' lang='lat' dir='ltr'><strong>et</strong></span> <span class='ocrx_word' id='word_1_48' title='bbox 2019 845 2142 913; x_wconf 80' lang='lat' dir='ltr'><strong>plu-</strong></span> 
     </span>
    </p>
   </div>
   <div class='ocr_carea' id='block_1_10' title="bbox 571 917 2144 994">
    <p class='ocr_par' dir='ltr' id='par_1_10' title="bbox 571 917 2144 994">
     <span class='ocr_line' id='line_1_10' title="bbox 571 917 2144 994; baseline 0.015 -25"><span class='ocrx_word' id='word_1_49' title='bbox 571 931 655 970; x_wconf 96' lang='lat' dir='ltr'><strong>res</strong></span> <span class='ocrx_word' id='word_1_50' title='bbox 692 917 923 986; x_wconf 87' lang='lat' dir='ltr'><strong>incolas,</strong></span> <span class='ocrx_word' id='word_1_51' title='bbox 958 921 1166 992; x_wconf 86' lang='lat' dir='ltr'><strong>inquit,</strong></span> <span class='ocrx_word' id='word_1_52' title='bbox 1207 923 1490 994; x_wconf 83' lang='lat' dir='ltr'><strong>habueris,</strong></span> <span class='ocrx_word' id='word_1_53' title='bbox 1518 930 1562 984; x_wconf 88' lang='lat' dir='ltr'><strong>si</strong></span> <span class='ocrx_word' id='word_1_54' title='bbox 1588 946 1675 987; x_wconf 91' lang='lat' dir='ltr'><strong>me</strong></span> <span class='ocrx_word' id='word_1_55' title='bbox 1690 933 1785 988; x_wconf 89' lang='lat' dir='ltr'><strong>tibi</strong></span> <span class='ocrx_word' id='word_1_56' title='bbox 1819 935 1919 989; x_wconf 78' lang='lat' dir='ltr'><strong>viri</strong></span> <span class='ocrx_word' id='word_1_57' title='bbox 1949 935 2002 991; x_wconf 89' lang='lat' dir='ltr'><strong>in</strong></span> <span class='ocrx_word' id='word_1_58' title='bbox 2025 951 2144 992; x_wconf 90' lang='lat' dir='ltr'><strong>mo-</strong></span> 
     </span>
    </p>
   </div>
   <div class='ocr_carea' id='block_1_11' title="bbox 571 1019 2139 1103">
    <p class='ocr_par' dir='ltr' id='par_1_11' title="bbox 571 1019 2139 1103">
     <span class='ocr_line' id='line_1_11' title="bbox 571 1019 2139 1103; baseline 0.014 -37"><span class='ocrx_word' id='word_1_59' title='bbox 571 1027 685 1067; x_wconf 86' lang='lat' dir='ltr'><strong>rem</strong></span> <span class='ocrx_word' id='word_1_60' title='bbox 722 1029 958 1084; x_wconf 62' lang='lat' dir='ltr'><strong>pra‘esse</strong></span> <span class='ocrx_word' id='word_1_61' title='bbox 996 1019 1258 1084; x_wconf 87' lang='lat' dir='ltr'><strong>volueris.</strong></span> <span class='ocrx_word' id='word_1_62' title='bbox 1291 1033 1344 1078; x_wconf 90' lang='lat' dir='ltr'><strong>et</strong></span> <span class='ocrx_word' id='word_1_63' title='bbox 1385 1031 1436 1078; x_wconf 89' lang='lat' dir='ltr'><strong>te</strong></span> <span class='ocrx_word' id='word_1_64' title='bbox 1472 1025 1765 1098; x_wconf 88' lang='lat' dir='ltr'><strong>majorem,</strong></span> <span class='ocrx_word' id='word_1_65' title='bbox 1795 1039 1921 1099; x_wconf 87' lang='lat' dir='ltr'><strong>post</strong></span> <span class='ocrx_word' id='word_1_66' title='bbox 1958 1033 2139 1103; x_wconf 89' lang='lat' dir='ltr'><strong>capti-</strong></span> 
     </span>
    </p>
   </div>
   <div class='ocr_carea' id='block_1_12' title="bbox 567 1101 2140 1191">
    <p class='ocr_par' dir='ltr' id='par_1_12' title="bbox 567 1101 2140 1191">
     <span class='ocr_line' id='line_1_12' title="bbox 567 1101 2140 1191; baseline 0.015 -36"><span class='ocrx_word' id='word_1_67' title='bbox 567 1101 789 1159; x_wconf 87' lang='lat' dir='ltr'><strong>vitatem</strong></span> <span class='ocrx_word' id='word_1_68' title='bbox 840 1106 1093 1164; x_wconf 74' lang='lat' dir='ltr'><strong>eﬁecero.</strong></span> <span class='ocrx_word' id='word_1_69' title='bbox 1155 1110 1342 1169; x_wconf 82' lang='lat' dir='ltr'><strong>Gentes</strong></span> <span class='ocrx_word' id='word_1_70' title='bbox 1405 1115 1604 1172; x_wconf 89' lang='lat' dir='ltr'><strong>deinde</strong></span> <span class='ocrx_word' id='word_1_71' title='bbox 1642 1119 1790 1188; x_wconf 84' lang='lat' dir='ltr'><strong>ipsas</strong></span> <span class='ocrx_word' id='word_1_72' title='bbox 1846 1101 2140 1191; x_wconf 79' lang='lat' dir='ltr'><strong>possidebit</strong></span> 
     </span>
    </p>
   </div>
   <div class='ocr_carea' id='block_1_13' title="bbox 565 1204 2142 1283">
    <p class='ocr_par' dir='ltr' id='par_1_13' title="bbox 565 1204 2142 1283">
     <span class='ocr_line' id='line_1_13' title="bbox 565 1204 2142 1283; baseline 0.016 -35"><span class='ocrx_word' id='word_1_73' title='bbox 565 1211 741 1250; x_wconf 87' lang='lat' dir='ltr'><strong>semen</strong></span> <span class='ocrx_word' id='word_1_74' title='bbox 777 1205 945 1264; x_wconf 84' lang='lat' dir='ltr'><strong>tuum,</strong></span> <span class='ocrx_word' id='word_1_75' title='bbox 977 1217 1098 1271; x_wconf 69' lang='lat' dir='ltr'><strong>quae</strong></span> <span class='ocrx_word' id='word_1_76' title='bbox 1139 1213 1197 1258; x_wconf 95' lang='lat' dir='ltr'><strong>ut</strong></span> <span class='ocrx_word' id='word_1_77' title='bbox 1225 1204 1347 1275; x_wconf 84' lang='lat' dir='ltr'><strong>ejus</strong></span> <span class='ocrx_word' id='word_1_78' title='bbox 1378 1207 1832 1267; x_wconf 82' lang='lat' dir='ltr'><strong>instaurationem</strong></span> <span class='ocrx_word' id='word_1_79' title='bbox 1879 1215 2142 1283; x_wconf 86' lang='lat' dir='ltr'><strong>prohibe-</strong></span> 
     </span>
    </p>
   </div>
   <div class='ocr_carea' id='block_1_14' title="bbox 568 1291 2143 1372">
    <p class='ocr_par' dir='ltr' id='par_1_14' title="bbox 568 1291 2143 1372">
     <span class='ocr_line' id='line_1_14' title="bbox 568 1291 2143 1372; baseline 0.015 -31"><span class='ocrx_word' id='word_1_80' title='bbox 568 1297 712 1353; x_wconf 85' lang='lat' dir='ltr'><strong>rent,</strong></span> <span class='ocrx_word' id='word_1_81' title='bbox 749 1291 1018 1348; x_wconf 84' lang='lat' dir='ltr'><strong>coierant.</strong></span> <span class='ocrx_word' id='word_1_82' title='bbox 1076 1293 1152 1349; x_wconf 81' lang='lat' dir='ltr'><strong>ita</strong></span> <span class='ocrx_word' id='word_1_83' title='bbox 1175 1298 1322 1352; x_wconf 89' lang='lat' dir='ltr'><strong>enim</strong></span> <span class='ocrx_word' id='word_1_84' title='bbox 1352 1310 1483 1357; x_wconf 89' lang='lat' dir='ltr'><strong>sunt</strong></span> <span class='ocrx_word' id='word_1_85' title='bbox 1508 1310 1802 1372; x_wconf 61' lang='lat' dir='ltr'><strong>superata,</strong></span> <span class='ocrx_word' id='word_1_86' title='bbox 1833 1314 1888 1360; x_wconf 95' lang='lat' dir='ltr'><strong>ut</strong></span> <span class='ocrx_word' id='word_1_87' title='bbox 1928 1305 1998 1361; x_wconf 86' lang='lat' dir='ltr'><strong>ad</strong></span> <span class='ocrx_word' id='word_1_88' title='bbox 2051 1322 2143 1363; x_wconf 84' lang='lat' dir='ltr'><strong>se-</strong></span> 
     </span>
    </p>
   </div>
   <div class='ocr_carea' id='block_1_15' title="bbox 568 1384 2139 1468">
    <p class='ocr_par' dir='ltr' id='par_1_15' title="bbox 568 1384 2139 1468">
     <span class='ocr_line' id='line_1_15' title="bbox 568 1384 2139 1468; baseline 0.013 -35"><span class='ocrx_word' id='word_1_89' title='bbox 568 1390 821 1450; x_wconf 88' lang='lat' dir='ltr'><strong>ptcnnem</strong></span> <span class='ocrx_word' id='word_1_90' title='bbox 851 1384 1124 1440; x_wconf 84' lang='lat' dir='ltr'><strong>ustionem</strong></span> <span class='ocrx_word' id='word_1_91' title='bbox 1150 1402 1338 1444; x_wconf 90' lang='lat' dir='ltr'><strong>earum</strong></span> <span class='ocrx_word' id='word_1_92' title='bbox 1359 1406 1511 1446; x_wconf 90' lang='lat' dir='ltr'><strong>arma</strong></span> <span class='ocrx_word' id='word_1_93' title='bbox 1541 1392 1882 1450; x_wconf 73' lang='lat' dir='ltr'><strong>suffecerint.</strong></span> <span class='ocrx_word' id='word_1_94' title='bbox 1912 1394 2139 1468; x_wconf 84' lang='lat' dir='ltr'><strong>Signiﬁ-</strong></span> 
     </span>
    </p>
   </div>
   <div class='ocr_carea' id='block_1_16' title="bbox 565 1475 2142 1552">
    <p class='ocr_par' dir='ltr' id='par_1_16' title="bbox 565 1475 2142 1552">
     <span class='ocr_line' id='line_1_16' title="bbox 565 1475 2142 1552; baseline 0.012 -28"><span class='ocrx_word' id='word_1_95' title='bbox 565 1477 656 1524; x_wconf 87' lang='lat' dir='ltr'><strong>cat</strong></span> <span class='ocrx_word' id='word_1_96' title='bbox 694 1485 918 1528; x_wconf 88' lang='lat' dir='ltr'><strong>rursum</strong></span> <span class='ocrx_word' id='word_1_97' title='bbox 949 1475 1114 1533; x_wconf 75' lang='lat' dir='ltr'><strong>urbes</strong></span> <span class='ocrx_word' id='word_1_98' title='bbox 1146 1476 1316 1548; x_wconf 89' lang='lat' dir='ltr'><strong>ipsas,</strong></span> <span class='ocrx_word' id='word_1_99' title='bbox 1371 1495 1493 1550; x_wconf 71' lang='lat' dir='ltr'><strong>quae</strong></span> <span class='ocrx_word' id='word_1_100' title='bbox 1521 1480 1743 1538; x_wconf 63' lang='lat' dir='ltr'><strong>deserta:</strong></span> <span class='ocrx_word' id='word_1_101' title='bbox 1778 1483 2020 1552; x_wconf 82' lang='lat' dir='ltr'><strong>fuerant,</strong></span> <span class='ocrx_word' id='word_1_102' title='bbox 2069 1488 2142 1544; x_wconf 88' lang='lat' dir='ltr'><strong>ab</strong></span> 
     </span>
    </p>
   </div>
   <div class='ocr_carea' id='block_1_17' title="bbox 566 1559 2142 1648">
    <p class='ocr_par' dir='ltr' id='par_1_17' title="bbox 566 1559 2142 1648">
     <span class='ocr_line' id='line_1_17' title="bbox 566 1559 2142 1648; baseline 0.014 -36"><span class='ocrx_word' id='word_1_103' title='bbox 566 1559 831 1620; x_wconf 86' lang='lat' dir='ltr'><strong>lsraelitis</strong></span> <span class='ocrx_word' id='word_1_104' title='bbox 854 1579 977 1622; x_wconf 89' lang='lat' dir='ltr'><strong>esse</strong></span> <span class='ocrx_word' id='word_1_105' title='bbox 1001 1571 1333 1637; x_wconf 87' lang='lat' dir='ltr'><strong>reparandas</strong></span> <span class='ocrx_word' id='word_1_106' title='bbox 1360 1582 1412 1628; x_wconf 89' lang='lat' dir='ltr'><strong>et</strong></span> <span class='ocrx_word' id='word_1_107' title='bbox 1444 1572 1793 1630; x_wconf 88' lang='lat' dir='ltr'><strong>habitandas.</strong></span> <span class='ocrx_word' id='word_1_108' title='bbox 1821 1574 1947 1632; x_wconf 89' lang='lat' dir='ltr'><strong>Noli</strong></span> <span class='ocrx_word' id='word_1_109' title='bbox 1976 1578 2142 1648; x_wconf 78' lang='lat' dir='ltr'><strong>igitur</strong></span> 
     </span>
    </p>
   </div>
   <div class='ocr_carea' id='block_1_18' title="bbox 565 1654 2142 1736">
    <p class='ocr_par' dir='ltr' id='par_1_18' title="bbox 565 1654 2142 1736">
     <span class='ocr_line' id='line_1_18' title="bbox 565 1654 2142 1736; baseline 0.011 -28"><span class='ocrx_word' id='word_1_110' title='bbox 565 1654 823 1724; x_wconf 88' lang='lat' dir='ltr'><strong>amplius,</strong></span> <span class='ocrx_word' id='word_1_111' title='bbox 862 1657 1062 1728; x_wconf 75' lang='lat' dir='ltr'><strong>inquit,</strong></span> <span class='ocrx_word' id='word_1_112' title='bbox 1098 1662 1266 1717; x_wconf 86' lang='lat' dir='ltr'><strong>veteri</strong></span> <span class='ocrx_word' id='word_1_113' title='bbox 1290 1673 1340 1719; x_wconf 90' lang='lat' dir='ltr'><strong>te</strong></span> <span class='ocrx_word' id='word_1_114' title='bbox 1369 1665 1560 1736; x_wconf 75' lang='lat' dir='ltr'><strong>gloria:</strong></span> <span class='ocrx_word' id='word_1_115' title='bbox 1602 1668 1918 1724; x_wconf 88' lang='lat' dir='ltr'><strong>restitutum</strong></span> <span class='ocrx_word' id='word_1_116' title='bbox 1945 1669 2010 1724; x_wconf 91' lang='lat' dir='ltr'><strong>iri</strong></span> <span class='ocrx_word' id='word_1_117' title='bbox 2038 1670 2142 1725; x_wconf 85' lang='lat' dir='ltr'><strong>du-</strong></span> 
     </span>
    </p>
   </div>
   <div class='ocr_carea' id='block_1_19' title="bbox 568 1743 2140 1824">
    <p class='ocr_par' dir='ltr' id='par_1_19' title="bbox 568 1743 2140 1824">
     <span class='ocr_line' id='line_1_19' title="bbox 568 1743 2140 1824; baseline 0.011 -27"><span class='ocrx_word' id='word_1_118' title='bbox 568 1743 758 1800; x_wconf 85' lang='lat' dir='ltr'><strong>bitare.</strong></span> <span class='ocrx_word' id='word_1_119' title='bbox 778 1743 942 1802; x_wconf 79' lang='lat' dir='ltr'><strong>Elues</strong></span> <span class='ocrx_word' id='word_1_120' title='bbox 963 1749 1105 1803; x_wconf 83' lang='lat' dir='ltr'><strong>enim</strong></span> <span class='ocrx_word' id='word_1_121' title='bbox 1138 1752 1339 1807; x_wconf 82' lang='lat' dir='ltr'><strong>veteris</strong></span> <span class='ocrx_word' id='word_1_122' title='bbox 1369 1753 1638 1824; x_wconf 80' lang='lat' dir='ltr'><strong>opprobrii</strong></span> <span class='ocrx_word' id='word_1_123' title='bbox 1669 1758 1963 1814; x_wconf 86' lang='lat' dir='ltr'><strong>maculam.</strong></span> <span class='ocrx_word' id='word_1_124' title='bbox 1991 1757 2140 1817; x_wconf 85' lang='lat' dir='ltr'><strong>Talis</strong></span> 
     </span>
    </p>
   </div>
   <div class='ocr_carea' id='block_1_20' title="bbox 2246 573 3787 659">
    <p class='ocr_par' dir='ltr' id='par_1_20' title="bbox 2246 573 3787 659">
     <span class='ocr_line' id='line_1_20' title="bbox 2246 573 3787 659; baseline 0.01 -33"><span class='ocrx_word' id='word_1_125' title='bbox 2246 573 2528 646; x_wconf 81' lang='grc' dir='ltr'><strong>ρουσαλὴμ</strong></span> <span class='ocrx_word' id='word_1_126' title='bbox 2571 575 2896 644; x_wconf 75' lang='grc' dir='ltr'><strong>ρηγνῦσιιν</strong></span> <span class='ocrx_word' id='word_1_127' title='bbox 2953 581 3056 649; x_wconf 82' lang='grc' dir='ltr'><strong>τῆς</strong></span> <span class='ocrx_word' id='word_1_128' title='bbox 3101 579 3382 652; x_wconf 81' lang='grc' dir='ltr'><strong>ἁμαρτίας</strong></span> <span class='ocrx_word' id='word_1_129' title='bbox 3407 582 3477 637; x_wconf 85' lang='grc' dir='ltr'><strong>τά</strong></span> <span class='ocrx_word' id='word_1_130' title='bbox 3518 584 3787 659; x_wconf 67' lang='grc' dir='ltr'><strong>δεσμὰ,οῆ</strong></span> 
     </span>
    </p>
   </div>
   <div class='ocr_carea' id='block_1_21' title="bbox 2244 665 3787 739">
    <p class='ocr_par' dir='ltr' id='par_1_21' title="bbox 2244 665 3787 739">
     <span class='ocr_line' id='line_1_21' title="bbox 2244 665 3787 739; baseline 0.01 -20"><span class='ocrx_word' id='word_1_131' title='bbox 2244 665 2443 736; x_wconf 78' lang='grc' dir='ltr'><strong>ἑαυτὴν</strong></span> <span class='ocrx_word' id='word_1_132' title='bbox 2464 667 2829 739; x_wconf 84' lang='grc' dir='ltr'><strong>ἐγκατέδησεν</strong></span> <span class='ocrx_word' id='word_1_133' title='bbox 2877 671 3270 739; x_wconf 84' lang='grc' dir='ltr'><strong>στειρωθεῒσα</strong></span> <span class='ocrx_word' id='word_1_134' title='bbox 3320 674 3502 730; x_wconf 85' lang='grc' dir='ltr'><strong>καλῶν</strong></span> <span class='ocrx_word' id='word_1_135' title='bbox 3534 678 3623 731; x_wconf 75' lang='grc' dir='ltr'><strong>καὶ</strong></span> <span class='ocrx_word' id='word_1_136' title='bbox 3670 685 3787 739; x_wconf 81' lang='grc' dir='ltr'><strong>ἀπο-</strong></span> 
     </span>
    </p>
   </div>
   <div class='ocr_carea' id='block_1_22' title="bbox 2246 757 3789 840">
    <p class='ocr_par' dir='ltr' id='par_1_22' title="bbox 2246 757 3789 840">
     <span class='ocr_line' id='line_1_22' title="bbox 2246 757 3789 840; baseline 0.012 -31"><span class='ocrx_word' id='word_1_137' title='bbox 2246 760 2419 811; x_wconf 83' lang='grc' dir='ltr'><strong>στᾶσα</strong></span> <span class='ocrx_word' id='word_1_138' title='bbox 2450 757 2606 812; x_wconf 86' lang='grc' dir='ltr'><strong>Θεοῦ.</strong></span> <span class='ocrx_word' id='word_1_139' title='bbox 2636 757 2792 813; x_wconf 81' lang='grc' dir='ltr'><strong>Οὕτω</strong></span> <span class='ocrx_word' id='word_1_140' title='bbox 2837 760 2949 831; x_wconf 88' lang='lat'><strong>7&amp;9</strong></span> <span class='ocrx_word' id='word_1_141' title='bbox 2983 763 3238 828; x_wconf 64' lang='grc' dir='ltr'><strong>πλείους</strong></span> <span class='ocrx_word' id='word_1_142' title='bbox 3289 764 3455 831; x_wconf 72' lang='grc' dir='ltr'><strong>ἕξεις,</strong></span> <span class='ocrx_word' id='word_1_143' title='bbox 3504 770 3650 839; x_wconf 61' lang='grc' dir='ltr'><strong>φησι,</strong></span> <span class='ocrx_word' id='word_1_144' title='bbox 3685 775 3789 840; x_wconf 77' lang='grc' dir='ltr'><strong>τοὺς</strong></span> 
     </span>
    </p>
   </div>
   <div class='ocr_carea' id='block_1_23' title="bbox 2243 846 3790 933">
    <p class='ocr_par' dir='ltr' id='par_1_23' title="bbox 2243 846 3790 933">
     <span class='ocr_line' id='line_1_23' title="bbox 2243 846 3790 933; baseline 0.01 -35"><span class='ocrx_word' id='word_1_145' title='bbox 2243 846 2556 918; x_wconf 76' lang='grc' dir='ltr'><strong>οἰκήτορας,</strong></span> <span class='ocrx_word' id='word_1_146' title='bbox 2608 847 2848 918; x_wconf 83' lang='grc' dir='ltr'><strong>λαχοῦσα</strong></span> <span class='ocrx_word' id='word_1_147' title='bbox 2898 851 3212 924; x_wconf 83' lang='grc' dir='ltr'><strong>προστάτην</strong></span> <span class='ocrx_word' id='word_1_148' title='bbox 3257 853 3359 923; x_wconf 77' lang='grc' dir='ltr'><strong>ἐμὲ</strong></span> <span class='ocrx_word' id='word_1_149' title='bbox 3412 854 3565 926; x_wconf 85' lang='grc' dir='ltr'><strong>δίκην</strong></span> <span class='ocrx_word' id='word_1_150' title='bbox 3601 860 3790 933; x_wconf 69' lang='grc' dir='ltr'><strong>ἀνδρὸς</strong></span> 
     </span>
    </p>
   </div>
   <div class='ocr_carea' id='block_1_24' title="bbox 2243 936 3791 1027">
    <p class='ocr_par' dir='ltr' id='par_1_24' title="bbox 2243 936 3791 1027">
     <span class='ocr_line' id='line_1_24' title="bbox 2243 936 3791 1027; baseline 0.011 -38"><span class='ocrx_word' id='word_1_151' title='bbox 2243 936 2794 1010; x_wconf 87' lang='grc' dir='ltr'><strong>ἀντιλαμϐανόμενον,</strong></span> <span class='ocrx_word' id='word_1_152' title='bbox 2815 942 2907 994; x_wconf 78' lang='grc' dir='ltr'><strong>καὶ</strong></span> <span class='ocrx_word' id='word_1_153' title='bbox 2941 942 3164 1012; x_wconf 74' lang='grc' dir='ltr'><strong>μείζονα</strong></span> <span class='ocrx_word' id='word_1_154' title='bbox 3189 944 3248 998; x_wconf 73' lang='grc' dir='ltr'><strong>δὲ</strong></span> <span class='ocrx_word' id='word_1_155' title='bbox 3276 962 3338 999; x_wconf 85' lang='grc' dir='ltr'><strong>σε</strong></span> <span class='ocrx_word' id='word_1_156' title='bbox 3370 947 3507 1016; x_wconf 86' lang='grc' dir='ltr'><strong>μετά</strong></span> <span class='ocrx_word' id='word_1_157' title='bbox 3535 949 3629 1022; x_wconf 78' lang='grc' dir='ltr'><strong>τὴν</strong></span> <span class='ocrx_word' id='word_1_158' title='bbox 3649 955 3791 1027; x_wconf 79' lang='grc' dir='ltr'><strong>αἰχμ-</strong></span> 
     </span>
    </p>
   </div>
   <div class='ocr_carea' id='block_1_25' title="bbox 2241 1028 3791 1110">
    <p class='ocr_par' dir='ltr' id='par_1_25' title="bbox 2241 1028 3791 1110">
     <span class='ocr_line' id='line_1_25' title="bbox 2241 1028 3791 1110; baseline 0.013 -30"><span class='ocrx_word' id='word_1_159' title='bbox 2241 1028 2482 1082; x_wconf 83' lang='grc' dir='ltr'><strong>αλωσίαν</strong></span> <span class='ocrx_word' id='word_1_160' title='bbox 2551 1032 2785 1101; x_wconf 84' lang='grc' dir='ltr'><strong>ποιήσω.</strong></span> <span class='ocrx_word' id='word_1_161' title='bbox 2863 1033 3058 1102; x_wconf 76' lang='grc' dir='ltr'><strong>Ἕθνη</strong></span> <span class='ocrx_word' id='word_1_162' title='bbox 3115 1033 3185 1088; x_wconf 77' lang='grc' dir='ltr'><strong><em>δὲ</em></strong></span> <span class='ocrx_word' id='word_1_163' title='bbox 3251 1039 3691 1110; x_wconf 72' lang='grc' dir='ltr'><strong>κληρονομήσει</strong></span> <span class='ocrx_word' id='word_1_164' title='bbox 3735 1048 3791 1101; x_wconf 79' lang='grc' dir='ltr'><strong>τὸ</strong></span> 
     </span>
    </p>
   </div>
   <div class='ocr_carea' id='block_1_26' title="bbox 2244 1120 3792 1197">
    <p class='ocr_par' dir='ltr' id='par_1_26' title="bbox 2244 1120 3792 1197">
     <span class='ocr_line' id='line_1_26' title="bbox 2244 1120 3792 1197; baseline 0.011 -23"><span class='ocrx_word' id='word_1_165' title='bbox 2244 1120 2484 1192; x_wconf 82' lang='grc' dir='ltr'><strong>σπέρμα</strong></span> <span class='ocrx_word' id='word_1_166' title='bbox 2504 1136 2622 1177; x_wconf 90' lang='grc' dir='ltr'><strong>σου</strong></span> <span class='ocrx_word' id='word_1_167' title='bbox 2643 1121 2710 1177; x_wconf 76' lang='grc' dir='ltr'><strong>τὰ</strong></span> <span class='ocrx_word' id='word_1_168' title='bbox 2736 1124 3054 1179; x_wconf 77' lang='grc' dir='ltr'><strong>συνελθόντα</strong></span> <span class='ocrx_word' id='word_1_169' title='bbox 3079 1127 3215 1197; x_wconf 73' lang='grc' dir='ltr'><strong>πρὸς</strong></span> <span class='ocrx_word' id='word_1_170' title='bbox 3238 1128 3301 1182; x_wconf 73' lang='grc' dir='ltr'><strong>τὸ</strong></span> <span class='ocrx_word' id='word_1_171' title='bbox 3317 1129 3559 1186; x_wconf 87' lang='grc' dir='ltr'><strong>κωλῦσαι</strong></span> <span class='ocrx_word' id='word_1_172' title='bbox 3573 1133 3660 1187; x_wconf 77' lang='grc' dir='ltr'><strong>τὸν</strong></span> <span class='ocrx_word' id='word_1_173' title='bbox 3680 1137 3792 1192; x_wconf 78' lang='grc' dir='ltr'><strong>ταύ-</strong></span> 
     </span>
    </p>
   </div>
   <div class='ocr_carea' id='block_1_27' title="bbox 2243 1214 3792 1291">
    <p class='ocr_par' dir='ltr' id='par_1_27' title="bbox 2243 1214 3792 1291">
     <span class='ocr_line' id='line_1_27' title="bbox 2243 1214 3792 1291; baseline 0.012 -27"><span class='ocrx_word' id='word_1_174' title='bbox 2243 1229 2343 1282; x_wconf 89' lang='grc' dir='ltr'><strong>της</strong></span> <span class='ocrx_word' id='word_1_175' title='bbox 2399 1214 2741 1285; x_wconf 78' lang='grc' dir='ltr'><strong>ἀνοικισμὸν.</strong></span> <span class='ocrx_word' id='word_1_176' title='bbox 2799 1215 2953 1270; x_wconf 75' lang='grc' dir='ltr'><strong>οὕτω</strong></span> <span class='ocrx_word' id='word_1_177' title='bbox 3004 1219 3110 1289; x_wconf 81' lang='grc' dir='ltr'><strong>γὰρ</strong></span> <span class='ocrx_word' id='word_1_178' title='bbox 3163 1220 3499 1291; x_wconf 80' lang='grc' dir='ltr'><strong>ἡττήθησαν,</strong></span> <span class='ocrx_word' id='word_1_179' title='bbox 3538 1223 3610 1287; x_wconf 87' lang='grc' dir='ltr'><strong>ὡς</strong></span> <span class='ocrx_word' id='word_1_180' title='bbox 3629 1227 3710 1280; x_wconf 74' lang='grc' dir='ltr'><strong>καὶ</strong></span> <span class='ocrx_word' id='word_1_181' title='bbox 3737 1230 3792 1284; x_wconf 71' lang='grc' dir='ltr'><strong>τὰ</strong></span> 
     </span>
    </p>
   </div>
   <div class='ocr_carea' id='block_1_28' title="bbox 2229 1303 3793 1382">
    <p class='ocr_par' dir='ltr' id='par_1_28' title="bbox 2229 1303 3793 1382">
     <span class='ocr_line' id='line_1_28' title="bbox 2229 1303 3793 1382; baseline 0.012 -27"><span class='ocrx_word' id='word_1_182' title='bbox 2229 1303 2382 1356; x_wconf 63' lang='grc' dir='ltr'><strong>ὅπλα</strong></span> <span class='ocrx_word' id='word_1_183' title='bbox 2411 1303 2588 1357; x_wconf 72' lang='grc' dir='ltr'><strong>αὐτῶν</strong></span> <span class='ocrx_word' id='word_1_184' title='bbox 2622 1306 2716 1359; x_wconf 82' lang='grc' dir='ltr'><strong>ἐπὶ</strong></span> <span class='ocrx_word' id='word_1_185' title='bbox 2741 1307 2882 1361; x_wconf 83' lang='grc' dir='ltr'><strong>ἐπτά</strong></span> <span class='ocrx_word' id='word_1_186' title='bbox 2909 1307 3004 1380; x_wconf 82' lang='grc' dir='ltr'><strong>ἔτη</strong></span> <span class='ocrx_word' id='word_1_187' title='bbox 3037 1309 3271 1379; x_wconf 81' lang='grc' dir='ltr'><strong>ἀρκέσαι</strong></span> <span class='ocrx_word' id='word_1_188' title='bbox 3291 1311 3430 1382; x_wconf 75' lang='grc' dir='ltr'><strong>πρὸς</strong></span> <span class='ocrx_word' id='word_1_189' title='bbox 3465 1314 3672 1370; x_wconf 81' lang='grc' dir='ltr'><strong>καῦσιν.</strong></span> <span class='ocrx_word' id='word_1_190' title='bbox 3703 1319 3793 1373; x_wconf 81' lang='lat' dir='ltr'><strong>Kal</strong></span> 
     </span>
    </p>
   </div>
   <div class='ocr_carea' id='block_1_29' title="bbox 2241 1394 3794 1479">
    <p class='ocr_par' dir='ltr' id='par_1_29' title="bbox 2241 1394 3794 1479">
     <span class='ocr_line' id='line_1_29' title="bbox 2241 1394 3794 1479; baseline 0.009 -31"><span class='ocrx_word' id='word_1_191' title='bbox 2241 1394 2342 1458; x_wconf 79' lang='grc' dir='ltr'><strong>τὰς</strong></span> <span class='ocrx_word' id='word_1_192' title='bbox 2374 1395 2558 1458; x_wconf 86' lang='grc' dir='ltr'><strong>πόλεις</strong></span> <span class='ocrx_word' id='word_1_193' title='bbox 2583 1397 2717 1468; x_wconf 75' lang='grc' dir='ltr'><strong>φησὶ</strong></span> <span class='ocrx_word' id='word_1_194' title='bbox 2756 1397 2856 1456; x_wconf 75' lang='grc' dir='ltr'><strong>τὰς</strong></span> <span class='ocrx_word' id='word_1_195' title='bbox 2898 1399 3294 1468; x_wconf 75' lang='grc' dir='ltr'><strong>ἠρημωμένας</strong></span> <span class='ocrx_word' id='word_1_196' title='bbox 3324 1401 3430 1455; x_wconf 85' lang='grc' dir='ltr'><strong>ὑπὸ</strong></span> <span class='ocrx_word' id='word_1_197' title='bbox 3470 1402 3566 1456; x_wconf 89' lang='grc' dir='ltr'><strong>τοῦ</strong></span> <span class='ocrx_word' id='word_1_198' title='bbox 3603 1405 3794 1479; x_wconf 81' lang='grc' dir='ltr'><strong>Ἰσραὴλ</strong></span> 
     </span>
    </p>
   </div>
   <div class='ocr_carea' id='block_1_30' title="bbox 2242 1485 3792 1572">
    <p class='ocr_par' dir='ltr' id='par_1_30' title="bbox 2242 1485 3792 1572">
     <span class='ocr_line' id='line_1_30' title="bbox 2242 1485 3792 1572; baseline 0.008 -33"><span class='ocrx_word' id='word_1_199' title='bbox 2242 1485 2778 1558; x_wconf 85' lang='grc' dir='ltr'><strong>κατοικισθήσεσθαι.</strong></span> <span class='ocrx_word' id='word_1_200' title='bbox 2815 1489 2906 1560; x_wconf 83' lang='grc' dir='ltr'><strong>Μὴ</strong></span> <span class='ocrx_word' id='word_1_201' title='bbox 2936 1487 3030 1544; x_wconf 78' lang='grc' dir='ltr'><strong>οὖν</strong></span> <span class='ocrx_word' id='word_1_202' title='bbox 3051 1490 3290 1559; x_wconf 81' lang='grc' dir='ltr'><strong>λογίζου,</strong></span> <span class='ocrx_word' id='word_1_203' title='bbox 3317 1495 3504 1565; x_wconf 68' lang='grc' dir='ltr'><strong>φησιν,</strong></span> <span class='ocrx_word' id='word_1_204' title='bbox 3532 1495 3605 1559; x_wconf 83' lang='grc' dir='ltr'><strong>ὡς</strong></span> <span class='ocrx_word' id='word_1_205' title='bbox 3644 1498 3700 1550; x_wconf 79' lang='grc' dir='ltr'><strong>οὒ</strong></span> <span class='ocrx_word' id='word_1_206' title='bbox 3730 1499 3792 1572; x_wconf 77' lang='grc' dir='ltr'><strong>μὴ</strong></span> 
     </span>
    </p>
   </div>
   <div class='ocr_carea' id='block_1_31' title="bbox 2243 1577 3794 1662">
    <p class='ocr_par' dir='ltr' id='par_1_31' title="bbox 2243 1577 3794 1662">
     <span class='ocr_line' id='line_1_31' title="bbox 2243 1577 3794 1662; baseline 0.006 -31"><span class='ocrx_word' id='word_1_207' title='bbox 2243 1577 2379 1648; x_wconf 78' lang='grc' dir='ltr'><strong>πρὸς</strong></span> <span class='ocrx_word' id='word_1_208' title='bbox 2428 1577 2529 1648; x_wconf 84' lang='grc' dir='ltr'><strong>τὴν</strong></span> <span class='ocrx_word' id='word_1_209' title='bbox 2569 1579 2803 1650; x_wconf 78' lang='grc' dir='ltr'><strong>ἀρχαίαν</strong></span> <span class='ocrx_word' id='word_1_210' title='bbox 2849 1580 3008 1646; x_wconf 81' lang='grc' dir='ltr'><strong>δόξαν</strong></span> <span class='ocrx_word' id='word_1_211' title='bbox 3062 1582 3474 1656; x_wconf 79' lang='grc' dir='ltr'><strong>κατασταθήσῃ.</strong></span> <span class='ocrx_word' id='word_1_212' title='bbox 3524 1583 3794 1662; x_wconf 76' lang='grc' dir='ltr'><strong>’Δποτρίψῃ</strong></span> 
     </span>
    </p>
   </div>
   <div class='ocr_carea' id='block_1_32' title="bbox 2241 1668 3790 1744">
    <p class='ocr_par' dir='ltr' id='par_1_32' title="bbox 2241 1668 3790 1744">
     <span class='ocr_line' id='line_1_32' title="bbox 2241 1668 3790 1744; baseline 0.006 -24"><span class='ocrx_word' id='word_1_213' title='bbox 2241 1668 2350 1738; x_wconf 84' lang='lat'><strong>7&amp;9</strong></span> <span class='ocrx_word' id='word_1_214' title='bbox 2373 1668 2605 1736; x_wconf 77' lang='grc' dir='ltr'><strong>ὄνειδος</strong></span> <span class='ocrx_word' id='word_1_215' title='bbox 2628 1668 2690 1723; x_wconf 85' lang='grc' dir='ltr'><strong>τὸ</strong></span> <span class='ocrx_word' id='word_1_216' title='bbox 2713 1670 3242 1740; x_wconf 82' lang='grc' dir='ltr'><strong>ἀρχαῖον.Τοιούτοις</strong></span> <span class='ocrx_word' id='word_1_217' title='bbox 3259 1673 3459 1744; x_wconf 83' lang='grc' dir='ltr'><strong>ἐχρῆτο</strong></span> <span class='ocrx_word' id='word_1_218' title='bbox 3481 1673 3652 1741; x_wconf 86' lang='grc' dir='ltr'><strong>λόγοις</strong></span> <span class='ocrx_word' id='word_1_219' title='bbox 3669 1676 3790 1729; x_wconf 68' lang='grc' dir='ltr'><strong>’ἰώϐι</strong></span> 
     </span>
    </p>
   </div>
   <div class='ocr_carea' id='block_1_33' title="bbox 2249 1762 3795 1843">
    <p class='ocr_par' dir='ltr' id='par_1_33' title="bbox 2249 1762 3795 1843">
     <span class='ocr_line' id='line_1_33' title="bbox 2249 1762 3795 1843; baseline 0.006 -28"><span class='ocrx_word' id='word_1_220' title='bbox 2249 1781 2268 1815; x_wconf 81' lang='grc' dir='ltr'><strong>ι</strong></span> <span class='ocrx_word' id='word_1_221' title='bbox 2305 1762 2428 1817; x_wconf 81' lang='grc' dir='ltr'><strong>Κάν</strong></span> <span class='ocrx_word' id='word_1_222' title='bbox 2453 1762 2564 1835; x_wconf 83' lang='grc' dir='ltr'><strong>γὰρ</strong></span> <span class='ocrx_word' id='word_1_223' title='bbox 2592 1763 2985 1835; x_wconf 84' lang='grc' dir='ltr'><strong>ἀπολούσωμαι</strong></span> <span class='ocrx_word' id='word_1_224' title='bbox 3013 1765 3175 1835; x_wconf 88' lang='grc' dir='ltr'><strong>χιόνι,</strong></span> <span class='ocrx_word' id='word_1_225' title='bbox 3205 1767 3300 1820; x_wconf 75' lang='grc' dir='ltr'><strong>καὶ</strong></span> <span class='ocrx_word' id='word_1_226' title='bbox 3323 1767 3795 1843; x_wconf 79' lang='grc' dir='ltr'><strong>καθάρωμαιχερσὶ</strong></span> 
     </span>
    </p>
   </div>
   <div class='ocr_carea' id='block_1_34' title="bbox 564 1837 2144 1929">
    <p class='ocr_par' dir='ltr' id='par_1_34' title="bbox 564 1837 2137 1925">
     <span class='ocr_line' id='line_1_34' title="bbox 564 1837 2137 1925; baseline 0.012 -34"><span class='ocrx_word' id='word_1_227' title='bbox 564 1845 684 1891; x_wconf 90' lang='lat' dir='ltr'><strong>erat</strong></span> <span class='ocrx_word' id='word_1_228' title='bbox 707 1845 761 1893; x_wconf 89' lang='lat' dir='ltr'><strong>et</strong></span> <span class='ocrx_word' id='word_1_229' title='bbox 789 1837 914 1895; x_wconf 81' lang='lat' dir='ltr'><strong>Jobi</strong></span> <span class='ocrx_word' id='word_1_230' title='bbox 942 1845 1143 1911; x_wconf 85' lang='lat' dir='ltr'><strong>oratio,</strong></span> <span class='ocrx_word' id='word_1_231' title='bbox 1173 1846 1410 1904; x_wconf 89' lang='lat' dir='ltr'><strong>dicentis</strong></span> <span class='ocrx_word' id='word_1_232' title='bbox 1437 1865 1450 1902; x_wconf 90' lang='lat'><strong>:</strong></span> <span class='ocrx_word' id='word_1_233' title='bbox 1496 1867 1516 1900; x_wconf 84' lang='grc' dir='ltr'><strong>ι</strong></span> <span class='ocrx_word' id='word_1_234' title='bbox 1562 1848 1743 1906; x_wconf 85' lang='lat' dir='ltr'><strong>Etiam</strong></span> <span class='ocrx_word' id='word_1_235' title='bbox 1770 1852 1818 1908; x_wconf 87' lang='lat' dir='ltr'><strong>si</strong></span> <span class='ocrx_word' id='word_1_236' title='bbox 1848 1853 1976 1910; x_wconf 89' lang='lat' dir='ltr'><strong>nive</strong></span> <span class='ocrx_word' id='word_1_237' title='bbox 2005 1869 2137 1925; x_wconf 78' lang='lat' dir='ltr'><strong>pro-</strong></span> 
     </span>
    </p>
   </div>
   <div class='ocr_carea' id='block_1_35' title="bbox 2245 1837 3794 1929">
    <p class='ocr_par' dir='ltr' id='par_1_35' title="bbox 2245 1837 3794 1929">
     <span class='ocr_line' id='line_1_35' title="bbox 2245 1837 3794 1929; baseline 0.006 -23"><span class='ocrx_word' id='word_1_238' title='bbox 2245 1852 2532 1925; x_wconf 78' lang='grc' dir='ltr'><strong>καθαραῖς,</strong></span> <span class='ocrx_word' id='word_1_239' title='bbox 2556 1855 2756 1918; x_wconf 79' lang='grc' dir='ltr'><strong>ἱκανῶς</strong></span> <span class='ocrx_word' id='word_1_240' title='bbox 2788 1873 2855 1926; x_wconf 86' lang='grc' dir='ltr'><strong>με</strong></span> <span class='ocrx_word' id='word_1_241' title='bbox 2887 1857 2947 1910; x_wconf 90' lang='grc' dir='ltr'><strong>ἐν</strong></span> <span class='ocrx_word' id='word_1_242' title='bbox 2977 1854 3134 1929; x_wconf 79' lang='grc' dir='ltr'><strong>ρύπφ</strong></span> <span class='ocrx_word' id='word_1_243' title='bbox 3162 1855 3390 1928; x_wconf 66' lang='grc' dir='ltr'><strong>ἔϐαψας.</strong></span> <span class='ocrx_word' id='word_1_244' title='bbox 3415 1877 3434 1910; x_wconf 75' lang='grc' dir='ltr'><strong>ι</strong></span> <span class='ocrx_word' id='word_1_245' title='bbox 3470 1837 3794 1926; x_wconf 49' lang='lat' dir='ltr'><strong>tamen“</strong></span> 
     </span>
    </p>
   </div>
   <div class='ocr_carea' id='block_1_36' title="bbox 569 1929 2139 2009">
    <p class='ocr_par' dir='ltr' id='par_1_36' title="bbox 569 1929 2139 2009">
     <span class='ocr_line' id='line_1_36' title="bbox 569 1929 2139 2009; baseline 0.013 -28"><span class='ocrx_word' id='word_1_246' title='bbox 569 1929 705 1993; x_wconf 85' lang='lat' dir='ltr'><strong>luar,</strong></span> <span class='ocrx_word' id='word_1_247' title='bbox 741 1941 795 1986; x_wconf 91' lang='lat' dir='ltr'><strong>et</strong></span> <span class='ocrx_word' id='word_1_248' title='bbox 824 1933 977 2002; x_wconf 92' lang='lat' dir='ltr'><strong>puris</strong></span> <span class='ocrx_word' id='word_1_249' title='bbox 1015 1936 1268 1992; x_wconf 84' lang='lat' dir='ltr'><strong>manibus</strong></span> <span class='ocrx_word' id='word_1_250' title='bbox 1299 1954 1526 2009; x_wconf 72' lang='lat' dir='ltr'><strong>purgor,</strong></span> <span class='ocrx_word' id='word_1_251' title='bbox 1557 1941 1779 1999; x_wconf 87' lang='lat' dir='ltr'><strong>abunde</strong></span> <span class='ocrx_word' id='word_1_252' title='bbox 1826 1960 1912 2000; x_wconf 86' lang='lat' dir='ltr'><strong>me</strong></span> <span class='ocrx_word' id='word_1_253' title='bbox 1957 1945 2139 2001; x_wconf 61' lang='lat' dir='ltr'><strong>sardi-</strong></span> 
     </span>
    </p>
   </div>
   <div class='ocr_carea' id='block_1_37' title="bbox 565 2019 2134 2092">
    <p class='ocr_par' dir='ltr' id='par_1_37' title="bbox 565 2019 2134 2092">
     <span class='ocr_line' id='line_1_37' title="bbox 565 2019 2134 2092; baseline 0.01 -18"><span class='ocrx_word' id='word_1_254' title='bbox 565 2019 666 2076; x_wconf 87' lang='lat' dir='ltr'><strong>bus</strong></span> <span class='ocrx_word' id='word_1_255' title='bbox 686 2020 944 2078; x_wconf 79' lang='lat' dir='ltr'><strong>infecisti.</strong></span> <span class='ocrx_word' id='word_1_256' title='bbox 978 2027 1339 2086; x_wconf 82' lang='lat' dir='ltr'><strong>Abominatus</strong></span> <span class='ocrx_word' id='word_1_257' title='bbox 1360 2039 1444 2086; x_wconf 86' lang='lat' dir='ltr'><strong>est</strong></span> <span class='ocrx_word' id='word_1_258' title='bbox 1469 2047 1554 2087; x_wconf 90' lang='lat' dir='ltr'><strong>me</strong></span> <span class='ocrx_word' id='word_1_259' title='bbox 1574 2032 1809 2088; x_wconf 88' lang='lat' dir='ltr'><strong>amictus</strong></span> <span class='ocrx_word' id='word_1_260' title='bbox 1837 2050 1993 2091; x_wconf 92' lang='lat' dir='ltr'><strong>meus</strong></span> <span class='ocrx_word' id='word_1_261' title='bbox 2015 2036 2083 2092; x_wconf 82' lang='grc'><strong>⁸³.</strong></span> <span class='ocrx_word' id='word_1_262' title='bbox 2114 2056 2134 2090; x_wconf 78' lang='grc' dir='ltr'><strong>ι</strong></span> 
     </span>
    </p>
   </div>
   <div class='ocr_carea' id='block_1_38' title="bbox 568 2111 2142 2194">
    <p class='ocr_par' dir='ltr' id='par_1_38' title="bbox 568 2111 2142 2194">
     <span class='ocr_line' id='line_1_38' title="bbox 568 2111 2142 2194; baseline 0.008 -27"><span class='ocrx_word' id='word_1_263' title='bbox 568 2111 802 2167; x_wconf 76' lang='lat' dir='ltr'><strong>Confert</strong></span> <span class='ocrx_word' id='word_1_264' title='bbox 843 2131 972 2171; x_wconf 89' lang='lat' dir='ltr'><strong>vero</strong></span> <span class='ocrx_word' id='word_1_265' title='bbox 999 2117 1065 2172; x_wconf 90' lang='lat' dir='ltr'><strong>ad</strong></span> <span class='ocrx_word' id='word_1_266' title='bbox 1103 2115 1296 2186; x_wconf 84' lang='lat' dir='ltr'><strong>ﬁdem,</strong></span> <span class='ocrx_word' id='word_1_267' title='bbox 1329 2121 1790 2190; x_wconf 86' lang='lat' dir='ltr'><strong>promissionibus</strong></span> <span class='ocrx_word' id='word_1_268' title='bbox 1817 2126 1983 2194; x_wconf 89' lang='lat' dir='ltr'><strong>quod,</strong></span> <span class='ocrx_word' id='word_1_269' title='bbox 2039 2127 2142 2181; x_wconf 85' lang='lat' dir='ltr'><strong>Do-</strong></span> 
     </span>
    </p>
   </div>
   <div class='ocr_carea' id='block_1_39' title="bbox 567 2203 2146 2288">
    <p class='ocr_par' dir='ltr' id='par_1_39' title="bbox 567 2203 2146 2288">
     <span class='ocr_line' id='line_1_39' title="bbox 567 2203 2146 2288; baseline 0.014 -34"><span class='ocrx_word' id='word_1_270' title='bbox 567 2203 742 2258; x_wconf 85' lang='lat' dir='ltr'><strong>minus</strong></span> <span class='ocrx_word' id='word_1_271' title='bbox 776 2206 866 2275; x_wconf 85' lang='lat' dir='ltr'><strong>qui</strong></span> <span class='ocrx_word' id='word_1_272' title='bbox 904 2207 1034 2276; x_wconf 80' lang='lat' dir='ltr'><strong>facit</strong></span> <span class='ocrx_word' id='word_1_273' title='bbox 1064 2219 1133 2274; x_wconf 84' lang='lat' dir='ltr'><strong>te,</strong></span> <span class='ocrx_word' id='word_1_274' title='bbox 1167 2210 1394 2281; x_wconf 88' lang='lat' dir='ltr'><strong>adjicit;</strong></span> <span class='ocrx_word' id='word_1_275' title='bbox 1449 2223 1508 2269; x_wconf 94' lang='lat' dir='ltr'><strong>ut</strong></span> <span class='ocrx_word' id='word_1_276' title='bbox 1558 2230 1683 2270; x_wconf 92' lang='lat' dir='ltr'><strong>eum</strong></span> <span class='ocrx_word' id='word_1_277' title='bbox 1720 2233 1800 2282; x_wconf 87' lang='lat' dir='ltr'><strong>se,</strong></span> <span class='ocrx_word' id='word_1_278' title='bbox 1855 2232 1886 2272; x_wconf 87' lang='lat' dir='ltr'><strong>a</strong></span> <span class='ocrx_word' id='word_1_279' title='bbox 1921 2233 2031 2288; x_wconf 92' lang='lat' dir='ltr'><strong>quo</strong></span> <span class='ocrx_word' id='word_1_280' title='bbox 2076 2219 2146 2276; x_wconf 91' lang='lat' dir='ltr'><strong>de</strong></span> 
     </span>
    </p>
   </div>
   <div class='ocr_carea' id='block_1_40' title="bbox 567 2291 2132 2375">
    <p class='ocr_par' dir='ltr' id='par_1_40' title="bbox 567 2291 2132 2375">
     <span class='ocr_line' id='line_1_40' title="bbox 567 2291 2132 2375; baseline 0.013 -30"><span class='ocrx_word' id='word_1_281' title='bbox 567 2291 743 2348; x_wconf 89' lang='lat' dir='ltr'><strong>nihilo</strong></span> <span class='ocrx_word' id='word_1_282' title='bbox 781 2294 836 2350; x_wconf 93' lang='lat' dir='ltr'><strong>in</strong></span> <span class='ocrx_word' id='word_1_283' title='bbox 871 2296 1044 2353; x_wconf 88' lang='lat' dir='ltr'><strong>lucem</strong></span> <span class='ocrx_word' id='word_1_284' title='bbox 1075 2301 1377 2370; x_wconf 89' lang='lat' dir='ltr'><strong>productus</strong></span> <span class='ocrx_word' id='word_1_285' title='bbox 1430 2304 1526 2368; x_wconf 89' lang='lat' dir='ltr'><strong>sit,</strong></span> <span class='ocrx_word' id='word_1_286' title='bbox 1571 2319 1694 2362; x_wconf 89' lang='lat' dir='ltr'><strong>esse</strong></span> <span class='ocrx_word' id='word_1_287' title='bbox 1752 2308 2132 2375; x_wconf 88' lang='lat' dir='ltr'><strong>demonstret;</strong></span> 
     </span>
    </p>
   </div>
   <div class='ocr_carea' id='block_1_41' title="bbox 569 2384 2135 2463">
    <p class='ocr_par' dir='ltr' id='par_1_41' title="bbox 569 2384 2135 2463">
     <span class='ocr_line' id='line_1_41' title="bbox 569 2384 2135 2463; baseline 0.013 -30"><span class='ocrx_word' id='word_1_288' title='bbox 569 2397 747 2451; x_wconf 88' lang='lat' dir='ltr'><strong>neque</strong></span> <span class='ocrx_word' id='word_1_289' title='bbox 773 2384 875 2440; x_wconf 87' lang='lat' dir='ltr'><strong>sibi</strong></span> <span class='ocrx_word' id='word_1_290' title='bbox 905 2387 999 2441; x_wconf 92' lang='lat' dir='ltr'><strong>uni</strong></span> <span class='ocrx_word' id='word_1_291' title='bbox 1031 2389 1219 2455; x_wconf 90' lang='lat' dir='ltr'><strong>Deum,</strong></span> <span class='ocrx_word' id='word_1_292' title='bbox 1261 2393 1357 2446; x_wconf 88' lang='lat' dir='ltr'><strong>sed</strong></span> <span class='ocrx_word' id='word_1_293' title='bbox 1386 2395 1641 2463; x_wconf 77' lang='lat' dir='ltr'><strong>gentibus</strong></span> <span class='ocrx_word' id='word_1_294' title='bbox 1692 2398 1916 2453; x_wconf 89' lang='lat' dir='ltr'><strong>cunctis</strong></span> <span class='ocrx_word' id='word_1_295' title='bbox 1967 2398 2135 2453; x_wconf 90' lang='lat' dir='ltr'><strong>etiam</strong></span> 
     </span>
    </p>
   </div>
   <div class='ocr_carea' id='block_1_42' title="bbox 565 2465 2133 2552">
    <p class='ocr_par' dir='ltr' id='par_1_42' title="bbox 565 2465 2133 2552">
     <span class='ocr_line' id='line_1_42' title="bbox 565 2465 2133 2552; baseline 0.017 -34"><span class='ocrx_word' id='word_1_296' title='bbox 565 2465 835 2528; x_wconf 79' lang='lat' dir='ltr'><strong>futurum.</strong></span> <span class='ocrx_word' id='word_1_297' title='bbox 870 2470 987 2529; x_wconf 77' lang='lat' dir='ltr'><strong>Non</strong></span> <span class='ocrx_word' id='word_1_298' title='bbox 1020 2477 1164 2530; x_wconf 81' lang='lat' dir='ltr'><strong>enim</strong></span> <span class='ocrx_word' id='word_1_299' title='bbox 1195 2479 1395 2549; x_wconf 79' lang='lat' dir='ltr'><strong>inquit,</strong></span> <span class='ocrx_word' id='word_1_300' title='bbox 1455 2481 1672 2552; x_wconf 66' lang='lat' dir='ltr'><strong>injuriae</strong></span> <span class='ocrx_word' id='word_1_301' title='bbox 1719 2493 1824 2540; x_wconf 69' lang='lat' dir='ltr'><strong>tua:</strong></span> <span class='ocrx_word' id='word_1_302' title='bbox 1877 2487 2133 2543; x_wconf 89' lang='lat' dir='ltr'><strong>recorda-</strong></span> 
     </span>
    </p>
   </div>
   <div class='ocr_carea' id='block_1_43' title="bbox 2237 1941 3790 2018">
    <p class='ocr_par' dir='ltr' id='par_1_43' title="bbox 2237 1941 3790 2018">
     <span class='ocr_line' id='line_1_43' title="bbox 2237 1941 3790 2018; baseline 0.005 -22"><span class='ocrx_word' id='word_1_303' title='bbox 2237 1943 2294 1996; x_wconf 75' lang='grc' dir='ltr'><strong>δὲ</strong></span> <span class='ocrx_word' id='word_1_304' title='bbox 2324 1945 2357 2014; x_wconf 82' lang='grc' dir='ltr'><strong>ἡ</strong></span> <span class='ocrx_word' id='word_1_305' title='bbox 2390 1941 2548 2016; x_wconf 84' lang='grc' dir='ltr'><strong>στολή</strong></span> <span class='ocrx_word' id='word_1_306' title='bbox 2576 1961 2699 2013; x_wconf 88' lang='grc' dir='ltr'><strong>μου.</strong></span> <span class='ocrx_word' id='word_1_307' title='bbox 2729 1945 2876 2015; x_wconf 84' lang='grc' dir='ltr'><strong>Πρὸς</strong></span> <span class='ocrx_word' id='word_1_308' title='bbox 2915 1945 3101 2001; x_wconf 86' lang='grc' dir='ltr'><strong>πίστιν</strong></span> <span class='ocrx_word' id='word_1_309' title='bbox 3139 1946 3198 2000; x_wconf 79' lang='grc' dir='ltr'><strong>δέ</strong></span> <span class='ocrx_word' id='word_1_310' title='bbox 3237 1948 3337 2017; x_wconf 85' lang='grc' dir='ltr'><strong>τῆς</strong></span> <span class='ocrx_word' id='word_1_311' title='bbox 3368 1947 3694 2018; x_wconf 67' lang='grc' dir='ltr'><strong>ἐπαγγελίας</strong></span> <span class='ocrx_word' id='word_1_312' title='bbox 3721 1951 3790 2017; x_wconf 79' lang='grc' dir='ltr'><strong>τὸ,</strong></span> 
     </span>
    </p>
   </div>
   <div class='ocr_carea' id='block_1_44' title="bbox 2243 2035 3794 2112">
    <p class='ocr_par' dir='ltr' id='par_1_44' title="bbox 2243 2035 3794 2112">
     <span class='ocr_line' id='line_1_44' title="bbox 2243 2035 3794 2112; baseline 0.003 -22"><span class='ocrx_word' id='word_1_313' title='bbox 2243 2036 2459 2104; x_wconf 82' lang='grc' dir='ltr'><strong>Κύριος</strong></span> <span class='ocrx_word' id='word_1_314' title='bbox 2497 2038 2531 2091; x_wconf 86' lang='grc' dir='ltr'><strong>ό</strong></span> <span class='ocrx_word' id='word_1_315' title='bbox 2558 2035 2748 2090; x_wconf 80' lang='grc' dir='ltr'><strong>ποιῶν</strong></span> <span class='ocrx_word' id='word_1_316' title='bbox 2769 2051 2862 2100; x_wconf 85' lang='grc' dir='ltr'><strong>σε,</strong></span> <span class='ocrx_word' id='word_1_317' title='bbox 2911 2038 2940 2091; x_wconf 87' lang='grc' dir='ltr'><strong>ό</strong></span> <span class='ocrx_word' id='word_1_318' title='bbox 2963 2037 3060 2091; x_wconf 76' lang='grc' dir='ltr'><strong>καὶ</strong></span> <span class='ocrx_word' id='word_1_319' title='bbox 3091 2038 3157 2093; x_wconf 89' lang='grc' dir='ltr'><strong>ἐκ</strong></span> <span class='ocrx_word' id='word_1_320' title='bbox 3185 2038 3282 2092; x_wconf 92' lang='grc' dir='ltr'><strong>τοῦ</strong></span> <span class='ocrx_word' id='word_1_321' title='bbox 3318 2039 3392 2111; x_wconf 85' lang='grc' dir='ltr'><strong>μὴ</strong></span> <span class='ocrx_word' id='word_1_322' title='bbox 3432 2035 3573 2094; x_wconf 72' lang='grc' dir='ltr'><strong>εἶναι</strong></span> <span class='ocrx_word' id='word_1_323' title='bbox 3600 2041 3722 2112; x_wconf 86' lang='grc' dir='ltr'><strong>πρὸς</strong></span> <span class='ocrx_word' id='word_1_324' title='bbox 3744 2040 3794 2096; x_wconf 78' lang='grc' dir='ltr'><strong>τὸ</strong></span> 
     </span>
    </p>
   </div>
   <div class='ocr_carea' id='block_1_45' title="bbox 2243 2123 3796 2200">
    <p class='ocr_par' dir='ltr' id='par_1_45' title="bbox 2243 2123 3796 2200">
     <span class='ocr_line' id='line_1_45' title="bbox 2243 2123 3796 2200; baseline 0.005 -20"><span class='ocrx_word' id='word_1_325' title='bbox 2243 2123 2382 2180; x_wconf 80' lang='grc' dir='ltr'><strong>εἷναί</strong></span> <span class='ocrx_word' id='word_1_326' title='bbox 2411 2144 2470 2180; x_wconf 91' lang='grc' dir='ltr'><strong>σε</strong></span> <span class='ocrx_word' id='word_1_327' title='bbox 2491 2128 2701 2192; x_wconf 79' lang='grc' dir='ltr'><strong>κτίσας.</strong></span> <span class='ocrx_word' id='word_1_328' title='bbox 2729 2128 2845 2180; x_wconf 80' lang='grc' dir='ltr'><strong>Οὐκ</strong></span> <span class='ocrx_word' id='word_1_329' title='bbox 2868 2127 3063 2199; x_wconf 76' lang='grc' dir='ltr'><strong>ἔσομαι</strong></span> <span class='ocrx_word' id='word_1_330' title='bbox 3093 2129 3152 2183; x_wconf 82' lang='grc' dir='ltr'><strong>δέ</strong></span> <span class='ocrx_word' id='word_1_331' title='bbox 3185 2129 3348 2200; x_wconf 88' lang='grc' dir='ltr'><strong>μόνου</strong></span> <span class='ocrx_word' id='word_1_332' title='bbox 3376 2130 3472 2184; x_wconf 90' lang='grc' dir='ltr'><strong>σοῦ</strong></span> <span class='ocrx_word' id='word_1_333' title='bbox 3511 2131 3660 2196; x_wconf 79' lang='grc' dir='ltr'><strong>Θεὸς,</strong></span> <span class='ocrx_word' id='word_1_334' title='bbox 3681 2131 3796 2187; x_wconf 78' lang='grc' dir='ltr'><strong>ἀλλὰ</strong></span> 
     </span>
    </p>
   </div>
   <div class='ocr_carea' id='block_1_46' title="bbox 2244 2215 3793 2290">
    <p class='ocr_par' dir='ltr' id='par_1_46' title="bbox 2244 2215 3793 2290">
     <span class='ocr_line' id='line_1_46' title="bbox 2244 2215 3793 2290; baseline 0.004 -22"><span class='ocrx_word' id='word_1_335' title='bbox 2244 2218 2339 2268; x_wconf 73' lang='grc' dir='ltr'><strong>καὶ</strong></span> <span class='ocrx_word' id='word_1_336' title='bbox 2367 2215 2478 2268; x_wconf 87' lang='grc' dir='ltr'><strong>τῶν</strong></span> <span class='ocrx_word' id='word_1_337' title='bbox 2508 2215 2679 2269; x_wconf 86' lang='grc' dir='ltr'><strong>ἐθνῶν</strong></span> <span class='ocrx_word' id='word_1_338' title='bbox 2702 2215 2978 2272; x_wconf 83' lang='grc' dir='ltr'><strong>ἁπάντων.</strong></span> <span class='ocrx_word' id='word_1_339' title='bbox 3015 2218 3090 2272; x_wconf 85' lang='grc' dir='ltr'><strong>Οὐ</strong></span> <span class='ocrx_word' id='word_1_340' title='bbox 3133 2219 3243 2290; x_wconf 84' lang='grc' dir='ltr'><strong>γὰρ</strong></span> <span class='ocrx_word' id='word_1_341' title='bbox 3281 2220 3671 2290; x_wconf 80' lang='grc' dir='ltr'><strong>μνησικακήσω</strong></span> <span class='ocrx_word' id='word_1_342' title='bbox 3702 2238 3793 2286; x_wconf 79' lang='grc' dir='ltr'><strong>σοι,</strong></span> 
     </span>
    </p>
   </div>
   <div class='ocr_carea' id='block_1_47' title="bbox 2244 2305 3795 2383">
    <p class='ocr_par' dir='ltr' id='par_1_47' title="bbox 2244 2305 3795 2383">
     <span class='ocr_line' id='line_1_47' title="bbox 2244 2305 3795 2383; baseline 0.005 -24"><span class='ocrx_word' id='word_1_343' title='bbox 2244 2305 2366 2360; x_wconf 79' lang='grc' dir='ltr'><strong>οὐδὲ</strong></span> <span class='ocrx_word' id='word_1_344' title='bbox 2423 2305 2692 2366; x_wconf 83' lang='grc' dir='ltr'><strong>ὀνειδίσω.</strong></span> <span class='ocrx_word' id='word_1_345' title='bbox 2721 2307 2858 2378; x_wconf 83' lang='grc' dir='ltr'><strong>ὅπερ</strong></span> <span class='ocrx_word' id='word_1_346' title='bbox 2890 2307 3137 2362; x_wconf 89' lang='grc' dir='ltr'><strong>ποιοῦσιν</strong></span> <span class='ocrx_word' id='word_1_347' title='bbox 3167 2310 3218 2362; x_wconf 87' lang='grc' dir='ltr'><strong>οί</strong></span> <span class='ocrx_word' id='word_1_348' title='bbox 3245 2310 3538 2380; x_wconf 75' lang='grc' dir='ltr'><strong>γυναῖκας</strong></span> <span class='ocrx_word' id='word_1_349' title='bbox 3571 2311 3795 2383; x_wconf 82' lang='grc' dir='ltr'><strong>ἁμαρτα-</strong></span> 
     </span>
    </p>
   </div>
   <div class='ocr_carea' id='block_1_48' title="bbox 2242 2396 3796 2475">
    <p class='ocr_par' dir='ltr' id='par_1_48' title="bbox 2242 2396 3796 2475">
     <span class='ocr_line' id='line_1_48' title="bbox 2242 2396 3796 2475; baseline 0.005 -25"><span class='ocrx_word' id='word_1_350' title='bbox 2242 2396 2436 2461; x_wconf 84' lang='grc' dir='ltr'><strong>νούσας</strong></span> <span class='ocrx_word' id='word_1_351' title='bbox 2467 2397 2618 2466; x_wconf 79' lang='grc' dir='ltr'><strong>πρὸς</strong></span> <span class='ocrx_word' id='word_1_352' title='bbox 2642 2398 2852 2467; x_wconf 73' lang='grc' dir='ltr'><strong>ὀλίγον</strong></span> <span class='ocrx_word' id='word_1_353' title='bbox 2883 2399 3316 2472; x_wconf 72' lang='grc' dir='ltr'><strong>ἀπορρίψαντες.</strong></span> <span class='ocrx_word' id='word_1_354' title='bbox 3345 2403 3466 2456; x_wconf 81' lang='grc' dir='ltr'><strong>Κάν</strong></span> <span class='ocrx_word' id='word_1_355' title='bbox 3495 2403 3603 2475; x_wconf 86' lang='grc' dir='ltr'><strong>γὰρ</strong></span> <span class='ocrx_word' id='word_1_356' title='bbox 3623 2403 3796 2458; x_wconf 83' lang='grc' dir='ltr'><strong>καταλ-</strong></span> 
     </span>
    </p>
   </div>
   <div class='ocr_carea' id='block_1_49' title="bbox 2241 2487 3503 2562">
    <p class='ocr_par' dir='ltr' id='par_1_49' title="bbox 2241 2487 3503 2562">
     <span class='ocr_line' id='line_1_49' title="bbox 2241 2487 3503 2562; baseline 0.006 -21"><span class='ocrx_word' id='word_1_357' title='bbox 2241 2487 2500 2557; x_wconf 84' lang='grc' dir='ltr'><strong>λαγῶσιν,</strong></span> <span class='ocrx_word' id='word_1_358' title='bbox 2539 2491 2611 2543; x_wconf 81' lang='grc' dir='ltr'><strong>τὰ</strong></span> <span class='ocrx_word' id='word_1_359' title='bbox 2644 2488 2882 2562; x_wconf 81' lang='grc' dir='ltr'><strong>πρόσθεν</strong></span> <span class='ocrx_word' id='word_1_360' title='bbox 2903 2490 3185 2557; x_wconf 76' lang='grc' dir='ltr'><strong>ὀνειδίζειν</strong></span> <span class='ocrx_word' id='word_1_361' title='bbox 3216 2493 3503 2548; x_wconf 78' lang='grc' dir='ltr'><strong>εἰώθασιν.</strong></span> 
     </span>
    </p>
   </div>
   <div class='ocr_carea' id='block_1_50' title="bbox 567 2561 3796 2657">
    <p class='ocr_par' dir='ltr' id='par_1_50' title="bbox 567 2561 3796 2657">
     <span class='ocr_line' id='line_1_50' title="bbox 567 2561 3796 2657; baseline 0.006 -35"><span class='ocrx_word' id='word_1_362' title='bbox 567 2561 687 2631; x_wconf 80' lang='lat' dir='ltr'><strong>hor,</strong></span> <span class='ocrx_word' id='word_1_363' title='bbox 721 2565 879 2637; x_wconf 75' lang='lat'><strong>621</strong></span> <span class='ocrx_word' id='word_1_364' title='bbox 911 2578 1005 2624; x_wconf 89' lang='lat' dir='ltr'><strong>aut</strong></span> <span class='ocrx_word' id='word_1_365' title='bbox 1033 2586 1222 2627; x_wconf 86' lang='lat' dir='ltr'><strong>eorum</strong></span> <span class='ocrx_word' id='word_1_366' title='bbox 1257 2589 1407 2630; x_wconf 91' lang='lat' dir='ltr'><strong>more</strong></span> <span class='ocrx_word' id='word_1_367' title='bbox 1431 2577 1796 2647; x_wconf 78' lang='lat' dir='ltr'><strong>exprobrabo,</strong></span> <span class='ocrx_word' id='word_1_368' title='bbox 1843 2582 1938 2651; x_wconf 88' lang='lat' dir='ltr'><strong>qui</strong></span> <span class='ocrx_word' id='word_1_369' title='bbox 1983 2597 2113 2637; x_wconf 87' lang='lat' dir='ltr'><strong>suas</strong></span> <span class='ocrx_word' id='word_1_370' title='bbox 2151 2598 2361 2649; x_wconf 72' lang='lat' dir='ltr'><strong>uxores,</strong></span> <span class='ocrx_word' id='word_1_371' title='bbox 2397 2599 2522 2639; x_wconf 90' lang='lat' dir='ltr'><strong>cum</strong></span> <span class='ocrx_word' id='word_1_372' title='bbox 2563 2583 2633 2639; x_wconf 87' lang='lat' dir='ltr'><strong>ab</strong></span> <span class='ocrx_word' id='word_1_373' title='bbox 2665 2584 2774 2640; x_wconf 89' lang='lat' dir='ltr'><strong>illis</strong></span> <span class='ocrx_word' id='word_1_374' title='bbox 2821 2584 3081 2654; x_wconf 88' lang='lat' dir='ltr'><strong>injuriam</strong></span> <span class='ocrx_word' id='word_1_375' title='bbox 3116 2587 3262 2657; x_wconf 84' lang='lat' dir='ltr'><strong>passi</strong></span> <span class='ocrx_word' id='word_1_376' title='bbox 3338 2596 3489 2654; x_wconf 90' lang='lat' dir='ltr'><strong>sunt,</strong></span> <span class='ocrx_word' id='word_1_377' title='bbox 3568 2586 3634 2642; x_wconf 86' lang='lat' dir='ltr'><strong>ad</strong></span> <span class='ocrx_word' id='word_1_378' title='bbox 3703 2602 3796 2641; x_wconf 84' lang='lat' dir='ltr'><strong>mo-</strong></span> 
     </span>
    </p>
   </div>
   <div class='ocr_carea' id='block_1_51' title="bbox 565 2653 3794 2747">
    <p class='ocr_par' dir='ltr' id='par_1_51' title="bbox 565 2653 3794 2747">
     <span class='ocr_line' id='line_1_51' title="bbox 565 2653 3794 2747; baseline 0.008 -41"><span class='ocrx_word' id='word_1_379' title='bbox 565 2653 742 2709; x_wconf 79' lang='lat' dir='ltr'><strong>dirum</strong></span> <span class='ocrx_word' id='word_1_380' title='bbox 770 2669 971 2728; x_wconf 81' lang='lat' dir='ltr'><strong>tempus</strong></span> <span class='ocrx_word' id='word_1_381' title='bbox 1005 2677 1036 2716; x_wconf 89' lang='lat' dir='ltr'><strong>a</strong></span> <span class='ocrx_word' id='word_1_382' title='bbox 1071 2679 1131 2719; x_wconf 83' lang='lat' dir='ltr'><strong>se</strong></span> <span class='ocrx_word' id='word_1_383' title='bbox 1164 2672 1462 2722; x_wconf 88' lang='lat' dir='ltr'><strong>removent.</strong></span> <span class='ocrx_word' id='word_1_384' title='bbox 1509 2667 1871 2736; x_wconf 80' lang='lat' dir='ltr'><strong>Quantumvis</strong></span> <span class='ocrx_word' id='word_1_385' title='bbox 1902 2675 2047 2729; x_wconf 89' lang='lat' dir='ltr'><strong>enim</strong></span> <span class='ocrx_word' id='word_1_386' title='bbox 2100 2672 2155 2729; x_wconf 89' lang='lat' dir='ltr'><strong>in</strong></span> <span class='ocrx_word' id='word_1_387' title='bbox 2195 2673 2424 2746; x_wconf 89' lang='lat' dir='ltr'><strong>gratiam</strong></span> <span class='ocrx_word' id='word_1_388' title='bbox 2483 2675 2724 2741; x_wconf 87' lang='lat' dir='ltr'><strong>redeant,</strong></span> <span class='ocrx_word' id='word_1_389' title='bbox 2779 2675 3051 2746; x_wconf 70' lang='lat' dir='ltr'><strong>praeterita</strong></span> <span class='ocrx_word' id='word_1_390' title='bbox 3101 2686 3281 2732; x_wconf 89' lang='lat' dir='ltr'><strong>tamen</strong></span> <span class='ocrx_word' id='word_1_391' title='bbox 3343 2677 3671 2747; x_wconf 79' lang='lat' dir='ltr'><strong>exprobrare</strong></span> <span class='ocrx_word' id='word_1_392' title='bbox 3702 2691 3794 2732; x_wconf 90' lang='lat' dir='ltr'><strong>non</strong></span> 
     </span>
    </p>
   </div>
   <div class='ocr_carea' id='block_1_52' title="bbox 566 2747 847 2806">
    <p class='ocr_par' dir='ltr' id='par_1_52' title="bbox 566 2747 847 2806">
     <span class='ocr_line' id='line_1_52' title="bbox 566 2747 847 2806; baseline 0.014 -4"><span class='ocrx_word' id='word_1_393' title='bbox 566 2747 847 2806; x_wconf 82' lang='lat' dir='ltr'><strong>desinunt.</strong></span> 
     </span>
    </p>
   </div>
   <div class='ocr_carea' id='block_1_53' title="bbox 638 2838 2144 2916">
    <p class='ocr_par' dir='ltr' id='par_1_53' title="bbox 638 2838 2144 2916">
     <span class='ocr_line' id='line_1_53' title="bbox 638 2838 2144 2916; baseline 0.013 -24"><span class='ocrx_word' id='word_1_394' title='bbox 638 2838 751 2910; x_wconf 84' lang='lat' dir='ltr'><strong>Ego</strong></span> <span class='ocrx_word' id='word_1_395' title='bbox 781 2851 996 2910; x_wconf 87' lang='lat' dir='ltr'><strong>contra,</strong></span> <span class='ocrx_word' id='word_1_396' title='bbox 1027 2844 1242 2916; x_wconf 67' lang='lat' dir='ltr'><strong>injuriae</strong></span> <span class='ocrx_word' id='word_1_397' title='bbox 1270 2849 1547 2906; x_wconf 87' lang='lat' dir='ltr'><strong>oblivione</strong></span> <span class='ocrx_word' id='word_1_398' title='bbox 1575 2851 1818 2908; x_wconf 90' lang='lat' dir='ltr'><strong>delector</strong></span> <span class='ocrx_word' id='word_1_399' title='bbox 1859 2869 1875 2907; x_wconf 91' lang='lat'><strong>:</strong></span> <span class='ocrx_word' id='word_1_400' title='bbox 1906 2861 1959 2910; x_wconf 89' lang='lat' dir='ltr'><strong>et</strong></span> <span class='ocrx_word' id='word_1_401' title='bbox 1992 2865 2046 2910; x_wconf 88' lang='lat' dir='ltr'><strong>te</strong></span> <span class='ocrx_word' id='word_1_402' title='bbox 2079 2854 2144 2910; x_wconf 87' lang='lat' dir='ltr'><strong>ad</strong></span> 
     </span>
    </p>
   </div>
   <div class='ocr_carea' id='block_1_54' title="bbox 567 2929 2148 3015">
    <p class='ocr_par' dir='ltr' id='par_1_54' title="bbox 567 2929 2148 3015">
     <span class='ocr_line' id='line_1_54' title="bbox 567 2929 2148 3015; baseline 0.01 -31"><span class='ocrx_word' id='word_1_403' title='bbox 567 2929 763 2986; x_wconf 74' lang='lat' dir='ltr'><strong>modici</strong></span> <span class='ocrx_word' id='word_1_404' title='bbox 789 2936 1037 3004; x_wconf 74' lang='lat' dir='ltr'><strong>temporis</strong></span> <span class='ocrx_word' id='word_1_405' title='bbox 1066 2938 1303 3008; x_wconf 88' lang='lat' dir='ltr'><strong>spatium</strong></span> <span class='ocrx_word' id='word_1_406' title='bbox 1353 2942 1657 2999; x_wconf 84' lang='lat' dir='ltr'><strong>sanationis</strong></span> <span class='ocrx_word' id='word_1_407' title='bbox 1687 2959 1816 3015; x_wconf 85' lang='lat' dir='ltr'><strong>ergo</strong></span> <span class='ocrx_word' id='word_1_408' title='bbox 1867 2960 1896 2999; x_wconf 90' lang='lat' dir='ltr'><strong>a</strong></span> <span class='ocrx_word' id='word_1_409' title='bbox 1929 2959 2014 3000; x_wconf 91' lang='lat' dir='ltr'><strong>me</strong></span> <span class='ocrx_word' id='word_1_410' title='bbox 2051 2945 2148 3000; x_wconf 83' lang='lat' dir='ltr'><strong>de-</strong></span> 
     </span>
    </p>
   </div>
   <div class='ocr_carea' id='block_1_55' title="bbox 567 3021 2145 3100">
    <p class='ocr_par' dir='ltr' id='par_1_55' title="bbox 567 3021 2145 3100">
     <span class='ocr_line' id='line_1_55' title="bbox 567 3021 2145 3100; baseline 0.009 -26"><span class='ocrx_word' id='word_1_411' title='bbox 567 3021 704 3090; x_wconf 86' lang='lat' dir='ltr'><strong>puli,</strong></span> <span class='ocrx_word' id='word_1_412' title='bbox 730 3031 788 3076; x_wconf 92' lang='lat' dir='ltr'><strong>ut</strong></span> <span class='ocrx_word' id='word_1_413' title='bbox 819 3039 942 3080; x_wconf 91' lang='lat' dir='ltr'><strong>cum</strong></span> <span class='ocrx_word' id='word_1_414' title='bbox 977 3034 1030 3082; x_wconf 90' lang='lat' dir='ltr'><strong>te</strong></span> <span class='ocrx_word' id='word_1_415' title='bbox 1076 3030 1444 3100; x_wconf 76' lang='lat' dir='ltr'><strong>pmnituissct,</strong></span> <span class='ocrx_word' id='word_1_416' title='bbox 1497 3033 1865 3088; x_wconf 78' lang='lat' dir='ltr'><strong>misericordia</strong></span> <span class='ocrx_word' id='word_1_417' title='bbox 1897 3033 2145 3090; x_wconf 81' lang='lat' dir='ltr'><strong>cumula-</strong></span> 
     </span>
    </p>
   </div>
   <div class='ocr_carea' id='block_1_56' title="bbox 569 3112 2146 3195">
    <p class='ocr_par' dir='ltr' id='par_1_56' title="bbox 569 3112 2146 3195">
     <span class='ocr_line' id='line_1_56' title="bbox 569 3112 2146 3195; baseline 0.009 -29"><span class='ocrx_word' id='word_1_418' title='bbox 569 3125 707 3167; x_wconf 86' lang='lat' dir='ltr'><strong>rem.</strong></span> <span class='ocrx_word' id='word_1_419' title='bbox 743 3112 991 3170; x_wconf 84' lang='lat' dir='ltr'><strong>Postulat</strong></span> <span class='ocrx_word' id='word_1_420' title='bbox 1026 3130 1155 3172; x_wconf 86' lang='lat' dir='ltr'><strong>vero</strong></span> <span class='ocrx_word' id='word_1_421' title='bbox 1179 3132 1210 3172; x_wconf 84' lang='lat' dir='ltr'><strong>a</strong></span> <span class='ocrx_word' id='word_1_422' title='bbox 1239 3135 1338 3174; x_wconf 90' lang='lat' dir='ltr'><strong>sua</strong></span> <span class='ocrx_word' id='word_1_423' title='bbox 1363 3120 1530 3176; x_wconf 89' lang='lat' dir='ltr'><strong>etiam</strong></span> <span class='ocrx_word' id='word_1_424' title='bbox 1567 3123 1911 3193; x_wconf 85' lang='lat' dir='ltr'><strong>superiorum</strong></span> <span class='ocrx_word' id='word_1_425' title='bbox 1937 3132 2146 3195; x_wconf 88' lang='lat' dir='ltr'><strong>tempo-</strong></span> 
     </span>
    </p>
   </div>
   <div class='ocr_carea' id='block_1_57' title="bbox 2328 2851 3798 2925">
    <p class='ocr_par' dir='ltr' id='par_1_57' title="bbox 2328 2851 3798 2925">
     <span class='ocr_line' id='line_1_57' title="bbox 2328 2851 3798 2925; baseline 0.001 -19"><span class='ocrx_word' id='word_1_426' title='bbox 2328 2851 2471 2924; x_wconf 84' lang='grc' dir='ltr'><strong>Ἐγὼ</strong></span> <span class='ocrx_word' id='word_1_427' title='bbox 2502 2852 2559 2907; x_wconf 87' lang='grc' dir='ltr'><strong>δέ</strong></span> <span class='ocrx_word' id='word_1_428' title='bbox 2583 2851 2718 2916; x_wconf 81' lang='grc' dir='ltr'><strong>Θεὸς</strong></span> <span class='ocrx_word' id='word_1_429' title='bbox 2753 2853 3128 2925; x_wconf 82' lang='grc' dir='ltr'><strong>ἀμνησίκακός</strong></span> <span class='ocrx_word' id='word_1_430' title='bbox 3153 2854 3293 2925; x_wconf 87' lang='grc' dir='ltr'><strong>είμι.</strong></span> <span class='ocrx_word' id='word_1_431' title='bbox 3318 2854 3426 2909; x_wconf 75' lang='grc' dir='ltr'><strong>Καὶ</strong></span> <span class='ocrx_word' id='word_1_432' title='bbox 3451 2854 3602 2924; x_wconf 66' lang='grc' dir='ltr'><strong>πρὸς</strong></span> <span class='ocrx_word' id='word_1_433' title='bbox 3616 2854 3798 2924; x_wconf 69' lang='grc' dir='ltr'><strong>ὀλίγον</strong></span> 
     </span>
    </p>
   </div>
   <div class='ocr_carea' id='block_1_58' title="bbox 2244 2942 3796 3016">
    <p class='ocr_par' dir='ltr' id='par_1_58' title="bbox 2244 2942 3796 3016">
     <span class='ocr_line' id='line_1_58' title="bbox 2244 2942 3796 3016; baseline 0.002 -19"><span class='ocrx_word' id='word_1_434' title='bbox 2244 2961 2306 2998; x_wconf 88' lang='grc' dir='ltr'><strong>σε</strong></span> <span class='ocrx_word' id='word_1_435' title='bbox 2324 2942 2621 3015; x_wconf 81' lang='grc' dir='ltr'><strong>θεραπείας</strong></span> <span class='ocrx_word' id='word_1_436' title='bbox 2642 2942 2804 3014; x_wconf 83' lang='grc' dir='ltr'><strong>χάριν</strong></span> <span class='ocrx_word' id='word_1_437' title='bbox 2844 2943 3162 3014; x_wconf 79' lang='grc' dir='ltr'><strong>παρέδωκα,</strong></span> <span class='ocrx_word' id='word_1_438' title='bbox 3197 2943 3273 3007; x_wconf 86' lang='grc' dir='ltr'><strong>ὡς</strong></span> <span class='ocrx_word' id='word_1_439' title='bbox 3297 2942 3366 2998; x_wconf 80' lang='grc' dir='ltr'><strong>ἀν</strong></span> <span class='ocrx_word' id='word_1_440' title='bbox 3406 2947 3796 3016; x_wconf 81' lang='grc' dir='ltr'><strong>μετανοήσασαν</strong></span> 
     </span>
    </p>
   </div>
   <div class='ocr_carea' id='block_1_59' title="bbox 2241 3035 3797 3109">
    <p class='ocr_par' dir='ltr' id='par_1_59' title="bbox 2241 3035 3797 3109">
     <span class='ocr_line' id='line_1_59' title="bbox 2241 3035 3797 3109; baseline -0.001 -18"><span class='ocrx_word' id='word_1_441' title='bbox 2241 3035 2455 3102; x_wconf 75' lang='grc' dir='ltr'><strong>ἐλέους</strong></span> <span class='ocrx_word' id='word_1_442' title='bbox 2478 3035 2766 3106; x_wconf 84' lang='grc' dir='ltr'><strong>ἐμπλήσω.</strong></span> <span class='ocrx_word' id='word_1_443' title='bbox 2809 3035 2977 3101; x_wconf 81' lang='grc' dir='ltr'><strong>’Δξιοῖ</strong></span> <span class='ocrx_word' id='word_1_444' title='bbox 2996 3037 3053 3091; x_wconf 79' lang='grc' dir='ltr'><strong>δὲ</strong></span> <span class='ocrx_word' id='word_1_445' title='bbox 3075 3038 3168 3092; x_wconf 75' lang='grc' dir='ltr'><strong>καὶ</strong></span> <span class='ocrx_word' id='word_1_446' title='bbox 3187 3037 3297 3092; x_wconf 78' lang='grc' dir='ltr'><strong>ἀπὸ</strong></span> <span class='ocrx_word' id='word_1_447' title='bbox 3317 3037 3529 3109; x_wconf 82' lang='grc' dir='ltr'><strong>χρόνων</strong></span> <span class='ocrx_word' id='word_1_448' title='bbox 3559 3037 3662 3092; x_wconf 83' lang='grc' dir='ltr'><strong>τῶν</strong></span> <span class='ocrx_word' id='word_1_449' title='bbox 3681 3037 3797 3109; x_wconf 84' lang='grc' dir='ltr'><strong>πρό-</strong></span> 
     </span>
    </p>
   </div>
   <div class='ocr_carea' id='block_1_60' title="bbox 2244 3126 3797 3203">
    <p class='ocr_par' dir='ltr' id='par_1_60' title="bbox 2244 3126 3797 3203">
     <span class='ocr_line' id='line_1_60' title="bbox 2244 3126 3797 3203; baseline 0.001 -20"><span class='ocrx_word' id='word_1_450' title='bbox 2244 3129 2371 3183; x_wconf 79' lang='grc' dir='ltr'><strong>σθεν</strong></span> <span class='ocrx_word' id='word_1_451' title='bbox 2399 3127 2460 3193; x_wconf 81' lang='grc' dir='ltr'><strong>ἐξ</strong></span> <span class='ocrx_word' id='word_1_452' title='bbox 2488 3126 2828 3198; x_wconf 88' lang='grc' dir='ltr'><strong>ἀγαθότητος</strong></span> <span class='ocrx_word' id='word_1_453' title='bbox 2855 3128 3240 3199; x_wconf 77' lang='grc' dir='ltr'><strong>γνωρίζεσθαι.</strong></span> <span class='ocrx_word' id='word_1_454' title='bbox 3288 3131 3401 3184; x_wconf 76' lang='grc' dir='ltr'><strong>Καὶ</strong></span> <span class='ocrx_word' id='word_1_455' title='bbox 3451 3129 3582 3203; x_wconf 83' lang='grc' dir='ltr'><strong>πρὶν</strong></span> <span class='ocrx_word' id='word_1_456' title='bbox 3621 3129 3720 3200; x_wconf 86' lang='lat'><strong>7&amp;9</strong></span> <span class='ocrx_word' id='word_1_457' title='bbox 3745 3148 3797 3184; x_wconf 74' lang='lat' dir='ltr'><strong>es</strong></span> 
     </span>
    </p>
   </div>
   <div class='ocr_carea' id='block_1_61' title="bbox 567 3204 2144 3312">
    <p class='ocr_par' dir='ltr' id='par_1_61' title="bbox 567 3204 2144 3285">
     <span class='ocr_line' id='line_1_61' title="bbox 567 3204 2144 3285; baseline 0.01 -28"><span class='ocrx_word' id='word_1_458' title='bbox 567 3209 689 3258; x_wconf 79' lang='lat' dir='ltr'><strong>rum</strong></span> <span class='ocrx_word' id='word_1_459' title='bbox 721 3204 1058 3278; x_wconf 79' lang='lat' dir='ltr'><strong>benignitate</strong></span> <span class='ocrx_word' id='word_1_460' title='bbox 1082 3209 1450 3268; x_wconf 83' lang='lat' dir='ltr'><strong>innotescere.</strong></span> <span class='ocrx_word' id='word_1_461' title='bbox 1489 3213 1813 3285; x_wconf 82' lang='lat' dir='ltr'><strong>Priusquam</strong></span> <span class='ocrx_word' id='word_1_462' title='bbox 1848 3216 1992 3270; x_wconf 89' lang='lat' dir='ltr'><strong>enim</strong></span> <span class='ocrx_word' id='word_1_463' title='bbox 2021 3229 2144 3272; x_wconf 86' lang='lat' dir='ltr'><strong>esse</strong></span> 
     </span>
    </p>
   </div>
   <div class='ocr_carea' id='block_1_62' title="bbox 2245 3204 3797 3312">
    <p class='ocr_par' dir='ltr' id='par_1_62' title="bbox 2245 3211 3797 3312">
     <span class='ocr_line' id='line_1_62' title="bbox 2245 3211 3797 3312; baseline 0.001 -40"><span class='ocrx_word' id='word_1_464' title='bbox 2245 3211 2495 3287; x_wconf 79' lang='grc' dir='ltr'><strong>γενέσθαι</strong></span> <span class='ocrx_word' id='word_1_465' title='bbox 2545 3219 2642 3273; x_wconf 79' lang='grc' dir='ltr'><strong>σὺν</strong></span> <span class='ocrx_word' id='word_1_466' title='bbox 2695 3217 2774 3288; x_wconf 83' lang='grc' dir='ltr'><strong>τῷ</strong></span> <span class='ocrx_word' id='word_1_467' title='bbox 2818 3216 2968 3280; x_wconf 81' lang='grc' dir='ltr'><strong>Νῶε,</strong></span> <span class='ocrx_word' id='word_1_468' title='bbox 3000 3219 3188 3289; x_wconf 79' lang='grc' dir='ltr'><strong>φησὶν,</strong></span> <span class='ocrx_word' id='word_1_469' title='bbox 3219 3219 3426 3289; x_wconf 75' lang='grc' dir='ltr'><strong>ἠλέησα</strong></span> <span class='ocrx_word' id='word_1_470' title='bbox 3449 3219 3714 3312; x_wconf 65' lang='grc' dir='ltr'><strong>διασώσας</strong></span> <span class='ocrx_word' id='word_1_471' title='bbox 3747 3237 3797 3312; x_wconf 65' lang='grc' dir='ltr'><strong>σε</strong></span> 
     </span>
    </p>
   </div>
   <div class='ocr_carea' id='block_1_63' title="bbox 568 3294 2140 3372">
    <p class='ocr_par' dir='ltr' id='par_1_63' title="bbox 568 3294 2140 3372">
     <span class='ocr_line' id='line_1_63' title="bbox 568 3294 2140 3372; baseline 0.007 -24"><span class='ocrx_word' id='word_1_472' title='bbox 568 3294 854 3364; x_wconf 72' lang='grc' dir='ltr'><strong>ςωρίεεοε,</strong></span> <span class='ocrx_word' id='word_1_473' title='bbox 889 3299 1088 3366; x_wconf 79' lang='lat' dir='ltr'><strong>inquit,</strong></span> <span class='ocrx_word' id='word_1_474' title='bbox 1116 3315 1219 3372; x_wconf 89' lang='lat' dir='ltr'><strong>ego</strong></span> <span class='ocrx_word' id='word_1_475' title='bbox 1263 3301 1342 3356; x_wconf 92' lang='lat' dir='ltr'><strong>tui</strong></span> <span class='ocrx_word' id='word_1_476' title='bbox 1381 3317 1505 3358; x_wconf 91' lang='lat' dir='ltr'><strong>cum</strong></span> <span class='ocrx_word' id='word_1_477' title='bbox 1541 3301 1660 3359; x_wconf 79' lang='lat' dir='ltr'><strong>Noe</strong></span> <span class='ocrx_word' id='word_1_478' title='bbox 1694 3307 1954 3361; x_wconf 89' lang='lat' dir='ltr'><strong>misertus</strong></span> <span class='ocrx_word' id='word_1_479' title='bbox 1995 3321 2140 3372; x_wconf 88' lang='lat' dir='ltr'><strong>sum,</strong></span> 
     </span>
    </p>
   </div>
   <div class='ocr_carea' id='block_1_64' title="bbox 573 3392 2143 3468">
    <p class='ocr_par' dir='ltr' id='par_1_64' title="bbox 573 3392 2143 3468">
     <span class='ocr_line' id='line_1_64' title="bbox 573 3392 2143 3468; baseline 0.008 -25"><span class='ocrx_word' id='word_1_480' title='bbox 573 3399 733 3458; x_wconf 85' lang='lat' dir='ltr'><strong>teque</strong></span> <span class='ocrx_word' id='word_1_481' title='bbox 768 3404 862 3460; x_wconf 90' lang='lat' dir='ltr'><strong>per</strong></span> <span class='ocrx_word' id='word_1_482' title='bbox 889 3392 1282 3462; x_wconf 66' lang='lat' dir='ltr'><strong>praenotionem</strong></span> <span class='ocrx_word' id='word_1_483' title='bbox 1345 3397 1599 3464; x_wconf 81' lang='lat' dir='ltr'><strong>servavi;</strong></span> <span class='ocrx_word' id='word_1_484' title='bbox 1644 3415 1805 3468; x_wconf 91' lang='lat' dir='ltr'><strong>quem</strong></span> <span class='ocrx_word' id='word_1_485' title='bbox 1851 3415 1916 3456; x_wconf 85' lang='lat' dir='ltr'><strong>ex</strong></span> <span class='ocrx_word' id='word_1_486' title='bbox 1955 3400 2143 3456; x_wconf 87' lang='lat' dir='ltr'><strong>eodem</strong></span> 
     </span>
    </p>
   </div>
   <div class='ocr_carea' id='block_1_65' title="bbox 569 3481 2143 3545">
    <p class='ocr_par' dir='ltr' id='par_1_65' title="bbox 569 3481 2143 3545">
     <span class='ocr_line' id='line_1_65' title="bbox 569 3481 2143 3545; baseline 0.006 -12"><span class='ocrx_word' id='word_1_487' title='bbox 569 3486 791 3534; x_wconf 84' lang='lat' dir='ltr'><strong>servato</strong></span> <span class='ocrx_word' id='word_1_488' title='bbox 817 3481 1164 3538; x_wconf 91' lang='lat' dir='ltr'><strong>nasciturum</strong></span> <span class='ocrx_word' id='word_1_489' title='bbox 1203 3499 1326 3541; x_wconf 90' lang='lat' dir='ltr'><strong>esse</strong></span> <span class='ocrx_word' id='word_1_490' title='bbox 1363 3486 1638 3544; x_wconf 80' lang='lat' dir='ltr'><strong>videbam.</strong></span> <span class='ocrx_word' id='word_1_491' title='bbox 1675 3487 1782 3544; x_wconf 84' lang='lat' dir='ltr'><strong>Pro</strong></span> <span class='ocrx_word' id='word_1_492' title='bbox 1815 3505 1932 3545; x_wconf 90' lang='lat' dir='ltr'><strong>mea</strong></span> <span class='ocrx_word' id='word_1_493' title='bbox 1980 3492 2143 3545; x_wconf 89' lang='lat' dir='ltr'><strong>etiam</strong></span> 
     </span>
    </p>
   </div>
   <div class='ocr_carea' id='block_1_66' title="bbox 572 3571 2149 3653">
    <p class='ocr_par' dir='ltr' id='par_1_66' title="bbox 572 3571 2149 3653">
     <span class='ocr_line' id='line_1_66' title="bbox 572 3571 2149 3653; baseline 0.008 -29"><span class='ocrx_word' id='word_1_494' title='bbox 572 3571 819 3627; x_wconf 87' lang='lat' dir='ltr'><strong>bonitate</strong></span> <span class='ocrx_word' id='word_1_495' title='bbox 850 3573 1172 3632; x_wconf 90' lang='lat' dir='ltr'><strong>hominibus</strong></span> <span class='ocrx_word' id='word_1_496' title='bbox 1202 3578 1271 3633; x_wconf 90' lang='lat' dir='ltr'><strong>ab</strong></span> <span class='ocrx_word' id='word_1_497' title='bbox 1304 3578 1535 3635; x_wconf 82' lang='lat' dir='ltr'><strong>infantia</strong></span> <span class='ocrx_word' id='word_1_498' title='bbox 1584 3583 1871 3638; x_wconf 88' lang='lat' dir='ltr'><strong>sceleratis</strong></span> <span class='ocrx_word' id='word_1_499' title='bbox 1918 3590 1973 3639; x_wconf 89' lang='lat' dir='ltr'><strong>et</strong></span> <span class='ocrx_word' id='word_1_500' title='bbox 1997 3581 2149 3653; x_wconf 83' lang='lat' dir='ltr'><strong>ﬂagi-</strong></span> 
     </span>
    </p>
   </div>
   <div class='ocr_carea' id='block_1_67' title="bbox 573 3661 2142 3743">
    <p class='ocr_par' dir='ltr' id='par_1_67' title="bbox 573 3661 2142 3743">
     <span class='ocr_line' id='line_1_67' title="bbox 573 3661 2142 3743; baseline 0.013 -31"><span class='ocrx_word' id='word_1_501' title='bbox 573 3661 732 3718; x_wconf 85' lang='lat' dir='ltr'><strong>tiosis</strong></span> <span class='ocrx_word' id='word_1_502' title='bbox 767 3664 1071 3721; x_wconf 87' lang='lat' dir='ltr'><strong>eluvionem</strong></span> <span class='ocrx_word' id='word_1_503' title='bbox 1128 3683 1213 3723; x_wconf 87' lang='lat' dir='ltr'><strong>me</strong></span> <span class='ocrx_word' id='word_1_504' title='bbox 1245 3685 1351 3724; x_wconf 89' lang='lat' dir='ltr'><strong>non</strong></span> <span class='ocrx_word' id='word_1_505' title='bbox 1380 3671 1616 3743; x_wconf 89' lang='lat' dir='ltr'><strong>amplius</strong></span> <span class='ocrx_word' id='word_1_506' title='bbox 1644 3687 1767 3731; x_wconf 89' lang='lat' dir='ltr'><strong>esse</strong></span> <span class='ocrx_word' id='word_1_507' title='bbox 1817 3674 2142 3740; x_wconf 88' lang='lat' dir='ltr'><strong>missurum,</strong></span> 
     </span>
    </p>
   </div>
   <div class='ocr_carea' id='block_1_68' title="bbox 574 3757 2147 3835">
    <p class='ocr_par' dir='ltr' id='par_1_68' title="bbox 574 3757 2147 3835">
     <span class='ocr_line' id='line_1_68' title="bbox 574 3757 2147 3835; baseline 0.01 -28"><span class='ocrx_word' id='word_1_508' title='bbox 574 3765 752 3821; x_wconf 81' lang='lat' dir='ltr'><strong>neque</strong></span> <span class='ocrx_word' id='word_1_509' title='bbox 788 3767 984 3810; x_wconf 68' lang='lat' dir='ltr'><strong>montes</strong></span> <span class='ocrx_word' id='word_1_510' title='bbox 1033 3757 1292 3828; x_wconf 80' lang='lat' dir='ltr'><strong>collesque</strong></span> <span class='ocrx_word' id='word_1_511' title='bbox 1347 3769 1828 3818; x_wconf 80' lang='lat' dir='ltr'><strong>transmutaturum</strong></span> <span class='ocrx_word' id='word_1_512' title='bbox 1875 3764 2147 3835; x_wconf 84' lang='lat' dir='ltr'><strong>pollicitus</strong></span> 
     </span>
    </p>
   </div>
   <div class='ocr_carea' id='block_1_69' title="bbox 574 3841 2147 3928">
    <p class='ocr_par' dir='ltr' id='par_1_69' title="bbox 574 3841 2147 3928">
     <span class='ocr_line' id='line_1_69' title="bbox 574 3841 2147 3928; baseline 0.013 -33"><span class='ocrx_word' id='word_1_513' title='bbox 574 3857 718 3896; x_wconf 88' lang='lat' dir='ltr'><strong>sum.</strong></span> <span class='ocrx_word' id='word_1_514' title='bbox 751 3841 822 3899; x_wconf 86' lang='lat' dir='ltr'><strong>Ut</strong></span> <span class='ocrx_word' id='word_1_515' title='bbox 851 3845 1014 3915; x_wconf 83' lang='lat' dir='ltr'><strong>igitur</strong></span> <span class='ocrx_word' id='word_1_516' title='bbox 1048 3849 1182 3902; x_wconf 90' lang='lat' dir='ltr'><strong>nihil</strong></span> <span class='ocrx_word' id='word_1_517' title='bbox 1213 3857 1326 3903; x_wconf 87' lang='lat' dir='ltr'><strong>tum</strong></span> <span class='ocrx_word' id='word_1_518' title='bbox 1353 3853 1604 3921; x_wconf 88' lang='lat' dir='ltr'><strong>promisi,</strong></span> <span class='ocrx_word' id='word_1_519' title='bbox 1638 3855 1781 3923; x_wconf 91' lang='lat' dir='ltr'><strong>quod</strong></span> <span class='ocrx_word' id='word_1_520' title='bbox 1812 3870 1922 3910; x_wconf 90' lang='lat' dir='ltr'><strong>non</strong></span> <span class='ocrx_word' id='word_1_521' title='bbox 1957 3872 2147 3928; x_wconf 84' lang='lat' dir='ltr'><strong>reapse</strong></span> 
     </span>
    </p>
   </div>
   <div class='ocr_carea' id='block_1_70' title="bbox 577 3933 2149 4013">
    <p class='ocr_par' dir='ltr' id='par_1_70' title="bbox 577 3933 2149 4013">
     <span class='ocr_line' id='line_1_70' title="bbox 577 3933 2149 4013; baseline 0.013 -28"><span class='ocrx_word' id='word_1_522' title='bbox 577 3933 954 4002; x_wconf 60' lang='lat' dir='ltr'><strong>pratstiterim;</strong></span> <span class='ocrx_word' id='word_1_523' title='bbox 992 3937 1071 3992; x_wconf 89' lang='lat' dir='ltr'><strong>sic</strong></span> <span class='ocrx_word' id='word_1_524' title='bbox 1099 3946 1153 3993; x_wconf 89' lang='lat' dir='ltr'><strong>et</strong></span> <span class='ocrx_word' id='word_1_525' title='bbox 1182 3955 1330 3995; x_wconf 87' lang='lat' dir='ltr'><strong>nunc</strong></span> <span class='ocrx_word' id='word_1_526' title='bbox 1368 3957 1455 3997; x_wconf 88' lang='lat' dir='ltr'><strong>me</strong></span> <span class='ocrx_word' id='word_1_527' title='bbox 1489 3945 1566 3997; x_wconf 90' lang='lat' dir='ltr'><strong>tui</strong></span> <span class='ocrx_word' id='word_1_528' title='bbox 1601 3945 1962 4013; x_wconf 81' lang='lat' dir='ltr'><strong>miserturum,</strong></span> <span class='ocrx_word' id='word_1_529' title='bbox 1997 3963 2149 4004; x_wconf 91' lang='lat' dir='ltr'><strong>sum-</strong></span> 
     </span>
    </p>
   </div>
   <div class='ocr_carea' id='block_1_71' title="bbox 578 4023 2150 4108">
    <p class='ocr_par' dir='ltr' id='par_1_71' title="bbox 578 4023 2150 4108">
     <span class='ocr_line' id='line_1_71' title="bbox 578 4023 2150 4108; baseline 0.012 -34"><span class='ocrx_word' id='word_1_530' title='bbox 578 4034 775 4093; x_wconf 84' lang='lat' dir='ltr'><strong>maque</strong></span> <span class='ocrx_word' id='word_1_531' title='bbox 819 4031 870 4079; x_wconf 87' lang='lat' dir='ltr'><strong>te</strong></span> <span class='ocrx_word' id='word_1_532' title='bbox 919 4038 1046 4091; x_wconf 79' lang='lat' dir='ltr'><strong>pace</strong></span> <span class='ocrx_word' id='word_1_533' title='bbox 1087 4023 1380 4081; x_wconf 78' lang='lat' dir='ltr'><strong>[ruiturum</strong></span> <span class='ocrx_word' id='word_1_534' title='bbox 1414 4044 1510 4097; x_wconf 88' lang='lat' dir='ltr'><strong>per</strong></span> <span class='ocrx_word' id='word_1_535' title='bbox 1539 4047 1624 4085; x_wconf 88' lang='lat' dir='ltr'><strong>me</strong></span> <span class='ocrx_word' id='word_1_536' title='bbox 1652 4034 1932 4091; x_wconf 73' lang='lat' dir='ltr'><strong>conﬁdito.</strong></span> <span class='ocrx_word' id='word_1_537' title='bbox 1963 4035 2150 4108; x_wconf 85' lang='lat' dir='ltr'><strong>Neque</strong></span> 
     </span>
    </p>
   </div>
   <div class='ocr_carea' id='block_1_72' title="bbox 576 4114 2149 4198">
    <p class='ocr_par' dir='ltr' id='par_1_72' title="bbox 576 4114 2149 4198">
     <span class='ocr_line' id='line_1_72' title="bbox 576 4114 2149 4198; baseline 0.011 -31"><span class='ocrx_word' id='word_1_538' title='bbox 576 4127 708 4168; x_wconf 76' lang='lat' dir='ltr'><strong>vero</strong></span> <span class='ocrx_word' id='word_1_539' title='bbox 739 4114 843 4168; x_wconf 90' lang='lat' dir='ltr'><strong>ista</strong></span> <span class='ocrx_word' id='word_1_540' title='bbox 869 4114 1024 4183; x_wconf 85' lang='lat' dir='ltr'><strong>dicit,</strong></span> <span class='ocrx_word' id='word_1_541' title='bbox 1071 4126 1330 4188; x_wconf 83' lang='lat' dir='ltr'><strong>tanquam</strong></span> <span class='ocrx_word' id='word_1_542' title='bbox 1373 4135 1494 4190; x_wconf 74' lang='lat' dir='ltr'><strong>quae</strong></span> <span class='ocrx_word' id='word_1_543' title='bbox 1528 4124 1881 4192; x_wconf 73' lang='lat' dir='ltr'><strong>praenuntiat,</strong></span> <span class='ocrx_word' id='word_1_544' title='bbox 1921 4129 2149 4198; x_wconf 82' lang='lat' dir='ltr'><strong>exsequi</strong></span> 
     </span>
    </p>
   </div>
   <div class='ocr_carea' id='block_1_73' title="bbox 576 4207 2150 4279">
    <p class='ocr_par' dir='ltr' id='par_1_73' title="bbox 576 4207 2150 4279">
     <span class='ocr_line' id='line_1_73' title="bbox 576 4207 2150 4279; baseline 0.01 -19"><span class='ocrx_word' id='word_1_545' title='bbox 576 4207 902 4263; x_wconf 82' lang='lat' dir='ltr'><strong>necessitate</strong></span> <span class='ocrx_word' id='word_1_546' title='bbox 925 4219 1174 4279; x_wconf 85' lang='lat' dir='ltr'><strong>cogatur.</strong></span> <span class='ocrx_word' id='word_1_547' title='bbox 1205 4209 1330 4266; x_wconf 63' lang='lat' dir='ltr'><strong>Haec</strong></span> <span class='ocrx_word' id='word_1_548' title='bbox 1360 4213 1504 4268; x_wconf 90' lang='lat' dir='ltr'><strong>enim</strong></span> <span class='ocrx_word' id='word_1_549' title='bbox 1526 4215 1864 4272; x_wconf 89' lang='lat' dir='ltr'><strong>audientium</strong></span> <span class='ocrx_word' id='word_1_550' title='bbox 1881 4219 2150 4277; x_wconf 83' lang='lat' dir='ltr'><strong>voluntati</strong></span> 
     </span>
    </p>
   </div>
   <div class='ocr_carea' id='block_1_74' title="bbox 575 4293 2150 4368">
    <p class='ocr_par' dir='ltr' id='par_1_74' title="bbox 575 4293 2150 4368">
     <span class='ocr_line' id='line_1_74' title="bbox 575 4293 2150 4368; baseline 0.011 -21"><span class='ocrx_word' id='word_1_551' title='bbox 575 4293 916 4365; x_wconf 80' lang='lat' dir='ltr'><strong>arbitrioque</strong></span> <span class='ocrx_word' id='word_1_552' title='bbox 951 4296 1236 4368; x_wconf 85' lang='lat' dir='ltr'><strong>relinquit.</strong></span> <span class='ocrx_word' id='word_1_553' title='bbox 1268 4298 1403 4354; x_wconf 85' lang='lat' dir='ltr'><strong>Nam</strong></span> <span class='ocrx_word' id='word_1_554' title='bbox 1424 4309 1480 4355; x_wconf 94' lang='lat' dir='ltr'><strong>et</strong></span> <span class='ocrx_word' id='word_1_555' title='bbox 1507 4300 1564 4354; x_wconf 91' lang='lat' dir='ltr'><strong>in</strong></span> <span class='ocrx_word' id='word_1_556' title='bbox 1590 4302 1845 4360; x_wconf 84' lang='lat' dir='ltr'><strong>Sodomis</strong></span> <span class='ocrx_word' id='word_1_557' title='bbox 1874 4306 2008 4363; x_wconf 88' lang='lat' dir='ltr'><strong>urbs</strong></span> <span class='ocrx_word' id='word_1_558' title='bbox 2038 4323 2150 4364; x_wconf 88' lang='lat' dir='ltr'><strong>una</strong></span> 
     </span>
    </p>
   </div>
   <div class='ocr_carea' id='block_1_75' title="bbox 578 4389 2150 4463">
    <p class='ocr_par' dir='ltr' id='par_1_75' title="bbox 578 4389 2150 4463">
     <span class='ocr_line' id='line_1_75' title="bbox 578 4389 2150 4463; baseline 0.01 -23"><span class='ocrx_word' id='word_1_559' title='bbox 578 4395 792 4443; x_wconf 85' lang='lat' dir='ltr'><strong>servata</strong></span> <span class='ocrx_word' id='word_1_560' title='bbox 825 4395 932 4454; x_wconf 88' lang='lat' dir='ltr'><strong>est,</strong></span> <span class='ocrx_word' id='word_1_561' title='bbox 961 4405 1085 4444; x_wconf 89' lang='lat' dir='ltr'><strong>cum</strong></span> <span class='ocrx_word' id='word_1_562' title='bbox 1119 4389 1298 4446; x_wconf 88' lang='lat' dir='ltr'><strong>l‘acilis</strong></span> <span class='ocrx_word' id='word_1_563' title='bbox 1339 4390 1406 4446; x_wconf 91' lang='lat' dir='ltr'><strong>ad</strong></span> <span class='ocrx_word' id='word_1_564' title='bbox 1438 4393 1655 4449; x_wconf 84' lang='lat' dir='ltr'><strong>veniam</strong></span> <span class='ocrx_word' id='word_1_565' title='bbox 1705 4393 1993 4463; x_wconf 87' lang='lat' dir='ltr'><strong>Dominus.</strong></span> <span class='ocrx_word' id='word_1_566' title='bbox 2024 4399 2150 4456; x_wconf 86' lang='lat' dir='ltr'><strong>Loti</strong></span> 
     </span>
    </p>
   </div>
   <div class='ocr_carea' id='block_1_76' title="bbox 583 4476 2151 4559">
    <p class='ocr_par' dir='ltr' id='par_1_76' title="bbox 583 4476 2151 4559">
     <span class='ocr_line' id='line_1_76' title="bbox 583 4476 2151 4559; baseline 0.011 -32"><span class='ocrx_word' id='word_1_567' title='bbox 583 4487 768 4539; x_wconf 88' lang='lat' dir='ltr'><strong>causa,</strong></span> <span class='ocrx_word' id='word_1_568' title='bbox 801 4489 920 4528; x_wconf 88' lang='lat' dir='ltr'><strong>eam</strong></span> <span class='ocrx_word' id='word_1_569' title='bbox 953 4476 1021 4530; x_wconf 90' lang='lat' dir='ltr'><strong>ab</strong></span> <span class='ocrx_word' id='word_1_570' title='bbox 1043 4477 1124 4530; x_wconf 88' lang='lat' dir='ltr'><strong>ira</strong></span> <span class='ocrx_word' id='word_1_571' title='bbox 1145 4491 1245 4532; x_wconf 89' lang='lat' dir='ltr'><strong>sua</strong></span> <span class='ocrx_word' id='word_1_572' title='bbox 1263 4478 1539 4536; x_wconf 88' lang='lat' dir='ltr'><strong>eximendi</strong></span> <span class='ocrx_word' id='word_1_573' title='bbox 1571 4483 1916 4541; x_wconf 78' lang='lat' dir='ltr'><strong>occasionem</strong></span> <span class='ocrx_word' id='word_1_574' title='bbox 1944 4489 2151 4559; x_wconf 85' lang='lat' dir='ltr'><strong>ample-</strong></span> 
     </span>
    </p>
   </div>
   <div class='ocr_carea' id='block_1_77' title="bbox 2247 3307 3797 3380">
    <p class='ocr_par' dir='ltr' id='par_1_77' title="bbox 2247 3307 3797 3380">
     <span class='ocr_line' id='line_1_77' title="bbox 2247 3307 3797 3380; baseline -0.001 -18"><span class='ocrx_word' id='word_1_575' title='bbox 2247 3310 2389 3363; x_wconf 83' lang='grc' dir='ltr'><strong>κατά</strong></span> <span class='ocrx_word' id='word_1_576' title='bbox 2422 3309 2754 3379; x_wconf 87' lang='grc' dir='ltr'><strong>πρόγνωσιν.</strong></span> <span class='ocrx_word' id='word_1_577' title='bbox 2802 3307 2895 3373; x_wconf 80' lang='grc' dir='ltr'>Ἐξ</span> <span class='ocrx_word' id='word_1_578' title='bbox 2924 3308 3091 3362; x_wconf 78' lang='grc' dir='ltr'><strong>αὑτοῦ</strong></span> <span class='ocrx_word' id='word_1_579' title='bbox 3124 3311 3235 3378; x_wconf 87' lang='grc' dir='ltr'><strong>γάρ</strong></span> <span class='ocrx_word' id='word_1_580' title='bbox 3266 3309 3536 3373; x_wconf 80' lang='grc' dir='ltr'><strong>σωθέντος</strong></span> <span class='ocrx_word' id='word_1_581' title='bbox 3559 3309 3747 3380; x_wconf 78' lang='grc' dir='ltr'><strong>ἦμελλε</strong></span> <span class='ocrx_word' id='word_1_582' title='bbox 3774 3310 3797 3349; x_wconf 70' lang='grc' dir='ltr'>ι</span> 
     </span>
    </p>
   </div>
   <div class='ocr_carea' id='block_1_78' title="bbox 2245 3397 3800 3471">
    <p class='ocr_par' dir='ltr' id='par_1_78' title="bbox 2245 3397 3800 3471">
     <span class='ocr_line' id='line_1_78' title="bbox 2245 3397 3800 3471; baseline 0 -19"><span class='ocrx_word' id='word_1_583' title='bbox 2245 3398 2510 3468; x_wconf 86' lang='grc' dir='ltr'><strong>γίνεσθαι.</strong></span> <span class='ocrx_word' id='word_1_584' title='bbox 2548 3398 2639 3466; x_wconf 80' lang='grc' dir='ltr'><strong>Ἐξ</strong></span> <span class='ocrx_word' id='word_1_585' title='bbox 2659 3397 2995 3471; x_wconf 83' lang='grc' dir='ltr'><strong>ἀγαθότητος</strong></span> <span class='ocrx_word' id='word_1_586' title='bbox 3022 3399 3079 3454; x_wconf 82' lang='grc' dir='ltr'><strong>δὲ</strong></span> <span class='ocrx_word' id='word_1_587' title='bbox 3106 3401 3333 3464; x_wconf 74' lang='grc' dir='ltr'><strong>καὶτοῖς</strong></span> <span class='ocrx_word' id='word_1_588' title='bbox 3359 3401 3424 3454; x_wconf 81' lang='grc' dir='ltr'><strong>ἐκ</strong></span> <span class='ocrx_word' id='word_1_589' title='bbox 3455 3400 3701 3471; x_wconf 81' lang='grc' dir='ltr'><strong>νεότητος</strong></span> <span class='ocrx_word' id='word_1_590' title='bbox 3721 3399 3800 3453; x_wconf 85' lang='grc' dir='ltr'><strong>ἐπὶ</strong></span> 
     </span>
    </p>
   </div>
   <div class='ocr_carea' id='block_1_79' title="bbox 2244 3489 3800 3569">
    <p class='ocr_par' dir='ltr' id='par_1_79' title="bbox 2244 3489 3800 3569">
     <span class='ocr_line' id='line_1_79' title="bbox 2244 3489 3800 3569; baseline 0 -24"><span class='ocrx_word' id='word_1_591' title='bbox 2244 3493 2313 3545; x_wconf 87' lang='grc' dir='ltr'><strong>τά</strong></span> <span class='ocrx_word' id='word_1_592' title='bbox 2345 3489 2556 3562; x_wconf 83' lang='grc' dir='ltr'><strong>πονηρά</strong></span> <span class='ocrx_word' id='word_1_593' title='bbox 2583 3489 2923 3569; x_wconf 74' lang='grc' dir='ltr'><strong>ἐγκειμένοις</strong></span> <span class='ocrx_word' id='word_1_594' title='bbox 2959 3491 3265 3562; x_wconf 83' lang='grc' dir='ltr'><strong>ἀνθρώποις</strong></span> <span class='ocrx_word' id='word_1_595' title='bbox 3307 3491 3509 3562; x_wconf 66' lang='grc' dir='ltr'><strong>μηκέτι</strong></span> <span class='ocrx_word' id='word_1_596' title='bbox 3553 3492 3800 3549; x_wconf 82' lang='grc' dir='ltr'><strong>κατακλυ-</strong></span> 
     </span>
    </p>
   </div>
   <div class='ocr_carea' id='block_1_80' title="bbox 2247 3580 3798 3653">
    <p class='ocr_par' dir='ltr' id='par_1_80' title="bbox 2247 3580 3798 3653">
     <span class='ocr_line' id='line_1_80' title="bbox 2247 3580 3798 3653; baseline 0.001 -18"><span class='ocrx_word' id='word_1_597' title='bbox 2247 3583 2384 3652; x_wconf 79' lang='grc' dir='ltr'><strong>σμὸν</strong></span> <span class='ocrx_word' id='word_1_598' title='bbox 2413 3580 2651 3634; x_wconf 73' lang='grc' dir='ltr'><strong>ἐποίσειν</strong></span> <span class='ocrx_word' id='word_1_599' title='bbox 2673 3581 3108 3653; x_wconf 86' lang='grc' dir='ltr'><strong>ἐπηγγειλάμην,</strong></span> <span class='ocrx_word' id='word_1_600' title='bbox 3138 3582 3292 3653; x_wconf 79' lang='grc' dir='ltr'><strong>μηδὲ</strong></span> <span class='ocrx_word' id='word_1_601' title='bbox 3327 3583 3605 3650; x_wconf 78' lang='grc' dir='ltr'><strong>,βουνούς</strong></span> <span class='ocrx_word' id='word_1_602' title='bbox 3632 3600 3692 3638; x_wconf 81' lang='grc' dir='ltr'><strong>τε</strong></span> <span class='ocrx_word' id='word_1_603' title='bbox 3715 3583 3798 3637; x_wconf 80' lang='grc' dir='ltr'><strong>καί</strong></span> 
     </span>
    </p>
   </div>
   <div class='ocr_carea' id='block_1_81' title="bbox 2246 3673 3797 3747">
    <p class='ocr_par' dir='ltr' id='par_1_81' title="bbox 2246 3673 3797 3747">
     <span class='ocr_line' id='line_1_81' title="bbox 2246 3673 3797 3747; baseline 0.001 -19"><span class='ocrx_word' id='word_1_604' title='bbox 2246 3674 2354 3742; x_wconf 81' lang='grc' dir='ltr'><strong>ὄρη</strong></span> <span class='ocrx_word' id='word_1_605' title='bbox 2378 3673 2805 3744; x_wconf 73' lang='grc' dir='ltr'><strong>μεταστήσειν.</strong></span> <span class='ocrx_word' id='word_1_606' title='bbox 2839 3674 2976 3728; x_wconf 80' lang='grc' dir='ltr'><strong>Οὔτε</strong></span> <span class='ocrx_word' id='word_1_607' title='bbox 3009 3676 3188 3731; x_wconf 85' lang='grc' dir='ltr'><strong>τοίνυν</strong></span> <span class='ocrx_word' id='word_1_608' title='bbox 3215 3677 3284 3730; x_wconf 87' lang='grc' dir='ltr'><strong>τά</strong></span> <span class='ocrx_word' id='word_1_609' title='bbox 3312 3677 3444 3731; x_wconf 87' lang='grc' dir='ltr'><strong>τότε</strong></span> <span class='ocrx_word' id='word_1_610' title='bbox 3481 3675 3797 3747; x_wconf 78' lang='grc' dir='ltr'><strong>ἐψευσάμην,</strong></span> 
     </span>
    </p>
   </div>
   <div class='ocr_carea' id='block_1_82' title="bbox 2245 3765 3802 3838">
    <p class='ocr_par' dir='ltr' id='par_1_82' title="bbox 2245 3765 3802 3838">
     <span class='ocr_line' id='line_1_82' title="bbox 2245 3765 3802 3838; baseline -0.001 -18"><span class='ocrx_word' id='word_1_611' title='bbox 2245 3766 2370 3820; x_wconf 75' lang='grc' dir='ltr'><strong>οὔτε</strong></span> <span class='ocrx_word' id='word_1_612' title='bbox 2403 3766 2500 3838; x_wconf 84' lang='grc' dir='ltr'><strong>τὴν</strong></span> <span class='ocrx_word' id='word_1_613' title='bbox 2524 3765 2620 3821; x_wconf 90' lang='grc' dir='ltr'><strong>νῦν</strong></span> <span class='ocrx_word' id='word_1_614' title='bbox 2648 3765 2778 3837; x_wconf 80' lang='grc' dir='ltr'><strong>περὶ</strong></span> <span class='ocrx_word' id='word_1_615' title='bbox 2807 3766 2900 3820; x_wconf 87' lang='grc' dir='ltr'><strong>τοῦ</strong></span> <span class='ocrx_word' id='word_1_616' title='bbox 2931 3783 2992 3820; x_wconf 86' lang='grc' dir='ltr'><strong>σε</strong></span> <span class='ocrx_word' id='word_1_617' title='bbox 3033 3767 3316 3836; x_wconf 68' lang='grc' dir='ltr'><strong>ἐλεήσειν</strong></span> <span class='ocrx_word' id='word_1_618' title='bbox 3359 3768 3680 3838; x_wconf 80' lang='grc' dir='ltr'><strong>ὑπόσχεσιν,</strong></span> <span class='ocrx_word' id='word_1_619' title='bbox 3719 3767 3802 3820; x_wconf 77' lang='grc' dir='ltr'><strong>καὶ</strong></span> 
     </span>
    </p>
   </div>
   <div class='ocr_carea' id='block_1_83' title="bbox 2246 3857 3800 3929">
    <p class='ocr_par' dir='ltr' id='par_1_83' title="bbox 2246 3857 3800 3929">
     <span class='ocr_line' id='line_1_83' title="bbox 2246 3857 3800 3929; baseline -0.001 -16"><span class='ocrx_word' id='word_1_620' title='bbox 2246 3860 2427 3929; x_wconf 83' lang='grc' dir='ltr'><strong>πάσης</strong></span> <span class='ocrx_word' id='word_1_621' title='bbox 2458 3859 2786 3913; x_wconf 83' lang='grc' dir='ltr'><strong>ἀπολαύσειν</strong></span> <span class='ocrx_word' id='word_1_622' title='bbox 2811 3859 3075 3928; x_wconf 73' lang='grc' dir='ltr'><strong>είρήνης.</strong></span> <span class='ocrx_word' id='word_1_623' title='bbox 3112 3859 3298 3912; x_wconf 88' lang='grc' dir='ltr'><strong>Ταῦτα</strong></span> <span class='ocrx_word' id='word_1_624' title='bbox 3318 3859 3374 3912; x_wconf 82' lang='grc' dir='ltr'><strong>δέ</strong></span> <span class='ocrx_word' id='word_1_625' title='bbox 3407 3876 3599 3928; x_wconf 82' lang='grc' dir='ltr'><strong>φησιν,</strong></span> <span class='ocrx_word' id='word_1_626' title='bbox 3627 3859 3719 3929; x_wconf 77' lang='grc' dir='ltr'><strong>οὐχ</strong></span> <span class='ocrx_word' id='word_1_627' title='bbox 3737 3857 3800 3920; x_wconf 82' lang='grc' dir='ltr'><strong>ὡς</strong></span> 
     </span>
    </p>
   </div>
   <div class='ocr_carea' id='block_1_84' title="bbox 2247 3947 3800 4022">
    <p class='ocr_par' dir='ltr' id='par_1_84' title="bbox 2247 3947 3800 4022">
     <span class='ocr_line' id='line_1_84' title="bbox 2247 3947 3800 4022; baseline -0.003 -18"><span class='ocrx_word' id='word_1_628' title='bbox 2247 3949 2385 4022; x_wconf 74' lang='grc' dir='ltr'><strong>ἔχων</strong></span> <span class='ocrx_word' id='word_1_629' title='bbox 2415 3949 2659 4018; x_wconf 83' lang='grc' dir='ltr'><strong>ἀνάγκην</strong></span> <span class='ocrx_word' id='word_1_630' title='bbox 2684 3948 2720 4003; x_wconf 83' lang='grc' dir='ltr'>ἃ</span> <span class='ocrx_word' id='word_1_631' title='bbox 2751 3949 3004 4018; x_wconf 82' lang='grc' dir='ltr'><strong>προλέγει</strong></span> <span class='ocrx_word' id='word_1_632' title='bbox 3049 3951 3242 4003; x_wconf 86' lang='grc' dir='ltr'><strong>ποιεῖν.</strong></span> <span class='ocrx_word' id='word_1_633' title='bbox 3275 3948 3466 4002; x_wconf 86' lang='grc' dir='ltr'><strong>Ταῦτα</strong></span> <span class='ocrx_word' id='word_1_634' title='bbox 3503 3947 3614 4020; x_wconf 83' lang='grc' dir='ltr'><strong>γὰρ</strong></span> <span class='ocrx_word' id='word_1_635' title='bbox 3659 3948 3712 4000; x_wconf 83' lang='grc' dir='ltr'><strong>ἐν</strong></span> <span class='ocrx_word' id='word_1_636' title='bbox 3743 3949 3800 4017; x_wconf 80' lang='grc' dir='ltr'><strong>τῇ</strong></span> 
     </span>
    </p>
   </div>
   <div class='ocr_carea' id='block_1_85' title="bbox 2247 4037 3803 4111">
    <p class='ocr_par' dir='ltr' id='par_1_85' title="bbox 2247 4037 3803 4111">
     <span class='ocr_line' id='line_1_85' title="bbox 2247 4037 3803 4111; baseline -0.001 -17"><span class='ocrx_word' id='word_1_637' title='bbox 2247 4041 2354 4094; x_wconf 81' lang='grc' dir='ltr'><strong>τῶν</strong></span> <span class='ocrx_word' id='word_1_638' title='bbox 2378 4039 2685 4094; x_wconf 86' lang='grc' dir='ltr'><strong>ἀκουόντων</strong></span> <span class='ocrx_word' id='word_1_639' title='bbox 2720 4039 2902 4111; x_wconf 78' lang='grc' dir='ltr'><strong>ἵστησι</strong></span> <span class='ocrx_word' id='word_1_640' title='bbox 2929 4037 3146 4111; x_wconf 78' lang='grc' dir='ltr'><strong>γνώμῃ.</strong></span> <span class='ocrx_word' id='word_1_641' title='bbox 3177 4039 3288 4092; x_wconf 75' lang='grc' dir='ltr'><strong>Καὶ</strong></span> <span class='ocrx_word' id='word_1_642' title='bbox 3317 4039 3410 4093; x_wconf 72' lang='grc' dir='ltr'><strong>ἐπὶ</strong></span> <span class='ocrx_word' id='word_1_643' title='bbox 3439 4040 3687 4110; x_wconf 85' lang='grc' dir='ltr'><strong>Σοδόμων</strong></span> <span class='ocrx_word' id='word_1_644' title='bbox 3709 4038 3803 4108; x_wconf 81' lang='grc' dir='ltr'><strong>γὰρ</strong></span> 
     </span>
    </p>
   </div>
   <div class='ocr_carea' id='block_1_86' title="bbox 2252 4128 3804 4203">
    <p class='ocr_par' dir='ltr' id='par_1_86' title="bbox 2252 4128 3804 4203">
     <span class='ocr_line' id='line_1_86' title="bbox 2252 4128 3804 4203; baseline -0.005 -18"><span class='ocrx_word' id='word_1_645' title='bbox 2252 4133 2351 4203; x_wconf 89' lang='grc' dir='ltr'><strong>μία</strong></span> <span class='ocrx_word' id='word_1_646' title='bbox 2383 4130 2539 4195; x_wconf 87' lang='grc' dir='ltr'><strong>πόλις</strong></span> <span class='ocrx_word' id='word_1_647' title='bbox 2559 4129 2760 4200; x_wconf 79' lang='grc' dir='ltr'><strong>ἐσώθη,</strong></span> <span class='ocrx_word' id='word_1_648' title='bbox 2783 4128 2878 4182; x_wconf 91' lang='grc' dir='ltr'><strong>τοῦ</strong></span> <span class='ocrx_word' id='word_1_649' title='bbox 2907 4128 3218 4200; x_wconf 73' lang='grc' dir='ltr'><strong>εὐαφόρμου</strong></span> <span class='ocrx_word' id='word_1_650' title='bbox 3241 4129 3519 4182; x_wconf 87' lang='grc' dir='ltr'><strong>Δεσπότου</strong></span> <span class='ocrx_word' id='word_1_651' title='bbox 3551 4128 3804 4199; x_wconf 79' lang='grc' dir='ltr'><strong>πρόφασιν</strong></span> 
     </span>
    </p>
   </div>
   <div class='ocr_carea' id='block_1_87' title="bbox 2248 4217 3802 4293">
    <p class='ocr_par' dir='ltr' id='par_1_87' title="bbox 2248 4217 3802 4293">
     <span class='ocr_line' id='line_1_87' title="bbox 2248 4217 3802 4293; baseline -0.005 -15"><span class='ocrx_word' id='word_1_652' title='bbox 2248 4223 2503 4287; x_wconf 88' lang='grc' dir='ltr'><strong>λαϐόντος</strong></span> <span class='ocrx_word' id='word_1_653' title='bbox 2530 4221 2680 4293; x_wconf 87' lang='grc' dir='ltr'><strong>παρά</strong></span> <span class='ocrx_word' id='word_1_654' title='bbox 2697 4219 2791 4275; x_wconf 91' lang='grc' dir='ltr'><strong>τοῦ</strong></span> <span class='ocrx_word' id='word_1_655' title='bbox 2818 4219 2942 4274; x_wconf 83' lang='grc' dir='ltr'><strong>Λὼτ</strong></span> <span class='ocrx_word' id='word_1_656' title='bbox 2971 4217 3252 4286; x_wconf 77' lang='grc' dir='ltr'><strong>ὑπεξελεῖν</strong></span> <span class='ocrx_word' id='word_1_657' title='bbox 3281 4220 3454 4290; x_wconf 78' lang='grc' dir='ltr'><strong>αὐτὴν</strong></span> <span class='ocrx_word' id='word_1_658' title='bbox 3499 4222 3602 4292; x_wconf 81' lang='grc' dir='ltr'><strong>τῆς</strong></span> <span class='ocrx_word' id='word_1_659' title='bbox 3631 4218 3802 4291; x_wconf 82' lang='grc' dir='ltr'><strong>ὀργῆς.</strong></span> 
     </span>
    </p>
   </div>
   <div class='ocr_carea' id='block_1_88' title="bbox 2251 4307 3804 4384">
    <p class='ocr_par' dir='ltr' id='par_1_88' title="bbox 2251 4307 3804 4384">
     <span class='ocr_line' id='line_1_88' title="bbox 2251 4307 3804 4384; baseline -0.006 -15"><span class='ocrx_word' id='word_1_660' title='bbox 2251 4316 2362 4369; x_wconf 77' lang='grc' dir='ltr'><strong>Καὶ</strong></span> <span class='ocrx_word' id='word_1_661' title='bbox 2383 4314 2462 4384; x_wconf 85' lang='grc' dir='ltr'><strong>τῷ</strong></span> <span class='ocrx_word' id='word_1_662' title='bbox 2505 4311 2758 4383; x_wconf 77' lang='grc' dir='ltr'><strong>’Δϐραάμ</strong></span> <span class='ocrx_word' id='word_1_663' title='bbox 2807 4308 3037 4381; x_wconf 79' lang='grc' dir='ltr'><strong>αὔξησιν</strong></span> <span class='ocrx_word' id='word_1_664' title='bbox 3085 4308 3454 4381; x_wconf 83' lang='grc' dir='ltr'><strong>ἐπηγγείλατο</strong></span> <span class='ocrx_word' id='word_1_665' title='bbox 3477 4309 3688 4377; x_wconf 79' lang='grc' dir='ltr'><strong>γένους,</strong></span> <span class='ocrx_word' id='word_1_666' title='bbox 3724 4307 3804 4362; x_wconf 76' lang='grc' dir='ltr'><strong>καὶ</strong></span> 
     </span>
    </p>
   </div>
   <div class='ocr_carea' id='block_1_89' title="bbox 2249 4397 3803 4471">
    <p class='ocr_par' dir='ltr' id='par_1_89' title="bbox 2249 4397 3803 4471">
     <span class='ocr_line' id='line_1_89' title="bbox 2249 4397 3803 4471; baseline -0.006 -11"><span class='ocrx_word' id='word_1_667' title='bbox 2249 4405 2497 4460; x_wconf 86' lang='grc' dir='ltr'><strong>διάϐασιν</strong></span> <span class='ocrx_word' id='word_1_668' title='bbox 2525 4405 2605 4467; x_wconf 83' lang='grc' dir='ltr'><strong>είς</strong></span> <span class='ocrx_word' id='word_1_669' title='bbox 2636 4403 2833 4466; x_wconf 85' lang='grc' dir='ltr'><strong>αὐτοὺς</strong></span> <span class='ocrx_word' id='word_1_670' title='bbox 2859 4402 2966 4454; x_wconf 85' lang='grc' dir='ltr'><strong>τῶν</strong></span> <span class='ocrx_word' id='word_1_671' title='bbox 3001 4401 3263 4469; x_wconf 79' lang='grc' dir='ltr'><strong>εὐλογιῶν</strong></span> <span class='ocrx_word' id='word_1_672' title='bbox 3288 4441 3302 4466; x_wconf 98' lang='grc'><strong>,</strong></span> <span class='ocrx_word' id='word_1_673' title='bbox 3329 4401 3488 4471; x_wconf 84' lang='grc' dir='ltr'><strong>δῆλον</strong></span> <span class='ocrx_word' id='word_1_674' title='bbox 3513 4400 3646 4452; x_wconf 73' lang='grc' dir='ltr'><strong>ὡσεὶ</strong></span> <span class='ocrx_word' id='word_1_675' title='bbox 3674 4397 3692 4436; x_wconf 78' lang='grc' dir='ltr'>ι</span> <span class='ocrx_word' id='word_1_676' title='bbox 3717 4415 3803 4467; x_wconf 63' lang='grc' dir='ltr'><strong>φῦ·</strong></span> 
     </span>
    </p>
   </div>
   <div class='ocr_carea' id='block_1_90' title="bbox 2249 4487 3805 4561">
    <p class='ocr_par' dir='ltr' id='par_1_90' title="bbox 2249 4487 3805 4561">
     <span class='ocr_line' id='line_1_90' title="bbox 2249 4487 3805 4561; baseline -0.007 -11"><span class='ocrx_word' id='word_1_677' title='bbox 2249 4496 2494 4552; x_wconf 83' lang='grc' dir='ltr'><strong>λάττοιεν</strong></span> <span class='ocrx_word' id='word_1_678' title='bbox 2518 4496 2567 4548; x_wconf 81' lang='grc' dir='ltr'><strong>οἱ</strong></span> <span class='ocrx_word' id='word_1_679' title='bbox 2606 4493 2667 4558; x_wconf 80' lang='grc' dir='ltr'><strong>ἐξ</strong></span> <span class='ocrx_word' id='word_1_680' title='bbox 2698 4492 2865 4546; x_wconf 76' lang='grc' dir='ltr'><strong>αὑτοῦ</strong></span> <span class='ocrx_word' id='word_1_681' title='bbox 2896 4491 2995 4555; x_wconf 81' lang='grc' dir='ltr'><strong>τὰς</strong></span> <span class='ocrx_word' id='word_1_682' title='bbox 3037 4490 3309 4561; x_wconf 81' lang='grc' dir='ltr'><strong>πατρικὰς</strong></span> <span class='ocrx_word' id='word_1_683' title='bbox 3343 4491 3588 4554; x_wconf 85' lang='grc' dir='ltr'><strong>ἐντολὰς,</strong></span> <span class='ocrx_word' id='word_1_684' title='bbox 3625 4489 3698 4552; x_wconf 85' lang='grc' dir='ltr'><strong>ὡς</strong></span> <span class='ocrx_word' id='word_1_685' title='bbox 3724 4487 3805 4540; x_wconf 77' lang='grc' dir='ltr'><strong>καὶ</strong></span> 
     </span>
    </p>
   </div>
   <div class='ocr_carea' id='block_1_91' title="bbox 581 4563 2144 4659">
    <p class='ocr_par' dir='ltr' id='par_1_91' title="bbox 581 4563 2144 4646">
     <span class='ocr_line' id='line_1_91' title="bbox 581 4563 2144 4646; baseline 0.01 -30"><span class='ocrx_word' id='word_1_686' title='bbox 581 4577 683 4616; x_wconf 84' lang='lat' dir='ltr'><strong>xus</strong></span> <span class='ocrx_word' id='word_1_687' title='bbox 713 4563 866 4621; x_wconf 72' lang='lat' dir='ltr'><strong>est“.</strong></span> <span class='ocrx_word' id='word_1_688' title='bbox 895 4565 1208 4621; x_wconf 85' lang='lat' dir='ltr'><strong>Abrahamo</strong></span> <span class='ocrx_word' id='word_1_689' title='bbox 1223 4565 1421 4623; x_wconf 88' lang='lat' dir='ltr'><strong>deinde</strong></span> <span class='ocrx_word' id='word_1_690' title='bbox 1446 4571 1663 4641; x_wconf 88' lang='lat' dir='ltr'><strong>generis</strong></span> <span class='ocrx_word' id='word_1_691' title='bbox 1681 4575 2144 4646; x_wconf 83' lang='lat' dir='ltr'><strong>propagationem,</strong></span> 
     </span>
    </p>
   </div>
   <div class='ocr_carea' id='block_1_92' title="bbox 2245 4563 3805 4659">
    <p class='ocr_par' dir='ltr' id='par_1_92' title="bbox 2257 4578 3805 4657">
     <span class='ocr_line' id='line_1_92' title="bbox 2257 4578 3805 4657; baseline -0.008 -14"><span class='ocrx_word' id='word_1_692' title='bbox 2257 4588 2419 4650; x_wconf 84' lang='grc' dir='ltr'><strong>αὐτός</strong></span> <span class='ocrx_word' id='word_1_693' title='bbox 2445 4584 2891 4657; x_wconf 83' lang='grc' dir='ltr'><strong>φησιν·‹Ἔγνων</strong></span> <span class='ocrx_word' id='word_1_694' title='bbox 2917 4583 3026 4654; x_wconf 81' lang='grc' dir='ltr'><strong>γὰρ</strong></span> <span class='ocrx_word' id='word_1_695' title='bbox 3051 4582 3132 4636; x_wconf 84' lang='grc' dir='ltr'><strong>ὅτι</strong></span> <span class='ocrx_word' id='word_1_696' title='bbox 3155 4581 3403 4645; x_wconf 78' lang='grc' dir='ltr'><strong>συντάξει</strong></span> <span class='ocrx_word' id='word_1_697' title='bbox 3421 4580 3673 4650; x_wconf 83' lang='grc' dir='ltr'><strong>Ἀϐραὰμ</strong></span> <span class='ocrx_word' id='word_1_698' title='bbox 3696 4578 3805 4640; x_wconf 77' lang='grc' dir='ltr'><strong>τοὺς</strong></span> 
     </span>
    </p>
   </div>
   <div class='ocr_carea' id='block_1_93' title="bbox 577 4653 2142 4735">
    <p class='ocr_par' dir='ltr' id='par_1_93' title="bbox 577 4653 2142 4735">
     <span class='ocr_line' id='line_1_93' title="bbox 577 4653 2142 4735; baseline 0.012 -29"><span class='ocrx_word' id='word_1_699' title='bbox 577 4661 631 4706; x_wconf 91' lang='lat' dir='ltr'><strong>et</strong></span> <span class='ocrx_word' id='word_1_700' title='bbox 661 4653 1101 4710; x_wconf 89' lang='lat' dir='ltr'><strong>benedictionum</strong></span> <span class='ocrx_word' id='word_1_701' title='bbox 1135 4657 1190 4712; x_wconf 91' lang='lat' dir='ltr'><strong>in</strong></span> <span class='ocrx_word' id='word_1_702' title='bbox 1218 4657 1361 4715; x_wconf 86' lang='lat' dir='ltr'><strong>idem</strong></span> <span class='ocrx_word' id='word_1_703' title='bbox 1396 4663 1687 4719; x_wconf 85' lang='lat' dir='ltr'><strong>transitum</strong></span> <span class='ocrx_word' id='word_1_704' title='bbox 1717 4667 1994 4735; x_wconf 85' lang='lat' dir='ltr'><strong>pollicitus</strong></span> <span class='ocrx_word' id='word_1_705' title='bbox 2022 4676 2142 4724; x_wconf 86' lang='lat' dir='ltr'><strong>est:</strong></span> 
     </span>
    </p>
   </div>
   <div class='ocr_carea' id='block_1_94' title="bbox 578 4743 2147 4826">
    <p class='ocr_par' dir='ltr' id='par_1_94' title="bbox 578 4743 2147 4826">
     <span class='ocr_line' id='line_1_94' title="bbox 578 4743 2147 4826; baseline 0.014 -32"><span class='ocrx_word' id='word_1_706' title='bbox 578 4756 643 4795; x_wconf 83' lang='lat' dir='ltr'><strong>ea</strong></span> <span class='ocrx_word' id='word_1_707' title='bbox 674 4743 930 4797; x_wconf 87' lang='lat' dir='ltr'><strong>nimirum</strong></span> <span class='ocrx_word' id='word_1_708' title='bbox 967 4746 1084 4815; x_wconf 83' lang='lat' dir='ltr'><strong>lege</strong></span> <span class='ocrx_word' id='word_1_709' title='bbox 1128 4755 1182 4804; x_wconf 90' lang='lat' dir='ltr'><strong>et</strong></span> <span class='ocrx_word' id='word_1_710' title='bbox 1227 4751 1562 4821; x_wconf 88' lang='lat' dir='ltr'><strong>conditione,</strong></span> <span class='ocrx_word' id='word_1_711' title='bbox 1599 4763 1658 4810; x_wconf 94' lang='lat' dir='ltr'><strong>ut</strong></span> <span class='ocrx_word' id='word_1_712' title='bbox 1699 4758 1869 4826; x_wconf 89' lang='lat' dir='ltr'><strong>patris</strong></span> <span class='ocrx_word' id='word_1_713' title='bbox 1926 4759 2001 4814; x_wconf 91' lang='lat' dir='ltr'><strong>illi</strong></span> <span class='ocrx_word' id='word_1_714' title='bbox 2042 4761 2147 4816; x_wconf 86' lang='lat' dir='ltr'><strong>viis</strong></span> 
     </span>
    </p>
   </div>
   <div class='ocr_carea' id='block_1_95' title="bbox 582 4835 2145 4916">
    <p class='ocr_par' dir='ltr' id='par_1_95' title="bbox 582 4835 2145 4916">
     <span class='ocr_line' id='line_1_95' title="bbox 582 4835 2145 4916; baseline 0.011 -28"><span class='ocrx_word' id='word_1_715' title='bbox 582 4835 921 4901; x_wconf 89' lang='lat' dir='ltr'><strong>insisterent,</strong></span> <span class='ocrx_word' id='word_1_716' title='bbox 979 4837 1210 4908; x_wconf 84' lang='lat' dir='ltr'><strong>ejusque</strong></span> <span class='ocrx_word' id='word_1_717' title='bbox 1265 4845 1521 4899; x_wconf 87' lang='lat' dir='ltr'><strong>mandata</strong></span> <span class='ocrx_word' id='word_1_718' title='bbox 1557 4849 1947 4915; x_wconf 70' lang='lat' dir='ltr'><strong>jcustodirent:</strong></span> <span class='ocrx_word' id='word_1_719' title='bbox 1998 4865 2145 4916; x_wconf 90' lang='lat' dir='ltr'><strong>cum,</strong></span> 
     </span>
    </p>
   </div>
   <div class='ocr_carea' id='block_1_96' title="bbox 582 4930 2148 5000">
    <p class='ocr_par' dir='ltr' id='par_1_96' title="bbox 582 4930 2148 5000">
     <span class='ocr_line' id='line_1_96' title="bbox 582 4930 2148 5000; baseline 0.01 -16"><span class='ocrx_word' id='word_1_720' title='bbox 582 4941 640 4985; x_wconf 93' lang='lat' dir='ltr'><strong>ut</strong></span> <span class='ocrx_word' id='word_1_721' title='bbox 667 4930 808 4984; x_wconf 89' lang='lat' dir='ltr'><strong>idem</strong></span> <span class='ocrx_word' id='word_1_722' title='bbox 851 4931 954 4985; x_wconf 88' lang='lat' dir='ltr'><strong>sibi</strong></span> <span class='ocrx_word' id='word_1_723' title='bbox 989 4934 1148 4988; x_wconf 86' lang='lat' dir='ltr'><strong>testis</strong></span> <span class='ocrx_word' id='word_1_724' title='bbox 1195 4942 1300 5000; x_wconf 87' lang='lat' dir='ltr'><strong>est,</strong></span> <span class='ocrx_word' id='word_1_725' title='bbox 1333 4936 1701 4993; x_wconf 88' lang='lat' dir='ltr'><strong>Abrahamum</strong></span> <span class='ocrx_word' id='word_1_726' title='bbox 1759 4941 1883 4996; x_wconf 84' lang='lat' dir='ltr'><strong>ﬁliis</strong></span> <span class='ocrx_word' id='word_1_727' title='bbox 1937 4943 2054 4998; x_wconf 89' lang='lat' dir='ltr'><strong>suis</strong></span> <span class='ocrx_word' id='word_1_728' title='bbox 2081 4943 2148 4999; x_wconf 90' lang='lat' dir='ltr'><strong>dc</strong></span> 
     </span>
    </p>
   </div>
   <div class='ocr_carea' id='block_1_97' title="bbox 583 5020 2148 5103">
    <p class='ocr_par' dir='ltr' id='par_1_97' title="bbox 583 5020 2148 5103">
     <span class='ocr_line' id='line_1_97' title="bbox 583 5020 2148 5103; baseline 0.01 -31"><span class='ocrx_word' id='word_1_729' title='bbox 583 5020 825 5077; x_wconf 89' lang='lat' dir='ltr'><strong>timendo</strong></span> <span class='ocrx_word' id='word_1_730' title='bbox 891 5021 1002 5077; x_wconf 88' lang='lat' dir='ltr'><strong>Deo</strong></span> <span class='ocrx_word' id='word_1_731' title='bbox 1057 5035 1328 5096; x_wconf 62' lang='lat' dir='ltr'><strong>praecepta</strong></span> <span class='ocrx_word' id='word_1_732' title='bbox 1385 5027 1640 5084; x_wconf 85' lang='lat' dir='ltr'><strong>daturum</strong></span> <span class='ocrx_word' id='word_1_733' title='bbox 1700 5047 1808 5085; x_wconf 86' lang='lat' dir='ltr'><strong>non</strong></span> <span class='ocrx_word' id='word_1_734' title='bbox 1852 5035 2148 5103; x_wconf 87' lang='lat' dir='ltr'><strong>ignoraret.</strong></span> 
     </span>
    </p>
   </div>
   <div class='ocr_carea' id='block_1_98' title="bbox 582 5111 2150 5179">
    <p class='ocr_par' dir='ltr' id='par_1_98' title="bbox 582 5111 2150 5179">
     <span class='ocr_line' id='line_1_98' title="bbox 582 5111 2150 5179; baseline 0.009 -14"><span class='ocrx_word' id='word_1_735' title='bbox 582 5112 798 5178; x_wconf 85' lang='lat' dir='ltr'><strong>Postea,</strong></span> <span class='ocrx_word' id='word_1_736' title='bbox 827 5121 884 5166; x_wconf 93' lang='lat' dir='ltr'><strong>ut</strong></span> <span class='ocrx_word' id='word_1_737' title='bbox 905 5111 1282 5169; x_wconf 66' lang='lat' dir='ltr'><strong>Chaldaeorum</strong></span> <span class='ocrx_word' id='word_1_738' title='bbox 1317 5118 1691 5174; x_wconf 63' lang='lat' dir='ltr'><strong>crudelitatem</strong></span> <span class='ocrx_word' id='word_1_739' title='bbox 1719 5133 2003 5178; x_wconf 85' lang='lat' dir='ltr'><strong>accusaret</strong></span> <span class='ocrx_word' id='word_1_740' title='bbox 2025 5141 2150 5179; x_wconf 82' lang='lat' dir='ltr'><strong>cou-</strong></span> 
     </span>
    </p>
   </div>
   <div class='ocr_carea' id='block_1_99' title="bbox 581 5200 2153 5284">
    <p class='ocr_par' dir='ltr' id='par_1_99' title="bbox 581 5200 2153 5284">
     <span class='ocr_line' id='line_1_99' title="bbox 581 5200 2153 5284; baseline 0.008 -28"><span class='ocrx_word' id='word_1_741' title='bbox 581 5200 843 5256; x_wconf 80' lang='lat' dir='ltr'><strong>solatione</strong></span> <span class='ocrx_word' id='word_1_742' title='bbox 872 5203 1106 5256; x_wconf 80' lang='lat' dir='ltr'><strong>caruisse</strong></span> <span class='ocrx_word' id='word_1_743' title='bbox 1145 5203 1364 5271; x_wconf 87' lang='lat' dir='ltr'><strong>adjecit.</strong></span> <span class='ocrx_word' id='word_1_744' title='bbox 1399 5205 1657 5262; x_wconf 89' lang='lat' dir='ltr'><strong>Seniores</strong></span> <span class='ocrx_word' id='word_1_745' title='bbox 1676 5209 1819 5263; x_wconf 92' lang='lat' dir='ltr'><strong>enim</strong></span> <span class='ocrx_word' id='word_1_746' title='bbox 1851 5212 2000 5280; x_wconf 85' lang='lat' dir='ltr'><strong>gravi</strong></span> <span class='ocrx_word' id='word_1_747' title='bbox 2021 5212 2153 5284; x_wconf 87' lang='lat' dir='ltr'><strong>jugo</strong></span> 
     </span>
    </p>
   </div>
   <div class='ocr_carea' id='block_1_100' title="bbox 582 5297 2150 5364">
    <p class='ocr_par' dir='ltr' id='par_1_100' title="bbox 582 5297 2150 5364">
     <span class='ocr_line' id='line_1_100' title="bbox 582 5297 2150 5364; baseline 0.01 -22"><span class='ocrx_word' id='word_1_748' title='bbox 582 5299 991 5359; x_wconf 81' lang='lat' dir='ltr'><strong>oppresserant,</strong></span> <span class='ocrx_word' id='word_1_749' title='bbox 1039 5300 1216 5362; x_wconf 77' lang='lat' dir='ltr'><strong>nequo</strong></span> <span class='ocrx_word' id='word_1_750' title='bbox 1270 5297 1620 5364; x_wconf 87' lang='lat' dir='ltr'><strong>parvulorum</strong></span> <span class='ocrx_word' id='word_1_751' title='bbox 1657 5299 1866 5355; x_wconf 89' lang='lat' dir='ltr'><strong>miserti</strong></span> <span class='ocrx_word' id='word_1_752' title='bbox 1915 5302 2150 5358; x_wconf 79' lang='lat' dir='ltr'><strong>fuerant.</strong></span> 
     </span>
    </p>
   </div>
   <div class='ocr_carea' id='block_1_101' title="bbox 590 5381 2151 5458">
    <p class='ocr_par' dir='ltr' id='par_1_101' title="bbox 590 5381 2151 5458">
     <span class='ocr_line' id='line_1_101' title="bbox 590 5381 2151 5458; baseline 0.011 -25"><span class='ocrx_word' id='word_1_753' title='bbox 590 5398 611 5433; x_wconf 85' lang='grc' dir='ltr'><strong>ι</strong></span> <span class='ocrx_word' id='word_1_754' title='bbox 651 5381 766 5452; x_wconf 86' lang='lat' dir='ltr'><strong>Ego</strong></span> <span class='ocrx_word' id='word_1_755' title='bbox 788 5382 1083 5453; x_wconf 83' lang='lat' dir='ltr'><strong>siquidem,</strong></span> <span class='ocrx_word' id='word_1_756' title='bbox 1121 5386 1218 5450; x_wconf 82' lang='lat' dir='ltr'><strong>ait,</strong></span> <span class='ocrx_word' id='word_1_757' title='bbox 1268 5402 1563 5458; x_wconf 85' lang='lat' dir='ltr'><strong>parumper</strong></span> <span class='ocrx_word' id='word_1_758' title='bbox 1613 5390 1790 5447; x_wconf 91' lang='lat' dir='ltr'><strong>iratus</strong></span> <span class='ocrx_word' id='word_1_759' title='bbox 1822 5390 1931 5458; x_wconf 81' lang='lat' dir='ltr'><strong>fui;</strong></span> <span class='ocrx_word' id='word_1_760' title='bbox 1961 5401 2016 5447; x_wconf 88' lang='lat' dir='ltr'><strong>at</strong></span> <span class='ocrx_word' id='word_1_761' title='bbox 2075 5395 2151 5450; x_wconf 87' lang='lat' dir='ltr'><strong>illi</strong></span> 
     </span>
    </p>
   </div>
   <div class='ocr_carea' id='block_1_102' title="bbox 587 5473 2155 5559">
    <p class='ocr_par' dir='ltr' id='par_1_102' title="bbox 587 5473 2155 5559">
     <span class='ocr_line' id='line_1_102' title="bbox 587 5473 2155 5559; baseline 0.011 -32"><span class='ocrx_word' id='word_1_762' title='bbox 587 5473 918 5531; x_wconf 85' lang='lat' dir='ltr'><strong>addiderunt</strong></span> <span class='ocrx_word' id='word_1_763' title='bbox 975 5477 1042 5532; x_wconf 89' lang='lat' dir='ltr'><strong>ad</strong></span> <span class='ocrx_word' id='word_1_764' title='bbox 1098 5477 1322 5531; x_wconf 75' lang='lat' dir='ltr'><strong>mala”.</strong></span> <span class='ocrx_word' id='word_1_765' title='bbox 1357 5499 1374 5531; x_wconf 75' lang='grc' dir='ltr'><strong>ι</strong></span> <span class='ocrx_word' id='word_1_766' title='bbox 1426 5481 1530 5536; x_wconf 74' lang='lat' dir='ltr'><strong>Sed</strong></span> <span class='ocrx_word' id='word_1_767' title='bbox 1594 5488 1668 5550; x_wconf 90' lang='lat' dir='ltr'><strong>te,</strong></span> <span class='ocrx_word' id='word_1_768' title='bbox 1725 5485 1937 5540; x_wconf 90' lang='lat' dir='ltr'><strong>meliori</strong></span> <span class='ocrx_word' id='word_1_769' title='bbox 1999 5489 2155 5559; x_wconf 83' lang='lat' dir='ltr'><strong>longe</strong></span> 
     </span>
    </p>
   </div>
   <div class='ocr_carea' id='block_1_103' title="bbox 659 5587 1113 5660">
    <p class='ocr_par' dir='ltr' id='par_1_103' title="bbox 659 5587 1113 5660">
     <span class='ocr_line' id='line_1_103' title="bbox 659 5587 1113 5660; baseline 0.011 -16"><span class='ocrx_word' id='word_1_770' title='bbox 659 5589 704 5622; x_wconf 76' lang='lat'>&quot;</span> <span class='ocrx_word' id='word_1_771' title='bbox 722 5587 825 5646; x_wconf 78' lang='lat' dir='ltr'><strong>Job</strong></span> <span class='ocrx_word' id='word_1_772' title='bbox 844 5605 920 5658; x_wconf 80' lang='lat' dir='ltr'><strong>ix,</strong></span> <span class='ocrx_word' id='word_1_773' title='bbox 945 5593 1034 5660; x_wconf 75' lang='lat'><strong>50,</strong></span> <span class='ocrx_word' id='word_1_774' title='bbox 1051 5593 1113 5649; x_wconf 77' lang='lat'><strong>3|</strong></span> 
     </span>
    </p>
   </div>
   <div class='ocr_carea' id='block_1_104' title="bbox 2245 4668 3807 4744">
    <p class='ocr_par' dir='ltr' id='par_1_104' title="bbox 2245 4668 3807 4744">
     <span class='ocr_line' id='line_1_104' title="bbox 2245 4668 3807 4744; baseline -0.008 -12"><span class='ocrx_word' id='word_1_775' title='bbox 2245 4679 2395 4741; x_wconf 73' lang='grc' dir='ltr'><strong>υἱοὺς</strong></span> <span class='ocrx_word' id='word_1_776' title='bbox 2420 4675 2586 4731; x_wconf 78' lang='grc' dir='ltr'><strong>αὑτοῦ</strong></span> <span class='ocrx_word' id='word_1_777' title='bbox 2615 4673 2900 4744; x_wconf 85' lang='grc' dir='ltr'><strong>φοϐεῖσθαι</strong></span> <span class='ocrx_word' id='word_1_778' title='bbox 2925 4673 3016 4726; x_wconf 79' lang='grc' dir='ltr'><strong>τὸν</strong></span> <span class='ocrx_word' id='word_1_779' title='bbox 3042 4672 3194 4726; x_wconf 89' lang='grc' dir='ltr'><strong>Θεόν.</strong></span> <span class='ocrx_word' id='word_1_780' title='bbox 3210 4691 3229 4722; x_wconf 77' lang='grc' dir='ltr'><strong>ι</strong></span> <span class='ocrx_word' id='word_1_781' title='bbox 3253 4668 3386 4725; x_wconf 84' lang='grc' dir='ltr'><strong>Εἶτα</strong></span> <span class='ocrx_word' id='word_1_782' title='bbox 3411 4671 3710 4741; x_wconf 88' lang='grc' dir='ltr'><strong>κατηγορεῖ</strong></span> <span class='ocrx_word' id='word_1_783' title='bbox 3723 4670 3807 4738; x_wconf 83' lang='grc' dir='ltr'><strong>τῆς</strong></span> 
     </span>
    </p>
   </div>
   <div class='ocr_carea' id='block_1_105' title="bbox 2241 4759 3803 4835">
    <p class='ocr_par' dir='ltr' id='par_1_105' title="bbox 2241 4759 3803 4835">
     <span class='ocr_line' id='line_1_105' title="bbox 2241 4759 3803 4835; baseline -0.007 -13"><span class='ocrx_word' id='word_1_784' title='bbox 2241 4768 2350 4822; x_wconf 86' lang='grc' dir='ltr'><strong>τῶν</strong></span> <span class='ocrx_word' id='word_1_785' title='bbox 2374 4766 2652 4822; x_wconf 86' lang='grc' dir='ltr'><strong>Χαλδαίων</strong></span> <span class='ocrx_word' id='word_1_786' title='bbox 2701 4764 2981 4835; x_wconf 85' lang='grc' dir='ltr'><strong>ὠμότητος</strong></span> <span class='ocrx_word' id='word_1_787' title='bbox 3027 4763 3199 4831; x_wconf 80' lang='grc' dir='ltr'><strong>λέγων</strong></span> <span class='ocrx_word' id='word_1_788' title='bbox 3219 4777 3234 4792; x_wconf 77' lang='grc'><strong><em>⁸</em></strong></span> <span class='ocrx_word' id='word_1_789' title='bbox 3296 4763 3378 4814; x_wconf 82' lang='grc' dir='ltr'><strong>Οὺ</strong></span> <span class='ocrx_word' id='word_1_790' title='bbox 3415 4759 3803 4830; x_wconf 70' lang='grc' dir='ltr'><strong>παρεκλήθης.</strong></span> 
     </span>
    </p>
   </div>
   <div class='ocr_carea' id='block_1_106' title="bbox 2245 4851 3809 4928">
    <p class='ocr_par' dir='ltr' id='par_1_106' title="bbox 2245 4851 3809 4928">
     <span class='ocr_line' id='line_1_106' title="bbox 2245 4851 3809 4928; baseline -0.009 -15"><span class='ocrx_word' id='word_1_791' title='bbox 2245 4859 2352 4914; x_wconf 85' lang='grc' dir='ltr'><strong>Τοῦ</strong></span> <span class='ocrx_word' id='word_1_792' title='bbox 2387 4858 2495 4928; x_wconf 84' lang='grc' dir='ltr'><strong>γὰρ</strong></span> <span class='ocrx_word' id='word_1_793' title='bbox 2531 4857 2902 4927; x_wconf 80' lang='grc' dir='ltr'><strong>πρεσϐυτέρου</strong></span> <span class='ocrx_word' id='word_1_794' title='bbox 2932 4854 3021 4907; x_wconf 78' lang='grc' dir='ltr'><strong>τὸν</strong></span> <span class='ocrx_word' id='word_1_795' title='bbox 3044 4853 3207 4921; x_wconf 80' lang='grc' dir='ltr'><strong>ζυγὸν</strong></span> <span class='ocrx_word' id='word_1_796' title='bbox 3239 4852 3536 4924; x_wconf 85' lang='grc' dir='ltr'><strong>ἐϐάρυναν,</strong></span> <span class='ocrx_word' id='word_1_797' title='bbox 3576 4851 3671 4904; x_wconf 71' lang='grc' dir='ltr'><strong>καὶ</strong></span> <span class='ocrx_word' id='word_1_798' title='bbox 3701 4865 3809 4901; x_wconf 81' lang='grc' dir='ltr'><strong>παι-</strong></span> 
     </span>
    </p>
   </div>
   <div class='ocr_carea' id='block_1_107' title="bbox 2243 4940 3807 5020">
    <p class='ocr_par' dir='ltr' id='par_1_107' title="bbox 2243 4940 3807 5020">
     <span class='ocr_line' id='line_1_107' title="bbox 2243 4940 3807 5020; baseline -0.008 -16"><span class='ocrx_word' id='word_1_799' title='bbox 2243 4952 2333 5005; x_wconf 81' lang='grc' dir='ltr'><strong>δία</strong></span> <span class='ocrx_word' id='word_1_800' title='bbox 2360 4952 2460 5003; x_wconf 73' lang='grc' dir='ltr'><strong>οὐκ</strong></span> <span class='ocrx_word' id='word_1_801' title='bbox 2486 4949 2747 5020; x_wconf 73' lang='grc' dir='ltr'><strong>ἠλέησαν.</strong></span> <span class='ocrx_word' id='word_1_802' title='bbox 2779 4966 2796 4998; x_wconf 85' lang='grc' dir='ltr'><strong>ι</strong></span> <span class='ocrx_word' id='word_1_803' title='bbox 2831 4946 2974 5013; x_wconf 85' lang='grc' dir='ltr'><strong>Ἐγὼ</strong></span> <span class='ocrx_word' id='word_1_804' title='bbox 3002 4946 3110 5017; x_wconf 85' lang='grc' dir='ltr'><strong>γὰρ</strong></span> <span class='ocrx_word' id='word_1_805' title='bbox 3136 4943 3417 5016; x_wconf 86' lang='grc' dir='ltr'><strong>ὠργίσθην</strong></span> <span class='ocrx_word' id='word_1_806' title='bbox 3451 4944 3632 5011; x_wconf 80' lang='grc' dir='ltr'><strong>ὀλίγα,</strong></span> <span class='ocrx_word' id='word_1_807' title='bbox 3671 4940 3807 4994; x_wconf 80' lang='grc' dir='ltr'><strong>αὐτοὶ</strong></span> 
     </span>
    </p>
   </div>
   <div class='ocr_carea' id='block_1_108' title="bbox 2245 5032 3804 5106">
    <p class='ocr_par' dir='ltr' id='par_1_108' title="bbox 2245 5032 3804 5106">
     <span class='ocr_line' id='line_1_108' title="bbox 2245 5032 3804 5106; baseline -0.007 -12"><span class='ocrx_word' id='word_1_808' title='bbox 2245 5042 2302 5094; x_wconf 74' lang='grc' dir='ltr'><strong>δὲ</strong></span> <span class='ocrx_word' id='word_1_809' title='bbox 2327 5039 2684 5094; x_wconf 73' lang='grc' dir='ltr'><strong>συνεπέθεντο</strong></span> <span class='ocrx_word' id='word_1_810' title='bbox 2700 5041 2779 5102; x_wconf 88' lang='grc' dir='ltr'><strong>είς</strong></span> <span class='ocrx_word' id='word_1_811' title='bbox 2802 5038 2966 5092; x_wconf 84' lang='grc' dir='ltr'><strong>κακά.</strong></span> <span class='ocrx_word' id='word_1_812' title='bbox 2991 5057 3009 5089; x_wconf 75' lang='grc' dir='ltr'><strong>ι</strong></span> <span class='ocrx_word' id='word_1_813' title='bbox 3033 5037 3170 5097; x_wconf 77' lang='grc' dir='ltr'><strong>Ἀλλ’</strong></span> <span class='ocrx_word' id='word_1_814' title='bbox 3187 5035 3298 5106; x_wconf 74' lang='grc' dir='ltr'><strong>ἐγώ</strong></span> <span class='ocrx_word' id='word_1_815' title='bbox 3316 5053 3376 5088; x_wconf 89' lang='grc' dir='ltr'><strong>σε</strong></span> <span class='ocrx_word' id='word_1_816' title='bbox 3397 5032 3804 5103; x_wconf 76' lang='grc' dir='ltr'><strong>παρακαλέσω,</strong></span> 
     </span>
    </p>
   </div>
   <div class='ocr_carea' id='block_1_109' title="bbox 2246 5122 3806 5202">
    <p class='ocr_par' dir='ltr' id='par_1_109' title="bbox 2246 5122 3806 5202">
     <span class='ocr_line' id='line_1_109' title="bbox 2246 5122 3806 5202; baseline 0.002 -14"><span class='ocrx_word' id='word_1_817' title='bbox 2246 5131 2564 5202; x_wconf 78' lang='grc' dir='ltr'><strong>ἀνοικισμὸν</strong></span> <span class='ocrx_word' id='word_1_818' title='bbox 2596 5149 2679 5186; x_wconf 90' lang='grc' dir='ltr'><strong>σοι</strong></span> <span class='ocrx_word' id='word_1_819' title='bbox 2706 5132 3046 5201; x_wconf 82' lang='grc' dir='ltr'><strong>δωρούμενος</strong></span> <span class='ocrx_word' id='word_1_820' title='bbox 3091 5129 3395 5201; x_wconf 76' lang='grc' dir='ltr'><strong>κρείττονα.</strong></span> <span class='ocrx_word' id='word_1_821' title='bbox 3431 5126 3686 5187; x_wconf 78' lang='grc' dir='ltr'><strong>Θέλοντος</strong></span> <span class='ocrx_word' id='word_1_822' title='bbox 3712 5122 3806 5191; x_wconf 70' lang='grc' dir='ltr'><strong>γὰρ</strong></span> 
     </span>
    </p>
   </div>
   <div class='ocr_carea' id='block_1_110' title="bbox 2254 5219 3806 5296">
    <p class='ocr_par' dir='ltr' id='par_1_110' title="bbox 2254 5219 3806 5296">
     <span class='ocr_line' id='line_1_110' title="bbox 2254 5219 3806 5296; baseline -0.006 -18"><span class='ocrx_word' id='word_1_823' title='bbox 2254 5225 2413 5296; x_wconf 90' lang='grc' dir='ltr'><strong>μόνον</strong></span> <span class='ocrx_word' id='word_1_824' title='bbox 2447 5223 2548 5295; x_wconf 82' lang='grc' dir='ltr'><strong>’ὑλη</strong></span> <span class='ocrx_word' id='word_1_825' title='bbox 2579 5225 2728 5279; x_wconf 79' lang='grc' dir='ltr'><strong>πᾶσα</strong></span> <span class='ocrx_word' id='word_1_826' title='bbox 2756 5223 2914 5294; x_wconf 86' lang='grc' dir='ltr'><strong>τιμία</strong></span> <span class='ocrx_word' id='word_1_827' title='bbox 2951 5221 3304 5293; x_wconf 88' lang='grc' dir='ltr'><strong>παρίσταται,</strong></span> <span class='ocrx_word' id='word_1_828' title='bbox 3356 5219 3520 5288; x_wconf 85' lang='grc' dir='ltr'><strong>μόνον</strong></span> <span class='ocrx_word' id='word_1_829' title='bbox 3557 5219 3606 5270; x_wconf 82' lang='grc' dir='ltr'><strong>εί</strong></span> <span class='ocrx_word' id='word_1_830' title='bbox 3658 5230 3806 5286; x_wconf 77' lang='grc' dir='ltr'><strong>μεταο</strong></span> 
     </span>
    </p>
   </div>
   <div class='ocr_carea' id='block_1_111' title="bbox 2252 5302 3806 5404">
    <p class='ocr_par' dir='ltr' id='par_1_111' title="bbox 2252 5302 3806 5404">
     <span class='ocr_line' id='line_1_111' title="bbox 2252 5302 3806 5404; baseline -0.009 -36"><span class='ocrx_word' id='word_1_831' title='bbox 2252 5315 2502 5378; x_wconf 89' lang='grc' dir='ltr'><strong>νοοῦντες</strong></span> <span class='ocrx_word' id='word_1_832' title='bbox 2534 5313 2673 5378; x_wconf 79' lang='grc' dir='ltr'><strong>ἄξιοι</strong></span> <span class='ocrx_word' id='word_1_833' title='bbox 2697 5311 2964 5384; x_wconf 79' lang='grc' dir='ltr'><strong>γένοισθε.</strong></span> <span class='ocrx_word' id='word_1_834' title='bbox 2988 5310 3192 5366; x_wconf 83' lang='grc' dir='ltr'><strong>Τούτου</strong></span> <span class='ocrx_word' id='word_1_835' title='bbox 3231 5311 3289 5363; x_wconf 79' lang='grc' dir='ltr'>δὲ</span> <span class='ocrx_word' id='word_1_836' title='bbox 3317 5309 3392 5380; x_wconf 81' lang='grc' dir='ltr'><strong>μὴ</strong></span> <span class='ocrx_word' id='word_1_837' title='bbox 3414 5307 3702 5404; x_wconf 75' lang='grc' dir='ltr'><strong>γενομένου</strong></span> <span class='ocrx_word' id='word_1_838' title='bbox 3723 5302 3806 5404; x_wconf 67' lang='grc' dir='ltr'><strong>καὶ</strong></span> 
     </span>
    </p>
   </div>
   <div class='ocr_carea' id='block_1_112' title="bbox 2253 5397 3804 5474">
    <p class='ocr_par' dir='ltr' id='par_1_112' title="bbox 2253 5397 3804 5474">
     <span class='ocr_line' id='line_1_112' title="bbox 2253 5397 3804 5474; baseline -0.006 -17"><span class='ocrx_word' id='word_1_839' title='bbox 2253 5402 2323 5457; x_wconf 84' lang='grc' dir='ltr'><strong>τὰ</strong></span> <span class='ocrx_word' id='word_1_840' title='bbox 2345 5404 2442 5474; x_wconf 77' lang='grc' dir='ltr'><strong>τῆς</strong></span> <span class='ocrx_word' id='word_1_841' title='bbox 2471 5405 2801 5473; x_wconf 83' lang='grc' dir='ltr'><strong>ἐπαγγελίας</strong></span> <span class='ocrx_word' id='word_1_842' title='bbox 2830 5405 3009 5474; x_wconf 83' lang='grc' dir='ltr'><strong>ἀργεῖ.</strong></span> <span class='ocrx_word' id='word_1_843' title='bbox 3035 5404 3157 5466; x_wconf 84' lang='grc' dir='ltr'><strong>Τοῖς</strong></span> <span class='ocrx_word' id='word_1_844' title='bbox 3183 5401 3288 5473; x_wconf 73' lang='grc' dir='ltr'><strong>γὰρ</strong></span> <span class='ocrx_word' id='word_1_845' title='bbox 3318 5399 3459 5455; x_wconf 83' lang='grc' dir='ltr'><strong>κατά</strong></span> <span class='ocrx_word' id='word_1_846' title='bbox 3480 5399 3646 5469; x_wconf 84' lang='grc' dir='ltr'><strong>νόμον</strong></span> <span class='ocrx_word' id='word_1_847' title='bbox 3675 5397 3804 5467; x_wconf 80' lang='grc' dir='ltr'><strong>βιοῦ-</strong></span> 
     </span>
    </p>
   </div>
   <div class='ocr_carea' id='block_1_113' title="bbox 2257 5478 3867 5566">
    <p class='ocr_par' dir='ltr' id='par_1_113' title="bbox 2257 5478 3867 5566">
     <span class='ocr_line' id='line_1_113' title="bbox 2257 5478 3867 5566; baseline -0.007 -18"><span class='ocrx_word' id='word_1_848' title='bbox 2257 5511 2342 5548; x_wconf 89' lang='grc' dir='ltr'><strong>σιν</strong></span> <span class='ocrx_word' id='word_1_849' title='bbox 2371 5496 2424 5548; x_wconf 80' lang='grc' dir='ltr'><strong>αῖ</strong></span> <span class='ocrx_word' id='word_1_850' title='bbox 2449 5495 2790 5566; x_wconf 82' lang='grc' dir='ltr'><strong>ἐπαγγελίαι,</strong></span> <span class='ocrx_word' id='word_1_851' title='bbox 2825 5493 2921 5558; x_wconf 82' lang='grc' dir='ltr'><strong>οὓς</strong></span> <span class='ocrx_word' id='word_1_852' title='bbox 2952 5493 3101 5550; x_wconf 85' lang='grc' dir='ltr'><strong>Θεοῦ</strong></span> <span class='ocrx_word' id='word_1_853' title='bbox 3128 5491 3280 5548; x_wconf 83' lang='grc' dir='ltr'><strong>καλεῖ</strong></span> <span class='ocrx_word' id='word_1_854' title='bbox 3309 5489 3649 5558; x_wconf 82' lang='grc' dir='ltr'><strong>διδακτούς.</strong></span> <span class='ocrx_word' id='word_1_855' title='bbox 3686 5478 3806 5542; x_wconf 70' lang='grc' dir='ltr'><strong>Εἶτα</strong></span> <span class='ocrx_word' id='word_1_856' title='bbox 3864 5526 3867 5528; x_wconf 89' lang='grc'><strong>.</strong></span> 
     </span>
    </p>
   </div>
   <div class='ocr_carea' id='block_1_114' title="bbox 1191 5594 2254 5668">
    <p class='ocr_par' dir='ltr' id='par_1_114' title="bbox 1191 5594 2254 5668">
     <span class='ocr_line' id='line_1_114' title="bbox 1191 5594 2254 5668; baseline 0.012 -22"><span class='ocrx_word' id='word_1_857' title='bbox 1191 5595 1235 5627; x_wconf 62' lang='grc' dir='ltr'><strong>δι</strong></span> <span class='ocrx_word' id='word_1_858' title='bbox 1257 5594 1392 5650; x_wconf 80' lang='lat' dir='ltr'><strong>Gen.</strong></span> <span class='ocrx_word' id='word_1_859' title='bbox 1433 5611 1544 5662; x_wconf 74' lang='lat' dir='ltr'><strong>nx,</strong></span> <span class='ocrx_word' id='word_1_860' title='bbox 1577 5610 1728 5668; x_wconf 90' lang='lat' dir='ltr'><strong>scqq.</strong></span> <span class='ocrx_word' id='word_1_861' title='bbox 1760 5597 1806 5629; x_wconf 79' lang='lat'><strong><em>“</em></strong></span> <span class='ocrx_word' id='word_1_862' title='bbox 1832 5597 2062 5654; x_wconf 85' lang='lat' dir='ltr'><strong>Zachar.</strong></span> <span class='ocrx_word' id='word_1_863' title='bbox 2091 5617 2130 5665; x_wconf 87' lang='grc' dir='ltr'><strong>ι,</strong></span> <span class='ocrx_word' id='word_1_864' title='bbox 2164 5603 2254 5660; x_wconf 69' lang='grc'><strong>14.</strong></span> 
     </span>
    </p>
   </div>
   <div class='ocr_carea' id='block_1_115' title="bbox 1868 5693 2550 5757">
    <p class='ocr_par' dir='ltr' id='par_1_115' title="bbox 1868 5693 2550 5757">
     <span class='ocr_line' id='line_1_115' title="bbox 1868 5693 2550 5757; baseline 0.003 -8"><span class='ocrx_word' id='word_1_865' title='bbox 1868 5693 2100 5752; x_wconf 68' lang='grc' dir='ltr'><strong>νΑΙίΙᾹΞ</strong></span> <span class='ocrx_word' id='word_1_866' title='bbox 2146 5694 2550 5757; x_wconf 77' lang='lat' dir='ltr'><strong>LECTIONES.</strong></span> 
     </span>
    </p>
   </div>
   <div class='ocr_carea' id='block_1_116' title="bbox 664 5757 1686 5836">
    <p class='ocr_par' dir='ltr' id='par_1_116' title="bbox 664 5757 1686 5836">
     <span class='ocr_line' id='line_1_116' title="bbox 664 5757 1686 5836; baseline 0.008 -24"><span class='ocrx_word' id='word_1_867' title='bbox 664 5757 688 5797; x_wconf 63' lang='grc' dir='ltr'><strong>λ</strong></span> <span class='ocrx_word' id='word_1_868' title='bbox 726 5757 811 5812; x_wconf 82' lang='grc' dir='ltr'><strong>ἵσ.</strong></span> <span class='ocrx_word' id='word_1_869' title='bbox 854 5758 1100 5830; x_wconf 64' lang='grc' dir='ltr'><strong>ἧμελλες,</strong></span> <span class='ocrx_word' id='word_1_870' title='bbox 1186 5760 1308 5816; x_wconf 65' lang='lat' dir='ltr'><strong>lic.</strong></span> <span class='ocrx_word' id='word_1_871' title='bbox 1343 5763 1578 5836; x_wconf 77' lang='grc' dir='ltr'><strong>δηλονότι</strong></span> <span class='ocrx_word' id='word_1_872' title='bbox 1619 5765 1686 5820; x_wconf 71' lang='lat'><strong>:3.</strong></span> 
     </span>
    </p>
   </div>
  </div>
