3998 6390
184 434 318 500 2519

1333 438 1868 503 COMMENTARII
1894 439 1977 502 IN
2016 437 2306 500 ISAIAM.

3298 423 3440 501 2550

188 544 420 601 παιδεύει
452 545 527 619 μὴ
562 547 796 620 τείχεσιν
817 547 1006 612 ἁπλῶς
1041 551 1133 603 καὶ
1171 551 1283 615 τοῖς
1327 551 1618 621 φυλάττειν
1665 551 1753 605 δο-

1882 566 2123 609 :oncessa
2171 551 2595 620 instauratione,
2643 552 2982 607 consolabor.
3031 551 3114 606 Me
3167 551 3310 605 enim
3345 569 3441 605 vo-

186 641 333 694 κοῦσι
355 639 508 695 πόλιν
543 640 789 715 θαρρεῖν,
823 651 860 673 ’³
884 641 1227 716 δικαιοσύνῃ.

1878 641 2028 696 lente
2062 643 2263 708 solum,
2291 642 2498 713 quaevis
2524 645 2578 698 in
2604 655 2856 715 promptu
2885 651 2968 698 est
2996 642 3234 713 pretiosa
3271 653 3441 697 mate-

183 733 280 796 ria,
311 733 356 788 si
391 748 488 804 per
518 733 901 804 pmnitentiam
935 734 1084 804 digni
1125 735 1287 791 ﬁatis.
1317 735 1471 803 Quod
1499 736 1545 793 si
1576 734 1723 794 istud
1764 733 1930 800 desit,
1973 735 2210 790 otiosam
2240 745 2294 791 et
2317 751 2516 791 vanam
2565 750 2690 794 esse
2756 737 3184 808 promissionem
3226 742 3441 792 certum

183 839 281 886 est.
322 829 405 885 Ad
443 845 539 886 eos
579 830 750 896 enim,
782 831 876 900 qui
914 829 1122 902 degunt
1155 847 1222 886 ex
1253 831 1389 904 legis
1419 831 1762 905 prmscripto,
1803 838 2056 902 spectant
2086 831 2654 903 promissiones;quo
2681 831 2777 888 Dei
2811 832 3098 902 discipulos
3160 832 3265 888 hoc
3325 829 3446 887 loco

183 923 438 978 nominat.
479 919 646 979 Docet
673 930 967 993 praeterera
990 937 1096 978 non
1127 925 1289 996 622
1339 925 1616 982 moenibus
1641 930 1853 980 tantum
1894 931 1949 980 et
2010 925 2334 982 custodibus
2363 966 2376 990 ,
2437 924 2534 982 sed
2599 924 2815 995 justitia
2865 924 3027 980 etiam
3095 934 3269 982 tutam
3325 939 3448 982 esse
3494 889 3512 918 l

182 1017 474 1074 civitatem.

245 1110 416 1166 Τοῦτο
472 1111 582 1184 γάρ
634 1112 719 1177 τὸ,
778 1113 850 1167 ἐν
887 1113 1244 1184 δικαιοσύνῃ
1281 1113 1750 1186 οῑκοδομηθήσῃ.

184 1201 400 1274 Ταύτην
421 1202 530 1273 γὰρ
561 1204 878 1258 ἀσκούντων
929 1207 1025 1259 καὶ
1047 1205 1116 1259 τὰ
1148 1204 1331 1276 ὑψηλά
1357 1206 1457 1276 τῆς
1499 1204 1756 1276 Ἱεριχοῦς

183 1295 389 1348 ἀκονιτὶ
433 1293 711 1367 καθῄρητο
748 1295 927 1367 τείχη.
977 1296 1194 1369 Ταύτην
1226 1293 1322 1350 οὖν
1363 1295 1546 1351 ἀσκῶν
1587 1295 1647 1348 ού
1682 1294 1760 1366 μὴ

182 1384 530 1454 φοϐηθήσῃο
571 1385 775 1456 μᾶλλον
818 1385 877 1439 δὲ
921 1385 1369 1456 ἀκαταγώνιστος
1414 1386 1535 1459 ἔσῃ,
1562 1386 1637 1450 ὡς
1666 1386 1762 1439 καὶ⁹

181 1475 245 1530 τὰ
268 1475 457 1547 κύκλῳ
486 1476 826 1548 πολεμοῦντά
857 1495 918 1532 σε
946 1478 1080 1551 γένη
1113 1479 1473 1551 παροικήσειν
1500 1479 1650 1550 ύμῖν,
1668 1477 1763 1530 καὶ

182 1565 268 1635 ὑφ’
321 1565 480 1637 ὑμῶν
539 1566 874 1638 βοηθεῖσθαι,
931 1567 1030 1638 τῆς
1065 1567 1208 1638 ἐμῆς
1253 1568 1424 1638 ῥοπῆς
1482 1563 1764 1636 παρούσης

181 1657 324 1728 ὑμῖν.
364 1659 440 1711 Τὸ
476 1660 762 1730 ἀκάματον
795 1661 851 1713 δὲ
901 1663 1004 1732 τῆς
1040 1661 1238 1714 ἑαυτοῦ
1274 1660 1509 1731 φύσεως,
1559 1660 1655 1714 καὶ
1705 1657 1766 1710 τὸ

180 1749 270 1803 ἀπ’
319 1749 572 1817 ἐξουσίας
632 1751 777 1819 ἀπερ
809 1751 875 1807 ἂν
907 1752 1083 1807 ἐθέλοι
1116 1755 1292 1807 ποιεῖν
1326 1753 1386 1817 ἐξ
1431 1752 1767 1823 ἀναιρέσεως

179 1841 294 1896 τῶν
328 1841 748 1913 χωκευτικῶν
774 1845 1073 1916 παρίστησι
1096 1844 1332 1916 μόχθων.
1350 1841 1526 1905 Κτίζω
1553 1843 1633 1909 δὲ,
1660 1861 1762 1914 φη-

181 1933 282 1998 σὶν,
313 1934 378 1988 οὐ
407 1935 627 1989 σκοπῶν
655 1936 958 1994 ἀπολέσαι
997 1937 1058 1990 τὸ
1101 1936 1399 2008 παραχθέν.
1433 1936 1506 1989 Ob
1541 1935 1649 2007 γὰρ
1681 1935 1766 1989 ἵνα

181 2028 366 2098 σχοῑην
413 2026 510 2091 οὒς
558 2029 967 2099 τιμωρήσομαι,
999 2029 1126 2093 τοὺς
1160 2028 1483 2099 ἀνθρώπους
1511 2026 1765 2096 ἐποίησα,

179 2111 236 2178 ἐξ
262 2114 606 2185 ἀγαθότητος
655 2115 711 2168 δὲ
770 2114 1002 2182 κτίζων,
1041 2117 1158 2187 μετ’
1210 2116 1382 2185 αὐτῆς
1430 2117 1524 2171 καὶ
1558 2115 1764 2170 διοικῶ.

189 2203 436 2273 Ἐχθρὦ
464 2204 518 2257 δέ
546 2221 650 2272 σοι,
681 2208 870 2276 φησιν,
896 2207 1162 2260 ἐπιόντων
1197 2204 1320 2260 πᾶν
1343 2206 1566 2272 σκεῦος
1595 2208 1770 2278 ἀργή-

182 2309 259 2346 σει
284 2294 627 2365 πολεμικόν·
661 2297 736 2359 ὡς
762 2296 872 2368 γὰρ
914 2297 1160 2352 Ἰουδαῖοι
1189 2299 1367 2352 πάντα
1401 2299 1612 2353 δίκαιον
1647 2297 1769 2368 ἐμί-

183 2403 330 2450 σουν,
356 2387 699 2459 δύσχρηστον
721 2388 1018 2453 καλοῦντες
1057 2389 1220 2444 αὐτόν
1246 2407 1258 2420 ·
1300 2389 1473 2452 οὕτως
1494 2392 1542 2442 οἱ
1588 2389 1772 2460 κύκλῳ

181 2475 278 2542 τῆς
327 2476 589 2541 Ἰουδαίας
637 2477 997 2532 θεοσεϐοῦντα
1034 2480 1127 2532 τὸν
1173 2479 1300 2532 λαὸν
1342 2480 1770 2550 ἀπεστρέφοντο,

183 2566 634 2638 δυσχεραίνοντες
665 2568 750 2638 ἐφ’
781 2563 861 2628 οἷς
886 2569 1024 2622 Θεοῦ
1053 2569 1227 2641 ῥοπὴν
1266 2569 1452 2641 ἑώρων
1493 2571 1772 2640 παροῦσαν

185 2659 395 2722 αὐτοῖς.
422 2661 626 2714 Λοιπὸν
654 2660 929 2715 δείκνυσιν
963 2663 991 2715 ὁ
1023 2663 1311 2733 προφήτης
1335 2663 1408 2725 ὡς
1439 2664 1540 2716 οὐκ
1569 2662 1774 2733 ἄψυχον

184 2750 410 2817 σκεῦος
438 2751 679 2806 διακονεῖ
722 2753 802 2824 τῷ
835 2753 976 2822 Θεῷ,
1008 2753 1125 2807 ἀλλ’
1154 2753 1229 2817 ὡς
1264 2753 1361 2807 καὶ
1403 2753 1566 2817 αὐτὸς
1635 2771 1774 2825 παρ-

186 2843 560 2913 ακολούθησιν
579 2844 718 2916 ἔχων
737 2845 845 2900 τῶν
866 2846 1278 2916 πραττομένων,
1297 2847 1328 2918 ἢ
1349 2848 1578 2918 ἐπιτιμᾷ
1599 2849 1776 2920 ἁμαρ-

185 2935 410 2988 τάνουσι
433 2935 810 3005 λέγωνἰούαὶ
829 2936 978 3002 ἔθνος
1000 2939 1341 3010 ἁμαρτωλόν·
1356 2939 1416 3009 »ἢ
1439 2940 1775 3010 ἀμελοῦντας

188 3029 601 3096 διανίστησιν,
627 3028 817 3101 ὥσπερ
837 3029 930 3083 καὶ
960 3029 1074 3096 νῦν,
1104 3030 1218 3083 Ούκ
1256 3030 1405 3084 ἔσται
1445 3047 1547 3095 σοι,
1589 3032 1774 3102 φησὶν,

189 3121 457 3191 ἀνόνητον
487 3120 550 3173 τὸ
573 3120 854 3174 πιστεύειν
891 3121 1032 3193 Θεῷ,
1065 3122 1182 3175 ἀλλ’
1212 3120 1356 3186 ἕξεις
1383 3121 1607 3186 ἐλπίδας
1641 3127 1782 3189 κλη-

1865 1096 1877 1106 ’
1931 1106 2050 1163 Ποο
2087 1105 2232 1161 enim
2272 1103 2474 1168 innuit,
2515 1116 2640 1156 cum
2680 1102 2733 1154 in
2783 1099 3006 1170 justitia
3062 1097 3441 1168 a’diﬁcaberis,

1858 1198 2078 1269 adjecit.
2122 1197 2276 1252 Hanc
2307 1196 2452 1250 enim
2480 1194 2571 1264 qui
2597 1193 2815 1257 colunt;
2844 1189 3062 1246 velalta
3105 1188 3445 1246 Jerichuntis

1859 1291 2063 1349 moenia
2102 1289 2255 1344 nullo
2276 1287 2497 1358 negotio
2543 1286 2840 1356 dejecerint
2871 1284 2940 1337 ⁸⁸.
2970 1282 3160 1354 Itaque
3209 1298 3318 1338 non
3365 1291 3451 1338 cst

1860 1383 2009 1454 quod
2038 1383 2246 1446 timeas,
2312 1381 2358 1436 si
2415 1395 2534 1435 eam
2595 1377 2966 1448 amplecteris.
3030 1375 3146 1431 lmo
3189 1390 3322 1431 vero
3374 1375 3448 1430 ita

1863 1475 2068 1531 invicta
2097 1473 2281 1529 futura
2303 1488 2362 1529 es
2385 1513 2399 1538 ,
2435 1483 2492 1525 ut
2550 1472 2643 1542 qui
2677 1481 2728 1526 te
2757 1469 3004 1540 undique
3061 1469 3451 1531 adoriebantur

1862 1567 2068 1641 populi,
2098 1566 2325 1637 tuajam
2368 1565 2592 1631 vicinia,
2627 1572 2830 1633 tuoque
2861 1562 3090 1624 auxilio,
3128 1577 3252 1616 eum
3295 1578 3450 1617 meus

1864 1662 1964 1718 tibi
2025 1660 2184 1715 favor
2243 1658 2565 1722 accesserit,
2605 1657 2706 1712 sibi
2767 1655 2954 1711 felices
3009 1655 3322 1710 videantur.
3371 1652 3451 1710 Eo

1864 1762 2047 1809 autem
2076 1741 2386 1807 indefessas
2426 1761 2635 1804 naturae
2689 1763 2800 1803 suae
2835 1748 2979 1801 vires
3037 1756 3090 1800 ct
3126 1753 3450 1815 potestatem

1871 1841 2167 1914 signiﬁcat,
2200 1839 2345 1912 quod
2366 1855 2424 1894 se
2451 1838 2602 1892 nullo
2645 1837 2852 1902 labore,
2876 1850 3220 1907 quaecunque
3266 1835 3454 1888 volue-

1873 1935 1967 2002 rit,
2012 1942 2204 1988 contra
2266 1930 2582 1985 wrariorum
2640 1943 2867 1994 morem,
2919 1926 3238 1982 effecturum
3295 1925 3450 1980 dicit.

1873 2025 2135 2096 Adjungit
2161 2024 2326 2080 etiam
2363 2038 2471 2078 non
2507 2036 2572 2077 eo
2604 2036 2664 2076 se
2694 2022 2819 2083 line,
2855 2030 2912 2074 ut
2941 2019 3122 2088 perdat
3154 2021 3298 2090 quod
3339 2018 3458 2073 edi-

1872 2119 1972 2183 dit,
2007 2131 2206 2171 creare.
2239 2113 2428 2184 Neque
2457 2113 2603 2167 enim
2631 2128 2712 2178 se,
2739 2119 2797 2167 ut
2820 2111 3042 2166 haberet
3067 2126 3203 2181 quos
3227 2109 3458 2165 ulcisce-

1875 2218 2044 2276 retur,
2078 2208 2327 2263 homines
2365 2205 2598 2271 fecisse;
2648 2205 2743 2261 sed
2791 2220 2898 2274 qua
2933 2205 3179 2260 bonitate
3236 2202 3455 2268 creavit,

1875 2299 2061 2355 eadem
2088 2305 2142 2354 et
2172 2297 2297 2353 illos
2340 2297 2668 2368 gubernare.
2699 2293 2966 2350 llostibus
2999 2309 3163 2364 porro
3197 2292 3460 2363 ingruen-

1889 2391 2061 2457 tibus,
2107 2390 2204 2454 ait,
2233 2404 2385 2443 omne
2424 2404 2517 2442 vas
2548 2385 2748 2442 hostile
2780 2383 3042 2440 cessabit.
3082 2381 3152 2438 Ut
3189 2383 3334 2438 enim
3369 2381 3460 2452 ju-

1876 2492 2019 2540 stum
2043 2481 2342 2553 quemlibet
2383 2479 2612 2534 oderant
2643 2475 2836 2544 Judtci,
2866 2476 3225 2546 inutilemque
3253 2473 3462 2530 vocita-

1875 2576 2038 2638 bant,
2066 2573 2147 2629 sic
2179 2582 2233 2627 et
2262 2570 2426 2625 vicini
2459 2569 2699 2638 undique
2743 2567 2892 2638 pium
2937 2565 3250 2620 Judaaorum
3284 2580 3460 2637 popu-

1878 2668 1990 2722 lum
2028 2663 2152 2719 ideo
2197 2661 2611 2724 aversabantur,
2649 2657 2796 2729 quod
2827 2657 3002 2712 eidem
3048 2655 3217 2710 Deum
3268 2656 3462 2712 adesse

1880 2756 2156 2812 videbant.
2196 2753 2465 2823 Deinceps
2510 2769 2568 2808 se
2596 2753 2884 2823 propheta,
2919 2766 3033 2805 non
3068 2758 3331 2820 tanquam
3368 2767 3460 2806 va:

1879 2849 2101 2920 aliquod
2129 2848 2388 2914 inauime,
2417 2845 2528 2899 Deo
2559 2844 2895 2906 subservire.
2926 2844 3020 2898 sed
3051 2857 3239 2898 eorum
3271 2843 3460 2907 etiam,

1881 2958 2000 3013 qua:
2028 2948 2293 3012 geruntur
2342 2938 2591 2992 notitiam
2625 2937 2828 2991 habere
2885 2935 3091 2990 indicat
3121 2953 3134 3002 ;
3170 2936 3323 3000 dum,
3368 2943 3464 2988 aut

1882 3032 2266 3108 peccatoribus
2319 3041 2772 3087 succensetzcum
2827 3029 2976 3100 genti
3020 3029 3322 3100 peccatrici
3359 3028 3460 3082 im-

1885 3134 2180 3198 precatur:
2235 3134 2330 3180 aut
2379 3124 2609 3194 supinos
2671 3131 2724 3178 et
2767 3123 3104 3192 negligentes
3137 3121 3369 3186 excitat;
3408 3129 3469 3175 ut

188 3214 451 3283 ρονόμος
503 3214 759 3282 γενέσθαι
815 3213 984 3268 Θεοῦ.
1025 3215 1121 3277 Ὃς
1165 3215 1258 3266 καὶ
1286 3212 1638 3278 αὐτεξούσιον
1673 3216 1773 3269 δει-

1889 3218 1991 3271 hoc
2024 3216 2162 3277 loco,
2191 3229 2315 3268 cum
2351 3213 2424 3276 ei,
2446 3213 2492 3268 si
2522 3212 2634 3268 Deo
2665 3210 2877 3273 credat,
2904 3227 3012 3264 non
3064 3209 3312 3264 futurum
3381 3209 3469 3264 in-

192 3307 326 3370 κνὺς
355 3306 459 3376 τὴν
482 3305 703 3378 ἀρετὴν,
730 3305 895 3378 φησίν
919 3323 932 3339 ο
964 3305 1229 3361 Ἕσεσθέ
1255 3323 1355 3375 μοι
1385 3306 1621 3361 δίκαιοι.

788 3559 1037 3627 ΚΕΦΑΛ.
1078 3571 1203 3625 NE’.

261 3672 436 3736 a-t‘f'.
482 3664 550 3719 οι
585 3660 903 3733 διψῶντες,
943 3663 1275 3731 πορεύεσθε
1325 3661 1418 3732 ἐφ’
1447 3661 1626 3730 ὕδωρ,
1689 3663 1787 3717 καὶ

197 3759 336 3814 ὅσοι
371 3757 460 3828 μὴ
483 3758 655 3825 ἔχετε
685 3755 991 3825 ἀργύριον,
1022 3753 1395 3820 βαδίσαντες
1429 3753 1785 3824 ἀγοράσατε,

197 3851 301 3905 καὶ
335 3851 506 3903 alata
549 3847 697 3902 ἄνευ
728 3845 1014 3917 ἀργυρίου
1047 3847 1148 3900 καὶ
1207 3845 1404 3916 τιμῆς,
1464 3843 1635 3901 οἶνον
1689 3848 1790 3901 καὶ

197 3942 410 4011 στέαρ.
455 3941 582 3996 Ἵνα
609 3939 668 3994 τί
689 3939 937 4010 τιμᾶσθε
961 3939 1246 4008 ἀργυρίου
1273 3939 1370 3992 καὶ
1405 3939 1513 3992 τὸν
1555 3941 1790 4009 μόχθον

199 4031 378 4102 ὑμῶν
406 4031 518 4086 οὐκ
567 4031 656 4095 εις
704 4029 1074 4100 πλησμονήν
1107 4045 1125 4093 ;
1171 4028 1486 4082 Ἀκούσατέ
1518 4046 1660 4099 μου,
1691 4030 1788 4083 καὶ

199 4126 472 4198 φάγεσθε
523 4120 735 4191 ἀγαθὰ,
782 4120 882 4175 καὶ
925 4117 1289 4186 ἐντρυφήσει
1341 4119 1418 4172 ἐν·
1455 4119 1698 4188 ἀγαθοῖς
1748 4121 1786 4188 ἡ

199 4217 379 4290 ψυχῆ
414 4213 617 4286 ὑμῶν,
653 4232 706 4268 κ.
740 4231 791 4268 τ.
822 4212 872 4267 λ.

284 4310 350 4364 Ὀ
380 4307 617 4380 Χριστὸς
646 4307 813 4358 πᾶσιν
864 4304 1195 4375 ἐκήρυττενο
1234 4321 1252 4353 ι
1288 4302 1354 4355 E’.’
1377 4320 1460 4366 τις
1510 4303 1660 4375 διψᾷ,
1697 4307 1791 4376 ἐρ-

207 4403 390 4474 χέσθω
419 4401 557 4472 πρός
584 4417 703 4472 με,›
738 4398 1018 4468 ποταμοὺς
1043 4399 1106 4449 ἐκ
1125 4396 1224 4468 τῆς
1243 4397 1450 4460 κοιλίας
1466 4398 1632 4452 αὐτοῦ
1663 4399 1790 4471 ῥεύ-

207 4511 328 4550 σειν
392 4492 586 4558 εἰπὼν,
645 4490 714 4544 δι’
767 4483 842 4544 ὧν
891 4488 1084 4560 ἐδήλου
1131 4489 1192 4541 τὸ
1241 4487 1469 4561 Πνεῦμα
1501 4493 1562 4543 τὸ
1614 4490 1790 4562 ἅγιον.

1888 3309 2039 3370 utile,
2069 3307 2160 3362 sed
2199 3321 2351 3376 spem
2386 3304 2578 3360 divina:
2608 3301 2938 3356 Itwreditati‘s
2964 3300 3466 3358 adeundaebabitu-

1886 3411 2005 3449 rum
2037 3393 2267 3449 asserit:
2314 3406 2437 3446 cum
2476 3389 2714 3457 denique
2756 3387 2939 3442 liberze
2991 3389 3285 3456 potestatis
3344 3405 3468 3442 esse

1885 3486 2142 3539 virtutem
2167 3483 2574 3541 demonstrans,
2607 3480 2782 3549 justas
2809 3478 2908 3531 sibi
2936 3477 3048 3546 fore
3072 3475 3322 3530 allirmat.

2564 3571 2714 3626 CAP.
2749 3568 2858 3623 LV.

1955 3667 2118 3738 623
2153 3666 2316 3722 Vsus.
2356 3664 2510 3718 1-15.
2540 3661 2641 3728 Qui
2685 3663 2868 3728 sititis,
2921 3663 2994 3715 ite
3048 3663 3116 3714 ad
3170 3675 3384 3729 aquam,
3419 3667 3470 3714 et

1887 3768 2139 3831 quotquot
2169 3775 2272 3812 non
2307 3755 2511 3811 habetis
2541 3763 2843 3826 argentum,
2878 3763 3058 3808 etmtes
3098 3753 3273 3814 emite,
3316 3762 3365 3806 et
3390 3748 3472 3804 bi-

1891 3852 1993 3906 bite
2029 3853 2222 3922 absque
2247 3859 2465 3920 argento
2485 3857 2531 3902 et
2556 3847 2724 3918 pretio
2747 3847 2929 3900 viuum
2966 3855 3010 3898 et
3038 3844 3270 3914 adipem.
3294 3842 3474 3908 Quare

1890 3943 2183 4013 expenditis
2226 3953 2500 4013 argentum
2533 3957 2636 3994 non
2662 3941 2714 3993 in
2754 3939 3074 4006 panibus,et
3115 3937 3350 3992 laborem
3389 3951 3475 3990 ve-

1893 4047 2061 4091 strum
2091 4052 2192 4090 non
2217 4035 2271 4088 in
2293 4033 2619 4089 saturitate?
2649 4031 2845 4085 Audite
2870 4047 2949 4085 me
2965 4040 3019 4084 ει·
3041 4030 3296 4085 comedite
3315 4027 3473 4092 bona,

1894 4143 1939 4184 et
1967 4128 2372 4183 deliciabiturin
2398 4125 2550 4181 bonis
2575 4126 2756 4180 anima
2789 4135 2983 4190 vestra,
3013 4133 3119 4180 etc.

1968 4303 2133 4377 624
2163 4303 2365 4360 Omnes
2422 4302 2688 4356 invitabat
2719 4299 2995 4365 Christus,
3041 4315 3166 4356 cum
3211 4300 3427 4355 diceret
3463 4318 3476 4354 ι

1905 4413 1923 4446 ι
1967 4393 2024 4449 Si
2065 4393 2189 4463 quis
2231 4392 2368 4456 sitit,
2409 4391 2592 4444 veniat
2643 4390 2710 4444 ad
2757 4405 2888 4456 me;
2924 4389 3148 4443 {lumina
3176 4388 3243 4443 de
3286 4399 3483 4442 ventre

1900 4488 2021 4557 ejus
2050 4485 2222 4540 ﬂuent
2254 4484 2306 4515 ⁸⁷
2337 4501 2351 4550 ;
2399 4502 2417 4534 ι
2461 4481 2662 4552 quibus
2695 4480 2879 4536 verbis
2916 4480 3182 4550 Spiritqu
3221 4487 3481 4534 sanctum

207 4589 326 4642 Καὶ
355 4585 497 4658 πρὸς
539 4583 640 4656 τὴν
670 4584 1001 4653 Σαμαρεῖτιν
1029 4579 1084 4634 δέ
1099 4597 1264 4651 φησιν
1287 4595 1302 4612 ο
1338 4599 1359 4634 ι
1404 4583 1501 4646 θ’ος
1532 4583 1576 4637 δ’
1606 4584 1672 4638 ἂν
1695 4587 1773 4660 πίἐ

1903 4575 2251 4648 signiﬁcavit.
2302 4572 2400 4628 Est
2431 4571 2630 4628 deinde
2668 4581 2722 4626 ct
2766 4570 3153 4626 Samaritidem
3205 4569 3484 4624 allocutus

207 4682 277 4734 ὲκ
306 4678 405 4734 τοῦ
433 4676 650 4741 ὓδατος,
689 4668 750 4730 οῦ
777 4673 888 4744 ἐγὼ
909 4672 1065 4727 δώσω
1122 4672 1294 4744 αὐτῷ,
1324 4675 1562 4746 ποταμοὶ
1605 4677 1668 4731 ἐκ
1701 4659 1773 4751 τῆῖ

1904 4671 1993 4726 his
2019 4668 2199 4722 verbis
2234 4685 2247 4720 :
2288 4685 2302 4716 ι
2345 4664 2450 4731 Qui
2477 4663 2680 4719 biberit
2713 4678 2935 4731 aquam,
2969 4678 3132 4733 quam
3179 4675 3280 4731 ego
3317 4659 3484 4727 dabo,

211 4772 425 4835 κοιλίας
455 4767 623 4824 αὐτοῦ
657 4767 942 4840 ῥεύσουσιν
987 4765 1181 4828 ὓδατος
1213 4764 1436 4831 ζῶντος.
1477 4787 1494 4820 ι
1539 4769 1677 4841 Περὶ
1697 4772 1764 4825 αύ

1901 4759 2129 4816 ﬂumina
2175 4757 2241 4811 de
2283 4762 2476 4810 ventre
2503 4754 2622 4823 ejus
2657 4751 2825 4806 ﬂuent
2888 4767 3045 4821 aqua:
3073 4749 3311 4804 viventis
3344 4748 3414 4803 ⁸⁸.
3461 4767 3481 4800 ι

211 4863 308 4917 τοῦ
328 4863 389 4917 δὲ
422 4860 517 4916 τοῦ
542 4859 778 4933 Χριστοῦ
825 4858 989 4914 Δαϐὶδ
1023 4857 1175 4927 ἔλεγε
1201 4875 1213 4886 ’
1259 4878 1277 4910 ι
1316 4859 1422 4911 Καὶ
1452 4859 1542 4914 τὸν
1570 4865 1772 4936 χειμάῤ

1901 4854 1978 4910 De
2013 4850 2239 4906 (Ihristo
2270 4856 2453 4902 autem
2502 4847 2622 4916 ipso
2666 4846 2719 4898 in
2775 4844 2891 4898 haec
2935 4845 3102 4898 verba
3142 4843 3366 4896 locutus
3402 4849 3485 4898 est

217 4958 346 5027 ρουν
373 4957 478 5026 τῆς
506 4955 718 5025 τρυφῆς
775 4967 869 5004 σου
904 4952 1112 5012 ποτιεῖς
1167 4947 1385 5014 αὐτοὺς,
1425 4950 1505 5004 ὅτι
1533 4954 1684 5025 παρὰ
1719 4973 1773 5008 σο

1903 4943 2112 4999 David:
2152 4961 2169 4994 ι
2210 4941 2274 4996 Et
2330 4949 2574 4994 torrente
2621 4937 2944 4993 deliciarum
3004 4944 3222 4990 tuarum
3269 4931 3489 5003 potabis

217 5046 371 5118 πηγὴ
393 5045 562 5111 ζωῆς.
600 5062 618 5096 ι
653 5043 762 5098 Καὶ
800 5042 992 5097 πάλιν·
1028 5059 1046 5092 ι
1082 5039 1187 5093 Τοῦ
1235 5041 1483 5112 ποταμοῦ
1529 5044 1599 5098 τά
1627 5047 1772 5118 ὁρμή

1901 5057 2019 5105 eos,
2045 5038 2304 5110 quoniam
2338 5033 2484 5105 apud
2537 5041 2588 5088 te
2616 5030 2739 5086 fons
2764 5039 2850 5086 est
2878 5029 3003 5084 vitae
3022 5029 3088 5082 ⁸³.
3126 5048 3144 5080 ι
3187 5029 3434 5095 Itemque
3470 5045 3484 5079 :

223 5155 371 5208 ματα
404 5133 760 5206 εὐφραίνουσι
803 5133 902 5204 τὴν
953 5132 1107 5185 πόλιν
1151 5130 1248 5183 τοῦ
1293 5132 1452 5187 Θεοῦ.
1493 5154 1511 5188 ι
1541 5137 1713 5200 Αὐτὸς
1745 5138 1771 5190 ὁ

1908 5155 1924 5186 ι
1953 5132 2218 5188 Fluminis
2260 5131 2499 5199 impetus
2545 5125 2827 5181 laetiﬁcant
2879 5123 3159 5177 civitatem
3219 5119 3316 5174 Dei
3347 5119 3414 5172 π.
3463 5135 3484 5170 ι

222 5227 412 5298 ῑλεγεν
442 5231 500 5281 ὲν
530 5227 839 5298 προφήταις
867 5223 1102 5296 Χριστός
1123 5239 1136 5254 °
1179 5242 1198 5274 ι
1247 5224 1377 5278 Ἰδοὺ
1415 5225 1527 5293 ἐγὼ
1569 5230 1773 5283 ὲκκλίνι

1906 5227 1969 5282 Ει
1998 5227 2064 5282 de
2091 5241 2151 5281 se
2179 5225 2231 5278 in
2257 5221 2546 5294 prophetis
2575 5219 2837 5275 Christus
2873 5236 2886 5271 :
2924 5235 2940 5267 ι
2980 5213 3120 5268 Ecce
3147 5227 3248 5283 ego
3278 5211 3490 5266 inclino

223 5293 542 5386 ἐπ”αύτοὺς
569 5293 1163 5390 ωςνποταμδς-εἰρήνης
1184 5333 1196 5347 ·
1239 5335 1257 5367 ι
1299 5318 1436 5389 φησι
1467 5318 1524 5372 δὲ
1557 5321 1648 5374 καὶ
1697 5325 1773 5376 Ζιι

1902 5320 1954 5372 in
1988 5332 2108 5380 eos,
2131 5293 2391 5384 tanquam
2421 5311 2618 5365 ﬂuvius
2644 5309 2798 5380 pacis
2843 5307 2910 5358 θ’.
2966 5323 2983 5355 i
3017 5302 3080 5355 Et
3113 5301 3233 5356 Jool
3267 5302 3434 5356 etiam
3470 5317 3486 5355 :
3519 5293 3532 5302 ”

225 5413 421 5484 χαρίας
456 5421 506 5480 ιι,
537 5411 622 5466 ὅτι
656 5428 676 5463 ι
714 5410 872 5482 Πηγὴ
903 5409 967 5462 ὲκ
1020 5405 1114 5460 τοῦ
1155 5408 1306 5463 οἴκου
1359 5411 1565 5483 Κυρίου
1594 5414 1773 5481 ὲξελεύ

1907 5409 2050 5464 Fons
2085 5409 2151 5462 de
2179 5407 2342 5461 domo
2381 5402 2599 5457 Domini
2651 5397 2988 5470 egredietur,
3013 5401 3067 5448 et
3117 5392 3327 5462 potabit
3376 5400 3492 5446 tor-

229 5525 406 5573 σεται,
432 5508 528 5562 καὶ
561 5509 740 5562 ποτιεῖ
785 5507 878 5559 τὸν
911 5501 1251 5575 χειμάρρουν
1305 5501 1412 5557 τῶν
1465 5503 1734 5574 σχοινίων.

1907 5500 2431 5570 rentemjuncoruin
2472 5497 2540 5548 θ’.
2578 5513 2594 5544 ι
2642 5490 2721 5545 Ad
2752 5489 2868 5544 haec
2896 5486 3065 5558 igitur
3110 5491 3166 5540 et
3221 5485 3324 5539 hoc
3372 5483 3493 5538 loco

295 5623 344 5658 ⁸⁸
365 5621 536 5679 Josue
565 5640 638 5688 \'l,
660 5623 695 5692 _i
732 5638 886 5692 seqq.
937 5690 950 5692 _
981 5619 1026 5652 ⁸⁷
1071 5615 1228 5670 Joan.
1260 5633 1355 5684 vn,
1389 5621 1476 5675 58.
1556 5623 1602 5654 θα
1631 5621 1764 5676 Joan

1882 5640 1903 5688 ',
1941 5621 2023 5687 15,
2059 5621 2143 5674 Μ.
2221 5622 2264 5650 δελ
2298 5619 2622 5681 Psal.xxxv,
2650 5616 2701 5670 9.
2780 5614 2825 5644 ⁹⁰
2850 5610 3136 5672 Psal.x1.v,
3177 5605 3230 5661 5.
3307 5603 3351 5634 9'
3384 5604 3490 5657 tsa.

228 5707 377 5758 uvt,
408 5694 499 5749 12.
575 5696 622 5727 ⁹¹
651 5690 768 5749 Joel
802 5690 984 5757 (11,18.

1536 5789 1619 5844 VA
1632 5788 1767 5844 [{le
1812 5783 2221 5843 LECTIONES.

303 5893 342 5922 ⁸³
378 5885 466 5940 Ia.
505 5884 639 5938 ἀλλὰ
681 5886 772 5938 καὶ
799 5887 884 5956 τῇ.
977 5892 1002 5919 ³³
1045 5902 1127 5952 π).
1174 5883 1346 5955 Ἰώηλ.
