3940 6540
495 438 630 508 9551
1792 442 2144 507 PROCOPII
2168 443 2409 507 GAZ/El
3611 443 3766 505 25-52

496 555 824 614 adhortatur
853 556 1142 628 propheta,
1175 556 1380 612 donum
1415 558 1587 628 gratis
1645 558 1903 612 omnibus
1949 568 2067 624 pro-
2100 602 2103 611 .

2207 555 2320 624 Ιρὸς
2341 554 2377 609 ὃ.
2406 553 2502 609 νῦν
2530 557 2624 609 καὶ
2653 555 2684 608 ό
2709 556 2994 627 προφήτης
3018 555 3350 626 παρακαλεῖ,
3392 556 3595 625 προῖκα
3625 555 3764 606 πᾶσι

497 649 626 720 poni
654 663 933 706 asserens.
966 647 1168 702 Verum
1203 650 1315 703 sine
1358 650 1768 704 commutatione
1815 651 1992 704 vinum
2022 659 2072 704 et

2207 646 2358 714 λέγων
2385 647 2705 718 προκεῖσθαι
2735 649 2834 718 τὴν
2862 648 3089 719 δωρεάν.
3136 647 3372 711 Ἀκύλας
3407 647 3464 700 δὲ
3488 647 3588 700 καὶ
3613 646 3768 714 Σύμ-

501 739 587 796 lac
600 738 959 794 reddiderunt
982 740 1210 810 Aquilas
1233 748 1287 795 et
1303 739 1692 811 Symmachus,
1713 751 1773 797 ut
1788 741 1854 795 ad
1878 756 2070 811 aquam

2207 755 2377 809 ιαχος,
2418 740 2600 793 Ἀνευ
2626 739 3012 809 ἀλλάγματος
3032 736 3200 794 οἷγον
3222 738 3320 792 καί
3344 737 3526 807 τάλα,
3575 737 3770 806 φασιν,

500 827 610 884 ista
643 829 1057 900 responderent.
1104 828 1212 886 Pro
1256 832 1411 900 adipe
1464 832 1611 888 enim
1661 832 1746 887 tae
1797 831 2072 888 dixerunt.

2207 828 2258 892 ὓς
2286 822 2425 882 εἶναι
2445 827 2617 882 ταῦτα
2644 829 2779 900 πρὸς
2795 829 2871 899 τῷ
2891 828 3087 882 ὕδατι.
3123 829 3273 882 Ἀντὶ
3289 828 3400 899 γὰρ
3428 826 3524 881 τοῦ
3551 826 3768 894 στέαρ,

504 920 862 990 Signiﬁcatur
885 935 1049 990 porro
1072 937 1222 992 aqua:
1253 925 1474 979 nomine
1519 923 1800 994 Evangelii
1828 921 2074 994 promul-

2207 919 2340 985 ’ἀλα
2374 920 2526 990 φασί.
2547 921 2707 992 Δηλοῖ
2721 921 2778 974 δὲ
2807 920 2868 974 τὸ
2896 919 2997 990 μὲν
3020 919 3199 989 ὕδωρ,
3215 920 3277 974 τὸ
3299 919 3659 987 εὐαγγελικὺν
3670 919 3772 988 κή-

502 1011 783 1080 gatiozut
845 1012 952 1067 vini
1000 1020 1066 1065 et‘
1087 1014 1262 1076 lactis,
1315 1015 1546 1085 mystica
1587 1012 2074 1084 regeneratio.Qui

2207 1026 2392 1080 πυγμα.
2426 1007 2601 1075 Οἶνος
2619 1010 2676 1063 δὲ
2715 1010 2811 1063 καὶ
2840 1010 2995 1079 γάλα
3023 1009 3094 1063 τὰ
3123 1009 3362 1078 μυστικὰ
3397 1010 3497 1079 τῆς
3530 1010 3775 1076 ἀναγεν-

501 1103 652 1156 enim
689 1117 829 1172 aqua
885 1112 938 1157 et
975 1103 1186 1173 Spiritu
1223 1116 1414 1161 sancto
1465 1114 1885 1177 regenerantur,
1925 1105 2075 1160 verbi

2207 1100 2396 1170 ιήσεως
2428 1098 2695 1170 σύμϐολα.
2757 1100 2819 1152 Οἱ
2872 1098 2981 1169 γὰρ
3010 1098 3068 1163 ἐξ
3101 1097 3292 1160 ὓδατος
3315 1099 3412 1151 καὶ
3449 1096 3776 1166 πνεύματος

503 1187 758 1243 rationali
783 1190 938 1256 lacte,
982 1201 1240 1260 tanquam
1277 1201 1528 1248 recenter
1550 1193 1667 1248 nati
1705 1193 1946 1248 infantes
1971 1208 2078 1247 nn-

2207 1193 2641 1264 ιναγεννώμενοι,
2686 1193 2761 1257 ὡς
2812 1192 3172 1264 ἀρτιγέννητα
3215 1191 3392 1263 βρέφη
3428 1191 3506 1262 τῷ
3560 1189 3779 1258 λογικῷ

504 1280 749 1334 trinntur
777 1280 843 1346 ”,
882 1283 1159 1352 vinumque
1201 1284 1332 1339 illud
1362 1285 1575 1348 bibunt,
1600 1285 1669 1340 de
1694 1299 1805 1356 quo
1833 1284 2034 1340 dicitur
2063 1301 2077 1338 :

2207 1285 2472 1356 τρέφονται
2511 1285 2786 1354 γάλακτι,
2810 1279 2980 1338 οἶνόν
3004 1300 3070 1338 τε
3096 1282 3332 1348 πίνουσι,
3361 1285 3488 1352 περὶ
3511 1276 3574 1336 οῦ
3596 1297 3774 1351 φησι·

513 1389 531 1418 ι
557 1367 656 1424 llic
684 1380 770 1426 est
797 1372 1023 1442 sanguis
1053 1389 1207 1430 mens
1233 1374 1324 1444 qui
1350 1390 1448 1445 pro
1463 1375 1620 1435 vobis
1637 1375 2028 1430 eﬂ’unditnr“.
2055 1393 2074 1424 ι

2207 1398 2212 1430 ι
2253 1378 2424 1432 Τοῦτό
2449 1377 2549 1449 μού
2579 1379 2695 1432 ἐστι
2726 1377 2788 1432 τὸ
2831 1371 2971 1446 αἷμα
3001 1376 3064 1430 τὸ
3092 1377 3234 1448 ὑπὲρ
3262 1377 3416 1447 ὑμῶν
3457 1376 3781 1447 ὲκχυνὸμι-

509 1462 578 1515 Ει
608 1478 738 1517 vero
765 1463 966 1533 quibus
993 1465 1125 1519 olim
1153 1465 1389 1526 dabatur
1415 1465 1743 1536 baptismus,
1777 1467 1972 1522 iisdem
1997 1466 2081 1520 lac

2207 1488 2295 1524 ρον.
2339 1490 2358 1523 ι
2403 1471 2512 1524 Καὶ
2536 1469 2704 1524 πάλαι
2751 1468 2809 1524 δὲ
2858 1471 2974 1534 τοῖς
3017 1469 3409 1539 φωτιζομένοις
3441 1468 3599 1539 τάλα
3627 1468 3785 1538 μετὰ

509 1550 674 1604 etiam
713 1567 838 1607 cum
875 1566 1106 1622 corpore
1136 1563 1189 1608 et
1223 1554 1490 1624 sanguine
1511 1555 1899 1622 tribuebatur;
1933 1556 2078 1628 quod

2207 1561 2282 1616 τοῦ
2304 1564 2552 1633 σώματος
2587 1562 2958 1633 προσεφέρετο
2994 1562 3089 1615 καὶ
3132 1561 3224 1616 τοῦ
3265 1561 3519 1631 αἵματος.
3554 1561 3678 1614 Καὶ
3722 1558 3785 1613 εν

2188 1671 2299 1713 τισι
2327 1654 2385 1708 δέ
2413 1671 2573 1724 φασιν
2619 1653 2974 1724 Ἐκκλησίαις
3023 1654 3082 1707 τὸ
3115 1653 3237 1717 ἔθος
3260 1653 3342 1705 ἐτι
3374 1650 3781 1722 φυλάττεσθαι.

509 1735 754 1806 ldipsum
797 1747 851 1793 et
880 1737 1061 1797 Moses
1092 1739 1461 1806 adnmhravit,
1492 1755 1617 1801 cum
1657 1741 1931 1810 gratiosos
1963 1739 2084 1808 ejus

2207 1746 2362 1800 Γοῦτο
2388 1747 2483 1800 καὶ
2501 1747 2707 1817 Μωσῆς
2725 1745 2971 1816 ᾐνίττετο
2988 1744 3182 1813 λέγων·
3195 1763 3215 1796 ι
3239 1745 3483 1814 Χαροποὶ
3495 1743 3547 1796 οὶ
3565 1741 3787 1811 ὀφθαλο

512 1842 541 1876 a
564 1826 690 1880 vino
711 1827 920 1892 oculos,
940 1844 1063 1883 cum
1083 1827 1276 1889 dentes
1299 1830 1442 1884 lacte
1462 1824 1699 1884 albiores
1724 1843 1848 1884 esse
1866 1829 2081 1883 dixit”.

2207 1839 2286 1908 μοι
2323 1837 2488 1892 αὐτοῦ
2521 1837 2629 1892 ἀπὸ
2657 1838 2822 1892 οἴνου.
2867 1838 2977 1890 Καὶ
3035 1837 3220 1890 λευκοὶ
3256 1838 3306 1889 οί
3345 1833 3555 1898 ὀδόντες
3598 1832 3785 1888 αὑτοῦ

509 1915 673 1988 625
697 1917 977 1988 Significat
1001 1927 1180 1975 autem
1209 1936 1304 1992 per
1329 1921 1555 1991 adipem,
1577 1920 1832 1990 pinguem
1863 1919 2008 1973 illam
2031 1929 2084 1974 et

2207 1931 2240 1983 εί
2271 1937 2296 1981 ο
2325 1929 2488 1998 γάλα.
2525 1947 2545 1979 ι
2573 1927 2648 1983 Τὸ
2699 1929 2756 1982 δὲ
2781 1928 2986 1997 στέαρ,
3015 1928 3076 1982 τὸ
3109 1927 3339 1998 λιπαρὸν
3367 1926 3459 1979 καὶ
3496 1925 3786 1996 τρόφιμον

512 2009 714 2061 almam
780 2009 837 2063 in
875 2008 1097 2066 Christo
1131 2011 1238 2065 cibi
1279 2010 1638 2075 facultatem;
1678 2010 1730 2064 id
1769 2018 1853 2064 est
1884 2008 2086 2080 Christi

2207 2023 2288 2092 τῆς
2319 1999 2383 2074 ἐν
2407 2021 2626 2092 Χριστῷ
2655 2019 2864 2090 τροφῆς
2901 2020 3222 2085 αἰνίττεται,
3256 2019 3318 2072 τὸ
3367 2020 3527 2089 σῶμα
3572 2017 3785 2088 δηλοῦν

512 2113 738 2169 corpus,
767 2102 911 2171 quod
940 2102 993 2163 in
1039 2101 1348 2172 Evangeliis
1386 2117 1516 2157 caro
1549 2120 1565 2171 ;
1595 2102 1684 2178 hic
1719 2112 1899 2167 autem
1929 2103 2087 2173 adeps

2207 2112 2283 2166 τοῦ
2307 2111 2567 2184 Χριστοῦ,
2599 2111 2779 2181 σάρκα
2810 2110 2910 2182 μὲν
2939 2109 3234 2180 λεγόμενον
3287 2112 3346 2164 ὲν
3391 2107 3781 2179 Εὐαγγελίοις,

515 2203 888 2261 nuncupatur,
923 2202 979 2260 ut
1031 2205 1086 2248 et
1131 2195 1205 2257 ibi
1234 2195 1454 2265 quidem
1487 2208 1712 2264 corpus,
1786 2194 1872 2248 hic
1906 2204 2086 2248 autem

2207 2204 2424 2258 ενταῦθα
2447 2204 2504 2258 δὲ
2532 2201 2718 2271 στέαρ
2741 2218 2754 2233 ·
2783 2201 2974 2273 ὥσπερ
3043 2203 3162 2255 ἐκεῖ
3216 2201 3316 2272 μὲν
3373 2195 3538 2270 αἷμα,
3587 2200 3695 2254 νῦν
3721 2199 3783 2252 δὲ

512 2284 716 2338 vinum.
765 2284 939 2354 Adeps
980 2287 1124 2339 enim
1175 2295 1229 2340 et
1262 2300 1393 2340 caro
1437 2285 1833 2342 incarnationis
1867 2299 2089 2340 oecono-

2207 2291 2378 2367 ρῒνος.
2403 2294 2476 2347 Τὸ
2509 2295 2606 2364 μὲν
2640 2294 2750 2364 γὰρ
2779 2291 2963 2361 στέαρ
3001 2293 3097 2346 καὶ
3128 2294 3162 2363 ἡ
3194 2291 3334 2364 σὰρξ
3357 2292 3456 2362 τὴν
3500 2291 3782 2361 Ενσαρκον

515 2375 681 2430 tniam
705 2375 1019 2446 signiﬁcant
1045 2396 1058 2430 :
1099 2377 1280 2431 vinum
1307 2386 1489 2432 autem
1517 2384 1573 2431 et
1597 2377 1846 2447 sanguis,
1872 2375 2089 2448 passio-

2207 2386 2504 2456 >ἱκονομίαν
2529 2385 2698 2456 δηλοῖ.
2733 2381 2911 2450 οἶνος
2939 2384 3001 2439 δὲ
3023 2383 3119 2439 καὶ
3148 2377 3310 2454 αἷμα,
3336 2383 3400 2436 τὸ
3426 2382 3522 2436 τοῦ
3564 2383 3780 2446 πάθους

516 2466 603 2522 nis
635 2467 1229 2538 ιηγειοτίιιηηίιυιθεο
1253 2467 1384 2529 illis,
1434 2466 1529 2537 qui
1583 2465 1818 2520 salutem
1877 2465 2089 2528 sitiunt,

2207 2476 2516 2546 μυστήριον,
2539 2473 2576 2528 ὃ.
2605 2475 2717 2536 τοῖς
2752 2472 2980 2541 διψῶσι
3019 2473 3298 2544 σωτηρίας
3345 2472 3542 2527 δώσειν
3580 2473 3780 2542 ἀμισθὶ

515 2557 692 2626 gratis
722 2557 1086 2629 praebiturum,
1113 2557 1403 2628 pollicetur
1433 2573 1446 2611 :
1479 2559 1624 2613 sicut
1669 2565 1724 2611 et
1774 2555 2088 2626 discipulis,

2207 2566 2590 2636 ἐπαγγέλλεται
2617 2567 2711 2621 καὶ
2736 2567 2847 2640 τοῖς
2863 2565 3131 2637 μαθηταῖς
3153 2564 3342 2618 εἰπών·
3358 2583 3377 2617 ι
3397 2564 3618 2636 Δωρεὰν
3652 2565 3779 2625 ἐλά-

516 2648 664 2720 quod
685 2650 858 2721 gratis
884 2649 1225 2718 accepissent
1247 2649 1416 2720 gratis
1442 2647 1572 2704 dare
1605 2648 1892 2719 imperavit
1913 2649 1981 2702 ³⁸.

2207 2658 2344 2721 Ξετε,
2373 2658 2583 2728 δωρεὰν
2605 2659 2746 2713 δότε.

589 2740 692 2807 Qui
727 2747 908 2796 autem
939 2756 1109 2798 curere
1135 2756 1262 2795 cum
1291 2740 1571 2810 jussisset,
1596 2739 1762 2795 etiam
1788 2740 1901 2796 sine
1925 2740 2092 2808 pretio

2266 2751 2390 2814 Πῶς
2409 2750 2466 2802 δὲ
2483 2750 2650 2824 λέγει,
2666 2749 3036 2820 Ἀγοράσατε,
3051 2748 3145 2803 καὶ
3165 2747 3346 2814 πάλιν,
3374 2749 3552 2802 Ἄνευ
3569 2745 3777 2816 τιμῆς

517 2848 642 2887 mox
699 2831 928 2901 adjicit?
974 2832 1113 2900 Quia
1173 2831 1298 2892 fide,
1351 2847 1460 2887 non
1527 2838 1759 2902 argento
1811 2831 2090 2891 venditur,

2207 2839 2380 2909 ἐπειδὴ
2397 2840 2758 2906 πίστεως,ούκ
2774 2841 3034 2912 ἀργυρίου
3049 2837 3613 2912 πιπράσκεται.Ὀθεν
3630 2838 3777 2907 εῐρηο

517 2920 752 2993 ideoque
783 2937 948 2993 quare
991 2923 1213 2990 pecunia
1249 2931 1476 2977 emerent
1509 2921 1781 2996 qnazsivit.
1815 2921 2090 2986 Quamoh-

2207 2949 2304 2986 ται·
2327 2933 2451 2985 Ἵνα
2465 2933 2521 2985 τί
2542 2930 2791 3002 τιμᾶσθε
2805 2932 3091 3003 ἀργυρίου
3107 2947 3128 2997 ;
3144 2930 3310 2984 Διὰτί
3337 2929 3395 2982 δὲ
3421 2929 3498 3001 μὴ
3514 2929 3645 3001 περὶ
3659 2945 3780 2999 τρο-

521 3030 638 3069 rcm
671 3029 839 3082 vero,
882 3015 989 3079 ait,
1025 3032 1134 3069 non
1177 3017 1232 3068 in
1272 3029 1335 3068 ea
1391 3012 1577 3068 studia
1620 3022 1840 3083 tempus
1881 3014 2094 3084 impen-

2207 3025 2396 3095 ρίμους
2427 3025 2617 3093 λόγους
2635 3025 2728 3078 τὸν
2757 3024 2947 3097 χρόνον
2973 3007 3420 3084 καταναλίσκετε.
3467 3023 3651 3092 μάτην
3678 3038 3779 3089 μο-

519 3106 672 3172 ditis,
695 3105 898 3176 quibus
928 3117 1014 3162 est
1045 3104 1322 3159 nutriendi
1354 3105 1612 3168 facultas,
1643 3105 1736 3160 sed
1769 3105 1824 3160 in
1850 3106 2095 3161 externis

2207 3116 2482 3189 κθοῦντες
2494 3115 2816 3187 πρὶτὰέξω
2827 3116 3140 3190 μαθήματα,
3155 3115 3290 3183 Ρούκ
3302 3115 3595 3186 ἀργυρίου
3610 3113 3778 3167 ταῦτα

519 3198 833 3268 disciplinis
885 3197 1093 3256 frustra
1138 3197 1478 3269 laborantes,
1538 3213 1600 3252 ea
1660 3198 1817 3264 vobis
1878 3207 2096 3269 argento

2207 3210 2546 3281 ὠνούμενοι,
2565 3209 2710 3281 ᾇπερ
2730 3211 2788 3263 ἐν
2810 3209 2996 3264 κάλλει
3015 3208 3234 3276 λέξεως,
3249 3208 3512 3281 ἀληθείας
3531 3208 3667 3260 κενὰ
3692 3206 3778 3260 καὶ

521 3291 718 3359 emitis,
745 3307 869 3362 qua:
889 3291 994 3347 sub
1021 3291 1136 3360 ipsa
1163 3291 1423 3350 dictionis
1452 3298 1742 3345 venustate
1773 3291 1910 3345 nihil
1948 3290 2094 3362 quod

2207 3249 2399 3374 νοητῆς
2425 3251 2546 3358 ἔστί
2571 3249 2777 3372 τροέἦς
2799 3318 2816 3367 ;
2839 3301 2929 3354 Διὸ
2953 3249 3247 3372 Σύμμαχος
3277 3249 3777 3370 {(9:105"At10'tars

523 3397 714 3436 verum
771 3382 864 3448 sit,
933 3388 989 3448 et
1045 3389 1284 3435 mentem
1343 3378 1570 3444 nutriat,
1619 3379 2100 3447 complectuntur?

2207 3396 2504 3465 ἀργύριον,
2565 3396 2678 3463 οὐχ
2737 3392 2890 3462 ὑπὲρ
2919 3391 3121 3447 αὐτῶν
3151 3401 3201 3458 ιι,
3254 3391 3355 3446 καὶ
3385 3390 3538 3455 τοὺς
3562 3391 3777 3454 κόπους

510 1643 578 1697 de
602 1658 750 1700 more
774 1644 830 1700 in
861 1643 1126 1702 Ecclesiis
1145 1647 1478 1717 quibusdam
1508 1649 1690 1706 adlmc
1736 1650 2084 1722 observatur.»

525 3475 666 3537 Hinc
689 3474 859 3546 igitur
879 3473 971 3529 illa
1002 3473 1340 3545 Symmachi,
1367 3487 1488 3542 quae
1519 3472 1793 3542 sequitur,
1827 3473 2100 3544 interpre-

525 3569 664 3623 tatio
693 3586 710 3628 ;
745 3565 1060 3637 Impenditis
1089 3566 1364 3634 pecuniam
1393 3575 1640 3629 vestram,
1683 3581 1786 3620 non
1821 3566 1876 3620 in
1904 3579 2099 3635 panes;

526 3677 576 3730 et
616 3665 822 3720 labores
867 3674 1087 3726 vestros,
1131 3679 1236 3718 non
1287 3664 1341 3726 in
1388 3662 1750 3726 saturitatem.
1801 3660 2104 3716 Conveniet

527 3771 660 3810 vero
696 3765 753 3811 et
783 3756 852 3811 iis
878 3756 1068 3820 etiam,
1109 3754 1200 3822 qui
1235 3751 1587 3809 Iudaicarum
1628 3752 1940 3809 scholarum
1991 3763 2104 3808 tra-

529 3849 774 3905 ditiones
806 3850 1082 3906 emebant.
1120 3847 1306 3903 Nudas
1339 3848 1485 3902 enim
1523 3862 1687 3903 voces
1739 3855 1956 3902 tantum
1989 3847 2105 3914 edi-

531 3942 778 3996 srebant.
797 3940 952 4012 Apud
982 3948 1224 3997 externa:
1248 3940 1448 3996 deinde
1471 3940 1755 4013 sapientiae
1787 3938 2103 4011 magistros,

535 4032 885 4088 mendacium
931 4032 1110 4104 ipsum
1149 4032 1250 4095 luti
1296 4033 1492 4106 instar,
1541 4047 1710 4087 aureo
1757 4037 2018 4100 tanquam
2051 4033 2105 4086 in

532 4140 659 4180 vase
691 4123 1051 4191 reconditur;
1097 4138 1222 4180 cum
1263 4139 1364 4178 nos
1421 4122 1628 4178 Christi
1677 4122 2000 4176 thesaurum
2052 4122 2106 4176 in

533 4213 683 4269 vasis
706 4211 962 4270 lietilibus
989 4213 1292 4268 habeamus
1312 4214 1355 4247 *7
1384 4230 1398 4267 :
1427 4211 1655 4281 ideoque
1681 4223 1734 4266 et
1759 4209 1966 4266 Paulus
1996 4211 2105 4266 ait:

539 4324 557 4356 ι
595 4303 697 4361 Ubi
743 4303 1127 4375 sapiens?ubi
1174 4303 1394 4358 scriba?
1447 4302 1536 4357 ubi
1596 4301 1894 4372 inquisitor
1944 4301 2109 4371 hujus

535 4399 760 4455 surculi?
789 4396 980 4453 Nonne
1003 4398 1226 4453 stultam
1256 4395 1385 4450 fecit
1414 4395 1556 4449 Dens
1595 4393 1921 4464 sapientiam
1945 4392 2110 4463 hujus

537 4491 731 4548 mundi
767 4490 859 4546 ἐἳ
895 4509 914 4543 ι
951 4489 1017 4544 Et
1064 4503 1285 4543 rursum
1313 4503 1326 4538 :
1357 4505 1376 4540 ι
1416 4486 1688 4555 Quoniam
1733 4486 1789 4540 in
1838 4485 2110 4557 sapientia

2202 3482 2390 3554 ὑμῶν,
2426 3484 2539 3552 οὐχ
2567 3483 2721 3552 ὑπὲρ
2750 3480 3139 3552 πλησμονῆς.
3179 3479 3443 3551 Ἀρμόσει
3488 3479 3550 3532 δὲ
3576 3480 3670 3532 καὶ
3694 3480 3776 3537 ἐπὶ

2203 3579 2313 3633 τῶν
2344 3576 2670 3648 ὠνουμένων
2697 3573 2797 3646 τὴν
2849 3574 2956 3627 τῶν
3000 3569 3309 3645 Ἰουδαϊκῶν
3332 3569 3776 3639 ἀναγνωσμάτων

2205 3667 2526 3740 παράδοσιν.
2559 3664 2736 3735 Ψιλὴν
2758 3665 2867 3735 γᾴρ
2887 3664 2984 3736 τὴν
3004 3663 3153 3727 λέξιν
3183 3660 3516 3732 ἐμάνθανον.
3551 3660 3709 3731 Παρὰ
3726 3659 3776 3711 δὲ

2204 3762 2318 3824 τοῖς
2345 3757 2452 3825 ἔξω
2475 3758 2678 3828 σοφοῖς,
2711 3755 2964 3823 καθάπερ
2987 3757 3043 3807 ὲν
3091 3753 3280 3825 χρυσῷ
3323 3753 3533 3816 σκεύει,
3562 3753 3626 3806 τὸ
3653 3750 3773 3822 ψεύ-

2205 3852 2318 3918 δος,
2346 3850 2606 3923 βορϐόρου
2623 3849 2799 3921 δίκην,
2829 3849 3152 3918 ἐκρύπτετο.
3171 3847 3363 3916 Ἡμεῖς
3378 3845 3489 3918 γὰρ
3509 3846 3570 3897 ὲν
3595 3845 3775 3915 δστρα-

2208 3945 2380 4008 κίνοις
2416 3944 2637 3997 σκεύεσι
2689 3943 2784 3996 τὸν
2822 3939 3059 4012 Χριστοῦ
3121 3938 3447 4010 κεκτήμεθα
3488 3936 3772 4007 θησαυρόν.

2210 4035 2301 4088 Διὸ
2324 4035 2418 4088 καὶ
2448 4033 2660 4096 Παῦλός
2693 4047 2856 4102 φησι’
2881 4050 2898 4082 ι
2925 4030 3034 4084 Ποῦ
3060 4029 3221 4098 σοφός
3239 4047 3254 4095 ;
3271 4028 3371 4082 ποῦ
3388 4025 3772 4098 γραμματεύςς

2213 4107 2317 4184 τεοῦ
2344 4123 2652 4196 συξητητὴς
2671 4121 2766 4175 τοῦ
2797 4121 2992 4183 αἱῶνος
3013 4119 3206 4172 τούτου
3234 4134 3250 4183 ;
3285 4117 3406 4187 ούχὶ
3438 4115 3716 4186 ἐμώρανεν
3747 4113 3773 4164 δ

2211 4215 2340 4278 Θεὸς
2363 4215 2460 4284 τὴν
2495 4212 2683 4281 σοφίαν
2715 4209 2808 4262 τοῦ
2856 4210 3062 4279 κόσμου
3110 4207 3337 4269 τούτους
3375 4224 3394 4257 ι
3437 4205 3551 4257 Καὶ
3595 4203 3768 4256 πάλιν

2221 4327 2239 4360 ι
2292 4306 2509 4377 Ἐπειδὴ
2564 4303 2672 4376 γὰρ
2720 4305 2778 4357 ὲν
2809 4305 2876 4372 τῇ
2936 4300 3098 4372 σοφίᾳ
3131 4299 3225 4352 τοῦ
3265 4297 3402 4351 θεοῦ
3445 4298 3548 4351 οὑκ
3589 4295 3772 4363 ἔγνωὲ

2214 4399 2417 4467 κόσμος
2441 4391 2530 4448 διὰ
2562 4395 2660 4464 τῆς
2685 4391 2874 4460 σοφίας
2923 4391 3015 4444 τὸν
3055 4389 3208 4452 Θεὸν,
3265 4386 3573 4458 ηὐδόκησεν
3605 4386 3632 4436 ὁ
3659 4383 3771 4444 Θεὸς

2214 4488 2301 4543 διὰ
2319 4489 2419 4557 τῆς
2449 4484 2658 4558 μωρίας
2675 4482 2768 4537 τοῦ
2785 4481 3141 4553 κηρύγματος
3162 4479 3332 4532 σῶσαι
3355 4478 3484 4540 τοὺς
3511 4473 3772 4529 πιστεύον-

539 4584 630 4638 Dei
663 4599 774 4639 non
815 4583 1036 4654 agnovit
1088 4581 1326 4644 mundus
1391 4595 1487 4650 per
1538 4579 1867 4648 sapientiam
1915 4576 2103 4642 Deum,

2219 4599 2349 4647 τας·
2386 4602 2404 4632 ι
2443 4578 2654 4652 μωρίαν
2700 4573 2888 4640 εἰπὼν,
2944 4574 3007 4627 τὸ
3063 4574 3163 4641 τῆς
3193 4570 3389 4637 λέξεως
3438 4567 3656 4630 εὐτελὲς
3689 4564 3772 4634 τῆς

538 4676 743 4742 νῖειουὶι
805 4673 914 4729 Deo
972 4689 1068 4742 per
1123 4672 1408 4728 stultitiam
1451 4669 1862 4743 praadicationis
1925 4670 2103 4726 salvos

2209 4675 2372 4746 ᾁγίας
2401 4671 2645 4740 Γραφῆς.
2675 4665 2863 4722 Ταῦτα
2894 4665 3074 4736 τοίνυν
3097 4663 3326 4732 ἀφέντες
3353 4660 3576 4730 φάγετε
3602 4660 3668 4712 τὰ
3693 4654 3770 4709 τοῦ

541 4764 723 4820 facere
750 4764 1040 4826 credentes
1061 4766 1143 4826 ης
1185 4783 1202 4816 ι
1233 4763 1324 4818 ubi
1367 4762 1615 4816 stultitiae
1643 4762 1886 4827 nomine,
1918 4761 2103 4817 dictio-

2212 4764 2568 4836 εύαγγελικοῦ
2607 4760 2962 4836 κηρύγματος
3015 4755 3227 4827 ἀγαθὰ,
3281 4755 3380 4809 καί
3425 4751 3768 4821 τρυφήσετε.

543 4855 628 4908 nis
674 4855 728 4908 in
766 4853 1052 4925 Scriptura
1118 4869 1275 4910 sacra
1335 4854 1698 4908 humilitatem
1754 4852 2103 4922 signiﬁcavit.

2215 4861 2398 4932 φησιν,
2435 4854 2664 4928 ἀληθείᾳ
2687 4852 3032 4931 τρεφόμενοι,
3054 4845 3412 4918 γινώσκοντες
3431 4861 3492 4897 τε
3525 4842 3677 4904 Θεὸν,
3692 4840 3770 4932 καὶ

543 4947 668 5003 Istis
719 4945 886 5016 igitur
937 4946 1199 5012 omissis,
1269 4945 1599 5016 evangelicae
1653 4944 2103 5016 promulgationis

2217 4931 2457 5024 βιοῦντες
2481 4946 2601 5001 κατ’
2636 4945 2858 5017 ἀρετὴν,
2919 4941 3113 5013 μισθὸν
3144 4936 3452 5015 εὐπειθείας
3485 4933 3656 4988 ταῦτα
3688 4931 3766 4982 λα·

541 5035 678 5089 bona
706 5034 980 5102 eomedite,
1002 5044 1059 5088 ut
1092 5035 1432 5104 deligiemini,
1470 5033 1670 5105 inquit,
1714 5033 1944 5088 veritate
1974 5049 2103 5089 cnu-

2217 5049 2400 5108 δόντες
2459 5041 2552 5094 καὶ
2595 5037 2822 5108 συνετῆς
2853 5033 3191 5106 ἀκροάσεως.
3241 5030 3402 5083 Ὅθεν
3446 5028 3706 5094 ἐξέδωκαν
3728 5031 3766 5072 οε

543 5129 681 5195 triti,
709 5127 991 5198 Deumque
1018 5138 1403 5199 agnoscentes,
1439 5134 1495 5182 et
1525 5124 1832 5182 secundum
1857 5124 2103 5181 virtuten‘

2216 5140 2417 5196 λοιτιοί⁸
2457 5139 2787 5193 Ἀκούσατε
2839 5130 3186 5194 ἀκούοντες.
3230 5126 3319 5187 Ὠς
3364 5121 3439 5194 μὴ
3473 5112 3766 5188 σωματικῶν

543 5221 805 5292 {li-gentes
825 5221 1029 5276 talibus
1055 5219 1454 5275 incredulitatis
1481 5218 1876 5290 prudentisque
1897 5219 2103 5276 auscul-

2214 5233 2274 5291 δὲ
2295 5233 2462 5288 όντων
2479 5231 2598 5285 τῶν
2618 5225 2876 5298 ἀγαθῶν,
2912 5225 2973 5278 τὸ
3010 5234 3031 5261 τ
3053 5224 3174 5284 ταῖς
3201 5219 3424 5291 ψυχαῖς,
3457 5211 3620 5283 ὑμῶν
3649 5206 3762 5260 sixt-

545 5315 772 5372 tationis
810 5313 1116 5369 mercedem
1157 5305 1425 5382 acceptis.
1459 5311 1581 5377 Quo
1612 5309 1667 5364 fit
1702 5319 1760 5365 ut
1789 5309 1971 5364 audite
2015 5328 2103 5366 aut

2219 5343 2326 5390 τως
2349 5324 2685 5398 προσέθηκε.

547 5411 769 5476 dientes,
810 5415 1040 5464 caeteros
1102 5403 1451 5476 interpretari
1499 5403 1803 5465 videmnus.
1837 5402 2043 5462 Deinde
2077 5425 2146 5468 ne
2181 5394 2433 5491 corporis
2479 5394 2616 5474 bona
2655 5430 2780 5474 esse
2813 5424 3169 5491 putaremus,
3207 5409 3390 5467 anima
3463 5413 3626 5458 uestra
3682 5394 3761 5451 ad-

551 5501 707 5564 didit.
2294 5497 2295 5500 “

553 5691 598 5743 ιθ
619 5620 1016 5746 ἒίύιῗθξῇωἰ
1089 5621 1138 5653 ’ὃ
1165 5619 1519 5682 mauh'xxw’
1559 5617 1650 5673 28'
1728 5617 1924 5672 "Gcn'
1964 5635 2111 5689 “'3‘:
2144 5625 2228 5682 12.
2306 5631 2352 5661 ⁸⁵
2380 5627 2572 5683 Matth.
2612 5644 2664 5690 χ,
2702 5627 2754 5681 8.
2831 5625 2874 5658 ⁸⁷
2916 5621 2961 5681 ll
2990 5621 3117 5677 Cor.
3140 5619 3282 5682 m7.
3362 5616 3407 5646 ⁸⁸
3446 5600 3760 5673 ιυοωβθ-

630 5707 762 5746 ιυιιι.
794 5707 884 5746 21.

1821 5784 2054 5840 VARle
2095 5784 2498 5843 LECTIONES.

619 5885 649 5922 ἢ
693 5889 779 5958 γρ.
817 5873 870 5941 ἦ.
947 5884 975 5923 Ρ
1007 5889 1088 5942 γρ.
1135 5874 1244 5928 καί.
1324 5886 1348 5926 rt
1375 5893 1456 5943 γρ.
1505 5875 1700 5946 ἄρτων.
1779 5883 1800 5912 ι’
1837 5893 1928 5942 γρ.
1964 5875 2180 5945 ἡψυχὴ.
