3998 6390
218 347 364 414 2553

1359 352 1897 417 CUMMENTARII
1932 355 2014 414 IN
2055 354 2341 421 ISAIAM.

3336 357 3478 432 2554

281 462 449 531 Λέγει
472 462 553 528 δὲ,
590 463 699 528 Kal
744 464 1280 535 ἐπακολουθήσατε
1316 467 1444 534 ταῖς
1464 467 1626 533 ὁδοῖς
1652 484 1787 535 μου.

1959 471 2127 544 626
2150 473 2409 545 Sequitur
2454 473 2690 529 deinde:
2719 472 2785 527 Et
2829 471 3115 542 sequamini
3158 471 3270 527 vias
3307 488 3474 539 meas.

215 555 371 609 Κατὰ
394 556 478 620 τὺ,
507 574 525 607 ι
566 556 635 609 Et
674 574 758 619 τις
796 556 940 610 θέλει
976 557 1153 611 ὀπίσω
1188 576 1290 628 μου
1322 559 1519 624 ἐλθεῖν,
1546 561 1797 630 ἀπαρνη-

216 648 402 704 σάσθω
461 649 674 713 ἑαυτὸν,
716 652 811 703 καὶ
866 651 1055 720 ἀράτω
1097 652 1188 705 τὸν
1218 652 1451 722 σταυρὸν
1486 652 1674 717 αὐτοῦ,
1701 652 1797 707 καὶ

214 741 579 797 ἀκολουθείτω
624 752 734 813 μοι.
778 762 796 795 ι
834 742 1117 811 Ψυχικὴν
1170 742 1227 796 δὲ
1257 743 1404 813 ζωὴν
1433 742 1532 812 τήν
1568 743 1796 796 ἀποκει-

219 836 387 907 μένην
406 838 521 900 τοῖς
539 836 716 906 ἁγίοις
740 836 909 904 δηλοῖ,
939 835 975 889 ἃ
1003 835 1281 906 ὀφθαλμὸς
1312 838 1413 890 οὐκ
1446 833 1577 901 εἶδε,
1600 837 1695 889 καὶ
1729 834 1797 890 τὰ

216 928 307 981 ἐπὶ
361 928 555 1001 τούτῳ.
607 929 894 999 Διεγείρας
956 926 1099 981 οὕτω
1173 927 1309 999 πρὸς
1357 929 1640 982 συντονίαν
1696 928 1796 998 τὴν

216 1020 418 1092 ἀκοὴν,
458 1020 810 1082 διδασκαλίας
842 1020 1070 1090 ἄρχεται
1112 1019 1370 1087 φάσκωνο
1429 1018 1795 1088 Διαθὴσομαι

215 1113 358 1182 ὑμῖν
385 1114 683 1184 διαθήκην
729 1112 992 1178 αἰώνιον,
1024 1111 1096 1166 τὰ
1121 1111 1263 1166 ὅσια
1286 1111 1466 1166 Δαϐίδ
1496 1111 1567 1165 τὰ
1582 1112 1791 1166 πιστά.

226 1206 287 1259 Ἥ
301 1204 413 1276 γὰρ
438 1206 647 1260 παλαιὰ
662 1205 942 1274 διαθήκη,
964 1204 1100 1274 πρὸς
1113 1205 1306 1274 καιρὸν
1316 1203 1554 1268 δοθεῖσα,
1578 1203 1793 1275 παρῆλ-

214 1297 339 1349 θεν’
389 1298 457 1368 ἥν
508 1297 566 1351 δὲ
616 1297 924 1368 πεποίημαι
983 1297 1121 1367 πρὸς
1157 1296 1354 1359 Δαὸὶδ,
1399 1296 1460 1361 ἐξ
1489 1296 1653 1350 αὑτοῦ
1702 1298 1795 1352 τὸν

213 1389 447 1459 Χριστὸν
478 1388 774 1453 ἀναδείξειν
809 1387 1302 1458 ἐπαγγειλάμενος,
1347 1388 1548 1460 πιστὴν
1581 1391 1794 1460 ποιήσω

213 1480 348 1550 πρὸς
390 1479 551 1551 ἔργον
589 1480 859 1550 ἐκφέρων.
916 1481 996 1533 Τὰ
1023 1479 1079 1533 δὲ
1106 1478 1265 1548 ὅσια,
1313 1479 1609 1551 Σύμμαχος
1649 1481 1793 1551 ἐλέη

212 1573 364 1643 φησὶ,
394 1572 523 1641 περὶ
552 1565 897 1641 ὧνέλέγετο’
946 1590 964 1623 ι
998 1571 1079 1625 Τὰ
1127 1571 1254 1640 ὲλέη
1304 1572 1400 1625 τοῦ
1465 1571 1675 1644 Κυρίου
1713 1576 1794 1637 είς

209 1664 297 1716 τὸν
316 1663 491 1717 αἰῶνα
518 1663 742 1734 ᾄσομαι.
786 1681 802 1714 ι
834 1662 943 1716 Καὶ
971 1662 1090 1731 μετ’
1115 1662 1294 1731 ὀλίγα·
1332 1682 1351 1715 ‹
1393 1663 1579 1729 Ἀπαξ
1599 1665 1793 1734 ὤμοσα

208 1757 265 1808 ὲν
294 1754 375 1825 τῷ
400 1754 545 1825 ἁγίῳ
569 1772 694 1824 μου,
726 1754 871 1824 είτῷ
932 1752 1096 1807 Δαϐὶδ
1138 1753 1433 1823 ψεύσομαι,
1464 1754 1525 1807 τὸ
1570 1756 1791 1826 σπέρμα

206 1845 372 1901 αὐτοῦ
404 1848 486 1910 είς
516 1846 607 1900 τὸν
627 1846 799 1900 αίῶνα
833 1847 1004 1917 μένει.
1047 1847 1158 1899 Καὶ
1197 1849 1225 1900 6
1251 1846 1440 1916 Θρόνος
1470 1848 1635 1902 αὑτοῦ
1658 1849 1734 1912 ὡς
1762 1851 1792 1903 6

206 1938 359 2009 ῆλιος
381 1938 629 1992 ἐναντίον
659 1956 780 2009 μου.
821 1958 840 1990 ι
877 1937 1062 1992 Ταῦτα
1112 1940 1290 1993 τοίνυν
1321 1939 1450 2009 ὑμίν
1470 1940 1791 2011 δωρήσομαι

206 2032 315 2092 τοῖς
367 2031 521 2100 ἐμοῖς
575 2030 756 2098 λόγοις
820 2031 1172 2123 προσέχουσι.
1236 2032 1422 2084 Ταῦτα
1452 2031 1561 2103 γὰρ
1605 2032 1791 2101 ἔλεγεν

205 2121 395 2192 ἀγαθὰ
418 2121 628 2191 ψυχῆς
653 2122 753 2175 καὶ
780 2120 1039 2191 τρυφὴν,
1065 2122 1102 2176 ἃ
1128 2120 1223 2175 νῦν
1243 2122 1452 2177 αἰώνιά
1488 2141 1670 2195 φησιν.
1731 2125 1790 2179 '0

204 2214 311 2284 γὰρ
340 2214 506 2284 νόμος
536 2213 714 2268 ἔκειτο
742 2213 889 2268 κατὰ
910 2214 1001 2267 τὸν
1030 2214 1374 2281 ’Δπόστολον,
1407 2217 1568 2288 μέχρι
1592 2218 1788 2287 καιροῦ

202 2302 568 2376 διορθώσεως.
599 2302 800 2372 Διόπερ
834 2304 893 2356 ἐν
917 2304 1226 2375 προφήταις
1262 2305 1396 2375 φησί
1416 2312 1439 2336 ε’
1461 2325 1480 2358 ι
1517 2308 1786 2378 Διαθήσο-

206 2412 304 2463 μαι
336 2396 606 2467 διαθήκην
634 2397 853 2468 καινὴν,
875 2396 936 2449 οὐ
961 2397 1104 2449 κατὰ
1119 2395 1219 2464 τὴν
1245 2397 1512 2469 διαθήκην
1541 2403 1606 2469 ἦν
1620 2400 1790 2454 meet.

207 2504 313 2557 μην
328 2488 442 2549 τοῖς
458 2486 737 2556 Πατρόισιν
754 2487 783 2538 ὐ
792 2485 929 2557 μῶν,
957 2504 975 2538 ι
993 2488 1088 2541 καὶ¹
1113 2489 1180 2541 τὰ
1207 2489 1451 2559 ἑπόμενα
1470 2490 1705 2553 τούτοις.
1722 2493 1788 2546 Ἢ

205 2577 303 2647 μὲν
319 2577 432 2647 γὰρ
456 2572 524 2648 ἦν
544 2577 801 2647 σκιώδης.
819 2578 885 2632 Ἠ
919 2578 975 2633 δὲ
998 2578 1229 2651 ἀληθής.
1272 2580 1363 2633 Διὸ
1404 2582 1501 2635 καὶ
1535 2582 1788 2652 Ἰωάννης

202 2669 369 2738 φησίν
397 2669 555 2723 «Ὅτι
584 2671 612 2722 6
640 2670 804 2741 νόμος
821 2670 909 2724 διὰ
934 2672 1175 2735 Μωσέως
1206 2671 1384 2743 ἐδόθη,
1410 2676 1443 2744 ή
1468 2674 1629 2745 χάρις
1648 2678 1786 2749 κιὶὴ

202 2758 429 2827 ἀλήθεια
444 2758 534 2811 διὰ
550 2759 725 2831 Ἰησοῦ
742 2760 1032 2831 Χριστοῦ.»
1057 2760 1246 2825 Εἵποις
1263 2762 1307 2815 δ’
1333 2762 1399 2816 ἂν
1426 2764 1565 2818 ὅσια
1598 2768 1689 2819 καὶ
1718 2768 1788 2822 τὰ

205 2850 326 2920 Ξερὰ
338 2850 690 2921 θεσπίσματα
706 2851 800 2905 τοῦ
814 2852 1076 2924 Χριστοῦ,
1095 2854 1171 2917 ὡς
1194 2854 1374 2919 ὁσίους
1394 2856 1782 2925 ἀποτελοῦντα,

200 2942 277 3007 ὡς
310 2944 408 2997 καὶ
432 2944 525 2997 τδν
557 2944 722 3013 φόϐον
771 2946 978 3014 Κυρίου
1014 2946 1179 3014 ἁγνόν
1204 2964 1371 3016 φησιν
1399 2949 1428 3001 6
1460 2950 1646 3017 Δαόὶδ,
1674 2948 1787 3007 οἷον

200 3038 513 3104 ᾲγνοποιόν.
544 3037 739 3104 Ἔλεγε
760 3037 818 3091 δὲ
836 3037 931 3090 καὶ
948 3041 975 3091 ὁ
992 3038 1184 3109 Σωτήρ
1200 3057 1214 3070 ·
1228 3040 1337 3094 «Τὰ
1356 3042 1578 3112 ῥήματα
1607 3044 1644 3099 ἃ
1672 3043 1786 3114 ὲγὼ

1897 564 2060 620 Juxta
2097 566 2229 621 illud
2251 586 2294 622 :c
2309 567 2502 637 Siquis
2519 568 2834 624 vultvenire
2850 574 2973 637 post
2990 581 3099 633 me,
3129 566 3360 638 abneget
3387 584 3473 625 se-

1898 658 2187 725 metipsum
2206 665 2261 712 et
2276 658 2663 714 tollatcrucem
2687 674 2865 723 suam,
2912 665 2969 713 et
2990 666 3255 728 sequatur
3286 673 3374 713 me
3391 662 3469 715 ι.»

1899 748 2106 803 Animae
2119 764 2247 805 vero
2263 749 2578 818 vitam,qu:’e
2600 751 2807 807 sanctis
2824 751 3164 816 reconditur,
3184 766 3247 807 ea
3266 751 3476 822 signiﬁ-

1897 847 2045 903 cant,
2062 854 2185 910 qua:
2199 840 2392 897 oculus
2408 840 2655 899 nonvidit
2670 843 2712 907 ³,
2725 850 2780 896 et
2795 857 2916 911 quae
2931 842 3213 912 deinceps.
3226 840 3329 897 Ubi
3345 858 3474 911 vero

1899 931 2112 986 animos
2125 932 2193 987 ad
2204 932 2537 988 audiendum
2561 935 2905 1005 praeparavit,
2925 935 2999 989 ita
3015 933 3213 990 docere
3230 934 3476 1005 aggredi-
3490 920 3502 932 ’

1901 1018 2369 1075 tur:Comtituam
2406 1022 2551 1077 vobis
2585 1030 2951 1078 testamentum
2981 1030 3260 1088 attentum;
3285 1032 3476 1078 sancta

1902 1112 2070 1166 David
2085 1115 2288 1182 ﬁdelia.
2309 1113 2549 1168 Transiit
2568 1118 2730 1178 enim,
2748 1115 2891 1185 quod
2908 1116 2973 1169 ad
2997 1124 3213 1185 tempus
3240 1130 3473 1173 conces-

1899 1220 2018 1259 sum
2039 1203 2238 1271 fuerat,
2255 1217 2412 1261 vetus
2432 1214 2799 1262 testamentum
2833 1223 2851 1261 :
2887 1206 2981 1261 sed
3001 1208 3147 1276 quod
3172 1222 3272 1277 ego
3289 1206 3469 1264 fundus

1897 1313 2021 1352 cum
2062 1299 2268 1353 Davide
2299 1299 2475 1371 pepigi
2502 1300 2545 1364 ⁸,
2583 1299 2808 1368 quando
2845 1299 3123 1353 Christum
3155 1299 3309 1353 abeo
3345 1312 3473 1368 pro-

1897 1390 2140 1445 diturum
2172 1405 2293 1445 esse
2322 1390 2428 1461 ipsi
2462 1406 2584 1445 sum
2636 1390 2936 1459 pollicitus,
2971 1389 3152 1456 reipsa
3178 1388 3471 1458 praestabo.

1895 1480 1965 1534 At
1993 1496 2104 1550 quo
2133 1480 2254 1535 loco
2277 1490 2465 1536 sancta
2491 1480 2747 1551 legimus,
2774 1477 3168 1532 misericordias
3200 1478 3475 1547 interpre-

1896 1581 2041 1627 tatus
2069 1582 2153 1627 est
2183 1571 2548 1644 Symmachus
2582 1590 2595 1625 :
2633 1571 2699 1626 de
2726 1570 2930 1641 quibus
2962 1576 3016 1624 et
3062 1568 3167 1623 ista
3203 1577 3334 1624 sunt
3368 1569 3473 1622 Da-

1893 1665 2037 1720 vidis
2072 1681 2087 1718 :
2128 1684 2145 1716 ι
2190 1662 2598 1718 Misericordias
2641 1670 2787 1729 tuas,
2819 1660 3070 1725 Domine,
3102 1661 3157 1715 in
3204 1669 3472 1716 asternutn

1895 1757 2132 1813 cantabo
2163 1756 2206 1811 ⁸.
2244 1774 2263 1809 ι
2320 1755 2384 1809 Et
2443 1754 2608 1825 paulo
2654 1764 2780 1823 post
2821 1769 2836 1805 :
2873 1771 2893 1805 ‹
2931 1752 3113 1808 Semel
3167 1753 3350 1822 juravi
3417 1752 3475 1807 in

1894 1857 2084 1905 sancto
2119 1863 2261 1912 meo,
2294 1849 2342 1903 si
2379 1847 2547 1901 David
2578 1848 2837 1914 mentiar,
2865 1860 3053 1901 semen
3084 1852 3240 1899 tuum
3287 1843 3342 1899 in
3371 1857 3476 1899 sae-

1893 1944 2078 1999 culum
2131 1952 2347 2008 manet;
2381 1950 2436 1997 et
2473 1942 2704 1994 thronus
2751 1939 2873 2009 ejus
2912 1940 3058 1995 sicut
3108 1939 3192 1994 sol
3238 1938 3293 1992 in
3341 1950 3476 1992 eon-
3514 1974 3515 1977 η

1894 2046 2083 2109 spectu
2115 2052 2236 2090 meo
2267 2035 2311 2089 ⁸.
2351 2053 2369 2084 ι
2410 2035 2538 2087 Haec
2569 2033 2740 2103 igitur
2770 2031 2946 2097 vobis,
2978 2029 3074 2100 qui
3112 2028 3300 2084 verbis
3334 2027 3474 2083 meis

1894 2127 2204 2190 attcnditis,
2240 2127 2356 2195 ipse
2386 2139 2507 2179 sum
2545 2121 2872 2193 largiturus.
2902 2121 2978 2175 Ea
3005 2119 3152 2174 enim
3184 2118 3302 2187 ipsa
3341 2118 3474 2173 deli-

1892 2222 2005 2275 cias
2030 2229 2080 2273 et
2108 2219 2301 2273 anima:
2326 2216 2463 2270 bona
2505 2214 2736 2269 vocabat
2762 2232 2777 2279 ;
2812 2225 2936 2282 quae
2959 2224 3108 2266 nunc
3153 2211 3474 2280 sempiterna

1892 2314 2153 2384 appellat.
2197 2311 2330 2366 Nam
2385 2317 2441 2365 et
2489 2308 2576 2365 lex
2626 2308 2767 2378 ipsa,
2796 2314 3024 2361 auctore
3065 2304 3351 2373 Apostolo,
3403 2303 3473 2358 ad

1892 2414 2110 2475 tempus
2149 2418 2322 2474 usque
2350 2398 2755 2457 emendationis
2788 2396 2916 2451 data
2946 2402 3063 2451 erat
3093 2395 3135 2449 °.
3175 2394 3366 2463 Itaque
3394 2391 3474 2446 ait

1890 2496 1946 2550 in
1974 2494 2255 2565 prophetis
2289 2512 2303 2547 :
2338 2510 2356 2543 ι
2388 2489 2600 2546 Feriam
2633 2488 2814 2545 itedus
2853 2501 3081 2549 novum,
3122 2499 3232 2539 non
3270 2498 3474 2539 secun-
3518 2554 3541 2559 _

1890 2586 2018 2641 dum
2049 2594 2292 2656 pactum,
2327 2583 2471 2653 quod
2511 2582 2689 2651 pepigi
2722 2594 2847 2634 cum
2874 2577 3127 2649 patribus
3154 2576 3360 2631 vestris
3383 2574 3463 2640 ';s

1888 2685 1942 2733 et
1972 2690 2097 2746 quae
2130 2674 2413 2743 deinceps.
2444 2671 2707 2727 Umlzrmn
2743 2670 2892 2724 enim
2928 2668 3034 2722 hoc
3075 2665 3307 2729 habuit;
3340 2662 3475 2718 illud

1889 2779 2074 2824 autem
2119 2766 2431 2822 veritatem.
2506 2762 2645 2816 Hine
2702 2768 2757 2816 et
2822 2759 3066 2815 Joannes
3136 2756 3310 2823 legem
3375 2768 3476 2823 per

1889 2859 2099 2926 Mosen,
2133 2858 2368 2929 gratiam
2413 2862 2595 2910 autem
2631 2862 2684 2907 ct
2733 2850 3019 2906 veritatem
3059 2861 3160 2917 per
3189 2844 3472 2900 Christum

1887 2953 2067 3008 datam
2093 2965 2217 3006 esse
2244 2948 2531 3004 aﬂirmavit
2552 2946 2595 3000 ⁸.
2618 2943 2900 3014 lntelligas
2934 2953 3064 2996 vero
3086 2945 3142 2993 et
3165 2945 3472 2991 sanctorum

1889 3046 2128 3110 nomine,
2165 3056 2322 3100 sacra
2350 3039 2563 3096 Christi
2599 3035 2846 3102 oracula,
2873 3042 3135 3103 tanquam
3172 3042 3294 3099 quae
3339 3040 3471 3083 san-

202 3128 438 3200 ἒλάλησα
454 3129 484 3182 ὓ
493 3131 604 3200 μϊν,
618 3129 839 3200 πνεῦμά
853 3131 967 3183 ἐστι
983 3130 1078 3184 καὶ
1093 3129 1226 3203 ζωή”
1240 3150 1258 3184 ι
1269 3132 1390 3186 ἀντὶ
1405 3132 1523 3199 τοῦ,
1541 3152 1784 3206 πνευμα-

1891 3147 2010 3195 ctos
2033 3138 2308 3202 elIiciant;
2361 3151 2471 3191 non
2522 3132 2683 3187 aliter
2747 3142 2914 3198 quam
2954 3125 3207 3181 timorem
3257 3117 3469 3175 Domini

202 3221 329 3279 τικὰ
344 3222 444 3275 καὶ
461 3220 705 3286 ζωοποιά
721 3237 736 3252 ⁸
767 3223 861 3275 καὶ
889 3223 1056 3276 πιστὰ
1082 3224 1244 3279 πάλιν
1264 3225 1332 3279 τὰ
1352 3228 1668 3283 πιστοποιά.
1691 3229 1790 3284 Δύο

202 3326 368 3382 ναμις
388 3312 501 3383 γὰρ
522 3311 660 3382 αὕτη
678 3311 787 3366 τῶν
804 3313 893 3367 διὰ
918 3314 1155 3385 Χριστοῦ
1180 3314 1593 3387 θεσπισμάτων.
1611 3321 1789 3375 Δαΰὶδ

203 3402 292 3457 οὖν
320 3404 563 3468 καλέσας
587 3404 680 3458 τὸν
719 3405 784 3458 ὲκ
814 3406 1128 3476 σπέρματος
1176 3408 1272 3460 τοῦ
1315 3409 1501 3475 Δαϐὶδ,
1536 3413 1789 3484 ἐπιφέρει

205 3495 327 3568 περὶ
344 3497 513 3551 αὐτοῦ
535 3514 549 3526 ·
595 3496 743 3552 Ἰδοὺ
786 3499 1117 3575 μαρτύριον
1148 3499 1353 3554 ἔθνεσι
1391 3499 1621 3555 δέδωκα
1677 3507 1786 3558 αὑ-

203 3590 325 3644 τόν.
356 3588 450 3640 Διὸ
484 3588 575 3641 καὶ
599 3588 803 3658 πρόσθε
834 3589 935 3658 τὴν
981 3588 1202 3660 στείραν
1238 3589 1644 3660 εὐηγγελίζετο.
1675 3593 1788 3646 Καὶ

204 3678 377 3753 ἄλλως
403 3679 460 3731 δὲ
492 3678 759 3750 προειδὼς
802 3679 883 3732 ὅτι
945 3678 1045 3742 τὰς
1107 3679 1293 3748 φωνὰς
1356 3680 1538 3746 ἕξουσι
1585 3682 1789 3747 ταύτας

213 3768 476 3830 Ἰουδαῖοι,
505 3769 670 3838 μηδὲν
719 3768 778 3833 ἐξ
828 3768 1010 3823 αὐτῶν
1063 3768 1475 3841 ὠφελούμενοι,
1530 3774 1670 3841 πρὸς
1717 3774 1787 3828 τὰ

197 3858 325 3930 ἔθνη
374 3860 677 3931 μεταφέρει
734 3859 826 3913 τὸν
884 3860 1063 3929 λόγον,
1123 3860 1393 3938 σύμφωνα
1449 3863 1624 3933 λέγων
1676 3868 1787 3930 τοῖς

196 3952 427 4023 πρόσθε,
463 3954 548 4007 ὅτι
578 3948 660 4017 οἷς
687 3955 788 4007 οὐκ
814 3955 1116 4025 ἀνηγγέλη,
1150 3958 1280 4029 περὶ
1323 3958 1488 4013 αὑτοῦ
1534 3960 1780 4030 ὄψονται9

194 4044 290 4098 καὶ
314 4043 367 4099 οἳ
396 4044 498 4097 οὐκ
521 4045 816 4114 ἀκηκόασι,
838 4047 1151 4114 συνήσουσι.
1176 4048 1512 4117 Μαρτύριον
1525 4050 1582 4103 δέ
1602 4068 1784 4122 φησιν,

192 4136 268 4200 ὼς
295 4138 687 4209 μαρτυροῦντα
716 4139 845 4209 περὶ
865 4139 1146 4209 ἀληθείας,
1179 4140 1280 4193 καί
1314 4142 1429 4195 ὑπὸ
1452 4141 1573 4196 τῶν
1596 4144 1788 4198 ἐθνῶν

195 4230 533 4301 ἀκουόμενον
582 4230 960 4301 ἁπειθήσαντα
1013 4241 1035 4270 ⁸
1095 4232 1331 4303 Ἰσραήλ.
1380 4235 1787 4307 Διεμαρτύρετο

194 4323 250 4376 δὲ
281 4323 377 4377 καὶ
399 4322 475 4377 τὰ
499 4323 645 4391 ἔθνη
680 4323 756 4387 ὡς
776 4322 941 4377 δεκτὰ
978 4323 1164 4378 λοιπόν
1193 4325 1298 4379 είσι
1341 4324 1417 4396 τῷ
1460 4325 1603 4399 Θεῷ,
1636 4330 1731 4383 καὶ
1755 4330 1784 4385 6

192 4416 296 4483 τῆς
322 4415 657 4484 θεογνωσίας
679 4416 962 4486 ἀπείργων
984 4416 1183 4481 οὐδείς.

1892 3236 2179 3298 mundum,
2198 3233 2329 3304 quia
2349 3227 2671 3285 munditiem
2696 3230 2942 3295 praestet,
2966 3217 3140 3274 David
3170 3215 3466 3287 appellat“.

1888 3331 2034 3398 Quin
2065 3337 2118 3385 et
2151 3326 2405 3382 Salvator
2436 3323 2574 3392 ipse,
2614 3331 2739 3373 cum
2776 3312 2963 3375 verba,
2992 3324 3115 3381 quas
3146 3306 3474 3379 loquebatur

1888 3422 2145 3494 spiritum
2170 3429 2223 3474 et
2254 3418 2419 3471 vitam
2454 3428 2598 3476 esse,
2642 3408 2861 3465 dicebat
2893 3405 2966 3469 ³⁸,
3018 3418 3083 3494 ea
3111 3402 3233 3494 ipsa
3258 3398 3472 3455 ellicere

1888 3491 2256 3584 signiﬁcabat,
2288 3522 2411 3563 cum
2453 3504 2559 3558 ﬁda
2604 3500 2826 3564 deinde,
2857 3495 2982 3552 tidei
3019 3491 3287 3584 faciendas
3315 3496 3472 3560 pote-

1888 3579 2085 3660 statem
2118 3600 2340 3655 habere.
2374 3595 2500 3650 llaec
2532 3592 2676 3650 enim
2722 3590 2901 3644 virtus
2948 3592 3036 3640 est
3088 3579 3468 3638 oraculorum,

1888 3712 2011 3767 quas
2040 3709 2135 3765 per
2154 3692 2433 3748 Christum
2470 3686 2730 3742 eduntur.
2762 3671 3270 3767 Postquﬂamigitur
3301 3665 3471 3767 Davi-

1889 3753 2004 3843 dem
2040 3753 2165 3841 eum
2193 3780 2429 3844 vocavit,
2463 3777 2554 3846 qui
2599 3775 2667 3828 de
2704 3771 2917 3827 semine
2956 3762 3184 3818 Davidis
3209 3764 3378 3821 esset,
3403 3753 3473 3810 de

1888 3877 2080 3934 eodem
2116 3889 2235 3942 quae
2267 3879 2575 3940 sequuntur
2608 3883 2623 3922 :
2665 3862 2796 3917 Ecce
2821 3856 3179 3915 testimonium
3207 3853 3264 3907 in
3295 3849 3471 3921 genti-

1889 3970 1985 4024 bus
2009 3965 2128 4020 dedi
2157 3979 2276 4017 eum
2298 4003 2311 4027 ,
2345 3958 2573 4013 addidit.
2624 3954 2813 4024 Itaque
2864 3958 2919 4006 et
2953 3945 3212 4018 superius
3244 3943 3318 4005 ei,
3349 3954 3471 4009 quae

1889 4060 2095 4116 sterilis
2128 4062 2268 4118 erat,
2302 4050 2658 4120 Evangelium
2692 4041 3078 4100 annuntiabat.
3126 4037 3279 4091 Alias
3306 4031 3471 4120 637

1888 4151 2051 4204 etiam
2081 4159 2203 4199 cum
2244 4141 2413 4195 verba
2453 4117 2557 4195 ista
2600 4149 2766 4205 penes
2802 4147 2863 4187 se
2893 4128 3184 4184 habituros
3214 4135 3339 4177 esse
3367 4117 3468 4172 Ju-

1888 4242 2036 4296 daaos
2070 4234 2414 4307 praevideret,
2446 4243 2624 4298 neque
2657 4242 2723 4279 ex
2751 4223 2833 4278 eis
2861 4229 3044 4275 tamen
3065 4229 3189 4271 esse
3210 4210 3469 4307 utilitatis

1887 4304 2095 4401 aliquid
2145 4332 2530 4396 percepturos,
2576 4318 2841 4371 translata
2886 4312 2952 4365 ad
2990 4316 3181 4379 gentes
3210 4304 3466 4359 oratione

1887 4420 2269 4495 superioribus
2304 4430 2415 4471 non
2438 4414 2737 4480 incongrua
2783 4403 3074 4475 adjungit;
3113 4409 3466 4495 eos—nempe,

193 4510 399 4579 quibus
427 4510 651 4565 minime
693 4511 1056 4566 annuntiatns
1093 4510 1216 4575 fuit,
1246 4512 1402 4568 illum
1433 4529 1559 4570 esse
1604 4516 1926 4589 intuituros,
1957 4486 2035 4575 'et
2106 4514 2393 4588 agnituros
2436 4506 2529 4578 qui
2612 4518 2719 4556 non
2804 4497 3153 4589 audiverunt.
3216 4486 3471 4589 Testimo-j

196 4605 346 4657 nium
377 4602 579 4659 deinde
613 4603 772 4669 dixit,
802 4604 932 4675 quia
973 4604 1040 4660 de
1069 4605 1324 4661 veritate
1354 4619 1587 4668 testatus
1617 4622 1721 4681 est,
1753 4625 1801 4667 et
1842 4633 1874 4669 a
1905 4585 2166 4687 gentibus,
2192 4610 2532 4679 repugnante
2556 4597 2781 4661 lsraele,
2811 4590 3045 4687 auditus.
3078 4585 3173 4640 Est
3220 4592 3351 4634 vero
3385 4585 3467 4687 let

196 4704 383 4767 gentes
421 4702 765 4751 contestatus
797 4694 906 4753 Deo
934 4697 990 4751 in
1036 4703 1319 4767 posterum
1350 4697 1467 4756 fore
1495 4672 1775 4773 acceptas.
1817 4672 1997 4778 neque
2034 4719 2130 4761 eas
2169 4710 2507 4773 quemquam
2543 4707 2574 4747 a
2637 4688 2729 4744 Dei
2794 4682 3073 4755 θῧηίῑίυηθ
3111 4692 3237 4733 esse
3280 4672 3468 4745 Prom"

198 4791 468 4845 biturum.

262 4881 608 4950 Mapniptor
625 4875 720 4934 οῦν
752 4896 886 4948 φασι
918 4879 979 4934 τὺ
1030 4882 1291 4951 κήρυγμα
1321 4883 1381 4937 τὸ
1412 4886 1543 4957 περὶ
1590 4886 1779 4955 αὐτοῦ,

1958 4878 2164 4936 Volunt
2210 4876 2379 4946 igitur
2429 4867 2720 4927 testimonii
2760 4863 3005 4925 nomine,
3038 4860 3253 4957 factam.
3286 4857 3357 4912 de
3400 4872 3467 4912 eo

194 4975 268 5038 ὡς
295 4973 463 5037 αὐτὸς
500 4971 707 5036 ἐδίδαξε
738 4972 915 5041 λέγων
935 4988 949 5004 ο
972 4974 1066 5026 Δεῖ
1095 4975 1435 5046 κηρυχθῆναι
1462 4977 1523 5028 τὸ
1551 4979 1788 5047 Εὐαγγέ-

195 5064 304 5134 λιον
325 5063 490 5119 τοῦτο
523 5066 581 5118 ὲν
621 5065 718 5136 ὅλῃ
746 5067 813 5137 τῇ
843 5063 1137 5135 οἰκουμένῃ
1169 5066 1258 5131 είς
1292 5068 1625 5135 μαρτύριον
1652 5072 1785 5124 πᾶσι

196 5159 305 5220 τοῖς
343 5155 579 5213 ἔθνεσιν.
630 5157 739 5212 Καὶ
796 5157 950 5229 παρὰ
979 5156 1059 5226 τῷ
1085 5156 1250 5210 Δασὶδ
1277 5158 1334 5211 δὲ
1357 5157 1536 5211 πάντα
1559 5160 1627 5213 τὰ
1652 5159 1781 5230 ἔθνη

197 5248 434 5311 καλέσας
462 5247 670 5316 ελεγεοι
701 5247 776 5300 T6
806 5248 984 5316 στόμα
1003 5265 1107 5315 μου
1134 5247 1357 5320 λαλήσει
1386 5250 1600 5318 σοφίαν,
1625 5254 1719 5304 καὶ
1750 5254 1782 5323 ἡ

200 5336 395 5408 μελέτη
422 5337 525 5409 τῆς
555 5337 785 5408 καρδίας
809 5356 914 5409 μου
960 5338 1193 5394 σύνεσιν.
1225 5339 1405 5394 »Ἔδει
1428 5340 1537 5412 γὰρ
1568 5340 1780 5410 σοφίας,

1888 4964 2336 5041 praedicationem
2367 4954 2785 5018 demonstrari,
2818 4958 2875 5004 ut
2907 4949 3050 5005 idem
3091 4945 3304 5008 docuit,
3337 4960 3462 5041 eum

1886 5037 2244 5131 Evangelium
2282 5067 2445 5109 suum
2481 5064 2579 5120 per
2631 5047 2821 5101 orbem
2856 5044 3175 5097 universum
3211 5037 3467 5109 gentibus

1886 5159 1941 5211 in
1975 5129 2335 5209 testimonium
2382 5141 2718 5216 promulgari
2752 5144 3007 5210 oportere
3037 5134 3194 5191 dixit.
3224 5130 3289 5185 Et
3321 5129 3465 5200 apud

1890 5246 2172 5305 Davidem,
2205 5252 2332 5293 cum
2367 5250 2431 5291 os
2472 5246 2634 5290 suum
2683 5228 3014 5299 sapientiam
3053 5232 3108 5279 et
3149 5221 3463 5277 meditatio-

1888 5354 2011 5393 nem
2070 5330 2257 5390 cordis
2326 5328 2411 5384 sui
2471 5322 2891 5395 intelligentiam
2958 5319 3272 5373 locuturum
3338 5327 3464 5367 esse

269 5521 435 5576 'Luc.
470 5535 547 5582 ιιι,
578 5520 669 5574 25.
747 5523 766 5552 ²
792 5520 895 5576 lsa.
932 5536 1083 5584 utv,
1108 5522 1173 5584 4;
1208 5521 1376 5588 lCor,
1404 5538 1464 5586 tt,
1497 5518 1551 5578 9.
1627 5523 1647 5554 ³
1677 5521 1933 5583 Psal.cx,
1969 5520 2020 5574 5.
2099 5520 2119 5552 ³
2157 5518 2587 5588 Psal.t.x_xxvttt,
2612 5509 2763 5588 in"
2796 5502 2931 5561 ibid.
2963 5500 3156 5558 36-58.
3234 5499 3257 5532 ⁸
3282 5494 3462 5553 Calai-

202 5605 280 5659 ιιι,
312 5592 399 5647 19.
476 5592 497 5623 ⁷
524 5591 726 5647 Jerent.
755 5606 908 5655 xxxi,
944 5590 1035 5655 5t,
1063 5592 1149 5647 5'2.
1227 5591 1427 5649 ‘Joan.
1464 5609 1501 5652 ι.
1536 5592 1621 5646 l7.
1698 5592 1719 5625 ⁸
1761 5590 1789 5644 P

1892 5631 1904 5645 .
1935 5606 2087 5645 xvnt.
2125 5591 2211 5645 lO.

2294 5588 2335 5618 ‘°
2366 5585 2526 5641 Joan.
2561 5597 2635 5643 v1,
2676 5577 2764 5634 64.

1494 5710 1725 5765 vanu;
1769 5709 2172 5779 LECTIONI‘ZS.

268 5805 289 5836 ‘
338 5820 428 5873 Π).
459 5803 880 5875 ἀπειθήσαντος.
