  <div class='ocr_page' id='page_1' title='image "/cluster/home/n/w/nwhite01/storage/ocr_20150623/87:2/hvd.32044019208008/519.png"; bbox 0 0 3998 6390; ppageno 0'>
   <div class='ocr_carea' id='block_1_1' title="bbox 576 318 721 386">
    <p class='ocr_par' dir='ltr' id='par_1_1' title="bbox 576 318 721 386">
     <span class='ocr_line' id='line_1_1' title="bbox 576 318 721 386; baseline 0.014 -2"><span class='ocrx_word' id='word_1_1' title='bbox 576 318 721 386; x_wconf 75' lang='lat'><strong>2559</strong></span> 
     </span>
    </p>
   </div>
   <div class='ocr_carea' id='block_1_2' title="bbox 1908 318 2546 382">
    <p class='ocr_par' dir='ltr' id='par_1_2' title="bbox 1908 318 2546 382">
     <span class='ocr_line' id='line_1_2' title="bbox 1908 318 2546 382; baseline -0.003 -2"><span class='ocrx_word' id='word_1_2' title='bbox 1908 319 2263 382; x_wconf 82' lang='lat' dir='ltr'><strong>PROCOPII</strong></span> <span class='ocrx_word' id='word_1_3' title='bbox 2302 318 2546 379; x_wconf 61' lang='lat' dir='ltr'><strong>GAZZEI</strong></span> 
     </span>
    </p>
   </div>
   <div class='ocr_carea' id='block_1_3' title="bbox 3695 319 3821 386">
    <p class='ocr_par' dir='ltr' id='par_1_3' title="bbox 3695 319 3821 386">
     <span class='ocr_line' id='line_1_3' title="bbox 3695 319 3821 386; baseline 0 0"><span class='ocrx_word' id='word_1_4' title='bbox 3695 319 3821 386; x_wconf 75' lang='lat'><strong>2560</strong></span> 
     </span>
    </p>
   </div>
   <div class='ocr_carea' id='block_1_4' title="bbox 581 425 2184 500">
    <p class='ocr_par' dir='ltr' id='par_1_4' title="bbox 581 425 2160 499">
     <span class='ocr_line' id='line_1_4' title="bbox 581 425 2160 499; baseline -0.003 -12"><span class='ocrx_word' id='word_1_5' title='bbox 581 431 727 487; x_wconf 90' lang='lat' dir='ltr'><strong>unde</strong></span> <span class='ocrx_word' id='word_1_6' title='bbox 752 443 861 486; x_wconf 93' lang='lat' dir='ltr'><strong>non</strong></span> <span class='ocrx_word' id='word_1_7' title='bbox 887 427 1064 486; x_wconf 86' lang='lat' dir='ltr'><strong>solum</strong></span> <span class='ocrx_word' id='word_1_8' title='bbox 1099 428 1169 483; x_wconf 87' lang='lat' dir='ltr'><strong>ad</strong></span> <span class='ocrx_word' id='word_1_9' title='bbox 1197 440 1412 484; x_wconf 80' lang='lat' dir='ltr'><strong>sacram</strong></span> <span class='ocrx_word' id='word_1_10' title='bbox 1467 425 1826 484; x_wconf 90' lang='lat' dir='ltr'><strong>nutritionem</strong></span> <span class='ocrx_word' id='word_1_11' title='bbox 1881 428 2160 499; x_wconf 88' lang='lat' dir='ltr'><strong>colligere,</strong></span> 
     </span>
    </p>
   </div>
   <div class='ocr_carea' id='block_1_5' title="bbox 2288 425 3821 500">
    <p class='ocr_par' dir='ltr' id='par_1_5' title="bbox 2288 426 3821 500">
     <span class='ocr_line' id='line_1_5' title="bbox 2288 426 3821 500; baseline 0.003 -18"><span class='ocrx_word' id='word_1_12' title='bbox 2288 429 2446 500; x_wconf 63' lang='grc' dir='ltr'><em>πχὴν,</em></span> <span class='ocrx_word' id='word_1_13' title='bbox 2467 428 2544 492; x_wconf 83' lang='grc' dir='ltr'><strong>ὡς</strong></span> <span class='ocrx_word' id='word_1_14' title='bbox 2593 427 2671 499; x_wconf 82' lang='grc' dir='ltr'><em>μὴ</em></span> <span class='ocrx_word' id='word_1_15' title='bbox 2712 427 2871 499; x_wconf 85' lang='grc' dir='ltr'><em>μόνον</em></span> <span class='ocrx_word' id='word_1_16' title='bbox 2896 427 2993 498; x_wconf 78' lang='grc' dir='ltr'><strong>τὴν</strong></span> <span class='ocrx_word' id='word_1_17' title='bbox 3028 426 3179 498; x_wconf 72' lang='grc' dir='ltr'><em>ἱερὰν</em></span> <span class='ocrx_word' id='word_1_18' title='bbox 3212 427 3461 494; x_wconf 81' lang='grc' dir='ltr'><em>συλλέξαι</em></span> <span class='ocrx_word' id='word_1_19' title='bbox 3496 428 3714 500; x_wconf 74' lang='grc' dir='ltr'><em>τροφὴν,</em></span> <span class='ocrx_word' id='word_1_20' title='bbox 3740 436 3821 487; x_wconf 74' lang='grc' dir='ltr'><strong>καὶ</strong></span> 
     </span>
    </p>
   </div>
   <div class='ocr_carea' id='block_1_6' title="bbox 577 519 2161 594">
    <p class='ocr_par' dir='ltr' id='par_1_6' title="bbox 577 519 2161 594">
     <span class='ocr_line' id='line_1_6' title="bbox 577 519 2161 594; baseline -0.001 -17"><span class='ocrx_word' id='word_1_21' title='bbox 577 536 869 594; x_wconf 78' lang='lat' dir='ltr'><strong>panemque</strong></span> <span class='ocrx_word' id='word_1_22' title='bbox 891 519 1166 577; x_wconf 81' lang='lat' dir='ltr'><strong>viviﬁcum</strong></span> <span class='ocrx_word' id='word_1_23' title='bbox 1188 520 1393 576; x_wconf 87' lang='lat' dir='ltr'><strong>habere</strong></span> <span class='ocrx_word' id='word_1_24' title='bbox 1415 519 1758 587; x_wconf 78' lang='lat' dir='ltr'><strong>conceditur,</strong></span> <span class='ocrx_word' id='word_1_25' title='bbox 1790 519 1886 577; x_wconf 86' lang='lat' dir='ltr'><strong>sed</strong></span> <span class='ocrx_word' id='word_1_26' title='bbox 1903 529 1957 575; x_wconf 92' lang='lat' dir='ltr'><strong>et</strong></span> <span class='ocrx_word' id='word_1_27' title='bbox 1985 538 2161 575; x_wconf 78' lang='lat' dir='ltr'><strong>semen</strong></span> 
     </span>
    </p>
   </div>
   <div class='ocr_carea' id='block_1_7' title="bbox 580 612 2164 685">
    <p class='ocr_par' dir='ltr' id='par_1_7' title="bbox 580 612 2164 685">
     <span class='ocr_line' id='line_1_7' title="bbox 580 612 2164 685; baseline -0.001 -16"><span class='ocrx_word' id='word_1_28' title='bbox 580 617 746 671; x_wconf 77' lang='lat' dir='ltr'><strong>etiam</strong></span> <span class='ocrx_word' id='word_1_29' title='bbox 776 614 1081 669; x_wconf 72' lang='lat' dir='ltr'><strong>aeminenti.</strong></span> <span class='ocrx_word' id='word_1_30' title='bbox 1115 612 1217 680; x_wconf 85' lang='lat' dir='ltr'><strong>Qui</strong></span> <span class='ocrx_word' id='word_1_31' title='bbox 1246 613 1393 668; x_wconf 89' lang='lat' dir='ltr'><strong>enim</strong></span> <span class='ocrx_word' id='word_1_32' title='bbox 1424 613 1689 685; x_wconf 87' lang='lat' dir='ltr'><strong>mysteria</strong></span> <span class='ocrx_word' id='word_1_33' title='bbox 1712 613 1942 684; x_wconf 91' lang='lat' dir='ltr'><strong>populos</strong></span> <span class='ocrx_word' id='word_1_34' title='bbox 1962 614 2164 669; x_wconf 91' lang='lat' dir='ltr'><strong>docent</strong></span> 
     </span>
    </p>
   </div>
   <div class='ocr_carea' id='block_1_8' title="bbox 581 702 2163 775">
    <p class='ocr_par' dir='ltr' id='par_1_8' title="bbox 581 702 2163 775">
     <span class='ocr_line' id='line_1_8' title="bbox 581 702 2163 775; baseline 0 -17"><span class='ocrx_word' id='word_1_35' title='bbox 581 705 684 775; x_wconf 85' lang='lat' dir='ltr'><strong>ipsi</strong></span> <span class='ocrx_word' id='word_1_36' title='bbox 714 705 766 757; x_wconf 93' lang='lat' dir='ltr'><strong>in</strong></span> <span class='ocrx_word' id='word_1_37' title='bbox 790 702 1048 757; x_wconf 88' lang='lat' dir='ltr'><strong>cordibus</strong></span> <span class='ocrx_word' id='word_1_38' title='bbox 1081 717 1271 755; x_wconf 89' lang='lat' dir='ltr'><strong>eorum</strong></span> <span class='ocrx_word' id='word_1_39' title='bbox 1302 702 1450 772; x_wconf 91' lang='lat' dir='ltr'><strong>quod</strong></span> <span class='ocrx_word' id='word_1_40' title='bbox 1479 702 1584 758; x_wconf 84' lang='lat' dir='ltr'><strong>sibi</strong></span> <span class='ocrx_word' id='word_1_41' title='bbox 1633 720 1806 757; x_wconf 82' lang='lat' dir='ltr'><strong><em>semen</em></strong></span> <span class='ocrx_word' id='word_1_42' title='bbox 1840 703 2163 759; x_wconf 85' lang='lat' dir='ltr'><strong>recondide-</strong></span> 
     </span>
    </p>
   </div>
   <div class='ocr_carea' id='block_1_9' title="bbox 579 786 2165 865">
    <p class='ocr_par' dir='ltr' id='par_1_9' title="bbox 579 786 2165 865">
     <span class='ocr_line' id='line_1_9' title="bbox 579 786 2165 865; baseline -0.001 -14"><span class='ocrx_word' id='word_1_43' title='bbox 579 802 732 860; x_wconf 84' lang='lat' dir='ltr'><strong>runt,</strong></span> <span class='ocrx_word' id='word_1_44' title='bbox 768 795 1047 849; x_wconf 78' lang='lat' dir='ltr'><strong>seminam.</strong></span> <span class='ocrx_word' id='word_1_45' title='bbox 1092 790 1200 847; x_wconf 83' lang='lat' dir='ltr'><strong>Nos</strong></span> <span class='ocrx_word' id='word_1_46' title='bbox 1256 786 1425 859; x_wconf 83' lang='lat' dir='ltr'><strong>enim,</strong></span> <span class='ocrx_word' id='word_1_47' title='bbox 1466 804 1692 849; x_wconf 81' lang='lat' dir='ltr'><strong>auclore</strong></span> <span class='ocrx_word' id='word_1_48' title='bbox 1727 794 2011 865; x_wconf 87' lang='lat' dir='ltr'><strong>Apostolo,</strong></span> <span class='ocrx_word' id='word_1_49' title='bbox 2066 793 2165 849; x_wconf 86' lang='lat' dir='ltr'><strong>Dei</strong></span> 
     </span>
    </p>
   </div>
   <div class='ocr_carea' id='block_1_10' title="bbox 582 882 2167 955">
    <p class='ocr_par' dir='ltr' id='par_1_10' title="bbox 582 882 2167 955">
     <span class='ocr_line' id='line_1_10' title="bbox 582 882 2167 955; baseline -0.002 -16"><span class='ocrx_word' id='word_1_50' title='bbox 582 884 900 955; x_wconf 75' lang='lat' dir='ltr'><strong>agricolatio</strong></span> <span class='ocrx_word' id='word_1_51' title='bbox 925 897 1118 937; x_wconf 89' lang='lat' dir='ltr'><strong>sumus</strong></span> <span class='ocrx_word' id='word_1_52' title='bbox 1147 883 1288 948; x_wconf 78' lang='lat' dir='ltr'><strong>&quot;,et</strong></span> <span class='ocrx_word' id='word_1_53' title='bbox 1312 884 1657 953; x_wconf 81' lang='lat' dir='ltr'><strong>cooperarii;</strong></span> <span class='ocrx_word' id='word_1_54' title='bbox 1690 884 1783 955; x_wconf 85' lang='lat' dir='ltr'><strong>qui</strong></span> <span class='ocrx_word' id='word_1_55' title='bbox 1811 884 1878 939; x_wconf 88' lang='lat' dir='ltr'><strong>de</strong></span> <span class='ocrx_word' id='word_1_56' title='bbox 1913 900 1972 939; x_wconf 93' lang='lat' dir='ltr'><strong>se</strong></span> <span class='ocrx_word' id='word_1_57' title='bbox 2004 882 2167 938; x_wconf 90' lang='lat' dir='ltr'><strong>intel-</strong></span> 
     </span>
    </p>
   </div>
   <div class='ocr_carea' id='block_1_11' title="bbox 583 974 2167 1045">
    <p class='ocr_par' dir='ltr' id='par_1_11' title="bbox 583 974 2167 1045">
     <span class='ocr_line' id='line_1_11' title="bbox 583 974 2167 1045; baseline 0 -16"><span class='ocrx_word' id='word_1_58' title='bbox 583 976 777 1045; x_wconf 89' lang='lat' dir='ltr'><strong>ligens,</strong></span> <span class='ocrx_word' id='word_1_59' title='bbox 831 975 1011 1030; x_wconf 78' lang='lat' dir='ltr'><strong>exisse</strong></span> <span class='ocrx_word' id='word_1_60' title='bbox 1074 974 1164 1044; x_wconf 87' lang='lat' dir='ltr'><strong>qui</strong></span> <span class='ocrx_word' id='word_1_61' title='bbox 1196 976 1451 1043; x_wconf 88' lang='lat' dir='ltr'><strong>seminat,</strong></span> <span class='ocrx_word' id='word_1_62' title='bbox 1510 982 1568 1028; x_wconf 93' lang='lat' dir='ltr'><strong>ut</strong></span> <span class='ocrx_word' id='word_1_63' title='bbox 1621 977 1915 1030; x_wconf 87' lang='lat' dir='ltr'><strong>seminaret</strong></span> <span class='ocrx_word' id='word_1_64' title='bbox 1980 989 2167 1031; x_wconf 87' lang='lat' dir='ltr'><strong>semen</strong></span> 
     </span>
    </p>
   </div>
   <div class='ocr_carea' id='block_1_12' title="bbox 583 1061 2169 1134">
    <p class='ocr_par' dir='ltr' id='par_1_12' title="bbox 583 1061 2169 1134">
     <span class='ocr_line' id='line_1_12' title="bbox 583 1061 2169 1134; baseline -0.003 -13"><span class='ocrx_word' id='word_1_65' title='bbox 583 1080 746 1121; x_wconf 88' lang='lat' dir='ltr'><strong>suum</strong></span> <span class='ocrx_word' id='word_1_66' title='bbox 806 1064 1127 1134; x_wconf 79' lang='lat' dir='ltr'><strong>pronuntiat</strong></span> <span class='ocrx_word' id='word_1_67' title='bbox 1154 1064 1221 1118; x_wconf 82' lang='grc'><strong>³⁸.</strong></span> <span class='ocrx_word' id='word_1_68' title='bbox 1279 1064 1442 1118; x_wconf 78' lang='lat' dir='ltr'><strong>Addit</strong></span> <span class='ocrx_word' id='word_1_69' title='bbox 1504 1076 1690 1119; x_wconf 90' lang='lat' dir='ltr'><strong>autem</strong></span> <span class='ocrx_word' id='word_1_70' title='bbox 1757 1079 1894 1127; x_wconf 85' lang='lat' dir='ltr'><strong>eos,</strong></span> <span class='ocrx_word' id='word_1_71' title='bbox 1951 1063 2042 1132; x_wconf 88' lang='lat' dir='ltr'><strong>qui</strong></span> <span class='ocrx_word' id='word_1_72' title='bbox 2100 1061 2169 1116; x_wconf 92' lang='lat' dir='ltr'><strong>de</strong></span> 
     </span>
    </p>
   </div>
   <div class='ocr_carea' id='block_1_13' title="bbox 584 1152 2170 1227">
    <p class='ocr_par' dir='ltr' id='par_1_13' title="bbox 584 1152 2170 1227">
     <span class='ocr_line' id='line_1_13' title="bbox 584 1152 2170 1227; baseline -0.003 -17"><span class='ocrx_word' id='word_1_73' title='bbox 584 1157 839 1227; x_wconf 79' lang='lat' dir='ltr'><strong>gentibus</strong></span> <span class='ocrx_word' id='word_1_74' title='bbox 862 1155 931 1211; x_wconf 92' lang='lat' dir='ltr'><strong>ad</strong></span> <span class='ocrx_word' id='word_1_75' title='bbox 971 1156 1215 1211; x_wconf 90' lang='lat' dir='ltr'><strong>salutare</strong></span> <span class='ocrx_word' id='word_1_76' title='bbox 1250 1154 1480 1210; x_wconf 87' lang='lat' dir='ltr'><strong>verbum</strong></span> <span class='ocrx_word' id='word_1_77' title='bbox 1529 1154 1819 1219; x_wconf 85' lang='lat' dir='ltr'><strong>accedunt,</strong></span> <span class='ocrx_word' id='word_1_78' title='bbox 1873 1155 1926 1205; x_wconf 89' lang='lat' dir='ltr'><strong>in</strong></span> <span class='ocrx_word' id='word_1_79' title='bbox 1983 1152 2170 1206; x_wconf 69' lang='lat' dir='ltr'><strong>Ia’tilia</strong></span> 
     </span>
    </p>
   </div>
   <div class='ocr_carea' id='block_1_14' title="bbox 583 1244 2171 1317">
    <p class='ocr_par' dir='ltr' id='par_1_14' title="bbox 583 1244 2171 1317">
     <span class='ocr_line' id='line_1_14' title="bbox 583 1244 2171 1317; baseline -0.003 -17"><span class='ocrx_word' id='word_1_80' title='bbox 583 1263 910 1317; x_wconf 75' lang='lat' dir='ltr'><strong>egressurus,</strong></span> <span class='ocrx_word' id='word_1_81' title='bbox 941 1244 995 1302; x_wconf 88' lang='lat' dir='ltr'><strong>id</strong></span> <span class='ocrx_word' id='word_1_82' title='bbox 1026 1254 1110 1301; x_wconf 90' lang='lat' dir='ltr'><strong>est</strong></span> <span class='ocrx_word' id='word_1_83' title='bbox 1130 1252 1417 1315; x_wconf 89' lang='lat' dir='ltr'><strong>paternum</strong></span> <span class='ocrx_word' id='word_1_84' title='bbox 1441 1259 1682 1299; x_wconf 88' lang='lat' dir='ltr'><strong>errorem</strong></span> <span class='ocrx_word' id='word_1_85' title='bbox 1703 1259 1826 1298; x_wconf 86' lang='lat' dir='ltr'><strong>esse</strong></span> <span class='ocrx_word' id='word_1_86' title='bbox 1858 1244 2171 1307; x_wconf 86' lang='lat' dir='ltr'><strong>relicturos,</strong></span> 
     </span>
    </p>
   </div>
   <div class='ocr_carea' id='block_1_15' title="bbox 584 1333 2173 1408">
    <p class='ocr_par' dir='ltr' id='par_1_15' title="bbox 584 1333 2173 1408">
     <span class='ocr_line' id='line_1_15' title="bbox 584 1333 2173 1408; baseline -0.003 -17"><span class='ocrx_word' id='word_1_87' title='bbox 584 1336 862 1408; x_wconf 87' lang='lat' dir='ltr'><strong>quomodo</strong></span> <span class='ocrx_word' id='word_1_88' title='bbox 893 1337 1266 1391; x_wconf 84' lang='lat' dir='ltr'><strong>Abrahamum</strong></span> <span class='ocrx_word' id='word_1_89' title='bbox 1300 1336 1393 1391; x_wconf 89' lang='lat' dir='ltr'><strong>Dei</strong></span> <span class='ocrx_word' id='word_1_90' title='bbox 1422 1335 1580 1405; x_wconf 81' lang='lat' dir='ltr'><strong>jussu</strong></span> <span class='ocrx_word' id='word_1_91' title='bbox 1607 1342 1750 1389; x_wconf 84' lang='lat' dir='ltr'><strong>terra</strong></span> <span class='ocrx_word' id='word_1_92' title='bbox 1789 1333 1963 1403; x_wconf 87' lang='lat' dir='ltr'><strong>patria</strong></span> <span class='ocrx_word' id='word_1_93' title='bbox 1986 1348 2173 1403; x_wconf 85' lang='lat' dir='ltr'><strong>egres-</strong></span> 
     </span>
    </p>
   </div>
   <div class='ocr_carea' id='block_1_16' title="bbox 586 1423 2172 1496">
    <p class='ocr_par' dir='ltr' id='par_1_16' title="bbox 586 1423 2172 1496">
     <span class='ocr_line' id='line_1_16' title="bbox 586 1423 2172 1496; baseline -0.004 -14"><span class='ocrx_word' id='word_1_94' title='bbox 586 1443 706 1482; x_wconf 89' lang='lat' dir='ltr'><strong>sum</strong></span> <span class='ocrx_word' id='word_1_95' title='bbox 732 1441 853 1483; x_wconf 86' lang='lat' dir='ltr'><strong>esse</strong></span> <span class='ocrx_word' id='word_1_96' title='bbox 880 1425 1133 1496; x_wconf 82' lang='lat' dir='ltr'><strong>legimus.</strong></span> <span class='ocrx_word' id='word_1_97' title='bbox 1156 1424 1321 1479; x_wconf 86' lang='lat' dir='ltr'><strong>Addit</strong></span> <span class='ocrx_word' id='word_1_98' title='bbox 1346 1434 1607 1494; x_wconf 82' lang='lat' dir='ltr'><strong>praeterea</strong></span> <span class='ocrx_word' id='word_1_99' title='bbox 1632 1438 1726 1477; x_wconf 90' lang='lat' dir='ltr'><strong>eos</strong></span> <span class='ocrx_word' id='word_1_100' title='bbox 1764 1424 1821 1476; x_wconf 74' lang='lat' dir='ltr'><strong>in</strong></span> <span class='ocrx_word' id='word_1_101' title='bbox 1852 1423 2045 1493; x_wconf 83' lang='lat' dir='ltr'><strong>gaudio</strong></span> <span class='ocrx_word' id='word_1_102' title='bbox 2072 1424 2172 1475; x_wconf 77' lang='lat' dir='ltr'><strong>do—</strong></span> 
     </span>
    </p>
   </div>
   <div class='ocr_carea' id='block_1_17' title="bbox 588 1512 2171 1586">
    <p class='ocr_par' dir='ltr' id='par_1_17' title="bbox 588 1512 2171 1586">
     <span class='ocr_line' id='line_1_17' title="bbox 588 1512 2171 1586; baseline -0.003 -14"><span class='ocrx_word' id='word_1_103' title='bbox 588 1529 731 1577; x_wconf 84' lang='lat' dir='ltr'><strong>clum</strong></span> <span class='ocrx_word' id='word_1_104' title='bbox 757 1517 848 1582; x_wconf 78' lang='lat' dir='ltr'><strong>iri,</strong></span> <span class='ocrx_word' id='word_1_105' title='bbox 872 1517 1015 1586; x_wconf 91' lang='lat' dir='ltr'><strong>quod</strong></span> <span class='ocrx_word' id='word_1_106' title='bbox 1045 1524 1128 1572; x_wconf 91' lang='lat' dir='ltr'><strong>est</strong></span> <span class='ocrx_word' id='word_1_107' title='bbox 1156 1515 1222 1570; x_wconf 88' lang='lat' dir='ltr'><strong>ad</strong></span> <span class='ocrx_word' id='word_1_108' title='bbox 1239 1515 1430 1569; x_wconf 90' lang='lat' dir='ltr'><strong>salutis</strong></span> <span class='ocrx_word' id='word_1_109' title='bbox 1448 1512 2171 1583; x_wconf 45' lang='lat' dir='ltr'><strong>Evangeliumlreferendum</strong></span> 
     </span>
    </p>
   </div>
   <div class='ocr_carea' id='block_1_18' title="bbox 590 1603 2175 1678">
    <p class='ocr_par' dir='ltr' id='par_1_18' title="bbox 590 1603 2175 1678">
     <span class='ocr_line' id='line_1_18' title="bbox 590 1603 2175 1678; baseline -0.007 -10"><span class='ocrx_word' id='word_1_110' title='bbox 590 1620 643 1668; x_wconf 89' lang='lat' dir='ltr'><strong>et</strong></span> <span class='ocrx_word' id='word_1_111' title='bbox 676 1609 744 1665; x_wconf 80' lang='lat' dir='ltr'><strong>ad</strong></span> <span class='ocrx_word' id='word_1_112' title='bbox 769 1609 916 1666; x_wconf 88' lang='lat' dir='ltr'><strong>istud</strong></span> <span class='ocrx_word' id='word_1_113' title='bbox 951 1608 1212 1678; x_wconf 81' lang='lat' dir='ltr'><strong>respexit,</strong></span> <span class='ocrx_word' id='word_1_114' title='bbox 1241 1606 1384 1677; x_wconf 88' lang='lat' dir='ltr'><strong>quod</strong></span> <span class='ocrx_word' id='word_1_115' title='bbox 1414 1607 1525 1659; x_wconf 81' lang='lat' dir='ltr'><strong>vias</strong></span> <span class='ocrx_word' id='word_1_116' title='bbox 1548 1604 1662 1669; x_wconf 83' lang='lat' dir='ltr'><strong>eius</strong></span> <span class='ocrx_word' id='word_1_117' title='bbox 1686 1614 1735 1659; x_wconf 84' lang='lat' dir='ltr'><strong>et</strong></span> <span class='ocrx_word' id='word_1_118' title='bbox 1774 1603 2031 1659; x_wconf 83' lang='lat' dir='ltr'><strong>mandata</strong></span> <span class='ocrx_word' id='word_1_119' title='bbox 2052 1621 2175 1673; x_wconf 84' lang='lat' dir='ltr'><strong>pro-</strong></span> 
     </span>
    </p>
   </div>
   <div class='ocr_carea' id='block_1_19' title="bbox 590 1703 2175 1775">
    <p class='ocr_par' dir='ltr' id='par_1_19' title="bbox 590 1703 2175 1775">
     <span class='ocr_line' id='line_1_19' title="bbox 590 1703 2175 1775; baseline -0.004 -14"><span class='ocrx_word' id='word_1_120' title='bbox 590 1716 929 1775; x_wconf 68' lang='lat' dir='ltr'><strong>cperaturum</strong></span> <span class='ocrx_word' id='word_1_121' title='bbox 972 1722 1026 1768; x_wconf 72' lang='lat' dir='ltr'><strong>se</strong></span> <span class='ocrx_word' id='word_1_122' title='bbox 1066 1706 1212 1775; x_wconf 76' lang='lat' dir='ltr'><strong>prius</strong></span> <span class='ocrx_word' id='word_1_123' title='bbox 1273 1703 1579 1758; x_wconf 78' lang='lat' dir='ltr'><strong>allirmavit.</strong></span> <span class='ocrx_word' id='word_1_124' title='bbox 1612 1703 1710 1757; x_wconf 85' lang='lat' dir='ltr'><strong>Est</strong></span> <span class='ocrx_word' id='word_1_125' title='bbox 1755 1704 1899 1757; x_wconf 89' lang='lat' dir='ltr'><strong>enim</strong></span> <span class='ocrx_word' id='word_1_126' title='bbox 1942 1703 2175 1773; x_wconf 78' lang='lat' dir='ltr'><strong>perdim-</strong></span> 
     </span>
    </p>
   </div>
   <div class='ocr_carea' id='block_1_20' title="bbox 2262 518 3821 593">
    <p class='ocr_par' dir='ltr' id='par_1_20' title="bbox 2262 518 3821 593">
     <span class='ocr_line' id='line_1_20' title="bbox 2262 518 3821 593; baseline 0.001 -19"><span class='ocrx_word' id='word_1_127' title='bbox 2262 520 2371 574; x_wconf 80' lang='grc' dir='ltr'><strong>τὸν</strong></span> <span class='ocrx_word' id='word_1_128' title='bbox 2397 519 2581 587; x_wconf 82' lang='grc' dir='ltr'><em>ἄρτον</em></span> <span class='ocrx_word' id='word_1_129' title='bbox 2609 518 2754 589; x_wconf 79' lang='grc' dir='ltr'>ἔχειν</span> <span class='ocrx_word' id='word_1_130' title='bbox 2785 518 2879 572; x_wconf 83' lang='grc' dir='ltr'><strong>τὸν</strong></span> <span class='ocrx_word' id='word_1_131' title='bbox 2920 518 3180 583; x_wconf 77' lang='grc' dir='ltr'><em>ζωοποιδν</em></span> <span class='ocrx_word' id='word_1_132' title='bbox 3208 556 3225 583; x_wconf 88' lang='grc'><strong>,</strong></span> <span class='ocrx_word' id='word_1_133' title='bbox 3285 518 3420 572; x_wconf 72' lang='grc' dir='ltr'><em>ἀλλὰ</em></span> <span class='ocrx_word' id='word_1_134' title='bbox 3450 520 3552 573; x_wconf 73' lang='grc' dir='ltr'><em>καὶ</em></span> <span class='ocrx_word' id='word_1_135' title='bbox 3605 523 3821 593; x_wconf 73' lang='grc' dir='ltr'><em>σπέρμα</em></span> 
     </span>
    </p>
   </div>
   <div class='ocr_carea' id='block_1_21' title="bbox 2262 609 3822 683">
    <p class='ocr_par' dir='ltr' id='par_1_21' title="bbox 2262 609 3822 683">
     <span class='ocr_line' id='line_1_21' title="bbox 2262 609 3822 683; baseline 0.001 -17"><span class='ocrx_word' id='word_1_136' title='bbox 2262 612 2341 683; x_wconf 84' lang='grc' dir='ltr'><em>τῷ</em></span> <span class='ocrx_word' id='word_1_137' title='bbox 2367 612 2698 681; x_wconf 74' lang='grc' dir='ltr'><strong>σπείροντι.</strong></span> <span class='ocrx_word' id='word_1_138' title='bbox 2729 612 2792 664; x_wconf 81' lang='grc' dir='ltr'><strong>Οἱ</strong></span> <span class='ocrx_word' id='word_1_139' title='bbox 2814 609 2923 681; x_wconf 75' lang='grc' dir='ltr'><strong>γὰρ</strong></span> <span class='ocrx_word' id='word_1_140' title='bbox 2952 611 3441 680; x_wconf 84' lang='grc' dir='ltr'><em>μυσταγωγοῦντες</em></span> <span class='ocrx_word' id='word_1_141' title='bbox 3468 612 3655 679; x_wconf 73' lang='grc' dir='ltr'><em>λαοὺς,</em></span> <span class='ocrx_word' id='word_1_142' title='bbox 3672 618 3822 669; x_wconf 68' lang='lat' dir='ltr'><strong>cael-</strong></span> 
     </span>
    </p>
   </div>
   <div class='ocr_carea' id='block_1_22' title="bbox 2255 700 3823 773">
    <p class='ocr_par' dir='ltr' id='par_1_22' title="bbox 2255 700 3823 773">
     <span class='ocr_line' id='line_1_22' title="bbox 2255 700 3823 773; baseline -0.001 -15"><span class='ocrx_word' id='word_1_143' title='bbox 2255 720 2479 772; x_wconf 85' lang='grc' dir='ltr'><em>ρουσιν</em></span> <span class='ocrx_word' id='word_1_144' title='bbox 2501 704 2556 756; x_wconf 81' lang='grc' dir='ltr'>ὲν</span> <span class='ocrx_word' id='word_1_145' title='bbox 2588 705 2705 765; x_wconf 86' lang='grc' dir='ltr'>ταῖς</span> <span class='ocrx_word' id='word_1_146' title='bbox 2733 701 2984 773; x_wconf 81' lang='grc' dir='ltr'><strong>καρδίαις</strong></span> <span class='ocrx_word' id='word_1_147' title='bbox 3013 700 3213 765; x_wconf 82' lang='grc' dir='ltr'>αὐτῶν,</span> <span class='ocrx_word' id='word_1_148' title='bbox 3267 700 3326 754; x_wconf 83' lang='grc' dir='ltr'><strong>ὃν</strong></span> <span class='ocrx_word' id='word_1_149' title='bbox 3355 702 3573 764; x_wconf 77' lang='grc' dir='ltr'><strong>ἑαυτοῖς</strong></span> <span class='ocrx_word' id='word_1_150' title='bbox 3612 702 3823 773; x_wconf 76' lang='grc' dir='ltr'><strong>ἐθησαύ-</strong></span> 
     </span>
    </p>
   </div>
   <div class='ocr_carea' id='block_1_23' title="bbox 2270 791 3821 866">
    <p class='ocr_par' dir='ltr' id='par_1_23' title="bbox 2270 791 3821 866">
     <span class='ocr_line' id='line_1_23' title="bbox 2270 791 3821 866; baseline -0.002 -18"><span class='ocrx_word' id='word_1_151' title='bbox 2270 812 2427 866; x_wconf 90' lang='grc' dir='ltr'><em>ρισαν</em></span> <span class='ocrx_word' id='word_1_152' title='bbox 2463 793 2718 862; x_wconf 79' lang='grc' dir='ltr'><strong>σπόρον.</strong></span> <span class='ocrx_word' id='word_1_153' title='bbox 2767 792 2925 846; x_wconf 83' lang='grc' dir='ltr'><strong>Κατὰ</strong></span> <span class='ocrx_word' id='word_1_154' title='bbox 2950 792 3059 862; x_wconf 79' lang='grc' dir='ltr'>γὰρ</span> <span class='ocrx_word' id='word_1_155' title='bbox 3087 792 3178 844; x_wconf 71' lang='grc' dir='ltr'><strong>τὸν</strong></span> <span class='ocrx_word' id='word_1_156' title='bbox 3221 792 3456 856; x_wconf 79' lang='grc' dir='ltr'><strong>Παῦλον,</strong></span> <span class='ocrx_word' id='word_1_157' title='bbox 3499 791 3636 845; x_wconf 83' lang='grc' dir='ltr'><strong>Θεοῦ</strong></span> <span class='ocrx_word' id='word_1_158' title='bbox 3668 794 3821 865; x_wconf 78' lang='grc' dir='ltr'><em>γεώρ-</em></span> 
     </span>
    </p>
   </div>
   <div class='ocr_carea' id='block_1_24' title="bbox 2267 881 3821 957">
    <p class='ocr_par' dir='ltr' id='par_1_24' title="bbox 2267 881 3821 957">
     <span class='ocr_line' id='line_1_24' title="bbox 2267 881 3821 957; baseline -0.001 -18"><span class='ocrx_word' id='word_1_159' title='bbox 2267 888 2386 957; x_wconf 83' lang='grc' dir='ltr'>γιόν</span> <span class='ocrx_word' id='word_1_160' title='bbox 2417 881 2764 957; x_wconf 73' lang='grc' dir='ltr'><em>ἔσμεν,’Θεοῦ</em></span> <span class='ocrx_word' id='word_1_161' title='bbox 2793 884 3046 954; x_wconf 82' lang='grc' dir='ltr'><em>συνεργοὶ</em></span> <span class='ocrx_word' id='word_1_162' title='bbox 3074 883 3167 935; x_wconf 85' lang='grc' dir='ltr'><strong>τοῦ</strong></span> <span class='ocrx_word' id='word_1_163' title='bbox 3190 883 3440 947; x_wconf 80' lang='grc' dir='ltr'><strong>λέγοντος</strong></span> <span class='ocrx_word' id='word_1_164' title='bbox 3466 884 3595 953; x_wconf 74' lang='grc' dir='ltr'><em>περὶ</em></span> <span class='ocrx_word' id='word_1_165' title='bbox 3621 885 3821 939; x_wconf 78' lang='grc' dir='ltr'><em>ἑαυτοῦ·</em></span> 
     </span>
    </p>
   </div>
   <div class='ocr_carea' id='block_1_25' title="bbox 2282 973 3825 1048">
    <p class='ocr_par' dir='ltr' id='par_1_25' title="bbox 2282 973 3825 1048">
     <span class='ocr_line' id='line_1_25' title="bbox 2282 973 3825 1048; baseline 0.001 -18"><span class='ocrx_word' id='word_1_166' title='bbox 2282 977 2537 1048; x_wconf 80' lang='grc' dir='ltr'><strong>Ἐξῆλθεν</strong></span> <span class='ocrx_word' id='word_1_167' title='bbox 2561 980 2589 1030; x_wconf 88' lang='grc' dir='ltr'>ὁ</span> <span class='ocrx_word' id='word_1_168' title='bbox 2659 975 2895 1047; x_wconf 78' lang='grc' dir='ltr'><em>σπείρων</em></span> <span class='ocrx_word' id='word_1_169' title='bbox 2924 973 3017 1027; x_wconf 87' lang='grc' dir='ltr'><strong>τοῦ</strong></span> <span class='ocrx_word' id='word_1_170' title='bbox 3065 977 3288 1045; x_wconf 84' lang='grc' dir='ltr'><em>σπεῖραι</em></span> <span class='ocrx_word' id='word_1_171' title='bbox 3318 976 3406 1028; x_wconf 70' lang='grc' dir='ltr'><em>τὸν</em></span> <span class='ocrx_word' id='word_1_172' title='bbox 3430 977 3632 1046; x_wconf 76' lang='grc' dir='ltr'><em>σπόρον</em></span> <span class='ocrx_word' id='word_1_173' title='bbox 3661 976 3825 1034; x_wconf 77' lang='grc' dir='ltr'><em>αὑτοῦ.</em></span> 
     </span>
    </p>
   </div>
   <div class='ocr_carea' id='block_1_26' title="bbox 2270 1067 3830 1141">
    <p class='ocr_par' dir='ltr' id='par_1_26' title="bbox 2270 1067 3830 1141">
     <span class='ocr_line' id='line_1_26' title="bbox 2270 1067 3830 1141; baseline -0.002 -17"><span class='ocrx_word' id='word_1_174' title='bbox 2270 1072 2417 1141; x_wconf 80' lang='grc' dir='ltr'><strong>Πρὸς</strong></span> <span class='ocrx_word' id='word_1_175' title='bbox 2476 1070 2532 1123; x_wconf 79' lang='grc' dir='ltr'><em>δὲ</em></span> <span class='ocrx_word' id='word_1_176' title='bbox 2555 1069 2682 1133; x_wconf 80' lang='grc' dir='ltr'><strong>τοὺς</strong></span> <span class='ocrx_word' id='word_1_177' title='bbox 2731 1069 2791 1133; x_wconf 76' lang='grc' dir='ltr'>ἐξ</span> <span class='ocrx_word' id='word_1_178' title='bbox 2839 1067 3010 1122; x_wconf 74' lang='grc' dir='ltr'>ἐθνῶν</span> <span class='ocrx_word' id='word_1_179' title='bbox 3087 1068 3166 1137; x_wconf 85' lang='grc' dir='ltr'><em>τῷ</em></span> <span class='ocrx_word' id='word_1_180' title='bbox 3223 1068 3479 1137; x_wconf 75' lang='grc' dir='ltr'><em>σωτηρξῳ</em></span> <span class='ocrx_word' id='word_1_181' title='bbox 3534 1069 3830 1138; x_wconf 77' lang='grc' dir='ltr'><strong>προσιόντας</strong></span> 
     </span>
    </p>
   </div>
   <div class='ocr_carea' id='block_1_27' title="bbox 2271 1159 3830 1233">
    <p class='ocr_par' dir='ltr' id='par_1_27' title="bbox 2271 1159 3830 1233">
     <span class='ocr_line' id='line_1_27' title="bbox 2271 1159 3830 1233; baseline -0.001 -18"><span class='ocrx_word' id='word_1_182' title='bbox 2271 1162 2415 1233; x_wconf 83' lang='grc' dir='ltr'><strong>λόγῳ</strong></span> <span class='ocrx_word' id='word_1_183' title='bbox 2466 1161 2653 1232; x_wconf 74' lang='grc' dir='ltr'><strong>φησιν·</strong></span> <span class='ocrx_word' id='word_1_184' title='bbox 2704 1162 2809 1215; x_wconf 85' lang='grc' dir='ltr'><strong>Ἐν</strong></span> <span class='ocrx_word' id='word_1_185' title='bbox 2856 1160 2964 1231; x_wconf 78' lang='grc' dir='ltr'><strong>γὰρ</strong></span> <span class='ocrx_word' id='word_1_186' title='bbox 3020 1161 3371 1229; x_wconf 65' lang='grc' dir='ltr'><em>εὐφροσύνῃ</em></span> <span class='ocrx_word' id='word_1_187' title='bbox 3428 1159 3830 1225; x_wconf 73' lang='grc' dir='ltr'><strong>ἐξελεύσεσθε,</strong></span> 
     </span>
    </p>
   </div>
   <div class='ocr_carea' id='block_1_28' title="bbox 2271 1247 3829 1323">
    <p class='ocr_par' dir='ltr' id='par_1_28' title="bbox 2271 1247 3829 1323">
     <span class='ocr_line' id='line_1_28' title="bbox 2271 1247 3829 1323; baseline -0.003 -17"><span class='ocrx_word' id='word_1_188' title='bbox 2271 1252 2471 1323; x_wconf 83' lang='grc' dir='ltr'><em>δηλαδὴ</em></span> <span class='ocrx_word' id='word_1_189' title='bbox 2526 1252 2624 1321; x_wconf 79' lang='grc' dir='ltr'><strong>τῆς</strong></span> <span class='ocrx_word' id='word_1_190' title='bbox 2686 1249 3173 1321; x_wconf 67' lang='grc' dir='ltr'><strong>πατροπαραδότου</strong></span> <span class='ocrx_word' id='word_1_191' title='bbox 3228 1248 3473 1318; x_wconf 80' lang='grc' dir='ltr'><strong>πλάνης,</strong></span> <span class='ocrx_word' id='word_1_192' title='bbox 3539 1247 3680 1301; x_wconf 71' lang='grc' dir='ltr'><em>κατὰ</em></span> <span class='ocrx_word' id='word_1_193' title='bbox 3748 1248 3829 1313; x_wconf 82' lang='grc' dir='ltr'><em>τὸ,</em></span> 
     </span>
    </p>
   </div>
   <div class='ocr_carea' id='block_1_29' title="bbox 2279 1338 3833 1412">
    <p class='ocr_par' dir='ltr' id='par_1_29' title="bbox 2279 1338 3833 1412">
     <span class='ocr_line' id='line_1_29' title="bbox 2279 1338 3833 1412; baseline -0.003 -14"><span class='ocrx_word' id='word_1_194' title='bbox 2279 1343 2502 1410; x_wconf 80' lang='grc' dir='ltr'>Ἔξελθε</span> <span class='ocrx_word' id='word_1_195' title='bbox 2525 1343 2591 1396; x_wconf 79' lang='grc' dir='ltr'><em>ἐκ</em></span> <span class='ocrx_word' id='word_1_196' title='bbox 2630 1343 2729 1411; x_wconf 85' lang='grc' dir='ltr'><strong>τῆς</strong></span> <span class='ocrx_word' id='word_1_197' title='bbox 2753 1342 2857 1412; x_wconf 82' lang='grc' dir='ltr'><strong>γῆς</strong></span> <span class='ocrx_word' id='word_1_198' title='bbox 2887 1359 3003 1397; x_wconf 89' lang='grc' dir='ltr'><em>σου.</em></span> <span class='ocrx_word' id='word_1_199' title='bbox 3037 1340 3151 1396; x_wconf 79' lang='lat' dir='ltr'><strong>Kal</strong></span> <span class='ocrx_word' id='word_1_200' title='bbox 3177 1341 3247 1395; x_wconf 83' lang='grc' dir='ltr'><em>ἐν</em></span> <span class='ocrx_word' id='word_1_201' title='bbox 3291 1339 3447 1409; x_wconf 84' lang='grc' dir='ltr'><em>χαρᾷ</em></span> <span class='ocrx_word' id='word_1_202' title='bbox 3503 1338 3833 1409; x_wconf 77' lang='grc' dir='ltr'><em>διδαχθήσε-</em></span> 
     </span>
    </p>
   </div>
   <div class='ocr_carea' id='block_1_30' title="bbox 2279 1430 3835 1510">
    <p class='ocr_par' dir='ltr' id='par_1_30' title="bbox 2279 1430 3835 1510">
     <span class='ocr_line' id='line_1_30' title="bbox 2279 1430 3835 1510; baseline -0.003 -20"><span class='ocrx_word' id='word_1_203' title='bbox 2279 1439 2391 1490; x_wconf 85' lang='grc' dir='ltr'><strong>σθε</strong></span> <span class='ocrx_word' id='word_1_204' title='bbox 2428 1444 2455 1471; x_wconf 76' lang='grc' dir='ltr'><strong>ι</strong></span> <span class='ocrx_word' id='word_1_205' title='bbox 2480 1435 2541 1488; x_wconf 79' lang='grc' dir='ltr'><em>τὸ</em></span> <span class='ocrx_word' id='word_1_206' title='bbox 2566 1435 2834 1505; x_wconf 78' lang='grc' dir='ltr'><em>σωτήριον</em></span> <span class='ocrx_word' id='word_1_207' title='bbox 2862 1433 3224 1510; x_wconf 76' lang='grc' dir='ltr'><em>Εὐαγγέλιον.</em></span> <span class='ocrx_word' id='word_1_208' title='bbox 3253 1432 3346 1484; x_wconf 76' lang='grc' dir='ltr'><strong>Διὸ</strong></span> <span class='ocrx_word' id='word_1_209' title='bbox 3367 1430 3609 1502; x_wconf 75' lang='grc' dir='ltr'><strong>προέφη’</strong></span> <span class='ocrx_word' id='word_1_210' title='bbox 3636 1430 3835 1486; x_wconf 63' lang='lat' dir='ltr'><strong>E0066)-</strong></span> 
     </span>
    </p>
   </div>
   <div class='ocr_carea' id='block_1_31' title="bbox 2277 1520 3835 1593">
    <p class='ocr_par' dir='ltr' id='par_1_31' title="bbox 2277 1520 3835 1593">
     <span class='ocr_line' id='line_1_31' title="bbox 2277 1520 3835 1593; baseline -0.006 -9"><span class='ocrx_word' id='word_1_211' title='bbox 2277 1546 2366 1584; x_wconf 89' lang='grc' dir='ltr'><strong>σω</strong></span> <span class='ocrx_word' id='word_1_212' title='bbox 2386 1526 2493 1592; x_wconf 86' lang='grc' dir='ltr'><em>τὰς</em></span> <span class='ocrx_word' id='word_1_213' title='bbox 2525 1526 2706 1593; x_wconf 78' lang='grc' dir='ltr'><em>ὁδούς</em></span> <span class='ocrx_word' id='word_1_214' title='bbox 2734 1543 2875 1590; x_wconf 89' lang='grc' dir='ltr'><em>σου,</em></span> <span class='ocrx_word' id='word_1_215' title='bbox 2902 1525 2999 1579; x_wconf 77' lang='grc' dir='ltr'><em>καὶ</em></span> <span class='ocrx_word' id='word_1_216' title='bbox 3033 1524 3105 1578; x_wconf 86' lang='grc' dir='ltr'><em>τὰ</em></span> <span class='ocrx_word' id='word_1_217' title='bbox 3136 1520 3482 1591; x_wconf 70' lang='grc' dir='ltr'><em>ἐντάλματα</em></span> <span class='ocrx_word' id='word_1_218' title='bbox 3526 1538 3665 1590; x_wconf 83' lang='grc' dir='ltr'><em>μου.</em></span> <span class='ocrx_word' id='word_1_219' title='bbox 3714 1523 3835 1575; x_wconf 81' lang='grc' dir='ltr'><strong>Δυσ-</strong></span> 
     </span>
    </p>
   </div>
   <div class='ocr_carea' id='block_1_32' title="bbox 2276 1611 3837 1692">
    <p class='ocr_par' dir='ltr' id='par_1_32' title="bbox 2276 1611 3837 1692">
     <span class='ocr_line' id='line_1_32' title="bbox 2276 1611 3837 1692; baseline -0.006 -18"><span class='ocrx_word' id='word_1_220' title='bbox 2276 1621 2437 1692; x_wconf 82' lang='grc' dir='ltr'>χερὲς</span> <span class='ocrx_word' id='word_1_221' title='bbox 2488 1618 2598 1689; x_wconf 86' lang='grc' dir='ltr'><strong>γὰρ</strong></span> <span class='ocrx_word' id='word_1_222' title='bbox 2629 1619 2931 1688; x_wconf 81' lang='grc' dir='ltr'><em>ἀποφοιτᾷν</em></span> <span class='ocrx_word' id='word_1_223' title='bbox 2975 1616 3179 1687; x_wconf 80' lang='grc' dir='ltr'><strong>ἡδονῶν</strong></span> <span class='ocrx_word' id='word_1_224' title='bbox 3206 1612 3518 1683; x_wconf 82' lang='grc' dir='ltr'><em>σαρκικῶν,</em></span> <span class='ocrx_word' id='word_1_225' title='bbox 3546 1612 3640 1664; x_wconf 73' lang='grc' dir='ltr'><strong>καὶ</strong></span> <span class='ocrx_word' id='word_1_226' title='bbox 3656 1611 3837 1683; x_wconf 75' lang='grc' dir='ltr'><em>πλάνης</em></span> 
     </span>
    </p>
   </div>
   <div class='ocr_carea' id='block_1_33' title="bbox 2279 1702 3837 1783">
    <p class='ocr_par' dir='ltr' id='par_1_33' title="bbox 2279 1702 3837 1783">
     <span class='ocr_line' id='line_1_33' title="bbox 2279 1702 3837 1783; baseline -0.005 -18"><span class='ocrx_word' id='word_1_227' title='bbox 2279 1710 2746 1783; x_wconf 84' lang='grc' dir='ltr'><em>προειλημμένης.</em></span> <span class='ocrx_word' id='word_1_228' title='bbox 2773 1710 2882 1762; x_wconf 69' lang='grc' dir='ltr'><strong>Καὶ</strong></span> <span class='ocrx_word' id='word_1_229' title='bbox 2908 1709 2988 1762; x_wconf 87' lang='grc' dir='ltr'><strong>δεῖ</strong></span> <span class='ocrx_word' id='word_1_230' title='bbox 3037 1705 3172 1760; x_wconf 89' lang='grc' dir='ltr'>Θεοῦ</span> <span class='ocrx_word' id='word_1_231' title='bbox 3211 1704 3347 1774; x_wconf 81' lang='grc' dir='ltr'><em>πρὸς</em></span> <span class='ocrx_word' id='word_1_232' title='bbox 3374 1703 3476 1775; x_wconf 76' lang='grc' dir='ltr'><em>τὴν</em></span> <span class='ocrx_word' id='word_1_233' title='bbox 3509 1703 3624 1757; x_wconf 84' lang='grc' dir='ltr'><em>ἄνω</em></span> <span class='ocrx_word' id='word_1_234' title='bbox 3639 1702 3837 1773; x_wconf 79' lang='grc' dir='ltr'><strong>πορείαν</strong></span> 
     </span>
    </p>
   </div>
   <div class='ocr_carea' id='block_1_34' title="bbox 591 1786 2184 1874">
    <p class='ocr_par' dir='ltr' id='par_1_34' title="bbox 591 1793 2173 1867">
     <span class='ocr_line' id='line_1_34' title="bbox 591 1793 2173 1867; baseline -0.005 -15"><span class='ocrx_word' id='word_1_235' title='bbox 591 1797 695 1852; x_wconf 90' lang='lat' dir='ltr'><strong>cile</strong></span> <span class='ocrx_word' id='word_1_236' title='bbox 726 1814 755 1852; x_wconf 90' lang='lat' dir='ltr'><strong>a</strong></span> <span class='ocrx_word' id='word_1_237' title='bbox 790 1796 1038 1867; x_wconf 82' lang='lat' dir='ltr'><strong>corporis</strong></span> <span class='ocrx_word' id='word_1_238' title='bbox 1069 1794 1466 1866; x_wconf 83' lang='lat' dir='ltr'><strong>voluptatibus,</strong></span> <span class='ocrx_word' id='word_1_239' title='bbox 1489 1793 1559 1847; x_wconf 82' lang='lat' dir='ltr'><strong>ab</strong></span> <span class='ocrx_word' id='word_1_240' title='bbox 1574 1807 1749 1863; x_wconf 91' lang='lat' dir='ltr'><strong>eoque</strong></span> <span class='ocrx_word' id='word_1_241' title='bbox 1776 1807 1986 1857; x_wconf 87' lang='lat' dir='ltr'><strong>errore,</strong></span> <span class='ocrx_word' id='word_1_242' title='bbox 2010 1807 2173 1861; x_wconf 90' lang='lat' dir='ltr'><strong>quem</strong></span> 
     </span>
    </p>
   </div>
   <div class='ocr_carea' id='block_1_35' title="bbox 2288 1786 3837 1874">
    <p class='ocr_par' dir='ltr' id='par_1_35' title="bbox 2288 1794 3837 1874">
     <span class='ocr_line' id='line_1_35' title="bbox 2288 1794 3837 1874; baseline -0.008 -17"><span class='ocrx_word' id='word_1_243' title='bbox 2288 1800 2601 1874; x_wconf 65' lang='grc' dir='ltr'><em>ὁδηγοῦντος</em></span> <span class='ocrx_word' id='word_1_244' title='bbox 2622 1801 2772 1872; x_wconf 82' lang='grc' dir='ltr'><strong>ἡμᾶς</strong></span> <span class='ocrx_word' id='word_1_245' title='bbox 2797 1800 2891 1853; x_wconf 76' lang='grc' dir='ltr'><strong>καὶ</strong></span> <span class='ocrx_word' id='word_1_246' title='bbox 2914 1799 3149 1867; x_wconf 77' lang='grc' dir='ltr'><strong>κούφους</strong></span> <span class='ocrx_word' id='word_1_247' title='bbox 3200 1794 3605 1865; x_wconf 75' lang='grc' dir='ltr'><strong>ἐργαζομένου.</strong></span> <span class='ocrx_word' id='word_1_248' title='bbox 3647 1811 3665 1845; x_wconf 83' lang='grc' dir='ltr'><strong>ι</strong></span> <span class='ocrx_word' id='word_1_249' title='bbox 3713 1795 3837 1861; x_wconf 84' lang='grc' dir='ltr'><strong>Ὀρη</strong></span> 
     </span>
    </p>
   </div>
   <div class='ocr_carea' id='block_1_36' title="bbox 592 1885 2179 1955">
    <p class='ocr_par' dir='ltr' id='par_1_36' title="bbox 592 1885 2179 1955">
     <span class='ocr_line' id='line_1_36' title="bbox 592 1885 2179 1955; baseline -0.003 -12"><span class='ocrx_word' id='word_1_250' title='bbox 592 1889 796 1943; x_wconf 90' lang='lat' dir='ltr'><strong>dudum</strong></span> <span class='ocrx_word' id='word_1_251' title='bbox 823 1895 1048 1944; x_wconf 90' lang='lat' dir='ltr'><strong>secutus</strong></span> <span class='ocrx_word' id='word_1_252' title='bbox 1075 1888 1174 1953; x_wconf 83' lang='lat' dir='ltr'><strong>sis,</strong></span> <span class='ocrx_word' id='word_1_253' title='bbox 1227 1885 1503 1942; x_wconf 87' lang='lat' dir='ltr'><strong>recedere.</strong></span> <span class='ocrx_word' id='word_1_254' title='bbox 1537 1885 1649 1940; x_wconf 91' lang='lat' dir='ltr'><strong>Deo</strong></span> <span class='ocrx_word' id='word_1_255' title='bbox 1702 1885 1883 1955; x_wconf 76' lang='lat' dir='ltr'><strong>itaque</strong></span> <span class='ocrx_word' id='word_1_256' title='bbox 1924 1887 2179 1953; x_wconf 87' lang='lat' dir='ltr'><strong>maxime,</strong></span> 
     </span>
    </p>
   </div>
   <div class='ocr_carea' id='block_1_37' title="bbox 593 1975 2180 2049">
    <p class='ocr_par' dir='ltr' id='par_1_37' title="bbox 593 1975 2180 2049">
     <span class='ocr_line' id='line_1_37' title="bbox 593 1975 2180 2049; baseline 0.001 -20"><span class='ocrx_word' id='word_1_257' title='bbox 593 1980 686 2049; x_wconf 86' lang='lat' dir='ltr'><strong>qni</strong></span> <span class='ocrx_word' id='word_1_258' title='bbox 725 1980 811 2034; x_wconf 90' lang='lat' dir='ltr'><strong>via</strong></span> <span class='ocrx_word' id='word_1_259' title='bbox 843 1978 909 2035; x_wconf 88' lang='lat' dir='ltr'><strong>ad</strong></span> <span class='ocrx_word' id='word_1_260' title='bbox 944 1979 1190 2037; x_wconf 69' lang='lat' dir='ltr'><strong>caelestia</strong></span> <span class='ocrx_word' id='word_1_261' title='bbox 1217 1977 1543 2047; x_wconf 84' lang='lat' dir='ltr'><strong>praemunita</strong></span> <span class='ocrx_word' id='word_1_262' title='bbox 1568 1977 1778 2031; x_wconf 77' lang='lat' dir='ltr'><strong>alacres</strong></span> <span class='ocrx_word' id='word_1_263' title='bbox 1814 1983 1867 2030; x_wconf 90' lang='lat' dir='ltr'><strong>et</strong></span> <span class='ocrx_word' id='word_1_264' title='bbox 1896 1975 2180 2045; x_wconf 86' lang='lat' dir='ltr'><strong>expeditos</strong></span> 
     </span>
    </p>
   </div>
   <div class='ocr_carea' id='block_1_38' title="bbox 592 2067 2181 2141">
    <p class='ocr_par' dir='ltr' id='par_1_38' title="bbox 592 2067 2181 2141">
     <span class='ocr_line' id='line_1_38' title="bbox 592 2067 2181 2141; baseline -0.003 -15"><span class='ocrx_word' id='word_1_265' title='bbox 592 2071 812 2141; x_wconf 78' lang='lat' dir='ltr'><strong>ciliciat,</strong></span> <span class='ocrx_word' id='word_1_266' title='bbox 848 2086 992 2140; x_wconf 91' lang='lat' dir='ltr'><strong>opus</strong></span> <span class='ocrx_word' id='word_1_267' title='bbox 1040 2078 1148 2126; x_wconf 90' lang='lat' dir='ltr'><strong>est.</strong></span> <span class='ocrx_word' id='word_1_268' title='bbox 1184 2087 1203 2121; x_wconf 79' lang='grc' dir='ltr'><strong>ι</strong></span> <span class='ocrx_word' id='word_1_269' title='bbox 1252 2068 1462 2123; x_wconf 77' lang='lat' dir='ltr'><strong>Montes</strong></span> <span class='ocrx_word' id='word_1_270' title='bbox 1515 2068 1693 2134; x_wconf 88' lang='lat' dir='ltr'><strong>enim,</strong></span> <span class='ocrx_word' id='word_1_271' title='bbox 1726 2069 1926 2139; x_wconf 89' lang='lat' dir='ltr'><strong>inquit,</strong></span> <span class='ocrx_word' id='word_1_272' title='bbox 1979 2067 2181 2123; x_wconf 77' lang='lat' dir='ltr'><strong>excelsi</strong></span> 
     </span>
    </p>
   </div>
   <div class='ocr_carea' id='block_1_39' title="bbox 595 2158 2182 2227">
    <p class='ocr_par' dir='ltr' id='par_1_39' title="bbox 595 2158 2182 2227">
     <span class='ocr_line' id='line_1_39' title="bbox 595 2158 2182 2227; baseline -0.001 -12"><span class='ocrx_word' id='word_1_273' title='bbox 595 2163 774 2221; x_wconf 80' lang='lat' dir='ltr'><strong>cervis</strong></span> <span class='ocrx_word' id='word_1_274' title='bbox 803 2161 869 2217; x_wconf 72' lang='lat'><strong>“.</strong></span> <span class='ocrx_word' id='word_1_275' title='bbox 912 2180 931 2213; x_wconf 78' lang='grc' dir='ltr'><strong>ι</strong></span> <span class='ocrx_word' id='word_1_276' title='bbox 965 2160 1031 2215; x_wconf 90' lang='lat' dir='ltr'><strong>Et</strong></span> <span class='ocrx_word' id='word_1_277' title='bbox 1053 2161 1181 2215; x_wconf 85' lang='lat' dir='ltr'><strong>alibi</strong></span> <span class='ocrx_word' id='word_1_278' title='bbox 1202 2161 1406 2216; x_wconf 88' lang='lat' dir='ltr'><strong>etiam:</strong></span> <span class='ocrx_word' id='word_1_279' title='bbox 1450 2178 1467 2211; x_wconf 83' lang='grc' dir='ltr'><strong>ι</strong></span> <span class='ocrx_word' id='word_1_280' title='bbox 1501 2158 1706 2213; x_wconf 89' lang='lat' dir='ltr'><strong>Semita</strong></span> <span class='ocrx_word' id='word_1_281' title='bbox 1729 2160 1860 2227; x_wconf 71' lang='lat' dir='ltr'><strong>justi</strong></span> <span class='ocrx_word' id='word_1_282' title='bbox 1891 2167 2039 2213; x_wconf 85' lang='lat' dir='ltr'><strong>recta</strong></span> <span class='ocrx_word' id='word_1_283' title='bbox 2073 2168 2182 2223; x_wconf 85' lang='lat' dir='ltr'><strong>est,</strong></span> 
     </span>
    </p>
   </div>
   <div class='ocr_carea' id='block_1_40' title="bbox 595 2248 2180 2322">
    <p class='ocr_par' dir='ltr' id='par_1_40' title="bbox 595 2248 2180 2322">
     <span class='ocr_line' id='line_1_40' title="bbox 595 2248 2180 2322; baseline -0.003 -16"><span class='ocrx_word' id='word_1_284' title='bbox 595 2261 650 2307; x_wconf 90' lang='lat' dir='ltr'><strong>et</strong></span> <span class='ocrx_word' id='word_1_285' title='bbox 710 2259 1015 2322; x_wconf 76' lang='lat' dir='ltr'><strong>prteparata</strong></span> <span class='ocrx_word' id='word_1_286' title='bbox 1070 2251 1156 2305; x_wconf 89' lang='lat' dir='ltr'><strong>via</strong></span> <span class='ocrx_word' id='word_1_287' title='bbox 1216 2251 1430 2320; x_wconf 89' lang='lat' dir='ltr'><strong>piorum</strong></span> <span class='ocrx_word' id='word_1_288' title='bbox 1461 2250 1528 2304; x_wconf 80' lang='grc'><strong>⁸⁸.</strong></span> <span class='ocrx_word' id='word_1_289' title='bbox 1566 2268 1584 2301; x_wconf 86' lang='grc'>›</span> <span class='ocrx_word' id='word_1_290' title='bbox 1623 2248 1688 2303; x_wconf 85' lang='grc' dir='ltr'><em>Ει</em></span> <span class='ocrx_word' id='word_1_291' title='bbox 1719 2250 1860 2304; x_wconf 89' lang='lat' dir='ltr'><strong>alius</strong></span> <span class='ocrx_word' id='word_1_292' title='bbox 1909 2249 2073 2303; x_wconf 87' lang='lat' dir='ltr'><strong>etiam</strong></span> <span class='ocrx_word' id='word_1_293' title='bbox 2128 2250 2180 2303; x_wconf 92' lang='lat' dir='ltr'><strong>in</strong></span> 
     </span>
    </p>
   </div>
   <div class='ocr_carea' id='block_1_41' title="bbox 599 2339 2186 2413">
    <p class='ocr_par' dir='ltr' id='par_1_41' title="bbox 599 2339 2186 2413">
     <span class='ocr_line' id='line_1_41' title="bbox 599 2339 2186 2413; baseline -0.002 -17"><span class='ocrx_word' id='word_1_294' title='bbox 599 2344 746 2397; x_wconf 92' lang='lat' dir='ltr'><strong>hunc</strong></span> <span class='ocrx_word' id='word_1_295' title='bbox 789 2342 1013 2399; x_wconf 89' lang='lat' dir='ltr'><strong>modum</strong></span> <span class='ocrx_word' id='word_1_296' title='bbox 1053 2342 1363 2413; x_wconf 86' lang='lat' dir='ltr'><strong>pr0pheta:</strong></span> <span class='ocrx_word' id='word_1_297' title='bbox 1405 2359 1423 2392; x_wconf 81' lang='grc' dir='ltr'><strong>ι</strong></span> <span class='ocrx_word' id='word_1_298' title='bbox 1468 2339 1651 2396; x_wconf 70' lang='lat' dir='ltr'><strong>Recta:</strong></span> <span class='ocrx_word' id='word_1_299' title='bbox 1690 2340 1792 2395; x_wconf 82' lang='lat' dir='ltr'><strong>viae</strong></span> <span class='ocrx_word' id='word_1_300' title='bbox 1845 2339 2081 2405; x_wconf 88' lang='lat' dir='ltr'><strong>Domini,</strong></span> <span class='ocrx_word' id='word_1_301' title='bbox 2130 2346 2186 2394; x_wconf 92' lang='lat' dir='ltr'><strong>et</strong></span> 
     </span>
    </p>
   </div>
   <div class='ocr_carea' id='block_1_42' title="bbox 593 2431 2184 2503">
    <p class='ocr_par' dir='ltr' id='par_1_42' title="bbox 593 2431 2184 2503">
     <span class='ocr_line' id='line_1_42' title="bbox 593 2431 2184 2503; baseline -0.001 -16"><span class='ocrx_word' id='word_1_302' title='bbox 593 2434 726 2503; x_wconf 86' lang='lat' dir='ltr'><strong>justi</strong></span> <span class='ocrx_word' id='word_1_303' title='bbox 786 2434 1069 2490; x_wconf 85' lang='lat' dir='ltr'><strong>ambulant</strong></span> <span class='ocrx_word' id='word_1_304' title='bbox 1115 2433 1170 2487; x_wconf 92' lang='lat' dir='ltr'><strong>in</strong></span> <span class='ocrx_word' id='word_1_305' title='bbox 1217 2432 1398 2499; x_wconf 76' lang='lat' dir='ltr'><strong>eis“;</strong></span> <span class='ocrx_word' id='word_1_306' title='bbox 1436 2451 1455 2484; x_wconf 76' lang='grc' dir='ltr'><strong>ι</strong></span> <span class='ocrx_word' id='word_1_307' title='bbox 1510 2432 1658 2502; x_wconf 84' lang='lat' dir='ltr'><strong>quod</strong></span> <span class='ocrx_word' id='word_1_308' title='bbox 1703 2431 1924 2501; x_wconf 84' lang='lat' dir='ltr'><strong>quidem</strong></span> <span class='ocrx_word' id='word_1_309' title='bbox 1975 2432 2184 2501; x_wconf 88' lang='lat' dir='ltr'><strong>absque</strong></span> 
     </span>
    </p>
   </div>
   <div class='ocr_carea' id='block_1_43' title="bbox 599 2522 2187 2593">
    <p class='ocr_par' dir='ltr' id='par_1_43' title="bbox 599 2522 2187 2593">
     <span class='ocr_line' id='line_1_43' title="bbox 599 2522 2187 2593; baseline 0.001 -16"><span class='ocrx_word' id='word_1_310' title='bbox 599 2524 695 2580; x_wconf 87' lang='lat' dir='ltr'><strong>Dei</strong></span> <span class='ocrx_word' id='word_1_311' title='bbox 741 2539 968 2587; x_wconf 88' lang='lat' dir='ltr'><strong>munere</strong></span> <span class='ocrx_word' id='word_1_312' title='bbox 1025 2524 1139 2578; x_wconf 88' lang='lat' dir='ltr'><strong>ﬁeri</strong></span> <span class='ocrx_word' id='word_1_313' title='bbox 1185 2538 1291 2577; x_wconf 91' lang='lat' dir='ltr'><strong>non</strong></span> <span class='ocrx_word' id='word_1_314' title='bbox 1352 2531 1577 2593; x_wconf 87' lang='lat' dir='ltr'><strong>potest:</strong></span> <span class='ocrx_word' id='word_1_315' title='bbox 1634 2523 1797 2592; x_wconf 88' lang='lat' dir='ltr'><strong>eique</strong></span> <span class='ocrx_word' id='word_1_316' title='bbox 1844 2530 1968 2578; x_wconf 86' lang='lat' dir='ltr'><strong>sunt</strong></span> <span class='ocrx_word' id='word_1_317' title='bbox 2026 2522 2187 2592; x_wconf 81' lang='lat' dir='ltr'><strong>plane</strong></span> 
     </span>
    </p>
   </div>
   <div class='ocr_carea' id='block_1_44' title="bbox 598 2610 2187 2684">
    <p class='ocr_par' dir='ltr' id='par_1_44' title="bbox 598 2610 2187 2684">
     <span class='ocr_line' id='line_1_44' title="bbox 598 2610 2187 2684; baseline -0.002 -15"><span class='ocrx_word' id='word_1_318' title='bbox 598 2612 900 2681; x_wconf 87' lang='lat' dir='ltr'><strong>contraria,</strong></span> <span class='ocrx_word' id='word_1_319' title='bbox 917 2627 1037 2684; x_wconf 73' lang='lat' dir='ltr'><strong>quae</strong></span> <span class='ocrx_word' id='word_1_320' title='bbox 1061 2611 1128 2666; x_wconf 90' lang='lat' dir='ltr'><strong>de</strong></span> <span class='ocrx_word' id='word_1_321' title='bbox 1149 2610 1460 2666; x_wconf 71' lang='lat' dir='ltr'><strong>Judaeorum</strong></span> <span class='ocrx_word' id='word_1_322' title='bbox 1486 2610 1775 2683; x_wconf 83' lang='lat' dir='ltr'><strong>Synagoga</strong></span> <span class='ocrx_word' id='word_1_323' title='bbox 1802 2612 1855 2664; x_wconf 93' lang='lat' dir='ltr'><strong>in</strong></span> <span class='ocrx_word' id='word_1_324' title='bbox 1879 2612 1995 2665; x_wconf 66' lang='lat' dir='ltr'><strong>haec</strong></span> <span class='ocrx_word' id='word_1_325' title='bbox 2024 2612 2187 2668; x_wconf 87' lang='lat' dir='ltr'><strong>verba</strong></span> 
     </span>
    </p>
   </div>
   <div class='ocr_carea' id='block_1_45' title="bbox 604 2702 2189 2776">
    <p class='ocr_par' dir='ltr' id='par_1_45' title="bbox 604 2702 2189 2776">
     <span class='ocr_line' id='line_1_45' title="bbox 604 2702 2189 2776; baseline -0.001 -17"><span class='ocrx_word' id='word_1_326' title='bbox 604 2706 848 2776; x_wconf 75' lang='lat' dir='ltr'><strong>loquitur</strong></span> <span class='ocrx_word' id='word_1_327' title='bbox 880 2722 895 2759; x_wconf 87' lang='lat'><strong>:</strong></span> <span class='ocrx_word' id='word_1_328' title='bbox 932 2724 951 2757; x_wconf 84' lang='grc' dir='ltr'><strong>ι</strong></span> <span class='ocrx_word' id='word_1_329' title='bbox 979 2702 1103 2759; x_wconf 86' lang='lat' dir='ltr'><strong>Ideo</strong></span> <span class='ocrx_word' id='word_1_330' title='bbox 1125 2718 1255 2758; x_wconf 90' lang='lat' dir='ltr'><strong>ecce</strong></span> <span class='ocrx_word' id='word_1_331' title='bbox 1284 2704 1557 2765; x_wconf 84' lang='lat' dir='ltr'><strong>obturabo</strong></span> <span class='ocrx_word' id='word_1_332' title='bbox 1589 2704 1705 2758; x_wconf 88' lang='lat' dir='ltr'><strong>vias</strong></span> <span class='ocrx_word' id='word_1_333' title='bbox 1743 2704 1883 2773; x_wconf 84' lang='lat' dir='ltr'><strong>ejus,</strong></span> <span class='ocrx_word' id='word_1_334' title='bbox 1907 2710 1962 2759; x_wconf 89' lang='lat' dir='ltr'><strong>et</strong></span> <span class='ocrx_word' id='word_1_335' title='bbox 1976 2703 2189 2759; x_wconf 90' lang='lat' dir='ltr'><strong>nonin-</strong></span> 
     </span>
    </p>
   </div>
   <div class='ocr_carea' id='block_1_46' title="bbox 603 2796 2191 2868">
    <p class='ocr_par' dir='ltr' id='par_1_46' title="bbox 603 2796 2191 2868">
     <span class='ocr_line' id='line_1_46' title="bbox 603 2796 2191 2868; baseline 0.001 -18"><span class='ocrx_word' id='word_1_336' title='bbox 603 2796 844 2860; x_wconf 62' lang='lat' dir='ltr'><strong>venieth</strong></span> <span class='ocrx_word' id='word_1_337' title='bbox 872 2797 1238 2867; x_wconf 88' lang='lat' dir='ltr'><strong>Consequitur</strong></span> <span class='ocrx_word' id='word_1_338' title='bbox 1266 2813 1396 2853; x_wconf 91' lang='lat' dir='ltr'><strong>vero</strong></span> <span class='ocrx_word' id='word_1_339' title='bbox 1429 2813 1523 2852; x_wconf 81' lang='lat' dir='ltr'><strong>eos</strong></span> <span class='ocrx_word' id='word_1_340' title='bbox 1545 2797 1820 2868; x_wconf 77' lang='lat' dir='ltr'><strong>gaudium,</strong></span> <span class='ocrx_word' id='word_1_341' title='bbox 1844 2796 1934 2866; x_wconf 91' lang='lat' dir='ltr'><strong>qui</strong></span> <span class='ocrx_word' id='word_1_342' title='bbox 1962 2812 2191 2868; x_wconf 87' lang='lat' dir='ltr'><strong>prospe-</strong></span> 
     </span>
    </p>
   </div>
   <div class='ocr_carea' id='block_1_47' title="bbox 604 2886 2187 2958">
    <p class='ocr_par' dir='ltr' id='par_1_47' title="bbox 604 2886 2187 2958">
     <span class='ocr_line' id='line_1_47' title="bbox 604 2886 2187 2958; baseline -0.002 -16"><span class='ocrx_word' id='word_1_343' title='bbox 604 2904 726 2943; x_wconf 90' lang='lat' dir='ltr'><strong>rum</strong></span> <span class='ocrx_word' id='word_1_344' title='bbox 758 2889 860 2943; x_wconf 88' lang='lat' dir='ltr'><strong>iter</strong></span> <span class='ocrx_word' id='word_1_345' title='bbox 890 2888 946 2942; x_wconf 89' lang='lat' dir='ltr'><strong>in</strong></span> <span class='ocrx_word' id='word_1_346' title='bbox 975 2888 1277 2947; x_wconf 83' lang='lat' dir='ltr'><strong>virtutibus</strong></span> <span class='ocrx_word' id='word_1_347' title='bbox 1314 2886 1515 2958; x_wconf 89' lang='lat' dir='ltr'><strong>Deique</strong></span> <span class='ocrx_word' id='word_1_348' title='bbox 1537 2887 1848 2958; x_wconf 81' lang='lat' dir='ltr'><strong>cognitione</strong></span> <span class='ocrx_word' id='word_1_349' title='bbox 1875 2886 2187 2943; x_wconf 82' lang='lat' dir='ltr'><strong>habuerint.</strong></span> 
     </span>
    </p>
   </div>
   <div class='ocr_carea' id='block_1_48' title="bbox 609 2976 2189 3049">
    <p class='ocr_par' dir='ltr' id='par_1_48' title="bbox 609 2976 2189 3049">
     <span class='ocr_line' id='line_1_48' title="bbox 609 2976 2189 3049; baseline -0.003 -14"><span class='ocrx_word' id='word_1_350' title='bbox 609 2996 628 3035; x_wconf 79' lang='grc' dir='ltr'><strong>ι</strong></span> <span class='ocrx_word' id='word_1_351' title='bbox 657 2976 830 3046; x_wconf 84' lang='lat' dir='ltr'><strong>Quam</strong></span> <span class='ocrx_word' id='word_1_352' title='bbox 861 2979 1041 3034; x_wconf 87' lang='lat' dir='ltr'><strong>dulcia</strong></span> <span class='ocrx_word' id='word_1_353' title='bbox 1073 2981 1245 3046; x_wconf 90' lang='lat' dir='ltr'><strong>enim,</strong></span> <span class='ocrx_word' id='word_1_354' title='bbox 1276 2980 1477 3049; x_wconf 88' lang='lat' dir='ltr'><strong>inquit,</strong></span> <span class='ocrx_word' id='word_1_355' title='bbox 1510 2977 1761 3035; x_wconf 85' lang='lat' dir='ltr'><strong>faucibus</strong></span> <span class='ocrx_word' id='word_1_356' title='bbox 1787 2979 1925 3034; x_wconf 86' lang='lat' dir='ltr'><strong>meis</strong></span> <span class='ocrx_word' id='word_1_357' title='bbox 1969 2978 2189 3049; x_wconf 88' lang='lat' dir='ltr'><strong>eloquia</strong></span> 
     </span>
    </p>
   </div>
   <div class='ocr_carea' id='block_1_49' title="bbox 606 3068 2191 3139">
    <p class='ocr_par' dir='ltr' id='par_1_49' title="bbox 606 3068 2191 3139">
     <span class='ocr_line' id='line_1_49' title="bbox 606 3068 2191 3139; baseline -0.001 -16"><span class='ocrx_word' id='word_1_358' title='bbox 606 3071 733 3124; x_wconf 83' lang='lat' dir='ltr'><strong>tua!</strong></span> <span class='ocrx_word' id='word_1_359' title='bbox 775 3085 939 3139; x_wconf 89' lang='lat' dir='ltr'><strong>super</strong></span> <span class='ocrx_word' id='word_1_360' title='bbox 981 3070 1087 3125; x_wconf 92' lang='lat' dir='ltr'><strong>mel</strong></span> <span class='ocrx_word' id='word_1_361' title='bbox 1123 3078 1177 3125; x_wconf 89' lang='lat' dir='ltr'><strong>et</strong></span> <span class='ocrx_word' id='word_1_362' title='bbox 1223 3084 1404 3125; x_wconf 86' lang='lat' dir='ltr'><strong>ceram</strong></span> <span class='ocrx_word' id='word_1_363' title='bbox 1452 3070 1533 3123; x_wconf 88' lang='lat' dir='ltr'><strong>ori</strong></span> <span class='ocrx_word' id='word_1_364' title='bbox 1564 3084 1685 3125; x_wconf 92' lang='lat' dir='ltr'><strong>meo</strong></span> <span class='ocrx_word' id='word_1_365' title='bbox 1719 3070 1784 3123; x_wconf 89' lang='grc'><strong>³⁷.</strong></span> <span class='ocrx_word' id='word_1_366' title='bbox 1819 3087 1837 3121; x_wconf 84' lang='grc'><strong>›</strong></span> <span class='ocrx_word' id='word_1_367' title='bbox 1888 3068 2004 3123; x_wconf 87' lang='lat' dir='ltr'><strong>lmo</strong></span> <span class='ocrx_word' id='word_1_368' title='bbox 2059 3082 2191 3123; x_wconf 92' lang='lat' dir='ltr'><strong>vero</strong></span> 
     </span>
    </p>
   </div>
   <div class='ocr_carea' id='block_1_50' title="bbox 604 3160 2188 3231">
    <p class='ocr_par' dir='ltr' id='par_1_50' title="bbox 604 3160 2188 3231">
     <span class='ocr_line' id='line_1_50' title="bbox 604 3160 2188 3231; baseline -0.001 -17"><span class='ocrx_word' id='word_1_369' title='bbox 604 3170 658 3215; x_wconf 92' lang='lat' dir='ltr'><strong>et</strong></span> <span class='ocrx_word' id='word_1_370' title='bbox 687 3161 813 3216; x_wconf 91' lang='lat' dir='ltr'><strong>inde</strong></span> <span class='ocrx_word' id='word_1_371' title='bbox 839 3162 1068 3218; x_wconf 89' lang='lat' dir='ltr'><strong>virtutes</strong></span> <span class='ocrx_word' id='word_1_372' title='bbox 1099 3162 1231 3231; x_wconf 65' lang='lat' dir='ltr'><strong>ipsae</strong></span> <span class='ocrx_word' id='word_1_373' title='bbox 1258 3162 1478 3225; x_wconf 67' lang='lat' dir='ltr'><strong>divinae,</strong></span> <span class='ocrx_word' id='word_1_374' title='bbox 1513 3161 1607 3230; x_wconf 89' lang='lat' dir='ltr'><strong>qui</strong></span> <span class='ocrx_word' id='word_1_375' title='bbox 1649 3161 1905 3215; x_wconf 82' lang='lat' dir='ltr'><strong>montium</strong></span> <span class='ocrx_word' id='word_1_376' title='bbox 1939 3160 2188 3215; x_wconf 78' lang='lat' dir='ltr'><strong>collium-</strong></span> 
     </span>
    </p>
   </div>
   <div class='ocr_carea' id='block_1_51' title="bbox 606 3248 2187 3321">
    <p class='ocr_par' dir='ltr' id='par_1_51' title="bbox 606 3248 2187 3321">
     <span class='ocr_line' id='line_1_51' title="bbox 606 3248 2187 3321; baseline 0 -18"><span class='ocrx_word' id='word_1_377' title='bbox 606 3266 703 3320; x_wconf 79' lang='lat' dir='ltr'><strong>que</strong></span> <span class='ocrx_word' id='word_1_378' title='bbox 739 3250 1058 3306; x_wconf 86' lang='lat' dir='ltr'><strong>nominibus</strong></span> <span class='ocrx_word' id='word_1_379' title='bbox 1083 3251 1421 3321; x_wconf 87' lang='lat' dir='ltr'><strong>judicantur,</strong></span> <span class='ocrx_word' id='word_1_380' title='bbox 1452 3250 1727 3315; x_wconf 66' lang='lat' dir='ltr'><strong>(celantur.</strong></span> <span class='ocrx_word' id='word_1_381' title='bbox 1759 3249 1895 3303; x_wconf 81' lang='lat' dir='ltr'><strong>Nam</strong></span> <span class='ocrx_word' id='word_1_382' title='bbox 1921 3258 1974 3304; x_wconf 91' lang='lat' dir='ltr'><strong>et</strong></span> <span class='ocrx_word' id='word_1_383' title='bbox 2001 3248 2187 3305; x_wconf 87' lang='lat' dir='ltr'><strong>Salva-</strong></span> 
     </span>
    </p>
   </div>
   <div class='ocr_carea' id='block_1_52' title="bbox 611 3341 2179 3410">
    <p class='ocr_par' dir='ltr' id='par_1_52' title="bbox 611 3341 2179 3410">
     <span class='ocr_line' id='line_1_52' title="bbox 611 3341 2179 3410; baseline 0.001 -15"><span class='ocrx_word' id='word_1_384' title='bbox 611 3353 698 3397; x_wconf 88' lang='lat' dir='ltr'><strong>tor</strong></span> <span class='ocrx_word' id='word_1_385' title='bbox 755 3341 873 3410; x_wconf 90' lang='lat' dir='ltr'><strong>ipse</strong></span> <span class='ocrx_word' id='word_1_386' title='bbox 908 3342 1024 3398; x_wconf 81' lang='lat' dir='ltr'><strong>fore</strong></span> <span class='ocrx_word' id='word_1_387' title='bbox 1049 3343 1101 3395; x_wconf 91' lang='lat' dir='ltr'><strong>in</strong></span> <span class='ocrx_word' id='word_1_388' title='bbox 1138 3342 1294 3397; x_wconf 80' lang='lat' dir='ltr'><strong>cmlis</strong></span> <span class='ocrx_word' id='word_1_389' title='bbox 1363 3341 1627 3410; x_wconf 80' lang='lat' dir='ltr'><strong>gaudium</strong></span> <span class='ocrx_word' id='word_1_390' title='bbox 1660 3355 1826 3410; x_wconf 86' lang='lat' dir='ltr'><strong>super</strong></span> <span class='ocrx_word' id='word_1_391' title='bbox 1893 3351 2179 3410; x_wconf 86' lang='lat' dir='ltr'><strong>peccatore</strong></span> 
     </span>
    </p>
   </div>
   <div class='ocr_carea' id='block_1_53' title="bbox 2281 1883 3837 1964">
    <p class='ocr_par' dir='ltr' id='par_1_53' title="bbox 2281 1883 3837 1964">
     <span class='ocr_line' id='line_1_53' title="bbox 2281 1883 3837 1964; baseline -0.007 -17"><span class='ocrx_word' id='word_1_392' title='bbox 2281 1895 2413 1964; x_wconf 73' lang='grc' dir='ltr'><em>γὶιρ,</em></span> <span class='ocrx_word' id='word_1_393' title='bbox 2440 1894 2595 1964; x_wconf 62' lang='grc' dir='ltr'><em>φησι,</em></span> <span class='ocrx_word' id='word_1_394' title='bbox 2625 1892 2694 1945; x_wconf 64' lang='grc' dir='ltr'><em>τὰ</em></span> <span class='ocrx_word' id='word_1_395' title='bbox 2715 1890 2894 1960; x_wconf 77' lang='grc' dir='ltr'><strong>ὑψηλὰ</strong></span> <span class='ocrx_word' id='word_1_396' title='bbox 2920 1892 3036 1953; x_wconf 82' lang='grc' dir='ltr'><strong>ταῖς</strong></span> <span class='ocrx_word' id='word_1_397' title='bbox 3059 1888 3303 1957; x_wconf 77' lang='grc' dir='ltr'><strong>ἐλάφοις.</strong></span> <span class='ocrx_word' id='word_1_398' title='bbox 3333 1906 3351 1939; x_wconf 73' lang='grc' dir='ltr'><strong>ι</strong></span> <span class='ocrx_word' id='word_1_399' title='bbox 3386 1886 3501 1939; x_wconf 70' lang='grc' dir='ltr'><strong>Καὶ</strong></span> <span class='ocrx_word' id='word_1_400' title='bbox 3549 1883 3770 1954; x_wconf 79' lang='grc' dir='ltr'><em>ἀλλαχοῦ</em></span> <span class='ocrx_word' id='word_1_401' title='bbox 3791 1884 3837 1937; x_wconf 83' lang='grc' dir='ltr'>δέ</span> 
     </span>
    </p>
   </div>
   <div class='ocr_carea' id='block_1_54' title="bbox 2281 1974 3839 2054">
    <p class='ocr_par' dir='ltr' id='par_1_54' title="bbox 2281 1974 3839 2054">
     <span class='ocr_line' id='line_1_54' title="bbox 2281 1974 3839 2054; baseline -0.006 -19"><span class='ocrx_word' id='word_1_402' title='bbox 2281 1999 2447 2054; x_wconf 81' lang='grc' dir='ltr'><em>φησιν</em></span> <span class='ocrx_word' id='word_1_403' title='bbox 2477 1998 2491 2012; x_wconf 87' lang='grc'><strong>·</strong></span> <span class='ocrx_word' id='word_1_404' title='bbox 2525 1999 2545 2032; x_wconf 78' lang='grc' dir='ltr'><strong>ι</strong></span> <span class='ocrx_word' id='word_1_405' title='bbox 2600 1980 2749 2042; x_wconf 83' lang='grc' dir='ltr'><strong>Ὁδὸς</strong></span> <span class='ocrx_word' id='word_1_406' title='bbox 2790 1978 3029 2031; x_wconf 78' lang='grc' dir='ltr'>εὐσεϐῶν</span> <span class='ocrx_word' id='word_1_407' title='bbox 3068 1977 3252 2031; x_wconf 83' lang='grc' dir='ltr'>εὐθεῖα</span> <span class='ocrx_word' id='word_1_408' title='bbox 3305 1976 3548 2044; x_wconf 78' lang='grc' dir='ltr'><strong>ἐγένετο,</strong></span> <span class='ocrx_word' id='word_1_409' title='bbox 3602 1974 3694 2026; x_wconf 78' lang='grc' dir='ltr'><strong>καὶ</strong></span> <span class='ocrx_word' id='word_1_410' title='bbox 3720 1991 3839 2045; x_wconf 74' lang='grc' dir='ltr'><em>παρ-</em></span> 
     </span>
    </p>
   </div>
   <div class='ocr_carea' id='block_1_55' title="bbox 2284 2065 3838 2143">
    <p class='ocr_par' dir='ltr' id='par_1_55' title="bbox 2284 2065 3838 2143">
     <span class='ocr_line' id='line_1_55' title="bbox 2284 2065 3838 2143; baseline -0.005 -17"><span class='ocrx_word' id='word_1_411' title='bbox 2284 2072 2666 2143; x_wconf 80' lang='grc' dir='ltr'><em>εσκευασμένη</em></span> <span class='ocrx_word' id='word_1_412' title='bbox 2713 2073 2748 2142; x_wconf 84' lang='grc' dir='ltr'>ὴ</span> <span class='ocrx_word' id='word_1_413' title='bbox 2813 2070 2933 2133; x_wconf 82' lang='grc' dir='ltr'><strong>ὁδὸς</strong></span> <span class='ocrx_word' id='word_1_414' title='bbox 2952 2069 3061 2124; x_wconf 90' lang='grc' dir='ltr'><em>τῶν</em></span> <span class='ocrx_word' id='word_1_415' title='bbox 3107 2068 3345 2121; x_wconf 74' lang='grc' dir='ltr'>εὐσεϐῶν</span> <span class='ocrx_word' id='word_1_416' title='bbox 3390 2090 3409 2119; x_wconf 72' lang='grc' dir='ltr'><strong>ι</strong></span> <span class='ocrx_word' id='word_1_417' title='bbox 3473 2067 3583 2119; x_wconf 72' lang='grc' dir='ltr'><strong>Καὶ</strong></span> <span class='ocrx_word' id='word_1_418' title='bbox 3619 2065 3763 2128; x_wconf 78' lang='grc' dir='ltr'><em>ἄλλος</em></span> <span class='ocrx_word' id='word_1_419' title='bbox 3792 2065 3838 2118; x_wconf 70' lang='grc' dir='ltr'><em>δὲ</em></span> 
     </span>
    </p>
   </div>
   <div class='ocr_carea' id='block_1_56' title="bbox 2288 2158 3841 2238">
    <p class='ocr_par' dir='ltr' id='par_1_56' title="bbox 2288 2158 3841 2238">
     <span class='ocr_line' id='line_1_56' title="bbox 2288 2158 3841 2238; baseline -0.008 -17"><span class='ocrx_word' id='word_1_420' title='bbox 2288 2167 2579 2238; x_wconf 78' lang='grc' dir='ltr'><strong>προφήτης</strong></span> <span class='ocrx_word' id='word_1_421' title='bbox 2639 2164 2841 2236; x_wconf 79' lang='grc' dir='ltr'><strong>φησιν·</strong></span> <span class='ocrx_word' id='word_1_422' title='bbox 2901 2182 2921 2216; x_wconf 75' lang='grc' dir='ltr'><strong>ι</strong></span> <span class='ocrx_word' id='word_1_423' title='bbox 2979 2162 3200 2216; x_wconf 74' lang='grc' dir='ltr'><strong>Εὐθεῖαι</strong></span> <span class='ocrx_word' id='word_1_424' title='bbox 3224 2161 3283 2213; x_wconf 65' lang='grc' dir='ltr'>αἱ</span> <span class='ocrx_word' id='word_1_425' title='bbox 3332 2160 3447 2213; x_wconf 61' lang='grc' dir='ltr'><strong>ὁδοὶ⁸</strong></span> <span class='ocrx_word' id='word_1_426' title='bbox 3491 2158 3715 2228; x_wconf 70' lang='grc' dir='ltr'><em>Κυρίου,</em></span> <span class='ocrx_word' id='word_1_427' title='bbox 3763 2158 3841 2209; x_wconf 80' lang='grc' dir='ltr'><strong>καὶ</strong></span> 
     </span>
    </p>
   </div>
   <div class='ocr_carea' id='block_1_57' title="bbox 2290 2250 3839 2329">
    <p class='ocr_par' dir='ltr' id='par_1_57' title="bbox 2290 2250 3839 2329">
     <span class='ocr_line' id='line_1_57' title="bbox 2290 2250 3839 2329; baseline -0.007 -17"><span class='ocrx_word' id='word_1_428' title='bbox 2290 2258 2489 2313; x_wconf 88' lang='grc' dir='ltr'><em>δίκαιοι</em></span> <span class='ocrx_word' id='word_1_429' title='bbox 2519 2256 2879 2329; x_wconf 79' lang='grc' dir='ltr'><strong>πορεύσονται</strong></span> <span class='ocrx_word' id='word_1_430' title='bbox 2908 2258 2967 2309; x_wconf 75' lang='grc' dir='ltr'><strong>ἐν</strong></span> <span class='ocrx_word' id='word_1_431' title='bbox 2988 2255 3179 2317; x_wconf 79' lang='grc' dir='ltr'><strong>αὑταῖς</strong></span> <span class='ocrx_word' id='word_1_432' title='bbox 3216 2270 3227 2280; x_wconf 85' lang='grc'><em>’</em></span> <span class='ocrx_word' id='word_1_433' title='bbox 3266 2271 3285 2305; x_wconf 75' lang='grc' dir='ltr'><strong>ι</strong></span> <span class='ocrx_word' id='word_1_434' title='bbox 3356 2253 3497 2322; x_wconf 80' lang='grc' dir='ltr'><em>ὅπερ</em></span> <span class='ocrx_word' id='word_1_435' title='bbox 3530 2251 3674 2303; x_wconf 74' lang='grc' dir='ltr'><em>ἐστὶν</em></span> <span class='ocrx_word' id='word_1_436' title='bbox 3693 2250 3839 2303; x_wconf 68' lang='lat'><strong>05660-</strong></span> 
     </span>
    </p>
   </div>
   <div class='ocr_carea' id='block_1_58' title="bbox 2287 2340 3841 2414">
    <p class='ocr_par' dir='ltr' id='par_1_58' title="bbox 2287 2340 3841 2414">
     <span class='ocr_line' id='line_1_58' title="bbox 2287 2340 3841 2414; baseline -0.008 -10"><span class='ocrx_word' id='word_1_437' title='bbox 2287 2367 2379 2404; x_wconf 85' lang='grc' dir='ltr'><em>τον</em></span> <span class='ocrx_word' id='word_1_438' title='bbox 2405 2365 2419 2380; x_wconf 87' lang='grc'>·</span> <span class='ocrx_word' id='word_1_439' title='bbox 2455 2349 2515 2402; x_wconf 73' lang='grc' dir='ltr'>οὐ</span> <span class='ocrx_word' id='word_1_440' title='bbox 2546 2357 2574 2397; x_wconf 72' lang='grc'><strong><em>1</em></strong></span> <span class='ocrx_word' id='word_1_441' title='bbox 2612 2347 2875 2401; x_wconf 83' lang='grc' dir='ltr'>τάναντία</span> <span class='ocrx_word' id='word_1_442' title='bbox 2935 2345 3070 2414; x_wconf 74' lang='grc' dir='ltr'>φησὶ</span> <span class='ocrx_word' id='word_1_443' title='bbox 3129 2344 3259 2414; x_wconf 56' lang='grc' dir='ltr'><strong>περ)⁸</strong></span> <span class='ocrx_word' id='word_1_444' title='bbox 3322 2342 3426 2410; x_wconf 77' lang='grc' dir='ltr'><strong>τῆς</strong></span> <span class='ocrx_word' id='word_1_445' title='bbox 3458 2340 3567 2393; x_wconf 91' lang='grc' dir='ltr'>τῶν</span> <span class='ocrx_word' id='word_1_446' title='bbox 3605 2340 3841 2393; x_wconf 79' lang='grc' dir='ltr'><strong>Ἰουδαίων</strong></span> 
     </span>
    </p>
   </div>
   <div class='ocr_carea' id='block_1_59' title="bbox 2289 2429 3841 2509">
    <p class='ocr_par' dir='ltr' id='par_1_59' title="bbox 2289 2429 3841 2509">
     <span class='ocr_line' id='line_1_59' title="bbox 2289 2429 3841 2509; baseline -0.008 -15"><span class='ocrx_word' id='word_1_447' title='bbox 2289 2439 2646 2509; x_wconf 76' lang='grc' dir='ltr'><strong>Συναγωγῆς.</strong></span> <span class='ocrx_word' id='word_1_448' title='bbox 2677 2458 2696 2490; x_wconf 82' lang='grc' dir='ltr'><strong>ι</strong></span> <span class='ocrx_word' id='word_1_449' title='bbox 2736 2438 2836 2491; x_wconf 83' lang='grc' dir='ltr'><strong>Διὰ</strong></span> <span class='ocrx_word' id='word_1_450' title='bbox 2871 2436 3029 2489; x_wconf 87' lang='grc' dir='ltr'><em>τοῦτο</em></span> <span class='ocrx_word' id='word_1_451' title='bbox 3066 2436 3175 2488; x_wconf 78' lang='grc' dir='ltr'><em>ἰδοὺ</em></span> <span class='ocrx_word' id='word_1_452' title='bbox 3211 2432 3324 2501; x_wconf 76' lang='grc' dir='ltr'><strong>ἐγὼ</strong></span> <span class='ocrx_word' id='word_1_453' title='bbox 3351 2431 3589 2502; x_wconf 80' lang='grc' dir='ltr'><em>φράσσω</em></span> <span class='ocrx_word' id='word_1_454' title='bbox 3608 2429 3841 2492; x_wconf 73' lang='grc' dir='ltr'><strong>τὰςόδοὺς</strong></span> 
     </span>
    </p>
   </div>
   <div class='ocr_carea' id='block_1_60' title="bbox 2293 2522 3843 2602">
    <p class='ocr_par' dir='ltr' id='par_1_60' title="bbox 2293 2522 3843 2602">
     <span class='ocr_line' id='line_1_60' title="bbox 2293 2522 3843 2602; baseline -0.008 -16"><span class='ocrx_word' id='word_1_455' title='bbox 2293 2533 2486 2602; x_wconf 78' lang='grc' dir='ltr'><em>αὐτῆς,</em></span> <span class='ocrx_word' id='word_1_456' title='bbox 2519 2531 2613 2585; x_wconf 75' lang='grc' dir='ltr'><strong>καὶ</strong></span> <span class='ocrx_word' id='word_1_457' title='bbox 2634 2530 2694 2584; x_wconf 81' lang='grc' dir='ltr'><em>οῦ</em></span> <span class='ocrx_word' id='word_1_458' title='bbox 2718 2529 2794 2601; x_wconf 81' lang='grc' dir='ltr'><em>μὴ</em></span> <span class='ocrx_word' id='word_1_459' title='bbox 2820 2528 2977 2599; x_wconf 77' lang='grc' dir='ltr'><em>εὕρῃ.</em></span> <span class='ocrx_word' id='word_1_460' title='bbox 3025 2546 3043 2579; x_wconf 72' lang='grc' dir='ltr'><strong>ι</strong></span> <span class='ocrx_word' id='word_1_461' title='bbox 3090 2524 3401 2578; x_wconf 75' lang='grc' dir='ltr'><em>Ἀκολουϐεῖ</em></span> <span class='ocrx_word' id='word_1_462' title='bbox 3430 2523 3491 2575; x_wconf 76' lang='grc' dir='ltr'><em>δὲ</em></span> <span class='ocrx_word' id='word_1_463' title='bbox 3542 2522 3603 2575; x_wconf 73' lang='grc' dir='ltr'><em>τὸ</em></span> <span class='ocrx_word' id='word_1_464' title='bbox 3644 2522 3843 2590; x_wconf 80' lang='grc' dir='ltr'><em>χαίρειν</em></span> 
     </span>
    </p>
   </div>
   <div class='ocr_carea' id='block_1_61' title="bbox 2290 2610 3841 2692">
    <p class='ocr_par' dir='ltr' id='par_1_61' title="bbox 2290 2610 3841 2692">
     <span class='ocr_line' id='line_1_61' title="bbox 2290 2610 3841 2692; baseline -0.01 -15"><span class='ocrx_word' id='word_1_465' title='bbox 2290 2626 2403 2685; x_wconf 82' lang='grc' dir='ltr'><strong>τοῖς</strong></span> <span class='ocrx_word' id='word_1_466' title='bbox 2434 2621 2810 2692; x_wconf 83' lang='grc' dir='ltr'><em>εὐοδουμένοις</em></span> <span class='ocrx_word' id='word_1_467' title='bbox 2836 2622 2893 2673; x_wconf 83' lang='grc' dir='ltr'><strong>ὲν</strong></span> <span class='ocrx_word' id='word_1_468' title='bbox 2923 2619 3145 2688; x_wconf 77' lang='grc' dir='ltr'><strong>ἀρεταῖς</strong></span> <span class='ocrx_word' id='word_1_469' title='bbox 3179 2615 3274 2668; x_wconf 75' lang='grc' dir='ltr'><strong>καὶ</strong></span> <span class='ocrx_word' id='word_1_470' title='bbox 3303 2612 3507 2683; x_wconf 79' lang='grc' dir='ltr'>γνώσει</span> <span class='ocrx_word' id='word_1_471' title='bbox 3536 2611 3689 2664; x_wconf 88' lang='grc' dir='ltr'><em>Θεοῦ.</em></span> <span class='ocrx_word' id='word_1_472' title='bbox 3723 2629 3740 2661; x_wconf 80' lang='grc' dir='ltr'><strong>ι</strong></span> <span class='ocrx_word' id='word_1_473' title='bbox 3773 2610 3841 2674; x_wconf 76' lang='grc' dir='ltr'><strong>Ὠς</strong></span> 
     </span>
    </p>
   </div>
   <div class='ocr_carea' id='block_1_62' title="bbox 2291 2702 3841 2783">
    <p class='ocr_par' dir='ltr' id='par_1_62' title="bbox 2291 2702 3841 2783">
     <span class='ocr_line' id='line_1_62' title="bbox 2291 2702 3841 2783; baseline -0.008 -16"><span class='ocrx_word' id='word_1_474' title='bbox 2291 2715 2500 2783; x_wconf 79' lang='grc' dir='ltr'>γλυκέα</span> <span class='ocrx_word' id='word_1_475' title='bbox 2530 2714 2661 2783; x_wconf 86' lang='grc' dir='ltr'><em>γὰρ,</em></span> <span class='ocrx_word' id='word_1_476' title='bbox 2693 2711 2848 2782; x_wconf 76' lang='grc' dir='ltr'><strong>φησὶ,</strong></span> <span class='ocrx_word' id='word_1_477' title='bbox 2874 2709 2951 2781; x_wconf 80' lang='grc' dir='ltr'><em>τῷ</em></span> <span class='ocrx_word' id='word_1_478' title='bbox 2975 2707 3209 2778; x_wconf 81' lang='grc' dir='ltr'><em>λάρυγγι</em></span> <span class='ocrx_word' id='word_1_479' title='bbox 3259 2724 3361 2777; x_wconf 86' lang='grc' dir='ltr'><strong>μου</strong></span> <span class='ocrx_word' id='word_1_480' title='bbox 3412 2704 3486 2757; x_wconf 76' lang='grc' dir='ltr'><em>τὰ</em></span> <span class='ocrx_word' id='word_1_481' title='bbox 3544 2702 3698 2771; x_wconf 84' lang='grc' dir='ltr'><strong>λόγιά</strong></span> <span class='ocrx_word' id='word_1_482' title='bbox 3745 2719 3841 2764; x_wconf 85' lang='grc' dir='ltr'><em>σου,</em></span> 
     </span>
    </p>
   </div>
   <div class='ocr_carea' id='block_1_63' title="bbox 2304 2788 3843 2875">
    <p class='ocr_par' dir='ltr' id='par_1_63' title="bbox 2304 2788 3843 2875">
     <span class='ocr_line' id='line_1_63' title="bbox 2304 2788 3843 2875; baseline -0.009 -16"><span class='ocrx_word' id='word_1_483' title='bbox 2304 2806 2480 2875; x_wconf 80' lang='grc' dir='ltr'><em>’Υπὲρ</em></span> <span class='ocrx_word' id='word_1_484' title='bbox 2511 2805 2632 2875; x_wconf 79' lang='grc' dir='ltr'><em>μέλι</em></span> <span class='ocrx_word' id='word_1_485' title='bbox 2662 2803 2759 2855; x_wconf 69' lang='grc' dir='ltr'><strong>καὶ</strong></span> <span class='ocrx_word' id='word_1_486' title='bbox 2793 2802 2984 2873; x_wconf 80' lang='grc' dir='ltr'><strong>κηρίον</strong></span> <span class='ocrx_word' id='word_1_487' title='bbox 3008 2801 3089 2872; x_wconf 79' lang='grc' dir='ltr'><em>τῷ</em></span> <span class='ocrx_word' id='word_1_488' title='bbox 3121 2798 3347 2868; x_wconf 82' lang='grc' dir='ltr'><em>στόματί</em></span> <span class='ocrx_word' id='word_1_489' title='bbox 3386 2812 3517 2867; x_wconf 86' lang='grc' dir='ltr'><em>μου.</em></span> <span class='ocrx_word' id='word_1_490' title='bbox 3560 2813 3579 2846; x_wconf 73' lang='grc' dir='ltr'><strong>ι</strong></span> <span class='ocrx_word' id='word_1_491' title='bbox 3627 2793 3734 2862; x_wconf 76' lang='grc' dir='ltr'><strong>Ἐφ’</strong></span> <span class='ocrx_word' id='word_1_492' title='bbox 3777 2788 3843 2857; x_wconf 76' lang='grc' dir='ltr'><strong>οἷς</strong></span> 
     </span>
    </p>
   </div>
   <div class='ocr_carea' id='block_1_64' title="bbox 2294 2877 3843 2961">
    <p class='ocr_par' dir='ltr' id='par_1_64' title="bbox 2294 2877 3843 2961">
     <span class='ocr_line' id='line_1_64' title="bbox 2294 2877 3843 2961; baseline -0.011 -13"><span class='ocrx_word' id='word_1_493' title='bbox 2294 2896 2350 2948; x_wconf 86' lang='grc' dir='ltr'><strong>αἱ</strong></span> <span class='ocrx_word' id='word_1_494' title='bbox 2379 2895 2522 2947; x_wconf 83' lang='grc' dir='ltr'>Θεῖαι</span> <span class='ocrx_word' id='word_1_495' title='bbox 2562 2891 2822 2961; x_wconf 80' lang='grc' dir='ltr'><em>δυνάμεις</em></span> <span class='ocrx_word' id='word_1_496' title='bbox 2848 2889 3271 2957; x_wconf 74' lang='grc' dir='ltr'><em>εὐφραίνονται</em></span> <span class='ocrx_word' id='word_1_497' title='bbox 3289 2877 3843 2955; x_wconf 74' lang='grc' dir='ltr'><em>δηλούμεναιδι’ὀρῶι·</em></span> 
     </span>
    </p>
   </div>
   <div class='ocr_carea' id='block_1_65' title="bbox 2293 2971 3844 3050">
    <p class='ocr_par' dir='ltr' id='par_1_65' title="bbox 2293 2971 3844 3050">
     <span class='ocr_line' id='line_1_65' title="bbox 2293 2971 3844 3050; baseline -0.012 -9"><span class='ocrx_word' id='word_1_498' title='bbox 2293 2987 2393 3041; x_wconf 80' lang='grc' dir='ltr'><em>καὶ</em></span> <span class='ocrx_word' id='word_1_499' title='bbox 2417 2984 2686 3050; x_wconf 79' lang='grc' dir='ltr'><em>βουνῶν.</em></span> <span class='ocrx_word' id='word_1_500' title='bbox 2726 2984 2838 3036; x_wconf 76' lang='grc' dir='ltr'><strong>Καὶ</strong></span> <span class='ocrx_word' id='word_1_501' title='bbox 2865 2984 2893 3035; x_wconf 78' lang='grc' dir='ltr'>ὁ</span> <span class='ocrx_word' id='word_1_502' title='bbox 2927 2980 3119 3050; x_wconf 83' lang='grc' dir='ltr'><em>Σωτὴρ</em></span> <span class='ocrx_word' id='word_1_503' title='bbox 3178 2979 3287 3047; x_wconf 85' lang='grc' dir='ltr'><strong>γάρ</strong></span> <span class='ocrx_word' id='word_1_504' title='bbox 3349 2992 3512 3046; x_wconf 81' lang='grc' dir='ltr'><em>φησι,</em></span> <span class='ocrx_word' id='word_1_505' title='bbox 3561 2972 3724 3045; x_wconf 69' lang='grc' dir='ltr'><em>χαρὰν</em></span> <span class='ocrx_word' id='word_1_506' title='bbox 3748 2971 3844 3024; x_wconf 80' lang='grc' dir='ltr'><strong>ἔσε-</strong></span> 
     </span>
    </p>
   </div>
   <div class='ocr_carea' id='block_1_66' title="bbox 2297 3064 3841 3147">
    <p class='ocr_par' dir='ltr' id='par_1_66' title="bbox 2297 3064 3841 3147">
     <span class='ocr_line' id='line_1_66' title="bbox 2297 3064 3841 3147; baseline -0.008 -14"><span class='ocrx_word' id='word_1_507' title='bbox 2297 3079 2417 3133; x_wconf 80' lang='grc' dir='ltr'><em>σθαι</em></span> <span class='ocrx_word' id='word_1_508' title='bbox 2485 3081 2543 3131; x_wconf 82' lang='grc' dir='ltr'>ὲν</span> <span class='ocrx_word' id='word_1_509' title='bbox 2602 3077 2856 3147; x_wconf 81' lang='grc' dir='ltr'><strong>οὐρανοῖς</strong></span> <span class='ocrx_word' id='word_1_510' title='bbox 2907 3074 3000 3126; x_wconf 70' lang='grc' dir='ltr'><strong>ἐπὶ</strong></span> <span class='ocrx_word' id='word_1_511' title='bbox 3043 3073 3123 3127; x_wconf 77' lang='grc' dir='ltr'><strong>ἑνὶ</strong></span> <span class='ocrx_word' id='word_1_512' title='bbox 3165 3068 3478 3142; x_wconf 81' lang='grc' dir='ltr'><em>ἁμαρτωλῷ</em></span> <span class='ocrx_word' id='word_1_513' title='bbox 3511 3064 3841 3137; x_wconf 82' lang='grc' dir='ltr'><strong>μετανοοῦντι.</strong></span> 
     </span>
    </p>
   </div>
   <div class='ocr_carea' id='block_1_67' title="bbox 2298 3154 3846 3238">
    <p class='ocr_par' dir='ltr' id='par_1_67' title="bbox 2298 3154 3846 3238">
     <span class='ocr_line' id='line_1_67' title="bbox 2298 3154 3846 3238; baseline -0.012 -13"><span class='ocrx_word' id='word_1_514' title='bbox 2298 3168 2614 3235; x_wconf 78' lang='grc' dir='ltr'><em>Πνεῦματα</em></span> <span class='ocrx_word' id='word_1_515' title='bbox 2642 3168 2751 3238; x_wconf 85' lang='grc' dir='ltr'><strong>γάρ</strong></span> <span class='ocrx_word' id='word_1_516' title='bbox 2774 3167 2878 3218; x_wconf 79' lang='grc' dir='ltr'><em>εἱσι</em></span> <span class='ocrx_word' id='word_1_517' title='bbox 2911 3160 3263 3233; x_wconf 79' lang='grc' dir='ltr'><strong>λειτουργικὰ</strong></span> <span class='ocrx_word' id='word_1_518' title='bbox 3310 3159 3451 3230; x_wconf 82' lang='grc' dir='ltr'><em>πρὸς</em></span> <span class='ocrx_word' id='word_1_519' title='bbox 3475 3154 3738 3211; x_wconf 82' lang='grc' dir='ltr'><strong>διακονίαν</strong></span> <span class='ocrx_word' id='word_1_520' title='bbox 3760 3170 3846 3208; x_wconf 76' lang='lat' dir='ltr'><strong>ow-</strong></span> 
     </span>
    </p>
   </div>
   <div class='ocr_carea' id='block_1_68' title="bbox 2290 3247 3839 3328">
    <p class='ocr_par' dir='ltr' id='par_1_68' title="bbox 2290 3247 3839 3328">
     <span class='ocr_line' id='line_1_68' title="bbox 2290 3247 3839 3328; baseline -0.008 -16"><span class='ocrx_word' id='word_1_521' title='bbox 2290 3260 2487 3328; x_wconf 80' lang='grc' dir='ltr'><em>τηρίας</em></span> <span class='ocrx_word' id='word_1_522' title='bbox 2512 3257 2868 3328; x_wconf 80' lang='grc' dir='ltr'><em>πεμπόμενα.</em></span> <span class='ocrx_word' id='word_1_523' title='bbox 2915 3254 2981 3309; x_wconf 84' lang='grc' dir='ltr'><strong>Ἡ</strong></span> <span class='ocrx_word' id='word_1_524' title='bbox 3008 3255 3065 3308; x_wconf 79' lang='grc' dir='ltr'><em>δὲ</em></span> <span class='ocrx_word' id='word_1_525' title='bbox 3095 3252 3301 3307; x_wconf 80' lang='grc' dir='ltr'><em>τούτων</em></span> <span class='ocrx_word' id='word_1_526' title='bbox 3346 3249 3587 3322; x_wconf 74' lang='grc' dir='ltr'><em>διαφορὰ</em></span> <span class='ocrx_word' id='word_1_527' title='bbox 3620 3248 3748 3303; x_wconf 73' lang='grc' dir='ltr'><em>κατὰ</em></span> <span class='ocrx_word' id='word_1_528' title='bbox 3791 3247 3839 3299; x_wconf 74' lang='grc' dir='ltr'><em>τὸ</em></span> 
     </span>
    </p>
   </div>
   <div class='ocr_carea' id='block_1_69' title="bbox 2288 3343 3080 3416">
    <p class='ocr_par' dir='ltr' id='par_1_69' title="bbox 2288 3343 3080 3416">
     <span class='ocr_line' id='line_1_69' title="bbox 2288 3343 3080 3416; baseline 0 -18"><span class='ocrx_word' id='word_1_529' title='bbox 2288 3345 2519 3416; x_wconf 77' lang='grc' dir='ltr'><strong>ὑψηλότε</strong></span> <span class='ocrx_word' id='word_1_530' title='bbox 2529 3345 2617 3416; x_wconf 85' lang='grc' dir='ltr'><em>ρόν</em></span> <span class='ocrx_word' id='word_1_531' title='bbox 2637 3362 2696 3398; x_wconf 89' lang='grc' dir='ltr'><em>τε</em></span> <span class='ocrx_word' id='word_1_532' title='bbox 2718 3344 2810 3397; x_wconf 74' lang='grc' dir='ltr'><em>καὶ</em></span> <span class='ocrx_word' id='word_1_533' title='bbox 2839 3343 3080 3398; x_wconf 78' lang='grc' dir='ltr'><em>ἔλαττον.</em></span> 
     </span>
    </p>
   </div>
   <div class='ocr_carea' id='block_1_70' title="bbox 606 3427 3843 3505">
    <p class='ocr_par' dir='ltr' id='par_1_70' title="bbox 606 3427 3843 3505">
     <span class='ocr_line' id='line_1_70' title="bbox 606 3427 3843 3505; baseline -0.003 -16"><span class='ocrx_word' id='word_1_534' title='bbox 606 3433 767 3505; x_wconf 77' lang='lat'><strong>631</strong></span> <span class='ocrx_word' id='word_1_535' title='bbox 808 3448 919 3488; x_wconf 91' lang='lat' dir='ltr'><strong>uno</strong></span> <span class='ocrx_word' id='word_1_536' title='bbox 976 3431 1350 3503; x_wconf 59' lang='lat' dir='ltr'><strong>paenitentiam</strong></span> <span class='ocrx_word' id='word_1_537' title='bbox 1409 3439 1600 3502; x_wconf 81' lang='lat' dir='ltr'><strong>agente</strong></span> <span class='ocrx_word' id='word_1_538' title='bbox 1650 3438 1885 3486; x_wconf 88' lang='lat' dir='ltr'><strong>testatur</strong></span> <span class='ocrx_word' id='word_1_539' title='bbox 1930 3431 1998 3484; x_wconf 59' lang='grc' dir='ltr'><strong>ιβ.</strong></span> <span class='ocrx_word' id='word_1_540' title='bbox 2052 3428 2193 3485; x_wconf 87' lang='lat' dir='ltr'><strong>Sunt</strong></span> <span class='ocrx_word' id='word_1_541' title='bbox 2231 3435 2377 3489; x_wconf 84' lang='lat' dir='ltr'><strong>enim</strong></span> <span class='ocrx_word' id='word_1_542' title='bbox 2414 3435 2651 3490; x_wconf 87' lang='lat' dir='ltr'><strong>ministri</strong></span> <span class='ocrx_word' id='word_1_543' title='bbox 2715 3433 2967 3505; x_wconf 86' lang='lat' dir='ltr'><strong>spiritus,</strong></span> <span class='ocrx_word' id='word_1_544' title='bbox 3006 3433 3100 3504; x_wconf 91' lang='lat' dir='ltr'><strong>qui</strong></span> <span class='ocrx_word' id='word_1_545' title='bbox 3147 3431 3213 3487; x_wconf 88' lang='lat' dir='ltr'><strong>ad</strong></span> <span class='ocrx_word' id='word_1_546' title='bbox 3258 3430 3625 3486; x_wconf 85' lang='lat' dir='ltr'><strong>ministerium</strong></span> <span class='ocrx_word' id='word_1_547' title='bbox 3680 3427 3843 3484; x_wconf 82' lang='lat' dir='ltr'><strong>salutis</strong></span> 
     </span>
    </p>
   </div>
   <div class='ocr_carea' id='block_1_71' title="bbox 608 3520 3374 3596">
    <p class='ocr_par' dir='ltr' id='par_1_71' title="bbox 608 3520 3374 3596">
     <span class='ocr_line' id='line_1_71' title="bbox 608 3520 3374 3596; baseline -0.002 -15"><span class='ocrx_word' id='word_1_548' title='bbox 608 3527 902 3581; x_wconf 90' lang='lat' dir='ltr'><strong>mittuntur</strong></span> <span class='ocrx_word' id='word_1_549' title='bbox 929 3524 974 3557; x_wconf 80' lang='lat'><strong>&quot;</strong></span> <span class='ocrx_word' id='word_1_550' title='bbox 999 3543 1014 3580; x_wconf 88' lang='lat'><strong>:</strong></span> <span class='ocrx_word' id='word_1_551' title='bbox 1049 3524 1145 3579; x_wconf 91' lang='lat' dir='ltr'><strong>sed</strong></span> <span class='ocrx_word' id='word_1_552' title='bbox 1177 3532 1263 3577; x_wconf 89' lang='lat' dir='ltr'><strong>est</strong></span> <span class='ocrx_word' id='word_1_553' title='bbox 1288 3538 1480 3578; x_wconf 92' lang='lat' dir='ltr'><strong>eorum</strong></span> <span class='ocrx_word' id='word_1_554' title='bbox 1505 3536 1603 3593; x_wconf 88' lang='lat' dir='ltr'><strong>pro</strong></span> <span class='ocrx_word' id='word_1_555' title='bbox 1634 3520 1983 3579; x_wconf 85' lang='lat' dir='ltr'><strong>celsitudinis</strong></span> <span class='ocrx_word' id='word_1_556' title='bbox 2022 3520 2452 3596; x_wconf 88' lang='lat' dir='ltr'><strong>humilitatisque</strong></span> <span class='ocrx_word' id='word_1_557' title='bbox 2480 3527 2692 3581; x_wconf 86' lang='lat' dir='ltr'><strong>ratione</strong></span> <span class='ocrx_word' id='word_1_558' title='bbox 2728 3523 3024 3595; x_wconf 64' lang='lat' dir='ltr'><strong>querenda</strong></span> <span class='ocrx_word' id='word_1_559' title='bbox 3045 3521 3374 3579; x_wconf 83' lang='lat' dir='ltr'><strong>dillerentia.</strong></span> 
     </span>
    </p>
   </div>
   <div class='ocr_carea' id='block_1_72' title="bbox 681 3611 2184 3683">
    <p class='ocr_par' dir='ltr' id='par_1_72' title="bbox 681 3611 2184 3683">
     <span class='ocr_line' id='line_1_72' title="bbox 681 3611 2184 3683; baseline -0.001 -16"><span class='ocrx_word' id='word_1_560' title='bbox 681 3614 945 3669; x_wconf 88' lang='lat' dir='ltr'><strong>Dicantur</strong></span> <span class='ocrx_word' id='word_1_561' title='bbox 975 3611 1210 3668; x_wconf 80' lang='lat' dir='ltr'><strong>fortasse</strong></span> <span class='ocrx_word' id='word_1_562' title='bbox 1238 3621 1286 3666; x_wconf 85' lang='lat' dir='ltr'><strong>et</strong></span> <span class='ocrx_word' id='word_1_563' title='bbox 1320 3612 1439 3683; x_wconf 87' lang='lat' dir='ltr'><strong>agri</strong></span> <span class='ocrx_word' id='word_1_564' title='bbox 1491 3611 1659 3682; x_wconf 80' lang='lat' dir='ltr'><strong>ligna,</strong></span> <span class='ocrx_word' id='word_1_565' title='bbox 1709 3627 1826 3682; x_wconf 78' lang='lat' dir='ltr'><strong>qua:</strong></span> <span class='ocrx_word' id='word_1_566' title='bbox 1871 3612 2038 3666; x_wconf 74' lang='lat' dir='ltr'><strong>ramis</strong></span> <span class='ocrx_word' id='word_1_567' title='bbox 2088 3626 2184 3680; x_wconf 85' lang='lat' dir='ltr'><strong>ap-</strong></span> 
     </span>
    </p>
   </div>
   <div class='ocr_carea' id='block_1_73' title="bbox 609 3698 2193 3773">
    <p class='ocr_par' dir='ltr' id='par_1_73' title="bbox 609 3698 2193 3773">
     <span class='ocr_line' id='line_1_73' title="bbox 609 3698 2193 3773; baseline 0 -18"><span class='ocrx_word' id='word_1_568' title='bbox 609 3700 891 3773; x_wconf 76' lang='lat' dir='ltr'><strong>plaudunt,</strong></span> <span class='ocrx_word' id='word_1_569' title='bbox 922 3699 1056 3770; x_wconf 65' lang='lat' dir='ltr'><strong>ipsa:</strong></span> <span class='ocrx_word' id='word_1_570' title='bbox 1089 3700 1361 3755; x_wconf 82' lang='lat' dir='ltr'><strong>fructibus</strong></span> <span class='ocrx_word' id='word_1_571' title='bbox 1391 3710 1603 3754; x_wconf 70' lang='lat' dir='ltr'><strong>onusta:</strong></span> <span class='ocrx_word' id='word_1_572' title='bbox 1632 3698 1856 3763; x_wconf 69' lang='lat' dir='ltr'><strong>animm,</strong></span> <span class='ocrx_word' id='word_1_573' title='bbox 1896 3700 1991 3768; x_wconf 92' lang='lat' dir='ltr'><strong>qui</strong></span> <span class='ocrx_word' id='word_1_574' title='bbox 2019 3700 2193 3756; x_wconf 63' lang='lat' dir='ltr'><strong>scele—,</strong></span> 
     </span>
    </p>
   </div>
   <div class='ocr_carea' id='block_1_74' title="bbox 609 3788 2187 3858">
    <p class='ocr_par' dir='ltr' id='par_1_74' title="bbox 609 3788 2187 3858">
     <span class='ocr_line' id='line_1_74' title="bbox 609 3788 2187 3858; baseline -0.002 -11"><span class='ocrx_word' id='word_1_575' title='bbox 609 3799 859 3847; x_wconf 84' lang='lat' dir='ltr'><strong>ratorum</strong></span> <span class='ocrx_word' id='word_1_576' title='bbox 913 3788 1294 3858; x_wconf 83' lang='lat' dir='ltr'><strong>resipiscentia</strong></span> <span class='ocrx_word' id='word_1_577' title='bbox 1378 3788 1747 3843; x_wconf 85' lang='lat' dir='ltr'><strong>delectantur.</strong></span> <span class='ocrx_word' id='word_1_578' title='bbox 1820 3788 1961 3845; x_wconf 91' lang='lat' dir='ltr'><strong>Sunt</strong></span> <span class='ocrx_word' id='word_1_579' title='bbox 2022 3790 2187 3844; x_wconf 86' lang='lat' dir='ltr'><strong>etiam</strong></span> 
     </span>
    </p>
   </div>
   <div class='ocr_carea' id='block_1_75' title="bbox 612 3878 2192 3951">
    <p class='ocr_par' dir='ltr' id='par_1_75' title="bbox 612 3878 2192 3951">
     <span class='ocr_line' id='line_1_75' title="bbox 612 3878 2192 3951; baseline 0 -17"><span class='ocrx_word' id='word_1_580' title='bbox 612 3881 706 3951; x_wconf 90' lang='lat' dir='ltr'><strong>qui</strong></span> <span class='ocrx_word' id='word_1_581' title='bbox 752 3880 1007 3932; x_wconf 82' lang='lat' dir='ltr'><strong>montium</strong></span> <span class='ocrx_word' id='word_1_582' title='bbox 1033 3880 1398 3949; x_wconf 89' lang='lat' dir='ltr'><strong>appellatione</strong></span> <span class='ocrx_word' id='word_1_583' title='bbox 1426 3878 1684 3933; x_wconf 87' lang='lat' dir='ltr'><strong>doctores</strong></span> <span class='ocrx_word' id='word_1_584' title='bbox 1719 3879 1981 3936; x_wconf 72' lang='lat' dir='ltr'><strong>Ecclesia:</strong></span> <span class='ocrx_word' id='word_1_585' title='bbox 2001 3918 2016 3943; x_wconf 83' lang='lat'><strong>,</strong></span> <span class='ocrx_word' id='word_1_586' title='bbox 2053 3880 2192 3934; x_wconf 88' lang='lat' dir='ltr'><strong>nihil</strong></span> 
     </span>
    </p>
   </div>
   <div class='ocr_carea' id='block_1_76' title="bbox 612 3967 2193 4041">
    <p class='ocr_par' dir='ltr' id='par_1_76' title="bbox 612 3967 2193 4041">
     <span class='ocr_line' id='line_1_76' title="bbox 612 3967 2193 4041; baseline 0.001 -14"><span class='ocrx_word' id='word_1_587' title='bbox 612 3969 824 4027; x_wconf 87' lang='lat' dir='ltr'><strong>humile</strong></span> <span class='ocrx_word' id='word_1_588' title='bbox 861 3970 1147 4036; x_wconf 86' lang='lat' dir='ltr'><strong>habentes,</strong></span> <span class='ocrx_word' id='word_1_589' title='bbox 1181 3979 1373 4041; x_wconf 88' lang='lat' dir='ltr'><strong>putent</strong></span> <span class='ocrx_word' id='word_1_590' title='bbox 1423 3967 1698 4039; x_wconf 81' lang='lat' dir='ltr'><strong>intelligi:</strong></span> <span class='ocrx_word' id='word_1_591' title='bbox 1745 3985 1841 4039; x_wconf 84' lang='lat' dir='ltr'><strong>per</strong></span> <span class='ocrx_word' id='word_1_592' title='bbox 1892 3970 2050 4031; x_wconf 77' lang='lat' dir='ltr'><strong>colles</strong></span> <span class='ocrx_word' id='word_1_593' title='bbox 2090 3986 2193 4029; x_wconf 52' lang='lat' dir='ltr'><strong>au:</strong></span> 
     </span>
    </p>
   </div>
   <div class='ocr_carea' id='block_1_77' title="bbox 616 4061 2192 4133">
    <p class='ocr_par' dir='ltr' id='par_1_77' title="bbox 616 4061 2192 4133">
     <span class='ocr_line' id='line_1_77' title="bbox 616 4061 2192 4133; baseline -0.003 -13"><span class='ocrx_word' id='word_1_594' title='bbox 616 4075 749 4132; x_wconf 88' lang='lat' dir='ltr'><strong>tem,</strong></span> <span class='ocrx_word' id='word_1_595' title='bbox 783 4063 944 4131; x_wconf 91' lang='lat' dir='ltr'><strong>alios,</strong></span> <span class='ocrx_word' id='word_1_596' title='bbox 971 4062 1067 4133; x_wconf 89' lang='lat' dir='ltr'><strong>qui</strong></span> <span class='ocrx_word' id='word_1_597' title='bbox 1095 4078 1190 4117; x_wconf 90' lang='lat' dir='ltr'><strong>eos</strong></span> <span class='ocrx_word' id='word_1_598' title='bbox 1249 4062 1499 4131; x_wconf 77' lang='lat' dir='ltr'><strong>proxime</strong></span> <span class='ocrx_word' id='word_1_599' title='bbox 1546 4068 1881 4131; x_wconf 80' lang='lat' dir='ltr'><strong>sequuntur.</strong></span> <span class='ocrx_word' id='word_1_600' title='bbox 1922 4061 2015 4117; x_wconf 89' lang='lat' dir='ltr'><strong>Est</strong></span> <span class='ocrx_word' id='word_1_601' title='bbox 2045 4062 2192 4117; x_wconf 91' lang='lat' dir='ltr'><strong>enim</strong></span> 
     </span>
    </p>
   </div>
   <div class='ocr_carea' id='block_1_78' title="bbox 614 4152 2191 4226">
    <p class='ocr_par' dir='ltr' id='par_1_78' title="bbox 614 4152 2191 4226">
     <span class='ocr_line' id='line_1_78' title="bbox 614 4152 2191 4226; baseline -0.003 -13"><span class='ocrx_word' id='word_1_602' title='bbox 614 4157 835 4213; x_wconf 90' lang='lat' dir='ltr'><strong>illorum</strong></span> <span class='ocrx_word' id='word_1_603' title='bbox 864 4156 1143 4226; x_wconf 83' lang='lat' dir='ltr'><strong>gaudium,</strong></span> <span class='ocrx_word' id='word_1_604' title='bbox 1180 4155 1331 4209; x_wconf 89' lang='lat' dir='ltr'><strong>salus</strong></span> <span class='ocrx_word' id='word_1_605' title='bbox 1365 4153 1769 4220; x_wconf 91' lang='lat' dir='ltr'><strong>accedentium,</strong></span> <span class='ocrx_word' id='word_1_606' title='bbox 1792 4153 1837 4209; x_wconf 93' lang='lat' dir='ltr'><strong>si</strong></span> <span class='ocrx_word' id='word_1_607' title='bbox 1861 4152 2031 4208; x_wconf 87' lang='lat' dir='ltr'><strong>Paulo</strong></span> <span class='ocrx_word' id='word_1_608' title='bbox 2066 4169 2191 4210; x_wconf 88' lang='lat' dir='ltr'><strong>cre-</strong></span> 
     </span>
    </p>
   </div>
   <div class='ocr_carea' id='block_1_79' title="bbox 615 4246 2196 4320">
    <p class='ocr_par' dir='ltr' id='par_1_79' title="bbox 615 4246 2196 4320">
     <span class='ocr_line' id='line_1_79' title="bbox 615 4246 2196 4320; baseline -0.004 -13"><span class='ocrx_word' id='word_1_609' title='bbox 615 4251 819 4320; x_wconf 89' lang='lat' dir='ltr'><strong>dimus,</strong></span> <span class='ocrx_word' id='word_1_610' title='bbox 840 4250 934 4319; x_wconf 89' lang='lat' dir='ltr'><strong>qui</strong></span> <span class='ocrx_word' id='word_1_611' title='bbox 959 4248 1096 4305; x_wconf 90' lang='lat' dir='ltr'><strong>tales</strong></span> <span class='ocrx_word' id='word_1_612' title='bbox 1129 4246 1389 4319; x_wconf 81' lang='lat' dir='ltr'><strong>gaudium</strong></span> <span class='ocrx_word' id='word_1_613' title='bbox 1419 4256 1472 4301; x_wconf 91' lang='lat' dir='ltr'><strong>et</strong></span> <span class='ocrx_word' id='word_1_614' title='bbox 1501 4259 1773 4300; x_wconf 85' lang='lat' dir='ltr'><strong>coronam</strong></span> <span class='ocrx_word' id='word_1_615' title='bbox 1813 4261 1969 4302; x_wconf 90' lang='lat' dir='ltr'><strong>suam</strong></span> <span class='ocrx_word' id='word_1_616' title='bbox 2007 4248 2196 4317; x_wconf 84' lang='lat' dir='ltr'><strong>appel-</strong></span> 
     </span>
    </p>
   </div>
   <div class='ocr_carea' id='block_1_80' title="bbox 616 4328 2197 4407">
    <p class='ocr_par' dir='ltr' id='par_1_80' title="bbox 616 4328 2197 4407">
     <span class='ocr_line' id='line_1_80' title="bbox 616 4328 2197 4407; baseline -0.003 -12"><span class='ocrx_word' id='word_1_617' title='bbox 616 4340 695 4396; x_wconf 88' lang='lat' dir='ltr'><strong>lat</strong></span> <span class='ocrx_word' id='word_1_618' title='bbox 731 4341 801 4396; x_wconf 75' lang='lat'><strong>“.</strong></span> <span class='ocrx_word' id='word_1_619' title='bbox 851 4339 1021 4395; x_wconf 81' lang='lat' dir='ltr'><strong>Aiunt</strong></span> <span class='ocrx_word' id='word_1_620' title='bbox 1062 4337 1259 4395; x_wconf 82' lang='lat' dir='ltr'><strong>deinde</strong></span> <span class='ocrx_word' id='word_1_621' title='bbox 1295 4336 1411 4407; x_wconf 86' lang='lat' dir='ltr'><strong>agri</strong></span> <span class='ocrx_word' id='word_1_622' title='bbox 1442 4328 1598 4406; x_wconf 78' lang='lat' dir='ltr'><strong>lignis</strong></span> <span class='ocrx_word' id='word_1_623' title='bbox 1651 4335 1885 4407; x_wconf 86' lang='lat' dir='ltr'><strong>pepulos</strong></span> <span class='ocrx_word' id='word_1_624' title='bbox 1943 4351 2062 4399; x_wconf 86' lang='lat' dir='ltr'><strong>eos,</strong></span> <span class='ocrx_word' id='word_1_625' title='bbox 2102 4336 2197 4406; x_wconf 88' lang='lat' dir='ltr'><strong>qui</strong></span> 
     </span>
    </p>
   </div>
   <div class='ocr_carea' id='block_1_81' title="bbox 618 4414 2197 4503">
    <p class='ocr_par' dir='ltr' id='par_1_81' title="bbox 618 4414 2197 4503">
     <span class='ocr_line' id='line_1_81' title="bbox 618 4414 2197 4503; baseline -0.004 -13"><span class='ocrx_word' id='word_1_626' title='bbox 618 4432 854 4503; x_wconf 82' lang='lat' dir='ltr'><strong>subjecti</strong></span> <span class='ocrx_word' id='word_1_627' title='bbox 889 4438 1040 4497; x_wconf 90' lang='lat' dir='ltr'><strong>sunt,</strong></span> <span class='ocrx_word' id='word_1_628' title='bbox 1087 4429 1405 4500; x_wconf 82' lang='lat' dir='ltr'><strong>signiﬁcari.</strong></span> <span class='ocrx_word' id='word_1_629' title='bbox 1480 4414 1741 4482; x_wconf 66' lang='lat' dir='ltr'><strong>Abundat</strong></span> <span class='ocrx_word' id='word_1_630' title='bbox 1769 4428 1914 4482; x_wconf 92' lang='lat' dir='ltr'><strong>enim</strong></span> <span class='ocrx_word' id='word_1_631' title='bbox 1968 4428 2197 4485; x_wconf 84' lang='lat' dir='ltr'><strong>ﬂoribus</strong></span> 
     </span>
    </p>
   </div>
   <div class='ocr_carea' id='block_1_82' title="bbox 622 4516 2200 4590">
    <p class='ocr_par' dir='ltr' id='par_1_82' title="bbox 622 4516 2200 4590">
     <span class='ocr_line' id='line_1_82' title="bbox 622 4516 2200 4590; baseline -0.001 -14"><span class='ocrx_word' id='word_1_632' title='bbox 622 4524 741 4590; x_wconf 88' lang='lat' dir='ltr'><strong>ipse</strong></span> <span class='ocrx_word' id='word_1_633' title='bbox 781 4520 1082 4576; x_wconf 89' lang='lat' dir='ltr'><strong>Salvatoris</strong></span> <span class='ocrx_word' id='word_1_634' title='bbox 1118 4520 1311 4574; x_wconf 89' lang='lat' dir='ltr'><strong>hortus</strong></span> <span class='ocrx_word' id='word_1_635' title='bbox 1345 4517 1580 4587; x_wconf 89' lang='lat' dir='ltr'><strong>indeque</strong></span> <span class='ocrx_word' id='word_1_636' title='bbox 1646 4528 1778 4573; x_wconf 92' lang='lat' dir='ltr'><strong>sunt</strong></span> <span class='ocrx_word' id='word_1_637' title='bbox 1819 4518 1910 4571; x_wconf 91' lang='lat' dir='ltr'><strong>illa</strong></span> <span class='ocrx_word' id='word_1_638' title='bbox 1971 4516 2200 4588; x_wconf 70' lang='lat' dir='ltr'><strong>Sponsae</strong></span> 
     </span>
    </p>
   </div>
   <div class='ocr_carea' id='block_1_83' title="bbox 621 4607 2199 4680">
    <p class='ocr_par' dir='ltr' id='par_1_83' title="bbox 621 4607 2199 4680">
     <span class='ocr_line' id='line_1_83' title="bbox 621 4607 2199 4680; baseline 0.001 -17"><span class='ocrx_word' id='word_1_639' title='bbox 621 4611 823 4675; x_wconf 83' lang='lat' dir='ltr'><strong>verba,</strong></span> <span class='ocrx_word' id='word_1_640' title='bbox 849 4610 1052 4680; x_wconf 82' lang='lat' dir='ltr'><strong>quibus</strong></span> <span class='ocrx_word' id='word_1_641' title='bbox 1085 4616 1337 4678; x_wconf 90' lang='lat' dir='ltr'><strong>nepotem</strong></span> <span class='ocrx_word' id='word_1_642' title='bbox 1388 4608 1446 4662; x_wconf 89' lang='lat' dir='ltr'><strong>in</strong></span> <span class='ocrx_word' id='word_1_643' title='bbox 1481 4607 1700 4662; x_wconf 88' lang='lat' dir='ltr'><strong>hortum</strong></span> <span class='ocrx_word' id='word_1_644' title='bbox 1750 4624 1911 4664; x_wconf 90' lang='lat' dir='ltr'><strong>suum</strong></span> <span class='ocrx_word' id='word_1_645' title='bbox 1960 4607 2199 4665; x_wconf 79' lang='lat' dir='ltr'><strong>descen-</strong></span> 
     </span>
    </p>
   </div>
   <div class='ocr_carea' id='block_1_84' title="bbox 622 4698 2201 4770">
    <p class='ocr_par' dir='ltr' id='par_1_84' title="bbox 622 4698 2201 4770">
     <span class='ocr_line' id='line_1_84' title="bbox 622 4698 2201 4770; baseline 0.001 -17"><span class='ocrx_word' id='word_1_646' title='bbox 622 4702 771 4763; x_wconf 89' lang='lat' dir='ltr'><strong>dere,</strong></span> <span class='ocrx_word' id='word_1_647' title='bbox 798 4700 1146 4770; x_wconf 77' lang='lat' dir='ltr'><strong>fructumque</strong></span> <span class='ocrx_word' id='word_1_648' title='bbox 1175 4714 1462 4770; x_wconf 84' lang='lat' dir='ltr'><strong>pomorum</strong></span> <span class='ocrx_word' id='word_1_649' title='bbox 1491 4714 1716 4754; x_wconf 86' lang='lat' dir='ltr'><strong>suorum</strong></span> <span class='ocrx_word' id='word_1_650' title='bbox 1746 4698 2040 4753; x_wconf 90' lang='lat' dir='ltr'><strong>comedere</strong></span> <span class='ocrx_word' id='word_1_651' title='bbox 2073 4715 2201 4769; x_wconf 87' lang='lat' dir='ltr'><strong>pos-</strong></span> 
     </span>
    </p>
   </div>
   <div class='ocr_carea' id='block_1_85' title="bbox 627 4790 2202 4859">
    <p class='ocr_par' dir='ltr' id='par_1_85' title="bbox 627 4790 2202 4859">
     <span class='ocr_line' id='line_1_85' title="bbox 627 4790 2202 4859; baseline 0.001 -13"><span class='ocrx_word' id='word_1_652' title='bbox 627 4792 767 4847; x_wconf 87' lang='lat' dir='ltr'><strong>tulat</strong></span> <span class='ocrx_word' id='word_1_653' title='bbox 795 4791 861 4848; x_wconf 78' lang='lat'><strong>“.</strong></span> <span class='ocrx_word' id='word_1_654' title='bbox 898 4790 1179 4846; x_wconf 75' lang='lat' dir='ltr'><strong>Lwtantur</strong></span> <span class='ocrx_word' id='word_1_655' title='bbox 1204 4807 1333 4847; x_wconf 89' lang='lat' dir='ltr'><strong>vero</strong></span> <span class='ocrx_word' id='word_1_656' title='bbox 1358 4799 1412 4846; x_wconf 88' lang='lat' dir='ltr'><strong>et</strong></span> <span class='ocrx_word' id='word_1_657' title='bbox 1436 4791 1552 4859; x_wconf 91' lang='lat' dir='ltr'><strong>isti,</strong></span> <span class='ocrx_word' id='word_1_658' title='bbox 1589 4801 1798 4846; x_wconf 83' lang='lat' dir='ltr'><strong>tantam</strong></span> <span class='ocrx_word' id='word_1_659' title='bbox 1828 4791 1882 4845; x_wconf 92' lang='lat' dir='ltr'><strong>in</strong></span> <span class='ocrx_word' id='word_1_660' title='bbox 1926 4807 1987 4846; x_wconf 88' lang='lat' dir='ltr'><strong>se</strong></span> <span class='ocrx_word' id='word_1_661' title='bbox 2027 4800 2202 4847; x_wconf 86' lang='lat' dir='ltr'><strong>muta-</strong></span> 
     </span>
    </p>
   </div>
   <div class='ocr_carea' id='block_1_86' title="bbox 2359 3600 3844 3685">
    <p class='ocr_par' dir='ltr' id='par_1_86' title="bbox 2359 3600 3844 3685">
     <span class='ocr_line' id='line_1_86' title="bbox 2359 3600 3844 3685; baseline -0.005 -16"><span class='ocrx_word' id='word_1_662' title='bbox 2359 3616 2527 3671; x_wconf 73' lang='grc' dir='ltr'><strong>Ξύλα</strong></span> <span class='ocrx_word' id='word_1_663' title='bbox 2548 3616 2603 3669; x_wconf 84' lang='grc' dir='ltr'><em>δὲ</em></span> <span class='ocrx_word' id='word_1_664' title='bbox 2634 3614 2845 3685; x_wconf 71' lang='grc' dir='ltr'><em>ἀγροῦ,</em></span> <span class='ocrx_word' id='word_1_665' title='bbox 2872 3611 3302 3682; x_wconf 81' lang='grc' dir='ltr'><em>ἐπικροτοῦντα</em></span> <span class='ocrx_word' id='word_1_666' title='bbox 3338 3608 3612 3675; x_wconf 73' lang='grc' dir='ltr'><em>κλάδοις,</em></span> <span class='ocrx_word' id='word_1_667' title='bbox 3642 3600 3741 3660; x_wconf 76' lang='grc' dir='ltr'>εἷεν</span> <span class='ocrx_word' id='word_1_668' title='bbox 3790 3606 3844 3661; x_wconf 80' lang='grc' dir='ltr'><em>ἂν</em></span> 
     </span>
    </p>
   </div>
   <div class='ocr_carea' id='block_1_87' title="bbox 2292 3697 3844 3780">
    <p class='ocr_par' dir='ltr' id='par_1_87' title="bbox 2292 3697 3844 3780">
     <span class='ocr_line' id='line_1_87' title="bbox 2292 3697 3844 3780; baseline -0.008 -18"><span class='ocrx_word' id='word_1_669' title='bbox 2292 3708 2349 3762; x_wconf 81' lang='grc' dir='ltr'>αἱ</span> <span class='ocrx_word' id='word_1_670' title='bbox 2378 3706 2719 3780; x_wconf 75' lang='grc' dir='ltr'><strong>καρποφόροι</strong></span> <span class='ocrx_word' id='word_1_671' title='bbox 2744 3705 2915 3779; x_wconf 73' lang='grc' dir='ltr'>ψυχαὶ</span> <span class='ocrx_word' id='word_1_672' title='bbox 2952 3705 3047 3758; x_wconf 65' lang='grc' dir='ltr'><strong>ἐπὶ</strong></span> <span class='ocrx_word' id='word_1_673' title='bbox 3072 3706 3138 3775; x_wconf 81' lang='grc' dir='ltr'><em>τῇ</em></span> <span class='ocrx_word' id='word_1_674' title='bbox 3170 3704 3481 3772; x_wconf 70' lang='grc' dir='ltr'><em>ἐπιστροφῇ</em></span> <span class='ocrx_word' id='word_1_675' title='bbox 3514 3700 3621 3754; x_wconf 84' lang='grc' dir='ltr'><em>τῶν</em></span> <span class='ocrx_word' id='word_1_676' title='bbox 3662 3697 3844 3766; x_wconf 82' lang='grc' dir='ltr'><em>ἀνόμων</em></span> 
     </span>
    </p>
   </div>
   <div class='ocr_carea' id='block_1_88' title="bbox 2290 3786 3843 3864">
    <p class='ocr_par' dir='ltr' id='par_1_88' title="bbox 2290 3786 3843 3864">
     <span class='ocr_line' id='line_1_88' title="bbox 2290 3786 3843 3864; baseline -0.004 -19"><span class='ocrx_word' id='word_1_677' title='bbox 2290 3793 2570 3864; x_wconf 80' lang='grc' dir='ltr'><em>ἡδόμεναι.</em></span> <span class='ocrx_word' id='word_1_678' title='bbox 2629 3793 2785 3856; x_wconf 83' lang='grc' dir='ltr'><em>Τινὲς</em></span> <span class='ocrx_word' id='word_1_679' title='bbox 2820 3792 2877 3845; x_wconf 77' lang='grc' dir='ltr'><em>δὲ</em></span> <span class='ocrx_word' id='word_1_680' title='bbox 2906 3792 3013 3860; x_wconf 85' lang='grc' dir='ltr'><strong>ὄρη</strong></span> <span class='ocrx_word' id='word_1_681' title='bbox 3048 3793 3151 3862; x_wconf 83' lang='grc' dir='ltr'><em>μὲν</em></span> <span class='ocrx_word' id='word_1_682' title='bbox 3204 3790 3331 3852; x_wconf 79' lang='grc' dir='ltr'><strong>τοὺς</strong></span> <span class='ocrx_word' id='word_1_683' title='bbox 3375 3788 3719 3850; x_wconf 80' lang='grc' dir='ltr'><strong>διδασκάλους</strong></span> <span class='ocrx_word' id='word_1_684' title='bbox 3767 3786 3843 3855; x_wconf 77' lang='grc' dir='ltr'><strong>τῆς</strong></span> 
     </span>
    </p>
   </div>
   <div class='ocr_carea' id='block_1_89' title="bbox 2307 3876 3844 3956">
    <p class='ocr_par' dir='ltr' id='par_1_89' title="bbox 2307 3876 3844 3956">
     <span class='ocr_line' id='line_1_89' title="bbox 2307 3876 3844 3956; baseline -0.005 -18"><span class='ocrx_word' id='word_1_685' title='bbox 2307 3883 2629 3956; x_wconf 78' lang='grc' dir='ltr'><em>Ἐκκλησίας</em></span> <span class='ocrx_word' id='word_1_686' title='bbox 2650 3884 2774 3947; x_wconf 83' lang='grc' dir='ltr'><strong>τοὺς</strong></span> <span class='ocrx_word' id='word_1_687' title='bbox 2804 3882 2955 3937; x_wconf 80' lang='grc' dir='ltr'><em>οὐδὲν</em></span> <span class='ocrx_word' id='word_1_688' title='bbox 2978 3880 3314 3952; x_wconf 78' lang='grc' dir='ltr'><strong>χαμαίζηλον</strong></span> <span class='ocrx_word' id='word_1_689' title='bbox 3344 3878 3595 3950; x_wconf 77' lang='grc' dir='ltr'><strong>ἔχοντας’</strong></span> <span class='ocrx_word' id='word_1_690' title='bbox 3611 3876 3844 3943; x_wconf 75' lang='grc' dir='ltr'><em>,ϐουνοὺς</em></span> 
     </span>
    </p>
   </div>
   <div class='ocr_carea' id='block_1_90' title="bbox 2294 3966 3843 4045">
    <p class='ocr_par' dir='ltr' id='par_1_90' title="bbox 2294 3966 3843 4045">
     <span class='ocr_line' id='line_1_90' title="bbox 2294 3966 3843 4045; baseline -0.008 -14"><span class='ocrx_word' id='word_1_691' title='bbox 2294 3976 2374 4045; x_wconf 78' lang='grc' dir='ltr'><em>δὲ,</em></span> <span class='ocrx_word' id='word_1_692' title='bbox 2408 3977 2536 4039; x_wconf 78' lang='grc' dir='ltr'><strong>τοὺς</strong></span> <span class='ocrx_word' id='word_1_693' title='bbox 2588 3973 2948 4045; x_wconf 13' lang='grc' dir='ltr'><em>μετἰαὐτούς.</em></span> <span class='ocrx_word' id='word_1_694' title='bbox 2981 3974 3143 4041; x_wconf 88' lang='grc' dir='ltr'><em>Χαρὰ</em></span> <span class='ocrx_word' id='word_1_695' title='bbox 3191 3972 3300 4043; x_wconf 83' lang='grc' dir='ltr'><strong>γὰρ</strong></span> <span class='ocrx_word' id='word_1_696' title='bbox 3335 3971 3547 4025; x_wconf 83' lang='grc' dir='ltr'><em>τούτων</em></span> <span class='ocrx_word' id='word_1_697' title='bbox 3582 3971 3616 4041; x_wconf 77' lang='grc' dir='ltr'><strong>ἡ</strong></span> <span class='ocrx_word' id='word_1_698' title='bbox 3641 3966 3843 4037; x_wconf 78' lang='grc' dir='ltr'><em>σωτηρία</em></span> 
     </span>
    </p>
   </div>
   <div class='ocr_carea' id='block_1_91' title="bbox 2294 4058 3845 4139">
    <p class='ocr_par' dir='ltr' id='par_1_91' title="bbox 2294 4058 3845 4139">
     <span class='ocr_line' id='line_1_91' title="bbox 2294 4058 3845 4139; baseline -0.008 -18"><span class='ocrx_word' id='word_1_699' title='bbox 2294 4068 2403 4122; x_wconf 84' lang='grc' dir='ltr'><em>τῶν</em></span> <span class='ocrx_word' id='word_1_700' title='bbox 2433 4069 2786 4139; x_wconf 76' lang='grc' dir='ltr'><em>προσιόντων,</em></span> <span class='ocrx_word' id='word_1_701' title='bbox 2822 4068 2899 4128; x_wconf 84' lang='grc' dir='ltr'><strong>ὡς</strong></span> <span class='ocrx_word' id='word_1_702' title='bbox 2931 4066 3026 4121; x_wconf 80' lang='grc' dir='ltr'><strong>καὶ</strong></span> <span class='ocrx_word' id='word_1_703' title='bbox 3058 4064 3265 4120; x_wconf 85' lang='grc' dir='ltr'><em>Παῦλον</em></span> <span class='ocrx_word' id='word_1_704' title='bbox 3290 4065 3475 4132; x_wconf 84' lang='grc' dir='ltr'><em>λέγειν</em></span> <span class='ocrx_word' id='word_1_705' title='bbox 3499 4082 3514 4097; x_wconf 76' lang='grc' dir='ltr'><strong><em>ο</em></strong></span> <span class='ocrx_word' id='word_1_706' title='bbox 3553 4083 3571 4115; x_wconf 85' lang='grc' dir='ltr'><strong>ι</strong></span> <span class='ocrx_word' id='word_1_707' title='bbox 3609 4060 3752 4132; x_wconf 79' lang='grc' dir='ltr'><strong>Χαρὰ</strong></span> <span class='ocrx_word' id='word_1_708' title='bbox 3772 4058 3845 4111; x_wconf 79' lang='grc' dir='ltr'><em>καὶ</em></span> 
     </span>
    </p>
   </div>
   <div class='ocr_carea' id='block_1_92' title="bbox 2299 4154 3845 4231">
    <p class='ocr_par' dir='ltr' id='par_1_92' title="bbox 2299 4154 3845 4231">
     <span class='ocr_line' id='line_1_92' title="bbox 2299 4154 3845 4231; baseline -0.007 -18"><span class='ocrx_word' id='word_1_709' title='bbox 2299 4161 2562 4229; x_wconf 83' lang='grc' dir='ltr'><strong>στέφανός</strong></span> <span class='ocrx_word' id='word_1_710' title='bbox 2619 4177 2741 4231; x_wconf 86' lang='grc' dir='ltr'><em>μου.</em></span> <span class='ocrx_word' id='word_1_711' title='bbox 2781 4181 2796 4210; x_wconf 76' lang='grc' dir='ltr'><strong>ι</strong></span> <span class='ocrx_word' id='word_1_712' title='bbox 2830 4160 2997 4219; x_wconf 83' lang='grc' dir='ltr'><strong>Ξύλα</strong></span> <span class='ocrx_word' id='word_1_713' title='bbox 3052 4159 3108 4212; x_wconf 86' lang='grc' dir='ltr'><em>δὲ</em></span> <span class='ocrx_word' id='word_1_714' title='bbox 3142 4158 3326 4228; x_wconf 77' lang='grc' dir='ltr'><em>ἀγροῦ</em></span> <span class='ocrx_word' id='word_1_715' title='bbox 3369 4159 3500 4220; x_wconf 81' lang='grc' dir='ltr'><em>τοὺς</em></span> <span class='ocrx_word' id='word_1_716' title='bbox 3560 4155 3661 4209; x_wconf 80' lang='grc' dir='ltr'><strong>ὑπὸ</strong></span> <span class='ocrx_word' id='word_1_717' title='bbox 3718 4154 3845 4223; x_wconf 80' lang='grc' dir='ltr'><strong>χεῖρα</strong></span> 
     </span>
    </p>
   </div>
   <div class='ocr_carea' id='block_1_93' title="bbox 2296 4241 3843 4320">
    <p class='ocr_par' dir='ltr' id='par_1_93' title="bbox 2296 4241 3843 4320">
     <span class='ocr_line' id='line_1_93' title="bbox 2296 4241 3843 4320; baseline -0.004 -15"><span class='ocrx_word' id='word_1_718' title='bbox 2296 4251 2477 4315; x_wconf 79' lang='grc' dir='ltr'><em>λαούς.</em></span> <span class='ocrx_word' id='word_1_719' title='bbox 2548 4252 2793 4320; x_wconf 77' lang='grc' dir='ltr'><strong>Εὐανθὴς</strong></span> <span class='ocrx_word' id='word_1_720' title='bbox 2872 4250 2989 4320; x_wconf 75' lang='grc' dir='ltr'><strong>γὰρ</strong></span> <span class='ocrx_word' id='word_1_721' title='bbox 3076 4247 3171 4301; x_wconf 88' lang='grc' dir='ltr'><strong>τοῦ</strong></span> <span class='ocrx_word' id='word_1_722' title='bbox 3265 4248 3521 4317; x_wconf 79' lang='grc' dir='ltr'><strong>Σωτῆρος</strong></span> <span class='ocrx_word' id='word_1_723' title='bbox 3583 4246 3610 4297; x_wconf 88' lang='grc' dir='ltr'>ὁ</span> <span class='ocrx_word' id='word_1_724' title='bbox 3682 4241 3843 4307; x_wconf 79' lang='grc' dir='ltr'><em>κῆπος.</em></span> 
     </span>
    </p>
   </div>
   <div class='ocr_carea' id='block_1_94' title="bbox 2298 4328 3846 4413">
    <p class='ocr_par' dir='ltr' id='par_1_94' title="bbox 2298 4328 3846 4413">
     <span class='ocr_line' id='line_1_94' title="bbox 2298 4328 3846 4413; baseline -0.005 -15"><span class='ocrx_word' id='word_1_725' title='bbox 2298 4345 2391 4398; x_wconf 87' lang='grc' dir='ltr'><strong>Διὸ</strong></span> <span class='ocrx_word' id='word_1_726' title='bbox 2439 4344 2532 4398; x_wconf 76' lang='grc' dir='ltr'><em>καὶ</em></span> <span class='ocrx_word' id='word_1_727' title='bbox 2588 4345 2622 4413; x_wconf 85' lang='grc' dir='ltr'>ὴ</span> <span class='ocrx_word' id='word_1_728' title='bbox 2682 4343 2886 4412; x_wconf 76' lang='grc' dir='ltr'><strong>Νύμφη</strong></span> <span class='ocrx_word' id='word_1_729' title='bbox 2918 4340 3090 4412; x_wconf 79' lang='grc' dir='ltr'><strong>φησί·</strong></span> <span class='ocrx_word' id='word_1_730' title='bbox 3123 4357 3142 4390; x_wconf 84' lang='grc' dir='ltr'><strong>ι</strong></span> <span class='ocrx_word' id='word_1_731' title='bbox 3181 4338 3494 4407; x_wconf 76' lang='grc' dir='ltr'><em>Καταὸἠτω</em></span> <span class='ocrx_word' id='word_1_732' title='bbox 3534 4338 3563 4389; x_wconf 82' lang='grc' dir='ltr'>ὁ</span> <span class='ocrx_word' id='word_1_733' title='bbox 3607 4328 3846 4400; x_wconf 77' lang='grc' dir='ltr'><em>ἀδελφιδός</em></span> 
     </span>
    </p>
   </div>
   <div class='ocr_carea' id='block_1_95' title="bbox 2302 4420 3845 4508">
    <p class='ocr_par' dir='ltr' id='par_1_95' title="bbox 2302 4420 3845 4508">
     <span class='ocr_line' id='line_1_95' title="bbox 2302 4420 3845 4508; baseline -0.014 -17"><span class='ocrx_word' id='word_1_734' title='bbox 2302 4453 2406 4508; x_wconf 89' lang='grc' dir='ltr'><strong>μου</strong></span> <span class='ocrx_word' id='word_1_735' title='bbox 2436 4437 2517 4499; x_wconf 75' lang='grc' dir='ltr'><strong>εἰς</strong></span> <span class='ocrx_word' id='word_1_736' title='bbox 2542 4433 2717 4503; x_wconf 81' lang='grc' dir='ltr'><em>κῆπον</em></span> <span class='ocrx_word' id='word_1_737' title='bbox 2744 4432 2932 4496; x_wconf 79' lang='grc' dir='ltr'><em>αὑτοῦ,</em></span> <span class='ocrx_word' id='word_1_738' title='bbox 2969 4432 3063 4485; x_wconf 80' lang='grc' dir='ltr'><em>καὶ</em></span> <span class='ocrx_word' id='word_1_739' title='bbox 3087 4430 3309 4501; x_wconf 79' lang='grc' dir='ltr'><em>φαγὲτω</em></span> <span class='ocrx_word' id='word_1_740' title='bbox 3336 4428 3548 4500; x_wconf 79' lang='grc' dir='ltr'><em>καρπὸν</em></span> <span class='ocrx_word' id='word_1_741' title='bbox 3571 4420 3845 4495; x_wconf 68' lang='grc' dir='ltr'><em>ἀκροδρύων</em></span> 
     </span>
    </p>
   </div>
   <div class='ocr_carea' id='block_1_96' title="bbox 2305 4514 3846 4594">
    <p class='ocr_par' dir='ltr' id='par_1_96' title="bbox 2305 4514 3846 4594">
     <span class='ocr_line' id='line_1_96' title="bbox 2305 4514 3846 4594; baseline -0.006 -13"><span class='ocrx_word' id='word_1_742' title='bbox 2305 4526 2494 4581; x_wconf 81' lang='grc' dir='ltr'><em>αὐτοῦ.</em></span> <span class='ocrx_word' id='word_1_743' title='bbox 2530 4545 2557 4585; x_wconf 75' lang='grc' dir='ltr'><strong>ι,</strong></span> <span class='ocrx_word' id='word_1_744' title='bbox 2576 4526 2867 4594; x_wconf 75' lang='grc' dir='ltr'><em>Χαίρουσι</em></span> <span class='ocrx_word' id='word_1_745' title='bbox 2894 4523 2953 4577; x_wconf 84' lang='grc' dir='ltr'><em>δὲ</em></span> <span class='ocrx_word' id='word_1_746' title='bbox 2977 4524 3072 4578; x_wconf 70' lang='grc' dir='ltr'><em>καὶ</em></span> <span class='ocrx_word' id='word_1_747' title='bbox 3103 4515 3251 4577; x_wconf 82' lang='grc' dir='ltr'><em>οῦτοι</em></span> <span class='ocrx_word' id='word_1_748' title='bbox 3310 4520 3582 4589; x_wconf 59' lang='grc' dir='ltr'><strong>τοσαύτην</strong></span> <span class='ocrx_word' id='word_1_749' title='bbox 3602 4520 3657 4570; x_wconf 83' lang='grc' dir='ltr'><strong>ὲν</strong></span> <span class='ocrx_word' id='word_1_750' title='bbox 3670 4514 3846 4572; x_wconf 75' lang='grc' dir='ltr'><em>ἑαυτοῖς</em></span> 
     </span>
    </p>
   </div>
   <div class='ocr_carea' id='block_1_97' title="bbox 2304 4602 3845 4691">
    <p class='ocr_par' dir='ltr' id='par_1_97' title="bbox 2304 4602 3845 4691">
     <span class='ocr_line' id='line_1_97' title="bbox 2304 4602 3845 4691; baseline -0.011 -17"><span class='ocrx_word' id='word_1_751' title='bbox 2304 4618 2542 4691; x_wconf 85' lang='grc' dir='ltr'><em>δρῶντες</em></span> <span class='ocrx_word' id='word_1_752' title='bbox 2569 4616 2893 4688; x_wconf 68' lang='grc' dir='ltr'><em>μεταϐολήν..</em></span> <span class='ocrx_word' id='word_1_753' title='bbox 2928 4615 3104 4670; x_wconf 77' lang='grc' dir='ltr'><em>Πάλαι</em></span> <span class='ocrx_word' id='word_1_754' title='bbox 3141 4615 3244 4684; x_wconf 84' lang='grc' dir='ltr'><em>μὲν</em></span> <span class='ocrx_word' id='word_1_755' title='bbox 3268 4612 3378 4683; x_wconf 85' lang='grc' dir='ltr'><strong>γὰρ</strong></span> <span class='ocrx_word' id='word_1_756' title='bbox 3432 4605 3723 4681; x_wconf 78' lang='grc' dir='ltr'><em>γόνιμον,ἢ</em></span> <span class='ocrx_word' id='word_1_757' title='bbox 3748 4602 3845 4673; x_wconf 72' lang='grc' dir='ltr'><em>τρόο</em></span> 
     </span>
    </p>
   </div>
   <div class='ocr_carea' id='block_1_98' title="bbox 2306 4695 3845 4783">
    <p class='ocr_par' dir='ltr' id='par_1_98' title="bbox 2306 4695 3845 4783">
     <span class='ocr_line' id='line_1_98' title="bbox 2306 4695 3845 4783; baseline -0.004 -20"><span class='ocrx_word' id='word_1_758' title='bbox 2306 4727 2473 4781; x_wconf 82' lang='grc' dir='ltr'><em>φιμον</em></span> <span class='ocrx_word' id='word_1_759' title='bbox 2536 4702 2683 4778; x_wconf 74' lang='grc' dir='ltr'><em>εἶχον</em></span> <span class='ocrx_word' id='word_1_760' title='bbox 2731 4707 2884 4760; x_wconf 71' lang='grc' dir='ltr'><em>οὐδέν</em></span> <span class='ocrx_word' id='word_1_761' title='bbox 2913 4724 2928 4739; x_wconf 79' lang='grc' dir='ltr'><strong><em>ο</em></strong></span> <span class='ocrx_word' id='word_1_762' title='bbox 2975 4707 3053 4770; x_wconf 75' lang='grc' dir='ltr'><strong>ὡς</strong></span> <span class='ocrx_word' id='word_1_763' title='bbox 3114 4708 3172 4758; x_wconf 76' lang='grc' dir='ltr'><strong>ὲν</strong></span> <span class='ocrx_word' id='word_1_764' title='bbox 3223 4706 3422 4777; x_wconf 72' lang='grc' dir='ltr'><em>ἐρήμῳ</em></span> <span class='ocrx_word' id='word_1_765' title='bbox 3450 4702 3509 4755; x_wconf 84' lang='grc' dir='ltr'><em>δὲ</em></span> <span class='ocrx_word' id='word_1_766' title='bbox 3562 4700 3659 4783; x_wconf 34' lang='grc' dir='ltr'><em>καὶ,</em></span> <span class='ocrx_word' id='word_1_767' title='bbox 3697 4695 3845 4765; x_wconf 71' lang='grc' dir='ltr'><strong>χέρσιιὶ</strong></span> 
     </span>
    </p>
   </div>
   <div class='ocr_carea' id='block_1_99' title="bbox 2306 4783 3846 4868">
    <p class='ocr_par' dir='ltr' id='par_1_99' title="bbox 2306 4783 3846 4868">
     <span class='ocr_line' id='line_1_99' title="bbox 2306 4783 3846 4868; baseline -0.012 -13"><span class='ocrx_word' id='word_1_768' title='bbox 2306 4802 2555 4868; x_wconf 81' lang='grc' dir='ltr'><em>στοίϐην</em></span> <span class='ocrx_word' id='word_1_769' title='bbox 2590 4799 2721 4867; x_wconf 80' lang='grc' dir='ltr'><strong>ὕλης</strong></span> <span class='ocrx_word' id='word_1_770' title='bbox 2751 4798 3026 4868; x_wconf 76' lang='grc' dir='ltr'><em>ἀχρήστου</em></span> <span class='ocrx_word' id='word_1_771' title='bbox 3055 4795 3153 4849; x_wconf 75' lang='grc' dir='ltr'><strong>καὶ</strong></span> <span class='ocrx_word' id='word_1_772' title='bbox 3182 4794 3450 4858; x_wconf 73' lang='grc' dir='ltr'><em>κόνυζαν</em></span> <span class='ocrx_word' id='word_1_773' title='bbox 3514 4791 3609 4861; x_wconf 86' lang='grc' dir='ltr'><strong>τὴν</strong></span> <span class='ocrx_word' id='word_1_774' title='bbox 3647 4783 3846 4841; x_wconf 75' lang='grc' dir='ltr'><em>δυσωδί-</em></span> 
     </span>
    </p>
   </div>
   <div class='ocr_carea' id='block_1_100' title="bbox 627 4872 2184 4960">
    <p class='ocr_par' dir='ltr' id='par_1_100' title="bbox 627 4872 2184 4955">
     <span class='ocr_line' id='line_1_100' title="bbox 627 4872 2184 4955; baseline -0.002 -15"><span class='ocrx_word' id='word_1_775' title='bbox 627 4886 834 4940; x_wconf 89' lang='lat' dir='ltr'><strong>tionem</strong></span> <span class='ocrx_word' id='word_1_776' title='bbox 876 4885 990 4939; x_wconf 87' lang='lat' dir='ltr'><strong>tieri</strong></span> <span class='ocrx_word' id='word_1_777' title='bbox 1041 4885 1262 4940; x_wconf 87' lang='lat' dir='ltr'><strong>intuiti:</strong></span> <span class='ocrx_word' id='word_1_778' title='bbox 1300 4886 1399 4955; x_wconf 81' lang='lat' dir='ltr'><strong>qui</strong></span> <span class='ocrx_word' id='word_1_779' title='bbox 1450 4872 1585 4939; x_wconf 78' lang='lat' dir='ltr'><strong>nihil</strong></span> <span class='ocrx_word' id='word_1_780' title='bbox 1640 4884 1770 4939; x_wconf 93' lang='lat' dir='ltr'><strong>olim</strong></span> <span class='ocrx_word' id='word_1_781' title='bbox 1806 4883 1951 4953; x_wconf 85' lang='lat' dir='ltr'><strong>quod</strong></span> <span class='ocrx_word' id='word_1_782' title='bbox 2006 4884 2073 4938; x_wconf 87' lang='lat' dir='ltr'><strong>ad</strong></span> <span class='ocrx_word' id='word_1_783' title='bbox 2124 4883 2184 4938; x_wconf 86' lang='lat' dir='ltr'><strong>fe-</strong></span> 
     </span>
    </p>
   </div>
   <div class='ocr_carea' id='block_1_101' title="bbox 2288 4872 3845 4960">
    <p class='ocr_par' dir='ltr' id='par_1_101' title="bbox 2309 4874 3845 4960">
     <span class='ocr_line' id='line_1_101' title="bbox 2309 4874 3845 4960; baseline -0.013 -17"><span class='ocrx_word' id='word_1_784' title='bbox 2309 4891 2509 4960; x_wconf 82' lang='grc' dir='ltr'><em>στάτην</em></span> <span class='ocrx_word' id='word_1_785' title='bbox 2539 4888 2753 4958; x_wconf 77' lang='grc' dir='ltr'><em>ἔφερον.</em></span> <span class='ocrx_word' id='word_1_786' title='bbox 2786 4886 2899 4939; x_wconf 81' lang='grc' dir='ltr'><em>Νῦν</em></span> <span class='ocrx_word' id='word_1_787' title='bbox 2928 4885 2985 4947; x_wconf 74' lang='grc' dir='ltr'><em>δὲ</em></span> <span class='ocrx_word' id='word_1_788' title='bbox 3018 4885 3107 4937; x_wconf 85' lang='grc' dir='ltr'><strong>ὅτε</strong></span> <span class='ocrx_word' id='word_1_789' title='bbox 3140 4885 3237 4953; x_wconf 78' lang='grc' dir='ltr'><strong>τῆς</strong></span> <span class='ocrx_word' id='word_1_790' title='bbox 3267 4883 3417 4946; x_wconf 85' lang='grc' dir='ltr'>θείας</span> <span class='ocrx_word' id='word_1_791' title='bbox 3445 4881 3696 4953; x_wconf 80' lang='grc' dir='ltr'><em>μετέσχον</em></span> <span class='ocrx_word' id='word_1_792' title='bbox 3716 4874 3845 4945; x_wconf 77' lang='grc' dir='ltr'><em>χάριο</em></span> 
     </span>
    </p>
   </div>
   <div class='ocr_carea' id='block_1_102' title="bbox 628 4974 2198 5041">
    <p class='ocr_par' dir='ltr' id='par_1_102' title="bbox 628 4974 2198 5041">
     <span class='ocr_line' id='line_1_102' title="bbox 628 4974 2198 5041; baseline -0.003 -10"><span class='ocrx_word' id='word_1_793' title='bbox 628 4975 966 5031; x_wconf 82' lang='lat' dir='ltr'><strong>cunditatem</strong></span> <span class='ocrx_word' id='word_1_794' title='bbox 1000 4975 1424 5031; x_wconf 87' lang='lat' dir='ltr'><strong>nutritionemve</strong></span> <span class='ocrx_word' id='word_1_795' title='bbox 1457 4975 1679 5040; x_wconf 80' lang='lat' dir='ltr'><strong>faceret,</strong></span> <span class='ocrx_word' id='word_1_796' title='bbox 1736 4975 2043 5041; x_wconf 85' lang='lat' dir='ltr'><strong>habentes;</strong></span> <span class='ocrx_word' id='word_1_797' title='bbox 2104 4974 2198 5029; x_wconf 83' lang='lat' dir='ltr'><strong>sed</strong></span> 
     </span>
    </p>
   </div>
   <div class='ocr_carea' id='block_1_103' title="bbox 630 5070 2204 5143">
    <p class='ocr_par' dir='ltr' id='par_1_103' title="bbox 630 5070 2204 5143">
     <span class='ocr_line' id='line_1_103' title="bbox 630 5070 2204 5143; baseline -0.001 -17"><span class='ocrx_word' id='word_1_798' title='bbox 630 5078 895 5142; x_wconf 84' lang='lat' dir='ltr'><strong>tanquam</strong></span> <span class='ocrx_word' id='word_1_799' title='bbox 926 5071 983 5125; x_wconf 90' lang='lat' dir='ltr'><strong>in</strong></span> <span class='ocrx_word' id='word_1_800' title='bbox 1037 5070 1355 5137; x_wconf 87' lang='lat' dir='ltr'><strong>solitudine,</strong></span> <span class='ocrx_word' id='word_1_801' title='bbox 1391 5080 1649 5143; x_wconf 86' lang='lat' dir='ltr'><strong>terraque</strong></span> <span class='ocrx_word' id='word_1_802' title='bbox 1704 5071 1943 5137; x_wconf 83' lang='lat' dir='ltr'><strong>inculta,</strong></span> <span class='ocrx_word' id='word_1_803' title='bbox 1980 5072 2204 5127; x_wconf 72' lang='lat' dir='ltr'><strong>suebant</strong></span> 
     </span>
    </p>
   </div>
   <div class='ocr_carea' id='block_1_104' title="bbox 632 5162 2206 5235">
    <p class='ocr_par' dir='ltr' id='par_1_104' title="bbox 632 5162 2206 5235">
     <span class='ocr_line' id='line_1_104' title="bbox 632 5162 2206 5235; baseline 0.001 -18"><span class='ocrx_word' id='word_1_804' title='bbox 632 5162 906 5229; x_wconf 79' lang='lat' dir='ltr'><strong>inutilem,</strong></span> <span class='ocrx_word' id='word_1_805' title='bbox 934 5172 991 5219; x_wconf 89' lang='lat' dir='ltr'><strong>et</strong></span> <span class='ocrx_word' id='word_1_806' title='bbox 1023 5163 1265 5221; x_wconf 71' lang='lat' dir='ltr'><strong>conizam</strong></span> <span class='ocrx_word' id='word_1_807' title='bbox 1288 5165 1551 5219; x_wconf 91' lang='lat' dir='ltr'><strong>teterrimi</strong></span> <span class='ocrx_word' id='word_1_808' title='bbox 1572 5165 1782 5229; x_wconf 91' lang='lat' dir='ltr'><strong>odoris,</strong></span> <span class='ocrx_word' id='word_1_809' title='bbox 1816 5164 2206 5235; x_wconf 90' lang='lat' dir='ltr'><strong>producentes,</strong></span> 
     </span>
    </p>
   </div>
   <div class='ocr_carea' id='block_1_105' title="bbox 631 5252 2209 5324">
    <p class='ocr_par' dir='ltr' id='par_1_105' title="bbox 631 5252 2209 5324">
     <span class='ocr_line' id='line_1_105' title="bbox 631 5252 2209 5324; baseline -0.001 -17"><span class='ocrx_word' id='word_1_810' title='bbox 631 5268 697 5307; x_wconf 83' lang='lat' dir='ltr'><strong>ex</strong></span> <span class='ocrx_word' id='word_1_811' title='bbox 728 5266 839 5323; x_wconf 92' lang='lat' dir='ltr'><strong>quo</strong></span> <span class='ocrx_word' id='word_1_812' title='bbox 870 5252 1070 5309; x_wconf 74' lang='lat' dir='ltr'><strong>divino:</strong></span> <span class='ocrx_word' id='word_1_813' title='bbox 1102 5253 1292 5323; x_wconf 62' lang='lat' dir='ltr'><strong>gratia:</strong></span> <span class='ocrx_word' id='word_1_814' title='bbox 1320 5253 1615 5324; x_wconf 85' lang='lat' dir='ltr'><strong>participes</strong></span> <span class='ocrx_word' id='word_1_815' title='bbox 1654 5253 1829 5309; x_wconf 76' lang='lat' dir='ltr'><strong>effecti</strong></span> <span class='ocrx_word' id='word_1_816' title='bbox 1872 5262 2024 5319; x_wconf 91' lang='lat' dir='ltr'><strong>sunt,</strong></span> <span class='ocrx_word' id='word_1_817' title='bbox 2062 5269 2209 5321; x_wconf 86' lang='lat' dir='ltr'><strong>myr-</strong></span> 
     </span>
    </p>
   </div>
   <div class='ocr_carea' id='block_1_106' title="bbox 639 5462 765 5520">
    <p class='ocr_par' dir='ltr' id='par_1_106' title="bbox 639 5462 765 5520">
     <span class='ocr_line' id='line_1_106' title="bbox 639 5462 765 5520; baseline 0.024 -3"><span class='ocrx_word' id='word_1_818' title='bbox 639 5462 765 5520; x_wconf 70' lang='lat' dir='ltr'><strong>I03.</strong></span> 
     </span>
    </p>
   </div>
   <div class='ocr_carea' id='block_1_107' title="bbox 709 5389 2184 5461">
    <p class='ocr_par' dir='ltr' id='par_1_107' title="bbox 709 5391 2181 5458">
     <span class='ocr_line' id='line_1_107' title="bbox 709 5391 2181 5458; baseline 0.001 -12"><span class='ocrx_word' id='word_1_819' title='bbox 709 5391 757 5423; x_wconf 87' lang='grc'><strong>³²</strong></span> <span class='ocrx_word' id='word_1_820' title='bbox 793 5391 811 5446; x_wconf 85' lang='grc' dir='ltr'><strong>Ι</strong></span> <span class='ocrx_word' id='word_1_821' title='bbox 850 5392 981 5448; x_wconf 75' lang='lat' dir='ltr'><strong>Cor.</strong></span> <span class='ocrx_word' id='word_1_822' title='bbox 1016 5409 1099 5458; x_wconf 88' lang='grc' dir='ltr'><em>ιιι,</em></span> <span class='ocrx_word' id='word_1_823' title='bbox 1131 5393 1185 5449; x_wconf 83' lang='lat'><strong>9.</strong></span> <span class='ocrx_word' id='word_1_824' title='bbox 1261 5392 1306 5425; x_wconf 86' lang='grc'>³³</span> <span class='ocrx_word' id='word_1_825' title='bbox 1338 5392 1531 5448; x_wconf 84' lang='lat' dir='ltr'><strong>Matth.</strong></span> <span class='ocrx_word' id='word_1_826' title='bbox 1573 5409 1690 5457; x_wconf 86' lang='lat' dir='ltr'><strong>xm,</strong></span> <span class='ocrx_word' id='word_1_827' title='bbox 1722 5393 1776 5448; x_wconf 80' lang='grc'><em>3.</em></span> <span class='ocrx_word' id='word_1_828' title='bbox 1856 5395 1900 5435; x_wconf 61' lang='grc'><strong>³³</strong></span> <span class='ocrx_word' id='word_1_829' title='bbox 1936 5394 2077 5449; x_wconf 86' lang='lat' dir='ltr'><strong>Psal.</strong></span> <span class='ocrx_word' id='word_1_830' title='bbox 2111 5410 2181 5449; x_wconf 85' lang='lat' dir='ltr'><strong>cn</strong></span> 
     </span>
    </p>
   </div>
   <div class='ocr_carea' id='block_1_108' title="bbox 2288 5389 3376 5461">
    <p class='ocr_par' dir='ltr' id='par_1_108' title="bbox 2292 5389 3376 5455">
     <span class='ocr_line' id='line_1_108' title="bbox 2292 5389 3376 5455; baseline -0.003 -7"><span class='ocrx_word' id='word_1_831' title='bbox 2292 5396 2345 5448; x_wconf 90' lang='lat'><strong>0.</strong></span> <span class='ocrx_word' id='word_1_832' title='bbox 2424 5392 2715 5455; x_wconf 74' lang='lat'><strong>&quot;153.26,</strong></span> <span class='ocrx_word' id='word_1_833' title='bbox 2742 5392 2797 5447; x_wconf 87' lang='lat'><strong>7.</strong></span> <span class='ocrx_word' id='word_1_834' title='bbox 2875 5391 2920 5423; x_wconf 81' lang='grc'><strong>³⁸</strong></span> <span class='ocrx_word' id='word_1_835' title='bbox 2944 5389 3081 5448; x_wconf 87' lang='lat' dir='ltr'><strong>Osce</strong></span> <span class='ocrx_word' id='word_1_836' title='bbox 3137 5407 3246 5455; x_wconf 80' lang='lat' dir='ltr'><strong>xrv,</strong></span> <span class='ocrx_word' id='word_1_837' title='bbox 3284 5390 3376 5454; x_wconf 60' lang='grc' dir='ltr'><em>ω.</em></span> 
     </span>
    </p>
   </div>
   <div class='ocr_carea' id='block_1_109' title="bbox 876 5462 2886 5535">
    <p class='ocr_par' dir='ltr' id='par_1_109' title="bbox 876 5462 2886 5535">
     <span class='ocr_line' id='line_1_109' title="bbox 876 5462 2886 5535; baseline -0 -17"><span class='ocrx_word' id='word_1_838' title='bbox 876 5462 920 5496; x_wconf 75' lang='grc'>⁸⁸</span> <span class='ocrx_word' id='word_1_839' title='bbox 952 5464 1085 5521; x_wconf 86' lang='lat' dir='ltr'><strong>Luc.</strong></span> <span class='ocrx_word' id='word_1_840' title='bbox 1122 5480 1212 5532; x_wconf 82' lang='lat' dir='ltr'><strong>xv,</strong></span> <span class='ocrx_word' id='word_1_841' title='bbox 1250 5462 1302 5519; x_wconf 85' lang='lat'><strong>7.</strong></span> <span class='ocrx_word' id='word_1_842' title='bbox 1378 5465 1420 5496; x_wconf 74' lang='grc'><strong>³⁹</strong></span> <span class='ocrx_word' id='word_1_843' title='bbox 1453 5463 1615 5520; x_wconf 87' lang='lat' dir='ltr'><strong>llehr.</strong></span> <span class='ocrx_word' id='word_1_844' title='bbox 1649 5480 1687 5527; x_wconf 88' lang='grc' dir='ltr'><strong>ι,</strong></span> <span class='ocrx_word' id='word_1_845' title='bbox 1725 5464 1811 5519; x_wconf 78' lang='lat' dir='ltr'><strong>H.</strong></span> <span class='ocrx_word' id='word_1_846' title='bbox 1890 5465 1936 5498; x_wconf 74' lang='lat'><strong>‘°</strong></span> <span class='ocrx_word' id='word_1_847' title='bbox 1968 5465 2205 5535; x_wconf 88' lang='lat' dir='ltr'><strong>Philipp.</strong></span> <span class='ocrx_word' id='word_1_848' title='bbox 2248 5482 2322 5531; x_wconf 86' lang='lat' dir='ltr'><strong>tv,</strong></span> <span class='ocrx_word' id='word_1_849' title='bbox 2347 5466 2396 5519; x_wconf 80' lang='lat' dir='ltr'><strong>l.</strong></span> <span class='ocrx_word' id='word_1_850' title='bbox 2476 5464 2519 5496; x_wconf 75' lang='lat'>“</span> <span class='ocrx_word' id='word_1_851' title='bbox 2554 5463 2718 5520; x_wconf 78' lang='lat' dir='ltr'><strong>Cant.</strong></span> <span class='ocrx_word' id='word_1_852' title='bbox 2739 5479 2791 5530; x_wconf 92' lang='lat' dir='ltr'><strong>v,</strong></span> <span class='ocrx_word' id='word_1_853' title='bbox 2837 5464 2886 5517; x_wconf 77' lang='lat' dir='ltr'><strong>l.</strong></span> 
     </span>
    </p>
   </div>
   <div class='ocr_carea' id='block_1_110' title="bbox 2299 4964 3843 5048">
    <p class='ocr_par' dir='ltr' id='par_1_110' title="bbox 2299 4964 3843 5048">
     <span class='ocr_line' id='line_1_110' title="bbox 2299 4964 3843 5048; baseline -0.008 -15"><span class='ocrx_word' id='word_1_854' title='bbox 2299 4996 2412 5043; x_wconf 82' lang='grc' dir='ltr'><em>τος,</em></span> <span class='ocrx_word' id='word_1_855' title='bbox 2461 4978 2770 5048; x_wconf 81' lang='grc' dir='ltr'><em>μυρσίνην</em></span> <span class='ocrx_word' id='word_1_856' title='bbox 2808 4974 3181 5043; x_wconf 78' lang='grc' dir='ltr'><em>εὐωδεστάτην</em></span> <span class='ocrx_word' id='word_1_857' title='bbox 3222 4974 3317 5026; x_wconf 80' lang='grc' dir='ltr'><em>καὶ</em></span> <span class='ocrx_word' id='word_1_858' title='bbox 3370 4972 3469 5041; x_wconf 76' lang='grc' dir='ltr'><strong>τὴν</strong></span> <span class='ocrx_word' id='word_1_859' title='bbox 3525 4964 3843 5039; x_wconf 67' lang='grc' dir='ltr'><em>ὑψηλοτάτην,</em></span> 
     </span>
    </p>
   </div>
   <div class='ocr_carea' id='block_1_111' title="bbox 2303 5049 3844 5139">
    <p class='ocr_par' dir='ltr' id='par_1_111' title="bbox 2303 5049 3844 5139">
     <span class='ocr_line' id='line_1_111' title="bbox 2303 5049 3844 5139; baseline -0.012 -13"><span class='ocrx_word' id='word_1_860' title='bbox 2303 5072 2398 5128; x_wconf 73' lang='grc' dir='ltr'><strong>καὶ</strong></span> <span class='ocrx_word' id='word_1_861' title='bbox 2420 5055 2581 5124; x_wconf 79' lang='grc' dir='ltr'><em>πάλιν</em></span> <span class='ocrx_word' id='word_1_862' title='bbox 2617 5068 2793 5139; x_wconf 70' lang='grc' dir='ltr'><em>εὐώδη</em></span> <span class='ocrx_word' id='word_1_863' title='bbox 2827 5065 3217 5135; x_wconf 85' lang='grc' dir='ltr'><em>κυπάρισσον</em></span> <span class='ocrx_word' id='word_1_864' title='bbox 3254 5063 3679 5135; x_wconf 63' lang='grc' dir='ltr'><em>ἐκαρποφόρουν.</em></span> <span class='ocrx_word' id='word_1_865' title='bbox 3711 5057 3762 5107; x_wconf 84' lang='grc' dir='ltr'><strong>ὐ</strong></span> <span class='ocrx_word' id='word_1_866' title='bbox 3801 5049 3844 5101; x_wconf 72' lang='grc' dir='ltr'><em>δὲ</em></span> 
     </span>
    </p>
   </div>
   <div class='ocr_carea' id='block_1_112' title="bbox 2307 5144 3835 5232">
    <p class='ocr_par' dir='ltr' id='par_1_112' title="bbox 2307 5144 3835 5232">
     <span class='ocr_line' id='line_1_112' title="bbox 2307 5144 3835 5232; baseline -0.01 -16"><span class='ocrx_word' id='word_1_867' title='bbox 2307 5160 2600 5232; x_wconf 75' lang='grc' dir='ltr'><strong>Σύμμαχος</strong></span> <span class='ocrx_word' id='word_1_868' title='bbox 2632 5176 2817 5230; x_wconf 83' lang='grc' dir='ltr'><em>φησιν,</em></span> <span class='ocrx_word' id='word_1_869' title='bbox 2846 5157 2981 5212; x_wconf 79' lang='grc' dir='ltr'><em>ἀντὶ</em></span> <span class='ocrx_word' id='word_1_870' title='bbox 3001 5155 3254 5223; x_wconf 80' lang='grc' dir='ltr'><em>στοιϐης</em></span> <span class='ocrx_word' id='word_1_871' title='bbox 3277 5144 3835 5221; x_wconf 77' lang='grc' dir='ltr'><strong>ἀναϐήσεταιβράθυο</strong></span> 
     </span>
    </p>
   </div>
   <div class='ocr_carea' id='block_1_113' title="bbox 2323 5234 3837 5317">
    <p class='ocr_par' dir='ltr' id='par_1_113' title="bbox 2323 5234 3837 5317">
     <span class='ocr_line' id='line_1_113' title="bbox 2323 5234 3837 5317; baseline -0.013 -10"><span class='ocrx_word' id='word_1_872' title='bbox 2323 5253 2483 5307; x_wconf 77' lang='grc' dir='ltr'><em>Ἀντὶ</em></span> <span class='ocrx_word' id='word_1_873' title='bbox 2513 5252 2581 5305; x_wconf 86' lang='grc' dir='ltr'><em>δὲ</em></span> <span class='ocrx_word' id='word_1_874' title='bbox 2619 5250 2824 5317; x_wconf 83' lang='grc' dir='ltr'><em>κνιδὸς</em></span> <span class='ocrx_word' id='word_1_875' title='bbox 2846 5247 3212 5317; x_wconf 78' lang='grc' dir='ltr'><em>ἀναϐήσεται</em></span> <span class='ocrx_word' id='word_1_876' title='bbox 3235 5246 3519 5315; x_wconf 79' lang='grc' dir='ltr'><em>μυρσίνη,</em></span> <span class='ocrx_word' id='word_1_877' title='bbox 3567 5242 3637 5304; x_wconf 77' lang='grc' dir='ltr'><strong>ὡς</strong></span> <span class='ocrx_word' id='word_1_878' title='bbox 3658 5242 3700 5292; x_wconf 78' lang='grc' dir='ltr'>εἰ</span> <span class='ocrx_word' id='word_1_879' title='bbox 3745 5234 3837 5287; x_wconf 76' lang='grc' dir='ltr'><em>ἑλε-</em></span> 
     </span>
    </p>
   </div>
   <div class='ocr_carea' id='block_1_114' title="bbox 3463 5382 3843 5446">
    <p class='ocr_par' dir='ltr' id='par_1_114' title="bbox 3463 5382 3843 5446">
     <span class='ocr_line' id='line_1_114' title="bbox 3463 5382 3843 5446; baseline -0.055 0"><span class='ocrx_word' id='word_1_880' title='bbox 3463 5387 3504 5421; x_wconf 79' lang='lat'><strong>&quot;</strong></span> <span class='ocrx_word' id='word_1_881' title='bbox 3529 5382 3666 5446; x_wconf 78' lang='lat' dir='ltr'><strong>Psal.</strong></span> <span class='ocrx_word' id='word_1_882' title='bbox 3685 5387 3843 5437; x_wconf 70' lang='lat' dir='ltr'><strong>omn,</strong></span> 
     </span>
    </p>
   </div>
   <div class='ocr_carea' id='block_1_115' title="bbox 1995 5598 2674 5661">
    <p class='ocr_par' dir='ltr' id='par_1_115' title="bbox 1995 5598 2674 5661">
     <span class='ocr_line' id='line_1_115' title="bbox 1995 5598 2674 5661; baseline -0.001 -2"><span class='ocrx_word' id='word_1_883' title='bbox 1995 5603 2230 5661; x_wconf 66' lang='lat' dir='ltr'><strong>VARIIE</strong></span> <span class='ocrx_word' id='word_1_884' title='bbox 2272 5598 2674 5661; x_wconf 75' lang='lat' dir='ltr'><strong>LECTIONES.</strong></span> 
     </span>
    </p>
   </div>
   <div class='ocr_carea' id='block_1_116' title="bbox 717 5713 1653 5791">
    <p class='ocr_par' dir='ltr' id='par_1_116' title="bbox 717 5713 1653 5791">
     <span class='ocr_line' id='line_1_116' title="bbox 717 5713 1653 5791; baseline 0 -18"><span class='ocrx_word' id='word_1_885' title='bbox 717 5724 743 5773; x_wconf 60' lang='grc' dir='ltr'>ξ</span> <span class='ocrx_word' id='word_1_886' title='bbox 779 5719 862 5781; x_wconf 69' lang='grc' dir='ltr'><em>ἷσ.</em></span> <span class='ocrx_word' id='word_1_887' title='bbox 906 5720 1313 5791; x_wconf 72' lang='grc' dir='ltr'><em>διαχυθήσεσθε.</em></span> <span class='ocrx_word' id='word_1_888' title='bbox 1390 5730 1414 5769; x_wconf 61' lang='lat' dir='ltr'><strong>.V</strong></span> <span class='ocrx_word' id='word_1_889' title='bbox 1454 5713 1653 5791; x_wconf 57' lang='grc' dir='ltr'><strong>ηκοῖ).</strong></span> 
     </span>
    </p>
   </div>
  </div>
