3998 6390
162 292 299 357 2561

1332 289 1874 353 COMMENTARII
1915 290 1997 351 IN
2021 286 2309 350 ISAIAM.

3302 286 3447 353 2562
3482 384 3485 387 _

166 420 261 469 γεν
287 418 301 432 ο
370 399 519 453 Ἀντῖ
564 398 759 462 κακίας
805 399 1173 471 δικαιοσύνην,
1248 402 1602 473 σωφροσύνην
1644 403 1759 455 ἀντ’

1887 418 1969 455 um
1988 402 2100 470 jam
2128 397 2642 469 fragrantissimam,
2661 405 2712 452 et
2740 395 3185 468 procerissimum
3199 439 3213 464 ,
3232 414 3447 469 cupres-

164 492 476 561 άσελγείας,
518 492 613 545 καὶ
647 492 770 545 ἀντῖ¹
801 492 1043 561 θράσους
1064 493 1343 563 ἀνδρείαν,
1377 495 1640 566 φρόνησίν
1693 512 1752 546 τε

165 584 283 639 ἀντ’
306 583 642 656 ἀφροσύνης.
676 582 877 654 Εὖροις
908 582 953 635 δ’
990 583 1058 637 ἂν
1119 583 1277 638 τοῦτο
1326 585 1418 638 καὶ
1449 586 1505 638 ὲν
1543 588 1655 649 τοῖς
1702 586 1759 652 ἐξ

168 677 403 747 αἵματος
466 676 707 748 Ἰσραήλ.
764 677 978 744 ΣτοιἙή
1018 677 1128 746 γὰρ
1193 676 1347 741 ὄντες
1391 678 1487 731 καὶ
1542 674 1762 736 κόνυζά

170 783 303 819 ποτε
374 766 654 829 Ματθαῖος
710 766 809 820 κα)⁸
863 766 1098 833 Παῦλος,
1132 767 1159 817 ὁ
1227 765 1325 836 μὲν
1344 765 1656 837 τε).ὡνης,ό
1702 765 1761 819 δὲ

167 855 427 925 διώκτης,
488 855 727 927 Χριστὸν
784 854 1177 919 εύωδιάζουσιν
1202 856 1261 908 ἐν
1294 856 1459 910 παντὶ
1482 856 1654 926 τόπῳ,
1704 855 1761 907 ἔν

168 963 228 1000 τε
250 950 365 1011 τοῖς
395 946 724 1018 σωζομένοις
753 947 983 1008 καὶτοῖς
1031 947 1237 1003 ἀπολλυ
1251 948 1451 1019 μένοις.
1479 948 1591 1001 Καὶ
1635 947 1762 1001 ἄλλο

169 1038 226 1095 δέ
256 1056 313 1091 τι
354 1039 661 1110 θαυμάσιον
693 1038 1091 1108 ἐπαγγέλλεται
1140 1041 1255 1101 τοῖς
1304 1040 1395 1092 ἐπὶ
1431 1039 1524 1093 τὸν
1557 1038 1762 1109 Κύριον

172 1130 576 1201 ἐπιστρέψασιν
623 1128 852 1183 ἔθνεσιν.
910 1130 1122 1183 Ἔσται
1179 1131 1308 1201 γὰρ,
1365 1131 1519 1202 φησὶ,
1549 1132 1762 1197 Κύριος

170 1220 381 1287 αὐτοῖς
406 1223 493 1284 εὶς
530 1220 718 1288 ὄνομα
751 1220 850 1273 καὶ
878 1222 966 1286 εις
1003 1220 1259 1290 σημεῖον
1321 1220 1582 1275 αἰώνιον.
1621 1224 1763 1275 Παν-

110 1344 119 1353 ι
168 1309 344 1378 ταχοῦ
399 1310 507 1379 γὰρ
558 1308 705 1362 ἔστιν
766 1308 894 1361 ἰδεῖν
937 1308 1048 1362 ἀπὸ
1101 1308 1338 1379 Χριστοῦ
1385 1309 1757 1380 καλουμένους

170 1397 560 1467 Χριστιανούς.
613 1399 724 1451 Καὶ
751 1396 1009 1466 σημεῖον
1055 1398 1327 1469 σωτηρίας
1368 1400 1765 1468 ἐπιγράφονται

177 1492 469 1560 τοῦνομα,
506 1491 646 1559 ὅπερ
682 1491 796 1544 οὐκ
822 1491 1096 1559 ἐκλείψει
1149 1491 1303 1545 ποτέ.
1348 1491 1765 1562 Ἀμεταμέλητα

172 1581 288 1652 γὰρ
321 1581 389 1633 τὰ
416 1580 734 1651 χαρίσματα
755 1579 849 1633 τοῦ
874 1579 1033 1635 Θεοῦ.
1078 1580 1235 1644 Τινὲς
1262 1581 1322 1634 δὲ
1376 1581 1652 1651 σημεῖον,
1676 1583 1767 1637 τὸν

171 1672 241 1726 δι’
274 1665 339 1725 οὗ
370 1670 695 1742 σεσώσμεθα
720 1670 954 1743 σταυρὸν
974 1671 1230 1743 εἰρήκασι
1259 1686 1275 1702 ο
1332 1670 1432 1742 τὴν
1482 1671 1540 1724 δὲ
1586 1673 1767 1727 πᾶσαν

1862 508 1979 545 sum
2012 489 2493 567 prmtereaodoris
2524 488 2743 558 Optimi,
2784 489 3099 546 ediderunt.
3134 490 3226 545 Sic
3260 500 3445 545 autem

1865 583 2260 653 interpretatur
2292 580 2658 652 Symmachus
2695 600 2710 636 :
2747 581 2857 635 Pro
2891 582 3056 636 stwba
3092 584 3338 637 ascendet
3361 602 3451 637 δα·
3502 574 3505 579 λ

1863 673 2006 740 bina,
2039 689 2133 742 pro
2174 675 2350 727 urtica
2379 684 2553 727 autem
2583 674 2828 730 ascendet
2866 684 3095 746 myrtus.
3131 679 3208 731 Ac
3253 680 3297 732 si
3333 677 3452 732 fore

1866 766 2099 821 dixisset
2136 782 2233 837 pro
2259 766 2831 836 malitia,justitiam;
2871 783 2971 837 pro
3017 769 3273 832 lascivia,
3312 772 3452 822 terit-

1864 861 2203 930 perantiam;
2242 875 2341 929 pro
2370 859 3030 926 audacia,fortitudinem;
3066 876 3166 931 pro
3195 860 3451 923 stultitia,

1865 951 2244 1021 prudentiam.
2307 949 2561 1005 Invenias
2624 965 2759 1006 vero
2811 958 2863 1003 et
2900 949 3045 1005 istud
3107 951 3160 1004 in
3196 951 3290 1016 iis,
3356 951 3448 1019 qui

1864 1048 1997 1095 sunt
2030 1057 2095 1096 ex
2133 1039 2509 1095 lsraelitarunt
2543 1039 2738 1109 stirpe.
2774 1038 2955 1095 Stmba
2986 1040 3132 1094 enim
3171 1040 3449 1108 quondam

1865 1138 1920 1186 et
1949 1146 2156 1200 couyza
2213 1144 2338 1183 eum
2404 1136 2592 1184 essent
2635 1128 2922 1184 Matthaaus
2972 1139 3027 1183 et
3059 1129 3299 1194 Paulus,
3358 1131 3452 1184 ille

1864 1222 2083 1291 quidem
2116 1222 2467 1292 publicanus,
2493 1222 2582 1276 hic
2618 1229 2799 1275 autem
2853 1229 3213 1291 persecutor;
3261 1219 3454 1275 Chris-

1868 1326 1979 1367 tum
2003 1322 2184 1366 tamen
2218 1312 2439 1382 ubique,
2464 1312 2605 1380 apud
2634 1327 2730 1367 eos
2757 1313 2871 1367 sive
2894 1313 2985 1382 qui
3012 1313 3311 1379 salvantur,
3339 1313 3455 1367 sive

1865 1402 2022 1473 apud
2085 1417 2184 1457 eos
2283 1403 2377 1473 qui
2431 1410 2681 1471 pereunt,
2745 1401 2884 1456 bene
2944 1403 3112 1457 'olere
3164 1408 3452 1457 curarunt.

1870 1493 2122 1548 Mirabile
2150 1507 2281 1547 vero
2299 1493 2558 1563 quiddam
2587 1503 2640 1545 et
2665 1492 2813 1546 aliud
2848 1492 2913 1546 iis
2937 1493 3246 1562 pollicetur,
3274 1494 3365 1563 qui
3390 1492 3455 1546 de

1870 1586 2127 1656 gentibus
2157 1586 2225 1639 ad
2258 1583 2554 1639 Dominum
2579 1581 2703 1638 Sese
2735 1583 3112 1648 contulerunt,
3138 1598 3262 1637 cum
3291 1582 3365 1636 eis
3400 1584 3454 1636 in

1871 1693 2058 1732 nomen
2081 1685 2130 1729 et
2155 1676 2364 1746 signum
2387 1677 2764 1744 sempiternum
2792 1674 2904 1737 fore
2943 1673 3223 1727 Dominum
3256 1673 3455 1742 adjun-

173 1764 340 1835 ῥῆσιν
365 1762 538 1827 οὕτως
567 1763 913 1835 έρμήνευσαν
938 1763 1137 1835 ἕτερον
1177 1762 1313 1815 Θεοῦ
1343 1761 1538 1816 σώσειν
1561 1764 1755 1827 αὐτοὺς

1878 1770 1958 1839 git.
2000 1766 2215 1838 Ubique
2240 1768 2385 1822 enim
2414 1766 2760 1821 Christianos
2796 1782 2825 1819 a
2857 1765 3079 1820 Christo
3104 1771 3455 1834 nuncupatos

170 1853 650 1924 ἐπαγγειλαμένου
672 1851 1085 1922 μετανοοῦντας,
1110 1851 1205 1904 καὶ
1226 1850 1353 1914 τοὺς
1380 1851 1612 1921 ἐχθροὺς
1634 1852 1765 1905 ύπο-

169 1945 362 2009 τάξειν
396 1945 605 2009 αὐτοῖς,
655 1947 749 1997 καὶ
780 1943 875 1996 τοῦ
905 1945 1186 2014 προφήτου
1240 1942 1378 2013 πρὸς
1432 1942 1617 1996 πίστιν
1662 1946 1761 1997 αὐ-

171 2038 307 2101 τοὺς
335 2037 701 2107 διεγείραντος
724 2037 1179 2108 (κληρονομήσειν
1216 2035 1327 2104 γὰρ
1363 2034 1562 2100 αὐτοὺς
1587 2053 1762 2107 σωτη-

1868 1858 2070 1921 rideas,
2102 1867 2155 1913 et
2181 1859 2390 1927 signum
2446 1857 2643 1912 salutis
2703 1856 2807 1909 hoc
2870 1856 3174 1910 inscribere
3221 1855 3453 1919 nomine,

1859 1953 2002 2023 quod
2025 1952 2189 2023 632
2223 1968 2323 2005 non
2352 1961 2428 2005 est
2460 1965 2700 2020 unquam
2728 1950 3078 2018 deiecturum;
3096 1964 3217 2002 cum
3243 1948 3453 2002 nullum

1872 2039 2219 2104 beneﬁcium,
2252 2039 2570 2107 nullamque
2599 2037 2834 2108 gratiam
2869 2036 3014 2092 Deus
3064 2036 3314 2091 conferre
3360 2051 3453 2091 so-

177 2129 328 2199 ρίαν)
360 2129 466 2182 τῶν
494 2128 805 2181 ἀκουόντων
829 2128 1161 2200 κινηθέντων
1181 2128 1318 2199 πρὸς
1351 2127 1537 2194 πόθον,
1558 2128 1761 2181 ἐθέλειν

1879 2136 1991 2196 eat,
2019 2129 2178 2199 cujus
2203 2144 2329 2184 eum
2357 2138 2545 2199 postea
2582 2128 2865 2197 pmniteat.
2896 2125 3225 2181 Nondesunt
3250 2133 3455 2187 tamen,

172 2238 238 2273 τε
270 2220 512 2290 σωθῆναι
536 2219 826 2288 λεγόντων,
849 2220 987 2291 πρὸς
1011 2221 1112 2284 τὰς
1153 2218 1358 2282 ἑννοίας
1378 2219 1561 2273 αὐτῶν
1583 2222 1610 2274 ὁ
1628 2238 1762 2291 προ-

177 2314 361 2384 φήτης
383 2312 457 2377 ὡς
485 2310 790 2381 διψῶντας
829 2312 1222 2384 προτρέπεται.

1869 2219 1964 2290 qui
1984 2221 2124 2291 signi
2171 2220 2553 2290 appellatione,
2580 2233 2801 2273 crucem
2832 2234 2976 2281 eam,
3019 2232 3116 2288 per
3148 2232 3311 2287 quam
3364 2230 3453 2270 sa-

1874 2316 2044 2369 lutem
2093 2323 2285 2368 sumus
2335 2312 2536 2383 adepti,
2582 2319 2777 2382 putent
2833 2309 3153 2379 signiﬁcari.
3190 2309 3297 2362 Alii
3328 2322 3460 2362 vero

177 2407 291 2461 hoc
328 2414 503 2460 totum
535 2421 601 2461 eo
636 2404 906 2471 referunt,
946 2414 1007 2460 ut
1039 2408 1227 2475 velint,
1259 2407 1428 2464 Deum
1482 2408 1660 2479 ipsum
1706 2408 1798 2463 ubi
1839 2424 1958 2474 eos,
2026 2411 2120 2479 qui
2170 2406 2557 2477 resipuissent,
2587 2413 2932 2460 servaturum
2968 2419 3048 2466 se,
3080 2411 3133 2456 et
3168 2401 3304 2471 ipsis
3355 2400 3463 2453 ini-

178 2502 357 2559 micos
378 2501 752 2571 subjecturum
780 2501 1175 2570 denuntiasset,
1197 2518 1338 2576 quos
1365 2504 1431 2559 ad
1458 2504 1617 2557 ﬁdem
1689 2505 1953 2573 pmpheta
2018 2503 2281 2558 excitavit
2327 2501 2580 2573 (salutem
2648 2499 2795 2555 enim
2842 2512 3199 2569 possessuros
3275 2494 3462 2564 dixit),

180 2592 532 2649 auditoribus
587 2593 665 2649 rei
717 2592 991 2649 desiderio
1037 2597 1307 2660 accensis,
1361 2603 1417 2651 et
1457 2594 1656 2649 salvari
1696 2609 1757 2648 se
1829 2610 2030 2664 cupere
2078 2593 2486 2665 proﬁtentibus,
2536 2592 2604 2647 ad
2653 2606 2717 2647 ea
2756 2590 2869 2661 jam
2900 2590 3084 2643 animo
3145 2588 3437 2660 cogitanda

184 2689 632 2759 meditandaque,
689 2689 858 2744 veluti
910 2692 1145 2746 sitientes
1179 2731 1195 2756 ,
1261 2690 1410 2760 ipsos
1468 2689 1772 2743 adhortari.

258 2780 415 2844 Τινὲς
447 2781 525 2843 δὲ,
552 2781 735 2851 φασιν,
760 2782 847 2835 διὰ
867 2782 1025 2836 τοῦτο
1049 2785 1126 2845 είς
1144 2781 1353 2835 ἔνδειαν
1381 2782 1629 2853 ήχθησαν
1654 2780 1770 2835 τῶν

184 2870 462 2940 ἀγαθῶν,
517 2871 605 2924 ἴνα
671 2871 825 2942 πόθῳ
866 2873 1001 2940 πρὸς
1072 2873 1212 2925 αύτά
1279 2889 1410 2925 ποτε
1473 2871 1771 2924 σπεύσωσι.

200 2964 286 3026 Ὧς
332 2964 428 3017 οὖν
482 2967 538 3017 οὶ
590 2963 884 3032 διψῶντες
940 2965 1197 3036 προσίασι
1245 2966 1367 3027 ταῖς
1398 2966 1622 3035 πηγαῖς,
1684 2962 1765 3016 οῦι

188 3073 265 3109 τω
320 3057 416 3109 καλ⁵
469 3057 627 3127 ὑμεῖς
643 3055 722 3127 τῷ
751 3054 889 3126 Θεῷ,
922 3057 1041 3110 ἀντὶ
1072 3056 1273 3118 παντὸς
1310 3055 1598 3124 ἀργυρίου
1652 3071 1776 3107 συν-

190 3152 445 3222 αἰσθησιν
501 3151 611 3204 τῶν
656 3152 1064 3222 ἡμαρτημένων
1117 3149 1397 3214 λαϐόντες.
1450 3150 1563 3203 Οὐκ
1585 3149 1769 3218 ὠνητὰ
1797 3193 1842 3255 C

191 3243 300 3314 γὰρ
340 3242 409 3296 τά
463 3241 617 3312 παρὰ
659 3242 817 3306 Θεοῦ,
852 3242 972 3295 οὐδὲ
1022 3240 1179 3312 χρεία
1221 3240 1359 3311 πρὸς
1413 3240 1511 3310 μὲν
1537 3239 1772 3310 σπονδὴν

193 3335 385 3395 οἴνου,
439 3335 575 3405 πρὸς
601 3334 657 3386 δὲ
699 3344 721 3370 ι
752 3333 941 3387 θυσίαν
966 3331 1238 3398 στέατος,
1293 3332 1436 3401 άπερ
1478 3330 1775 3401 ὠνούμενοι

194 3426 345 3479 οὐδὲν
400 3425 746 3498 ἀποφέρεσθε
802 3425 965 3479 πλέον
1026 3426 1105 3488 εἰς
1128 3424 1337 3495 ὄνησιν,
1383 3424 1418 3495 ἢ
1458 3422 1629 3478 κόπον
1679 3419 1777 3475 καὶ

200 3518 422 3589 μόχθον,
454 3517 530 3590 μὴ
560 3518 729 3572 όντων
756 3517 957 3571 ίκανῶν
983 3517 1425 3588 δυσωπημάτων.
1471 3517 1527 3569 Ἀ
1539 3516 1644 3587 ργὰ
1666 3516 1777 3587 γὰρ

198 3609 368 3663 ταῦτα
385 3609 520 3680 πρὸς
533 3608 809 3680 ἁμαρτίας
831 3607 1127 3676 ἐξάλειψιν,
1145 3609 1213 3680 ἣν
1235 3607 1497 3679 μετάνοια
1518 3609 1663 3661 ποιεῖ
1680 3607 1776 3660 καὶ

202 3702 379 3764 πίστις
395 3703 430 3771 ή
447 3704 525 3764 εἰς
537 3700 690 3754 Θεόν.
712 3700 852 3770 Πρὸς
882 3699 1121 3769 ἀγαθῶν
1143 3700 1199 3752 δὲ
1217 3700 1447 3771 δωρεὰν,
1471 3699 1779 3769 ἀκροατὴν

200 3794 298 3847 οὐκ
313 3792 635 3862 εὐγνώμονα
655 3791 814 3861 μόνον
836 3791 1009 3860 ζητεῖ,
1030 3791 1165 3844 ἀλλὰ
1181 3793 1275 3844 καὶ
1298 3792 1548 3845 συνιέντα
1561 3832 1575 3856 ,
1593 3792 1685 3844 καὶ
1702 3790 1778 3862 τῷ

203 3883 454 3938 καλοῦντι
505 3882 930 3953 προστρέχοντα.
992 3881 1296 3952 Προσέχετε
1328 3882 1410 3946 δὲ,
1453 3883 1610 3953 φησὶ,
1665 3884 1779 3945 τοῖς

200 3975 352 4029 ὠσίν·
386 3974 480 4028 καὶ
508 3975 556 4026 εί
590 3973 689 4043 μὲν
722 3974 1034 4043 σωματικὸν
1061 3973 1454 4044 ἀκατάλληλον.
1524 3976 1780 4043 Ὀφθαλ-

197 4066 325 4135 μῶν
345 4066 457 4138 γὰρ
517 4066 584 4118 τὸ
611 4064 956 4133 προσέχειν.
990 4066 1053 4119 Ei
1078 4066 1135 4119 δὲ
1192 4068 1334 4120 κατὰ
1388 4066 1588 4137 ψυχὴν,
1640 4066 1773 4119 ἀκό-

202 4154 412 4209 λουθον.
442 4154 620 4224 Ἀπλῆ
654 4155 762 4225 γὰρ
785 4154 922 4208 οὖσα
951 4158 1044 4209 καὶ
1071 4155 1370 4226 μονοειδὴς,
1405 4158 1462 4209 ἐν
1492 4158 1593 4227 μιᾷ
1617 4155 1778 4210 δυνά-

205 4264 293 4317 μει
322 4244 424 4309 τὰς
457 4244 604 4297 ἔνδον
627 4244 913 4317 αἰσθήσεις
944 4247 1229 4317 ἐκτήσατο.
1247 4247 1549 4317 Τοιγαροῦν
1577 4246 1783 4317 ὀφθαλ-

203 4340 325 4409 μοῖς
365 4336 574 4392 ἀκούει
605 4338 634 4390 ό
662 4338 987 4408 γράμμασιν
1032 4340 1395 4410 ἐντυγχάνων,
1448 4342 1545 4393 καὶ
1582 4339 1783 4394 δακτύ-

202 4425 316 4491 λοις
370 4426 681 4496 διαλέγεται
720 4428 995 4491 ότούτοις
1058 4432 1307 4502 γράφων.
1345 4430 1477 4484 Εἶτα
1506 4433 1782 4505 μέμνηται

1949 2776 2090 2832 Sunt
2123 2789 2251 2829 vero
2295 2772 2488 2842 aliqui,
2536 2770 2714 2833 aiunt,
2774 2771 2826 2823 in
2870 2768 3121 2821 bonorum
3174 2767 3460 2837 penuriam

1877 2871 2003 2925 ideo
2036 2865 2282 2930 adducti,
2328 2873 2391 2918 ut
2447 2878 2510 2917 ea
2552 2861 2780 2933 posthac
2838 2859 3228 2915 vehementiori
3281 2858 3465 2913 studio

1878 2959 2245 3031 requirerent.
2278 2955 2398 3022 Quo
2422 2952 2584 3008 modo
2615 2953 2783 3023 igitur
2807 2952 2899 3022 qui
2936 2952 3149 3016 sitiunt,
3188 2952 3255 3003 ad
3287 2949 3465 3005 fontes

1877 3050 2187 3114 accedunt,
2222 3048 2302 3103 sic
2364 3054 2418 3102 et
2447 3061 2547 3101 vos
2590 3046 2657 3099 ad
2709 3046 2878 3098 Deum
2933 3044 3089 3098 decet
3143 3057 3462 3113 properare,

1877 3158 2067 3200 eorum
2117 3156 2240 3212 qua:
2295 3138 2568 3210 peccastis
2626 3136 3049 3199 recordatione,
3113 3150 3213 3205 pro
3267 3134 3462 3203 quovis

1877 3242 2116 3305 argento,
2146 3231 2411 3285 munitos.
2444 3226 2565 3283 Non
2597 3228 2743 3281 enim
2775 3235 2905 3282 sunt
2937 3226 3174 3289 venalia,
3215 3240 3336 3294 qua:
3368 3225 3462 3278 Dei

1876 3333 2041 3381 sunt:
2072 3337 2253 3392 neque
2278 3321 2396 3375 vino
2427 3317 2496 3374 ad
2555 3317 2876 3372 libationem
2935 3330 3076 3385 opus
3114 3324 3219 3378 est,
3264 3321 3357 3367 aut
3393 3312 3463 3365 ad

1879 3414 2211 3473 sacriﬁcium
2241 3411 2432 3479 adipe:
2457 3425 2525 3465 ex
2556 3424 2792 3481 quorum
2836 3407 3117 3477 emptione
3152 3406 3276 3475 plus
3312 3404 3467 3458 labo-

1879 3508 1956 3562 ris
1982 3514 2036 3560 et
2062 3502 2350 3567 molestia,
2375 3514 2539 3571 quam
2580 3498 2839 3552 utilitatis
2881 3496 3167 3566 percipitis
3198 3534 3214 3560 ,
3244 3509 3368 3548 cum
3398 3492 3466 3547 ad

1877 3591 2241 3665 placationem
2302 3602 2412 3643 non
2477 3586 2769 3642 suﬁiieant.
2843 3582 2986 3638 Sunt
3032 3584 3176 3637 enim
3230 3584 3334 3637 ista
3395 3581 3463 3635 ad

1878 3684 2139 3740 eluendas
2172 3686 2526 3751 peccatorum
2582 3677 2777 3732 sordes
2812 3675 3037 3745 inepta;
3095 3674 3241 3743 quod
3289 3675 3465 3742 ι)ωηὶ-

1881 3778 2049 3832 tentia
2070 3782 2124 3829 et
2160 3773 2262 3827 ﬁde
2315 3771 2373 3825 in
2409 3769 2579 3824 Deum
2612 3766 2866 3821 etﬁcitur.
2918 3762 3169 3821 Postulat
3232 3778 3364 3819 vero
3397 3762 3466 3816 ad

1882 3869 2136 3923 bonorum
2195 3863 2570 3934 largitionem,
2633 3859 2937 3913 auditorem
2970 3872 3078 3911 non
3134 3855 3466 3912 benevolum

1883 3973 2118 4025 tantum,
2157 3958 2251 4014 sed
2277 3950 3237 4025 intelligentemetiam.vocantique
3272 3964 3470 4004 accur-

1883 4061 2113 4105 rentem.
2143 4045 2298 4113 Quod
2331 4042 2529 4099 deinde
2563 4041 2832 4096 attendere
2862 4039 3087 4093 auribus
3114 4037 3286 4108 jussit
3322 4037 3369 4093 si
3401 4036 3469 4089 ad

1883 4155 2085 4211 corpus
2113 4137 2343 4203 referas,
2375 4144 2503 4205 apte
2531 4133 2711 4187 minus
2737 4139 3062 4199 usurpatum
3101 4128 3334 4182 videtur.
3371 4125 3467 4181 Est

1883 4234 2027 4289 enim
2100 4227 2367 4283 attendere
2421 4224 2634 4297 (Graece
2667 4222 2980 4294 προσέχειν)
3025 4220 3323 4273 oculorum.
3368 4217 3465 4271 Sin

1885 4332 2065 4397 autem
2085 4323 2154 4377 ad
2186 4322 2458 4384 animum,
2494 4318 2889 4374 convenienter
2922 4323 2976 4371 et
3005 4313 3313 4369 commode.
3367 4310 3467 4366 Hic

1885 4430 2055 4495 enim,
2092 4445 2217 4484 cum
2248 4428 2478 4498 simplex
2516 4427 2610 4493 sit,
2642 4434 2696 4481 et
2727 4423 2943 4495 generis
2978 4423 3162 4491 unius,
3217 4422 3270 4475 in
3301 4422 3464 4476 unica

202 4519 297 4572 τοῦ
357 4517 545 4583 Δαϐὶδ,
584 4520 678 4573 καὶ
728 4520 827 4591 τῆς
882 4521 1021 4593 πρὸς
1072 4524 1277 4577 ἐκεῖνον
1322 4525 1581 4594 σχέσεως,
1620 4524 1687 4577 δι’
1720 4524 1773 4594 ἢκ

1894 4530 2151 4586 facultate
2182 4543 2380 4584 sensus
2437 4525 2732 4581 interiores
2761 4526 2989 4580 sortitus
3039 4529 3144 4577 est.
3177 4522 3367 4589 Itaque
3410 4529 3466 4576 et

204 4613 355 4683 αὐτῷ
385 4614 567 4665 πᾶσαν
597 4614 830 4683 παρεῖχε
866 4612 1058 4685 ῥοπὴν,
1081 4609 1150 4686 ἦς
1194 4615 1479 4678 τεύξεσθαι
1526 4615 1622 4668 ml.
1654 4614 1780 4668 τού-

202 4722 328 4767 τους
354 4706 546 4774 φησὶν,
595 4705 753 4775 εῐπερ
785 4704 1005 4758 ἀκούειν
1051 4706 1307 4760 ἐθέλοιεν.
1345 4706 1502 4759 Οὕτω
1556 4707 1663 4777 γὰρ
1690 4707 1788 4778 ζή-

208 4814 417 4863 σονται,
458 4798 517 4849 ού
553 4797 654 4868 τὴν
676 4796 961 4867 παροῦσαν
997 4797 1156 4866 μόνον
1185 4797 1349 4869 ζωὴν,
1383 4798 1520 4851 ἀλλὰ
1564 4799 1661 4852 καὶ
1691 4799 1789 4869 τὴν

210 4889 482 4959 μένουσαν
514 4900 565 4928 ι·
593 4888 656 4942 οὗ
690 4888 849 4959 μόνον
875 4886 933 4941 δὲ
954 4888 1110 4959 ὑμεῖς
1158 4888 1445 4959 ζηλοῦντες
1488 4891 1581 4944 τὸν
1622 4891 1788 4944 αὑτοῦ

206 4980 411 5051 τρόπον
472 4981 568 5033 καὶ
626 4980 727 5049 τὴν
782 4979 1095 5049 μετάνοιαν,
1132 4980 1242 5034 τῶν
1306 4982 1488 5035 αὐτῶν
1509 4980 1787 5049 τεύξεσθε,

210 5072 344 5127 ἀλλὰ
368 5074 465 5125 καὶ
495 5073 552 5123 ὲν
586 5071 747 5124 παντὶ
770 5070 913 5124 ἔθνει
940 5071 1127 5135 δεκτὸς
1150 5074 1178 5126 ό
1228 5071 1336 5137 ζῶν
1373 5074 1575 5144 ὁμοίως
1616 5074 1785 5145 αὐτῷ.

212 5164 419 5217 Οίκειοί
448 5162 556 5231 γὰρ
583 5162 643 5212 ού
667 5160 844 5229 γένος,
872 5161 1007 5215 ἀλλὰ
1032 5162 1226 5234 καρδία
1253 5164 1345 5216 καὶ
1381 5163 1513 5233 βίος.

1892 4621 2068 4677 oculis
2089 4618 2263 4685 audit,
2301 4618 2405 4689 iqui
2445 4616 2650 4686 scripta
2696 4615 2849 4684 legit,
2881 4622 2937 4668 et
2990 4613 3234 4682 loquitur
3277 4612 3466 4681 digitis

1892 4712 1983 4783 qui
2014 4712 2123 4765 illis
2157 4710 2292 4780 ipsis
2342 4708 2555 4763 scribit.
2591 4705 2796 4774 Adjicit
2852 4716 3115 4774 przeterea
3164 4702 3233 4756 de
3266 4701 3473 4755 Davide

1894 4803 2252 4865 mentionem,
2289 4814 2454 4869 quam
2479 4811 2608 4866 erga
2640 4795 2793 4848 illum
2812 4795 2949 4849 bene
2974 4792 3250 4857 animatus
3283 4790 3470 4853 fuerit,

1894 4895 2039 4951 unde
2061 4909 2090 4947 a
2115 4909 2175 4949 se
2212 4892 2349 4947 nihil
2382 4905 2491 4944 non
2524 4887 2717 4943 auxilii
2748 4886 3015 4949 senserit;
3037 4884 3224 4955 qualia
3262 4893 3315 4937 et
3352 4883 3476 4936 istis

1893 4985 2085 5049 etiam,
2112 4983 2156 5037 si
2186 4982 2380 5035 audire
2409 4979 2709 5039 voluerint,
2746 4992 2851 5030 non
2887 4975 3144 5031 defutura
3174 4972 3468 5042 signiﬁcat.

1897 5073 1977 5128 Ita
2001 5072 2146 5127 enim
2171 5072 2280 5125 vita
2306 5086 2411 5123 non
2438 5068 2695 5140 praesenti
2732 5068 2932 5131 solum,
2969 5066 3064 5121 sed
3101 5063 3285 5118 futura
3307 5063 3474 5115 etiam

1898 5180 2021 5221 esse
2044 5164 2340 5235 petituros.
2404 5160 2738 5232 Nequevero
2797 5174 2860 5214 ea
2907 5160 3023 5228 ipsa
3078 5172 3173 5211 vos
3238 5163 3476 5217 tantum,

214 5259 415 5331 inquit,
440 5262 534 5331 qui
568 5273 748 5314 mores
780 5243 928 5314 illius
956 5267 1011 5315 et
1034 5260 1413 5331 paenitentiam
1440 5260 1802 5325 annulamini,
1842 5261 2084 5315 habituri
2114 5260 2283 5314 estis:
2306 5258 2409 5313 sed
2457 5258 2515 5311 in
2544 5278 2549 5283 ’
2591 5266 2748 5327 gente
2795 5252 3035 5324 qualibet
3063 5250 3227 5306 etiam
3308 5248 3476 5303 fuerit

217 5350 307 5406 ille
333 5352 470 5406 mihi
494 5360 685 5422 gratus
710 5357 765 5404 et
798 5356 1077 5419 acceptus,
1125 5350 1288 5423 633
1322 5352 1413 5422 qui
1491 5352 1658 5407 vitam
1745 5353 1865 5423 ejus
1905 5352 2233 5407 imitabitur;
2290 5349 2560 5407 Conciliat
2610 5348 2755 5405 enim
2797 5344 3092 5400 amicitiam
3142 5357 3252 5396 non
3301 5355 3478 5412 genus

218 5449 419 5518 ipsum,
449 5446 549 5503 sed
583 5445 800 5502 animus
833 5453 888 5502 et
920 5446 1049 5500 vita.

1417 5625 1650 5684 VARIZE
1699 5622 2109 5683 LECTIONES.

290 5728 315 5757 ³
345 5739 439 5791 π).
480 5721 604 5777 οὐδὲ
643 5720 800 5793 πρός.
879 5730 903 5760 ο
934 5718 1021 5773 τον.
1052 5714 1381 5789 μέλλουσαν.
