3998 6390
188 277 335 343 2563

1369 267 1909 351 COMMENTARII
1942 286 2022 347 IN
2066 288 2352 350 ISAIAM.

3292 284 3435 350 2566

192 389 366 451 τείαν,
387 386 479 440 ἐπὶ
509 387 570 442 τὸ
601 388 710 443 τῶν
743 391 1013 447 Ἰουδαίων
1044 393 1230 466 τάγμα
1276 396 1476 467 μετέϐη
1507 395 1616 448 τῶν
1650 395 1770 447 τότε

1884 393 1942 447 ad
1972 392 2189 450 Iudaeos
2216 396 2326 464 jam
2375 394 2571 451 transit
2597 395 2807 460 oratio;
2860 398 2953 465 qui
2986 397 3261 467 propheta:
3292 394 3454 452 tem?

188 477 271 548 τῷ
318 479 574 549 προφήτῃ
627 481 916 548 συνόντων,
959 483 1155 547 οἵτινες
1199 485 1457 555 ἐφρόνουν
1481 484 1567 537 ἐπ’
1607 484 1766 552 εύγεσ

190 569 338 637 νεία,
360 570 454 621 καὶ
475 568 553 631 τῷ
577 570 869 638 φυλάττειν
891 573 958 627 τὰ
984 574 1260 637 Σάϐϐατα,
1283 576 1458 628 καὶτὸ
1478 574 1769 643 πολύγονον

188 658 478 722 ιύσεὸεέας
522 660 771 730 ἐνόμιζον
809 664 998 734 γέρας,
1032 664 1108 728 ὡς
1155 666 1481 719 ἀναπίπτειν
1522 664 1769 718 ἐντεῦθεν

191 753 323 814 τοὺς
351 754 774 819 προσηλύτους
812 756 910 807 καὶ
939 754 1079 820 τοὺς
1115 757 1450 825 εὐνούχους
1470 773 1484 786 ·
1517 757 1643 818 τοὺς
1674 757 1770 825 μὲν

190 838 269 902 ὡς
305 839 607 906 εὐγενείας,
638 842 765 903 τοὺς
795 841 850 894 δὲ
884 842 959 906 ὡς
987 843 1191 895 παίδων
1234 845 1648 914 ἐστερημένους.
1681 844 1772 895 Διὸ

190 927 441 981 δείκνυσι
478 929 610 992 Θεὸς
654 931 713 982 ἐν
735 932 958 1001 τρόποις
988 927 1129 985 εἶναι
1160 932 1257 986 καὶ
1299 936 1420 994 ταῖς
1458 933 1678 1001 ἀρεταῖς
1712 930 1772 982 τὸ

194 1020 493 1088 μακάριον.
548 1019 609 1071 ὐ
660 1019 770 1088 γὰρ
823 1020 1186 1092 ἐστερημένος
1242 1020 1633 1087 δικαιοσύνης
1676 1019 1774 1073 καὶ

192 1110 477 1176 κρίσεως,
504 1110 605 1163 κάν
636 1126 687 1163 τι
713 1109 822 1162 τῶν
853 1111 1159 1181 εἰρημένων
1182 1111 1300 1182 ἔχῃ,
1326 1111 1445 1164 λίαν
1474 1112 1621 1163 ἐστὶν
1647 1110 1772 1162 ἀνό-

192 1217 377 1269 νητος.
421 1200 583 1252 Ὅθεν
615 1202 786 1270 φησί·
820 1203 1005 1269 Πάσης
1044 1201 1269 1272 ἀκρίτου
1298 1201 1581 1255 παύσασθε
1633 1198 1775 1267 γνώ-

198 1306 331 1359 μης,
379 1290 704 1359 κεκριμένῳ
755 1290 1001 1361 λογισμῷ
1066 1292 1341 1361 μετιόντες
1388 1292 1453 1345 τὸ
1502 1292 1772 1343 δίκαιον

196 1381 390 1450 ἤγουν,
424 1381 505 1433 Τὰ
529 1381 665 1451 ὀρθὰ
700 1381 998 1449 φυλάττετε
1029 1382 1305 1451 κρίματα,
1338 1382 1371 1453 ἢ
1402 1382 1471 1435 τά
1510 1380 1628 1434 θεῖα
1657 1380 1779 1453 κρί·

200 1488 370 1540 ματα,
398 1471 679 1541 δηλονότι
709 1473 809 1535 τὰς
867 1472 1107 1536 ἐντολάς.
1142 1475 1235 1527 Δεῖ
1286 1474 1342 1527 δὲ
1386 1475 1481 1527 καὶ
1533 1474 1778 1545 λογισμῷ

198 1558 511 1625 φυλάττειν,
542 1560 635 1611 καὶ
666 1558 815 1630 ἔργῳ
846 1564 1045 1631 ποιεῖν.
1071 1562 1161 1613 Διό
1215 1578 1348 1631 φησι
1371 1578 1386 1592 ο
1421 1561 1523 1616 καὶ
1558 1561 1779 1614 ποιεῖτε

1870 481 2097 548 poribus
2129 482 2398 544 viventes.
2442 482 2658 553 generis
2720 483 3005 539 nobilitate
3056 485 3434 554 superbibant,

1872 568 2151 637 prolisque
2177 567 2564 623 fecunditatem
2608 570 2827 639 pietatis
2858 585 2978 626 esse
3006 571 3287 640 praemium
3318 573 3431 626 esi-

1870 658 2206 713 Stimabant:
2239 659 2383 712 unde
2411 660 2503 729 qui
2544 659 2846 731 alienigena
2892 662 3215 732 cunae/iique
3260 672 3436 728 erant,

1871 746 2072 801 animis
2099 745 2463 800 concidebant
2496 763 2509 799 :
2543 746 2598 801 hi
2630 747 2848 816 quidem
2870 787 2885 811 ,
2924 758 3180 815 tanquam
3226 748 3438 819 ignobi-

1872 837 1986 904 les;
2024 838 2098 891 illi
2136 846 2341 900 autem,
2382 847 2441 891 ut
2488 838 2786 899 infecundi.
2835 840 3132 909 liberisque
3162 849 3432 897 carentes.

1873 926 1991 990 Quo
2023 925 2100 989 ﬁt,
2138 935 2198 979 ut
2250 926 2301 977 in
2352 926 2596 980 moribus
2648 926 2802 996 ipsis.
2850 936 2904 981 et
2940 928 3258 993 virtutibus,
3312 943 3437 983 esse

1875 1018 2192 1071 beatitatem
2226 1017 2559 1072 demonstret
2578 1017 2739 1072 Deus.
2758 1017 2943 1089 Neque
2968 1021 3111 1075 enim
3138 1021 3437 1091 quidquam

1876 1110 2190 1176 profecerit,
2233 1109 2325 1178 qui
2376 1110 2635 1177 pranlicta
2678 1110 2895 1175 habeat,
2943 1111 2988 1165 si
3024 1110 3242 1179 justitia
3272 1121 3323 1165 et
3344 1111 3443 1177 ju-

1875 1199 2016 1254 dicio
2055 1209 2262 1257 careat.
2323 1199 2525 1257 Omnes
2576 1217 2675 1256 vos
2732 1203 2918 1272 igitur,
2978 1204 3176 1275 inquit,
3231 1205 3441 1275 abjecta

1876 1288 2077 1342 mentis
2100 1289 2495 1353 inconstantia,
2527 1288 2930 1358 certojudicio,
2962 1291 3104 1359 quod
3121 1292 3327 1359 justum
3356 1299 3442 1346 est

1878 1380 2123 1448 quaerite.
2148 1378 2442 1442 Nimirum,
2472 1389 2617 1434 recta
2643 1382 2852 1450 judicia
2876 1398 2894 1435 :
2922 1392 3009 1435 aut
3042 1383 3204 1437 etiam
3233 1382 3440 1449 divina;

1880 1471 1932 1525 id
1974 1480 2058 1525 est
2108 1470 2200 1526 Dei
2250 1480 2515 1541 praecepta
2565 1471 2841 1526 custodite.
2892 1472 3056 1527 Decet
3093 1488 3221 1528 vero
3252 1474 3340 1527 illa
3390 1481 3446 1528 et

1879 1560 2061 1614 animo
2089 1559 2388 1623 custodire,
2417 1570 2469 1615 et
2510 1576 2699 1631 reapse
2751 1571 3011 1631 praestare
3062 1583 3074 1618 :
3131 1579 3239 1631 quo
3271 1563 3348 1625 fit,
3385 1571 3444 1617 ut

195 1650 616 1717 δικαιοσύνην,
668 1649 860 1719 μισθὸν
886 1651 1359 1722 ἐπαγγειλάμενος
1377 1652 1444 1705 τὸ
1483 1652 1781 1720 σωτήριον

1884 1651 2149 1718 justitiam
2194 1651 2365 1719 facere
2403 1651 2623 1720 jubens,
2660 1652 2886 1705 salutem
2913 1661 2964 1706 et
2993 1652 3442 1718 misericordiam,

196 1740 394 1793 καὶτὸ
441 1740 634 1805 ἕλεος,
665 1718 723 1810 ἦ,
768 1743 912 1794 κατὰ
960 1718 1089 1804 τους
1132 1718 1378 1806 λοιποὺς,
1407 1744 1508 1813 τὴν
1556 1718 1777 1796 δικαιο-

1884 1749 1976 1794 aut
2029 1739 2329 1794 secundum
2381 1739 2645 1809 reliquos,
2682 1741 2997 1811 justitiam,
3054 1741 3108 1795 in
3160 1743 3441 1812 praemium

195 1833 423 1897 σύνην.
458 1830 613 1893 Τινὲς
642 1830 699 1883 δέ
746 1848 933 1900 φασιν·
970 1833 1089 1885 Ἵνα
1126 1833 1199 1903 μὴ
1229 1835 1524 1902 νομίσωσιν
1551 1834 1643 1887 ἐπὶ
1677 1834 1777 1905 τὴν

197 1923 297 1975 τοῦ
335 1924 500 1992 νόμου
528 1924 759 1993 τήρησιν
797 1923 897 1991 τὴν
934 1925 991 1975 ἐν
1028 1927 1206 1983 σκιαῖς
1237 1924 1331 1976 καὶ
1362 1924 1554 1987 τύποις
1594 1942 1777 1994 παρα-

198 2014 507 2077 καλεῖσθαι,
544 2014 729 2083 ἐγγὺς
754 2010 927 2078 εἶναι,
961 2015 1117 2083 φησὶ,
1146 2015 1214 2068 τὸ
1236 2014 1553 2083 σωτήριον,
1579 2017 1676 2069 καί
1711 2014 1779 2069 τὸ

197 2103 396 2169 ἕλεος,
426 2102 574 2156 τοῦτ’
605 2104 721 2156 ἐστι
761 2104 1018 2175 Χριστόν.
1064 2105 1324 2176 Ἐλεήσας
1354 2108 1462 2177 γάρ
1486 2108 1654 2177 ἡμᾶς,
1688 2107 1780 2159 διὰ

196 2194 303 2262 τῆς
346 2194 594 2262 ἀφέσεως
620 2195 845 2248 ἔσωσεν.
879 2195 1035 2248 Οὖτω
1071 2199 1164 2249 καὶ
1205 2197 1528 2268 Ἀμὸακούμ
1551 2213 1567 2228 ⁶
1603 2216 1620 2249 ι
1654 2198 1779 2251 Ἔτι

200 2286 423 2355 μικρὸν,
441 2286 534 2337 καὶ
560 2288 588 2339 6
611 2288 903 2357 ἐρχόμενος
930 2286 1071 2357 ἥξει,
1102 2289 1195 2341 καὶ
1218 2289 1275 2340 ού
1308 2291 1529 2358 χρονιεῖ.
1558 2308 1577 2341 ι
1619 2288 1782 2342 Ἀπο-

198 2375 583 2445 καλυφθῆναι
642 2378 700 2431 δέ
740 2396 942 2449 φησιν,
977 2379 1168 2449 ἐπειδὴ
1218 2378 1522 2451 προῦλεγον
1572 2380 1672 2452 μὲν
1730 2382 1779 2434 οἱ

200 2467 483 2534 προφῆται
536 2468 661 2535 περὶ
710 2466 900 2530 αὑτοῦ,
937 2468 994 2518 ἐν
1039 2467 1188 2529 ἰδίοις
1243 2467 1299 2521 δὲ
1334 2470 1548 2539 καιροῖς
1588 2470 1783 2537 ἐφανε-

202 2556 377 2626 ρώθη.
409 2556 578 2609 Τοῦτο
607 2558 701 2609 καὶ
721 2557 884 2610 Δαῦὶδ
925 2558 1109 2627 ἔλεγεν
1136 2575 1152 2589 ·
1189 2576 1207 2609 t
1244 2558 1539 2629 Ἐγνὼρισε
1577 2559 1781 2631 Κύριος

200 2648 266 2699 τὸ
301 2648 565 2720 σωτήριον
594 2647 760 2701 αὑτοῦ
797 2648 1040 2701 ἐναντίον
1077 2651 1185 2701 τῶν
1216 2649 1409 2704 ἐθνῶν.
1439 2650 1779 2719 Ἀπεκάλυψε

200 2738 305 2808 τὴν
326 2738 667 2809 δικαιοσύνην
697 2738 884 2793 αὑτοῦ.
912 2759 929 2789 ι
973 2740 1094 2793 Ἐπὶ
1122 2741 1401 2806 τοιαύταις
1429 2739 1522 2795 οὖν
1561 2742 1779 2797 ἐλπίσιν

196 2832 473 2899 ἐπιλέγει,
494 2832 796 2901 Μακάριος
818 2831 973 2899 ἀνὴρ
1003 2835 1035 2886 ό
1063 2832 1252 2887 ποιῶν
1278 2834 1484 2889 ταῦτα.
1511 2834 1629 2901 Τὴν
1654 2835 1779 2903 κρί-

197 2936 311 2976 σιν
334 2921 482 2988 λέγει
513 2921 609 2973 καὶ
642 2920 756 2988 τὴν
781 2921 1198 2990 δικαιοσύνην,
1245 2924 1361 2977 ἀλλ’
1390 2926 1488 2993 οὐχ
1518 2925 1547 2977 6
1588 2941 1783 2994 προτε-

203 3017 421 3086 ρήμασι
443 3014 742 3085 κομπάζων
768 3021 1071 3087 σωματικοῖ
1088 3038 1121 3083 ·,
1146 3020 1396 3091 εὐγενείᾳ
1419 3038 1477 3073 τε
1501 3019 1594 3072 καὶ
1615 3020 1779 3071 πολυ-

1881 1832 2225 1903 polliceatur.
2268 1830 2468 1887 Putant
2503 1833 2771 1897 nonnulli,
2804 1848 2871 1887 ne
2919 1834 3167 1887 videatur
3197 1833 3264 1887 ad
3310 1832 3445 1905 legis

1883 1924 2176 1989 umbram,
2238 1932 2602 1996 typorumque
2658 1925 3090 1979 observationem
3140 1926 3443 1991 adhortari,

1884 2016 2108 2071 salutem
2158 2026 2207 2071 et
2238 2017 2680 2083 misericordiam,
2736 2017 2787 2071 id
2823 2026 2906 2072 est
2945 2016 3247 2082 Christum,
3288 2032 3447 2087 prope

1883 2123 1995 2162 esse
2036 2106 2384 2177 significare;
2423 2108 2582 2177 cujus
2628 2107 2977 2162 miseratione
3004 2123 3102 2177 per
3159 2107 3442 2163 remissio-

1887 2213 2010 2252 nem
2052 2199 2253 2253 servati
2286 2212 2499 2253 sumus.
2528 2198 2683 2264 Quod
2731 2197 3019 2252 conﬁrmat
3059 2209 3112 2253 et
3166 2198 3446 2254 Habacum

1887 2288 1977 2365 his
2009 2288 2190 2343 verbis
2223 2305 2237 2342 :
2276 2306 2295 2339 ι
2330 2288 2521 2341 Adhuc
2553 2288 2851 2353 modicum,
2887 2298 2943 2343 et
2983 2289 3076 2359 qui
3119 2291 3286 2355 venit,
3323 2288 3451 2345 ade-

1886 2376 1984 2439 rit,
2013 2390 2190 2444 neque
2217 2375 2454 2430 tardabit
2490 2376 2555 2430 ⁸⁸.
2598 2394 2616 2426 ι
2653 2375 2780 2429 Ideo
2813 2383 2993 2430 autem
3036 2376 3315 2431 revelatum
3338 2393 3451 2431 esse

1886 2466 2049 2532 dixit,
2085 2465 2231 2536 quod
2256 2482 2375 2536 quae
2402 2466 2469 2520 de
2501 2481 2568 2521 eo
2602 2466 2876 2536 prOpheta:
2907 2467 3294 2536 prtedixerant,
3332 2468 3450 2523 suis

1886 2557 2228 2627 temporibus
2257 2558 2310 2612 in
2341 2557 2516 2611 lucem
2550 2556 2856 2626 prodierint
2879 2596 2895 2621 ,
2922 2558 3082 2627 juxta
3124 2557 3258 2613 illud
3292 2556 3453 2612 Davi-

1886 2644 2018 2699 dis:
2063 2663 2081 2697 ι
2126 2643 2325 2698 Notum
2382 2644 2511 2698 fecit
2566 2643 2828 2699 Dominus
2879 2646 3122 2699 salutare
3178 2660 3360 2700 suum.
3392 2642 3450 2697 lu

1887 2746 2184 2807 conspectu
2215 2736 2455 2806 gentium
2484 2734 3029 2804 revelavitjustitiam
3054 2736 3175 2805 ejus
3212 2735 3279 2789 “.
3319 2754 3339 2788 ι
3376 2733 3452 2789 Ea

1889 2843 1984 2897 spe
2013 2828 2178 2897 igitur
2203 2825 2481 2881 concludit
2509 2826 2730 2880 Beatum
2760 2843 2873 2880 esse
2901 2829 3069 2881 virum
3110 2828 3203 2897 qui
3226 2828 3332 2881 ista
3365 2828 3453 2895 fa-

1886 2920 1997 2971 ciat
2018 2956 2035 2983 ,
2058 2915 2326 2986 judicium
2358 2915 2617 2969 nimirum
2653 2926 2701 2967 et
2723 2915 2991 2979 iustitiam
3015 2931 3034 2969 :
3064 2932 3170 2969 non
3204 2916 3295 2986 qui
3328 2930 3454 2969 cor-

1889 3007 2040 3079 poris
2071 3005 2469 3076 praerogativis,
2505 3004 2790 3059 nobilitate
2816 3004 3049 3072 scilicet,
3077 3016 3130 3060 et
3173 3006 3321 3076 prole
3355 3021 3449 3059 su-

200 3069 419 3178 παιδία.
448 3069 665 3177 Σύνῳδά
713 3069 921 3174 τούτοις
968 3069 1156 3180 ἔλεγεν
1212 3069 1462 3184 ’.Ιωάννης
1512 3114 1539 3168 6
1580 3114 1781 3168 Βαπτιρ

1889 3069 2115 3175 perbiat.
2142 3069 2351 3167 Quibus
2388 3069 2462 3154 et
2485 3096 2572 3153 illa
2604 3097 2978 3164 consentiunt,
3019 3069 3141 3170 quae
3173 3069 3212 3150 ua
3243 3095 3455 3151 Joanne

202 3201 377 3271 στῆς·
414 3215 438 3253 t'
472 3201 747 3273 Ποιήσατε
794 3202 890 3257 οὖν
943 3208 1189 3275 καρποὺς
1241 3206 1424 3271 ἀξίους
1469 3208 1567 3278 τῆς
1618 3225 1786 3278 μετα-

200 3295 378 3357 νοίας,
414 3296 507 3346 καὶ
560 3296 636 3365 μὴ
680 3292 871 3367 δόξητε
921 3296 1128 3364 λέγειν,
1174 3298 1395 3369 Πατέρα
1446 3297 1645 3368 ἔχομεν
1695 3297 1787 3351 τὸν

216 3385 496 3455 Ἀϐραάμ.
532 3402 554 3437 ι
614 3384 848 3454 Ὁμοίως
891 3387 983 3439 καὶ
1020 3388 1049 3438 6
1100 3388 1309 3457 Σωτήρ⁶
1351 3406 1369 3439 ι
1399 3390 1460 3441 Et
1489 3390 1655 3442 τέκνα
1690 3387 1786 3442 τοῦ

216 3477 475 3547 Ἀϐραὰμ
497 3471 618 3548 ἦτε,
640 3479 707 3530 τὰ
739 3477 875 3547 ἔργα
904 3477 998 3531 τοῦ
1030 3478 1282 3549 Ἀϐραὰμ
1306 3481 1537 3533 ἐποιεῖτε
1565 3482 1649 3535 ἄν.
1681 3498 1700 3533 ι

277 3649 454 3702 Δεῖδέ
486 3650 623 3721 πρὸς
653 3647 733 3715 τῷ
771 3650 1103 3719 φυλάττειν
1133 3650 1458 3725 [Σάϐϐατα],
1489 3653 1588 3707 καὶ
1649 3654 1789 3709 ἀντ-

210 3739 459 3811 έχεσθαι
485 3740 595 3808 τῆς
637 3740 1048 3808 δικαιοσύνης,
1094 3744 1189 3796 καὶ
1242 3746 1513 3811 κρίσεως,
1566 3748 1663 3800 καὶ
1713 3748 1788 3819 μὴ

212 3833 519 3903 παρέργως
551 3831 638 3885 ἐπ’
664 3833 804 3886 αὑτά
832 3837 1050 3903 χωρεῖν.
1084 3835 1238 3888 Μετὰ
1282 3834 1483 3888 τούτων
1533 3839 1646 3909 γάρ
1695 3841 1789 3892 καὶ

210 3926 254 3989 ἡ
277 3923 528 3992 φυλακὴ
560 3923 678 3976 τῶν
702 3923 1017 3977 Σαϐϐάτων
1048 3926 1331 3992 ἐπαινετὴ,
1364 3927 1485 3997 ἥτις
1514 3930 1662 3982 ἐστὶν
1691 3931 1788 4000 οὐχ

213 4015 403 4077 ἁπλῶς
432 4016 491 4067 ἐν
518 4015 708 4085 ἀργίᾳ,
739 4014 856 4068 ἀλλ’
883 4018 941 4069 ἐν
976 4016 1055 4084 τῷ
1079 4017 1187 4082 τὰς
1222 4017 1445 4087 χεῖρας,
1486 4019 1632 4073 τοῦτ’
1672 4022 1787 4075 ἔστι

208 4108 309 4168 τάς
341 4105 571 4175 πράξεις
598 4106 843 4175 καθαρὰς
872 4107 1087 4161 ἀτόπων
1142 4108 1322 4178 ἔργων
1367 4114 1579 4181 τηρεῖν.
1631 4112 1788 4168 Οὕτω

207 4199 321 4268 γὰρ
351 4198 433 4249 δεῖ
467 4197 933 4263 Σαϐϐατίζοντας
961 4198 1153 4262 θυσίας
1198 4201 1494 4270 προσάγειν
1547 4219 1790 4274 πνευμα-

209 4288 392 4350 τικάς.
426 4282 562 4339 Εἶτα
598 4288 1009 4359 παραμυθεῖται
1044 4290 1186 4356 τοὺς
1226 4295 1654 4362 προσηλύτους
1689 4296 1787 4350 καὶ

1887 3191 2054 3263 638
2087 3188 2332 3258 Baptista
2380 3187 2433 3241 in
2466 3188 2611 3241 hunc
2644 3189 2863 3242 modum
2898 3199 3154 3259 usurpata
3182 3190 3451 3260 legimus:

1894 3306 1911 3337 ι
1950 3286 2136 3340 Facite
2183 3299 2315 3354 ergo
2366 3282 2578 3339 fructus
2613 3282 2807 3355 dignos
2857 3285 3227 3355 ptenitenliaa,
3275 3299 3455 3354 neque

1886 3377 2180 3431 videamini
2211 3375 2397 3431 dicere
2426 3395 2438 3430 :
2476 3374 2692 3432 Patrem
2725 3376 2990 3430 habemus
3019 3376 3297 3429 Abraham
3322 3376 3388 3430 δ’.
3428 3395 3448 3429 ι

1888 3465 1954 3520 Et
1986 3466 2077 3521 illa
2108 3466 2293 3530 etiam,
2326 3478 2446 3534 quae
2476 3480 2505 3519 a
2529 3464 2810 3521 Salvatore
2844 3484 2858 3521 :
2902 3483 2922 3517 ι
2962 3464 3022 3519 Si
3048 3464 3147 3519 lilii
3176 3464 3451 3520 Abraham

1888 3557 2100 3619 essetis,
2136 3571 2302 3625 opera
2328 3556 2560 3610 Abrahae
2588 3556 2845 3611 faceretis
2868 3556 2938 3610 ⁸⁸.
2967 3575 2988 3609 ι

1958 3645 2108 3713 Opus
2149 3650 2233 3699 est
2290 3659 2416 3698 vero
2463 3644 2533 3696 ad
2599 3643 2958 3698 Sabbato-rum
3014 3644 3450 3709 observationem,

1881 3734 2155 3803 justitiam
2181 3734 2317 3787 tueri
2353 3742 2403 3787 et
2434 3732 2741 3803 judicium;
2770 3750 2879 3789 non
2915 3734 3131 3805 frigide,
3172 3752 3277 3790 non
3312 3737 3456 3792 osci-

1889 3835 2067 3879 tanter
2094 3824 2161 3878 ad
2189 3839 2377 3877 eorum
2401 3826 2836 3879 observationem
2872 3827 3151 3880 accedere.
3182 3825 3277 3880 Est
3306 3828 3451 3880 enim

1888 3932 2013 3972 cum
2066 3917 2188 3971 istis
2240 3915 2510 3969 laudanda
2569 3913 2927 3969 Sabbatorum
2971 3915 3297 3981 observatio;
3344 3931 3453 3971 non

1890 4010 1980 4064 illa
2010 4009 2159 4063 iners
2206 4008 2402 4078 plane;
2449 4007 2543 4062 sed
2579 4022 2699 4078 quae
2729 4024 2941 4074 manus,
2985 4008 3037 4061 id
3068 4018 3152 4063 est
3186 4010 3453 4072 actiones,

1890 4104 1958 4157 ab
1988 4102 2301 4173 impuritate
2340 4102 2546 4155 alienas
2576 4109 2881 4155 conservet.
2918 4102 3168 4155 Itaenim
3210 4117 3329 4164 eos,
3360 4102 3452 4171 qui

1890 4193 2129 4248 Sabbata
2150 4192 2450 4257 observant,
2480 4191 2794 4262 spirituales
2825 4193 3031 4247 hostias
3053 4192 3209 4246 decet
3233 4191 3451 4246 oll‘erre.

1890 4284 2223 4354 Alienigenas
2254 4284 2452 4339 deinde
2471 4293 2518 4336 et
2536 4282 2794 4337 eunuchos
2825 4283 3161 4348 consolatur,
3195 4294 3453 4351 tauquam

213 4379 358 4443 τοὺς
376 4379 736 4448 εὐνούχους,
777 4380 853 4443 ὡς
882 4380 1096 4446 οὐδενὸς
1122 4383 1231 4437 τῶν
1275 4384 1533 4454 μεγάλων
1560 4389 1781 4459 ἐστερη.

1892 4378 2026 4433 levis
2054 4377 2268 4446 jactura
2308 4375 2400 4439 sit,
2442 4375 2487 4429 si
2507 4375 2787 4445 sanguinis
2826 4375 3145 4441 nobilitate,
3176 4375 3455 4445 prolisque

217 4470 416 4538 μένους
447 4471 769 4541 σωματικῆς
803 4472 1085 4539 εὐγενείας
1119 4473 1214 4525 καὶ
1254 4476 1460 4531 παίδων
1485 4478 1665 4547 γονῆς.
1712 4479 1786 4531 Οὐ

212 4563 325 4632 γάρ
355 4561 640 4632 ἐμποδίσει
683 4560 861 4616 ταῦτα
908 4563 1017 4616 τῶν
1065 4563 1227 4616 θείων
1254 4568 1439 4636 τυχεῖν
1468 4568 1709 4635 ἀγαθῶν,
1740 4570 1787 4622 εἰ

213 4650 357 4720 ζῷεν
378 4648 667 4715 θεοσεσῶς,
699 4649 777 4721 τῷ
805 4650 1255 4721 δικαιοπραγεῖν
1282 4654 1355 4716 ὡς
1392 4655 1473 4707 δεῖ
1506 4658 1790 4711 Σαϐϐατι-

214 4742 436 4807 (οντες.
463 4741 539 4794 0'3
561 4741 670 4812 γὰρ
694 4741 827 4811 ψιλά
856 4742 998 4795 θέλει
1025 4745 1096 4799 τὰ
1118 4743 1393 4799 Σάϐϐατα
1420 4748 1449 4799 ό
1477 4749 1597 4800 κατ’
1618 4749 1792 4819 ἀρχάς

212 4827 386 4882 εἰπὼν
435 4829 531 4882 τοῦ
566 4829 803 4899 βιϐλίουο
841 4847 861 4881 t
890 4831 1002 4894 Τάς
1026 4833 1322 4902 νουμηνίας
1359 4834 1533 4905 ὑμῶν,
1582 4838 1676 4890 καὶ
1722 4838 1790 4891 τὰ

213 4920 495 4984 Σάϐϐατα,
526 4923 621 4972 καὶ
649 4919 864 4990 ἡμέραν
895 4921 1139 4991 μεγάλην
1161 4924 1263 4976 οὐκ
1288 4925 1571 4994 ἀνέχομαι·
1615 4946 1634 4980 ι
1670 4928 1787 4981 ἀλλ’

211 5013 262 5064 εί
291 5011 389 5065 καὶ
418 5010 524 5063 ἔδει
550 5009 669 5063 τότε
709 5013 1037 5081 σωματικῶς
1067 5014 1370 5084 τηρεῖσθαι,
1400 5016 1486 5069 διὰ
1516 5016 1615 5088 τὴν
1641 5036 1785 5090 παρ-

212 5101 476 5170 αγγελίαν
507 5100 604 5154 τοῦ
643 5101 810 5171 νόμου
862 5102 927 5155 τὸ
964 5102 1305 5169 Σαϐϐαῖον,
1346 5107 1497 5175 μετὰ
1534 5108 1786 5175 κρίσεως

212 5193 316 5245 καὶ
338 5190 726 5257 δικαιοσύνης
746 5186 826 5259 ἦν
845 5194 1154 5259 τηρητέον.
1175 5196 1289 5248 Οὐκ
1312 5196 1420 5268 ἄρα
1440 5198 1785 5269 παραὸλάψει

211 5284 324 5341 τὸν
350 5280 655 5351 ἀλλογενῆ
698 5282 759 5335 τὸ
802 5283 954 5337 νόθον
984 5286 1077 5339 τοῦ
1127 5288 1338 5356 γένους.
1382 5290 1655 5360 ’Δρέσκων
1676 5292 1783 5363 γάρ

208 5376 404 5445 Κυρίῳ
431 5374 514 5436 είς
542 5372 694 5436 ἔθνος
742 5372 897 5441 ἅγιον
934 5376 1029 5429 καὶ
1072 5380 1131 5431 ἐν
1174 5379 1387 5444 τέκνοις
1436 5380 1640 5435 τελέσει
1688 5382 1780 5436 τοῦ

286 5572 335 5646 ξ’
367 5572 569 5646 "abso.
594 5590 659 5642 ιι,
683 5577 749 5643 '5;
783 5577 949 5635 Hebr.
988 5597 1042 5646 x,
1072 5581 1161 5637 37.

213 5644 257 5675 θ’
289 5642 394 5697 lsa.
422 5661 464 5713 ι,
500 5644 586 5699 12.

1271 5580 1495 5635 “'Psal.
1522 5594 1686 5647 xcvu,
1727 5583 1783 5643 2.
1822 5586 1876 5639 3.

1890 4468 2225 4524 fecunditate
2254 4466 2626 4520 destituuntur
2654 4480 2668 4518 :
2695 4482 2816 4519 cum
2847 4466 3155 4520 divinorum
3183 4468 3454 4521 honorum

1891 4562 2291 4634 perceptionem
2320 4559 2451 4613 talia
2470 4574 2579 4613 non
2610 4559 2908 4630 impediant
2933 4574 3075 4630 ;qua
3113 4566 3323 4614 tantum
3359 4575 3457 4630 po-

1892 4652 2219 4723 tientur,qui
2231 4652 2507 4721 justitiam
2527 4650 2704 4705 colunt
2726 4657 2779 4705 et
2792 4651 3045 4721 pietatem
3075 4666 3091 4717 ;
3113 4649 3166 4703 in
3194 4664 3303 4720 quo
3327 4666 3457 4706 vera

1894 4744 2246 4801 Sabbatorum
2285 4746 2465 4815 posita
2507 4744 2580 4799 sit
2624 4744 2941 4798 observatio.
2972 4741 3090 4799 Non
3135 4744 3279 4800 enim
3310 4745 3457 4799 nuda

1892 4836 2142 4906 exposcit
2188 4835 2448 4899 Sabbata,
2476 4837 2567 4906 qui
2603 4851 2663 4891 se
2711 4836 2834 4891 libri
2870 4836 3037 4906 hujus
3078 4837 3235 4892 initio
3258 4837 3325 4902 δ’,
3362 4853 3457 4891 eo-

1892 4943 2011 4981 rum
2039 4926 2337 4992 Kalendas,
2372 4936 2424 4982 et
2464 4925 2721 4991 Sabbata,
2747 4927 2999 4998 diemque
3034 4944 3285 4998 magnum
3315 4927 3458 4983 ferre

1890 5034 1999 5074 non
2051 5034 2213 5089 posse
2264 5018 2543 5089 professus
2563 5025 2664 5072 est.
2717 5018 2828 5075 lmo
2860 5034 3010 5085 vero,
3049 5020 3211 5074 etiam
3247 5019 3303 5074 'si
3340 5027 3453 5072 tum

1888 5110 2245 5179 corporaliter
2276 5108 2555 5165 observari
2587 5107 2878 5163 Sabbatum
2911 5125 2977 5164 ex
3016 5110 3153 5180 legis
3188 5118 3457 5179 praecepto

1893 5209 2194 5271 oporteret,
2233 5217 2353 5254 cum
2399 5198 2607 5269 judicio
2667 5208 2849 5255 tamen
2911 5209 2963 5253 et
3012 5200 3232 5268 justitia
3288 5200 3452 5253 etiam

1892 5292 2070 5361 fuerat
2114 5290 2538 5346 custodiendum.
2580 5289 2698 5345 Non
2747 5290 2914 5359 igitur
2946 5291 3297 5360 alienigenam
3336 5290 3453 5359 ipsa

1890 5382 2105 5453 generis
2125 5382 2361 5438 odendet
2390 5382 2646 5439 varietas.
2681 5381 2823 5447 Quin
2856 5380 3039 5451 potius
3058 5380 3200 5435 inter
3220 5380 3453 5435 Abrahae

1974 5586 2017 5617 "
2058 5585 2245 5640 Matth.
2284 5600 2365 5651 ιιι,
2408 5583 2475 5650 8;
2512 5582 2648 5637 Luc.
2685 5598 2765 5648 ιιι,
2800 5583 2866 5650 8;
2940 5582 2985 5613 ⁸⁸
3020 5580 3178 5637 Joan.
3205 5597 3323 5645 vut,
3359 5582 3447 5637 59.
