3998 6390
620 253 760 349 256-1

1930 278 2284 340 PROCOPII
2321 268 2566 336 (ὶ-ΛΖᾸΞΙ

3723 264 3830 345 2568

622 396 766 451 tilius
813 404 869 450 et
907 395 961 450 in
1032 402 1248 464 gentem
1302 401 1581 457 sanctam,
1646 393 1692 448 si
1735 390 1856 447 .Deo
1913 393 2213 460 placuerit,

2335 387 2606 459 Ἀϐραάμ.
2669 405 2686 436 ι
2744 386 2820 438 Ού
2870 385 2980 456 γὰρ
3031 385 3231 446 πάντες
3276 384 3323 434 oi
3380 382 3434 451 ἐξ
3478 384 3832 460 Ἰσραὴλ,οὒτοι

623 484 746 555 ipse
773 483 1115 539 censebitur.
1141 501 1160 534 ι
1199 481 1385 552 Neque
1411 482 1556 534 enim
1583 495 1776 535 omnes
1799 480 1891 548 qui
1915 479 1982 532 de
2005 478 2212 534 lsraele

622 577 778 639 sunt,
805 571 841 626 ii
867 580 996 628 sunt
1022 570 1308 634 Israelita,
1344 570 1419 623 ait
1451 567 1696 634 Paulus;
1723 584 1902 637 neque
1927 569 2056 636 quia
2084 572 2214 621 sunt

625 679 810 720 semen
839 663 1092 729 Abrahae,
1123 677 1354 734 prorsus
1383 669 1438 716 et
1482 659 1577 714 ﬁlii
1612 677 1626 714 :
1658 659 1752 713 sed
1795 659 1888 727 qui
1943 665 2075 711 sunt
2117 655 2210 709 ﬁlii

623 757 1047 830 promissionis,
1103 757 1157 810 in
1216 770 1404 812 semen
1454 759 1784 824 reputautur
1811 751 1880 804 ⁵ο.
1912 767 1932 801 ι
1974 748 2092 804 Non
2130 756 2214 802 est

626 852 826 906 deinde
861 852 1180 906 Abrahamo
1225 848 1370 904 facta
1417 848 1710 920 promissio
1753 847 1809 902 in
1851 860 2043 902 eorum
2091 859 2214 915 gra-

626 945 756 999 tiam
794 952 1030 1010 tantum,
1082 946 1176 1015 qui
1231 960 1392 1000 suum
1430 951 1619 1000 essent
1656 943 1723 998 ab
1786 957 1852 997 eo
1894 956 2070 1012 genus
2102 938 2213 994 ori-

624 1035 913 1103 ginemque
942 1033 1230 1088 deducturi
1259 1051 1274 1100 ;
1328 1038 1422 1089 sed
1450 1047 1639 1087 eorum
1665 1045 1833 1086 causa
1883 1030 2071 1092 etiam,
2114 1026 2210 1098 qui

624 1121 786 1177 ﬁdem
813 1123 1312 1192 amplecterentur;
1347 1123 1474 1192 quia
1494 1130 1577 1175 est
1608 1131 1662 1176 et
1700 1122 1818 1191 ipse
1865 1119 2080 1174 ratione
2119 1118 2212 1186 ju-

623 1225 742 1271 stus
775 1215 1029 1272 elIectus.
1081 1216 1196 1270 lmo
1243 1231 1312 1270 ne
1339 1214 1576 1269 eunucho
1617 1213 1858 1284 quidem,
1901 1211 2063 1266 modo
2089 1212 2212 1280 pius

623 1306 874 1374 exsistat,
912 1308 1033 1377 ipsa
1057 1307 1310 1361 nocuerit
1346 1305 1648 1369 sterilitas,
1696 1301 2072 1374 quamtumvis
2103 1314 2212 1354 nu-

622 1413 836 1453 merosa
888 1398 1072 1468 proles
1125 1397 1442 1468 postulante
1500 1404 1750 1465 tempore
1809 1390 2212 1448 benedictionis

622 1490 746 1546 loco
793 1491 979 1546 habita
1022 1493 1117 1546 sit.
1163 1490 1460 1544 Pollicetur
1490 1503 1621 1559 ergo
1654 1486 1843 1542 seillis
1869 1500 1966 1554 pro
2010 1484 2212 1538 libero-

621 1597 745 1636 rqu
772 1581 1139 1640 multitudine.
1177 1583 1233 1636 in
1271 1598 1370 1635 sua
1409 1578 1564 1633 domo
1593 1578 1807 1641 suisque
1839 1573 2092 1629 moenibus
2130 1572 2211 1626 lo-

623 1691 740 1730 cum
770 1674 1022 1730 celebrem
1059 1673 1225 1746 639
1277 1689 1392 1728 esse
1432 1670 1731 1734 daturum;
1782 1675 1878 1721 aut
1904 1669 2208 1721 secundum

2327 477 2600 549 Ἰσραὴλ,ι
2624 478 2700 542 ὡς
2725 480 2754 532 ὁ
2774 477 2987 540 Παῦλος
3013 493 3201 548 φησιν.
3225 477 3347 530 Οὐδ’
3367 477 3446 531 ὅτι
3475 480 3521 530 εί
3543 474 3589 532 εἷ
3607 481 3633 520 δ
3661 485 3836 556 σπέρμα

2325 568 2604 642 Ἀϐραὰμ,
2633 571 2852 626 πάντως
2889 570 2986 622 καὶ
3030 569 3221 625 τέκνα.
3256 588 3274 620 ι
3313 568 3473 621 Ἀλλὰ
3499 572 3562 623 τὰ
3599 571 3740 628 τέκνα
3762 575 3835 644 τῆς

2315 662 2654 732 ἐπαγγελίας
2677 661 2956 730 λογίζεται
3010 661 3093 725 είς
3125 660 3369 731 σπέρμα,
3396 661 3489 712 καὶ
3523 661 3556 731 ii
3592 663 3837 730 ἐπαγγελία

2313 755 2371 810 δὲ
2397 755 2477 826 τῷ
2503 755 2760 826 Ἀϐραὰμ
2788 756 2889 808 οὐκ
2923 755 3017 806 ἐπὶ
3045 753 3228 824 μόνοις
3253 752 3460 806 δέδοται
3485 754 3592 816 τοῖς
3616 754 3668 818 ἐξ
3689 755 3836 821 αὑτοῦ,

2313 848 2451 902 ἀλλὰ
2492 851 2588 902 καὶ
2633 849 2769 901 πᾶσι
2815 850 2927 909 τοῖς
2956 845 3049 899 διὰ
3071 847 3329 909 πίστεως.
3360 865 3380 898 ι
3416 840 3716 915 Ἐδικαιὼθη
3755 849 3836 920 γὰρ

2314 940 2489 1005 οὕτως
2546 940 2821 1008 Ἀϐραάμ.
2873 937 3018 990 Ἀλλ’
3049 937 3171 992 οὐδὲ
3223 935 3318 990 τὸν
3367 935 3651 1004 εὐνοῦχον
3695 937 3838 992 θεοσε-

2317 1029 2512 1085 ϐοῦντα
2547 1030 2901 1101 παραὸλὰψει
2927 1029 2986 1082 τὸ
3018 1028 3233 1098 ἄγονον,
3267 1029 3315 1082 εί
3367 1028 3460 1082 καὶ
3497 1028 3530 1098 ἡ
3563 1027 3840 1084 πολυπαιδία

2315 1121 2515 1193 καιροῦ
2568 1121 2864 1185 καλοῦντος
2889 1121 2947 1173 ὲν
2993 1119 3248 1186 εὐλογίας
3298 1119 3505 1173 δέδοται
3545 1120 3702 1184 τάξει.
3727 1121 3841 1176 ’Δντὶ

2315 1214 2414 1284 τῆς
2445 1209 2538 1267 οὖν
2568 1212 2927 1273 πολυτεκνίας
2957 1210 3178 1264 δώσειν
3210 1210 3394 1272 αὐτοῖς
3417 1209 3771 1277 ἐπαγγέλλεται
3791 1213 3842 1265 ἐν

2315 1305 2394 1372 τῷ
2423 1306 2585 1372 οἴκῳ,
2622 1305 2722 1359 καί
2757 1305 2829 1358 ἐν
2865 1302 2945 1369 τῷ
2977 1304 3160 1373 τείχει
3198 1301 3422 1368 αὐτοῦ,
3454 1301 3631 1355 τόπον
3670 1302 3842 1372 dropa-

2314 1399 2497 1453 στόνο
2529 1397 2564 1467 ἣ
2601 1396 2745 1451 κατὰ
2775 1396 2902 1459 τοὺς
2929 1395 3153 1458 λοιποὺς
3185 1393 3555 1464 ὲρμηνευτὰς·
3587 1392 3741 1460 Χεῖρα
3767 1398 3842 1450 καί

2315 1490 2503 1560 ὄνομα
2511 1488 2766 1554 βέλτιον
2787 1487 2936 1542 υἱῶν
2959 1485 3058 1540 καί
3087 1485 3447 1556 θυγατέρων.
3472 1483 3573 1538 Kal
3601 1484 3765 1554 ὄνομα
3784 1487 3841 1552 δὲ,

2326 1583 2518 1655 φησὶν,
2553 1582 2798 1636 αίώνιον
2825 1580 2998 1634 δώσω
3017 1577 3222 1644 αὐτοῖς
3258 1576 3290 1631 ὃ
3321 1579 3433 1630 οὐκ
3461 1575 3838 1644 ἐξιιρθιὶσεται,

2315 1677 2499 1729 ὁποῖον
2555 1672 2626 1746 ἦν
2684 1675 2746 1728 τὸ
2800 1672 2954 1727 δοθὲν
3002 1671 3222 1732 Ἰακὼ6,
3283 1671 3381 1724 καὶ
3437 1670 3657 1740 ποιῆσαν
3708 1671 3840 1724 αὐτὸν

623 1767 764 1822 alios
804 1741 1156 1838 interpretes:
1181 1741 1410 1819 inanum
1443 1773 1493 1818 et
1524 1778 1714 1818 nomen
1760 1760 1888 1827 ﬁliis
1918 1767 1968 1813 et
1990 1758 2207 1828 ﬁliabus

2327 1763 2566 1835 Ἰσραὴλ,
2581 1741 2882 1834 ’ἄνθρωπον
2921 1762 3126 1830 θεωρὸν
3158 1761 3317 1816 Θεοῦ.
3353 1762 3399 1814 Τ
3401 1761 3528 1815 οῦτο
3553 1761 3654 1832 γὰρ
3681 1764 3844 1832 σημαί-

620 1862 990 1928 prwstantius.
1029 1858 1179 1911 Dabo
1203 1871 1331 1912 vero
1351 1856 1516 1910 etiam
1546 1870 1733 1909 nomen
1761 1853 1916 1921 ipsis,
1945 1851 2042 1915 ait,
2084 1867 2208 1920 per-

2316 1873 2397 1908 νει
2420 1855 2479 1908 τὸ
2508 1854 2698 1926 ὄνομα,
2730 1854 2758 1907 ὃ
2794 1853 2887 1907 καὶ
2908 1853 3137 1922 γέγονεν
3164 1851 3350 1923 ἔργον.

622 1959 838 2016 petuum
883 1951 1022 2022 quod
1062 1965 1166 2004 non
1211 1949 1508 2016 eripietur:
1547 1945 1862 2016 cujusmodi
1914 1943 2046 1998 illud
2077 1943 2201 2010 fuit,
2241 1947 2390 2016 quod
2419 1944 2630 2001 Jacobo
2676 1945 2912 2002 inditum
2943 1945 3012 2010 εί,
3057 1944 3311 2000 eumdem
3343 1943 3618 2008 Israelem,
3678 1943 3725 1998 id
3781 1951 3845 2000 est

626 2041 932 2098 divinitatis
964 2041 1452 2112 contemplatorem
1488 2056 1682 2095 revera
1720 2037 1990 2110 praestitit.

697 2129 854 2196 Quod
887 2131 932 2187 si
963 2133 1129 2185 etiam
1181 2139 1312 2185 sunt
1353 2128 1547 2200 aliqui,
1576 2131 1668 2200 qui
1718 2145 1799 2194 se,
1849 2136 1910 2184 ut
1962 2128 2217 2182 Salvator

626 2224 872 2296 loquitur
899 2225 967 2289 δ’,
998 2232 1224 2295 prOpter
1247 2238 1480 2294 regnum
1506 2223 1774 2278 caelorum
1797 2223 2166 2278 castraverint
2195 2238 2211 2288 ;

625 2315 757 2386 quia
788 2313 975 2369 multae
1035 2322 1163 2369 sunt
1193 2315 1336 2384 apud
1389 2313 1608 2370 Patrem
1644 2313 1962 2370 mansiones
2001 2313 2071 2380 ⁸³,
2101 2323 2208 2370 est-

626 2423 735 2480 que
768 2407 903 2463 urbs
941 2407 1035 2461 Dei
1074 2408 1315 2463 ctelestis
1371 2407 1465 2462 illa
1525 2404 1829 2461 Jerusalem
1865 2423 1884 2472 ;
1932 2416 1988 2462 et
2041 2407 2213 2462 locum

2388 2125 2451 2179 Ei
2475 2126 2532 2179 δὲ
2557 2127 2675 2192 καὶ,
2702 2125 2845 2180 κατὰ
2871 2125 2964 2179 τὸν
2988 2123 3148 2194 λόγον
3171 2121 3268 2177 τοῦ
3285 2121 3564 2194 Σωτῆρος,
3583 2123 3848 2196 εὐνούχισαν

2313 2220 2541 2283 ἑαυτοὺς
2570 2219 2659 2272 διὰ
2679 2219 2777 2290 τὴν
2813 2216 3097 2288 βασιλείαν
3125 2214 3234 2269 τῶν
3257 2213 3530 2285 οὐρανῶν,
3554 2216 3728 2288 ἐπειδὴ
3751 2221 3848 2272 πολ-

2312 2307 2402 2361 λαὶ
2439 2309 2598 2380 μοναὶ
2654 2308 2805 2379 παρὰ
2848 2307 2927 2377 τῷ
2962 2306 3205 2378 Πατέρι,
3249 2305 3345 2359 καὶ
3399 2303 3516 2358 ἐστι
3571 2305 3711 2370 πόλις
3743 2307 3847 2362 Θεοῦ

2324 2400 2729 2470 Ἰερουσαλὴμ
2774 2401 3098 2471 ἐπουράνιος
3125 2415 3142 2432 θ
3174 2395 3473 2452 ἀκόλουθον
3518 2398 3629 2451 ἐκεῖ
3656 2398 3848 2454 δίδοσθαι

625 2498 794 2551 etiam
847 2497 928 2552 eis
987 2497 1148 2562 inibi,
1179 2497 1324 2552 intra
1361 2497 1506 2552 urbis
1545 2497 1712 2567 hujus
1757 2513 1938 2551 muros
1979 2499 2210 2553 concedi

2316 2495 2500 2549 τόπον
2532 2494 2718 2558 αὐτοῖς
2760 2493 2831 2546 ἐν
2869 2489 2951 2558 τῷ
3004 2493 3192 2560 τείχει
3234 2491 3444 2560 ταύτης
3475 2489 3581 2559 τῆς
3629 2493 3845 2558 πόλεως·

627 2596 1061 2645 consentaneum
1102 2601 1189 2646 est
1227 2609 1240 2644 :
1275 2591 1361 2646 vel
1398 2592 1454 2644 in
1490 2591 1608 2661 ipsa
1643 2591 1832 2655 etiam,
1865 2606 1986 2661 qua!
2015 2592 2069 2646 in
2096 2599 2211 2646 ter-

624 2680 706 2737 ris
732 2692 840 2747 est,
873 2680 1167 2748 Ecclesia;
1218 2682 1272 2736 in
1311 2697 1417 2752 qua
1441 2682 1720 2737 excellunt
1746 2683 1991 2753 puritate
2023 2691 2078 2737 et
2107 2684 2212 2738 ho-

627 2779 844 2828 nestate
875 2772 976 2827 viri
1009 2772 1086 2827 illi
1134 2773 1503 2843 percelebres,
1534 2773 1626 2843 qui
1685 2773 1913 2843 gloriam
1970 2774 2131 2829 istam
2164 2775 2218 2828 in

625 2861 862 2916 Domino
895 2878 1184 2917 numerosa
1217 2863 1371 2933 prole
1403 2863 1683 2917 meliorem
1723 2865 2218 2935 putant;ejusque,

627 2952 682 3008 id
705 2961 787 3007 est
817 2953 1048 3018 Christi,
1080 2953 1318 3009 Sabbata
1345 2969 1498 3019 vera,
1532 2969 1642 3008 non
1667 2953 1928 3009 umbrosa
1972 2952 2063 3007 illa
2117 2970 2209 3008 cu-

627 3044 886 3098 stodiunt.
924 3045 1104 3113 Atque
1143 3044 1256 3098 haec
1282 3043 1502 3114 quidem
1550 3043 1642 3112 qui
1680 3042 1932 3108 fecerint,
1956 3043 2040 3098 vel
2078 3043 2208 3098 alie-

2309 2583 2480 2656 ἤγουν
2511 2583 2605 2637 καὶ
2640 2583 2739 2651 τῆς
2783 2582 2878 2636 ἐπὶ
2921 2580 3026 2651 γῆς
3093 2579 3453 2652 Ἐκκλησίας,
3504 2582 3559 2632 ἐν
3604 2575 3846 2655 ᾖδιαπρέ-

2314 2691 2508 2729 πουσιν
2543 2673 2735 2744 ἄνδρες
2766 2672 2962 2742 ἁγνείᾳ
2998 2672 3092 2726 καὶ⁸
3123 2671 3417 2742 σεμνότητι
3463 2670 3751 2744 σύντροφοι,
3778 2674 3849 2726 καὶ

2317 2765 2679 2829 πολυπαιδίας
2705 2766 2944 2837 κρείττω
2968 2763 3066 2835 τὴν
3090 2764 3185 2817 ἐπὶ
3209 2761 3428 2828 τούτοις
3449 2764 3505 2815 ὲν
3531 2764 3707 2834 Κυρίῳ
3727 2761 3850 2828 δόξαν

2319 2855 2614 2928 ἡγούμενοι
2634 2857 2725 2910 καὶ
2755 2855 3164 2925 φυλάττοντες
3191 2855 3265 2909 τὰ
3296 2855 3571 2909 Σάϐϐατα
3589 2854 3754 2919 αὑτοῦ,
3782 2854 3854 2925 δη-

2316 2947 2493 3003 λονότι
2527 2948 2787 3018 Χριστοῦ,
2836 2946 3009 3019 ἀληθῆ
3044 2946 3138 3000 καὶ
3182 2946 3243 3001 ού
3300 2947 3512 3018 σκιώδη
3542 2947 3851 3017 τυγχάνοντα.

2321 3040 2402 3094 Τὰ
2442 3040 2582 3094 αὐτὰ
2609 3039 2667 3093 δὲ
2713 3039 3056 3110 πράττοντας
3091 3040 3185 3092 καὶ
3235 3038 3384 3106 τοὺς
3405 3037 3740 3109 May-areu;
3754 3041 3854 3092 εἱσ-

627 3135 841 3204 nigenas
871 3135 1200 3190 exsistentes
1239 3133 1293 3188 in
1323 3144 1550 3188 montem
1579 3143 1825 3190 sanctum
1869 3151 2026 3190 suum
2052 3135 2211 3190 indu»

2316 3132 2486 3197 άξειν
2538 3134 2626 3199 είς
2686 3131 2825 3199 ὄρος
2868 3130 3044 3199 ἅγιον
3089 3131 3277 3186 αὐτοῦ
3324 3130 3734 3200 ἐπαγγέλλεται,
3779 3130 3855 3184 δέ-

629 3235 839 3278 cturum
873 3241 932 3280 se
987 3225 1297 3280 denuntiat.
1335 3224 1695 3295 Victimasque
1729 3225 1798 3280 ab
1853 3225 1954 3291 eis,
1986 3241 2211 3296 precum

627 3313 883 3368 videlicet
908 3322 962 3367 et
986 3314 1165 3370 laudis
1199 3331 1214 3380 ;
1258 3322 1350 3367 aut
1393 3314 1558 3369 etiam
1590 3328 1910 3385 corporeas,
1941 3317 1987 3370 si
2021 3315 2089 3372 de
2127 3317 2214 3372 his

633 3419 815 3460 sermo
849 3405 942 3469 sit,
971 3420 1093 3475 quae
1135 3413 1263 3461 ante
1298 3405 1594 3460 adventum
1628 3405 2022 3472 offerebantur,
2061 3423 2213 3461 arce-

628 3503 866 3562 pturum.
909 3494 1102 3549 Patere
1129 3496 1275 3550 enim
1307 3495 1522 3550 domum
1575 3514 1730 3552 suam
1765 3498 2003 3568 gentibus
2039 3501 2214 3553 omni-

632 3588 726 3639 bus
755 3600 774 3638 :
795 3597 851 3641 ut
881 3586 1259 3643 lsraelitarum
1285 3589 1490 3643 fastum
1515 3590 1803 3660 reprimat,
1828 3591 1924 3660 qui
1957 3591 2214 3662 gentibus

632 3674 987 3740 insultantes,
1019 3687 1228 3745 partem
1268 3693 1329 3734 se
1357 3687 1411 3735 et
1445 3689 1639 3734 sortem
1677 3680 1795 3747 Dei,
1840 3683 2215 3752 populumque

632 3774 888 3837 sanctum
911 3767 1191 3837 appellare
1234 3783 1342 3824 non
1378 3770 1713 3824 verebantur
1752 3787 1769 3836 ;
1804 3771 1915 3826 imo
1939 3780 1993 3826 et
2025 3771 2215 3827 beatos

633 3853 759 3910 ideo
804 3858 1129 3926 praedicare,
1161 3860 1307 3928 quod
1340 3860 1443 3915 sibi
1473 3875 1595 3930 quae
1644 3859 1754 3916 Deo
1790 3862 2090 3932 placerent,
2123 3878 2216 3918 co-

631 3945 782 4016 gnila
805 3954 1013 4000 essent.
1040 3948 1147 4002 Sed
1173 3948 1291 4003 vide
1313 3949 1448 4018 jam,
1466 3951 1557 4020 qui
1583 3950 1866 4020 prioribus
1886 3953 2213 4024 antiquatis,

631 4040 874 4092 recentia
905 4037 1088 4092 omnia
1137 4041 1434 4094 evaserint.
1465 4040 1632 4095 Cavet
1663 4043 1810 4096 enim
1859 4043 1947 4098 lex
1996 4045 2217 4100 Ammo-

633 4129 782 4182 nitas
811 4138 865 4181 et
897 4119 1170 4186 Moabitas
1203 4129 1505 4184 Ecclesium
1545 4131 1763 4188 Domini
1802 4132 2014 4204 ingredi
2044 4151 2059 4201 ;
2087 4150 2212 4190 cum

632 4215 890 4273 Christus
923 4235 1104 4273 omnes
1135 4220 1188 4274 in
1221 4231 1468 4276 sanctam
1500 4219 1808 4278 Ecclesiam
1845 4223 1910 4290 ⁵⁸,
1931 4240 2053 4294 qua
2089 4242 2216 4280 san-

635 4309 705 4362 cti
738 4309 936 4362 montis
957 4312 1177 4366 nomine
1206 4311 1575 4381 signiﬁcatur,
1596 4311 1936 4368 inducturum
1973 4329 2032 4370 se
2060 4317 2216 4386 polli—

634 4409 827 4455 ceatur
859 4418 874 4454 :
908 4400 964 4455 in
1023 4417 1185 4473 quam
1225 4404 1320 4471 qui
1366 4403 1746 4469 admittentur,
1777 4407 2023 4476 ejusdem
2055 4409 2216 4464 donis

2318 3222 2531 3288 ξεσθαί
2552 3239 2612 3276 τε
2650 3222 2782 3294 παρ’
2817 3221 2999 3276 αὐτῶν
3024 3222 3264 3288 θυσίας,
3281 3221 3490 3292 δηλαδὴ
3515 3222 3609 3286 τὰς
3629 3221 3689 3275 δι’
3717 3221 3856 3291 εὐχῶν

2317 3315 2412 3367 καὶ
2442 3314 2723 3379 αἰνέσεως,
2751 3313 2784 3384 ἢ
2813 3313 2907 3368 καὶ
2937 3313 3035 3378 τὰς
3063 3313 3403 3384 σωματικὰς,
3434 3315 3485 3367 εί
3517 3311 3753 3385 περὶτῶν
3776 3312 3858 3382 πρὶν

2315 3408 2418 3478 τῆς
2448 3406 2754 3481 παρουσίας
2791 3409 2820 3460 ὁ
2848 3406 3027 3476 λόγος.
3073 3407 3182 3461 Τὸν
3211 3405 3320 3478 γὰρ
3361 3402 3535 3460 οἷκον
3566 3391 3737 3460 αὐτοῦ
3770 3401 3857 3460 πᾶ·

2317 3516 2423 3554 σιν
2433 3499 2728 3568 ἀνεῷχθαι
2749 3499 2874 3566 τοῖς
2894 3500 3158 3566 ἔθνεσιν,
3175 3499 3286 3553 τῶν
3307 3497 3367 3563 ὲξ
3382 3498 3600 3570 Ἰσραὴλ
3614 3497 3858 3567 διελέγχων

2319 3591 2411 3646 τὸν
2440 3590 2632 3661 τύφον,
2667 3591 2717 3644 οἳ
2775 3589 3112 3661 κατεφύοντο
3163 3591 3274 3645 τῶν
3304 3590 3643 3659 ἀλλογενῶν,
3685 3589 3858 3659 μερίδα

2319 3687 2412 3739 καὶ
2443 3685 2680 3754 κλῆρον
2708 3684 2869 3752 Θεοῦ,
2904 3685 3002 3740 καὶ
3030 3685 3156 3740 λαὸν
3218 3685 3374 3754 ἆγιον
3426 3685 3654 3750 ἑαυτοὺς
3693 3684 3858 3753 duoad-

2317 3776 2526 3841 ζοντες,
2558 3777 2652 3830 καὶ
2681 3776 2962 3845 λέγοντες·
2998 3794 3017 3828 ι
3041 3779 3318 3849 Μακάριοι
3349 3778 3522 3850 ἐσμὲν
3557 3777 3774 3850 Ἰσραὴλ,
3797 3778 3858 3830 ὅτι

2316 3871 2386 3923 τὰ
2401 3870 2608 3942 ἀρεστὰ
2633 3870 2822 3942 Κυρίῳ
2850 3869 3068 3939 γνωστὰ
3111 3871 3244 3941 ἡμῖν
3269 3873 3478 3925 ἐστιν.»
3516 3871 3620 3924 Καὶ
3646 3872 3740 3942 ὅρα
3767 3870 3859 3932 πῶς

2317 3960 2563 4032 παρῆλθε
2597 3961 2664 4013 τὰ
2698 3961 2922 4032 ἀρχαῖα,
2946 3962 3040 4016 καὶ
3072 3962 3265 4031 γέγονε
3294 3961 3478 4015 πάντα
3501 3961 3676 4016 καινά.
3708 3962 3758 4014 '0
3783 3961 3859 4030 μὲν

2317 4055 2426 4126 γὰρ
2466 4055 2632 4126 νόμος
2663 4055 2829 4126 φησίν
2850 4071 2864 4085 ·
2900 4055 3014 4110 Ούκ
3049 4054 3418 4109 εἰσελεύσεται
3449 4054 3767 4126 ’Δμμανίτης
3787 4055 3862 4106 καὶ

2317 4147 2618 4219 Μωαϐίτης
2670 4149 2753 4212 εἰς
2798 4148 3129 4216 Ἐκκλησίαν
3189 4147 3419 4220 Κυρίου.
3460 4148 3522 4201 ’0
3575 4147 3630 4200 δὲ
3669 4144 3860 4217 Xpmbq

2317 4238 2551 4306 πάντας
2577 4239 2855 4304 εἰσάξειν
2888 4242 2968 4304 είς
3001 4240 3101 4311 τὴν
3150 4240 3311 4308 ἁγίαν
3343 4237 3674 4308 Ἐκκλησίαν
3719 4239 3862 4302 ἑπαγ-

2318 4330 2591 4399 γέλλεται.
2631 4330 2780 4403 Αὐτὴ
2813 4331 2924 4403 γὰρ
2951 4332 3090 4400 ὄρος
3115 4335 3182 4386 τὸ
3233 4331 3428 4400 ἅγιον.
3462 4331 3561 4392 Εἰς
3605 4329 3670 4400 ἢν
3715 4327 3861 4380 εἰσελ-

2320 4423 2506 4488 θόντες
2534 4425 2650 4486 τοῖς
2675 4423 2734 4490 ἐξ
2761 4423 2928 4476 αὑτοῦ
2953 4424 3291 4494 χαρίσμασιν
3318 4422 3768 4493 ὲνευφραίνονται.
3795 4415 3863 4480 Ὦς

632 4493 1081 4549 oblectabuntur.
1116 4494 1340 4561 Deinde,
1375 4505 1640 4569 tanquam
1668 4515 1698 4553 a
1728 4501 1862 4572 legis
1891 4503 2041 4556 cultu
2072 4501 2211 4558 facta

2319 4516 2376 4568 δὲ
2432 4517 2498 4568 ὲκ
2556 4493 3005 4586 παραδείγματος
3033 4493 3164 4586 ίτῆς
3215 4515 3354 4568 κατὰ
3403 4514 3575 4582 νόμον
3622 4507 3860 4581 λατρείας,

635 4584 1130 4654 demonstratione,
1159 4597 1402 4657 acceptas
1424 4607 1608 4645 eorum
1643 4592 1758 4661 {ore
1783 4595 2026 4648 victimas
2053 4595 2213 4651 dicit.

634 4675 1028 4734 Percommode
1074 4679 1127 4736 id
1161 4682 1406 4751 quidem,
1437 4701 1562 4738 cum
1612 4685 1722 4740 sint
1767 4688 1929 4743 veluti
1969 4691 2216 4759 quaedam

635 4765 968 4832 holocausta,
998 4779 1268 4840 quotquot
1321 4787 1379 4828 se
1435 4783 1580 4830 totos
1623 4775 1731 4830 Deo
1783 4789 2215 4837 consecrarunt:

637 4859 823 4913 caeteri
858 4868 1039 4914 autem
1073 4863 1347 4932 quaedam,
1374 4881 1496 4934 qua:
1530 4883 1596 4922 ex
1631 4877 1784 4938 parte
1836 4877 2047 4924 tantum
2094 4886 2219 4926 cre-

638 4960 882 5016 mantur,
907 4951 1182 5021 victimm;
1210 4957 1403 5024 quales
1435 4959 1467 5011 ii
1500 4968 1648 5024 sunt,
1671 4959 1836 5031 640
1883 4962 1979 5032 qui
2020 4963 2209 5016 matri-

637 5042 881 5096 monium
924 5043 1185 5114 amplexi,
1217 5046 1385 5100 vitam
1433 5047 1545 5104 Deo
1577 5050 1741 5104 simul
1786 5060 1842 5107 et
1878 5053 2082 5107 mundo
2111 5053 2210 5106 tri-

636 5131 835 5187 buunt.

709 5224 778 5278 At
820 5239 951 5279 vero
983 5240 1092 5278 non
1127 5224 1369 5295 gentibus
1401 5227 1575 5284 solum
1607 5241 1927 5288 mansuetus
1995 5231 2216 5288 futurus

637 5323 720 5370 est
747 5312 1024 5371 Salvator.
1049 5314 1398 5389 Congregabit
1420 5321 1588 5387 enim,
1608 5322 1806 5394 inquit,
1833 5325 1997 5380 etiam
2016 5327 2214 5394 disper-

2315 4607 2526 4672 δεκτὰς
2547 4605 2749 4660 αὐτῶν
2769 4606 2884 4676 ἔφη
2909 4605 3186 4676 τίνεσθαι
3208 4605 3316 4672 τὰς
3337 4605 3578 4670 θυσίας.
3599 4600 3862 4668 ’Δναλόγως

2315 4699 2444 4771 γὰρ,
2477 4698 2585 4751 τῶν
2616 4698 2720 4770 μὲν
2759 4697 3322 4767 ὁλοκαυτουμένων,
3347 4697 3464 4752 ὅσοι
3495 4696 3564 4749 δι’
3605 4695 3735 4749 ὅλων
3761 4694 3862 4746 tau.

2315 4790 2422 4844 τῶν
2450 4789 2918 4863 καθιέρωνταιτῷ
2953 4788 3102 4860 Θεῷ·
3139 4789 3246 4843 τῶν
3277 4788 3335 4842 δὲ
3370 4791 3435 4842 ὲκ
3473 4788 3692 4860 μέρους,
3737 4784 3864 4840 ὁποία

2315 4883 2425 4936 τῶν
2464 4884 2525 4936 ὲν
2577 4882 2772 4954 Κυρίῳ
2803 4882 3211 4954 γεγαμηκότων
3251 4885 3286 4953 ἡ
3342 4880 3480 4953 ζωὴ,
3521 4877 3864 4953 μεμερισμὲνη

2315 4977 2436 5048 Θεῷ
2451 4995 2510 5031 τε
2525 4979 2623 5032 καὶ
2654 4978 2866 5050 κόσμῳ.

2395 5236 2540 5306 Πλὴν
2589 5236 2650 5290 οὐ
2691 5232 2874 5307 μόνοις
2901 5234 3114 5310 ἥμερος
3147 5239 3261 5304 τοῖς
3298 5236 3360 5307 ἐξ
3384 5241 3576 5297 ἐθνῶν
3611 5241 3641 5295 δ
3683 5234 3860 5306 Σωτήρ·

2323 5328 2579 5394 Συνάξει
2593 5329 2862 5401 γὰρ,φησὶ
2872 5371 2886 5397 ,
2905 5330 3136 5398 καὶτοὺς
3150 5328 3860 5404 διεσπαρμένουςίσραήλ·

707 5473 756 5505 ⁸⁵
791 5469 950 5528 Rom.
990 5490 1066 5538 rx,
1100 5475 1154 5542 6,
1185 5476 1235 5532 7.
1311 5480 1356 5512 ⁸¹
1389 5477 1524 5536 Gen.
1559 5490 1722 5547 xxxv,
1756 5482 1842 5536 10.
1919 5485 1964 5515 δ’
1991 5483 2430 5551 Mattli.x1x,12.
2508 5486 2865 5558 "Joan.x1v,
2895 5486 2948 5544 2.
3031 5490 3255 5547 “Deut.
3281 5507 3438 5557 XXIII,
3477 5491 3535 5550 ὃ.

1893 5594 2127 5650 VARI/{'1
2164 5596 2567 5658 LECTIONES.

708 5679 738 5721 δ
768 5696 859 5750 π).
898 5681 1028 5737 εἰσί.
