3998 6390
247 321 388 386 2569

1420 319 1956 381 COMMENTARII
1998 318 2079 380 IN
2113 320 2401 382 ISAIAM.

3375 306 3522 384 2570

259 437 598 507 ‘Ascéomsav
626 435 737 505 γὰρ
770 434 867 505 τῆς
898 435 955 488 ἐν
1005 434 1157 504 νόμῳ
1202 432 1476 498 πολιτείας
1525 432 1749 505 μᾶλλον,
1784 430 1817 503 ἢ

1939 450 2010 488 ςοδ
2042 430 2217 487 Israel
2248 449 2268 489 :
2299 434 2394 504 qui
2428 449 2459 488 a
2493 431 2630 503 legis
2694 431 2950 487 instituto
3005 430 3246 499 longius.
3276 446 3443 503 quam
3490 450 3520 486 a

242 531 341 599 τῆς
383 526 648 590 Ἰουδαίας
695 525 800 592 ἔξω
857 524 1170 594 γεγόνασιν,
1208 523 1723 595 είδωλολατροῦντές
1762 539 1823 577 τε

242 624 336 677 καὶ
366 619 713 682 διδάσκοντες
744 617 1100 681 διδασκαλίας
1148 616 1465 686 ἐντάλματα
1495 615 1819 688 ἀνθρώπων.

252 712 340 778 Ἐξ
364 704 439 764 ὧν
461 713 494 763 ὁ
517 706 947 777 ἐπισυναχθείς
969 706 1039 761 ἐκ
1059 705 1164 775 τῆς
1182 707 1518 774 διασπορᾶς
1548 707 1819 776 Ἰσραὴλ,

238 805 350 855 οἵτε
382 800 552 853 πάλαι
587 796 882 861 θεοσεϐεῖς,
924 798 1018 851 καὶ
1048 797 1141 850 τοῦ
1169 798 1421 869 Σωτῆρος
1470 799 1522 850 οί
1557 798 1820 868 μαθηταί.

244 894 327 949 Τὰ
360 893 541 961 θηρία
570 889 629 945 δὲ
646 888 742 944 τοῦ
776 890 1007 962 δρυμοῦ
1042 890 1111 943 τὰ
1148 890 1287 962 μετὰ
1303 889 1399 944 τοῦ
1423 890 1642 963 Ἰσραὴλ
1670 908 1822 946 συν-

236 988 502 1057 αγόμενα
535 984 792 1055 σημαίνει
825 983 954 1047 τοὺς
991 982 1262 1047 ὲθνικούς.
1295 984 1530 1054 Δρυμὸν
1558 985 1668 1056 γὰρ
1696 1002 1823 1038 συν-

234 1080 384 1149 ήθως
414 1077 573 1131 καλεῖ
610 1075 672 1130 τὸ
720 1075 926 1145 πλῆθος
971 1075 1081 1128 τῶν
1111 1074 1422 1145 ἀλλοφύλων
1452 1075 1644 1142 ἐθνῶν,
1676 1076 1820 1149 ὅπερ

233 1174 318 1235 εἰς
351 1170 597 1224 ἑστίασιν
631 1167 985 1221 ἀνακαλεῖται
1009 1168 1410 1239 πνευματικήν.
1436 1168 1528 1222 Διὸ
1556 1168 1699 1223 κατὰ
1728 1169 1822 1223 τὸν

248 1260 485 1314 Ἀκύλαν
514 1257 634 1312 ἀντὶ
662 1255 780 1320 τοῦ,
809 1253 1009 1308 πάντα
1032 1256 1104 1309 τὰ
1130 1257 1322 1324 θηρία,
1369 1254 1493 1310 πᾶν
1528 1253 1674 1316 ζῶον
1711 1256 1821 1310 αὐ-

235 1351 349 1406 τοῦ
376 1351 616 1422 εἴρηται.
647 1349 761 1403 Καὶ
788 1348 949 1402 πάλιν
973 1348 1173 1403 πάντα
1201 1349 1273 1403 τὰ
1297 1347 1408 1410 ζῶα
1430 1349 1638 1404 αὐτοῦ..
1663 1349 1821 1415 Τίνος

231 1439 295 1492 δὲ
315 1438 523 1503 αὐτοῦ,
548 1438 580 1508 ἢ
612 1436 704 1490 τοῦ
726 1437 860 1490 Θεοῦ
884 1456 899 1505 ;
928 1438 1027 1507 οὐχ
1060 1436 1245 1500 ἁπλῶς
1273 1437 1328 1491 δὲ
1347 1439 1418 1493 τὰ
1432 1439 1608 1507 θηρία
1641 1440 1818 1505 καλεῖ,

236 1529 374 1584 ἀλλὰ
393 1528 465 1582 τὰ
491 1528 697 1584 αὐτοῦ.
715 1530 1156 1599 Ἑθηριὼθησαν
1179 1529 1288 1600 γὰρ
1315 1530 1421 1583 ὑπὸ
1454 1530 1705 1603 τυράννῳ
1729 1549 1821 1586 τε-

235 1621 552 1693 θραμμένοι
573 1620 653 1692 τῷ
680 1621 933 1691 διαϐόλῳ,
958 1624 1054 1676 καὶ
1082 1622 1284 1688 ζῶντες
1308 1625 1410 1678 οὐκ
1437 1624 1820 1697 ἀνθρωπίνως.

250 1713 413 1767 ’Δλλὰ
442 1713 541 1768 νῦν
571 1712 771 1777 αὐτοὺς
797 1713 893 1767 ἐπὶ
920 1714 1201 1784 τράπεζαν
1246 1714 1405 1769 καλεῖ
1449 1715 1550 1782 τὴν
1596 1714 1817 1786 νοητὴν,

1927 529 2077 579 terra
2110 522 2312 593 patria,
2350 528 2704 577 recesserunt
2733 537 2749 585 ;
2785 519 2917 575 dum
2974 535 3037 575 se
3089 519 3367 575 idolorqu
3400 521 3520 574 cul-

1928 614 2004 669 tui
2040 614 2436 682 manciparent,
2470 613 2873 684 hominumque
2911 612 3197 668 doctrinas
3248 624 3303 667 et
3367 628 3523 667 uian-

1925 709 2052 765 data
2080 706 2346 762 docerent
2380 707 2427 741 ⁸³
2457 724 2473 761 :
2506 723 2746 777 quorum
2789 708 2856 761 de
2911 721 3146 763 numero
3187 714 3374 761 tamen
3427 705 3521 762 ille

1927 803 2049 873 ipse
2086 801 2193 857 fuit
2246 800 2440 866 Israel,
2477 802 2567 870 qui
2608 801 2675 855 de
2724 801 3052 869 dispersione
3099 800 3353 856 collectus
3413 810 3517 861 est,

1925 906 2245 966 veteresque
2264 896 2364 966 pii,
2389 903 2441 950 et
2479 894 2583 965 ipsi
2617 895 2782 950 etiam
2811 893 3117 949 Salvatoris
3133 893 3417 962 discipuli.
3434 892 3525 947 Si-

1924 988 2262 1060 gniﬁcantur
2284 1004 2413 1043 vero
2440 987 2677 1057 ferarum
2703 985 2875 1041 saltus
2901 986 3349 1055 nomine.gentes
3365 986 3521 1054 ipsa,

1924 1097 2048 1151 quae
2078 1092 2210 1139 sunt
2238 1088 2365 1151 post
2415 1081 2675 1135 lsraelem
2702 1088 3051 1151 congregatae.
3113 1077 3325 1134 Sullam
3375 1080 3521 1133 enim

1926 1174 2129 1228 usitate
2171 1173 2606 1242 alienigenarum
2661 1171 2906 1239 gentium
2946 1170 3357 1225 multitudinem
3415 1186 3519 1241 ap-

1928 1267 2116 1338 pellat,
2154 1281 2297 1335 qnas
2332 1265 2399 1318 ad
2432 1265 2751 1334 spirituales
2778 1266 2978 1335 epulas
3029 1265 3245 1318 invitat.
3281 1262 3522 1335 Indeque

1932 1370 2021 1417 est
2065 1361 2210 1431 quod
2238 1361 2293 1414 in
2318 1359 2529 1430 Aquilae
2562 1359 3037 1429 interpretatione,
3071 1375 3171 1428 pro
3204 1372 3316 1428 quo
3341 1374 3524 1413 untnes

1925 1456 2115 1511 bestia:
2168 1454 2459 1518 habemus,
2500 1469 2655 1507 omne
2697 1452 2902 1506 animal
2956 1454 3071 1520 ejus
3108 1451 3403 1506 scribatur.
3454 1449 3524 1504 Et

1927 1559 2149 1600 rursum
2187 1563 2200 1599 :
2239 1543 2434 1599 Omnes
2466 1543 2595 1611 ferte
2642 1542 2781 1611 ejus.
2812 1541 3116 1608 Cujusuam
3167 1549 3345 1595 autem
3381 1540 3523 1611 ejus,

1929 1637 2035 1692 nisi
2058 1636 2150 1689 Dei
2183 1635 2408 1705 ipsius?
2440 1632 2629 1703 Neque
2655 1649 2783 1722 vero
2814 1631 2956 1702 feras
2981 1632 3277 1701 appellavit
3317 1633 3526 1701 simpli-

1929 1729 2091 1791 citer,
2128 1727 2224 1782 sed
2284 1742 2398 1795 ejus
2454 1726 2888 1797 provocahnlum
2928 1724 3160 1779 addidit.
3203 1722 3260 1778 In
3290 1724 3527 1794 ferarum

234 1808 334 1860 τὶν
358 1807 522 1878 ἄρτον
543 1806 758 1878 φαγεῖν
783 1807 885 1878 τῆς
918 1805 1086 1876 ζωῆς,
1109 1803 1186 1870 ὣς
1212 1823 1271 1859 τε
1298 1805 1591 1878 χαίροντας
1609 1806 1819 1876 λέγειν’

1939 1818 2071 1873 anim
2114 1826 2370 1872 naturain
2406 1816 2772 1882 transierunt,
2799 1816 2893 1888 qui
2925 1816 3029 1870 sub
3085 1814 3292 1870 diaboli
3339 1825 3528 1885 tyran-

244 1920 268 1952 ι
294 1899 618 1970 ἸΙτοίμασεν
662 1900 899 1954 ἐνώπιόν
933 1917 1033 1971 μου
1065 1897 1368 1970 τράπεζαν.
1410 1918 1429 1952 ι
1463 1898 1575 1953 Καὶ
1602 1898 1670 1952 δι’
1700 1898 1818 1954 ἐτέ-

237 2008 339 2062 ρου
367 1990 424 2043 δὲ
454 1990 739 2062 προφήτου
778 1989 915 2062 φησί
941 2006 957 2021 ο
1001 2008 1020 2041 ι
1044 1990 1257 2057 Φάγηετε.
1282 1989 1377 2042 καὶ
1414 1989 1568 2042 πίετε
1600 1990 1696 2042 καὶ
1720 2006 1820 2060 με-

238 2081 480 2152 θύσθητε
510 2081 561 2135 οί
594 2080 849 2149 πλησίον.
884 2098 903 2131 ι
943 2079 1181 2151 Μακρὰν
1218 2077 1328 2151 γὰρ
1358 2077 1509 2143 ὄντες
1540 2079 1699 2145 Θεοῦ,
1735 2079 1824 2134 διὰ

236 2171 480 2229 πίστεως
504 2171 766 2243 ἤγγισαν,
801 2171 896 2225 καὶ
929 2170 1252 2242 μετέχουσιν
1292 2169 1459 2240 ἄρτου
1493 2169 1589 2224 τοῦ
1634 2171 1826 2243 στηρί-

238 2263 430 2327 ζοντος
472 2263 702 2334 καρδίαν
760 2262 1079 2335 ἀνθρώπου.
1126 2262 1288 2317 Κατὰ
1334 2262 1393 2317 δὲ
1435 2263 1538 2335 τὴν
1577 2264 1825 2336 ἱστορίαν

236 2354 408 2425 διχῶς
450 2355 688 2426 νοήσεις.
725 2353 791 2408 Ἦ
829 2365 853 2394 ο
904 2356 1014 2425 γὰρ
1064 2354 1153 2408 διὰ
1208 2354 1306 2426 τὴν
1350 2355 1458 2409 ἀπὸ
1508 2356 1828 2421 Βαϐυλῶνος

237 2448 583 2519 ἐπιστροφὴν
626 2447 721 2502 τοῦ
751 2447 882 2503 λαοῦ
928 2447 1029 2519 τὴν
1076 2448 1171 2502 ἐπὶ
1221 2447 1408 2520 Κύρου
1451 2449 1548 2503 καὶ
1596 2449 1827 2522 Δαρείου

242 2542 342 2595 καὶ
389 2539 751 2612 ’Δρταξέρξου
799 2539 1106 2611 γενομένην
1156 2539 1332 2609 λέγων
1388 2538 1684 2605 συνάξειν
1722 2541 1831 2596 τὸν

258 2634 533 2702 Ἰσραὴλ,
568 2634 687 2705 μετ’
723 2633 903 2687 αὐτῶν
958 2631 1057 2685 καὶ
1088 2631 1159 2686 τὰ
1188 2632 1363 2700 θηρία
1397 2632 1693 2697 συνάξειν
1728 2652 1832 2708 φη-

245 2727 356 2780 σίν.
384 2726 521 2778 Τότε
567 2725 676 2796 γὰρ
706 2724 854 2787 είκδς
891 2720 962 2795 ἦν
1009 2724 1105 2778 καὶ
1156 2723 1360 2795 πλῆθος
1393 2725 1575 2788 αὐτοῖς
1603 2725 1834 2796 ἀλλοφύ-

244 2818 361 2873 λων
389 2817 584 2873 ἐθνῶν
618 2815 1140 2887 προσηλυτεῦσαι,
1193 2815 1290 2881 οὓς
1335 2815 1425 2870 διὰ
1455 2817 1517 2871 τὸ
1550 2816 1835 2887 ἀλλογενὲς

246 2912 346 2964 καὶ
372 2910 566 2983 ἄγριον
625 2910 801 2981 θηρία
857 2909 1038 2964 καλεῖ.
1072 2910 1145 2962 ’Ἡ
1195 2908 1359 2981 θηρία
1402 2911 1649 2981 συνήθως
1700 2914 1836 2983 φησὶ

248 3003 379 3066 τοὺς
405 3002 873 3075 καταδῃώσαντας
902 3003 1008 3056 τὸν
1040 3001 1303 3070 Ἰσραὴλ,
1334 3003 1430 3056 καὶ
1460 3002 1568 3073 ὅλῳ
1608 3004 1837 3074 στόματι

247 3093 562 3161 φαγόντας
591 3092 778 3157 αὑτὸν,
806 3090 898 3145 διὰ
934 3091 1034 3164 τὴν
1076 3092 1156 3154 είς
1179 3090 1415 3163 Χριστὸν
1436 3093 1715 3148 ἀσέϐειαν.
1745 3094 1838 3147 Διὸ

1922 1906 2053 1962 nido
2076 1908 2246 1961 vitam
2279 1907 2540 1960 vixerunt
2572 1905 2642 1958 ab
2661 1906 2810 1959 OIIIIII
2850 1905 3196 1960 humanitate
3239 1904 3521 1960 alienam:

1924 2015 2069 2070 quos
2125 2006 2315 2054 tamen
2352 1997 2419 2051 ad
2461 1997 2868 2066 intelligibilem
2910 2012 3157 2052 mensam
3198 2012 3345 2052 nunc
3382 1995 3529 2051 invi-

1925 2089 2089 2155 tat";
2127 2090 2283 2160 panis
2309 2089 2433 2163 vita:
2456 2088 2672 2143 scilicet
2695 2089 3105 2151 comestiouem;
3130 2096 3189 2141 ut
3214 2087 3320 2141 lteti
3358 2087 3526 2141 illud:

1931 2199 1951 2234 ι
1990 2182 2202 2238 Parasti
2264 2181 2321 2236 in
2370 2188 2670 2251 conspectu
2725 2193 2849 2234 meo
2913 2194 3163 2234 mensam
3192 2179 3263 2243 ",
3302 2198 3318 2230 ο
3356 2195 3531 2234 usuro

1927 2288 2060 2343 pare
2090 2280 2314 2343 queant.
2344 2271 2442 2327 Est
2488 2286 2621 2326 vero
2674 2270 2818 2341 apud
2871 2270 3202 2341 prophetam
3254 2268 3425 2324 alium
3472 2277 3531 2324 et

1927 2364 2078 2420 istud
2104 2382 2118 2416 :
2140 2382 2158 2417 ι
2182 2362 2468 2419 (iomedite
2484 2369 2543 2416 et
2557 2360 2821 2424 bibito,et
2852 2360 3227 2427 inebriemini,
3245 2367 3337 2432 qui
3362 2375 3532 2431 prope

1928 2459 2066 2516 estis
2088 2457 2157 2514 ⁸⁸.
2186 2476 2217 2510 »η
2241 2458 2379 2513 Cum
2409 2457 2556 2513 enim
2590 2472 2621 2510 a
2653 2456 2769 2511 Deo
2814 2456 2979 2526 longe
3027 2454 3310 2517 abessent,
3344 2468 3439 2524 per
3469 2451 3533 2507 tl-

1930 2551 2055 2607 dem
2090 2551 2159 2606 ad
2207 2566 2335 2605 eum
2379 2558 2764 2611 accesserunt,
2800 2545 3267 2618 panisqueillius,
3297 2544 3392 2618 qui
3433 2559 3535 2599 cor

1931 2643 2177 2701 hominis
2214 2644 2508 2699 conﬁrmat
2536 2643 2606 2706 'I,
2634 2639 2934 2712 participes
2966 2639 3146 2695 adlecti
3174 2646 3329 2694 sunt.
3362 2634 3529 2704 Quod

1934 2736 1982 2794 si
2016 2736 2083 2790 ad
2117 2735 2406 2791 historiam
2454 2734 2688 2799 referas,
2746 2731 2850 2787 hoc
2893 2730 3058 2786 modo
3099 2745 3302 2785 sensus
3330 2727 3531 2798 duplex

1934 2843 2061 2885 esse
2084 2835 2287 2898 potest.
2318 2826 2431 2882 Aut
2452 2826 2598 2883 enim
2629 2834 2859 2896 propter
2909 2823 3097 2895 populi
3146 2821 3532 2877 reversionem

1938 2932 1968 2971 a
1998 2915 2299 2989 Babylone,
2322 2932 2446 2988 qua:
2473 2916 2578 2971 sub
2614 2914 2784 2987 Cyro,
2819 2912 2926 2969 sub
2956 2911 3144 2979 Dario,
3171 2920 3338 2982 atque
3367 2910 3534 2964 Arta—

1941 3024 2110 3065 xerxe
2125 3009 2380 3082 contigit,
2407 3007 2673 3065 Israelem
2692 3023 2747 3062 se
2763 3016 3210 3078 congregatarum
3232 3003 3449 3069 dicens,
3476 3009 3535 3057 et

1942 3100 2085 3171 feras
2141 3102 2310 3157 etiam
2362 3101 2447 3158 eis
2494 3109 2810 3154 coacturum
2835 3113 2897 3153 se
2925 3096 3223 3169 signiﬁcat.
3258 3095 3354 3151 Est
3383 3094 3531 3150 enim
3610 3108 3617 3114 ’

252 3151 359 3238 iui
382 3183 456 3248 ὡς
502 3151 680 3254 θηρία
724 3151 876 3254 πρὸς
915 3151 1156 3253 ,βρῶσιν
1206 3151 1431 3252 αὐτοὺς
1466 3185 1576 3241 τοῦ
1622 3185 1835 3254 ἔθνους

1946 3200 2382 3249 consentaneum
2435 3192 2859 3261 alienigenarum
2894 3203 3116 3259 quoque
3168 3187 3404 3259 gentium
3430 3199 3536 3240 uu-

258 3275 435 3341 καλεῖ,
468 3276 567 3330 καὶ
610 3277 674 3329 τὸ
718 3276 944 3345 εὔλογον
991 3277 1092 3347 τῆς
1143 3276 1422 3341 κολάσεως
1465 3277 1835 3334 ἐπιδείκνυται

1947 3300 2162 3339 merum
2200 3284 2443 3354 aliquem
2506 3298 2633 3340 sese
2679 3282 2793 3337 illis
2836 3280 3160 3350 adiunxisse
3191 3297 3205 3343 ;
3241 3293 3383 3350 quos
3404 3291 3538 3349 pro-

257 3370 429 3438 λέγων
450 3385 464 3399 ·
501 3370 664 3425 ἴδετε
689 3372 773 3424 ὅτι
801 3370 1026 3436 πάντες
1057 3369 1555 3439 ἐκτετύερλωνται.

1949 3385 2074 3448 pter
2100 3378 2319 3448 generis
2361 3376 2766 3439 diversitatem,
2800 3386 3131 3442 morumque
3165 3368 3422 3425 duritiem
3456 3363 3539 3437 fe-

261 3477 346 3518 ras
374 3465 634 3535 appellat.
655 3467 765 3518 Aut
796 3466 958 3518 etiam
988 3478 1232 3535 congrue
1258 3472 1313 3518 et
1337 3462 1689 3520 familiariter
1717 3481 1815 3521 eos
1865 3468 1942 3524 ita
1976 3470 2655 3543 indicavit,qui1sraelem
2691 3469 3082 3539 dirupueront,
3134 3474 3361 3535 totoque
3413 3479 3536 3529 ore.

264 3575 455 3629 inagna
511 3559 568 3613 in
610 3557 892 3613 Christum
961 3557 1239 3627 impietate
1291 3559 1643 3638 comederent.
1709 3557 1902 3632 Itaque
1943 3564 2104 3638 641
2140 3571 2197 3621 et
2227 3580 2348 3629 eos,
2381 3565 2479 3637 qui
2509 3572 2644 3620 sunt
2686 3564 2759 3617 de
2785 3559 3051 3634 gentibus,
3082 3566 3340 3629 tanquam
3393 3557 3537 3628 feras

264 3655 329 3707 ad
349 3654 723 3707 comestionem
774 3650 991 3716 invitat,
1024 3650 1343 3719 justamque
1378 3651 1634 3706 vindicta:
1663 3652 1937 3711 rationem
2000 3658 2266 3725 ostendit,
2303 3659 2433 3714 dum
2473 3672 2641 3712 cwcos
2668 3670 2845 3710 euntes
2905 3653 3078 3722 factos
3114 3650 3273 3721 jubet
3311 3648 3534 3703 intueri.

327 3747 490 3810 Τινὲς
520 3745 578 3798 δέ
626 3762 791 3814 φασιν
825 3743 901 3807 ὼς
967 3745 1239 3814 προγνοὺς
1285 3743 1369 3796 ὅτι
1400 3744 1468 3798 τὰ
1523 3744 1621 3815 μὲν
1673 3746 1853 3813 θηρία

256 3839 621 3909 πεισθήσεται
652 3836 731 3906 τῷ
775 3835 1121 3907 κηρύγματι,
1160 3836 1218 3888 ὲν
1262 3836 1499 3909 ἀπιστία
1526 3836 1584 3891 δὲ
1622 3839 1849 3894 τδἸου-

251 3930 429 3986 δαίων
490 3928 695 3998 πλῆθος
763 3929 956 3999 μενεῖ,
1014 3927 1286 3995 τυφλοὺς
1346 3929 1577 3994 εἰκότως
1627 3931 1851 3999 αὐτοὺς

253 4021 627 4085 ὰπεκάλεσεν,
682 4018 732 4073 οἳ
764 4018 902 4088 μηδὲ
947 4021 1062 4082 τοῖς
1104 4018 1328 4088 θηρίοις
1369 4021 1659 4089 γεγόνασιν
1719 4026 1847 4082 ίσοι.

268 4113 424 4167 Ἀντ).
452 4112 510 4165 δὲ
548 4110 666 4174 τοῦ,
697 4110 855 4165 ίδετε
887 4110 978 4164 ὅτι
1021 4111 1523 4181 ἐκτετύφλωνται,
1551 4115 1850 4187 Σύμμαχος

257 4206 355 4260 καί
401 4204 724 4268 Θεοδοτίων,
757 4206 811 4257 οἱ
864 4204 1087 4259 σκοποὶ
1126 4204 1348 4271 αὐτοῦ,
1392 4206 1562 4275 φασὶ,
1604 4210 1846 4278 τυφλοί.

271 4296 513 4360 Ἀκύλας
542 4295 598 4347 δὲ
625 4296 981 4350 σκοπευταί.
1021 4296 1169 4348 Ἀντὶ
1194 4295 1253 4349 δὲ
1286 4295 1381 4349 τοῦ
1409 4296 1589 4365 ἐνεοί,
1623 4298 1851 4371 Σύμμαο

259 4400 357 4463 χος
377 4390 623 4443 (italos.
650 4388 887 4450 Ἀκύλας
913 4389 970 4441 δὲ
995 4387 1338 4456 μογιλάλοι.
1363 4390 1601 4462 Νοήσεις
1637 4391 1695 4445 δὲ
1722 4394 1850 4456 τοὺς

262 4481 505 4535 ἐνταῦθα
544 4480 820 4546 σκοποὺς
865 4479 1136 4549 τυφλοὺς
1184 4480 1243 4545 ἐξ
1280 4481 1484 4554 ἑτέρων
1530 4482 1852 4555 διορατικῶν

2018 3752 2188 3806 Aiunt
2216 3766 2349 3808 vero
2375 3750 2625 3806 nonnulli
2654 3750 2783 3820 quia
2820 3748 2963 3817 feras
2993 3741 3374 3816 praedicationi
3401 3757 3536 3798 cre-

1949 3844 2163 3899 dituras
2202 3842 2568 3915 praevidisset,
2603 3843 2659 3897 in
2688 3841 3016 3897 inﬁdelitate
3055 3846 3235 3891 autem
3273 3848 3537 3905 perman—

1951 3952 2139 3993 suram
2190 3951 2316 3993 esse
2377 3934 2691 3991 Judaeoruin
2744 3930 3182 3993 multitudinem,
3239 3934 3535 3983 exsiccatos

1950 4026 2073 4082 illos
2120 4027 2242 4083 ideo
2271 4026 2471 4083 merito
2516 4040 2892 4095 nuncupasse,
2920 4020 3067 4094 quod
3100 4019 3243 4090 feras
3272 4018 3534 4072 immani-

1949 4127 2066 4176 tate
2112 4128 2457 4191 superarent.
2512 4120 2781 4174 (Steterunt
2826 4132 2926 4188 pro
2961 4129 3073 4185 quo
3127 4130 3140 4167 :
3183 4111 3364 4166 Videte
3397 4126 3534 4182 quo-

1950 4216 2096 4271 niam
2144 4214 2272 4269 cwci
2305 4215 2439 4284 facti
2463 4222 2605 4277 sunt,
2644 4213 2929 4266 habemus.
2977 4204 3233 4261 Custodes
3257 4203 3374 4272 eius
3407 4203 3536 4256 croci

1951 4307 2211 4362 dixerunt
2239 4306 2602 4378 Symmachus
2624 4314 2677 4358 et
2696 4301 3040 4365 Theodotio;
3086 4299 3313 4366 Aquilas
3340 4306 3529 4350 autem

1949 4399 2327 4469 speculatores.
2356 4399 2510 4463 Item,
2531 4399 2665 4451 ntuli
2688 4413 2706 4461 ;
2731 4394 2989 4449 sermonis
3014 4397 3255 4457 expertes
3279 4389 3532 4460 Symma-

1953 4492 2125 4559 chus;
2180 4492 2408 4563 Aquilas
2455 4499 2662 4554 autem,
2707 4489 2893 4558 lingua
2943 4483 3203 4553 impediti.
3256 4481 3534 4551 Intelligas

265 4573 514 4637 σκοπῶν,
537 4591 603 4625 πε
612 4573 667 4646 pl
695 4566 769 4626 ὧν
792 4572 1031 4640 ἐλέγετο.
1071 4571 1245 4640 Φωνὴ
1265 4571 1386 4627 τῶν
1404 4576 1835 4643 φυλασσόντων

1939 4597 2087 4646 ,vero
2112 4584 2335 4653 quinam
2368 4582 2475 4638 hoc
2529 4582 2649 4635 loco
2697 4579 2823 4635 εαξσὶ
2877 4574 3120 4631 custodes
3174 4572 3449 4638 dicantur,
3486 4571 3535 4625 si"

263 4684 338 4721 σε
360 4666 602 4735 ὑψώθη.
649 4665 789 4719 ’Λνθ’
823 4658 882 4719 οῦ
914 4666 963 4718 οἱ
1007 4665 1206 4720 λοιποί.
1239 4666 1412 4734 Φωνὴ
1441 4666 1561 4722 τῶν
1601 4666 1835 4723 σκοπῶν

1956 4688 2081 4727 cum
2130 4672 2368 4728 oculatis
2416 4680 2471 4727 et
2505 4669 2917 4741 perspicacibus
2966 4665 3091 4720 aliis
3137 4662 3418 4726 conferas,
3471 4664 3537 4715 de

265 4777 384 4813 σου
417 4756 607 4825 ἐπῆρε
650 4757 879 4826 φωνήν.
907 4751 1016 4810 Ἦν
1055 4756 1110 4809 δὲ
1151 4758 1282 4828 περὶ
1329 4758 1436 4811 τῶν
1473 4759 1793 4814 ἀποστόλων¹
1824 4762 1854 4815 ὁ

267 4850 427 4919 λόγος
456 4850 566 4902 τῶν
602 4849 933 4919 διορατικῶν
963 4848 1064 4917 τῆς
1109 4848 1439 4919 Ἐκκλησίας
1477 4850 1716 4905 σκοπῶν.
1746 4851 1856 4906 Καὶ

269 4945 405 5015 πρὸς
430 4942 696 5014 Ἰεζεκιὴλ
720 4943 775 4997 δέ
810 4959 975 5013 φησιν
995 4957 1010 4972 '
1044 4943 1141 4996 Υίὲ
1182 4942 1493 5013 ἀνθρώπου,
1535 4944 1739 4999 σκοπὸν
1764 4944 1855 4999 δέ·

270 5037 422 5089 δωκὰ
449 5053 511 5088 σε
559 5036 638 5106 τῷ
667 5034 802 5101 οίκω
834 5034 1075 5105 Ἰσραήλ.
1112 5033 1378 5089 Ἐνταῦθα
1417 5036 1475 5090 δὲ
1512 5038 1561 5090 οἱ
1591 5035 1686 5090 τοῦ
1717 5037 1855 5089 ’1ου-

272 5129 438 5182 δαίων
466 5127 657 5190 ἔθνους
686 5127 951 5199 ἄρχοντες
971 5126 1190 5197 τυφλοὶ
1216 5129 1435 5183 σκοποὶ
1460 5128 1730 5198 λέγονται,
1755 5129 1858 5185 καὶ

274 5223 457 5286 κύνες
486 5221 646 5275 ἐνεοί
685 5223 756 5275 οὺ
793 5218 1118 5289 δυνάμενοι
1141 5220 1449 5282 ὑλακτεῖν,
1483 5220 1604 5275 οὐδὲ
1628 5221 1730 5291 τῆς
1758 5220 1855 5275 τοῦ

274 5314 409 5368 Θεοῦ
434 5314 677 5385 ποίμνης
701 5311 1029 5366 ἀπελαύνειν
1055 5311 1185 5375 τοὺς
1214 5310 1435 5375 λύκους.
1474 5312 1583 5366 Καὶ
1603 5312 1720 5376 πῶς
1744 5308 1771 5349 δ
1805 5312 1856 5365 οἱ

275 5408 526 5477 πρώτους
572 5405 799 5468 ἑαυτοὺς
828 5401 1349 5473 ἐκτυφλὼσαντες,
1395 5405 1491 5458 καὶ
1523 5404 1584 5457 τὸ
1626 5403 1744 5474 φῶς
1793 5404 1858 5457 τὸ

1957 4762 2159 4835 quibus
2192 4770 2278 4817 est
2324 4761 2480 4826 illud,
2509 4758 2657 4832 quod
2711 4758 3004 4828 sequitur:
3071 4754 3184 4809 Vox
3228 4750 3537 4807 custodien-

1958 4857 2091 4910 tium
2115 4864 2163 4911 te
2188 4855 2391 4910 elevata
2417 4863 2516 4910 est.
2558 4851 2713 4920 Quod
2745 4853 2819 4905 ita
2845 4848 3027 4905 ueteri
3052 4848 3493 4917 interpretantur
3515 4858 3534 4897 :

1967 4946 2082 5003 Vox
2108 4947 2384 5001 custodum
2416 4955 2628 5000 tuorum
2652 4959 2822 4999 vocem
2862 4941 3076 4996 extulit.
3120 4937 3215 4994 Est
3254 4945 3436 4992 autem
3467 4936 3538 4990 de

1957 5040 2224 5109 apostolis
2254 5053 2457 5103 sermo,
2492 5038 2584 5107 qui
2622 5035 2971 5107 perspicaces
3019 5039 3077 5087 et
3117 5030 3264 5085 acuti
3310 5028 3537 5082 fuerunt

1954 5131 2213 5187 Ecclesia:
2240 5129 2407 5184 oculi.
2465 5127 2606 5184 Sunt
2657 5126 2725 5181 ad
2778 5123 3120 5181 Ezechielem
3173 5121 3325 5175 ista:
3372 5134 3392 5170 ι
3432 5115 3536 5171 Fili

1956 5221 2220 5285 heminis,
2252 5219 2537 5275 custodem
2571 5217 2697 5273 dedi
2733 5224 2787 5271 te
2824 5213 3011 5269 domui
3055 5210 3225 5267 Israel
3257 5208 3322 5261 ⁸⁸.
3373 5225 3392 5260 ι
3441 5205 3537 5260 Di-

1956 5324 2160 5370 cuntur
2180 5329 2311 5371 vero
2339 5313 2446 5369 hoc
2466 5313 2590 5369 loco
2614 5308 2860 5366 Judaicat
2884 5306 3061 5378 gentis
3098 5300 3379 5374 principes
3404 5300 3539 5353 rit-ci

1957 5407 2220 5474 custodes,
2260 5414 2310 5461 et
2342 5422 2498 5460 canes
2527 5404 2663 5458 muti
2688 5417 2790 5456 non
2831 5399 3060 5454 valentes
3096 5395 3321 5458 latrare,
3361 5406 3540 5456 neque

343 5524 391 5556 ⁸⁸
428 5522 533 5577 Isa.
566 5539 719 5587 xxix,
743 5521 811 5577 15
838 5538 852 5585 ;
888 5520 1076 5593 Matth.
1100 5536 1191 5585 xv,
1214 5521 1269 5577 8.
1345 5522 1391 5556 “
1413 5520 1572 5578 Joan.
1597 5538 1672 5587 v1,
1701 5522 1735 5577 5
1774 5537 1929 5593 seqq.
2004 5523 2051 5555 ⁸⁷
2073 5521 2225 5578 Psal.
2257 5522 2466 5588 “11,5.
2539 5517 2809 5574 “Jcrem.
2843 5527 2967 5579 xxv,
2992 5508 3087 5567 27.
3163 5509 3209 5541 ”
3230 5505 3379 5563 Psal.
3416 5517 3536 5562 cui.

282 5591 368 5651 I5.
442 5597 489 5627 "
524 5594 725 5650 Ezech.
760 5608 861 5657 ιιι,
895 5591 983 5647 l7.

1552 5673 1790 5731 VARIE
1824 5674 2223 5734 LECTIONES.

386 5788 411 5817 ο
446 5795 537 5850 w.
572 5776 632 5850 ἢ.
742 5774 770 5815 ιι
813 5775 903 5831 τον.
939 5774 1070 5831 etot.

597 5871 871 5932 Ps'rnoe.
920 5868 1039 5933 Gn.
1070 5865 1443 5932 LXXXVII.

3120 5855 3197 5916 81
