3998 6390
501 292 605 354 257
616 286 639 354 1

1833 278 2190 341 PROCOPII
2228 277 2473 339 GAZx‘EI

3625 273 3748 339 257:7.

504 420 534 458 a
571 405 664 459 Dei
692 412 894 472 pecore
921 395 1086 466 lupos
1119 407 1331 448 arcere.
1364 387 1473 444 Sed
1507 389 1600 460 qui
1639 405 1700 445 se
1725 390 1886 459 primi
1915 406 2089 444 excie-

2221 386 2447 458 ιληθινδν
2480 385 2556 458 μὴ
2585 385 2916 458 δεξάμενοις
2952 387 3132 442 καίτοι
3169 385 3354 457 σαφῶς
3385 384 3549 440 ἐϐόα·
3587 405 3608 440 ι
3628 389 3753 458 Ἐγώ

501 503 720 560 carum,
779 502 1074 558 veramque
1133 486 1312 539 lucem
1368 499 1476 537 non
1539 482 1903 548 admiserunt,
1961 499 2086 536 cum

506 595 698 658 aperte
722 583 1074 645 clamantem,
1113 596 1131 629 ι
1171 575 1281 646 Ego
1323 591 1444 631 sum
1472 577 1562 629 lux
1593 575 1780 630 tnundi
1814 577 1881 640 οι,
1933 594 1950 627 ι
1992 591 2092 629 au-

506 675 744 733 dierint?
784 674 848 728 Et
892 685 1116 726 rursum
1156 687 1172 723 :
1212 686 1231 719 ι
1273 667 1377 734 Qui
1411 666 1662 736 sequitur
1697 681 1784 721 me
1831 680 1941 720 non
1973 682 2094 720 am-

510 768 722 822 httlahit
762 767 816 820 in
864 762 1128 824 tenebris,
1172 759 1266 815 sed
1301 759 1526 813 habebit
1565 759 1751 811 lumen
1785 757 1911 812 vita!
1955 758 2022 812 “.
2070 774 2089 809 ι

511 862 587 916 De
624 862 710 916 his
750 858 1012 914 nimirum
1051 854 1142 910 illa
1199 863 1351 918 sunt,
1395 867 1518 922 qum
1564 851 1708 921 apud
1767 849 2095 922 prophetam

484 955 755 1024 ,reperias
788 972 801 1008 :
847 972 866 1005 ι
899 950 1039 1006 Cum
1090 951 1272 1004 lucem
1305 956 1716 1020 exspectarent,
1767 948 1925 1002 taetre
1965 954 2096 1002 sunt

514 1049 623 1101 illis
655 1044 914 1100 tenebrae.
951 1041 1090 1096 Cum
1125 1039 1497 1110 splendorem,
1535 1039 1588 1092 in
1635 1039 1867 1109 caligine
1899 1039 2097 1091 ambu-

516 1131 853 1189 laverunt“.
893 1151 910 1182 ι
941 1128 1005 1184 Ει
1038 1130 1145 1184 ista
1171 1128 1337 1181 etiam
1375 1125 1717 1181 Salvatoris:
1753 1145 1772 1178 ι
1805 1125 1945 1183 Creei
1968 1135 2098 1181 sunt

513 1239 787 1280 caceurum
824 1221 995 1277 duces
1023 1221 1104 1284 si;
1138 1236 1156 1271 ι
1187 1218 1333 1288 quod
1363 1229 1444 1274 est
1474 1217 1540 1271 ad
1569 1224 1810 1271 mentem
1848 1215 2097 1272 referen-

513 1317 666 1372 dum.
704 1316 885 1382 Atque
922 1311 1051 1365 hinc
1088 1319 1175 1364 est
1219 1309 1365 1379 quod
1407 1323 1503 1364 eos
1536 1307 1639 1363 hoc
1674 1308 1794 1362 loco
1829 1309 2094 1378 propheta

513 1421 698 1475 sapere
727 1421 830 1457 non
864 1403 1068 1457 novisse
1099 1401 1302 1468 adjecit
1335 1420 1347 1455 :
1384 1399 1453 1454 ad
1490 1399 1635 1469 quod
1675 1399 1762 1454 his
1792 1400 1976 1456 verbis
2003 1399 2098 1454 ad-

519 1498 772 1554 hortatur
789 1505 843 1548 et
871 1492 1043 1548 David
1068 1511 1082 1547 :
1113 1511 1132 1544 ι
1172 1491 1583 1562 Apprehendite
1603 1489 1978 1561 disciplinam,
2004 1507 2099 1546 ne-

516 1593 739 1665 quando
776 1592 1052 1645 irascatur
1084 1587 1372 1650 Dominus,
1407 1595 1462 1642 et
1502 1587 1742 1658 pereatis
1774 1587 1840 1642 de
1872 1588 1957 1642 via
1999 1588 2101 1658 ju—

2193 482 2310 544 εἰμι
2333 479 2395 532 τὸ
2427 478 2545 548 φῶς
2575 478 2674 532 τοῦ
2705 479 2938 550 κόσμου.
2976 500 2995 533 ι
3023 480 3138 534 Καὶ
3173 479 3356 532 πάλιν·
3399 498 3418 532 ι
3457 481 3517 532 '0
3550 479 3754 534 ἀκολου-

2194 573 2306 627 θῶν
2338 572 2464 643 ἐμοὶ
2495 571 2554 624 ού
2593 571 2668 642 μὴ
2704 573 3062 644 περιπατήσῃ
3099 574 3155 623 ὲν
3180 574 3246 642 τῇ
3275 571 3488 641 σκοτίᾳ,
3521 571 3632 624 ἀλλ’
3659 571 3755 638 ἔξει

2193 665 2260 719 τὸ
2309 666 2428 736 φῶς
2485 664 2588 733 τῆς
2618 663 2793 733 ζωῆς·
2828 684 2850 716 ι
2897 665 3026 735 περὶ
3075 656 3151 717 ὧν
3196 663 3540 734 όπροφήτης
3571 666 3753 732 φησίν·

2202 778 2220 810 ι
2243 757 2688 829 ’Υπομεινάντων
2720 757 2902 812 αὐτῶν
2934 756 3073 828 φῶς,
3100 756 3316 825 ἐγένετο
3343 755 3531 818 αὐτοῖς
3555 756 3754 818 σκότος·

2200 852 2502 924 μεινάντων
2535 850 2732 922 αὐτὴν,
2769 852 2827 905 ἐν
2863 851 3042 921 ἀωρίᾳ
3088 849 3527 922 περιεπάτησαν.
3560 867 3578 901 ι
3611 850 3762 903 Καὶό

2197 943 2389 1016 Σωτὴρ
2408 942 2466 996 δέ
2498 956 2633 1014 φησι
2692 962 2712 996 ‹
2735 942 2939 1013 Τυφλοί
2965 943 3072 996 είσι
3101 940 3319 1009 τυφλῶν
3351 941 3561 1009 ὁδηγοὶ,
3591 941 3764 1009 δηλονο

2197 1037 2283 1090 ότι
2344 1037 2443 1108 τὴν
2471 1035 2734 1090 διάνοιαν.
2763 1055 2781 1088 ι
2816 1034 2979 1089 Ὅθεν
3009 1035 3259 1104 ἐπήγαγε
3289 1032 3385 1086 νῦν
3417 1033 3447 1084 ό
3481 1032 3761 1103 προφήτης,

2199 1130 2294 1184 καὶ
2325 1131 2437 1183 οὐκ
2472 1128 2752 1198 ἔγνωσαν
2789 1119 3114 1197 φρονῆσαι.
3153 1122 3230 1178 Δι’
3261 1127 3398 1196 ὅπερ
3435 1109 3616 1186 αὐτοῖς
3644 1141 3768 1195 παρ-

2201 1220 2487 1275 εκελεύετο
2517 1221 2611 1274 καὶ
2636 1219 2802 1274 Δαϐίδ
2819 1236 2834 1252 ·
2883 1239 2899 1271 ι
2931 1217 3212 1286 Δράξασθε
3243 1215 3519 1278 παιδείας,
3556 1217 3626 1285 μή
3653 1233 3767 1270 ποτε

2199 1311 2428 1384 ὀργισθῇ
2465 1311 2672 1383 Κύριος
2734 1310 2832 1363 καὶ
2873 1308 3164 1364 ἀπολεῖσθε
3220 1307 3278 1374 ἐξ
3325 1305 3449 1360 ὁδοῦ
3497 1306 3764 1368 δικαίας.»

2214 1406 2303 1469 Ὦς
2337 1403 2414 1476 μὴ
2444 1403 2764 1467 πεισθέντες
2787 1404 2852 1457 ἐκ
2881 1403 2980 1473 τῆς
3005 1400 3123 1455 ὁδοῦ
3149 1403 3248 1472 τῆς
3271 1397 3630 1468 εύαγγελικῆς
3651 1399 3773 1451 ἁπο-

2201 1496 2408 1551 λῶλασι
2441 1497 2541 1550 σὺν
2565 1497 2771 1563 αὐτοῖς,
2807 1489 2890 1560 οἷς
2923 1495 3269 1565 ἐποίμαινον,
3304 1493 3446 1565 πρὸς
3475 1491 3551 1561 τῷ
3583 1492 3654 1562 μὴ
3681 1511 3771 1562 φυ-

2201 1591 2419 1646 λάττειν
2443 1589 2523 1657 ὡς
2551 1589 2753 1656 κύνες,
2785 1588 2854 1643 τὰ
2880 1588 2988 1643 τῶν
3020 1587 3202 1641 λύκων
3229 1586 3578 1657 ποιήσαντες,
3604 1585 3672 1646 ὡς
3695 1584 3773 1637 iti-

517 1698 600 1740 sta
635 1687 700 1738 ⁸⁵.
725 1703 753 1754 η»
797 1682 951 1736 Sicut
980 1680 1293 1734 infidelibus
1343 1680 1597 1751 contigit,
1628 1681 1720 1748 qui
1753 1695 1782 1732 a
1818 1680 1899 1734 via
1934 1695 2102 1734 evan-

2221 1684 2399 1754 recreat.
2425 1682 2557 1755 περί
2583 1681 2767 1736 αὐτῶν
2784 1697 2800 1713 ·
2841 1701 2860 1733 ι
2882 1681 2947 1735 Οἱ
2974 1679 3144 1752 ἱερεῖς
3169 1682 3270 1734 οὐκ
3300 1677 3460 1732 εἷπον
3481 1719 3494 1741 ,
3529 1677 3634 1730 Ποῦ
3664 1679 3772 1730 ὲστι

519 1775 694 1848 gelica
725 1752 1076 1826 aberrantes
1142 1768 1214 1823 ob
1271 1767 1325 1822 id
1375 1745 1523 1824 cumv
1567 1745 1732 1838 grege
1795 1769 2098 1840 perierunt,

2221 1773 2449 1846 Κύριος;
2503 1772 2602 1825 καὶ
2653 1773 2703 1826 οἱ
2753 1769 3108 1842 ἀντεχόμενοι
3158 1767 3254 1823 τοῦ
3297 1768 3494 1837 νόμου,
3526 1768 3622 1819 οὐκ
3663 1766 3776 1836 ἠπίσ-

515 1863 663 1934 quod
693 1877 799 1917 non
835 1861 1037 1922 solum,
1090 1869 1148 1912 ut
1192 1874 1373 1922 canes,
1409 1874 1534 1913 eum
1567 1874 1674 1912 non
1711 1860 2098 1924 custodirent;

517 1955 613 2011 sed
639 1953 804 2026 642
848 1953 1104 2022 luporum
1135 1965 1288 2006 more
1319 1951 1375 2004 in
1415 1949 1668 2006 eumdem
1717 1951 1974 2004 satvireut
2014 1952 2099 2018 °°;

516 2044 702 2117 qualia
743 2045 811 2096 de
872 2039 1009 2108 ipsis
1059 2039 1205 2093 hunc
1242 2039 1296 2092 in
1339 2037 1560 2093 modum
1597 2039 1830 2110 legimus
1866 2057 1880 2092 :
1929 2061 1946 2092 ι
1995 2041 2100 2095 Sa-

521 2135 775 2190 cerdotes
825 2132 902 2188 tui
939 2146 1052 2186 non
1085 2130 1348 2186 dixerunt
1382 2147 1396 2185 :
1428 2129 1532 2185 Ubi
1557 2139 1643 2185 est
1677 2130 1993 2187 Dominus?
2049 2140 2097 2188 et

517 2226 615 2298 qui
675 2226 854 2295 legem
890 2230 1081 2278 tenent
1112 2237 1199 2277 me
1229 2221 1558 2292 ignorarunt
1583 2223 1649 2276 ".
1698 2242 1715 2274 ι
1762 2223 1828 2276 Ει
1855 2232 2107 2294 pastores

522 2319 690 2388 impie
725 2318 779 2372 in
840 2330 928 2370 me
976 2321 1228 2385 egerunt,
1270 2314 1366 2384 qui
1432 2329 1503 2368 ne
1566 2313 1633 2368 ad
1682 2314 1940 2368 latratum
1983 2316 2108 2386 qui-

521 2411 646 2466 dem
701 2424 878 2478 usque
927 2407 1205 2495 progressi
1263 2415 1432 2462 sunt:
1495 2406 1591 2462 sed
1646 2407 1784 2461 nihil
1819 2407 2046 2463 omnino
2081 2425 2110 2463 a

2213 1864 2406 1920 σταντό
2432 1881 2519 1936 με.
2551 1883 2570 1916 ι
2595 1863 2706 1919 Καὶ⁵
2737 1864 2788 1916 οἱ
2820 1862 3076 1934 ποιμένες
3094 1860 3325 1933 ἠσέϐουν
3342 1861 3424 1923 είς
3452 1859 3570 1930 ἐμὲ,
3589 1859 3646 1912 Οἳ
3673 1859 3775 1913 οὐδὲ

2216 1957 2380 2028 μέχρι
2408 1954 2504 2009 τοῦ
2536 1953 2828 2011 ὑλακτεῖν
2857 1953 3134 2026 ἐχώρουν,
3168 1952 3307 2008 ἀλλά
3349 1951 3450 2007 καὶ
3481 1951 3630 2004 οὐδὲν
3660 1954 3779 2003 καθ.

2212 2049 2514 2105 ευὸόντων
2539 2048 2886 2120 διαφέροντες
2908 2047 3240 2117 φαντασίαις
3275 2047 3570 2118 προσεῖχον
3613 2043 3778 2113 μόναις

2213 2142 2402 2216 ῶσπερ
2439 2131 2952 2211 ἐνυπνιαζόμενοι.
2995 2141 3088 2193 Διὸ
3120 2137 3424 2211 Σύμμαχος
3471 2137 3572 2206 μέν
3603 2151 3776 2206 φησιν·

2215 2231 2607 2304 ὀραματισταί
2621 2231 2991 2302 κοιμώμενοι,
3009 2229 3358 2302 ἀγαπῶντες
3379 2225 3705 2288 νυστάζειν.
3730 2227 3779 2280 Ὀ

2218 2324 2277 2379 δὲ
2315 2323 2572 2390 Ἀκύλας·
2602 2321 3030 2397 φανταζόμενοι
3061 2321 3438 2394 κοιμώμενοι,
3464 2317 3782 2390 ἀγαπῶντες

2221 2413 2546 2479 νυστάξαι.

522 2501 911 2558 dormientibus
940 2498 1281 2563 differentes,
1318 2498 1475 2554 vanis
1549 2506 1762 2553 tantum
1835 2499 2348 2571 imaginationibus,
2413 2507 2585 2561 veluti
2635 2505 2726 2579 qui
2791 2505 3082 2569 somniant,
3138 2505 3532 2569 atlenderunt;
3568 2519 3671 2574 quo
3715 2503 3783 2558 la.

521 2604 672 2674 ctum
721 2604 827 2661 est,
876 2601 935 2647 ut
991 2593 1114 2647 visis
1164 2591 1417 2646 delectari
1455 2590 1843 2663 Symmachus,
1903 2597 2112 2651 somnia
2194 2607 2376 2655 autem
2436 2602 2637 2671 ﬁngere
2689 2599 3027 2668 Theodotio;
3079 2609 3312 2670 uterque
3368 2599 3539 2656 simul
3588 2601 3784 2668 quietem

523 2700 576 2748 et
601 2689 1038 2744 dormitationem
1067 2704 1252 2743 amare
1281 2687 1547 2744 dixerint.

600 2783 764 2839 'l‘ales
806 2783 978 2854 igitur
1006 2783 1060 2838 in
1088 2796 1382 2839 extraneos
1417 2791 1612 2838 contra
1650 2797 1794 2854 quos
1819 2783 2116 2855 vigilantes

527 2886 584 2934 et
615 2875 835 2932 sobrios
871 2891 997 2932 esse
1025 2875 1293 2944 oportuit,
1342 2875 1450 2946 ipsi
1500 2891 1561 2931 se
1604 2877 2004 2946 praestiterunt,
2059 2876 2113 2929 in

530 2968 869 3026 domesticos
911 2976 1096 3023 autem
1130 2967 1503 3038 impudentes,
1534 2969 1628 3039 qui
1680 2969 1977 3025 commissa
2012 2969 2116 3024 sibi

532 3072 756 3130 pecora,
797 3071 997 3126 magna
1034 3061 1091 3110 et
1139 3055 1462 3127 inexplebili
1509 3057 1811 3126 cupiditate
1845 3056 2114 3127 depasce-

532 3158 677 3208 rent.
725 3145 860 3205 Jura
892 3149 1040 3206 enim
1093 3151 1341 3220 corrupti
1388 3150 1554 3206 donis
1593 3151 1939 3214 evertebant,
1975 3150 2120 3205 sicut

537 3253 624 3300 est
654 3260 685 3299 a
725 3243 990 3314 propheta
1021 3240 1178 3312 prius
1211 3242 1627 3311 exprobratum,
1673 3243 1765 3297 ubi
1811 3257 1908 3298 eos
1940 3242 2121 3296 furum

538 3337 727 3394 socios
770 3352 918 3401 esse,
949 3335 1206 3403 donaque
1235 3333 1464 3406 diligere
1494 3344 1833 3406 conquestus
1852 3344 1958 3390 est.
1983 3334 2128 3401 Quin

535 3436 748 3483 etcum
812 3423 922 3480 Deo
957 3423 1238 3479 Habacum
1290 3425 1654 3492 expostulans
1702 3423 1758 3478 in
1809 3423 1924 3478 haec
1961 3423 2130 3478 verba

536 3515 704 3574 etiam
732 3514 1018 3585 erumpit:
1053 3532 1073 3566 ι
1109 3513 1190 3568 Ex
1227 3513 1460 3570 adverso
1493 3515 1598 3570 mei
1629 3514 1832 3570 factum
1869 3523 1954 3570 est
1979 3513 2130 3584 judi-

541 3607 727 3674 cium;
761 3616 820 3662 et
847 3607 1020 3677 judex
1049 3606 1274 3678 accipit,
1308 3621 1432 3660 eam
1475 3611 1546 3662 ob
1589 3622 1705 3661 rem
1751 3606 2016 3676 dissipata
2049 3615 2136 3662 est

543 3699 652 3764 lex,
686 3713 865 3767 neque
915 3700 970 3754 in
1022 3700 1182 3753 tinem
1239 3697 1498 3752 educitur
1526 3698 1835 3767 judicium;
1870 3698 1996 3767 quia
2028 3698 2134 3751 im-

544 3793 671 3862 pius
703 3790 962 3860 pt'mvalet
995 3788 1263 3843 adversus
1288 3787 1503 3857 justum
1530 3788 1598 3842 ⁸⁸.
1636 3806 1656 3840 ι
1680 3786 1760 3842 Εο
1792 3789 1912 3857 ipso
1937 3787 2136 3842 deinde

543 3881 692 3952 quod
723 3883 970 3936 decimas
1008 3888 1223 3933 tantum
1259 3878 1328 3933 de
1374 3879 1647 3934 fructibus
1704 3879 1988 3949 percipere
2034 3880 2133 3933 de-

548 3973 774 4038 bebant,
830 3969 1120 4034 anethum,
1160 3977 1217 4023 et
1270 3968 1568 4034 mentham,
1623 3969 2018 4039 cuminumque
2053 3970 2137 4040 ip-

546 4079 673 4124 sum
704 4061 1059 4118 decimabant
1108 4077 1123 4115 :
1165 4058 1448 4130 justitiam
1494 4074 1657 4124 vero,
1695 4060 2135 4116 misericordiam

547 4166 605 4212 et
650 4155 836 4215 tidem,
878 4160 1022 4208 teste
1054 4149 1346 4206 Salvatore
1376 4150 1421 4182 ‘°
1443 4190 1458 4217 ,
1485 4149 1854 4226 negligebaut.
1887 4150 2011 4218 Quo
2051 4152 2136 4207 fa—

550 4256 702 4298 ctum
739 4254 846 4309 est,
883 4250 944 4296 ut.
983 4258 1162 4297 omnes
1186 4243 1297 4296 vias
1322 4256 1478 4305 suas,
1517 4257 1626 4296 non
1664 4241 1756 4296 Dei
1788 4251 1995 4297 secutos
2027 4259 2140 4298 esse

552 4336 777 4392 dixerit.
811 4333 998 4404 Neque
1027 4349 1158 4388 vero
1191 4335 1327 4388 tales
1356 4339 1417 4387 Se
1447 4340 1661 4386 tantum
1688 4334 1968 4404 sigillatim
2001 4351 2140 4405 pra:-

2298 2781 2411 2836 Καί¹
2453 2779 2691 2835 τοιοῦτοι
2723 2779 2824 2852 μὲν
2851 2774 2994 2853 ἦσαν
3028 2777 3166 2850 πρὸς
3195 2780 3324 2842 τοὺς
3359 2775 3542 2842 ἐκτὸς,
3575 2774 3690 2829 καθ’
3726 2769 3788 2830 ὧν

2226 2873 2332 2928 ἔδει
2363 2873 2788 2945 διεγρηγορέναι
2809 2874 2904 2926 καὶ
2934 2872 3149 2944 νήφειν.
3170 2866 3312 2941 Πρὸς
3341 2867 3404 2923 δὲ
3426 2870 3552 2932 τοὺς
3580 2868 3790 2931 οἰκείους

2225 2966 2496 3030 ἀναιδεῖς,
2536 2964 2917 3030 κατεσθίοντες
2975 2965 3043 3018 τὰ
3109 2961 3454 3033 ὑποκείμενα
3500 2960 3788 3033 θρέμματα,

2231 3060 2328 3112 καὶ
2379 3057 2536 3112 τοῦτο
2586 3057 2711 3111 λίαν
2771 3057 3090 3129 ἀπλήστως.
3149 3055 3527 3126 Παρεδίκαζον
3575 3056 3675 3124 γὰρ
3717 3055 3791 3106 διὰ

2227 3149 2397 3219 δῶρα,
2444 3147 2700 3220 καθάπερ
2736 3147 2840 3220 ἔφη
2896 3146 3191 3219 προλαϐὼν
3215 3148 3536 3219 προφήτης·
3572 3144 3794 3199 κοινωνοὶ

2228 3242 2499 3307 κλέπτων,
2533 3241 2860 3311 ἀγαπῶντες
2888 3242 3057 3314 δῶρα.
3091 3241 3204 3296 Καὶ
3233 3241 3566 3311 Ἀμσακοίιμ
3594 3240 3649 3294 δὲ
3678 3238 3793 3306 πρὸς

2232 3331 2322 3386 τὸν
2378 3333 2512 3388 Θεὸν
2562 3334 3011 3405 ἀγανακτητικάς
3071 3333 3244 3387 εἰπὼν
3276 3332 3466 3401 φωνὰς
3533 3331 3790 3402 ἐπιφέρει·

2240 3443 2259 3476 ‹
2283 3424 2374 3490 Ἐξ
2393 3425 2642 3490 ἐναντίας
2674 3431 2776 3498 μου
2806 3425 3000 3495 γέγονε
3025 3425 3230 3495 κρίσις,
3255 3425 3351 3478 καὶ
3391 3426 3423 3479 ό
3463 3424 3651 3497 κριτὴς
3677 3423 3794 3490 λαμ-

2235 3516 2409 3569 ϐάνει.
2425 3515 2525 3568 Διά
2546 3515 2704 3569 τοῦτο
2718 3515 3100 3569 διεσκέδασται
3115 3515 3302 3586 νόμος,
3318 3515 3417 3569 καὶ
3449 3515 3549 3570 ούκ
3566 3515 3794 3582 ἐξάγεται

2236 3610 2318 3670 εἰς
2345 3609 2502 3673 τέλος
2554 3611 2750 3679 κρῖμα,
2782 3609 2864 3662 ὅτι
2911 3610 2939 3661 ὁ
2971 3609 3176 3680 ἀσεϐὴς
3227 3607 3688 3664 καταδυναστεύει
3717 3607 3793 3659 τὸν

2235 3700 2464 3755 δίκαιον.
2495 3719 2513 3753 ι
2549 3702 2658 3754 Καὶ
2677 3700 2771 3753 τοῦ
2789 3700 2847 3754 δὲ
2878 3698 3230 3771 καρποῦσθαι
3260 3700 3360 3764 τὰς
3386 3699 3617 3764 δεκάτας
3639 3699 3792 3768 μόνον,

2237 3793 2481 3862 ἐγίνοντο
2510 3791 2975 3856 ἀπώεκατοῦντες
3010 3792 3070 3846 τὸ
3100 3792 3299 3864 ἄνηθον
3327 3794 3429 3847 καὶ
3456 3793 3520 3847 τὸ
3551 3791 3793 3864 ἡδύοσμον

2238 3885 2335 3940 καὶ
2367 3884 2429 3938 τὸ
2457 3884 2708 3957 κύμινον,
2736 3885 2828 3940 καὶ
2856 3883 3211 3957 παρορῶντες
3242 3887 3343 3957 τὴν
3393 3885 3603 3958 κρίσιν,
3629 3884 3717 3937 καὶ
3745 3882 3795 3935 τὸ

2237 3975 2388 4041 ἔλεος
2426 3977 2521 4031 καὶ
2551 3977 2652 4048 τὴν
2681 3977 2886 4045 πίστιν,
2915 3977 3056 4032 καθά
3085 3995 3248 4048 φησιν
3276 3979 3308 4032 ό
3347 3978 3566 4048 Σωτήρ.
3608 3974 3796 4045 Ταύτης

2237 4067 2404 4122 ἕνεκα
2460 4070 2562 4140 τῆς
2606 4070 2789 4134 αἰτίας
2831 4068 3054 4137 πάντες
3088 4069 3227 4140 φησὶ
3263 4069 3392 4136 ταῖς
3424 4069 3589 4133 ὁδοῖς
3624 4064 3796 4121 αὐτῶν

2238 4161 2690 4230 ἠκολούθησαν,
2728 4163 2790 4218 οὺ
2818 4165 2941 4227 ταῖς
2981 4163 3120 4226 ὁδοῖς
3159 4161 3254 4216 τοῦ
3280 4161 3443 4216 Θεοῦ.
3463 4161 3572 4215 Καὶ
3600 4160 3657 4214 ού
3689 4155 3793 4213 καθ’

2241 4251 2338 4306 ἕνα
2363 4253 2526 4324 μόνον
2548 4249 2690 4326 ἦσαν
2710 4254 2966 4319 τοιοῦτοι,
2985 4254 3122 4310 ἀλλὰ
3139 4255 3232 4308 καὶ
3245 4253 3465 4308 κατὰτὸ
3481 4252 3610 4307 αὐτὸ
3637 4249 3797 4305 συνέδ-

2246 4361 2338 4416 ρια
2372 4344 2689 4416 ποιούμενοι
2738 4346 2972 4417 πονηρὰ,
3011 4343 3098 4400 οἷα
3134 4347 3203 4400 τὰ
3241 4347 3384 4400 κατὰ
3428 4343 3682 4417 Χριστοῦ,
3718 4340 3798 4395 καὶ

554 4430 836 4494 stitet'unt,
873 4428 968 4483 sed
1014 4442 1179 4481 unam
1213 4441 1404 4480 omnes
1435 4428 1751 4496 opinionem
1786 4427 1962 4480 secuti
1997 4430 2115 4482 mal:

2243 4436 2354 4490 τῶν
2380 4437 2716 4492 ἀποστόλων.
2763 4438 2897 4504 Ταῖς
2939 4439 3046 4509 γὰρ
3079 4437 3241 4505 ὁδοῖς
3271 4437 3474 4493 αὐτῶν
3535 4437 3799 4492 ἀκολουθ-

552 4522 788 4575 concilia
825 4521 1108 4574 inierunt:
1154 4517 1316 4588 cujus
1369 4517 1587 4588 generis
1620 4517 1708 4570 illa
1759 4516 1985 4573 fuerunt
2019 4537 2115 4589 qua

2244 4527 2458 4594 οῦντες
2487 4529 2757 4600 φιλήδονοι
2793 4527 2994 4600 μᾶλλον
3023 4525 3185 4600 ἦσαν,
3216 4529 3248 4600 ἢ
3284 4528 3574 4599 φιλόθεοι..

555 4611 612 4666 in
670 4609 957 4665 Christum
1018 4618 1072 4661 et
1127 4605 1411 4678 apostolos
1467 4605 1800 4662 habuerunt.
1868 4607 2004 4660 Cum
2045 4609 2189 4665 enim
2223 4629 2351 4670 suas
2391 4617 2476 4671 illi
2507 4620 2618 4672 vias
2692 4631 3055 4690 sequerentur,
3084 4619 3426 4691 voluptatum
3477 4636 3537 4676 se
3579 4630 3796 4678 suarum,

553 4721 717 4777 quam
760 4704 854 4758 Dei
891 4703 1225 4756 amantiores
1261 4700 1635 4770 praebuerunt.

1165 4791 1321 4848 CAP.
1359 4791 1517 4847 LVll.

632 4891 798 4945 Vens.
870 4883 1042 4956 1-H.
1097 4883 1274 4938 Videte
1320 4883 1584 4953 quomodo
1631 4883 1812 4952 justus
1858 4884 2036 4952 periit,
2092 4893 2140 4938 et

559 4983 736 5038 nullus
789 4981 868 5034 vir
915 4977 1137 5047 suscipit
1189 4975 1365 5030 corde.
1400 4974 1468 5028 Et
1521 4975 1620 5028 viri
1666 4976 1807 5043 justi
1857 4977 2141 5038 tolluntur,

557 5091 719 5144 neque
754 5077 1034 5143 quisquam
1066 5077 1169 5130 est,
1204 5068 1295 5138 qui
1347 5066 1661 5120 consideret.
1705 5069 1744 5118 Α
1800 5068 1938 5135 [acie
1979 5069 2146 5137 siqui-

2164 4798 2218 4868 ι)
2822 4797 3071 4849 ΚΕΦΑΛ.
3121 4795 3245 4849 ΝΖ’.

2317 4885 2466 4941 α-ιδ’.
2505 4887 2682 4942 Ἴδετε
2718 4889 2800 4954 ὼς
2828 4891 2860 4942 ό
2883 4890 3121 4954 λίκαιος
3151 4887 3446 4953 ἀπώλετο,
3496 4888 3595 4942 καί
3628 4886 3800 4951 οὐδεὶς

2246 4977 2404 5047 ἀνὴρ
2454 4978 2762 5048 ἐκδέχεται
2809 4979 2885 5049 τῇ
2932 4980 3165 5050 καρδίᾳ.
3217 4980 3325 5035 Καὶ
3372 4981 3585 5052 ἄνδρες
3613 4980 3799 5034 δίκαιοι

2248 5071 2538 5139 αἴρονται,
2569 5071 2670 5125 καὶ
2709 5071 2909 5138 οὐδεὶς
2967 5073 3265 5127 κατανοεῖ.
3290 5075 3437 5127 Ἀπὸ
3483 5074 3590 5143 γὰρ
3635 5084 3800 5140 προσ-

558 5167 676 5220 dem
706 5163 1008 5235 iniquitatis
1045 5159 1288 5216 sublatus
1318 5171 1392 5213 est
1419 5160 1624 5227 justus.
1671 5158 1790 5213 Erit
1823 5161 1876 5213 in
1902 5176 2030 5229 pace
2065 5177 2115 5214 se

2249 5163 2415 5218 ὡπου
2442 5163 2678 5230 ἀδικίας
2721 5161 2892 5234 ἦρται
2923 5168 2956 5218 ὀ
2990 5165 3245 5233 δίκαιος.
3277 5167 3490 5220 Ἔσται
3521 5167 3589 5220 ἐν
3617 5163 3800 5234 εἰρήνῃ

558 5255 776 5326 pultura
853 5253 991 5319 eius,
1064 5250 1280 5306 sublata
1322 5259 1400 5304 est
1452 5251 1514 5302 de
1559 5251 1750 5304 medio.
1817 5248 1920 5304 Vos
1971 5261 2115 5306 eum

2251 5257 2291 5323 ἠ
2333 5255 2491 5324 ταφὴ
2533 5256 2740 5310 αὐτοῦ.
2780 5252 2983 5324 Ἦρται
3027 5257 3096 5310 ἐκ
3136 5259 3244 5312 τοῦ
3283 5259 3496 5330 μέσου.
3536 5257 3719 5328 Ὑμεῖς
3745 5255 3800 5306 δὲ

561 5344 793 5398 accedite
842 5343 960 5406 huc,
1018 5342 1120 5410 [itii
1174 5342 1374 5410 iniqui,
1426 5357 1599 5395 semen
1651 5341 2048 5406 adulterorum,
2095 5353 2146 5398 et

564 5437 856 5491 meretricis
873 5476 887 5500 ,
929 5444 1039 5490 etc.

637 5526 825 5597 ltaque
859 5524 1068 5579 nefaria
1101 5539 1291 5580 eorum
1330 5523 1686 5578 iuChristum
1721 5533 1773 5578 et
1801 5523 1982 5595 justos
2009 5541 2142 5582 con-

637 5685 681 5716 “
719 5682 876 5736 Joau.
909 5696 1042 5746 vui,
1080 5683 1140 5736 l2
1214 5682 1259 5713 “
1307 5682 1441 5737 ibid.
1512 5683 1559 5715 ⁵⁸
1601 5682 1705 5739 lsa.
1759 5701 1868 5750 th,
1909 5686 1963 5740 9.

568 5752 615 5786 ⁸⁷
659 5756 902 5825 .Sophon.
937 5767 1019 5818 ιιι,
1053 5753 1108 5805 4.
1186 5752 1231 5784 ⁸⁸
1262 5751 1466 5810 llabac.
1506 5771 1558 5820 t,
1589 5756 1641 5821 5,
1674 5757 1727 5812 4.

2064 5688 2110 5720 ⁸⁵
2133 5685 2323 5742 Matth.
2359 5704 2449 5752 xv,
2483 5690 2568 5746 M.

1828 5761 1870 5790 ⁸³⁸
1908 5756 2101 5813 Matth’.
2134 5774 2265 5813 χχιιι
2293 5799 2307 5825 ,
2339 5761 2427 5814 ‘25.

2252 5345 2672 5416 προσαγάγετε
2723 5339 2840 5400 ὦδε
2883 5348 3005 5402 υἱοὶ
3050 5348 3285 5421 ἄνομοι,
3331 5349 3565 5418 σπέρμα
3599 5343 3800 5417 μοιχῶν

2249 5437 2349 5491 καὶ
2381 5438 2636 5507 πόρνης,
2666 5456 2720 5494 κ.
2745 5457 2799 5494 τ.
2835 5439 2884 5494 λ.
3791 5515 3794 5518 _

2320 5530 2401 5581 Δι’
2433 5530 2574 5603 ὅπερ
2612 5531 2776 5596 εὐθὺς
2810 5531 2992 5589 αὐτῶν
3021 5532 3088 5588 τὰ
3143 5533 3285 5590 κατὰ
3313 5533 3548 5606 Χριστοῦ
3589 5527 3796 5586 καὶτῶν

2659 5693 2703 5724 ⁸⁸
2735 5689 2880 5748 Psal.
2938 5708 2998 5758 ιι,
3043 5693 3129 5749 12.
3207 5695 3254 5726 θα
3301 5692 3495 5751 Ezech.
3539 5707 3674 5757 χιιι,
3711 5686 3790 5743 26.
