3998 6390
246 387 389 450 Ξῑιῗῧ
1381 378 1914 447 ΕΟΜΜΕΝΤΛΒῙΙ
1977 385 2055 448 lN
2120 380 2405 450 ISAIAM.

3362 388 3502 451 23.74

238 500 468 554 δικαίων
523 499 779 568 ἐπιφέρει
823 500 1157 570 τολμήματα
1207 500 1415 570 λέγων·
1468 497 1658 555 Ἴδετε
1683 500 1764 564 ὠς
1802 517 1823 553 ί

1938 501 2066 556 cilia
2115 503 2301 559 statim
2347 501 2580 567 addidit,
2624 517 2746 556 cum
2786 501 2971 556 dixit:
3022 502 3200 557 Videte
3254 508 3515 573 quomodo

241 594 475 660 δίκαιος
508 592 759 661 αἴρεται,
795 593 896 646 καὶ
924 594 1128 660 οὐδείς
1158 594 1467 665 ἐκδέχεται
1494 593 1569 663 τῇ
1605 591 1840 661 καρδίᾳ.

1935 593 2117 662 justus
2165 596 2396 661 tollitur,
2438 604 2490 650 et
2535 612 2687 651 nemo
2724 584 2945 664 suscipit
2979 596 3156 649 corde.
3200 590 3307 651 Sed
3334 598 3517 659 enim,

244 686 353 739 Καὶ
388 685 510 748 πῶς
556 685 668 755 γὰρ
720 683 958 755 ἤμελλον
1011 684 1163 738 ἰδεῖν
1195 686 1243 739 οἱ
1288 681 1575 756 τυφλοί;ἦ
1616 683 1726 754 γὰρ
1776 683 1823 737 ἆε

1943 685 2036 754 qui
2068 685 2244 740 videre
2272 694 2547 757 poterant,
2579 685 2672 757 qui
2701 686 2830 741 caeci
2862 677 3059 741 erant?
3105 688 3305 739 Annon
3346 683 3515 749 enim,

243 776 430 847 ἐώρων
462 776 649 839 αὑτὸν,
668 776 766 848 τὴν
799 776 931 831 κατ’
966 777 1152 831 αὐτῶν
1182 778 1493 850 οἰκονομίαν
1521 779 1837 860 νοήσαντες,

241 872 332 923 καὶ
360 870 461 925 οὐκ
492 871 558 924 ἂν
596 873 661 925 ἐκ
695 871 805 924 τῶν
852 872 1118 927 ἐναντίων
1148 871 1335 939 ἐλεγον
1355 887 1369 902 ·
1407 890 1426 923 ι
1451 874 1714 942 Δήσωμεν
1747 869 1840 922 τὸν

242 950 450 1015 δίκαιον
480 962 564 1015 ὅτι
589 963 929 1034 δύσχρηστος
958 965 1090 1036 ἡμῖν
1122 965 1304 1030 aestv;
1341 983 1358 1013 ι
1396 961 1712 1030 Δίκαιοςδέ
1746 957 1838 1032 ἦν,

241 1055 315 1119 ὡς
347 1057 449 1111 οὐκ
497 1055 654 1120 εἰδὼς
710 1057 1029 1129 ἁμαρτίαν⁶
1075 1058 1136 1111 οὺ
1179 1058 1207 1098 ά
1269 1058 1591 1129 μετέχοντες
1631 1058 1726 1111 καὶ
1784 1056 1837 1109 οἱ

246 1147 487 1218 μαθηταὶ
514 1149 914 1219 χρηματίζουσι
942 1149 1184 1214 δίκαιοι,
1235 1148 1330 1215 οὓς
1378 1150 1475 1204 καὶ
1502 1150 1698 1212 αὐτοὺς
1727 1148 1834 1203 ἀπ-

244 1228 499 1297 έκτειναν
524 1243 615 1297 τὸν
637 1243 996 1313 εὐαγγελικδν
1016 1244 1203 1308 αὐτοῖς
1220 1230 1625 1316 πρεσϐεύοντας
1649 1240 1831 1312 λόγον.

250 1334 611 1389 ’Λπέκτειναν
632 1334 767 1403 γοῦν
799 1336 1060 1391 Ἰάκωϐον
1100 1337 1193 1391 τὸν
1219 1335 1452 1407 ἀδελφὸν
1476 1335 1572 1390 τοῦ
1600 1335 1828 1407 Κυρίου,

240 1426 335 1479 καὶ
380 1424 682 1494 Στέφανον,
742 1426 804 1479 τὸ
859 1429 960 1497 τῆς
1014 1427 1273 1489 ἀσεϐείας
1337 1426 1438 1479 οὐκ
1489 1424 1830 1495 ἐννοούμενοι

244 1514 507 1587 μέγεθοςο
540 1517 678 1589 ὅπερ
733 1518 855 1572 ἐστὶ
904 1518 986 1583 τὸ,
1032 1512 1121 1589 μὴ
1150 1511 1509 1587 ἐκδέχεσθαι
1556 1517 1633 1588 τῇ
1687 1535 1827 1588 καρ-

240 1612 335 1676 δίᾳ
344 1651 358 1664 .

305 1783 510 1857 Ἦρται
537 1788 594 1842 δὲ
620 1788 715 1842 καὶ
754 1786 821 1841 ἑκ
843 1784 1171 1857 προσώπου
1201 1776 1439 1849 ἀδικίας
1476 1786 1509 1839 ό
1534 1782 1767 1849 δίκαιος
1800 1798 1815 1811 ’

238 1879 382 1931 τοῦτ’
410 1878 577 1943 ἐστιν,
603 1880 653 1933 ot
680 1879 853 1934 ἄδικοι
882 1877 1327 1949 κατηγωνίσαντο
1351 1878 1494 1944 τοὺς
1520 1876 1813 1944 δικαίους.

252 1969 416 2039 Ὁμοῦ
453 1969 510 2022 δὲ
550 1969 646 2023 καὶ
691 1969 783 2023 τὸν
817 1969 1068 2037 θάνατον,
1105 1969 1199 2024 καὶ
1239 1968 1341 2040 τὴν
1389 1970 1684 2025 ἀνάστασιν
1729 1967 1825 2023 τοῦ

238 2058 446 2130 Κυρίου
484 2059 780 2129 δεδήλωκε.
803 2059 905 2113 Διὰ
939 2061 1037 2131 μὲν
1068 2059 1179 2129 τῆς
1205 2058 1425 2130 ταφῆς,
1458 2059 1550 2116 τὸν
1573 2060 1823 2116 θάνατον’

239 2135 327 2203 διὰ
372 2149 430 2203 δὲ
460 2150 556 2204 τοῦ
601 2144 776 2221 ἥρθαι
817 2140 1022 2222 ταύτην
1053 2151 1121 2205 ἐκ
1163 2150 1352 2222 μέσου,
1377 2151 1479 2222 τὴν
1506 2150 1822 2207 ἀνάστασιν.

250 2242 492 2314 Ἀφανὴς
524 2243 635 2314 γὰρ
669 2243 859 2313 γέγονε
887 2243 963 2315 μὴ
997 2237 1283 2315 μείναντος
1314 2246 1373 2298 ἐν
1406 2245 1544 2318 αὐτῇ
1590 2244 1685 2299 τοῦ
1730 2263 1825 2300 τα-

236 2335 451 2401 φέντος,
482 2333 559 2396 ὡς
586 2335 795 2387 καὶτὸν
830 2329 1063 2404 ἄγγελον
1090 2333 1272 2404 λέγειν
1291 2351 1305 2365 ο
1344 2335 1533 2402 Δεῦτε,
1568 2336 1705 2390 ἴδετε
1736 2336 1827 2389 τὸν

235 2426 403 2476 τόπον
433 2425 567 2476 ὅπου
602 2422 801 2477 ἔκειτο.
840 2424 965 2487 Πῶς
1009 2424 1068 2479 δὲ
1118 2425 1343 2494 γέγονεν
1371 2426 1411 2494 ἡ
1445 2424 1603 2495 ταφή
1638 2423 1826 2479 αὑτοῦ

233 2513 308 2566 ἐν
331 2514 561 2582 εἰρήνῃ,
590 2513 622 2583 ἢ
652 2514 732 2568 ὃτι
761 2514 1000 2581 σιωπῶν,
1042 2515 1138 2569 καὶ
1182 2517 1350 2587 μηδὲν
1388 2516 1685 2585 ἀντιλέγων
1712 2518 1824 2584 [ἁν-

238 2618 479 2676 ῃρηται;
512 2607 543 2677 ἢ
589 2608 671 2661 ὅτι
716 2606 817 2660 οὐκ
846 2607 1211 2662 ἐπεδικάσατο
1244 2608 1409 2662 αὑτοῦ
1451 2611 1480 2664 6
1517 2610 1701 2681 ἄρχων
1729 2606 1826 2662 τοῦ

235 2701 445 2770 κόσμου
482 2698 697 2767 τούτου,
730 2699 897 2772 μηδὲν
926 2698 1104 2771 εὑρὼν
1133 2702 1192 2754 ἐν
1214 2701 1399 2773 αύτῷς
1447 2702 1480 2773 ἢ
1519 2701 1595 2766 ὥς
1636 2719 1825 2772 φασιν,

234 2791 427 2861 ἐπειδὴ
464 2790 664 2855 πάντες
715 2792 766 2844 οἱ
814 2789 1129 2862 καθηγηταί
1176 2792 1300 2855 τῶν,
1346 2792 1635 2861 Ἰουδαίων,
1688 2794 1828 2865 μετὰ

233 2885 349 2937 τῶν
382 2876 662 2954 ὑπηκόων,
703 2885 1036 2940 ἀπέκτειναν
1075 2884 1241 2939 αὑτὸν
1274 2885 1504 2957 ὁμονοίᾳ
1545 2886 1827 2959 χρησάμε-

235 2994 342 3040 νοι,
383 2976 613 3047 μηδενὸς
641 2977 1040 3047 ἀντιλέγοντος.
1082 2977 1177 3031 Ἐκ
1213 2977 1418 3049 πολλῆς
1456 2977 1514 3031 δὲ
1551 2978 1827 3048 φιλοθεῖας

230 3054 423 3120 λοιπὸν
452 3070 480 3121 6
510 3068 804 3139 προφήτης
832 3070 1019 3133 αὐτοῖς
1042 3069 1386 3140 ἐπιφέρεται,
1422 3064 1503 3133 οἷς
1530 3070 1630 3123 ούκ
1656 3070 1819 3143 ἤρκε-

1943 775 1989 830 si
2025 774 2202 843 ipsum
2235 786 2421 832 essent
2474 773 2681 841 intuiti,
2714 793 2984 832 converso
3015 776 3080 832 ad
3128 778 3516 843 (Economiam,

1940 883 2064 937 qua:
2099 877 2291 921 contra
2324 884 2383 921 se
2428 865 2534 932 est,
2564 868 2769 933 animo,
2818 883 2927 922 non
2962 883 3025 922 ex
3070 868 3298 922 alin‘l'SO
3342 867 3519 921 dixis—

1941 966 2066 1011 sent
2098 975 2111 1011 :
2151 976 2169 1010 t
2209 957 2466 1026 Ligaunus
2490 958 2722 1025 justum,
2767 958 3026 1027 quoniam
3063 957 3276 1011 inutilis
3304 965 3388 1011 est
3414 972 3517 1010 no-

1938 1047 2026 1102 bis
2074 1046 2163 1100 "’3
2205 1067 2223 1097 ι
2272 1046 2399 1101 Erat
2430 1063 2557 1102 vero
2591 1048 2636 1101 is
2659 1048 2862 1117 justus,
3092 1047 3185 1115 qui
3232 1048 3515 1117 peccatum

1937 1131 2262 1199 nesciebat;
2300 1134 2458 1208 cuius
2513 1146 2567 1193 et
2623 1138 2717 1211 qui
2769 1139 2930 1194 etiam
2989 1139 3289 1209 participes
3337 1138 3514 1194 effecti

1936 1229 2088 1298 sunt,
2138 1228 2418 1303 discipuli,
2467 1232 2600 1303 justi
2644 1246 2865 1302 quoque
2906 1235 3326 1302 nitncnpantur;
3376 1236 3515 1301 quos

1935 1320 2050 1389 isti,
2098 1338 2225 1379 cum
2276 1324 2651 1394 evangelicum
2691 1324 3001 1378 sermonem
3064 1321 3513 1393 promulgarent,

1932 1412 2356 1471 interemerunt.
2412 1413 2813 1471 Interfet-e'runt
2866 1408 3034 1484 igitur
3082 1394 3346 1468 .iacobum
3401 1411 3516 1466 ira-

1932 1515 2074 1563 trem
2130 1496 2390 1573 Domini,
2440 1518 2495 1563 et
2556 1508 2920 1575 Stephanum,
2976 1521 3102 1560 cum
3158 1504 3227 1560 ad
3282 1506 3517 1561 sceleris

1929 1597 2344 1671 impietatisque
2368 1600 2801 1671 magnitudinem
2831 1613 2940 1652 non
2964 1597 3312 1653 adverterent
3336 1614 3351 1665 ;
3373 1590 3519 1668 quod

1886 1752 1887 1755 η
1928 1688 2113 1763 ipsum
2143 1694 2230 1748 est
2260 1702 2593 1763 nequaquam
2625 1690 2783 1746 corde
2811 1689 3097 1759 suscipere.

1843 1848 1891 1907 B

2001 1781 2102 1837 Est
2136 1798 2267 1840 vero
2300 1783 2461 1839 etiam
2488 1799 2523 1838 a
2550 1782 2687 1854 facie
2710 1782 3008 1853 iniquitatis
3038 1777 3280 1835 sublatus
3302 1780 3518 1850 justus:

1927 1874 2075 1947 quod
2122 1873 2268 1930 idem
2313 1874 2477 1947 plane
2521 1881 2629 1937 est,
2662 1888 2727 1928 ac
2772 1872 2820 1929 si
2857 1873 2927 1929 ab
2962 1872 3184 1944 injustis
3228 1880 3519 1945 superatos

1926 1983 2051 2025 esse
2086 1967 2266 2039 justas
2324 1960 2550 2023 diceret.
2607 1963 2784 2021 Simul
2830 1973 3014 2022 autem
3070 1974 3126 2024 et
3179 1975 3413 2022 mortem
3464 1970 3518 2019 et

1927 2061 2390 2117 resurrectionem
2424 2052 2638 2115 Domini
2673 2056 3028 2129 signiﬁcavit.
3060 2052 3165 2114 Per
3188 2059 3515 2128 sepulturam

1927 2152 2172 2223 quidem,
2206 2152 2438 2207 mortem
2483 2151 2681 2221 ipsam.
2714 2151 3185 2206 resurrectionem
3232 2159 3417 2206 autem
3454 2153 3522 2204 eo

1926 2245 2078 2313 ipso,
2132 2239 2280 2314 quod
2333 2258 2455 2297 eam
2509 2241 2577 2298 de
2638 2232 2818 2297 medio
2876 2236 3145 2296 sublatam
3185 2256 3310 2297 esse
3356 2241 3515 2297 dixit.

1926 2336 2171 2392 Obscura
2202 2336 2348 2391 enim
2382 2332 2507 2397 fuit,
2533 2348 2658 2389 cum
2700 2333 2753 2387 in
2789 2346 2876 2398 ea,
2908 2333 3000 2404 qui
3033 2333 3283 2403 sepultus
3312 2332 3516 2393 fuerat.

1928 2443 2039 2483 non
2076 2426 2457 2490 remansisset,
2492 2426 2612 2495 ipso
2644 2432 2883 2480 testante
2930 2425 3151 2497 angelo,
3194 2439 3320 2479 cum
3360 2440 3519 2479 acce-

1927 2521 2080 2582 dere,
2123 2519 2419 2589 locumque
2471 2517 2563 2572 ubi
2617 2515 2891 2585 jacuisset
2937 2516 3210 2585 inspicere
3264 2517 3516 2572 hortare—

1929 2620 2019 2664 tur
2046 2610 2112 2665 ".
2148 2609 2250 2677 Qui
2284 2620 2467 2665 autem
2501 2610 2553 2663 in
2584 2613 2710 2678 pace
2735 2609 2851 2679 ejus
2881 2608 3046 2677 fuisse
3076 2606 3349 2678 sepultura
3373 2608 3521 2664 dica-

1928 2711 2019 2756 tur
2050 2719 2064 2756 :
2100 2702 2204 2757 nisi
2239 2703 2323 2756 vel
2350 2699 2481 2771 quia
2519 2699 2731 2765 tacens,
2764 2700 3013 2770 nihilque
3036 2707 3231 2755 contra
3258 2699 3516 2765 atl'erens,

1927 2794 2292 2864 interemptus
2326 2800 2441 2860 est;
2473 2791 2555 2848 vel
2576 2790 2851 2862 quiajure
2878 2792 2931 2846 in
2964 2807 3089 2847 eum
3122 2800 3234 2847 non
3271 2793 3519 2849 decerta-

1928 2888 2003 2941 vit
2051 2887 2215 2957 hujus
2268 2884 2458 2951 mundi
2507 2883 2780 2954 princeps,
2815 2885 2907 2954 qui
2959 2883 3093 2938 nihil
3138 2883 3193 2938 in
3227 2899 3294 2939 eo
3337 2885 3515 2955 culpze

1928 2979 2151 3049 reperit,
2183 2978 2267 3033 vel
2295 2976 2485 3041 etiam,
2515 2975 2690 3035 aiunt.
2735 2975 2868 3046 quia
2902 2975 2972 3030 ab
3005 2974 3264 3030 omnibus
3294 2973 3518 3031 Judazo-

1927 3086 2050 3125 rum
2096 3070 2353 3136 ducibus,
2398 3068 2605 3140 populo
2645 3067 2768 3140 ipso
2811 3067 3215 3138 consentiente,
3255 3067 3518 3141 nulloque

234 3168 302 3213 σε
336 3159 445 3212 τῶν
488 3159 785 3230 προφητῶν
817 3160 889 3250 τὸ.
909 3156 1068 3232 αἷμα,
1120 3162 1258 3232 πρὸς
1291 3161 1424 3216 αὐτὸ
1451 3161 1510 3217 δέ
1538 3162 1639 3232 τῆς
1671 3179 1823 3234 μιαι-

1931 3168 2309 3233 repugnante,
2362 3159 2674 3215 trucidatus
2730 3157 2853 3215 est?
2904 3154 3079 3215 Multo
3133 3159 3397 3232 deinceps
3458 3161 3513 3215 in

232 3252 432 3320 φονίας
483 3252 792 3325 ἀνέδραμον
849 3252 912 3307 τὸ
961 3253 1281 3323 κεφάλαιον.
1323 3253 1507 3308 Δεινὸν
1558 3254 1660 3325 μὲν
1715 3254 1823 3328 γὰρ

1933 3254 2100 3309 Deum
2144 3266 2332 3308 amore
2377 3252 2647 3323 propheta
2678 3249 2956 3327 incenSus
2987 3251 3041 3306 in
3080 3266 3178 3309 eos
3215 3252 3513 3319 invehitur,

229 3344 320 3395 ὅτι
369 3342 465 3396 καὶ
493 3342 661 3397 πάλαι
708 3345 837 3409 τοὺς
882 3346 1173 3415 προφήτας
1219 3336 1640 3415 ἐσυκοφάντουν.
1676 3342 1826 3416 Πλὴν

232 3434 355 3489 ἀλλ’
384 3431 520 3509 ἦσαν
561 3435 839 3508 ἄνθρωποι
878 3432 1034 3502 τάξιν
1080 3437 1357 3507 οἰκετικὴν
1408 3436 1822 3510 περιφέροντες.

232 3517 308 3581 τί
330 3528 377 3583 δ’
414 3528 481 3583 ἂν
507 3530 704 3595 εἴποις,
736 3530 923 3599 φησὶν,
960 3530 1044 3585 δτι
1079 3531 1199 3584 κατ’
1252 3529 1420 3585 αὐτοῦ
1472 3530 1570 3585 τοῦ
1605 3532 1824 3586 πάντων

234 3620 514 3673 Δεσπότου
540 3621 649 3687 τὰς
676 3620 969 3689 γλώσσας
997 3620 1294 3693 animum};
1336 3611 1687 3693 Σαμαρείτην
1714 3622 1822 3695 γὰρ

233 3710 443 3781 ἔλεγον,
474 3713 569 3767 καὶ
592 3712 903 3784 οἰνοπότην,
928 3713 1025 3768 καὶ
1064 3714 1131 3767 ἐκ
1176 3713 1440 3786 πορνείας
1483 3716 1821 3787 γεγεννημέ-

229 3822 348 3868 νον,
383 3805 480 3858 καὶ
502 3804 792 3877 δαιμονᾷν.
821 3806 932 3859 Καὶ
956 3804 1109 3869 τέλος
1131 3805 1350 3878 Πιλάτῳ
1376 3807 1822 3879 προσαγαγόντες

228 3897 495 3965 ἔφασκονδ
555 3916 574 3950 ι
599 3889 768 3963 Οὗτος
793 3897 1037 3952 ἀνασείει
1062 3898 1191 3962 τοὺς
1228 3897 1439 3969 ὄχλους,
1476 3898 1573 3953 καὶ
1619 3898 1824 3954 κωλύει

227 3989 437 4059 φόρους
464 3984 664 4045 διδόναι
694 3990 991 4062 Καίσαρι.»
1029 3984 1334 4062 Τοιγαροῦν
1361 3990 1430 4044 δι’
1459 3990 1685 4045 Ἡσαΐου
1716 4008 1823 4061 φη-

228 4080 322 4135 civ
365 4080 393 4133 6
432 4079 657 4152 Σωτήρο
709 4078 892 4135 «Οὐαὶ
935 4072 1140 4147 αὐτοῖς,
1190 4081 1273 4136 ὅτι
1319 4080 1678 4153 ἁπεπήδησαν
1725 4081 1822 4136 ἀπ’

223 4170 394 4241 ἐμοῦ.
426 4171 657 4227 Δείλαιοί
679 4173 839 4237 εἰσιν,
870 4173 953 4227 ὅτι
981 4164 1261 4243 ἠσέϐησαν
1293 4173 1372 4237 είς
1398 4171 1524 4243 ἐμέ.
1571 4171 1719 4241 Ἐγὼ
1757 4172 1819 4227 δὲ

229 4265 639 4337 ἐλυτρωσάμην
686 4263 908 4329 αὐτούς.
955 4264 1123 4318 Αὐτοὶ
1169 4264 1227 4319 δέ
1268 4263 1645 4336 κατελάλησαν
1698 4263 1820 4320 κατ’

222 4356 368 4427 ἐμοῦ
397 4357 585 4429 ψευδῆ.
615 4375 634 4410 ι
671 4355 867 4410 Καίτοι
897 4355 1007 4429 γὰρ
1026 4356 1231 4422 ειδότες
1258 4358 1342 4411 ὅτι
1375 4357 1538 4421 αὐτὸς
1565 4359 1596 4412 6
1618 4356 1819 4429 κληροο

222 4450 399 4517 νόμος
431 4450 601 4516 ἐστὶν,
631 4448 818 4519 ελεγον
837 4466 852 4482 ο
889 4468 908 4501 ι
933 4450 1124 4514 Δεῦτε,
1155 4449 1568 4521 ἀποκτείνωμεν
1592 4449 1811 4504 αὐτόν.»

1926 3346 2021 3417 qui
2078 3344 2323 3402 nondum
2380 3342 2776 3414 prophetarum
2834 3343 3106 3413 sanguine
3160 3345 3388 3408 satiati.
3444 3345 3514 3399 ad

1927 3448 2203 3493 summum
2251 3433 2601 3492 crudelitatis
2644 3435 2857 3506 apicem
2904 3435 3291 3492 ascenderunt.
3334 3430 3514 3492 Grave

1926 3530 2073 3587 enim
2118 3536 2239 3585 erat
2282 3527 2414 3584 olim
2455 3528 2756 3600 prophetas
2787 3524 2857 3584 ab
2901 3529 2984 3586 eis
3029 3527 3170 3584 t‘also
3201 3532 3449 3585 accusari
3495 3552 3508 3586 :

1925 3623 2018 3694 qui
2073 3630 2256 3677 tamen
2306 3628 2361 3676 et
2411 3619 2451 3675 ii
2499 3620 2760 3677 mortales
2796 3628 2978 3685 erant,
3009 3622 3407 3693 Servorumque
3454 3621 3512 3676 in

1925 3722 2156 3769 munero
2181 3711 2375 3767 habiti.
2406 3705 2515 3767 Sed
2560 3712 2691 3783 quid
2728 3711 2799 3768 ad
2846 3703 2981 3768 illud
3029 3700 3389 3784 respondeas.
3422 3715 3509 3769 in-

1924 3806 2065 3876 quit,
2097 3802 2245 3874 quod
2281 3819 2442 3859 suum
2490 3804 2758 3861 adversus
2789 3804 2891 3870 illi,
2928 3805 3288 3877 omniumque
3330 3804 3514 3861 Domi-

1928 3910 2059 3949 num
2116 3893 2356 3965 linguam
2404 3890 2713 3950 acuerunt?
2779 3884 3189 3951 Samaritanum
3238 3894 3285 3929 τ’
3336 3898 3508 3962 enim,

1924 3985 2201 4050 vinosum,
2244 3985 2475 4041 nothum
2521 3993 2577 4043 et
2615 3986 2871 4042 insanum
2902 4001 3027 4044 esse
3051 3984 3119 4054 ⁷³,
3157 3987 3225 4043 ad
3266 3980 3504 4044 Pilatum

1925 4078 2123 4134 deinde
2162 4078 2548 4150 pertrahentes
2591 4078 2781 4133 turbas
2824 4090 2949 4134 eum
2996 4079 3260 4145 excitare,
3301 4078 3506 4135 Caesari

1925 4170 2165 4242 denique
2210 4186 2279 4226 ne
2327 4169 2618 4242 vectigalia
2679 4165 3053 4237 solverentur,
3103 4171 3399 4242 prohibere
3433 4173 3506 4239 ⁷⁸,

1922 4261 2043 4319 ausi
2096 4269 2227 4317 sunt
2269 4254 2563 4318 aliirmare.
2606 4259 2745 4317 Hinc
2799 4261 2893 4316 illa
2947 4262 3134 4333 igitur,
3185 4278 3307 4333 qua:
3356 4258 3503 4333 apud

1922 4355 2119 4411 Isaiam
2142 4354 2275 4410 dicit
2311 4354 2367 4409 in
2399 4353 2546 4409 hunc
2573 4353 2795 4408 modum
2831 4353 3087 4409 Salvator
3120 4371 3134 4409 :
3169 4372 3189 4408 ι
3220 4345 3313 4409 Va:
3343 4354 3499 4426 ipsis,

1921 4446 2180 4518 quoniam
2211 4453 2563 4502 recesserunt
2592 4461 2622 4500 a
2658 4456 2744 4501 me
2776 4464 2791 4504 :
2820 4447 3009 4502 miseri
3052 4455 3201 4512 sunt,
3239 4450 3501 4518 quoniam

223 4538 344 4593 Καὶ
371 4539 462 4593 διὰ
486 4540 581 4594 τοῦ
624 4537 839 4612 ψαλμοῦ
882 4538 943 4593 δέ
986 4552 1152 4610 φησιν
1177 4553 1191 4569 ·
1236 4540 1422 4594 «Ἀντί
1459 4538 1555 4595 τοῦ
1597 4539 1819 4613 ἀγαπᾷν

1931 4539 1978 4591 in
2020 4552 2106 4592 me
2143 4536 2309 4607 impie
2359 4546 2608 4608 egerunt.
2648 4537 2761 4607 Ego
2809 4538 3018 4594 redemi
3059 4552 3181 4605 eos,
3220 4540 3323 4610 ipsi
3371 4555 3502 4595 vero

224 4650 324 4704 με,
363 4632 702 4686 ἐνδιέϐαλλόν
748 4648 840 4704 με.
874 4650 894 4684 ι
954 4631 1140 4686 Τέκνα
1164 4630 1223 4686 δὲ
1251 4631 1408 4685 καλεῖ
1452 4616 1759 4698 ἀέτωλειας
1794 4669 1813 4697 ,

220 4726 302 4791 ὡς
335 4726 411 4796 μὴ
440 4724 772 4796 δεξαμένους
816 4723 911 4779 τὸν
944 4723 1187 4788 σώζοντα
1206 4738 1223 4755 ο
1271 4722 1370 4777 καὶ
1400 4722 1639 4793 σπέρμα
1670 4722 1813 4777 ἄνο-

1920 4629 2091 4685 locuti
2145 4638 2276 4685 sunt
2320 4629 2377 4684 in
2412 4644 2499 4684 me
2552 4627 2689 4685 falsa
2716 4628 2784 4686 ’⁸.
2821 4645 2841 4684 ι
2895 4628 3011 4686 Etsi
3060 4631 3331 4689 haeredem
3377 4648 3503 4689 esse

1920 4737 2028 4776 non
2078 4720 2400 4792 ignorarent
2443 4738 2459 4777 :
2499 4738 2519 4773 ι
2568 4722 2783 4791 Venite,
2823 4724 3143 4781 occidamus
3193 4741 3321 4781 eum
3351 4724 3423 4789 ",
3471 4744 3491 4776 ι

219 4834 346 4887 μον
365 4835 380 4850 ο
410 4836 427 4869 ι
460 4818 596 4889 Περὶ
620 4816 755 4888 ἐμοῦ
782 4816 890 4887 γάρ
919 4832 1055 4887 φησι
1083 4816 1330 4888 γέγραφε
1358 4808 1585 4887 Μωσῆςδ
1614 4832 1635 4869 ι
1668 4813 1813 4871 ὥστε

1931 4816 2182 4872 iixerunt
2211 4824 2416 4871 tamen.
2452 4814 2594 4871 Sunt
2628 4818 2762 4873 etin
2805 4815 3042 4875 Psalmis
3070 4820 3175 4875 ista
3205 4821 3447 4890 ejusdem
3480 4839 3496 4875 :

223 4911 327 4964 καὶ
348 4910 442 4963 τὸν
473 4912 637 4981 νόμον
671 4910 1011 4982 παρέϐησαν.

1926 4927 1945 4961 ι
1981 4906 2090 4963 Pro
2126 4923 2193 4963 eo
2228 4914 2288 4961 ut
2317 4906 2610 4979 diligerent
2646 4922 2756 4973 me,
2795 4909 3162 4966 detrahebant
3193 4911 3329 4967 mihi
3365 4910 3437 4967 ".
3470 4931 3491 4964 ι

224 5002 408 5065 Vocat
477 5019 661 5064 autem
696 5004 1028 5079 ﬁlium
1089 5004 1403 5075 perditionis
1458 5000 1517 5061 et
1553 5020 1728 5061 semen
1775 5005 2038 5075 iniquum.
2106 5013 2371 5073 tanquam
2414 5003 2507 5074 qui
2562 5004 2762 5062 salutis
2810 5009 3094 5062 atieldrem
3140 5017 3250 5064 non
3317 5009 3497 5067 admi-

222 5102 430 5164 serint,
460 5100 530 5155 de
578 5114 687 5168 quo
722 5097 899 5154 Moses
943 5096 1050 5153 sibi
1087 5112 1196 5151 non
1238 5095 1527 5152 tacendum
1570 5096 1783 5166 putavit
1816 5112 1831 5150 :
1871 5094 2019 5150 unde
2047 5104 2102 5148 et
2135 5094 2307 5165 legetn
2339 5104 2436 5149 eos
2458 5092 2669 5150 violare
2696 5095 3029 5150 constiterit.

297 5194 442 5264 Φησὶ
472 5192 530 5247 δὲ
560 5191 760 5255 αὐτοὺς
789 5191 883 5244 καὶ
913 5188 1152 5259 σπέρμα
1194 5186 1427 5259 μοιχῶν
1453 5185 1554 5241 καί
1582 5186 1812 5256 πόρνης

224 5286 455 5359 μοιχούς
484 5302 642 5355 φησι,
683 5282 858 5337 καλῶν
905 5284 964 5337 ἐν
995 5282 1207 5346 τούτοις
1232 5281 1359 5345 τοὺς
1401 5278 1511 5334 τῶν
1544 5278 1813 5334 Ἰουδαίων

221 5378 573 5448 καθηγητὰς.
603 5375 784 5430 υἱονεὶ
821 5374 929 5448 γὰρ
980 5375 1283 5447 ἐμοιχῶντο
1324 5374 1423 5445 τὴν
1447 5371 1810 5443 Συναγωγὴν,

294 5532 342 5563 ὀ
369 5533 502 5602 Sap.
543 5549 617 5597 ιι,
655 5532 742 5589 ιε.
847 5533 892 5564 ⁷⁸
927 5531 1125 5587 Matth.
1157 5544 1348 5592 uvnt.
1385 5529 1440 5602 β.

218 5599 363 5656 Osee
395 5598 487 5669 vn,
519 5604 602 5658 t3.
693 5603 742 5635 "
777 5602 970 5661 Matth.
1007 5618 1122 5671 χιι,
1148 5602 1239 5658 '58.
1313 5602 1359 5636 "
1388 5599 1533 5657 Psal.
1561 5614 1713 5661 cvtn,
1745 5598 1801 5653 4.

1990 5185 2194 5256 Adjicit
2242 5199 2374 5242 vero
2420 5198 2474 5243 et
2520 5196 2696 5241 semen
2741 5186 3106 5242 adulterorum
3146 5203 3292 5253 esse,
3328 5208 3498 5246 ntere-

1923 5280 2171 5349 tricisqae
2220 5279 2525 5347 adulteros,
2576 5288 2637 5334 nt
2682 5294 2876 5335 eorum
2925 5280 3088 5335 etiam
3144 5280 3212 5337 de
3262 5299 3495 5338 numero

1918 5369 2235 5426 Iudaeorum
2286 5369 2459 5426 duces
2513 5385 2638 5427 esse
2686 5370 2978 5442 signiticet.
3021 5370 3159 5427 Cum
3205 5372 3492 5445 Syna‘goga

1546 5529 1592 5561 "
1622 5527 1782 5599 Joan.
1814 5543 1823 5568 ε

1931 5567 1933 5582 ι
1966 5524 2057 5581 48.
2133 5527 2178 5559 ’⁸
2212 5524 2405 5583 blatth.
2450 5542 2522 5595 ιιι,
2558 5498 2645 5585 i9.
2727 5528 2772 5560 ’δ
2798 5526 2932 5583 Luc.
2966 5542 3124 5595 unt,
3154 5528 3210 5584 ο.
3287 5528 3333 5561 ⁷⁵
3356 5527 3489 5599 Ima.

2926 5712 3004 5741 *1.

1538 5754 1774 5813 VARI/8
1809 5755 2222 5813 LECTIONES.

304 5850 331 5889 Il
368 5867 460 5919 γρ.
493 5850 585 5907 οῦ.
