3998 6390
477 427 620 492 2575

1812 421 2162 483 PROCOPII
2201 422 2441 482 GAZASI

3633 415 3771 480 2576

477 536 625 590 enim
663 533 832 590 veluti
881 531 1330 597 fornicabantur,
1366 531 1460 603 qui
1508 531 1768 587 mandata
1804 548 1929 600 sua,
1960 547 2070 587 non

2180 530 2491 604 ἐντάλματα
2523 531 2652 614 tam,
2695 530 2758 586 οὐ
2783 529 2854 584 τὰ
2897 529 2963 583 ἐκ
2991 525 3161 600 νόμου
3207 524 3579 590 διδάσκοντες.
3612 518 3715 581 ἀν
3741 529 3773 600 ἡ

480 629 654 699 legem
709 629 974 682 docerent
1007 645 1022 682 :
1056 641 1168 697 quo
1221 625 1428 680 factum
1485 633 1590 690 est,
1624 634 1685 680 ut
1728 642 1836 679 non
1873 625 1971 681 abs
2011 640 2072 680 re

478 719 730 777 meretrix
765 733 826 773 ea
867 717 1153 772 nominata
1196 717 1289 780 sit,
1321 730 1445 786 quae
1482 715 1682 771 borum
1731 717 1934 771 semina
1975 733 2071 772 ex-

480 812 717 884 ceperit.
750 810 886 864 Cum
921 809 1122 864 deinde
1145 793 1437 864 Dominum
1471 808 1786 866 trucidasse
1813 810 2068 875 dixisset,

477 903 802 974 jamdudum
847 901 976 956 odio
1050 903 1104 956 in
1154 901 1321 956 Deum
1367 902 1620 958 laborare
1663 918 1760 959 eos
1801 902 2067 968 ostendit,

481 1004 573 1067 qui
621 995 690 1050 ad
731 994 877 1049 idola
916 993 1050 1048 olim
1097 1003 1294 1048 contra
1337 994 1512 1063 legem
1557 993 1703 1065 (qua:
1733 992 1904 1048 Deum
1939 993 2072 1048 ado-

482 1103 630 1152 rare,
660 1088 820 1158 eique
849 1085 943 1140 uni
975 1086 1182 1139 servire
1208 1086 1368 1155 jubet
1394 1086 1461 1156 ⁷⁸)
1495 1086 1738 1140 solerent
1767 1085 2072 1149 adhortari;

484 1188 827 1250 cmterosque
861 1177 1050 1242 etiam,
1084 1191 1154 1230 ne
1198 1176 1333 1231 solis
1377 1177 1576 1246 impios
1609 1190 1731 1232 esse
1775 1175 1878 1232 sibi
1924 1175 2072 1231 sulli-

480 1279 649 1335 ceret,
675 1270 866 1326 eadem
892 1271 1121 1326 docere.
1150 1267 1274 1323 Eris
1303 1270 1492 1339 igitur,
1523 1271 1619 1336 ait,
1645 1285 1772 1336 pars
1802 1270 2070 1339 vulpium,

481 1361 535 1417 id
560 1367 646 1417 est
675 1361 1010 1424 daamonum,
1037 1356 1244 1426 quibus
1274 1358 1398 1428 ipsa
1432 1357 1709 1412 servivisti
1738 1375 1750 1410 :
1780 1371 1922 1422 quos
1948 1354 2072 1411 ideo

479 1455 646 1509 etiam
678 1453 921 1507 tenebrae
951 1461 1181 1508 manent
1211 1451 1539 1513 exteriores,
1570 1450 1718 1520 quod
1749 1447 1816 1502 ad
1850 1455 1904 1502 te
1930 1463 2071 1519 quo-

479 1565 588 1618 que
620 1547 864 1617 ﬁliorum
910 1545 1238 1610 immolatio,
1292 1543 1545 1597 hostibus
1589 1544 1762 1613 ipsam
1802 1541 2072 1596 inducen-

481 1640 651 1701 tibus,
671 1647 1005 1709 perventura
1033 1636 1412 1706 est.Sequitur
1432 1650 1564 1688 vero
1590 1651 1603 1685 :
1635 1632 1704 1688 Et
1727 1643 1869 1687 retro
1898 1643 2072 1703 postes

480 1731 642 1787 Itostii
673 1731 904 1802 posuisti
937 1730 1246 1784 memoriale
1269 1740 1452 1794 tuum;
1483 1727 1780 1782 simulacra
1811 1728 2073 1780 nimirum

480 1838 582 1894 pro
633 1821 983 1892 pbylacterio
1017 1821 1072 1874 in
1131 1821 1332 1892 pignus
1393 1818 1720 1873 idololatria:
1769 1822 2070 1890 usurpatis,

2178 625 2482 697 Συναγωγὴ
2513 625 2780 698 δεχομένη
2821 623 2892 678 τὰ
2935 622 3270 692 σπέρματα,
3325 621 3553 683 δικαίως
3603 620 3771 694 ἐχρη-

2176 719 2374 790 μάτισε
2402 721 2618 789 πόρνη.
2673 715 3080 788 Κυριοκτόνους
3131 713 3189 766 δὲ
3229 713 3427 777 αὐτοὺς
3462 713 3771 783 ἀποφήνας,

2171 814 2447 869 δείκνυσιν
2472 817 2540 869 ἐκ
2571 810 2808 868 παλαιοῦ
2850 807 3144 872 νοσοῦντας
3180 808 3380 870 αὐτοὺς
3407 806 3470 860 τὸ
3500 805 3772 878 μισόθεον.

2183 905 2376 976 Ὑμεῖς
2426 905 2534 980 γὰρ
2562 907 2612 959 οἱ
2649 904 2747 959 καὶ
2800 901 2970 956 πάλαι
3003 898 3505 968 παρακαλοῦντες
3559 897 3662 951 ἐπὶ
3707 896 3776 950 τὰ

2175 999 2423 1063 εἴδωλα,
2463 1000 2559 1052 καὶ
2603 996 2781 1052 ταῦτα
2804 993 2898 1048 τοῦ
2930 993 3100 1063 νόμου
3126 991 3442 1054 διδάξαντος
3462 1005 3478 1021 ⁶
3517 1009 3536 1042 ι
3568 989 3776 1060 Κύριον

2171 1097 2264 1151 τὸν
2290 1095 2424 1162 Θεόν
2451 1112 2546 1148 σου
2581 1091 3002 1165 προσκυνήσεις,
3036 1087 3132 1141 καὶ
3173 1084 3326 1154 αὐτῷ
3367 1083 3516 1156 μόνῳ
3542 1082 3776 1157 λατρεύ.

2175 1205 2308 1251 σεις.
2335 1207 2354 1241 ι
2380 1189 2491 1241 Καὶ
2516 1187 2617 1241 οὐκ
2655 1186 2816 1258 ἤρκει
2842 1182 3037 1254 μόνοις
3068 1179 3310 1241 ἀσεϐεῖν,
3344 1175 3484 1230 ἀλλὰ
3522 1176 3624 1229 καὶ
3651 1175 3778 1239 τοὺς

2172 1280 2367 1346 ἄλλους
2393 1279 2694 1335 ἐδίδασκον.
2745 1278 2889 1350 Ἐσῃ
2916 1274 3098 1328 τοίνυν
3123 1271 3295 1342 μερίς
3325 1267 3655 1330 ἀλωπέκων,
3683 1265 3776 1338 δηο

2171 1373 2351 1431 λονότι
2391 1373 2665 1445 δαιμόνων
2701 1366 2782 1432 οἷς
2834 1385 2941 1438 περ
2975 1357 3451 1435 ἐλάτρευσας,“οἴς
3483 1361 3546 1414 τδ
3586 1359 3776 1422 σκότος

2173 1467 2509 1541 ἡτοίμασται
2539 1463 2602 1518 τὸ
2634 1462 2902 1532 ἐξώτερον
2924 1477 2939 1492 ’
2979 1469 2998 1491 ⁸
3030 1460 3065 1529 ὴ
3091 1459 3200 1530 ἄρα
3227 1455 3345 1523 τὴν
3378 1451 3629 1523 σφαγὴν
3659 1450 3776 1504 τῶν

2171 1561 2402 1615 τέκνων
2448 1557 2614 1630 φησὶν
2647 1557 2728 1620 εἰς
2771 1552 2971 1615 αὐτοὺς
3030 1546 3554 1622 περι[ελεύσ]εσθαι,
3610 1543 3776 1597 πολε-

2177 1650 2318 1722 μίων
2346 1648 2518 1720 αὐτὴν
2547 1645 2888 1716 ἐπαγόντων.
2915 1642 3056 1714 Φησὶ
3079 1641 3158 1707 δὲ,
3181 1642 3266 1695 ὅτι
3296 1639 3395 1693 καί
3425 1639 3623 1691 ὀπίσω
3652 1633 3776 1688 τῶν

2173 1740 2459 1812 σταθμῶν
2496 1738 2610 1809 τῆς
2643 1739 2832 1807 θύρας
2875 1735 3102 1804 ἔθηκας
3125 1729 3495 1804 μνημόσυνὰ
3520 1741 3666 1794 σου,
3706 1725 3776 1778 τὰ

2174 1835 2296 1888 ἀντὶ
2323 1831 2702 1905 φυλακτηρίου
2727 1829 2902 1898 λέγων
2931 1825 3251 1896 ἀγάλματα,
3309 1821 3634 1893 μνημόσυνα
3673 1816 3776 1886 τῆς

480 1929 605 1983 qua:
633 1921 692 1966 ut
726 1912 779 1967 in
809 1913 1133 1968 memoriam
1177 1927 1398 1981 semper
1440 1910 1706 1973 redirent,
1734 1909 1818 1964 vel
1861 1907 2074 1963 foribus

2180 1926 2628 1996 είδωλολατρείας
2658 1923 2998 1994 ὑπάρχοντα,
3031 1916 3169 1989 πρὸς
3201 1916 3263 1968 τὸ
3304 1912 3619 1987 μεμνῆσθαι
3653 1910 3778 1963 τοῦ..

479 2005 620 2078 ipsis
653 2005 930 2074 insculpta
977 2011 1161 2060 erant.
1223 2001 1465 2058 Putabas
1521 2017 1761 2071 namque
1805 2002 1910 2055 ista
1953 2015 2075 2056 esse

2180 2037 2286 2074 των
2313 2019 2403 2074 διὰ
2429 2017 2636 2080 παντὸς
2664 2011 3092 2087 παρεστηκότων
3128 2008 3149 2048 ί
3181 2008 3216 2080 ἢ
3245 2011 3366 2070 ταῖς
3389 2003 3584 2076 θύραις
3612 2004 3776 2071 ἔγγει-

480 2099 681 2168 meipso
736 2098 838 2154 tibi
891 2091 1138 2153 utiliora.
1191 2095 1296 2164 Qui
1345 2095 1492 2150 enim
1555 2097 1702 2165 quod
1743 2095 1948 2148 malum
1990 2101 2075 2149 est

2180 2108 2530 2181 γλυμμένων.
2562 2107 2709 2177 ᾬου
2737 2107 2846 2175 γὰρ
2880 2101 3030 2173 ἐμοῦ
3079 2097 3257 2154 ταῦτα
3285 2098 3577 2167 τυγχάνειν
3624 2094 3774 2164 ὠφε-

481 2199 803 2263 appetatur,
833 2189 943 2246 nisi
989 2191 1188 2246 saltem
1236 2187 1422 2244 colore
1461 2195 1624 2242 tenus
1657 2187 1773 2257 ipsa
1808 2186 2075 2241 bonitatis

2180 2199 2475 2272 λιμώτερα.
2509 2197 2634 2261 Πῶς
2663 2195 2772 2268 γὰρ
2801 2196 2868 2250 ἂν
2896 2195 2988 2248 καὶ
3017 2195 3232 2263 γένοιτο
3259 2191 3320 2243 τὸ
3349 2188 3518 2242 κακίιν
3545 2187 3769 2259 αἱρετὸν

481 2283 696 2354 species
739 2282 1041 2354 appareat?
1073 2280 1302 2344 Deinde,
1332 2278 1479 2350 quod
1522 2293 1679 2347 super
1720 2289 1948 2330 montem
1984 2291 2073 2330 ea;-

2180 2293 2254 2366 μὴ
2307 2291 2622 2362 φαινομένῳ
2667 2286 2917 2360 χρωσθὲν
2964 2284 3191 2356 ἀγαθῷς
3244 2283 3318 2337 Τὸ
3363 2281 3443 2346 δὲ,
3481 2279 3575 2335 ἐπ’
3633 2277 3772 2348 ὄρος

482 2371 680 2426 celsum
716 2371 791 2425 ibi
838 2369 1013 2424 cubile
1068 2378 1220 2424 tuum
1273 2369 1384 2434 ait,
1432 2368 1588 2438 justa
1643 2366 1788 2422 idola
1850 2377 2074 2438 propter

2180 2384 2421 2454 ὑψηλὸν
2466 2381 2596 2438 ἐκεῖ
2626 2395 2746 2435 σου
2789 2379 2830 2448 ’ἡ
2876 2379 3066 2446 κοίτη,
3116 2374 3305 2446 ἐπειδὴ
3361 2376 3474 2436 τοῖς
3529 2370 3770 2433 είδώλοις

481 2464 756 2522 insomnia
781 2463 1113 2521 dormivisse
1143 2461 1441 2534 signiﬁcat.
1465 2461 1647 2532 Atque
1668 2460 1785 2516 haec
1810 2460 2028 2531 quidem
2054 2478 2068 2514 :

2180 2473 2439 2529 ἐνυπνίων
2473 2470 3109 2544 ἐνεκατπαρεκάθευδον.
3157 2466 3344 2522 Ταῦτα
3378 2467 3479 2536 μὲν
3523 2464 3600 2528 ὡς
3632 2463 3768 2535 πρὶς

486 2556 556 2612 In
613 2557 859 2614 custodes
913 2574 1118 2623 cwcos,
1176 2566 1452 2628 mutosque
1498 2571 1698 2621 canes;
1727 2571 1849 2626 qua:
1889 2565 2068 2609 autem

2180 2564 2297 2627 τοὺς
2327 2563 2652 2634 εἰρημένους
2683 2559 2959 2627 σκοποὺς
2987 2558 3258 2629 τυφλοὺς
3288 2557 3388 2611 καί
3411 2554 3557 2622 τοὺς
3576 2554 3769 2621 κύνας

481 2649 747 2721 deinceps
779 2657 1111 2720 sequuntur,
1151 2656 1413 2719 tanquam
1465 2645 1734 2700 adversus
1765 2642 2070 2700 Jerusalem

2180 2656 2316 2724 τοὺς
2345 2657 2577 2722 ἐνδούς.
2618 2654 2702 2708 Τὰ
2727 2653 2787 2708 δὲ
2824 2653 2955 2723 ἐξῆς
2983 2651 3058 2716 ὡς
3099 2651 3238 2720 πρὸς
3279 2649 3449 2720 αὐτὴν
3489 2647 3769 2718 Ἰερουσα-

483 2741 680 2813 ipsam,
716 2740 1145 2811 Judzeorumque
1189 2755 1513 2811 synagogam
1545 2738 1809 2794 dicuntur
1849 2757 1862 2792 :
1906 2752 2068 2807 quam

2180 2747 2304 2819 λὴμ,
2338 2749 2436 2803 καὶ
2485 2749 2586 2818 τὴν
2619 2745 2728 2801 τῶν
2780 2744 3052 2799 Ἰουδαίων
3092 2741 3344 2813 ἐπιφέρει
3375 2737 3766 2808 συναγωγὴν,

481 2835 804 2890 dormientes
831 2851 1030 2899 secum,
1064 2832 1146 2888 vel
1179 2832 1266 2904 (ut
1298 2832 1733 2902 interpretantur
1762 2828 1874 2900 alii)
1902 2829 2072 2884 cubile

481 2930 699 2992 eorum,‘
732 2923 1029 2983 custodum
1069 2923 1354 2988 nimirum,
1389 2920 1458 2978 de
1490 2922 1695 2993 quibus
1737 2936 1919 2976 sermo
1961 2928 2068 2987 est,

482 3013 737 3068 dilexisse
788 3011 1378 3084 signiticat,omnique
1425 3025 1550 3066 cum
1596 3011 1678 3067 eis
1719 3011 1863 3066 viam
1912 3026 2069 3067 suam

485 3106 864 3177 fornicatione,
909 3104 965 3159 id
1014 3111 1122 3170 est,
1159 3103 1499 3170 idololatria,
1535 3103 1939 3176 necyomantia,
1975 3119 2072 3159 au-

484 3197 682 3268 guriis,
718 3196 1045 3267 czeterisque
1071 3195 1348 3267 ejusmodi
1377 3194 1698 3260 refersisse;
1731 3203 1786 3250 et
1815 3196 1892 3249 ita
1926 3196 2070 3250 mul-

2171 2839 2496 2912 Ἦγάπησας
2546 2839 2726 2909 λέγων
2778 2839 2909 2903 τοὺς
2961 2835 3373 2906 κοιμωμένους
3417 2830 3568 2903 μετὰ
3623 2828 3766 2886 σοῦ.

2171 2933 2330 2989 Κατὰ
2361 2933 2418 2986 δὲ
2446 2932 2578 2996 τοὺς
2621 2931 2869 2996 λοιποὺς,
2898 2929 3231 3000 ἠγάπησας
3274 2927 3394 2995 τὴν
3425 2927 3640 2992 κοίτην
3661 2928 3768 2978 αὺ-

2170 3026 2312 3094 τῶν,
2355 3025 2465 3080 τῶν
2494 3023 2716 3079 σκοπῶν
2762 3023 3006 3092 δηλονότι
3033 3022 3144 3075 τῶν
3176 3021 3508 3094 εἰρημένων,
3543 3018 3667 3090 μεθ’
3691 3011 3767 3072 ὧν

2171 3119 2355 3190 πάσης
2411 3118 2698 3188 πορνείας
2751 3117 3029 3190 ἐπλήρους
3077 3115 3216 3180 ὁδὸν,
3281 3113 3766 3182 είδωλολατρείας,

2172 3201 2623 3284 νεκυομαντείας,
2654 3211 2990 3282 οἱωνισμῶν,
3023 3211 3118 3265 καὶ
3155 3208 3264 3264 τῶν
3296 3208 3400 3262 ὅσα
3421 3206 3670 3271 τοιαῦτα,
3692 3197 3770 3260 ὧν

487 3297 567 3341 tos
608 3303 641 3340 a
678 3303 734 3340 se
775 3287 1081 3342 removisse.
1131 3287 1268 3340 Cum
1309 3285 1456 3340 enim
1507 3283 1900 3357 Hierosolymis
1943 3302 2072 3358 pro-

2180 3271 2496 3374 γινομένων,
2537 3271 2811 3370 πολλοὺς
2836 3271 3132 3368 ἐποίησας
3154 3300 3274 3356 ἀπὸ
3307 3299 3448 3356 σοῦ’
3471 3299 3770 3370 φεύγοντες

487 3382 664 3452 pheta:
700 3379 803 3450 ipsi
843 3379 1028 3450 piiqne
1061 3377 1166 3434 viri
1202 3377 1576 3444 discederent,
1619 3393 1787 3435 voces
1824 3378 1963 3434 istas
2016 3380 2073 3436 in

485 3491 605 3527 eam
641 3471 804 3545 645
831 3471 1119 3542 juctabant
1152 3489 1167 3527 :
1207 3491 1226 3524 ι
1263 3471 1598 3526 Curavimus
1629 3470 1990 3544 Babylonem,
2020 3480 2075 3528 et

489 3582 598 3622 non
651 3575 738 3622 est
791 3576 1009 3621 sanata.
1073 3561 1473 3636 Relinquamus
1521 3579 1667 3629 eam,
1701 3573 1757 3620 et
1814 3566 2075 3622 abeamus

487 3660 726 3731 quisque
763 3659 817 3712 in
858 3666 1065 3713 terram
1102 3673 1257 3714 suam
1293 3658 1369 3725 ἠς
1406 3676 1425 3709 ι
1459 3656 1533 3711 ita
1555 3654 1860 3713 Jerusalem
1897 3657 2077 3730 Baby-

491 3749 636 3806 lonis
683 3750 909 3804 nomine
949 3758 1359 3820 nuncupantcs.
1395 3746 1492 3803 Vel
1541 3759 1692 3804 certe
1742 3753 1962 3804 curiosa
1995 3750 2076 3802 vi-

489 3840 604 3896 cini
641 3841 827 3896 cultus
864 3841 1236 3902 simulatione,
1290 3839 1568 3911 ingentem
1623 3840 1852 3894 deorum
1893 3837 2076 3893 multi-

492 3934 729 3989 tudinem
757 3951 789 3987 a
818 3949 873 3988 se
902 3933 1052 4003 longe
1080 3943 1335 3987 remotam
1365 3932 1671 4002 amplexam
1705 3945 1830 3988 esse
1857 3947 1922 3987 eo
1957 3933 2078 4002 ipso

492 4025 788 4098 signiﬁcat,
817 4024 966 4095 quod
1014 4024 1216 4096 legatos
1254 4023 1402 4078 ultra
1448 4023 1700 4078 terminos
1731 4039 1855 4077 suos
1885 4023 2077 4078 eadem

491 4117 718 4171 miserit.
769 4113 945 4170 Habet
990 4123 1173 4168 autem
1225 4113 1279 4168 in
1325 4114 1474 4168 hunc
1509 4113 1731 4168 modum
1765 4110 2078 4184 Symmachi

491 4210 880 4281 interpretatio
921 4225 936 4262 :
979 4203 1360 4276 Multiplicasti
1405 4206 1674 4278 pigmenta
1721 4213 1834 4259 tua.
1877 4201 2080 4259 Misisti

490 4301 649 4358 vades
680 4309 800 4358 tuos
828 4315 996 4370 usque
1034 4298 1206 4370 longe.

562 4416 657 4471 Est.
689 4430 820 4472 vero
855 4422 1118 4496 tanquam
1155 4413 1222 4469 ad
1263 4414 1614 4471 meretricem
1655 4415 1724 4480 “,
1764 4429 1888 4486 quae
1917 4428 1978 4471 se
2009 4412 2081 4470 ad

489 4521 717 4571 eorum,
766 4507 859 4576 qui
915 4505 1063 4560 illaut
1123 4503 1365 4573 adeunt,
1415 4506 1759 4577 voluptatem
1813 4515 2079 4572 exornet,

491 4599 704 4667 oratio;
741 4597 884 4652 unde
920 4603 976 4651 et
1018 4595 1089 4650 ad
1130 4595 1331 4666 inferos
1369 4613 1534 4668 usque
1573 4595 1914 4650 humiliatam
1945 4613 2078 4663 esse,

2107 4640 2159 4700 Ι)

2175 3398 2286 3468 γὰρ
2313 3399 2363 3451 οί
2411 3397 2693 3468 προφῆται
2739 3396 2834 3451 καὶ
2867 3398 2915 3449 οἱ
2959 3395 3230 3459 θεοσεϐεῖς
3271 3393 3371 3466 τὴν
3412 3389 3771 3464 Ἰερουσαλὴμ

2176 3489 2383 3558 ελεγον·
2407 3508 2426 3541 ι
2448 3487 2837 3560 Ἰατρεύσαμεν
2864 3487 2963 3558 τὴν
2987 3487 3303 3550 Βαϐυλῶνα,
3335 3483 3433 3538 καὶ
3453 3485 3556 3538 οὐκ
3583 3483 3765 3553 ίάθη.»

2190 3581 2677 3651 Ἐγκαταλίπωμεν
2709 3578 2907 3651 αὐτὴν,
2936 3579 3033 3632 καὶ
3059 3578 3389 3648 ἀπέλθωμεν
3427 3575 3664 3638 ἕκαστος
3693 3572 3773 3637 είς

2176 3674 2278 3744 ’τὴν
2324 3674 2430 3744 γῆν
2479 3672 2682 3739 αὑτοῦ,
2739 3673 2816 3736 ὡς
2858 3670 3231 3742 δεισιδαίμονα
3273 3669 3372 3740 τὴν
3410 3667 3773 3740 Ἰερουσαλὴμ

2178 3764 2479 3820 Βαϐυλῶνα
2526 3764 2879 3828 καλέσαντες.
2942 3765 3151 3834 Ἠγουν
3207 3765 3403 3833 φησὶν,
3462 3761 3776 3830 ἐπλήθυνε

2178 3859 2316 3929 παρ’
2345 3856 2532 3927 ἐαυτῇ
2565 3859 2734 3922 Θεοὺς
2758 3857 2886 3921 τοὺς
2908 3855 3150 3928 μακρὰν
3173 3855 3276 3910 ἀπ’
3305 3853 3517 3923 αὐτῆς,
3545 3870 3777 3925 περιερ-

2178 3950 2457 4023 γαζομένη
2487 3949 2558 4004 τὰ
2583 3949 2695 4003 τῶν
2743 3947 2962 4020 ὁμόρων
2991 3947 3336 4019 σεϐάσματα.
3379 3948 3444 3999 ’0
3487 3945 3643 4017 δηλοῖ
3680 3945 3778 3997 καὶ

2179 4044 2264 4108 τὸ,
2305 4042 2687 4108 ἀπέστελλες
2734 4041 3011 4110 πρέσϐεις
3059 4038 3214 4107 ὑπὲρ
3257 4039 3331 4092 τὰ
3373 4037 3505 4107 ὅρια
3532 4053 3675 4091 σου.
3718 4036 3780 4090 '0

2179 4137 2236 4192 δὲ
2263 4135 2566 4207 Σύμμαχος
2592 4133 2766 4198 οὕτως
2829 4133 3062 4200 ἐξέδωκε
3089 4148 3104 4163 ο
3163 4131 3274 4186 Καὶ
3321 4130 3664 4197 ἐπλιξθυνες
3703 4129 3780 4183 τὰ

2176 4227 2444 4299 μυρέψιά
2498 4241 2642 4283 σου.
2702 4225 3090 4291 Ἀπέστειλας
3140 4223 3334 4294 ὅμηρὰ
3374 4239 3492 4277 σου
3522 4221 3636 4288 ἕως
3657 4237 3780 4290 μα-

2182 4319 2359 4390 κράν.

2265 4411 2355 4478 Ὦς
2402 4422 2543 4485 προς
2580 4411 2806 4484 ἐταὶραν
2832 4409 2890 4464 δὲ
2923 4407 3408 4480 καλλωπιζομένην
3445 4407 3475 4461 ὁ
3499 4405 3659 4475 λόγος
3690 4403 3782 4472 ἐφ’

2182 4507 2347 4579 ἡδονῇ
2380 4505 2488 4561 τῶν
2538 4506 2677 4576 αὐτῇ
2728 4503 3088 4574 προσιόντων.
3127 4502 3290 4555 Ὅθεν
3335 4499 3502 4570 φησὶν
3539 4499 3781 4553 ἐταπει-

2183 4599 2382 4668 νώθης
2417 4598 2531 4666 ἕως
2563 4597 2734 4666 ᾅδου.
2793 4595 2930 4663 Ταῖς
2967 4593 3323 4660 πολυοδίαις
3363 4609 3482 4646 σου
3529 4591 3789 4645 ἐκοπία-

493 4688 774 4756 multisque
803 4687 1079 4742 itineribus
1105 4688 1218 4742 suis
1250 4687 1519 4743 laborasse
1561 4688 1721 4744 dixit.
1750 4687 1888 4744 Cum
1931 4691 2075 4744 enim

2184 4705 2321 4757 σας.
2347 4688 2442 4761 Μὴ
2471 4689 2704 4760 μείνασα
2728 4685 2834 4758 γὰρ
2864 4686 3045 4757 ὑψηλὴ
3077 4684 3228 4757 παρὰ
3249 4681 3387 4755 Θεῷ,
3416 4682 3783 4737 τεταπείνωο

493 4781 550 4834 in
577 4777 926 4834 celsitudinis
964 4777 1139 4850 gradu
1169 4777 1320 4856 apud
1347 4777 1521 4836 Deum
1567 4795 1678 4835 non
1714 4778 2074 4852 perstitisset,

494 4870 780 4925 Immiliata
829 4879 930 4924 est.
991 4868 1183 4941 Itaque
1232 4871 1502 4927 dicebat:
1540 4888 1560 4923 ι
1597 4870 1764 4926 Filios
1812 4870 1980 4942 genui
2027 4877 2083 4926 et

494 4963 771 5030 exaltavi;
814 4962 920 5033 ipsi
963 4971 1144 5018 autem
1178 4977 1267 5019 me
1308 4963 1770 5036 aspernatiosunt
1793 4961 1864 5020 ³⁸.
1899 4982 1918 5015 ι
1952 4961 2086 5030 Qui-

496 5070 622 5110 nam
661 5063 845 5109 autem
887 5065 972 5110 est
993 5053 1319 5110 humilitatis
1347 5055 1590 5112 modus?
1624 5053 2086 5111 Itinerumvarie-

497 5156 600 5200 tas.
630 5143 750 5201 Non
783 5147 930 5202 enim
963 5148 1106 5202 viam
1133 5163 1321 5216 unam,
1346 5157 1402 5205 et
1436 5151 1681 5219 regiam;
1721 5148 1820 5206 sed
1857 5147 2079 5212 multas,

494 5248 551 5295 et
589 5240 915 5296 aberrantes
945 5248 1138 5297 secuta
1167 5257 1266 5310 es;
1301 5257 1426 5312 quae
1454 5242 1525 5298 ab
1558 5243 1687 5300 aliis
1730 5256 1969 5314 semper,
2013 5242 2082 5297 ad

494 5331 637 5389 alios
681 5331 813 5388 deos
836 5333 1077 5389 transire
1105 5335 1486 5392 consueveris.
1511 5334 1686 5403 Quale
1706 5335 1848 5392 solet
1881 5335 1936 5390 in
1973 5334 2082 5389 im-

495 5425 707 5479 mensis
729 5423 896 5480 etiam
923 5423 1302 5496 voluptatibus
1332 5427 1675 5499 contingere,
1702 5442 1828 5483 cum
1853 5426 2081 5492 divitiae,

496 5528 624 5571 eum
650 5515 973 5587 petulantia,
1001 5531 1132 5572 cum
1161 5529 1303 5572 vana
1353 5517 1531 5589 gloria
1585 5517 1910 5576 obturbant.
1939 5517 2084 5574 Hinc

505 5655 508 5662 ’
569 5675 616 5708 ’⁸
654 5673 810 5732 Deut.
841 5690 918 5739 vi,
949 5674 1040 5732 15.

2184 4800 2302 4839 ται.
2336 4783 2429 4836 Διό
2469 4799 2574 4853 περ
2607 4781 2794 4850 ἐλεγεν
2819 4795 2833 4811 ο
2871 4779 3070 4844 «Υίοὺς
3108 4778 3379 4850 ἐγέννησα
3407 4778 3504 4831 καὶ
3554 4775 3780 4847 ὓψωσα,

2188 4874 2344 4929 αὐτοὶ
2360 4874 2418 4928 δέ
2450 4891 2519 4946 με
2542 4873 2840 4944 ἠθέτησαν.
2875 4891 2896 4925 ο
2947 4871 3043 4936 Τίς
3071 4871 3128 4925 δέ
3160 4871 3263 4942 τῆς
3293 4871 3725 4937 ταπεινότητος
3751 4871 3786 4923 ό

2188 4966 2426 5039 τρόπυς;
2463 4965 2503 5034 ἡ
2526 4964 2842 5020 πολυοδιά.
2871 4963 2947 5018 Οὐ
2976 4962 3086 5034 γὰρ
3138 4963 3268 5034 μίαν
3294 4961 3516 5028 ὣδευες
3540 4962 3642 5032 τὴν
3680 4961 3786 5033 βα-

2193 5056 2414 5130 σιλικὴν,
2439 5057 2579 5123 ὁδὸν,
2621 5056 2762 5111 ἀλλὰ
2803 5055 3007 5120 πολλὰς
3055 5056 3152 5109 καὶ
3196 5051 3649 5123 πεπλανημένας,
3686 5052 3789 5106 ἀπ’

2187 5149 2366 5204 ἄλλων
2395 5151 2475 5215 είς
2505 5149 2700 5213 ἄλλους
2737 5149 2825 5203 ἀεὶ⁸
2868 5147 3025 5212 θεοὺς
3055 5145 3481 5218 μεταϐαίνουσα.
3508 5143 3685 5197 Τοῦτο
3725 5143 3788 5198 δὲ

2186 5243 2283 5296 καὶ
2304 5241 2398 5296 ἐπὶ
2421 5241 2532 5297 τῶν
2562 5241 2812 5295 ἐκτόπων
2833 5234 2974 5294 οἶδεν
3011 5237 3329 5294 ἀκολουθεῖν
3355 5235 3583 5309 ἡδονῶν,
3609 5234 3788 5289 πλού-

2187 5349 2308 5398 του,
2334 5330 2430 5386 καὶ
2450 5329 2763 5400 ἀσελγείας,
2789 5332 2885 5383 καὶ
2901 5331 3069 5400 κενῆς
3089 5327 3247 5398 δόξης
3274 5324 3784 5398 παρενοχλούντων.

2189 5426 2282 5480 Διό
2332 5442 2501 5495 φησιν
2553 5423 2866 5497 Ἱερεμίας⁶
2907 5423 3038 5477 «Ἐν
3080 5420 3354 5494 ἐπιθυμίᾳ
3388 5419 3571 5491 ψυχῆς
3612 5417 3788 5474 αὑτοῦ

2189 5519 2747 5591 ἐπνευματοφορεττο.
2762 5537 2781 5572 s
2803 5516 2986 5590 Ὅπερ
3008 5513 3260 5573 παθοῦσα
3273 5513 3420 5587 ψυχὴ
3435 5511 3785 5583 δυσανάκλη-

1153 5675 1202 5708 "
1230 5674 1432 5734 Jercm.
1467 5691 1541 5745 ιι,
1575 5677 1628 5733 9.
1705 5677 1751 5710 ⁸⁸
1784 5676 1890 5733 lsa.
1917 5692 1958 5741 i,
1984 5673 2078 5730 Ἦ.
2153 5673 2198 5705 ⁸*
2250 5673 2386 5730 ibid.
2416 5673 2474 5728 2.

1813 5787 2048 5845 VARI/13
2081 5786 2487 5846 LECTlONES.

609 5889 635 5920 θ
667 5876 878 5948 ἐπειδὴ.
957 5875 976 5917 ί
1009 5877 1096 5934 ισ.
1119 5877 1235 5935 καὶ.
