3998 6390
235 330 376 396 2577

1350 343 1886 406 COMMENTAIHI
1950 348 2032 431 IN
2080 346 2366 409 ISAIAM.

3365 340 3508 405 2573

234 466 345 514 τος.
382 447 551 506 Ὅθεν
594 451 828 522 ὲπάγεν
864 454 1199 527 «Παρεδόθη,
1236 456 1321 521 τίς
1358 458 1693 531 ἀποστρέψει
1735 461 1833 514 αὑ-

1942 462 2027 517 illa
2049 459 2299 517 .leremiae
2333 476 2436 515 vox
2472 476 2486 511 :
2520 479 2539 513 ι
2585 459 2642 513 In
2667 456 2967 528 cupiditate
2996 455 3194 512 animze
3222 470 3339 511 suae
3370 454 3512 510 I'ere-

234 542 333 609 τήν
354 557 370 603 ;
395 561 414 594 s
442 543 552 597 Kal
576 542 934 616 Ἰερουσαλὴμ
953 544 1009 598 δὲ
1028 548 1211 618 φησὶν,
1235 548 1465 614 ἐντόνως
1492 551 1817 624 ἰπικειμένη

233 636 349 696 τοῖς
379 638 569 699 κακοῖς
598 636 700 691 οὐκ
724 637 999 695 ἐπαύετο.
1034 639 1175 710 Πρὸς
1207 641 1276 713 ἢν
1314 640 1466 711 λέγει
1485 658 1501 673 ο
1546 645 1639 698 Ὀὐ
1678 661 1819 698 κατ-

236 727 491 796 εδεήθης
506 748 648 799 μου.
682 732 753 785 Ἢ
784 735 924 788 κατὰ
951 735 1044 788 τὸν
1078 735 1467 803 Ἀκύλαν,ούκ
1494 736 1812 792 ἐλιτάνευ-

238 833 378 887 σας,
404 818 485 887 ὥς
515 838 580 876 τε
604 823 814 893 τυχεῖν
834 824 1127 895 ἀφέσεως.
1170 827 1245 882 Τδ
1276 827 1377 900 μὲν
1414 828 1523 901 γὰρ
1556 828 1614 896 ἐξ
1644 828 1822 900 ἀρχῆς

242 911 316 980 μὴ
344 912 539 967 παθεῖν
582 916 992 988 σωφρονούσης.
1024 919 1099 973 Τὸ
1135 918 1193 973 δὲ
1244 922 1339 975 καὶ
1388 920 1672 992 ἐπιμεῖναι
1699 921 1823 976 λίαν

238 1006 693 1079 ἀπεγνωσμένης.
744 1009 889 1080 Πρὸς
937 1010 967 1064 δ
1012 1010 1301 1066 λέλεκται·
1362 1012 1496 1084 «Μὴ
1540 1015 1569 1067 6
1608 1013 1824 1067 πίπτων

218 1096 339 1179 οὐκ
367 1097 688 1166 ἀνίσταταις
720 1102 753 1173 ἢ
797 1103 827 1156 6
857 1104 1221 1175 ἀποστρέφων
1276 1104 1377 1157 οὐκ
1400 1105 1759 1175 ὲπιστρέφεις
1796 1123 1816 1157 s

240 1190 643 1260 μετανοοῦντας
694 1193 1063 1266 γὰρέτοιμος
1099 1194 1355 1268 δέχεσθαι
1401 1196 1468 1251 δι’
1502 1196 1620 1261 ἐνὸς
1653 1196 1826 1253 εἰπὼν

238 1284 346 1337 τῶν
376 1286 674 1357 προφητῶν
698 1303 713 1317 ·
767 1307 786 1342 ι
810 1287 1217 1361 Ἐπιστράφητε
1251 1290 1357 1344 ulol
1385 1291 1823 1362 ἐπιστρέφοντες,

238 1376 335 1429 καὶ
389 1377 615 1449 ἰάσομαι
670 1378 742 1433 τὰ
792 1380 1180 1453 συντρίμματα
1227 1380 1403 1452 ὑμῶν.
1442 1400 1462 1435 ι
1527 1384 1590 1436 Oi
1639 1382 1698 1437 δὲ
1750 1382 1827 1447 ὡς

240 1468 629 1535 ἀδυνατοῦντος
681 1470 855 1526 σῶσαι
898 1471 1075 1541 Θεοῦ,
1131 1472 1595 1546 προσδοκωμένων
1649 1474 1828 1530 Βαϐυ-

240 1560 472 1628 λωνίων,
504 1562 604 1632 τὴν
629 1562 1072 1636 είδωλολατρείαν
1096 1565 1400 1621 ὲπέτειναν.

1928 550 2095 606 batur
2127 550 2273 619 quod
2325 565 2451 616 qua:
2500 549 2711 620 patitur
2753 548 2941 602 anima
2980 560 3091 600 non
3126 544 3289 599 facile
3333 550 3515 613 potest

1926 643 2173 700 revocari
2206 643 2275 698 ⁸’.
2308 662 2329 697 ι
2368 642 2606 725 ideoque
2640 642 2820 707 idem,
2859 640 2985 710 quis
3028 655 3149 694 eutlt
3180 645 3327 693 esset
3353 650 3514 688 aver-

1926 751 2115 798 surus,
2154 735 2471 805 postulavit.
2519 734 2709 803 Neque
2758 748 2889 787 vero
2936 729 3270 791 Jerusalem,
3309 726 3513 797 inquit,

1864 896 1867 903 ί
1925 829 2085 884 enixe
2120 829 2281 884 rnalis
2306 828 2623 884 incumbere
2648 828 2960 891 desinebat;
3005 843 3171 894 (lllztttl
3216 825 3302 880 his
3330 821 3515 878 verbis

1928 924 2225 994 alloquitur
2257 940 2272 975 :
2317 923 2440 978 Non
2477 940 2555 979 me
2586 923 2827 993 rogasti;
2864 929 2962 975 aut
3009 920 3314 974 secundum
3348 916 3519 986 Aqui-

1931 1015 2075 1072 lam:
2142 1016 2265 1071 Non
2314 1028 2533 1087 precata
2586 1033 2663 1082 es,
2720 1024 2779 1069 ut
2836 1016 3043 1070 veniam
3098 1010 3512 1081 consequereris.

1930 1106 2133 1161 Fuerat
2164 1109 2310 1163 enim
2366 1108 2522 1162 initio
2575 1107 2712 1163 nihil
2751 1118 2983 1177 peccare
3024 1105 3273 1174 quidem,
3307 1112 3516 1171 tempe-

1930 1198 2431 1253 rantis.lmmorari
2466 1210 2647 1254 autem
2679 1196 2857 1259 valde,
2898 1206 2955 1252 et
3010 1208 3385 1267 perseverare,
3422 1191 3518 1245 de-

1933 1302 2186 1362 speralte.
2222 1291 2545 1362 (Sujusmodi
2574 1299 2735 1348 estet
2770 1289 2937 1345 illud:
2964 1306 2983 1341 ι
3015 1286 3207 1343 Nonne
3233 1288 3325 1356 qui
3348 1286 3515 1349 cadit,

1934 1399 2043 1439 non
2083 1383 2357 1455 resurgit?
2388 1384 2499 1436 Aut
2523 1382 2618 1451 qui
2653 1382 2874 1447 avertit,
2904 1395 3017 1435 non
3055 1379 3350 1435 revertitur
3367 1377 3453 1430 "‘l
3493 1395 3514 1429 ι

1932 1474 2032 1530 Est
2057 1476 2204 1530 enim
2234 1473 2300 1527 ad
2334 1488 2549 1539 eorum,
2598 1473 2693 1544 qui
2728 1473 3087 1544 resipiscunt,
3120 1469 3520 1526 admissionem

1934 1569 2115 1625 facilis
2142 1580 2197 1626 et
2226 1580 2539 1643 promptus,
2578 1571 2674 1641 qui
2717 1586 2814 1641 per
2860 1571 3190 1641 prophetam
3224 1565 3521 1637 quemdam

242 1655 389 1709 hunc
433 1653 488 1709 in
523 1657 741 1712 modum
784 1657 1065 1728 loquitur:
1099 1676 1118 1710 ι
1161 1658 1583 1725 Convertimini,
1663 1659 1761 1715 ﬁlii
1834 1672 2197 1728 revertentes,
2242 1672 2297 1719 et
2351 1665 2558 1720 sonabo
2604 1663 2970 1720 contritiones
3045 1672 3260 1717 vestras
3282 1658 3350 1713 “.
3396 1676 3415 1707 ι
3452 1658 3522 1711 At

242 1746 345 1807 illi,
384 1755 648 1819 tanquam
690 1766 915 1807 servare
951 1753 1091 1809 Deus
1120 1769 1229 1809 non
1258 1763 1468 1825 posset,
1497 1770 1623 1810 cum
1650 1754 1935 1828 Babylonii
1966 1757 2289 1828 ingruerent
2315 1758 2503 1831 646,
2536 1758 2903 1813 idololatriam
2933 1756 3299 1812 adduxerunt.

310 1844 405 1898 Διό
454 1863 618 1917 φησιο
666 1850 806 1903 Τίνα
842 1851 1177 1917 φοϐηθεῖσα
1224 1852 1470 1922 ἐψεύσω
1488 1871 1605 1923 ne;
1637 1854 1692 1907 τί
1722 1854 1833 1928 γὰρ

2008 1853 2149 1911 Hinc
2171 1866 2254 1912 est
2285 1857 2432 1926 quod
2469 1854 2548 1910 ait
2577 1873 2590 1908 :
2617 1854 2782 1920 Quem
2810 1857 2999 1909 timens
3028 1853 3249 1907 mentita
3274 1867 3327 1904 es
3352 1848 3523 1903 mihi?

243 1938 382 2010 πρὸς
435 1938 586 1994 θείαν
642 1940 875 2013 δύναμιν
931 1944 1219 2017 ἅνθρωπος
1270 1945 1346 2001 ῶν
1406 1947 1436 2000 6
1486 1946 1831 2011 Βαϐυλώνιος

245 2027 431 2097 ἴσχυεν
454 2046 469 2097 ;
503 2029 814 2103 γέγραπται
838 2032 946 2105 γὰρ
974 2034 1108 2107 περὶ
1128 2034 1264 2090 Θεοῦ
1289 2051 1304 2067 ⁶
1343 2055 1362 2089 ι
1388 2037 1446 2092 '0
1470 2040 1716 2111 κατέχων
1740 2038 1832 2094 τὸν

245 2120 415 2191 γύρον
436 2122 535 2191 τῆς
564 2122 689 2193 γῆς,
716 2123 811 2177 καὶ
834 2124 885 2179 oi
913 2126 1251 2191 ἐνοικοῦντες
1280 2128 1339 2182 ὲν
1373 2128 1534 2200 αὐτῇ,
1562 2128 1639 2194 ὡς
1668 2129 1833 2201 ἀκρί-

247 2212 355 2276 δες.
391 2232 411 2265 ι
445 2214 558 2268 Kal
598 2214 827 2280 Ἡσαΐας
858 2217 916 2271 δέ
949 2235 1116 2289 φησιν
1140 2234 1155 2249 ’
1189 2238 1209 2272 ι
1232 2220 1366 2292 Οὐχὶ
1398 2223 1578 2276 πάντα
1612 2220 1680 2275 τὰ
1703 2221 1833 2293 ἔθνη

248 2305 320 2369 ὼς
350 2306 569 2376 σταγὼν
595 2308 702 2361 ἀπὸ
740 2309 926 2376 κάδου,
962 2310 1057 2363 καὶ
1084 2310 1159 2375 ὡς
1185 2310 1368 2376 σίαλος
1396 2312 1833 2385 λογισθήσονται,

250 2398 343 2449 καὶ
380 2398 458 2462 ὠς
490 2398 632 2471 ῥοπὴ
672 2399 836 2469 ζυγοῦ
889 2400 1295 2473 ὲλογίσθησανς
1340 2404 1446 2457 τίνι
1511 2404 1837 2474 ὼμοιώσατε

250 2490 496 2562 Κύριονς
537 2510 557 2545 ι
595 2494 624 2546 6
666 2493 723 2547 δὲ
776 2493 1008 2558 Ἀκύλας
1033 2496 1154 2549 ἀντὶ
1185 2496 1279 2550 τοῦ
1326 2498 1463 2551 τίνα
1505 2497 1839 2568 φοϐηθεῖσα

250 2586 494 2653 ἐψεύσω
520 2604 618 2656 με,
648 2588 948 2657 Διέμεινες
978 2587 1035 2642 δέ
1060 2606 1249 2659 φησιν,
1276 2588 1346 2654 ἐξ
1370 2589 1587 2657 αἰῶνος
1613 2591 1839 2660 ἄφοϐος

250 2676 346 2729 καὶ
374 2675 525 2730 ἄνευ
561 2676 757 2745 λαϐῆς
786 2695 799 2708 ⁸
832 2677 1047 2743 δεικνὺς
1067 2679 1165 2747 ὡς,
1199 2682 1247 2733 εἰ
1282 2682 1374 2736 καί
1400 2699 1535 2735 ποτε
1567 2683 1839 2736 θεοσεϐεἰν

251 2768 439 2833 ἔδοξας
499 2769 975 2839 ἐπαγγέλλεσθαι,
1028 2772 1124 2826 καὶ
1180 2772 1302 2827 τότε
1348 2774 1447 2845 τὴν
1501 2774 1841 2842 ἐπαγγελίαν

252 2861 518 2929 ἐψεύσω,
574 2862 708 2915 Οὐδὲ
755 2862 863 2933 γὰρ
892 2862 999 2933 πρὸ
1037 2862 1262 2928 τούτους
1295 2868 1320 2906 Β
1345 2865 1558 2933 ἔλαϐές
1582 2883 1660 2935 με
1689 2864 1842 2934 πρὸς

249 2953 521 3025 μνήμην,
557 2956 653 3008 καὶ
674 2956 703 2995 ιι
739 2955 796 3008 δὲ
823 2953 919 3009 νῦν
938 2956 1164 3028 τοιαύτη
1191 2958 1553 3029 παρέμεινας.
1589 2958 1689 3013 Διὰ
1718 2959 1843 3012 τοῦ·

257 3064 318 3099 το
356 3046 677 3117 καταλείψω
706 3063 766 3099 σε
813 3046 1043 3118 ἔρημον,
1076 3050 1171 3101 καὶ
1217 3047 1403 3101 λοιπὸν
1444 3047 1660 3109 ἔκδικος
1704 3047 1842 3119 ὀργή

256 3157 316 3192 σε
346 3138 748 3208 καταλήψεται,
780 3139 853 3192 τὰ
878 3139 963 3192 σὰ
994 3140 1150 3193 κακὰ
1188 3139 1556 3209 διελέγχουσα.
1611 3138 1723 3192 Kal
1760 3137 1844 3201 τίς

1935 1947 2078 2014 Quid
2126 1949 2275 2003 enim
2315 1950 2516 2002 virium
2563 1948 2813 2003 mortalis
2862 1946 3032 2002 habet
3076 1944 3434 2015 Babylonius,
3475 1940 3522 1995 si

1935 2050 2063 2091 cum
2097 2035 2206 2090 Deo
2228 2036 2595 2091 conferatur?
2633 2033 2913 2090 Scribitur
2950 2034 3094 2089 enim
3131 2033 3199 2087 de
3232 2030 3342 2085 Deo
3376 2028 3521 2098 apud

1936 2131 2260 2201 prophetam
2286 2132 2338 2184 in
2362 2131 2476 2185 lucc
2489 2129 2653 2183 verba
2676 2126 2834 2194 :rQui
2856 2128 3109 2182 contines
3133 2125 3319 2177 orbem
3342 2130 3522 2183 terrm,

1935 2233 1991 2279 et
2004 2224 2314 2278 habitantes
2336 2222 2392 2276 in
2409 2236 2495 2284 ea,
2512 2230 2772 2290 tauquam
2790 2220 3014 2274 locusta:
3030 2218 3096 2270 ⁸⁵.
3110 2214 3203 2269 »Ει
3218 2214 3359 2283 apud
3379 2228 3528 2269 eumv

1938 2316 2062 2371 dem
2086 2314 2336 2371 :tNonne
2356 2323 2546 2385 gentes
2575 2327 2791 2376 omnes,
2823 2320 3087 2380 tanquam
3104 2317 3257 2380 gutta
3274 2308 3342 2360 de
3363 2305 3525 2370 cado,

1939 2417 1993 2463 et
2011 2415 2273 2477 tanquam
2293 2407 2489 2470 saliva;
2508 2404 2736 2474 etquasi
2755 2411 3091 2458 momentum
3116 2408 3336 2457 staterae
3365 2412 3530 2468 repu-

1940 2500 2154 2555 tantur?
2182 2497 2285 2555 Cui
2307 2498 2601 2553 Dominum
2633 2493 2996 2565 comparastis
3022 2492 3109 2547 °‘?
3135 2511 3154 2545 ι
3182 2492 3252 2544 At
3272 2487 3533 2559 Aquilas.‘
3572 2496 3583 2509 ’

1940 2608 2041 2662 pro
2057 2605 2190 2662 quo,
2209 2588 2875 2658 Quemtimrnsperterrita
2892 2603 2967 2650 es,
2988 2584 3222 2656 legimus
3242 2600 3254 2636 :
3279 2581 3529 2637 Hausisti

1943 2682 2146 2753 inquit,
2181 2699 2216 2736 a
2245 2681 2442 2737 sa’culo
2472 2681 2586 2735 sine
2620 2688 2785 2746 metu,
2832 2686 2884 2733 et
2931 2680 3045 2732 sine
3094 2676 3321 2745 pietate;
3366 2674 3526 2743 quasi

1943 2776 2128 2831 dicat:
2156 2773 2528 2842 Quantumvis
2555 2773 2673 2842 ipsa
2705 2771 2839 2827 olim
2872 2770 3019 2841 piam
3052 2777 3107 2824 te
3132 2769 3252 2823 fore
3282 2765 3527 2837 polliceri

1943 2869 2062 2921 visa
2085 2867 2189 2931 sis,
2213 2882 2323 2922 non
2352 2864 2658 2936 praestitisti
2692 2872 2872 2918 tamen
2899 2878 2915 2928 ;
2941 2860 3037 2917 sed
3066 2860 3287 2915 mentita
3309 2875 3386 2922 es,
3407 2871 3534 2927 qua:

1946 2962 2047 3014 mei
2073 2970 2235 3016 antea
2268 2975 2378 3015 non
2407 2960 2481 3013 sis
2516 2957 2798 3012 recordata
2831 2971 2850 3010 :
2883 2955 2995 3010 imo
3028 2968 3096 3010 ne
3128 2968 3278 3007 nunc
3306 2950 3529 3022 quidem

1947 3056 2073 3109 talis
2103 3052 2480 3124 permansisti.
2505 3050 2636 3105 Eam
2666 3051 2737 3105 ob
2770 3064 2886 3104 rem
2920 3048 3228 3116 relinquam
3262 3053 3315 3099 te
3345 3042 3533 3098 deser-

1948 3156 2078 3210 tam,
2122 3156 2284 3216 teque
2321 3144 2586 3212 deinceps
2626 3142 2778 3212 justa
2828 3141 2909 3195 ira
2956 3155 3077 3196 mea
3128 3136 3530 3208 apprehcutlet,

257 3246 315 3283 σε
352 3230 475 3283 τότε
505 3205 616 3282 τῶν
657 3229 766 3282 σῶν
797 3228 1092 3293 ἐξελεῖται
1129 3228 1308 3296 θεῶν;
1345 3205 1459 3282 καὶ
1505 3227 1741 3299 ἀλλαχοῦ
1782 3228 1839 3281 δέ

1946 3254 2068 3307 qum
2106 3205 2253 3291 maia
2304 3246 2397 3290 tua
2455 3238 2716 3289 revincat.
2755 3233 2823 3287 Et
2882 3234 3008 3302 quis
3053 3241 3107 3286 te
3148 3205 3264 3284 tum
3302 3229 3529 3282 deorum

258 3340 428 3393 φησιν
451 3338 466 3353 ο
512 3322 650 3376 (Καὶ
684 3323 742 3374 ὲν
766 3323 845 3393 τῷ
876 3322 1054 3393 καιρῷ
1075 3320 1183 3375 τῶν
1204 3320 1392 3375 κακῶν
1417 3319 1627 3391 ἐροῦσι,
1652 3319 1839 3389 φησὶν,

260 3415 519 3479 ’Λνάστα,
551 3414 729 3468 σῶσον
759 3416 930 3487 ἡμᾶς.
956 3433 975 3466 ι
1015 3414 1161 3467 Ἀντὶ
1190 3413 1247 3466 δὲ
1268 3413 1385 3478 τοῦ,
1419 3411 1846 3478 ἐξελέσθωσάν

258 3524 331 3562 σε
362 3508 436 3563 ἐν
457 3506 536 3577 τῇ
563 3508 767 3577 θλίψει
808 3522 946 3562 aov’
980 3506 1274 3578 Σύμμαχος
1298 3503 1722 3571 ὲξελέσθωσάν
1747 3519 1842 3569 σε,

263 3602 452 3671 φησιν,
499 3602 560 3654 ai
601 3600 951 3670 συναγωγαί
996 3612 1114 3654 σου
1152 3616 1166 3631 ’
1217 3597 1404 3668 σαφῶς
1446 3596 1716 3652 διδάσκων
1747 3598 1844 3651 ἀνα

258 3692 493 3762 ωφελεῖς
521 3686 660 3745 εἶναι
690 3690 791 3755 τὰς
818 3688 1001 3745 αὐτῶν
1028 3688 1408 3760 συναγωγάς·
1445 3691 1493 3742 εί
1517 3689 1591 3759 μὴ
1609 3690 1719 3761 ἄρα
1735 3689 1845 3742 τῶν

261 3785 627 3856 συνηγμένων
674 3785 860 3847 αὐτοῖς
890 3784 1126 3837 εἰδώλων
1156 3783 1300 3837 οῦτω
1322 3783 1383 3835 τὸ
1421 3782 1625 3851 πλῆθος
1651 3782 1846 3836 ἐκάλε-

262 3894 376 3931 σξν.
429 3875 685 3941 Τούτους
716 3874 1011 3945 δὲ,φησὶν,
1051 3872 1272 3942 ἄνεμος
1317 3872 1598 3941 λήψεται,
1644 3871 1679 3942 ἢ
1720 3872 1845 3936 τοὺς

262 3970 421 4031 θεοὺς
438 4009 454 4031 ,
488 3966 520 4039 ἢ
560 3969 687 4032 τοὺς
714 3966 1198 4039 κατηγορηθέντας
1223 3964 1419 4033 λέγων.
1446 3966 1556 4019 Kal
1583 3963 1649 4019 δι’
1687 3963 1847 4030 Ἰεζε-

262 4058 391 4129 κιὴλ
421 4058 527 4129 γάρ
558 4075 693 4129 φησι
727 4057 865 4129 πρὸς
895 4058 995 4129 τὴν
1026 4056 1230 4111 τούτων
1258 4039 1626 4127 Συναγωγήοι
1650 4072 1664 4086 ·
1701 4057 1847 4110 «Κα-

264 4149 372 4213 θὼς
419 4149 705 4221 ἐποίησας,
752 4148 927 4212 οὕτως
977 4148 1131 4202 ἔσται
1180 4165 1284 4202 σοι.
1322 4167 1341 4200 ι
1380 4149 1490 4202 Kal
1530 4147 1759 4211 Ἡσαΐας
1790 4147 1848 4200 δέ

265 4256 432 4309 φησιν
456 4256 472 4270 ο
510 4258 528 4290 ι
559 4240 696 4294 Οὐαὶ
718 4238 795 4310 τῷ
822 4240 1046 4310 ἀνόμῳ·
1080 4239 1219 4292 κατὰ
1245 4239 1311 4292 τὰ
1343 4238 1480 4309 ἔργα
1511 4239 1619 4291 τῶν
1649 4238 1851 4310 χειρῶν

264 4331 435 4387 αὑτοῦ
493 4332 834 4404 συμϐήσεται
886 4331 1054 4402 αὐτῷ.
1092 4352 1111 4384 ›
1172 4332 1285 4385 Kal
1338 4331 1431 4385 νῦν
1475 4331 1533 4385 δέ
1580 4349 1747 4402 φησιν
1775 4331 1849 4395 ὠς

268 4424 576 4495 παριδοῦσα
608 4442 675 4494 με
725 4424 1112 4496 παροραθήσῃ,
1158 4424 1281 4478 ἀντὶ
1324 4423 1443 4477 τῶν
1476 4421 1605 4477 σῶν
1647 4421 1853 4476 κακῶν

1944 3334 2133 3386 eruet?
2164 3329 2304 3385 Dicit
2337 3344 2469 3384 vero
2512 3332 2565 3382 in
2623 3327 2773 3382 hunc
2807 3326 3028 3381 modum
3072 3324 3240 3379 etiam
3274 3318 3476 3374 alicubi
3516 3335 3530 3369 :

1949 3443 1969 3476 ι
2009 3423 2075 3480 Et
2122 3423 2177 3478 in
2221 3423 2488 3478 malorum
2549 3430 2797 3492 tempore
2846 3420 3032 3475 dicent
3055 3434 3079 3470 ιΔ
3119 3415 3317 3484 Surge,
3372 3428 3533 3469 serva

1945 3532 2050 3574 nos
2080 3517 2151 3571 ⁸⁷.
2196 3535 2216 3569 ι
2246 3516 2517 3573 Caeterum
2565 3529 2674 3584 quo
2700 3513 2861 3569 loco:
2890 3510 3100 3566 Eruant
3126 3518 3175 3563 te
3214 3508 3269 3561 in
3312 3505 3535 3560 tribula-

1950 3610 2092 3664 tione
2116 3617 2233 3677 tua,
2270 3607 2541 3663 habemus
2563 3622 2583 3662 :
2602 3604 2829 3660 Eruant
2856 3614 2904 3660 te
2928 3616 3212 3674 synagoga:
3240 3610 3346 3655 tuw
3372 3600 3538 3653 inter.

1949 3710 2197 3774 pretatur
2229 3701 2616 3774 Symmachus,
2654 3698 2879 3756 inutiles
2916 3697 3024 3752 illis
3062 3711 3188 3751 esse
3234 3708 3545 3763 synagogas.

1947 3804 2137 3866 aperte
2160 3795 2550 3850 demonstrans
2586 3807 2600 3844 :
2638 3791 2747 3847 nisi
2781 3789 2943 3844 malis
2972 3788 3157 3859 potius
3189 3787 3264 3839 ita
3303 3798 3536 3854 congre:

1948 3896 2200 3959 gatorum
2233 3885 2503 3941 idolorum
2542 3881 2948 3939 multitudinem
2974 3879 3159 3937 vocari
3189 3877 3534 3933 existimare.

1950 3983 2095 4038 Istos
2122 3994 2327 4042 autem.
2362 3980 2459 4045 ait,
2493 3978 2639 4035 tollet
2668 3985 2852 4032 ventus
2872 3993 2890 4042 ;
2914 3982 3011 4029 aut
3030 3974 3164 4030 deos
3192 3986 3411 4042 nempe,
3441 3978 3538 4025 aut

1951 4082 2262 4131 accusatos.
2293 4071 2430 4127 Nam
2460 4080 2513 4128 et
2548 4070 2692 4141 apud
2730 4068 3071 4122 Ezechielem
3106 4065 3339 4121 istorum
3371 4078 3538 4132 syna-

1950 4185 2139 4241 gogam
2179 4166 2479 4237 alloquitur
2511 4165 2567 4220 in
2609 4163 2759 4217 hunc
2809 4160 3075 4214 modum:
3111 4178 3130 4210 ι
3172 4155 3538 4224 Quemadmo-

1952 4262 2081 4317 dum
2129 4260 2329 4325 fecisti,
2374 4258 2457 4313 sic
2517 4257 2624 4311 erit
2678 4254 2775 4309 tibi
2810 4254 2880 4307 ".
2914 4271 2932 4302 ι
2979 4250 3044 4306 Ει
3084 4249 3231 4320 apud
3285 4247 3534 4313 lsaiam:

1958 4373 1977 4405 ι
2014 4351 2106 4407 ναξ
2130 4352 2334 4422 impio!
2369 4348 2670 4405 secundum
2692 4361 2859 4416 opera
2886 4357 3148 4397 manuum
3178 4341 3298 4410 ejus
3328 4339 3540 4394 contin-

1953 4453 2043 4517 get
2080 4446 2129 4499 ei
2157 4444 2223 4497 ⁸³.
2268 4462 2286 4495 ι
2322 4441 2437 4497 Hoc
2479 4457 2609 4493 vero
2655 4439 2778 4492 loco
2828 4438 2990 4493 etiam
3043 4433 3359 4502 despectant
3396 4430 3535 4494 fore,

269 4517 523 4573 παθοῦσα
561 4516 804 4580 δικαίως.
836 4517 948 4570 Kal
975 4517 1152 4571 ταῦτα
1177 4517 1275 4586 μὲν
1307 4516 1541 4581 τούτοις.
1584 4515 1728 4569 Οίδὲ
1754 4514 1840 4587 τὴι.

1958 4514 2175 4605 quando
2201 4530 2272 4586 ab
2302 4545 2368 4586 ea
2397 4529 2695 4598 despectus
2736 4525 2850 4596 ipse
2895 4524 2988 4584 sit,
3016 4523 3339 4591 iustamque
3369 4518 3539 4573 malo-

269 4613 443 4685 καλὴν
482 4612 858 4684 ἐπιλεξάμενοι
906 4613 1120 4686 μερίδα,
1164 4613 1257 4666 τὸν
1290 4612 1442 4679 Θεὸν,
1482 4612 1580 4682 τὴν
1606 4612 1849 4684 πρέπου-

270 4723 370 4759 σαν
419 4706 632 4771 ἕξουσιν
695 4704 954 4777 ἀμοιϐήν.
996 4704 1335 4774 κτήσονται
1382 4704 1492 4776 γὰρ
1534 4706 1632 4776 τὴν
1678 4707 1854 4776 ἐπηγ-

269 4796 545 4867 γελμένην
572 4798 686 4859 τοῖς
715 4798 915 4870 πραέσι
952 4796 1089 4868 γῆν,
1125 4797 1220 4851 καὶ
1252 4797 1388 4867 ὅρος
1415 4797 1605 4866 ἅγιον.
1630 4797 1729 4868 τὴν
1758 4799 1856 4849 ὲπ-

269 4891 522 4959 ουράνιον
553 4887 736 4941 πόλιν·
770 4890 819 4943 οἳ
851 4890 945 4942 καὶ
976 4889 1181 4961 ἑτέρων
1204 4887 1851 4957 φανοῦνταιδιδάσκαλοι,

270 4980 671 5054 παραινοῦντες
709 4983 891 5046 αὐτοῖς
932 4982 1308 5053 ἐξομαλίζειν
1358 4983 1467 5048 τὰς
1518 4981 1698 5048 ὀδοὺς
1756 4978 1853 5034 τοῦ

269 5073 425 5133 λαοῦ,
458 5073 707 5144 καθαρὰς
735 5075 1097 5143 ποιουμένους
1134 5076 1149 5115 ἱ
1188 5074 1284 5128 καὶ⁸
1315 5073 1463 5137 λείας
1503 5071 1855 5138 διδασκαλίας

273 5166 488 5219 σκολιὸν
532 5166 762 5236 ἐχούσας
814 5167 1001 5239 μηδέν.
1060 5167 1135 5222 Οὐ
1199 5166 1473 5239 φροντίζει
1528 5166 1637 5237 γὰρ
1687 5165 1856 5237 μόνης

270 5257 371 5325 τῆς
390 5258 591 5311 ἑαυτοῦ
618 5258 894 5331 σωτηρίας
916 5260 944 5312 6
973 5257 1325 5331 κατορθώσας
1353 5258 1503 5330 παρὰ
1523 5257 1662 5327 Θεῷ,
1681 5273 1854 5329 προσ-

271 5352 460 5404 τάττει
510 5351 568 5405 δὲ
619 5352 716 5407 καὶ
795 5351 895 5424 τὴν
963 5352 1065 5422 τῆς
1147 5351 1459 5416 θεοσεϐείας
1520 5350 1865 5422 ἐξομαλίζειν

276 5446 444 5513 ὁδὸν,
466 5448 563 5501 καὶ
584 5448 653 5502 τὰ
674 5448 936 5503 δοκοῦντα
961 5449 1396 5518 προσκόμματα
1412 5449 1522 5501 τῶν
1549 5446 1709 5500 θείων
1734 5446 1866 5501 ἀνα·-

1955 4643 2073 4681 rum
2101 4640 2319 4680 suorum
2345 4622 2609 4679 ultionem
2664 4635 2808 4683 esse,
2856 4616 3151 4687 signiticet.
3206 4615 3385 4680 Atque
3424 4610 3539 4665 lucc

1954 4719 2173 4788 quidem
2220 4717 2361 4772 istis.
2409 4714 2679 4769 Caeterum
2722 4711 2817 4782 qui
2857 4710 3057 4764 bonam
3095 4714 3328 4776 partem,
3366 4703 3416 4757 id
3455 4710 3536 4756 est

1959 4809 2154 4871 Deum,
2195 4809 2499 4877 elegerunt,
2528 4806 2734 4876 justam
2771 4811 2826 4857 et
2860 4802 2936 4856 illi
2966 4797 3277 4855 mercedem
3319 4810 3542 4868 quoque

1956 4907 2089 4953 sunt
2123 4897 2388 4952 habituri.
2420 4896 2646 4951 Terram
2674 4895 2843 4959 enim,
2878 4907 3002 4962 qua:
3050 4889 3277 4944 mitibus
3313 4890 3543 4958 promit-

1957 4988 2112 5055 titur,
2165 4996 2495 5055 montemque
2537 4994 2807 5049 sanctum,
2849 4982 3129 5037 cwleslem
3180 4978 3437 5034 nimirum
3470 4977 3544 5031 ci-

1956 5078 2205 5143 vitatem,
2238 5077 2607 5148 possidebunt,
2641 5076 2990 5143 aliorumque
3019 5086 3088 5126 eo
3132 5070 3254 5141 ipso
3288 5068 3538 5137 magistri

1958 5171 2314 5232 videbuntur,
2360 5168 2507 5237 quod
2554 5181 2651 5222 eos
2696 5165 2765 5219 ad
2812 5165 2926 5217 vias
2975 5160 3161 5231 populi
3206 5156 3537 5229 purgandus,

1959 5262 2116 5335 puris
2158 5272 2213 5318 et
2266 5260 2474 5326 rectis,
2523 5259 2790 5328 nullaque
2838 5254 3163 5323 obliquitatc
3220 5248 3539 5319 depravatis

1958 5354 2124 5428 647
2162 5350 2623 5425 przeceptionibus
2654 5344 3111 5402 adhortabuntur.
3159 5337 3346 5410 Neque
3388 5338 3538 5393 enim

1975 5444 2047 5499 de
2072 5456 2170 5498 sua
2210 5449 2423 5496 tantum
2457 5440 2633 5497 salute
2680 5445 2766 5493 est
2812 5433 3104 5497 sollicitus,
3149 5431 3239 5501 qui
3282 5437 3431 5485 recto
3470 5429 3538 5483 ad

344 5562 390 5592 ¹¹¹
421 5560 621 5616 Jerem.
653 5579 711 5621 Ir.
742 5562 833 5617 24.
908 5562 954 5593 ⁸³
990 5561 1193 5615 Jerem.
1233 5576 1351 5622 vm,
1380 5560 1431 5612 4.
1510 5557 1557 5591 ⁸⁸
1580 5555 1781 5614 Jerem.
1817 5572 1831 5611 I

1942 5553 2026 5610 22.
2060 5553 2107 5586 ⁸⁸
2137 5552 2244 5607 lsa.
2275 5569 2362 5619 χι,
2388 5552 2479 5607 22.
2509 5553 2555 5586 “
2587 5551 2689 5608 Isa.
2727 5566 2863 5617 xvu,
2913 5546 2998 5605 l&
3041 5544 3084 5576 ⁸⁷
3113 5540 3317 5598 Jerem.
3356 5556 3414 5607 ιι,
3446 5539 3534 5596 ‘27.

274 5631 322 5665 ⁸⁸
350 5631 551 5688 Ezech.
581 5649 724 5688 xxxv
748 5635 791 5698 ,l
813 5634 856 5688 l.
931 5634 976 5664 ”
1006 5631 1207 5687 Jerem.
1240 5646 1322 5696 ιιι,
1366 5631 1450 5685 ll.

1544 5718 1785 5779 VARUE
1821 5715 2220 5777 LECTIONES.

350 5819 616 5874 ⁸τούτου.
696 5821 717 5859 h
755 5820 897 5875 οὐδέ.
1018 5822 1027 5859 ί
1072 5836 1156 5888 ῃ).
1195 5815 1525 5889 ποιούμενοι.
