3998 6390
534 415 675 478 2579
1851 413 2110 476 I’ROCOI

2249 416 2496 483 GAZEI
3646 423 3773 489 2580

529 524 687 585 υιιιινιι
718 521 918 580 itinere
957 526 1242 583 contendit
1274 543 1290 583 ι
1336 526 1432 582 sed
1470 527 1625 598 jubet
1670 528 1837 584 etiam
1881 528 2106 600 pietatis

2214 532 2555 603 γνωσμάτων
2596 533 2911 602 περιαιρεῖν
2959 531 3048 585 διά
3096 533 3188 604 τῆς
3231 532 3324 599 ἐπὶ
3362 532 3425 593 τὸ
3470 538 3772 613 sugg-3:5",

525 630 665 669 riam
695 617 979 673 consterni
1009 620 1250 685 caeteris,
1283 629 1337 676 et
1361 636 1484 691 qua:
1520 619 1781 690 videntur
1816 622 1871 688 in
1906 621 2110 678 divinis

2220 623 2402 678 αὐτῶν
2435 624 2755 703 ἑρμηνείας.
3346 635 3351 639 ’

525 703 939 772 Scripturarum
977 706 1309 763 lectionibus
1348 724 1470 765 esse
1498 710 1842 780 offendicula,
1897 728 1959 768 ea
1995 713 2118 791 ipsa

524 795 765 864 planiori
800 797 1261 869 interpretatione
1290 802 1503 859 tollere.

596 885 902 945 Conveniat
950 906 1084 947 vero
1127 901 1181 947 et
1231 894 1339 949 ista
1389 895 1457 950 de
1517 899 1897 967 apostolorum
1944 900 2115 957 choro

516 980 625 1034 dici
677 982 1055 1038 existimare:
1116 985 1225 1051 Qui
1257 989 1435 1042 sancti
1492 992 1688 1045 montis
1739 992 2109 1047 [nereditatem

523 1072 798 1134 adierunt.
828 1074 897 1130 de
935 1090 1046 1147 quo
1088 1077 1170 1132 sic
1208 1087 1264 1133 et
1292 1081 1434 1150 apud
1482 1079 1741 1138 Davidem
1778 1086 1950 1154 quzeri
1982 1085 2116 1156 legi-

517 1178 681 1218 mus:
721 1184 740 1217 ‹
775 1164 912 1231 Quis
937 1169 1197 1225 ascendet
1248 1171 1304 1227 in
1356 1182 1597 1228 montem
1634 1173 1849 1231 Domini
1872 1177 1963 1232 ὀἳ
1994 1197 2014 1231 ›
2057 1186 2115 1233 et

520 1269 643 1326 qua:
668 1256 952 1330 deinceps.
995 1259 1037 1315 ii
1082 1261 1370 1332 nimirum,
1409 1265 1503 1335 qui
1537 1265 2026 1325 vehementissimo
2056 1269 2112 1325 in

518 1345 693 1403 Deum
727 1365 918 1406 amore
940 1361 1262 1421 aestuantes,
1312 1356 1438 1425 quis
1462 1373 1568 1413 sea
1591 1358 1795 1415 Christi
1821 1359 2117 1418 dilectione

518 1448 879 1507 separaturus
921 1451 1089 1508 esset,
1122 1445 1480 1513 postulabant
1508 1449 1591 1516 “;
1632 1448 1837 1520 quibus
1869 1458 1924 1506 et
1956 1452 2113 1519 illud,

520 1531 621 1593 ait,
653 1532 1077 1602 respondebitur
1112 1554 1126 1591 :
1164 1555 1182 1589 ι
1221 1536 1420 1595 Parate
1456 1540 1600 1596 viam
1653 1542 1891 1609 Domini,
1931 1557 2115 1602 rectas

519 1622 685 1679 facile
710 1625 935 1682 semitas
961 1627 1083 1697 ejus
1117 1630 1187 1684 ".
1229 1648 1248 1683 ι
1282 1631 1572 1697 Quomodo
1592 1643 1774 1690 autem
1806 1635 1927 1691 tolli
1947 1637 2117 1707 o/j‘en-

517 1716 703 1771 dirula
735 1718 1028 1789 praecipit?
1077 1719 1177 1776 Via
1212 1722 1478 1779 nimirum
1533 1726 1658 1783 ﬁdei
1714 1729 1991 1799 expedita,
2032 1730 2110 1787 le-

2215 1726 2316 1797 τὴν
2344 1725 2432 1780 διὰ
2460 1726 2698 1792 πίστεως
2728 1727 3046 1795 ὑποδείξαιτε
3069 1727 3379 1799 αἰρομένων
3410 1728 3475 1781 ἐκ
3508 1726 3666 1798 μέσου
3690 1731 3782 1787 τῶν

518 1807 712 1878 gisque
774 1810 1071 1877 mandatis,
1135 1828 1258 1884 qua:
1318 1815 1407 1871 vix
1476 1817 1771 1889 adimpleri
1833 1832 2110 1892 poterant,

2217 1819 2459 1887 νομικῶν
2484 1820 2863 1891 ὲνταλμάτων,
2890 1820 3036 1892 ἅπερ
3059 1816 3127 1890 ἦν
3153 1820 3593 1891 δυσκατόρθωτα.
3618 1820 3781 1875 Τοιοῦ-

519 1899 755 1956 sublatis
806 1908 860 1956 et
897 1901 1153 1973 abiectis.
1195 1904 1368 1975 Cujus
1416 1910 1636 1977 generis
1690 1921 1777 1967 est
1818 1889 1873 1968 et
1922 1914 2106 1975 illud:

2216 1912 2306 1967 τόν
2336 1914 2453 1966 ἐστι
2476 1889 2675 1977 καὶτὸ,
2713 1889 3052 1986 ιῐΙορεύεσθε
3084 1889 3174 1968 διὰ
3203 1916 3313 1969 τῶν
3346 1913 3530 1968 πυλῶν
3561 1932 3674 1983 μου,
3702 1917 3780 1969 καὶ

525 2009 545 2040 ι
594 1993 886 2049 Ambulate
918 2010 1016 2065 per
1039 2007 1230 2067 portas
1262 2015 1435 2066 meas,
1462 2009 1517 2056 et
1543 2002 1754 2073 lapides
1778 2005 1847 2061 de
1869 2007 1953 2063 via
1980 2024 2110 2079 proi-

2214 2005 2341 2068 τοῦς
2381 2003 2565 2069 λίθους
2596 2004 2686 2058 διὰ
2723 2005 2823 2075 τῆς
2862 2004 2984 2059 ὁδοῦ
3018 2004 3236 2077 ῥίψατε.
3269 2022 3288 2055 ι
3323 2004 3485 2058 Τοῦτ’
3524 2005 3633 2060 ἐστι
3671 2006 3782 2060 δυσο

2293 896 2503 969 Πρέποι
2538 897 2587 953 δ’
2621 898 2691 953 ἃν
2738 898 2997 970 εἰρῆσθαι
3030 898 3207 963 ταῦτα
3247 903 3375 971 περὶ
3404 901 3499 954 τοῦ
3537 901 3637 956 τῶν
3662 904 3779 959 ἀποη

2221 988 2422 1043 στόλων
2452 987 2640 1061 χοροῦ,
2669 990 2728 1044 οἳ
2772 991 2838 1044 τὸ
2886 990 3064 1060 ἅγιον
3111 992 3614 1061 ἐκληρονόμησω
3644 996 3778 1065 ὄρος.

2219 1080 2356 1150 Περὶ
2403 1075 2464 1134 οὗ
2519 1098 2654 1152 φησι
2685 1082 2782 1136 καὶ
2815 1082 3018 1136 Δαϐίδο
3073 1082 3212 1147 «Τίς
3251 1084 3583 1156 ἀναϐήσεται
3624 1091 3695 1154 είς
3732 1092 3783 1146 τὸ

2217 1171 2344 1243 ὅρος
2374 1170 2467 1224 τοῦ
2502 1172 2751 1243 Κυρίου;
2786 1191 2805 1224 ι
2857 1172 2955 1233 καὶ
2999 1171 3071 1225 τὰ
3108 1172 3202 1225 ἐπὶ
3249 1173 3445 1245 τούτῳ.
3495 1175 3556 1228 Οἳ
3598 1178 3689 1247 τῆς
3717 1181 3783 1242 είς

2219 1264 2455 1332 Χριστὸν
2485 1266 2708 1335 ἀγάπης
2742 1264 2993 1336 σφοδρῶς
3038 1264 3389 1336 ἀντεχόμενοι
3436 1266 3636 1336 ἔλεγον,
3675 1272 3784 1336 «Ti;

2215 1358 2368 1427 ἡμᾶς
2409 1358 2635 1429 χωρίσει
2687 1356 2798 1411 ἀπὸ
2844 1357 2946 1427 τῆς
2965 1358 3193 1429 ἀγάπης
3241 1357 3337 1412 τοῦ
3372 1359 3671 1430 Χριστοῦ;ι
3715 1358 3783 1427 οἷς

2218 1449 2539 1521 ῥηθήσεται,
2561 1451 2749 1522 φησὶν,
2775 1451 2857 1519 τὸ,
2892 1470 2911 1503 ι
2940 1451 3302 1531 Ἑτοιμάσατε
3327 1451 3430 1521 τὴν
3444 1451 3560 1504 ὁδὸν
3582 1454 3779 1526 Κυρίου.

2217 1541 2452 1607 Εὐθείας
2490 1546 2697 1597 ποιεῖτε
2741 1544 2840 1609 τὰς
2883 1544 3105 1617 τρίϐους
3155 1543 3345 1598 αὐτοῦ.
3380 1563 3399 1595 ι
3436 1544 3568 1597 Τίνα
3601 1545 3653 1598 δὲ
3678 1548 3782 1617 τρὸ-

2216 1650 2319 1686 πον
2342 1636 2562 1704 ’Ἄρατε
2583 1633 2814 1703 σκῶλα,
2841 1636 3006 1707 φησίν
3027 1654 3042 1703 ;
3066 1635 3211 1689 τοῦτ’
3228 1635 3344 1688 ἐστι
3365 1634 3467 1706 τὴν
3482 1635 3623 1690 λείαν
3639 1636 3779 1702 ὁδὸν,

514 2082 691 2150 jicite.
729 2104 749 2138 ι
789 2084 947 2153 Quod
984 2088 1126 2143 idem
1160 2100 1247 2146 est
1305 2107 1370 2146 ac
1406 2095 1451 2148 si
1498 2096 1749 2151 molestia
1794 2098 1936 2156 viam
1976 2101 2110 2158 libe-

517 2194 644 2233 rare
676 2181 1016 2252 praciperet.
1039 2184 1107 2238 At
1140 2193 1290 2252 sunt,
1319 2187 1412 2256 qui
1446 2197 1617 2243 totam
1644 2189 1806 2245 istam
1840 2193 2111 2252 orationis

522 2271 719 2326 seriem
781 2270 929 2328 hunc
984 2274 1040 2329 in
1084 2278 1304 2332 modum
1363 2280 1657 2351 explicent.
1715 2282 1851 2340 Post
1903 2284 2106 2342 factam

520 2379 735 2433 eorum,
781 2382 904 2437 qua:
949 2369 1208 2439 superius
1252 2371 1397 2427 dicta
1435 2383 1586 2440 sunt,
1634 2377 2105 2447 promissionem;

519 2472 629 2525 qua
660 2458 771 2527 jam
804 2460 927 2515 vitae
962 2462 1178 2517 ratione
1226 2462 1334 2518 illis
1375 2467 1676 2535 potiantur,
1721 2468 2108 2536 demonstrat;

519 2550 858 2622 advenasque
903 2552 1186 2623 deinceps,
1229 2564 1276 2610 et
1308 2558 1577 2614 eunuchos
1622 2560 1966 2628 consolatur,
2012 2563 2108 2633 qui

518 2644 719 2698 semine
759 2644 812 2699 in
856 2644 1148 2702 benedicto
1198 2663 1402 2720 genere
1449 2651 1660 2722 privari
1712 2656 2112 2712 exsecrationis

522 2737 643 2791 loco
675 2737 969 2803 habebant,
1005 2756 1187 2811 neque
1216 2758 1277 2799 se
1326 2742 1451 2798 ideo
1494 2745 1829 2816 promissam
1862 2750 1919 2804 in
1965 2762 2112 2806 terra

519 2827 884 2884 ha'redilatem
915 2832 1069 2888 adire
1108 2848 1273 2904 posse
1317 2837 1607 2906 putabant.
1656 2836 1987 2897 Necessario
2015 2859 2113 2897 au-

519 2929 627 2973 lem
672 2919 777 2975 ista
818 2920 901 2976 eis
939 2923 1201 2989 consulit,
1249 2925 1342 2996 qui
1402 2941 1675 2998 responso
1724 2927 1830 2995 illi,
1859 2937 2007 3001 quod
2042 2932 2111 2987 ad

520 3008 811 3068 Ezecliiam
847 3016 1113 3085 perlatum
1146 3024 1251 3081 est,
1286 3017 1460 3073 futuri
1487 3028 1649 3075 erant
1677 3022 1939 3091 obnoxii;
1982 3038 2109 3078 cum

520 3104 589 3157 de
634 3118 837 3172 genere
875 3106 1051 3177 ipsius
1100 3108 1378 3179 spadones
1429 3124 1558 3165 esse
1612 3110 1907 3169 eﬁ‘ecturos
1950 3113 2110 3168 audi-

520 3196 595 3249 vit
640 3198 707 3252 ".
743 3198 863 3265 Quo
896 3214 1023 3254 cum
1065 3200 1427 3258 devenissent
1478 3201 1694 3268 Daniel,
1736 3205 1955 3276 ipsique
1996 3214 2110 3261 tres

520 3287 720 3363 pueri,
782 3290 1218 3347 consolationem
1267 3307 1332 3351 ex
1389 3293 1477 3348 bis
1534 3295 1720 3349 verbis
1780 3295 2104 3359 hauserunt,

520 3387 780 3451 tanquam
802 3382 897 3453 qui
927 3380 1133 3439 frustra
1156 3382 1253 3439 Dei
1274 3385 1549 3442 mandatis
1572 3402 1680 3442 non
1702 3388 2018 3457 paruissent
2037 3387 2108 3442 “.

446 3500 457 3511 -
520 3474 625 3539 Qui
658 3475 801 3531 tales
822 3476 991 3547 igitur
1022 3475 1193 3531 futuri
1229 3488 1383 3542 sunt,
1412 3493 1508 3534 eos
1536 3494 1597 3533 se
1627 3494 1752 3534 cum
1795 3480 2109 3550 alienigenis

521 3569 781 3636 pietatem
812 3570 1128 3625 colentibus
1156 3570 1501 3626 collecturum
1532 3572 1810 3643 signiﬁcat
1845 3590 1859 3628 :
1894 3574 2112 3630 caeteris

520 3670 705 3715 autem
736 3661 843 3717 ﬁde
873 3665 1193 3720 carentibus
1226 3679 1257 3719 a
1289 3664 1566 3722 Chaldaeis
1602 3666 1760 3736 ipsis,
1794 3668 1889 3737 qui
1922 3667 1975 3722 in
2013 3682 2111 3724 eos

522 3752 765 3807 ferarum
796 3771 949 3813 more
976 3759 1212 3824 irruent,
1248 3759 1492 3831 iugentia
1523 3761 1664 3815 mala
1702 3761 1826 3816 ideo
1848 3776 1971 3818 esse
2009 3776 2108 3816 ex-

521 3847 844 3916 spectanda,
872 3852 1021 3918 quod
1057 3852 1236 3907 insani
1274 3860 1470 3924 sponte
1502 3853 1705 3919 ellecti,
1746 3855 2110 3925 rabiososque

2213 2096 2437 2169 χερείας
2505 2096 2858 2164 άπαλλάξατε
2890 2097 2992 2169 τὴν
3024 2097 3164 2154 ὀδόν.
3198 2098 3388 2153 Ἄλλοι
3418 2097 3474 2152 δὲ
3502 2097 3597 2169 τὴν
3625 2100 3781 2158 πᾶσαν

2209 2188 2385 2254 οὕτως
2407 2189 2749 2262 ἐξηγήσαντο
2774 2190 2937 2263 ῥῆσιν
2956 2205 2975 2223 ο
3004 2190 3161 2246 Μετὰ
3190 2190 3293 2261 τὴν
3347 2189 3459 2245 τῶν
3489 2191 3779 2263 προλεχθένρ

2210 2281 2321 2333 τῶν
2366 2281 2726 2351 ἐπαγγελίαν,
2787 2280 3143 2337 ὑποδείκνυσι
3189 2283 3308 2346 πῶς
3360 2282 3596 2355 βιοῦντες
3626 2285 3780 2339 αὐτῶν

2212 2373 2609 2440 ὲπιτεύξονται.
2641 2373 2780 2428 Μεθ’
2804 2373 2841 2428 ἃ
2863 2374 3280 2445 παραμυθεῖται
3327 2376 3474 2442 τοὺς
3508 2378 3781 2444 προσηλύ-

2211 2486 2358 2536 tam;
2379 2483 2393 2498 '
2422 2464 2544 2521 εἶτα
2575 2468 2704 2532 τοὺς
2752 2469 3094 2538 εὐνούχους
3124 2467 3376 2538 κατάραν
3423 2470 3687 2540 οἰομένους
3730 2471 3780 2525 τὸ

2215 2560 2292 2634 μὴ
2342 2554 2586 2630 σπέρμα
2636 2561 2695 2614 ὲν
2745 2559 2824 2631 τῷ
2874 2560 3231 2632 εὐλογημένῳ
3283 2561 3435 2630 γένει
3489 2562 3779 2630 κεκτῆσθαι,

2215 2654 2352 2727 μηδὲ
2390 2653 2806 2723 κληρονομίαν
2851 2652 3112 2709 δύνασθαι
3153 2654 3342 2709 λαϐεῖν
3384 2655 3454 2708 ἐν
3481 2653 3553 2723 τῇ
3693 2653 3782 2722 τῆς

2210 2744 2571 2814 ἐπαγγελίας.
2620 2742 2964 2814 Ἀναγκαίως
2996 2746 3052 2801 δὲ
3093 2746 3269 2801 ταῦτα
3301 2744 3651 2800 συνεϐούλευε
3682 2747 3781 2808 τοῖς

2214 2838 2501 2911 μέλλουσιν
2535 2837 2647 2903 ὑπὸ
2694 2838 2794 2911 τὴν
2861 2839 3140 2908 ἀπόφασιν
3193 2839 3418 2895 κεῖσθαι
3469 2839 3566 2910 τὴν
3615 2836 3778 2911 ῥηθεί-

2213 2945 2315 2983 σαν
2353 2928 2493 3000 πρὸς
2531 2928 2806 2994 Ἑζεκίαν,
2861 2928 2937 2994 ὡς
2984 2931 3048 2983 ὲκ
3080 2929 3175 2999 τοῦ
3218 2930 3416 3000 γένους
3445 2929 3604 2984 αὐτοῦ
3639 2929 3780 3000 ποιή-

2213 3037 2367 3074 σουσι
2386 3019 2714 3084 σπάδοντας·
2742 3015 2853 3094 ᾖπε
2861 3038 2894 3092 ρ
2912 3020 3205 3074 ὑποπεσὼν
3228 3019 3564 3091 Δανιὴλ,ξκαὶ
3585 3020 3630 3072 oi
3650 3020 3780 3089 τρεῖς

2210 3114 2426 3180 παῖδες,
2474 3114 2839 3185 παραμυθίας
2882 3114 2971 3168 διὰ
3010 3113 3219 3168 τούτων
3255 3116 3576 3186 ἐτύγχανον,
3608 3113 3674 3176 ὠς
3714 3113 3779 3183 μὴ

2212 3206 2489 3276 ἁνονήτως
2518 3204 2611 3259 τοῦ
2644 3205 2779 3260 Θεοῦ
2815 3206 3095 3277 μετιόντες
3120 3207 3220 3279 τὰς
3250 3208 3495 3270 ἐντολάς.
3536 3207 3664 3269 Τοὺς
3699 3200 3781 3259 οὖν

2210 3300 2487 3364 τοιούτους
2523 3301 2662 3371 μετὰ
2710 3301 2820 3354 τῶν
2876 3299 3243 3355 εὐσεϐούντων
3290 3298 3637 3371 ἀλλογενῶν
3674 3298 3781 3351 ἐπι-

2212 3392 2509 3458 συνάξειν
2537 3393 2691 3464 φησί.
2738 3393 2960 3458 Τοῖς¹δὲ
3000 3392 3182 3456 ἄλλοις
3225 3391 3519 3447 ἀπειθοῦσι
3552 3389 3779 3461 προλέγει

2212 3486 2285 3540 τὰ
2325 3484 2720 3558 συμϐησόμενα
2762 3487 2916 3557 παρὰ
2939 3485 3225 3540 Χαλδαίων
3269 3485 3431 3558 δίκην
3469 3484 3663 3556 θηρίων
3690 3484 3777 3553 ἐμ-

2213 3576 2512 3655 πηδώντων
2546 3579 2756 3642 αὐτοῖς.
2807 3578 2882 3631 Τὸ
2912 3577 2971 3631 δὲ
3026 3576 3222 3641 αῐτιον,
3266 3577 3351 3631 ὅτι
3410 3576 3625 3641 ἑκόντες
3652 3576 3779 3645 ἐμωι

2215 3670 2515 3742 ράνθησαν,
2560 3670 2699 3737 τοὺς
2733 3672 2924 3737 κύνας
2952 3670 3086 3735 τοὺς
3121 3668 3437 3733 λυττῶντας
3486 3668 3778 3740 μιμησάμεο

2215 3781 2318 3829 νοι,
2340 3765 2469 3828 τοὺς
2487 3765 2560 3835 μὴ
2576 3764 2839 3827 δεσπότας
2856 3763 3243 3836 γνωρίζοντας,
3266 3764 3341 3835 μή
3357 3780 3423 3816 τε
3443 3763 3566 3826 τοὺς
3586 3763 3783 3833 τρέφον-

2214 3874 2336 3922 τας,
2372 3857 2511 3928 μήθ’
2555 3857 2846 3919 ὑλακτεῖν
2874 3855 3271 3928 δυναμένους·
3300 3855 3329 3909 δ
3358 3855 3428 3929 δὴ
3449 3856 3776 3911 πεπόνθασιν.

523 3957 682 3997 canes
713 3943 934 4011 imitati,
968 3962 1038 4002 ne
1069 3949 1322 4004 dominos
1351 3947 1574 4019 quidem
1606 3965 1759 4013 suos,
1801 3951 1885 4006 vel
1947 3966 2066 4016 eos,
2117 3966 2148 4005 a
2212 3954 2416 4023 quibus
2471 3962 2801 4026 pascuntur,
2870 3959 3254 4026 agnoverunt;
3313 3951 3449 4011 imo.
3480 3968 3548 4008 ne
3604 3951 3780 4011 latrare

525 4037 749 4106 quidem
802 4040 1091 4095 valuerunt
1129 4059 1148 4098 :
1190 4044 1361 4116 648
1408 4045 1555 4116 quod
1596 4053 1747 4100 certe
1783 4052 1838 4099 et
1869 4061 1967 4102 eos
2009 4049 2121 4117 pati
2149 4049 2403 4119 contigit.

595 4129 733 4185 Cum
764 4132 937 4197 enim,
968 4143 1227 4204 tanquam
1287 4138 1340 4192 in
1394 4154 1590 4194 somno
1627 4147 1681 4192 et
1713 4138 1888 4205 lectis,
1923 4140 1992 4194 ad
2019 4155 2107 4204 ea,

2299 4142 2619 4207 Ἀκούοντες
2674 4142 2805 4215 γὰρ,
2857 4143 2934 4207 ῶς
2995 4144 3054 4199 ὲν
3109 4144 3287 4216 ὕπνῳ,
3336 4144 3436 4197 καὶ
3482 4138 3776 4205 κοίταιςντᾶ

523 4240 645 4281 ausu
679 4240 707 4276 a
732 4224 1073 4289 tiaettumibus
1112 4229 1463 4295 dicebantur,
1496 4232 1869 4298 adverterent,
1912 4231 2110 4287 dor-mi-

2216 4236 2371 4308 παρὰ
2398 4236 2508 4291 τῶν
2536 4237 2811 4308 δαιμόνων
2840 4236 3134 4309 λεγόμενα,
3185 4232 3610 4308 προσεποιοῦντο
3644 4244 3777 4283 νυσε

523 4327 640 4370 ture
676 4333 732 4373 se
771 4318 1084 4390 ﬁngebant;
1134 4338 1310 4393 eaque
1367 4324 1694 4395 rejiciebant
1762 4341 1885 4396 qua:
1918 4326 2023 4381 sibi
2077 4343 2110 4384 a

2214 4328 2463 4399 ταγμὸν,
2502 4329 2733 4397 ἀφέντες
2762 4327 2831 4385 τὰ
2854 4332 3003 4406 παρὰ
3030 4326 3124 4382 τοῦ
3155 4326 3293 4381 Θεοῦ
3327 4327 3448 4398 μετ’
3478 4320 3780 4393 ἀποδείξεως

521 4406 635 4467 Meo
673 4423 741 4465 ex
780 4420 909 4465 nota
948 4420 1004 4468 et
1057 4416 1348 4485 perspicua
1400 4432 1585 4472 rerum
1623 4417 1726 4474 lide
1767 4418 1971 4489 (qualis
2025 4429 2110 4476 est

2214 4422 2325 4475 τῶν
2355 4422 2414 4474 ὲν
2459 4420 2591 4474 ποσὶ
2632 4419 3032 4493 προλεγόμενα,
3076 4418 3175 4477 τοῦ
3229 4419 3330 4491 μὲν
3356 4418 3510 4488 ἡλίου
3549 4411 3777 4471 ἀναποδί-

521 4499 591 4555 de
624 4502 759 4559 solis
812 4520 1005 4573 gressu
1055 4517 1320 4576 retracto,
1362 4510 1539 4581 deque
1588 4521 1810 4566 centum
1848 4521 1904 4568 et
1946 4522 2110 4569 octo-

2217 4532 2434 4583 σαντος,
2483 4514 2591 4568 τῶν
2631 4512 2687 4567 δὲ
2740 4512 2937 4567 ἑκατὸν
2972 4514 3306 4589 ὀγδοήκοντα
3353 4512 3517 4571 πέντε
3547 4506 3777 4582 χιλιάδων

522 4594 677 4661 ginta
735 4598 985 4668 quinque
1054 4601 1297 4659 millibus
1360 4605 1700 4676 interemptis
1756 4605 2110 4679 historia”),

2216 4607 2599 4680 ἀνῃρημένων.
2630 4606 2774 4677 Πρὸς
2799 4604 2835 4660 ἃ
2872 4604 3297 4675 τυφλώττοντες,
3341 4604 3451 4657 τῶν
3494 4600 3670 4656 κακῶν
3692 4596 3778 4651 οὐκ

521 4697 785 4763 eventura
819 4704 943 4751 esse.
967 4692 1412 4762 praadicebantur
1442 4714 1457 4751 :
1491 4698 1559 4751 ad
1589 4714 1712 4770 quae
1743 4712 1869 4754 cum
1898 4699 1976 4754 illi
2008 4715 2114 4755 cte-

520 4780 783 4843 cutirent,
821 4783 972 4837 nulla
1002 4785 1271 4845 malorum
1298 4790 1552 4847 satietate
1584 4791 1963 4862 capiebantur.
1995 4792 2112 4850 Iino

522 4887 654 4927 vero
704 4888 828 4935 cum
868 4876 1213 4936 Calamitates
1246 4880 1615 4950 intuerentur,
1659 4900 1781 4954 qum
1834 4886 2023 4956 probis
2057 4894 2113 4942 et

516 4965 686 5035 justis
707 4968 1006 5035 accidunt;
1040 4985 1163 5026 cum
1202 4973 1270 5028 ad
1307 4982 1535 5030 mortem
1570 4976 1734 5030 etiam
1772 4976 1825 5030 vi
1861 4977 2110 5049 pertrahi

523 5057 810 5126 viderent;
844 5062 1034 5129 virtuti
1065 5066 1231 5120 etiam
1281 5067 1409 5136 ipsi,
1440 5075 1701 5139 tanquam
1741 5068 1877 5123 nihil
1909 5069 2109 5129 habeat

524 5140 1219 5235 utilitatis,detrahebant.
1270 5162 1449 5231 Atque
1491 5162 1618 5223 inde
1652 5170 1756 5228 est,
1797 5163 1946 5231 quod
1982 5177 2107 5217 cum

519 5244 587 5298 de
613 5245 682 5301 iis
720 5256 871 5304 esset
913 5262 1074 5306 antea
1107 5253 1351 5318 loeutus,
1395 5253 1486 5321 qui
1520 5254 1732 5322 justum
1771 5254 1994 5331 periisse
2022 5254 2110 5309 di-

520 5347 745 5403 cerent,
790 5344 1278 5411 reprehensionem
1350 5345 1590 5414 adjecit;
1659 5348 1846 5403 videre
1910 5361 2110 5417 nempe

523 5428 679 5506 ipsos
717 5435 1062 5504 corporalem
1112 5435 1339 5506 quidem
1392 5454 1585 5492 eorum
1647 5439 1968 5505 interitum;
2010 5439 2108 5495 sed

521 5503 604 5577 eis
638 5523 827 5578 utilem
868 5542 991 5595 esse
1040 5536 1348 5599 temporum
1381 5532 1818 5589 contractionem
1857 5532 2114 5603 bonaque

594 5636 641 5669 '°
669 5635 870 5694 Psaim.
897 5656 1052 5698 mu.
1091 5643 1142 5698 5.

524 5714 628 5773 [et
651 5723 733 5774 ut,
805 5710 852 5750 ⁸³
886 5709 953 5773 ιν
988 5712 1120 5789 Reg,
1148 5730 1258 5781 xix,
1299 5716 1321 5783 ι
1364 5732 1516 5788 seqq.

1248 5645 1292 5675 ἰ
1324 5643 1482 5698 liom.
1512 5663 1627 5711 vul,
1666 5646 1755 5703 '55.
1830 5649 1877 5681 "
1912 5645 2019 5705 lsa.
2056 5663 2141 5713 ιιι,
2180 5645 2254 5712 5;
2284 5642 2481 5699 Matth.
2522 5660 2601 5709 ιιι,
2632 5642 2688 5698 3.

2218 4698 2530 4770 ἐλάμϐανον
2561 4698 2721 4767 κόρον
2741 4714 2757 4729 ο
2803 4696 2942 4752 ἀλλὰ
2983 4697 3079 4752 καὶ
3122 4696 3222 4761 τὰς
3253 4695 3603 4765 περιστάσεις
3626 4690 3777 4763 ὀρῶν·

2214 4806 2327 4855 τες,
2362 4789 2420 4844 αἲ
2449 4784 2562 4855 τοῖς
2597 4789 2829 4854 δικαίοις
2873 4789 3258 4860 συμϐαίνουσι,
3305 4788 3400 4843 καὶ
3437 4788 3562 4851 τοὺς
3599 4786 3777 4851 ἐπαγο-

2217 4882 2414 4954 μένους
2450 4881 2543 4955 βίᾳ
2572 4882 2859 4946 θανάτους,
2898 4880 3248 4955 διεϐέῃληντο
3277 4879 3416 4951 πρὸς
3462 4879 3560 4949 τὴν
3596 4874 3776 4948 ἀρετὴν

2214 4976 2291 5050 ὡς
2328 4974 2496 5051 μηδὲν
2542 4973 2879 5043 ὠφελοῦσαν.
2915 4972 3081 5027 ’Ὅθεν
3112 4972 3182 5026 τὰ
3226 4971 3357 5041 παρ’
3388 4969 3567 5024 αὐτῶν
3599 4965 3776 5037 προτάο

2217 5066 2314 5133 ξας
2329 5066 2439 5119 τῶν
2462 5064 2728 5134 λεγόντων
2764 5062 3150 5118 ἀπολωλέναι
3186 5062 3295 5115 τὸν
3321 5060 3574 5120 δίκαιον,
3601 5056 3776 5124 ἐπάγει

2220 5158 2571 5233 μεμφόμενος
2599 5156 2680 5209 ὅτι
2704 5156 2802 5217 τὰς
2835 5156 2935 5226 μὲν
2968 5153 3291 5225 σωματικὰς
3324 5152 3502 5206 αὐτῶν
3524 5147 3777 5208 ἀπωλείας

2215 5252 2406 5330 ὁρῶσι,
2438 5252 2501 5306 τὸ
2534 5251 2593 5305 δὲ
2622 5250 2757 5320 πρὸς
2784 5248 2972 5320 ὄνησιν
3001 5249 3187 5312 αὐτοῖς
3213 5242 3353 5300 εἶναι
3380 5246 3441 5299 τδ
3469 5240 3774 5307 συσταλῆναι

2214 5345 2308 5399 τὸν
2337 5344 2551 5417 χρόνον,
2605 5344 2699 5397 καὶ
2740 5342 2918 5395 πόνων
2949 5341 3149 5405 αὐτοὺς
3204 5342 3290 5394 ἐπ’
3323 5338 3532 5393 ἐλπίσιν
3564 5332 3775 5402 ἀγαθαῖς

2213 5434 2654 5490 ἀπαλλάττεσθαι
2690 5447 2704 5485 t
2761 5438 2986 5489 σκοπεῖν
3009 5433 3112 5487 οὐκ
3157 5432 3429 5486 ἐθέλουσιν
3473 5427 3653 5489 ἁπλῶς
3680 5419 3773 5477 τοῦ

2218 5528 2455 5584 δικαίου
2511 5527 2938 5599 κατατρέχοντες
3000 5524 3138 5596 βίου.
3194 5520 3328 5579 Εἶτα
3379 5522 3639 5590 διελέγχει
3686 5514 3772 5575 τὰς

2798 5642 2842 5675 ’³
2878 5638 2940 5699 ιγ
2982 5637 3118 5713 Reg.
3153 5656 3246 5709 xx,
3282 5639 3305 5694 ί
3344 5654 3496 5709 seqq.
3571 5636 3614 5666 ”
3648 5629 3765 5693 οιυιο

1833 5809 2065 5877 ῩᾹιὶίιΕ
2107 5800 2514 5876 LECTIUNES.

601 5889 793 5955 ἱλό,
