3998 6390
181 409 316 474 2581

1303 405 1832 468 COMMENTARII
1898 405 1982 466 IN

2048 404 2337 465 ISAIAM.
3214 445 3216 447 .
3312 382 3472 455 3582

179 521 438 586 ἀσεϐείας
480 520 682 586 αὐτῶν,
716 519 817 585 τὰς
857 521 926 574 ἐν
972 520 1159 589 ὄρεσι,
1192 524 1286 574 καὶ
1332 520 1453 575 κατ’
1478 536 1628 572 οικον
1679 519 1803 578 ἐπὶ,

1912 534 1976 590 pe
2008 518 2235 574 liberari
2266 515 2679 573 difﬁcultatibus
2706 529 2719 565 :
2751 509 2897 581 quod
2926 506 3123 562 nolunt
3149 507 3186 561 ii
3213 507 3470 560 conside-

180 615 291 668 τῶν
314 613 466 668 ἰδίων
494 613 750 684 σταθμῶν
779 612 996 684 βωμοὺς
1030 613 1374 682 ἐγειρόντων,
1396 612 1492 667 καὶ
1523 610 1771 683 σύμϐολα

182 705 609 779 κρεμαννύντων
648 705 980 775 οἰωνισμῶν.
1028 705 1230 776 Διόπερ
1265 705 1347 768 εἰς
1390 702 1773 775 αἰχμαλωσίαν

184 799 682 871 παραδοθήσονται.
736 799 826 850 Ἐν
872 797 983 869 γὰρ
1010 799 1194 861 αὐτοῖς
1223 799 1335 860 τοῖς
1356 797 1548 860 δεινοῖς
1575 793 1599 832 ¹ε
1634 795 1774 849 πάν-

183 911 250 946 τα
283 891 486 961 μᾶλλον
515 890 712 962 ἧπρὸς
745 890 849 959 ἐμὲ
887 889 1286 960 κατεφεύγετε,
1314 888 1614 961 πρεσϐείας
1647 888 1776 958 περὶ

187 983 510 1053 συμμαχίας
564 984 644 1045 είς
681 970 963 1050 Αἴγυπτον
1015 982 1459 1046 ἀποστέλλοντες,
1508 981 1602 1034 καὶ
1641 979 1776 1051 πρὸς

185 1074 252 1126 τὰ
303 1073 588 1144 πόρρωθεν
635 1073 789 1144 ἔθνη.
842 1074 953 1126 Καὶ
997 1073 1394 1142 ἀντιλεγόντων
1439 1071 1527 1142 ἐφ’
1558 1071 1780 1142 ἐτέρους

185 1164 464 1234 ὲτρέχετε.
496 1164 605 1218 Καὶ
635 1165 821 1218 κόπων
851 1166 945 1218 καὶ
966 1165 1348 1236 ταλαιπωρίας
1372 1165 1536 1236 κόρος
1566 1164 1666 1217 οὐκ
1691 1159 1779 1235 ἦν.

187 1253 322 1309 Εἶτα
378 1258 478 1320 τὰς
509 1258 797 1329 συμφορὰς
835 1259 1020 1322 αὐτοῖς
1063 1258 1390 1329 ἀπειλήσας,
1421 1257 1660 1320 ἀνέσεως
1689 1273 1788 1308 τυ-

189 1351 306 1418 χεῖν
361 1351 489 1413 τοὺς
527 1349 677 1420 αὐτῷ
729 1351 1163 1420 προσκειμένους
1210 1349 1633 1419 ἐπαγγέλλεται.
1682 1347 1792 1402 Καὶ

189 1440 618 1504 καταλαϐόντες,
642 1442 796 1512 φησι,
824 1443 892 1495 τὸ
921 1441 1094 1511 ἅγιόν
1113 1461 1235 1513 μου
1263 1443 1400 1512 ὄρος
1415 1440 1791 1511 συμϐουλεύο

189 1549 377 1587 σουσι
408 1535 518 1586 πᾶν
556 1533 774 1587 εἴδωλον
822 1534 1080 1605 ἀρθῆναι.
1122 1533 1232 1589 Kal
1267 1532 1392 1591 πᾶν
1417 1531 1667 1588 σκῶλον
1691 1549 1796 1585 κα-

1881 622 2028 673 rare,
2065 608 2161 678 qui
2193 607 2333 678 justi
2357 606 2480 661 vitae
2507 602 2726 675 penitus
2764 599 3150 668 adversantur.
3175 592 3468 662 Deinceps,

1881 718 2006 774 quae
2040 700 2344 771 impietatis
2373 697 2584 754 scelera
2616 710 2683 751 eo
2707 694 2827 764 ipso
2860 688 3206 752 admiserint,
3236 685 3383 758 quod
3413 686 3468 740 in

1883 773 2149 845 montibus
2190 785 2544 858 propriisque
2601 781 2862 838 domibus
2925 792 3056 833 aras
3103 775 3211 831 sibi
3262 773 3472 830 excita.-

1883 885 2016 948 rint,
2050 881 2199 953 quod
2229 876 2588 934 divinationis
2625 883 2681 930 et
2728 871 2946 943 augurii
2983 869 3234 942 symbola
3275 881 3477 936 appen-

1885 977 2091 1041 deriut,
2124 973 2270 1029 unde
2300 982 2355 1026 et
2386 971 2489 1041 ipsi
2523 971 2577 1024 in
2611 967 2990 1040 captivitatem
3019 961 3272 1018 tradendi
3321 967 3473 1022 sunt,

1887 1069 2247 1128 demonstrat.
2274 1063 2410 1120 Cum
2459 1063 2604 1117 enim
2635 1077 2754 1125 vos,
2798 1057 2998 1128 inquit,
3037 1071 3221 1110 rerum
3255 1061 3480 1122 urgeret

1890 1161 2218 1224 necessitas,
2247 1157 2312 1212 ad
2333 1154 2633 1228 quemlibet
2663 1153 2832 1207 alium
2864 1149 3048 1222 potius
3105 1162 3267 1218 quam
3294 1145 3361 1199 ad
3389 1158 3479 1198 me

1886 1249 2236 1320 confugistis,
2277 1248 2598 1316 legatosque
2636 1243 2691 1296 in
2733 1241 3030 1312 [Egyptnm
3086 1249 3140 1292 et
3187 1236 3254 1290 ad
3284 1246 3477 1307 gentes

1886 1342 2288 1398 remotissimas
2337 1340 2405 1394 de
2452 1336 2660 1394 auxilio
2711 1333 2962 1394 misistis,
3024 1346 3055 1386 a
3100 1330 3307 1400 quibus
3352 1342 3479 1381 eum

1889 1437 2168 1506 repulsam
2201 1431 2350 1505 passi
2383 1430 2607 1490 essetis,
2643 1428 2709 1482 ad
2742 1427 2881 1480 alios
2917 1439 3139 1479 rursum
3176 1436 3482 1492 preperan-

1902 1538 2005 1593 tes,
2038 1528 2226 1582 nullus
2274 1539 2371 1580 vos
2403 1523 2661 1578 itinerum
2708 1519 2884 1579 labor,
2921 1514 3070 1570 nulla
3129 1514 3479 1568 miseriarum

191 1624 554 1694 θαρισθῆναι
609 1625 728 1681 ἀπὸ
779 1603 901 1681 τῶν·
954 1603 1112 1684 ὁδῶν
1155 1627 1263 1682 τοῦ
1316 1626 1498 1690 Θεοῦ,
1541 1625 1681 1696 πρὸς
1734 1622 1796 1678 τὺ

1912 1616 2219 1690 nagnitndo
2251 1611 2570 1669 retardavit.
2608 1608 2836 1672 Deinde,
2877 1613 3167 1677 postquam
3203 1603 3484 1658 calamita-

193 1721 603 1792 ἀνεμποδίστως
633 1722 692 1774 ὲν
730 1724 852 1786 ταῖς
887 1722 1030 1786 ὁδοῖς
1055 1739 1160 1793 μου
1185 1720 1538 1794 πορεύεσθαι.

1912 1719 1988 1765 tes
2021 1709 2306 1763 minitatus
2354 1713 2459 1769 est,
2497 1701 2880 1758 remissionem
2919 1697 3064 1762 illos,
3097 1695 3192 1766 qui
3235 1693 3343 1748 Deo
3387 1693 3483 1746 ad-

191 1817 469 1881 haereant,
503 1827 900 1873 consecuturos
961 1834 1086 1874 esse
1114 1817 1407 1890 promittit.
1437 1817 1572 1873 Cum
1625 1828 1798 1870 meum
1840 1809 2100 1879 denique,
2139 1803 2338 1874 inquit,
2371 1799 2475 1870 ipsi
2523 1806 2753 1852 montem
2791 1805 3037 1850 sanctum
3100 1790 3303 1846 fuerint
3348 1803 3480 1843 con-

192 1909 390 1974 secuti,
420 1924 586 1964 omne
611 1923 842 1978 prorsus
890 1879 1373 1975 auferriddolum,
1429 1908 1672 1976 omnique
1727 1898 2048 1971 offendicula
2109 1912 2199 1950 vas
2254 1889 2469 1947 Domini
2525 1887 2764 1958 purgari,
2805 1886 2938 1957 qno'
2977 1883 3156 1940 facilis
3188 1879 3285 1936 fiat
3319 1881 3372 1935 in
3397 1880 3480 1938 eis

194 2005 516 2068 ambulatio,
546 2004 857 2070 consulent,
886 2016 1050 2074 atque
1083 2004 1375 2059 curabunt.
2195 2037 2204 2042 ι

264 2103 450 2151 ιε-κα’.
506 2096 652 2151 Τάδε
693 2057 859 2166 λέγεί
892 2057 1110 2164 Κάριοζ·
1148 2099 1180 2150 ὁ
1211 2057 1473 2165 iiii-ureae
1519 2095 1590 2148 ἐν
1625 2095 1788 2162 ὑψη-

1960 2082 2130 2156 θήθ
2168 2079 2336 2134 Vens.
2375 2069 2571 2134 15-21,
2627 2067 2754 2122 lla’c
2796 2066 2926 2121 dicit
2971 2063 3227 2118 Dominus
3278 2057 3487 2112 altissi-

197 2188 324 2254 ,ιοῖς
362 2187 658 2242 κατοικῶν
692 2149 804 2242 te}
827 2149 1033 2252 αἰῶνα,
1071 2149 1239 2257 άῖγιος
1257 2149 1338 2241 ἓν
1387 2149 1580 2256 (ip/01¢
1604 2149 1791 2252 ὅνριλα

1912 2193 2036 2230 nus.
2061 2174 2151 2245 qui
2184 2174 2236 2226 in
2263 2168 2484 2224 excelsis
2522 2165 2730 2220 habitat
2759 2161 2815 2214 in
2851 2167 3130 2218 internum,
3173 2162 3392 2206 sanctus
3427 2149 3482 2202 in

199 2279 355 2345 αὐτῷ
383 2281 599 2350 Κύριος
655 2279 940 2349 ὕψιστος,
1079 2243 1270 2351 ἁγίοις
1304 2243 1788 2346 ἀναπαυόμενος,

1912 2269 2094 2324 mnctis
2125 2281 2314 2320 nomen
2344 2265 2410 2344 ei.
2454 2260 2714 2316 Dominus
2745 2251 3070 2314 altissimus,
3091 2246 3181 2315 qui
3207 2245 3264 2298 in
3279 2243 3482 2298 sanctis

201 2373 293 2427 ml
346 2332 744 2443 thyfogi-zizoc;
798 2332 1006 2439 didam;
1059 2332 1496 2443 paxpo'ﬂujtlar,
1548 2332 1649 2425 ecca!

1912 2356 2196 2427 ~equiescit,
2228 2363 2276 2408 et
2315 2334 2682 2423 pusillanimis
2718 2342 2810 2396 dat
2842 2338 3183 2411 patientiam,
3231 2344 3278 2387 et
3320 2332 3484 2386 vitam

200 2466 342 2534 δοὺς
395 2465 550 2536 ζωὴν
590 2466 716 2534 τοῖς
759 2466 1299 2536 συντετριμμένοις
1356 2465 1472 2535 τὴν
1517 2463 1792 2534 καρδίαν,

205 2575 258 2612 κ.
285 2575 336 2612 τ.
361 2557 413 2612 λ.

273 2650 420 2721 Πρὸς
453 2649 582 2714 τοὺς
615 2651 886 2722 ἄρχοντας
913 2649 1009 2708 τοῦ
1032 2648 1306 2704 Ἰουδαίων
1334 2648 1546 2713 ἔθνους,
1573 2649 1668 2716 οὓς
1699 2648 1797 2704 κύ-

205 2760 295 2805 νας
321 2742 510 2806 ἐνεοὺς
539 2743 632 2796 καὶ
664 2744 899 2812 τυφλοὺς
918 2785 932 2804 ,
964 2741 1063 2796 καὶ
1089 2743 1159 2796 τὰ
1187 2741 1414 2796 τοιαῦτα
1445 2742 1663 2807 ἐκάλει,
1700 2741 1798 2799 καὶ

202 2834 338 2905 πρὸς
388 2835 516 2897 τοὺς
559 2834 652 2887 ὑπ’
676 2836 877 2898 αὐτοὺς
913 2835 1081 2898 λαοὺς
1113 2834 1182 2888 τὰ
1229 2834 1336 2906 πρὸ
1368 2834 1574 2888 τούτων
1603 2831 1796 2898 εἰπὼν,

204 2926 295 2979 νῦν
325 2926 468 2996 πρὸς
494 2929 624 2986 τοὺς
649 2928 707 2979 ὲν
733 2926 920 2990 αὐτοῖς
953 2926 1239 2991 εὐλαϐεῖς,
1273 2925 1370 2981 καὶ
1404 2925 1802 2997 μετανοοῦντας

203 3017 286 3085 ἐφ’
312 3011 398 3080 οἷς
426 3016 678 3088 ἥμαρτον
707 3019 944 3072 ποιεῖται
979 3018 1074 3071 τὸν
1103 3017 1265 3086 λόγον
1287 3059 1302 3084 ,
1339 3016 1433 3081 οὒς
1467 3019 1562 3071 καὶ
1587 3033 1802 3073 συντε-

202 3109 560 3180 τριμμένους
587 3110 706 3178 τὴν
727 3111 979 3179 καρδίαν
999 3109 1173 3170 καλεῖο
1189 3106 1331 3181 ἦσαν
1353 3111 1461 3183 γὰρ
1477 3111 1526 3164 εί
1554 3111 1649 3165 καὶ
1675 3110 1807 3182 βρα-

202 3201 314 3270 χεῖς
358 3201 415 3251 ὲν
449 3199 636 3261 αὐτοῖς
667 3199 1019 3274 ἀνακείμενοι
1046 3199 1134 3273 τῷ,
1151 3199 1273 3271 Θεῷ
1297 3200 1580 3271 προφῆταί
1601 3219 1684 3264 τε,
1705 3193 1805 3256 καὶ

203 3291 414 3347 τούτων
449 3290 717 3362 μαθηταὶ,
743 3291 972 3356 ἑαυτούς
998 3309 1056 3346 τε
1082 3293 1177 3346 καὶ
1203 3294 1297 3346 τὸν
1323 3293 1452 3349 λαὸν
1479 3294 1808 3348 ἀποκλαίον-

198 3401 315 3446 τες.
346 3383 760 3454 ὑστερούμενοι,
790 3383 1124 3454 θλιϐόμενοι,
1155 3385 1252 3440 καὶ
1277 3385 1346 3440 τὰ
1375 3385 1671 3455 ὲφεξῆς.⁹0
1695 3384 1804 3457 γὰρ

200 3475 363 3541 θεὸς,
397 3476 443 3527 εί
486 3475 582 3528 καὶ
628 3476 849 3529 πάντων
898 3476 1044 3531 ἐστὶν
1093 3476 1375 3542 ἐπέκεινα,
1407 3477 1508 3548 οὐχ
1556 3478 1805 3551 ὑπερορᾷ

203 3567 352 3634 τοὺς
380 3567 725 3634 ταπεινοὺς,
755 3568 894 3622 ἀλλὰ
934 3572 1030 3624 καὶ
1073 3569 1257 3623 δίδωσι
1285 3570 1447 3640 χάριν
1498 3571 1705 3634 αὐτοῖς,
1731 3573 1812 3635 είς

206 3659 345 3728 ὕψος
395 3659 651 3730 ἐγείρων,
685 3661 715 3713 ὁ
750 3662 866 3722 τοῖς
907 3660 1286 3732 ὑπερηφάνοις
1328 3660 1810 3730 ἀντιτασσόμενος,

205 3750 354 3804 κατὰ
401 3748 498 3802 τό·
537 3749 640 3802 «Ὀ
679 3749 955 3807 ταπεινῶν
1000 3751 1216 3815 ἑαυτὸν,
1239 3750 1612 3823 ὑψωθήσεται,
1643 3770 1662 3803 ι
1720 3752 1814 3804 καὶ

209 3841 458 3910 ὑψωθεὶς
503 3840 819 3896 ἐνοικοῦντα
872 3841 1143 3913 λαμϐάνει
1188 3841 1345 3898 Θεόν.
1383 3844 1485 3898 Διά
1513 3843 1677 3898 τοῦτο
1706 3846 1812 3917 γὰρ

209 3934 306 3988 καὶ
346 3932 446 3986 νῦν
487 3933 670 3999 αὐτοῖς
720 3934 1053 4004 διαλέγεται,
1102 3934 1180 3999 ὡς
1229 3935 1295 3990 ἂν
1336 3937 1581 4007 ὑψώσῃ,
1614 3937 1710 3992 καὶ
1744 3938 1803 3992 ἐν

210 4025 394 4092 ἁγίοις
417 4026 711 4094 ,γεγονόσιν
737 4026 1217 4097 erras-anatinam.
1248 4029 1322 4082 Οὺ
1351 4029 1580 4084 τοπικδν
1607 4025 1698 4083 οὖν
1725 4031 1817 4087 ἐπὶ

213 4117 375 4182 Θεοῦ,
412 4117 663 4188 σχετικὸν
693 4118 752 4172 δὲ
785 4120 850 4174 τὸ
884 4119 1048 4190 ’ὕψος
1070 4161 1086 4187 ,
1116 4120 1185 4175 δι’
1219 4115 1327 4193 ἦςι
1369 4125 1485 4188 τοῖς
1518 4122 1691 4194 ἀξίοις
1719 4123 1818 4182 καὶ

216 4209 422 4282 αὑτῷω
474 4210 766 4282 πάρεστιν.
812 4211 1031 4276 Ὀποῖος
1081 4212 1178 4266 καὶ
1226 4213 1255 4265 ὁ
1300 4213 1684 4286 ταπεινόφρων
1723 4213 1818 4275 ἐπὶ

216 4305 336 4367 τοῖς
365 4303 806 4377 ἡμαρτημένοις.

291 4571 355 4624 Εἰ
389 4570 448 4623 δὲ
478 4569 574 4622 καὶ
595 4568 875 4639 ἄνθρωποι
909 4568 1061 4632 ὄντες
1099 4568 1370 4624 θλίϐονται
1413 4569 1482 4622 δι’
1507 4568 1817 4634 εὐσέϐειαν,

223 4662 602 4735 καρτερικοὺς
629 4662 830 4724 αὐτοὺς
863 4660 1241 4734 ἀπεργάζεται
1273 4661 1675 4731 (μακρόθυμος
1711 4660 1820 4734 γὰρ

221 4753 320 4818 ῶν,
364 4754 791 4823 μακροθύμους
826 4755 1018 4824 ποιεί)’
1056 4752 1194 4806 ἀλλὰ
1219 4754 1314 4808 καὶ
1362 4753 1509 4823 ζωῆς
1554 4753 1817 4824 ὑπάρχων

222 4845 404 4919 πηγὴ,
441 4844 596 4912 ζωὴν
623 4843 842 4900 αίώνιον
867 4846 1110 4910 δίδωσιν,
1132 4848 1160 4900 ὁ
1191 4845 1445 4914 καρδίαν
1464 4861 1817 4915 συντετριμ-

219 4939 422 5016 μένην
466 4941 563 4993 καὶ
595 4939 1082 5011 τεταπεινωμένην
1119 4940 1222 4993 οὐκ
1247 4938 1568 5019 ἐξουδεγῶν.
1605 4933 1699 5002 ’ος
1730 4936 1826 4991 καί

227 5049 362 5102 φησι
394 5031 538 5103 πρὸς
561 5033 780 5098 αὐτοὺς,
814 5032 890 5096 ὡς
923 5031 996 5086 Οὐ
1020 5031 1240 5086 πάντων
1269 5032 1379 5086 τῶν
1411 5030 1486 5094 ὡς
1515 5029 1826 5102 ἀνθρώποις

231 5123 654 5195 ἡμαρτημένων
670 5122 917 5196 λήψομαι
946 5122 1106 5194 δίκην
1126 5139 1140 5154 ο
1177 5122 1388 5197 βραχέα
1414 5122 1472 5176 δὲ
1502 5121 1823 5186 παιδεύσας,

229 5217 325 5270 καὶ
368 5215 872 5286 συγκακουχείσθαι
914 5217 1038 5279 ταῖς
1090 5214 1388 5286 ἁμαρτίαις
1437 5211 1680 5284 παριδὼν
1723 5211 1818 5265 τοῦ

228 5306 386 5372 λαοῦ,
422 5307 550 5371 τοὺς
587 5307 706 5377 μὲν,
732 5309 807 5372 ὡς
827 5307 1044 5375 άληθῶς
1074 5305 1313 5370 ἀσεϐεῖς,
1337 5304 1417 5380 μὴ
1447 5305 1817 5376 μετανοήσαν-

231 5417 330 5463 τας
364 5397 574 5469 αἰωνίῳ
608 5398 921 5471 παραδώσω
948 5397 1205 5452 κολάσει·
1254 5396 1383 5468 ὑμῖν
1416 5394 1600 5465 δὲτὴν
1630 5393 1818 5463 ὀργὴν

235 5489 552 5546 ὑπεκλύσω.
581 5490 752 5545 Μέλει
786 5491 896 5564 γὰρ
941 5489 1017 5556 ὡς
1064 5487 1396 5562 Δημιουργῷ
1443 5487 1538 5543 τοῦ
1577 5486 1823 5551 δοθέντος

309 5681 357 5715 ’⁸
394 5682 500 5737 Isa.
533 5693 644 5744 Lvi,
681 5677 764 5734 ιο.
843 5677 908 5710 ’θ’
939 5674 1105 5732 llebr.
1139 5690 1224 5739 ιι,
1256 5673 1350 5728 37.

1842 4796 1898 4855 D

1896 2450 1978 2505 his
2006 2447 2096 2517 qui
2130 2445 2289 2499 corde
2321 2441 2540 2498 contriti
2568 2444 2714 2499 sunt,
2747 2443 2856 2488 etc.

1969 2633 2267 2703 Postquam
2291 2627 2536 2684 Judaicze
2561 2624 2741 2698 gentis
2768 2619 3047 2694 principes
3095 2616 3275 2687 (quos
3318 2619 3489 2703 canes

1897 2734 2087 2782 mutos
2131 2730 2186 2778 et
2205 2736 2402 2787 caecos,
2415 2726 2724 2787 caeteraque
2739 2711 3036 2785 ejusmodi,
3062 2703 3403 2778 nuncupavit
3417 2698 3489 2773 “)

1901 2824 2195 2889 postquam
2225 2812 2395 2867 etiam
2429 2808 2745 2878 subjectum
2781 2802 2916 2874 ipsis
2966 2799 3230 2870 populum
3276 2794 3492 2849 allocu-s

1904 2883 1994 2966 tus
2017 2883 2104 2964 est
2139 2923 2155 2962 :
2190 2905 2258 2962 ad
2294 2903 2553 2974 eosjam,
2570 2900 2662 2971 qui
2691 2898 2838 2955 inter
2866 2894 3018 2964 ipsos
3046 2890 3255 2962 pietate
3311 2883 3490 2939 scele-

1906 3015 2141 3071 rumque
2197 3011 2424 3054 suorum
2486 2990 2842 3065 pmnitudine
2897 2985 3215 3044 afﬁciuntur
3288 2980 3496 3048 (quos-

1907 3093 2146 3165 appellat
2211 3089 2474 3145 contritos
2565 3082 2763 3155 corde)
2831 3093 3139 3136 sermonem
3198 3071 3495 3131 convertit.

1912 3159 2086 3240 Erant
2114 3181 2262 3238 enim
2296 3179 2463 3234 etiam
2509 3177 2655 3232 inter
2685 3175 2858 3244 ipsos,
2892 3170 3020 3225 licet
3049 3167 3232 3239 pauci,
3259 3164 3373 3218 Deo
3401 3159 3498 3212 ad—

1910 3277 2048 3334 dicti
2077 3274 2378 3347 prophetae,
2429 3269 2947 3342 prophetarumque
2999 3257 3284 3328 discipuli,
3336 3267 3500 3309 suam.

1911 3371 2158 3440 ipsorum
2199 3362 2502 3436 populique
2545 3358 2912 3415 calamitatem
2946 3353 3219 3424 lugentes,
3248 3354 3499 3418 egentes.

1829 3455 1875 3517 C
1920 3439 2325 3527 angustiati’",
2357 3461 2413 3506 et
2448 3464 2575 3521 quae
2608 3448 2894 3516 deinceps.
2928 3442 3073 3497 Dens
3111 3439 3282 3501 enim,
3311 3450 3498 3506 quan-.

1913 3547 2118 3604 tumvis
2148 3545 2394 3600 omnium
2429 3555 2748 3613 supremus,
2782 3552 2890 3592 non
2945 3523 3381 3588 humiles'tamen
3411 3526 3505 3580 dc-

1917 3641 2124 3713 spicit;
2155 3639 2251 3694 sed
2283 3637 2461 3709 gratia
2489 3632 2801 3690 cnnltllalos
2847 3630 2902 3684 in
2954 3629 3126 3681 altum
3173 3621 3380 3685 evehit,
3405 3635 3501 3675 sn-

1915 3711 2212 3808 perbisque
2247 3728 2459 3786 resistit
2488 3728 2570 3792 ’7;
2600 3725 2760 3795 juxta
2803 3721 2938 3808 illud
2970 3739 2984 3774 :
3022 3738 3041 3770 ι
3091 3717 3193 3784 Qui
3226 3731 3286 3772 se
3321 3711 3502 3768 Immi-

1914 3803 2038 3894 liat,
2056 3824 2393 3882 exaltabitur
2412 3822 2480 3888 ",
2512 3840 2531 3870 ι
2561 3828 2614 3872 et
2638 3817 2730 3888 qui
2757 3803 3035 3872 exaltatus
3060 3821 3163 3873 est,
3182 3806 3502 3862 inhabitan-

1918 3933 2025 3977 tem
2059 3918 2228 3975 Deum
2256 3917 2480 3986 accipit.
2515 3913 2648 3968 Ideo
2698 3910 2844 3964 enim
2882 3915 2936 3961 et
2987 3919 3138 3960 nunc
3185 3919 3310 3958 cum
3370 3899 3506 3971 ipsis

1919 4010 2277 4082 colloquitur,
2315 4017 2376 4063 ut
2414 4021 2510 4061 eos
2561 4005 2680 4075 ipse
2727 3999 2974 4061 exultet;
3026 4003 3082 4050 et
3131 3995 3185 4049 in
3241 3993 3346 4056 eis,
3408 3989 3503 4060 qni

1919 4105 2098 4164 sancti
2137 4113 2291 4168 sunt,
2344 4099 2663 4171 requiescat.
2704 4093 2822 4148 Non
2869 4101 2957 4148 est
2992 4089 3162 4160 igitur
3209 4088 3350 4152 loco,
3407 4083 3502 4139 Sed

1921 4200 2115 4255 habitu
2149 4193 2432 4251 censenda
2469 4190 2636 4264 650
2665 4189 2720 4242 in
2757 4187 2868 4242 Deo
2908 4181 3160 4245 altitudo,
3195 4195 3293 4249 per
3339 4192 3502 4246 quam

1919 4278 2176 4361 eis'ipse,
2211 4288 2308 4358 qui
2335 4285 2484 4356 digni
2511 4289 2660 4345 sunt,
2697 4279 2892 4334 adesse
2935 4273 3225 4333 consuevit
3255 4290 3267 4326 :
3315 4271 3507 4340 cujus-

1923 4382 2070 4438 modi
2116 4381 2195 4440 illi
2225 4379 2390 4434 etiam
2438 4375 2665 4438 fuerint,
2699 4373 2791 4442 qui
2836 4373 2903 4424 de
2931 4385 2990 4424 se
3017 4368 3075 4422 in
3113 4366 3182 4420 iis
3214 4379 3335 4435 qua:
3379 4376 3506 4430 pee-

1921 4479 2142 4536 carunt,
2175 4467 2460 4524 humiliter
2489 4466 2756 4546 sentiant.

1995 4562 2094 4618 Sin
2126 4569 2310 4615 autem
2343 4567 2404 4613 ut
2436 4542 2708 4618 homines,
2756 4562 2981 4622 propter
3020 4547 3281 4620 pietatem
3337 4542 3502 4597 etiam

1924 4653 2234 4726 afﬂigantur
2255 4694 2272 4719 ,
2309 4649 2532 4707 eosdem
2567 4647 2740 4702 fortes
2773 4653 2828 4700 et
2855 4643 3155 4698 tolerantes
3192 4637 3343 4691 facit.
3376 4633 3506 4688 Elli-

1926 4747 2001 4802 cit
2032 4745 2179 4802 enim
2208 4742 2489 4814 patientes,
2523 4740 2614 4811 qui
2650 4739 2864 4810 patiens
2889 4746 2974 4792 est
3002 4752 3017 4789 :
3050 4745 3105 4789 et
3131 4731 3295 4786 vitam
3341 4727 3508 4797 largi-

1929 4850 2020 4894 tur
2049 4844 2391 4910 perpetuam,
2421 4833 2518 4905 qui
2559 4833 2681 4888 vita:
2711 4830 2832 4884 fons
2859 4839 2965 4894 est,
3005 4825 3210 4896 quique
3244 4839 3337 4877 cor
3377 4837 3506 4875 con-

1927 4908 2111 4987 tritum
2151 4908 2269 4984 non
2306 4925 2566 4996 despicit.
2627 4920 2738 4978 Eos
2783 4921 2972 4991 itaque
3012 4918 3161 4972 hunc
3195 4917 3246 4969 in
3281 4908 3504 4966 modum

1925 5022 2223 5094 alloquitur
2259 5039 2274 5075 :
2316 5017 2437 5074 Non
2469 5031 2590 5072 sum
2625 5013 2694 5070 de
2732 5011 2984 5085 peccatis
3037 5007 3316 5064 omnibus,
3383 5015 3506 5070 qua:

1925 5124 1984 5172 ut
2013 5087 2267 5170 homines
2292 5107 2619 5173 admisistis,
2651 5119 2849 5178 poenas
2881 5108 3102 5171 sumptu
3116 5113 3244 5159 rus,
3273 5091 3369 5148 sed
3401 5087 3494 5144 ubi

1924 5223 2022 5264 vos
2076 5205 2271 5261 leviter
2321 5201 2615 5272 castigaro,
2681 5197 2867 5269 populi
2921 5191 3162 5266 peccatis
3209 5183 3505 5241 condolere

1924 5314 2216 5370 respuens,
2261 5297 2362 5351 bos
2407 5293 2670 5366 quidem,
2737 5301 3003 5360 tanquam
3050 5295 3240 5340 revera
3277 5275 3500 5346 impios,

1923 5369 2163 5464 quinon
2203 5387 2563 5458 resipuerint,
2593 5382 2792 5438 ultioni
2826 5377 3043 5435 tradam
3100 5369 3452 5442 sempiternae
3485 5379 3501 5419 :

1928 5483 2087 5540 vobis
2117 5489 2300 5536 autem
2331 5480 2470 5534 iram
2497 5479 2614 5550 ipsc
2645 5475 2944 5533 remittam.
3000 5468 3098 5524 Est
3148 5462 3293 5520 enim
3345 5453 3511 5520 mili,

1444 5672 1490 5705 ⁹⁷
1531 5673 1549 5726 l
1585 5671 1802 5738 νου-ην,
1831 5667 1884 5722 5.
1961 5667 2006 5699 ’⁸
2039 5665 2173 5720 Luc.
2210 5679 2324 5733 κεν,
2352 5661 2438 5717 il.

1539 5761 1774 5819 VARUE
1821 5755 2218 5819 LECTIUNES.

313 5866 337 5910 ι
369 5872 427 5923 .t.
456 5866 614 5938 πρός.
737 5863 747 5904 ⁸
783 5883 866 5936 rp.
903 5863 968 5918 δι’
1009 5852 1091 5917 οὗ.
1170 5867 1208 5892 ³⁸
1239 5876 1330 5929 γρ.
1364 5857 1543 5922 αὑτός.
