3998 6390
478 409 622 474 2533

1790 416 2149 478 PROCOPII
2180 417 2424 479 GAZEI

3620 414 3775 485 2584

476 532 535 579 ut
563 523 816 595 opiﬁcem
861 523 1042 595 decet,
1076 526 1298 597 spiritus
1339 527 1432 583 ille
1460 541 1631 588 curm,
1689 543 1853 598 quem
1910 527 2065 581 vobis

2177 529 2305 598 ὑμῖν
2328 529 2673 598 Πνεύματος
2702 548 2775 583 πα
2788 531 3015 603 ρ’ἐμοῦ,
3034 530 3065 583 ὃ
3086 530 3183 585 καὶ
3211 530 3415 597 κτίζων
3447 530 3773 602 ἄνθρωπον,

474 617 593 689 ipse
621 619 850 690 largitus
881 633 1027 682 sum,
1055 635 1354 690 quemque,
1405 635 1531 674 cum
1577 619 1859 674 hominem
1902 634 2065 675 crea-

476 728 614 775 rem,
649 714 701 768 in
733 713 973 768 animam
1008 713 1287 769 viventem
1316 714 1605 782 inspiravi,
1637 713 1705 769 de
1744 728 1852 784 qua
1898 714 2065 773 etiam

476 804 685 857 dictum
712 814 795 859 est
827 822 841 858 :
872 822 891 855 ι
922 801 1116 859 Omnis
1154 804 1384 875 spiritus
1412 805 1596 859 laudet
1625 804 1917 859 Dominum
1943 805 2013 859 ”.
2041 821 2060 854 ι

478 893 543 947 Ει
574 895 716 963 apud
747 891 944 949 Jobum
971 910 988 947 :
1029 913 1048 947 ‹
1080 894 1319 967 Spiritus
1349 896 1588 962 Domini,
1618 894 1710 965 qui
1741 894 2065 967 superestin

477 984 706 1039 naribus
743 985 900 1040 meis.
936 983 1177 1056 Spiritus
1219 994 1401 1042 autem
1430 986 1825 1057 omnipotentis
1841 994 1947 1053 est,
1972 984 2067 1055 qui

477 1078 639 1133 docet
670 1092 756 1133 me
782 1079 824 1134 ί.
866 1098 885 1130 ι
930 1076 1120 1149 Itaque
1147 1088 1201 1133 ct
1226 1093 1326 1134 vos
1366 1094 1491 1133 cum
1522 1079 1640 1148 ipse
1671 1078 1906 1148 castigo,
1941 1087 2067 1131 tan-

477 1186 643 1241 quam
676 1170 841 1226 Pater
876 1172 928 1226 id
963 1171 1126 1227 facio.
1167 1190 1186 1224 ι
1232 1171 1407 1239 Quem
1466 1171 1614 1227 enim
1674 1170 1857 1241 diligit
1899 1169 2067 1235 Deus,

478 1260 709 1331 castigat
731 1262 776 1316 ³.
819 1280 839 1315 ι
875 1262 1031 1329 Quod
1072 1262 1296 1332 quando
1328 1262 1475 1333 passi
1500 1263 1662 1327 estis,
1690 1268 1880 1335 aperte
1905 1260 2068 1316 valde

477 1368 703 1407 maerore
732 1368 820 1419 eo,
849 1353 943 1422 qui
968 1356 1275 1410 secundum
1316 1356 1485 1409 Deum
1519 1366 1626 1420 est,
1653 1368 1750 1409 vos
1785 1353 1923 1408 allici
1954 1367 2069 1423 pra:

477 1449 637 1504 vobis
662 1449 889 1518 tulistis,
925 1465 1049 1504 cum
1076 1450 1149 1505 ob
1187 1458 1407 1520 peccata
1435 1452 1610 1504 tristes
1637 1450 1844 1505 essetis.
1878 1451 2068 1521 itaque

478 1541 572 1612 qui
604 1542 730 1595 vita:
765 1541 1212 1612 resipiscentiam
1252 1542 1505 1605 viderem.
1537 1541 1665 1612 jure
1693 1558 1790 1597 vos
1831 1542 1947 1613 ipse
1971 1559 2065 1597 sa-

478 1629 624 1693 navi,
667 1645 891 1701 veraque
948 1631 1161 1703 adjecta
1223 1632 1585 1687 consolatione
1639 1633 1861 1703 (neque
1918 1635 2064 1688 enim

477 1737 618 1775 vana
654 1731 805 1786 sunt,
839 1738 961 1795 qua:
987 1738 1016 1776 a
1068 1739 1155 1778 me
1212 1723 1550 1794 prodeunt),
1587 1741 1773 1794 pacem
1830 1724 2067 1795 largitus

478 1829 623 1878 sum,
657 1829 766 1868 non
801 1814 1079 1885 vulgarem
1116 1814 1297 1880 illam;
1356 1815 1451 1870 sed
1502 1832 1627 1884 quae
1682 1831 1808 1872 cum
1856 1817 2064 1880 vicinis,

476 1902 726 1975 longeque
753 1905 968 1959 remotis
1003 1905 1570 1976 populis‘haberetur.
1606 1907 1786 1978 Atque
1814 1908 1903 1963 hic
1929 1909 2063 1979 qui-
2091 1888 2139 1949 Β

477 1998 601 2053 dem
628 1999 753 2055 linis
784 2014 973 2055 eorum
1004 2000 1191 2061 fuerit,
1230 2001 1323 2071 qui
1378 2016 1499 2056 mea
1556 1998 1923 2073 castigatione
1976 2002 2069 2072 ju-

475 2102 691 2147 vantur.
731 2092 835 2159 Qui
878 2101 1063 2149 autem
1106 2095 1244 2148 tales
1292 2110 1401 2148 non
1440 2093 1670 2159 fuerint,
1709 2094 2068 2164 ﬂuctuabant.

480 2184 768 2251 Quomodo
803 2186 976 2253 enim,
1020 2186 1223 2257 inquit,
1281 2187 1570 2256 quiescere,
1614 2194 1663 2241 et
1705 2187 1937 2257 gaudere
1974 2203 2070 2242 va-

476 2277 649 2341 leant,
681 2279 772 2348 qui
809 2294 839 2333 a
872 2277 983 2334 Deo
1016 2279 1258 2349 separati
1295 2279 1471 2334 sunt?
1504 2277 1609 2335 Sed
1638 2279 1799 2334 habet
1830 2280 1884 2333 in
1924 2280 2070 2333 hunc

474 2369 699 2424 modum
767 2369 1080 2441 Symmachi
1139 2371 1579 2442 interpretatio:
1644 2371 1807 2441 lmpii
1862 2380 2060 2437 autem,

475 2478 732 2535 tanquam
764 2480 910 2519 mare
938 2464 1167 2528 fuerint,
1198 2464 1341 2536 quod
1369 2465 1575 2520 ebullit.
1614 2465 1896 2533 Quiescere
1924 2466 2062 2520 enim

474 2573 582 2613 non
618 2566 887 2626 poterunt,
922 2566 971 2612 et
1022 2558 1306 2627 ejicientur
1335 2558 1405 2612 ad
1440 2576 1607 2629 aquas
1642 2560 1829 2630 ipsius,
1871 2572 2063 2615 erunt-

474 2666 584 2720 que
617 2650 972 2715 conculcatio,
1009 2660 1059 2705 et
1091 2652 1284 2706 lutum.
1319 2650 1535 2721 Aquila:
1569 2661 1752 2707 autem
1786 2670 1799 2706 :
1832 2650 1897 2705 Et
1922 2650 2065 2706 ebul-

2170 625 2251 687 εἰς
2283 625 2464 695 ψυχὴν
2494 622 2805 695 ἐνεφύσησα
2834 623 3041 689 ζῶσαν,
3084 625 3218 697 περὶ
3249 620 3318 698 ἦς
3362 624 3460 677 καὶ
3503 623 3721 695 εἴρηται
3750 638 3771 657 ο

2175 731 2195 766 e
2227 715 2383 768 Πᾶσα
2429 713 2567 786 πνοὴ
2601 715 2875 770 αἰνεσάτω
2923 717 3015 769 τὸν
3050 715 3285 787 Κύριον.
3317 734 3337 767 ι
3389 715 3503 768 Καὶ
3539 714 3664 768 Ἰὼϐ
3706 714 3774 767 δέ

2170 821 2338 876 φησιο
2368 822 2387 856 ι
2418 804 2645 876 Πνεῦμα
2679 807 2885 877 Κυρίου
2927 806 2987 859 τὸ
3020 805 3210 877 περιόν
3244 823 3334 877 μοι
3364 807 3420 858 ὲν
3458 804 3590 876 ῥισὶ,
3629 806 3774 873 πνοῆ

2168 897 2225 952 δὲ
2263 898 2709 971 παντοκράτορος
2747 901 2897 953 ἐστιν
2938 899 2971 970 ἡ
3013 898 3351 953 διδάσκουσα
3385 915 3474 967 με.
3502 917 3520 950 ι
3554 896 3777 950 Οὐκοῦν

2170 992 2266 1043 καὶ
2300 990 2579 1045 παιδεύων
2629 992 2797 1063 ὑμᾶς,
2846 992 2922 1056 ὡς
2963 992 3194 1063 Πατὴρ,
3224 990 3385 1043 τοῦτο
3432 988 3597 1044 ποιῶ’
3634 989 3778 1040 «Ἱιν

2168 1080 2279 1151 γάρ
2328 1081 2519 1153 ἀγαπᾷ
2566 1080 2793 1153 Κύριος,
2833 1081 3101 1136 παιδεύει.
3132 1101 3151 1134 ι
3182 1080 3357 1134 Τοῦτο
3392 1080 3449 1133 δὲ
3473 1077 3779 1140 παθόντες,

2168 1171 2516 1242 εὐαισθήτως
2561 1173 2701 1243 ἄγαν
2752 1174 2854 1246 τὴν
2886 1175 3029 1228 κατὰ
3061 1175 3193 1227 Θεδν
3220 1174 3431 1241 ,λύπην
3457 1170 3781 1239 ἐλυπήθητε

2169 1265 2265 1317 ἐπὶ
2293 1266 2408 1326 τοῖς
2438 1266 2859 1337 ἡμαρτημένοις
2903 1263 3386 1335 στυγνάσαντες.
3417 1263 3527 1317 Καὶ
3569 1262 3664 1315 τὸν
3708 1263 3780 1313 ὲκ

2168 1357 2269 1424 τῆς
2322 1358 2618 1427 μετανοίας
2677 1357 2792 1430 βίον
2846 1357 3007 1422 ἰδὼν,
3041 1356 3270 1420 εἰκότως
3313 1354 3577 1425 ἰασάμην
3608 1352 3784 1422 ὑμᾶς

2169 1448 2416 1516 ἀληθῶς
2446 1450 2901 1519 παρακαλέσας.
2920 1450 3123 1521 Ἀληθῆ
3155 1450 3266 1520 γὰρ
3296 1450 3367 1502 τὰ
3421 1450 3555 1519 παρ’
3585 1445 3731 1517 ἐμοῦ
3760 1486 3778 1499 .

2169 1539 2270 1593 καὶ
2298 1539 2423 1604 δοὺς
2445 1540 2718 1610 εἰρήνην,
2750 1543 2851 1611 οὐχ
2899 1540 3110 1605 ἁπλῶς,
3143 1541 3260 1593 ἀλλ’
3289 1540 3365 1603 ὡς
3393 1540 3489 1592 καὶ
3518 1539 3628 1592 ἀπὸ
3658 1538 3779 1590 τῶν

2167 1631 2349 1703 ἐγγὺς
2394 1632 2559 1703 ἔχειν
2605 1633 2802 1706 αὐτὴν,
2834 1634 2928 1687 καὶ
2976 1631 3096 1686 τῶν
3140 1633 3341 1701 πόρῤω
3368 1632 3514 1686 λίαν
3544 1631 3780 1696 ἀπῳκι-

2168 1721 2431 1792 σμένων.
2468 1724 2576 1777 Καὶ
2605 1723 2764 1777 τοῦτο
2786 1722 2960 1796 πέρας
2984 1725 3097 1787 τοῖς
3121 1725 3188 1776 ἐκ
3214 1724 3314 1794 τῆς
3346 1724 3485 1794 ἐμῆς
3517 1722 3779 1783 παιδείας

2170 1816 2354 1888 ὠφελη
2365 1818 2570 1886 μένοις.
2607 1818 2672 1871 Οἱ
2705 1817 2763 1871 δὲ
2786 1817 2895 1887 δὴιι
2922 1816 3188 1881 τοιοῦτοι,
3227 1814 3778 1882 κλυδωνισθήσον-

2168 1926 2285 1965 ται.
2332 1910 2460 1973 Πῶς
2516 1910 2628 1980 γὰρ
2691 1908 2807 1979 ἔχει
2855 1907 3078 1977 ζφύσινο
3112 1948 3127 1973 ,
3184 1907 3605 1960 ἀναπαύεσθαι
3667 1903 3775 1957 καί

2167 2002 2404 2073 χαίρειν
2423 2002 2550 2065 τοὺς
2576 2000 3044 2074 ἀλλοτριωθέντας
3068 1998 3207 2053 Θεοῦ
3232 2015 3247 2063 ;
3280 1997 3422 2052 κατὰ
3450 1997 3507 2051 δὲ
3537 1996 3776 2066 Σύμμα-

2168 2109 2299 2166 χον’
2340 2094 2406 2147 Οἱ
2453 2093 2511 2147 δὲ
2558 2092 2798 2160 ἀσεϐεῖς
2849 2093 2931 2159 ὡς
2963 2092 3251 2147 θάλασσα
3282 2088 3769 2159 ἐκϐρασσομένη.

2180 2186 2515 2257 Ἠσυχάσαι
2559 2186 2672 2256 γὰρ
2730 2187 2801 2241 οὐ
2848 2182 3372 2253 δυνήσονται,καί
3426 2176 3770 2251 ἐκϐρασθῆ-

2169 2295 2387 2334 σονται
2421 2277 2582 2348 παρὰ
2613 2277 2686 2331 τὰ
2716 2276 2909 2331 ὕδατα
2947 2275 3140 2343 αὐτῆς
3161 2314 3176 2335 .
3207 2274 3305 2328 καὶ
3349 2271 3772 2339 καταπάτημα,

2170 2372 2269 2425 καὶ
2319 2374 2537 2440 πηλός.
2555 2371 2613 2424 Ὀ
2640 2369 2697 2423 δὲ
2737 2368 3010 2434 Ἀκύλας’
3052 2368 3161 2423 Καὶ
3205 2366 3529 2435 ἐκϐράσσει
3576 2366 3776 2419 ὕδατα

2170 2462 2362 2532 αὐτῆς
2409 2460 2804 2531 καταπὰτημα
2848 2460 2945 2515 καὶ
2995 2460 3392 2527 πηλόν.Ὠστε
3429 2460 3478 2511 εἰ
3510 2457 3664 2525 λέγοι
3714 2457 3774 2511 τό

2171 2575 2326 2622 ποτε,
2354 2557 2431 2621 ὡς
2468 2558 2598 2629 περὶ
2632 2555 2911 2625 θαλάσσης
2954 2552 3261 2623 Αἰγύπτου,
3299 2552 3331 2625 ἢ
3379 2551 3511 2624 περὶ
3556 2551 3775 2606 ὑδάτων

2168 2648 2355 2716 τινῶν,
2390 2649 2453 2702 τὸ
2482 2647 2691 2719 πλῆθος
2722 2646 2834 2700 τῶν
2864 2644 3081 2699 ἀσεϐῶν
3109 2632 3468 2713 ἐκδεξόμεθα.

475 2742 602 2797 lient
623 2759 776 2811 aqua:
799 2740 915 2811 ejus
938 2733 1388 2804 conculcatiougm
1412 2741 1573 2815 651
1603 2750 1653 2797 et
1694 2743 1895 2808 lutum;
1918 2750 2177 2814 tanquam
2218 2743 2513 2814 aliquando
2540 2740 2689 2814 quod
2719 2740 2952 2797 habetur
2985 2738 3053 2794 de
3080 2737 3217 2793 mari
3265 2735 3543 2808 Egyptio,
3583 2733 3668 2789 vel
3706 2732 3777 2788 de

473 2838 804 2908 quibusdam
829 2838 989 2909 aquis
1024 2838 1318 2910 impiorum
1351 2839 1761 2894 multitudinem
1786 2839 2102 2910 excepturis
2132 2837 2374 2894 dicatur.

549 2929 812 2983 Nonnulli
863 2943 993 2985 vero
1026 2930 1366 3000 propositam
1417 2930 1711 2985 verborum
1760 2932 1962 2985 serium
1997 2928 2066 2984 de

476 3028 594 3076 toto
620 3018 823 3075 Israele
868 3021 979 3075 dici
1027 3022 1326 3087 allirmant,
1362 3022 1526 3091 cujus
1570 3038 1631 3078 se
1676 3022 1941 3091 reliquias
1972 3036 2068 3092 per

477 3115 638 3169 tidem
674 3117 727 3169 in
750 3113 974 3171 Christo
1004 3124 1354 3171 servaturum
1388 3116 1714 3186 polliceatur
1745 3116 1787 3169 ³.
1818 3114 1889 3167 At
1918 3111 2065 3185 quod

477 3206 533 3261 in
562 3204 791 3261 excelsis
821 3206 1068 3262 habitare
1087 3207 1252 3273 dixit,
1284 3207 1556 3262 naturalis
1583 3206 1708 3275 ejus
1722 3203 2066 3259 excellentia:

479 3299 629 3370 (cum
676 3300 749 3354 sit
800 3299 893 3354 Dei
924 3307 1122 3354 natura
1166 3298 1307 3354 nihil
1345 3298 1660 3358 sublimius)
1691 3296 1896 3350 nullam
1946 3295 2062 3350 ﬁeri

481 3392 909 3447 diminutionem
947 3392 1379 3447 demonstravit:
1420 3390 1516 3446 sed
1566 3391 1814 3447 eamdem
1850 3400 2067 3457 semper

456 3499 735 3549 .manere,
780 3484 1139 3552 quantumvis
1200 3482 1351 3537 illam
1397 3480 1588 3549 Israel,
1629 3497 1695 3537 eo
1739 3483 1882 3551 ipso,
1922 3477 2071 3551 quod

483 3592 610 3633 eum
646 3593 772 3632 cum
812 3577 976 3633 idolis
1014 3576 1277 3640 contulit,
1314 3576 1643 3631 imminuere
1690 3581 1928 3629 conatus
1974 3570 2072 3627 sit.

485 3665 723 3737 lmpuris
752 3681 885 3737 ergo
902 3681 1028 3721 eum
1053 3664 1489 3735 cogitationibus
1512 3662 2075 3734 velutiprol‘anarunt

490 3764 585 3831 qui
617 3768 837 3814 sanctus
866 3767 968 3826 est,
1008 3759 1215 3836 quique
1249 3758 1303 3813 in
1335 3755 1645 3828 puriﬁcatis
1680 3772 1775 3827 per
1806 3754 1966 3811 [idem
1998 3768 2076 3806 re-

490 3850 716 3923 quiescit
748 3866 767 3905 :
798 3864 941 3920 quos
970 3851 1014 3905 si
1034 3849 1483 3918 pusillanimilale
1511 3848 1714 3903 viderit
1734 3847 2073 3907 laborantes,

486 3943 556 4000 ad
612 3942 812 3997 virium
852 3942 1261 4006 collectionem,
1312 3941 1591 4010 cordisque
1625 3941 1794 3995 robur
1824 3940 2074 3994 excitan-

486 4037 620 4093 dum
675 4032 1032 4100 cohortatur;
1071 4032 1263 4104 eisque
1306 4032 1472 4086 vitam
1499 4047 1708 4094 veram,
1744 4030 1839 4101 qui
1876 4031 2076 4101 spiritu

487 4135 716 4199 egentes
752 4134 916 4191 sunt,
938 4125 1219 4196 verboque
1243 4124 1654 4194 obtemperant,
1690 4121 1978 4192 elargitur.
2012 4120 2073 4176 In

485 4219 772 4278 Christum
814 4217 960 4275 enim
995 4233 1119 4273 sese
1157 4217 1489 4273 extulerunt
1528 4214 1624 4286 qui
1657 4214 1729 4271 de
1756 4214 1959 4272 lsraele
1988 4229 2076 4270 re-

487 4317 836 4369 manserunt.
865 4307 1191 4379 Quanquam
1221 4316 1404 4363 tamen
1429 4318 1483 4364 et
1510 4323 1609 4363 eos
1640 4308 1786 4364 bono
1811 4324 1934 4365 esse
1951 4308 2077 4363 aui-

486 4418 604 4467 tno,
653 4410 881 4473 propter
913 4400 1201 4469 reliquias,
1243 4408 1299 4455 et
1345 4400 1601 4462 salutem,
1657 4416 1823 4471 quam
1879 4400 2076 4456 ultimo

490 4494 714 4550 tandem
745 4491 1101 4548 consecuturi
1131 4498 1282 4557 sunt,
1320 4490 1499 4560 jubet.
1536 4488 1655 4545 Non
1688 4490 2074 4563 cnim,iuquit,

487 4588 546 4641 in
600 4589 761 4656 linem
818 4600 983 4655 usque
1021 4585 1161 4637 iram
1217 4583 1552 4649 extendam;
1588 4595 1811 4655 propter
1842 4601 1901 4640 ea
1956 4600 2079 4656 quae

2245 2929 2405 2995 Τινὲς
2430 2929 2490 2984 δὲ
2519 2928 2620 3001 τὴν
2648 2908 3022 3001 προδέειμένην
3069 2926 3232 2998 ῥῆσιν
3263 2940 3329 2977 πε
3340 2922 3392 2995 pi.
3419 2920 3625 2985 παντὸς
3662 2917 3777 2974 Ἱσ-

2174 3023 2313 3096 ραὴλ
2343 3022 2600 3096 εἰρῆσθαί
2634 3039 2822 3094 φασιν,
2854 3016 2916 3075 οὗ
2942 3020 3003 3073 τὸ
3029 3017 3390 3089 κατάλειμμα
3417 3014 3614 3068 σώσειν
3636 3030 3780 3067 κατ-

2172 3118 2569 3188 επαγγέλλεται
2593 3117 2683 3171 διὰ
2730 3115 2967 3178 πίστεως
3002 3114 3105 3184 τῆς
3146 3114 3206 3165 ὲν
3254 3107 3500 3182 Χριστῷ.
3532 3108 3606 3161 Τὸ
3629 3107 3711 3167 δὲ,
3743 3106 3781 3160 ὁ

2202 3207 2498 3265 κατοικῶν
2538 3209 2609 3263 ἐν
2657 3206 2942 3277 ὑψηλοῖς,
2969 3206 3035 3260 τὸ
3080 3205 3184 3277 τῆς
3219 3202 3367 3257 κατὰ
3413 3200 3576 3272 φύσιν
3603 3200 3781 3269 limp-

2089 3338 2135 3401 C
2170 3304 2304 3375 οχῆς
2338 3302 2611 3373 ἀμείωτον
2636 3301 2909 3356 δείκνυσιν
2948 3300 2976 3387 ἡ(
2999 3297 3141 3370 ὑπὲρ
3188 3298 3371 3351 πάντα
3405 3295 3603 3401 γὰρ’-η
3649 3291 3781 3401 θεία

2186 3394 2415 3467 φύσις),
2446 3396 2584 3465 ὅπερ
2617 3394 2735 3447 ἐστὶ
2750 3385 3103 3463 διαμένουσα,
3134 3390 3182 3444 εἱ
3214 3390 3308 3444 καὶ
3350 3386 3569 3457 Ἰσραὴλ
3604 3385 3781 3454 αὐτὴν

2179 3487 2538 3557 ἐταπείνωσε,
2572 3484 2904 3559 παραϐαλὼν
2923 3486 3033 3550 τοῖς
3064 3483 3305 3546 εἰδώλοις
3333 3481 3526 3550 αὑτήν.
3559 3479 3782 3547 Ὠσπερ

2178 3576 2273 3635 οὖν
2304 3579 2533 3651 ὲμόλυνε
2556 3581 2679 3643 ταῖς
2701 3577 3038 3649 ἀκαθάρτοις
3061 3576 3297 3640 ἐννοίαις
3318 3574 3430 3629 τὸν
3459 3574 3655 3644 ἅγιον,
3684 3571 3783 3624 διαὶ

2178 3675 2295 3737 τοῖς
2326 3672 2415 3726 διὰ
2448 3673 2686 3735 πίστεως
2731 3670 3093 3742 καθαρθεῖσιν
3137 3668 3637 3737 ἀναπαυόμενον·
3683 3665 3785 3727 οὓς

2182 3766 2249 3821 ἂν
2298 3766 2383 3838 ῐδῃ
2415 3764 2954 3835 μικροψυχοῦντας
2978 3805 2993 3828 ,
3028 3762 3231 3833 φησιν’
3267 3758 3640 3832 Ἀνδρίξεσθε,
3683 3758 3783 3810 καὶ

2182 3858 2563 3929 κραταιοῦσθω
2591 3858 2629 3926 ἡ
2654 3855 2870 3926 καρδία
2893 3855 3071 3928 ὑμῶν,
3092 3852 3246 3922 ζωήν
3271 3871 3330 3908 τε
3361 3852 3577 3907 δίδωσιν
3600 3849 3781 3921 άληθῆ

2180 3950 2298 4015 τοῖς
2329 3950 2565 4021 πτωχοῖς
2592 3948 2677 4020 τῷ
2704 3948 3014 4019 πνεύματι,
3049 3946 3145 4001 καὶ
3180 3943 3539 4016 πειθαρχοῦσι
3572 3942 3655 4015 τῷ
3688 3940 3782 3994 λό’

2181 4059 2294 4115 γφο
2336 4062 2355 4096 ι
2381 4042 2440 4096 Ὀ
2472 4042 2580 4114 γὰρ
2612 4040 2800 4105 λοιπὸς
2844 4039 3064 4113 Ἰσραὴλ
3114 4039 3463 4111 κατεπῄρετο
3509 4033 3608 4090 τοῦ
3638 4035 3783 4105 Χριο

2189 4135 2337 4192 στοῦ.
2367 4135 2517 4208 Πλὴν
2566 4135 2661 4190 καὶ
2690 4134 2881 4189 τούτου
2902 4144 2930 4185 P
2958 4132 3247 4197 εὐέλπιδας
3277 4129 3658 4203 ἀπεργάζεται
3688 4127 3783 4181 διὰ

2182 4229 2244 4284 τὺ
2276 4229 2656 4301 κατάλειμμα,
2688 4229 2787 4283 καὶ
2819 4228 2920 4299 τὴν
2952 4226 3042 4281 ἐπ’
3070 4227 3318 4299 ἐσχάτων
3363 4223 3545 4278 αὐτῶν
3600 4239 3784 4293 σωτη-

2186 4319 2332 4394 ρίαν.
2369 4321 2491 4374 Οὐκ
2515 4320 2603 4384 εἰς
2634 4318 2810 4384 τέλος
2837 4319 2948 4390 γὰρ
2978 4315 3270 4390 παρατενῶ
3299 4314 3416 4385 τὴν
3442 4312 3653 4385 ὀργὴν,
3688 4311 3782 4365 διὰ

2182 4412 2281 4484 τὴν
2312 4411 2450 4483 προς
2492 4412 2620 4475 τοὺς
2650 4410 2900 4482 Πατέρας
2931 4410 3294 4479 ἐπαγγελίαν,
3329 4409 3424 4462 καὶ
3456 4408 3539 4461 ὅτι
3570 4406 3781 4469 πάντες

2184 4504 2297 4576 ἐμὰ
2322 4506 2619 4576 τυγχάνετε
2664 4503 2964 4574 κτίσματα.
2982 4502 3336 4567 Ἐξέλευσιν
3363 4500 3471 4571 γὰρ
3506 4499 3779 4567 ,πνεύμα-

2185 4613 2288 4664 τος
2320 4596 2380 4650 οὐ
2424 4594 2518 4649 τοῦ
2552 4595 2822 4663 παναγίου
2857 4594 3045 4667 φησίν.
3079 4594 3203 4657 Πῶς
3254 4593 3365 4665 γὰρ
3408 4592 3474 4646 ἂν
3520 4590 3781 4659 ποίησιν

488 4679 798 4749 majoribus
835 4678 1040 4734 vestris
1095 4678 1213 4747 ipse
1268 4693 1390 4732 sum
1436 4675 1746 4748 pollicitus;
1794 4686 1850 4732 et
1907 4679 1977 4733 ob
2023 4679 2070 4734 id

2187 4687 2527 4759 παρείληφεν
2577 4687 2664 4740 ἐπ’
2698 4684 2909 4752 αὐτοῦ;
2954 4685 3374 4755 καταχρηστικῇ
3424 4681 3482 4735 δὲ
3530 4679 3677 4744 λέξει
3718 4680 3781 4733 τδ

487 4771 683 4836 etiam,
732 4771 880 4838 quod
920 4769 1059 4825 estis
1113 4783 1147 4824 a
1183 4784 1269 4825 me
1307 4783 1502 4824 omnes
1548 4769 1851 4839 procreati.
1887 4769 2079 4843 Neque

488 4861 638 4918 enim
675 4860 822 4933 quod
848 4861 1067 4929 spiritus
1092 4863 1388 4933 egressione
1411 4862 1654 4930 additur,
1686 4863 1754 4920 de
1785 4880 2081 4920 sacrosan-

490 4963 582 5013 cto
614 4954 843 5026 illo,qui
868 4954 1045 5024 [actus
1069 4970 1349 5024 nunquam
1377 4954 1485 5011 dici
1515 4962 1705 5026 queat,
1728 4954 2076 5028 intelligitur:

493 5048 588 5105 sed
621 5063 746 5104 eum
778 5046 1045 5103 dictionis
1072 5046 1368 5113 abusione,
1403 5047 1498 5117 qui
1532 5048 1587 5103 in
1620 5048 1784 5103 nobis
1814 5048 1883 5103 ab
1914 5050 2076 5121 Opill-

490 5159 555 5200 ce
581 5142 693 5199 Deo
726 5141 910 5197 factus
944 5147 1054 5208 est,
1078 5139 1377 5211 signiﬁcari
1401 5139 1593 5195 voluit.
1616 5139 1879 5196 Nonnulli
1910 5143 2078 5199 etiam

491 5237 624 5292 dum
654 5252 754 5308 pro
782 5233 1102 5307 egredietur,
1129 5234 1424 5289 involvetur
1454 5235 1667 5301 dicunt,
1696 5238 1890 5307 ﬂatum
1924 5237 2079 5294 illum

493 5340 692 5402 putant
731 5329 1003 5402 intelligi,
1047 5327 1142 5401 qui
1198 5330 1418 5398 corpori
1475 5328 1903 5396 commiscetur,
1950 5331 2081 5388 licet

494 5422 743 5479 eamdem
771 5438 899 5479 cum
931 5437 998 5479 eo
1028 5419 1400 5477 substantiam
1434 5435 1541 5474 non
1572 5420 1805 5489 habeat;
1842 5421 1962 5491 sed,
1999 5424 2075 5479 uti

495 5514 677 5572 Moses
703 5516 799 5582 ait,
834 5531 1074 5586 superne
1106 5514 1445 5569 demittatur.
1473 5510 1669 5573 Levem
1695 5512 1894 5571 deinde
1917 5530 2079 5575 vocat

566 5674 613 5707 ”
643 5673 788 5726 l‘sal.
814 5686 901 5735 CL,
933 5671 986 5727 6.
1088 5671 1102 5703 ¹
1134 5666 1238 5726 Job
1276 5685 1447 5732 xxvii,
1489 5668 1543 5725 ’5.

2174 4779 2582 4853 δημιουργηθὲν
2633 4781 2693 4833 ὲν
2741 4779 2875 4849 ἡμῖν
2928 4778 3332 4832 ὑπαινίττεται.
3369 4774 3529 4837 Τινὲς
3560 4773 3622 4827 δὲ
3649 4773 3781 4828 ἀντὶ

2174 4870 2271 4925 τοῦ
2303 4870 2688 4937 ἐξελεύσεται
2710 4910 2725 4935 ,
2753 4869 3209 4939 ἐνειληθήσεται
3241 4868 3301 4921 τὸ
3332 4865 3497 4939 ῥητὸν
3528 4862 3779 4935 παραθέ-

2180 4979 2355 5034 μενοι.
2392 4961 2509 5031 τὴν
2535 4960 2735 5030 πνοὴν
2762 4960 2958 5034 δηλοῦν
3000 4977 3134 5031 φασι
3174 4959 3275 5029 τὴν
3311 4954 3780 5027 συμπλεκομένην

2176 5054 2255 5127 τῷ
2300 5054 2538 5127 σώματι,
2568 5057 2618 5109 εἰ
2664 5055 2761 5109 καὶ
2793 5056 2871 5128 μὴ
2902 5054 3191 5125 ὁμοούσιος
3238 5050 3409 5124 αὐτῷ,
3442 5046 3777 5120 πεμπομένη

2176 5148 2246 5203 ’δὲ
2283 5148 2511 5216 ἄνωθεν,
2540 5147 2685 5203 καθά
2718 5164 2853 5218 φησι
2880 5148 3108 5219 Μωσῆς.
3142 5144 3364 5218 Μικρὰν
3386 5143 3443 5197 δὲ
3470 5142 3570 5211 τὴν
3604 5157 3785 5208 τιμω-

2192 5243 2317 5315 ρίαν
2354 5242 2489 5312 πρδς
2533 5242 2632 5306 τὰς
2676 5240 2858 5295 αὐτῶν
2892 5240 3182 5311 ἁμαρτίας
3210 5238 3385 5304 καλεῖ,
3412 5236 3508 5289 καὶ
3539 5235 3607 5304 ἢν
3632 5230 3782 5286 κατὰ

2187 5334 2428 5408 Χριστοῦ
2480 5334 2769 5406 παροινίαν
2825 5332 3185 5404 εἰργάσαντο,
3214 5330 3374 5401 δι’ἥν
3420 5325 3620 5387 αὐτοὺς
3668 5324 3780 5377 ἀπ-

2184 5393 2435 5502 εστράφη
2454 5393 2751 5499 προειπώνο
2780 5393 2982 5479 «Ὅταν
2998 5424 3093 5487 τὰς
3112 5424 3300 5494 χεῖρας
3323 5393 3476 5491 ῦμῶν
3493 5415 3781 5485 ὲκτείνητε

2183 5524 2324 5593 πρὸς
2361 5539 2450 5592 με,
2482 5517 2816 5590 ἀποστρέψω
2864 5513 2926 5571 τὺ
2973 5513 3268 5590 πρόσωπόν
3319 5529 3421 5585 μου
3475 5508 3778 5583 ἀφ’ὑμῶν.

1620 5671 1641 5702 ¹¹
1672 5669 1837 5724 llebr.
1868 5686 1965 5737 xu,
2000 5672 2053 5728 6.
2129 5675 2151 5707 ³
2184 5674 2346 5731 Rom.
2383 5691 2456 5739 ιι,
2482 5674 2574 5730 27.

1782 5786 2019 5847 VARUE
2061 5790 2465 5850 LECTIONES.

605 5892 634 5925 “
678 5903 765 5956 γρ·
799 5883 895 5958 μή.
1011 5893 1036 5924 θ
1068 5904 1157 5958 γρ.
1221 5886 1405 5960 φησίν.
1525 5896 1549 5938 r
1581 5885 1664 5941 ic'.
1700 5883 1894 5956 τούτῳ,
