3998 6390
177 408 324 471 2585
888 406 891 415 ’
1318 408 1731 471 COMMENTA
1739 408 1798 470 Ri

1900 408 1977 471 [Ν
2017 408 2303 470 ISAIAM.
3301 406 3447 470 2586

174 525 286 578 Kal
333 521 430 576 ἐὰν
476 517 790 590 πληθύνητε
824 515 925 589 τὴν
956 516 1177 589 δέησιν,
1221 517 1323 572 οὐκ
1371 519 1798 589 εἰσαιιούσομαι⁴

1908 520 2154 582 itionem,
2187 519 2233 574 si
2252 532 2378 573 cum
2399 520 2634 587 peccatis
2656 532 2870 585 eorum,
2900 532 3140 588 cumque
3166 532 3255 577 ea,
3278 533 3445 587 quam

175 613 354 683 ὑμῶν.
377 613 443 665 Δί
468 611 578 683 γάρ
598 612 781 681 χεῖρες
808 608 966 678 ὑμῶν
989 609 1221 680 αἵματος
1252 610 1501 682 πλήρεις.
1516 630 1533 663 ι
1556 612 1760 665 Παύσω

1900 610 2432 675 ἱίιι-ἱεῑοίιιιιιιοτιιηι,
2457 608 2792 666 contumelia
2818 607 3165 664 conferatur:
3191 609 3261 662 ob
3282 622 3444 676 quam

174 708 231 760 δὲ
276 706 377 776 τὴν
428 700 823 772 ἀποστροφὴν
842 741 857 768 ,
911 701 1042 757 ὅταν
1090 701 1431 773 μετανοήσας
1487 703 1758 772 πορεύσῃ

1901 712 1920 757 t
1952 692 2051 758 eos
2099 718 2160 757 se
2190 712 2349 757 antea
2385 701 2630 755 aversari
2675 700 2822 755 hunc
2865 700 2923 754 in
2952 702 3174 753 modum
3208 706 3447 753 testatus

179 795 469 862 στυγνός.

1901 801 1953 849 st
2001 812 2015 850 :
2076 811 2096 846 ι
2151 793 2289 849 Cum
2339 792 2699 848 extenderitis
2748 808 2946 848 manus
2984 800 3197 847 vestras
3252 790 3316 846 ad
3366 805 3450 842 me

180 898 427 943 avertam
461 886 671 941 vultum
720 900 902 943 meum
934 900 967 941 a
997 884 1175 944 iubis.
1207 885 1274 941 Et
1307 887 1352 943 si
1374 885 1870 958 multiplicaveritis
1889 902 2107 958 preces,
2147 901 2259 941 non
2326 886 2614 941 exaudiam
2679 901 2799 942 vos.
2871 885 3066 939 Manus
3130 885 3276 938 enim
3351 898 3445 935 ve»

182 990 313 1126 εις-ιζ
350 979 626 1126 (sanguine
668 977 851 1047 plenae
914 984 1046 1034 sunt
1074 977 1118 1033 ⁸.
1158 995 1178 1030 ι
1204 977 1450 1034 Cessabo
1488 985 1669 1031 tamen
1706 982 1759 1032 et
1801 976 1920 1047 ipse
1971 984 2027 1032 te
2058 976 2330 1042 aversari,
2378 991 2501 1030 cum
2547 977 2817 1046 pmnitere
2893 974 3058 1045 652
3143 975 3448 1041 tristemque

184 1092 271 1126 am
312 1092 343 1126 u
370 1091 464 1126 are
494 1072 807 1126 contiuerit.

184 1074 464 1128 ambulare
494 1072 807 1142 contigerit.

251 1166 436 1240 Τεύξῃ
458 1166 565 1237 γάρ
588 1161 882 1233 ἀληθινῆς
910 1160 1374 1231 παρακλήσεως,
1401 1160 1499 1230 τῆς
1530 1157 1617 1212 διὰ
1638 1157 1768 1230 Χρι-

1948 1152 2086 1208 Vera
2122 1151 2269 1208 enim
2292 1149 2653 1205 consolatione
2685 1148 2942 1219 potieris,
2961 1161 3085 1216 qua:
3115 1161 3214 1215 per
3241 1145 3448 1200 Christi

186 1257 317 1314 στοῦ
360 1238 583 1328 χάριτος
629 1252 948 1324 δικαιούσης
979 1253 1039 1306 ἐν
1087 1251 1291 1316 πίστει,
1320 1249 1417 1305 καὶ
1450 1246 1769 1320 πληρούσης

1900 1248 2104 1302 ratiam
2136 1243 2409 1314 justiﬁcat
2446 1243 2501 1297 in
2544 1240 2670 1303 (ide,
2699 1247 2755 1295 et
2785 1240 3233 1295 sanctiﬁcatione
3258 1238 3454 1308 replet.

184 1346 465 1418 ἁγιασμοῦ
487 1364 501 1378 ·
522 1344 807 1407 Υῑοθεσίας
832 1359 893 1396 τε
919 1342 1028 1415 γὰρ
1058 1341 1156 1396 καὶ
1182 1339 1293 1394 τῶν
1315 1338 1619 1410 μελλόντων
1638 1338 1774 1406 άγαο

1900 1339 2009 1395 lam
2041 1345 2099 1393 et
2129 1334 2446 1405 adoptionis
2478 1334 2532 1389 in
2556 1332 2722 1396 ﬁlios,
2759 1341 2813 1386 et
2845 1330 3144 1397 l‘uturorpn
3187 1331 3456 1384 bonorum

187 1439 300 1495 θῶν
354 1435 718 1508 μεταδίδωσι,
768 1431 869 1491 καὶ
913 1429 1159 1501 εἰρήνης
1210 1430 1303 1485 ἐπ’
1328 1430 1559 1499 εἰρήνῃ.
1606 1426 1775 1481 Τοῦτ’

1900 1429 2175 1500 iarticipes
2210 1426 2392 1490 faciet,
2428 1434 2483 1481 et
2521 1425 2668 1495 pacis
2692 1438 2850 1490 super
2878 1438 3083 1491 pacem,
3127 1420 3179 1475 id
3212 1429 3323 1487 est,
3360 1437 3459 1489 pa-

189 1532 359 1586 ἐστιν.
406 1571 422 1587 .
468 1570 481 1586 .
526 1568 541 1583 .
584 1566 600 1582 .
640 1543 875 1597 εκουσην
907 1524 1089 1579 δώσει.
1135 1564 1151 1580 .
1193 1564 1209 1579 .
1254 1563 1269 1578 .
1307 1522 1485 1592 ἐγγὺς
1524 1519 1772 1592 Ἰσραήλο

1900 1540 1989 1579 rem
2012 1530 2285 1595 perpetuo
2318 1532 2632 1575 manentem
2663 1516 2876 1580 lsraeli,
2900 1516 2991 1585 qui
3018 1530 3183 1584 prope
3217 1522 3316 1578 est,
3347 1514 3461 1566 lar-

187 1618 333 1693 ἦσαν
382 1620 498 1689 γὰρ
546 1616 868 1686 ἐγνωκότες.
912 1654 928 1670 .
974 1656 990 1670 .
1034 1654 1050 1669 .
1095 1654 1111 1670 .
1151 1613 1246 1667 τὸν
1273 1629 1353 1667 νο.
1406 1649 1423 1667 .
1472 1652 1488 1668 .
1539 1628 1625 1681 μῳ
1677 1608 1773 1664 καὶ

1900 1616 2079 1685 ςὶοιυτ.
2103 1614 2279 1669 Erant
2312 1612 2460 1667 enim
2487 1624 2679 1665 eorum
2701 1608 2778 1662 illi
2806 1608 3093 1667 callentes,
3117 1621 3239 1675 quae
3266 1607 3318 1658 in
3342 1604 3462 1673 lege

190 1711 502 1784 προφήταις
528 1708 659 1779 ᾠδὴ.
704 1744 720 1762 .
762 1745 778 1761 .
823 1745 837 1760 .
881 1746 895 1759 .
932 1706 1217 1768 καὶτοίςιῖ
1248 1702 1487 1773 μακρὰν
1512 1702 1768 1766 ὲθνικοῖς,

192 1803 274 1856 ὃτι
317 1818 385 1870 γε
426 1800 633 1853 τούτων
668 1796 1009 1868 ἐστέρηνται.
1042 1795 1266 1858 Τούτοις
1301 1794 1410 1866 γάρ
1443 1794 1537 1848 xal
1563 1792 1772 1856 Παῦλός

1878 1718 1933 1765 et
1965 1707 2248 1779 prophetis
2282 1704 2649 1760 habebantur.
2670 1701 2803 1767 Quae
2826 1697 3251 1755 certeethnicis
3274 1695 3463 1765 procul

1876 1801 2105 1858 remotis
2152 1798 2276 1854 ideo
2324 1798 2511 1868 ignota
2552 1795 2797 1859 fuerant,
2839 1791 2987 1862 quod
3032 1791 3140 1844 illis
3186 1797 3461 1843 carerent.

195 1908 365 1962 φησι·
408 1909 427 1943 t
454 1890 593 1943 Νυνὶ
639 1887 699 1942 δὲ
745 1888 794 1942 oi
838 1887 966 1941 ποτὲ
1008 1887 1161 1952 ὄντες
1209 1885 1450 1958 μακρὰν,
1481 1885 1779 1957 ἐγενήθητε

1904 1901 2019 1950 stos
2049 1891 2196 1947 enim
2224 1891 2276 1944 in
2303 1889 2419 1943 haec
2454 1887 2623 1942 etiam
2658 1885 2825 1940 verba
2859 1883 3066 1938 Paulus
3108 1879 3412 1950 alloquitur
3446 1896 3461 1933 :

193 1982 360 2051 ἐγγὺς
407 1982 465 2035 ὲν
510 1978 592 2050 τῷ
639 1979 835 2047 αἵματι
883 1976 980 2030 τοῦ
1026 1975 1284 2047 Χριστοῦ.
1320 1974 1779 2047 ΠλὴνὸΧριστὸς

191 2075 479 2146 ἀμφότερα
502 2070 758 2140 ἐποίησεν
791 2069 869 2136 ἓν,
907 2068 1034 2133 τοὺς
1062 2068 1156 2122 δύο
1177 2067 1370 2131 κτίσας
1398 2067 1560 2130 λαοὺς
1579 2068 1658 2130 εἰς
1684 2066 1780 2121 ἕνα

192 2170 379 2225 καινὸν
427 2167 734 2238 ἄνθρωπον,
762 2163 858 2218 καὶ
903 2162 965 2216 τὸ
1012 2162 1325 2233 μεσότοιχον
1373 2159 1470 2214 τοῦ
1522 2159 1780 2231 φραγμοῦ

194 2258 365 2321 λύσας
400 2254 773 2327 ηηείρηνεύσατο
821 2250 900 2323 τῷ
954 2250 1181 2322 Πατέρι,
1214 2268 1235 2301 ι
1285 2248 1421 2321 πρὸς
1470 2249 1530 2302 ὃν
1584 2248 1779 2319 ἐλεγεο

201 2374 218 2404 ι
248 2351 404 2405 Θέλω
436 2350 524 2403 ἱνα
558 2346 746 2417 ὥσπερ
788 2342 899 2414 ἐγὼ
946 2342 1041 2397 καὶ
1076 2343 1141 2396 σὺ
1176 2341 1236 2396 ἓν
1261 2340 1434 2413 ἐσμεν
1455 2381 1471 2407 ,
1501 2338 1646 2395 οὕτω
1691 2340 1785 2395 καὶ

197 2443 355 2500 αὐτοὶ
386 2442 444 2495 ὲν
469 2442 606 2512 ἡμῖν
635 2438 693 2492 ἒν
718 2431 874 2492 ὦσιν.
907 2453 928 2489 δ
963 2435 1073 2490 Kal
1104 2434 1167 2488 τὸ
1195 2433 1495 2503 κεφάλαιον
1525 2435 1555 2488 ὁ
1575 2435 1788 2506 προφή-

191 2553 292 2608 ⁴της
342 2534 650 2607 ἐπήνεγκεν
695 2528 887 2584 εἰπών·
926 2527 1193 2597 Ἰἀσομαι
1238 2526 1482 2593 αὐτούς.
1531 2526 1596 2581 Οί
1648 2525 1788 2580 δ’ἐκ

192 2629 400 2684 τούτων
449 2622 805 2686 ἀπειθοῦντες
866 2620 1469 2689 κλυδωνισθήσονται
1498 2635 1513 2651 ⁸
1560 2618 1666 2673 κάν
1711 2618 1789 2689 τῷ

196 2723 379 2795 καιρῷ
420 2720 529 2791 γάρ
574 2718 678 2789 τῆς
728 2716 974 2787 κλήσεως
1018 2712 1167 2776 τινὲς
1191 2713 1373 2767 αὐτῶν
1407 2711 1786 2783 ἀπειθήσουσι,

198 2817 331 2888 περὶ
363 2809 440 2869 ὧν
468 2814 497 2867 ὁ
540 2809 754 2873 Παῦλός
796 2824 962 2878 φησιν
981 2824 995 2837 ·
1040 2826 1058 2859 ι
1081 2805 1228 2861 ⁹Ανθ’
1250 2800 1326 2861 ὧν
1363 2806 1463 2875 τὴν
1496 2803 1792 2873 ἐπίγνωσιν

197 2908 303 2979 τῆς
328 2905 591 2977 ἀληθείας
623 2902 725 2956 οὐκ
761 2900 1034 2965 ἐδέξαντο,
1059 2897 1151 2952 διὰ
1192 2896 1352 2952 τοῦτο
1377 2896 1583 2968 πέμψει
1608 2895 1794 2959 αὐτοῖς

155 3023 166 3033 ν
200 3002 230 3055 ὀ
261 3000 396 3063 Θεὸς
427 2998 711 3068 ἐνέργειαν
739 2995 1021 3064 πλάνης.)
1077 2994 1189 3049 Καὶ
1212 2996 1243 3049 ὁ
1272 2994 1465 3067 Σωτὴρ
1493 2993 1552 3048 δέ
1587 3010 1753 3064 φησιν
1774 3008 1791 3023 ⁸

208 3112 229 3148 ι
250 3090 395 3161 Ἐγὼ
422 3089 658 3163 ἐλήλυθα
688 3090 749 3143 ὲν
777 3087 856 3161 τῷ
883 3087 1111 3159 ὀνόματι
1139 3086 1233 3141 τοῦ
1264 3085 1509 3157 Πατέρος
1548 3103 1674 3156 μου,
1702 3085 1799 3138 καὶ

202 3186 266 3239 οὐ
300 3181 616 3255 λαμϐάνετέ
647 3198 738 3253 με.
754 3180 882 3235 Ἐάν
916 3180 1076 3244 ἄλλος
1112 3178 1326 3251 ελθηὲν
1356 3179 1437 3249 τῷ
1468 3178 1695 3249 ὀνόματι
1720 3175 1798 3247 τῷ

206 3234 611 3346 neglige...
647 3234 896 3342 ’λήψεσθε
916 3234 961 3321 ὲ»
1025 3234 1243 3340 δηλαδή.
1279 3268 1372 3322 τὸν
1407 3234 1519 3336 ’τῆς
1564 3234 1869 3335 άνομίαςα

205 3371 361 3425 υἰόν·
401 3368 600 3430 οἵτινες
642 3364 876 3436 ψυχικὸν
938 3361 1271 3432 ὑπομένουσι
1314 3359 1597 3414 κλύδωνα
1643 3357 1801 3428 δίκην

207 3461 491 3530 θαλάσσης
518 3459 608 3527 ὑφ’
632 3456 845 3511 ἑαυτῶν
873 3454 1319 3527 τιμωρούμενοι,
1352 3453 1452 3523 τῆς
1481 3450 1804 3524 ἐγειρούσης

211 3557 313 3627 μὲν
344 3553 567 3624 κύματα
600 3550 798 3620 συνεχῆ
822 3591 838 3615 ,
874 3547 973 3601 καὶ
1005 3544 1486 3617 παραπεμπούσης
1514 3543 1801 3613 αἰγιαλοῖς,

204 3650 314 3720 τὴν
352 3647 412 3701 δὲ
442 3643 645 3699 τούτων
678 3641 978 3698 ἀνάκλασιν
1007 3638 1171 3694 πάλιν
1212 3639 1294 3701 εἰς
1330 3636 1531 3708 ἑαυτὴν
1574 3633 1802 3705 δεχομέ-

208 3757 336 3812 νης,
364 3737 555 3808 ὥσπερ
601 3727 747 3788 οὗτοι
796 3733 914 3795 τοῖς
962 3729 1081 3785 ἀπὸ
1127 3726 1375 3798 καρδίας
1412 3725 1807 3795 κυμαίνοντες

206 3832 499 3898 λογισμοῖς
539 3826 899 3893 amarat}an
930 3820 1138 3893 τυχεῖν
1184 3821 1257 3875 οὐ
1299 3816 1688 3886 δυνήσονται.
1716 3814 1808 3868 Διὸ

210 3923 313 3980 καὶ
348 3922 579 3992 χαΙρειν
604 3920 666 3973 ού
689 3917 948 3972 δύνανται
971 3914 1069 3985 τῆς
1088 3912 1259 3976 ὅντως
1287 3909 1474 3981 χαρᾶς
1507 3907 1809 3979 ἐστερημέ-

210 4034 297 4071 νοι
334 4012 596 4085 Χριστοῦ.
631 4009 749 4065 Κᾶν
781 4010 891 4080 γὰρ
932 4007 1222 4078 χαίρωσιν
1250 4003 1336 4072 ιφ’
1364 4002 1581 4074 ἡδοναῖς
1611 4016 1807 4070 σαρκι-

212 4110 347 4172 καῖς
390 4106 631 4171 ἀσεϐεῖς,
656 4102 771 4158 ἀλλ’
801 4104 881 4166 εἰς
911 4098 1190 4155 ἀπώλειαν
1233 4094 1724 4166 καταστρέφουσιν.
1744 4091 1810 4145 Ἠ

213 4202 329 4273 γάρ
365 4202 432 4253 ἐκ
461 4197 696 4268 θλίψεων
725 4195 872 4267 ζωὴν
899 4194 1119 4249 αἰώνιον
1142 4186 1643 4263 πραγματευομένη
1676 4184 1811 4257 μόνη

218 4293 398 4367 χαρά.
432 4290 647 4346 ’Ἱστέον
683 4289 763 4356 δὲ,
791 4289 867 4353 ὡς
891 4287 991 4358 τὴν
1019 4284 1320 4356 εἰρημένην
1344 4281 1515 4337 ιασίν
1545 4297 1611 4335 τε
1653 4276 1814 4346 εἰρή-

216 4403 364 4456 νην,
395 4384 491 4438 καὶ
543 4382 793 4437 παῦλαν
825 4378 1008 4449 ὀργῆς
1031 4418 1048 4445 ,
1094 4378 1227 4448 περὶ
1275 4376 1375 4447 τῆς
1416 4374 1475 4442 ἐξ
1508 4370 1815 4444 Ἀσσυρίων

202 4476 581 4549 auxiliisab;
621 4492 770 4539 τινες
807 4472 1180 4543 ὲξειλήφασιν,
1213 4469 1263 4524 οἳ
1305 4468 1400 4522 καὶ
1427 4467 1510 4535 τὸ,
1552 4465 1677 4531 τοῖς
1702 4479 1817 4533 μα-

1886 2003 1909 2038 (
1930 1984 2087 2040 Nunc
2109 1991 2311 2046 autem,
2327 1981 2420 2051 qui
2444 1977 2742 2049 aliquando
2764 1976 2933 2031 eratis
2951 1975 3134 2043 longe,
3174 1972 3301 2026 facti
3331 1969 3466 2024 estis

1881 2088 2052 2145 prope
2091 2072 2144 2126 in
2188 2068 2459 2139 sanguine
2505 2066 2740 2121 Christi.
2781 2063 2888 2118 Sed
2929 2062 3188 2117 Christus
3232 2067 3468 2128 utraque

1882 2178 2053 2220 unum
2101 2161 2252 2225 fecit,
2282 2159 2652 2215 duosvcreans
2684 2154 2922 2225 populos
2957 2154 3010 2207 in
3044 2165 3248 2206 novum
3295 2164 3466 2203 unum

1882 2254 2196 2322 hominem;
2253 2263 2306 2308 et
2348 2251 2590 2305 medium
2634 2248 2902 2318 parietem
2952 2243 3204 2298 maceria:
3244 2242 3470 2298 solvens

1883 2345 2031 2402 Patri
2073 2341 2455 2400 reconciliavit
2483 2340 2504 2371 ⁵
2540 2356 2554 2392 :
2600 2357 2621 2394 ι
2672 2336 2740 2391 ad
2774 2350 2940 2406 quem
2982 2342 3035 2388 et
3071 2333 3179 2389 ista
3218 2329 3467 2397 ejusdem

1885 2438 2120 2509 legimus
2152 2451 2166 2488 :
2207 2453 2227 2487 ι
2260 2432 2421 2499 Volo,
2456 2430 2641 2492 Pater,
2679 2439 2759 2489 ut,
2795 2424 3258 2497 quemadmodum
3283 2436 3384 2492 ego
3414 2424 3472 2474 et

1885 2539 1947 2587 tu
1982 2543 2153 2584 unum
2183 2541 2400 2592 sumus,
2430 2524 2513 2582 sic
2537 2530 2592 2578 et
2624 2522 2727 2590 ipsi
2754 2521 2811 2575 in
2842 2519 3002 2575 nobis
3034 2532 3204 2572 unum
3230 2516 3343 2570 sint
3371 2514 3415 2565 ⁵.
3444 2528 3467 2563 ι

1887 2624 2074 2693 Atqui.
2119 2619 2264 2690 quod
2299 2629 2577 2672 summum
2610 2622 2718 2677 est,
2769 2621 2825 2666 et
2859 2609 3223 2680 praecipuum,
3267 2602 3474 2671 adjecit

1890 2691 2176 2780 propheta,
2216 2722 2341 2761 cum
2381 2721 2468 2759 eos
2498 2719 2552 2758 se
2575 2711 2934 2756 sanaturum:
2965 2699 3059 2769 qui
3096 2708 3279 2751 autem
3299 2710 3365 2748 ex
3388 2691 3473 2747 eis

1892 2802 2143 2858 inﬁdeles
2178 2797 2405 2860 fuerint,
2439 2797 2804 2865 ﬂuctuaturos
2833 2790 2996 2846 dixit.
3035 2790 3180 2844 Sunt
3201 2786 3348 2841 enim
3382 2798 3480 2839 eoo

1891 2910 2016 2949 rum
2052 2890 2302 2947 nonnulli
2332 2888 2451 2959 ipso
2481 2887 2650 2942 etiam
2683 2894 2951 2953 tempore,
2983 2894 3096 2951 quo
3126 2878 3215 2932 ﬂet
3240 2875 3478 2934 vocatio.

1894 2986 2204 3057 pertinaces
2226 2980 2434 3044 futuri,
2466 2979 2521 3033 in
2562 2992 2708 3049 quos
2734 2983 2868 3030 sunt
2890 2983 2944 3028 et
2976 2972 3082 3028 ista
3104 2971 3272 3024 etiam
3304 2967 3483 3035 Apos-

1886 3076 1995 3131 ‘toli
2034 3092 2051 3129 :
2105 3091 2125 3126 ι
2182 3069 2642 3140 Quandoquidem
2688 3065 2942 3121 veritatis
2987 3060 3326 3132 agnitionem
3371 3070 3483 3112 non

1898 3174 2248 3237 receperunt,
2282 3162 2406 3217 ideo
2450 3161 2632 3216 mittet
2659 3158 2771 3214 illis
2798 3156 2944 3212 Deus
2977 3153 3355 3225 operationem
3390 3163 3486 3202 er-

1904 3258 2044 3313 roris
2071 3256 2117 3312 ⁷.
2148 3273 2167 3307 ι
2225 3253 2291 3308 Ει
2321 3252 2626 3307 Salvatoris
2662 3268 2677 3304 :
2703 3268 2723 3302 ι
2770 3249 2883 3319 Ego
2906 3246 3029 3302 veni
3065 3246 3122 3301 in
3144 3242 3367 3298 nomine
3385 3239 3487 3294 Pa-

1896 3350 2008 3406 tris
2050 3350 2183 3411 ntei,
2230 3361 2407 3416 neque
2451 3361 2538 3400 me
2578 3341 2856 3412 accipitis.
2907 3338 2966 3394 Si
3006 3336 3220 3393 venerit
3260 3334 3401 3389 alius
3430 3334 3489 3387 in

1888 3441 2127 3497 nomine
2162 3437 2411 3509 proprio,
2447 3435 2616 3490 istum
2653 3431 2944 3502 accipietis
2973 3429 2996 3461 ⁸
3024 3446 3041 3495 ;
3073 3428 3244 3482 tilium
3281 3423 3492 3494 iniqui-

1906 3533 2034 3587 tatis
2066 3529 2301 3596 scilicet.
2336 3525 2519 3595 Atque
2545 3523 2623 3577 illi
2654 3522 2879 3593 quidem
2908 3518 3026 3590 ipsi
3058 3525 3211 3583 sunt,
3248 3515 3341 3585 qui
3366 3513 3490 3567 ani-

1905 3641 2011 3682 ma:
2048 3622 2450 3693 ﬂuctuationem
2492 3618 2803 3689 patiuntur,
2847 3614 3019 3669 maris
3063 3613 3240 3667 instar
3277 3609 3493 3679 seipsos

1908 3716 2240 3771 ulciscentes
2279 3709 2471 3780 :quod
2514 3723 2655 3779 quos
2695 3706 2898 3761 ﬂuctus
2939 3704 3009 3759 ad
3054 3704 3242 3759 littora
3288 3698 3493 3760 trudit,

1908 3807 2131 3865 assidue
2154 3804 2305 3877 parit
2331 3801 2584 3872 quidem;
2610 3798 2713 3855 sed
2732 3797 3048 3855 eorumdem
3080 3794 3136 3851 in
3161 3810 3220 3850 se
3240 3790 3496 3848 reﬂexio—

1912 3916 2035 3957 nem
2084 3911 2305 3953 rursum
2345 3896 2454 3965 pati
2509 3892 2772 3963 cogitur;
2824 3905 2939 3945 non
2973 3888 3134 3943 aliter
3168 3899 3335 3955 quam
3382 3883 3495 3944 isti,

1910 3992 2005 4064 qui
2043 3990 2216 4046 cordis
2247 4001 2463 4057 semper
2497 3986 2819 4055 ﬂuctuantes
2842 3979 3291 4052 cogitationibus,
3321 3974 3496 4044 quies-

1913 4102 2029 4141 cere
2067 4097 2339 4154 nunquam
2370 4086 2660 4149 poterunt,
2698 4091 2881 4145 neque
2922 4072 3154 4145 gaudere
3183 4084 3203 4122 .'
3239 4069 3367 4139 quia
3415 4068 3500 4122 ni-

1915 4180 2119 4235 mirum
2161 4190 2293 4232 vero
2324 4173 2544 4246 gaudio,
2598 4170 2652 4226 id
2692 4178 2779 4225 est
2806 4168 3051 4233 Christo,
3100 4164 3498 4219 destituuntur.

1915 4270 2279 4339 Quantumvis
2331 4265 2482 4322 enim
2514 4262 2804 4336 gaudeant,
2839 4259 2934 4331 qui
2968 4257 3218 4327 corporis
3236 4255 3494 4323 volupta-

1917 4367 2068 4421 tibus
2107 4361 2428 4431 indulgent;
2478 4365 2726 4413 extrema
2762 4362 2946 4408 tamen
2978 4347 3273 4418 occupabit
3301 4346 3498 4400 interi-

1916 4467 2029 4514 tus.
2057 4454 2156 4511 Est
2185 4452 2330 4507 enim
2362 4466 2532 4505 unum
2564 4447 2698 4503 illud
2721 4456 2774 4501 et
2796 4444 3031 4501 solidum
3054 4438 3498 4511 gaudium,quod

222 4529 681 4642 icpar,'ualvroic
702 4529 906 4639 sine},
936 4529 1110 4629 οῦτως
1138 4529 1388 4634 ἐνόησαν,
1409 4529 1723 4629 ὡςγάγαθδς
1740 4555 1798 4609 ὣη

1920 4552 2045 4606 vita:
2092 4546 2488 4620 perennitatem
2541 4537 2935 4595 atllictiouibus
2993 4534 3243 4588 molitur.
3314 4529 3503 4598 Neque

224 4664 254 4717 ὁ
284 4661 422 4726 Θεὸς
463 4660 526 4714 οὐ
579 4660 761 4731 μόνοις
809 4660 925 4722 τοῖς
970 4653 1291 4728 μετανοοῦσι
1332 4652 1547 4707 δίδωσιν
1590 4650 1811 4706 ἄνεσιν·

226 4753 371 4808 ἀλλὰ
403 4751 512 4823 γὰρ
536 4751 605 4805 δι’
638 4749 835 4814 αὐτοὺς
869 4748 966 4803 καὶ
1004 4748 1118 4810 τοῖς
1149 4747 1209 4798 ὲν
1236 4740 1586 4814 αἰχμαλωσίᾳ
1613 4738 1820 4810 τυγχά-

228 4861 441 4909 νουσιν,
477 4842 559 4898 ἑνὶ
599 4842 810 4905 πάντας
863 4836 1186 4907 συναγαγὼν
1238 4835 1563 4907 συνθήματι,
1614 4832 1720 4887 κᾶν
1767 4831 1819 4885 οἱ

234 4938 339 5010 μὲν
384 4936 477 4991 διά
502 4935 814 5008 μετανοίας
841 4930 1134 5002 ἑγγίζοιεν,
1165 4928 1215 4982 οἰ
1248 4927 1308 4981 δὲ
1329 4928 1443 4990 τοῖς
1470 4926 1661 4989 κακοῖς
1693 4924 1820 4977 επι-

1923 4658 2054 4702 vero
2081 4637 2527 4714 praetereundum
2558 4642 2664 4701 est,
2689 4630 2836 4703 quod
2877 4629 3135 4700 superius
3158 4626 3229 4681 de
3259 4621 3507 4679 sanatio-

1924 4753 2009 4803 ne,
2041 4734 2107 4790 de
2126 4747 2279 4805 pace,
2308 4728 2473 4802 653
2501 4724 2794 4797 dequeira:
2822 4722 3134 4777 remissione
3167 4717 3376 4773 dictum
3396 4721 3505 4775 est,
3556 4764 3561 4769 s

1925 4829 1993 4885 ad
2016 4825 2267 4897 reditum,
2297 4837 2365 4878 ex
2396 4818 2625 4890 Assyria
2654 4813 2962 4870 nonnullos
2990 4808 3292 4870 retulisse;
3315 4806 3511 4860 Deum-

1926 4935 2035 4994 que
2077 4932 2175 4990 per
2211 4896 2445 4971 remotos
2477 4919 2528 4965 et
2580 4908 2924 4977 propinquos,
2952 4917 3063 4957 non
3108 4896 3511 4971 paenitentibus

234 4990 492 5103 μένοντες
525 4990 893 5101 μακρύνοιντο
914 4990 1010 5078 ⁸τοῦ
1033 4990 1197 5085 Θεοῦ,
1212 5016 1294 5085 οἷς
1315 5020 1481 5091 ἀρκεῖ
1499 5016 1632 5089 πρὸς
1655 5032 1798 5088 τιμω

1929 4990 2117 5076 modo,
2149 5009 2245 5066 sed
2272 5004 2507 5077 captivis
2537 5003 2703 5058 etiam
2732 4998 2990 5053 onmibus
3014 5008 3124 5048 uno
3154 4990 3362 5045 foedere
3378 5000 3515 5041 con-

238 5122 367 5195 ρίαν
412 5123 475 5176 τὸ
510 5121 751 5184 συνειδὸς
783 5119 872 5173 διὰ
904 5114 1110 5179 παντὸς
1146 5111 1573 5186 ταραττόμενον.

1932 5102 2174 5175 gregatis
2225 5074 2440 5154 veniam
2483 5092 2670 5164 largiri
2699 5088 3082 5161 signiﬁcasse;
3121 5074 3498 5151 quamtumvi‘s

238 5171 357 5271 rDeo
406 5222 632 5287 propter
666 5209 1043 5283 pmnitentiam
1075 5207 1187 5262 sint
1220 5171 1464 5275 .quidam
1496 5199 1830 5266 ~viciniores,
1868 5171 2090 5269 quidam
2129 5201 2313 5247 autem
2342 5196 2566 5262 propter
2590 5184 2717 5240 vita:
2784 5176 3181 5250 turpitudinem
3235 5171 3503 5228 remotio-
3545 5177 3556 5265 ι

238 5325 333 5367 res
365 5326 383 5377 ;
418 5309 624 5382 quibus
648 5307 717 5363 ad
744 5304 1007 5360 ultionem
1036 5298 1376 5357 conscientia
1407 5294 1890 5366 suﬂicitperpetuo
1916 5287 2266 5347 conturbata.

312 5465 467 5524 διεδ.
495 5479 538 5532 t,
570 5463 658 5520 l5.
730 5462 754 5495 '
782 5458 1068 5532 Ephes.tt,
1101 5453 1292 5513 £345.
1367 5458 1389 5492 ⁸
1417 5450 1579 5507 Joan.
1615 5463 1748 5517 xm,
1782 5445 1875 5501 2|.
1953 5444 1972 5475 ⁷
2008 5444 2051 5499 ll
2076 5443 2274 5499 Thess.
2311 5455 2371 5507 tt,
2403 5438 2487 5495 10.
2565 5436 2587 5473 ⁸
2617 5434 2777 5492 Joan.
2814 5448 2867 5498 ν,
2902 5431 2993 5487 45.

1522 5601 1761 5661 VARUE
1798 5597 2208 5657 LECTIONES.

325 5782 357 5824 σι
394 5785 485 5839 γρ.
512 5762 848 5839 Μεταδὼσει,
883 5758 985 5839 καὶ.
1014 5752 1358 5839 εἰρήνης,ὲπ’
1383 5750 1579 5839 εἰρήνῃ
1601 5744 2007 5839 quiéqrtv-Iasl
2039 5740 2307 5839 μένουσαν
2332 5737 2490 5794 δώσει
2529 5734 2755 5807 εἰρήνην
2782 5727 2857 5801 τῷ
2887 5729 3054 5796 ἐγγυς
3072 5720 3308 5796 Ἰσραήλ.
3335 5715 3543 5776 Ἦσαν.

264 5812 370 5914 τάξ»
908 5812 911 5813 ν
928 5812 1099 5899 νόμω,
1122 5812 1294 5881 ’κάμι-
1309 5812 1593 5894 ροφήτάιξ,
1617 5818 1650 5875 ἃ
1677 5817 1743 5885 δὴ
1782 5813 2045 5886 ἠγνόηται
2076 5813 2165 5865 καὶ
2192 5812 2323 5874 τοῖς.
