3940 6486
561 412 703 477 2587

1129 521 1380 578 ΚΕΦΑΛ.
1432 521 1565 576 NH'.

630 613 806 671 a-ua’.
855 615 1228 682 Ἀναϐόησον
1260 613 1330 666 ἐν
1367 614 1552 681 ἰσχύϊ,
1575 611 1671 666 καὶ
1698 613 1786 682 μὴ
1815 615 2001 683 spetam
2024 631 2038 644 ·
2063 615 2146 680 ὡς

561 705 871 777 σάλπιγγα
917 706 1175 774 ὕψωσον
1225 702 1342 771 τὴν
1390 701 1600 772 φωνήν
1631 715 1779 764 σου,
1812 703 1913 758 καὶ
1967 702 2149 774 ἀνάγ-

563 799 768 866 γειλον
807 793 889 859 τῷ
931 792 1059 858 λαῷ
1102 810 1222 862 μου
1263 790 1338 845 τὰ
1373 789 1768 861 ἁμαρτήματα
1793 791 2010 858 αὐτῶν,
2045 792 2148 848 καὶ

563 885 644 952 τῷ
676 887 819 953 οἴκῳ
857 884 1072 940 Ἰακὼό
1099 883 1206 950 τὰς
1241 882 1495 954 ἀνομίας
1521 883 1742 939 αὐτῶν.
1761 884 1893 954 Ἐμὲ
1920 884 2149 954 ἡμέραν

564 977 635 1041 ἐξ
668 975 892 1045 ἡμέρας
941 973 1204 1044 ζητοῦσι,
1239 974 1340 1028 καὶ
1393 973 1618 1043 γνῶναί
1653 993 1773 1044 μου
1818 975 1925 1040 τὰς
1967 974 2150 1042 ὀδοὺς

565 1066 986 1136 ἐπιθυμοῦσιν,
1026 1065 1108 1132 ὡς
1152 1064 1302 1131 λαὸς
1339 1065 1740 1132 δικαιοσύνην
1784 1063 2146 1132 πεποιηκὼς,

567 1161 664 1212 καὶ
702 1159 910 1228 κρίσιν
955 1157 1104 1213 Θεοῦ
1135 1158 1322 1213 αὐτοῦ
1364 1159 1451 1228 μὴ
1498 1157 2021 1226 ἐγκαταλελοιπὼς
2043 1197 2060 1224 ,
2090 1176 2147 1214 κ.

566 1269 621 1304 τ.
648 1250 697 1302 λ.

639 1339 996 1412 Θεραπεύσας
1046 1343 1076 1394 ό
1124 1340 1279 1408 λόγος
1311 1341 1438 1404 τοὺς
1483 1342 1540 1394 ἐν
1568 1340 1646 1412 τῷ
1675 1341 1867 1414 πλήθει
1898 1342 1992 1396 τοῦ
2021 1341 2152 1396 λαοῦ

568 1433 857 1497 ταπεινοὺς
890 1435 985 1486 καὶ
1019 1433 1517 1504 συντετριμμένους
1543 1436 1610 1504 τῇ
1641 1434 1861 1506 καρδίᾳ,
1885 1434 2152 1502 μεταϐαί-

567 1541 649 1577 νει
683 1523 870 1578 λοιπὸν
903 1523 998 1576 ἐπὶ
1030 1522 1092 1576 τδ
1124 1523 1312 1594 τάγμα
1339 1523 1446 1576 τῶν
1475 1524 1533 1576 ἐν
1558 1524 1741 1588 αὐτοῖς
1764 1524 1998 1590 ἀσεϐῶν,
2024 1528 2154 1598 περὶ

568 1610 642 1669 ὧν
677 1616 893 1684 ἔλεγεν,
921 1615 1036 1668 Οὐκ
1062 1613 1179 1668 ἐστι
1207 1615 1420 1685 χαίρειν
1449 1617 1564 1678 τοῖς
1591 1615 1814 1669 ἀσεϐέσι
1837 1657 1854 1680 ,
1885 1616 2154 1672 διδάσκων

568 1707 716 1770 τίνες
743 1723 804 1759 τε
835 1698 1000 1768 οὗτοι,
1030 1706 1126 1760 καὶ
1165 1707 1281 1760 ἀνθ’
1302 1709 1425 1761 ὅτου
1457 1708 1578 1762 κατ’
1603 1708 1784 1762 αὐτῶν
1815 1709 2148 1780 ἀπεφὴνατο.

584 1799 826 1868 Ἀφόὄως
869 1795 995 1865 οὖν,
1032 1800 1129 1853 καὶ
1174 1801 1271 1855 σὺν
1321 1799 1604 1872 παρρησία
1649 1799 1825 1854 ταῦτα
1865 1801 2026 1871 βοᾷν
2076 1802 2155 1874 τῷ

571 1895 828 1963 προφήτῃ
856 1891 1314 1964 παρακελεύεται.
1346 1891 1517 1946 Τοῦτο
1543 1893 1651 1965 γάρ
1675 1895 1793 1947 ἐστι
1826 1893 1886 1947 τὸ
1910 1894 2156 1963 ὑψῶσαι

573 1985 689 2050 τὴν
717 1986 948 2055 φωνὴν,
967 1987 1044 2050 ῶς
1074 1988 1181 2041 ἀπὸ
1208 1989 1548 2058 σάλπιγγος
1578 1989 1708 2053 τοὺς
1740 1989 1996 2061 ἐλέγχους
2020 2008 2158 2063 προ-

574 2077 828 2147 φέροντα.
865 2080 1022 2133 Κατά
1049 2080 1242 2151 καιρὸν
1284 2081 1342 2135 δὲ
1384 2081 1460 2145 ὡς
1501 2081 1593 2135 ἐπὶ
1637 2081 1773 2136 Θεοῦ
1815 2083 2088 2155 πολεμίων
2120 2085 2157 2154 ἠ

573 2170 841 2240 σάλπιγξ
867 2172 1264 2242 παρείληπται.
1297 2173 1423 2235 Τοῖς
1453 2173 1552 2243 μὲν
1601 2169 1694 2228 οὖν
1744 2176 2158 2244 εὐαγγελισταῖς

573 2255 659 2307 διὰ
683 2255 792 2309 τῶν
825 2257 1060 2326 πρόσθεν
1081 2257 1317 2327 ἐλέγετο·
1341 2281 1360 2311 ι
1381 2261 1499 2314 Ἐπ’
1521 2261 1648 2333 δρος
1675 2262 1878 2334 ὑψηλὸν
1903 2265 2157 2337 ἀνάὸηθι,

573 2349 604 2400 ό
635 2348 1122 2419 εὐαγγελιζόμενος
1153 2350 1312 2416 Σιὼν,
1345 2371 1362 2403 ι
1393 2353 1487 2406 καὶ
1518 2353 1587 2407 τὰ
1616 2355 1878 2427 ἑπόμενα.
1896 2357 2162 2413 Ἐνταῦθα

573 2436 634 2489 δὲ
661 2437 762 2490 οὐκ
785 2439 872 2491 ἐπ’
897 2437 1025 2508 ὅρος
1059 2439 1375 2493 ἀναϐαίνειν
1405 2441 1434 2492 ό
1464 2443 1750 2513 προφήτης
1772 2442 2053 2496 κελεύεται
2079 2443 2160 2515 (οὐ

575 2529 686 2600 γὰρ
716 2533 829 2594 τοῖς
861 2527 1012 2587 οὖσιν
1042 2531 1112 2586 ἐν
1137 2533 1280 2600 ὕψει
1304 2533 1484 2603 λέγειν
1512 2535 1782 2606 ἤμελλεν)
1810 2535 1950 2604 ἄγαν
1975 2536 2032 2589 δέ
2061 2537 2162 2607 μόο

578 2638 668 2674 νον
697 2621 873 2687 βοᾷν,
906 2623 983 2687 ῶς
1031 2625 1110 2688 είς
1135 2621 1252 2678 ῶτα
1284 2625 1505 2694 κωφῶν,
1537 2625 1630 2690 οὓς
1675 2627 1792 2694 καὶ,
1831 2630 1995 2684 Λαόν
2018 2646 2161 2698 μου,

577 2713 766 2782 φησὶν,
801 2715 882 2776 εἰς
923 2716 1249 2788 κατάκρισιν
1296 2716 1493 2773 αὐτῶν.
1513 2717 1654 2786 Ἐγὼ
1689 2719 1789 2790 μὲν
1822 2719 1934 2792 γὰρ
1965 2720 2158 2786 αὐτοὺς

578 2805 1055 2876 περιεποιησάμην
1081 2822 1094 2837 ο
1127 2808 1178 2860 οἱ
1211 2807 1270 2861 δὲ
1296 2808 1599 2878 ἀπέφυγον.
1630 2812 1695 2864 Ai
1739 2810 1846 2882 γὰρ
1890 2811 2166 2882 ἁμαρτίαι

579 2895 755 2965 ὑμῶν,
783 2896 1226 2965 φησὶ,διιστῶσιν
1259 2897 1366 2951 ἀνὰ
1395 2898 1559 2968 μέσον
1589 2899 1725 2969 ἐμοῦ
1750 2901 1846 2954 καὶ
1871 2902 2166 2972 ὑμῶν,καὶ

579 2989 744 3041 πλέον
769 2990 887 3051 ταῖς
907 2988 1207 3059 ἁμαρτίαις
1229 2990 1384 3057 ὑμῶν
1406 2991 1735 3062 ἐπειράθητε
1757 3008 1770 3022 ο
1796 2993 1824 3045 ὁ
1847 2993 1904 3047 δέ
1921 2993 2164 3065 ἐλεγχος,

579 3080 663 3134 ὃτι
689 3080 936 3133 δοκοῦσίν
963 3098 1030 3151 με
1051 3081 1180 3135 καθ’
1206 3081 1437 3151 ἡμέραν
1464 3081 1763 3152 ἐπιζητεῖν
1787 3086 1880 3139 ἐπὶ
1908 3085 2010 3148 τὰς
2035 3089 2166 3158 παρ’

1853 411 2208 478 PROCOPII
2237 405 2474 467 GAZ.‘EI

2171 527 2217 579 Α

3653 399 3764 462 2588

2851 508 2999 562 (ΖΜ).
3038 505 3218 562 LVIII.

2316 603 2485 676 654
2515 603 2681 658 Vnus.
2714 601 2869 656 1-21.
2911 600 3101 654 Clama
3130 607 3390 667 potenter,
3420 611 3573 664 neyue
3591 610 3762 664 parcas.

2250 697 2425 762 Quasi
2453 694 2580 750 tuba
2611 693 2793 749 attolle
2827 709 3004 747 uocem
3049 701 3215 754 luant,
3241 698 3293 744 et
3337 689 3589 741 annuntio
3617 691 3766 754 populo

2251 807 2363 844 meo
2417 797 2634 857 peccata
2667 803 2787 850 sua,
2836 794 2886 838 et
2919 784 3100 838 domui
3125 779 3294 835 Iacob
3328 779 3624 847 iniquitates
3651 795 3766 836 sunt.

2250 878 2338 934 Me
2366 879 2429 934 de
2473 879 2558 932 die
2585 879 2641 932 in
2677 877 2816 931 diem
2845 878 3109 946 quaeritnt,
3140 883 3188 928 et
3219 877 3386 926 nosse
3408 871 3519 925 uias
3548 887 3673 925 meas
3700 889 3770 921 cu-

2248 975 2420 1045 piunt,
2462 981 2714 1040 tanquam
2751 984 2875 1039 gens
2900 982 3018 1036 qua
3053 965 3332 1034 justitiam
3363 962 3542 1031 fecerit
3585 970 3630 1014 et
3655 961 3772 1030 judi.

2251 1066 2390 1120 cium
2421 1063 2516 1117 Dei
2551 1062 2636 1117 sui
2668 1077 2774 1114 non
2803 1057 3098 1128 reliquerit,
3135 1064 3245 1111 etc.

2320 1349 2484 1422 655
2515 1349 2810 1417 Postquam
2839 1344 2932 1409 iis,
2978 1343 3072 1414 qui
3105 1342 3160 1396 in
3189 1340 3399 1412 p0pulo
3427 1337 3605 1395 cordis
3631 1338 3775 1393 humi-

2253 1439 2407 1494 litate
2449 1447 2504 1494 et
2533 1435 2869 1493 contritione
2900 1431 3246 1496 laborabant,
3278 1431 3581 1485 medicatus
3609 1440 3698 1492 est,
3727 1433 3776 1484 ad

2255 1533 2394 1587 alios
2425 1530 2706 1600 deinceps,
2748 1527 2846 1598 qui
2883 1527 3026 1581 inter
3058 1523 3285 1579 eosdem
3320 1522 3647 1591 impietatem
3674 1536 3776 1592 pro-

2255 1621 2386 1678 fessi
2412 1619 2649 1692 gaudere
2684 1624 2984 1688 nequeunt,
3008 1629 3320 1670 sermonem
3344 1611 3648 1678 convertit;
3681 1613 3778 1680 qui-

2255 1730 2363 1786 que
2407 1713 2510 1782 ipsi
2552 1712 2686 1774 sint,
2739 1717 2793 1763 et
2820 1722 2922 1762 cur
2951 1708 3006 1760 in
3039 1705 3163 1760 illos
3205 1704 3314 1759 ista
3358 1701 3677 1773 pronuntiet,
3713 1701 3781 1755 de.

2260 1813 2550 1861 monstrat.
2588 1801 2922 1872 Prophetam
2962 1798 3157 1869 igitur,
3197 1805 3258 1850 ut
3278 1795 3386 1850 ista
3429 1794 3544 1850 sine
3566 1803 3711 1859 metu,
3737 1803 3776 1848 et

2257 1897 2600 1954 conﬁdenter
2622 1893 2890 1956 inclamet,
2922 1890 3201 1946 admonet.
3224 1887 3472 1957 ldipsum
3494 1883 3628 1940 enim
3650 1886 3779 1956 signi.

2260 1990 2406 2055 licat,
2444 2003 2568 2042 cum
2598 2002 2773 2044 uocem
2803 1984 3052 2040 attollere
3089 1979 3368 2052 praecipit;
3413 1986 3654 2048 tanquam
3684 1976 3777 2030 tuba

2260 2087 2610 2154 personante,
2641 2091 2834 2134 eorum
2871 2075 3080 2130 scelera
3113 2073 3296 2142 palam
3331 2069 3491 2138 argui
3523 2067 3730 2137 postulet
3762 2085 3772 2120 :

2261 2175 2494 2243 ideoque
2545 2170 2684 2224 tuba:
2724 2182 2948 2232 nomen,
3000 2164 3147 2235 quod
3191 2164 3467 2218 adversus
3508 2159 3599 2215 Dei
3637 2160 3777 2214 hostes

2260 2266 2541 2338 negotium
2582 2265 2674 2327 sit,
2710 2267 2959 2332 usurpat.
2989 2258 3094 2326 Qui
3132 2271 3266 2328 ergo
3283 2253 3777 2324 evangelistassupe-

2263 2357 2504 2412 rioribns
2535 2355 2609 2409 ita
2639 2362 2725 2410 est
2755 2353 3028 2407 allocutus
3063 2368 3076 2405 :
3108 2368 3127 2402 ι
3161 2346 3343 2419 Super
3379 2354 3610 2400 montem
3638 2343 3777 2400 excel-

2262 2463 2385 2503 sum
2413 2445 2646 2502 ascende
2675 2443 2772 2514 qui
2799 2443 3144 2512 evangelizas
3170 2438 3305 2494 Sion
3327 2439 3374 2501 ’,
3411 2457 3430 2488 ι
3465 2445 3519 2493 et
3547 2436 3779 2507 quedeino

2263 2556 2393 2610 ccps
2426 2559 2438 2595 :
2481 2539 2585 2594 hoc
2622 2539 2744 2594 loco
2785 2553 2894 2592 non
2939 2536 3177 2606 idipsum
3213 2533 3328 2603 jam
3368 2547 3466 2588 eos
3493 2531 3672 2595 facere,
3709 2531 3778 2601 qui

2263 2633 2320 2686 in
2360 2633 2471 2686 alto
2500 2632 2610 2687 sint
2633 2629 2908 2692 collocati,
2938 2627 3031 2683 sed
3055 2637 3317 2696 tanquam
3347 2623 3524 2693 populi
3557 2623 3633 2677 sui
3656 2637 3779 2676 aures

2265 2723 2680 2786 obsurducrint,
2715 2722 2768 2775 in
2801 2734 2992 2775 eorum
3013 2717 3525 2772 condemnationem
3538 2715 3777 2778 vehemen-

2267 2811 2379 2867 tius
2413 2810 2566 2880 jubet
2600 2808 2926 2874 inclamare;
2954 2806 3252 2877 quosenim
3287 2806 3409 2876 ipse
3432 2804 3530 2860 sibi
3552 2802 3778 2857 vindicas-

2267 2911 2371 2966 set,
2401 2915 2432 2955 a
2465 2915 2524 2954 se
2560 2908 2740 2954 tamen
2773 2907 3056 2954 constaret
3085 2896 3368 2953 recedere.
3415 2895 3630 2950 Peccata
3655 2893 3782 2960 siqui.

2268 2994 2392 3049 dem
2421 3001 2628 3059 vestra,
2666 2992 2866 3062 inquit,
2901 2992 3065 3062 longe
3096 3005 3195 3047 vos
3223 3006 3252 3045 a
3277 3005 3370 3045 me
3396 2996 3634 3056 separant
3653 2987 3780 3040 inter-

2272 3087 2443 3150 vallo,
2473 3093 2530 3142 et
2569 3084 2810 3155 amplius
2842 3085 2978 3139 estis
3038 3083 3149 3136 illis
3182 3082 3404 3147 tentati,
3433 3080 3664 3150 idqueeo
3695 3077 3780 3144 ipso

581 3173 766 3237 αὐτοῖς
820 3174 1175 3238 ἀπαντῶντες
1223 3176 1575 3246 Συναγωγάς.
1618 3179 1743 3234 .Kal
1794 3178 1892 3243 τὰς
1946 3180 2163 3252 Γραφὰς

2269 3176 2507 3239 evicero,
2533 3175 2680 3245 quod
2706 3189 2792 3228 me
2819 3173 2875 3227 in
2901 3172 3014 3227 dies
3032 3187 3266 3242 quwrere
3294 3170 3473 3225 videri
3504 3166 3781 3232 vultis,dum

582 3265 1008 3336 προσποιοῦνται
1054 3266 1239 3337 ζητεῖν
1264 3308 1278 3332 ,
1331 3268 1440 3334 τὰς
1485 3269 1664 3336 ὁδούς
1706 3287 1826 3339 μου
1879 3272 2168 3341 μανθάνειν

583 3355 949 3426 πειρώμενοι,
983 3356 1060 3420 ῶς
1107 3356 1170 3426 δὴ
1221 3356 1292 3410 τὰ
1340 3357 1503 3412 λοιπά
1549 3359 2015 3428 κατορθώσαντες.
2059 3361 2171 3416 Kal

581 3446 756 3500 ταῦτα
781 3447 846 3510 δὴ
877 3445 956 3516 τῷ
983 3447 1160 3500 δοκεῖν
1183 3448 1425 3514 ἐποίουν,
1461 3449 1548 3502 διὰ
1574 3449 1665 3502 τὸν
1691 3451 2038 3522 ἐπικείμενον
2066 3452 2168 3506 πό-

582 3537 752 3608 λεμον
787 3538 1065 3604 ἐθέλοντες
1106 3540 1328 3610 γνῶναι
1372 3540 1473 3604 τὰς
1522 3542 1607 3610 ἐφ’
1635 3543 1851 3614 ἑκάστῳ
1884 3544 2171 3616 πράγματι

583 3630 904 3699 διοικήσεις,
933 3631 1025 3683 καὶ
1059 3631 1113 3684 τί
1140 3632 1236 3685 τοῦ
1270 3632 1508 3703 πολέμου
1539 3635 1601 3687 τὸ
1634 3635 1828 3706 πέρας.
1876 3637 1986 3690 Καὶ
2030 3635 2173 3692 οὕτω

585 3720 695 3792 γὰρ
729 3723 836 3788 τὰς
874 3721 1058 3790 ὁδοὺς
1097 3726 1341 3796 νοητέον,
1373 3727 1512 3799 ὅπερ
1556 3723 1624 3798 ἦν
1671 3727 1883 3800 ἀνδρῶν
1935 3729 2173 3799 ἐννόμως

586 3815 1088 3886 πολιτευσαμένων.
1125 3817 1316 3882 Οὐδεὶς
1355 3819 1464 3891 γᾲρ
1503 3818 1684 3888 ὀδοὺς
1714 3819 1850 3873 Θεοῦ
1881 3819 2173 3890 γνώσεται

592 3905 669 3976 μὴ
708 3905 917 3970 δίκαιος
954 3904 1050 3960 ὧν.
1114 3925 1128 3950 σ

663 4081 754 4148 Ἐξ
804 4083 986 4138 αὐτῶν
1031 4084 1091 4139 δὲ
1137 4086 1246 4140 τῶν
1289 4087 1542 4158 πράξεων
1587 4088 1898 4161 ἐλέγχονται
1943 4090 2041 4163 τὴν
2069 4089 2175 4146 τοῦ

592 4177 742 4232 Θεοῦ
772 4177 1202 4249 καταλείψαντες
1229 4181 1431 4250 κρίσιν
1457 4183 1514 4236 ἐν
1538 4182 1769 4254 ἀσεϐείᾳ
1798 4183 1894 4238 καὶ
1921 4183 2176 4256 πλημμε-

588 4269 847 4340 λήμασιν.
869 4270 978 4324 Kal
1001 4272 1152 4342 ὅμως
1178 4272 1239 4338 ἐξ
1264 4274 1622 4346 ἀναισθησίας
1640 4275 2046 4341 ἐπιδικάζονται
2066 4277 2176 4334 τῶν

589 4360 740 4430 ἐμῶν
769 4360 1012 4428 ἀγαθῶν,
1031 4361 1222 4434 ῶσπερ
1249 4362 1486 4436 ἀμοιϐὴν
1517 4364 1722 4437 ἀρετῆς
1751 4366 1989 4438 πολέμου
2016 4369 2176 4440 νίκην

591 4453 900 4524 αἰτούμενοι
919 4469 934 4484 ⁸
964 4455 1059 4509 καὶ
1083 4456 1298 4521 ἀδικίας
1328 4474 1396 4528 με
1421 4459 1744 4531 γράφονται,
1780 4459 1856 4525 ῶς
1885 4461 2173 4517 εὐσεϐοῦν-

2269 3271 2324 3325 in
2359 3270 2558 3334 vestris
2595 3266 2899 3340 Synagogis
2921 3275 3207 3330 coeuntes,
3238 3263 3553 3334 Scripturas
3573 3276 3657 3316 vos
3673 3261 3780 3314 vias-

2267 3378 2366 3434 que
2409 3377 2550 3416 meas
2601 3358 2840 3415 scrutari
2877 3366 2932 3413 et
2975 3357 3195 3411 discere
3231 3354 3533 3413 simulatis,
3576 3362 3781 3420 tanquam

2269 3453 2480 3523 reliqua
2501 3450 2893 3521 praestiteritis;
2915 3464 3039 3504 cum
3059 3447 3258 3503 famam
3283 3445 3568 3502 sectemini
3591 3451 3778 3501 tantum,

2271 3554 2324 3601 et
2354 3560 2460 3618 qua
2484 3559 2714 3616 quaeque
2738 3543 2956 3598 ratione
2986 3541 3294 3613 ingruentis
3319 3539 3455 3596 belli
3491 3535 3684 3607 negotia
3698 3532 3779 3600 geri

2273 3635 2588 3700 conveniat,
2629 3648 2904 3706 quemque
2943 3631 3106 3687 linem
3147 3631 3466 3685 habiturum
3505 3627 3680 3682 bellum
3714 3623 3782 3684 sit.

2271 3743 2429 3782 nosse
2466 3727 2754 3782 studeatis.
2789 3723 2956 3796 656
2978 3722 3111 3777 Nam
3138 3723 3313 3778 ethoc
3345 3729 3509 3792 pacto
3525 3720 3704 3774 uiarum
3725 3714 3783 3766 in-

2273 3820 2560 3894 vestigatio
2601 3817 2958 3890 intelligenda
2996 3825 3125 3872 est:
3180 3831 3304 3886 quae
3339 3814 3582 3869 virorum
3631 3807 3783 3862 [uitet

2273 3911 2410 3984 legis
2451 3911 2707 3967 instituto
2759 3908 3097 3981 degentium.
3153 3906 3323 3961 Nemo
3371 3905 3554 3967 enim,
3591 3899 3681 3956 nisi
3714 3894 3780 3968 qui

2271 4003 2455 4074 iustus
2483 4003 2576 4066 sit,
2610 4001 2706 4058 Dei
2737 4001 2852 4057 uias
2883 4015 3036 4054 nosse
3067 3999 3284 4069 poterit.

2349 4095 2478 4152 Suis
2519 4095 2687 4166 igitur
2717 4093 2821 4164 ipsi
2863 4093 3026 4147 rebus
3057 4091 3250 4162 gestis,
3291 4089 3393 4144 Dei
3423 4087 3667 4159 judicium
3685 4081 3780 4137 ’τίω

2276 4187 2459 4257 impie
2516 4196 2571 4240 et
2619 4185 2902 4243 scelerata:
2952 4181 3342 4252 posthabuisse
3396 4180 3777 4235 convincuntur:

2275 4291 2380 4332 nec
2402 4275 2654 4332 dubitant
2691 4283 2874 4330 tamen
2909 4273 3060 4329 omni
3111 4288 3280 4328 sensu
3314 4270 3557 4328 destituti
3601 4267 3658 4324 de
3682 4263 3780 4320 meis

2277 4366 2440 4423 bonis
2465 4366 2675 4437 judicio
2715 4363 3070 4428 contendere,
3107 4379 3306 4433 meque
3339 4361 3634 4434 iniquitatis
3657 4356 3780 4412 etiam

2279 4472 2544 4513 accusare
2563 4498 2577 4521 ,
2617 4464 2876 4526 tanquam
2902 4456 2996 4526 qui
3015 4455 3102 4526 pie
3126 4453 3390 4524 degentes
3408 4468 3500 4509 eos
3534 4445 3778 4520 rejecerimo

588 4561 688 4608 τας
702 4545 901 4610 αὐτοὺς
917 4547 1138 4601 ἀπωθού
1148 4565 1326 4619 μενον.
1344 4549 1824 4622 Ὲνηστεύσαμεν
1835 4554 1962 4624 γὰρ,
1977 4555 2110 4626 φησὶ
2127 4564 2163 4619 ι’,

2275 4550 2643 4622 Jejunavimus
2674 4549 2842 4612 enim,
2870 4548 3044 4613 aiunt,
3083 4556 3133 4601 et
3170 4561 3274 4600 non
3300 4545 3517 4608 uidisti;
3543 4555 3652 4598 cum
3671 4536 3778 4593 enim

592 4635 692 4688 καὶ
737 4637 850 4692 οὐκ
887 4635 1066 4704 εἶδες.
1098 4639 1220 4693 Τῶν
1247 4641 1357 4711 γὰρ
1388 4643 1664 4710 πολεμίων
1692 4645 2060 4714 ἐπικειμένων
2087 4644 2176 4699 διὰ

597 4728 914 4799 σωματικῆς
940 4729 1113 4801 ᾤοντο
1138 4733 1422 4798 νηστείας
1452 4735 1894 4804 ἐξευμενίζεσθαι
1913 4736 2009 4791 τὸν.
2021 4736 2174 4803 Θεὸν,

596 4816 923 4887 βρωμάτων,
948 4821 1008 4872 οὐ
1043 4821 1242 4885 κακίας
1275 4824 1514 4895 ψυχικῆς
1549 4826 1899 4897 ἀπεχόμενοι.
1936 4828 2050 4882 Kal
2077 4827 2178 4900 τὴν

593 4908 853 4981 τοιαύτην
899 4913 1155 4981 νηστείαν
1200 4915 1410 4986 ψυχῆς
1450 4917 1745 4982 καλοῦντες
1791 4919 2175 4976 ταπείνωσιν.

593 5001 767 5055 Τοῦτο
794 5003 996 5066 τοίνυν,
1022 4999 1067 5059 ὦ
1104 5009 1380 5080 προφῆτα,
1412 5010 1575 5080 φησιν
1601 5011 1842 5082 ἔλεγχον,
1878 5011 1907 5065 ὅ
1929 5012 2025 5066 καὶ
2043 5029 2177 5084 προ-

593 5094 899 5162 ϐάλλονται,
927 5096 988 5162 ἐξ
1007 5099 1125 5162 ἐνὸς
1147 5100 1338 5155 τούτου
1364 5101 1454 5156 τὸν
1477 5103 1662 5157 λοιπὸν
1686 5103 1866 5157 αὐτῶν
1885 5104 2176 5170 ἀποδείξας

592 5186 816 5256 τρόπον.
849 5187 923 5242 To
971 5189 1051 5254 δὲ,
1092 5191 1203 5246 οὐκ
1247 5190 1424 5260 εἶδες.
1455 5194 1556 5248 οὐκ
1604 5194 1831 5262 ἄγνοιαν
1871 5194 2030 5260 Θεοῦ,
2057 5193 2176 5250 ἀλλ’

592 5277 884 5347 ἀπότευξιν
912 5280 1236 5354 αὐτομάτων
1265 5285 1432 5356 δηλοῖ.
1454 5287 1612 5356 Μέγα
1642 5287 1688 5339 δ’
1710 5287 1777 5342 ἂν
1805 5287 2093 5359 ἔπραττον,
2125 5286 2176 5340 εἰ

594 5368 812 5438 ἀληθῶς
860 5373 1035 5428 ταῦτα
1082 5377 1436 5450 μετήρχοντο.
1490 5379 1598 5432 Kal
1635 5378 1795 5432 Aa6l8
1821 5379 1930 5448 γάρ
1968 5392 2172 5449 φησιν’

603 5481 619 5511 ι
644 5461 997 5520 Ἑταπείνουν
1018 5469 1078 5523 ἐν
1098 5471 1326 5544 νηστείᾳ
1353 5471 1450 5544 τὴν
1471 5471 1650 5544 ψυχήν
1678 5489 1804 5545 μου,
1831 5471 1928 5526 καὶ
1949 5473 1983 5544 ἡ
2008 5489 2177 5543 προσ-

669 5643 691 5675 ⁹
740 5641 844 5696 lsa.
894 5658 982 5709 χι,
1013 5645 1068 5700 9.

2275 4644 2464 4699 hostes
2507 4644 2854 4712 ingruerent,
2902 4637 3072 4693 Deum
3099 4639 3311 4708 jejunio
3349 4633 3605 4693 demereri
3633 4644 3680 4686 se
3709 4639 3780 4695 pu-

2276 4735 2490 4799 tabant,
2515 4734 2561 4788 si
2603 4749 2632 4787 a
2661 4732 2806 4787 cibis
2839 4770 2854 4797 ,
2896 4745 3006 4786 non
3043 4745 3074 4784 a
3095 4729 3246 4784 vitiis
3279 4729 3633 4786 abstinerent;
3659 4720 3778 4786 idque

2279 4829 2473 4883 animle
2506 4826 2934 4884 humiliationem
2960 4823 3370 4892 nuncupabant.
3421 4821 3528 4876 Hoc
3555 4818 3692 4886 igitur
3719 4807 3776 4861 vel

2277 4922 2346 4977 ad
2373 4919 2812 4975 convincendum
2856 4917 3003 4987 quod
3040 4917 3142 4986 ipsi
3172 4923 3480 4986 opponunt,
3509 4912 3664 4965 facere
3686 4915 3774 4972 pro-

2277 5012 2442 5084 pheta
2477 5009 2804 5081 respondet;
2836 5007 2908 5063 ab
2954 5023 3178 5078 unoque
3204 5008 3334 5070 isto,
3367 5007 3434 5060 de
3471 4998 3662 5058 caeteris
3685 5003 3775 5084 esse

2272 5079 2653 5176 iudicandum.
2701 5099 2771 5158 At
2805 5098 2950 5170 quod
2993 5114 3097 5154 nun
3143 5097 3325 5152 vidisti
3365 5095 3544 5158 addit,
3581 5103 3668 5145 non
3708 5079 3774 5134 Dei

2275 5195 2699 5267 ignorationem,
2759 5191 2856 5248 sed
2895 5189 3173 5246 infelicem
3219 5202 3438 5252 eorum,
3475 5197 3585 5255 quae
3626 5178 3774 5246 8Ρ⁰¹¹¹⁸

2276 5288 2644 5351 admiserunt,
2668 5284 2875 5340 exitum
2910 5283 3279 5337 demonstrat.
3317 5282 3616 5349 Quanquam
3636 5275 3771 5321 tamen

2277 5384 2332 5432 et
2364 5376 2442 5430 illi
2476 5390 2588 5429 rem
2619 5387 2753 5428 sane
2775 5371 2921 5426 haud
2958 5382 3180 5439 parvam
3220 5367 3601 5438 praestitissent,
3626 5355 3773 5444 sive.re

2282 5469 2389 5523 ista
2420 5463 2612 5524 sectati
2666 5461 2923 5519 fuissent.
2959 5456 3095 5515 Nam
3134 5465 3191 5517 ct
3228 5455 3373 5528 apud
3410 5451 3643 5509 Davidem
3668 5440 3767 5506 let"

1877 5733 2113 5792 YAIIIA']
2153 5730 2560 5793 LECTIORES.

679 5835 696 5865 τ
722 5843 809 5896 rp.
846 5829 995 5898 φᾶςι.
