3998 6390
191 332 335 397 2539

195 544 391 639 πάλινο
434 567 451 599 ι
479 550 560 603 Τὰ
587 552 790 620 γόνατά
824 575 926 627 μου
954 561 1261 633 ἡσθένησαν
1292 565 1402 621 ἀπὸ
1442 570 1720 639 νηστείας.
1756 588 1775 622 ι

195 638 336 708 Φησὶ
384 640 441 694 δὲ
497 645 589 696 καὶ
639 645 802 711 Θεός’
863 670 882 702 ι
945 655 1357 729 Ἐπιστράιρητε
1412 638 1550 732 προς
1603 681 1669 732 με
1725 666 1784 719 ὲν

196 733 445 826 νηστείᾳ,
481 736 574 790 καὶ
604 738 662 791 ὲν
680 740 965 814 κλαυθμῷ,
984 749 1078 802 καὶ
1098 751 1339 824 κοπετῷ.
1370 772 1389 806 ι
1412 753 1589 826 Ὅπερ
1609 756 1780 821 ἐστὶν,

200 823 257 923 ἐν
275 823 632 923 ’ἀποχῇῌκαὶ
681 835 938 908 μετανοίᾳ
984 839 1094 893 τῶν
1124 823 1579 915 κήμαρτημένωνλ
1625 846 1655 901 ὃ
1704 849 1783 923 μὴ

199 913 436 1012 apt-Intra;
465 913 631 986 οὗτοι,
652 923 957 996 βρωμάτων
979 930 1035 983 δὲ
1058 913 1408 1006 ἀπεχόμενοι,
1425 937 1488 991 τδ
1509 940 1618 993 πᾶν
1637 913 1783 1012 ἔχειν

200 1007 472 1075 ἐνόμιζον,
495 1012 571 1073 ὡς
604 1016 723 1088 Θεῷ
753 1020 1124 1091 χαριούμενοι,
1154 1027 1202 1079 εί
1230 1028 1305 1098 μὴ
1338 1026 1583 1095 πλείονος
1605 1007 1785 1087 αὐτῶν

199 1102 410 1195 ⁶τροφῆς
437 1110 676 1161 ποιοῖτο³
714 1114 991 1182 φροντίδα.
1026 1118 1101 1171 Οὐ
1139 1120 1298 1190 μόνον
1326 1122 1436 1195 γὰρ
1466 1125 1654 1178 κακῶν
1682 1126 1784 1180 οὒκ

202 1193 502 1286 ᾇπείχοντο
540 1206 959 1274 νηστεύοντες,
988 1209 1123 1264 ἀλλὰ
1171 1212 1294 1267 τότε
1326 1193 1421 1268 καί
1450 1214 1520 1269 τὰ
1550 1216 1784 1286 μέγιστα

202 1285 620 1357 διεπράττοντο,
664 1296 992 1367 τύπτοντες
1039 1302 1182 1370 τοὺς
1232 1285 1613 1377 ὑποχειρίους
1666 1307 1784 1363 οὔτι

202 1380 578 1467 πουᾼπάντως
621 1385 831 1458 χερσὶν,
881 1390 1248 1463 ἀλλ’ῦϐρεσι,
1283 1397 1378 1449 καὶ
1422 1398 1783 1467 πλεονεξίαις,

202 1464 538 1558 αντιλογίαις
562 1473 700 1544 πρὸς
724 1474 991 1547 ἀλλήλους
1011 1484 1577 1555 κατατρισόμενοι,ὼς
1600 1464 1785 1558 φωνὰς

202 1555 424 1626 ἀφιέναι
467 1562 747 1634 κλαυθμοῦ
790 1566 890 1621 καὶ
918 1571 1181 1640 κραυγὰς
1212 1574 1499 1643 ἀπρεπεῖς
1530 1555 1656 1643 τοῦς
1681 1555 1777 1633 in:l

204 1650 384 1709 αὐτῶν
413 1656 808 1726 τυπτομένους.
840 1659 932 1713 Διὸ
959 1662 1053 1716 καὶ
1064 1664 1185 1717 κατ’
1207 1665 1384 1741 ἀρχὰς
1408 1666 1617 1738 ἔλεγεν·
1641 1671 1786 1742 (Τὴν

1312 355 1847 417 COMMENTARII
1885 358 1967 419 IN
1995 360 2283 425 ISAIAM.

193 451 331 545 ευχή
382 469 488 524 μου
530 459 610 521 εἰς
662 461 860 515 κόλπον
909 483 1041 533 μου,
1074 469 1563 545 ἐπιστραφήσεται.
1600 495 1619 526 ι
1673 476 1783 531 Καὶ
1809 478 1862 539 Α
1888 496 2009 535 tuus

3324 368 3468 433 2590
3502 375 3507 380 ’

2051 499 2066 536 :
2125 499 2143 532 ι
2183 480 2479 538 Humiliavi
2524 485 2581 539 iu
2617 484 2831 555 jejunio
2880 483 3127 540 animam
3173 499 3374 549 meam,
3416 494 3473 540 et

1895 575 2075 628 oratio
2128 591 2248 631 mea
2288 577 2343 631 in
2381 576 2566 633 sinum
2612 594 2789 634 meum
2827 585 3188 632 convertetur
3219 577 3287 631 ".
3342 595 3360 629 ι
3406 580 3474 632 Ει

1884 681 2105 724 rursum
2136 686 2182 723 ιι
2219 668 2409 725 Genua
2438 687 2557 727 mea
2577 672 2864 726 incurvata
2902 677 3031 725 sunt
3055 683 3083 721 a
3108 668 3318 739 jejunio
3346 670 3411 724 “.
3449 690 3468 722 ι

1883 760 1978 815 Ait
2002 776 2167 831 porro
2190 769 2244 817 et
2270 761 2414 818 Deus
2466 763 2624 834 ipse:
2669 783 2689 816 ι
2721 764 3126 819 Convertimini
3176 762 3243 816 ad
3276 778 3361 818 me
3416 762 3471 817 in

1877 852 2111 923 jejunio,
2139 854 2195 909 in
2238 853 2367 911 ﬂetu
2404 863 2459 910 et
2483 857 2705 926 planetu
2740 856 2815 919 υς
2854 874 2874 908 ›
2909 854 2963 909 id
2990 863 3077 911 est
3108 854 3470 914 abstinentia,

1884 951 2350 1015 peccatorumque
2381 944 2746 1015 paenitudine.
2778 943 2939 1010 Quod
2963 958 3088 997 cum
3121 943 3213 998 isti
3247 955 3354 995 non
3388 940 3472 993 la-

1884 1043 2091 1102 cerent,
2128 1036 2221 1092 sed
2253 1052 2283 1090 a
2333 1038 2474 1092 cibis
2510 1045 2720 1089 tantum
2775 1035 3140 1099 abstinerent,
3176 1030 3362 1086 omnia
3411 1045 3472 1085 se

1884 1128 2149 1196 consequi
2189 1135 2373 1183 tamen
2398 1126 2818 1182 arbitrabantur
2859 1144 2871 1179 :
2907 1136 3171 1197 tanquam
3210 1124 3323 1177 Deo
3353 1136 3468 1177 rem

1884 1224 2097 1289 gratam
2143 1234 2203 1274 se
2236 1218 2419 1274 facere
2448 1227 2726 1288 putarent,
2768 1216 2815 1275 si
2851 1215 2920 1272 de
2971 1215 3171 1272 eduliis
3206 1231 3316 1269 non
3350 1229 3470 1268 ma-

1884 1322 2129 1378 gnopere
2164 1308 2506 1363 laborarent.
2543 1306 2662 1362 Non
2690 1306 2871 1363 solum
2904 1308 3072 1371 enim,
3109 1321 3231 1362 cum
3254 1304 3470 1377 jejuna-

1885 1399 2030 1464 bant,
2066 1413 2095 1453 a
2125 1400 2285 1458 malis
2311 1414 2420 1454 non
2446 1399 2819 1465 abstinebant,
2876 1398 2971 1454 sed
2995 1407 3109 1453 tum
3137 1397 3298 1467 longe
3330 1412 3470 1467 gra-

1884 1492 2037 1548 viora
2081 1493 2245 1548 etiam
2285 1492 2604 1566 patrabant,
2649 1491 2743 1562 qui
2790 1490 3028 1545 subditos
3073 1488 3466 1559 percutiebaut,

1884 1598 1995 1637 non
2036 1599 2200 1638 manu
2248 1583 2471 1654 quidem
2520 1582 2769 1646 omnino,
2821 1583 2915 1636 sed
2976 1579 3327 1635 contumeliis
3356 1620 3370 1645 ,
3412 1589 3468 1634 et

1886 1672 2120 1742 rapinis,
2167 1673 2486 1742 mutuisque
2538 1671 2937 1727 controversiis
2988 1684 3055 1726 eo
3104 1684 3281 1739 usque
3330 1678 3471 1723 atte-

204 1744 462 1836 νηστείαν
489 1746 587 1800 καὶ
617 1748 849 1820 ἀργίαν,
877 1754 970 1807 καὶ
994 1754 1094 1818 τὰς
1127 1758 1425 1829 νουμηνίας
1450 1759 1606 1830 ὑμῶν
1638 1765 1784 1833 μισεῖ

1887 1766 2080 1831 rendo,
2114 1774 2173 1819 ut
2195 1780 2494 1836 oppressos
2526 1764 2593 1819 ad
2624 1766 2810 1821 luctus
2841 1764 3157 1826 indecoros,
3188 1763 3469 1817 clamoris-

203 1835 237 1905 ὴ
271 1835 420 1908 ψυχή
457 1856 614 1908 μου.)
648 1841 758 1894 Kal.
783 1840 879 1896 νῦν
907 1842 963 1897 δέ
994 1863 1194 1916 φησιν’
1234 1850 1379 1929 Οὐχὶ
1411 1854 1639 1922 ταύτην
1669 1854 1784 1927 τὴν
1810 1837 1858 1897 Β

199 1930 495 1995 νηστείαν
540 1930 937 2005 ἐξελεξάμην,
992 1938 1138 1993 οὐδὲ
1177 1943 1466 2012 τοιαύτην
1497 1946 1781 2001 ταπεινώ-

200 2035 354 2087 σεως
378 2020 630 2091 ἡμέραν.
658 2025 769 2080 Καὶ
796 2028 890 2081 τὸν
922 2028 1023 2099 μὲν
1054 2033 1388 2104 πορευθέντα
1420 2037 1659 2108 στυγμὸν
1682 2042 1698 2076 ¹
1723 2040 1781 2092 ὲν

199 2113 317 2203 ταῖς
337 2112 481 2203 γὸδοίς
506 2115 673 2170 αὑτοῦ
693 2158 708 2185 ,
738 2119 836 2172 καὶ⁵
863 2120 964 2190 τὴν
1001 2121 1093 2176 τοῦ
1136 2123 1455 2195 Πνεύματος
1488 2129 1782 2203 συντριὸὴν

201 2202 258 2256 ὲν
276 2202 356 2273 τῷ
384 2205 487 2277 βίῳ
518 2208 612 2262 καὶ
629 2211 750 2273 ταῖς
776 2210 1040 2281 πράξεσιν
1069 2213 1262 2285 ἔχοντα
1288 2211 1439 2271 εἶπεν
1469 2202 1744 2276 ἰάσεσθαι
1761 2237 1777 2252 ⁸

198 2295 297 2361 τδνι
322 2297 380 2353 δὲ
415 2300 515 2373 τὴν
551 2300 854 2372 ἐφήμερον
897 2306 955 2359 ἐν
1000 2308 1227 2382 νηστείᾳ
1258 2312 1620 2370 ταπείνωσιν
1645 2332 1780 2389 σχηο

204 2392 563 2465 μτιζὸμενον
599 2395 660 2449 οὐ
700 2396 1006 2467 προσίεται.

270 2661 426 2727 Τινὲς
455 2662 512 2718 δέ
543 2683 707 2735 φασιν
724 2666 800 2731 ὡς
826 2668 1149 2736 ποιοῦντεςιι
1171 2671 1350 2728 αὐτῶν
1377 2674 1449 2729 τὰ
1475 2674 1781 2745 θελήματα

209 2754 538 2810 ὐπένυττον
566 2759 823 2825 καὶτοὺς
847 2763 1231 2832 ὑποχειρίους
1259 2765 1437 2819 αὐτῶν
1459 2769 1539 2830 εἰς
1572 2768 1781 2837 κρίσεις

205 2847 294 2899 καὶ
328 2847 528 2918 μάχας,
564 2849 682 2904 δέον
710 2850 1000 2922 βραϐεύειν
1037 2855 1282 2927 εἰρήνην.
1314 2857 1387 2910 Τὸ
1435 2857 1516 2922 δὲ,
1554 2857 1636 2924 ὡς
1662 2857 1778 2928 σή-

191 2957 382 3008 μερον
408 2942 789 3011 ἀκουσθῆναι
831 2946 903 3000 ἐν
939 2946 1175 3019 κραυγῇ
1204 2948 1320 3018 τὴν
1350 2950 1563 3019 φωνὴν
1590 2950 1777 3022 ὑμῶν,

194 3032 270 3096 ὡς
300 3032 404 3101 τῆς
431 3034 666 3106 ἀληθοῦς
709 3038 996 3106 νηστείας
1041 3040 1313 3111 κραυγὴν
1351 3042 1583 3113 ἐχούσης
1629 3043 1783 3115 παρὰ

1885 1875 1983 1927 que
2012 1874 2161 1913 voces
2193 1858 2497 1927 adigerent.
2536 1855 2659 1923 Quo
2704 1856 2909 1913 factum
2946 1863 3051 1921 est,
3092 1866 3151 1909 ut
3173 1868 3363 1909 eorum
3406 1867 3472 1908 se

1881 1948 2115 2019 jejunia,
2176 1950 2456 2020 feriasque
2503 1948 2692 2018 ipsas,
2744 1956 2799 2004 et
2837 1946 3121 2002 Kalendas
3170 1960 3235 1999 ex
3283 1944 3469 1998 animo

1882 2040 2068 2097 odisse
2106 2040 2271 2095 initio
2305 2040 2507 2096 dixerit
2537 2039 2582 2072 ¹³
2618 2046 2811 2094 :‘nunc
2839 2045 3024 2092 autem
3056 2051 3160 2089 non
3194 2032 3468 2103 talejeiu-

1881 2134 2051 2199 nium,
2090 2132 2351 2203 talemque
2390 2130 2782 2185 ltumiliatiouis
2843 2128 2984 2183 diem
3009 2127 3221 2195 eligere.
3267 2122 3470 2192 Adjicit

1880 2239 2014 2280 vero
2052 2232 2107 2280 et
2137 2225 2185 2279 ei
2216 2240 2297 2288 se,
2331 2224 2423 2293 qui
2455 2223 2511 2278 iu
2558 2223 2663 2277 viis
2702 2221 2818 2277 suis
2863 2228 3098 2275 mmstus
3149 2216 3466 2279 ambularit,

1882 2315 2092 2387 quique
2121 2315 2353 2387 spiritus
2397 2314 2790 2370 coutritiouem
2821 2312 2877 2367 in
2910 2311 3021 2365 vita
3056 2318 3111 2365 et
3144 2308 3463 2363 actionibus

1879 2408 2157 2473 habuerit,
2188 2407 2351 2478 657
2399 2409 2689 2462 sanitatem
2731 2419 2853 2461 esse
2896 2404 3189 2457 allaturum
3227 2420 3240 2455 :
3283 2399 3379 2455 sed
3399 2399 3468 2455 ad

1879 2516 2028 2565 eum,
2057 2501 2149 2571 qui
2178 2499 2431 2554 diurnam
2448 2498 2751 2570 jejunando
2777 2497 3207 2552 humiliationem
3238 2495 3469 2551 simula-

1882 2592 1976 2657 rit,
2020 2606 2370 2661 nequaquam
2416 2606 2795 2647 accessurum.
3386 2586 3390 2588 ⁷

1954 2684 2158 2740 Volunt
2180 2684 2318 2739 istos
2336 2683 2606 2747 nonnulli,
2627 2699 2749 2738 cum
2766 2682 3127 2737 voluntatibus
3150 2681 3267 2737 suis
3291 2679 3469 2735 indul-

1880 2786 2095 2850 gerent,
2112 2774 2350 2831 subditos
2364 2774 2528 2830 etiam
2552 2773 2653 2828 l‘ori
2675 2772 3170 2844 disceptationibus
3193 2782 3247 2827 et
3268 2773 3468 2843 pugnis

1880 2870 2171 2942 aﬂlixisse;
2210 2866 2277 2922 ad
2301 2881 2537 2938 quorum
2572 2881 2759 2935 pacem
2794 2876 3065 2935 spectare,
3088 2880 3293 2934 eosque
3338 2879 3471 2917 con-

1879 2965 2065 3018 ciliare
2088 2961 2409 3016 debuerant.
2435 2959 2502 3015 At
2534 2958 2677 3028 quod
2703 2968 2759 3011 ut
2785 2958 2937 3011 hodie
2965 2958 3218 3011 audiatur
3253 2958 3309 3009 in
3355 2956 3468 3010 cla-

1880 3071 2024 3109 more
2054 3069 2154 3109 vox
2170 3062 2344 3108 vestra
2376 3052 2666 3122 sequitur;
2695 3058 2956 3119 tanquam
2984 3050 3051 3103 de
3080 3064 3207 3103 vero
3232 3048 3465 3117 jejunio,

194 3125 348 3218 θεῷ’
384 3127 528 3197 ἔχειν
552 3128 660 3201 γάρ
691 3147 815 3185 τινα
864 3130 1083 3201 λέγεται
1106 3133 1318 3202 φωνὴν
1371 3136 1509 3205 πρὸς
1537 3135 1668 3189 Θεὸν
1712 3136 1780 3191 τὰ

1885 3146 2041 3218 cujus
2067 3144 2271 3198 clamor
2309 3144 2378 3199 ad
2432 3143 2608 3197 Deum
2657 3157 2830 3211 usque
2858 3150 3128 3209 penetret,
3156 3139 3469 3205 intelligen-

194 3216 456 3287 δρώμενα
486 3222 615 3288 παρ’
641 3221 821 3291 ἡμῶν.
856 3222 1015 3277 Κατὰ
1042 3225 1124 3279 τό*
1160 3243 1178 3276 ι
1215 3226 1369 3298 Φωνὴ
1408 3227 1639 3297 αἵματος
1688 3228 1781 3282 τοῦ

1887 3216 2015 3292 dum
2048 3244 2152 3292 est.
2193 3236 2386 3290 Vocem
2437 3235 2583 3291 enim
2631 3233 2772 3303 apud
2822 3232 2988 3287 Deum
3027 3232 3264 3300 aliquam
3289 3247 3410 3301 qua}
3437 3245 3468 3285 ε

198 3309 434 3378 ἀδελφοῦ
466 3328 560 3364 σου
588 3311 683 3384 βοᾷ
713 3315 851 3385 πρός
885 3332 973 3386 με.
1007 3335 1026 3368 ι
1059 3317 1122 3371 Εἰ
1155 3318 1227 3388 μὴ
1254 3318 1359 3390 ἄρα
1387 3319 1661 3390 κραυγὴν
1684 3320 1783 3390 τὴν

1887 3330 2049 3385 nobis
2097 3336 2388 3401 geruntur,
2426 3326 2628 3381 habere
2680 3326 2965 3391 dicuntur,
3018 3324 3293 3392 quomodo
3345 3339 3470 3378 san-

198 3401 340 3470 μετά
372 3406 473 3475 τῆς
501 3404 811 3475 ἀνωφελοῦς
839 3408 1127 3475 νηστείας
1146 3408 1300 3464 καλεί
1314 3413 1643 3483 προσευχήν.
1666 3411 1785 3466 Κᾶν

197 3498 379 3550 πάντα
410 3498 470 3552 δὲ
500 3500 661 3553 πόνον
690 3501 994 3573 ὑπομείνης
1027 3503 1336 3574 σωματικὸν
1353 3505 1483 3558 ἄνευ
1517 3506 1615 3575 τῆς
1641 3504 1786 3559 κατὰ

195 3592 429 3661 γνώμην
452 3591 777 3662 μεταϐολῆς,
819 3593 931 3646 οὐδ’
952 3593 1093 3648 οὓτω
1123 3595 1329 3668 τάληθῆ
1352 3596 1531 3666 λέγειν
1559 3597 1781 3661 ἐθέλων,

194 3689 495 3754 νηστείαν
523 3689 709 3743 ταῦτα
741 3684 1021 3757 καλέσεις
1050 3690 1294 3758 δεκτήν.
1352 3693 1416 3746 Ἤ
1438 3692 1546 3763 γὰρ
1580 3693 1786 3765 ἀληθὴς

194 3782 455 3847 νηστεία
485 3782 575 3833 τὸν
612 3782 709 3851 μὲν
734 3784 1045 3854 σωματικὸν
1075 3784 1237 3838 πόνον
1280 3787 1336 3839 ὲν
1361 3786 1593 3858 κρυπτῷ
1620 3788 1783 3852 ποιεῖ,

195 3872 342 3926 κατὰ
371 3873 428 3926 δὲ
458 3873 519 3927 τὸ
548 3874 784 3944 φανερὸν
829 3877 1056 3947 φαιδρὸν
1104 3877 1336 3941 ποιοῦσα
1370 3877 1431 3931 τὸ
1472 3880 1783 3949 πρόσωπον,

194 3969 291 4019 καὶ
324 3965 428 4037 τὴν
461 3968 701 4039 κεφαλὴν
730 3969 1125 4040 ὑπαλείφουσα,
1162 3970 1304 4025 κατὰ
1332 3970 1430 4042 τὴν
1462 3971 1556 4026 τοῦ
1602 3974 1783 4041 Σωτῆι

198 4075 296 4129 ρος
331 4059 541 4129 φωνήν.
575 4060 837 4131 Καρποῦς
865 4061 921 4119 δὲ
966 4061 1255 4125 εὐλαϐείας
1306 4064 1439 4134 ὁρᾷν
1484 4065 1596 4128 τοῖς
1649 4065 1785 4119 πᾶσι

197 4150 526 4221 παρέχεται,
560 4151 657 4205 διὰ
704 4152 811 4207 τοῦ
841 4154 1013 4208 ,Ζὺειν
1058 4154 1254 4208 πάντα
1280 4155 1633 4226 σύνδεσμον
1660 4158 1788 4213 ἀδι-

194 4243 357 4309 κίας.
404 4243 495 4305 Ὠς
523 4242 851 4310 ἀγνοοῦντας
879 4244 987 4316 γὰρ
1018 4247 1116 4300 καὶ
1145 4248 1238 4300 τὸν
1260 4249 1463 4320 τρόπον
1510 4250 1609 4318 τῆς
1652 4249 1785 4320 ἀλη-

196 4331 328 4395 θοῦς
357 4333 648 4399 νηστείας
682 4333 910 4402 ἐδίδαξε.
948 4335 1105 4389 Κατὰ
1152 4336 1231 4390 τό-
1272 4356 1292 4390 ι
1343 4337 1645 4408 ὐδήγησόν
1693 4354 1783 4408 με,

197 4423 399 4493 Κύριε,
425 4424 482 4476 ὲν
502 4426 569 4496 τῇ
596 4422 700 4496 ὀδῷ
730 4443 849 4491 σου,
874 4425 966 4488 καὶ
996 4427 1358 4497 πορεύσομαι,
1383 4429 1442 4482 ὲν
1462 4432 1527 4499 τῇ
1557 4427 1786 4499 ἀληθείᾳ.

197 4530 316 4567 σου.
372 4532 394 4565 ι
450 4512 806 4584 Συνδέσμου
852 4514 910 4567 δὲ
949 4514 1185 4591 ἀδικίας
1236 4518 1421 4586 λύσις
1473 4516 1786 4584 πλεονεξίας

90 4612 91 4617 “
197 4606 517 4677 ἀπαλλαγῇ,
565 4607 662 4660 καὶ
704 4605 768 4661 τὸ
812 4604 889 4685 μὴ
923 4608 1049 4672 τοὺς
1090 4607 1515 4678 ἀσθενεστέρους
1553 4609 1784 4675 πλοκαῖς

198 4700 547 4769 αίτιαμάτων
581 4699 959 4770 καταδεσμεϊν.
1005 4701 1117 4764 καὶ
1157 4700 1227 4755 τὰ
1252 4700 1311 4769 ἐξ
1345 4702 1562 4765 ἀδικίας
1591 4703 1649 4756 δὲ
1692 4720 1785 4756 συ-

200 4793 408 4849 στάντα
426 4793 639 4847 διάλυε
656 4791 1134 4862 συναλλάγματα
1157 4793 1564 4866 διεστραμμένη
1588 4793 1781 4867 γνώμῃ

198 4887 493 4955 γενόμενα,
515 4883 736 4954 ἄφεσιν
748 4884 926 4949 διδοὺς
951 4886 1064 4949 τοῖς
1093 4887 1157 4938 ὲκ
1185 4884 1412 4950 τούτων,
1434 4886 1466 4953 ἢ
1497 4886 1605 4940 τοῦ
1629 4902 1783 4941 συν-

199 4975 431 5045 δέσμου
480 4974 588 5042 τῆς
635 4975 870 5045 ἀδικίας
908 4975 1407 5053 συντετριμμένοις,
1441 4974 1535 5039 οὓς
1568 4976 1665 5030 καὶ
1690 4992 1783 5030 τε·

201 5069 622 5139 θρεψαμένους
666 5068 841 5124 καλεῖ.
872 5069 985 5124 Καὶ
1026 5071 1381 5140 γραμματεῖα
1407 5068 1464 5123 δὲ
1492 5068 1783 5141 διάρρηξον

206 5164 280 5234 μὴ
307 5162 537 5226 δικαίως
577 5162 863 5234 γενόμενα.
895 5164 987 5215 Δεῖ
1021 5162 1081 5229 δὲ
1100 5161 1315 5237 πρῶτον
1344 5161 1652 5231 ἀποστῆναι
1681 5177 1780 5214 κα-

204 5257 335 5322 κῶν,
378 5256 474 5309 καὶ
512 5257 634 5309 τότε
685 5255 929 5327 μετιέναι
969 5256 1071 5324 τὴν
1109 5255 1337 5326 ἀρετήν.
1381 5252 1564 5308 Εἰπὼν
1602 5249 1695 5308 οὖν
1723 5254 1784 5308 τὸ

204 5350 440 5419 πρῶτον,
460 5349 714 5418 ἐπιφέρει
728 5348 789 5401 τὸ
804 5347 1054 5423 δεύτερον
1074 5346 1224 5412 τὸδὲ,
1244 5346 1489 5417 Θρύψον
1505 5345 1782 5400 πεινῶντι

204 5440 309 5493 τὸν
326 5439 512 5507 ἄρτον
533 5452 673 5506 σου,
706 5439 803 5492 καὶ
843 5437 913 5492 τὰ
950 5436 1090 5509 μετὰ
1116 5437 1295 5503 τοῦτο,
1324 5439 1501 5510 δηλῶν
1533 5438 1609 5502 ὡς
1629 5438 1688 5493 ὃν
1714 5439 1781 5494 ἂν

275 5556 319 5587 ’⁸
361 5556 506 5611 i’sal.
556 5571 744 5621 xxxrv,
795 5556 885 5612 15.
962 5557 1002 5589 ⁸⁸
1044 5554 1191 5613 Psal.
1231 5571 1383 5623 cvm,
1410 5556 1502 5613 24.
1581 5556 1624 5589 ¹¹
1656 5554 1774 5612 Joel

1889 5558 1976 5613 l2.
2057 5557 2100 5590 ⁸³
2132 5556 2237 5615 lsa.
2272 5575 2310 5625 I,
2350 5558 2436 5615 15.
2517 5559 2560 5590 ⁸⁵
2608 5553 2746 5612 Gen.
2780 5567 2856 5617 tv,
2888 5551 2976 5608 10.

210 5626 291 5689 Π.
371 5628 415 5660 ³⁸
450 5626 817 5695 Psal.t.xnv,
858 5628 946 5683 ll.

1888 3423 2107 3493 guinem
2162 3419 2347 3475 Abelis
2381 3418 2447 3472 ad
2489 3418 2666 3487 ipsum
2698 3419 2970 3471 clamasse
3002 3417 3231 3487 legimus
3258 3416 3320 3469 η.
3350 3415 3466 3471 Nisi

1885 3515 1930 3571 si
1994 3513 2243 3568 clamoris
2298 3512 2542 3576 nomine,
2572 3527 2693 3566 eam
2752 3510 2957 3580 potius,
3016 3524 3136 3577 quae
3196 3509 3344 3563 inani
3408 3516 3463 3562 et

1887 3608 2045 3677 fruge
2069 3605 2277 3661 carenti
2316 3604 2523 3674 jejunio
2558 3602 2877 3667 adhibetur,
2912 3603 3217 3655 orationem
3267 3600 3471 3671 signiﬁ.

1886 3713 2013 3752 care
2050 3696 2224 3752 dicas.
2259 3693 2365 3749 Sed
2400 3693 2753 3763 quantumvis
2780 3691 3018 3746 laborem
3057 3703 3287 3759 corpore
3339 3703 3472 3743 sus-

1886 3790 2090 3849 tineas.
2129 3787 2237 3841 nisi
2296 3793 2351 3841 et
2375 3785 2492 3856 ipsa
2517 3782 2823 3839 voluntatis
2865 3782 3100 3836 mutatio
3129 3778 3468 3847 accesserit;

1888 3897 1958 3937 ne
1980 3884 2060 3935 sic
2086 3879 2303 3949 quidem
2337 3877 2467 3941 ista,
2494 3892 2619 3930 eum
2663 3891 2790 3931 vere
2814 3875 3001 3930 dicere
3036 3873 3298 3937 volueris,
3321 3886 3472 3925 acce-

1884 3972 2083 4043 ptabile
2105 3971 2369 4041 jejunium
2432 3967 2718 4022 vocaberis.
2757 3966 2908 4034 Quod
2959 3966 3103 4022 enim
3152 3980 3340 4019 verum
3385 3970 3472 4018 est

1878 4063 2433 4135 jejunium.corporis
2461 4061 2679 4132 quidem
2711 4061 2930 4116 labores
2960 4061 3011 4113 in
3045 4060 3263 4114 occulto
3280 4058 3467 4124 subit;

1887 4157 2071 4211 vultus
2122 4166 2303 4210 autem
2364 4153 2700 4207 hilaritatem
2740 4153 2794 4204 in
2836 4164 3084 4219 apertum
3140 4149 3467 4218 depromit;

1887 4255 2182 4317 caputque,
2234 4245 2398 4299 sicuti
2448 4243 2606 4311 jubet
2662 4241 2782 4311 ipse
2845 4239 3116 4304 Salvator,
3180 4240 3334 4308 ungit
3386 4238 3466 4293 ⁸⁵.

1886 4336 2097 4392 Praebet
2118 4338 2280 4391 etiam
2318 4334 2537 4405 pietatis
2563 4333 2775 4387 fructus
2805 4332 2940 4385 nulli
2976 4346 3082 4384 non
3110 4331 3466 4400 conspicuos,

1886 4446 2006 4484 cum
2051 4444 2205 4482 omne
2246 4426 2515 4481 vinculum
2546 4423 2849 4495 iniquitatis
2874 4421 3050 4477 solvit.
3084 4423 3190 4477 Eos
3218 4422 3364 4476 enim
3394 4421 3468 4475 ita

1888 4521 2170 4576 docendos
2199 4534 2323 4574 esse
2371 4516 2610 4581 censuit,
2645 4516 2736 4587 qui
2794 4515 2907 4571 veri
2953 4514 3157 4584 jejunii
3196 4514 3468 4570 rationem

1890 4614 2110 4686 penitus
2132 4613 2456 4683 ignorarent
2486 4610 2676 4679 ;juxta
2718 4607 2854 4664 illud
2889 4625 2903 4662 :
2948 4626 2969 4659 ι
3002 4608 3187 4663 Deduc
3239 4624 3325 4664 me
3359 4609 3468 4663 Do-

1892 4707 2055 4770 mine,
2090 4705 2143 4759 in
2173 4704 2313 4758 viam
2341 4712 2512 4766 tuam,
2534 4708 2587 4757 et
2603 4698 2966 4755 ambulaboin
2990 4700 3219 4754 veritate
3239 4700 3409 4753 tua".
3444 4718 3463 4750 ι

1890 4796 2009 4851 Erit
2028 4812 2158 4852 vero
2184 4797 2235 4850 id
2255 4795 2474 4850 demum
2515 4794 2817 4864 iniquitatis
2845 4792 3111 4847 vinculum
3158 4791 3396 4858 solvere;
3420 4793 3466 4848 si

1890 4887 2206 4943 divitiarum
2241 4884 2634 4956 cupiditatibus
2666 4892 2718 4938 te
2749 4883 2948 4938 liberes
2977 4900 2990 4949 ;
3017 4882 3084 4944 si,
3126 4882 3218 4951 qui
3245 4882 3469 4936 suntin-

1888 4981 2182 5045 llrmiores,
2217 4979 2626 5035 accusationem
2683 4976 2985 5032 involucris
3038 4993 3146 5031 non
3194 4976 3463 5046 implices.

1887 5073 2132 5128 Dissolvc
2162 5088 2293 5144 ergo
2316 5088 2454 5143 quas
2512 5071 2699 5147 inique
2732 5085 3014 5141 pravoque
3047 5070 3230 5123 animo
3280 5068 3465 5123 confe-

1887 5178 2006 5221 ctas
2034 5167 2204 5222 habes
2230 5166 2525 5232 cautiones,
2554 5164 2663 5220 illis
2699 5165 3062 5219 remissionem
3093 5163 3334 5231 indulge,
3371 5162 3464 5231 qui

1886 5274 1985 5330 per
2019 5274 2138 5326 eas,
2173 5267 2268 5314 aut
2295 5258 2703 5329 periniquitatis
2731 5256 3125 5327 colligatiOnem
3158 5266 3460 5308 conterun-

1886 5361 2019 5419 tur;
2048 5367 2185 5422 quos
2235 5350 2399 5407 etiam
2447 5350 2647 5420 fractos
2680 5347 2936 5418 appellat.
2970 5346 3215 5400 Dilaeera
3254 5345 3461 5401 libellus

1884 5445 1977 5512 qui
2008 5443 2214 5514 injusta
2245 5442 2470 5499 nomina
2490 5440 2947 5511 complectuntur.
2979 5436 3083 5493 Sed
3124 5438 3279 5493 decet
3309 5437 3459 5508 prius

3071 5552 3116 5585 ³⁵
3145 5549 3337 5606 Matth.
3382 5567 3460 5619 vt,

1464 5720 1693 5777 VARUE
1729 5723 2130 5780 LECTIONES.

274 5822 295 5856 ι
328 5814 410 5875 ἶν’.
440 5812 597 5867 αξιτοί
618 5815 816 5885 τροφῆς
862 5814 1115 5871 ποιοῖντο.

1234 5815 1248 5849 ί
1285 5829 1374 5881 rp.
1402 5814 1646 5883 στυγνόν.
1723 5822 1749 5851 υ
1782 5834 1865 5886 ῃ).
1890 5817 2195 5878 ποιοῦντας.
