3998 6390
591 338 730 408 2591

1849 354 2203 416 PBOCOPII
2241 355 2482 416 GAZ/EI

3701 359 3818 424 ἓξ)θῖ

595 473 624 511 a
655 456 816 516 malis
845 459 1163 528 abscedere.
1183 477 1346 536 quam
1381 464 1448 520 ad
1493 463 1751 522 virtutem
1793 481 2048 524 accedas.
2077 469 2182 523 Ita-

2301 469 2566 540 ἐφάγομεν
2593 468 2667 542 μὴ
2696 470 3149 539 νηστεύσαντες
3186 471 3371 543 ἄρτον,
3413 469 3673 540 διανέμειν
3697 473 3814 542 ὀφείι

594 565 705 619 que
748 565 874 607 cum
911 553 978 608 de
1007 554 1175 624 priori
1239 556 1488 623 dixisset,
1514 556 1746 611 alterum
1803 566 1917 612 tum
1968 559 2172 623 intulit,

596 656 720 693 cum
741 641 928 713 frange
942 643 1193 698 esurienti
1204 660 1392 714 panem
1409 656 1578 711 tuum,
1597 658 1825 723 caateraq
1836 664 1904 704 ue
1919 649 2178 720 deinceps

598 730 879 801 adjunxit,
908 742 966 787 ut
995 735 1157 805 quem
1192 752 1301 790 non
1357 737 1672 807 jejunantes
1718 739 1887 812 658
1927 756 2180 796 essemus

597 825 919 888 comesturi,
944 840 972 876 a
994 826 1155 881 nobis
1180 830 1395 898 erogari
1429 829 1633 885 debere
1665 830 2022 900 signiﬁcaret.
2054 830 2176 886 Non

606 915 765 966 decet
802 915 949 968 enim
986 914 1242 985 ajejunlo
1275 921 1454 988 turpis
1477 921 1614 976 lucri
1655 933 1709 976 et
1730 923 1977 978 sordium
2017 938 2180 978 excu-

598 1003 869 1058 sationem
912 1022 1178 1076 quaerere.
1207 1012 1461 1066 Animam
1513 1024 1773 1084 praeterea
1816 1016 1920 1070 alia
1965 1017 2178 1072 ratione

597 1097 930 1162 nutriemus,
963 1101 1009 1156 si
1037 1118 1161 1156 eum
1196 1105 1530 1162 esurientem
1565 1108 1689 1162 cibo
1709 1125 2040 1165 recreemus.
2071 1107 2176 1164 De-

597 1190 864 1244 cetetiam
901 1202 956 1247 et
988 1194 1055 1247 ad
1091 1195 1237 1252 :edes
1282 1214 1389 1251 non
1446 1198 1654 1254 divites
1687 1200 1860 1270 ipsos,
1890 1200 1981 1270 qui
2015 1201 2170 1270 paria

600 1285 926 1351 rependant,
966 1303 1184 1355 vocare,
1231 1291 1324 1344 sed
1355 1307 1470 1358 eos,
1527 1293 1620 1362 qui
1679 1309 1745 1348 ne
1804 1281 1924 1348 tecti
1958 1294 2178 1364 quidem

599 1372 838 1429 habeant
867 1379 1180 1450 suffugium.
1214 1381 1380 1438 Decet
1403 1386 1528 1440 item
1561 1385 1764 1439 nudum
1793 1387 2015 1442 minime
2042 1402 2182 1456 prte-

2279 562 2468 632 λομεν.
2501 562 2576 615 Οὐ
2602 563 2710 634 γὰρ
2732 565 2815 618 δεῖ
2833 565 3110 637 πρόφασιν
3136 561 3581 633 αἰσχροκερδείας
3607 561 3698 629 τὴν
3725 565 3821 618 ἀσι-

2279 653 2402 708 τίαν
2426 656 2780 726 ποιήσασθαι.
2810 657 2924 730 Τὴν
2955 657 3011 710 δὲ
3048 656 3231 728 ψυχὴν
3268 655 3444 727 ἑτέρῳ
3469 653 3822 724 τραφησόμεθσ

2279 746 2468 818 τρόπῳ
2505 748 2598 802 τὸν
2643 749 2801 804 ἐνδεᾶ
2837 751 3044 823 τροφῆς
3081 748 3480 819 ἀνακτώμενοι.
3518 746 3625 800 Καὶ
3656 749 3725 809 εἰς
3750 749 3824 801 τὸν

2279 836 2429 892 οἶκον
2460 839 2519 893 δὲ
2570 839 2675 912 χρὴ
2725 841 2802 914 μὴ
2849 841 3143 904 πλουσίους
3167 841 3352 894 καλεῖν
3395 839 3484 892 διὰ
3519 838 3623 892 τῶν
3659 839 3824 909 ὁμοίων

2290 933 2641 1002 ἀποδιδόντας
2673 937 2774 1008 τὴν
2819 937 3060 1010 ἀμοιϐήν
3076 955 3091 968 ·
3133 936 3249 992 ἀλλ’
3271 936 3471 1006 ἄνδρας
3493 935 3621 1005 μηδὲ
3641 934 3826 1002 στέγης

2286 1027 2591 1099 ἐσχηκότας
2631 1028 3006 1100 ὑποδρομήν.
3043 1031 3196 1101 Μηδὲ
3234 1027 3466 1100 γυμνὸν
3495 1026 3552 1078 δὲ
3587 1027 3828 1097 παραδρά.

2285 1133 2415 1190 μῃς.
2459 1118 2516 1174 Ὁ
2544 1119 2654 1174 τῶν
2676 1121 2816 1176 ὅλων
2835 1121 2947 1195 γὰρ
2970 1121 3103 1186 Θεὸς
3130 1122 3256 1185 τοὺς
3279 1121 3379 1191 μὲν
3412 1118 3625 1184 ἐνδεεῖς,
3652 1121 3763 1181 τοὺς
3785 1117 3828 1173 ἃ

2287 1210 2581 1276 πλουσίους
2612 1215 2893 1285 ἐποίησεν,
2923 1217 3005 1279 είς
3052 1213 3280 1286 δοκιμὴν
3332 1211 3627 1283 ἑκατέρων.
3665 1210 3751 1263 Ἱν’
3790 1213 3828 1266 oi

2292 1301 2393 1370 μὲν
2435 1303 2612 1375 ἔχοιεν
2657 1307 2872 1380 καρπὸν
2924 1305 3310 1380 χορηγοῦντες,
3352 1306 3403 1360 οἱ
3451 1304 3508 1359 δὲ
3552 1304 3644 1375 τὴν
3675 1304 3830 1359 πενίαν

2290 1395 2615 1462 γυμνάσιον.

599 1466 766 1520 terire
800 1485 814 1532 ;
851 1485 974 1524 cum
1022 1488 1290 1542 pauperes
1319 1489 1480 1547 atque
1526 1477 1728 1532 divites
1787 1478 1928 1532 idem
1972 1480 2362 1537 universorum
2438 1485 2605 1556 Deus,
2668 1489 2736 1546 ad
2810 1498 3176 1561 utrorumque
3225 1489 3603 1562 probationem
3638 1491 3830 1550 fecerit:

601 1571 662 1615 ut
697 1563 817 1618 istis
851 1565 1074 1634 quidem
1127 1567 1364 1632 fructus,
1395 1587 1535 1642 quos
1564 1573 1689 1629 aliis
1751 1573 2189 1644 suppeditarent,
2227 1590 2336 1630 non
2365 1579 2662 1652 deessent;
2701 1586 2808 1643 illis
2840 1594 3023 1642 autem
3105 1585 3174 1641 ad
3214 1584 3658 1642 exercitationem
3698 1585 3832 1656 prod-

605 1663 754 1711 esset
789 1657 994 1726 inopia.

678 1751 833 1818 Quod
859 1754 1060 1811 deinde
1121 1755 1436 1814 domesticos
1490 1761 1708 1815 seminis
1732 1761 1832 1826 ait,
1857 1762 1931 1816 ita
1959 1759 2187 1816 Judaice

2365 1763 2633 1830 Οἱκείους
2657 1763 2716 1817 δὲ
2766 1766 3112 1836 σπέρματος
3164 1763 3476 1827 Ἰουδαϊκῶς
3527 1762 3621 1833 μὲν
3653 1764 3761 1826 τοὺς
3787 1766 3833 1832 ἐξ

603 1842 823 1909 quidem
862 1844 1135 1902 lsraelitas
1154 1849 1430 1918 signiﬁcat
1459 1869 1474 1916 ;
1505 1850 1823 1907 Christiane
1846 1863 2028 1907 autem
2059 1852 2184 1907 fidei

602 1936 1045 2003 domesticos;ad
1085 1940 1247 2010 idque
1306 1953 1360 1997 et
1413 1941 1614 1999 Paulus
1671 1946 1789 2014 ipse
1837 1945 2088 2000 hortatur
2129 1945 2192 2004 ".

606 2028 744 2082 Eum
779 2031 965 2101 igitur,
994 2034 1088 2104 qui
1113 2034 1216 2089 ista
1246 2034 1462 2106 (iejunit'
1500 2039 1737 2095 maxime
1767 2042 2031 2114 tempore)
2057 2058 2196 2112 prte-

607 2123 829 2188 stiterit,
867 2124 1024 2179 decet
1077 2128 1361 2195 accedere,
1397 2129 1676 2201 Deumque
1731 2133 1993 2203 precari?
2026 2150 2199 2203 eaque

607 2214 770 2284 plane
801 2219 1012 2274 ratione
1064 2220 1269 2275 dictmn
1324 2230 1408 2278 est
1464 2231 1518 2278 et
1553 2224 1685 2280 illud
1725 2245 1738 2280 :
1773 2244 1794 2280 ι
1834 2227 1890 2280 Si
1932 2227 2198 2286 obtuleris

608 2324 812 2363 ruunus
858 2320 1010 2366 tuum
1051 2314 1119 2367 ad
1181 2316 1374 2381 altare,
1423 2317 1606 2388 ibique
1655 2321 1976 2377 recordatus
2030 2321 2199 2378 fueris

612 2397 836 2456 fratrem
873 2410 1025 2457 tuum
1061 2405 1269 2476 aliquid
1297 2408 1500 2465 habere
1517 2419 1708 2466 contra
1741 2422 1793 2469 te
1821 2414 1902 2480 ¹⁸;
1939 2433 1958 2466 ι
1990 2422 2045 2469 οι
2078 2430 2200 2486 quae

610 2495 895 2569 deinceps.
921 2499 1079 2567 Quod
1111 2503 1157 2559 si
1189 2505 1293 2560 ista
1324 2506 1662 2573 observaris,
1703 2517 1965 2579 tanquam
1993 2509 2062 2565 de
2092 2526 2194 2565 no-

611 2599 700 2645 cte
738 2595 1080 2661 repentinum
1116 2596 1212 2652 tibi
1255 2597 1430 2653 lumen
1465 2600 1771 2668 illucescet,
1797 2603 2050 2674 bonaque
2084 2619 2199 2659 ca:-

611 2679 768 2736 lestia
796 2683 986 2740 aﬂ‘eret
1017 2696 1133 2752 τοι.
1187 2689 1316 2758 quia
1369 2691 1699 2761 cognitionis
1741 2692 1918 2749 lumen
1952 2703 2058 2757 est,
2092 2696 2200 2749 ful-

611 2773 751 2842 getri
784 2791 938 2832 more
967 2793 1165 2848 magno
1197 2780 1250 2834 in
1287 2791 1338 2836 te
1367 2783 1572 2853 impetu
1605 2784 1896 2841 delabetur
1928 2804 1943 2854 ;
1979 2787 2032 2842 in
2087 2804 2199 2858 quo

615 2878 949 2934 propensum
979 2870 1383 2939 suppeditantis
1405 2873 1650 2929 animum
1671 2876 1970 2945 significari
1986 2877 2155 2933 voluit
2180 2897 2195 2935 :

613 2953 847 3027 ideoque
905 2962 1230 3016 matutinum
1264 2965 1585 3035 appellavit,
1627 2973 1890 3038 tanquam
1942 2967 2054 3025 Deo
2099 2985 2200 3040 pro

613 3063 714 3104 sna
757 3051 1133 3110 benevolentia
1167 3065 1386 3127 tempus
1434 3057 1614 3128 ipsum
1644 3070 2043 3131 antevertente,
2078 3067 2198 3121 ani-

617 3156 812 3211 maque
843 3145 1052 3201 morbis
1074 3146 1325 3210 liberata,
1357 3149 1565 3202 oritura
1581 3150 1693 3205 sint
1725 3152 1974 3208 meliora.
2007 3153 2063 3210 ld
2097 3170 2198 3210 au-

616 3241 724 3286 tem
759 3234 844 3289 vel
861 3249 927 3290 eo
950 3238 1209 3306 patuerit,
1228 3240 1374 3308 quod
1403 3240 1459 3294 in
1486 3239 1602 3310 ejus
1629 3252 1907 3310 conspectu
1921 3243 2198 3314 justitiam

613 3324 728 3394 ejus
777 3329 1088 3396 prmituram
1127 3330 1381 3401 adjunxit
1417 3350 1430 3386 :
1461 3333 1668 3390 eodem,
1715 3335 1880 3405 plane
1911 3352 2100 3402 sensu,
2135 3353 2200 3393 ac

617 3420 688 3483 si,
711 3434 777 3474 ex
811 3437 923 3492 quo
956 3423 1056 3477 Dei
1079 3423 1256 3479 lumen
1292 3425 1661 3495 participarit.
1685 3431 1901 3486 caeteris
1927 3430 2093 3486 etiam
2120 3431 2202 3484 lu-

621 3527 739 3565 men
787 3511 1034 3567 futurum
1091 3513 1320 3570 diceret.
1363 3514 1741 3573 Testabuntur
1795 3520 1962 3586 enim,
1999 3520 2198 3591 inquit,

618 3619 786 3673 opera
818 3606 936 3676 ipsa
966 3606 1226 3663 virtutem
1253 3616 1404 3664 tuam
1433 3611 1652 3666 caeteris
1710 3612 1937 3669 illucere
1967 3632 1982 3682 ;
2041 3615 2200 3685 juxta

619 3697 753 3752 illud
787 3715 802 3752 :
841 3717 859 3750 ι
901 3697 1106 3754 Luceat
1163 3699 1256 3754 lux
1292 3709 1474 3757 vestra
1519 3717 1704 3757 coram
1733 3703 2046 3760 hominibus
2075 3706 2137 3773 ",
2175 3724 2193 3758 ι

619 3798 675 3843 et
706 3806 827 3858 qua:
859 3792 1142 3863 deinceps.
1181 3793 1249 3848 Et
1302 3795 1479 3866 gloria
1539 3796 1638 3852 Dei
1686 3798 2096 3856 circumdaberis
2146 3802 2201 3856 in

621 3881 798 3947 ipsius
833 3891 888 3936 et
923 3883 1209 3938 hominum
1254 3895 1578 3956 conspectu,
1636 3904 1761 3944 cum
1810 3889 1876 3943 ad
1935 3892 2200 3948 bonorum

621 3985 846 4039 operum
881 3971 1098 4028 fructus
1138 3983 1194 4029 et
1227 3975 1369 4029 istud
1403 3977 1569 4031 etiam
1602 3989 1863 4048 tanquam
1906 3998 1972 4037 ex
2026 3983 2204 4038 abun-

621 4059 774 4114 danti
811 4061 905 4117 tibi
936 4063 1257 4120 accesserit.
1289 4064 1550 4132 Habebis,
1580 4077 1778 4138 praeter
1808 4070 1881 4137 id,
1907 4082 1962 4126 et
1981 4072 2078 4127 Dei
2107 4090 2206 4128 au-

622 4167 738 4206 rem
771 4153 868 4206 tibi
905 4152 1125 4211 facilem
1155 4164 1211 4211 et
1245 4165 1533 4215 attentam.
1575 4159 1648 4216 Te
1701 4161 1971 4232 siquidem
2033 4165 2206 4220 adhuc

623 4243 862 4314 loquente
878 4244 1040 4309 dicet.
1061 4246 1198 4304 Ecce
1219 4249 1432 4307 adsum.
1455 4252 1632 4322 Iniqui
1658 4252 1855 4308 deinde
1881 4262 1936 4308 et
1960 4255 2206 4314 immise-

621 4340 858 4395 ricordis
878 4340 1046 4412 659
1061 4337 1260 4398 vanum
1289 4343 1346 4397 in
1358 4343 1568 4414 jejunio
1591 4346 1900 4412 clamorem,
1925 4346 2203 4418 futurum;

2309 1853 2524 1926 Ἰσραὴλ
2574 1854 2750 1922 καλεῖ,
2782 1857 3187 1928 Χριστιανικῶς
3218 1857 3274 1910 δὲ
3317 1857 3446 1918 τοὺς
3497 1854 3734 1920 οἰκείους
3755 1860 3832 1926 τῆς

2296 1949 2555 2012 πίστεως.
2595 1949 2768 2003 Τοῦτο
2816 1951 2926 2022 γὰρ
2972 1953 3068 2005 καὶ
3125 1950 3362 2018 Παῦλος,
3416 1947 3828 2018 παρακελεύεται.

2297 2041 2483 2096 Ταῦτα
2512 2043 2592 2096 δεῖ
2615 2043 2850 2113 μάλιστα
2876 2044 2954 2114 τῷ
2979 2043 3154 2116 καιρῷ
3182 2043 3294 2112 τῆς
3313 2042 3599 2110 νηστείας
3622 2039 3834 2096 ποιοῦντα

2296 2134 2418 2188 τότε
2467 2134 2769 2206 προσιέναι,
2803 2136 2898 2188 καὶ
2942 2135 3151 2188 δεῖσθαι
3199 2133 3362 2199 Θεοῦ,
3407 2132 3701 2204 συμφώνως
3739 2132 3830 2198 τῷ·

2305 2244 2324 2278 ι
2374 2226 2500 2281 Ἐὰν
2530 2229 2852 2302 προσφέρῃς
2873 2228 2935 2281 τὸ
2964 2227 3138 2298 δῶρόν
3168 2245 3286 2293 σου,
3325 2228 3489 2280 κακεῖ
3530 2225 3752 2296 μνησθῇς
3771 2225 3836 2278 ὅτι

2297 2317 2326 2369 ὁ
2350 2315 2581 2386 ἀδελφὸς
2608 2316 2722 2388 ἔχει
2745 2335 2798 2371 τι
2831 2316 2973 2371 κατά
2997 2316 3114 2378 σοῦ,
3154 2335 3173 2368 ι
3219 2318 3315 2369 καὶ
3345 2316 3415 2370 τὰ
3447 2316 3593 2384 ἑξῆς.
3619 2315 3780 2369 Ταῦτα
3793 2315 3835 2369 δὲ

2300 2407 2620 2477 φυλάξαντι,
2664 2409 2919 2480 καθάπερ
2950 2410 3014 2462 ἐκ
3046 2408 3242 2472 νυκτὸς
3281 2409 3482 2480 ἀθρόον
3519 2409 3717 2480 ἡμέρας
3740 2409 3832 2460 ἐπι-

2299 2499 2506 2572 λάμψει
2535 2519 2614 2556 σοι
2644 2500 2771 2572 φῶς
2808 2502 2993 2571 ἀταθά
3031 2518 3114 2556 σοι
3145 2500 3312 2573 φέρον
3341 2498 3588 2572 οὐράνια,
3627 2499 3711 2553 καὶ
3736 2499 3835 2568 φῶς

2301 2594 2554 2662 γνώσεως
2585 2595 2830 2667 ὑπάρχον
2860 2593 3152 2664 ἀστραπῆς
3169 2593 3333 2665 δίκην
3359 2594 3458 2647 σὺν
3477 2594 3615 2663 ὁρμῇ
3645 2593 3728 2646 καὶ
3747 2592 3836 2662 δρό-

2304 2706 2391 2760 μῳ
2424 2706 2505 2742 σοι
2534 2687 2882 2759 καθιέμενον,
2918 2687 2987 2742 δι’
3013 2681 3076 2742 οῦ
3099 2687 3382 2742 δείκνυται
3406 2686 3502 2748 τοῦ
3524 2683 3836 2757 χορηγοῦντος

2299 2783 2334 2852 ἡ
2358 2780 2656 2852 προθυμία.
2683 2780 2775 2835 Διὸ
2794 2782 2892 2835 καὶ
2912 2781 3176 2850 πρώῖμον
3199 2777 3378 2844 εἶπεν,
3403 2778 3600 2832 ὡσανεὶ
3623 2777 3708 2831 τοῦ
3729 2777 3834 2832 Θεοῦ

2301 2871 2389 2926 διὰ
2429 2870 2838 2943 φιλανθρωπίαν
2869 2873 2965 2925 καλ⁵
3006 2872 3099 2925 τὸν
3135 2871 3330 2943 καιρὸν
3381 2870 3837 2942 προλαμϐάνοντκ,

2301 2966 2398 3020 καί⁸
2425 2965 2535 3018 τῶν
2580 2967 2639 3020 ὲν
2681 2965 2828 3037 ψυχῇ
2867 2965 3193 3036 νοσημάτων
3249 2964 3697 3035 ἀπηλλαγμένων,
3725 2964 3841 3017 dra-

2303 3059 2469 3116 τελεῐ
2513 3059 2582 3113 τὰ
2611 3059 2972 3130 χρηστότερα.
3007 3060 3073 3111 Ὃ
3111 3057 3262 3130 δηλοῖ
3299 3058 3366 3112 τὺ
3411 3057 3839 3126 Προπορεύσετω

2307 3149 2652 3222 ἔμπροσθέν
2669 3165 2786 3206 σου
2818 3151 2857 3220 ἡ
2888 3151 3243 3219 δικαιοσύνη
3260 3165 3405 3205 σου.
3434 3148 3590 3205 Τοῦτ’
3618 3148 3842 3209 tetuli-ls-

2303 3244 2557 3300 ταλαὸὼν
2603 3244 2698 3298 τοῦ
2729 3245 2892 3301 θείου
2947 3243 3174 3313 φωτὸς,
3217 3245 3428 3316 γενήσῃ
3475 3242 3598 3314 φῶς
3639 3241 3840 3311 ἑτέροις·

2305 3339 2561 3391 Φανεῖται
2612 3335 2721 3407 γὰρ
2768 3335 2803 3406 ἡ
2851 3334 2920 3389 δι’
2948 3334 3127 3406 ἔργων
3179 3336 3354 3406 ἀρετή
3408 3351 3502 3389 σου
3549 3335 3658 3397 τοῖς
3697 3330 3844 3394 ἄλλοις

2306 3429 2689 3500 ὲκλάμπουσα,
2737 3428 2880 3482 κατὰ
2919 3428 3009 3481 τόο
3059 3445 3078 3480 ι
3130 3428 3420 3500 Λαμψάτω
3466 3427 3529 3482 τὸ
3575 3427 3682 3496 φῶς
3721 3425 3845 3494 ὑμῶν

2307 3521 2616 3594 ἔμπροσθεν
2643 3518 2754 3574 τῶν
2777 3518 3107 3590 ἀνθρώπων,
3149 3537 3168 3570 ι
3203 3521 3300 3572 καὶ
3325 3519 3398 3574 τά
3429 3519 3522 3573 ἐπὶ
3556 3517 3735 3586 τούτῳ.
3759 3513 3844 3568 Kal

2307 3611 2748 3686 στεφανωθήσῃ
2793 3611 2944 3681 δόξῃ
2976 3611 3126 3667 Θεοῦ
3170 3609 3404 3665 ἐνώπιον
3455 3608 3617 3665 αὑτοῦ
3658 3608 3742 3661 καὶ
3771 3607 3843 3659 ἀνι

2309 3707 2568 3780 θρώπων,
2596 3706 2732 3777 πρὸς
2752 3707 2866 3767 τοῖς
2883 3703 2993 3758 τῶν
3017 3704 3193 3777 έργων
3217 3704 3454 3773 καρποῖς
3481 3703 3543 3755 ἐκ
3574 3699 3845 3770 περιουσίας

2308 3799 2467 3856 τοῦτο
2505 3797 2709 3853 λαϐὼν.
2744 3799 2926 3864 Ἕξεις
2961 3796 3098 3869 πρὸς
3138 3794 3315 3866 τούτῳ
3357 3794 3454 3848 καὶ
3499 3793 3558 3846 τὸ
3597 3791 3741 3846 θεῖον
3776 3785 3848 3850 οὖς

2311 3892 2582 3955 εὐπειθές.
2613 3891 2734 3945 Ἔτι
2756 3905 2871 3944 σου
2902 3888 3011 3959 γὰρ
3035 3887 3376 3952 λαλοῦντος
3391 3885 3531 3954 ἐρεῖ·
3558 3882 3703 3939 ἰδοὺ
3731 3880 3848 3948 πάρ·

2311 4003 2448 4055 ειμι.
2496 3983 2606 4037 Καὶ
2625 3982 2721 4036 τοῦ
2760 3982 2857 4053 μὲν
2889 3981 3075 4034 ἀδίκου
3105 3980 3199 4033 καὶ
3227 3978 3491 4048 ἅνηλεοῦς
3531 3976 3738 4047 μάταιον
3755 3968 3847 4025 εἷπε

2311 4078 2410 4147 τὴν
2438 4077 2508 4130 ἐν
2539 4074 2793 4147 νηστείᾳ
2814 4071 3086 4142 κραυγήν
3105 4087 3118 4099 ·
3155 4070 3251 4124 τοῦ
3280 4071 3340 4124 δὲ
3375 4068 3587 4124 δικαίου
3630 4065 3850 4138 τὴνβοὴν

2313 4145 2828 4234 ἀκουσθήσεσθαι,
2863 4166 2964 4236 τὴν
2998 4163 3193 4234 ὲκτενῆ
3225 4163 3406 4234 δηλῶν
3458 4160 3704 4225 ἔντευξιν,
3738 4157 3852 4209 κατὰ

2314 4261 2396 4327 τὸ,
2429 4278 2447 4310 ι
2490 4257 2792 4329 Ὀφθαλμοὶ
2807 4256 3015 4328 Κυρίου
3040 4255 3133 4308 ἐπὶ
3163 4254 3432 4321 δικαίους,
3467 4255 3561 4308 καὶ
3589 4247 3692 4306 ὦτα
3714 4245 3847 4303 αὐτοῦ

2315 4351 2396 4412 εἰς
2443 4349 2626 4419 δέησιν
2669 4347 2867 4402 αὐτῶν.
2905 4364 2923 4397 ι
2969 4339 3036 4416 ἦς
3061 4355 3089 4384 ν
3119 4344 3280 4412 βοῆς
3319 4343 3545 4415 ἐνεργὸς
3583 4342 3670 4394 καὶ
3713 4338 3746 4404 ἡ
3769 4353 3852 4403 νη-

619 4433 759 4503 justi
793 4443 977 4489 autem
1015 4435 1265 4490 auditum
1285 4436 1352 4488 iri
1393 4435 1552 4503 dixit,
1581 4446 1642 4492 ut
1681 4439 1941 4510 colloquii
1975 4442 2195 4511 prolixi-

2317 4448 2508 4506 στεία.
2559 4440 2936 4513 Προσηύχοντο
2983 4438 3090 4510 γὰρ
3146 4437 3285 4509 μετά
3332 4437 3588 4540 νηστείας
3624 4431 3850 4540 ρὶιᾶγιρι.

587 4544 600 4558 ο
623 4534 792 4583 tatem
815 4535 873 4583 et
913 4528 1133 4600 copiam
1165 4529 1770 4602 demonstraretzjuxta
1810 4532 1982 4588 illud:
2007 4554 2025 4587 ι
2048 4535 2195 4591 Oculi

2313 4541 2472 4598 Οῦτω
2498 4535 2720 4606 Δανιὴλ,
2747 4531 2918 4596 οὕτως
2943 4533 2992 4585 οί
3017 4531 3325 4586 ἀπόστολοι.
3359 4531 3438 4584 Τὸ
3461 4530 3540 4594 δὲ,
3569 4525 3712 4583 Ἰδοὺ
3735 4525 3852 4590 πάρ-

626 4619 841 4673 Domini
879 4635 1048 4690 super
1067 4620 1271 4690 justos,
1296 4629 1352 4678 et
1380 4618 1544 4679 aures
1583 4625 1704 4692 ejus
1753 4625 1809 4680 in
1869 4641 2060 4696 preces
2111 4645 2206 4684 eo-

627 4726 746 4764 rum
776 4713 843 4764 ³ο.
882 4729 901 4762 ι
938 4712 1108 4767 Addit
1131 4729 1263 4769 vero
1293 4722 1348 4769 et
1385 4715 1609 4770 clamori
1632 4713 2033 4782 eﬂicacitatem,
2058 4719 2206 4791 jeju-

627 4807 797 4856 nium.
830 4801 1097 4860 Precibus
1125 4806 1271 4862 enim
1315 4807 1493 4861 etiam.
1521 4806 1790 4877 jejunium
1835 4809 2211 4881 adjungebant

627 4892 826 4948 sancti.
859 4891 952 4949 Sic
967 4893 1150 4950 Daniel
1170 4936 1186 4962 ,
1214 4896 1295 4952 sic
1315 4898 1549 4966 apostoli
1571 4901 1639 4953 “.
1662 4899 1732 4952 At
1761 4900 1907 4970 quod
1935 4903 2012 4955 ait
2042 4901 2210 4956 :Ecce

633 4983 844 5052 adsunt,
867 4987 1032 5040 etiam
1062 4987 1270 5042 Dauieli
1291 4991 1363 5056 “,
1396 4999 1686 5061 postquam
1719 4993 1884 5047 trium
1911 4994 2206 5049 hebdoma-

631 5077 823 5129 darum
867 5076 1138 5147 jejunium
1171 5079 1486 5144 tolerasset,
1525 5097 1593 5136 eo
1649 5084 1770 5152 ipso
1819 5083 2026 5137 clarmn
2080 5082 2204 5150 fuit,

631 5169 778 5237 quod
801 5171 871 5224 ab
893 5171 1048 5224 initio
1071 5169 1363 5227 exauditos
1395 5186 1520 5227 esse
1545 5188 1826 5230 sermones
1855 5189 1988 5230 suos
2009 5189 2208 5245 exper-

2305 4650 2445 4703 ειμι,
2481 4631 2576 4682 καὶ
2607 4626 2686 4697 τῷ
2724 4625 2924 4696 Δανιὴλ
2961 4622 3206 4694 ἐδηλώοη
3239 4622 3380 4693 μετά
3423 4621 3525 4682 τὰς
3563 4619 3701 4690 τρεῖς
3729 4612 3852 4703 ὲϐᾅο-
3904 4654 3920 4676 ,

2313 4701 2485 4795 μάδας
2513 4717 2590 4788 τῷ
2619 4716 2873 4790 νηστείαν
2907 4713 3133 4785 μαθόντι
3159 4727 3206 4776 ι,
3240 4713 3316 4776 ὡς
3345 4712 3406 4776 ἐξ
3434 4710 3607 4782 ἀρχῆς
3632 4701 3849 4778 ἠκούσθη

2311 4829 2410 4866 σαν
2453 4812 2504 4865 οί
2530 4809 2680 4879 λόγοι
2709 4805 2896 4861 αὑτοῦ.
2929 4805 3117 4860 Ταῦτα
3151 4804 3207 4857 δέ
3251 4820 3332 4857 σοι
3365 4803 3519 4856 ἔσται
3547 4798 3852 4864 σύνδεσμον

2313 4903 2622 4977 ἁμαρτιῶν,
2645 4900 2834 4970 ὥσπερ
2857 4897 3056 4959 κλοιὸν,
3082 4895 3470 4969 ἀπορρίψαντι.
3497 4892 3649 4947 Κατά
3669 4889 3763 4958 γὰρ
3781 4882 3852 4937 τὸν

2328 4993 2651 5048 Ἀπόστολον
2695 4990 2939 5054 εἰπόντα,
2983 4988 3054 5042 τὰ
3091 4988 3232 5041 αὐτὰ
3277 4987 3457 5054 λέγειν
3503 4986 3624 5055 ἐμοὶ
3666 4982 3753 5052 μὲν
3773 4977 3850 5030 οὐκ

2314 5084 2567 5156 ὀκνηρὸν,
2597 5083 2724 5153 ὑμῖν
2745 5080 2804 5135 δὲ
2829 5080 2890 5133 τὸ
2921 5088 2950 5130 7
2977 5077 3250 5148 ἀσφαλέςο
3276 5077 3370 5130 καὶ
3397 5078 3425 5131 ὁ
3460 5074 3731 5146 προφήτης
3748 5082 3850 5120 rau-

2315 5176 2548 5246 τολογεῖ.

631 5270 721 5317 tus
752 5273 858 5320 est.
887 5262 1075 5336 Neque
1101 5281 1232 5320 vero
1258 5264 1362 5320 ista
1393 5266 1513 5328 tibi,
1540 5266 1738 5338 inquit,
1753 5266 2009 5323 defutura
2040 5278 2190 5330 sunt,
2228 5265 2276 5322 si
2315 5281 2510 5322 nexum
2543 5270 2912 5336 peccatorum,
2955 5269 3214 5331 tanquam
3280 5268 3552 5324 catenam,
3599 5251 3846 5326 abieceris.

634 5353 817 5411 lltitur
847 5359 992 5412 enim
1025 5357 1130 5412 hoc
1156 5357 1278 5412 loco
1336 5357 1662 5428 repetitione
1693 5360 1979 5430 propheta.
2013 5375 2120 5429 qua
2151 5361 2369 5416 ratione
2436 5365 2492 5414 et
2551 5355 2870 5426 Apostolus,
2939 5353 3033 5409 ubi
3087 5352 3530 5425 Pbilippensibus
3567 5349 3741 5406 eadem
3781 5360 3850 5400 re.

633 5464 819 5526 petere
867 5455 971 5511 sibi
1008 5469 1120 5511 non
1158 5455 1474 5520 molestum,
1506 5455 1614 5510 illis
1654 5464 1835 5511 autem
1867 5456 2315 5525 percommodum
2349 5466 2406 5512 et
2443 5463 2618 5509 tutum
2656 5468 2781 5510 esse
2807 5451 3002 5508 scribit
3039 5450 3109 5505 ’³.

708 5571 1050 5644 {malst-tv,
1108 5573 1136 5628 ι
1194 5590 1350 5644 seqq,
1430 5571 1689 5628 "Matth.
1743 5572 2010 5639 muses.
2090 5573 2133 5607 ιθ
2193 5620 2195 5628 γ

2301 5575 2388 5629 ,th.
2458 5589 2532 5637 vr,
2587 5572 2672 5628 16.
2752 5572 2798 5604 ¹⁰
2823 5566 3328 5634 Psal.xxxur,.16.
3400 5566 3445 5599 ¹¹
3503 5563 3622 5619 Art.
3679 5552 3847 5622 xm,5.
3950 5543 3954 5546 ’

634 5644 680 5674 ⁸³
716 5641 854 5699 Dan.
885 5660 940 5710 κ,
967 5643 1003 5697 2
1027 5659 1183 5716 seqq.
1259 5641 1568 5716 “Philipp.
1591 5660 1672 5709 ιιι,
1707 5644 1753 5701 Ι.

1895 5734 2134 5792 ἾΑΒΙᾹε.
2175 5735 2573 5804 LECTIONES.

708 5840 733 5869 ν
792 5848 878 5896 γρ.
903 5833 1019 5886 ἔστι
1055 5830 1116 5886 δὲ
1153 5831 1265 5904 τῆς.
1349 5847 1371 5875 ι
1409 5849 1492 5903 rp.
1534 5833 1755 5887 παθόντι
1834 5833 1982 5905 fit}.
2015 5833 2098 5888 τά.
