3998 6390
602 350 749 416 2595

1913 337 2268 407 PROCOPII
2305 337 2549 406 GAZ/El

3705 353 3819 421 2596

600 465 726 521 dem
764 453 1225 526 nlorien'tis,vere
1252 467 1436 516 autem
1472 457 1973 526 revirescentis,.in
2009 460 2176 514 vitam

2298 458 2471 531 χάριτι
2494 460 2874 531 πιαινόμενα.
2915 458 3007 526 Ὠς
3037 469 3060 498 ι
3093 459 3202 533 γὰρ
3229 460 3399 517 Δαϐἰδ
3440 479 3631 535 φησιν’
3684 486 3701 520 ι
3729 470 3824 534 Ἐξ.

601 556 1023 612 excitabuntur.
1053 553 1158 610 Sed
1211 554 1305 624 qui
1343 560 1632 622 resurgent
1661 553 1685 606 ?
1717 551 1774 607 Si
1805 551 1978 621 gratia
2028 549 2190 606 nimi-

2296 550 2618 615 αποστελεῖς
2630 551 2692 606 τὸ
2721 551 2949 624 Πνεῦμα
2965 569 3062 606 σου
3086 553 3183 607 καὶ
3207 553 3609 625 κτισθὴσονται,
3632 559 3829 616 καὶάνα-

601 664 750 714 rum,
779 653 902 718 qua;
949 651 1116 701 vitam
1154 645 1406 714 largitur,
1456 643 1788 714 saginantur.
1817 641 1890 698 Ut
1941 649 1997 698 et
2044 640 2186 714 apud

2298 641 2522 720 καινιεῖς
2563 641 2626 695 τὸ
2675 641 2971 714 πρόσωπον
3006 641 3111 713 τῆς
3153 643 3292 712 γῆς’
3339 663 3360 696 ι
3406 644 3550 698 τοῦτ’
3592 645 3722 702 ἐστιν
3743 653 3829 706 τῶν

608 740 866 795 Davidem
900 738 1135 809 legimus
1170 753 1184 790 :
1209 754 1228 788 ι
1257 735 1458 792 Emitte
1481 734 1737 805 spiritum
1763 748 1938 800 tuum,
1969 743 2022 790 et
2037 749 2191 790 crea-

606 833 835 896 buntur,
855 839 910 886 et
945 830 1237 886 renovabis
1271 829 1464 885 faciem
1498 841 1660 885 terra;
1697 829 1742 862 ³⁸
1780 845 1796 894 ;
1831 847 1850 881 ι
1876 828 1928 883 id
1959 835 2066 893 est,
2093 841 2190 882 eo-

610 942 727 979 rum
787 926 878 995 qui
910 925 962 979 ill
997 935 1140 979 terra
1186 935 1477 979 versantur
1498 938 1625 979 cum
1650 922 2014 993 generationes
2037 935 2194 990 gene-

2291 733 2390 788 ὲπὶ
2417 735 2543 805 γῆς,
2569 735 2660 789 ὅτε
2685 735 2781 790 καὶ
2807 734 3020 802 γενεὰς
3047 734 3268 806 γενεῶν
3301 737 3362 790 ὲν
3402 735 3684 809 ἀπεράντῳ
3717 746 3831 810 χλη.

2285 825 2667 895 ρονομοῦμεν
2695 825 2843 898 ζωῆς
2861 825 3095 881 θανάτου
3117 827 3296 898 πάντη
3325 827 3420 880 καὶ
3441 827 3640 900 φθορᾶς
3663 831 3830 906 ἀνῃρη.

2296 917 2495 987 μένων.
2535 916 2800 989 Είρηνται
2829 918 2888 972 δὲ
2922 919 3020 972 καὶ
3043 916 3197 974 ὁστᾶ
3232 919 3292 972 αἱ
3326 920 3555 990 ψυχικαὶ
3591 922 3828 991 δυνάμεις,

605 1021 880 1074 rationum
911 1019 966 1072 in
987 1017 1147 1090 661
1185 1016 1298 1070 vita
1324 1016 1417 1071 illa
1441 1023 1721 1086 perpetua,
1757 1023 1934 1067 morte
1963 1027 2193 1083 prorsus

2298 1007 2368 1072 ὡς
2380 1008 2460 1062 τό·
2485 1026 2503 1061 ι
2527 1007 2660 1074 Θεὸς
2675 1008 3057 1081 διεσκόρπισεν
3076 1009 3213 1062 ὀστᾶ
3234 1009 3334 1063 ἀνθ
3343 1011 3719 1081 ρωπαρέσκων.
3741 1032 3755 1064 ι
3773 1017 3829 1070 Οὐ

605 1119 661 1167 et
689 1110 1047 1180 corruptione
1078 1107 1335 1171 sublatis,
1378 1105 1767 1161 Itwreditabunt
1798 1121 1817 1160 :
1853 1103 2122 1159 Dicuntur
2140 1111 2196 1158 et

2298 1101 2404 1169 γὰρ
2430 1099 2500 1153 τὰ
2536 1098 2630 1153 τοῦ
2673 1101 2928 1172 σώματος
2949 1100 3107 1162 όστᾶ,
3136 1100 3235 1164 τὰς
3267 1101 3328 1154 δὲ
3359 1101 3460 1170 τῆς
3501 1101 3668 1174 ψυχῆς
3707 1105 3831 1159 δυνὰ-

608 1219 732 1256 ossa
755 1202 950 1255 animae
979 1201 1232 1256 virtutes.
1252 1197 1321 1254 Ut
1353 1199 1458 1254 hoc
1477 1199 1598 1252 loco
1625 1216 1638 1251 ι
1673 1217 1691 1249 ι
1727 1195 2024 1266 Dissipavit
2051 1195 2196 1250 Deus

513 1317 516 1322 ·
607 1307 739 1348 ossa
763 1303 977 1358 eorum,
999 1292 1094 1362 qui
1114 1290 1432 1346 hominibus
1451 1289 1740 1360 placebant
1763 1289 1828 1342 ³³.
1859 1306 1878 1338 ι
1902 1286 2020 1343 Non
2047 1288 2195 1342 enim

609 1385 865 1454 corporis
897 1398 1054 1446 ossa,
1075 1382 1170 1440 sed
1202 1382 1398 1438 animae
1415 1381 1563 1438 vires
1593 1380 1801 1445 atterit,
1835 1396 1904 1435 ne
1931 1380 2066 1450 quid
2090 1380 2199 1451 ipsi

608 1493 734 1532 cum
776 1477 981 1531 virtute
1013 1484 1070 1532 et
1119 1475 1282 1530 laude
1338 1476 1560 1529 valeant
1590 1472 1826 1528 ellicere.
1863 1491 1884 1524 ι
1922 1471 2094 1527 Nemo
2120 1472 2200 1527 si-

607 1567 829 1639 quidem
896 1557 1287 1632 coronabitllr,‘
1325 1565 1433 1620 nisi
1492 1562 1587 1634 qui
1651 1562 1895 1633 legitime
1949 1569 2201 1616 certave-

611 1662 686 1716 rit
720 1660 790 1715 ³³.
822 1679 840 1710 ι
883 1659 954 1714 At
983 1660 1075 1715 isti
1113 1657 1399 1713 hominum
1437 1656 1696 1711 laudibus
1718 1664 1927 1708 tantum
1967 1653 2198 1718 inhiant,

607 1754 678 1808 de
733 1732 824 1807 D‘ei
875 1753 1049 1823 gloria
1093 1751 1230 1806 nillil
1274 1749 1520 1806 solliciti.
1563 1747 1737 1814 Quale
1777 1755 1862 1802 est
1910 1754 1966 1802 et
2017 1745 2198 1800 illud:

2299 1209 2418 1262 μεις
2446 1190 2758 1263 συνθραύει,
2787 1193 2924 1264 πρὸς
2949 1193 3010 1245 τὸ
3035 1193 3202 1263 μηδὲν
3227 1194 3306 1256 εἰς
3332 1193 3533 1264 ἀρετὴν
3552 1195 3828 1267 κατορθοῦν.

2303 1307 2322 1339 ι
2359 1287 2727 1357 Στεφανοῦται
2751 1286 2864 1358 γὰρ
2886 1287 3084 1352 οὐδεὶς,
3111 1287 3207 1341 ἐὰν
3240 1286 3317 1358 μὴ
3344 1288 3587 1358 νομίμως
3605 1287 3826 1362 ἀθλήσῃ.»

2297 1381 2360 1435 Ol
2390 1379 2470 1448 δὲ,
2502 1379 2640 1450 πρὸς
2661 1377 2968 1451 ἀνθρώπων
2994 1379 3250 1443 ἐπαίνους
3277 1379 3596 1448 κεχήνασιν,
3621 1379 3675 1433 οὐ
3707 1381 3833 1446 δόξαν

2297 1472 2457 1530 Θεοῦ.
2509 1471 2764 1527 Τοιοῦτον
2795 1471 2892 1527 καὶ
2930 1472 3014 1525 τό·
3052 1490 3072 1523 ‹
3119 1473 3244 1527 Ὅτι
3288 1471 3523 1541 ὲσίγησα
3561 1472 3830 1546 ἐπαλαιώθη

2297 1565 2367 1618 τὰ
2399 1565 2533 1619 ὀστᾶ
2568 1581 2670 1636 μου
2699 1564 2807 1618 ἀπὺ
2834 1564 2932 1618 τοῦ
2958 1559 3184 1633 κράζειν
3219 1582 3287 1635 με
3317 1564 3447 1635 ὃλην
3471 1565 3567 1636 τὴν
3588 1567 3826 1636 ἡμέραν

2301 1657 2635 1728 Σιγήσαντος
2677 1656 2786 1729 γάρ
2828 1675 2931 1727 μου
2967 1657 3076 1710 ἀπὸ
3102 1656 3196 1710 τοῦ
3227 1657 3390 1723 δόξαν
3412 1655 3563 1726 ἄγειν
3587 1659 3674 1711 καὶ
3695 1676 3830 1730 προσ-

2302 1746 2583 1816 εύχεσθαι,
2623 1746 2720 1800 καλ⁵
2783 1745 3046 1809 πεσόντος
3091 1748 3171 1811 είς
3222 1737 3569 1819 ἀνθρωπίνην
3604 1750 3830 1819 μικροψυο

616 1864 634 1897 ι
665 1845 935 1911 Quoniam
952 1844 1122 1907 tacui,
1146 1843 1596 1898 inveteraverunt
1613 1856 1739 1896 ossa
1759 1854 1900 1905 mea,
1928 1838 2060 1894 dum
2082 1839 2196 1893 cla-

2299 1837 2446 1908 χίαν,
2480 1837 2799 1910 ὲπαλαιὼθη
2829 1840 2898 1894 τὰ
2929 1837 3083 1895 ὀστᾶ
3105 1856 3248 1909 μου.
3279 1838 3442 1893 Τοῦτ’
3472 1839 3612 1895 ἔστιν
3635 1841 3833 1914 ὲσαθρὼ-
3879 1859 3891 1877 ο

611 1952 818 1991 marem
853 1947 964 1992 tota
1006 1937 1097 1992 die
1131 1936 1199 1989 ἰ.
1236 1955 1254 1987 ι
1307 1935 1443 1990 Cum
1488 1935 1634 1990 enim
1694 1933 1793 1999 ait,
1820 1932 2090 1989 cessando
2130 1931 2196 1986 ab

2305 1930 2479 2001 θησαν
2509 1930 2568 1984 αἱ
2592 1931 2851 2002 δυνάμεις
2883 1932 2938 1984 αἱ
2975 1931 3228 2004 ψυχικαί.

613 2033 736 2102 ejus
772 2031 1123 2102 promotione
1172 2031 1382 2100 gloriae,
1409 2028 1822 2099 fundendisque
1852 2027 2130 2098 precibus,
2157 2026 2211 2079 in
2251 2023 2423 2079 animi
2441 2023 3547 2098 angustiasincidissem,inveteraverunt
3597 2043 3702 2081 ossa
3743 2045 3831 2084 mea

611 2125 667 2180 id
691 2133 798 2187 est,
833 2129 1321 2187 elual'cuerullt,et
1340 2121 1680 2177 labefactata
1709 2128 1838 2175 sunt
1861 2119 2203 2173 animtemca:
2239 2115 2406 2170 vires.

680 2219 792 2273 Illae
833 2219 967 2288 ipsae
1012 2218 1204 2288 igitur,
1250 2216 1378 2272 licet
1427 2215 1638 2287 ignavia
1665 2214 1733 2270 ad
1784 2215 1947 2272 breve
1978 2223 2190 2284 tempus

2361 2205 2532 2268 Αὗται
2561 2211 2745 2267 τοίνυν
2784 2212 2850 2266 ὲκ
2879 2211 3154 2285 ῥᾳθυμίας
3195 2211 3313 2265 ἐσθ’
3344 2211 3440 2265 ὅτε
3491 2210 3832 2282 παραλυθεῖσαι

611 2313 834 2383 aliquod
876 2313 1063 2366 fractae
1096 2318 1151 2366 et
1187 2309 1482 2365 debilitata:
1519 2309 1762 2380 jaceaut,
1800 2307 2070 2380 spirituali
2103 2315 2189 2361 ta-

2298 2302 2486 2374 βραχὺ,
2519 2303 2680 2356 πάλιν
2727 2304 2808 2370 ὡς
2835 2302 3069 2370 βοτάνη
3114 2303 3490 2359 ἀνατελοῦσι
3529 2305 3826 2375 παρακλήσει

612 2421 737 2459 men
781 2405 974 2458 iterum
1025 2403 1429 2468 consolatione,
1480 2419 1585 2457 non
1635 2402 1789 2457 aliter
1817 2417 1976 2474 quam
2004 2399 2188 2467 herba,

2298 2397 2658 2466 πνευματικῇ,
2695 2396 2790 2448 καὶ
2817 2396 3185 2464 κληρονόμοι
3209 2395 3333 2449 τῶν
3361 2395 3610 2449 αἰωνίων
3634 2395 3828 2464 ἀγαθῶν

609 2504 893 2565 resurgunt
948 2503 1002 2550 et
1051 2485 1452 2559 instaurantur,
1497 2494 1712 2564 ipsique
1775 2504 2190 2561 wternornmque

2298 2488 2691 2559 γενησόμεθα.
2734 2482 2847 2541 Kal.
2866 2489 2933 2541 τὰ
2961 2487 3128 2541 πάλαι
3153 2488 3210 2542 δὲ
3237 2489 3339 2559 τῆς
3369 2488 3546 2560 ψυχῆς
3580 2488 3748 2558 ἔρημα
3771 2492 3830 2542 οἰ-

611 2582 868 2641 bonorum
891 2583 1050 2654 [imus
1080 2584 1335 2639 hwredes.
1360 2582 1493 2650 Quae
1543 2585 1742 2640 deinde
1788 2584 1843 2639 in
1877 2586 2058 2638 anima
2095 2590 2188 2636 tua

2298 2579 2778 2650 κοδομηθήσεται
2821 2583 2880 2635 έν
2905 2581 3010 2647 σοὶ,
3059 2581 3148 2635 διὰ
3186 2581 3535 2653 μαθημάτων
3577 2581 3662 2634 καὶ
3696 2580 3832 2649 λόγων

609 2678 820 2731 deserta
853 2683 906 2731 et
955 2683 1106 2730 vasta
1153 2671 1395 2743 fuerant,
1435 2671 1868 2746 cediﬁcabunmr,
1899 2673 1952 2729 id
1981 2685 2067 2731 est
2105 2674 2193 2728 di-

2298 2672 2460 2727 θείων
2507 2672 2991 2744 ἀναπληρούμενα.
3049 2675 3253 2729 Σαυτὸν
3298 2675 3418 2746 γὰρ
3469 2675 3831 2745 οἰκοδομήσας

611 2768 865 2838 sciplinis
893 2766 1356 2836 sermonibusque
1384 2765 1587 2820 divinis
1612 2765 1991 2836 replebuntur.
2029 2763 2194 2833 Teip-

2298 2764 2670 2830 διδασκαλίαις
2716 2765 2922 2831 ἐνθέοις
2951 2768 3045 2820 ἐπὶ
3077 2767 3138 2821 τὸ
3178 2767 3297 2821 δέον
3335 2767 3422 2821 ἀεί
3453 2784 3544 2820 σου
3578 2770 3829 2840 συναρμότι

611 2876 736 2916 sum
767 2861 910 2915 enim
945 2857 1262 2925 wdiﬁcabis,
1291 2859 1614 2914 caelestibus
1644 2858 2196 2930 selllperprocceptio-

2299 2871 2407 2911 των
2440 2859 2567 2921 τοὺς
2612 2857 2928 2928 λογισμούς.
2983 2857 3358 2931 Περιφράξεις
3407 2859 3463 2912 δέ
3511 2877 3601 2912 σου
3638 2861 3719 2914 καὶ
3755 2860 3830 2930 τὴν

613 2953 778 3008 uibus
808 2953 874 3006 ad
909 2951 985 3014 id,
1019 2952 1166 3022 quod
1198 2952 1375 3017 decet,
1407 2950 1774 3021 cogitationes
1808 2958 1932 3004 tuas
1971 2963 2196 3018 compo-

2301 2950 2500 3022 ψυχὴν,
2533 2951 2642 3007 ἀπὸ
2673 2950 2782 3005 τῶν
2829 2950 3030 3018 ἔξωθεν
3067 2953 3319 3024 ὀχληρῶν
3364 2951 3581 3025 Χριστῷ
3627 2953 3832 3024 καθάπερ

615 3061 756 3101 nens
783 3050 836 3100 et
859 3045 1163 3116 applicans.
1208 3042 1455 3114 Obsepies
1500 3058 1632 3098 vero
1662 3052 1717 3098 et
1760 3043 1998 3097 animam
2030 3051 2196 3105 tuam,

2299 3043 2468 3114 τείχει
2496 3043 3102 3112 περιφρουρούμενος.
3136 3043 3226 3107 Ὠς
3247 3045 3345 3098 ἐπὶ
3367 3043 3572 3108 πόλεως
3605 3045 3702 3114 γὰρ
3722 3043 3830 3112 ἐρήι

613 3137 856 3203 Christo,
885 3145 1146 3207 tauquam
1194 3151 1376 3202 muro,
1423 3135 1687 3190 adversus
1737 3143 1994 3189 externas
2033 3131 2196 3186 molet

2298 3153 2417 3204 μου
2455 3135 2894 3207 καὶὶᾶτειχίστου
2944 3139 3179 3190 ποιεῖται
3227 3137 3326 3191 τὸν
3359 3137 3532 3206 λόγον.
3592 3136 3831 3207 Ἀρμόττει

614 3229 750 3284 stias
798 3237 1000 3284 tectus.
1057 3223 1302 3282 [labetur
1361 3226 1507 3280 enim
1556 3235 1814 3296 tanquam
1871 3227 1938 3280 de
1995 3224 2196 3278 deserta

2299 3227 2357 3282 δὲ
2391 3229 2483 3283 καὶ
2513 3227 2650 3300 πρὸς
2700 3229 2802 3299 τὴν
2837 3227 3071 3283 ἑκάστου
3105 3229 3284 3301 ψυχὴν
3324 3230 3423 3286 καὶ
3461 3231 3591 3300 πρὸς
3619 3229 3702 3284 τὸν
3731 3229 3832 3282 λαὸν

618 3320 908 3390 murisque
949 3319 1216 3375 destituta
1247 3318 1471 3372 civitate
1502 3333 1709 3373 sermo.
1739 3317 2046 3372 Conveniat
2071 3329 2196 3370 vero

2301 3321 2502 3387 πάντα,
2535 3321 2734 3376 ὀστῶν
2761 3321 3068 3393 νοουμένων
3091 3322 3202 3376 τῶν
3229 3323 3287 3375 ὲν
3317 3320 3470 3396 αὐτῷ
3499 3323 3734 3388 δυνατῶν,
3761 3323 3834 3376 καὶ

616 3419 672 3466 et
710 3413 907 3466 anima:
954 3410 1201 3478 cuilibet,
1234 3417 1289 3464 et
1323 3410 1548 3481 populo,
1584 3409 1631 3465 si
1657 3407 1781 3464 illos
1819 3424 1914 3479 per
1954 3424 2076 3462 ossa
2108 3408 2195 3462 ill-

2298 3414 2358 3468 τὸ
2383 3414 2542 3484 σῶμα
2561 3415 2669 3468 πᾶν
2699 3413 3025 3485 ἀνεχόντων,
3057 3416 3144 3485 ἐφ’
3167 3409 3230 3469 οὗ
3255 3415 3501 3486 λέγοιντο
3513 3417 3700 3486 ἔρημοι
3724 3414 3830 3470 αἰώ-

617 3505 854 3575 tel‘ligas,
880 3503 971 3574 qui
1006 3511 1135 3559 sunt
1169 3503 1224 3559 in
1255 3517 1322 3559 eo
1375 3503 1732 3573 potentiores,
1763 3498 1969 3573 quique
1995 3515 2198 3572 corpus

617 3596 933 3651 universum
959 3584 1274 3652 sustentant
1298 3613 1313 3650 :
1333 3595 1389 3650 ill
1408 3611 1517 3666 quo
1531 3594 1738 3650 deserta
1747 3605 1996 3665 perpetua
2018 3594 2200 3665 possis

617 3689 910 3760 appellare,
943 3704 1066 3760 quae
1118 3689 1287 3760 longo
1333 3689 1448 3760 jam
1489 3696 1735 3758 tempore
1769 3703 1865 3759 per
1915 3697 2197 3760 peccatum

614 3788 776 3833 vasta
805 3789 860 3834 et
885 3781 1133 3834 solitaria
1159 3789 1488 3837 evaserunt.
1512 3779 1790 3851 lntelligas
1819 3795 1983 3851 porro
2007 3780 2201 3852 {ullaa-

615 3881 793 3925 menta
825 3871 1128 3926 secundum
1179 3870 1337 3927 Pauli
1368 3883 1626 3940 mentem,
1655 3872 1744 3927 ubi
1777 3873 2198 3943 supersedilicati

615 3976 783 4032 super
826 3961 1243 4033 fllndameptum
1293 3963 1669 4034 apostolorum
1714 3974 1769 4020 et
1806 3966 2197 4035 prophetarum

615 4055 810 4111 scribit
841 4055 909 4110 ³⁸.
948 4055 1229 4111 Vocaberis
1256 4070 1388 4112 vero
1413 4059 1575 4111 etiam
1607 4056 1905 4127 wdiﬁcator
1936 4061 2198 4113 maceria-

613 4163 732 4202 rum
763 4163 782 4202 :
841 4147 1146 4204 secundum
1213 4157 1396 4204 autem
1459 4148 1876 4221 Symmachum,
1929 4149 2198 4207 vocaberis

612 4255 767 4294 muro
795 4241 1008 4312 cingens
1065 4241 1461 4312 direptionem:
1503 4257 1631 4314 quae
1669 4257 1700 4297 a
1749 4242 1877 4298 divo
1913 4242 2083 4298 Paulo
2125 4243 2198 4299 ibi

614 4342 804 4403 aperte
827 4334 1097 4405 explicata
1131 4345 1282 4400 sunt,
1327 4335 1421 4391 ubi
1468 4350 1529 4393 se
1564 4336 1709 4392 sicut
1747 4336 2071 4407 prudentem
2106 4351 2198 4391 ar-

613 4426 936 4492 chitectum,
972 4427 1388 4482 fundamentum
1413 4428 1669 4498 posuisse
1699 4428 1892 4483 scribit
1919 4429 1988 4483 ".
2018 4427 2200 4484 Mace-

610 4518 750 4571 riam
791 4533 986 4574 rursus
1025 4519 1189 4590 662
1236 4518 1510 4590 aediﬁcare
1547 4519 1772 4587 dicitur,
1809 4521 1901 4591 qui
1939 4519 2199 4577 Ecclesia:

609 4609 867 4679 dogmata
924 4611 1229 4668 dialecticis
1300 4613 1870 4669 demonstrationibus
1936 4626 2195 4685 tanquam

611 4703 846 4756 excitato
881 4719 1033 4757 nluro
1065 4704 1302 4774 obsepit,
1335 4721 1404 4760 ne
1430 4705 1647 4771 eadem,
1671 4705 1840 4760 veluti
1871 4705 2082 4761 hortum
2111 4711 2196 4762 de-

2300 3519 2445 3567 νιοι.
2477 3505 2546 3560 τὰ
2578 3508 2644 3559 ὲκ
2693 3505 2913 3577 μακροῦ
2944 3506 3136 3578 χρόνου
3161 3506 3230 3561 δι’
3275 3509 3553 3580 ἁμαρτίαν
3580 3509 3740 3581 ἔρημα
3761 3525 3832 3576 γε·

2299 3599 2513 3667 γονότα.
2538 3592 2792 3669 Θεμέλια
2814 3598 2872 3653 δὲ
2891 3599 3058 3654 αὐτοῦ
3086 3599 3228 3655 κατὰ
3244 3599 3350 3672 τὴν
3369 3600 3711 3672 ἁποστολικὴν
3735 3601 3832 3670 νοή-

2301 3709 2417 3755 σεις
2447 3691 2670 3764 γραφὴν
2699 3691 2989 3761 λέγουσαν.
3027 3711 3045 3744 ι
3069 3691 3617 3766 Ἐποικοδομηθέντες
3658 3694 3738 3748 ἐπὶ
3771 3692 3830 3760 τῷ

2299 3782 2539 3856 θεμελίῳ
2572 3784 2681 3838 τῶν
2717 3784 3035 3838 ἀποστόλων
3069 3785 3165 3839 καὶ
3195 3786 3550 3858 προφητῶν.»
3582 3783 3828 3854 κληθήσῃ

2297 3876 2355 3932 δὲ
2384 3876 2484 3931 καί
2528 3877 2842 3947 οἰκοδόμος
2887 3879 3192 3949 φραγμῶν.
3237 3880 3396 3934 Κατὰ
3432 3881 3492 3936 δὲ
3529 3880 3614 3934 τὸν
3645 3879 3829 3950 Σύμμαο

2299 3989 2414 4043 χον,
2453 3971 2738 4041 κληθήσῃ
2786 3971 3048 4042 τειχίζων
3097 3973 3420 4042 διακοπήν.
3466 3975 3574 4030 Καὶ
3618 3973 3824 4030 ταῦταδὲ

2300 4065 2513 4130 Παῦλος
2543 4069 2570 4120 ὀ
2600 4065 2744 4130 θεῖος
2769 4065 3027 4136 διασαφεῖ
3055 4067 3259 4138 λέγων·
3306 4087 3327 4122 ι
3375 4070 3463 4135 Ὠς
3501 4067 3667 4138 σοφῶς
3700 4068 3828 4136 ἀρχι-

2299 4157 2509 4212 τέκτων
2547 4155 2799 4226 θεμέλιον
2844 4156 3039 4228 ἒθηκα.
3083 4178 3103 4212 ι
3141 4160 3455 4230 Φραγμοὺς
3482 4161 3540 4216 δὲ
3581 4156 3834 4228 οἰκοδομεῖ

2300 4251 2330 4303 ὁ
2354 4249 2424 4302 τὰ
2475 4249 2914 4320 ἐκκλησιαστικὰ
2963 4251 3216 4323 δόγματα
3249 4253 3646 4324 περιτειχίζων
3686 4250 3828 4304 διαλε-

2301 4342 2516 4404 κτικαῖς
2542 4341 2904 4408 ἀποδείξεσιν,
2931 4343 3019 4397 ἵνα
3057 4343 3132 4416 μὴ
3146 4345 3401 4418 καθάπερ
3431 4349 3645 4416 ἔρημον
3667 4342 3828 4412 κῆπον

2299 4433 2350 4485 οἱ
2402 4431 2649 4496 θέλοντες
2697 4431 3008 4489 διοδεύοιεν.
3038 4433 3210 4489 Τοῦτο
3250 4438 3360 4509 γὰρ
3405 4438 3501 4492 καὶ
3553 4434 3825 4508 ῥᾳθυμοῦσα

2299 4524 2500 4596 πάσχει
2528 4523 2676 4595 ψυχὴ
2710 4527 2914 4590 παντὸς
2951 4527 3198 4580 ἐναντίου
3226 4527 3554 4592 διοδεύοντος
3591 4527 3739 4596 αὐτὴν
3759 4525 3826 4576 λο-

2298 4617 2501 4687 γισμοῦ
2541 4634 2602 4669 τε
2639 4618 2733 4671 καὶ
2779 4617 3056 4688 δαίμονος,
3085 4618 3193 4684 ἓως
3232 4621 3432 4692 ἑαυτὴν
3473 4620 3548 4690 τῷ
3592 4618 3724 4689 etot?
3751 4612 3823 4668 τοῦ

2298 4708 2432 4762 Θεοῦ
2458 4708 2873 4781 περιφράξειεν.
2912 4711 2970 4765 '0
2989 4711 3045 4764 δὲ
3064 4712 3133 4766 τὰ
3159 4711 3422 4767 δοκοῦντα
3444 4712 3824 4782 προσκόμμοτα

609 4803 834 4859 sertum,
867 4796 1185 4865 quicunque
1226 4797 1524 4862 voluerint,
1554 4810 1940 4868 pervagentur.
1971 4799 2104 4854 Nam
2135 4809 2191 4856 et

2298 4803 2362 4855 ὲκ
2399 4803 2508 4857 τῶν
2533 4771 3186 4874 *ἀναγνωσμάτων
3224 4771 3525 4879 περιαιριῖιν
3569 4771 3822 4871 olivo-3w

611 4881 759 4938 istud
790 4883 969 4955 ipsum
1019 4900 1142 4955 quae
1183 4896 1448 4958 perpetuo
1478 4887 1639 4945 deses
1678 4899 1762 4945 est
1799 4892 2007 4956 anima,
2044 4895 2189 4963 pati-

2298 4893 2465 4958 νείας,
2516 4886 2674 4959 οὗτος
2704 4896 2735 4949 ό
2761 4895 2890 4960 τοὺς
2933 4896 3039 4952 ἀνὰ
3082 4898 3248 4968 μέσον
3293 4897 3414 4952 τῶν
3439 4899 3638 4968 τρίϐων
3677 4895 3822 4958 λίθους

610 4982 722 5038 tur,
777 4991 900 5032 cum
951 4975 1145 5032 eadem
1199 4978 1345 5034 hosti
1398 4981 1643 5046 cuilibet,
1695 4982 1811 5038 sive
1861 4983 2188 5055 daemonem,

2298 4985 2622 5058 περιαιρῶν.

611 5069 729 5123 sive
761 5069 955 5124 anima:
985 5069 1341 5138 cupiditatem
1369 5074 1623 5144 appelles,
1654 5075 1839 5131 tandiu
1867 5079 2050 5147 pervia
2073 5088 2180 5146 est,
2220 5079 2396 5136 donec
2438 5089 2584 5134 metu
2638 5076 2758 5144 Dei,
2856 5087 3118 5152 tanquam
3175 5081 3341 5148 vallo,
3395 5083 3681 5139 muniatur.
3739 5074 3820 5142 Qui

609 5170 790 5217 autem
819 5179 940 5226 qllzc
963 5163 1216 5218 videntur
1263 5165 1589 5234 offendicula
1618 5170 1968 5240 explicando,
1997 5181 2052 5227 et
2088 5173 2440 5239 declarando,
2471 5172 2540 5228 de
2564 5173 2742 5229 sacris
2767 5173 3100 5232 lectionibus
3168 5177 3370 5242 aufert,
3441 5178 3531 5234 ille
3589 5179 3691 5248 ipse
3740 5185 3819 5236 esu

608 5253 702 5322 qui
741 5253 948 5322 lapides
979 5254 1044 5310 de
1078 5258 1280 5312 semitis
1318 5259 1483 5313 tollit.

687 5346 810 5404 Vult
834 5367 960 5407 vero
987 5370 1110 5408 cum
1137 5356 1227 5421 iis,
1255 5371 1376 5425 quae
1406 5355 1550 5410 dicta
1579 5366 1728 5418 sunt,
1768 5358 1930 5413 etiam
1956 5357 2194 5414 Sabbata

608 5439 890 5496 observari
925 5459 942 5497 :
970 5460 1077 5498 non
1113 5455 1172 5500 ut
1200 5445 1451 5502 ebrietati
1476 5456 1528 5502 et
1558 5447 1798 5519 crapula:
1822 5448 2190 5520 indlllgeatur;

2372 5358 2631 5413 Βούλεται
2658 5357 2716 5412 δὲ
2743 5359 2886 5430 μετά
2915 5360 3027 5414 τῶν
3053 5363 3362 5434 εἰρημένων
3387 5366 3722 5436 φυλάττεσθαι
3746 5365 3820 5416 καὶ

2296 5451 2372 5506 τὰ
2402 5451 2691 5518 Σάϐϐατα,
2725 5451 2803 5517 ὡς
2853 5452 2929 5525 μὴ
2964 5454 3156 5526 μέθαις
3202 5459 3298 5512 καὶ
3347 5461 3633 5531 κρεπάλαις
3659 5455 3818 5528 oriola-

683 5593 729 5627 ³³
758 5593 1040 5664 Psal.cul,
1077 5600 1166 5656 50.
1245 5601 1566 5674 "Psal.t.ll,
1589 5603 1642 5663 6.
1709 5604 2196 5673 ³⁸11Τίιιιοιιι.ιι,ἓ

2298 5606 2740 5675 “Psal.xxxr,3.
2819 5609 2864 5644 ³⁸
2893 5609 3095 5682 Ephcs.
3131 5628 3190 5680 ll,
3222 5614 3312 5669 ΞΟ.
3389 5617 3430 5649 ³⁸
3460 5614 3619 5672 ltlor.
3647 5628 3720 5679 ιιι,
3743 5609 3814 5664 lt).

1915 5722 2152 5782 VARUS
2193 5723 2602 5784 LECTIONES.

681 5815 706 5846 ι
735 5823 828 5879 γρ.
863 5807 978 5864 καί.
