3998 6390
167 396 175 405 ο
188 362 332 429 2597

1328 362 1861 425 COMMENTARII
1893 363 1975 423 IN
2006 361 2290 423 ISAIAM.

3296 362 3435 426 2598
3457 422 3461 426 _

186 474 324 541 ζειν,
378 472 635 546 ἁγιασμῷ
661 474 720 529 δὲ
766 472 861 530 καὶ
908 474 1267 546 καθαρότητι,
1294 476 1392 528 καὶ
1432 473 1519 529 διὰ
1560 473 1764 527 τούτων

1882 471 1963 527 sed
1989 479 2049 525 ut
2080 470 2501 527 sanctiﬁcationi
2530 469 3006 544 puriﬁcationique
3046 479 3304 538 vacetur;
3339 491 3437 544 per

188 567 531 638 ἀγιάζεσθαι
554 567 670 635 τὴν
711 567 941 637 ἡμέραν
967 568 1055 622 διὰ
1083 566 1185 635 τῆς
1230 565 1371 621 κατὰ
1406 566 1538 621 Θεὸν
1568 565 1766 638 σχολῆς

186 659 492 729 τρυφερὰν
516 659 808 731 γινομένην
846 660 939 713 καὶ
979 658 1205 714 ἄλυπον.
1238 659 1346 711 Καὶ
1378 658 1461 712 δεῖ
1493 658 1569 730 μὴ
1603 658 1766 729 μέχρι

186 751 283 805 τοῦ
312 754 530 823 κινῆσαι
560 751 736 817 πόδα,
762 751 796 822 ἦ
824 750 1048 821 μολῦναι
1080 750 1149 804 τὰ
1178 750 1354 822 χείλη,
1385 749 1521 822 πρὸς
1559 750 1766 821 ἑτέροις

188 844 442 913 γίνεσθαι
474 844 765 917 πράγμασι
814 847 881 916 τῇ
911 843 1031 916 θείᾳ
1074 845 1266 916 Γραφῇ
1312 844 1765 916 προσανέχοντας.

202 936 262 990 '0
290 936 345 989 δὲ
385 936 529 1000 θεῖος
566 936 887 999 Ἀπόστολος
930 936 1028 989 τοῦ
1070 936 1235 1006 νόμου
1290 936 1389 1006 τὴν
1431 935 1589 990 σκιὰν
1623 952 1767 1005 παρ-

188 1026 337 1080 ωθού
347 1044 528 1098 μενος,
549 1026 854 1098 περιτομὴν
876 1026 1251 1098 πνευματικὴν
1268 1027 1364 1080 καλ⁸
1390 1025 1769 1097 Σαϐϐατισμὸν

190 1117 511 1181 ὑποτίθεται
558 1116 730 1183 λέγων
757 1131 773 1145 ο
824 1133 843 1167 ι
892 1115 1053 1170 Ἀλλά
1102 1118 1374 1187 περιτομὴ
1427 1117 1657 1187 καρδίας
1706 1116 1767 1169 οὗ

190 1208 504 1278 γράμματι,
562 1206 698 1260 ἀλλά
754 1206 1050 1278 πνεύματι.
1097 1225 1115 1258 ι
1167 1207 1277 1260 Καὶ
1334 1207 1531 1261 πάλιν·
1568 1226 1587 1260 ι
1626 1209 1770 1279 Ἀρα

190 1300 553 1355 ἀπολείπεται
582 1298 968 1371 Σαϐϐατισμδς
994 1298 1074 1371 τῷ
1108 1298 1223 1370 λαῷ
1251 1298 1346 1353 τοῦ
1382 1299 1609 1370 Κυρίου.
1646 1318 1666 1352 ι
1709 1299 1769 1353 '0

193 1390 304 1460 γὰρ
334 1389 594 1443 εἰσελθὼν
622 1390 701 1452 είς
722 1388 823 1460 τὴν
852 1389 1198 1444 κατάπαυσιν
1242 1389 1430 1457 αὐτοῦ,
1466 1390 1562 1444 κα)⁸
1605 1390 1771 1456 αὐτὸς

194 1480 542 1533 κατέπαυσεν
573 1479 680 1532 ἀπὸ
722 1478 831 1531 τῶν
865 1478 1041 1547 ἔργων
1075 1478 1260 1541 αὑτοῦ,
1296 1477 1486 1548 ὥσπερ
1522 1476 1631 1532 ἀπὸ
1660 1477 1769 1530 τῶν

199 1574 347 1626 ίδίων
373 1575 401 1626 6
426 1571 579 1636 Θεός.
621 1569 1031 1640 Σαϐϐατισμὸς
1066 1570 1177 1641 ἄρα
1208 1570 1348 1625 κατὰ
1383 1570 1516 1624 Θεὸν
1543 1571 1605 1624 τὸ
1632 1568 1771 1625 παύ-

198 1664 397 1718 σασθαι
429 1663 537 1717 τῶν
586 1663 729 1717 ἰδίων
763 1662 941 1734 ἔργων
976 1661 1075 1716 καὶ
1112 1661 1479 1732 θελημὰτων.
1520 1662 1586 1715 Ὃ
1616 1663 1710 1716 καὶ
1734 1663 1769 1734 ὴ

194 1756 448 1826 παροῦσα
497 1755 804 1827 προφητεία
859 1755 1015 1825 φησι.
1070 1753 1234 1824 Λέγει
1279 1754 1337 1809 δέ
1385 1753 1478 1808 καὶ
1519 1752 1765 1817 Παῦλοςθ

1867 562 2096 634 haecque
2119 563 2232 618 dies
2257 566 2472 619 sanctus
2501 572 2556 619 et
2592 563 2811 629 festum.
2838 578 2927 629 eo,
2957 564 3105 634 quo‘d
3138 567 3439 620 secundum

1867 652 2038 708 Deum
2068 662 2174 716 est,
2206 653 2342 719 otio,
2378 653 2624 720 delicate,
2668 655 2935 725 nullaque
2977 654 3229 711 molestia
3273 655 3445 711 inter-

1869 754 2093 817 ruptum
2141 746 2471 802 celebretur.
2520 746 2689 803 Decet
2734 748 2898 803 etiam
2942 762 3037 803 eos
3081 762 3151 801 ne
3196 747 3263 802 ad
3295 747 3442 817 pedis

1869 839 2090 909 quidem
2124 854 2298 910 usque
2332 841 2751 909 promOtionem,
2790 848 2885 894 aut
2933 840 3202 894 labiorum
3253 850 3445 895 conta-

1869 931 2225 986 tninationem
2257 931 2310 985 in
2342 931 2560 987 caeteris
2586 931 2820 1001 negotiis
2843 932 3123 1001 occupari,
3148 932 3240 1001 qui
3273 946 3447 986 sacrae

1873 1004 2175 1093 Scriptura:
2218 1022 2568 1078 incumbunt.
2608 1023 2679 1076 At
2724 1025 2916 1078 beatus
2944 1023 3262 1093 Apostolus,
3308 1020 3447 1091 legis

1872 1114 2067 1170 umbra
2128 1113 2365 1184 rejecta,
2424 1113 2906 1170 circumcisionem
2971 1114 3314 1184 spiritualem
3392 1120 3448 1165 et

1873 1204 2282 1262 Sabbatismum
2316 1205 2471 1275 ponit
2524 1205 2610 1261 his
2649 1206 2830 1262 verbis
2864 1221 2879 1258 :
2911 1225 2929 1258 ι
2971 1203 3177 1261 Verum
3211 1207 3449 1260 circum-

1870 1298 2011 1353 cisio
2034 1298 2242 1361 cordis,
2285 1312 2393 1352 non
2444 1298 2647 1364 littera,
2684 1298 2777 1354 sed
2824 1298 3022 1370 Spiritu
3058 1299 3125 1352 ³⁷.
3175 1318 3191 1349 ι
3226 1297 3294 1351 Ει
3328 1312 3450 1351 rur-

1870 1404 2043 1445 sum:
2093 1408 2112 1442 ι
2164 1389 2352 1459 Itaque
2430 1388 2758 1459 relinquitur
2825 1389 3193 1445 sabbatismus
3247 1388 3450 1458 p0pulo

1872 1478 2174 1534 Domini”.
2223 1498 2241 1532 ι
2297 1479 2402 1547 Qui
2445 1480 2591 1535 enim
2638 1481 2922 1551 ingressus
2971 1490 3057 1537 est
3103 1481 3158 1535 in
3202 1481 3450 1551 requiem

1871 1570 2012 1642 ejus,
2036 1581 2090 1628 et
2125 1574 2243 1643 ipse
2275 1574 2549 1645 requievit
2582 1574 2650 1628 ab
2691 1574 2951 1643 operibus
2984 1576 3136 1630 suis:
3164 1576 3385 1630 sicutet
3419 1590 3452 1629 a

1872 1662 1992 1717 suis
2024 1661 2185 1717 Deus.
2237 1662 2334 1718 Est
2373 1662 2544 1731 igitur
2579 1662 2873 1718 Sabbatum
2927 1665 3226 1727 secundum
3279 1664 3451 1720 Deum

1874 1755 2163 1821 celebrare,
2194 1772 2222 1808 a
2254 1756 2493 1827 propriis
2522 1758 2781 1827 operibus
2814 1759 3271 1829 voluntatibusque
3322 1758 3453 1813 abs~

203 1868 221 1899 ι
250 1848 443 1902 Βλέπω
471 1848 528 1901 δὲ
546 1847 733 1919 ἕτερον
760 1845 923 1916 νόμον
949 1845 1504 1915 ἀντιστρατευόμενον
1523 1842 1601 1914 τῷ
1622 1844 1770 1915 νόμῳ

1882 1848 2052 1902 linere
2084 1865 2100 1902 :
2137 1849 2282 1917 quod
2318 1849 2437 1918 ipsa
2471 1849 2686 1915 innuit,
2730 1865 2852 1920 qua:
2886 1850 3042 1905 nobis
3073 1861 3157 1907 est
3196 1852 3250 1906 in
3285 1850 3455 1905 mani-

195 1939 291 1994 τοῦ
321 1940 439 2003 νοός
470 1956 595 2009 μου.
628 1956 649 1992 ι
674 1938 834 1992 Κατὰ
861 1938 1048 1991 τοῦτον
1074 1936 1168 1990 οῦν
1196 1939 1314 1990 ἐστι
1344 1936 1418 1990 τὰ
1444 1935 1770 2005 θελήματα,

198 2032 338 2102 πρὸς
366 2031 402 2086 δι
429 2030 743 2103 ἐπιρρεπῶς
771 2028 986 2099 ἔχοντες
1007 2070 1022 2096 ,
1077 2028 1431 2099 περικόπτειν
1462 2027 1769 2097 ὀφείλομεν.

198 2124 358 2179 Οῦτω
401 2123 931 2195 γὰρ’ἐπιτελέσομεν
976 2122 1247 2177 Σάϐϐατα
1291 2121 1553 2191 τρυφερὰ
1604 2121 1773 2192 μηδὲν

198 2217 392 2286 ἔχοντα
414 2216 521 2269 τῶν
549 2214 655 2269 ἀπὸ
685 2215 909 2286 γνώμης
953 2215 1197 2285 σκληρᾶς
1232 2215 1325 2267 καὶ
1371 2212 1775 2284 ἀντιτεινούσης

199 2308 341 2379 Θεῷ,
366 2308 508 2362 κατὰ
537 2308 617 2373 τὸ,
660 2309 798 2362 «Καὶ
825 2307 1168 2379 ὲσκληρύνθη
1214 2309 1247 2377 ἠ
1276 2307 1470 2377 καρδία
1504 2306 1723 2379 Φαραώ.
1747 2327 1767 2359 ι

199 2398 388 2463 Οὕτως
411 2398 563 2469 ἔλεγε
582 2398 661 2470 τῷ
696 2398 911 2470 Ἰσραὴλ
937 2401 966 2453 ὁ
987 2398 1119 2462 Θεός
1138 2414 1153 2429 ’
1183 2416 1202 2450 ι
1224 2398 1481 2452 Γινώσκω
1506 2400 1588 2452 ὅτι
1611 2399 1777 2470 σκλη-

199 2492 297 2563 ρὸς
316 2486 381 2559 εἴ,
402 2493 496 2545 καὶ
515 2490 706 2562 νεῦρον
724 2490 973 2562 σιδηροῦν
988 2493 1016 2545 6
1030 2490 1299 2563 τράχηλός
1314 2508 1428 2556 σου,
1451 2493 1543 2544 καὶ
1562 2491 1622 2543 τὸ
1644 2491 1776 2561 μέτ-

194 2584 353 2637 ωπόν
410 2601 505 2637 σου
531 2583 785 2655 χαλκοῦν.
825 2601 845 2635 ι
881 2582 1138 2636 Βούλεται
1160 2581 1217 2636 δὲ
1240 2582 1334 2637 νῦν
1354 2584 1504 2653 ἡμᾶς
1529 2582 1778 2655 γλώττης

192 2679 301 2731 καὶ
331 2676 503 2748 θυμοῦ
557 2675 971 2747 περιγίνεσθαιο
1011 2694 1030 2727 ι
1070 2675 1219 2738 Εἴτις
1256 2674 1363 2745 γὰρ
1418 2676 1476 2728 ὲν
1519 2674 1663 2745 λόγῳ
1714 2676 1775 2730 οὐ

197 2769 409 2829 πταίει,
439 2761 593 2831 οὗτος
618 2766 826 2831 τέλειος
854 2766 1015 2838 ἀνὴρ,
1058 2766 1283 2829 δυνατὸς
1331 2766 1778 2838 χαλιναγωγῆσαι

196 2860 303 2914 καὶ
328 2862 446 2914 ὅλον
477 2859 537 2911 τὸ
579 2859 761 2929 σῶμα.
808 2877 827 2911 ι
868 2860 980 2913 Καὶ
1026 2858 1212 2913 πάλιν
1255 2876 1274 2909 ι
1322 2858 1486 2929 Ἀνὴρ
1527 2857 1781 2929 θυμώδης

196 2953 307 3005 οὐκ
335 2951 646 3021 εὐσχήμων.
684 2969 704 3002 ›
732 2950 862 3014 Καὶ,
898 2967 919 3002 ι
967 2948 1134 3021 Ὀργὴ
1165 2951 1272 3020 γὰρ
1298 2950 1489 3021 ἀνδρὸς
1509 2948 1782 3003 δικαιοσύ-

198 3060 306 3113 νην
326 3042 461 3095 Θεοῦ
487 3042 587 3096 οὐκ
614 3040 930 3111 ἐργάζεται.
968 3060 988 3094 ι
1016 3041 1301 3106 Τοιούτους
1328 3038 1466 3095 εἶναι
1489 3042 1615 3105 τοὺς
1639 3042 1783 3095 σαϐ-

1876 1939 1981 1996 bus
2012 1941 2321 2013 prepbetia.
2367 1940 2507 1995 Dicit
2551 1958 2680 1998 vero
2728 1945 2891 1999 etiam
2934 1945 3081 2000 hunc
3133 1945 3185 1998 in
3227 1942 3452 1998 modum

1874 2032 2174 2102 Apostolus
2210 2050 2223 2086 :
2261 2050 2279 2082 ι
2320 2030 2495 2088 Video
2534 2042 2716 2088 autem
2746 2035 2909 2088 aliam
2953 2035 3125 2105 legem
3155 2050 3458 2104 repugnan-

1878 2133 1983 2178 tem
2028 2123 2128 2194 legi
2180 2125 2377 2178 mentis
2418 2139 2553 2179 mea:
2589 2124 2655 2177 ".
2689 2144 2707 2176 ι
2745 2123 2887 2178 Sunt
2935 2125 3117 2195 itaque
3173 2142 3240 2181 ex
3287 2127 3455 2194 hujus

1832 2259 1839 2270 .
1879 2213 2174 2275 sententia,
2205 2210 2528 2277 voluntates,
2562 2227 2701 2281 quas
2729 2212 3128 2267 circumcidere
3168 2223 3223 2267 et
3260 2227 3454 2284 ampu-

1877 2310 2017 2368 tare,
2059 2318 2183 2356 cum
2220 2303 2288 2357 ad
2317 2319 2410 2359 eas
2440 2304 2796 2373 procliviores
2822 2320 3035 2369 sumus,
3073 2305 3353 2361 debemus.
3380 2305 3457 2361 Ita

1878 2396 2026 2451 enim
2058 2394 2295 2450 Sabbata
2320 2395 2579 2460 delicata,
2614 2411 2735 2465 qua:
2769 2396 3008 2461 molesti,
3050 2395 3270 2467 Deoque
3306 2398 3456 2452 relu-

1880 2488 2083 2541 ctantis
2138 2488 2308 2541 animi
2348 2486 2486 2539 nihil
2537 2486 2791 2553 habeant,
2848 2496 2908 2541 ut
2960 2488 3090 2542 olim
3136 2487 3456 2543 induratum

1880 2592 2003 2633 esse
2037 2594 2132 2633 cor
2173 2578 2478 2634 Pharaonis
2527 2579 2761 2650 legimus
2805 2578 2872 2645 ‘°,
2920 2582 3194 2651 peracturi
3244 2595 3459 2636 sumus.

1884 2669 1977 2725 Sic
2007 2679 2062 2726 et
2097 2669 2354 2726 lsraelem
2389 2666 2533 2727 Deus
2561 2672 2864 2741 alloquitur
2906 2687 2920 2723 :
2952 2690 2970 2723 ι
3004 2669 3295 2743 Cognbsco
3323 2688 3462 2742 quo-

1881 2763 2032 2817 niam
2078 2764 2250 2817 durus
2297 2777 2393 2826 es,
2427 2771 2479 2817 et
2524 2777 2729 2817 nervus
2769 2762 2983 2818 ferreus
3032 2764 3231 2818 collum
3281 2772 3460 2830 tuum,

1883 2852 2070 2909 cervix
2098 2862 2188 2907 tua
2221 2867 2363 2908 aerea
2394 2851 2463 2908 ⁸⁸.
2503 2871 2524 2905 ›
2554 2851 2684 2907 Vult
2716 2861 2896 2908 autem
2929 2853 3034 2908 hoc
3063 2854 3183 2909 loco
3219 2855 3461 2925 linguam

1882 2962 1986 3003 nos
2016 2949 2084 3015 [et
2138 2944 2477 3001 iracundiam
2522 2944 2798 3001 cohibere.
2836 2962 2855 2996 ι
2898 2944 2957 2999 Si
3015 2946 3139 3016 quis
3197 2948 3340 3003 enim
3405 2949 3461 3003 in

1884 3055 2139 3098 sermone
2178 3054 2288 3095 non
2315 3038 2559 3103 labitur;
2592 3038 2682 3093 hic
2716 3038 2993 3108 perfectus
3028 3040 3191 3112 663
3232 3048 3319 3095 est
3355 3040 3459 3106 vir,

196 3135 548 3200 σατίζοντας
579 3134 850 3205 βούλεται,
877 3134 975 3188 καὶ
1001 3134 1127 3199 τοὺς
1154 3135 1445 3202 νηστείαν
1483 3133 1781 3198 καλοῦντας

1889 3142 2084 3206 potens
2121 3135 2278 3189 freno
2313 3140 2487 3187 totum
2532 3147 2734 3203 corpus
2761 3131 3177 3188 circumducere
3205 3130 3293 3187 δ”.
3341 3152 3361 3184 ι
3397 3131 3464 3188 Et

196 3227 449 3294 δεκτήν.
486 3201 642 3281 Οῦτω
675 3227 785 3297 γὰρ
812 3229 953 3296 ἔσῃ,
984 3227 1138 3300 φησι,
1189 3201 1509 3295 πεποιθὼς,
1545 3227 1645 3280 οὑκ
1687 3227 1780 3280 ἐπὶ

1884 3240 2105 3282 rursum
2135 3244 2150 3281 :
2178 3244 2196 3277 ι
2225 3223 2321 3279 Vir
2349 3223 2671 3290 iracundus,
2704 3224 2931 3278 minime
2954 3224 3183 3293 pulcher
3212 3222 3281 3276 δ’.
3312 3242 3332 3276 ι
3353 3221 3419 3277 Et
3447 3241 3463 3278 :

199 3315 399 3387 σαθρῷ
431 3334 536 3369 τινι
566 3317 659 3370 καὶ
685 3317 1004 3388 προσκαίρῳ
1052 3317 1359 3388 πράγματι,
1391 3317 1507 3371 ἀλλ’
1554 3318 1652 3371 ἐπὶ
1702 3318 1782 3382 τῷ

1889 3334 1910 3369 ι
1944 3315 2029 3371 lra
2069 3315 2215 3371 enim
2263 3314 2369 3369 viri
2414 3313 2688 3383 justitiam
2732 3313 2825 3369 Dei
2874 3330 2984 3369 non
3030 3322 3289 3384 operatur
3330 3315 3399 3368 “.
3438 3334 3458 3367 ι

198 3409 428 3463 πάντων
481 3408 601 3472 Θεῷ
634 3408 862 3482 παρῤὦν
894 3422 921 3450 ει
952 3412 1033 3473 εἰς
1077 3412 1168 3464 τὸν
1214 3410 1492 3464 ἐπίλοιπον
1540 3410 1672 3480 βίον,
1709 3409 1785 3474 ώς

1886 3406 2049 3462 Tales
2095 3422 2189 3463 eos
2228 3421 2372 3469 esse,
2425 3406 2520 3476 qui
2572 3404 2868 3461 Sabbatum
2913 3407 3211 3472 observant,
3257 3406 3464 3477 quique

200 3500 349 3570 ἔχων
371 3498 624 3569 ἀψευδεῖς
651 3498 818 3553 αὐτοῦ
847 3501 946 3563 τὰς
969 3499 1323 3569 ἐπαγγελίας,
1357 3502 1413 3553 ἐν
1437 3495 1525 3563 αίς
1550 3500 1665 3553 ἔστι
1691 3500 1782 3553 καὶ

1882 3499 2145 3570 jejunium
2172 3508 2446 3569 acceptum
2472 3507 2690 3563 vocant,
2740 3499 2859 3570 ipse
2899 3507 3142 3569 exoptat.
3184 3498 3258 3553 Ita
3294 3501 3463 3565 enim,

197 3598 267 3648 τδ
293 3596 395 3648 ἐπί
425 3612 559 3650 τινα
591 3595 708 3667 γῆν
736 3596 845 3650 ἀπὸ
872 3596 971 3666 τῆς
1008 3595 1243 3651 ἐνταῦθα
1271 3596 1551 3668 διατριϐῆς
1580 3596 1784 3651 ἀναϐι-

201 3675 508 3758 ϐασθῆναι
559 3690 883 3761 τευξόμενον
933 3692 1178 3747 ἐκείνωνο
1216 3713 1235 3746 ι
1277 3694 1343 3747 Ἀ
1369 3694 1643 3765 ὀφθαλμὸς
1689 3695 1788 3748 οὑκ

199 3777 338 3846 εἶδε,
365 3783 460 3834 καὶ
488 3777 580 3844 οῦς
597 3782 696 3835 οὐκ
719 3783 971 3852 ῆκουσεν,
996 3784 1091 3837 καὶ
1121 3785 1213 3838 ἐπὶ
1236 3784 1462 3856 καρδίαν
1496 3784 1785 3856 ἀνθρώπου

200 3871 310 3923 οὐκ
359 3870 550 3941 ἀνέϐη,
596 3890 615 3923 ι
661 3872 755 3924 καλ⁵
805 3871 1181 3928 ἀπολαύσοντα
1211 3874 1310 3944 τῆς
1350 3875 1787 3946 ἐπηγγελμένης.

202 3964 325 4025 τοῖς
352 3960 596 4033 πατράσι
612 3964 819 4032 τροφῆς
843 3965 1220 4036 πνευματικῆς
1238 3967 1296 4019 ἐν
1318 3967 1383 4038 τῇ
1400 3966 1511 4020 ἄνω
1533 3967 1791 4038 κειμένης

202 4053 390 4115 πόλει,
436 4053 566 4124 περὶ
606 4048 674 4126 ἧς
702 4053 731 4106 6
761 4052 972 4119 Παῦλός
1020 4072 1187 4126 φησιν
1208 4070 1223 4085 °
1260 4074 1280 4109 ‹
1313 4058 1377 4110 Οἱ
1426 4058 1535 4130 γὰρ
1567 4058 1792 4112 τοιαῦτα

202 4148 485 4218 λέγοντες,
520 4150 914 4218 ἐμφανίζουσιν
939 4152 1020 4206 ὅτι
1054 4152 1289 4223 πατρίδα
1318 4152 1592 4226 ζητοῦσιν.
1636 4174 1654 4207 ι
1681 4154 1793 4209 Καὶ

208 4237 261 4289 εί
294 4237 396 4307 μὲν
423 4236 641 4309 ἐκείνην
670 4236 895 4310 ἐζήτουν
922 4241 1015 4310 ἀφ’
1037 4236 1105 4314 ἦς
1132 4242 1375 4313 ἐξῆλθον,
1404 4238 1551 4314 εἶχον
1576 4244 1644 4299 ἂν
1672 4263 1795 4299 και-

211 4330 308 4403 ρὸν
346 4331 692 4401 ἀνακάμψαι.
722 4331 838 4384 Νῦν
876 4332 934 4385 δὲ
967 4333 1275 4406 κρείττονος
1314 4337 1618 4409 ὀρέγονται,
1650 4337 1795 4392 τοῦτ’

210 4423 364 4476 ἔστιν
386 4423 731 4494 ἐπουρανίου.
766 4425 889 4478 ’Ότι
918 4424 975 4478 δὲ
1000 4425 1215 4489 πάντως
1244 4425 1392 4480 ἔσται
1414 4426 1606 4491 ταῦτα,
1638 4427 1791 4494 Θεὸς,

213 4517 405 4587 φησὶν,
451 4516 600 4570 ἐστὶν
628 4520 661 4571 d
703 4517 1128 4587 φθεγξάμενος.
1176 4518 1335 4572 Ἀλλὰ
1365 4519 1483 4583 πῶς
1511 4520 1588 4583 ώς
1622 4522 1791 4592 μήπω
1814 4539 1869 4598 D

209 4607 333 4677 τὴν
360 4607 481 4678 γῆν
516 4610 615 4678 τῆς
661 4610 996 4678 ἐπαγγελίας
1046 4610 1340 4680 λαχόντων,
1372 4615 1452 4677 εἰς
1490 4614 1556 4685 ῆν
1600 4614 1798 4681 αὐτοὺς

210 4702 516 4772 εἰσήγαγεν
558 4700 766 4772 Ἰησοῦς
816 4702 843 4754 ό
874 4701 967 4755 τοῦ
1008 4703 1187 4773 Navi],
1219 4704 1314 4757 νῦν
1361 4704 1577 4760 δίδωσιν
1622 4708 1799 4776 ἐπαγ-

210 4796 406 4866 γελξαν
437 4794 677 4861 εἰσάξειν
706 4797 928 4864 αὐτούς
959 4799 1131 4867 Δῆλον
1158 4794 1251 4853 οὖν
1279 4799 1355 4863 do;
1400 4802 1526 4872 περὶ
1567 4802 1665 4872 τῆς
1693 4802 1802 4855 τών

212 4889 444 4959 πραέων
491 4890 677 4959 φησίν.
710 4890 869 4953 Τινὲς
899 4890 956 4945 δέ
998 4891 1093 4962 τὴν
1133 4892 1242 4945 ἀπὸ
1277 4891 1379 4960 τῆς
1422 4893 1801 4962 αἰχμαλωσίας

212 4979 405 5033 ᾶνοδόν
442 4996 608 5047 φασιν
643 4980 827 5042 αὐτοῖς
848 4980 1300 5049 ἐπαγγέλλεσθαι.
1328 4981 1391 5035 Οἳ
1438 4984 1533 5035 καὶ
1569 4984 1636 5037 τὰ
1666 4984 1805 5038 ἀνω-

215 5069 364 5139 τέρω
395 5071 726 5139 σωματικῶς
751 5071 1090 5142 ἐξηγήσαντο
1118 5073 1247 5144 περὶ
1269 5072 1361 5127 τοῦ
1386 5074 1709 5143 πιανθῆναι
1732 5074 1805 5129 τὰ

221 5162 398 5225 ὀστᾶ,
446 5164 543 5215 καὶ
598 5163 1040 5235 παραϐάλλεσθαι
1091 5163 1263 5233 κήπῳ
1310 5166 1658 5235 πολυύδρω,
1704 5169 1803 5221 καὶ

217 5253 387 5322 πηγῇ
409 5254 494 5322 μὴ
522 5255 932 5325 ὐστερουμέητ
970 5256 1208 5323 ὓδατος.
1255 5257 1365 5311 Καὶ
1394 5259 1474 5312 ὅτι
1501 5257 1572 5312 τὰ
1615 5258 1805 5326 ἔρημα

218 5346 333 5415 τῆς
354 5348 587 5412 πόλεως
608 5348 1239 5419 ἀνοικοδομηθήσεται,
1261 5350 1353 5405 καὶ
1378 5350 1613 5405 ἐπιπολὺ
1634 5350 1803 5404 ταῦτα

296 5527 337 5558 ³⁷
372 5524 599 5585 Rom.u.
624 5525 717 5582 29.
793 5524 838 5556 ³⁸
864 5524 1028 5582 Hebr.
1054 5542 1131 5592 ιν,
1163 5526 1220 5583 9.
1295 5527 1339 5560 "
1364 5526 1524 5583 Rom.
1552 5542 1655 5591 vn,
1693 5526 1782 5580 95.

300 5596 436 5648 ibid.
511 5596 559 5628 ⁸³
580 5594 699 5648 Jac.
730 5612 769 5648 ι.
797 5596 889 5648 20.
966 5598 1010 5629 ὀδ
1038 5598 1144 5648 Isa.
1177 5614 1323 5648 mur-
1352 5597 1426 5648 2:
1461 5597 1631 5648 lCor.
1668 5612 1727 5648 ιι.

1882 5525 1908 5556 κο
1940 5520 2112 5576 Exod.
2156 5536 2230 5587 tv,
2259 5518 2351 5573 2|.

1882 5595 1887 5623 ‘
1928 5592 2094 5648 Hebr.
2141 5607 2217 5648 χι.
2256 5590 2338 5645 14.

225 5596 273 5626 ⁸³
300 5596 436 5652 ibid.
511 5596 559 5628 “
580 5594 699 5651 Jac.
730 5612 769 5661 t,
797 5596 889 5653 20.
966 5598 1010 5629 ὀδ
1038 5598 1144 5654 lsa.
1177 5614 1325 5668 ωιιν,
1352 5597 1426 5667 2;
1461 5597 1631 5653 lCor.
1668 5612 1727 5650 ιι.

1888 3591 2088 3662 inquit,
2119 3591 2224 3645 eris
2249 3590 2541 3661 conﬁdens,
2571 3606 2682 3645 non
2710 3591 2765 3645 in
2800 3606 2910 3646 rem
2940 3591 3179 3660 aliquam
3216 3591 3467 3646 imbecil-

1888 3684 1994 3739 lem
2016 3690 2071 3738 et
2102 3690 2573 3749 [nomentaneanu
2606 3682 2703 3738 sed
2737 3684 2793 3738 in
2822 3676 3069 3738 cinnium
3092 3684 3379 3739 Dominum
3413 3698 3468 3739 ct

1889 3775 2082 3831 Deum.
2114 3773 2215 3840 Ita,
2250 3774 2500 3844 inquam,
2537 3774 2648 3830 eris
2686 3774 2755 3830 de
2798 3775 3015 3845 reliqua
3061 3776 3321 3847 deinceps
3357 3779 3467 3832 vita

1890 3881 2155 3932 securus;
2216 3872 2476 3935 tanquam
2531 3866 2624 3935 qui
2673 3872 2854 3922 certas
2898 3867 3020 3936 ejus
3071 3869 3470 3938 promissioncs

1892 3960 2141 4015 habeas:
2192 3958 2249 4012 in
2304 3959 2505 4028 quibus
2552 3966 2607 4013 et
2637 3958 2742 4015 ista
2797 3966 2921 4025 est;
2973 3961 3119 4030 quod
3170 3961 3238 4017 ab
3293 3963 3472 4018 istbac

1891 4052 2314 4110 conversatione
2341 4052 2395 4105 in
2434 4060 2632 4105 terram
2663 4050 2897 4122 aliquam
2934 4053 3220 4107 elevanda;
3250 4072 3327 4121 es,
3376 4056 3472 4111 ubi

1892 4146 2052 4202 bouis
2082 4145 2191 4199 illis
2226 4144 2456 4214 potiaris
2491 4161 2504 4197 :
2544 4160 2564 4194 ι
2599 4141 2733 4209 Quae
2781 4159 2883 4198 nec
2931 4145 3126 4200 oculus
3169 4147 3323 4211 vidit,
3371 4164 3473 4203 nec

1894 4238 2045 4293 auris
2079 4235 2310 4299 audivit,
2345 4249 2445 4289 nec
2472 4234 2526 4287 in
2556 4248 2653 4288 cor
2685 4234 2924 4289 hominis
2948 4235 3319 4291 ascenderunt
3351 4238 3416 4303 “;
3446 4258 3465 4290 ι

1895 4329 2027 4394 imo,
2052 4328 2144 4382 ubi
2182 4334 2240 4382 et
2278 4326 2373 4380 illo
2403 4325 2593 4389 etiam,
2631 4324 2777 4394 quod
2824 4323 3080 4380 Patribus
3133 4328 3470 4396 promissum

1894 4428 2002 4487 est,
2038 4417 2273 4488 spiritali
2320 4417 2583 4470 alimento
2630 4414 2899 4470 fruiturus
2947 4416 3060 4482 sis;
3105 4419 3250 4487 quod
3295 4420 3348 4474 in
3382 4422 3474 4476 illa
3554 4396 3561 4413 δ

1896 4512 2179 4583 superiore
2211 4509 2436 4564 civitate
2465 4506 2804 4573 reconditur,
2848 4506 3019 4563 Paulo
3066 4518 3204 4565 teste
3232 4511 3317 4567 bis
3352 4529 3474 4568 ver-

1900 4604 1986 4660 bis
2014 4620 2029 4658 :
2053 4621 2072 4654 ι
2099 4602 2205 4667 Qui
2238 4601 2385 4655 enim
2414 4598 2531 4654 haec
2562 4598 2775 4664 dicunt,
2808 4600 3122 4671 signiﬁcant
3152 4618 3213 4659 se
3240 4608 3474 4675 patriam

1899 4693 2178 4763 inquirere
2221 4691 2290 4747 ⁸⁸.
2322 4710 2341 4744 ›
2378 4689 2445 4743 Et
2489 4689 2760 4760 siquidem
2816 4691 2963 4745 illam
3023 4707 3352 4763 quaererent,
3409 4698 3477 4755 de

1900 4802 2009 4857 qua
2038 4785 2310 4850 exierunt,
2341 4782 2634 4855 habebant
2668 4791 2883 4854 tempus
2938 4790 3270 4844 revertendi.
3318 4790 3476 4848 Nunc

1902 4889 2084 4935 autem
2140 4878 2417 4932 meliorem
2448 4885 2733 4947 appetunt,
2804 4877 2856 4932 id
2913 4889 3019 4943 est,
3060 4883 3362 4939 caelestem,
3398 4886 3478 4941 Nc

1901 4973 2028 5044 quis
2050 4986 2182 5027 vero
2210 4970 2436 5025 omnino
2475 4970 2580 5024 ista
2612 4966 2798 5023 futura
2840 4985 2961 5025 esse
2994 4971 3298 5041 dubitaret;
3334 4976 3478 5032 Deus

1902 5072 2011 5131 est,
2040 5062 2246 5133 inquit,
2270 5060 2365 5132 qui
2394 5077 2458 5115 ea
2486 5059 2690 5113 locutus
2711 5069 2808 5115 est.
2839 5060 2940 5127 Qui
2975 5073 3177 5129 autem,
3215 5073 3475 5135 tanquam

1902 5157 2149 5214 nondum
2182 5170 2303 5211 eam
2350 5154 2735 5225 promissionis
2784 5162 2981 5209 terram
3028 5157 3206 5227 adepti
3248 5159 3378 5225 sint,
3422 5159 3479 5213 in

1902 5266 2065 5322 quam
2090 5259 2221 5304 sunt
2260 5262 2357 5317 per
2395 5245 2580 5300 .lesum
2626 5244 2775 5301 Nave
2814 5246 3054 5313 deducti,
3081 5249 3135 5303 in
3160 5266 3223 5305 ea
3251 5267 3310 5307 se
3335 5268 3483 5309 nunc

1903 5344 2029 5399 illos
2064 5341 2420 5396 inducturum
2452 5336 2785 5408 pollicetur?
2812 5339 2911 5394 Est
2938 5339 3106 5412 igitur
3126 5356 3251 5397 eum
3282 5343 3350 5400 de
3374 5346 3484 5400 mi-

2459 5516 2500 5549 “
2529 5516 2634 5575 lsa.
2675 5534 2858 5586 XLVIII,
2888 5518 2942 5573 4.
3043 5522 3123 5559 ἰ*
3139 5521 3258 5583 Jac.
3313 5540 3395 5590 ιιι,
3423 5524 3481 5581 2.

1601 5710 1834 5767 VARUS
1866 5708 2277 5769 LECTIONES.

332 5816 361 5846 ι
393 5823 479 5878 γρ.
513 5804 754 5877 θαρρῶν.
