3998 6390
601 312 743 379 2599
1796 377 1799 379 ἓ
1933 303 2190 367 ΡΒΟΕΟἸ

2291 305 2295 362 ζ
2331 301 2579 363 ΟΑΖᾹΞΙ
3696 311 3809 378 2600

598 429 734 484 tium
761 436 908 483 terra
942 425 1251 497 intelligere
1283 424 1640 497 perspicuum
1673 422 1742 481 ιο.
1778 442 1798 478 ι
1830 423 2190 480 Arbitrantur

2297 422 2577 494 στήσεται.
2609 419 2779 475 Μένει
2800 418 2857 474 δὲ
2884 417 2980 473 καὶ
3002 418 3311 492 ἀπόρθητος
3340 420 3532 493 μηκέτι
3550 423 3699 491 δίοδος
3720 433 3812 485 too.

597 529 783 575 tamen
807 520 1052 575 nonnulli
1078 519 1448 575 reversionem
1473 517 1820 590 Babylonica;
1845 517 2189 588 captivitatis

2291 511 2429 583 μένη
2453 510 2562 565 τῶν
2583 509 2920 578 ἀλλοφύλων.
2948 510 3432 580 Φρουρηθήσεται
3456 514 3556 584 γὰρ
3577 516 3671 570 ὑπὸ
3688 518 3811 591 Θεώ,

597 627 722 667 eum
758 611 1044 683 polliceri:
1073 611 1169 681 qui
1202 611 1294 666 illa
1332 610 1497 665 etiam
1550 609 1838 681 superiora
1878 609 1948 663 de
1983 609 2190 663 ossium

2291 601 2707 674 μεταϐαλόντων
2757 602 2915 672 ὑμῶν
2973 601 3111 672 πρὸς
3166 602 3387 675 ἀρετήν.
3449 604 3689 660 Ἐκάστου
3728 612 3811 683 γὰρ

600 705 957 775 saginatione,
984 703 1052 760 de
1074 703 1480 774 hortoirriguo,
1504 700 1683 773 deque
1710 700 1855 770 fonte
1884 698 2002 765 illo,
2036 698 2189 768 cujus

2291 694 2493 766 ἀνδρὸς
2519 692 2759 765 φρουρὰ,
2794 694 2858 747 τὸ
2894 692 3259 748 ἐντυποῦσθαι
3288 694 3439 766 παρὰ
3466 695 3598 767 Θεῷ,
3624 700 3705 753 καὶ
3735 719 3813 769 φυ.

599 814 739 867 aqua
770 814 1040 869 nunquam
1078 797 1317 867 deﬁciat,
1350 794 1719 866 corporaliter
1762 793 2065 863 explicant.
2118 789 2190 847 Ut

2291 786 2502 842 λάττειν
2527 786 2599 841 τὰ
2626 786 2854 858 νόμιμα,
2883 784 2978 838 καὶ
3010 786 3081 838 τὰ
3125 783 3416 869 ξάϐϐατα,
3449 784 3484 839 ἃ.
3511 786 3814 859 πλημμελοῦ-

598 888 691 943 illa
722 890 909 955 etiam,
958 904 1082 943 cum
1130 888 1341 942 deserta
1393 887 1625 941 civitatis
1674 885 2042 961 instauratum
2092 882 2185 949 iri,

2292 895 2379 935 σιν
2432 880 2483 933 οἱ
2532 879 2606 950 μὴ
2661 877 3041 948 φυλάττοντες.
3103 868 3264 928 Οὗτοι
3319 877 3428 946 γὰρ
3479 874 3692 942 ἐξιόντες
3741 882 3815 950 τῆς

597 996 721 1035 cum
749 980 960 1036 diutius
994 998 1119 1037 esse
1166 994 1569 1052 permansura;
1617 994 1742 1033 cum
1787 991 1889 1033 nec
1921 975 2040 1031 fore
2065 989 2185 1029 am-

2292 971 2529 1037 πόλεως,
2570 969 2651 1033 ὡς
2691 970 2879 1025 ἄδειαν
2903 967 3161 1030 λαϐόντες
3189 967 3280 1021 τοῦ
3306 968 3647 1039 ἁμαρτάνειν,
3674 986 3814 1042 παρα.

596 1072 743 1143 plius
773 1074 1163 1144 expugnationi
1196 1073 1516 1139 obnoxiam,
1565 1087 1667 1126 nec
1711 1068 2039 1138 alienigenis
2072 1080 2189 1137 per-

2293 1063 2540 1119 σαίνουσι
2565 1078 2581 1093 ο
2619 1062 2740 1116 δέον
2771 1062 2900 1124 τοὺς
2934 1058 3363 1123 σαϐϐατίζοντας
3393 1061 3653 1131 πανταχοῦ
3695 1064 3815 1116 τοῦτο

595 1164 777 1231 viam;
810 1166 905 1221 sed
958 1182 987 1220 a
1040 1165 1172 1231 Deo,
1207 1167 1254 1221 si
1286 1166 1558 1223 virtutem
1608 1163 1710 1234 ipsi
1761 1163 2187 1232 amplectentur,

2296 1159 2492 1221 ποιεῖν,
2528 1155 2623 1210 καὶ
2651 1154 2721 1209 τὰ
2745 1153 2898 1224 ἑξῆς.

595 1262 856 1315 munitam
896 1276 960 1313 ac
989 1258 1270 1315 defensam
1303 1258 1655 1328 signiﬁcavit.
1684 1256 1780 1312 Est
1806 1256 1953 1311 enim
1987 1255 2041 1308 in
2067 1254 2173 1308 hoc
2210 1250 2418 1322 optime
2450 1249 2784 1304 collocatum
2838 1247 3108 1317 cujusque
3158 1244 3500 1315 praesidium,
3540 1245 3584 1301 si
3659 1261 3686 1300 ιι
3739 1247 3818 1304 Deo

597 1353 961 1418 informatur;
1011 1352 1169 1423 sique
1202 1367 1325 1423 quae
1365 1352 1517 1421 justa
1566 1359 1719 1413 sunt,
1757 1364 1884 1404 cum
1934 1346 2187 1404 Sabbatis
2228 1345 2523 1399 observet:
2551 1344 2605 1396 in
2639 1358 2763 1412 qua:
2820 1350 2992 1408 agunt
3049 1330 3319 1409 intp'robe,
3358 1341 3446 1409 qui
3477 1354 3537 1394 ea
3561 1356 3655 1395 non
3676 1352 3821 1397 custo-

597 1447 774 1501 diunt.
806 1445 898 1499 Isti
950 1461 1185 1515 namque
1222 1446 1447 1501 civitate
1494 1443 1730 1515 egressi,
1782 1442 1936 1497 velut
1994 1440 2187 1509 adepta
2230 1436 2495 1509 peccandi
2538 1435 2704 1507 664I
2738 1434 2980 1499 licentia,
3013 1434 3139 1486 vitia
3188 1441 3510 1498 sectantur;
3575 1450 3687 1488 cum
3750 1453 3820 1489 eos

598 1541 838 1605 deceret,
869 1538 962 1608 qui
995 1538 1294 1593 Sabbatum
1315 1538 1526 1601 colunt,
1560 1536 1698 1592 illud
1728 1536 1951 1606 ubique,
1983 1542 2039 1590 et
2068 1548 2191 1605 qua:
2225 1531 2513 1603 deinceps,
2546 1532 2864 1584 observare.

1201 1633 1356 1691 CAP.
1390 1633 1526 1688 LIX.

669 1727 834 1800 685
863 1726 1030 1782 Vens.
1063 1726 1214 1782 1-18.
1247 1725 1505 1792 Nunquid
1540 1742 1645 1779 non
1673 1735 2048 1795 potestmanus
2079 1722 2190 1778 Do-

599 1820 730 1873 mini
764 1819 940 1874 salvos
975 1819 1194 1888 facere?
1272 1829 1365 1872 aut
1401 1829 1691 1889 aggravata
1747 1828 1826 1873 est
1880 1819 2029 1873 auris
2054 1818 2188 1888 ejus,

597 1921 655 1965 ut
685 1928 788 1964 non
834 1911 1087 1964 exaudiat
1125 1913 1148 1965 ἱ)
1182 1911 1286 1964 into
1316 1922 1535 1979 peccata
1587 1919 1759 1964 vestra
1789 1908 2074 1964 dissidium
2104 1908 2192 1977 [a-

600 2004 748 2056 ciunt
786 2003 921 2057 inter
948 2019 1033 2056 vos
1065 2012 1113 2056 et
1136 2001 1324 2067 Deum,
1349 2010 1399 2056 et
1417 2013 1635 2072 prapter
1659 2002 1965 2073 iniquitates
1989 2012 2191 2056 vestras

599 2096 790 2148 avertit
811 2095 1006 2164 facient
1040 2112 1071 2148 a
1124 2095 1293 2161 vobis,
1326 2104 1383 2148 ut
1446 2112 1553 2151 non
1603 2097 1940 2150 misereatur.
1995 2093 2191 2148 Manus

595 2186 737 2240 enim
757 2195 944 2240 vestra:
971 2184 1195 2253 polluta:
1223 2194 1349 2239 sunt
1389 2186 1671 2255 sanguine,
1701 2193 1755 2240 et
1816 2184 1973 2256 digiti
2030 2187 2193 2241 vestri

596 2276 847 2344 peccatis,
880 2285 988 2329 etc.

667 2369 835 2440 666
875 2367 1139 2422 Absoluta
1155 2367 1221 2422 de
1246 2366 1412 2422 rebus
1426 2367 1653 2439 agendis
1674 2367 2070 2438 disputatione.
2094 2366 2193 2423 de-

598 2477 707 2532 que
730 2460 1010 2531 agentium
1048 2459 1132 2516 vel
1160 2476 1273 2513 non
1298 2461 1578 2531 agentium
1607 2459 1848 2529 praemiis
1880 2465 1936 2513 et
1967 2459 2148 2529 pinnis
2177 2474 2191 2511 :

600 2570 767 2620 nunc,
801 2560 1060 2621 tanquam
1122 2564 1475 2607 contumaces
1502 2560 1557 2605 ct
1591 2552 1796 2622 lapsos,
1831 2550 2063 2622 ideoque
2091 2551 2194 2605 im-

599 2645 829 2715 probos,
872 2643 1155 2699 convincit
1187 2652 1241 2697 et
1265 2645 1471 2713 arguit.
1509 2642 1737 2709 Deinde,
1766 2643 1895 2713 quia
1921 2643 2062 2697 bello
2096 2659 2190 2697 ur-

602 2745 764 2809 gente
794 2737 1081 2808 jejunasse
1113 2752 1193 2803 se,
1244 2752 1424 2808 neque
1476 2736 1647 2791 Deum
1699 2747 1880 2791 tanten
1907 2734 1973 2790 ad
2018 2734 2071 2791 id
2098 2735 2194 2791 ad-

599 2828 862 2892 vertisse,
898 2828 1180 2891 dicebant,
1213 2843 1311 2884 eos
1369 2828 1489 2898 ipse
1546 2827 1854 2883 vehementi
1906 2826 1960 2880 in
2018 2825 2190 2882 Deum

600 2936 790 2976 amore
816 2920 1143 2991 compulsus
1186 2918 1453 2990 propheta
1492 2917 1889 2989 reprehendit;
1945 2916 2188 2972 servari-

2213 1637 2261 1699 B

2882 1623 3132 1677 κεφιιιι.
3174 1622 3305 1689 Ns;

2367 1714 2534 1787 α’.ιη’,
2573 1718 2667 1784 Μὴ
2694 1718 2805 1770 οὐκ
2829 1714 3080 1781 ισχύειή
3107 1715 3235 1782 χεὶρ
3264 1715 3482 1782 Κυρίου
3505 1714 3603 1767 τοῦ
3634 1716 3821 1785 micat;

2293 1811 2331 1881 ἣ
2354 1810 2609 1879 ἐϐάρυνε
2635 1809 2703 1862 τὸ
2724 1804 2835 1875 οὖς
2856 1807 3044 1862 αὐτοῦ
3067 1807 3175 1861 τοῦ
3193 1805 3281 1875 μὴ
3302 1806 3643 1860 εἰσακοῦσαι
3663 1824 3680 1874 ;
3697 1810 3820 1864 ἀλλὰ

2292 1907 2367 1959 τὰ
2391 1902 2790 1974 ἁμαρτήματα
2810 1899 2979 1970 ὑμῶν
2996 1898 3315 1953 ὅιιστῶσιν
3337 1898 3453 1952 ἀνὰ
3475 1898 3654 1967 μέσον
3674 1899 3816 1967 ὑμῶνν

2293 1996 2393 2051 καὶ
2433 1995 2551 2050 ἀνὰ
2569 1992 2768 2063 μέσον
2794 1991 2902 2047 τοῦ
2962 1991 3132 2048 Θεοῦ.
3182 1994 3290 2046 Καὶ
3344 1989 3442 2043 διὰ
3463 1990 3564 2056 τὰς
3585 1992 3819 2059 ἁμαρτίας

2293 2089 2462 2158 ὑμῶν
2489 2087 2840 2157 ἀπέστρεψε
2865 2086 2933 2141 τὸ
2964 2088 3296 2155 πρόσωπον
3320 2085 3420 2153 ἀφ’
3442 2082 3618 2152 ὑμῶν,
3644 2070 3737 2138 ’τοῦ
3754 2086 3816 2154 μὴ

2292 2182 2567 2252 ἐλεῆσαι.
2594 2183 2660 2238 Αἱ
2690 2179 2802 2252 γὰρ
2826 2180 3022 2250 χεῖρες
3052 2177 3219 2249 ὑμῶν
3236 2177 3669 2246 μειιολυσμέναι
3688 2179 3817 2245 αἷμα-

2293 2292 2368 2339 τι,
2391 2276 2488 2329 καὶ
2514 2276 2567 2328 οι
2602 2273 2893 2327 δάκτυλοι
2913 2270 3083 2341 ὑμῶν
3112 2271 3183 2325 ἐν
3211 2270 3546 2339 ἁμαρτίαις,
3583 2285 3633 2323 κ.
3656 2286 3698 2321 τ.
3727 2269 3767 2321 λ.

2364 2367 2686 2438 Διελόμενος
2750 2365 2823 2419 τὰ
2874 2365 3148 2435 πρακτέα,
3210 2362 3308 2416 καὶ
3367 2363 3482 2424 τοῖς
3523 2358 3818 2431 κατορθοῦσιν

2294 2461 2761 2531 ἐπαγγειλάμενος
2788 2458 2993 2527 ἀγαθὰ,
3022 2460 3136 2519 τοῖς
3178 2456 3236 2510 δὲ
3266 2455 3345 2527 μὴ
3380 2452 3730 2524 πειθομένοις,
3755 2469 3816 2505 τι·

2298 2553 2510 2624 μωρίας
2544 2551 2702 2617 ’νῦν,
2757 2550 2833 2613 ὼς
2876 2548 3213 2618 ἀπειθήσασι
3275 2547 3375 2599 καὶ
3433 2545 3818 2616 περιπεπτωκόςι

2292 2644 2380 2699 διὰ
2411 2642 2571 2698 τοῦτο
2594 2644 2808 2707 κακοῖς,
2839 2641 3114 2713 προσάγει
3140 2639 3230 2691 τὸν
3265 2638 3510 2708 ἔλεγχον.
3536 2638 3635 2689 Καὶ
3672 2636 3816 2704 ἐπειδὴ

2294 2735 2532 2803 πολέμου
2556 2731 2917 2807 περιστάντος
2943 2731 3154 2799 ἔλεγον,
3178 2727 3630 2799 Ἑνηστεύσαμεν,
3650 2728 3729 2779 καὶ
3747 2728 3817 2779 οὐκ

2293 2823 2450 2893 εἷδες,
2484 2826 2514 2879 ὁ
2547 2826 2837 2897 προφήτης
2871 2826 2935 2878 ὲκ
2962 2823 3161 2894 πολλῆς
3188 2823 3392 2886 αὐτοὺς
3432 2820 3679 2891 διελέγχει
3704 2822 3820 2889 φιλο·

2294 2920 2468 2985 θεῖας,
2507 2917 2732 2972 δυνατὸν
2763 2917 2846 2979 εἱς
2871 2915 3150 2987 σωτηρίαν
3176 2915 3398 2979 δεικνὺς
3455 2913 3541 2968 τὸν
3596 2915 3728 2975 Θεὸν,
3751 2930 3820 2965 κε-

599 3028 709 3088 que
737 3013 805 3067 ab
844 3015 963 3083 ipso
994 3011 1217 3083 quidem
1255 3013 1507 3081 potuisse
1525 3011 1905 3065 demonstrat:
1932 3008 2028 3064 sed
2057 3024 2186 3079 pec-

2291 3010 2567 3065 κωλύσθαι
2620 3008 2678 3063 δὲ
2721 3008 2911 3079 μέσοις
2972 3005 3488 3077 παρεμπεπτωκόσι
3537 3005 3641 3067 τοῖς
3683 3002 3821 3055 αὐτῶν

599 3103 738 3160 catis
764 3119 979 3168 eorum,
1012 3101 1317 3173 quominus
1349 3115 1509 3170 opem
1539 3099 1702 3168 ferat,
1727 3099 2031 3171 prohiberi.
2079 3096 2188 3154 Ne-

602 3212 709 3267 que
736 3196 881 3251 enim
917 3193 1090 3250 Deum
1121 3193 1230 3247 ulla
1267 3207 1510 3261 unquam
1551 3192 1750 3247 virium
1787 3192 2186 3257 imbecillitate,

600 3287 969 3356 audiendique
1003 3286 1345 3348 diliicultatc,
1390 3286 1539 3340 sicut
1568 3300 1754 3349 senes,
1789 3285 2065 3348 laborare,
2091 3283 2189 3339 sed

600 3381 777 3436 malos
804 3394 1028 3435 servare
1058 3393 1239 3449 neque
1293 3378 1508 3448 justum
1564 3393 1709 3444 esse,
1752 3393 1932 3447 neque
1971 3376 2037 3433 iis
2095 3376 2189 3447 qui

605 3478 924 3535 servantur,
959 3469 1295 3524 conducere.
1323 3468 1464 3535 Quia
1487 3480 1671 3525 autem
1695 3483 1915 3523 murum
1946 3468 2189 3523 excitare

601 3573 820 3634 peccata
848 3562 1009 3627 dixit,
1047 3577 1146 3633 per
1171 3577 1364 3629 eorum
1407 3562 1786 3619 remissionem
1839 3561 2187 3633 interjecttun

602 3655 856 3709 maceria:
885 3654 1148 3722 parietem
1182 3656 1396 3710 solvere
1426 3663 1481 3709 et
1508 3654 1819 3709 disturbare
1847 3652 2189 3708 Salvator-ent

601 3746 896 3817 signiﬁcat.
925 3746 1132 3800 Avertit
1161 3746 1358 3800 deinde
1381 3745 1619 3815 {aciema
1644 3746 1894 3815 peccatis;
1924 3753 2185 3816 tanquam

600 3852 792 3893 eorum
826 3837 1223 3905 turpitudinem
1247 3846 1301 3892 et
1329 3837 1578 3893 fauorem
1596 3853 1705 3893 non
1733 3845 1901 3909 queat
1930 3838 2185 3903 tolerare,

601 3926 747 3982 unde
772 3935 1277 3997 patet,aurem,quae
1298 3928 1479 3997 justos
1504 3928 1711 3996 audiat,
1739 3929 1979 3998 iniustos
2002 3938 2187 3986 autem

601 4018 1230 4087 minimc,l)eijustitiam
1253 4021 1466 4075 scilicet
1479 4036 1586 4075 non
1602 4022 1849 4092 corporis
1874 4037 2057 4076 aurem
2079 4022 2192 4093 sig-

600 4100 851 4157 niﬁcare.
880 4101 982 4158 Ubi
1008 4113 1191 4158 autem
1215 4113 1435 4173 peccata
1461 4106 1514 4159 itt
1540 4104 1853 4160 universum
1885 4107 2185 4169 accusavit;

600 4196 793 4251 eadem
856 4202 911 4251 et
971 4196 1090 4266 ipse
1148 4196 1433 4266 sigillatim
1488 4206 1739 4253 recenset
1774 4214 1791 4264 ;
1823 4198 2114 4252 homicidia
2139 4208 2190 4253 et

601 4288 1010 4343 obtrectationes
1063 4289 1412 4355 nominatim,
1464 4304 1573 4345 non
1601 4289 1710 4359 jam
1772 4290 2043 4346 idolorum
2070 4293 2188 4347 cui-

601 4388 719 4435 tum
750 4382 1054 4436 insectans.
1104 4378 1417 4452 Prophetas
1448 4382 1595 4437 enim
1632 4382 2057 4450 interemerunt,
2087 4383 2183 4454 ju—

604 4482 832 4545 stosque
853 4472 1175 4528 calumttiati
1209 4483 1361 4530 sunt.
1389 4473 1480 4529 Ait
1512 4474 1679 4545 igitur
1699 4474 1848 4530 hunc
1879 4476 1932 4529 in
1965 4476 2185 4531 modum

602 4564 899 4621 Jeremias:
946 4584 967 4617 ‹
1004 4564 1191 4620 Virtus
1220 4581 1342 4622 mea
1370 4565 1576 4622 deiecit
1609 4582 1718 4635 me,
1749 4570 1819 4623 ab
1850 4569 1917 4623 iis
1951 4570 2045 4640 qui
2076 4585 2191 4624 ma-

605 4656 917 4711 ledicebant
943 4656 1079 4715 mihi
1102 4655 1169 4713 δ’.
1199 4675 1219 4709 ι
1249 4656 1315 4710 Et
1344 4667 1533 4724 noster
1562 4657 1652 4712 hic
1684 4658 2019 4729 prophetazr
2054 4658 2189 4716 Vide

606 4756 671 4803 ut
701 4746 889 4817 justus
932 4748 1144 4803 tollitur
1172 4747 1252 4816 “,
1288 4767 1309 4801 ›
1354 4756 1409 4804 et
1437 4764 1559 4819 quae
1588 4749 1868 4822 deinceps.
1897 4750 1941 4806 A
1968 4752 2193 4823 quibus,

605 4846 866 4907 tanquam
908 4852 938 4891 a
972 4840 1159 4908 parvis
1193 4839 1463 4895 scelerum
1499 4839 1698 4905 initiis,
1731 4841 1801 4896 ad
1832 4842 2038 4899 Christi
2070 4841 2194 4898 Sal-

604 4929 815 4983 vatoris
848 4929 1050 4984 caedem
1078 4931 1357 5002 progressi
1387 4939 1553 5000 sunt;
1595 4947 1761 5005 quam
1794 4934 2032 4991 maxime
2091 4934 2196 4992 hoc

608 5023 731 5077 loco
754 5022 914 5079 nobis
956 5023 1112 5077 innui
1160 5023 1328 5079 fuerit
1382 5034 1838 5085 consentaneum.
1872 5028 1993 5084 Etsi
2046 5028 2195 5083 enim

610 5112 911 5168 Salvatoris
936 5113 1194 5184 sanguine
1232 5130 1420 5169 manus
1445 5115 1648 5172 habent
1676 5117 2007 5188 impollutus,
2027 5118 2188 5189 culpa

608 5210 793 5257 tamen
825 5203 968 5257 haud
1001 5210 1235 5269 vacant;
1268 5205 1361 5274 qui
1399 5207 1676 5277 sanguinis
1697 5207 1817 5279 ejus
1844 5206 1899 5263 in
1925 5223 2004 5275 se,
2027 5222 2190 5264 suos-

610 5305 720 5360 que
767 5291 933 5360 tilios,
978 5292 1243 5349 ultionem
1294 5295 1518 5351 extendi
1554 5299 1909 5367 postularunt
1956 5298 2052 5356 “:
2092 5300 2188 5371 qui

686 5470 731 5504 ι·
752 5469 944 5527 Matth.
975 5485 1031 5535 ν,
1058 5470 1114 5527 4.
1187 5469 1233 5504 ⁸⁷
1257 5468 1462 5528 Jerem.
1483 5487 1576 5544 xv,
1604 5473 1695 5530 10.
1769 5474 1816 5509 ⁸⁸
1844 5477 1957 5534 lsa.
1986 5491 2126 5546 ινιι,
2161 5481 2215 5535 1.

2289 3099 2785 3171 πλημμελήμασιν,
2814 3095 2892 3160 ὡς
2950 3097 3027 3167 μὴ
3078 3097 3394 3166 συγχωρεῖν
3435 3095 3533 3164 τὴν
3568 3096 3639 3157 είς
3668 3093 3819 3153 αὐτοὺς

2289 3194 2612 3264 ἐπικουρίαν
2663 3189 3002 3263 διέρχεσθαι.
3062 3188 3205 3243 Οὔτε
3238 3190 3352 3259 γὰρ
3414 3187 3637 3259 ἀσθενής
3686 3190 3821 3249 ἐστιν,

2288 3284 2399 3337 οὗθ’
2441 3283 2630 3354 ὥσπερ
2662 3284 2727 3336 ὲκ
2762 3283 2996 3353 γήρους,
3024 3280 3314 3352 δυσήκοος.
3344 3280 3558 3342 Κακοὺς
3580 3279 3630 3333 δὲ
3670 3278 3822 3342 σώζειν

2288 3374 2414 3430 οὒτε
2471 3376 2700 3439 δίκαιον,
2733 3373 2858 3427 οὔτε
2898 3376 3013 3437 τοῖς
3081 3373 3418 3443 σωζομένοις
3452 3371 3721 3432 λυσιτελές,
3748 3370 3823 3422 Διὰ

2289 3470 2347 3523 δὲ
2376 3470 2437 3522 τὸ
2459 3468 2719 3539 τειχίζειν
2745 3467 3001 3540 είρῆσθαι
3032 3466 3131 3528 τὰς
3174 3466 3477 3536 ἁμαρτίας,
3514 3467 3540 3518 ὁ
3568 3464 3734 3532 Σωτὴρ
3757 3464 3822 3515 διὰ

2289 3563 2389 3634 τῆς
2435 3562 2687 3631 ἀφέσεως
2744 3558 2950 3613 τούτων
3005 3557 3066 3610 τὸ
3119 3557 3459 3627 μεσότοιχον,
3492 3555 3582 3609 τοῦ
3611 3552 3821 3625 φραγμοῦ

2290 3651 2450 3705 λῦσαι
2485 3650 2731 3720 λέγεται.
2781 3648 3174 3717 Ἀποστρέερει
3225 3648 3281 3701 δὲ
3306 3647 3374 3700 τὸ
3404 3649 3709 3715 πρόσωπον
3729 3643 3819 3698 ἀπὸ

2289 3740 2411 3795 τῶν
2468 3738 2792 3809 ἁμαρτιῶν,
2822 3720 3083 3801 δυσειδείς
3121 3736 3315 3808 ὥσπερ
3373 3738 3467 3790 καὶ
3495 3735 3731 3796 δυσώδεις
3774 3731 3819 3784 οὗ

2293 3834 2476 3905 φέρων
2511 3834 2659 3886 ἰδεῖν.
2708 3830 2994 3885 Ἐντεῦθεν
3018 3832 3075 3885 δὲ
3105 3830 3288 3900 δῆλον,
3328 3831 3411 3884 ὃτι
3443 3824 3551 3894 οὖς
3576 3828 3630 3881 τὸ
3657 3828 3819 3881 δίκαιον

2291 3926 2513 3993 ἀκοῦον,
2568 3926 2755 3981 ἄδικον
2817 3925 2874 3978 δὲ
2916 3925 3014 3995 μὴ,
3065 3924 3383 3994 δικαιοσύνη
3429 3922 3559 3977 Θεοῦ
3590 3924 3737 3985 ἐστιν,
3774 3919 3817 3971 οὗ

2293 4019 2610 4092 σωματικὸν
2634 4014 2767 4083 οὖς.
2809 4018 3203 4088 αἰτιασάμενος
3225 4017 3283 4071 δὲ
3314 4016 3547 4072 καθόλου
3572 4015 3663 4079 τὰς
3675 4016 3820 4082 ἀμαρ-

2291 4114 2441 4179 τιας,
2465 4113 2587 4165 κατ’
2611 4106 2752 4175 εἶδος
2778 4108 2946 4173 αὑτὰς
2978 4108 3357 4180 ἐπεξέρχεται,
3393 4110 3487 4162 καὶ
3520 4106 3819 4177 μιαιφονίαν

2291 4206 2554 4271 αἰτιᾶται,
2578 4204 2678 4259 καὶ
2709 4202 3106 4269 καταλαλιὰν,
3143 4201 3392 4273 οὐδαμοῦ
3454 4200 3510 4254 δὲ
3567 4198 3653 4252 νῦν
3699 4198 3820 4249 eiim-

2293 4297 2639 4367 λολατρείαν.
2711 4296 3070 4349 Ἀπέκτειναν
3128 4294 3237 4366 γὰρ
3264 4295 3393 4358 τοῦς
3420 4293 3705 4363 προφήτας,
3751 4288 3820 4339 καὶ

2293 4391 2423 4454 τοὺς
2443 4387 2689 4451 δικαίους
2748 4385 3215 4457 ὲσυκοφάντησαν.
3265 4387 3416 4456 Ἔφη
3467 4384 3518 4453 γ’
3564 4378 3647 4436 οῦν
3686 4381 3819 4449 Ἰερε-

2297 4482 2446 4554 μίας
2486 4501 2503 4532 ι
2554 4481 2620 4533 Ἦ
2649 4479 2801 4551 ἰσχύς
2827 4497 2928 4550 μου
2953 4479 3200 4546 ἐξέλιπεν
3230 4478 3295 4530 ἐκ
3326 4477 3437 4531 τῶν
3470 4473 3820 4545 καταρωμένων

2297 4594 2387 4646 με.
2428 4594 2449 4629 ι
2483 4577 2594 4629 Καὶ
2620 4577 2648 4628 ὁ
2689 4573 2882 4645 παρὼν
2916 4573 2977 4628 δὲ
3012 4574 3303 4646 προφήτης
3360 4571 3563 4640 ἔφασκε
3597 4585 3609 4599 ·
3644 4587 3660 4620 ι
3692 4566 3819 4618 Ἴδετε

2294 4663 2371 4728 ὡς
2399 4665 2429 4717 ὁ
2454 4663 2661 4727 δίκαιος
2697 4664 2940 4735 αἴρεται,
2978 4684 2997 4718 ι
3022 4664 3120 4718 καὶ
3151 4664 3222 4716 τὰ
3263 4664 3357 4715 ἐπὶ
3392 4661 3581 4732 τούτῳ.
3622 4657 3723 4726 Ἀφ’
3745 4650 3815 4713 ὧν.

2291 4756 2369 4820 ὡς
2396 4754 2459 4822 ἐξ
2509 4756 2793 4821 ἐλάττονος
2835 4757 3024 4811 κακῶν
3059 4756 3294 4827 μελέτης
3327 4755 3422 4807 ἐπὶ
3450 4754 3540 4806 τὸν
3571 4751 3714 4822 φόνον
3746 4741 3815 4797 toi

2293 4848 2549 4919 Σωτῆρος
2569 4849 2898 4921 ἀνέδραμον,
2921 4849 2983 4902 ὃν
3005 4848 3151 4902 ἔοικε
3179 4847 3416 4919 μάλιστα
3431 4847 3515 4899 δια
3539 4844 3641 4897 τῶν
3658 4839 3818 4909 παρόν·

2291 4954 2400 4992 των
2460 4939 2490 4991 δ
2538 4939 2825 5010 προφήτης
2860 4937 3078 5011 δηλοῦν.
3126 4938 3189 4990 ΕΞ
3226 4937 3335 5007 γὰρ
3356 4933 3578 5007 καὶμὴν
3603 4932 3657 4985 τὸ
3677 4930 3819 5000 χεῖρες

2293 5029 2390 5083 τοῦ
2447 5030 2722 5101 Σωτῆρος,
2776 5031 3070 5100 γεγόνασιν
3098 5029 3215 5083 ἀλλ’
3248 5025 3343 5083 οὖν
3404 5026 3585 5090 αἴτιοι,
3619 5020 3773 5077 καὶτὸ
3801 5018 3819 5054 ι’

2292 5116 2442 5191 αἷμα
2464 5122 2631 5176 αὐτοῦ
2662 5123 2751 5177 ἐπ’
2781 5124 2979 5187 αὐτοὺς
3006 5123 3197 5187 ὲὸόων,
3227 5120 3323 5174 καὶ
3353 5121 3447 5173 ἐπὶ
3482 5119 3549 5171 τὰ
3575 5117 3724 5169 τέκνα
3746 5110 3820 5163 αὖ·

2264 5213 2425 5268 ⁸τῶν.
2457 5214 2568 5267 Καὶ
2602 5215 2790 5279 κακῶς
2812 5215 2868 5267 δὲ
2897 5213 3149 5282 λέγοντες
3188 5213 3290 5267 οὐκ
3314 5211 3577 5265 ἐπαύοντο
3595 5202 3820 5262 ἀνασείων

2293 5304 2366 5360 τὰ
2390 5304 2594 5379 πλήθη,
2626 5306 2724 5360 καὶ
2743 5306 3032 5379 δαιμονᾷν,
3053 5306 3151 5360 καὶ
3162 5304 3508 5377 Σαμαρείτην
3527 5304 3589 5355 ἑκ
3610 5291 3821 5368 πορνείας

2289 5480 2335 5515 δ’
2362 5481 2560 5540 Matth.
2579 5500 2733 5550 τινι,
2772 5484 2862 5539 25.

1879 5592 2120 5652 VARIE
2151 5595 2564 5656 LECTIONES.

620 5749 676 5808 οι
694 5750 782 5808 τό.

726 5678 877 5769 fw-
900 5682 949 5737 εί
1016 5680 1128 5753 γὰρ
1157 5681 1253 5740 καὶ
1280 5682 1372 5756 μὴ
1435 5682 1781 5753 μελόλυντο
1819 5688 2022 5762 χεῖρες
2081 5692 2263 5751 αὐτῶν
2342 5695 2545 5766 αἵματι
2614 5695 2709 5753 τοῦ
2779 5696 3051 5769 Σωτῆρος,
3093 5695 3382 5769 γεγόνασιν
3439 5685 3651 5750 ἀλλὀὖν
3669 5683 3818 5746 uirtuti
