3998 6390
148 412 281 477 2601

1259 419 1804 482 COMMENTARII
1839 420 1924 484 IN
1960 422 2246 484 ISAIAM.

3256 420 3399 482 260?.
3443 421 3446 426 ’

145 541 202 577 τε
227 520 392 587 εἶναι,
422 524 519 579 καὶ
550 524 608 579 ἐν
631 520 957 589 Βεελξεόοὺλ
1012 525 1300 582 ἐκϐάλλειν
1352 528 1423 583 τὸ.
1467 528 1715 600 δαιμόνια

1831 532 2040 600 probris
2084 533 2379 599 lacessere,
2414 536 2788 606 populumque
2828 532 2882 588 in
2913 532 3064 588 illum
3093 532 3399 596 concitare.

144 616 588 687 καταιτιώμενοι.

1820 622 1912 691 qui
1948 623 2218 681 furiosum
2253 625 2332 688 '°,
2366 625 2461 695 qui
2493 625 2823 680 Samaritam
2845 623 2891 655 ⁸¹
2919 665 2934 689 ,
2980 622 3075 694 qtti
3135 632 3204 677 ex
3247 623 3404 681 adul-

144 710 282 764 terio
348 716 690 779 procreatum
750 706 1035 776 dicere“;
1084 709 1180 781 qui
1225 710 1461 782 denique
1512 712 1566 767 in
1622 711 1910 767 Beelzebut
1970 717 2194 773 nomine
2242 717 2511 773 daemonia
2566 717 2903 787 ejiceret”,
2939 717 3193 775 incusare
3246 731 3361 770 nun

140 817 306 880 quam
331 802 635 859 desierunt.

210 901 307 956 Διό
329 915 517 971 φησιν·
537 898 747 966 Οὐδείς
768 896 952 955 λαλεῖ
997 898 1220 966 δίκαια.
1258 901 1403 957 οὐδὲ
1428 901 1562 957 ἐστι
1593 901 1717 971 xpl-

140 1011 243 1062 σις
288 992 546 1062 ἀληθινή
570 1007 586 1024 ο
656 992 753 1047 καὶ
822 992 1000 1058 ἄλλως
1096 994 1293 1060 αὐτοὺς
1359 996 1437 1061 ὡς
1505 994 1717 1066 ψευδεῖς

141 1086 235 1139 καὶ
294 1084 516 1147 ἀδίκους
569 1083 763 1152 κριτὰς
827 1080 1283 1153 καταιτιώμενος.
1343 1081 1496 1149 Εἶτα,
1560 1084 1717 1138 ἐπει-

140 1178 318 1248 δήπερ
378 1176 608 1238 ἑαυτοὺς
662 1174 1045 1241 ἐξαπατῶντες
1131 1177 1318 1249 ἕτερον
1375 1176 1717 1248 προσδοκῶσι

142 1269 402 1341 Χριστὸν,
489 1267 810 1339 ἀνθρώπινά
870 1285 993 1323 τινα
1064 1270 1193 1339 περὶ
1253 1270 1417 1323 αὐτοῦ
1494 1268 1720 1340 μυθολο-

142 1363 370 1433 γοῦντες
394 1403 413 1429 ,
489 1361 736 1430 ἐπιλέγει
766 1376 781 1395 ο
864 1360 1237 1417 ιιεποιθασιν
1285 1361 1385 1415 ἐπὶ
1429 1361 1723 1430 ματαίοις,

144 1456 241 1510 καί
274 1454 541 1510 λαλοῦσι
575 1453 740 1508 κενά.
769 1454 861 1507 Διδ
889 1453 1102 1517 Παῦλος
1128 1453 1427 1525 ἀποτρέπει
1453 1452 1528 1524 μὴ
1558 1469 1727 1523 προσ-

146 1552 293 1619 έχειν
355 1549 669 1612 Ἰουδαϊκοῖς
724 1546 939 1618 μύθοις,
990 1545 1087 1599 κα1Ι
1138 1545 1378 1608 ἐντολαῖς
1420 1544 1725 1613 ἀνθρώπων

146 1640 647 1709 ἀποστρεφομένων
673 1636 783 1708 τὴν
800 1636 1084 1707 ἀλήθειαν.
1114 1635 1297 1689 Ἦσαν
1324 1636 1380 1689 δὲ
1411 1636 1505 1689 καὶ
1546 1636 1723 1699 ἄλλως

146 1734 400 1797 μάταιοι,
462 1730 559 1783 καὶ
617 1728 885 1782 ἐλάλουν
948 1727 1196 1799 ἀλλήλοις
1254 1726 1403 1780 κενά
1432 1741 1446 1755 ·
1505 1746 1524 1779 ι
1556 1719 1725 1788 Οὗτός

148 1828 297 1879 ἐστιν
327 1826 355 1877 ὁ
384 1820 722 1892 κληρονόμος
757 1837 772 1851 ⁶
825 1819 1003 1882 δεῦτε,
1058 1820 1355 1890 κτείνωμεν
1396 1818 1577 1883 αὐτὸν,
1628 1817 1723 1871 καὶ

1891 896 2304 969 6671deoque
2342 899 2600 954 neminem
2622 900 2765 971 loqui
2778 917 2894 970 qum
2905 900 3057 970 justo
3075 911 3222 966 sunt;
3242 919 3406 974 neque

1816 990 2024 1059 justum
2065 1006 2178 1047 esse
2202 992 2464 1062 judicium
2504 993 2735 1063 adjecit:
2776 1003 2836 1048 ιιι
2861 1008 2956 1050 eos
2980 993 3088 1051 alia
3125 995 3291 1051 etiam
3316 1011 3408 1055 ηρ

1825 1082 1995 1150 tione,
2028 1090 2289 1153 tanquam
2320 1083 2490 1140 falsos
2516 1094 2569 1140 et
2591 1085 2813 1157 iniquos
2839 1085 3055 1155 iudices
3100 1086 3404 1145 incusaret.

1823 1174 1963 1241 Quia
1990 1175 2186 1231 deinde
2213 1192 2274 1232 se
2294 1177 2396 1246 ipsi
2430 1176 2793 1247 decipientes,
2821 1178 3213 1249 Christumque
3235 1179 3405 1233 alium

1822 1278 2232 1340 exspectantes,
2257 1270 2498 1325 humana
2539 1271 2788 1343 quaedam
2838 1272 2905 1328 de
2964 1273 3058 1329 illo
3090 1273 3386 1329 fabulaban

1825 1365 1951 1424 tur;
1984 1360 2247 1429 conﬁdere
2274 1376 2362 1415 eos
2406 1361 2461 1414 in
2492 1362 2661 1425 vanis,
2694 1370 2742 1415 et
2782 1361 2966 1417 inania
3019 1363 3165 1432 loqui
3207 1362 3400 1419 addit:

1823 1449 2064 1521 indeque
2093 1460 2285 1506 monet
2329 1452 2538 1506 Paulus
2566 1452 2614 1484 ⁸⁸
2631 1468 2699 1508 ne
2718 1451 2963 1510 Judaicis
2985 1453 3187 1513 fabulis
3221 1454 3406 1513 homi-

1822 1557 2069 1613 numque
2110 1543 2409 1607 mandatis,
2437 1560 2559 1614 quae
2592 1545 2876 1600 veritatem
2931 1557 3277 1613 aversantur,
3322 1557 3409 1600 at.

1823 1635 2138 1691 tendamus.
2170 1636 2341 1691 Erant
2372 1652 2503 1691 vero
2531 1645 2585 1691 et
2624 1637 2730 1693 alia
2780 1638 2990 1697 ratione
3032 1639 3409 1702 uani,inania-

1828 1746 1927 1799 que
1979 1744 2166 1785 secum
2198 1731 2621 1800 loquentes;qui
2675 1730 2839 1802 impia
2900 1733 3043 1789 ista:
3111 1752 3131 1783 ι
3168 1731 3269 1787 llic
3324 1741 3409 1788 est

1828 1819 2023 1885 ha‘rcs,
2079 1820 2281 1886 venite,
2347 1823 2661 1878 occitlamus
2717 1840 2866 1892 cum,
2922 1832 2975 1880 et
3028 1826 3408 1894 possideamus

150 1917 374 1987 σχῶμεν
403 1913 567 1968 αὐτοῦ
590 1913 687 1985 τὴν
710 1912 1130 1983 κληρονομίαν.»
1166 1912 1373 1973 Οἴτινες
1408 1908 1467 1975 ἐξ
1504 1910 1721 1963 οἰκείων

1831 1908 2002 1979 ipsius
2032 1910 2403 1968 bmreditatem
2427 1914 2495 1976 ³⁵,
2530 1930 2548 1963 ι
2585 1914 2638 1967 in
2667 1928 2760 1969 ore
2780 1914 3071 1971 habebant.
3114 1916 3197 1971 llli
3252 1916 3411 1971 nitui-

146 2003 424 2073 λογισμῶν
480 2000 805 2055 κατ”αὺτοῦ
859 2001 1207 2072 βλασφήμους
1262 2000 1453 2066 λόγους
1518 2001 1716 2070 συῤῥάο

150 2111 400 2158 πτοντες,
442 2094 663 2146 κύουσι
689 2093 901 2153 πόνον.
929 2091 1029 2144 καὶ
1086 2092 1397 2145 τίκτουσιν
1442 2091 1719 2161 ἀνομίαν,

146 2188 245 2240 οὐκ
270 2185 475 2246 εἰδότες
502 2184 683 2251 λέγειν
714 2199 728 2213 ⁸
770 2202 787 2235 ι
835 2184 932 2235 Ἐκ
971 2180 1068 2234 τοῦ
1092 2181 1256 2251 φόϐου
1296 2198 1412 2246 σου,
1450 2182 1710 2252 Κύριε,ὲν

148 2278 349 2348 γαστρὶ
404 2276 693 2346 ἐλάϐομεν,
748 2276 844 2329 καὶ
908 2275 1273 2346 ὼδινήσαμεν,
1329 2276 1423 2328 καὶ
1457 2274 1721 2345 ἒτέκομεν

149 2371 371 2440 Πνεῦμα
413 2367 689 2440 σωτηρίας
716 2383 731 2398 ·
802 2385 820 2420 ι
866 2367 1093 2422 τοιαῦτα
1147 2367 1204 2420 δὲ
1250 2368 1527 2430 κύουσιν,
1565 2369 1725 2420 ὁποῖα

149 2464 244 2517 καὶ⁵
269 2463 335 2515 δι’
370 2461 556 2534 ἑτέρου
585 2461 836 2514 λέλεκται
872 2477 886 2491 ο
926 2478 945 2512 ι
990 2459 1121 2513 Ἰδοὺ
1169 2457 1432 2529 ὼδίνησεν
1485 2458 1720 2513 ἀδικίαν.

150 2554 418 2610 Συνέλαδε
449 2555 631 2617 πόνον,
664 2554 760 2606 καὶ
786 2552 971 2606 ἔτεκεν
1002 2551 1256 2622 ἀνομίαν,
1327 2569 1344 2603 ι
1387 2552 1481 2604 καὶ
1511 2550 1581 2603 τὰ
1630 2550 1725 2602 ἐπὶ

148 2647 381 2710 τούτοις.
409 2649 572 2709 Ἕθος
593 2647 649 2700 δὲ
677 2648 743 2716 τῇ
784 2646 976 2716 Γραφῇ
1013 2645 1205 2698 πόνον
1254 2643 1348 2697 τὸν
1382 2643 1579 2721 φθόνον
1625 2660 1724 2696 κα-

147 2742 283 2795 λεῖν.
315 2741 484 2801 Πόνος
512 2739 618 2810 γάρ
649 2739 766 2791 ἐστι
789 2740 902 2800 τοῖς
955 2737 1116 2789 αὑτὸν
1150 2734 1418 2801 νοσοῦσιν,
1475 2734 1724 2805 ἐκτήκων

154 2834 371 2896 αὐτούς.
417 2830 742 2897 Ὠδίνησαν
781 2825 874 2883 οὖν
914 2828 1005 2882 τὸν
1053 2829 1195 2882 κατά
1238 2826 1477 2898 Χριστοῦ
1504 2825 1722 2895 φθόνον,

154 2924 246 2979 καὶ
271 2922 369 2993 τὴν
392 2924 512 2975 κατ’
544 2920 705 2974 αὐτοῦ
740 2919 1054 2990 μιαιφονίαν
1108 2917 1402 2972 ἀπέτεκον
1434 2933 1448 2948 ο
1475 2916 1598 2970 ἐπεὶ
1630 2916 1727 2969 καὶ

154 3017 213 3069 ὲν
254 3014 532 3082 συλλόγοις
589 3012 773 3081 ἔλεγον
807 3027 821 3041 °
860 3030 879 3063 ι
936 3010 1001 3063 Τί
1052 3009 1336 3079 ποιοῦμεν,
1399 3009 1481 3062 ὅτι
1512 3000 1665 3072 οὗτος
1698 3010 1726 3061 ὁ

154 3109 444 3180 ἄνθρωπος
493 3104 665 3158 πολλὰ
720 3106 865 3157 ποιεῖ
912 3105 1147 3173 σημεῖας
1183 3120 1201 3152 ι
1254 3101 1310 3153 '0
1336 3101 1393 3154 δὲ
1441 3102 1721 3167 Καϊάφας,

158 3220 177 3253 ι
212 3199 491 3269 Συμφέρει
526 3199 679 3267 ἡμῖν,
709 3196 837 3266 ἔφη,
884 3196 971 3248 ἵνα
1002 3188 1082 3257 εἷς
1124 3194 1409 3265 ἅνθρωπος
1453 3191 1721 3264 ἀποθάνῃ,

156 3294 247 3348 καὶ
278 3267 357 3363 μὴ
384 3267 505 3345 ὅλον
540 3290 595 3344 τὸ
621 3290 773 3353 ἔθνος
792 3287 1081 3359 ἀπόληται.
1121 3306 1142 3340 ι
1176 3289 1276 3358 Εῐη
1304 3288 1348 3340 δ’
1396 3287 1463 3341 ἂν
1500 3285 1727 3340 τοιαῦτα
1757 3267 1799 3326 (ἶ

154 3380 248 3434 καὶ
273 3380 378 3434 ὅσα
404 3379 620 3450 πονηρά
655 3395 738 3442 τις
765 3381 829 3433 ὲκ
854 3379 954 3449 τῆς
978 3376 1112 3441 ίδίας
1172 3376 1459 3447 ἐρεύγεται
1494 3376 1727 3446 καρδίας

152 3473 425 3541 δόγματα.
468 3473 530 3524 Οἱ
557 3474 612 3525 δὲ
640 3472 871 3525 τοιοῦτοι
896 3471 991 3524 καὶ
1008 3469 1093 3523 ὠὰ
1114 3470 1392 3524 ἀσπίδων
1439 3468 1726 3537 ἔρῤηξαν,

154 3565 258 3617 τῶν
284 3564 678 3633 ἀντικειμένων
707 3563 987 3633 δυνάμεων
1016 3562 1085 3614 τὰ
1116 3563 1407 3630 σπέρματα
1434 3562 1493 3613 ὲν
1512 3562 1729 3623 ἑαυτοῖς

155 3658 478 3725 κυήσαντες.
513 3656 604 3707 Διὸ
623 3657 739 3717 τοῖς
770 3655 869 3724 τῆς
900 3653 1097 3717 κακίας
1135 3652 1317 3707 αὐτῶν
1348 3651 1589 3721 ἐκγόνοις
1613 3653 1731 3706 ἐλέ-

154 3766 295 3817 γετο·
336 3750 582 3815 «Ὀφεις,
608 3751 921 3816 γεννήματα
941 3745 1181 3816 ἐχιδνῶν.
1198 3766 1216 3798 ι
1247 3745 1549 3813 Ἀναλόγως
1574 3744 1629 3797 δὲ
1652 3743 1730 3814 τῷ

153 3843 342 3913 σπόρῳ
395 3841 477 3911 τῷ
529 3839 659 3910 θείῳ
723 3840 813 3893 τὸν
873 3839 981 3893 τῶν
1023 3838 1415 3907 ἀντικειμένων
1447 3837 1730 3907 δυνάμεων

153 3935 358 4007 σπόρον
414 3933 498 3987 ὠὰ
544 3932 817 4002 ὠνόμασε,
884 3931 972 3985 διὰ
1005 3931 1104 3984 τοῦ
1154 3928 1489 4001 ὲρπυστικοῦ
1538 3930 1729 3997 γένους

150 4027 529 4098 παράδειγμα.
583 4024 830 4085 ’Δσπίδες
858 4022 967 4094 γὰρ
1002 4023 1097 4075 καὶ
1123 4022 1274 4090 ὄφεις
1305 4022 1399 4075 καὶ
1425 4020 1731 4073 τὰτοιαῦτα

148 4121 255 4174 τῶν
305 4116 693 4172 ὠοτοκούντων
749 4115 917 4169 ἐστίν.
954 4114 1177 4183 Ἐπειδὴ
1205 4114 1260 4166 δὲ
1291 4112 1430 4183 μετά
1459 4111 1731 4183 τοσαύτην

149 4212 377 4275 κακίαν,
434 4208 533 4280 τὴν
604 4207 835 4278 μελέτην
886 4208 980 4261 καὶ
1019 4206 1372 4261 διδασκαλίαν
1419 4204 1527 4259 τῶν
1571 4204 1731 4258 θείων

149 4303 387 4377 Γραφῶν
429 4300 916 4370 ἐπαγγελλόμενοι,
938 4300 1073 4370 πρὸς
1110 4297 1378 4369 μυθώδεις
1406 4296 1733 4367 γραολογίας

149 4394 485 4448 ἐκπίπτουσι
518 4394 613 4444 καὶ
665 4388 970 4461 ἀνθρώπων
1036 4388 1368 4459 ἐντάλματα,
1427 4385 1732 4457 παρέϐαλεν

1832 2018 1952 2057 rum
1985 2019 2049 2058 ex
2077 2006 2303 2075 proprio
2328 2020 2493 2062 sensu
2521 2007 2579 2061 in
2601 2023 2726 2062 eum
2757 2008 3154 2064 contumeliosa
3187 2018 3241 2063 et
3268 2009 3411 2064 blas-

1827 2091 2018 2161 pliema
2050 2094 2215 2149 verba
2278 2108 2632 2161 consuentes,
2690 2100 2991 2167 concipiunt
3043 2100 3301 2164 laborem,
3359 2111 3409 2155 et

1826 2187 2048 2254 pariunt
2083 2188 2438 2258 iniquitatem,
2470 2190 2564 2258 qui
2600 2190 2783 2247 dicere
2809 2208 2917 2247 non
2954 2200 3190 2263 possunt
3234 2211 3246 2245 :
3296 2213 3314 2246 ι
3352 2193 3406 2248 In

1828 2278 2026 2333 timore
2046 2279 2479 2347 tuo,Domine,in
2508 2291 2663 2338 utero
2680 2284 3012 2354 accepimus,
3038 2292 3093 2339 et
3113 2285 3409 2353 parturivi-

1824 2382 1973 2429 mus,
2008 2375 2062 2421 et
2087 2369 2403 2437 peperimus
2437 2370 2692 2439 spiritum
2735 2371 3018 2427 salutis“.
3057 2391 3074 2423 ι
3104 2372 3258 2427 Talia
3280 2388 3411 2428 vero

1824 2468 1958 2515 sunt
1996 2475 2115 2529 qua:
2140 2462 2465 2530 concipiunt,
2505 2461 2690 2531 qualia
2722 2463 2888 2517 etiam
2915 2462 3061 2533 apud
3094 2463 3266 2517 alium
3309 2464 3410 2518 ha-

1824 2551 2027 2607 bentur
2059 2553 2145 2609 his
2185 2555 2367 2609 verbis
2409 2572 2422 2607 :
2472 2572 2491 2606 (
2532 2556 2674 2610 Ecce
2734 2556 2997 2625 paturivit
3054 2556 3408 2625 injustitiam,

1825 2645 2078 2714 concepit
2103 2644 2372 2709 laborem,
2407 2655 2459 2701 et
2486 2647 2698 2716 peperit
2720 2647 3061 2718 iniquitatem
3083 2648 3152 2715 ⁸⁷,
3191 2667 3210 2699 ι
3247 2658 3411 2704 cane-

1822 2750 1994 2805 raque
2022 2736 2304 2806 deinceps.
2344 2735 2437 2791 Est
2483 2752 2645 2807 porro
2685 2738 2986 2807 Scripturae
3042 2739 3303 2795 usitatum
3336 2741 3413 2794 la-

1824 2825 1966 2883 baris
1999 2828 2244 2893 nomine,
2277 2827 2538 2882 invidiam
2562 2828 2685 2884 ideo
2717 2830 3200 2901 signiﬁcare,quod
3226 2834 3318 2902 qui
3346 2850 3409 2890 ea

1826 2919 2096 2985 laborant,
2128 2919 2435 2975 tabescant.
2470 2918 2830 2989 Conceperunt
2862 2937 2993 2992 ergo
3046 2923 3100 2977 in
3129 2922 3411 2980 Christum

1825 3010 2111 3077 invidiam,
2147 3020 2201 3067 et
2234 3012 2436 3067 eadem
2470 3012 2524 3066 in
2556 3014 2809 3069 eumdem
2844 3023 3175 3083 pepererunt.
3208 3012 3274 3067 Et
3307 3016 3411 3069 ista

1826 3107 2022 3163 deinde
2046 3108 2164 3163 suis
2195 3109 2249 3162 in
2278 3109 2530 3165 conciliis
2580 3117 2920 3178 usurparunt
2959 3128 2972 3163 :
3019 3129 3035 3161 ι
3074 3108 3214 3175 Quid
3278 3109 3413 3164 faci-

1830 3214 1974 3263 mus,
2018 3201 2277 3269 quoniam
2326 3199 2415 3255 hic
2461 3200 2626 3255 homo
2673 3202 2843 3256 multa
2895 3202 3052 3271 signa
3112 3201 3244 3256 facit
3272 3203 3352 3257 ⁵⁸⁸2
3386 3225 3406 3258 ι

1834 3288 1897 3342 Ει
1930 3288 2199 3359 Caiphas:
2246 3308 2264 3341 ι
2297 3289 2565 3345 Conducit
2589 3290 2770 3356 nobis,
2796 3291 2996 3362 inquit,
3031 3302 3253 3349 utunus
3293 3311 3413 3349 mo-

1830 3382 2009 3437 riatur
2041 3383 2225 3446 homo,
2257 3398 2324 3437 ne
2360 3391 2471 3438 tota
2496 3399 2631 3455 gens
2663 3393 2849 3454 pereat
2879 3385 2946 3440 ⁸⁵.
2980 3404 2999 3438 ι
3035 3386 3261 3441 Fuerint
3283 3405 3414 3445 vero

1830 3475 2049 3545 generis
2082 3476 2247 3544 hujus
2278 3485 2333 3529 ct
2366 3478 2506 3530 mala
2541 3476 2817 3546 dogmata,
2852 3494 2973 3549 qua:
3015 3478 3083 3533 de
3113 3480 3278 3535 corde
3308 3496 3411 3535 suo

1829 3568 1955 3637 quis
1984 3567 2274 3638 depromit.
2328 3567 2434 3633 Qui
2474 3568 2673 3624 deinde
2727 3571 2864 3627 tales
2925 3581 3071 3636 sunt,
3104 3589 3200 3627 ova
3246 3575 3409 3629 etiam

1830 3655 2077 3737 (rapidum
2132 3657 2419 3727 fregerunt,
2478 3659 2572 3727 qui
2604 3657 3042 3714 adversariarum
3078 3646 3408 3732 potestatum

1832 3746 2039 3801 semina
2070 3758 2327 3816 tanquam
2362 3749 2413 3800 in
2457 3759 2613 3803 utero
2645 3764 2749 3804 suo
2775 3751 3035 3820 gerebant
3061 3769 3074 3804 :
3108 3752 3253 3807 unde
3283 3764 3413 3808 sunt

1833 3842 2105 3895 malitiosa
2135 3857 2326 3896 eorum
2372 3843 2576 3911 proles,
2620 3855 2921 3913 serpentes,
2984 3852 3039 3899 et
3098 3845 3411 3915 viperarum

1833 3932 2108 4002 genimina
2132 3941 2445 4003 nuncupata
2479 3932 2547 3986 θ’.
2606 3931 2861 4005 Congrue
2897 3934 3103 3999 autem.
3155 3943 3210 3989 et
3274 3951 3411 3990 con-

1832 4024 2076 4079 venienti
2105 4022 2268 4094 plane
2295 4039 2421 4078 cum
2451 4023 2640 4078 divino
2671 4025 2881 4079 semine
2939 4026 3177 4092 ratione,
3215 4027 3408 4081 adver-

1834 4116 2107 4170 sariarum
2148 4123 2482 4186 potestatum
2513 4131 2724 4181 semen,
2754 4124 2814 4169 ut
2847 4118 3182 4186 serpentium
3236 4133 3412 4187 genus

1833 4220 1958 4260 esse
1992 4205 2423 4267 demonstraret,
2458 4220 2557 4259 ova
2594 4205 2907 4274 appellavit.
2972 4204 3113 4259 Sunt
3168 4206 3315 4259 enim
3348 4221 3410 4259 ex

1833 4311 2026 4350 eorum
2055 4312 2275 4367 genere,
2305 4312 2429 4366 quae
2459 4311 2557 4351 ova
2588 4297 2830 4366 pariunt,
2849 4306 2901 4351 et
2931 4297 3170 4366 aspides,
3208 4308 3262 4351 et
3293 4313 3415 4352 ser-

1836 4394 2380 4456 pentes,caateraque
2427 4386 2651 4441 similia.
2701 4386 2805 4451 Qui
2853 4402 2987 4441 vero
3035 4396 3160 4454 post
3197 4394 3411 4440 tantam

147 4488 429 4556 ἀράχνης
488 4479 652 4550 ἱστῷ,
706 4482 766 4536 τὸ
807 4480 1007 4552 σαθρὸν
1044 4482 1138 4553 καὶ
1194 4479 1391 4550 ἄτιμον
1412 4478 1512 4548 τῆς
1551 4477 1726 4530 αὐτῶν

1836 4478 2098 4532 malitiam
2114 4492 2235 4532 cum
2251 4491 2439 4532 sacras
2454 4476 2687 4531 Litteras
2717 4490 3015 4545 earumque
3028 4476 3269 4533 studium
3288 4492 3412 4548 pro~

150 4578 384 4648 ἐκὼχῆς
422 4593 480 4628 τε
504 4578 597 4628 καὶ
621 4574 994 4644 παραδόσεως.
1027 4573 1253 4642 Μήποτε
1277 4571 1335 4622 δὲ
1368 4572 1463 4623 καὶ
1482 4570 1579 4633 τὰς
1594 4567 1726 4622 κατά

1842 4570 2150 4635 literentur,
2210 4569 2264 4623 in
2292 4569 2510 4624 fabulas
2565 4568 2735 4640 668
2788 4569 2984 4633 aniles,
3018 4568 3414 4640 hominumque

150 4667 398 4740 Χριστοῦ
451 4667 819 4737 συκοφαντίας
850 4664 995 4718 οὕτω
1041 4666 1223 4730 καλεῖ;
1246 4662 1429 4727 δόλους
1451 4662 1559 4734 γὰρ
1602 4661 1726 4714 πλέ-

1838 4660 2094 4713 mandata
2129 4660 2337 4730 delapsi
2367 4668 2518 4722 sunt,
2555 4660 2856 4715 marcidam
2910 4670 2966 4715 et
3000 4660 3287 4729 ingloriam
3317 4676 3411 4716 eo-

150 4780 365 4826 κοντες,
404 4760 572 4832 ῷοντο
604 4760 704 4829 μὲν
743 4760 842 4831 τὴν
861 4757 971 4811 ἀπὸ
1004 4755 1113 4809 τῶν
1176 4755 1322 4808 ἰδίων
1364 4754 1726 4825 ἐπιχειρημά-

1839 4767 1959 4805 rum
1995 4752 2049 4806 iu
2073 4752 2321 4807 docendo
2353 4753 2729 4816 traditionem,
2754 4769 3079 4807 araneorum
3127 4755 3245 4808 tela:
3268 4769 3398 4809 com-

148 4873 255 4909 των
278 4853 589 4923 πλουτῆσαι
623 4852 856 4921 σκέπην,
885 4850 980 4903 καὶ
1023 4846 1300 4909 λυσιτελές
1326 4863 1379 4898 τι
1409 4846 1602 4916 θηρᾷν.
1629 4846 1726 4898 Οὑ-

1836 4852 2016 4912 parat.
2071 4845 2267 4898 Annon
2300 4858 2430 4897 vero
2469 4851 2523 4898 et
2553 4858 2648 4898 eas
2686 4846 2875 4911 etiam,
2906 4845 3105 4914 quibus
3133 4844 3187 4900 in
3249 4845 3413 4900 Chri-

149 4945 235 4998 δὲν
256 4944 315 4996 δὲ
336 4942 560 5012 ὤνησαν
594 4941 793 5010 γυμνοὶ
817 4938 916 5008 τῆς
944 4936 1148 5009 ἄνωθεν
1176 4936 1461 5004 γενόμενοι
1496 4935 1726 5006 σκέπης.

1840 4945 1985 4991 stum
2018 4937 2108 4991 usi
2143 4946 2295 5001 sunt,
2349 4936 2655 4990 calumnias
2704 4935 2779 4991 ita
2831 4939 3217 5009 nuncupavit?
3251 4937 3415 4992 Dolos

153 5039 298 5091 enim
331 5050 461 5089 cum
499 5034 553 5086 in
574 5048 695 5088 eum
752 5039 1016 5091 necteret,
1068 5028 1143 5082 ita
1194 5041 1253 5081 se
1301 5041 1529 5081 suorum
1600 5037 1895 5082 conatuum
1933 5028 2186 5098 praesidio
2245 5026 2463 5082 abunde
2503 5028 2745 5083 munitos
2810 5042 2936 5083 esse
2997 5028 3415 5083 arbitrabantur

155 5141 419 5202 tanquam
469 5127 615 5198 quod
648 5126 754 5181 sibi
812 5123 1170 5187 conduceret,
1232 5127 1421 5175 essent
1470 5122 1732 5187 assecuti,
1772 5125 1918 5193 quod
1948 5123 2087 5179 nihil
2130 5122 2266 5192 ipsis
2294 5130 2496 5188 tamen,
2569 5137 2693 5177 cum
2752 5137 2991 5193 superna
3065 5124 3411 5194 protectione

154 5235 426 5289 carerent,
447 5221 673 5293 profuit.

227 5340 339 5397 Καὶ
367 5343 401 5393 ό
442 5337 710 5409 μέλλων,
764 5332 919 5403 φησι,
947 5328 1068 5385 τῶν
1102 5326 1232 5382 ὠῶν
1263 5328 1462 5381 αὐτῶν
1490 5327 1727 5397 φαγεῖν,

156 5434 499 5503 συντρίψας
527 5422 946 5497 οὕριονεῦρεν.
986 5422 1196 5477 Αὐτῶν
1250 5418 1422 5490 λέγει,
1473 5421 1599 5492 περὶ
1656 5415 1731 5475 ὧν

159 5528 263 5596 ἔφη
304 5526 403 5578 τό·
449 5520 550 5576 Ὢὰ
573 5519 848 5575 ἀσπίδων
903 5516 1185 5587 ἕῤῥηξαν.
1249 5515 1313 5567 Ui
1393 5513 1490 5584 μὲν
1532 5513 1625 5567 οὖν
1676 5516 1733 5567 ὲν

158 5618 329 5686 κακία
372 5615 593 5680 τέλειοι,
621 5610 1050 5682 διαρῤήξαντες
1068 5609 1138 5661 τὰ
1157 5604 1625 5676 τελεσφορηθέντα
1649 5607 1728 5669 είς

224 5793 274 5828 ’θ
306 5792 467 5847 Joan.
506 5809 558 5853 χ,
580 5792 670 5847 9.0.

519 5961 789 6022 Damon.
832 5964 945 6022 Gn.
999 5964 1359 6027 LXXXVII.

774 5789 994 5846 "Joan.
1028 5793 1260 5853 νηιμίὸ.
1335 5794 1544 5850 “Ibid.
1592 5793 1679 5847 41.

1832 5792 2024 5848 Matth.
2055 5808 2130 5853 Ix,
2169 5791 2255 5848 54.
2281 5834 2304 5855 η,
2336 5793 2383 5825 ⁸⁸
2418 5792 2527 5846 Tit.
2571 5808 2610 5859 ι,
2666 5791 2753 5847 14.

159 5862 330 5920 "lsa.
370 5878 519 5922 xm,
561 5864 645 5916 l8.
721 5862 765 5893 ⁸⁷
810 5862 955 5915 Psal.
1005 5875 1102 5925 vn,
1132 5866 1218 5918 15.
1292 5865 1339 5896 ⁸⁸
1391 5863 1547 5919 Juan.
1592 5882 1669 5929 χι,
1711 5865 1726 5917 ί

1878 5865 1924 5897 ⁵9
1949 5863 2086 5919 Ibid.
2128 5862 2218 5919 50.

1905 5327 1977 5382 Et
2013 5326 2104 5399 qui
2135 5325 2199 5380 de
2236 5325 2342 5379 ovis
2400 5341 2581 5378 eorum
2628 5324 2896 5378 comedere
2947 5325 3188 5389 voluerit,
3254 5327 3412 5395 [τρη-

1836 5439 1960 5493 gens
1993 5422 2263 5491 putridum
2315 5419 2554 5488 reperiet.
2592 5416 2788 5472 Eorum
2844 5419 3040 5488 inquit,
3074 5420 3141 5476 de
3210 5423 3414 5492 quibus

1840 5524 2000 5568 antea
2026 5531 2119 5567 ova
2152 5511 2395 5581 nspidum
2428 5511 2715 5581 fregerunt,
2770 5514 3072 5581 llSlll‘pM'it.
3108 5515 3208 5580 Qui
3243 5518 3412 5585 igitur

1837 5608 1902 5663 ad
1934 5609 2148 5678 plenam
2205 5607 2625 5676 absolutamque
2655 5606 2956 5675 nequitiam
3014 5620 3407 5680 pervenerunt,

2856 5790 2903 5824 "
2944 5789 3137 5849 Matth.
3186 5809 3300 5860 χιι,
3339 5792 3409 5849 53

2295 5864 2342 5897 ⁸ο
2380 5863 2573 5920 Matth.
2608 5879 2690 5929 tn,
2722 5863 2772 5915 7.

2970 5961 3050 6022 82
