3998 6390
661 369 804 435 2603
855 368 873 387 ⁹

1999 372 2615 441 ΡΒΟΟΟΡΙΙΒΑΖῈΙ

3717 399 3819 465 260i

660 484 707 554 si
759 495 882 553 qua)
933 489 1146 534 matura
1192 484 1325 532 sunt
1350 486 1406 533 et
1436 477 1679 550 perfecta
1734 481 2012 552 fregerint,
2064 499 2126 539 ea
2177 486 2217 539 ir

2334 487 2563 553 ἑαυτοὺς
2607 489 2958 557 ὑπεδέξαντο.
3007 491 3071 545 Oi
3106 490 3164 545 δὲ
3217 493 3575 570 ἀτελέστεροι,
3623 510 3726 580 πρὶν
3752 534 3818 570 τε.

660 590 722 631 se
789 572 1095 643 excipiunt.
1176 570 1281 637 Qui
1353 578 1536 627 autem
1593 587 1714 627 eam
1780 574 1962 630 minus
2029 576 2233 631 habent

658 666 967 723 absolutam
995 670 1051 717 et
1085 661 1327 732 plenam,
1375 662 1425 717 si
1473 660 1542 717 de
1565 663 1647 718 eis
1704 664 1855 734 prius
1883 665 2230 734 comederint,

654 772 817 827 quam
844 755 1158 825 tempestiva
1190 762 1245 809 et
1292 754 1542 809 absoluta
1588 754 1721 819 sint,
1756 756 2058 815 intereunt.
2105 759 2232 814 Ideo

653 864 760 919 que
782 848 873 918 qui
896 846 960 900 de
987 846 1097 900 ovis
1126 862 1306 901 eorum
1335 845 1646 913 comederit,
1683 849 2007 903 moriturum
2033 850 2229 921 reliqui

652 936 1069 993 transtulerunt.
1121 936 1191 991 At
1223 951 1355 992 vero
1405 937 1499 1007 qui
1553 938 1796 1008 prudens
1845 947 1950 1004 est,
2014 940 2233 1012 istaque

645 1041 825 1102 potest
850 1040 1097 1086 evertere
1126 1038 1181 1085 et
1232 1030 1542 1098 confutare,
1565 1031 1712 1102 quod
1736 1034 1788 1087 in
1813 1033 1893 1088 eis
1917 1042 2227 1099 ventosum,

651 1120 797 1193 quod
827 1122 1060 1183 urinum,
1083 1120 1341 1191 quodque
1374 1123 1646 1190 putridum
1677 1123 1899 1187 latebat,
1926 1122 2104 1193 ipsum
2135 1122 2231 1179 de-

650 1214 837 1285 nique,
866 1214 960 1283 qui
990 1212 1109 1269 solo
1173 1222 1328 1267 necat
1361 1222 1608 1284 aspectu,
1642 1213 1976 1278 basiliscum,
2036 1214 2089 1269 id
2144 1223 2231 1271 est

648 1306 923 1378 regulum,
953 1304 1211 1376 reperiet.
1248 1303 1405 1371 Quod
1449 1307 1496 1360 si
1530 1308 1764 1360 aliorum
1821 1307 2023 1377 quaeris
2069 1307 2230 1362 inter-

650 1398 1006 1468 pretationes,
1068 1394 1321 1465 Aquilam
1392 1396 1612 1465 quidem
1670 1396 1924 1452 dixisse:
1993 1395 2062 1450 Et
2089 1395 2229 1467 quod

650 1492 822 1560 fotum
846 1498 924 1544 est
960 1491 1012 1543 in
1062 1490 1301 1559 viperam
1356 1491 1569 1558 erupit;
1593 1489 1985 1560 Symmachum
2010 1501 2223 1544 autem:

650 1584 803 1653 Quod
834 1584 1170 1639 convolutum
1202 1592 1279 1638 est
1312 1583 1402 1637 ubi
1425 1583 1658 1652 fractum
1686 1583 1871 1651 fuerit,
1905 1584 2048 1653 aspis
2079 1584 2180 1637 erit
2207 1600 2228 1650 ;

647 1680 1079 1735 Theodotionem
1129 1679 1367 1749 denique
1423 1696 1437 1733 :
1486 1678 1639 1743 Quod
1675 1678 1844 1748 fotum
1869 1689 1946 1732 est
1974 1678 2140 1747 erupit
2172 1677 2230 1731 in

647 1772 905 1840 aspidem,
964 1772 1228 1841 reperias.
1268 1772 1419 1827 Adeo
1454 1772 1591 1826 nihil
1641 1786 1705 1826 ea
1759 1770 1985 1835 Judazis,
2022 1786 2143 1840 qua:
2173 1770 2227 1824 in

2334 580 2739 652 λεσφορηθῆναι
2773 581 2981 637 τούτων
3012 582 3373 655 ἐμφαγόντες
3414 590 3718 659 ἀπόλλυνται.
3752 612 3818 664 Διὸ

2333 672 2607 737 ἐξέδωκαν
2641 673 2691 726 οἰ
2720 672 2923 738 λοιποὶ,
2959 672 3012 725 '0
3038 674 3257 731 ἐσθίων
3277 677 3345 731 ἐκ
3384 679 3496 735 τῶν
3518 684 3632 740 ὠῶν
3673 696 3819 754 αὐτῶν

2330 764 2739 861 ἁπ-οθανεῖτ-αι.
2782 764 2841 817 Ὁ
2873 764 2936 861 δε
2966 766 3206 861 συνετδς,
3246 768 3340 821 καὶ
3358 771 3651 844 ἀνατρέπειν
3668 782 3817 861 ἐλέγχει,

2330 855 2502 911 ταῦτα
2534 856 2853 929 δυνάμενος,
2889 857 2952 912 τὸ
2984 861 3042 913 ἐν
3100 859 3286 925 αὐτοῖς
3334 861 3541 935 ἐξεῦρεν
3585 855 3817 947 (inputari,

2330 946 2430 1039 καὶἶ
2454 946 2679 1015 οὔριον,
2707 948 2803 1002 καὶ
2852 948 3145 1017 δυσῶδες,
3173 950 3373 1007 καὶτὸν
3406 954 3460 1008 ὲν
3493 959 3653 1023 αὐτοῖς
3672 964 3815 1039 ὲγκρυ.

2329 1036 2600 1109 πτόμενον
2630 1041 2728 1093 καὶ
2795 1040 2861 1093 ὲκ
2912 1040 3076 1110 μόνου
3114 1040 3431 1114 φθοροποιὸν
3471 1048 3558 1102 τοῦ
3580 1036 3818 1126 βλέμματος

2323 1128 2727 1193 βασιλίσκον.
2773 1131 2931 1185 Κατὰ
2955 1131 3012 1184 δὲ
3036 1131 3129 1186 τὸν
3186 1133 3414 1191 ’Δκὺλαν
3448 1154 3461 1168 ·
3487 1140 3588 1194 Καὶ
3625 1144 3682 1197 τὸ
3715 1150 3816 1203 θαι.

2329 1221 2484 1290 seder-
2512 1221 2773 1292 ἐσχίσθη
2804 1221 3038 1292 ἔχιδνα.
3074 1224 3231 1279 Κατὰ
3250 1226 3312 1280 δὲ
3354 1226 3626 1302 Σύμμαχον
3652 1250 3666 1268 ο
3702 1239 3817 1294 Τὸδὲ

2329 1313 2867 1383 συνεστραμμένον
2897 1316 3239 1387 ἀπορραγὲν
3266 1317 3432 1372 ἔσται
3462 1319 3633 1391 ἀσπίς
3653 1342 3666 1357 ·
3717 1332 3816 1385 κατά

2329 1402 2388 1455 δὲ
2442 1404 2803 1457 Θεοδοτίωναο
2845 1404 2916 1459 Τὸ
2940 1407 3211 1475 θαλφθὲν
3259 1406 3468 1478 ἐρράγη
3498 1410 3683 1479 ἆσπίς.
3708 1416 3818 1473 Οὕτω

2330 1496 2441 1557 τοῖς
2476 1494 2755 1558 Ἰουδαίοις
2777 1495 2839 1549 τδ
2867 1497 3012 1550 κατὰ
3035 1498 3273 1569 Χριστοῦ
3306 1499 3602 1571 μελετηθὲν,
3622 1505 3818 1577 ἀνόνητον

2330 1586 2572 1655 γέγονεν,
2605 1587 2682 1651 ὡς
2708 1591 2821 1652 τοῖς
2841 1588 3051 1642 τοιοῦτο
3106 1589 3308 1644 κλῶσιν
3338 1590 3469 1659 ὠὸν,
3502 1594 3735 1663 μᾶλλονδὲ
3755 1602 3821 1653 καὶ

2330 1679 2531 1741 παντὸς
2558 1678 2781 1751 ὀλέθρου
2797 1680 3076 1751 πρόξενον.
3104 1681 3242 1734 Φασὶ
3259 1681 3317 1734 δέ
3335 1699 3477 1747 τινες
3496 1683 3564 1749 ὡς
3586 1686 3638 1739 τὸ
3649 1687 3821 1743 ἐσθίειν

2331 1769 2451 1823 ἀπὸ
2480 1768 2631 1835 ὠῶν,
2657 1764 2732 1823 ὧν
2758 1771 3038 1825 τίκτουσιν
3062 1773 3111 1825 οἰ
3136 1771 3470 1845 ἁμαρτωλοὶ,
3494 1775 3550 1828 τὸ
3601 1776 3819 1834 πείθεσθαι

646 1864 923 1919 Christum
957 1863 1202 1918 meditati
1236 1873 1385 1927 sunt,
1416 1863 1715 1933 quidquam
1750 1862 2090 1933 profuerunt
2113 1877 2217 1916 non

2330 1860 2512 1930 λόγοις
2597 1862 2778 1917 αὐτῶν
2809 1878 2824 1897 ο
2874 1862 2950 1926 ὡς
2975 1865 3003 1916 ὁ
3027 1863 3194 1917 Ἀὃελ
3220 1864 3302 1936 τῷ
3356 1865 3493 1938 λόγῳ
3521 1868 3665 1934 nam,
3696 1871 3741 1938 ἐξ
3776 1867 3820 1925 οὗ

643 1957 841 2027 magis,
868 1971 1031 2026 quam
1065 1972 1221 2009 ovum
1254 1955 1546 2022 ejusmodi,
1577 1955 1660 2009 vel
1691 1955 1837 2024 quod
1867 1953 2053 2024 potius
2097 1968 2221 2007 om-

643 2045 731 2100 nis
765 2047 929 2101 etiam
964 2048 1217 2102 interitus
1244 2062 1409 2102 causa
1437 2047 1529 2109 sit,
1564 2045 1807 2115 fregerit.
1840 2046 2011 2100 Aiunt
2048 2059 2219 2115 porro

641 2137 891 2190 nonnulli
921 2135 1190 2191 comedere
1220 2138 1284 2190 de
1313 2137 1422 2191 ovis
1456 2147 1827 2205 peccatorum,
1885 2136 2030 2191 idem
2063 2151 2213 2201 esse,

640 2228 783 2296 qqu
814 2228 1131 2284 eorumdem
1163 2230 1342 2285 verbis
1394 2229 1553 2284 [idem
1588 2229 1850 2285 adbibere
1902 2246 1916 2283 :
1971 2236 2033 2283 ut
2086 2228 2215 2283 olim

639 2325 800 2389 Abel,
826 2341 950 2380 cum
980 2324 1154 2380 Caino
1184 2325 1415 2381 credidit
1470 2326 1616 2381 unde
1660 2336 1893 2382 mortem
1922 2326 2029 2384 sibi
2085 2340 2219 2382 con-

642 2416 869 2471 ciliavit.
887 2414 942 2470 lu
964 2417 1013 2471 id
1038 2415 1183 2471 enim
1207 2416 1389 2486 operis
1411 2431 1600 2471 eorum
1626 2431 1810 2473 sermo
1840 2416 2131 2483 incumbit,
2156 2424 2218 2471 ut

640 2507 824 2562 verbis
846 2506 1000 2562 istis:
1032 2506 1099 2560 Et
1130 2507 1267 2579 quod
1299 2506 1470 2576 fotum
1502 2515 1579 2561 est
1631 2509 1686 2562 in
1715 2508 1951 2578 viperam
1983 2508 2215 2562 divisum

639 2608 745 2659 est,
775 2598 1133 2669 significatur.
1169 2598 1372 2654 Deinde
1423 2598 1569 2669 quod
1596 2598 1757 2653 telam
1805 2615 2018 2654 aranete
2046 2608 2220 2653 texere

639 2692 800 2757 dixit,
822 2692 987 2763 669
1014 2691 1192 2748 fusius
1213 2708 1523 2748 sermonem
1548 2694 1715 2749 istum
1742 2694 2056 2765 explicavit,
2087 2707 2213 2747 cum

642 2782 800 2835 telam
836 2798 1017 2837 eorum
1046 2782 1101 2836 in
1134 2785 1497 2838 vestimentum
1526 2800 1629 2839 non
1671 2784 1785 2855 fore
1820 2785 2045 2854 adjecit.
2075 2784 2218 2853 Lege

2335 1948 2589 2014 θάνατος.
2619 1952 2715 2014 Εἰς
2735 1951 2893 2005 τοῦτο
2919 1952 3027 2024 γὰρ
3050 1952 3281 2023 τοῦργον
3306 1954 3334 2006 ὁ
3360 1954 3509 2024 λόγος
3552 1958 3705 2013 αὐτῶν
3728 1977 3821 2014 κατ-

2324 2045 2459 2114 αντᾷ
2492 2060 2506 2075 ’
2536 2044 2754 2116 ὂδηλοῖ,
2787 2045 2886 2098 καί
2932 2046 2999 2098 τὸ
3043 2045 3315 2115 θαλφθὲν
3372 2047 3613 2118 ἐσχίσθη
3647 2051 3819 2119 ἔχιδνα.

2323 2134 2506 2189 Εἰπὼν
2534 2134 2612 2200 δὲ,
2642 2135 2843 2189 Ἰστόν
2862 2137 3107 2206 ἐχίδνης
3125 2148 3148 2177 ο
3184 2139 3526 2208 ὑφαίνουσι,
3558 2141 3819 2215 πλατύτερον

2320 2224 2414 2276 τὸν
2441 2225 2568 2296 περὶ
2591 2227 2782 2278 τούτου
2813 2226 2969 2294 λόγον
2990 2227 3267 2283 ἐκτίθεται
3315 2230 3532 2298 φάσκων
3554 2247 3566 2261 ·
3595 2233 3715 2299 Οἷς(1
3758 2252 3821 2302 τις

2321 2315 2519 2370 αὐτῶν
2580 2318 2691 2370 οὐκ
2741 2318 2915 2372 ἔσται
2966 2320 3054 2385 εἰς
3077 2318 3333 2388 ἱμάτιον.
3385 2322 3704 2376 Συνετίθεσαν
3726 2328 3817 2398 γὰρ,

2322 2408 2401 2472 ὡς
2457 2412 2693 2481 εἴρηται,
2773 2411 3146 2477 διδασκαλίας,
3204 2415 3510 2486 ἐντάλματα
3556 2415 3815 2489 ἀνθρώπων,

2320 2500 2417 2555 τοῦ
2445 2501 2612 2570 νόμου
2649 2505 3188 2575 καταφρονήσαντες.
3215 2506 3311 2560 Διό
3332 2524 3511 2576 φησιν,
3556 2511 3663 2562 Οὐκ
3697 2509 3816 2563 ἔσται

2321 2595 2411 2658 εἰς
2441 2592 2695 2662 ἱμάτιον.
2721 2594 2880 2649 Τοῦτ’
2908 2596 3046 2663 ἔστι,
3083 2598 3220 2665 φασί
3255 2615 3423 2665 τινες,
3456 2601 3562 2653 Οὐκ
3588 2600 3706 2654 οἴσει
3752 2602 3817 2655 κό-

2323 2705 2461 2759 σμον
2491 2687 2673 2751 αὐτοῖς
2696 2687 2732 2741 ἃ
2766 2688 3117 2761 πράττουσιν,
3163 2690 3239 2754 ὡς
3262 2690 3383 2744 οὐδὲ
3410 2692 3482 2762 τῷ
3513 2693 3662 2763 ’Λδὰμ
3674 2694 3817 2764 {papa

2323 2778 2527 2847 κόσμον
2558 2775 2655 2829 τοῦ
2686 2776 2939 2847 σώματος
2971 2778 3034 2831 τὸ
3063 2778 3194 2833 ἄνευ
3217 2779 3355 2834 Θεοῦ
3408 2781 3649 2853 πραχθέν.

639 2878 785 2928 enim
816 2874 1070 2946 despecta
1100 2877 1377 2932 doctrinas
1403 2884 1458 2933 et
1492 2877 1748 2932 mandata
1783 2876 2063 2932 hominum
2094 2875 2202 2932 sibi
2242 2871 2649 2927 conﬂuxerant.
2691 2867 2881 2940 Itaque
2951 2886 3076 2926 cum
3108 2889 3214 2928 non
3259 2874 3375 2945 [ore
3424 2877 3478 2930 in
3530 2878 3820 2931 vestimentum

638 2969 818 3035 dixit,
843 2970 981 3024 nihil
1014 2970 1182 3033 aliud,
1220 2978 1279 3025 ut
1306 2971 1480 3041 placet
1506 2971 1861 3039 quibusdam,
1891 2982 2057 3041 quam
2093 2966 2303 3021 nullum
2338 2963 2468 3024 illis,
2498 2975 2618 3030 quae
2677 2970 2899 3032 gerunt,
2965 2962 3199 3018 allatura
3275 2975 3637 3021 ornamentum
3697 2968 3822 3038 signi-

640 3062 844 3127 ﬁcavit,
883 3065 1043 3118 sicuti
1074 3064 1207 3117 nihil
1249 3065 1313 3117 ad
1340 3071 1595 3118 ornatum
1635 3064 1883 3133 corporis
1915 3062 2060 3133 quod
2094 3061 2202 3115 Deo
2237 3064 2455 3113 velante
2490 3062 2756 3126 gesserat,
2785 3056 2995 3110 Adamo
3028 3056 3286 3111 contulit.

714 3153 916 3209 Deinde
944 3169 1194 3224 quaenam
1222 3154 1326 3208 tela
1351 3154 1467 3224 ipsa
1496 3153 1589 3217 sit,
1616 3153 1876 3223 explicat,
1903 3166 2027 3207 cum
2053 3166 2213 3221 opera

2389 3141 2521 3198 Εἶτα
2542 3144 2835 3216 ἐρμηνεύει
2871 3144 2956 3209 τίς
2983 3146 3011 3199 ὁ
3038 3144 3205 3209 ίστός.
3240 3147 3318 3201 Τὰ
3358 3146 3465 3218 γὰρ
3520 3148 3649 3219 ἔργα
3672 3148 3822 3205 αὐτῶν

636 3262 840 3310 eorum,
876 3247 1174 3317 iniquitatis
1220 3262 1379 3315 opera
1424 3262 1539 3300 esse
1572 3246 1845 3317 adiungit,
1872 3245 2002 3314 quia
2048 3243 2213 3299 nimi-

639 3358 760 3398 rum
813 3339 906 3394 alii
956 3339 1264 3392 divinarum
1322 3338 1654 3392 Litterarum
1709 3353 1843 3407 ope,
1897 3336 2211 3407 spiritualia

639 3435 1020 3507 spiritualibus
1057 3444 1447 3503 componentes
1474 3433 1542 3496 ⁶¹,
1577 3432 1818 3487 divinam
1865 3433 2026 3501 plane
2066 3430 2213 3485 tuni-

638 3542 757 3582 cam
785 3534 1094 3589 contexunt,
1120 3523 1211 3576 alii
1243 3531 1425 3577 autem
1455 3522 1510 3576 in
1537 3520 1782 3578 Judaicis
1816 3521 2015 3576 fabulis
2045 3520 2213 3575 inuti-

640 3617 761 3670 liter
804 3614 1074 3684 occupati,
1108 3617 1268 3667 telam
1303 3613 1450 3667 velut
1481 3628 1691 3667 aranea:
1737 3612 1805 3666 ad
1843 3612 2209 3684 simpliciores

639 3702 939 3773 captandas
1012 3701 1404 3773 venandosque
1477 3710 1836 3772 componunt.
1911 3701 2210 3756 Enumerat

638 3807 770 3847 vero
797 3792 1110 3861 singulatim
1146 3808 1264 3862 quae
1296 3792 1401 3863 ipsi
1441 3792 1805 3858 admiserunt,
1835 3799 1896 3846 ut
1925 3807 2031 3845 non
2065 3791 2208 3861 inju-

639 3884 721 3939 ria
767 3882 1003 3952 rejectos
1049 3897 1173 3936 esse
1213 3882 1570 3936 demonstret.
1607 3880 1870 3951 Sequitur
1905 3899 1920 3936 :
1957 3881 2026 3935 Et
2056 3882 2209 3951 pedes

638 3990 822 4031 eorum
869 3973 938 4026 ad
997 3972 1257 4026 malitiam
1309 3983 1529 4026 currunt
1581 3988 1600 4026 :
1650 3970 2095 4043 quandoquidem
2156 3985 2210 4027 et

639 4064 890 4137 corporis
945 4062 1191 4118 membra
1243 4063 1362 4132 ipsa
1413 4073 1591 4119 motus
1643 4063 2005 4135 aptitudinem
2046 4062 2113 4116 ad
2153 4064 2207 4117 id

641 4163 885 4222 sumunt,
921 4154 989 4209 ad
1028 4154 1172 4225 quod
1203 4164 1569 4211 assueverunt
1599 4173 1615 4211 :
1646 4155 1876 4225 ideoque
1910 4157 2103 4211 veloces
2138 4157 2207 4210 ad

638 4245 1012 4316 effundendum
1065 4246 1375 4315 sanguinem
1424 4246 1750 4301 innocentem
1802 4247 1969 4316 pedes
2021 4262 2209 4302 evase-

639 4346 768 4394 runt
801 4356 815 4369 ·
852 4339 924 4392 ita
958 4337 1104 4393 enim
1134 4338 1321 4392 caeteri
1360 4337 1735 4391 reddiderunt.
1779 4337 1913 4393 lude
1944 4338 2110 4408 igitur
2138 4337 2206 4394 ad

642 4444 785 4490 cum,
816 4426 910 4498 qui
957 4442 1144 4483 revera
1202 4426 1379 4481 fuerat
1428 4428 1697 4491 innocens,
1731 4429 2037 4495 sanguinem
2075 4444 2205 4499 pro-

2315 3238 2460 3306 ἐργα
2487 3237 2763 3307 ἀνομίας.
2789 3240 2913 3291 Ὀτι
2942 3240 2990 3292 οἰ
3030 3249 3055 3278 ο
3080 3238 3171 3293 διὰ
3228 3238 3404 3309 λόγων
3442 3242 3592 3296 θείων
3627 3259 3822 3312 πνευμα·

2315 3332 2492 3392 τικοίς
2580 3331 2927 3400 πνευματικὰ
2968 3331 3358 3403 συγκρίνοντες
3385 3373 3402 3400 ,
3472 3335 3658 3406 χιτῶνα
3719 3335 3824 3387 θεῖον

2317 3423 2708 3490 ὑφαίνουσιν.
2782 3426 2845 3478 Oi
2913 3424 2970 3478 δὲ
2996 3426 3077 3489 εἰς
3126 3427 3407 3499 ἄχρηστον
3424 3432 3539 3492 ταῖς
3573 3430 3824 3491 acuum;

2315 3511 2661 3581 μυθολογίαις
2682 3513 3489 3585 κατατρίϐονται,⁸συντιθέντες
3513 3519 3669 3573 lator
3681 3518 3823 3588 dicmp

2310 3603 2582 3674 ἀράχνης
2616 3607 2709 3659 ἐπὶ
2736 3606 2879 3678 θήρᾳ
2899 3607 3006 3661 τῶν
3040 3609 3455 3684 ἁπλουστέρων.
3505 3614 3650 3667 Κατὰ
3671 3612 3821 3666 λεπτὸν

2309 3694 2365 3748 δὲ
2390 3695 2656 3767 διηγεῖται
2683 3698 2890 3751 ἰὰ-κατ’
2928 3699 3148 3766 αὐτοὺς,
3185 3700 3247 3755 τὸ
3313 3704 3521 3757 δίκαιον
3576 3702 3822 3762 ἐπιδεικνὺς

2308 3785 2410 3855 τῆς
2456 3788 2663 3842 τούτων
2715 3788 3011 3857 ἀποϐολῆς.
3065 3794 3128 3846 Oi
3194 3792 3252 3846 δὲ
3302 3794 3487 3862 πόδες
3532 3792 3712 3848 αὐτῶν
3758 3796 3823 3855 εις

2311 3880 2530 3934 κακίαν
2568 3880 2890 3951 τρέχουσιν
2914 3899 2930 3915 ·
2989 3885 3113 3937 ἐπεὶ
3163 3886 3258 3937 καὶ
3293 3887 3363 3940 τὰ
3402 3886 3670 3955 σωματικὰ
3721 3886 3821 3955 μέλη

2311 3971 2587 4039 κινήσεως
2619 3972 3041 4043 ἐπιτηδειότητα
3057 3972 3328 4044 λαμϐάνει
3370 3974 3505 4043 πρὸς
3538 3973 3564 4027 ὅ
3606 3972 3821 4033 συνεθίζεο

2308 4078 2423 4116 ται.
2460 4062 2727 4131 Ταχεινοὶ
2754 4064 2962 4133 ἐκχέαι
2983 4059 3128 4133 αἷμα
3151 4065 3449 4119 ἀναίτιον.
3476 4067 3536 4120 Οί
3576 4062 3729 4117 λοιποὶ
3745 4064 3823 4129 γὰρ

2308 4152 2484 4216 οὕτως
2517 4154 2810 4217 ἐξέδωκαν.
2858 4154 3139 4208 Ἐντεῦθεν
3171 4149 3265 4207 οὖν
3313 4158 3406 4209 ἐπὶ
3444 4156 3503 4209 τὸ
3530 4151 3826 4215 δντωςὰναί-

2307 4260 2438 4297 τιον
2468 4240 2612 4312 αἷμα
2648 4246 2944 4317 προῆλθον.
2990 4246 3079 4311 Ὧς
3109 4245 3314 4310 Ἰούδας
3337 4249 3447 4302 ἀπὸ
3500 4249 3596 4317 τῆς
3644 4248 3824 4315 αἰσχρο·

2308 4334 2545 4406 κερδίας,
2571 4335 2666 4389 ἐπὶ
2687 4337 2787 4407 τὴν
2802 4339 3080 4407 χειρίστην
3104 4338 3519 4408 αἰσχροκερδίαν
3536 4337 3617 4391 διὰ
3641 4335 3825 4407 μελέτης

2314 4424 2621 4497 προσήχθη.
2659 4425 2765 4481 Καὶ
2789 4427 2935 4481 ὁδὸν
2955 4427 3024 4481 δὲ
3050 4429 3296 4497 εἰρήνης
3323 4432 3437 4483 οὐκ
3462 4431 3729 4498 ἔγνωσαν.
3750 4426 3819 4478 Διὸ

638 4519 817 4589 gressi
834 4490 1000 4573 sunt.
1034 4516 1149 4574 Non
1182 4518 1341 4571 aliter
1366 4533 1530 4587 quam
1559 4517 1728 4574 ludas
1749 4534 1780 4571 ο
1812 4490 1957 4590 turpi
1994 4490 2204 4590 quinatu

2311 4490 2403 4570 xui.
2441 4490 2689 4591 όέωτὴρ
2724 4490 3113 4574 ἀπεκλαύσατο
3130 4490 3622 4594 τήνἾΙερουσαλὴμ
3655 4517 3820 4573 εἰπών·

639 4611 708 4664 ad
748 4611 1045 4679 pessimam
1077 4608 1551 4679 foedissimumque
1580 4610 1868 4664 avaritiam
1905 4611 2074 4667 animi
2116 4626 2209 4667 co-

2313 4629 2331 4661 ι
2376 4610 2435 4662 Εἰ
2465 4610 2612 4680 ᾔδεις
2638 4611 2731 4663 καί
2757 4629 2821 4680 γε
2853 4612 2918 4665 σὺ
2947 4612 3015 4665 τὰ
3054 4614 3189 4684 πρὸς
3216 4616 3443 4687 εἰρήνην
3461 4632 3575 4679 σου,
3612 4610 3822 4680 ὅτιῆξον-

640 4699 959 4769 gitationem
993 4698 1284 4752 convertit.
1329 4697 1401 4751 Et
1450 4699 1590 4751 viam
1628 4700 1775 4768 pacis
1820 4717 1924 4754 non
1965 4717 2211 4771 cognoue-

2311 4718 2391 4753 σιν
2428 4703 2632 4772 ἡμέραι
2661 4704 2756 4755 ἐπὶ
2782 4705 2892 4768 σοὶ,
2928 4703 3023 4756 καὶ
3062 4706 3460 4774 περιϐαλοῦσιν
3501 4704 3644 4758 σοιοί
3683 4696 3821 4774 ἐχθροί

640 4799 787 4845 runt.
831 4788 971 4845 Hinc
998 4798 1053 4845 et
1084 4789 1334 4844 Salvator
1367 4787 1680 4845 Jerusalem
1712 4790 1932 4847 deﬂevit
1966 4793 2052 4849 his
2078 4808 2208 4849 ver-

2311 4808 2402 4844 σου
2425 4792 2663 4863 χάρακα,
2725 4794 2820 4847 καὶ
2842 4794 3193 4851 κυκλώσουσί
3216 4814 3300 4861 σε,
3325 4799 3423 4851 καὶ
3460 4796 3529 4851 τὰ
3568 4797 3713 4851 τέκνα
3754 4807 3822 4842 σου

640 4883 764 4939 bis:
792 4900 811 4935 ι
853 4880 912 4938 Sl
947 4882 1117 4939 scires
1160 4894 1215 4938 et
1254 4894 1333 4944 tu.
1362 4897 1486 4952 quae
1530 4891 1659 4938 sunt
1701 4885 1854 4954 pacis
1883 4892 1992 4940 tuae
2022 4902 2037 4940 :
2067 4901 2207 4956 quo-

2311 4882 2631 4955 ὲδαφιοῦσιν.
2673 4904 2694 4938 ι
2755 4887 2895 4941 Ἀλλ’
2918 4889 3067 4943 οὐδὲ
3113 4891 3316 4959 κρίσις
3335 4891 3407 4945 ἐν
3431 4890 3558 4956 ταῖς
3579 4886 3720 4953 ὁδοῖς
3741 4882 3821 4938 αὐ·

643 4972 793 5025 niam
813 4971 1036 5025 venient
1067 4971 1185 5027 dies
1211 4972 1264 5026 in
1298 4980 1367 5035 te,
1400 4981 1455 5027 et
1480 4972 1905 5029 circumdabunt
1934 4980 1990 5029 te
2021 4975 2208 5032 hostes

2311 4976 2439 5043 τῶν,
2463 4979 2691 5050 ἀκρισία
2712 4979 2771 5033 δὲ
2814 4982 2966 5036 πᾶσα
2990 4983 3085 5037 καὶ
3116 4983 3322 5040 ἀδικία.
3349 4984 3463 5038 Καὶ
3498 4984 3593 5053 τὴν
3624 4980 3704 5034 διὰ
3724 4978 3823 5031 Μω-

640 5063 718 5118 tui
752 5063 914 5129 vallo,
946 5072 1001 5119 et
1029 5062 1343 5118 circuibunt
1377 5072 1451 5129 te,
1480 5072 1534 5118 et
1564 5063 1703 5120 lllios
1737 5074 1862 5121 tuos
1891 5075 2049 5121 terra:
2090 5066 2210 5122 alli-

2311 5069 2442 5133 σέως
2468 5070 2526 5123 δὲ
2554 5071 2718 5126 Δασὶδ
2742 5071 2917 5138 οὕτως
2946 5075 3205 5130 ἐκάλεσεν
3231 5076 3454 5147 ἐντολήν
3485 5092 3500 5109 ο
3530 5072 3732 5145 «Κρίσιν
3755 5066 3823 5120 καὶ

637 5156 769 5212 dent
795 5156 865 5216 ⁶².
896 5174 917 5209 ι
954 5154 1059 5211 Sed
1093 5171 1196 5210 non
1229 5164 1306 5209 est
1340 5155 1605 5225 judicium
1632 5156 1687 5209 in
1716 5156 1815 5211 viis
1844 5173 2024 5211 eorum
2045 5198 2061 5225 ,
2096 5158 2207 5214 imo

2311 5157 2648 5233 δικαιοσύνην
2670 5162 2729 5215 ὲν
2774 5161 2967 5217 Ἰακὼϐ
2995 5165 3059 5219 σὺ
3088 5164 3354 5237 ἐποίησας
3381 5164 3402 5205 ἲ
3416 5184 3463 5220 ,ι
3510 5162 3661 5217 Ἀλλὰ
3678 5159 3757 5214 καὶ
3782 5157 3825 5209 ιιι

640 5247 834 5318 potius.
873 5245 1054 5303 omnis
1102 5244 1364 5316 iniquitas
1412 5252 1468 5299 et
1518 5243 1786 5315 nequitia.
1816 5245 1909 5301 Sic
1946 5257 2001 5302 et
2034 5246 2203 5304 David

2311 5251 2700 5318 τρίϐοιαύτῶν
2757 5252 3237 5326 διεστραμμέναι.
3287 5254 3594 5327 Διαστροφὴ
3624 5251 3718 5321 γὰρ
3754 5245 3824 5299 τοῦ

635 5338 774 5407 ipse,
810 5352 932 5408 quae
956 5351 1055 5408 per
1082 5334 1271 5391 Mosen
1310 5333 1438 5389 data
1480 5341 1630 5397 sunt,
1666 5345 1931 5405 praecepta
1960 5338 2197 5408 appella-

634 5429 734 5493 vit,
778 5444 902 5485 cum
929 5428 1196 5498 judicium
1236 5436 1289 5484 et
1321 5426 1590 5497 justitiam
1623 5426 1679 5482 in
1709 5424 1880 5483 Iacob
1909 5426 2200 5487 Dominum

706 5569 748 5599 “
780 5567 798 5621 l
829 5567 959 5623 Cor.
990 5585 1052 5636 ιι,
1078 5569 1165 5624 l3.
1240 5569 1285 5600 °’
1314 5565 1447 5623 Luc.
1484 5581 1599 5625 nx,
1629 5564 1810 5620 42-44.

1876 5678 2108 5735 VARIE
2142 5678 2437 5737 LECTION
2443 5682 2543 5740 ES.

1635 5812 1659 5840 ⁶
1683 5817 1773 5871 γρ.
1806 5799 1893 5857 ἵσ.
1928 5798 2045 5871 μέν.
2128 5799 2149 5838 τ
2193 5799 2278 5855 ῑσ.
2303 5800 2497 5870 λέγων.

2309 5341 2471 5412 ὀρθοῦ
2499 5343 2560 5396 τὸ
2580 5345 2766 5399 κακόν.
2806 5347 2914 5402 Kal
2941 5350 3052 5402 οὐκ
3082 5347 3321 5401 οἴδασιν
3367 5345 3632 5414 εἰρήνην.
3661 5340 3725 5394 υῦ
3747 5335 3827 5441 γάς

2317 5435 2705 5504 προσεδέξαντο
2726 5437 2835 5508 τῆς
2880 5438 3125 5510 εἰρήνης
3171 5440 3264 5496 τὸν
3317 5438 3602 5511 πρύτανιν,
3628 5430 3740 5504 περὶ
3782 5430 3827 5478 οὓ

744 5806 767 5835 ε
806 5812 895 5873 γρ.
936 5795 1197 5867 ἀράχνης.
1267 5796 1297 5836 ά
1327 5798 1357 5853 ὁ
1391 5799 1554 5864 ἱστός.
