3998 6390
147 449 289 513 2605

1308 454 1838 515 COMMENTARII
1891 454 1975 515 ΙΝ
2007 455 2294 516 ISAIAM.

3178 444 3191 457 '
3258 427 3437 525 ams

148 561 228 623 τὺ,
258 560 463 625 «Αὐτὸς
488 561 597 633 γάρ
621 563 818 632 ἐστινὴ
852 562 1045 634 είρήνη
1065 560 1275 632 ἡμῶν.»
1301 562 1411 615 Καὶ
1440 562 1497 625 ὃς
1519 580 1682 631 φησιν
1712 577 1729 594 ⁸

1836 562 2037 617 fecisse
2081 564 2281 615 cecinit
2320 560 2387 616 ⁸³.
2434 561 2539 618 Sed
2580 569 2711 618 sum
2752 580 2932 618 eorum
2982 565 3151 621 etiam
3203 574 3403 626 semin

153 651 422 724 ιΕίρήνην
442 652 542 725 τὴν
569 654 706 725 ἐμὴν
718 653 913 725 δίδωμι
932 654 1114 725 ὑμῖν.»
1140 654 1240 706 Διὰ
1259 653 1433 708 ταῦτα
1462 653 1518 706 δὲ
1544 654 1722 707 πάντα

148 740 318 811 φησίν
350 756 368 772 ⁶
410 741 667 810 Ἀπέστη
695 741 735 809 ἡ
800 743 1001 811 κρίσις
1032 743 1249 798 αὐτῶν.
1310 743 1447 816 Περὶ
1478 738 1546 815 ἦς
1603 743 1723 795 ἔλε-

145 846 241 898 γεν
271 846 287 862 ’
354 848 374 884 ι
422 830 552 885 Ἰδοὺ
592 834 620 886 ό
653 835 782 896 παῖς
823 850 925 903 μου
964 831 1024 886 δν
1071 834 1300 905 ᾑρέτισα
1328 849 1343 865 ο
1389 833 1722 902 ὁάγαπητός

150 939 277 992 μου,
314 922 393 986 είς
425 923 485 977 δν
508 924 798 996 εὐδόκησεν
826 926 862 997 ἠ
894 924 1041 999 ψυχή
1071 943 1197 996 μου,
1231 924 1412 995 κρίσιν
1442 926 1553 989 τοῖς
1571 924 1721 978 ἔθνε-

147 1030 231 1067 σιν
260 1014 481 1079 ἐξοίσει.
526 1036 545 1071 ι

147 1106 327 1172 cessit,
377 1107 472 1172 ait,
520 1108 586 1162 ab
620 1112 680 1164 eo
704 1109 1003 1180 judicium,
1034 1109 1103 1165 de
1145 1122 1257 1180 quo
1325 1108 1584 1165 nimirum
1662 1104 1879 1161 dicebat
1933 1130 1949 1161 :

1827 668 2026 721 praem.
2071 650 2167 705 Est
2212 651 2357 705 enim
2406 652 2633 715 malum,
2665 653 2808 721 ejus,
2849 654 2994 723 quod
3045 668 3255 713 rectum
3295 667 3401 726 est,

1828 739 2172 811 depravatio.
2204 739 2273 794 Et
2309 741 2547 794 nesciunt
2588 758 2807 811 pacem;
2839 745 2965 814 quia
2996 748 3143 815 pacis
3184 748 3402 819 largito-

1832 845 1946 885 rem
1999 838 2054 884 ct
2103 830 2385 885 custodem
2435 831 2665 887 minime
2714 833 3056 890 admiserunt
3101 855 3114 892 :
3158 837 3251 907 qui
3302 853 3402 907 pax

1832 935 1956 977 esse
1986 930 2173 975 nostra
2205 921 2465 976 scribitur
2487 923 2567 987 “;
2598 929 2692 995 qui
2723 940 2910 995 parem
2940 943 2999 983 se
3029 943 3183 982 suam
3214 928 3404 999 largiri

1827 1012 2094 1082 apostolis
2124 1011 2259 1066 dixit
2285 1012 2350 1067 ⁸⁸.
2384 1013 2466 1068 0b
2502 1014 2614 1069 haec
2649 1026 2829 1069 autem
2874 1017 3039 1088 670
3074 1019 3280 1085 omnia,
3322 1036 3405 1073 re-

2029 1122 2047 1157 ι
2107 1106 2249 1159 Ecce
2334 1120 2469 1175 puer
2525 1122 2702 1174 meus,
2749 1123 2911 1178 quem
2965 1112 3122 1183 elegi,
3172 1114 3407 1178 dilectus

149 1215 325 1266 meus,
366 1199 423 1254 in
456 1215 564 1270 quo
606 1201 743 1256 bene
785 1201 1117 1272 complacuit
1154 1202 1351 1256 animae
1378 1216 1536 1265 mea),
1564 1196 1834 1270 judicium
1865 1197 2123 1269 gentibus
2158 1196 2294 1253 feret
2310 1198 2377 1253 “.
2409 1218 2428 1250 ι

217 1294 372 1364 Δύτὴ
411 1294 593 1349 τοίνυν
620 1295 654 1365 ἡ
680 1296 791 1358 τοίς
817 1294 996 1349 ἔθνεσι
1024 1295 1240 1349 δοθεῖσα
1260 1295 1459 1364 κρίσις
1489 1293 1726 1362 ἀπέστη

146 1388 215 1452 ἐξ
240 1388 465 1451 αὐτῶν,
520 1387 616 1442 καὶ
641 1389 675 1459 ἡ
721 1386 932 1452 τούτοις
970 1387 1190 1442 δοθεῖσα
1244 1388 1601 1454 δικαιοσύνη
1638 1384 1728 1440 διὰ

147 1480 246 1551 τῆς
309 1479 580 1551 σωτηρίου
628 1478 874 1551 χάριτος.
924 1479 1033 1532 Καὶ
1074 1478 1249 1543 ἄλλως
1284 1478 1442 1551 ἔσχεν
1478 1480 1512 1549 ἡ
1545 1478 1728 1533 ἀδικία

147 1571 335 1641 χώραν
362 1570 482 1624 κατ’
540 1569 740 1633 αὐτῶν,
770 1570 912 1624 ὥστε
967 1569 1078 1624 ἀπὸ
1144 1571 1356 1625 ἀσεὸῶν
1404 1569 1623 1639 ἁθῆναι
1651 1571 1677 1610 ε
1707 1586 1722 1601 ’

148 1660 279 1730 οἷον,
311 1664 418 1717 ὑπὸ
454 1661 777 1734 Ἀσσυρίων.
833 1660 1315 1732 ’Υπομεινάντων
1342 1662 1541 1717 αὐτῶν
1598 1660 1726 1731 φῶς

149 1756 389 1825 ἐγένετο
411 1754 617 1821 αὐτοῖς
645 1754 889 1821 σκότος.
918 1754 1055 1826 Περὶ
1084 1755 1255 1826 μόνην
1302 1754 1413 1826 γὰρ
1438 1755 1537 1826 τὴν
1578 1755 1725 1823 λέξιν

150 1846 538 1919 ἀσχολούμενοι
554 1848 651 1917 τῆς
665 1846 909 1919 Γραφῆς,
923 1845 1112 1918 ὥσπερ
1129 1845 1250 1901 τινὰ
1267 1846 1474 1916 τοῖχον
1490 1846 1725 1902 ἐοίκασι

149 1941 473 2009 ψηλαφᾷν.
505 1941 596 1994 Διὸ
622 1940 766 2004 λέξει
793 1939 1232 2012 ψηλαφήσουσιν,
1284 1939 1361 2002 ὡς
1379 1939 1571 2010 τυφλοὶ
1611 1942 1723 1994 τοῖο
1751 1922 1799 1983 Β

151 2047 264 2099 χον.
291 2031 403 2083 Ka‘t
432 2029 595 2084 πάλιν
626 2045 640 2058 ·
673 2028 1013 2084 Πεσοῦνται
1039 2029 1111 2083 ὲν
1150 2031 1510 2100 μεσημϐρίᾳ,
1529 2029 1609 2097 ὡς
1656 2029 1726 2083 ἐν

150 2124 550 2194 μεσονυκτίῳ,
579 2123 672 2176 καὶ
706 2123 781 2186 ὡς
802 2124 1257 2195 ἀποθνήσκοντες.
1314 2123 1473 2179 Κατὰ
1495 2124 1602 2195 γὰρ
1633 2122 1727 2177 τὸν

151 2214 343 2286 καιρὸν
388 2213 482 2268 τοῦ
540 2214 647 2267 τῶν
694 2214 865 2267 ὲθνῶν
912 2215 1323 2285 μεσημϐρινοῦ
1363 2216 1559 2286 φωτὸς
1607 2219 1727 2282 ταῖς

152 2305 541 2374 εὐαγγελικαίς
566 2304 765 2373 αὐγαῖς
789 2304 889 2375 τῆς
919 2305 1246 2375 Ἐκκλησίας
1272 2304 1368 2359 τοῦ
1396 2305 1530 2360 θεοῦ
1553 2323 1728 2391 καταε-

155 2399 545 2468 λαμπομὲνης,
582 2398 662 2460 ὡς
690 2398 757 2452 ἂν
793 2397 862 2452 τὰ
890 2398 1027 2468 πρὸς
1054 2397 1315 2454 θάνατον
1342 2399 1728 2469 ἡμαρτηκότες

155 2487 305 2557 μόνοι
335 2487 701 2555 πεπτώκασι,
730 2490 823 2542 καὶ
850 2489 930 2554 ὡς
951 2488 1021 2542 ἐν
1038 2488 1418 2558 μεσονυκτίῳ
1432 2488 1726 2559 διάγουσι.

153 2579 441 2643 Τοιούτους
469 2578 577 2632 τῶν
596 2578 901 2651 είρημένων
929 2577 1105 2649 ἔργων
1152 2579 1417 2649 ἐσχήκασι
1440 2580 1565 2641 τοὺς
1589 2596 1727 2650 καρ-

155 2674 310 2739 πούς.
348 2674 869 2745 Προσεδόκωνσμὲν
898 2674 1007 2745 γὰρ
1044 2673 1134 2727 τὸν
1175 2674 1324 2746 παρὰ
1356 2673 1592 2744 Χριστοῦ
1617 2692 1730 2743 φω-

153 2768 367 2837 τισμὸν,
398 2766 691 2838 προφητῶν
720 2765 966 2837 βοώντων
989 2782 1004 2797 ⁸
1036 2784 1055 2817 ι
1073 2765 1311 2829 Φωτίζου
1339 2766 1595 2835 φωτίζου.
1628 2766 1729 2820 ἰε-

157 2860 464 2930 ρουσαλήμ.
489 2859 653 2913 Ἤκει
674 2858 783 2930 γάρ
810 2876 902 2912 σου
924 2859 985 2913 τὸ
1029 2860 1166 2929 φῶς,
1196 2859 1289 2913 καὶ
1317 2860 1344 2928 ἡ
1376 2857 1502 2923 δόξα
1522 2857 1729 2929 Κυρίου

156 2952 248 3004 ἐπὶ
304 2950 370 3003 σὲ
421 2949 801 3004 ἀνατέταλκεν.
830 2966 850 3001 ι
901 2948 1041 3003 Ἀλλ’
1101 2950 1162 3003 ού
1223 2948 1613 3021 προσεδέξαντο
1670 2946 1731 3001 τὸ

156 3042 269 3111 φῶς
300 3042 366 3094 τὸ
394 3040 670 3112 ἀληθινὸν,
696 3042 916 3104 ἑκόντες
944 3039 1000 3093 δὲ
1057 3040 1311 3109 γεγόνασι
1373 3040 1565 3109 τυφλοὶ
1636 3039 1731 3093 καὶ

152 3132 373 3201 τυφλῶν
397 3131 603 3201 ὁδηγοὶ,
634 3130 779 3185 καθά
806 3147 972 3202 φησιν
1003 3130 1032 3183 δ
1085 3131 1297 3201 Σωτήρ.
1331 3129 1406 3183 Od
1466 3128 1575 3199 γὰρ
1623 3129 1730 3182 ὑπ-

148 3232 395 3302 ήκουσαν
422 3227 657 3296 λέγοντι·
697 3245 717 3278 ι
740 3228 827 3290 Ὠς
858 3225 918 3279 τὺ
950 3226 1065 3296 φῶς
1092 3225 1263 3298 ἔχετε,
1294 3228 1642 3297 περιπατεῖτε
1672 3226 1733 3279 ὲν
1758 3268 1801 3328 C

147 3320 228 3391 τῷ
250 3316 538 3390 φωτὶ,ίῖνα
577 3319 651 3391 μὴ
713 3318 902 3372 σκοτία
940 3319 1086 3390 ὑμᾶς
1113 3317 1423 3391 καταλάϐῃ.
1458 3337 1476 3372 ι
1506 3316 1581 3372 Τὸ
1634 3316 1715 3383 δὲ,

150 3413 559 3480 Πορεύσονται
589 3412 670 3478 ὡς
697 3411 917 3481 ἄρκτος
933 3410 1053 3481 ἅμα
1082 3408 1183 3465 καί
1228 3409 1547 3479 περιστερά
1570 3426 1585 3443 .
1625 3411 1724 3479 οὐχ

148 3504 197 3556 οί
226 3504 327 3573 μὲν
357 3503 498 3557 κατά
520 3502 748 3573 ταύτην,
782 3502 832 3554 oi
863 3502 920 3555 δὲ
966 3502 1089 3555 κατ’
1111 3500 1327 3570 ἐκείνην
1350 3516 1364 3531 ·
1401 3501 1452 3553 οἱ
1479 3498 1632 3553 αὐτοὶ
1663 3498 1721 3552 δὲ

148 3596 272 3649 κατ’
319 3594 512 3666 ἄμφω.
559 3597 621 3648 Οἱ
651 3594 761 3666 γὰρ
788 3593 1113 3662 στεναγμοὶ
1144 3591 1325 3645 αὐτῶν
1355 3591 1455 3644 οὐκ
1482 3591 1573 3644 ἐπὶ
1627 3606 1725 3660 με-

148 3689 346 3761 τανοίᾳ
390 3682 466 3742 ὧν
494 3687 717 3758 ἐξέχεαν
743 3687 991 3757 αἱμάτων
1024 3686 1226 3752 εἵνεκα,
1260 3684 1360 3756 τὴν
1387 3683 1650 3754 αἰσθητὴν
1668 3681 1725 3734 δὲ

148 3780 435 3843 κλαίοντες
489 3778 865 3849 Ἰερουσαλήμ.
896 3776 1135 3841 Εἰκότως
1170 3775 1343 3847 θηρίῳ
1379 3774 1554 3847 ἀγρίῳ
1582 3791 1726 3845 παρ-

147 3868 482 3938 εδλήθησαν.
496 3868 607 3921 Καὶ
618 3869 693 3932 ὡς
721 3867 937 3939 εἴρηται
970 3867 1132 3922 πάλιν
1147 3868 1205 3920 ὲν
1224 3866 1424 3931 ἄλλοις,
1439 3866 1726 3934 γεγόνασιν

146 3962 224 4024 ὡς
241 3960 467 4030 ἄρκτος
479 3961 703 4014 ἀτεκνου
712 3959 846 4031 μένη
856 3960 1014 4013 ,Φασὶ
1029 3959 1136 4031 γὰρ
1154 3961 1259 4026 τὰς
1268 3959 1526 4028 ἄρκτους
1539 3959 1725 4023 δεινῶς

148 4054 343 4125 φέρειν
363 4056 464 4124 τὴν
499 4052 607 4105 τῶν
632 4052 886 4123 σκύμνων
909 4050 1203 4123 ἀποϐολὴν,
1247 4052 1343 4106 καὶ
1377 4052 1475 4106 σὺν
1507 4051 1725 4123 ρδυρμῷ

152 4145 486 4215 μαινομένας
510 4147 845 4215 περινοστεῖν
871 4143 1217 4214 ἐπιπηδώσας
1243 4147 1355 4206 τοῖς
1373 4143 1726 4214 ἐντυγχάνου-

147 4238 255 4288 σὶν.
287 4236 532 4304 Ἄρκτος
575 4236 675 4306 μὲν
692 4230 786 4289 οῦν
820 4234 1239 4306 ὠνομάσθησαν,
1270 4235 1393 4288 ἐπεὶ
1442 4236 1538 4289 καὶ
1572 4235 1725 4290 αὐτοὶ

148 4327 476 4399 ἀνθρώπους
497 4326 725 4398 ἔφαγον,
766 4326 1173 4397 ιιιαιφονοῦντες
1190 4326 1317 4391 τοὺς
1345 4327 1651 4399 προφήτας.

222 4589 297 4643 Ἦ
319 4587 642 4659 τεχνωμένη
658 4588 687 4628 h
710 4588 789 4657 δὲ,
814 4587 903 4643 διὰ
924 4590 986 4642 τδ
1014 4588 1376 4660 ἀγριώτερον,
1400 4592 1496 4644 καὶ
1516 4590 1604 4645 διὰ
1627 4592 1726 4662 τὴν
1759 4630 1805 4686 D

146 4680 261 4733 τῶν
292 4679 476 4733 αὐτῶν
505 4680 783 4733 ἀπώλειαν
814 4681 1043 4734 τέκνων.
1066 4681 1131 4733 Al
1155 4680 1210 4733 δὲ
1235 4682 1575 4752 περιστεραί
1603 4700 1724 4751 γοε-

151 4775 255 4843 ρὰν
288 4773 484 4841 ἀφιᾶσι
542 4771 726 4844 φωνὴν
786 4773 1174 4843 συνεχέστατα,
1228 4775 1399 4828 ὁποῖοι
1448 4775 1734 4844 γεγόνασιν

149 4861 299 4918 οὗτοι
323 4863 425 4932 τὴν
456 4862 663 4917 ἑαυτῶν
698 4862 1097 4934 ἀποδυρόμενοι
1123 4863 1299 4919 πόλιν.
1343 4866 1572 4937 Εἴρηται
1603 4868 1731 4938 γὰρ,

148 4957 230 5007 ὅτι
259 4955 477 5008 ἔσονται
503 4954 725 5008 ἐπὶτῶν
755 4954 929 5026 όρέων
958 4954 1033 5018 ὡς
1062 4958 1401 5026 περιστεραὶ
1450 4957 1735 5029 μελετητά-

150 5047 265 5100 καί.
294 5046 539 5117 Νοητέον
560 5046 616 5098 δὲ
646 5047 741 5099 καὶ
769 5045 944 5109 οῦτως
962 5063 976 5076 ·
1006 5048 1412 5114 Πορεύσονται
1436 5049 1505 5103 ἐν
1532 5050 1731 5119 ἀγριό-

148 5156 281 5205 τητι
318 5138 413 5191 νοῦ
460 5138 899 5209 συνεζευγμένης
949 5139 1263 5203 ἀσυνεσίας.
1310 5141 1448 5212 Φησὶ
1494 5143 1598 5214 γάρ
1644 5161 1728 5208 τις

149 5231 439 5301 προφήτης
463 5244 478 5259 ·
518 5249 536 5281 ι
560 5231 671 5283 Καὶ
707 5226 780 5301 ἦν
806 5230 1047 5301 Ἐφραῖμ
1077 5231 1377 5302 περιστερὰ
1426 5233 1608 5299 ἄνους,
1629 5236 1729 5289 οὐκ

146 5324 353 5394 ἔχουσα
403 5322 653 5395 καρδίαν.
679 5342 698 5375 ι
727 5323 799 5378 Οὐ
864 5323 973 5393 γάρ
1025 5325 1173 5377 ἐστιν
1219 5324 1275 5377 ὲν
1305 5324 1488 5389 αὐτοῖς
1514 5328 1547 5397 ή
1578 5328 1728 5399 παρά

146 5410 391 5483 Χριστοῦ
447 5411 662 5476 σύνεσις
717 5413 811 5465 καὶ
859 5411 1124 5482 πραότης.
1183 5410 1320 5481 Περὶ
1344 5403 1421 5464 ὧν
1463 5411 1732 5483 Ἱερεμίας

146 5503 319 5574 φησίν
343 5519 359 5535 ·
393 5521 413 5556 ι
436 5502 764 5575 Ἐμωράνθη
810 5505 919 5566 πᾶς
957 5502 1243 5573 ἄνθρωπος
1271 5502 1380 5557 ἀπὸ
1404 5503 1680 5572 γνώσεως.
1703 5524 1724 5558 ι

220 5618 269 5651 ⁸⁸
297 5616 443 5673 Psal.
471 5632 661 5683 xcvnt,
691 5618 746 5672 4.
825 5618 872 5649 ⁸⁵
902 5616 1101 5683 Ephes.
1135 5633 1198 5681 ιι,
1232 5618 1325 5673 14.
1404 5619 1450 5652 ⁸³
1473 5615 1637 5676 Joan.
1674 5634 1789 5679 xw.
1831 5621 1923 5676 27.

151 5689 241 5742 Η.
318 5689 365 5719 "
390 5687 550 5745 Joan.
592 5705 692 5758 xu,
717 5688 774 5745 5.
847 5687 894 5720 ⁷⁸
928 5687 1068 5744 Osee
1090 5703 1188 5753 vn,
1214 5688 1302 5743 ll.

1903 1290 2062 1357 Quod
2099 1292 2267 1363 igitur
2297 1293 2556 1363 gentibus
2586 1293 2774 1351 datum
2819 1306 2905 1353 est
2931 1298 3195 1368 judicium
3227 1304 3291 1358 ab
3328 1309 3406 1363 eis

1834 1386 2082 1449 recessit,
2120 1400 2292 1456 eaque
2328 1387 2466 1457 ipsa.
2500 1403 2622 1456 quae
2656 1389 2778 1445 istis
2818 1406 2915 1460 per
2946 1394 3143 1451 salutis
3173 1399 3404 1467 gratiam

1836 1490 2099 1530 concessa
2134 1476 2332 1540 fuerat,
2360 1477 2599 1546 justitia.
2634 1478 2700 1534 Et
2732 1481 2870 1538 alias
2904 1482 3071 1540 etiam
3110 1486 3165 1541 in
3194 1502 3290 1545 eos
3323 1491 3407 1544 lo-

1834 1580 1960 1621 cum
2016 1568 2205 1623 habuit
2254 1568 2561 1637 injustitia,
2618 1570 2713 1640 qui
2768 1574 2836 1629 ab
2890 1576 3112 1645 impiis.
3159 1579 3406 1653 Assyriis

1831 1658 2114 1727 nimirum,
2150 1658 2394 1714 Judicati
2434 1670 2576 1715 sunt.
2628 1661 2763 1718 Cum
2816 1679 3176 1737 exspectarent
3216 1672 3404 1741 lucem,

1832 1752 1994 1822 facta
2021 1761 2143 1808 sunt
2172 1754 2247 1809 eis
2276 1752 2523 1809 tenebras.
2556 1754 2690 1810 Nam
2721 1772 2844 1812 cum
2875 1759 2930 1813 in
2963 1761 3080 1816 sola
3109 1762 3407 1837 Scriptura:

1833 1843 2075 1901 dictione
2120 1857 2549 1918 occuparentur,
2588 1850 2881 1919 quemdam
2931 1854 3098 1908 veluti
3149 1859 3402 1926 parietem

1829 1938 1957 1992 eieci
1999 1937 2314 2007 palpabunt.
2371 1938 2439 1994 Et
2497 1955 2716 1996 rursum
2754 1960 2767 1996 :
2802 1942 3005 1998 Cadent
3060 1947 3117 2000 in
3161 1951 3403 2019 meridie,

1830 2028 1990 2083 veluti
2020 2038 2170 2085 nocte
2200 2030 2375 2085 media
2394 2071 2408 2096 ,
2436 2048 2529 2086 nec
2569 2033 2730 2088 aliter
2750 2051 2908 2106 quam
2938 2038 3243 2095 morientes.
3282 2040 3407 2113 Ipso
3469 2048 3477 2054 ’

1828 2121 1975 2176 enim
2005 2122 2248 2191 gentium
2283 2123 2593 2179 meridiana:
2622 2125 2757 2179 lucis
2785 2134 3052 2197 tempore,
3073 2144 3196 2184 cum
3230 2133 3406 2202 splen-

1830 2211 1969 2267 dore
2019 2212 2338 2283 evangelico
2397 2214 2770 2270 illustraretur
2820 2213 3096 2282 Ecclesia,
3146 2228 3403 2290 tanquam

1829 2303 1935 2359 soli
1973 2312 2140 2358 morte
2170 2304 2336 2376 digna
2376 2307 2810 2375 commisissent,
2841 2310 3175 2376 ceciderunt;
3217 2312 3407 2367 ueluti-

1830 2413 1929 2468 que
1976 2397 2032 2452 in
2079 2408 2230 2453 nocte
2279 2399 2455 2454 media
2500 2402 2712 2471 degunt.
2759 2401 2939 2473 Atque
2976 2403 3014 2458 ii
3049 2403 3155 2475 ipsi
3187 2406 3405 2475 quidem

1830 2490 2049 2547 fructus
2090 2500 2242 2555 sunt,
2288 2507 2426 2562 quos
2460 2494 2529 2549 ab
2560 2495 2821 2564 operibus
2866 2496 2982 2552 suis
3019 2507 3405 2568 perceperunt.

1830 2584 1965 2641 Cum
2016 2585 2185 2650 enim,
2222 2585 2588 2641 clamantibus
2633 2587 2913 2657 prophetis
2952 2606 2966 2644 :
3013 2607 3034 2642 ι
3068 2588 3405 2659 llluminare,

1828 2674 2163 2741 illuminare,
2208 2674 2537 2738 Jerusalem.
2564 2677 2689 2747 quia
2732 2680 2877 2733 venit
2918 2679 3102 2735 lumen
3139 2689 3318 2748 tuum,
3352 2692 3407 2738 et

1828 2767 1999 2836 gloria
2033 2765 2249 2822 Domini
2296 2768 2350 2821 in
2386 2775 2437 2822 Ie
2475 2767 2730 2823 ascendit
2760 2769 2824 2835 ",
2872 2787 2893 2821 ι
2946 2770 3403 2831 illuminationem

1828 2870 1859 2909 a
1888 2855 2110 2911 Christo
2144 2866 2539 2928 exspectarent,
2584 2873 2771 2915 veram
2822 2862 2993 2917 lucem
3031 2880 3140 2919 non
3175 2881 3407 2938 excepe-

1830 2954 1958 3001 runt
1988 2964 2003 3001 :
2040 2947 2134 3002 sed
2170 2957 2364 3018 sponte
2399 2948 2528 3004 caeci
2578 2964 2957 3020 caecorumque
3001 2953 3192 3018 duces,
3227 2964 3283 3008 ut
3329 2960 3404 3011 ait

1830 3038 2083 3094 Salvator
2120 3040 2189 3102 ⁸⁸,
2240 3040 2369 3095 facti
2420 3050 2571 3097 sunt.
2612 3041 2730 3098 Non
2780 3044 2927 3101 enim
2980 3044 3252 3101 dicentem
3308 3063 3405 3102 au-

1828 3132 2097 3187 dierunt:
2141 3150 2161 3185 ι
2198 3132 2455 3199 Quandiu
2506 3135 2688 3190 lumen
2745 3134 2981 3200 habetis,
3013 3137 3290 3195 ambulate
3347 3140 3401 3194 in

1834 3222 2060 3286 lumine,
2102 3231 2162 3277 ut
2215 3223 2455 3301 tenebrat
2503 3239 2601 3280 vos
2629 3239 2736 3279 non
2768 3227 3236 3296 comprehendant
3270 3230 3335 3282 ⁸⁸.
3378 3250 3398 3283 ι

1834 3312 2064 3379 Deinde,
2105 3314 2250 3384 quod
2301 3315 2458 3386 quasi
2507 3330 2692 3370 ursum
2757 3326 2807 3370 et
2855 3318 3156 3371 columbam
3205 3321 3397 3387 pariter

1833 3405 2196 3461 ambulaturos
2231 3407 2463 3477 adjecit;
2498 3423 2606 3463 non
2641 3408 2742 3463 hos
2773 3409 2990 3479 quidem
3033 3427 3183 3465 more
3219 3414 3405 3483 hujus,

1833 3496 1957 3552 illos
1990 3504 2195 3563 autem,
2226 3497 2410 3564 illius;
2440 3499 2533 3554 sed
2569 3500 2855 3555 amborum
2892 3501 2946 3554 in
2978 3501 3200 3556 modum
3233 3504 3405 3557 victu-

1832 3602 1923 3641 ros
1953 3587 2299 3657 significavit.
2336 3589 2528 3660 Neque
2558 3590 2705 3646 enim
2735 3592 3005 3647 scelerum
3043 3595 3405 3664 paenitudine,

1832 3677 2099 3749 eliusique
2151 3680 2445 3750 sanguinis
2506 3682 2891 3739 recordatione
2943 3686 3188 3753 gemituri
3246 3698 3405 3755 sunt;

1833 3770 1928 3825 Sed
1970 3770 2142 3841 ipsam
2186 3773 2445 3828 sensibus
2489 3773 2762 3844 obiectam
2804 3774 3104 3832 Jerusalem
3135 3778 3405 3836 ιιιιίιειιιι-ί.

1831 3860 1951 3915 Non
1973 3862 2251 3921 immerito
2275 3872 2454 3920 autem
2479 3865 2609 3921 fera:
2635 3865 2775 3920 truci
2799 3873 2855 3921 et
2880 3865 3075 3922 immiti
3104 3872 3405 3940 comparati

1831 3965 1964 4011 sunt
1997 3974 2011 4009 :
2042 3966 2116 4020 et,
2164 3956 2308 4013 sicut
2357 3957 2486 4013 alibi
2526 3958 2641 4027 jam
2678 3958 2883 4014 dictum
2916 3969 3024 4026 est,
3051 3978 3174 4016 urso
3201 3964 3409 4019 similes

1829 4040 2027 4107 eliecti,
2055 4041 2143 4097 cui
2177 4051 2309 4098 sunt
2337 4043 2576 4116 adempti
2602 4047 2790 4101 catuli.
2817 4048 2984 4102 Aiunt
3012 4051 3158 4105 enim
3191 4055 3411 4108 catulo-

1834 4149 1960 4188 rum
2011 4135 2390 4206 abreptionem
2437 4153 2589 4191 ursos
2635 4137 2780 4194 ferre
2822 4140 3166 4209 gravissime,
3198 4160 3319 4213 quae
3362 4147 3408 4202 si

1831 4223 2148 4294 contigerit,
2182 4240 2380 4297 magno
2414 4224 2656 4281 furentes
2702 4229 2905 4297 gemitu
2951 4230 3134 4285 omnia
3176 4235 3411 4290 circum-

1830 4316 1932 4382 ire,
1967 4316 2267 4388 obviosque
2305 4318 2527 4373 adoriri.
2587 4316 2713 4373 Πνσί
2766 4320 2933 4388 igitur
2971 4320 3094 4376 ideo
3129 4328 3409 4394 appellan-

1830 4417 1942 4473 tur,
1975 4409 2121 4480 quod
2156 4419 2211 4464 et
2252 4410 2357 4480 ipsi
2405 4410 2655 4467 homines
2692 4412 2851 4482 671
2885 4415 3267 4483 comederent;
3313 4421 3407 4491 qui

1831 4516 1903 4556 ne
1933 4516 1962 4554 a
1994 4501 2384 4573 prophetarqu
2413 4502 2632 4574 quidem
2661 4504 2811 4558 caade
2839 4505 3234 4561 abstinuerant.

1907 4592 2174 4648 Dicuntur
2201 4608 2328 4649 vero
2361 4602 2415 4649 et
2444 4595 2642 4650 catulis
2674 4595 2884 4663 orbati;
2920 4607 2981 4651 ut
3011 4597 3190 4667 major
3217 4614 3406 4653 eorum

1834 4684 2093 4740 ferocitas
2139 4684 2482 4751 ostendatur,
2515 4686 2610 4755 qui
2644 4701 2714 4741 ne
2752 4700 2978 4740 suorum
3013 4687 3233 4757 quidem
3269 4689 3407 4744 libe-

1832 4792 2021 4831 rorum
2078 4778 2202 4831 vitae
2256 4785 2641 4847 pepercerunt.
2697 4776 2969 4833 Columba:
3021 4781 3155 4852 ipsa:
3209 4783 3408 4839 deinde

1831 4868 2115 4939 querulam
2158 4884 2343 4924 vocem
2398 4868 2841 4940 frequentissime
2886 4873 3173 4941 enuttunt;
3216 4877 3409 4947 quales

1831 4971 1885 5015 et
1937 4962 2025 5017 isti
2079 4961 2319 5026 fuerunt,
2352 4962 2481 5016 dum
2530 4961 2683 5017 urbis
2722 4977 2835 5017 sua:
2878 4964 3157 5022 interitum
3202 4969 3407 5025 lamen.

1837 5059 2109 5106 tarentur.
2160 5050 2376 5106 Dictum
2423 5059 2508 5106 est
2562 5052 2707 5106 enim
2764 5054 2980 5109 futuros
3028 5056 3083 5109 in
3134 5057 3408 5113 montibus

1842 5153 2103 5212 tanquam
2137 5142 2407 5197 columbas
2438 5151 2718 5213 gementes
2744 5154 2798 5198 et
2825 5147 3104 5215 querulas.
3132 5147 3408 5219 lntelligas

1835 5249 1964 5288 vero
2009 5242 2065 5289 et
2111 5234 2217 5289 isto
2257 5234 2421 5289 etiam
2465 5241 2626 5305 pacto
2657 5252 2669 5288 :
2700 5235 3060 5291 Ambulabunt
3102 5238 3157 5291 in
3198 5238 3409 5307 feritate

1835 5325 2036 5380 mentis
2089 5326 2378 5395 conjuncta
2431 5340 2555 5379 cum
2610 5326 2917 5382 temeritate
2949 5337 2999 5381 et
3042 5328 3405 5399 ignoratione.

1837 5415 1929 5472 Ait
1979 5417 2125 5472 enim
2180 5417 2445 5488 propheta
2491 5415 2715 5488 quidam
2754 5435 2769 5471 :
2809 5434 2828 5469 ι
2864 5417 2928 5472 Ει
2984 5427 3103 5473 erat
3149 5421 3406 5491 Ephraim

1838 5510 1999 5580 quasi
2030 5510 2284 5565 columba
2314 5524 2528 5577 amens,
2561 5517 2616 5565 et
2646 5508 2814 5565 corde
2846 5509 3108 5566 destituta
3137 5512 3204 5566 "°.
3236 5532 3255 5564 ι
3289 5513 3408 5569 Non

2034 5622 2080 5653 "
2103 5622 2210 5678 Isa.
2245 5638 2377 5691 nu,
2417 5622 2465 5678 Ι.
2565 5623 2609 5656 ⁸⁷
2640 5621 2745 5680 lsa.
2783 5635 2872 5687 ιι,
2905 5623 2955 5682 l.
3029 5623 3074 5656 "
3101 5621 3289 5682 Matth.
3319 5641 3408 5694 xv,

1453 5782 1691 5842 VARIIE
1731 5783 2115 5845 ΙιΕΟΤΙΟΝΡε

222 5874 251 5915 ε
273 5874 653 5945 δικαιωθῆναι.
742 5877 768 5917 ιι
805 5893 896 5946 π).
927 5874 1306 5947 ητεκνωμένη.
