3998 6390
637 451 771 516 2607
1939 434 2216 497 PROCOP

2248 435 2288 494 ίῐ
2326 432 2567 493 ΟΛΖ.·ΕΙ
3718 424 3827 487 2608

641 583 729 628 est
783 567 935 628 enim
985 565 1040 622 In
1099 562 1256 636 ipsis,
1301 573 1422 630 quae
1473 573 1502 614 a
1557 554 1776 611 Christo
1822 549 2214 624 proﬁciscitur,

2250 551 2291 608 Λ
2321 547 2427 601 Καὶ
2479 545 2673 598 πάλιν·
2708 561 2724 593 ι
2754 541 2923 610 Σοφία
2958 540 3039 602 τίς
3073 539 3220 592 ἐστιν
3249 532 3312 590 ¹ἐν
3343 536 3539 601 αὐτοῖς,
3564 536 3642 589 ὅτι
3667 537 3829 592 τὸνλά

643 662 934 735 prudentia
963 667 1018 712 et
1055 627 1418 711 mansuetudo
1447 667 1461 704 :
1490 649 1559 704 de
1590 647 1792 719 quibus
1826 645 1974 701 hunc
2006 644 2064 698 in
2093 658 2212 698 mo-

2317 657 2412 708 γον
2441 636 2644 708 Κυρίου
2666 633 3109 702 ἀπεδοκίμασαν;
3137 629 3210 700 »ἢ
3243 628 3320 692 ὡς
3348 627 3560 696 ἄρκτος
3578 628 3664 680 καὶ
3701 643 3827 699 περι-

643 718 774 808 dutn
819 747 1082 805 .icrcmias
1117 763 1131 800 :
1173 760 1192 795 t
1235 739 1541 796 lnl‘atuatus
1591 718 1677 794 est
1733 735 1916 791 omnis
1964 735 2131 790 homo
2184 745 2213 784 a

2318 727 2522 798 drepd'
2550 726 2694 780 τοῦτ’
2717 726 2831 779 ἐστι
2851 725 3075 796 θρασεῖς
3103 719 3246 774 κατὰ
3303 718 3412 771 τῶν
3464 718 3829 790 ἀσθενεστέρων,

643 843 958 916 cognitione
987 839 1058 894 τί.
1109 855 1128 890 ι
1188 833 1256 888 Et
1312 847 1533 887 rursum
1568 850 1585 883 :
1631 848 1651 882 ι
1686 827 1820 896 Quae
1873 827 1930 883 in
1975 826 2084 880 illis
2133 829 2218 878 est

2319 822 2412 874 καὶ
2469 818 2632 873 δειλοὶ
2685 817 2821 890 πρὸς
2873 817 3000 879 τοὺς
3065 811 3476 884 ἰσχυροτέρους.
3507 809 3831 881 Σύμμαχοςδέ

644 933 940 1006 sapientia,
967 929 1228 1000 quoniam
1256 925 1485 981 verbum
1511 921 1722 976 Domini
1751 919 2062 990 reiecerunt
2086 917 2127 948 ⁷⁸
2147 915 2170 969 ?
2192 934 2210 967 ι

2320 913 2415 967 καὶ
2441 911 2734 966 Θεοδοτίων
2795 909 3098 974 ἐξέδωκαν·
3141 905 3238 970 Ὠς
3303 902 3612 971 περιστερὰ
3659 903 3831 974 μελέτῃ

647 991 745 1081 vel
774 1040 900 1078 urso
951 991 1073 1076 ideo
1102 1027 1159 1073 et
1191 1014 1449 1071 columbae
1480 1012 1690 1069 similes
1721 1009 1852 1066 fecit
1874 1051 1889 1075 ,
1925 1017 1986 1064 ut
2021 1021 2214 1063 eorum

2315 1001 2750 1072 μελετήσομεν.
2813 999 2875 1052 Ὀ
2919 997 2975 1051 δὲ
3037 993 3271 1058 Ἀκύλας
3314 1007 3328 1022 ·
3397 991 3504 1072 ἱὨς
3546 994 3833 1060 περιστεραί

644 1118 704 1172 in
744 1112 1129 1174 imbecilliores
1181 1108 1502 1172 audaciam,
1555 1107 1611 1160 in
1656 1103 1988 1159 valentiores
2036 1105 2216 1154 autem

2320 1093 2550 1167 φθογγῇ
2592 1092 2978 1165 φθεγξόμεθα.
3004 1089 3187 1144 Είσέτι
3214 1087 3325 1158 γὰρ
3355 1086 3449 1140 καὶ
3477 1084 3567 1140 νῦν
3587 1087 3833 1156 πειρῶνται

647 1206 990 1262 timiditatem
1027 1210 1080 1255 et
1102 1200 1373 1270 ignaviam
1409 1190 2220 1263 demonstraret.Symmachus

2316 1185 2577 1257 μελετᾶν
2599 1187 2698 1248 τὰς
2737 1184 2978 1253 Γραφὰς,
3034 1180 3131 1234 καὶ
3156 1177 3534 1247 ἐκμανθάνειν.
3563 1174 3682 1245 ψιλῇ
3716 1181 3832 1248 φωνῇ

648 1304 829 1350 autem
863 1300 916 1346 et
949 1268 1255 1344 Theodotio
1286 1305 1301 1343 :
1338 1285 1612 1356 Tanquam
1641 1283 1887 1338 columba
1916 1281 2222 1336 meditatio-

2323 1279 2693 1352 περιᾲδοντες,
2723 1277 2797 1338 ὡς
2830 1274 2994 1345 μηδὲν
3014 1273 3296 1342 διαφέρειν
3317 1268 3594 1335 ἀλογίστου
3614 1283 3836 1334 περιστε-

649 1401 765 1440 nem
827 1380 1224 1445 meditabimur,
1289 1377 1682 1443 reddiderunt;
1719 1374 1947 1444 Aquilas
1999 1383 2217 1436 autem,

2316 1371 2432 1441 ρᾶς
2458 1371 2626 1442 ἄναρθ
2638 1388 2732 1440 ρον
2756 1366 3115 1436 ἀποδιδούσης
3167 1362 3373 1431 φωνήν.
3407 1361 3516 1413 Καὶ
3567 1359 3709 1412 τοῦτο
3731 1360 3777 1414 δὲ
3795 1360 3837 1413 to

650 1475 926 1546 Tanquam
987 1471 1242 1526 columba:
1299 1484 1471 1524 uocent
1527 1469 1848 1522 emittemus.
1904 1465 2221 1535 Scripturas'

2325 1465 2509 1534 ῥητὸν,
2533 1463 2628 1514 καὶ
2653 1461 2720 1513 τὰ
2746 1459 2895 1527 ἑξῆς,
2961 1456 3070 1511 ἀπὸ
3100 1453 3393 1524 προσώπου
3422 1451 3514 1504 τοῦ
3557 1461 3835 1521 κατηγορου-

649 1567 794 1623 enim
853 1565 1016 1620 etiam
1070 1576 1217 1616 nunc
1273 1558 1522 1613 meditari
1575 1567 1871 1621 conantes,
1924 1571 2020 1610 eas
2076 1555 2224 1625 ipsas

2329 1556 2490 1628 μένου
2557 1552 2687 1606 λαοῦ
2731 1551 3004 1618 ἐξέδωκαν
3050 1551 3097 1601 οἱ
3158 1546 3362 1599 λοιποί.
3425 1543 3691 1612 Ἐπιφέρει
3739 1545 3838 1610 γοῦν

649 1657 923 1722 ediscunt,
967 1654 1232 1722 tenuique
1282 1650 1440 1714 adeo,
1479 1656 1534 1705 et
1575 1649 1705 1703 exili
1751 1663 1886 1702 voce
1931 1647 2223 1702 circumci-

2325 1647 2619 1718 Σύμμαχος
2639 1661 2652 1675 ο
2681 1644 2784 1698 Διὰ
2823 1641 2999 1696 τοῦτο
3022 1640 3260 1710 μακρὰν
3306 1636 3536 1706 ἐγένετο
3565 1636 3732 1702 κρίσις
3763 1637 3837 1704 ἀρ.

649 1755 820 1812 nunt,
869 1753 930 1800 ttt
971 1745 1107 1799 nihil
1153 1758 1186 1796 a
1222 1740 1467 1796 columba
1497 1740 1727 1795 rationis
1765 1746 1988 1809 experte
2016 1739 2224 1793 discre-

2325 1740 2514 1811 ἡμῶν,
2570 1738 2684 1792 καῖ
2727 1738 2798 1791 οὐ
2853 1733 3265 1802 καταλήψεται
3317 1729 3475 1799 ἡμᾶς
3517 1729 3835 1794 δικαιοσύνη.

652 1847 806 1910 pent,
840 1853 962 1908 qua:
991 1834 1327 1890 inconditam
1359 1847 1548 1888 vocem
1580 1831 1719 1888 solet
1748 1832 2017 1886 emittere.
2050 1829 2223 1885 Caete-

2329 1828 2847 1900 Προσδοκήσωμεν
2870 1829 2886 1868 i
2909 1827 2994 1893 είς
3015 1826 3161 1895 φῶς,
3187 1824 3283 1878 καὶ
3314 1821 3441 1876 ίδοὺ
3465 1822 3684 1886 σκότος,
3699 1822 3774 1873 καὶ
3789 1823 3837 1874 τὰ

652 1947 776 1988 rum
806 1937 861 1985 et
893 1929 1059 1983 verba
1112 1929 1240 1991 ista,
1274 1935 1327 1981 et
1373 1941 1496 1995 quae
1533 1923 1813 1991 deinceps,
1850 1931 2111 1991 tanquam
2163 1920 2229 1975 ab

2263 1930 2302 1984 Β
2332 1925 2478 1996 ἑξῆς.
2503 1923 2611 1976 Καὶ
2631 1921 2682 1974 οἱ
2714 1921 3124 1990 Ἐὅδομήκοντα
3140 1917 3195 1969 δέ
3212 1915 3282 1969 τὰ
3304 1915 3613 1985 ἐπαγόμενα
3626 1913 3694 1982 τῷ
3711 1931 3838 1981 προσ-

579 2017 582 2020 ’
653 2024 898 2079 accusati
935 2021 1119 2090 populi
1159 2031 1393 2089 persona
1431 2015 1612 2072 caeteri
1647 2013 2024 2070 reddiderunt.
2057 2011 2158 2067 lnl‘t

2332 2017 2467 2087 ὠπῳ
2498 2014 2592 2068 τοῦ
2619 2012 2749 2067 λαοῦ
2786 2011 3124 2082 περιέθηκαν
3147 2021 3163 2038 ⁶
3205 2007 3620 2077 Ἀνεμείναμεν
3664 2007 3835 2073 κρίσιν,

655 2115 821 2185 igitur
860 2114 1009 2167 hunc
1059 2113 1112 2164 in
1161 2109 1382 2164 modum
1420 2107 1782 2178 Symmachus
1821 2125 1835 2160 :
1882 2105 1959 2161 0b
1991 2104 2045 2158 id
2079 2104 2230 2175 longe

2334 2107 2431 2161 καὶ
2461 2108 2570 2160 οὐκ
2598 2105 2729 2159 ἔστι
2766 2102 3050 2170 σωτηρία.
3093 2101 3179 2164 Ὦς
3214 2099 3284 2150 ὃν
3310 2099 3402 2152 τοῦ
3451 2097 3704 2168 προφήτου
3730 2097 3837 2150 διδά-

657 2208 855 2276 1ἀειιιηι
886 2215 962 2259 est
994 2203 1260 2273 judicium
1291 2219 1322 2255 a
1351 2201 1522 2265 nobis,
1551 2209 1600 2254 et
1631 2215 1734 2252 non
1757 2198 2101 2266 apprehende!
2134 2211 2229 2252 nos

2336 2215 2556 2261 σκοντος
2584 2195 2782 2259 αὐτοὺς
2828 2191 3271 2263 ἐξομολογεῖσθαι
3304 2189 3381 2260 τῷ
3412 2188 3531 2259 Θεῷ
3559 2187 3648 2250 τὰς
3681 2187 3835 2239 ἑαυτῶν

657 2298 901 2362 iustitia;
937 2296 1260 2364 speravimus
1293 2294 1347 2346 in
1382 2294 1570 2358 lucem,
1600 2300 1647 2344 et
1679 2307 1794 2344 ecce
1829 2291 2071 2355 tenebrae,
2109 2285 2232 2343 illa-

2333 2290 2629 2362 ἆμαρτίας,
2661 2287 2754 2340 καὶ
2777 2288 3105 2357 κατηγορεῖν
3131 2284 3344 2337 ἑαυτῶν
3377 2282 3469 2334 ἐπὶ
3495 2281 3746 2348 μετανοίᾳ.
3765 2278 3813 2332 Tt

658 2408 769 2462 qut-
823 2403 945 2459 quae
998 2396 1324 2456 sequuntur.
1379 2385 1449 2439 At
1504 2385 1832 2453 interpretes
1878 2380 2230 2451 Septuaginta

2330 2383 2417 2445 νέξ
2441 2383 2497 2434 δέ
2526 2397 2710 2449 φασιν,
2737 2379 2809 2444 ὡς
2848 2378 3068 2430 ἐπειδὰν
3096 2378 3143 2428 οἱ
3176 2373 3458 2445 προφῆται
3487 2369 3737 2441 μνησθῶσι
3769 2370 3835 2436 τῆς

660 2461 785 2555 quae
833 2492 1021 2554 postea
1076 2480 1424 2534 all'eruntur:
1470 2475 1902 2544 Exspeclavimus
1943 2473 2232 2544 judicium,

2330 2473 2604 2543 ἀποϐολῆς
2655 2471 2749 2526 τοῦ
2807 2469 2939 2524 λαοῦ
2995 2468 3095 2538 τῆς
3127 2465 3266 2538 μετὰ
3296 2465 3394 2536 τὴν
3418 2466 3494 2527 είς
3521 2461 3730 2532 Χριστὸν
3751 2462 3831 2511 ἀσέ-

658 2585 845 2630 etnon
873 2582 951 2627 est
1004 2572 1176 2636 salus,
1208 2567 1392 2638 populi
1440 2571 1689 2636 personae
1735 2564 2073 2628 tribuerunt,
2111 2571 2235 2617 tan-

2339 2567 2518 2630 ϐειαν,
2566 2564 2869 2635 μέμνηνται
2921 2561 3209 2632 χρησίμως
3261 2558 3359 2610 καὶ
3405 2557 3504 2626 τῆς
3535 2556 3616 2606 ἐπ’
3651 2555 3833 2622 ἐσχάτων

661 2680 825 2736 quam
867 2681 966 2719 sua
1013 2663 1120 2717 Deo
1164 2671 1384 2730 peccata
1431 2657 1701 2723 conﬁteri,
1741 2663 1796 2711 et
1829 2671 1888 2710 se
1923 2656 2074 2724 ipsos
2107 2641 2232 2709 cum

2329 2658 2680 2728 ἀνακλήσεως
2702 2656 2800 2724 τῆς
2833 2657 2892 2708 ἐν
2913 2652 3137 2724 Χριστῷ
3161 2652 3250 2706 διὰ
3284 2650 3537 2712 πίστεως,
3566 2647 3643 2701 διὸ
3672 2648 3749 2699 καὶ
3771 2645 3835 2696 νῦν

665 2756 988 2828 paenitentia
1039 2766 1304 2807 accusare
1355 2749 1619 2821 propheta
1677 2746 1970 2816 signiﬁcet.
2031 2743 2235 2799 Putant

2336 2753 2742 2825 μετανοούντων
2798 2753 3061 2822 εἰσήγαγε
3112 2748 3431 2818 πρόσωπον·
3490 2741 3837 2810 Ἀνεμείναμεν

663 2858 844 2904 tamen
896 2847 1144 2903 nonnulli
1203 2843 1528 2914 prophetas,
1567 2855 1690 2894 cum
1749 2837 2062 2908 rejectionis
2117 2837 2236 2907 ejus

2333 2847 2555 2915 κρίσιν,
2587 2846 2686 2898 καὶ
2715 2847 2826 2898 οὐκ
2849 2843 3041 2906 ἔστιν,
3088 2841 3294 2908 κρίσιν
3353 2835 3610 2905 λεγόντων
3649 2834 3732 2901 τὴν
3774 2830 3837 2882 διὰ

665 2940 1000 2994 mentionem
1034 2935 1263 3000 faciunt,
1295 2947 1415 3002 qua:
1458 2939 1581 3000 post
1625 2929 1825 2983 factam
1857 2928 2076 2983 Christo
2107 2943 2236 2982 con—

2336 2934 2572 2997 πίστεως
2589 2934 2837 2986 δοθεῖσαν
2866 2932 2979 2993 τοῖς
3045 2929 3282 2995 ἔθνεσιν,
3309 2926 3377 2998 ἢν
3433 2921 3839 2992 προσδοκήσαν-

665 3029 944 3083 tumeliam
1001 3025 1201 3098 populo
1255 3021 1515 3091 contigit,
1569 3020 1733 3091 672
1785 3018 2013 3072 alterius
2071 3019 2234 3072 etiam

1192 3042 1201 3078 ι
1255 3021 1515 3091 contigit,
1569 3020 1733 3091 672
1785 3018 2013 3072 alterius
2071 3019 2234 3072 etiam
2335 3040 2435 3090 τες
2466 3025 2569 3078 οὐκ
2592 3024 2771 3095 ἔσχον.

666 3120 992 3183 vocationis,
1039 3134 1161 3186 qute
1209 3114 1502 3186 postremis
1554 3111 1894 3180 temporibus
1939 3110 2238 3186 perﬁdem
2280 3113 2332 3167 itt
2366 3115 2588 3173 Christo
2623 3117 2808 3171 futura
2835 3123 2939 3181 est,
2997 3113 3205 3168 utiliter
3275 3108 3625 3165 meminisse:
3662 3101 3841 3169 ideoque

670 3227 817 3269 nunc
848 3214 1227 3284 pmniteutium
1265 3222 1552 3278 personam
1588 3205 1875 3268 inducere,
1903 3205 1994 3272 qui
2027 3183 2081 3258 s’e
2148 3205 2414 3274 judicium
2485 3221 2834 3279 exspectasse,
2903 3225 2994 3262 nec
3048 3221 3160 3260 esse
3203 3202 3466 3273 judicium
3507 3197 3704 3260 dicant;
3737 3188 3841 3260 judi-

671 3309 818 3363 cium
849 3306 1198 3360 nominantes
1229 3301 1363 3356 illud
1395 3301 1576 3370 ipsum
1619 3311 1717 3367 per
1754 3294 1912 3349 ﬁdem
1949 3294 2017 3348 ad
2050 3302 2240 3364 gentes
2280 3298 2543 3364 delatum,
2576 3302 2720 3369 quod
2763 3299 2891 3352 licet
2931 3301 3316 3364 exspectarent,
3383 3301 3492 3344 non
3533 3292 3653 3342 sunt
3706 3288 3843 3334 tamen

671 3397 877 3468 adepti.

740 3487 931 3556 Neque
960 3495 1090 3537 vero
1119 3494 1344 3535 causam
1377 3477 1568 3532 volunt
1601 3475 1912 3542 reticuisse,
1942 3489 2068 3530 cum
2101 3477 2242 3529 mul-
2270 3491 2312 3549 α

2270 3491 2312 3549 C
2415 3477 2487 3530 Τὸ
2516 3467 2574 3528 δὲ
2595 3473 2788 3537 αῐτιον,
2820 3470 3026 3538 Πολλὴ
3067 3469 3176 3542 γὰρ
3207 3467 3380 3537 ἡμῶν
3403 3465 3441 3534 ἡ
3462 3462 3679 3533 ἀνομία,
3707 3456 3842 3528 φασιν.

673 3592 782 3635 tant
817 3592 970 3633 suam
1018 3589 1131 3628 esse
1178 3572 1511 3639 iniquitatem
1554 3566 1903 3638 adjecerunt;
1952 3568 2046 3636 qui
2095 3583 2241 3632 eum,

2344 3568 2418 3623 Ού
2440 3568 2546 3638 γὰρ
2577 3565 2877 3637 ἐδεξάμεθα
2895 3565 2984 3618 τὸν
3000 3562 3088 3616 διὰ
3108 3561 3347 3623 πίστεως
3368 3557 3692 3626 ἐξαλείφοντα
3709 3553 3844 3622 ἁμαρο

672 3691 701 3726 a
732 3684 841 3740 quo
873 3673 1091 3736 peccata
1119 3677 1216 3733 per
1243 3661 1400 3716 ﬁdem
1432 3660 1766 3723 delerentur,
1792 3673 1889 3712 eos
1912 3658 2095 3711 verbis
2124 3659 2246 3713 Istis

2343 3661 2484 3726 τίας,
2504 3660 2564 3722 ὃς
2583 3661 2764 3722 αὐτοῖς
2791 3658 2998 3726 ἔλεγεν·
3037 3674 3055 3707 ι
3078 3653 3252 3725 Ἀμὴν
3299 3651 3450 3720 λέγω
3499 3648 3637 3717 ύμῖν,
3667 3646 3736 3698 ὅτι
3780 3642 3845 3693 ἐὰν

676 3770 984 3815 monentem
1024 3774 1038 3810 :
1076 3774 1095 3806 ι
1125 3755 1321 3817 Amen,
1362 3765 1520 3805 amen
1552 3749 1676 3804 dico
1705 3750 1881 3804 vobis.
1918 3747 2030 3803 Nisi
2064 3748 2248 3803 credi-

2350 3755 2424 3826 μὴ
2453 3755 2781 3822 πιστεύσητε
2798 3752 2880 3804 ὅτι
2903 3749 3012 3819 ἐγώ
3039 3751 3174 3818 είμι,
3198 3748 3256 3800 ἐν
3275 3747 3401 3807 ταῖς
3427 3739 3705 3813 ἁμαρτίαις
3725 3733 3843 3826 ᾲὺμῶν

673 3849 870 3903 det-itis
912 3845 1042 3915 quia
1091 3857 1192 3912 ego
1243 3855 1388 3906 sum,
1420 3841 1476 3893 in
1526 3838 1767 3908 peccatis
1808 3837 2008 3892 vestris
2054 3837 2250 3891 morie—

2345 3824 2721 3899 ἀποθανεῖσθε.
2758 3860 2776 3892 t
2827 3841 2938 3893 Καὶ
2966 3839 3034 3892 τὰ
3076 3836 3218 3891 κατὰ
3270 3831 3510 3904 Χριστοῦ
3559 3824 3841 3896 τολμηθέντα

675 3939 814 3995 tnini
846 3938 911 4001 ⁷³,
949 3954 968 3988 t
1012 3947 1122 3988 non
1169 3932 1534 3986 admiserunt.
1573 3929 1794 3994 Deinde,
1831 3945 1953 3998 quae
1994 3929 2048 3982 in
2090 3927 2249 3983 Chri-

2345 3938 2655 4007 δηλοῦντες,
2692 3933 2856 4002 φασίν
2876 3949 2890 3962 ·
2929 3929 3360 3995 Ὴσεᾶήσαμεν,
3390 3922 3486 3976 καί
3510 3915 3842 3988 ἐψευσὰμεθσ.

675 4045 820 4088 stum
867 4027 987 4082 ausi
1044 4033 1172 4079 sunt
1221 4039 1328 4077 non
1379 4022 1723 4075 reticentes:
1761 4019 1930 4088 Impie
1963 4022 2131 4087 egisse
2173 4035 2247 4085 se,

2347 4004 2418 4082 ’Ὅ
2443 4029 2500 4082 δέ
2532 4029 2862 4097 Σύμμαχοςο
2909 4024 3234 4091 Ἕγνωμεν,
3298 4017 3486 4085 φησὶν,
3524 4008 3727 4067 ἀδικεῖν
3775 4004 3843 4057 καί

677 4134 830 4194 atque
888 4121 1133 4174 mentitos
1171 4132 1285 4170 esse
1334 4113 1621 4183 adjiciunt.
1656 4112 1776 4178 Quo
1827 4114 1946 4165 loco
1999 4110 2251 4182 Symma-

2345 4120 2676 4189 ψεύδεσθαι
2704 4119 2855 4170 κατὰ
2877 4114 3116 4184 Κυρίου.
3151 4114 3213 4165 Οἱ
3243 4109 3335 4163 est
3379 4106 3603 4167 Ἀκύλας
3639 4097 3846 4168 ἀργήσα-

675 4217 816 4271 chus
858 4233 872 4268 :
906 4211 1188 4272 Nouimus,
1222 4208 1424 4275 inQuit,
1456 4204 1652 4270 iniuste
1701 4206 1795 4258 nos
1840 4220 1992 4273 agere
2023 4212 2072 4257 et
2105 4218 2252 4256 men-

2347 4212 2489 4264 σθαι
2511 4208 2580 4261 ἐν
2608 4209 2818 4274 Κυρίῳ,
2847 4206 2946 4275 τὴν
2961 4204 3189 4274 ἄρνησιν
3211 4197 3396 4254 αὐτῶν
3419 4194 3689 4269 παριστὰς·
3705 4189 3847 4243 'Am

680 4309 769 4362 tiri
801 4305 1053 4361 adversus
1094 4302 1400 4356 Dominum.
1444 4297 1672 4368 Aquilas
1704 4303 1908 4361 autem,
1939 4297 2030 4350 ubi
2068 4295 2253 4350 Domi-

2351 4302 2451 4357 καὶ
2483 4300 2861 4370 ἀπέστημεν,
2896 4300 3065 4369 φασιν
3088 4299 3136 4362 κ,
3167 4297 3422 4350 ὄπισθεν
3440 4294 3542 4348 τοῦ
3567 4289 3694 4344 Θεοῦ
3706 4280 3845 4354 ἡμῶν.

679 4415 806 4456 num
847 4411 1061 4468 negasse
1091 4393 1252 4457 dixit,
1279 4399 1340 4445 ut
1373 4404 1562 4444 eorum
1603 4386 1992 4442 inliciationem
2032 4386 2255 4442 demon-

2350 4393 2739 4462 ἐλαλήσαμεν
2782 4391 3217 4460 συκοφαντίαν.
3263 4389 3429 4459 Ὁρᾷς
3459 4385 3531 4448 ὡς
3556 4376 3757 4448 οὐδαμοῦ
3779 4372 3848 4426 αὖ·

681 4497 819 4545 stret
853 4505 868 4543 :
906 4465 1010 4542 Sed
1059 4495 1110 4539 et
1158 4481 1490 4545 recessimus,
1537 4477 1709 4543 addit,
1756 4487 1874 4547 post
1918 4487 2118 4547 tergunt
2158 4477 2254 4530 Dei

2350 4486 2461 4538 τῶν
2493 4485 2936 4555 εἰδωλολατρείαν
2963 4484 3284 4554 κατηγορεῖ,
3316 4479 3450 4533 ἀλλὰ
3487 4465 3845 4540 συκοφαντίας.

683 4581 874 4643 nostri,
905 4579 1070 4632 locuti
1102 4584 1284 4630 sumus
1312 4571 1667 4626 calumniam.
1707 4567 1876 4624 Vides
1908 4584 2096 4622 eorum
2136 4567 2256 4621 ido-

2354 4580 2447 4632 xa‘t
2471 4579 2662 4646 λόγους
2691 4576 2922 4646 ψευδεῖς,
2975 4577 3069 4630 καὶ
3095 4571 3162 4630 τὰ
3189 4573 3434 4628 τοιαῦτα.
3487 4563 3614 4622 Ποτὲ
3674 4561 3756 4632 μὲν
3778 4555 3847 4646 τᾲς

686 4672 954 4726 lolatriatn
1003 4668 1156 4723 nullo
1202 4667 1368 4721 modo
1401 4661 1672 4726 accusari,
1702 4660 1796 4718 sed
1842 4661 2163 4721 calumnias,
2203 4666 2259 4714 et

2357 4671 2682 4743 θεοσημείας
2709 4645 3108 4730 διαϐάλλοντες
3143 4667 3328 4734 ἔλεγον
3351 4679 3366 4694 °
3407 4682 3426 4715 ι
3462 4661 3547 4715 Ἐν
3587 4645 3845 4743 Βεελζεύοὺλ

686 4763 856 4817 falsos
907 4774 1214 4824 sermones,
1257 4769 1564 4826 emt-eraque
1609 4751 1903 4822 ejusmodi.
1943 4750 2086 4807 Olim
2129 4751 2258 4820 qui-

2339 4733 2578 4831 ’ἄρχοντι
2612 4761 2721 4814 τῶν
2747 4758 3035 4831 δαιμονίων
3064 4757 3315 4811 ικοάλλει
3351 4756 3418 4808 τὰ
3450 4749 3722 4820 δαιμόνια.»
3749 4733 3844 4792 Ἀπὸ

686 4857 809 4909 dem
850 4852 946 4905 Dei
995 4851 1150 4920 signa
1189 4849 1612 4910 calumniantes,
1660 4844 1912 4899 eumdetn
1948 4843 2002 4896 in
2040 4842 2253 4896 Beelze-

2281 4861 2333 4920 D
2359 4853 2583 4922 καρδίας
2604 4870 2662 4904 τε
2698 4851 2876 4904 αὐτῶν
2917 4850 3266 4920 ἐρευγόμενοι
3295 4845 3464 4917 ψευδῆ
3486 4860 3542 4894 τε
3567 4839 3652 4893 καὶ
3697 4832 3842 4922 ἄδικα.

686 4949 818 5009 bttt,
875 4943 1270 4997 daamoniorum
1329 4938 1576 5010 principe
1624 4937 1890 4991 daemonia
1943 4935 2149 5005 ejicere
2175 4934 2252 5000 7‘;

2355 4943 2700 5013 Σαμαρείτην
2737 4941 2832 4995 καὶ
2875 4940 3239 5010 δαιμονῶντα,
3291 4939 3462 5006 φάγον
3503 4932 3590 4986 καὶ
3625 4921 3845 4984 οἰνοπότην

689 5036 937 5105 falsaque
963 5041 1017 5087 et
1045 5034 1227 5100 iniqua
1262 5031 1331 5086 de
1373 5030 1540 5085 corde
1577 5029 1983 5100 depromentes,
2013 5026 2258 5080 Samari-

2349 5034 2601 5098 ἐκάλουν,
2617 5035 2886 5086 ἁνασείειν
2901 5048 2959 5083 τε
2986 5032 3111 5094 τοὺς
3136 5028 3326 5100 ὄχλους
3352 5026 3596 5098 ἔφασκον.
3615 5016 3693 5070 Διό
3711 5019 3843 5081 φασιν·

689 5139 878 5185 tanum
933 5142 1056 5184 esse
1084 5127 1150 5191 ⁷⁵,
1192 5125 1495 5188 furiosum,
1549 5122 1804 5176 vinosum
1835 5119 1912 5184 ",
1961 5117 2259 5187 turbasque

2299 5117 2304 5122 ’
2355 5126 2812 5193 Ἀπεστήσαμεν
2861 5121 3053 5174 ὀπίσω
3097 5122 3211 5188 τὴν
3240 5119 3457 5189 κρίσιν.
3509 5113 3576 5166 Oti
3603 5109 3698 5178 γὰρ
3731 5097 3844 5164 αὑτὴ.

687 5223 927 5277 excitare
975 5227 1030 5276 et
1081 5231 1429 5272 commovere
1465 5216 1510 5246 7"
1554 5213 1838 5276 dicebant;
1879 5210 2108 5279 ideoque
2141 5225 2196 5263 se
2227 5227 2259 5263 a

2358 5217 2545 5284 φησὶν,
2571 5190 2716 5284 ἡμᾶς
2735 5214 3049 5278 κατέλιπεν,
3071 5212 3186 5265 ἀλλ’
3202 5213 3365 5282 ἡμεῖς
3389 5205 3567 5276 αὐτὴν,
3593 5196 3732 5254 οἱονεὶ
3745 5190 3848 5284 uti)“

687 5313 886 5376 iudicio
939 5311 1217 5365 recessisse
1271 5307 1610 5375 adjecerunt.
1668 5302 1855 5371 Neque
1907 5300 2050 5355 enim
2119 5315 2253 5366 vos,

2361 5283 2543 5366 δόντες
2567 5283 2728 5376 αύτῇ.
2758 5308 2823 5358 Ai
2852 5306 2907 5357 δὲ
2932 5304 3108 5373 φωναὶ
3141 5303 3449 5374 ζητούντων·
3476 5297 3603 5350 εἰσιν
3626 5283 3847 5376 ἐλεηθῆναι

688 5407 894 5475 inquit,
923 5405 992 5458 ab
1041 5403 1136 5456 illo
1193 5398 1440 5455 derelicti
1489 5397 1654 5462 estis;
1693 5394 1788 5449 sed
1837 5392 1969 5446 illud
2018 5404 2048 5445 a
2080 5393 2255 5459 vobis,

2368 5399 2518 5468 παρὰ
2546 5375 2807 5466 Χριστοῦ,
2827 5397 2923 5450 καὶ
2949 5395 3191 5467 συνεχῶς
3214 5391 3607 5465 ὁμολογούντων
3626 5379 3719 5448 τῆς
3742 5375 3849 5475 diu,

687 5461 784 5566 qui
812 5461 1156 5563 ei'tanquam
1192 5501 1339 5561 terga
1379 5461 1662 5542 dederitis.
1705 5487 1884 5553 Atque
1921 5483 2003 5538 hae
2032 5486 2255 5556 quidem

2366 5461 2528 5554 θείας
2559 5461 2656 5558 tibi
2705 5489 2951 5561 ἄρνησιν,
3018 5461 3114 5541 καί
3162 5461 3290 5550 τοῦς
3349 5481 3554 5555 ψευδεῖς
3598 5469 3772 5529 ἑαυτῶν
3791 5461 3852 5512 1°-
3920 5525 3922 5527 ,

759 5610 804 5640 ⁷¹
831 5607 1033 5661 Jerem.
1069 5619 1184 5670 vttt,
1213 5603 1268 5658 9.
1343 5602 1389 5634 ⁷⁸
1420 5599 1556 5657 ibid.
1628 5597 1675 5630 ’³
1701 5593 1865 5651 Joan.
1897 5611 2015 5662 vnt,
2045 5597 2138 5650 24.
2211 5597 2261 5630 ⁷⁸

692 5679 733 5710 ⁷⁷
764 5677 898 5732 Luc.
931 5675 1162 5742 xxmﬁ.
1566 5695 1568 5698 ν

2286 5599 2478 5656 Matth.
2520 5617 2596 5668 rx,
2636 5602 2726 5657 '54.
2801 5603 2848 5634 ⁷⁸
2880 5600 3037 5656 Joan.
3091 5617 3212 5658 vttt.
3250 5601 3340 5656 47.
3431 5596 3476 5629 ’⁸
3504 5589 3673 5648 Matth.
3701 5574 3849 5642 11,19-

1983 5755 2216 5812 VARIJE
2244 5755 2646 5816 LECTIONES.

787 5873 804 5904 ι
831 5879 922 5932 γρ.
953 5858 1451 5931 προσεδοκήσαμεν.
1534 5852 1546 5901 i
1583 5871 1673 5922 γρ.
1695 5853 1722 5904 ὁ
1753 5851 1827 5907 δέ.
1906 5849 1928 5888 ι
1963 5870 2050 5920 γρ.
2077 5850 2265 5921 φησίν.
