3998 6390
595 367 731 434 c2611
1918 354 2271 421 PROCOPII
2299 352 2542 413 GAZIEI
3692 345 3809 415 2612

594 494 859 554 tanquam
918 485 1143 550 propter
1193 476 1395 532 virium
1442 474 1874 531 imbecillitatem
1938 470 2173 544 pollicita

2228 469 2260 529 ι
2282 466 2525 538 ελέγχων
2544 460 2639 520 οὖν
2656 462 2878 527 αὐτοὺς,
2899 458 3080 524 αίτίας
3090 456 3187 523 τὰς
3215 457 3395 514 αὐτῶν
3410 458 3663 533 ἁμαρτίας
3684 473 3807 541 φησὶ,

597 551 726 630 non
769 572 1168 644 praestitisset;
1213 567 1454 640 populus
1507 563 1941 622 vociferabatur.
1991 562 2176 633 Itaque

2228 598 2274 657 Ἰ.
2292 560 2360 615 δι’
2390 559 2459 623 ἃς
2484 559 2578 613 καὶ
2601 557 2835 628 ἀνήκοος
2863 553 2963 611 καὶ
3011 551 3289 657 eampo;
3312 552 3586 655 ἐνομίσθη.
3614 553 3807 624 Σφάζοψ

596 679 697 723 eos
725 641 982 733 arguens,
1018 660 1076 715 in
1125 672 1295 715 causa
1356 656 1533 714 fuisse
1561 670 1757 712 eorum
1811 661 2040 726 peccata
2091 666 2175 707 re-

2290 670 2383 719 τες
2428 651 2538 722 γὰρ
2563 649 2636 705 τά
2662 649 2832 704 τέκνα
2898 645 3081 702 αὐτῶν
3130 644 3622 716 ήπατοσκοποῦντο,
3650 647 3715 715 ὡς
3733 653 3809 721 τὰς

602 757 860 829 spondet,
892 762 1114 826 pr0pter
1140 767 1262 824 (μιαί
1293 765 1405 807 non
1450 749 1643 805 audire
1687 747 1832 804 Deus
1862 754 1918 802 et
1963 756 2181 802 servare

2234 732 2271 805 ξ⁴
2292 744 2496 817 χεῖρας
2521 743 2703 799 αὐτῶν
2737 738 3073 829 μεμολύνθαι
3104 738 3184 805 τῷ
3214 739 3437 829 αἵματι,
3470 739 3576 829 καὶ
3615 740 3693 795 διά
3722 746 3813 801 τῶν

602 825 854 920 potuisse
881 846 1034 901 visus
1058 844 1149 901 sit.
1204 843 1341 899 Cum
1370 844 1517 898 enim
1556 840 1762 896 liberos
1816 853 1948 896 suos
1976 846 2181 892 macta-

2246 865 2250 869 .
2293 834 2515 909 χειλῶν
2534 833 2798 899 ἀσεϐεῖν,
2817 833 2912 904 ἀφ’
2926 825 3005 887 ὧν
3028 830 3261 897 ἑαυτοῖς,
3284 828 3363 920 ῶς
3386 828 3492 883 ἀπὸ
3515 833 3811 903 σπερμάτων,

600 918 745 1006 rent,
768 953 960 994 eorum
1004 946 1130 993 exta
1154 936 1540 1009 inspicientes;
1569 949 1759 988 manus
1780 932 1888 989 sibi
1905 930 2179 1002 sanguine,

2243 924 2255 934 ’
2294 927 2493 990 πόνους
2552 924 2851 996 ἐγέννησαν
2871 962 2887 989 ,
2941 918 3435 993 ματαιοπονοῦντες
3469 920 3526 973 ἐν
3559 921 3740 987 αὐτοῖς.
3765 929 3814 980 ’Δ

602 1041 663 1087 ut
706 1031 976 1101 impietate
1025 1030 1169 1084 labia
1208 1027 1559 1100 polluebant:
1587 1026 1753 1092 unde,
1776 1031 2038 1090 tanquam
2061 1036 2181 1078 sur-

2293 1018 2404 1092 γὰρ
2455 1016 2852 1088 ἐπιθυμήματα
2914 1012 3290 1077 συνελέξαντο,
3337 1009 3415 1075 ὡς
3464 1010 3547 1064 ὠὰ
3588 1013 3814 1069 ἀσπίδων

602 1120 860 1194 gentibus
899 1134 967 1174 ex
1017 1118 1226 1174 semine
1256 1117 1559 1182 laboribus,
1611 1115 1819 1171 frustra
1847 1112 2181 1184 torqueban-

2294 1109 2728 1182 ἀτελεσφόρητα,
2753 1108 2848 1162 καὶ
2880 1105 3152 1176 ἀράχνης
3176 1102 3369 1170 ἱστὸς,
3402 1102 3686 1176 βλάπτοντα
3715 1110 3811 1178 pa.

601 1224 715 1271 tur.
755 1213 908 1281 Quas
932 1213 1081 1269 enim
1122 1212 1431 1282 voluptates
1465 1210 1594 1267 inde
1631 1207 2030 1281 percipiebant,
2067 1214 2180 1262 tam

2294 1205 2386 1260 λόν
2420 1205 2589 1267 ἐστιν,
2619 1203 2766 1272 ἥπερ
2792 1198 3079 1270 ὠφελῆσαι
3104 1195 3402 1266 δυνάμενα.
3428 1194 3545 1248 Κάν
3575 1196 3649 1260 είς
3678 1197 3818 1267 ἔργον

601 1323 766 1378 quam
798 1323 897 1363 ova
919 1305 1169 1375 aspidum
1214 1313 1372 1360 erant
1414 1302 1824 1375 intempestiva,
1849 1310 1944 1356 aut
1975 1316 2180 1355 aranea

2294 1297 2352 1353 δὲ
2380 1294 2729 1368 προαχθεῖεν,
2799 1291 2953 1345 οὐδὲν
2982 1287 3213 1344 ἀπέοικε
3246 1286 3633 1353 βασιλίσκου.
3674 1289 3818 1357 Διόἴι,

604 1376 731 1467 tela,
770 1413 893 1469 qua:
949 1411 1150 1452 nocere
1202 1395 1409 1466 potius,
1461 1408 1627 1464 quam
1666 1391 1931 1464 prodesse
1972 1391 2183 1447 valent:

2295 1387 2440 1443 κατὰ
2469 1383 2786 1454 ἀναγωγὴν,
2815 1378 3106 1451 ληψόμεθα.
3133 1378 3227 1431 τὸν
3254 1376 3501 1431 διάϐολον
3516 1377 3601 1430 τὸν
3626 1379 3722 1435 τῶν
3741 1398 3816 1435 κα.

603 1489 716 1546 imo
748 1505 893 1561 quae,
934 1490 981 1544 si
1004 1487 1307 1559 quidquam
1339 1487 1670 1560 producant,
1704 1485 1842 1541 nihil
1872 1498 1906 1539 a
1936 1482 2182 1539 basilisca

2296 1479 2409 1533 κῶν
2442 1476 2699 1548 χορηγόν.
2732 1473 2831 1528 Ἐκ
2853 1470 2913 1526 δέ
2938 1472 3050 1525 τῶν
3092 1468 3284 1524 κακῶν
3322 1470 3573 1526 ἁπάντων
3631 1474 3812 1542 ἱμάτιον

602 1580 843 1645 diﬂ'erat,
882 1596 979 1652 per
995 1595 1161 1651 quem
1191 1587 1246 1635 et
1276 1578 1383 1649 ipsi
1422 1578 1694 1633 malorum
1730 1591 1947 1645 operum
1999 1582 2181 1631 aucto«

2295 1571 2631 1640 ἐξύφηναν,
2671 1567 2701 1621 ὃ
2732 1566 2872 1638 μετὰ
2898 1566 2992 1619 τὸν
3036 1563 3215 1618 κοινὸν
3256 1562 3487 1618 θάνατον
3540 1564 3643 1617 οὐκ
3683 1565 3817 1619 ἐσται

605 1688 720 1729 rem
742 1670 1020 1727 diabolum
1056 1670 1354 1740 anagogice
1403 1667 1784 1738 intelligimus.
1837 1668 1910 1720 At
1934 1681 2005 1723 ex
2034 1666 2184 1722 malis

2295 1662 2496 1730 σκέπη
2553 1660 2662 1715 τῶν
2722 1656 2912 1712 κακῶν
2940 1655 3144 1720 αὐτῶν,
3181 1653 3346 1725 μέχρι
3371 1653 3544 1723 ταφῆς
3573 1653 3815 1725 ισχυόπων

604 1766 864 1821 omnibus
911 1767 1279 1820 vestimentum
1331 1770 1735 1827 contexuerunt,
1784 1769 1911 1833 post
1946 1774 2183 1816 commu-

2240 1829 2259 1833 Α
2296 1752 2441 1809 κατὰ
2462 1750 2525 1806 τδ
2539 1749 2761 1816 ἐνίὼϐ,
2784 1749 2865 1813 τὸ,
2898 1747 3078 1809 «Ἕως
3091 1745 3256 1817 σόρου
3282 1742 3653 1814 ὴγρύπνησα.»
3680 1742 3759 1798 Ἐκ
3779 1746 3819 1800 δὲ

608 1875 731 1916 item
766 1868 994 1914 mortem
1053 1859 1196 1912 mala
1235 1872 1428 1913 eorum
1482 1870 1816 1927 nequaquam
1865 1864 2187 1925 aperturum,

2241 1829 2271 1886 Β
2297 1845 2418 1901 τῶν
2446 1843 2730 1913 πονηρῶν
2759 1838 3068 1912 λογισμῶν
3093 1835 3593 1908 ταλαιπωροῦσιν,
3622 1837 3820 1907 ειρήηην

605 1969 725 2024 quae
789 1955 857 2009 ad
916 1954 1253 2024 sepulturam
1314 1967 1491 2022 usque
1540 1951 1688 2006 vires
1739 1948 1991 2005 habitura
2046 1957 2184 2004 sunt.

2298 1939 2401 1994 οὐκ
2426 1937 2663 2009 ἔχοντες.
2697 1935 2787 1999 Ὦς
2811 1931 2998 2002 γάρτὸ
3027 1929 3284 2002 κριτικὸν
3313 1927 3683 1993 ἀπολέσαντες,
3706 1930 3820 1999 βασι-

604 2018 747 2101 Ῐοῦο
777 2053 918 2101 teste
947 2018 997 2077 ’ί
1023 2087 1039 2113 ,
1071 2045 1165 2115 qui
1197 2059 1257 2099 se
1286 2043 1353 2099 ad
1401 2018 1681 2097 tumulum
1724 2056 1903 2107 usque
1939 2040 2183 2110 vigilasse

2299 2029 2458 2101 λικὴν
2479 2028 2579 2082 οὐκ
2609 2022 2774 2099 ἦλθον
2806 2025 2953 2080 ὁδὸν
2995 2023 3107 2078 ἀνω
3141 2021 3297 2076 κάτω
3330 2018 3674 2092 πλανώμενοι.
3701 2021 3819 2075 υῦτω

607 2136 822 2193 scribit.
883 2112 1029 2192 Sunt
1088 2112 1220 2192 vero
1256 2175 1274 2202 ,
1332 2143 1557 2205 propter
1618 2133 1791 2187 maias
1823 2132 2186 2203 cogitationes,

2300 2122 2411 2192 γὰρ
2465 2118 2566 2191 τὴν
2620 2118 2920 2185 πονηρίαν
2971 2114 3267 2187 μετῄεσαν,
3302 2113 3378 2178 ὡς
3400 2112 3818 2205 φωὸςνέξαὺτῆς

607 2227 910 2284 aerumnosi
941 2234 999 2284 et
1030 2228 1233 2294 miseri,
1279 2226 1373 2294 qui
1402 2241 1585 2294 pacem
1624 2239 1736 2280 non
1772 2223 2031 2279 habeant.
2059 2222 2186 2277 Tau-

2302 2211 2725 2276 ἀπολαύσοντες,
2742 2209 2770 2263 ὃ
2797 2207 2989 2278 γέγονε
3005 2210 3228 2274 σκότος
3252 2222 3289 2261 α
3302 2206 3470 2270 ὐτοῖς,
3492 2204 3657 2277 δηλῶν
3679 2204 3729 2275 δὴ
3746 2205 3818 2276 τήν

608 2331 776 2389 quam
806 2316 954 2373 enim
989 2317 1195 2373 amissa
1226 2315 1515 2387 judicandi
1552 2314 1627 2381 vi,
1656 2330 1686 2370 a
1727 2315 1811 2370 cia
1863 2315 2013 2386 regia
2044 2316 2187 2371 aber-

2302 2305 2362 2359 ἐν
2393 2301 2474 2376 τῷ
2503 2301 2733 2373 παρόντι
2770 2300 2867 2353 καὶ
2923 2298 3173 2370 μέλλοντι
3199 2295 3643 2368 καταληψομένην
3673 2296 3819 2359 αὐτοὺς

607 2417 801 2467 rantes
856 2425 1076 2466 sursum
1133 2409 1394 2466 deorsum
1437 2416 1745 2480 vagantur;
1803 2410 1878 2464 ita
1928 2407 2186 2479 siquiden

2304 2394 2597 2468 τιμωρίαν.
2623 2393 2714 2457 Ὦς
2757 2392 2851 2446 καὶ
2869 2392 2968 2463 τὴν
3001 2392 3413 2463 φωτεινοτάτην
3445 2390 3619 2454 αὐτοῖς
3657 2388 3814 2461 ἡμέραν

608 2503 903 2575 nequitiam
950 2510 1258 2566 sectantur,
1286 2518 1353 2556 ac
1402 2502 1448 2557 si
1489 2516 1553 2557 ea
1611 2503 1780 2556 lucem
1824 2501 1931 2555 sibi
1975 2502 2187 2556 allatur:

2304 2490 2525 2554 σκότος
2540 2486 2817 2558 γενέσθαι,
2834 2484 2910 2548 ὼς
2926 2495 3026 2535 ιιι-ι)
3046 2483 3359 2545 στενάζειν
3374 2483 3564 2547 αὐτοὺς
3581 2481 3812 2555 μεγάλαιὶκ

610 2596 682 2652 sit
711 2614 725 2651 :
754 2610 880 2649 cum
919 2593 1161 2648 tenebras
1193 2595 1414 2664 pariat;
1454 2592 1717 2647 ultionem
1766 2592 2049 2654 nimirum,
2084 2608 2189 2661 qua

2304 2581 2528 2652 ἄρκτον
2556 2578 2649 2633 ἐπὶ⁵
2663 2577 2899 2644 τέκνοις,
2917 2576 3012 2631 καὶ
3044 2576 3226 2631 πυκνά
3248 2576 3326 2641 ῶς
3344 2572 3698 2644 περιστεράν.
3721 2569 3818 2626 Εἶτά

610 2701 706 2741 eos
735 2686 810 2741 ita
844 2686 1101 2757 presenti
1135 2663 1241 2742 istc
1287 2684 1585 2756 futuroque
1629 2686 1837 2741 saeculo
1900 2686 2189 2756 apprehen-

2306 2692 2494 2746 φησιν,
2532 2668 2959 2742 Ἀνεμείναμεν
2986 2670 3209 2737 κρίσιν,
3231 2668 3332 2723 καὶ
3358 2668 3467 2723 οὐκ
3506 2667 3657 2721 ἐστι·
3688 2663 3819 2734 δηλῶν

610 2792 745 2835 sura
783 2755 898 2839 est:
935 2778 1110 2849 utqui
1143 2755 1631 2848 splendidissimus
1667 2776 1788 2833 dies
1815 2777 1896 2833 eis
1926 2755 2182 2832 illuxerat

2304 2767 2431 2832 τοὺς
2460 2766 2575 2830 τοῖς
2616 2763 2825 2819 ἐαυτῶν
2883 2761 3284 2834 ἁμαρτήμασιν
3316 2757 3726 2831 ἐγχρονίσαντας,
3752 2755 3819 2809 καὶ

613 2871 671 2927 in
707 2869 950 2925 tenebras
981 2878 1340 2926 convertatur
1373 2887 1388 2937 ;
1429 2871 1644 2941 ursique
1683 2869 1738 2925 in
1780 2885 1987 2925 morem
2023 2871 2192 2941 gravi-

2305 2862 2407 2933 τῆς
2437 2859 2819 2928 ἀντιλήψεως
2860 2854 3235 2926 ἀποτυχόντας
3266 2853 3367 2925 τῆς
3395 2851 3561 2915 θείας.
3589 2847 3820 2919 Κρίσινδὲ

613 2976 724 3028 ter,
751 2971 981 3033 propter
1002 2962 1285 3032 ademptas
1307 2962 1542 3027 catulos,
1582 2972 1633 3016 et
1670 2970 1924 3031 tanquam
1964 2960 2192 3017 columbi

2306 2955 2477 3025 λέγει,
2511 2952 2634 3009 καθ’
2664 2953 2731 3023 ἥν
2758 2951 2826 3005 τὰ
2847 2949 3083 3022 κρείττω
3115 2946 3328 3011 πάντες
3366 2946 3571 3008 ἑαυτοῖς
3596 2941 3822 3007 ἐπιλέγον-

607 3052 835 3109 assrdue
878 3061 1115 3123 gement.
1155 3052 1248 3105 Ait
1298 3052 1535 3123 deinde:
1586 3050 2024 3120 Exspectavimus
2058 3052 2185 3122 judi

2306 3065 2420 3102 ται.
2452 3048 2524 3099 Ἥ
2561 3042 2925 3105 ἀπολιπόντες
2971 3038 3280 3105 ἀπώλοντο,
3347 3035 3663 3091 ἐπελθόντων
3683 3034 3822 3092 αὐτοῖς

609 3146 775 3214 cium,
809 3156 859 3201 et
895 3162 1000 3200 non
1027 3155 1128 3209 est,
1184 3152 1241 3198 ut
1270 3160 1369 3200 eos
1416 3145 1511 3215 qui
1545 3144 1603 3199 in
1652 3146 1895 3215 peccatis
1932 3146 2049 3201 suis
2100 3147 2188 3201 im-

2245 3140 2420 3240 :ec'bv
2476 3136 2711 3209 ἐχθρῶν,
2768 3134 2844 3206 μὴ
2887 3132 3211 3205 βοηθοῦντος
3258 3130 3422 3185 Θεοῦ.
3484 3128 3710 3182 Διδάσκει
3745 3124 3824 3193 γὰρ

611 3237 811 3291 morati
842 3245 994 3301 sunt,
1024 3236 1115 3293 Dei
1136 3238 1298 3292 etiam
1323 3237 1627 3307 defensioue
1643 3237 1919 3293 excidisse
1967 3238 2190 3294 demon-

2244 3226 2277 3240 ”’
2306 3237 2508 3301 αὐτοὺς
2535 3236 2604 3291 τά
2634 3232 3053 3307 συμϐησόμενα,
3085 3232 3180 3285 καὶ
3209 3229 3335 3294 πῶς
3364 3228 3543 3300 δεήσει
3580 3226 3823 3297 μετανοεῖν,

611 3335 774 3382 stret.
805 3326 1093 3398 Signiﬁcat
1131 3338 1314 3384 autem
1357 3326 1550 3397 iudicii
1580 3330 1802 3385 nomine
1833 3329 1967 3385 illud
1996 3331 2190 3400 ipsum,

2304 3328 2381 3393 ὡς
2400 3328 2466 3383 ἂν
2494 3327 2742 3397 ἀφέσεως
2778 3325 3016 3395 τύχοιεν.
3062 3322 3220 3375 Ἐπεὶ
3270 3321 3372 3375 καὶ
3417 3317 3573 3373 Δαϐὶδ
3617 3315 3707 3388 πρὸ
3754 3313 3824 3382 τῆς

615 3418 901 3491 675quo
925 3421 1031 3476 sibi
1050 3421 1370 3492 quique,vel
1391 3437 1514 3492 qum
1536 3431 1919 3493 praestantiora
1946 3424 2194 3491 suut,eli-

2306 3421 2600 3493 οἰκοδομῆς
2657 3418 2752 3473 τοῦ
2794 3417 2948 3484 ναοῦ,
3000 3415 3260 3488 προλέγει
3290 3413 3391 3468 καὶ
3420 3411 3517 3483 τὴν
3544 3409 3823 3479 καθαίρεσιν,

611 3517 781 3578 gunt;
809 3508 894 3575 vel
930 3524 1050 3580 qua:
1081 3509 1454 3580 relinquentes
1485 3517 1713 3579 pereunt
1746 3526 1874 3566 cum
1908 3513 2190 3583 insurgen-

2307 3514 2404 3568 καὶ
2420 3512 2521 3585 τήν
2570 3511 2736 3567 αὐτοῦ
2766 3509 2931 3564 πάλιν
2960 3507 3404 3578 ἀνοικοδόμησιν.
3432 3502 3609 3557 Πάντα
3630 3500 3722 3571 γὰρ
3738 3498 3824 3569 μετ’

610 3598 763 3654 tibus
817 3599 873 3654 in
903 3615 999 3656 eos
1064 3600 1340 3666 hostibus,
1393 3600 1487 3657 Dei
1551 3603 1757 3657 auxilio
1799 3603 2189 3660 destituuntur.

2306 3605 2554 3677 ἀλλήλων
2594 3604 2855 3675 γινώσκει
2913 3602 3065 3667 Θεός.
3127 3595 3264 3654 Εἶτα
3297 3597 3401 3664 τῆς
3456 3594 3651 3651 ἑαυτῶν
3673 3590 3824 3650 ἐντοῖς

611 3688 784 3745 Docet
839 3691 986 3745 enim
1019 3691 1171 3763 ipsos
1208 3708 1330 3763 qua:
1379 3707 1643 3748 eventura
1674 3702 1826 3762 sunt,
1860 3703 1915 3750 et
1962 3712 2070 3765 qua
2112 3712 2190 3751 ra-

2308 3700 2575 3770 πρακτοῖς
2604 3697 2697 3750 καὶ
2728 3695 2938 3759 λεκτοῖς
2978 3692 3178 3756 κακίας
3207 3692 3690 3763 κατηγορήσαντες,
3723 3684 3823 3737 Ἀπ-

613 3782 766 3837 tione
794 3783 1063 3853 paenitere
1099 3793 1371 3856 Oporteat,
1410 3786 1455 3841 si
1492 3785 1876 3841 remissionem
1929 3789 2192 3858 consequi

2307 3787 2677 3857 εστήσαμεν,
2721 3786 2907 3854 φασιν,
2940 3784 3135 3838 ὀπίσω
3156 3782 3273 3852 τὴν
3314 3784 3532 3852 κρίσιν,
3562 3778 3632 3842 ὡς
3652 3778 3679 3831 ό
3701 3772 3823 3829 Δαϐὶδ

610 3874 820 3930 velint:
853 3890 962 3945 quo
988 3876 1153 3930 modo
1179 3886 1234 3932 et
1259 3876 1425 3932 David
1448 3877 1566 3948 ipse
1589 3877 1910 3948 priusquam
1934 3882 2189 3950 templum

2312 3880 2371 3933 ἐν
2425 3874 2846 3947 τεσσαρακοστῷ
2896 3874 3071 3943 ἐνάτῳ
3140 3871 3319 3944 φησί·
3362 3891 3382 3925 ι
3410 3871 3480 3925 Σὺ
3505 3868 3561 3923 δὲ
3611 3864 3822 3937 ἐμίσησας

614 3973 1055 4031 construeretur,
1090 3967 1338 4037 ejusdem
1374 3984 1486 4023 non
1517 3970 1857 4025 eversionem
1888 3972 2073 4037 modo,
2106 3971 2193 4027 sed

2312 3969 2582 4034 παιδείαν,
2605 3969 2698 4021 καὶ
2727 3965 2986 4034 ἐξέϐαλες
3012 3967 3140 4029 τοὺς
3194 3965 3392 4033 λόγους
3422 3980 3523 4035 μου
3575 3962 3647 4024 εις
3663 3955 3723 4012 τὰ
3735 3953 3823 4008 ὀπί·

615 4059 1077 4115 instauratiouem
1105 4061 1271 4115 etiam
1313 4059 1586 4129 prmdixit.
1618 4060 1765 4115 Nihil
1819 4063 1966 4117 enim
2006 4078 2194 4119 eorum

2311 4082 2409 4117 σω.
2439 4082 2459 4116 ι
2498 4061 2654 4125 Τινὲς
2679 4061 2736 4115 δὲ
2762 4060 2856 4114 καὶ
2888 4059 2982 4114 τόο
3025 4059 3311 4129 Ἐκύομεν
3330 4058 3428 4113 καὶ
3441 4052 3824 4128 ἐμελετήσαμεν

616 4168 739 4223 qua:
767 4167 829 4207 se
853 4153 1084 4209 invicem
1111 4162 1548 4225 consequuntur,
1574 4153 1791 4225 ignorat
1822 4155 1989 4211 Deus.
2006 4155 2195 4213 Postea

2308 4156 2428 4211 ἀπὸ
2454 4153 2726 4223 καρδίας,
2762 4154 2842 4218 είς
2862 4154 2993 4217 τοὺς
3019 4152 3477 4225 ψευδοπροφήτας
3503 4145 3726 4221 εἰρῆσθαί
3749 4158 3824 4210 φα-

616 4259 719 4301 sua
746 4243 850 4314 ipsi
885 4245 1041 4311 vitia,
1076 4245 1192 4301 sive
1210 4260 1273 4301 ea
1311 4246 1366 4301 in
1420 4244 1604 4315 factis,
1635 4248 1749 4303 sive
1797 4249 1854 4303 in
1879 4250 2045 4307 dictis
2080 4267 2195 4307 ver-

2311 4264 2415 4302 σιν.
2442 4246 2561 4315 Ἐφ’
2588 4240 2786 4316 οἷσπερ
2811 4247 2840 4299 ό
2865 4244 2998 4308 Θεὸς
3031 4245 3418 4315 ἀγανακτήσας
3445 4241 3607 4312 όργὴν
3630 4236 3824 4306 ἐπήγαγε

617 4344 833 4404 sentur,
889 4346 1238 4405 accusantes,
1292 4340 1624 4404 recessimus,
1656 4340 1833 4407 aiunt,
1867 4346 1914 4395 'a
1943 4341 2154 4408 judicio
2183 4360 2196 4397 :

2309 4338 2431 4393 κατ’
2459 4336 2662 4404 αὐτῶν,
2708 4337 2865 4393 ἐλέει
2894 4337 3101 4407 ταύτην
3156 4335 3416 4408 κεράσας.
3445 4336 3594 4389 Πᾶσα
3621 4330 3714 4401 γὰρ
3736 4342 3825 4379 παι-

616 4426 779 4494 quale
802 4436 888 4480 est
917 4425 1050 4480 illud
1084 4426 1228 4497 apud
1267 4425 1546 4490 Davidem,
1595 4428 1809 4498 psalmo
1840 4428 2195 4501 quadragesi-

2307 4431 2427 4487 δεία
2481 4430 2618 4485 Θεοῦ
2683 4430 2993 4502 ἐπωφελής.
3022 4427 3140 4499 Ἐφ’
3167 4424 3271 4494 οἷς,
3324 4427 3477 4500 φησὶ,
3510 4425 3593 4479 τὸν
3618 4420 3728 4475 Θεὸν
3750 4415 3824 4484 τὴν

616 4532 710 4572 mo
734 4532 883 4573 nono
910 4534 924 4571 :
957 4538 976 4571 ι
1011 4520 1093 4574 Tu
1115 4534 1243 4575 vero
1270 4519 1437 4576 odisti
1463 4520 1839 4592 disciplinam,
1867 4530 1923 4577 et
1950 4524 2195 4595 abiecisti

2245 4539 2281 4595 D
2309 4523 2373 4576 ὲκ
2397 4521 2499 4593 τῆς
2530 4521 2822 4593 μετανοίας
2871 4516 3405 4592 πραγματευομένην
3457 4512 3722 4587 σωτηρίαν,
3740 4507 3824 4565 τοῖς

618 4622 903 4665 sermones
966 4626 1119 4667 meos
1148 4620 1455 4670 retrorsum
1479 4611 1525 4644 ⁸⁸
1550 4652 1566 4667 .
1611 4632 1632 4666 ι
1688 4613 1946 4670 Nonnulli
1990 4633 2118 4673 vero
2152 4630 2197 4674 et

2309 4615 2747 4686 τιμωρουμένοις
2775 4611 3132 4676 οίκειοῦσθαι,
3152 4609 3517 4681 ἐνδυόμενον
3550 4602 3708 4660 αὐτῶν
3751 4598 3823 4666 τὴν

620 4699 752 4755 illud
783 4720 796 4755 :
832 4702 1199 4773 Concepimus,
1251 4712 1302 4759 et
1361 4704 1608 4759 meditati
1630 4721 1816 4760 sumus
1843 4706 1908 4762 de
1936 4710 2114 4775 corde,
2150 4710 2199 4763 iu

2311 4706 2733 4773 δικαιοσύνην,
2765 4703 2861 4759 καὶ
2884 4701 2984 4766 τὰς
3001 4701 3422 4772 δικαιοπραγίας
3448 4697 3639 4765 ὥσπερ
3680 4693 3819 4757 θωρα-

620 4788 797 4842 malos
857 4793 1154 4861 prOphetas
1198 4791 1457 4863 usurpari
1509 4791 1880 4861 arbitrantur;
1932 4796 2003 4850 ob
2044 4797 2199 4866 idque

2311 4798 2638 4868 κιζόμενον,
2659 4794 2988 4868 παραμυθοῦ
2997 4811 3157 4865 μενος
3176 4793 3249 4858 ὡς
3264 4789 3587 4860 δυναμένους
3602 4782 3786 4839 ἑνδυνα
3801 4784 3820 4824 (ι

623 4878 970 4950 indignatum
1040 4878 1211 4936 Deum
1254 4883 1390 4937 iram
1447 4882 1501 4938 in
1561 4884 1785 4941 eosdem
1840 4886 2202 4942 misericordia

2314 4890 2570 4961 γενέσθαι
2634 4889 2771 4943 Θεοῦ
2803 4889 2871 4942 δι’
2919 4889 3067 4960 ἡμᾶς
3109 4881 3222 4940 οἷον
3278 4880 3705 4955 ὁπλοφοροῦντθς’
3747 4871 3821 4961 dp

622 4974 982 5036 temperatam
1042 4967 1353 5027 induxisse.
1386 4968 1506 5026 Non
1564 4973 1711 5028 enim
1741 4973 1978 5031 utilitate
2011 4990 2201 5031 carere

2323 4960 2601 5054 ἡμετέραν
2627 4979 3014 5052 διορθουμένου
3039 4978 3268 5042 δειλίαν,
3296 4977 3365 5031 δι’
3385 4976 3451 5047 ἢν
3479 4974 3569 5029 καὶ
3588 4970 3660 5042 τῷ
3682 4960 3820 5025 Γιεζεὶ

621 5057 926 5126 quamlibet
986 5055 1086 5113 Dei
1145 5062 1574 5132 correptionem.
1655 5061 1942 5134 Signiﬁcat
2002 5065 2200 5124 deinde

2311 5053 2605 5146 ὁπλοφόροι
2635 5074 2946 5146 πεφήνασιν
2976 5072 3222 5141 ἄγγελοι,
3250 5068 3394 5124 οὕτω
3428 5064 3561 5121 κατά
3587 5060 3728 5132 φύσιν
3747 5053 3820 5106 οὐκ

622 5147 793 5202 Deum
821 5150 1080 5217 salutem,
1113 5167 1237 5221 quae
1285 5152 1603 5223 paenitentia
1653 5164 1900 5225 paratur,
1935 5154 2025 5225 iis,
2061 5176 2203 5230 quos
2310 5165 2546 5237 ἔχοντες.

624 5238 934 5308 ulciscitur,
955 5241 1274 5309 conciliare,
1307 5256 1431 5299 cum
1458 5259 1651 5300 eorum
1675 5246 1948 5317 justitiam
1967 5258 2023 5305 et
2053 5264 2200 5311 recte
2239 5257 2407 5326 facta,
2444 5266 2696 5329 tanquam
2755 5256 3006 5319 loricam,
3064 5254 3293 5317 induat;
3330 5250 3402 5305 ita
3434 5262 3528 5304 nos
3574 5236 3815 5298 consolans

623 5346 687 5385 ac
708 5331 869 5389 εἰθιξὶ
903 5337 1271 5392 vestimentum
1336 5338 1443 5410 ipsi
1486 5340 1602 5397 ﬁeri
1653 5343 1951 5412 valeamus,
1983 5362 2206 5421 propter
2247 5370 2347 5413 nos
2373 5370 2525 5410 arma
2554 5355 2817 5427 gerentis,
2863 5362 2922 5409 ut
2964 5352 3309 5408 timiditatem
3373 5352 3597 5401 nostram
3656 5334 3819 5400 erisi‘i

624 5435 847 5498 propter
897 5444 1065 5501 quam
1093 5438 1152 5487 et
1204 5430 1354 5487 Giezi
1409 5433 1609 5488 armati
1659 5433 1766 5491 visi
1817 5444 1945 5494 sunt
2005 5444 2205 5513 angeli,
2246 5462 2373 5503 cum
2393 5446 2448 5502 id
2481 5461 2674 5504 eorum
2709 5454 2905 5503 natura
2936 5458 3044 5500 non
3079 5450 3354 5513 pateretur
3383 5437 3450 5491 ⁸⁵.

695 5567 869 5623 “Job
928 5587 984 5637 ι,
1012 5571 1097 5627 l9.
1177 5572 1393 5629 “Psal.
1431 5591 1582 5645 XLIX,
1624 5575 1710 5632 17.
1785 5578 1831 5611 ⁸⁸
1860 5576 1927 5634 1V
1954 5576 2088 5650 Reg.
2128 5598 2202 5647 vi,
2251 5582 2341 5638 i7.

1919 5717 2151 5775 VARIAZ
2190 5719 2595 5779 LEUTIONES.

698 5833 793 5874 ιη’
828 5842 911 5895 γρ.
944 5828 1059 5884 καί.
1132 5836 1161 5880 ς
1187 5829 1414 5902 ἔνδυμα.
