3998 6390
177 308 331 377 2613

1334 323 1870 390 COMMENTARII
1896 329 1981 392 IN
2016 331 2305 397 ISAIAM.

3312 337 3457 404 2614
3483 399 3487 403 .

257 422 457 479 ιθ-κα’.
484 422 595 479 Kal
635 424 1082 496 φοϐηθήσονται
1113 429 1171 483 οι
1225 428 1347 486 ἀπὸ
1392 431 1644 504 δυσμῶν
1700 436 1768 491 τὸ

1941 437 2111 498 Vens.
2140 442 2325 499 19-21.
2381 441 2452 500 Et
2492 444 2748 502 timebunt
2777 447 2870 519 qui
2922 455 3045 504 sunt
3071 445 3137 503 ab
3165 449 3454 520 occidente,

179 518 379 587 ὄνομα
416 519 661 587 Κυρίου,
716 519 817 574 καὶ
872 522 928 575 οί
973 520 1076 577 ἀπ’
1124 521 1443 580 ἀνατολῶν
1473 526 1678 595 ἡλίου,
1700 528 1767 583 τὸ

178 622 380 679 ονομα
408 609 474 664 τὸ
515 609 789 676 ἔνδοξον.
818 611 981 677 Ἥξει
1013 610 1124 683 γὰρ
1143 613 1221 680 ὡς
1258 615 1527 685 ποταμὸς
1565 618 1771 685 βίαιος

180 701 225 769 τι
248 701 404 775 ὀργὴ
429 701 590 771 παρὰ
609 703 850 771 Κυρίου,
904 703 1040 773 ἣξει
1081 704 1231 775 μετὰ
1264 706 1478 775 θυμοῦ,
1504 708 1602 761 καὶ
1636 708 1770 777 ἥξει

177 806 367 846 mm
382 793 535 847 Σιὼν
556 795 588 848 ὁ
600 795 926 864 ῥυόμενος,
958 796 1056 851 καί
1088 795 1462 866 ἀποστρέψει
1490 797 1772 868 ἀσεϐείας

175 880 305 935 ἀπο
337 882 569 951 Ἰακὼϐ,
599 901 655 938 κ.
683 900 736 938 τ.
759 884 812 939 λ.

257 972 531 1044 Πολέμων
586 974 756 1030 είπὼν
783 975 898 1041 τοῖς
926 976 985 1045 ἐξ
1013 974 1233 1049 Ἰσραὴλ
1254 978 1348 1034 τὸν
1397 979 1529 1034 Θεὸν
1561 978 1649 1035 διὰ
1675 980 1774 1046 τὰς

176 1064 393 1130 πολλὰς
417 1065 603 1122 αὐτῶν
632 1068 909 1137 ἀσεϐείας,
943 1069 1037 1124 ἐπὶ
1065 1070 1164 1142 τὴν
1189 1070 1382 1143 κλῆσιν
1414 1071 1627 1144 μέτεισι
1661 1072 1774 1126 τῶν

179 1152 383 1223 ἐθνῶν,
412 1159 509 1213 καὶ
537 1159 637 1230 τὴν
666 1161 905 1233 Χριστοῦ
941 1163 1271 1233 παρουσίαν.
1299 1163 1375 1217 Τὸ
1405 1165 1515 1218 πᾶν
1540 1164 1597 1219 δὲ
1617 1166 1774 1235 γένος

178 1245 284 1300 ἀνθ
291 1244 501 1318 ρώπων
520 1248 610 1304 διά
631 1250 742 1305 τῶν
763 1251 1077 1329 ἀνατολῶν
1088 1253 1369 1324 ’ἐδήλωσεν
1388 1255 1483 1308 καὶ
1503 1252 1773 1325 δυσμῶν,

180 1338 241 1393 οἳ
271 1339 729 1410 φοϐηθήσονται
751 1342 861 1398 τὸν
879 1345 1119 1413 Κύριον.
1175 1344 1372 1418 «Ἀρχὴ
1401 1344 1510 1416 γὰρ
1553 1350 1767 1415 σοφίας,

182 1427 358 1496 φόϐος
406 1431 671 1502 Κυρίου.»
724 1425 836 1497 Ἦς
892 1432 954 1488 ού
1012 1433 1309 1506 μετέλαϐεν
1375 1434 1615 1506 Ἰσραὴλ,
1647 1434 1764 1489 ἀλλ’

180 1519 412 1586 ἐκεῖνοι,
470 1523 597 1595 περὶ
626 1515 701 1577 ὧν
727 1523 937 1593 ἔλεγενε
1002 1543 1022 1577 ι
1066 1526 1201 1579 Ἰδοὺ
1264 1521 1412 1581 οὗτοι
1475 1526 1766 1600 πόρρωθεν

181 1612 403 1683 ήξουσι,
430 1634 450 1669 ι
505 1617 601 1671 καὶ
630 1617 701 1671 τά
742 1619 871 1688 ὲξῆς
895 1636 910 1651 ο
949 1620 1016 1673 δι’
1044 1611 1120 1674 ὧν
1161 1620 1352 1692 ἐδήλου
1412 1620 1482 1674 τά
1534 1620 1775 1691 τέσσαρα
1801 1637 1848 1697 Β

179 1704 456 1775 κλίματα,
503 1708 604 1762 ὅσα
625 1708 682 1763 δὲ
713 1709 899 1778 φόϐος
953 1710 1106 1765 Θεοῦ
1177 1710 1431 1783 προξενεῖ
1485 1708 1638 1780 δηλοῖ
1686 1710 1767 1764 τόο

186 1816 207 1848 ι
230 1796 527 1869 Μακάριος
556 1798 697 1871 ἀνὴρ
715 1802 742 1853 6
766 1801 1105 1872 φοϐούμενος
1136 1801 1229 1856 τὸν
1252 1799 1481 1874 Κύριον.
1509 1820 1528 1854 ι
1558 1801 1669 1856 Kal
1688 1801 1771 1868 τό,

185 1906 209 1941 ο
237 1889 358 1943 Οὐκ
385 1889 535 1943 ἔστιν
565 1890 848 1962 ὑστέρημα
869 1895 985 1956 τοῖς
1006 1892 1361 1964 φοϐουμένοις
1391 1890 1580 1945 αὐτόν.
1607 1910 1626 1943 ι
1656 1892 1773 1945 Kal

178 1980 267 2043 τό,
311 1980 523 2045 «Φόϐος
562 1981 767 2050 Κυρίου
821 1982 1061 2050 παιδεία,
1118 1984 1216 2038 καὶ
1274 1983 1455 2054 σοφία.
1484 2001 1504 2035 s
1545 1984 1655 2038 Kal
1684 1982 1765 2036 τὸο

193 2072 379 2138 Φόϐος
417 2073 624 2145 Κυρίου
673 2075 1034 2146 προστίθησιν
1066 2076 1304 2147 ἡμέρας.
1333 2095 1353 2129 s
1395 2076 1494 2130 ’ον
1519 2076 1621 2129 οὐκ
1646 2076 1775 2129 ἰου-

180 2166 361 2229 δαίοις
390 2166 606 2232 δώσειν,
642 2166 779 2221 ἀλλά
809 2170 920 2231 τοῖς
946 2168 1153 2223 ἔθνεσιν
1199 2168 1610 2237 ἐπαγγέλλεται.
1664 2167 1776 2221 Kal

180 2258 245 2310 ἐν
282 2259 459 2330 ἑτέρῳ
518 2258 627 2331 γὰρ
658 2261 914 2333 προφήτῃ
940 2264 1053 2323 τοῖς
1103 2262 1201 2331 μέν
1226 2278 1393 2331 φησιν
1416 2277 1430 2292 ·
1461 2279 1481 2313 ι
1517 2262 1630 2314 Οὐκ
1661 2259 1775 2313 ἐστι

184 2368 293 2420 μου
347 2350 565 2423 θέλημα
602 2353 661 2405 ὲν
711 2354 860 2424 ὑμῖν,
914 2353 1064 2423 λέγει
1111 2352 1316 2422 Κύριος
1349 2351 1770 2423 παντοκράτωρ.

184 2442 304 2495 Kal
360 2441 552 2507 θυσίας
582 2444 644 2498 οὐ
674 2444 1041 2516 προσδέξομαι
1075 2447 1141 2499 ἐκ
1175 2445 1285 2497 τῶν
1325 2445 1527 2517 χειρῶν
1561 2445 1772 2517 ὑμῶν».

180 2532 329 2603 Περὶ
357 2534 417 2587 δὲ
442 2535 553 2589 τῶν
586 2534 754 2589 ἐθνῶν
777 2550 793 2566 ·
831 2554 850 2589 ι
889 2537 968 2591 Δι’
995 2537 1078 2590 ὅτι
1137 2537 1246 2590 ἀπὸ
1281 2536 1558 2591 ἀνατολῶν
1621 2536 1774 2607 ἡλίου

178 2624 499 2690 δεδόξασται
537 2626 598 2681 τὸ
622 2626 794 2697 ὄνομα
844 2645 968 2699 μου,
1014 2630 1074 2682 ὲν
1101 2632 1213 2692 τοῖς
1276 2627 1482 2682 ἔθνεσι.
1525 2645 1544 2679 ι
1582 2627 1693 2698 Τῆς
1718 2627 1775 2680 δὲ

179 2719 394 2774 τούτων
420 2720 694 2792 σωτηρίας
719 2720 892 2775 αἴτιον
914 2738 931 2753 ο
957 2721 1122 2787 Ἥξει
1148 2723 1257 2792 γὰρ
1295 2722 1377 2789 ὡς
1403 2720 1672 2791 ποταμὸς
1684 2720 1777 2785 βι-

180 2828 315 2880 αιος
356 2814 457 2867 καὶ
498 2813 645 2885 ὀργὴ
692 2815 856 2883 παρὰ
908 2816 1150 2883 Κυρίου.
1179 2814 1350 2880 Ἥξει
1376 2815 1522 2884 μετὰ
1558 2814 1770 2884 θυμοῦ.

195 2903 416 2975 ὐργνῆς
453 2905 510 2959 δὲ
551 2906 646 2959 καὶ
696 2907 888 2977 θυμοῦ
940 2906 1066 2960 οὕτε
1103 2906 1164 2961 τὸ
1201 2906 1513 2978 Ἐϐραῖκὸν,
1566 2905 1693 2960 οὔτε
1718 2906 1769 2959 οί

1871 546 2061 587 nomen
2093 532 2332 597 Domini,
2365 544 2417 590 et
2438 537 2529 606 qui
2552 537 2617 591 ab
2639 548 2761 592 ortu
2790 537 2942 605 solis,
2961 555 3150 595 nomen
3174 538 3451 610 inclytum.

1879 616 2059 674 Veniet
2084 621 2226 675 enim
2270 623 2421 691 quasi
2463 623 2655 693 ﬂuvius
2716 626 2974 680 violentus
3003 626 3087 681 ira
3122 643 3156 680 a
3188 626 3412 680 Domino
3434 644 3455 684 :

1870 708 2038 763 veniet
2066 726 2185 764 cum
2212 710 2433 778 furore:
2458 721 2510 767 et
2533 714 2697 769 veniet
2719 726 2936 785 propter
2970 715 3105 773 Sion
3128 716 3219 788 qui
3242 715 3453 782 liberat,

1870 804 1922 851 et
1954 807 2147 853 avertet
2177 800 2346 871 676
2378 800 2674 871 impietates
2697 802 2890 872 Jacob,
2909 813 3018 860 etc.

1944 966 2242 1039 Postquam
2278 965 2467 1026 lsraeli
2496 982 2722 1045 propter
2748 976 2975 1031 multam
3013 992 3207 1033 eorum
3258 977 3456 1049 impie-

1872 1068 2038 1117 tatem
2076 1062 2354 1119 infensum
2407 1081 2532 1122 esse
2563 1065 2731 1122 Deum
2761 1068 3180 1135 demonstravit,
3210 1070 3277 1124 ad
3322 1085 3456 1141 gen-

1875 1153 2011 1209 tium
2039 1156 2404 1222 vocationem,
2439 1156 2729 1229 ipsumque
2758 1158 2962 1217 Christi
3014 1162 3307 1216 adventum
3340 1178 3458 1217 ser-

1874 1256 2091 1296 monem
2120 1245 2406 1299 convertit.
2446 1245 2783 1317 Signiﬁcavit
2813 1256 2994 1303 autem
3043 1248 3276 1303 Orientis
3305 1248 3459 1305 Occi-

1875 1330 2149 1404 dentisque
2173 1335 2417 1401 nomine,
2444 1337 2733 1393 hominum
2765 1355 2937 1408 genus
2963 1340 3301 1405 universum,
3319 1356 3458 1411 quos

1875 1422 2092 1501 Domini
2114 1425 2273 1479 timor
2320 1436 2468 1483 esset
2503 1437 2897 1500 occupatttrus.
2937 1430 3273 1502 Principium
3305 1448 3460 1487 nam-

1877 1534 1984 1588 que
2012 1520 2295 1589 sapientiae
2331 1522 2497 1578 timor
2528 1522 2745 1582 Domini
2763 1524 2811 1556 ⁸⁸
2834 1536 2855 1579 :‘
2911 1524 3070 1594 cujus
3124 1540 3251 1582 esse
3288 1528 3460 1597 parti-

1877 1625 2007 1682 ceps
2035 1613 2207 1668 noluit
2237 1614 2435 1683 Israel;
2460 1615 2557 1671 sed
2583 1616 2685 1683 illi,
2726 1617 2795 1673 de
2816 1619 3019 1688 quibus
3053 1618 3199 1674 istud
3225 1635 3459 1691 usurpa-

1875 1704 1985 1760 vit:
2021 1723 2039 1757 ι
2077 1705 2214 1762 Ecce
2245 1706 2297 1761 hi
2322 1707 2387 1763 de
2410 1708 2570 1780 longe
2592 1710 2898 1778 venient",
2927 1718 2982 1766 et
3005 1727 3123 1782 qua:
3154 1713 3455 1785 deinceps:

1875 1797 2076 1868 quibus
2104 1800 2287 1855 verbis
2317 1810 2557 1869 quatuor
2590 1803 2779 1858 mundi
2811 1803 3088 1872 cardines,
3121 1805 3237 1861 sive
3267 1806 3459 1878 plagas

1875 1890 2298 1945 demonstravit.
2353 1892 2571 1958 Quanta
2619 1910 2750 1950 vero
2800 1910 2865 1951 ea
2897 1896 3031 1961 sint,
3075 1912 3197 1967 quae
3244 1895 3462 1953 Domini

1878 1983 2038 2037 timor
2063 1983 2222 2040 nobis
2247 1986 2527 2051 conciliat,
2563 1986 2849 2057 Scriptura
2905 1990 3163 2057 patuerit,
3219 1991 3312 2045 ubi
3349 1991 3456 2045 ait:

1882 2096 1901 2130 ι
1930 2077 2132 2133 Beatus
2149 2078 2235 2132 vir
2260 2080 2354 2149 qui
2380 2080 2536 2134 timet
2567 2078 2859 2135 Dominum
2882 2081 2950 2134 ⁸⁸.
2982 2100 3000 2135 ι
3031 2082 3096 2137 Et
3116 2083 3236 2139 istis
3263 2100 3308 2135 τι
3339 2083 3458 2139 Νοιι

1875 2180 1962 2225 est
2025 2169 2211 2240 inopia
2275 2170 2602 2226 timentibus
2667 2171 2957 2228 Dominum
3017 2174 3085 2229 ".
3132 2193 3151 2227 ι
3222 2173 3288 2229 Ει
3335 2175 3459 2231 istis

1876 2262 2079 2317 etiam:
2121 2279 2141 2314 ι
2181 2261 2371 2317 Timor
2396 2261 2611 2318 Domini
2640 2263 2936 2333 disciplina
2960 2274 3014 2320 et
3041 2267 3309 2336 sapientia
3340 2267 3409 2322 ”.
3435 2285 3456 2320 ι

1876 2352 1942 2406 Ει
1979 2351 2144 2407 istis:
2175 2369 2195 2405 ι
2232 2351 2425 2407 Timor
2452 2352 2673 2408 Domini
2727 2354 2846 2411 dies
2888 2356 3042 2411 addit
3071 2358 3117 2390 “
3151 2374 3167 2424 ;
3205 2374 3367 2428 quem
3402 2374 3463 2415 se

1876 2458 1987 2497 non
2013 2440 2240 2509 Judaris,
2278 2443 2375 2499 sed
2407 2444 2668 2514 gentibus
2697 2460 2822 2501 esse
2847 2446 3102 2501 daturum
3143 2449 3459 2519 pollicetur.

1878 2533 2087 2590 Deinde
2117 2535 2263 2605 apud
2285 2536 2610 2608 prophetam
2634 2537 2801 2591 alium
2826 2538 2964 2594 istos
2988 2538 3208 2610 quidem
3231 2540 3286 2595 in
3307 2541 3456 2596 hunc

1877 2624 2099 2679 modum
2132 2626 2468 2698 alloquitur:
2511 2644 2532 2679 ι
2557 2625 2676 2682 Νοιι
2711 2634 2798 2683 est
2844 2643 2963 2683 mea
2993 2629 3245 2685 voluntas
3277 2630 3331 2687 in
3359 2646 3461 2686 vo-

1876 2717 1961 2774 bis
1982 2718 2049 2785 ”,
2087 2718 2220 2774 dicit
2274 2717 2541 2773 Dominus
2576 2720 2946 2790 omnipotens,
2987 2728 3042 2775 et
3105 2722 3317 2778 hostias
3349 2738 3461 2778 non

1878 2811 2173 2882 suscipiam
2201 2800 2270 2868 de
2296 2812 2554 2868 manibus
2594 2813 2808 2869 vestris.
2838 2832 2859 2866 ι
2899 2812 2974 2869 De
2996 2815 3250 2885 gentibus
3276 2825 3459 2870 autem

1879 2904 1984 2959 ista
2015 2904 2230 2974 inquit:
2270 2922 2291 2957 ι
2338 2904 2413 2959 Μ)
2453 2914 2580 2959 ortu
2626 2904 2772 2959 enim
2806 2905 2941 2961 solis
2976 2922 3149 2977 usque
3196 2907 3265 2963 ad
3301 2922 3462 2962 occa-

179 2995 366 3051 ).omol
399 2997 725 3069 μέμνηνται.
777 2998 913 3052 Οὐδὲ
936 2999 1045 3071 γὰρ
1073 2998 1297 3067 εὔλογον
1333 3000 1391 3052 ἐν
1422 2997 1645 3066 ἀγαθῶν
1678 2998 1771 3052 ἐπ-

1878 3011 1998 3052 sum
2022 2995 2383 3066 gloriﬁcatum
2401 3003 2487 3052 est
2513 3011 2710 3052 nomen
2730 3012 2911 3051 meum
2934 2998 2985 3051 in
3012 2999 3406 3055 nationibus”.
3434 3018 3454 3051 ι

180 3090 491 3158 αγγελίαις.
535 3091 595 3144 '0
629 3090 738 3161 γὰρ
772 3090 1008 3153 Ἀκύλας
1045 3092 1233 3161 φησὶν,
1270 3091 1400 3144 Ὀτι
1458 3090 1776 3144 ἐλεύσεται

178 3182 263 3246 ὡς
281 3181 553 3251 ποταμὸς
577 3180 815 3251 πνεῦμα
839 3184 1062 3251 Κυρίου
1092 3184 1427 3251 σύσσημον
1465 3181 1676 3248 ἐαυτῷ.
1715 3182 1776 3235 Ὀ

180 3274 236 3327 δὲ
265 3274 589 3345 Σύμμαχος
635 3274 809 3339 ’Ἥξει
837 3274 917 3341 ὡς
954 3274 1221 3344 ποταμὸς
1262 3276 1483 3329 θλίϐων
1508 3274 1573 3328 τὸ
1603 3273 1779 3329 πνεῦ·

177 3382 263 3435 μα
286 3365 535 3433 Κυρίου.
551 3366 808 3436 Ἐπείγει
843 3365 941 3420 καὶ
964 3366 1120 3434 ἥξει.
1136 3366 1196 3421 '0
1212 3366 1269 3420 δὲ
1286 3366 1775 3429 ΘεοδοτίωνοἮξει

183 3459 398 3529 male
458 3461 725 3528 ποταμὸς
770 3460 1196 3527 πολιορκητής.
1252 3460 1495 3528 Πνεῦμα
1551 3460 1773 3527 Κυρίου

178 3548 519 3619 ἐσημειὼθη
545 3549 617 3605 ἐν
641 3548 825 3615 αὐτῷ.
872 3550 996 3615 Πῶς
1028 3550 1087 3604 δὲ
1120 3550 1201 3617 ὡς
1258 3548 1524 3619 ποταμὸς
1567 3550 1772 3615 βίαιος

182 3640 319 3707 ἣξει
348 3640 419 3694 τὸ
448 3641 686 3712 πνεῦμα
720 3642 966 3712 Κυρίου,
993 3642 1261 3713 ἐδήλωσεν
1290 3642 1351 3695 ὲν
1380 3642 1503 3705 ταῖς
1557 3640 1772 3713 Πρὰξε-

184 3751 293 3798 σιν,
326 3751 345 3786 ι
373 3734 505 3788 Ὅτε
534 3734 888 3806 συνηγμένων
939 3735 1034 3788 ἐπὶ
1058 3735 1120 3789 τδ
1153 3734 1288 3790 αὐτὸ
1338 3733 1558 3803 ἐγένετο
1618 3732 1774 3802 ἄφνω

184 3828 252 3879 ὲκ
309 3824 406 3880 τοῦ
464 3826 696 3898 ούρανοῦ
752 3822 925 3899 ἦχος,
978 3826 1171 3896 ὥσπερ
1228 3823 1540 3896 φερομένης
1602 3821 1775 3891 πνοῆς

185 3914 393 3986 βιαίας,
406 3933 425 3967 ι
446 3915 542 3969 καὶ⁸
553 3916 621 3969 τὰ
634 3916 727 3969 ἐπὶ
743 3916 973 3980 τούτοις.
991 3909 1092 3970 Ὧν
1110 3914 1285 3981 τέλος,
1308 3915 1403 3968 καὶ
1422 3913 1506 3980 τὸ,
1530 3930 1549 3966 ι
1570 3910 1773 3984 Ἐπλη-

186 4007 443 4081 ρώθησαν
473 4009 711 4074 ἅπαντες
742 4009 1061 4081 Πνεύματος
1085 4009 1265 4079 ἁγίου.
1309 4025 1329 4061 ›

1873 3089 1976 3144 Sed
2003 3097 2085 3143 est
2111 3103 2297 3144 earum
2329 3089 2524 3145 salutis
2554 3105 2742 3158 causa,
2782 3092 2929 3163 quod
2961 3101 3264 3157 venturum,
3303 3095 3460 3163 quasi

1874 3180 2091 3250 ﬂuvium
2145 3180 2452 3247 violentum,
2486 3192 2536 3237 et
2567 3181 2708 3237 iram
2771 3199 2805 3238 a
2848 3183 3083 3239 Domino
3129 3201 3249 3240 cum
3278 3184 3461 3255 furore

1875 3274 2033 3329 dixit.
2073 3271 2193 3339 Quo
2222 3274 2363 3339 loco,
2396 3289 2573 3343 neque
2599 3274 2720 3339 iraa,
2748 3291 2928 3346 neque
2957 3277 3158 3345 furoris
3190 3276 3460 3333 llebraica

1882 3364 2063 3427 lectio,
2092 3363 2383 3434 cmterique
2407 3365 2738 3435 interpretes
2781 3368 3174 3431 meminerunt.
3227 3369 3372 3424 sicut
3397 3367 3461 3424 in

1881 3454 2148 3509 bonorum
2180 3454 2545 3524 promissione
2576 3454 2757 3511 fuerat
2781 3456 2981 3513 rationi
3005 3468 3458 3516 consentaneum.

1878 3548 1958 3599 ita
2008 3547 2153 3601 enim
2216 3544 2413 3616 Aquila
2485 3546 2682 3611 :Quia
2732 3549 2898 3603 veniet
2953 3559 3209 3621 tanquam
3264 3552 3461 3619 [tanien

1874 3636 2093 3704 spiritus
2131 3634 2346 3690 Domini
2407 3637 2741 3705 signaculum
2779 3640 2904 3708 ipsi.
2940 3640 3307 3713 Symmachus
3357 3658 3460 3697 au-

1874 3735 1981 3783 tem
2014 3746 2027 3780 :
2070 3722 2250 3781 Veniet
2278 3736 2528 3797 tanquam
2555 3729 2749 3797 fluvius
2780 3739 2951 3784 terens
2983 3732 3203 3800 spiritus
3225 3733 3458 3787 Domini.

1882 3818 2062 3891 Urget,
2084 3828 2133 3873 et
2159 3820 2346 3874 veniet.
2376 3819 2682 3876 'l‘heodotio
2701 3837 2871 3877 vero:
2921 3822 3099 3878 Veniet
3154 3827 3295 3879 enim
3339 3840 3471 3880 (an-

1879 3927 2038 3982 quam
2062 3910 2258 3979 ﬂuvius
2292 3927 2621 3982 oppugnans.
2668 3911 2902 3983 Spiritus
2941 3915 3157 3970 Domini
3216 3917 3458 3988 signatus

1881 3998 2034 4053 estin
2062 4014 2144 4053 eo.
2169 3996 2272 4064 Qui
2296 4006 2500 4065 autem,
2533 4000 2698 4071 677
2740 4010 2993 4066 tanquam
3017 4002 3211 4072 ﬂuvius
3262 4004 3461 4058 violen-

188 4108 293 4163 tus,
324 4099 447 4168 ipse
477 4098 695 4154 Domini
722 4100 943 4169 spiritus
970 4108 1222 4154 venturus
1265 4098 1358 4164 sit,
1387 4111 1454 4152 eo
1488 4092 1776 4157 indicavit,
1814 4087 1960 4160 quod
2002 4088 2057 4142 in
2092 4088 2248 4144 Actis
2289 4106 2303 4144 :
2343 4108 2362 4142 ι
2390 4089 2526 4145 Cum
2557 4101 2744 4147 essent
2768 4091 2822 4146 in
2859 4108 3030 4147 unum
3074 4108 3268 4151 omnes
3319 4110 3457 4151 con-

188 4190 418 4260 gregali,
450 4189 655 4246 factum
687 4206 810 4246 esse
838 4191 906 4245 de
956 4199 1180 4261 repente
1218 4204 1440 4255 sonum,
1501 4198 1763 4255 tanquam
1805 4179 2036 4249 spiritus
2105 4177 2400 4233 violenti"
2432 4217 2448 4244 .
2495 4198 2515 4233 ι
2557 4189 2612 4236 et
2640 4196 2762 4252 quae
2815 4194 3147 4253 sequuntur.
3209 4186 3457 4257 legitur:

189 4280 398 4352 quibus
427 4281 649 4337 tandem
678 4296 873 4339 omnes
903 4297 1027 4339 esse
1059 4281 1267 4354 Spiritu
1306 4287 1502 4337 sancto
1532 4278 1771 4349 repletos
1809 4268 2184 4326 concluditur.

266 4396 434 4451 Ἀλλά
466 4398 560 4450 καὶ
580 4396 857 4466 σημεῖον,
891 4398 1077 4469 φησὶν,
1109 4397 1322 4464 ἐαυτῷ.
1342 4395 1515 4453 Τοῦτο
1543 4395 1651 4466 γὰρ
1678 4394 1771 4465 τῆς

1958 4383 2159 4441 Verum
2189 4392 2245 4439 et
2265 4384 2599 4454 signaculum
2629 4386 2732 4454 ipsi
2770 4387 2866 4442 ait.
2902 4385 3052 4442 Hanc
3071 4388 3215 4442 enim
3249 4403 3455 4445 ascen-

193 4490 325 4553 ιδίας
348 4489 672 4559 ἀναλήψεως
687 4488 840 4543 ἔθετο
856 4492 1082 4561 σημεῖον
1096 4488 1271 4558 λέγων
1288 4505 1302 4519 ·
1324 4506 1345 4541 ι
1370 4489 1496 4543 Ἐἀν
1515 4488 1589 4560 μὴ
1610 4486 1778 4541 ἁπέλ-

191 4581 286 4643 θω,
328 4578 360 4630 6
382 4578 736 4650 Παράκλητος
759 4578 860 4632 ούκ
901 4579 1172 4651 ἔρχεται.»
1209 4580 1320 4633 Kal
1346 4577 1530 4633 πάλιν·
1564 4575 1685 4630 Ὀτ’
1709 4575 1777 4630 ἂν

189 4668 432 4735 ἀπέλθω,
474 4669 758 4723 ἀποστελῶ
782 4670 912 4738 ύμῖν
956 4672 1018 4724 τὸ
1068 4670 1292 4740 Πνεῦμα
1318 4671 1418 4741 τῆς
1451 4668 1770 4741 ἀληθείας.»

202 4762 348 4815 Ἀντὶ
411 4761 471 4815 δὲ
524 4760 659 4815 τοῦ·
711 4760 872 4826 Ἥξει
914 4761 1127 4816 ἕνεκεν
1163 4761 1319 4816 Σιὼν
1371 4764 1405 4816 ὀ
1448 4762 1772 4831 ῥυόμενος,

200 4854 454 4919 Ἀκύλας,
517 4854 630 4908 Kal
685 4853 999 4908 ἐλεύσεται
1052 4852 1128 4922 τῇ
1184 4852 1339 4908 Σιὼν
1369 4853 1763 4923 ἀγχιστεύων,

190 4946 374 5017 φησίν.
415 4945 476 5000 '0
504 4945 560 4998 δὲ
594 4946 924 5017 Σύμμαχος⁹
954 4945 1067 4999 Kal
1112 4944 1246 5013 ἥξει
1282 4944 1358 5014 τῇ
1390 4944 1547 4999 Σιὼν
1591 4945 1765 5015 ἀγχι-

1879 4477 2053 4533 sionis
2074 4490 2188 4532 suae
2217 4475 2675 4547 signiﬁcationem
2710 4487 2764 4534 et
2797 4490 2981 4533 notam
3013 4477 3278 4548 dederat;
3308 4494 3457 4547 cum,

1876 4571 1984 4625 nisi
2034 4569 2297 4625 abivisset
2326 4610 2343 4638 ,
2376 4568 2723 4626 Paracletum
2764 4586 2875 4626 non
2920 4581 3260 4641 venturum;
3331 4588 3458 4629 cum

1876 4676 2102 4717 rursum
2142 4662 2428 4729 abivisset,
2465 4671 2721 4719 sanctum
2754 4665 3023 4735 apostolis
3058 4681 3119 4722 se
3155 4665 3458 4723 missurum

1875 4753 2141 4826 Spiritum
2172 4755 2474 4813 dixerat".
2508 4756 2613 4812 Sed
2633 4757 2778 4813 enim
2801 4774 2910 4830 quo
2937 4759 3079 4823 loco,
3106 4748 3301 4816 veniet'
3332 4775 3460 4827 pro-

1870 4857 1987 4915 pter
2015 4845 2166 4915 Sion,
2194 4847 2283 4918 qui
2309 4846 2520 4916 liberat,
2552 4848 2819 4904 habemus
2846 4888 2863 4915 ,
2906 4858 2956 4903 et
2996 4851 3164 4905 ueniet
3194 4851 3283 4921 qui
3328 4848 3459 4905 Sion

1866 4940 2192 5009 propinquus
2226 4948 2329 5004 est,
2372 4938 2806 5011 interpretantur
2846 4941 3076 5012 Aquilas
3107 4948 3162 4995 et
3210 4941 3460 5012 Symma-

191 5037 443 5091 στεύων.
478 5036 673 5106 Ἔλεγε
702 5037 811 5110 γὰρ
839 5039 868 5091 6
925 5036 1118 5108 Σωτήρ
1136 5052 1151 5068 ⁸
1197 5055 1217 5090 ι
1238 5037 1352 5090 Ούκ
1377 5032 1563 5108 ἦλθον,
1593 5037 1642 5089 εί
1687 5035 1763 5107 μὴ

1877 5030 2031 5085 chus.
2053 5028 2242 5101 Neque
2272 5030 2418 5086 enim
2469 5046 2530 5088 se
2560 5031 2667 5088 nisi
2715 5032 2785 5088 ad
2816 5047 2970 5097 oves,
3023 5048 3145 5104 quae
3177 5034 3457 5103 perierant

192 5129 268 5193 είς
295 5128 361 5182 τὰ
384 5127 700 5183 ἀπολωλότα
719 5128 966 5201 πρόϐατα
984 5129 1135 5182 οίκου
1169 5128 1409 5201 Ἰσραήλ.
1424 5147 1443 5181 ι
1477 5130 1591 5183 Καὶ
1612 5127 1765 5183 Παῦ-

1877 5122 1937 5179 de
1962 5123 2127 5178 domo
2164 5122 2360 5191 Israel,
2396 5124 2635 5180 missum
2688 5139 2812 5181 esse
2845 5126 3099 5180 Salvator
3141 5125 3365 5179 reticuit
3386 5125 3455 5164 “-

194 5219 280 5284 λος
314 5219 371 5272 δέ
392 5237 528 5290 φησι.
548 5238 563 5252 ·
601 5239 620 5273 t
644 5220 804 5289 Λέγω
828 5220 940 5292 γὰρ
987 5220 1224 5291 Χριστὸν
1250 5220 1496 5275 διάκονον
1536 5220 1767 5291 γεγενῆ-

198 5311 321 5364 σθαι
361 5312 665 5384 περιτομῆς
692 5312 833 5385 ὑπὲρ
858 5312 1120 5384 ἀληθείας
1151 5312 1308 5381 Θεοῦ,
1336 5314 1418 5377 εἰς
1446 5313 1504 5365 τὸ
1536 5311 1769 5383 βεϐαιῶ-

200 5417 288 5457 σαι
318 5402 421 5467 τὰς
442 5402 787 5474 ἐπαγγελίας
810 5401 920 5457 τῶν
962 5402 1237 5476 πατέρων,
1264 5400 1336 5457 τά
1363 5401 1422 5456 δὲ
1467 5400 1596 5474 ἔθνη
1627 5401 1769 5473 ὑπὲρ

270 5669 313 5702 ⁸⁸
335 5667 485 5725 Psal.
529 5684 618 5735 cx,
650 5670 737 5725 10.
813 5670 857 5703 ⁸⁷
884 5669 989 5726 lsa.
1022 5685 1113 5735 ιι,
1140 5671 1195 5738 4.
1272 5670 1318 5705 ⁸⁸
1348 5668 1622 5737 Ρεο1.οιι,
1645 5671 1695 5725 1.

1877 5670 1997 5728 ’sal.
2021 5687 2218 5736 sum,
2248 5670 2336 5726 10.

1875 5215 2082 5272 Scribit
2116 5216 2171 5271 in
2198 5218 2341 5272 hunc
2370 5218 2594 5273 modum
2622 5227 2886 5288 praeterea
2913 5228 2968 5275 et
2996 5217 3236 5273 Paulus:
3276 5235 3296 5270 ι
3325 5217 3458 5273 Dico

1876 5313 2020 5371 enim
2048 5312 2329 5369 Christum
2357 5311 2546 5370 Iesum
2585 5315 2899 5371 ministrum
2950 5313 3124 5369 fuisse
3168 5313 3460 5367 circumci-

1878 5405 2054 5462 sionis
2083 5415 2311 5478 propter
2335 5405 2623 5462 veritatem
2656 5405 2777 5475 Dei,
2838 5414 2898 5461 ut
2926 5404 3287 5461 confirmaret
3339 5417 3462 5473 pro-

2440 5673 2485 5706 “
2515 5671 2675 5727 Prov.
2712 5689 2802 5741 xv,
2837 5673 2926 5730 53.
3003 5673 3045 5706 "
3077 5670 3242 5729 Prov.
3278 5688 3332 5737 ι,
3365 5671 3458 5727 27.

206 5743 250 5777 "
275 5738 511 5799 Malach.
541 5756 581 5806 ι,
619 5740 706 5795 10.
782 5741 831 5774 ⁸³
862 5742 995 5799 ibid.
1032 5742 1121 5798 11.
1196 5742 1244 5777 ’δ
1269 5743 1393 5800 Act.
1425 5758 1502 5810 ιιι,
1537 5743 1593 5797 2.
1671 5740 1771 5797 "J

1884 5784 1898 5799 .
1936 5758 2024 5810 xv,
2048 5742 2138 5798 26.
2211 5743 2259 5778 ⁸⁸
2294 5740 2486 5804 Matth.
2514 5760 2603 5810 xv,
2621 5744 2711 5798 24.
