3998 6390
579 263 720 329 9615

1878 271 2230 333 PROCOPII
2260 271 2504 336 GAZ.EI

3697 283 3812 352 2616

585 377 879 431 missiones
913 387 1165 448 patrum;
1213 386 1403 449 gentes
1446 386 1632 434 autem
1680 388 1902 449 propter
1960 380 2172 434 miscri-

2284 382 2458 447 ἐλέους
2486 382 2710 448 δοξάσαι
2759 381 2852 436 τὸν
2895 382 3051 436 Θεόν.
3083 400 3101 433 ι
3133 383 3279 436 Φασὶ
3330 380 3390 436 δέ
3435 399 3606 449 τινεςο
3636 387 3812 467 Ὥσπερ

579 467 826 524 cordlam
856 469 1231 540 gloriﬁcarent
1277 468 1448 524 Deum
1478 469 1579 525 ³⁷.»
1643 471 1816 526 Alunt
1863 486 1991 526 vero
2023 485 2164 526 non-

583 559 720 616 nulli
762 599 778 624 ,
841 558 1299 630 quemadmodum
1358 557 1702 630 superius”,
1742 569 2036 632 postquam
2069 562 2165 618 irae

587 653 852 711 adversus
911 649 1132 708 Judaeos
1186 654 1580 724 meminisset,
1637 663 1693 710 et
1769 656 2168 712 misericordiae

588 757 777 814 postea
803 747 1135 802 mentionem
1163 747 1383 812 fecisse,
1403 762 1529 801 cum
1560 746 1944 803 misericordia
1968 749 2166 803 contir-

590 853 768 893 masse
797 853 856 893 se
896 837 1036 892 dixit
1062 855 1076 892 :
1102 839 1182 895 sic
1210 849 1264 896 et
1297 841 1400 896 hoc
1444 840 1587 900 loco,
1645 847 1937 910 postquam
1964 840 2167 910 furoris

589 941 642 988 et
669 932 766 986 ira:
797 931 1068 997 meminit,
1113 932 1345 986 salutem
1402 946 1499 1002 per
1546 929 1824 987 Christum
1877 931 2166 1001 adjecisse,

589 1038 715 1078 cum
773 1033 1050 1097 venturum
1079 1037 1198 1076 eum
1238 1019 1526 1076 atiirmavit
1573 1031 1785 1091 propter
1820 1020 2054 1088 Sionem,
2081 1021 2172 1092 qui

590 1113 823 1179 liberat;
875 1115 943 1169 de
974 1115 1214 1185 peccatis
1247 1114 1614 1180 nimirum,de
1643 1124 1838 1178 morte,
1873 1113 1943 1170 de
1977 1128 2172 1168 corru-

593 1209 782 1278 ptione
805 1207 1079 1275 etiam,de
1107 1207 1416 1264 daamonum
1451 1207 1742 1277 tyrannide
1758 1206 1994 1276 denique
2013 1205 2175 1260 intel-

595 1298 790 1369 ligens.
825 1296 988 1353 Dicas
1011 1313 1234 1354 rursum
1261 1297 1382 1368 ipso
1413 1294 1592 1352 Sionis
1627 1296 1869 1363 nomine,
1921 1295 2172 1351 Sanctam

596 1388 855 1444 Ecclesiae.
911 1387 1492 1453 administrationem,
1544 1387 1803 1458 piumque
1859 1387 2170 1442 institutum

595 1479 919 1551 signiﬁcari.
962 1477 1165 1534 Verum
1204 1495 1304 1550 pro
1327 1495 1472 1549 quo:
1513 1478 1583 1533 Et
1638 1489 1836 1533 avertet
1880 1480 2173 1545 impietate:

592 1572 786 1639 Iacob,
815 1575 1119 1630 habemus:
1153 1573 1222 1629 Et
1253 1574 1319 1629 iis
1344 1574 1436 1644 qui
1469 1577 1699 1628 aversati
1747 1574 1958 1644 fuerunt
1992 1574 2176 1642 impie-

595 1678 761 1723 tatem
787 1666 978 1729 Iacob,
1004 1669 1143 1722 dixit
1173 1668 1540 1737 Symmachus
1564 1684 1582 1732 ;
1604 1667 1828 1736 Aquilas
1851 1675 2033 1721 autem
2056 1683 2068 1719 :
2105 1667 2172 1720 Et

596 1763 687 1831 iis,
725 1763 818 1833 qui
869 1761 1103 1815 aversati
1161 1760 1363 1830 fuerint
1418 1761 1834 1814 inconstantiam
1865 1759 2056 1815 Iacob.
2093 1759 2172 1816 Iis

531 1874 536 1879 ·
595 1855 741 1916 enim
772 1855 961 1920 veniet,
1006 1869 1215 1925 eosque
1272 1853 1551 1921 liberabit;
1582 1854 1800 1924 seipsos
1847 1864 2051 1920 autem,
2084 1855 2177 1925 qui

597 1963 708 2003 non
735 1955 1148 2012 convertentur,
1199 1945 1561 2002 accusabunt.
1593 1945 1666 2000 Et
1693 1945 1790 2000 hoc
1822 1955 1926 2012 est,
1977 1946 2176 2016 inquit,

596 2039 672 2094 eis
704 2055 738 2092 a
793 2055 875 2093 me
930 2047 1322 2094 testamentum.
1382 2038 1670 2105 Quodnam
1721 2038 1897 2095 vero?
1945 2035 2179 2108 Spiritus

600 2146 767 2193 meus,
791 2130 882 2201 qui
911 2139 989 2184 est
1009 2130 1067 2184 in
1098 2139 1146 2184 te
1170 2145 1189 2184 :
1220 2145 1382 2200 quem
1411 2129 1584 2200 678
1607 2145 1730 2185 cum
1773 2130 2039 2200 apostolis
2073 2129 2182 2183 lar-

599 2221 832 2293 giretur,
887 2222 1100 2277 aiebat:
1141 2239 1162 2273 t
1212 2221 1459 2291 Accipite
1503 2219 1770 2292 Spiritum
1802 2231 2098 2286 sanctum;
2133 2221 2178 2275 si

600 2313 690 2370 cui
709 2312 1038 2367 remiseritis
1062 2321 1310 2383 peccata,
1340 2312 1694 2367 remittuntur
1714 2311 1816 2364 Μ’.»
1842 2309 1989 2366 Istud
2015 2309 2182 2381 igitur

600 2411 686 2459 est
715 2399 929 2455 Novum
959 2409 1353 2463 testamentum,
1389 2401 1746 2472 mysteriique
1771 2400 1917 2455 illius
1942 2413 2180 2466 summa,

600 2495 747 2564 quod
773 2504 858 2549 est
903 2495 959 2548 in
989 2505 1058 2557 te,
1113 2493 1204 2564 qui
1259 2494 1584 2564 prapinquus
1629 2509 1708 2560 es,
1753 2501 1803 2547 et
1825 2492 1916 2563 qui
1953 2490 2182 2569 liberas:

601 2601 764 2656 quem
793 2601 917 2643 esse
945 2586 1012 2640 de
1043 2586 1228 2642 radice
1261 2584 1434 2642 Iessm
1485 2585 1625 2640 dixit
1654 2587 1695 2652 ',
1741 2601 1866 2640 cum
1918 2584 2182 2656 Spiritum

607 2673 822 2730 Domini
851 2690 1018 2746 super
1072 2691 1196 2730 eum
1250 2675 1629 2746 requieturum
1660 2673 1948 2730 allirmavit
1979 2692 1993 2728 ι
2027 2675 2186 2745 cujus

607 2768 734 2824 item
765 2780 819 2824 et
876 2769 994 2839 ipse
1020 2768 1329 2839 discipulos
1384 2769 1506 2824 ideo
1541 2769 1840 2840 participes
1890 2767 2092 2833 effecit,
2129 2777 2187 2823 ut

605 2859 858 2915 eumdem
890 2870 944 2914 et
979 2859 1082 2927 ipsi
1136 2859 1398 2929 deinceps
1430 2860 1484 2914 in
1517 2859 1710 2929 dignos
1741 2867 1794 2915 et
1821 2859 2186 2916 benemeritos

606 2952 946 3008 conferrent.
992 2952 1164 3007 Verba
1193 2968 1382 3024 porro,
1404 2967 1528 3024 quae
1556 2953 1770 3008 locutus
1799 2966 1883 3008 est
1911 2953 2184 3020 Christus,

2202 1729 2250 1789 B

2267 474 2528 546 ἀνωτέρω
2575 471 2837 544 μνησθεὶς
2867 475 2966 542 τῆς
3011 473 3152 528 κατὰ
3202 473 3317 526 τῶν
3363 471 3628 530 Ἰουδαίων
3654 480 3811 552 ὀργῆς,

2268 564 2513 636 ἐμνήσθη
2559 565 2654 620 καὶ
2704 565 2803 635 τῆς
2851 566 2910 618 έν
2943 565 3193 636 ὑστέροις
3262 565 3632 638 ἐλεημοσύνης
3661 571 3815 642 εἰπὼν,

2276 677 2295 708 ε
2307 657 2414 710 Καὶ
2425 657 2492 728 τῇ
2506 656 2844 730 ἐλεημοσύνη
2859 651 2892 732 ᾗ
2905 659 3034 728 έστη
3045 656 3256 728 ρίσατο·
3269 677 3290 708 ι
3309 656 3456 711 οὕτω
3467 659 3561 712 καὶ
3569 660 3656 714 νῦν
3665 663 3818 734 ὀργὴν

2270 749 2460 816 εἰπὼν,
2506 749 2600 804 καὶ
2634 749 2848 820 θυμὸν,
2878 748 2980 818 τὴν
3019 749 3110 803 διὰ
3157 749 3408 821 Χριστοῦ
3459 751 3716 824 σωτηρίαν
3742 757 3816 813 ἐπ.

2269 836 2502 914 ἠνεγκεν
2528 840 2702 894 εἰπών
2721 857 2737 872 ν
2761 840 2872 895 Καὶ
2899 839 3032 909 ἥξει
3055 840 3271 894 ἕνεκεν
3301 840 3460 896 Σιὼν
3488 845 3520 896 ὀ
3539 845 3816 917 ῥυόμενος,

2271 933 2332 1000 έξ
2351 935 2648 1005 ,ἁμαρτιῶν
2679 933 2944 1004 δηλονότι,
2976 931 3210 987 θανάτου
3262 950 3348 999 τε,
3387 933 3483 986 καὶ
3507 934 3720 1007 φθορᾶς,
3745 941 3818 993 καὶ

2270 1025 2543 1097 δαιμόνων
2567 1026 2872 1098 ὠμότητος.
2901 1025 3056 1080 Σιὼν
3079 1027 3137 1080 δὲ
3168 1024 3367 1092 πάλιν,
3394 1025 3457 1078 τὸ
3487 1025 3718 1093 θεοσεϐὲς
3742 1034 3819 1102 τῆς

2285 1119 2615 1190 Ἐκκλησίας
2639 1118 2966 1190 πολίτευμα.
2985 1118 3130 1173 Ἀντί
3155 1117 3218 1171 δὲ
3249 1116 3371 1182 τοῦ,
3396 1116 3552 1190 [Καὶ]
3570 1119 3818 1190 ἀποστρέ·

2273 1214 2376 1281 ⁴ψει
2400 1211 2680 1278 ἀσεϐείας
2716 1211 2837 1266 ἀπὸ
2876 1209 3091 1274 Ἰακὼϐ,
3156 1211 3186 1266 ὁ
3219 1209 3557 1280 Σύμμαχος⁹
3586 1212 3690 1270 Καὶ
3714 1216 3812 1282 τοῖς

2274 1302 2737 1371 ἀπυστρέψασιν
2759 1302 3047 1357 ἀσέϐειαν
3063 1302 3134 1357 ἐν
3159 1299 3400 1359 Ἰακώϐ.
3432 1301 3489 1355 '0
3512 1302 3567 1355 δὲ
3593 1301 3818 1370 Ἀκύλας*

2274 1394 2387 1449 Καὶ
2406 1395 2532 1461 τοῖς
2564 1395 3032 1465 ἀποστρέψῃσιν
3059 1394 3327 1450 ἀθεσίαν
3365 1392 3437 1448 ἐν
3478 1393 3680 1450 Ἰακώϐ.
3711 1399 3820 1454 Tob-

2275 1503 2402 1554 τοις
2423 1485 2533 1557 γὰρ
2559 1485 2710 1555 ἣξει,
2737 1487 2833 1540 καὶ
2858 1485 3085 1549 τούτους
3107 1487 3392 1555 ῥύσεται.
3419 1487 3668 1551 Ἑαυτοὺς
3689 1488 3737 1542 δὲ
3761 1491 3819 1560 pit

2276 1578 2699 1650 ἐπιστρέφοντες
2747 1579 3108 1635 αἰτιάσονται.
3150 1578 3266 1633 Καὶ
3321 1578 3502 1648 αὕτη,
3539 1581 3711 1649 φησιν,
3735 1584 3817 1637 αὐ·

2277 1671 2402 1739 τοῖς
2422 1672 2461 1741 ἠ
2486 1672 2622 1741 παρ’
2644 1671 2792 1742 ἐμοῦ
2814 1671 3092 1742 διαθήκη.
3110 1671 3209 1737 Τίς
3227 1670 3287 1724 δὲ
3303 1669 3478 1741 αὖτης
3498 1688 3515 1738 ;
3541 1671 3608 1725 Τὸ
3625 1673 3818 1742 πνεῦμα

2277 1767 2346 1822 τὸ
2394 1766 2564 1838 ἐμὸν,
2590 1767 2620 1820 ὂ
2661 1767 2810 1820 ἐστιν
2863 1765 2960 1819 ἐπὶ
3019 1765 3124 1831 σοὶ,
3147 1765 3178 1819 ὃ
3227 1765 3413 1828 διδοὺς
3439 1766 3550 1830 τοῖς
3594 1765 3817 1836 μαθηταῖς

2278 1856 2432 1926 έλεγε
2453 1873 2469 1889 ο
2515 1873 2536 1910 ι
2573 1857 2784 1912 Λάϐετε
2827 1852 3052 1928 Πνεῦμα
3098 1855 3286 1925 ἅγιον.
3331 1856 3460 1910 Ἐάν
3495 1873 3633 1921 τινος
3679 1857 3816 1927 ἀφῆτε

2277 1949 2378 2012 τὰς
2438 1947 2746 2020 ἁμαρτίας,
2800 1948 3022 2018 ἀφίεται
3077 1948 3257 2018 αὐτῷ.
3297 1967 3318 2002 ι
3374 1947 3547 2002 Τοῦτο
3593 1948 3814 2018 τοίνυνή

2278 2043 2470 2113 Καινή
2506 2041 2788 2110 Διαθήκη,
2831 2043 2927 2096 xal.
2960 2039 3057 2095 τοῦ
3087 2039 3399 2112 μυστηρίου
3447 2039 3508 2093 τὸ
3551 2039 3813 2108 κεφάλαιον,

2279 2136 2419 2206 ὅπερ
2459 2133 2609 2188 ἐστὶν
2634 2134 2704 2186 ἐν
2744 2132 2846 2186 σοι
2883 2128 2964 2198 τῷ
2999 2129 3302 2201 ἀγχιστεῖ,
3346 2130 3446 2182 καί
3487 2127 3762 2198 ῥυομένων
3779 2139 3810 2194 τ,

2277 2225 2341 2282 ὃν
2380 2226 2447 2278 ὲκ
2487 2224 2589 2294 τῆς
2637 2223 2795 2293 ῥίζης
2839 2220 3078 2292 ἔφασκεν
3133 2220 3365 2284 Ἰεσσαὶ,
3423 2219 3812 2272 ὲπαναπαύεσθαι

2282 2316 2458 2386 λέγων
2487 2315 2574 2369 ἐπ’
2602 2315 2765 2369 αὐτὸν
2796 2313 3024 2384 Πνεῦμα
3047 2311 3141 2367 τοῦ
3173 2312 3340 2366 Θεοῦ.
3371 2306 3448 2366 Ob
3494 2311 3556 2383 δὴ
3592 2311 3807 2380 μετέδωκε

2281 2409 2396 2472 τοῖς
2434 2407 2722 2478 μαθηταῖς,
2754 2405 2828 2468 ὡς
2879 2403 2944 2458 ἂν
2989 2404 3084 2459 καὶ
3135 2404 3296 2457 αὐτοὶ
3352 2403 3623 2475 μεταδοῖεν
3652 2401 3804 2466 ἀξίως.

2289 2499 2369 2555 Τὰ
2394 2499 2451 2552 δὲ
2468 2497 2727 2568 ῥήματα,
2751 2497 2787 2550 ὃ.
2803 2496 3099 2564 λελάληκεν
3115 2497 3142 2549 ὁ
3168 2494 3434 2567 Χριστὸς,
3456 2493 3693 2561 διαθήκη
3706 2511 3809 2563 μου,

2285 2590 2474 2662 φησὶν,
2509 2590 2651 2654 ἐστὶ,
2677 2589 2773 2642 καὶ
2807 2588 2960 2660 μένει
2986 2589 3074 2654 είς
3096 2586 3209 2642 τὸν
3237 2585 3449 2641 αίῶνα.
3481 2586 3587 2640 Καὶ
3611 2588 3638 2639 ὁ
3665 2585 3811 2655 Σωτὴρ

2285 2681 2341 2737 δὲ
2365 2681 2550 2751 ἔλεγεν
2569 2695 2582 2710 ·
2622 2699 2640 2733 ι
2662 2680 2720 2736 '0
2749 2680 3000 2752 οὐρανὸς,
3027 2679 3124 2734 καὶ
3162 2679 3198 2752 ὴ
3235 2680 3311 2749 γῆ
3352 2677 3752 2748 παρελεύσεταιο
3776 2677 3812 2729 oi

2285 2774 2343 2830 δὲ
2365 2774 2514 2843 λόγοι
2531 2790 2630 2845 μου
2657 2773 2717 2826 οὺ
2753 2773 2826 2844 μὴ
2838 2770 3540 2844 παρέλθωσι.›Σαφεστάτη
3559 2769 3713 2822 τοίνυν
3737 2767 3811 2836 τῆς

2285 2865 2611 2937 λυτρώσεως
2634 2863 2931 2930 ἀπόδειξις,
2956 2863 3018 2918 τὸ
3048 2864 3106 2918 ὲν
3140 2861 3360 2935 μεθέξει
3387 2859 3630 2930 γενέσθαι
3661 2857 3813 2912 Πνεῦ-

2283 2974 2472 3029 ματος
2518 2957 2711 3026 ἁγίου,
2733 2956 2798 3009 δι’
2849 2948 2912 3009 οῦ
2940 2955 3035 3008 καὶ
3075 2955 3136 3008 τδ
3171 2955 3276 3025 τῆς
3330 2950 3593 3014 υἱοθεσίας
3634 2949 3812 3021 φέρεται

611 3054 977 3100 testamentum
1010 3061 1183 3100 meum
1240 3053 1394 3109 sunt,
1446 3045 1644 3116 inquit,
1711 3047 1764 3100 in
1810 3046 2183 3116 sempiternum

2289 3052 2573 3123 καύχημα,
2597 3049 2693 3104 καὶ
2738 3049 2798 3103 τὸ
2829 3047 3038 3114 λαϐεῖν,
3083 3047 3218 3118 φασί
3257 3063 3427 3110 τινες,
3461 3046 3518 3098 ὲν
3553 3043 3743 3114 γλώττῃ
3768 3040 3813 3093 τὸ

608 3139 900 3195 duratura.
964 3139 1058 3193 Ait
1120 3139 1268 3195 enim
1326 3139 1475 3194 hunc
1525 3140 1579 3195 in
1639 3140 1859 3194 modmn
1891 3139 2182 3194 Salvator:

616 3250 636 3286 ι
669 3231 880 3289 Caelum
912 3231 1135 3301 quidem
1166 3239 1222 3286 et
1252 3240 1400 3285 terra
1430 3231 1781 3298 transibunt;
1815 3231 1983 3286 verba
2005 3240 2186 3287 autem

613 3339 735 3380 mea
759 3339 1043 3394 nunquam
1072 3323 1403 3380 transierint
1430 3325 1474 3378 ’.
1516 3342 1534 3375 ι
1579 3324 1676 3378 Est
1713 3324 1878 3394 igitur
1911 3325 2192 3394 apertissi-

612 3431 762 3471 mum
822 3415 1212 3484 redemptionis
1269 3424 1694 3485 argumentum,
1753 3413 1960 3483 Spiritu
2019 3415 2192 3469 sancti

615 3510 938 3580 participem
972 3507 1113 3575 ﬁeri,
1175 3508 1477 3579 linguaque
1524 3507 1641 3577 ipsa
1701 3507 1916 3578 (dicunt
1945 3507 2192 3576 quidam)

613 3602 842 3658 verbum
877 3603 1122 3658 veritatis
1155 3603 1429 3673 accipere,
1457 3611 1516 3656 ut
1548 3609 1632 3657 est
1659 3601 1802 3672 apud
1834 3599 2064 3656 Paulum
2110 3601 2195 3657 his

615 3695 833 3750 verbis:
869 3711 890 3746 ι
953 3692 1132 3764 Prope
1167 3701 1221 3747 te
1245 3702 1332 3750 est
1382 3693 1630 3758 verbum,
1669 3693 1727 3748 in
1777 3704 2000 3759 oretuo,
2063 3693 2195 3748 etin

614 3785 789 3843 corde
840 3795 936 3841 tuo
968 3785 1009 3841 ³.
1066 3801 1088 3838 ι
1154 3785 1483 3856 Accepimus
1530 3786 1676 3841 enim
1744 3785 1974 3842 verbum
2046 3785 2195 3853 ﬁdei,

615 3875 767 3947 quod
789 3875 1086 3932 salutarem
1119 3876 1350 3946 justitiae
1369 3875 1773 3932 confessionem
1804 3879 2086 3934 conciliat.
2117 3876 2197 3933 lta

619 3982 858 4039 namque
882 3968 1118 4038 impium
1147 3968 1401 4024 Christus
1430 3969 1714 4038 justiticat,
1756 3970 1849 4041 qui
1897 3986 1957 4026 se
1979 3970 2198 4040 jamdu-

618 4063 773 4130 dum,
799 4061 977 4119 veluti
1029 4062 1285 4118 nebulam
1329 4061 1452 4133 ejus
1503 4063 1824 4133 iniquitates
1876 4064 2200 4120 abstersisse

619 4157 890 4214 clamitat.
949 4156 1106 4222 Quod
1162 4155 1382 4228 quidem
1437 4171 1561 4210 cum
1639 4157 1693 4211 in
1727 4157 1882 4212 nobis
1942 4166 2202 4228 perpetuo

622 4253 789 4306 situm
819 4251 913 4316 sit,
957 4251 1103 4305 idem
1137 4253 1256 4320 ipse
1283 4250 1337 4304 in
1365 4259 1618 4320 posteros
1645 4249 1810 4305 etiam
1840 4259 2081 4318 nostros,
2106 4250 2201 4322 qui

623 4331 812 4398 ﬁdeles
866 4357 1084 4411 semper
1143 4348 1348 4408 tuetur,
1412 4341 1844 4397 transmissurus
1903 4351 2008 4399 est.
2065 4341 2201 4398 Sunt

2290 3145 2443 3218 ῥῆμα
2469 3142 2570 3213 τῆς
2602 3141 2860 3208 πίστεως,
2891 3139 3112 3194 Παύλου
3151 3138 3408 3209 λέγοντος
3427 3154 3442 3170 ο
3474 3154 3492 3188 ι
3528 3133 3705 3204 Ἐγγύς
3741 3149 3810 3186 σου

2287 3237 2350 3290 τὸ
2379 3235 2530 3306 ῥῆμά
2553 3235 2723 3308 ἐστιν.
2763 3230 2851 3286 Ἐν
2897 3229 2976 3302 τῷ
3006 3228 3235 3298 στόματί
3268 3247 3384 3296 σου,
3415 3229 3510 3282 καὶ
3545 3229 3598 3280 ἐν
3629 3228 3686 3296 τῇ
3714 3241 3814 3290 καρ-

2289 3327 2378 3397 δίᾳ
2401 3344 2517 3382 σου.
2555 3345 2575 3379 s
2621 3324 2915 3394 Ἐλάϐομεν
2936 3323 3044 3396 γὰρ
3077 3325 3138 3376 τδ
3179 3323 3335 3394 ῥῆμα
3362 3322 3463 3392 τῆς
3494 3320 3720 3382 πίστεως,
3741 3315 3814 3386 τὴν

2294 3419 2559 3490 σωτήριον
2604 3415 2894 3487 ὁμολογίαν
2947 3415 3301 3485 δικαιοσύνης
3343 3412 3612 3484 πρόξενον.
3650 3408 3814 3462 Δικαιοῖ

2293 3511 2402 3582 γὰρ
2423 3509 2565 3564 οὕτω
2599 3509 2691 3562 τὸν
2717 3508 2893 3577 ἀσεϐῆ
2939 3506 3174 3576 Χριστὸς
3204 3507 3233 3560 ὁ
3282 3504 3453 3559 πάλαι
3497 3502 3653 3575 βοῶν’
3683 3499 3812 3552 «Ἅπ-

2295 3602 2495 3676 ήλειψα
2550 3601 2627 3666 ὼς
2655 3599 2887 3672 νεφέλην
2914 3599 3014 3664 τὰς
3043 3598 3274 3669 ἀνομίας
3308 3615 3425 3652 σου.
3455 3615 3474 3651 ο
3507 3596 3668 3665 Ὅπερ
3701 3591 3748 3645 ὃν
3771 3591 3812 3642 ὲν

2295 3699 2426 3769 ἡμῖν
2453 3695 2559 3762 ἀεὶ,
2583 3695 2681 3748 καὶ
2697 3695 2810 3756 τοῖς
2841 3691 2959 3764 μεθ’
2977 3692 3125 3764 ἡμᾶς
3139 3692 3566 3762 παραπέμπεται
3584 3685 3731 3750 σῶζον
3747 3681 3812 3736 ἀεὶ

2296 3791 2423 3854 τοὺς
2461 3785 2839 3849 πιστεύοντας.
2880 3783 3041 3848 Τινὲς
3090 3783 3145 3836 δὲ
3181 3784 3358 3848 οὕτως
3384 3783 3446 3836 τὸ
3506 3781 3606 3834 πᾶν
3660 3775 3812 3846 ἐξηγή-

2299 3897 2479 3938 σαντο’
2511 3879 2642 3942 Θεὸς
2673 3878 2938 3949 διαθήκην
2972 3874 3198 3946 θέμενος
3233 3875 3376 3948 πρὸς
3411 3871 3664 3942 Ἀϐραὰμ,
3689 3867 3810 3938 ἡνίκα

2298 3976 2396 4039 τὰς
2425 3974 2616 4036 θυσίας
2644 3973 2737 4025 ἐπὶ
2765 3973 2884 4035 ταῖς
2908 3968 3268 4038 ἐπαγγελίαις
3306 3968 3615 4038 πεποίηται·
3643 3963 3722 4016 καὶ
3748 3958 3811 4012 διὰ

2300 4067 2542 4131 Μωσέως
2567 4067 2624 4120 δὲ
2649 4065 2772 4119 καθ’
2791 4065 2976 4136 ὅμοιον
2997 4062 3198 4132 τρόπον
3225 4061 3589 4132 νομοθετήσας
3609 4072 3622 4086 °
3637 4053 3717 4108 καὶ
3743 4049 3812 4104 νῦν

2299 4160 2387 4214 διὰ
2421 4158 2514 4212 τοῦ
2549 4158 2829 4231 προφήτου
2878 4155 3214 4211 διατίθεσθαι
3247 4155 3449 4223 φάσκει
3481 4150 3566 4205 διὰ
3606 4147 3697 4200 τῶν
3738 4143 3810 4195 h-

2302 4251 2578 4322 λουμένων
2613 4250 2752 4322 πρὸς
2783 4248 2875 4304 τὸν
2903 4248 3052 4312 λαὸν,
3077 4248 3114 4302 ἃ
3150 4248 3249 4319 τὴν
3283 4247 3439 4318 ίσχὺν
3467 4243 3573 4310 ἕξει
3609 4241 3660 4294 οὐ
3689 4237 3811 4308 μόνον

2305 4346 2398 4398 ἐπὶ
2419 4341 2527 4396 τῶν
2547 4340 2854 4412 παρόντων,
2877 4338 3012 4393 ἀλλά
3041 4338 3265 4392 καὶτῶν
3291 4336 3574 4408 ἐσομένων,
3595 4332 3638 4385 ει
3653 4327 3809 4382 θέλοιεν

621 4450 753 4491 vero
781 4435 876 4506 qui
905 4409 1078 4490 totum
1106 4433 1188 4489 sic
1214 4434 1513 4505 explicent,
1553 4443 1614 4489 ut
1638 4433 1824 4490 dicant
1851 4433 2020 4496 Deum
2057 4434 2183 4492 sicut

2306 4438 2396 4492 διὰ
2443 4409 2731 4510 μετανοίας
2786 4431 3112 4502 ἀπαλείφειν
3164 4430 3267 4491 τὰς
3317 4426 3520 4484 έαυτῶν
3572 4417 3807 4510 suaeslae

625 4525 756 4582 olim
779 4525 963 4584 itedus
996 4525 1201 4597 pepigit
1226 4541 1350 4581 cum
1379 4525 1715 4592 Abrahamo,
1747 4541 1870 4581 cum
1901 4526 2108 4584 hostias
2144 4529 2201 4582 in

629 4621 1061 4690 promissionum
1093 4620 1324 4692 gratiam
1357 4619 1593 4676 obtulit‘
1626 4635 1642 4688 ;
1675 4629 1736 4675 ut
1786 4619 1959 4691 legem
2006 4621 2205 4681 deinde

2309 4504 2466 4584 Οὕτω
2493 4528 2602 4595 γὰρ
2628 4523 2762 4586 Θεὸς
2788 4522 2886 4588 τὰς
2909 4518 3241 4590 ἐπαγγελίας
3267 4517 3481 4590 πληροῖ,
3520 4504 3810 4586 μετανοοῦσιν

2308 4625 2410 4679 οὐκ
2431 4620 2672 4685 ἀναξίοις
2695 4615 2894 4680 διδούς.
3675 4620 3687 4632 .

630 4679 796 4768 simili
819 4713 1032 4769 ratione
1063 4679 1159 4784 per
1199 4711 1385 4769 Mosen
1433 4679 1678 4778 tradidit,
1714 4712 1790 4768 ita
1833 4679 1998 4770 ctiam
2039 4731 2186 4773 nunc
2222 4733 2319 4788 per
2377 4713 2695 4787 prophetam
2737 4714 3063 4764 testamento
3113 4720 3174 4762 se
3239 4719 3366 4759 cum
3407 4696 3592 4773 popqu
3653 4679 3806 4762 paciSCi

632 4806 818 4863 verbis
864 4806 990 4862 istis
1027 4805 1362 4878 signiﬁcare,
1403 4821 1528 4876 quae
1593 4807 1704 4861 vim
1776 4821 1956 4873 suam,
2003 4826 2183 4868 suumt

2311 4815 2505 4874 robur,
2552 4822 2659 4863 non
2699 4805 2810 4861 ista
2864 4801 3066 4870 solum,
3111 4801 3206 4856 sed
3255 4797 3436 4853 futura
3481 4790 3805 4886 etiam-Iratam.

632 4901 887 4958 habitura
943 4901 1055 4956 sint
1104 4900 1153 4956 si
1213 4901 1386 4957 velint
1442 4909 1666 4971 peccata
1723 4916 1824 4966 sua
1877 4879 2218 4973 paenitudine
2254 4905 2570 4977 abstergere
2597 4941 2615 4959 .
2661 4900 2737 4956 ita
2774 4896 2921 4955 enim
2968 4893 3141 4952 Deum
3229 4907 3354 4966 quae
3407 4888 3478 4946 sit
3549 4879 3806 4955 pollicitus.

632 5005 927 5069 praestare,
947 4994 1343 5066 penitentibus
1375 4995 1658 5061 nimirum,
1689 5003 1744 5051 et
1771 4994 1974 5067 dignis.

1273 5091 1427 5148 CAP.
1456 5090 1570 5147 LX.

691 5183 1054 5257 679-680
1064 5181 1418 5241 Vnam-22.1
1423 5185 2093 5252 liuminarejlluminareﬂ
2097 5199 2218 5241 cru-

2910 5075 3162 5131 ΚΕΦΑΛ.
3209 5069 3284 5126 Ξ’.

2389 5179 2559 5251 α-κβ⁹.
2591 5171 2867 5239 Φωτίζου,
2907 5165 3186 5240 φωτίζουτ
3241 5153 3633 5251 ’Ῐερουσαξῖᾷμ

692 5232 860 5257 νη,
888 5232 1052 5254 νυν
1083 5232 1261 5240 -------
1295 5232 2082 5252 “un—"mm--.m—n-mmvr
2098 5232 2141 5241 ν-
2159 5232 2183 5239 —

640 5281 970 5344 satem,oenit
993 5280 1131 5334 enim
1147 5279 1319 5334 lumen
1339 5289 1562 5346 tuum,et
1581 5279 1755 5350 gloria
1778 5278 2183 5350 Dominisupert

2315 5232 2428 5344 τάξ)
2453 5232 2570 5326 .3...
2592 5265 2661 5321 τὸ
2693 5232 2978 5335 mia
3011 5258 3048 5327 ὴ
3078 5255 3232 5350 δόξα
3261 5253 3470 5350 Κυρίου
3490 5232 3803 5350 extet}:

641 5322 970 5344 _..--...,-......
1147 5322 1319 5334 ......-..
1339 5322 1560 5346 ........,-.
1581 5322 1684 5350 υ.-.
1702 5322 1755 5334 ...
1778 5322 2144 5350 -.........-..,-.
2175 5322 2183 5330 .

641 5388 758 5427 orta
774 5383 876 5427 est.
900 5371 1032 5426 Ecce
1063 5372 1286 5428 tenebrat
1301 5373 1536 5442 operient
1555 5381 1773 5440 terram,
1796 5383 1845 5427 et
1873 5373 2046 5443 caligo
2063 5386 2183 5440 supt

2641 5322 2810 5414 Ἰδοὺ⁷
2823 5322 3047 5417 σκότος
3067 5347 3330 5416 καλύψει
3344 5322 3482 5416 γῆν,
3510 5331 3602 5392 καὶ
3629 5322 3802 5443 mea

749 5488 793 5520 ⁸⁷
827 5486 982 5540 Rom.
1013 5503 1102 5553 xv,
1129 5487 1180 5542 8.
1239 5487 1286 5520 ⁸⁸
1315 5486 1420 5543 lsa.
1453 5502 1507 5550 L,
1543 5485 1567 5541 Ι
1603 5499 1759 5556 seqq.

645 5560 664 5590 ⁸
698 5558 836 5614 Gen.
878 5560 1044 5623 xut,l
1105 5573 1256 5630 seqq.

1862 5483 2095 5560 “-Joan.
2139 5498 2230 5548 xx,
2258 5478 2351 5534 22.

3475 5453 3495 5486 ³
3523 5451 3660 5507 Batti.
3697 5432 3799 5504 ινδο
3904 5446 3907 5447 ⁷

2457 5477 2475 5506 ι
2504 5471 2611 5528 lsa.
2643 5485 2723 5537 ιιι,
2771 5469 2819 5523 l.
2937 5469 2957 5499 ¹
2981 5465 3114 5523 Luc.
3149 5479 3263 5529 ut,
3290 5461 3377 5517 35.

1938 5644 2169 5703 VARIAS
2206 5635 2610 5700 LECTIONES.

728 5758 747 5786 ῖ
776 5748 1040 5818 ῥυομένῳ.
