3998 6390
162 341 294 407 2617
1289 356 1752 421 COMMENTAB

1864 362 1947 423 IN
1980 362 2269 428 ISAIAM.
3279 370 3422 437 2618

159 452 440 555 talem.
491 458 616 513 Ἐπὶ
662 460 732 515 δὲ
774 461 850 517 σὲ
878 440 1214 533 φακήσεται
1252 468 1501 538 Κύριος,
1535 470 1635 524 καὶ
1687 471 1727 540 ἠ

1860 483 2028 529 entes.
2057 474 2226 546 Super
2269 488 2320 532 te
2347 488 2527 535 autem
2563 480 2835 551 apparebit
2867 481 3151 549 Dominus,
3182 493 3231 540 et
3251 487 3422 555 gloria

157 544 303 610 δόξα
329 550 521 606 αὐτοῦ
550 551 651 605 ἐπὶ
688 552 767 607 σὲ
793 552 1137 623 ὀφθήσεται.
1173 559 1285 612 Kal
1325 561 1730 629 πορεύσονται

1860 567 1954 635 rjus
1983 568 2039 621 in
2066 577 2115 622 te
2136 544 2418 628 uidebitur.
2458 570 2528 625 Et
2561 544 2903 628 ambulabunt
2959 592 3104 647 reges
3134 544 3187 631 in
3225 544 3427 634 lumine

151 640 436 710 βασιλεῖς
472 641 552 710 τῷ
583 646 733 714 φωτί
764 663 901 712 σου,
939 649 1036 701 καὶ
1074 648 1218 717 ἔθνη
1250 649 1327 719 τῇ
1357 653 1737 721 λαμπρότητι

1865 677 1968 725 uo,
2012 674 2061 716 et
2112 674 2292 733 gentes
2331 666 2384 718 in
2436 667 2714 733 splendore
2738 679 2847 724 tuo.
2889 669 3023 727 Leva
3081 675 3137 727 in
3196 676 3425 729 circuitu

155 748 294 791 σου.
317 730 513 804 Ἀρον
536 739 745 805 κύκλῳ
770 739 913 805 τοὺς
947 741 1297 811 ὀφθαλμούς
1322 758 1463 806 σου,
1514 744 1612 797 καὶ
1646 744 1737 799 ἴδε

1860 753 2023 807 ιειιιοδ
2056 763 2197 819 tuos,
2238 764 2291 810 et
2344 755 2459 810 uide
2496 775 2672 813 omnes
2708 774 3049 831 congregatos
3094 765 3236 832 ﬁlios
3283 777 3424 825 tuos.

154 828 511 898 συνηγμένα
541 831 614 885 τὰ
666 830 848 886 τέκνα
900 847 1039 887 σου.
1087 832 1234 888 Ἰδοὺ
1274 834 1462 903 ἣκασι
1513 835 1738 905 πάντες

1860 844 1976 899 Ecce
2004 857 2254 902 venerunt
2276 866 2454 905 omnes
2508 852 2608 920 ﬁlii
2637 855 2714 905 tui
2760 828 2824 907 de
2858 828 3029 925 longe,
3080 828 3131 911 et
3169 858 3298 927 ﬁlia:
3323 868 3428 915 tuw

152 922 202 971 οι
246 922 373 976 υιοί
410 939 527 977 σου
576 926 900 993 μακρόθεν,
964 926 1065 980 καὶ
1126 928 1186 982 al
1245 925 1563 999 θυγατέρες
1617 945 1735 984 σου

1860 954 1997 1005 :uper
2024 938 2267 994 humeros
2298 948 2678 1006 portabuntur.
2724 948 2863 1000 Tunc
2890 922 3112 1013 uidebis,
3144 922 3195 1003 et
3226 951 3427 1020 gaude-

151 1012 245 1065 ἐπ*
309 1014 485 1085 ὤμων
552 1016 944 1087 ἀρθήσονται.
1010 1020 1149 1075 Τότε
1212 1020 1357 1090 ὄψῃ,
1397 1022 1497 1076 καὶ
1547 1025 1738 1093 φοϐη-

1860 1029 1941 1093 tis,
1972 1040 2021 1083 et
2054 1031 2281 1096 timebis,
2305 1044 2355 1087 et
2395 1036 2628 1105 stupebis
2684 1038 2861 1105 corde,
2909 1042 3428 1111 quoniam.trans[e-

151 1101 343 1174 θήσῃ,
390 1107 487 1161 καὶ
534 1107 813 1180 ἐκστήσῃ
848 1108 952 1178 ζτῇ
1018 1111 1267 1181 καρδίᾳ,
1316 1113 1408 1168 ὅτι
1481 1118 1737 1185 μεταϐα-

1860 1130 2025 1173 'entur
2057 1120 2110 1173 in
2153 1130 2201 1175 te
2248 1120 2450 1177 divitia:
2484 1101 2681 1190 maris,
2730 1135 2779 1180 et
2811 1101 3070 1198 gentium,
3109 1139 3161 1184 et
3207 1101 3430 1199 populo-

149 1195 254 1249 λεῒ
296 1199 386 1265 εὶς
425 1198 502 1252 σὲ
544 1199 810 1268 πλοῦτος
863 1200 1208 1271 θαλάσσης,
1250 1203 1350 1259 καί
1385 1204 1600 1273 ἐθνῶν,
1639 1206 1740 1261 καὶ
1844 1226 1984 1274 rum,
2022 1222 2127 1267 etc.

154 1288 351 1354 λαῶν,
388 1308 445 1344 κ.
470 1309 521 1346 τ.
551 1291 601 1347 λ.

221 1380 469 1453 Χριστοῦ
548 1383 856 1455 παρουσίαν
904 1384 1404 1458 εὐαγγελισάμενος
1429 1428 1446 1455 ,
1487 1388 1740 1462 πρώτους

155 1472 417 1543 βούλεται
464 1476 790 1547 μεταλαϐεῖν
836 1477 1007 1550 αὐτῆς
1036 1480 1163 1546 τοὺς
1215 1480 1276 1548 ἐξ
1322 1481 1559 1555 Ἰσραὴλ,
1599 1483 1742 1537 κατά

150 1566 214 1621 τό
238 1584 254 1599 ⁸
293 1586 316 1622 ο
339 1569 457 1624 Οὐκ
482 1569 801 1641 ἀπεστάλην
840 1572 890 1625 εί
922 1571 999 1643 μὴ
1028 1574 1110 1637 είς
1134 1572 1203 1627 τά
1230 1574 1482 1646 πρόϐατα
1512 1573 1583 1628 τά
1608 1575 1742 1629 ἀπο-

152 1660 369 1715 λωλότα
396 1661 549 1717 οἴκου
582 1662 822 1735 Ἰσραήλ.
853 1682 873 1715 ι
915 1665 980 1716 Ὃ
1011 1665 1107 1717 καὶ
1132 1667 1246 1730 τοῖς
1281 1664 1550 1737 μαθηταῖς
1598 1683 1741 1736 παρο

1860 1667 2041 1725 lomus
2076 1667 2247 1725 Israel
2278 1670 2324 1725 ⁵.
2369 1688 2389 1722 ι
2428 1668 2587 1736 Quod
2618 1672 2888 1741 apostolis
2938 1674 3102 1729 etiam
3158 1675 3437 1747 significa-

155 1754 426 1826 ήγγελλεν
450 1797 467 1823 ,
523 1756 912 1828 ἀπαγορεύσας
954 1755 1138 1822 αὐτοῖς
1180 1759 1261 1821 είς
1290 1757 1408 1812 ὁδὸν
1459 1757 1629 1811 ἐθνῶν
1664 1757 1739 1828 μὴ

1860 1759 1959 1825 rit,
1992 1775 2116 1814 cum
2153 1776 2222 1817 ne
2274 1761 2331 1815 in
2378 1761 2522 1816 viam
2566 1764 2811 1833 gentium
2877 1763 3112 1830 abirent,
3166 1783 3344 1838 neque
3375 1770 3436 1826 in

158 1849 510 1922 πορεύεσθαι.
571 1850 709 1922 μηδὲ
758 1851 839 1916 είς
902 1850 1059 1905 πόλιν
1126 1851 1503 1922 Σαμαρειτῶν.
1548 1852 1612 1906 Οἳ
1647 1850 1741 1905 καὶ

1860 1852 2097 1908 :ivitates
2122 1852 2618 1921 Samaritanorum,
2668 1856 2931 1927 praecepit
2953 1857 2995 1913 ⁸.
3078 1858 3184 1925 Qui
3244 1868 3298 1915 et
3330 1858 3436 1931 ipsi

160 1941 347 2010 ἐλεγον
369 1961 382 1975 σ
408 1962 428 1995 ι
449 1940 610 2014 Ὑμῖν
634 1938 704 2015 ἦν
728 1942 946 2015 πρῶτον
970 1943 1265 2012 ἀναγκαῖον
1287 1942 1629 2014 κηρυχθῆναι
1650 1942 1741 1996 τὸν

1860 1960 2065 2016 [noque
2120 1943 2326 2002 Judaais
2383 1946 2621 2017 primum
2669 1948 2772 2002 sibi
2838 1950 3154 2007 necessario
3205 1953 3435 2008 verbum

158 2033 375 2102 λόγον.»
403 2033 639 2104 Χριστὸς
665 2034 721 2089 δέ
742 2029 810 2104 ἦν
835 2034 903 2089 τὸ
928 2033 1076 2105 φῶς,
1105 2036 1200 2088 καὶ
1234 2037 1268 2107 ἡ
1298 2034 1549 2105 ἀλήθεια,
1588 2035 1684 2089 καὶ
1706 2035 1741 2106 ἡ

1860 2051 1964 2092 asse
1988 2039 2446 2107 promulgandum
2467 2039 2781 2094 docuerunt
2806 2042 2850 2096 ".
2879 2041 3009 2097 Erat
3032 2059 3158 2100 vero
3180 2045 3438 2101 Christus

164 2127 273 2196 ζωὴ
300 2169 316 2192 ,
376 2127 473 2181 καὶ
522 2127 591 2182 τὸ
638 2126 826 2198 φῶςᾼῐ
852 2127 913 2181 τὸ
957 2128 1191 2197 φωτίζον
1231 2128 1409 2182 πάντα
1455 2127 1742 2200 ἄνθρωπον

1868 2143 1966 2198 pse
1996 2129 2195 2195 lumen,
2253 2138 2308 2185 et
2351 2129 2578 2197 veritas,
2619 2139 2674 2185 et
2711 2130 2862 2186 vita:
2906 2131 3135 2200 Lumen,
3186 2135 3435 2205 inquam,

163 2221 457 2290 ἐρχόμενον
502 2222 581 2285 είς
622 2222 714 2275 τὸν
760 2221 1001 2293 κόσμονο
1048 2219 1110 2288 ἐξ
1168 2214 1231 2276 οῦ
1292 2221 1390 2293 τὴν
1447 2221 1745 2290 Ἰερουσα-

162 2314 307 2379 λὴμ,
342 2311 585 2382 δηλονότι
618 2314 744 2376 τοὺς
787 2312 993 2383 ταύτης
1012 2314 1331 2386 οἰκήτορας,
1371 2312 1745 2383 φωτισθῆναι

166 2404 558 2475 προτρέπεται,
590 2403 762 2474 αὐτῆς
786 2421 845 2457 τε
880 2400 1023 2458 εἷναί
1053 2422 1187 2478 φησι
1217 2405 1650 2479 προηγουμένως
1677 2405 1745 2460 τὸ

163 2495 313 2566 φῶς,
350 2496 442 2550 διά
465 2514 525 2550 τε
568 2496 669 2566 τὴν
702 2496 1040 2567 ἐπαγγελίαν
1085 2498 1195 2552 τῶν
1243 2498 1519 2570 πατέρων,
1561 2497 1659 2552 καὶ
1684 2497 1747 2551 τὸ

163 2589 228 2641 τὰ
256 2586 392 2658 περὶ
421 2586 660 2660 Χριστοῦ
702 2586 878 2662 ταύτῃ
915 2587 1069 2662 παρά
1104 2588 1215 2642 τῶν
1261 2588 1557 2661 προφητῶν
1582 2604 1745 2659 κεκη-

166 2679 386 2750 ρύχθαι.
423 2680 520 2733 Διά
551 2678 712 2733 τοῦτο
742 2682 853 2750 γὰρ
887 2681 987 2751 οὐχ
1019 2680 1209 2744 ἁπλῶς
1240 2682 1356 2750 φῶς
1398 2675 1573 2747 εἶπεν,
1611 2680 1748 2737 ἀλλά

162 2773 231 2825 τὸ
261 2772 404 2841 φῶς-ζ
433 2771 799 2842 ἀναφορικῶς,
825 2766 995 2841 οὗπερ
1035 2774 1084 2826 εί
1112 2773 1362 2845 μετέσχε,
1393 2773 1662 2844 διέμεινεν
1684 2773 1750 2828 ἂν

166 2866 223 2917 ἐν
271 2865 468 2934 εἰρήνῃ
505 2863 667 2933 μέχρι
719 2863 940 2926 παντὸς,
974 2864 1115 2917 κατά
1157 2864 1248 2917 τόδ
1282 2883 1300 2916 t
1342 2865 1406 2917 Εί
1441 2864 1611 2932 ἔγνως
1657 2864 1751 2917 καὶ

167 2958 231 3010 σὺ
262 2956 335 3009 τά
366 2954 501 3026 πρὸς
529 2955 771 3024 εἰρήνην.
803 2974 822 3006 ι
854 2955 1034 3025 Αὐτῆς
1057 2955 1112 3007 δὲ
1148 2955 1224 3025 μὴ
1254 2955 1578 3027 δεξαμένης,
1630 2956 1751 3008 ἐπι-

1910 1392 2073 1464 681
2113 1392 2320 1449 Christi
2359 1394 2595 1450 adventu
2633 1395 2980 1465 denuntiato,
3043 1399 3165 1468 ejus
3193 1401 3428 1471 primum

1845 1485 1961 1541 ﬁeri
2020 1488 2321 1558 participes
2378 1489 2655 1545 lsraelitas
2709 1492 2990 1559 postulat,
3037 1493 3195 1562 juxta
3254 1497 3430 1553 illud:

1849 1596 1869 1630 ι
1900 1577 2019 1634 Non
2053 1594 2173 1634 sum
2237 1580 2468 1645 missus,
2518 1581 2626 1637 nisi
2662 1581 2729 1636 ad
2783 1598 2916 1639 oves
2968 1600 3092 1655 quae
3150 1588 3435 1657 perierunt

1852 2220 2049 2288 equod
2086 2219 2365 2275 illuminat
2427 2236 2643 2276 omnem
2696 2223 2975 2278 hominem
3024 2226 3328 2282 venientem
3383 2230 3437 2283 in

1848 2308 1994 2363 hunc
2019 2312 2284 2366 mundum
2307 2312 2367 2377 ⁸;
2395 2330 2415 2363 ι
2454 2327 2565 2383 quo
2580 2310 2883 2368 Jerusalem
2904 2314 3102 2385 ipsam,
3132 2317 3183 2371 id
3212 2329 3295 2373 est
3320 2318 3441 2388 ejus

1849 2400 2079 2468 incolas,
2118 2402 2420 2457 illuminari
2454 2406 2698 2474 postulat
2743 2406 2836 2476 qui
2859 2407 3237 2477 principaliter
3265 2409 3443 2465 lumen

1848 2501 1962 2561 est;
1995 2494 2111 2549 sive
2130 2493 2197 2549 ad
2220 2502 2439 2565 patrum
2462 2495 2884 2565 promissionem
2915 2498 3212 2567 respicias;
3239 2500 3355 2554 sive
3375 2502 3442 2555 ad

1849 2599 1933 2645 ea,
1966 2600 2088 2655 quae
2119 2602 2218 2657 per
2247 2586 2546 2657 prophetas
2573 2588 2645 2642 ita
2694 2588 2765 2643 de
2790 2589 3016 2645 Christo
3050 2590 3195 2645 dicta
3235 2600 3367 2646 sunt
3391 2600 3446 2646 et

1850 2675 2217 2745 promulgata.
2255 2675 2337 2731 Ob
2387 2677 2440 2731 id
2470 2677 2617 2732 enim
2652 2693 2762 2732 non
2798 2679 3146 2750 simpliciter,
3174 2682 3268 2737 sed
3303 2683 3447 2737 rela-

1855 2768 1962 2822 tive
1990 2767 2171 2823 lumen
2199 2769 2533 2840 appellavit;
2589 2772 2752 2841 cujus
2797 2774 2843 2827 si
2894 2773 3173 2845 particeps
3232 2774 3445 2841 fuisset,

1851 2874 2040 2929 pacem
2082 2860 2364 2916 habuisset
2399 2873 2752 2934 perpetuam,
2778 2862 2939 2932 juxta
2973 2864 3108 2919 illud
3146 2884 3160 2921 :
3202 2884 3221 2917 ι
3256 2868 3315 2921 Si
3348 2883 3447 2922 co-

1862 2949 2154 3018 gnovisscs
2179 2957 2234 3003 et
2264 2959 2322 3004 tu
2380 2967 2501 3020 quas
2531 2952 2682 3022 pacis
2707 2954 2899 3006 sunt’.
2943 2971 2963 3004 ι
3018 2952 3124 3010 Sed
3164 2954 3292 3024 quia
3325 2970 3448 3009 eam

165 3049 358 3119 φέρει⁵
384 3068 403 3099 ι
433 3047 546 3101 Νῦν
571 3046 626 3099 δὲ
648 3044 871 3116 ἥξουσιν
906 3046 1112 3115 ἡμέραι
1138 3045 1231 3100 ἐπὶ
1260 3046 1347 3111 σε,
1380 3065 1397 3097 ι
1429 3046 1524 3099 καὶ
1551 3046 1621 3100 τὰ
1655 3047 1752 3115 ἐφ-

1860 3056 1967 3094 non
2000 3040 2247 3105 admisit,
2303 3041 2520 3097 intulit:
2561 3061 2580 3095 ι
2642 3043 2802 3099 Nunc
2854 3054 3036 3099 autem
3084 3047 3304 3101 venient
3331 3046 3452 3104 dies
3510 3100 3513 3105 .

166 3142 314 3211 εξῆς.
348 3141 543 3196 [Iacth
574 3159 636 3194 τε
677 3141 785 3194 τῶν
812 3139 907 3193 νῦν
939 3137 1251 3209 λεγομένων
1293 3138 1551 3202 ἐξέπεσεν
1580 3140 1752 3205 ἐπαγ-

1860 3131 1911 3185 in
1973 3143 2023 3187 te
2059 3134 2125 3197 ¹⁰,
2165 3152 2185 3184 ι
2251 3143 2304 3188 et
2349 3150 2469 3204 quae
2518 3134 2797 3207 deinceps.
2871 3136 2987 3192 luto
3037 3147 3093 3193 et
3168 3140 3450 3207 omnibus,

164 3234 391 3301 γελιῶν,
421 3236 479 3288 αἳ
518 3234 659 3305 τάχα
693 3232 759 3287 ἂν
807 3233 947 3303 αὐτῇ
977 3231 1227 3300 ἐγένοντο
1268 3230 1363 3283 καὶ
1399 3230 1747 3297 σωματικῶς.

1860 3241 1979 3295 qua:
2003 3224 2335 3280 adhibentur
2363 3226 2469 3281 hoc
2495 3227 2640 3291 loco,
2687 3228 3156 3309 promissionibus
3218 3230 3452 3302 excidit;

169 3328 235 3379 Ἀ
247 3344 329 3396 μα
354 3343 417 3378 τε
443 3324 553 3395 γὰρ
583 3325 690 3381 τοῦ
714 3325 930 3394 φωτὸς,
957 3322 1052 3375 καὶ
1082 3321 1288 3375 τούτων
1329 3321 1642 3393 ἐστέρηντο.
1679 3320 1752 3373 Τὸ

1860 3318 2056 3389 quibus
2110 3318 2346 3374 fortasse
2393 3321 2764 3390 corporaliter
2820 3322 3061 3393 petitura
3108 3322 3308 3379 fuerat.
3358 3324 3455 3379 Est

168 3420 225 3474 δὲ
265 3420 674 3489 Ἰερουσαλὴμ
704 3420 766 3473 οὐ
793 3420 971 3472 κεῖται
1000 3414 1153 3487 παρά
1174 3417 1286 3477 τοῖς
1312 3414 1513 3479 ἀλλοις.
1556 3413 1695 3466 Ἀλλ’
1729 3414 1752 3466 ό

1860 3411 2004 3465 enim
2050 3426 2174 3465 cum
2219 3412 2419 3467 lumine
2467 3422 2522 3467 et
2563 3414 2685 3469 istis
2733 3429 2954 3485 quoque
2986 3416 3219 3485 privata.
3270 3414 3456 3486 Neque

171 3512 272 3584 μὲν
303 3511 921 3577 ἈκῦλαςὶἈνάστηθι,
957 3507 1233 3578 φωτίζου,
1256 3507 1441 3577 φησιν,
1461 3506 1548 3559 ὅτι
1570 3501 1759 3575 ἦλθεν

167 3603 299 3676 φῶς
334 3620 473 3659 σου.
508 3604 618 3657 Καὶ
646 3603 942 3674 Σύμμαχος
972 3600 1192 3671 ὁμοίως,
1226 3600 1323 3653 καὶ
1343 3599 1406 3651 τὸ
1444 3597 1758 3670 Ἐϐραῖκὸν,

168 3698 245 3759 ῶς
270 3691 420 3750 εἶναι
445 3696 539 3748 τὸν
569 3696 727 3764 λόγον
766 3694 904 3764 πρὸς
930 3693 1058 3757 τοὺς
1090 3691 1448 3761 δεδεγμένους
1478 3690 1570 3745 τὸν
1610 3692 1762 3761 είρη-

1859 3519 1991 3557 vero
2021 3501 2324 3559 Jerusalem
2366 3504 2509 3573 apud
2546 3506 2673 3560 illos
2719 3507 2989 3575 reperias,
3017 3523 3142 3561 cum
3186 3507 3453 3579 Exsurge,

1861 3595 2202 3659 illuminare,
2255 3596 2511 3665 quoniam
2562 3598 2700 3651 venit
2771 3598 2950 3654 lumen
3016 3608 3168 3652 tuum
3215 3598 3457 3653 habeant

1862 3688 2091 3758 Aquilus
2129 3697 2185 3744 et
2256 3688 2645 3760 Symmachus,
2696 3690 2929 3762 ipsaque
2994 3692 3131 3746 adeo
3180 3691 3453 3745 Hebraica

175 3788 342 3857 μένον
380 3786 744 3859 λυτρωτὴν,ἢ
782 3785 1070 3857 ἀγχιστέα,
1098 3783 1193 3847 οὓς
1239 3782 1426 3852 ἔλεγεν
1463 3782 1521 3848 ἐξ
1569 3783 1764 3837 ἀνατο-

171 3879 285 3934 λῶν
314 3878 413 3934 καὶ
441 3879 662 3951 δυσμῶν
681 3876 922 3949 τοῦνομα
952 3875 1161 3949 Κυρίου
1188 3872 1624 3945 φοϐηθήσεσθαι.

1864 3781 2030 3836 lectio
2058 3798 2073 3847 ;
2108 3789 2166 3835 ut
2198 3797 2382 3836 sermo
2415 3781 2487 3837 sit
2511 3783 2579 3839 ad
2614 3798 2740 3849 eos,
2765 3786 2855 3853 qui
2883 3783 3089 3838 dictum
3127 3783 3458 3852 Redempto-

1866 3888 2006 3938 rem,
2036 3873 2119 3927 vel
2170 3873 2415 3928 vicinum
2451 3875 2798 3943 exceperint;
2850 3891 2989 3944 quos
3029 3877 3285 3945 superius
3320 3874 3360 3904 “
3391 3875 3461 3929 ab

1867 3962 1989 4033 ipso
2017 3963 2151 4018 solis
2181 3972 2307 4017 ortu
2338 3973 2394 4019 et
2449 3979 2655 4021 occasu
2681 3981 2883 4023 nomen
2930 3964 3149 4021 Domini
3182 3966 3321 4020 dixit
3338 3979 3463 4021 esse

1868 4056 2286 4113 formidaturos.

1905 4148 2189 4220 Gszlloc
2205 4150 2369 4222 igitur
2384 4160 2635 4205 sanctum
2650 4157 2734 4205 est
2746 4157 2802 4206 et
2825 4149 2972 4221 pium
2992 4150 3114 4204 vita:
3127 4149 3461 4213 institutum,

181 4241 344 4307 Θεοῦ,
370 4243 466 4294 καὶ
504 4238 926 4309 Ἰερουσαλήμ.
960 4235 1099 4306 Παρ’
1122 4237 1258 4308 αὐτῇ
1286 4234 1393 4307 γὰρ
1423 4232 1619 4309 πρώτῃ
1646 4252 1752 4289 συνι

1872 4242 2018 4313 quod
2041 4241 2315 4296 civitatem
2348 4240 2468 4308 Dei,
2492 4250 2547 4296 et
2570 4239 2886 4295 Jerusalem
2907 4240 3241 4311 appellavit;
3273 4240 3330 4294 in
3353 4255 3463 4311 qua

186 4336 376 4389 ίστατο
400 4331 699 4407 προφητῶν
724 4348 785 4383 τε
833 4328 933 4382 καὶ
958 4327 1231 4382 θεοσεϐῶν
1254 4326 1559 4399 ἀνθρώπων
1586 4324 1747 4397 χορός

1871 4334 2110 4405 primum
2153 4333 2321 4403 etrapit
2384 4333 2779 4403 prephetarum
2842 4334 3168 4403 plerumque
3218 4332 3462 4387 virorum

184 4429 248 4482 Οἳ
280 4428 347 4499 δὴ
377 4428 478 4498 τὴν
509 4423 817 4496 παρουσίαν
840 4422 929 4476 ἀεὶ
962 4420 1374 4492 προσδοκῶντες
1394 4418 1653 4490 Χριστοῦ,
1681 4418 1752 4471 τὸπ

1874 4427 2079 4481 chorus
2146 4424 2402 4491 institui;
2471 4425 2565 4495 qui
2626 4423 2833 4479 Christi
2890 4424 3185 4479 adventum
3249 4438 3466 4493 semper

186 4521 305 4592 βίον
326 4519 705 4591 κατέστρεφον
729 4515 1086 4586 διακείμενοι,
1114 4512 1190 4575 ὡς
1221 4513 1315 4567 καὶ⁹
1349 4511 1512 4583 μέχρι
1540 4510 1752 4609 θανάτοι

1874 4526 2281 4590 exspectantes,
2308 4534 2427 4573 eam
2456 4517 2621 4573 etiam
2640 4517 2927 4572 moriendo
2959 4516 3081 4571 ﬁdei
3096 4516 3463 4572 constantiam

185 4612 570 4681 καταϐήσεται
604 4609 694 4663 διὰ
715 4609 819 4681 τὴν
844 4606 1024 4662 αὐτῶν
1054 4605 1386 4677 ἐλευθερίαν.
1414 4605 1576 4660 Ὅθεν
1604 4604 1678 4668 ὡς
1706 4602 1752 4657 ἐι

1877 4613 2246 4675 retinuerunt,
2271 4618 2331 4664 ut
2357 4625 2471 4666 sure
2491 4609 2763 4665 libertatis
2782 4610 3089 4665 asserenda!
3112 4609 3286 4679 gratia
3322 4622 3469 4662 mor-

188 4707 400 4771 σκότῳ
430 4701 763 4773 καθημένοις
815 4697 924 4752 τοῦ
983 4696 1179 4767 φωτὸς
1224 4693 1460 4768 Χριστοῦ
1503 4694 1603 4766 τὴν
1634 4711 1752 4765 παρ

1876 4714 1984 4759 tem
2010 4705 2323 4759 subiturum
2364 4719 2487 4760 esse
2544 4718 2657 4757 non
2688 4704 3056 4774 ambigerem.
3109 4704 3289 4771 Atque
3342 4700 3471 4755 inde

189 4798 383 4851 ουσίαν
406 4793 843 4863 εὐαγγελίζεται,
869 4790 945 4854 ὼς
975 4790 1113 4861 πρὸς
1138 4792 1205 4861 τῇ
1246 4788 1440 4860 πρώτῃ
1478 4785 1752 4859 παρουσίᾳ

1874 4804 1979 4863 est,
2034 4796 2181 4865 quod
2249 4796 2426 4865 ipsis,
2489 4805 2753 4865 tanquam
2811 4794 2867 4849 in
2939 4792 3166 4849 tenebris
3220 4792 3467 4855 sedeant,

190 4892 287 4945 καὶ
312 4891 383 4960 τῇ
420 4887 651 4959 δευτέρᾳ
676 4886 768 4939 τὸν
798 4884 959 4953 λόγον
994 4882 1311 4954 ἁρμόττειν,
1338 4882 1470 4954 περὶ
1489 4876 1557 4953 ἦς
1592 4881 1752 4951 ἐλεγε

1875 4889 2090 4946 luminis
2117 4888 2325 4944 Christi
2357 4887 2650 4943 adventum
2675 4887 3004 4943 denuntiat:
3040 4895 3099 4941 ut
3138 4886 3316 4953 primo
3359 4898 3470 4938 non

192 4984 223 5036 ό
266 4981 496 5051 Σωτήρ·
544 4997 564 5030 ι
605 4977 717 5032 Καὶ
752 4975 976 5047 ὄψονται
1029 4973 1120 5030 τὸν
1169 4975 1295 5028 Υίὸν
1350 4972 1444 5027 τοῦ
1483 4971 1752 5044 ἀνθρώπω

1881 4978 2058 5035 solum
2089 4978 2369 5043 adventui,
2400 4977 2496 5033 sed
2528 4978 2686 5033 alteri
2730 4976 2894 5033 etiam
2928 4975 3224 5031 conveniat
3264 4971 3473 5034 oratio,

196 5075 501 5147 ἐρχόμενον
533 5070 629 5125 ἐπὶ
677 5069 787 5125 τῶν
826 5066 1067 5138 νεφελῶν
1108 5065 1203 5120 τοῦ
1235 5065 1489 5138 οὐρανοῦ,
1522 5084 1543 5119 ι
1575 5064 1670 5119 καὶ
1712 5081 1752 5117 τι

1883 5070 1953 5125 de
1983 5086 2093 5141 quo
2127 5079 2258 5125 sunt
2301 5069 2408 5125 ista
2445 5069 2786 5125 Salvatoris:
2822 5087 2841 5121 ι
2874 5070 2942 5123 Et
2980 5067 3241 5122 videbunt
3271 5063 3469 5119 Filium

198 5168 329 5239 ἐξῆς
352 5185 366 5198 ·
393 5167 453 5219 ἐν
478 5161 564 5229 οἷς
600 5162 729 5228 τοὺς
788 5159 1060 5231 ἀγγέλους
1106 5157 1353 5225 συνάξειν
1384 5156 1531 5227 λέγει
1580 5174 1752 5211 παντα

1886 5162 2127 5219 hominis
2160 5160 2472 5218 venientem
2503 5163 2557 5217 in
2588 5161 2833 5217 nubibus
2860 5160 2985 5216 τίειί
3015 5161 3083 5223 ¹¹ς
3114 5176 3132 5209 ι
3168 5165 3473 5225 ceteraque

200 5260 363 5332 χόθεν
392 5257 522 5321 τοὺς
542 5254 854 5319 ἐκλεκτούς.
898 5253 1011 5307 Καὶ
1036 5250 1200 5306 πάλιν
1219 5266 1235 5283 ·
1267 5250 1472 5305 «Ὅταν
1501 5248 1559 5302 δὲ
1590 5247 1719 5320 ἔλθῃ

1886 5253 2144 5324 deinceps
2168 5271 2183 5308 :
2208 5253 2262 5309 in
2289 5253 2491 5324 quibus
2513 5253 2716 5309 electos
2740 5252 2810 5308 ab
2832 5250 3041 5324 angelis
3070 5247 3317 5318 undique
3378 5260 3476 5302 co-

201 5352 336 5415 Υἰὸς
377 5347 473 5403 τοῦ
501 5346 792 5419 ἀνθρώπου
820 5345 880 5399 ἐν
924 5348 991 5416 τῇ
1034 5343 1164 5417 δόξῃ
1212 5340 1440 5435 αὑτοῦ.ι
1489 5336 1626 5435 Εἶτα
1657 5357 1752 5413 περ

1888 5353 2073 5401 actum
2102 5345 2168 5400 iri
2200 5344 2497 5417 signiﬁcat.
2533 5344 2602 5400 Et
2620 5360 2838 5401 rursum
2866 5362 2881 5400 :
2912 5361 2931 5395 ι
2979 5342 3116 5397 Cum
3149 5348 3333 5395 autem
3377 5352 3476 5394 ve-

202 5442 534 5514 διακρίσεως
564 5439 806 5494 εὐσεϐῶν
829 5456 890 5492 τε
930 5438 1101 5508 λέγει,
1147 5435 1244 5489 καὶ
1268 5433 1482 5489 ἀσεϐῶν
1501 5475 1516 5501 ,
1545 5433 1622 5499 ῶς
1655 5451 1752 5506 πρε

1897 5438 2043 5494 nerit
2078 5435 2254 5494 Filius
2286 5438 2524 5496 hominis
2581 5438 2635 5494 in
2668 5436 2840 5509 gloria
2886 5450 2983 5491 sua
3004 5435 3102 5488 ¹⁸.›
3158 5432 3234 5489 De
3262 5431 3477 5504 piorum

207 5538 390 5593 ϐάτων
422 5536 520 5590 καὶ
571 5535 799 5607 ἐρίφων,
844 5534 955 5589 τῶν
1007 5534 1104 5587 μὲν
1136 5530 1580 5604 παραδιδομένων
1638 5533 1752 5591 πυο

1907 5528 2110 5587 deinde
2145 5529 2212 5585 ab
2232 5529 2438 5600 impiis,
2470 5538 2728 5599 tanquam
2768 5526 2951 5583 ovium
2983 5524 3052 5580 ab
3078 5524 3272 5589 haedis,
3320 5536 3478 5591 sepa-

254 4150 330 4205 Τδ
362 4143 458 4204 οῦν
486 4146 739 4213 θεοσεϐὲς
773 4145 933 4201 τοῦτο
963 4143 1290 4211 πολίτευμα,
1325 4141 1479 4206 πόλις
1519 4140 1768 4197 καλεῖται

282 5742 302 5771 ¹¹
348 5738 536 5793 Matth.
572 5736 767 5799 ψει.
848 5737 1081 5791 “Matth.
1120 5753 1173 5801 κ,
1222 5735 1284 5788 ἐς.
1363 5734 1383 5766 ⁷
1414 5735 1532 5788 Act.
1585 5729 1752 5798 xn,At

1886 5728 2039 5787 Joan.
2070 5748 2110 5800 ι,
2142 5732 2197 5790 9.
2299 5736 2321 5767 ³
2355 5730 2491 5788 Luc.
2527 5746 2642 5796 χιι,
2668 5727 2759 5785 42.
2862 5726 2906 5759 ¹⁰
2933 5723 3067 5781 ibid.
3091 5722 3183 5790 45,
3294 5719 3334 5751 ¹¹
3374 5718 3479 5773 lsa.

216 5828 327 5873 ux,
370 5813 388 5864 Ι
426 5822 584 5880 sequ.
665 5811 707 5840 "
741 5808 878 5864 Luc.
914 5825 1028 5872 χλι,
1056 5808 1145 5861 9.7.
1226 5807 1268 5838 ³³
1298 5804 1489 5860 Matth.
1527 5818 1653 5869 xxv,
1694 5802 1784 5856 5i.
