3998 6390
655 365 797 434 2619

1978 377 2329 441 PROCOPII
2371 378 2618 441 GAZEI

3720 390 3827 460 2620

654 481 866 536 ratione
900 478 1185 548 adjiciens,
1216 481 1353 539 istos
1389 482 1610 554 quidem
1642 485 1698 540 in
1747 485 1927 559 ignem
1982 492 2207 547 abituro

2305 492 2443 554 ,τῶν
2478 491 2539 546 δὲ
2565 490 3024 564 ἀνακαλουμένων
3068 493 3152 560 είς
3185 492 3277 550 τὸν
3299 494 3421 550 νέον
3460 497 3639 569 αἰῶνα,
3666 505 3830 564 καθ’δν

651 589 815 641 esse;
854 574 978 629 i!|os
1008 583 1190 631 autem
1212 578 1270 632 in
1299 592 1499 631 novum
1517 580 1779 635 saeculum
1811 593 2128 639 revocatum
2162 586 2229 639 iri

650 666 947 735 significat,
982 666 1035 721 in
1065 681 1175 736 quo
1208 668 1357 723 nulla
1392 668 1575 724 futura
1606 671 1717 727 sint
1749 687 2013 742 corporea
2067 675 2229 731 lumi-

650 764 805 817 naria
835 778 850 815 :
889 762 1111 817 Christo
1141 763 1281 833 ipso,
1302 765 1396 834 qui
1431 764 1526 819 Sol
1554 776 1640 822 est
1688 766 1920 836 justitia:
1946 769 2009 834 ἰ,
2060 770 2230 825 lucem

646 852 867 910 abunde
895 862 1192 923 prazstante
1218 865 1269 910 et
1289 867 1643 926 suggerente:
1675 874 1785 929 quo
1805 869 2046 931 tempore
2063 862 2230 916 nimi-

644 961 767 1001 rum
790 987 806 1011 ,
835 946 994 1015 juxta
1019 947 1385 1003 sacratissimi
1444 949 1600 1006 Pauli
1645 953 2007 1008 sententiam:
2044 972 2063 1005 ι
2122 953 2227 1021 Qui

645 1038 849 1091 mortui
877 1046 1007 1093 sunt
1040 1039 1094 1093 in
1130 1038 1373 1104 Christo,
1410 1041 1572 1107 primi
1604 1054 1927 1115 resurgent:
1985 1045 2079 1115 qui
2125 1061 2226 1100 au-

642 1135 750 1183 tem
788 1129 989 1195 relicti,
1014 1132 1071 1186 in
1104 1131 1344 1188 nubibus
1375 1148 1500 1187 cum
1521 1133 1743 1191 Christo
1775 1146 2072 1191 occurrent
2094 1138 2161 1191 η.
2200 1158 2220 1191 ι

643 1218 810 1273 Tales
843 1220 1010 1291 igitur
1062 1233 1173 1276 tum
1235 1225 1571 1295 compellans
1620 1227 1941 1283 inclamabit
2002 1231 2220 1285 oratio:

641 1302 982 1373 Illuminare,
1010 1308 1329 1378 Jerusalem,
1366 1312 1469 1379 vel,
1506 1322 1566 1367 ut
1595 1317 1809 1372 caeteris
1858 1318 2033 1388 placet
2069 1336 2082 1372 :
2124 1317 2224 1373 Ea:-

639 1413 815 1467 surge,
849 1398 1171 1455 illuminare.
1202 1400 1266 1455 Et
1292 1403 1491 1469 vide,si
1520 1421 1628 1460 non
1658 1417 1844 1476 aperte
1878 1413 1999 1479 ipso
2032 1425 2222 1465 exsur-

638 1489 796 1557 gendi
828 1490 1019 1557 verbo,
1046 1501 1389 1549 mortuorum
1426 1499 1887 1555 resurrectionem
1935 1500 2220 1568 indicarit,

637 1595 802 1648 quam
833 1581 1002 1637 radiis
1021 1584 1139 1639 suis
1185 1584 1280 1637 tua:
1324 1587 1446 1656 ipsa
1500 1595 1751 1643 mortuos
1785 1605 2041 1649 recreans
2078 1609 2221 1664 pra:-

637 1670 820 1725 bitura
878 1682 994 1741 est;
1066 1676 1160 1744 qui
1211 1686 1496 1747 postquam
1552 1681 1776 1736 excitati
1832 1683 2061 1747 fuerint,
2102 1686 2221 1755 ejus

634 1760 864 1828 gloriam
891 1763 1141 1819 intuituri
1195 1766 1328 1820 sint.
1382 1767 1502 1833 Quo
1537 1768 1741 1825 factum
1773 1781 1878 1840 est,
1932 1784 1990 1828 ut
2035 1778 2217 1831 statim

2332 584 2433 638 οὐκ
2461 583 2677 638 ἔσονται
2702 583 3020 654 φωστῆρες
3050 586 3373 655 σωματικοὶ,
3402 587 3626 659 Χριστοῦ
3652 594 3731 647 τοῦ
3758 600 3830 667 τῆς

2331 674 2677 745 δικαιοσύνης
2696 675 2874 730 Ἠλίου
2899 676 3035 746 πρὸς
3053 676 3357 747 φωτισμὸν
3372 679 3728 750 ὲπαρκοῦντος·
3748 688 3828 755 ὅτε,

2331 766 2478 820 κατὰ
2506 767 2597 820 τὸν
2626 768 2917 837 ἱερώτατον
2951 768 3185 834 Παῦλον,
3215 787 3233 820 ι
3261 769 3327 820 Οἱ
3367 771 3544 840 νεκροὶ
3569 773 3622 825 ὲν
3658 776 3830 849 Χριστῷ

2330 858 2729 930 ἀναστήσονται
2752 859 2979 932 πρῶτοι,
3007 860 3058 913 οί
3095 859 3153 914 δὲ
3182 860 3608 931 περιλειπόμενοι
3642 867 3692 918 ὲν
3713 872 3830 939 νεφέ.

2329 950 2452 1014 λαις
2500 951 2848 1016 ἀπαντῶντες
2895 951 3111 1006 ἔσονται
3160 953 3258 1005 σὺν
3300 953 3534 1024 Χριστῷ.
3569 974 3587 1007 ι
3617 956 3723 1020 Τοῖς
3762 959 3830 1015 οὖν

2328 1041 2589 1106 τοιούτοις
2626 1044 2748 1096 τότε
2796 1044 3136 1114 προσφωνῶν
3166 1046 3194 1098 ὁ
3218 1044 3375 1113 λόγος
3425 1045 3565 1115 ἐρεῖο
3598 1048 3823 1118 Φωτίζου,

2339 1132 2761 1204 Ἰερουσαλήμο
2809 1135 2843 1206 ἢ
2898 1135 3038 1189 κατά
3078 1136 3203 1199 τοὺς
3249 1134 3441 1198 ἄλλους
3462 1152 3477 1167 ’
3547 1135 3827 1210 Ἀνάστηθι,

2327 1227 2673 1296 φωτίσθητι.
2701 1228 2809 1280 Καὶ
2836 1229 2937 1298 ὅρα
2964 1230 3011 1280 εἰ
3040 1228 3115 1298 μὴ
3142 1228 3325 1296 σαφῶς
3349 1228 3437 1281 διὰ
3459 1227 3549 1280 τοῦ
3570 1229 3826 1302 ἀνάστηθι,

2325 1317 2424 1389 τὴν
2446 1320 2511 1372 ὲκ
2538 1319 2749 1390 νεκρῶν
2779 1319 3076 1373 ἀνάστασιν
3099 1318 3321 1384 ἔδειξεν,
3342 1319 3409 1391 ἢν
3438 1323 3638 1392 ποιήσει
3663 1322 3717 1377 τὸ
3738 1326 3830 1394 φῶς

2325 1410 2542 1465 ἀκτῖσιν
2597 1411 2754 1475 ἰδίαις
2810 1411 3204 1484 ἀναζωπυροῦν
3228 1414 3358 1476 τοὺς
3400 1415 3632 1484 νεκροὺς,
3674 1416 3717 1468 οἳ
3761 1420 3829 1471 καὶ

2324 1498 2655 1565 ἀναστάντες
2701 1501 2925 1569 ὄψονται
2954 1501 3071 1570 τὴν
3101 1502 3289 1567 δόξαν
3316 1503 3499 1557 αὐτοῦ.
3541 1504 3623 1558 Διὸ
3654 1504 3734 1558 νῦν
3757 1508 3829 1560 En-

2324 1590 2469 1660 ἀγει·
2504 1592 2615 1646 Καὶ
2642 1591 2679 1660 ἡ
2714 1591 2864 1657 δόξα
2908 1593 3129 1662 Κυρίου
3165 1592 3266 1646 ἐπὶ
3323 1592 3400 1645 σὲ
3445 1593 3827 1650 ἀνατέταλκεν·

2320 1681 2521 1753 δηλαδὴ
2554 1683 2652 1754 τὴν
2675 1682 2803 1738 νέαν
2835 1682 2931 1737 τοῦ
2956 1684 3091 1737 Θεοῦ
3130 1685 3307 1752 πόλιν,
3348 1684 3416 1755 ἥν
3454 1684 3663 1756 φωτίζει
3697 1689 3827 1760 μόνην

2321 1775 2574 1846 Χριστός.
2636 1777 2761 1839 Τοῖς
2812 1776 2921 1849 γὰρ
2968 1777 3188 1831 ἀσεϐέσι
3240 1780 3459 1844 σκότος
3508 1780 3826 1846 ἀπόκειται,ὂ

634 1851 863 1919 gloriam
893 1853 1108 1909 Domini
1139 1857 1193 1908 in
1220 1874 1335 1911 eam
1369 1862 1677 1927 apparuisse
1702 1862 1988 1932 adjiceret,
2015 1881 2207 1922 novam

2319 1866 2494 1937 δηλῶν
2520 1884 2684 1936 φησιν
2708 1883 2723 1899 ο
2767 1867 2924 1922 Ἰδοὺ
2940 1869 3161 1935 σκότος
3196 1870 3454 1938 καλύψει
3484 1869 3591 1938 τὴν
3609 1870 3725 1940 γῆν,
3751 1873 3824 1927 καὶ

636 1940 732 1998 Dei
765 1945 1060 2009 civitatem,
1102 1964 1224 2017 quae
1260 1950 1377 2004 sola
1409 1966 1504 2020 per
1540 1951 1818 2008 Christum
1852 1954 2213 2026 illuminatur,

636 2026 965 2102 intelligens.
990 2034 1178 2105 Impiis
1202 2038 1348 2092 enim
1387 2041 1757 2097 reconduntur
1779 2045 2006 2101 tenebrte
2024 2062 2045 2101 :
2068 2049 2215 2118 quod

635 2132 696 2176 ut
734 2124 1086 2194 significaret,
1126 2127 1197 2183 iis
1229 2128 1363 2198 ipsis
1394 2140 1589 2185 terram
1620 2134 1838 2203 quidem
1871 2147 2105 2205 opertam
2129 2141 2212 2208 [o-

634 2229 710 2276 re,
740 2222 791 2266 et
820 2224 996 2284 gentes
1055 2217 1284 2286 caligine
1322 2221 1459 2274 dixit
1490 2239 1506 2276 :
1546 2224 1642 2278 sed
1687 2224 1744 2279 in
1770 2224 2093 2296 Jerusalem,
2125 2245 2213 2287 se-

631 2306 870 2362 cundum
918 2308 1077 2374 alios,
1135 2314 1467 2367 exoriturum
1524 2331 1637 2370 esse
1690 2317 1994 2377 Dominum.
2049 2324 2213 2380 Decet

627 2396 774 2450 enim
805 2396 1021 2453 luminis
1053 2409 1177 2455 ortu
1212 2417 1307 2458 eos
1336 2406 1575 2473 primum
1608 2407 1892 2477 illustrari,
1924 2412 2018 2482 qui
2074 2412 2211 2468 Uni-

627 2485 869 2556 genitum
904 2486 995 2543 Dei
1022 2488 1204 2547 Patris
1262 2493 1492 2563 gloriam
1522 2509 1926 2568 nuncupatum,
1960 2511 2209 2558 contem-

629 2577 826 2645 platuri
851 2579 1015 2651 683
1043 2572 1174 2638 sunt
1196 2602 1211 2639 :
1237 2598 1363 2640 cum
1412 2586 1469 2641 in
1500 2588 1642 2657 ipso,
1674 2602 1729 2645 et
1758 2608 1857 2661 per
1888 2594 2089 2664 ipsum,
2156 2605 2212 2652 et

626 2682 754 2723 cum
790 2670 909 2741 ipso
950 2676 1307 2745 glorificetur.
1345 2679 1483 2735 Cum
1514 2682 1659 2737 enim
1691 2682 1889 2741 Filium
1936 2687 2208 2755 videmus,

2319 1957 2543 2029 γνόφος
2584 1959 2678 2012 ἐπ’
2719 1960 2887 2029 ἔθνη.
2946 1960 3078 2015 Ἐπὶ
3108 1959 3177 2014 δὲ
3203 1960 3281 2015 σὲ
3328 1961 3600 2016 ἀνατελεῒ
3640 1964 3824 2031 Κύριος,

2318 2051 2460 2105 κατά
2485 2051 2611 2113 τοῦς
2633 2048 2871 2114 λοιπούς.
2904 2052 2995 2104 Δεῖ
3026 2051 3138 2123 γὰρ
3161 2050 3382 2123 πρῶτον
3407 2052 3592 2121 φωτός
3613 2054 3823 2124 ἀνατολῆς

2317 2143 2431 2204 τοῖς
2460 2142 2714 2211 μέλλουσι
2749 2141 2975 2213 θεωροῖς
2998 2143 3253 2211 γενέσθαι
3281 2143 3385 2213 τῆς
3430 2143 3520 2196 τοῦ
3548 2145 3821 2213 Μονογενοῦς

2315 2234 2412 2287 τοῦ
2441 2233 2574 2287 Θεοῦ
2606 2232 2813 2302 δόξης,
2850 2234 2910 2298 ὃς
2939 2234 3067 2299 δόξα
3114 2234 3335 2303 λέγεται
3362 2234 3454 2289 τοῦ
3496 2236 3726 2307 Πατέρος.
3756 2238 3820 2291 Ἐν

2314 2322 2462 2394 αὑτῷ
2499 2326 2630 2395 γὰρ,
2679 2325 2775 2378 καὶ
2800 2325 2869 2379 δι’
2897 2326 3084 2392 αὑτοῦ,
3134 2326 3229 2381 καὶ
3258 2327 3357 2381 σὺν
3404 2327 3551 2400 αὐτῷ
3577 2327 3816 2393 δοξάζεται.

2324 2415 2591 2486 Ὀρῶντες
2639 2418 2747 2489 γὰρ
2778 2417 2871 2473 τὸν
2910 2419 3058 2486 Υίὸν,
3090 2418 3310 2491 ὁρῶμεν
3337 2420 3435 2489 τὴν
3468 2420 3809 2493 μεγαλειότητα,

2312 2511 2413 2564 καὶ
2442 2507 2632 2573 δόξαν
2667 2509 2763 2563 τοῦ
2808 2510 3071 2581 Πατέρος,
3122 2513 3181 2575 ὃς
3212 2513 3281 2581 γέ
3319 2528 3485 2583 φησι·
3522 2532 3541 2566 ι
3563 2514 3813 2585 [Ieremi-

2315 2598 2478 2664 ξασόν
2525 2617 2618 2654 σου
2663 2601 2754 2655 τὸν
2788 2602 2937 2671 Υίὸν,
2976 2602 3067 2656 ἴνα
3122 2606 3216 2658 καὶ
3261 2606 3292 2659 ὁ
3343 2604 3466 2668 Υἱός
3520 2621 3608 2657 σου
3646 2603 3812 2675 ,δοξάσῃ

2314 2708 2393 2745 σε.
2415 2711 2435 2745 ο

625 2758 805 2820 Patris
833 2765 1175 2836 majestatem
1201 2779 1253 2825 et
1285 2771 1514 2842 gloriam
1546 2774 1850 2847 intuemur,
1898 2780 1992 2851 qui
2032 2780 2200 2835 dixit:
2247 2800 2267 2834 ι
2312 2782 2488 2850 Pater,
2522 2784 2765 2855 gloriﬁca
2807 2785 3003 2842 Filium
3030 2795 3207 2853 tuum,
3236 2797 3299 2843 ut
3327 2797 3382 2844 et
3411 2786 3577 2845 Filius
3610 2794 3717 2842 tuus
3732 2787 3818 2859 glo-

624 2859 800 2917 rificet
834 2872 885 2918 le
913 2864 976 2919 “.
1016 2883 1037 2917 ›

698 2955 900 3011 Verum
921 2959 1065 3029 quod
1097 2960 1263 3017 habet
1297 2961 1512 3022 Isaias:
1547 2964 1684 3023 Ecce
1710 2968 1937 3025 tenebra:
1962 2973 2197 3042 operient

623 3057 842 3117 terram,
868 3062 918 3105 et
946 3052 1118 3123 caligo
1156 3071 1311 3123 super
1350 3068 1549 3127 gentes,
1601 3071 1649 3114 et
1692 3061 1868 3131 gloria
1901 3062 2117 3119 Domini
2146 3066 2201 3119 in

2374 2971 2449 3025 Τδ
2475 2971 2554 3026 δέ·
2600 2971 2758 3027 Ἰδοὺ
2790 2974 3012 3040 σκότος
3032 2974 3129 3028 καὶ
3162 2976 3389 3045 γνόφος
3421 2977 3661 3047 καλύψει
3686 2975 3778 3045 γῆν
3801 2987 3816 3014 ι

2302 3060 2397 3114 ἐπ’
2423 3062 2568 3130 ἔθνη
2589 3077 2602 3092 ·
2630 3061 2731 3115 ἐπὶ
2767 3062 2835 3115 δὲ
2881 3064 2958 3116 σὲ
2988 3064 3329 3133 φανήσεται
3362 3067 3569 3134 Κύριος
3588 3083 3603 3098 ⁸
3640 3066 3717 3119 ἐπὶ
3745 3066 3816 3134 τῆς

622 3150 673 3195 te
735 3143 1043 3210 videbitur;
1109 3145 1177 3201 ad
1233 3149 1474 3217 primum
1536 3151 1835 3208 adventum
1899 3158 2202 3213 referentes

2306 3152 2529 3224 πρώτης
2558 3154 2882 3217 ἐκλαϐόντες
2916 3157 3220 3226 παρουσίας
3242 3157 3407 3223 τινὲς,
3433 3158 3528 3228 ούχ
3551 3158 3620 3221 ώς
3645 3157 3815 3228 μελλόν-

620 3234 897 3300 nonnulli,
927 3249 1036 3290 non
1070 3245 1330 3307 tanquam
1362 3240 1584 3297 Christo
1617 3245 1778 3299 terris
1805 3244 2085 3309 illucente,
2127 3256 2199 3301 te-

618 3324 797 3379 nebrae
819 3335 999 3395 gentes
1024 3339 1289 3396 opertum:
1330 3332 1462 3398 sint,
1505 3348 1644 3403 quas
1687 3349 1813 3390 esse
1860 3335 2199 3393 illuminatas

618 3423 863 3479 constat,
905 3418 1015 3473 dici
1065 3420 1457 3480 arbitrantur:
1494 3425 1589 3480 sed
1635 3428 1783 3497 quod
1818 3428 1909 3484 hic
1948 3429 2199 3486 futurum

616 3508 839 3573 dicitur,
861 3526 986 3566 esse
1027 3511 1139 3580 jam
1170 3513 1510 3584 signiﬁcari;
1544 3516 1599 3571 id
1646 3531 1753 3583 est,
1804 3522 2025 3588 operire.
2079 3521 2200 3589 Quo

614 3598 764 3652 enim
802 3608 1047 3670 tempore
1109 3602 1385 3660 Israelitis
1418 3608 1653 3676 primum
1698 3609 1882 3665 illuxit
1925 3610 2196 3683 Christus,

618 3688 845 3744 tenebris
877 3692 1057 3747 adhuc
1081 3703 1258 3763 gentes
1285 3694 1750 3768 offundebantur;
1782 3717 1909 3757 cum
1950 3705 2198 3760 nondum

615 3780 686 3835 ad
709 3797 804 3838 eos
829 3785 1003 3853 gratia
1027 3787 1387 3855 pervenisset,
1412 3789 1508 3845 sed
1533 3806 1688 3847 suam
1713 3794 1825 3864 ipse
1849 3793 2055 3854 Judaais
2078 3799 2196 3869 glo-

614 3874 756 3926 riam
778 3876 1069 3943 patrandis
1097 3881 1386 3937 miraculis
1419 3882 1851 3941 demoustrarel.
1891 3888 2033 3943 Sunt
2057 3906 2197 3960 prce-

613 3972 766 4020 terea
798 3968 1075 4032 nonnulli,
1134 3970 1229 4039 qui
1276 3974 1419 4041 quod
1472 3971 1543 4027 Et
1585 3975 1757 4046 caligo
1815 3995 1972 4047 super
2017 3992 2193 4052 gentes

614 4055 787 4114 Isaias
809 4058 970 4125 dixit,
1008 4060 1075 4116 ad
1110 4071 1354 4133 tempora
1382 4065 1645 4135 referant,
1672 4070 1876 4139 quibus
1901 4073 2055 4142 justa
2078 4078 2193 4144 pati

613 4150 805 4207 hostes
831 4152 1085 4222 contigit.
1119 4154 1481 4212 Ambulabunt
1530 4176 1660 4215 vero
1690 4179 1857 4233 reges,
1891 4165 1989 4233 ait,
2025 4167 2079 4221 in
2109 4167 2195 4221 lu-

611 4242 752 4295 mine
781 4251 892 4309 tuo,
939 4255 988 4299 et
1019 4258 1194 4316 gentes
1217 4251 1275 4303 in
1309 4250 1585 4320 splendore
1647 4264 1735 4309 tuo
1780 4272 1800 4312 :
1863 4269 1922 4313 ut
1960 4262 2193 4330 gentium

612 4335 960 4392 vocationem
992 4354 1023 4393 a
1053 4337 1369 4396 Iudaeorum
1400 4343 1785 4404 incredulitate
1808 4358 1862 4404 et
1888 4353 2190 4421 pertinacia

611 4426 913 4494 profectam
939 4445 1063 4486 esse
1082 4434 1418 4490 ostenderet.
1443 4435 1862 4509 Intelligendum
1894 4452 1979 4499 est
2003 4455 2185 4502 autem

2301 3265 2410 3301 των
2442 3248 2577 3317 φασὶ
2617 3247 2738 3301 τῶν
2775 3248 2965 3303 ἐθνῶν
3012 3250 3549 3317 σκοτισθήσεσθαι,
3575 3251 3645 3321 τῷ
3671 3251 3817 3319 κόσμῳ

2299 3339 2609 3409 λάμψαντος
2661 3340 2757 3393 τοῦ
2808 3341 3066 3410 Χριστοῦ.
3112 3342 3483 3411 Πεςρώτισται
3510 3342 3628 3413 γάρ.
3663 3340 3818 3394 ’ωιγὸ

2304 3432 2512 3502 μέλλων
2550 3432 2783 3488 ἐνταῦθα
2829 3434 3021 3504 χρόνος
3064 3435 3155 3489 τὸν
3183 3435 3490 3490 ἐνεστῶτα
3523 3435 3675 3507 δηλοῖ,
3708 3433 3817 3487 τοῦτ’

2299 3523 2416 3577 ἔστι
2446 3524 2731 3579 καλύπτει.
2764 3525 3000 3597 Χριστοῦ
3031 3525 3142 3597 γὰρ
3168 3525 3410 3597 πρώτοις
3437 3528 3544 3589 τοῖς
3566 3527 3621 3591 ἐξ
3648 3525 3815 3596 Ἰσραὴλ

2299 3613 2727 3685 ἐπιλάμψαντος,
2759 3614 2840 3667 ἔτι
2871 3614 2944 3668 τὰ
2974 3615 3119 3683 ἔθνη
3154 3616 3357 3683 σκότῳ
3385 3617 3689 3686 κεκράτητο,
3715 3614 3813 3683 πρὶν

2298 3704 2385 3758 ἐπ’
2414 3705 2552 3759 αὐτά
2594 3706 2924 3777 μεταστῆναι
2948 3707 3049 3777 τὴν
3074 3707 3254 3779 χάριν.
3291 3708 3425 3760 Τότε
3452 3709 3557 3777 γὰρ
3593 3705 3812 3767 Ἰουδαίοις

2295 3796 2395 3869 τὴν
2425 3798 2632 3852 οἰκείαν
2659 3798 3094 3870 θαυματουργῶν
3115 3800 3463 3855 ἐπεδείκνυτο
3482 3800 3672 3865 δόξαν.
3694 3796 3814 3859 Τινὲς

2295 3892 2353 3945 δὲ
2388 3891 2470 3954 τὸ,
2507 3894 2733 3963 γνόφος
2780 3892 2872 3947 ἐπ’
2906 3893 3074 3962 ἔθνη,
3126 3894 3299 3963 φασὶν
3348 3895 3436 3949 ὅτε
3478 3895 3743 3964 πάσχουσιν
3777 3892 3814 3942 oi

2296 3984 2481 4056 ἐχθροὶ
2507 3984 2574 4037 τὰ
2598 3985 2802 4039 δίκαια.
2848 3987 3257 4054 Πορεύσονται
3287 3986 3366 4052 δὲ,
3399 3985 3550 4059 φησι,
3581 3979 3813 4050 ,βασιλεῖς

2295 4075 2374 4142 τῷ
2395 4078 2544 4147 φωτί
2570 4094 2712 4144 σου,
2749 4077 2849 4131 καὶ
2886 4076 3032 4146 ἔθνη
3061 4076 3138 4147 τῇ
3184 4080 3559 4148 λαμπρότητι
3595 4093 3714 4141 σου,
3740 4074 3813 4143 τὴν

2294 4166 2489 4237 κλῆσιν
2517 4167 2692 4239 δηλῶν
2726 4166 2846 4221 τῶν
2880 4166 3073 4222 ἐθνῶν
3095 4169 3159 4221 ὲκ
3188 4171 3290 4239 τῆς
3322 4170 3545 4222 ἐκείνων
3581 4164 3812 4226 ἀπειθείας

2293 4261 2687 4332 γεγενημένην.
2709 4259 2815 4313 Δύο
2840 4260 2897 4313 δὲ
2922 4262 3190 4331 νοήσομεν
3213 4260 3472 4333 τάγματα
3504 4259 3809 4329 σωζομένων·

2293 4350 2401 4405 τῶν
2428 4368 2489 4405 τε
2545 4353 2676 4422 παρ’
2719 4351 3018 4421 Ἰουδαίοιςῇ
3044 4352 3347 4424 θεοφιλῶν,
3391 4352 3441 4408 οἳ
3496 4352 3579 4406 διὰ
3623 4350 3811 4410 πίστεως

2291 4442 2670 4505 τελειωθέντες
2706 4442 2808 4497 οὐκ
2854 4443 3186 4514 ἐκομίσαντο
3228 4443 3331 4508 τὰς
3386 4441 3715 4513 ἐπαγγελίας,
3734 4437 3807 4492 τοῦ

610 4517 721 4572 ι1υο
749 4534 966 4587 eorum,
1001 4522 1093 4593 qui
1134 4524 1447 4591 salvantur,
1490 4543 1692 4598 genera
1740 4533 1990 4600 reperiri.
2031 4537 2184 4593 Alte-

2305 4536 2428 4590 Θεοῦ
2455 4535 2702 4607 κρεῖττόν
2729 4553 2781 4590 τι
2807 4528 3001 4607 περὶγὴ
3010 4536 3126 4608 μῶν
3166 4536 3628 4610 προϐλεψαμένου,
3658 4534 3730 4589 ἵνα
3752 4530 3809 4603 μὴ

612 4626 732 4665 rum
763 4611 984 4682 quidem
1019 4613 1232 4684 piorum
1278 4618 1424 4688 apud
1475 4618 1694 4679 Iudaeos
1749 4622 1959 4696 Deique
1992 4643 2189 4684 aman-

2287 4626 2462 4698 χωρὶς
2494 4625 2651 4697 ἡμῶν
2682 4626 3041 4681 τελειωθῶσιν
3063 4643 3079 4659 ο
3113 4627 3163 4681 οἶ
3200 4629 3296 4681 καὶ
3344 4631 3457 4692 τοῖς
3487 4627 3576 4681 τοῦ
3621 4624 3806 4679 θανάτου

611 4700 786 4767 tium;
847 4702 944 4771 qui
1010 4703 1115 4759 ﬁde
1187 4704 1440 4775 perfecti,
1495 4712 1901 4780 promissiones
1965 4719 2190 4779 minime

2305 4718 2506 4790 ίωρίοις
2549 4718 2880 4789 ὲνδιέτριδον
2929 4719 3028 4791 τὴν
3063 4720 3371 4792 παρουσίαν
3412 4718 3636 4793 Χριστοῦ
3678 4734 3801 4787 περι-

610 4790 793 4861 adepti
810 4802 940 4847 sunt
963 4811 979 4861 ;
1001 4811 1125 4850 cum
1152 4796 1298 4855 Deus
1320 4804 1677 4869 praestantius
1700 4806 1904 4878 aliquid
1932 4810 1999 4866 de
2021 4813 2181 4870 nobis

2305 4811 2560 4876 ιένοντες.
2602 4811 2696 4865 Διὸ
2749 4790 3272 4886 πέμψαςἸωάννης
3321 4790 3543 4886 ἠρώταο
3598 4812 3702 4866 «Σὺ
3722 4805 3802 4862 eid

611 4883 955 4953 prmvideret,
988 4896 1048 4942 ut
1067 4889 1188 4945 sine
1207 4892 1368 4949 nobis
1390 4895 1614 4952 minime
1636 4912 2179 4960 consummarentur.

609 4973 711 5039 Qui
745 4976 872 5031 item
898 4978 953 5033 in
981 4981 1176 5036 mortis
1206 4985 1519 5054 regionibus
1570 4990 1926 5050 immorantes
1984 4995 2191 5053 Christi

610 5070 905 5125 adventum
962 5085 1374 5145 exspectarunt.
1444 5081 1702 5153 Ideoque,
1749 5100 1876 5140 cum
1930 5088 1998 5143 ad
2060 5104 2187 5145 eum

608 5161 848 5219 misisset
876 5163 1121 5225 Joannes
1146 5174 1418 5239 quazsivit,
1456 5176 1618 5233 illene
1648 5187 1816 5241 esset,
1885 5182 1979 5250 qui
2034 5184 2186 5238 veni-

2282 4904 2595 4975 ἐρχόμενος,
2622 4905 2655 4978 ἢ
2682 4905 2869 4978 ἕτερον
2885 4907 3307 4981 προσδοκῶμεν;
3333 4926 3353 4961 ι
3390 4907 3481 4972 οὒς
3508 4899 3804 4974 εὐαγγελιζό-

2289 5015 2449 5068 μενος
2486 4998 2585 5071 τὴν
2634 5001 2714 5065 είς
2741 5000 2941 5065 αὐτοὺς
2968 5000 3059 5056 τοῦ
3105 5002 3344 5074 Χριστοῦ
3374 5000 3609 5065 κάθοδον,
3640 4994 3800 5067 φησιν·

2296 5089 2642 5160 Ἀνάστηθι,
2678 5094 3025 5162 φωτίσθητι.
3055 5089 3285 5151 Ἦλθεν
3322 5094 3431 5167 γὰρ
3458 5094 3522 5148 τὸ
3548 5089 3663 5163 φῶς
3691 5101 3799 5146 σου,

2280 5180 2425 5233 τοῦτ’
2474 5180 2641 5245 ἔστιν,
2691 5180 2720 5234 ὂ
2754 5183 3112 5252 προσεδόκας.
3148 5183 3368 5238 Τούτων
3410 5178 3500 5235 οῦν
3528 5182 3585 5233 τὸ
3626 5175 3800 5248 πρῶτον

606 5262 714 5321 ret,
741 5269 814 5311 an
859 5258 1026 5314 alium
1057 5261 1283 5319 deceret
1320 5278 1646 5337 exspectare
1675 5272 1740 5327 ίτ.
1788 5272 1893 5340 Qui
1943 5273 2184 5345 denique

607 5345 674 5373 ΑΛ
709 5347 915 5373 nt._:-.:
948 5352 1011 5373 ...Ι
1050 5368 1099 5373 Α-
1140 5354 1287 5373 ,Δηη
1320 5367 1330 5373 .
1631 5363 1665 5373 Δι
1764 5363 1805 5373 ο-
2031 5366 2043 5373 .
2164 5367 2176 5373 -

2305 5273 2486 5343 ’ἀγμα.
2519 5274 2781 5346 Δεύτερον
2810 5273 2887 5341 δὲ,
2917 5275 2980 5329 τὸ
3028 5276 3129 5344 τῆς
3156 5275 3227 5339 ἐξ
3260 5273 3453 5330 ἐθνῶν
3498 5268 3797 5373 Ἐκκλησίαξν

606 5345 675 5399 de
709 5347 918 5405 Christi
945 5352 1013 5407 ad
1046 5368 1106 5409 se
1137 5354 1373 5411 adventu
1406 5363 1666 5417 commoti
1701 5381 1716 5418 :
1758 5363 1997 5437 Exsurge
2028 5366 2179 5423 istud

2305 5397 2306 5404 ‘
2337 5364 2399 5437 δὴ
2435 5365 2669 5437 συνῆψεν
2692 5345 2726 5421 ῦὸ
2748 5366 2960 5431 Παῦλος
2989 5366 3065 5438 τῷ
3091 5365 3291 5439 πρώτῳ
3318 5366 3488 5435 λέγων
3506 5381 3521 5398 ο
3553 5384 3571 5417 ι
3597 5362 3703 5433 Ἃρ*
3726 5353 3797 5411 οὖν

606 5447 660 5494 et
687 5439 1013 5508 illuminare,
1042 5448 1166 5516 quia
1205 5450 1343 5503 venit
1377 5451 1551 5507 lumen
1587 5464 1757 5522 tuum,
1790 5457 1843 5513 id
1872 5469 1979 5527 est,
2022 5460 2169 5530 quod

2308 5460 2375 5512 ὒκ
2412 5460 2493 5514 ἔτι
2545 5461 2668 5516 ἐστε
2706 5461 2845 5527 ξένοι
2890 5463 2985 5518 καὶ
3011 5460 3288 5534 πάροικοι,
3332 5461 3463 5515 ἀλλὰ
3507 5456 3786 5531 συμπολῖται

678 5560 725 5591 ⁸⁸
761 5559 992 5617 Malach.
1019 5580 1096 5631 ιν,
1131 5566 1185 5621 2.
1260 5567 1349 5622 ⁸⁵1
1378 5570 1574 5629 Thess.
1603 5590 1679 5631 tv.
1756 5578 1798 5609 "
1823 5575 1982 5633 Joan.
2025 5594 2163 5645 xvu,
2199 5581 2207 5634 1

2324 5583 2359 5612 ι’
2400 5580 2593 5636 Μ.ιιιιι.
2630 5583 2778 5651 .\I,5.

1896 5691 2130 5749 VARle
2160 5690 2562 5752 LECTIONES.

680 5743 704 5773 ³
734 5760 824 5814 γρ.
852 5743 1081 5816 καλύψει
1102 5748 1226 5819 γῆν,
1263 5751 1356 5805 καὶ
1385 5752 1600 5824 γνόφος·
