3998 6390
169 381 288 450 2621
1284 364 1815 429 COMMENTARII
1858 361 1942 423 IN
1983 360 2268 429 ISAIAM.
3243 347 3389 425 2622

174 499 267 553 τῶν
302 490 514 561 exim,»
542 485 637 539 καὶ
655 482 724 539 τά
748 482 840 536 ἐπὶ
865 479 1095 544 τούτοις.
1121 477 1212 532 Ἐν
1246 473 1328 540 οἷς
1359 477 1504 531 ἔστιν
1542 475 1714 530 «εἶναι
1741 529 1746 537 ι

1850 472 2211 542 :xspectabas,
2263 467 2516 524 audiunt.
2564 467 2744 538 Atque
2792 466 2884 524 hic
2927 464 3145 537 quidem
3192 480 3382 519 eorum

171 591 229 646 τὰ
272 559 392 653 ἔθνη
449 575 884 648 συγκληρονόμα,
918 573 1013 627 καὶ
1044 570 1331 640 σύσσωμα,
1359 569 1456 624 καὶ
1505 567 1716 638 συμμέ-

1850 564 2041 620 trimus
2069 564 2207 618 ordo
2241 563 2426 618 fuerit.
2463 562 2725 631 Sequitur
2757 575 2887 615 vero
2918 569 2972 614 et
2996 559 3130 611 alter
3168 572 3233 611 ex
3260 574 3386 628 gen-

172 697 289 751 τοχα
312 651 405 747 τῆς
427 669 752 739 ἐπαγγελίας
782 671 840 721 ἐν
871 662 1114 737 Χριστῷ.
1151 681 1170 716 ι

1850 660 1955 710 ium
1989 656 2255 712 Ecclesiis
2296 653 2590 719 conﬂatus,
2621 668 2781 722 quem
2812 652 2982 722 priori
3037 651 3199 705 etiam
3251 664 3386 704 con-

172 742 336 846 junxit
363 742 710 838 'Apostolus,
765 761 858 816 ubi
897 761 1009 829 jam
1042 772 1152 812 non
1211 770 1333 810 esse
1378 753 1625 823 hospites
1676 757 1730 804 et
1767 749 2029 816 advenas,
2065 749 2159 804 sed
2192 749 2448 803 concives
2501 755 2817 802 sanctorum
2886 744 2949 809 ‘3,
2994 742 3194 811 illaque
3270 753 3390 809 quae

174 829 472 935 sequuntur,
506 857 713 927 colligit
759 873 774 910 :
841 854 895 908 in
947 852 1146 922 quibus
1215 849 1381 904 etiam
1441 855 1631 918 gentes
1679 857 1801 897 esse
1838 841 2173 908 cohmredes,
2210 838 2732 909 ctconcorporales,
2765 834 2931 906 684
2969 843 3024 889 et
3046 829 3393 904 compartici-

172 973 256 1030 pes
284 955 333 1008 in
361 950 577 1007 Christo
611 947 653 979 ’ν
685 945 1046 1018 signiﬁcatur.
3018 1009 3032 1030 ι
3219 1008 3232 1030 1
3261 978 3268 984 .

236 1046 462 1106 Εἰκότως
514 1037 608 1095 οῦν
673 1008 1170 1108 εὐαγγελισάμενος
1234 1034 1330 1088 νῦν
1386 1033 1463 1104 τῷ
1519 1029 1724 1102 πρώτῳ

1903 1019 2025 1076 Non
2056 1018 2331 1074 immerito
2355 1017 2546 1089 igitur,
2570 1024 2922 1086 posteaquam
2949 1009 3162 1080 priores
3185 1008 3394 1062 allocu-

174 1140 392 1206 τάγματι
447 1104 797 1203 ἐπήνεγκε(
824 1104 943 1183 *Καὶ
993 1104 1396 1196 πορεύσονται
1447 1123 1591 1191 ἔθνη
1645 1120 1726 1186 τῷ

1850 1131 1915 1170 us
1950 1122 2055 1177 est,
2084 1111 2451 1166 ambulaturas
2483 1119 2532 1164 et
2575 1119 2749 1179 gentes
2776 1109 2830 1160 in
2867 1104 3066 1157 lumine
3105 1119 3199 1156 suo
3245 1116 3392 1155 nunc

176 1194 307 1302 φωτί
354 1244 490 1290 σου,
520 1194 734 1287 δεικνὺς
761 1223 942 1276 κοινὸν
999 1194 1328 1292 ἀμφοτέροις
1356 1217 1422 1271 τὸ
1457 1216 1582 1287 φῶς
1611 1218 1726 1278 τοῖς

1850 1206 2095 1277 λᾱῙιιιιείι,
2128 1211 2186 1258 ut
2215 1217 2505 1259 commune
2535 1205 2710 1254 lumen
2749 1199 2999 1267 utrisque
3023 1206 3147 1249 ante
3194 1194 3396 1248 adven-

290 1320 385 1390 τῆς
414 1288 739 1389 παρουσίας,
777 1316 872 1369 καὶ
904 1288 1152 1383 ὕστερον,
1186 1313 1280 1366 καὶ
1313 1311 1431 1378 τὴν
1458 1310 1726 1378 λαμπρό-

1850 1317 1963 1364 ιιιη,
1995 1307 2051 1355 et
2082 1299 2361 1366 deinceps,
2391 1307 2847 1361 communemque
2875 1288 3203 1358 splendorem
3234 1301 3395 1356 quem

176 1376 929 1477 tntaxiivﬁpﬁnounawb;
977 1376 1287 1471 ἀπόσμηξις
1332 1376 1726 1468 ἀπεργάζεται.

1850 1391 2069 1446 οιιίίιιηι
2141 1390 2387 1443 omnium
2471 1384 2664 1439 eﬁiciat
2741 1381 3031 1443 abstersio,
3116 1392 3241 1432 esse
3305 1376 3399 1430 de-

178 1473 344 1570 Ταύτη
511 1473 607 1549 καὶ
637 1499 691 1549 οί
726 1493 844 1548 τῶν
879 1494 1069 1548 ἐθνῶν
1100 1494 1391 1564 χρήσονται
1420 1488 1726 1556 βασιλεῖς,

1850 1491 2127 1539 nonstret.
2164 1481 2241 1535 Ea
2271 1480 2414 1535 enim
2444 1477 2545 1549 ipsi
2572 1475 2736 1530 etiam
2769 1473 3003 1544 gentium
3044 1487 3186 1541 reges
3235 1477 3399 1524 uten-

181 1561 548 1661 καθαιρόμενοι
587 1590 652 1657 τῇ
696 1588 804 1640 τῶν
851 1585 1009 1639 θείων
1051 1561 1365 1656 μυστηρίων
1420 1582 1668 1652 δυνάμει,
1702 1581 1730 1633 ὃ

1853 1592 1940 1641 ur,
1987 1590 2111 1629 cum
2171 1574 2324 1644 ipsos
2376 1570 2691 1625 divinorum
2752 1565 3138 1637 mysteriorum
3193 1561 3401 1615 virtute

180 1687 235 1756 δὴ
268 1655 560 1752 καθ”ήμᾶς
613 1655 701 1734 διὰ
748 1680 858 1732 τῶν
889 1678 1066 1749 ἔργων
1096 1679 1308 1748 ὁρᾶται.
1360 1671 1491 1729 Εἶτα
1543 1673 1731 1744 ἐπειδὴ

1852 1666 2082 1732 ustrari,
2111 1666 2260 1736 quod
2308 1663 2514 1719 sacculo
2568 1668 2758 1715 nostro
2808 1659 2987 1727 reipsa
3036 1655 3237 1709 factum
3292 1658 3398 1709 est.

182 1745 353 1829 ἐθνῶν
381 1745 776 1842 ἐμνημόνευσε,
807 1745 1248 1834 καὶ-,βασιλέων
1280 1768 1471 1829 ἐθνῶν,
1511 1765 1734 1820 ἀκολού-

1850 1757 2144 1828 :ontigerit.
2181 1754 2454 1821 Quoniam
2488 1752 2684 1806 deinde
2721 1749 2956 1820 gentium
2999 1745 3269 1805 meminit,
3318 1759 3401 1795 re-

183 1867 274 1927 θως
301 1863 397 1932 τὴν
413 1836 700 1930 ’προτέραν
733 1861 830 1912 τοῦ
881 1859 1016 1912 Θεοῦ
1067 1859 1222 1913 πόλιν
1255 1856 1494 1910 διδάσκει
1529 1855 1734 1917 πάντας

1850 1865 2060 1919 [umque
2109 1861 2338 1912 earum;
2372 1845 2607 1914 priorem
2662 1842 2919 1910 deinceps
2978 1838 3072 1891 Dei
3126 1836 3404 1890 civitatem

181 1915 289 2018 τοὺς
315 1915 382 2020 ἑὲ
409 1915 615 2008 ἐθνῶν·
644 1951 966 2022 προσιόντας
999 1949 1076 2019 τῷ
1107 1950 1350 2002 θεοσεϐεῖ
1377 1915 1730 2018 πολιτεύματι

1850 1955 2022 1994 )mnes
2052 1954 2147 1995 eos
2171 1938 2238 1991 de
2278 1934 2536 2007 gentibus,
2566 1934 2659 2004 qui
2689 1942 2942 1988 sanctum
2993 1940 3045 1985 et
3096 1930 3245 1998 pium
3280 1928 3406 1980 vita:

184 2049 338 2100 οἰκεῖα
362 2045 547 2099 τέκνα
593 2020 847 2114 ἡγεῖσθαι
877 2041 1049 2110 λέγων
1070 2058 1086 2073 ο
1125 2041 1237 2095 Ἴδε
1280 2039 1630 2110 συνηγμένα
1659 2040 1732 2092 τὰ

1858 2033 2147 2086 nstitutum
2188 2029 2618 2098 amplectentur,
2652 2026 2792 2094 ﬁlias
2822 2024 2941 2093 ejus
2970 2021 3166 2076 haberi
3203 2020 3404 2086 docet;

185 2137 344 2190 τέκνα
374 2152 517 2200 σου,
548 2134 640 2196 οὒς
671 2135 761 2188 καί
809 2150 973 2204 φησιν
1000 2132 1092 2184 ἐπ’
1127 2130 1299 2201 ὤμων
1342 2131 1731 2199 ἀρθήσεσθαι.

186 2228 260 2281 Διὸ
290 2227 488 2290 πάντες
516 2227 564 2279 oi
609 2225 678 2290 ἐξ
728 2225 918 2279 ἐθνῶν
945 2223 1369 2286 πεπιστευκότες
1404 2222 1734 2290 ἐπαγγελίαν

188 2322 450 2390 εἰλήφασιν
479 2321 564 2382 εἰς
621 2319 856 2382 κόλπους
882 2317 1136 2388 Ἀϐραάμ
1163 2315 1600 2370 ἀναπαύσασθαι.
1626 2316 1737 2368 Καὶ

187 2413 426 2483 πολλαχοῦ
465 2412 531 2466 δὲ
582 2411 843 2482 θυγάτηρ
882 2409 1266 2480 Ἰερουσαλὴμ,
1292 2409 1386 2461 καὶ
1419 2406 1577 2472 Σιὼν,
1612 2409 1645 2477 ἡ
1679 2408 1738 2472 ἐξ

186 2503 356 2558 ἐθνῶν
396 2502 705 2573 Ἐκκλησία
762 2500 1118 2574 χρηματίζει,
1153 2499 1230 2563 ὡς
1270 2499 1327 2550 ἐν
1375 2497 1474 2568 τῷ,
1523 2515 1543 2549 ι
1567 2499 1738 2568 Χαῖρε

188 2594 387 2663 σφόδρα,
415 2592 670 2662 Θυγάτηρ
699 2590 856 2645 Σιών.
903 2591 1187 2661 Κήρυσσε,
1235 2588 1480 2659 θυγάτηρ
1541 2586 1740 2659 Ἰερου-

190 2686 369 2757 σαλήμ.
418 2686 555 2740 Ἰδοὺ
607 2685 862 2756 ἔρχομαι,
891 2684 987 2738 καὶ
1024 2682 1431 2754 κατασκηνώσω
1481 2682 1539 2734 ἐν
1590 2679 1741 2750 μέσῳ

189 2798 286 2844 σου,
308 2780 450 2847 λέγει
496 2768 719 2850 Κύριος,
769 2778 863 2830 καὶ
901 2776 1257 2848 πορεύσονται
1280 2775 1404 2851 ἔθνη
1452 2771 1622 2827 πολλὰ
1650 2773 1742 2825 ἐπὶ

186 2873 262 2924 τὸν
292 2871 523 2942 Κύριον.
557 2890 576 2923 ι
628 2870 703 2923 Τδ
746 2870 804 2923 δὲ
837 2870 1140 2938 πόρῤωθεν
1173 2867 1365 2936 ἥκειν,
1413 2866 1742 2937 παρίστησιν

188 2961 250 3025 ὡς
343 2963 438 3032 μὲν
474 2961 675 3033 πόρρω
704 2979 804 3013 που
831 2962 929 3030 τῆς
959 2960 1234 3030 βασιλείας
1257 2959 1352 3012 τοῦ
1381 2958 1618 3029 Ἰσραὴλ,
1651 2958 1745 3010 καὶ

187 3055 308 3119 ξένοι
340 3054 443 3107 τῶν
492 3053 766 3124 διαθηκῶν
794 3055 891 3122 τῆς
940 3051 1295 3121 ἐπαγγελίας.
1330 3069 1348 3103 ι
1380 3051 1522 3104 Ἀλλ’
1562 3052 1740 3120 ὑμεῖς,

190 3146 353 3213 φησὶν,
379 3146 429 3198 οῖ
454 3162 597 3199 ποτε
630 3145 846 3215 μακρὰν
862 3145 1034 3209 ὄντες,
1072 3144 1238 3212 ἐγγὺς
1265 3144 1578 3215 ἐγενήθητε.
1620 3163 1637 3195 ι
1658 3143 1746 3206 Ὠς

1834 2137 1959 2178 cum
2003 2130 2341 2192 congregatos
2376 2119 2516 2188 ﬁlios
2562 2117 2674 2186 ejus
2709 2115 2882 2171 videre
2926 2113 3206 2184 praecipit;
3258 2109 3408 2182 quod

1836 2214 2001 2269 etiam
2030 2214 2262 2266 humeris
2287 2211 2558 2265 sublatum
2589 2209 2659 2262 iri
2683 2207 2932 2277 adiungit
2964 2222 2978 2259 :
3014 2204 3161 2259 unde
3185 2217 3408 2266 omnes,

1837 2307 1932 2376 qui
1965 2306 2033 2360 de
2081 2305 2316 2374 gentium
2372 2315 2602 2356 numero
2651 2299 3024 2363 crediderunt,
3069 2295 3127 2350 in
3178 2294 3413 2349 Abrahae

1840 2397 1964 2451 sinu
2007 2398 2245 2465 quietem
2280 2409 2338 2449 se
2371 2393 2682 2457 habituros,
2711 2390 3140 2459 promissionem
3168 2401 3400 2456 accepe-

1841 2498 1989 2544 runt.
2013 2489 2262 2557 Persaape
2285 2500 2415 2541 vero
2441 2493 2495 2539 et
2521 2485 2690 2553 ﬁliam
2711 2481 3039 2547 Jerusalem,
3076 2490 3129 2535 et
3162 2478 3411 2542 Sionem,

1843 2582 2015 2654 ipsam
2060 2582 2292 2653 gentium
2328 2577 2631 2633 Ecclesiam
2666 2575 2975 2645 nuncupari
3011 2573 3255 2642 reperias
3291 2589 3304 2624 :
3353 2577 3414 2624 ut

1843 2672 1946 2727 hoc
1975 2672 2089 2725 loco
2122 2689 2137 2725 :
2174 2689 2193 2722 ι
2220 2670 2406 2724 Gaude
2459 2668 2828 2733 vehementer,
2865 2667 2974 2721 ﬁlia
3002 2665 3135 2720 Sion
3163 2683 3178 2731 ;
3205 2662 3407 2733 jubila,

1846 2766 1957 2820 ﬁlia
1989 2763 2316 2820 Jerusalem.
2354 2764 2494 2819 Ecce
2532 2762 2712 2826 venio,
2745 2770 2800 2816 et
2834 2759 3095 2814 habitabo
3144 2758 3199 2812 in
3237 2756 3414 2811 medio

1846 2859 1944 2923 tui,
1979 2857 2111 2912 dicit
2149 2856 2459 2911 Dominus:
2508 2862 2562 2909 et
2613 2854 2839 2908 venient
2890 2859 3080 2921 gentes
3129 2848 3314 2901 multa:
3343 2845 3413 2900 ad

1846 2949 2136 3005 Dominum
2162 2948 2230 3002 ²⁰.
2280 2966 2300 3000 ι
2336 2946 2492 3014 Quod
2521 2955 2702 3000 autem
2733 2945 2797 2998 de
2834 2944 2983 3013 longe
3015 2941 3210 3003 venire,
3240 2938 3409 3006 dixi',

1849 3042 2008 3111 longe
2039 3055 2141 3097 nos
2170 3040 2469 3110 aliquando
2496 3038 2564 3092 ab
2594 3037 2812 3092 lsraelis
2843 3050 3014 3103 regno
3064 3031 3331 3095 abfuisse,
3362 3039 3418 3084 et

1849 3147 1881 3186 a
1931 3139 2387 3187 testamentorum
2446 3128 2811 3200 promissione
2864 3124 3183 3196 peregrinos
3245 3121 3421 3177 fuisse

193 3238 286 3308 γὰρ
328 3240 356 3291 ὁ
403 3236 623 3300 Παῦλός
667 3252 852 3307 φησιν’
893 3254 910 3287 ι
936 3236 1008 3289 Οὐ
1061 3235 1260 3298 πάντες
1293 3238 1342 3289 οἱ
1394 3236 1453 3302 ἐξ
1501 3234 1738 3307 Ἰσραὴλ,

1850 3223 2140 3294 signiﬁcat.
2185 3241 2204 3273 ι
2248 3220 2354 3276 Sed
2383 3236 2500 3286 vos,
2535 3221 2737 3291 inquit,
2767 3218 2860 3289 qui
2912 3217 3207 3301 aliquando
3247 3215 3420 3271 eratis

195 3304 327 3382 οὗτοι
379 3328 639 3399 ἰσραήλο
676 3304 811 3385 ἀλλὰ
849 3327 917 3380 τὰ
944 3327 1111 3381 τέκνα
1148 3327 1247 3396 τῆς
1285 3304 1621 3396 ἐπαγγελίας
1655 3304 1744 3379 λο-

1850 3313 2024 3381 longe,
2057 3325 2204 3366 nunc
2245 3309 2371 3365 facti
2402 3310 2538 3365 estis
2578 3324 2748 3379 prepe
2771 3309 2840 3363 ¹¹.
2882 3327 2901 3360 ι
2937 3338 3008 3346 -—
3041 3325 3058 3358 ι
3097 3304 3217 3359 Non
3249 3304 3418 3368 enim,

197 3418 381 3485 γίζεται
408 3422 488 3484 είς
520 3419 766 3491 σπέρμα.
793 3438 810 3471 ι
842 3419 952 3472 Καὶ
983 3419 1118 3490 πρὸς
1151 3418 1402 3489 Ἀϐραὰμ
1426 3419 1482 3471 δὲ
1503 3420 1704 3491 ἐρρέθη
1726 3437 1743 3455 ·

199 3510 394 3581 Πατέρα
427 3510 644 3564 πολλῶν
678 3511 846 3564 ἐθνῶν
886 3509 1109 3564 τέθεικά
1134 3527 1214 3563 σε.
1256 3510 1397 3580 Πρὸς
1426 3511 1462 3566 ἆ
1489 3528 1572 3569 τις
1612 3529 1748 3582 προ-

199 3602 353 3672 φήτης
397 3603 535 3673 φησί
560 3616 574 3630 ⁸
617 3622 635 3654 ‹
671 3602 989 3673 Μνήσθητε,
1039 3603 1088 3654 οί
1122 3602 1336 3671 μακρὰν
1386 3602 1480 3655 τοῦ
1517 3603 1744 3674 Κυρίου,

200 3692 279 3744 καὶ⁵
316 3692 670 3764 Ἰερουσαλὴμ
716 3693 978 3764 ἁναὸήτω
1018 3693 1109 3744 ἐπὶ
1148 3693 1246 3762 τὴν
1275 3693 1503 3763 καρδίαν
1533 3694 1737 3763 ὑμῶν.»

202 3785 259 3834 Ἀ
276 3783 333 3854 δὴ
356 3784 448 3836 καὶ
470 3784 789 3850 πεισθέντα,
818 3784 956 3837 κατὰ
975 3783 1064 3836 τὸν
1083 3783 1329 3848 Ἡσαΐαν,
1354 3785 1506 3854 φασί”
1533 3785 1745 3849 «Δεῦτε,

199 3873 466 3944 ἀναδῶμεν
493 3876 580 3938 είς
607 3875 669 3927 τὸ
699 3875 826 3945 ὅρος
855 3873 948 3927 τοῦ
983 3873 1211 3944 Κυρίου,
1251 3875 1345 3928 καὶ
1374 3876 1452 3938 εἰς
1483 3875 1572 3927 τὸν
1603 3871 1749 3928 οἷκον

198 3962 278 4015 τοῦ
301 3963 429 4017 Θεοῦ
462 3963 688 4028 Ἰακὼϐ,
720 3965 813 4016 καὶ
843 3963 1132 4030 ἀναγγελεῖ
1162 3962 1259 4034 τὴν
1284 3963 1402 4016 ὁδὸν
1442 3963 1630 4030 αὑτοῦ,
1656 3965 1752 4018 καὶ

201 4056 564 4126 πορευσόμεθα
593 4057 650 4108 ἐν
697 4056 857 4126 αὐτῇ.
889 4074 908 4107 ι
943 4055 1110 4119 Ἀλλ’,
1159 4055 1289 4109 ίδοὺ
1338 4055 1542 4124 ἢκασι,
1594 4057 1749 4127 φησὶ,

200 4145 326 4198 τοῦτ’
355 4148 524 4210 ἔστιν,
554 4149 653 4201 οὐκ
680 4148 758 4210 είς
804 4147 1021 4218 μακρὰν
1049 4148 1081 4217 ἠ
1132 4147 1325 4218 κλῆσις
1375 4149 1574 4201 αὐτῶν.
1609 4151 1751 4219 Δρα-

203 4239 406 4305 μοῦνται
446 4243 560 4312 γὰρ
615 4241 802 4311 ὥσπερ
852 4242 992 4292 κατὰ
1039 4239 1176 4292 πόδα
1223 4240 1332 4292 τῶν
1382 4239 1754 4308 εὐαγγελικῶν

201 4333 574 4400 κηρυγμάτων,
619 4330 743 4400 δίχα
788 4331 950 4382 πόνου
1000 4329 1221 4392 παντὸς.
1256 4328 1384 4382 Ἐπ’
1428 4328 1601 4397 ὤμων
1645 4329 1752 4399 γάρ

199 4422 572 4489 ἀρθήσονται,
607 4417 696 4474 οἷα
732 4420 797 4492 δὴ
854 4421 1028 4492 βρέφη
1072 4422 1192 4482 ταῖς
1235 4420 1345 4472 τῶν
1378 4419 1754 4489 μυσταγωγῶν

201 4515 584 4584 παιδαγωγίαις
628 4512 1147 4585 χειραγωγούμενοι.
1173 4512 1318 4566 Γάλα
1351 4512 1460 4582 γάρ
1507 4510 1754 4576 ποτίζον·

1847 3403 2028 3474 inquit
2083 3403 2415 3472 Apostolus,
2452 3416 2642 3456 omnes
2699 3401 2792 3470 qui
2850 3409 2979 3455 sunt
3024 3397 3091 3453 de
3141 3397 3348 3462 Israel,
3382 3397 3420 3450 ii

1847 3507 1978 3557 sunt
2011 3498 2180 3554 Israel
2209 3515 2223 3552 :
2261 3498 2355 3553 sed
2387 3497 2480 3568 qui
2507 3505 2638 3552 sunt
2663 3496 2760 3550 ﬁlii
2790 3492 3202 3566 promissionis,
3240 3491 3296 3545 in
3332 3506 3422 3546 se-

1848 3607 1970 3647 men
2003 3591 2104 3659 ipsi
2138 3598 2464 3660 reputantur
2493 3591 2560 3642 ²¹.
2601 3608 2618 3640 ι
2661 3589 2802 3643 Sunt
2836 3603 2967 3642 vero
3024 3595 3079 3641 et
3133 3584 3199 3640 ad
3250 3585 3426 3638 Abra-

1851 3685 2072 3738 hamum
2104 3682 2386 3745 nonnulla,
2416 3682 2620 3751 quibus
2643 3679 2894 3736 eumdem
2923 3677 3169 3747 gentium
3209 3685 3420 3743 patrem

1855 3776 1971 3832 ﬁeri
1999 3775 2169 3829 voluit
2201 3773 2464 3835 Dominus
2493 3789 2509 3827 :
2537 3774 2601 3828 ad
2641 3787 2763 3842 quae
2791 3787 2916 3826 cum
2947 3770 3248 3839 respiceret
3284 3781 3418 3837 pro-

1853 3868 2014 3938 pheta
2055 3867 2303 3937 quidam,
2334 3881 2453 3932 eos,
2516 3867 2610 3937 qui
2666 3867 2829 3936 longe
2878 3864 3158 3928 abessent,
3209 3859 3424 3914 Domini

1855 3958 2194 4020 meminisse,
2253 3965 2309 4013 et
2353 3956 2664 4013 Jerusalem
2721 3955 2778 4010 in
2824 3952 2994 4009 corda
3045 3966 3143 4007 sua
3212 3949 3427 4004 inferre

1853 4052 2211 4122 praecepit".
2255 4067 2274 4100 ι
2342 4048 2556 4116 Quibus
2623 4049 2754 4119 quia
2813 4053 3135 4117 paruerunt,
3188 4042 3282 4097 illa
3312 4041 3427 4110 jam

1856 4144 2011 4200 Isaiae
2047 4150 2316 4213 usurpant
2349 4161 2364 4197 :
2403 4162 2420 4194 ι
2452 4141 2664 4208 Venite,
2692 4140 3058 4196 ascendamus
3088 4136 3143 4190 in
3185 4144 3426 4188 montem

1853 4235 2089 4298 Domini,
2125 4236 2260 4289 etin
2287 4235 2511 4288 domum
2566 4233 2659 4287 Dei
2707 4232 2904 4286 Jacob.
2958 4229 3026 4283 Et
3080 4225 3428 4281 annuntiabit

1854 4326 1995 4381 viam
2026 4326 2168 4396 ejus,
2218 4327 2272 4380 in
2322 4339 2496 4394 eaque
2526 4323 2928 4377 ambulabimus
2962 4320 3029 4373 “.
3078 4338 3097 4370 ι
3143 4317 3257 4371 lmo
3294 4315 3428 4368 Ecce

1856 4428 2148 4484 venerunt,
2210 4418 2430 4486 inquit;
2496 4424 2758 4484 tanquam
2816 4429 2924 4468 non
2982 4409 3173 4482 procul
3235 4408 3430 4463 abesse

1857 4526 2048 4567 eorum
2116 4510 2458 4565 vocationem
2521 4508 2826 4576 signiﬁcet.
2888 4505 3202 4575 Sequentur
3259 4500 3426 4560 enim,

200 4619 278 4656 ται
314 4607 426 4659 κατ’
472 4607 672 4676 ἀρχὰς,
703 4604 848 4658 κατὰ
880 4605 1050 4676 βραχὺ
1103 4603 1240 4673 πρὸς
1291 4603 1490 4673 μέτρον
1538 4602 1746 4672 ἡλικίας

1859 4614 2115 4672 tanquam
2140 4617 2170 4656 e
2198 4600 2434 4669 vestigio
2459 4599 2624 4670 685
2657 4597 2985 4669 evangelicae
3003 4590 3430 4666 praedicationis,

204 4695 566 4760 ἀναϐαίνοντες
598 4697 804 4751 τέλειον
849 4695 966 4748 ὅσοι
1002 4695 1100 4764 τῆς
1145 4693 1234 4746 διὰ
1281 4693 1598 4763 Πνεῦματος
1629 4693 1756 4745 ἀνα-

205 4791 488 4859 γεννήσεως
522 4790 735 4860 ἔτυχον.
767 4787 1067 4859 Τοιγαροῦν
1092 4790 1120 4841 ὁ
1151 4787 1359 4850 Παῦλος
1402 4805 1421 4838 ι
1447 4788 1534 4850 Ὠς
1576 4788 1642 4842 ἄν
1675 4803 1757 4852 τις

204 4881 379 4948 τροφὸς
407 4882 586 4954 θάλπῃ
620 4885 687 4936 τά
719 4882 916 4950 ἑαυτῆς
945 4881 1132 4943 τέκνα,
1164 4898 1182 4930 ι
1224 4879 1407 4948 φησίν.

1857 4694 2007 4749 nullo
2045 4694 2249 4758 labore,
2281 4694 2545 4763 nulloque
2578 4693 2836 4762 negotio:
2872 4690 3000 4759 quia
3039 4686 3270 4740 humeris
3313 4699 3434 4752 por-

1859 4787 2137 4850 tabuntur,
2171 4795 2431 4854 tanquam
2468 4784 2708 4838 infantes
2740 4781 2913 4851 aliqui
2952 4781 3019 4834 ab
3049 4775 3433 4834 initiatoribus

1858 4880 1918 4935 in
1951 4892 2239 4934 sacrorum
2270 4875 2571 4946 penetralia
2614 4889 2782 4927 manu
2825 4872 3069 4927 deducti.
3117 4867 3226 4921 Lac
3277 4865 3424 4920 enim

208 4970 381 5026 bibunt
407 4975 841 5043 primum,brevi
868 4975 1124 5042 deinceps
1157 4972 1226 5026 ad
1258 4989 1574 5028 mensuram
1619 4975 1796 5029 aetatis
1831 4975 2130 5044 perfectam
2200 4970 2561 5027 ascendentes
2626 4975 2899 5039 quotquot
2988 4963 3213 5035 spiritus
3280 4962 3434 5027 rege"

210 5068 528 5122 nerationem
567 5069 749 5138 adepti
775 5077 921 5124 sunt.
967 5067 1087 5133 Quo
1158 5067 1364 5121 factum
1410 5075 1516 5135 est,
1592 5077 1654 5122 ut
1718 5076 1978 5140 tanquam
2029 5070 2234 5130 nutrix,
2290 5079 2412 5134 quae
2476 5063 2618 5118 ﬁlios
2647 5075 2780 5117 suos
2835 5057 3044 5121 faveat.

209 5158 390 5214 dixerit
420 5163 486 5216 ’⁸.

281 5275 391 5345 Ἐφ’
412 5272 492 5340 οἷς
517 5277 695 5346 λέγει·
725 5277 869 5331 Τότε
898 5277 1059 5346 ὄψει,
1089 5278 1185 5332 καὶ
1214 5278 1477 5348 χαρήσῃ.
1505 5277 1615 5333 Καὶ
1642 5279 1760 5344 πῶς

211 5363 262 5414 οὐ
293 5367 469 5435 μέλλει
516 5369 697 5439 μήτηρ
743 5370 867 5440 περὶ
899 5369 1131 5436 τέκνοις
1161 5370 1486 5439 σωζομένοις
1516 5372 1761 5438 εὐφραί-

212 5463 432 5522 νεσθαι;
459 5461 530 5514 Τὸ
557 5462 611 5514 δὲ
637 5462 977 5531 φοϐηθήσῃ,
1000 5462 1149 5533 παρὰ
1179 5462 1278 5533 μὲν
1301 5465 1416 5526 τοῖς
1435 5463 1640 5526 λοιποῖς
1661 5463 1760 5516 οὐκ

213 5550 517 5620 ἐμφέοεται.
551 5556 812 5628 Σημαίνει
837 5557 892 5611 δὲ
920 5557 981 5610 τὸ
999 5557 1290 5627 ἐκστήσῃ,
1321 5558 1413 5611 καὶ
1438 5557 1756 5627 θαυμάσεις.

3137 5048 3432 5122 Apostolus

1940 5277 2203 5346 Sequitur
2224 5272 2460 5330 deinde:
2496 5270 2641 5325 Tunc
2679 5268 2896 5333 videbis,
2929 5273 2981 5320 et
3016 5260 3291 5334 gaudebis.
3328 5257 3432 5325 Qui

1865 5370 2011 5428 enim
2055 5377 2284 5423 matrem
2350 5365 2581 5436 gaudere
2628 5377 2740 5417 non
2783 5359 3085 5427 contingat,
3136 5354 3180 5408 si
3236 5352 3432 5408 salvari

1864 5463 2005 5534 ﬁlios
2038 5477 2169 5518 suos
2216 5459 2444 5514 videat?
2489 5456 2595 5511 Sed
2626 5470 2738 5509 non
2762 5460 2846 5509 est
2888 5446 3256 5520 ignorandum
3290 5444 3433 5514 apud

1865 5554 2005 5611 alios
2037 5551 2240 5608 timebis
2273 5551 2496 5607 verbum
2545 5563 2653 5602 non
2686 5543 2916 5615 reperiri
2952 5559 2969 5598 :
3003 5540 3257 5610 idemque
3291 5535 3434 5606 quod

281 5731 318 5803 ’ξ
339 5731 530 5800 Eplws.
567 5752 626 5801 ιι,
669 5735 748 5787 l0.
827 5735 868 5767 ὀ
905 5733 1102 5803 Ephes.
1134 5750 1215 5798 ιιι,
1241 5733 1359 5789 ϐ.’⁰
1391 5730 1560 5802 Soph.
1596 5732 1731 5803 1_n,-l

1850 5729 2069 5786 Lachar;
2103 5745 2178 5793 ις,
2217 5727 2271 5784 9.
2348 5727 2390 5758 "
2431 5725 2627 5795 Ephcs.
2668 5736 2730 5786 ιι,
2762 5720 2848 5777 15.
2924 5718 2969 5749 ⁸⁸
3001 5713 3156 5769 Rom.
3192 5710 3340 5779 tx,7,
3375 5708 3433 5765 8.

219 5801 257 5828 ”
285 5799 475 5861 Jcrem.
512 5821 582 5859 LI.
615 5799 620 5801 ⁷
688 5809 732 5837 ³³
766 5804 868 5859 lsa.
925 5799 984 5868 Ii,
1013 5805 1065 5859 5.
1143 5806 1188 5838 ³³
1259 5799 1551 5867 Τιιοεεζιι,
1594 5801 1645 5858 7.
