3998 6390
135 355 297 419 2625
1323 357 1856 420 COMMENTARII
1896 358 1981 421 IN
2013 358 2302 420 ISAIAM.

136 474 341 542 σμός.
374 470 609 540 Λέγεται
629 470 687 526 δὲ
716 472 861 545 ἀμφὶ
887 472 989 544 τὴν
1017 471 1225 544 ἔρημον
1247 468 1387 527 εἶναι
1418 475 1528 528 τῶν
1555 476 1737 546 Σαρα-

1858 475 2105 531 Dominus
2152 474 2297 530 Deus
2332 483 2504 530 vester
2550 474 2617 527 ".
2667 490 2685 525 ι
2730 472 2913 542 Atque
2949 473 3063 527 haec
3092 472 3314 543 quidem
3349 474 3417 528 de

140 564 366 633 χηνῶν.
406 564 517 616 Καὶ
563 562 803 620 Ναϐεὼθ
849 566 1011 636 ἑτέρα
1042 565 1195 637 χώρα
1224 565 1317 619 τοῦ
1340 566 1558 638 Ἰσραὴλ
1586 568 1744 621 ἀλλο-

1858 566 2047 621 [sraele
2076 574 2205 620 sunt
2235 566 2608 636 intelligenda.
2634 565 2752 620 Jam
2784 580 2915 618 vero
2939 580 3055 618 oves
3082 565 3419 635 alienigenas

138 657 306 723 τρία.
353 653 647 722 Δηλοῦνται
689 653 745 707 δὲ
791 653 881 707 διὰ
916 654 1025 707 τῶν
1069 653 1253 723 κριῶν
1295 657 1344 708 οἱ
1382 656 1745 727 ἀρχικώτατον.

1858 657 2021 713 Cedar
2053 658 2332 723 nimirum,
2360 658 2621 727 ipsosque
2647 658 2838 711 arietes
2873 656 2924 710 Ν
2930 656 3111 711 abeotli
3136 673 3419 726 congrega-

136 744 261 798 τῶν
284 744 351 808 ἐξ
373 743 547 798 ἐθνῶν
574 744 1039 815 ἐπιστρεφόντων,
1063 745 1113 798 οἳ
1144 745 1237 799 καὶ
1268 745 1361 799 νῦν
1387 746 1535 817 δῶρα
1563 760 1749 814 προσ-

1858 763 1956 806 rum
1986 753 2053 807 iri
2080 752 2329 807 aliirmat.
2353 752 2638 823 Significat
2664 760 2845 806 autem
2876 750 3051 805 Cedar
3080 751 3218 805 idem
3241 752 3421 820 plane.

138 832 476 903 φέρουσιν,
508 833 863 902 ἀφιεροῦντες
893 836 1120 898 ἑαυτοὺς
1146 834 1225 905 τῷ
1248 835 1366 906 Θεῷ
1383 874 1400 900 ,
1430 838 1526 889 καὶ
1553 839 1621 908 τῇ
1647 835 1745 891 τοῦ

1858 861 1912 900 ac
1931 847 1977 901 si
2004 846 2245 900 tenebras
2274 845 2427 899 dicas
2472 861 2488 899 :
2516 852 2711 913 estque
2732 843 2800 895 ad
2837 842 3160 897 solitudines
3190 841 3422 896 Sarace-

139 928 555 996 θυσιαστηρίου
583 927 1039 998 προσεδρεύοντες
1066 924 1573 1001 λειτουργίᾳ,δι’ὦν
1591 932 1626 1003 ἡ
1650 930 1747 985 τοῦ

1858 952 2044 992 norum
2080 938 2345 993 collocata
2383 938 2555 1007 regio.
2603 934 2698 990 Est
2727 951 2921 990 rursus
2957 944 3013 991 et
3043 934 3285 989 Nabeoth
3316 936 3421 988 alia

140 1017 295 1072 Θεοῦ
336 1018 643 1083 δοξάζεται
684 1020 1003 1089 Ἐκκλησία.

1858 1029 2005 1098 regio
2042 1028 2144 1084 sub
2184 1027 2383 1083 lsraele
2410 1028 2575 1098 887
2601 1028 2800 1081 aliena.
2841 1025 3230 1096 Signiﬁcantur
3259 1040 3423 1094 porro

145 1116 391 1168 arietum
420 1116 662 1179 nomine,
699 1116 941 1185 gentium
977 1115 1340 1184 imperatores
1363 1115 1622 1183 maximi;
1648 1118 1743 1187 qui
1779 1122 2031 1177 conversi
2051 1122 2160 1191 jam
2186 1123 2328 1176 dona
2362 1123 2610 1190 offerunt,
2646 1121 2855 1189 seipsos
2924 1119 3032 1172 Deo
3092 1134 3422 1174 consecran-

150 1217 262 1268 tes.
319 1214 375 1259 et
426 1207 593 1259 altari
636 1206 688 1259 in
732 1207 853 1271 ejus
894 1207 1261 1262 ministerium
1312 1218 1591 1275 astantes;
1649 1222 1744 1279 per
1782 1229 1921 1283 quos
1953 1215 2070 1285 ipsa
2102 1216 2326 1285 gloriam
2365 1214 2457 1268 Dei
2491 1212 2813 1282 adipiscitur
2843 1212 3105 1265 Ecclesia.

221 1298 395 1359 Τινὲς
425 1298 482 1349 δὲ
514 1298 594 1362 τὸ,
613 1298 879 1365 Κάμηλοι
899 1298 994 1351 ἐπὶ
1016 1299 1321 1367 καμήλων,
1352 1301 1536 1368 φασὶν,
1562 1300 1747 1368 ἥξου-

1916 1305 2035 1362 Non
2063 1309 2263 1363 desunt
2284 1322 2431 1375 vero,
2456 1307 2549 1377 qui
2577 1306 2762 1359 cameli
2786 1306 3177 1373 supercamelos
3195 1306 3418 1371 venient,

146 1408 286 1452 σιν,
318 1389 352 1459 ἦ
388 1389 535 1460 ἅπερ
563 1389 747 1459 ἔχουσι
773 1389 1254 1461 προσκομίζοντες,
1281 1391 1377 1445 καὶ
1409 1393 1536 1455 τοὺς
1560 1406 1587 1434 ι
1609 1396 1751 1447 κατὰ

1858 1398 2124 1467 dixerint;
2168 1400 2277 1461 vel,
2338 1406 2397 1453 ut
2458 1413 2578 1459 quae
2639 1398 2741 1467 ipsi
2807 1398 3091 1463 haberent,
3138 1397 3422 1461 allaturos,

151 1484 322 1552 χεῖρα
365 1480 639 1548 τιμῶντες
693 1481 865 1534 Θεόν·
911 1481 944 1550 ἢ
992 1480 1074 1534 ὃτι
1119 1483 1180 1534 οὑ
1234 1480 1356 1534 καθ’
1385 1482 1477 1535 ἕνα
1508 1481 1752 1552 ἥξουσιν,

1858 1490 2136 1562 Deumque
2187 1490 2447 1545 facilibus
2507 1498 2561 1545 et
2600 1489 2867 1559 promptis
2899 1497 3255 1543 veneraturos
3304 1504 3426 1543 esse

154 1572 276 1626 ἀλλ’
300 1571 606 1641 ἀγεληδὸν
627 1573 1101 1643 καρποφοροῦντες
1124 1575 1204 1636 είς
1227 1573 1386 1640 δόξαν
1406 1574 1565 1639 Θεοῦ,
1585 1577 1754 1646 ἤγουν

1858 1584 2142 1639 docerent:
2173 1583 2281 1646 vel,
2335 1594 2393 1636 ut
2422 1596 2530 1635 non
2557 1581 2862 1652 sigillatim,
2908 1577 3002 1633 sed
3033 1581 3292 1648 gregatim
3331 1595 3424 1634 ac-

154 1665 261 1735 τὴν
289 1664 349 1730 ἐξ
375 1664 553 1733 ἔργων
586 1663 804 1731 ἀγαθῶν
834 1665 1120 1735 εὐοσμίαν,
1141 1666 1236 1719 καὶ
1266 1666 1537 1721 πλοῦτον
1565 1684 1751 1723 πνευ-

1858 1689 2133 1737 cessuros,
2160 1683 2213 1729 et
2234 1674 2416 1728 in'Dei
2446 1674 2673 1743 gloriam
2701 1671 2910 1727 fructus
2948 1673 3232 1736 allaturos,
3266 1672 3316 1725 id
3341 1681 3427 1726 est

152 1759 435 1828 ματικόν.
464 1756 557 1820 Ἐξ
581 1749 655 1808 ὧν
692 1772 836 1818 τινες
880 1756 993 1820 ἕξιν
1042 1756 1406 1828 εὐαγγελικὴν
1453 1755 1750 1828 ἐσχηκᾶτες

1858 1766 2119 1819 bonorum
2160 1779 2387 1833 operum
2415 1764 2765 1824 suavitatem,
2797 1770 2849 1816 et
2872 1761 3089 1814 divitias
3123 1761 3427 1829 spirituales

157 1850 515 1920 προέστησαν
562 1848 653 1902 καὶ
693 1848 860 1912 λαῶν,
891 1846 1401 1918 εὐαγγελιζόμενοι
1445 1854 1512 1903 τὸ
1553 1852 1750 1918 σωτή-

1858 1856 2166 1925 iudicarent
2216 1856 2327 1909 :de
2361 1870 2597 1924 quorum
2626 1866 2857 1909 numero
2912 1851 3134 1907 fuerunt
3179 1853 3428 1907 nonnulli

151 1960 294 2011 ριον
318 1941 827 2009 κυρίου.”11ξουσι
856 1940 934 1999 δὲ.
954 1941 1111 2011 φησὶ,
1131 1940 1229 1994 καί
1247 1943 1509 2010 πρόϐατα
1525 1943 1752 2011 Κηδὰρ,

1858 1946 1951 2016 qui
2008 1947 2254 2000 habitum
2289 1946 2467 2016 adepti
2504 1943 2905 2014 evangelicum,
2952 1944 3157 2014 pepulo
3194 1944 3429 2015 przel‘ue-

161 2034 261 2089 καὶ
304 2033 462 2103 κριοὶ
496 2033 752 2088 Ναϐεώθ.
784 2032 941 2085 Τοῦτ’
966 2032 1101 2098 ἐστι,
1128 2033 1317 2087 δεκταὶ
1346 2035 1440 2087 καὶ
1469 2034 1672 2088 τούτων
1698 2036 1756 2089 αι

1858 2048 2009 2101 runt,
2043 2048 2093 2091 et
2140 2039 2380 2091 salutare
2429 2036 2641 2089 Domini
2674 2037 3087 2088 annuntiarunt.
3115 2035 3268 2100 Quod
3305 2049 3425 2088 rur-

1859 2144 1979 2184 sum
2032 2139 2275 2182 venturas
2322 2138 2371 2181 et
2408 2144 2524 2181 oues
2573 2125 2783 2189 Cedar,
2833 2137 2883 2179 et
2938 2127 3129 2179 arietes
3189 2125 3433 2179 Nabeoth

1856 2221 2030 2284 dixit;
2059 2236 2272 2282 eorum,
2320 2220 2413 2289 qui
2469 2217 2747 2272 accessuri
2800 2226 2951 2279 sunt,
2982 2227 3133 2287 grata
3174 2215 3289 2271 fore
3335 2232 3433 2287 per

1861 2311 2019 2366 iidem
2074 2312 2345 2367 sacriﬁcia
2402 2310 2755 2379 signiﬁcavit.
2818 2308 2979 2363 Dicas
3030 2323 3217 2376 porro,
3256 2309 3427 2370 aiunt,

1860 2404 2054 2465 ovium,
2084 2404 2409 2470 arietumque
2441 2401 2681 2463 nomine,
2722 2398 2869 2454 viros
2906 2413 3002 2453 eos
3032 2400 3303 2467 intelligi;
3336 2400 3429 2468 qui

1859 2494 2156 2547 virtutibus
2200 2494 2409 2555 onusti,
2462 2490 2941 2544 mansuetudinem
2988 2490 3429 2559 amplectuntur;

1804 2648 1808 2652 ,
1859 2586 2059 2656 quibus
2080 2586 2269 2638 domus
2293 2584 2509 2637 Domini
2536 2583 2903 2653 gloriﬁcatur:
2921 2596 3030 2635 non
3060 2591 3241 2637 autem
3264 2581 3432 2638 lbmis

1860 2688 1914 2735 et
1947 2679 2334 2748 sanguiuibus,
2368 2685 2426 2728 ut
2453 2677 2582 2730 olim
2612 2675 2895 2743 templum,
2939 2673 3034 2728 sed
3081 2674 3231 2727 cultu
3273 2675 3433 2744 plane

1862 2771 2160 2842 spirituali.
2203 2769 2379 2837 Hujus
2414 2784 2546 2823 vero
2578 2767 2708 2820 dicti
2750 2777 2804 2820 et
2845 2766 3097 2819 Salvator
3123 2766 3288 2820 etiam
3320 2781 3434 2820 tue-

160 2127 350 2181 θυσίαι
383 2128 705 2197 γενήσονται
751 2129 1092 2197 προσιόντων
1140 2126 1233 2179 διὰ
1280 2127 1535 2189 πίστεως.
1569 2129 1757 2194 Bima;

159 2218 204 2270 δ’
232 2218 338 2305 ἂν,⁸
361 2221 495 2287 φησὶ
515 2258 531 2283 ,
562 2219 827 2285 πρόϐατα
856 2218 954 2273 καὶ
990 2218 1216 2285 κριοὺς,
1246 2219 1444 2291 ἄνδρας
1475 2220 1758 2291 βρίθοντας

162 2303 376 2373 καλοῖς,
404 2309 501 2362 καὶ
529 2309 831 2361 ἐπιείκειαν
859 2308 1275 2376 ἀσπαζομένους
1294 2349 1308 2371 ,
1337 2310 1403 2361 δι’
1437 2303 1513 2362 ὧν
1538 2311 1565 2363 ὁ
1593 2311 1759 2376 οἶκος

160 2398 478 2462 δοξάζεται
528 2397 635 2451 τοῦ
685 2397 855 2460 Θεοῦ,
884 2398 945 2450 οὐ
979 2397 1068 2450 διὰ
1101 2399 1314 2451 καπνοῦ
1348 2399 1443 2452 καὶ
1483 2400 1757 2470 αἱμάτων,

160 2490 239 2554 ὡς
267 2492 298 2543 ὁ
336 2490 508 2543 πάλαι
552 2488 707 2554 νεὼς,
736 2488 874 2542 ἀλλὰ
921 2489 1010 2542 διὰ
1057 2490 1310 2559 λατρείας
1360 2493 1757 2563 πνευματικῆςο

162 2582 375 2635 Τούτου
404 2581 464 2634 δὲ
499 2582 757 2651 μνησθεὶς
774 2581 868 2634 τοῦ
899 2581 1064 2653 ῥητοῦ
1090 2583 1184 2634 καὶ
1209 2585 1236 2635 ὀ
1262 2582 1451 2653 Σωτὴρ
1480 2582 1720 2649 ἔφασκεν
1739 2600 1756 2616 ο

174 2678 193 2724 ι
214 2673 274 2725 '0
293 2671 450 2735 οἶκός
472 2690 595 2741 μου,
627 2667 775 2735 οἶκος
806 2675 1117 2742 προσευχῆς
1137 2672 1491 2743 κληθήσεται,
1525 2676 1683 2745 ὑμεῖς
1702 2675 1760 2729 δὲ

171 2764 333 2816 αὑτὸν
358 2766 655 2833 ἐποιήσατε
679 2764 945 2834 σπήλαιον
963 2765 1193 2838 λῃστῶν.
1210 2767 1369 2818 »Ὅτε
1392 2766 1569 2818 τοίνυν
1598 2762 1761 2832 οἶκος

171 2854 382 2924 γέγονε
414 2854 762 2925 προσευχῆς
781 2897 795 2921 ,
824 2857 948 2909 τότε
991 2857 1373 2920 δεδόξασται.
1399 2858 1681 2927 Ἐπίτηδες
1706 2859 1761 2910 δὲ

1862 2863 2044 2925 minit,
2076 2877 2203 2917 cum
2237 2860 2456 2915 Judaeos
2500 2860 2809 2928 alloquens,
2855 2858 3075 2912 domum
3109 2872 3288 2922 suam,
3332 2858 3435 2912 do-

172 2947 204 3015 ή
235 2946 454 3017 Γραφὴ,
479 2946 554 3009 ὡς
574 2946 892 3017 νηπιώδεσι,
919 2951 1032 3011 τοῖς
1054 2949 1113 3012 ἐξ
1136 2949 1355 3020 Ἰσραὴλ
1378 2950 1758 3020 διαλεγομένη,

1863 2968 2008 3006 mum
2036 2953 2255 3020 quidem
2281 2950 2551 3005 orationis
2581 2947 2763 3003 vocari
2794 2947 2932 3001 dixit
2960 2945 3099 3009 "M,
3126 2947 3221 3001 sed
3252 2946 3318 2999 ab
3352 2945 3436 3001 eis

171 3041 236 3092 ἐκ
283 3038 400 3091 τῶν
448 3040 631 3102 αὐτοῖς
665 3041 915 3109 συνήθων
953 3040 1051 3103 τὰς
1084 3042 1417 3110 ἐπαγγελίας
1464 3043 1762 3113 παρέχεται

1864 3044 2179 3113 speluncam
2232 3042 2507 3095 latronum
2563 3038 2764 3093 factam
2818 3054 2964 3093 esse.
3013 3036 3107 3091 Est
3152 3039 3318 3106 igitur
3368 3051 3436 3091 eo

176 3132 316 3198 μετὰ
364 3129 461 3182 τοῦ
499 3129 867 3202 [σωματικοῦ]
901 3131 1095 3203 δηλοῦν
1138 3151 1191 3186 τι
1240 3132 1336 3186 καὶ
1382 3134 1592 3203 νοητόν.
1634 3134 1763 3203 Περὶ

1869 3140 2113 3201 tempore
2160 3131 2492 3202 gloriﬁcata,
2540 3144 2651 3198 quo
2683 3128 2872 3181 domus
2909 3128 3167 3181 orationis
3198 3128 3323 3195 fuit.
3361 3126 3437 3184 De

175 3224 372 3279 πολλοῦ
404 3226 513 3294 γὰρ
540 3220 608 3295 ἦν
637 3225 823 3290 αὐτοῖς
864 3224 1141 3293 ἀλλόφυλα
1179 3223 1323 3292 sam
1352 3224 1763 3297 δωροφοροῦντα

1869 3225 2141 3279 industria
2171 3233 2351 3279 autem
2384 3224 2681 3287 lsraelitas,
2711 3232 2969 3290 tanquam
3000 3219 3235 3273 infantes
3291 3220 3438 3273 Scri-

3277 359 3421 423 262".
3503 393 3507 397 .

176 3316 500 3370 Ostiensem.
527 3316 719 3385 Θέλγει
748 3316 931 3369 τοίνυν
967 3317 1164 3378 αὐτοὺς
1196 3306 1664 3386 συμψελλιζομένη
1696 3314 1764 3368 τὰ

178 3409 327 3477 φίλα.
367 3410 477 3461 Καὶ
503 3409 705 3479 συνήθη
733 3408 862 3479 γὰρ,
887 3408 963 3471 ὡς
992 3408 1056 3477 δὴ
1088 3408 1297 3472 παισὶν,
1344 3407 1762 3474 ἐπαγγέλλεται,

180 3500 243 3553 δι’
270 3494 347 3553 ὧν
398 3502 607 3571 ἁνέξηῖ
658 3500 1076 3571 προτρεπομένη
1130 3499 1265 3568 πρὸς
1314 3498 1649 3565 θεοσέϐειαν,
1690 3500 1763 3562 ὡς

182 3594 316 3666 πρὸς
343 3594 691 3646 διδασκαλίαν
724 3594 851 3655 τοὺς
882 3592 1077 3654 παῖδας
1126 3590 1593 3658 εἰώθαμεν.¹’ίσως
1624 3592 1669 3642 δ’
1696 3590 1764 3643 ἂν

184 3684 366 3746 αὐτοῖς
416 3683 699 3752 ἀπήντηκε
749 3684 843 3734 καὶ
889 3681 1244 3751 σωματικῶς,
1292 3682 1341 3734 εί
1390 3680 1480 3733 τὸν
1529 3682 1764 3750 Χριστὸν

183 3774 568 3843 παρεδέξαντο.
596 3772 897 3842 Τοιγαροῦν
948 3776 1044 3825 καὶ⁵
1075 3771 1220 3825 οὕτω
1263 3772 1405 3834 τινὲς
1436 3772 1725 3824 ἀπέδωκαν
1748 3787 1763 3801 ο

195 3862 462 3915 Ἀνὰλαδέ
494 3880 585 3914 σου
612 3864 674 3915 τὸ
703 3863 969 3934 πρότερον
990 3862 1137 3930 φῶς,
1166 3860 1582 3929 Ἰερουσαλὴμ,
1619 3861 1646 3913 ὃ
1678 3862 1765 3915 διὰ

187 3953 460 4025 ῥᾳθυμίας
487 3954 816 4018 ἀπέσϐεσας,
846 3956 941 4007 καὶ
972 3946 1015 4021 ᾧ
1042 3954 1162 4006 κατ’
1192 3953 1469 4020 ἐξαίρετον
1500 3952 1764 4023 ἐτιμήθης

184 4045 287 4097 τῶν
314 4044 494 4099 ἄλλων
520 4044 992 4113 ὲσκοτισμένων,
1024 4044 1099 4106 ὡς
1128 4042 1192 4096 ἂν
1222 4045 1423 4096 Mrem
1454 4042 1552 4095 καί
1577 4043 1763 4105 βασι-

184 4135 362 4191 λεῦσι
396 4135 702 4199 θεοσεϐείας
732 4137 869 4207 γένῃ
900 4136 1251 4205 παράδειγμα
1270 4176 1285 4198 ,
1318 4132 1411 4187 σοῦ
1438 4133 1495 4186 δὲ
1532 4135 1608 4203 μὴ
1641 4133 1765 4203 βου-

185 4231 421 4300 λομένης
453 4231 550 4283 ἐπὶ
583 4230 655 4284 τὰ
682 4232 827 4298 ἔθνη
856 4231 923 4284 τὸ
944 4228 1065 4299 φῶς
1100 4229 1207 4283 τοῦ
1237 4226 1495 4297 Χριστοῦ
1527 4227 1766 4297 μεταϐή-

188 4339 361 4375 σεται.
378 4306 467 4375 ⁵Τὸ
493 4322 584 4375 σὺν
611 4320 705 4376 οὖν
722 4323 898 4392 ὄμμα,
933 4322 1119 4391 φησὶν,
1143 4322 1423 4376 ἀνάτεινον
1441 4320 1576 4389 πρὸς
1606 4318 1761 4381 Θεὸν.

188 4416 279 4468 καὶ
302 4414 427 4483 ὕψει
459 4416 583 4476 τοὺς
606 4416 663 4467 ὲν
701 4418 766 4485 τῇ
793 4414 1064 4484 διασπορᾷ
1100 4412 1472 4483 συνηγμένους
1507 4409 1611 4464 ὑπὸ
1652 4410 1763 4463 τῶν

186 4506 527 4574 κατεχόντων
555 4504 1073 4576 δορυφορουμένους.

1866 3326 2023 3386 ptura
2055 3317 2359 3385 alloquens,
2396 3328 2736 3384 perea,quaa
2776 3313 2979 3367 usitata
3018 3319 3169 3373 sunt,
3204 3312 3437 3380 promis-

1864 3410 2048 3463 siones
2103 3407 2239 3475 ipsis
2272 3406 2513 3468 exhibet,
2549 3413 2607 3458 ut
2638 3419 2764 3459 cum
2804 3418 2891 3469 eo,
2927 3403 3074 3472 quod
3109 3417 3436 3472 corporeum

1863 3505 1968 3562 est,
2022 3496 2364 3566 intelligibile
2402 3495 2565 3548 etiam
2621 3493 2826 3561 aliquid
2871 3492 3169 3560 signiﬁcari
3209 3491 3440 3546 demon-

1864 3598 2019 3645 stret.
2054 3588 2230 3658 Magni
2257 3588 2401 3642 enim
2435 3587 2654 3640 illorum
2690 3586 2977 3648 intererat,
3014 3586 3058 3639 si
3093 3593 3269 3654 gentes
3304 3584 3438 3639 alie-

1864 3686 2095 3755 nigenas
2142 3684 2283 3738 dona
2338 3682 2537 3736 olTerre
2573 3682 2943 3735 intuerentur.
2998 3681 3103 3735 Eos
3135 3680 3303 3748 igitur
3333 3680 3437 3732 hoc

1866 3778 1984 3831 loco
2016 3777 2305 3840 demulcet,
2336 3782 2597 3844 tanquam
2641 3774 2707 3827 de
2737 3771 3000 3842 iucundis
3053 3772 3217 3825 rebus
3273 3771 3439 3825 simul

1865 3866 2137 3920 balbutire
2155 3866 2372 3933 gestiat.
2406 3863 2536 3929 Quae
2561 3864 2706 3917 enim
2736 3861 2871 3931 ipsis
2900 3861 3099 3915 usitata
3139 3870 3290 3919 sunt,
3326 3874 3436 3912 non

1864 3955 2018 4009 aliter
2062 3970 2197 4010 sane
2237 3969 2399 4023 quam
2445 3953 2651 4023 pueris,
2706 3951 3015 4015 annuntiat,
3050 3954 3108 4002 ut
3137 3964 3231 4003 eos
3263 3949 3336 4001 ita
3367 3947 3437 4001 ad

1864 4048 2120 4117 pietatem
2154 4046 2388 4099 adducat
2422 4062 2437 4098 :
2474 4059 2583 4114 quo
2614 4054 2777 4113 pacto
2808 4057 3010 4112 pueros
3046 4043 3199 4110 ipsos
3259 4040 3314 4093 in
3354 4039 3439 4093 di¢

1864 4137 2155 4207 sciplinam
2180 4139 2422 4192 solemus
2451 4137 2794 4205 pertrahere.
2814 4132 3070 4186 Fortasse
3098 4145 3226 4185 vero
3252 4139 3306 4183 et
3332 4130 3434 4183 ista

1865 4230 1974 4286 illis
2027 4229 2393 4298 corporaliter
2441 4227 2832 4297 contigissent,
2870 4226 2913 4279 si
2948 4222 3227 4279 Christum
3270 4218 3437 4273 admi-

1864 4324 2090 4377 sissent.
2143 4320 2236 4375 Sic
2290 4320 2460 4389 igitur
2514 4319 2680 4373 etiam
2735 4315 2983 4370 nonnulli
3033 4312 3431 4382 explicarunt:

1866 4413 2103 4466 Resume
2141 4411 2296 4479 prius
2350 4409 2525 4462 lumen
2563 4407 2889 4471 Jerusalem,
2920 4403 3067 4474 quod
3108 4401 3433 4471 negligentia

1794 4496 1836 4550 Ι)
1864 4504 2033 4574 688
2055 4511 2147 4556 tua
2163 4503 2492 4557 exstinctum
2516 4511 2620 4563 est,
2651 4512 2867 4569 quoque
2892 4504 3087 4567 prieter
3102 4508 3197 4548 eos
3217 4492 3434 4555 eximie,

187 4596 277 4663 qui
340 4594 566 4647 tenebris
610 4595 774 4660 operti
815 4603 957 4655 sunt,
1013 4593 1277 4673 honorata
1322 4602 1405 4657 es,
1434 4599 1495 4646 ut
1517 4594 1758 4661 gentibus
1797 4593 1931 4662 ipsis
1959 4603 2007 4646 et
2042 4594 2250 4663 regibus
2286 4592 2505 4662 pietatis
2533 4590 2839 4657 exemplum
2871 4588 3133 4658 praebeas.
3167 4584 3323 4649 Quod
3388 4585 3435 4636 Si

190 4687 353 4751 nolis,
396 4685 465 4738 ad
501 4696 678 4757 gentes
719 4684 924 4738 Christi
948 4685 1127 4739 lumen
1157 4685 1433 4739 transibit.
1467 4684 1567 4738 Tui
1600 4687 1764 4756 igitur
1837 4686 1980 4739 oculi
2032 4688 2233 4749 aciem,
2267 4684 2465 4753 inquit,
2515 4684 2582 4736 ad
2614 4681 2780 4735 Deum
2832 4680 3039 4749 dirige;
3075 4684 3129 4732 et
3156 4690 3275 4738 eos,
3343 4674 3435 4741 qui

190 4778 431 4848 dispersi
455 4786 637 4842 erant,
663 4786 1046 4849 congregatos,
1076 4780 1429 4848 ipsorumque
1470 4778 1757 4847 praesidio,
1813 4793 1843 4832 a
1878 4777 2083 4848 quibus
2130 4777 2556 4839 detinebantur,
2606 4781 2783 4828 tectos
2838 4780 2893 4827 et
2945 4771 3206 4826 defensos
3259 4768 3439 4821 intue-

192 4874 363 4927 beris.

256 4962 691 5031 Ἐπαγγέλλεται
740 4965 800 5016 δὲ
848 4964 943 5018 καὶ
994 4963 1245 5032 χρυσὸν,
1292 4966 1489 5019 καὶτὰ
1517 4966 1626 5019 ἀπὸ
1652 4964 1770 5019 τῶν

189 5053 375 5108 ἐθνῶν
417 5057 533 5118 τοῖς
574 5055 704 5125 περὶ
743 5056 918 5108 ταῦτα
968 5055 1355 5123 ἐπτοημένοις,
1398 5058 1453 5107 »εί
1498 5055 1772 5108 θεοσεὸεἳν

191 5146 444 5199 ἐθέλοιεν.
474 5148 585 5198 Καὶ
616 5146 790 5199 ταῦτα
827 5148 927 5218 μὲν
960 5139 1128 5201 οὗτοι.
1163 5148 1240 5217 Τῇ
1269 5148 1324 5199 δὲ
1358 5147 1560 5217 παλαιᾷ
1589 5148 1770 5200 διαλε-

194 5240 335 5309 χθεὶς
378 5239 803 5308 Ἰερουσαλὴμ,
850 5239 927 5309 τῷ
974 5238 1221 5291 θεοσεϐεῖ
1272 5238 1649 5307 πολιτεύματι,
1702 5242 1766 5310 τῇ

198 5332 389 5404 μητέρι
422 5332 525 5401 τῆς
571 5333 698 5393 νέας
748 5332 842 5385 καὶ
890 5331 1034 5397 κατὰ
1084 5330 1320 5401 Χριστὸν
1371 5328 1668 5393 πολιτείας,
1704 5332 1767 5383 ὲκ

198 5422 485 5496 προσώπου
518 5423 613 5477 νῦν
640 5424 813 5493 αὐτῆς
844 5424 1096 5494 ἐπιφέρει
1126 5423 1195 5477 τὰ
1224 5422 1360 5493 μετὰ
1382 5421 1553 5475 ταῦτα
1578 5418 1768 5490 λεγού-

260 5579 301 5611 ³¹
346 5581 545 5649 Ezech.
588 5597 773 5635 xxxiv.
815 5582 904 5645 30,
933 5583 1021 5636 5i.
1096 5582 1213 5617 ³³·³δ
1251 5580 1442 5635 Matth.
1476 5595 1589 5642 ut,
1618 5579 1702 5637 l5.

1937 4962 2239 5017 Pollieetur
2268 4972 2400 5013 vero
2452 4971 2561 5011 non
2586 4972 2782 5010 aurum
2828 4964 3071 5019 tantum;
3133 4951 3227 5007 sed
3287 4960 3341 5005 et
3373 4971 3435 5007 ea

1868 5057 2033 5111 etiam
2066 5054 2133 5107 de
2166 5050 2425 5122 gentibus.
2458 5064 2580 5119 qua:
2621 5062 2716 5103 eos
2768 5048 2821 5101 in
2871 5044 3284 5099 admirationem
3320 5053 3437 5097 tra-

1866 5147 2031 5211 hunt,
2065 5146 2111 5199 si
2147 5144 2240 5198 Dei
2270 5143 2482 5195 cultum
2512 5140 2938 5209 amplectantur.
2974 5138 3152 5203 Atque
3182 5134 3296 5187 haec
3324 5136 3440 5203 qui-

1864 5239 1986 5293 dem
2020 5237 2119 5291 illi.
2148 5235 2415 5289 Caeterum
2441 5240 2726 5301 postquam
2748 5244 2873 5283 cum
2900 5236 3082 5281 vetere
3102 5224 3400 5279 Jerusalem
3418 5266 3436 5293 ,

1867 5329 1921 5385 id
1956 5337 2063 5395 est,
2111 5342 2234 5380 cum
2294 5325 2384 5387 iis,
2422 5326 2513 5393 qui
2548 5324 2695 5391 pium
2748 5323 2868 5373 vitm
2910 5320 3219 5373 institutum
3258 5318 3436 5371 secuti

1864 5421 2105 5476 recentis
2134 5434 2216 5482 se,
2250 5426 2305 5473 et
2353 5416 2421 5470 ad
2454 5414 2661 5470 Christi
2692 5426 2939 5468 normam
2972 5410 3285 5480 composita
3322 5421 3436 5463 ma-

1470 5711 1701 5768 VARIIE
1740 5705 2142 5765 LECTIONES.

266 5796 289 5825 ι
322 5806 409 5859 γρ.
447 5789 575 5849 τοῖς.
650 5794 677 5835 1
712 5802 798 5853 π).
841 5786 1032 5854 dvas“.
