3998 6390
182 327 344 394 2629

1378 326 1910 391 COMMENTARII
1944 328 2029 392 IN
2063 329 2347 391 ISAIAM.

3326 326 3468 392 2630
3528 386 3531 389 .

179 447 285 500 hct
316 444 413 498 τὸν
440 442 692 515 θεμέλιον
732 440 957 514 χρυσὸν,
981 441 1252 516 ἄργυρον,
1278 440 1462 507 λίθους
1487 443 1726 515 τιμίους.
1756 460 1777 496 ι

1896 446 2093 515 argenti
2140 443 2459 499 nominibus
2490 441 2858 515 signiﬁcatas,
2895 440 3195 511 afferentes.
3227 439 3284 496 Id
3314 443 3462 497 cnim

180 536 359 601 Τινὲς
380 537 439 590 δὲ
467 537 545 601 ὡς
575 535 684 589 ἀπὸ
709 536 806 588 τοῦ
836 537 1119 608 προφήτου
1162 535 1235 589 τὰ
1282 535 1548 606 μέλλοντα
1577 536 1788 607 θεωρήο

182 646 397 692 σαντος
425 628 618 683 ἔλαϐον
651 628 734 690 τὸ,
772 629 960 695 Τίνες.
994 629 1058 682 υἱ
1083 627 1139 681 δὲ
1164 627 1539 698 θαυμάζοντος
1559 628 1620 681 τὸ
1649 627 1790 699 πλῆ-

182 722 285 788 θος
328 722 442 777 τῶν
490 721 876 788 ὲπαναγόντων
916 720 1010 774 ὲπὶ
1056 719 1171 788 τὴν
1207 717 1628 790 Ἰερουσαλήμ.
1673 718 1788 774 Νέ-

180 833 343 888 peae
391 817 502 887 γὰρ
550 812 1035 884 πεπυκνωμένοις,
1085 812 1180 867 καὶ
1228 811 1606 881 περιστεραῖς
1664 811 1787 867 σὺν

177 907 487 975 νεοσσοῖς
536 905 829 969 ἀπεικάζει
882 903 1091 959 τούτων
1138 902 1200 957 τὸ
1242 902 1708 974 πλῆθος.Ὄμοιον
1735 903 1794 957 δὲ

178 1002 267 1075 τῷ
303 1004 410 1073 ήδη
446 1000 690 1073 ρηθέντιο
724 994 905 1055 Οὗτοι
931 996 999 1052 δέ
1018 1014 1121 1068 μοι
1150 996 1271 1052 ποῦ
1294 992 1498 1067 ἦσαν;
1524 998 1589 1049 Ὃ
1614 996 1795 1051 τοίνυν

180 1093 427 1147 ἔϐλεπεν
463 1095 493 1147 ὁ
521 1092 812 1165 προφήτης
845 1090 1111 1161 φησίν.¹’0
1138 1088 1232 1143 καὶ
1259 1090 1503 1160 Μιχαίας
1546 1090 1794 1160 ποιήσειν

180 1187 405 1255 ἔλεγεν,
484 1185 651 1256 μηδὲν
713 1184 1086 1255 ἀνασχόμενος
1154 1182 1293 1254 πρὸς
1360 1182 1557 1253 ήδονὴν
1617 1183 1793 1236 εἰπεῖν

182 1278 428 1348 ’Δχαά6.
471 1277 613 1331 Ἀλλ’
661 1276 869 1330 εἰπών·
922 1295 942 1329 ι
975 1274 1179 1348 Θεωρῶ
1227 1274 1321 1329 τὸν
1370 1274 1499 1328 λαὸν
1547 1274 1642 1328 ἐπὶ
1683 1273 1794 1327 τῶν

179 1371 389 1443 ὁρέων,
441 1371 576 1426 ὡσεὶ
628 1371 881 1443 πρόϐατα
921 1368 998 1442 μὴ
1059 1369 1253 1441 ἔχοντα
1301 1369 1554 1441 ποιμένα·
1578 1387 1598 1421 ι
1641 1368 1785 1423 οὕτω

183 1465 290 1520 καὶ
306 1462 406 1519 νῦν
425 1481 579 1534 φησι,
600 1466 811 1528 πάντας
831 1460 1333 1535 δορυφορουμένους
1358 1460 1550 1529 ἥξειν,
1589 1463 1682 1515 καὶ
1709 1462 1785 1526 ὡς

182 1557 285 1612 ἐπ’
318 1556 496 1627 ὤμων
525 1555 861 1628 ἀγομένους
898 1555 995 1610 ἐπὶ
1023 1555 1121 1628 τὴν
1169 1552 1548 1627 Ἰερουσαλὴμ,
1587 1554 1665 1620 ὼς
1703 1555 1785 1619 είς

185 1646 355 1701 πόλιν
384 1645 755 1718 ἀνακειμένην
796 1644 937 1717 Θεῷ.

1886 538 2052 592 etiam
2080 538 2377 609 Apostolus
2409 536 2685 607 intelligit,
2711 550 2836 592 cum
2855 536 2964 591 ait:
2990 552 3009 586 ι
3038 534 3096 589 Si
3119 535 3245 604 quis
3275 544 3458 590 aulem

1889 627 2288 699 superaediticat
2330 642 2495 698 super
2541 626 2988 693 fundamentum,
3015 640 3234 691 aurum,
3272 639 3469 696 argen-

1890 731 2028 788 tum,
2062 719 2272 791 lapidcs
2303 719 2579 789 pretiosos
2609 719 2676 773 ³⁹.
2714 735 2734 770 ι
2772 718 2912 773 Sunt
2938 733 3067 773 vero
3096 718 3188 789 qui
3227 718 3467 787 prophe-

1894 823 2027 881 tam,
2052 824 2307 886 tanquam
2329 830 2451 885 quze
2470 814 2654 870 futura
2679 821 2867 869 essent
2889 814 3224 876 intueretur,
3246 813 3467 883 quinam

1891 907 1927 961 ii
1974 913 2182 973 essent,
2213 904 2557 977 quaesivisse.
2622 903 2764 960 Sunt
2796 903 2988 969 etiam,
3028 903 3123 972 qui
3163 901 3467 957 Jerusalem

1892 1002 2257 1074 repetentium
2282 997 2689 1053 multitudinem
2722 995 2988 1051 admirari
3016 995 3185 1067 690
3215 993 3467 1049 eumdem

1889 1092 2229 1148 existiment.
2270 1089 2515 1145 Nubibus
2549 1089 2694 1144 enim
2729 1088 2921 1145 densis
2959 1096 3015 1141 et
3048 1085 3342 1150 confertis,
3377 1102 3466 1139 co-

1890 1184 2085 1240 lumbae
2125 1183 2364 1253 denique
2411 1199 2532 1237 cum
2576 1181 2761 1251 pullis,
2807 1197 2997 1237 eorum
3055 1181 3466 1237 multitudinem

1889 1276 2252 1348 comparavit.
2290 1275 2391 1331 Est
2415 1289 2548 1329 vero
2569 1274 2698 1330 huic
2720 1289 2834 1329 non
2864 1273 3155 1341 dissimile,
3187 1274 3329 1344 quod
3354 1273 3467 1342 jam

1890 1363 2214 1435 usurpavit;
2244 1377 2393 1423 cum,
2430 1360 2660 1415 Ubinam
2706 1372 2880 1416 essent
2923 1362 3039 1426 isti,
3088 1360 3467 1431 interrogavit.

1890 1455 2049 1524 Quod
2106 1455 2275 1527 igitur
2334 1454 2599 1524 propheta
2652 1452 2811 1519 vidit,
2860 1454 3077 1509 extulit.
3125 1454 3382 1524 Idemque
3417 1461 3472 1508 et

1889 1548 2144 1605 Michaas
2175 1548 2293 1618 ipse
2313 1588 2329 1613 ,
2363 1561 2487 1601 cum
2513 1545 2651 1599 nihil
2687 1546 2755 1600 ad
2781 1546 2990 1601 Achabi
3020 1546 3301 1603 libidinem
3324 1546 3471 1616 loqui

1889 1649 2095 1714 posset,
2130 1639 2404 1695 facturum
2440 1653 2499 1694 se
2523 1638 2683 1703 dixit,
2712 1637 2798 1695 bis
2822 1640 3036 1695 verbis:
3073 1636 3277 1694 «Video
3301 1653 3473 1710 papu-

187 1738 311 1795 lum
356 1739 415 1794 in
455 1739 756 1805 montibus,
804 1746 1064 1810 tanquam
1115 1754 1284 1807 oves,
1321 1756 1444 1810 qua:
1489 1746 1771 1812 pastorem
1831 1752 1945 1794 non
2001 1736 2206 1792 habent
2229 1733 2299 1790 ⁸ο.
2340 1752 2359 1786 ι
2421 1732 2516 1788 Sic
2556 1734 2725 1804 igitur
2774 1748 2968 1790 omnes
3013 1734 3265 1805 praesidio
3296 1744 3471 1790 tectos

186 1847 310 1887 esse
338 1842 624 1897 uenturos,
664 1830 948 1901 velutique
972 1830 1203 1885 humeris
1231 1833 1286 1887 in
1319 1833 1829 1906 Hierosolymorum
1862 1828 2076 1895 urbem,
2115 1834 2379 1897 tauquam
2425 1824 2539 1881 Deo
2569 1835 2952 1882 consecratam
2992 1825 3291 1891 civitatem,
3322 1825 3473 1881 aela-

188 1933 313 1979 tum
341 1924 416 1979 iri
444 1924 547 1979 hoc
572 1924 736 1979 etiam
781 1922 905 1978 loco
950 1922 1242 1993 signiﬁcat.

263 2015 457 2071 Πλοῖιι
504 2014 563 2069 δὲ
624 2012 876 2083 Θαρσεῖς
928 2013 1128 2081 καλεῖ,
1174 2015 1302 2080 τοὺς
1359 2014 1467 2070 ἀπὸ
1512 2015 1612 2086 τῆς
1643 2018 1791 2083 Θαρ-

1971 2011 2143 2067 Vocat
2182 2018 2363 2065 autem
2425 2026 2581 2064 naves
2625 2008 2866 2073 Tharsis,
2910 2026 3027 2077 eos,
3057 2011 3151 2082 qui
3186 2010 3254 2067 de
3295 2011 3472 2067 Thar-

187 2108 332 2174 σεῒς
397 2107 728 2179 ἐρχομένους
794 2108 854 2163 ὲν
914 2105 1075 2179 Ἰνδίᾳ
1153 2108 1415 2179 κειμένης
1459 2104 1529 2181 ἧς
1580 2110 1675 2162 καὶ
1730 2110 1787 2163 ὲν

1896 2106 1966 2159 sis
2004 2105 2193 2170 ludite,
2248 2101 2408 2171 cujus
2455 2119 2678 2174 quoque
2722 2103 2889 2159 Jonas
2944 2104 3298 2170 meminit“,
3343 2121 3469 2177 pro-

189 2200 386 2271 Ἰωνίᾳ
434 2209 458 2236 ι
504 2199 800 2270 μέμνηται.
874 2197 1064 2253 Ταῦτα
1118 2199 1176 2253 δὲ
1235 2200 1387 2254 ἔσται
1451 2202 1519 2271 τῇ
1577 2201 1788 2268 Ἰερου-

190 2292 413 2361 σαλὴμ
460 2290 522 2343 οὐ
588 2290 665 2344 δι’
725 2290 938 2362 αὐτὴν,
998 2291 1137 2346 ἀλλὰ
1213 2291 1311 2346 διὰ
1354 2292 1447 2347 τὸν
1508 2292 1672 2356 Θεὸν,
1731 2292 1790 2358 ὃς

192 2384 346 2452 ἔγνω
400 2384 594 2453 στῆσαι
639 2382 738 2454 τὴν
790 2384 926 2454 πρὸς
978 2383 1108 2449 τοὺς
1160 2386 1405 2455 πατέρας
1454 2385 1791 2454 ἐπαγγελίαν

190 2477 288 2531 διὰ
324 2476 424 2548 τὴν
452 2474 648 2530 ἑαυτοῦ
682 2476 1102 2548 μεγαλειότητα.
1134 2479 1279 2547 Πρὸς
1296 2477 1511 2543 τούτοις
1540 2481 1786 2550 εἴρηται·

191 2567 311 2623 Kal
361 2566 875 2636 οὶκοδομήσουσιν
902 2568 1258 2639 ἀλλοτενεῖς
1283 2570 1357 2626 τὰ
1381 2572 1548 2639 τείχη
1580 2586 1698 2625 σου
1718 2588 1731 2603 ⁸
1762 2569 1793 2624 δ

194 2660 297 2716 καὶ
343 2659 445 2713 νῦν
475 2660 703 2732 δρᾶται’
741 2660 947 2714 ἐθνικοὶ
993 2661 1103 2734 γὰρ
1128 2662 1470 2736 Ἐκκλησιῶν
1506 2665 1789 2735 ἡγοῦνται,

196 2752 321 2814 ταῖς
350 2749 563 2804 ἑαυτῶν
595 2750 969 2815 διδασκαλίαις
1002 2753 1172 2817 αὑτὰς
1198 2753 1683 2824 περιφράττοντες,
1709 2757 1792 2819 είς

200 2844 259 2896 τὸ
290 2842 374 2915 μὴ
403 2842 564 2919 λογον
593 2842 874 2914 ἀλλότριον
908 2842 1092 2915 χώραν
1122 2844 1269 2915 ἔχειν
1315 2844 1630 2918 ἐπιϐουλῆς.
1682 2844 1791 2901 Καὶ

188 2934 485 3002 ,ϐασιλεῖς
515 2934 572 2988 δὲ
600 2933 800 2989 αὐτῶν
824 2937 1326 3006 παραστήσονται
1349 2952 1469 3006 σοι,
1498 2936 1651 3010 φησί.
1681 2938 1793 2991 Καὶ

191 3028 293 3082 νῦν
338 3029 397 3098 γ’
424 3026 521 3082 οὖν
563 3029 673 3081 τῶν
705 3026 1034 3098 Ῥωμαϊκῶν
1065 3030 1364 3099 ταγμάτων
1415 3029 1466 3084 ot
1508 3029 1789 3101 ἄρχοντες,

193 3120 295 3173 καὶ
344 3117 469 3172 τῶν
502 3118 813 3184 ,βασιλέων
860 3120 889 3172 ὁ
939 3118 1104 3189 φόϐος
1147 3121 1458 3192 ἀνείργουσι
1502 3123 1629 3186 τοὺς
1672 3124 1792 3187 ταῖς

192 3209 561 3283 Ἑκκλησίαις
620 3209 1108 3275 ἐπιϐουλεύονταςο
1175 3211 1345 3282 ήγουν
1408 3214 1795 3281 παράστασιν

197 3301 469 3372 σημαίνει
499 3301 600 3373 τὴν
630 3302 904 3372 ὑπακοήν.
939 3303 1163 3357 Είκουσι
1208 3304 1314 3376 γὰρ
1343 3307 1459 3369 τοῖς
1506 3307 1672 3376 ίεροῖς
1707 3306 1794 3359 θε-

198 3394 498 3463 σπίσμασι,
551 3392 647 3445 καὶ
694 3392 758 3446 τὺ
794 3392 895 3462 τῆς
918 3392 1250 3463 Ἐκκλησίας
1292 3396 1557 3466 κήρυγμα
1590 3396 1792 3460 παντὸς

1893 2198 2022 2255 fecti
2087 2206 2236 2255 sunt.
2316 2196 2459 2252 Sunt
2516 2196 2620 2252 ista
2691 2197 2889 2253 deinde
2960 2195 3263 2251 Jerusalem
3360 2213 3470 2254 non

1889 2298 2098 2360 propter
2165 2288 2374 2359 ipsam,
2440 2287 2534 2341 sed
2596 2296 2811 2357 propter
2872 2286 3041 2343 Deum
3068 2329 3083 2354 ,
3169 2295 3470 2353 eventura,

1891 2383 1986 2454 qui
2018 2382 2196 2438 iactas
2236 2381 2487 2453 patribus
2523 2383 2922 2452 promissiones
2959 2389 3183 2452 propter
3204 2397 3359 2438 suam
3386 2383 3473 2453 ip-

1892 2475 2013 2531 sius
2044 2475 2388 2546 majestatem
2428 2481 2483 2528 et
2529 2473 2995 2543 magniﬁcentiam
3039 2482 3184 2529 ratas
3217 2489 3342 2530 esse
3374 2489 3475 2529 vo-

1892 2567 2014 2621 luit.
2065 2565 2323 2637 Sequitur
2367 2566 2604 2623 deinde:
2651 2570 2722 2621 Et
2772 2567 3121 2637 aediﬁcabant
3162 2567 3473 2638 alienigena

1891 2675 2073 2714 muros
2127 2670 2249 2714 tuos
2275 2676 2294 2714 :
2348 2661 2491 2730 quod
2535 2659 2696 2714 etiam
2739 2674 2887 2714 nunc
2926 2659 3227 2730 contigisse
3262 2661 3470 2718 videas.

1893 2750 2142 2807 Praesunt
2191 2758 2335 2806 enim
2380 2751 2648 2806 Ecclesiis
2706 2751 2934 2817 ethnici,
2977 2766 3186 2821 suaque
3235 2767 3331 2809 eas
3372 2752 3475 2807 do-

1893 2845 2075 2899 ctrina
2098 2853 2152 2899 et
2171 2844 2463 2916 prmccptis
2484 2845 2770 2916 obtegunt,
2805 2860 2875 2899 ne
2905 2843 3070 2899 detur
3099 2845 3267 2901 verbo
3296 2846 3475 2901 alieno

1893 2942 1949 2990 et
1994 2934 2345 2990 dissentaneo
2379 2935 2705 2989 insidiarum
2752 2935 2927 2989 locus.
2965 2933 3131 2989 Addit
3164 2935 3362 2989 etiam:
3405 2934 3474 2989 Et

1894 3042 2038 3097 reges
2081 3042 2266 3080 eorum
2325 3026 2579 3081 astabant
2630 3025 2745 3079 tibi.
2788 3024 2925 3080 Nam
2958 3034 3013 3082 et
3057 3025 3219 3081 hodie
3257 3042 3476 3098 quoque

1894 3116 2271 3174 Romanarum
2304 3120 2586 3189 copiarum
2627 3119 2819 3183 duces,
2851 3135 3134 3190 regumque
3165 3121 3349 3184 timor,
3384 3120 3474 3176 in-

1895 3213 2067 3267 sidias
2116 3214 2186 3268 ab
2234 3213 2496 3269 Ecclesiis
2554 3212 2869 3283 propellunt
2929 3230 2944 3267 :
3001 3213 3087 3267 vel
3127 3223 3295 3278 certe,
3347 3227 3474 3267 cum

1896 3306 2113 3361 astandi
2144 3308 2310 3362 verbo
2345 3322 2479 3363 usus
2500 3316 2604 3372 est,
2632 3306 2956 3363 obedituros
2972 3321 3097 3364 esse
3124 3305 3474 3377 signiﬁcavit.

1895 3399 2098 3455 Parent
2131 3401 2274 3455 enim
2300 3401 2672 3455 sacrosanctis
2694 3400 2969 3466 oraculis;
3006 3409 3060 3455 et
3080 3400 3228 3471 quod
3256 3401 3478 3456 concio-

194 3483 419 3549 ἀξιοῦσι
436 3484 788 3553 λόγου.Ἔστι
813 3483 895 3549 δὲ,
918 3484 1076 3554 φασὶ,
1104 3486 1278 3539 ταῦτα
1296 3486 1392 3540 καὶ
1411 3486 1790 3559 καθ’ίστορίαν

1898 3503 2064 3549 natur
2090 3494 2359 3559 Ecclesia,
2386 3493 2536 3547 omni
2565 3493 2779 3548 ratione
2800 3502 3134 3547 venerantur
3155 3500 3211 3547 et
3233 3500 3473 3548 servant.

200 3577 408 3648 εὑρεῖν,
463 3576 651 3645 Κύρου
700 3575 803 3646 μὲν
848 3578 1375 3648 ἁνοικοδομήσαντος
1406 3579 1788 3651 Ἰερουσαλὴμ,

202 3664 326 3736 μετ’
362 3665 530 3719 αὑτὸν
557 3665 615 3719 δὲ
644 3665 893 3737 Δαρείου.
927 3667 1039 3720 Kal
1064 3667 1415 3739 Ἀλέξανδρος
1444 3667 1501 3722 δὲ
1529 3671 1619 3725 τὸν
1647 3670 1791 3741 ἱερὸν

203 3757 547 3828 θεασάμενος
573 3757 777 3824 στόλον,
800 3758 889 3812 τὸν
918 3758 1090 3830 θυμὸν
1119 3760 1418 3831 μετέϐαλεν
1441 3763 1522 3826 είς
1551 3762 1791 3834 προσκύ-

205 3867 384 3921 νησιν.
416 3850 519 3905 Διὰ
543 3850 653 3921 γὰρ
698 3850 887 3922 ὀργήν
936 3869 1059 3921 μου
1101 3853 1373 3919 ἐπάταξὰ
1417 3872 1513 3922 σε,
1558 3855 1658 3909 καὶ
1710 3856 1797 3910 δι’

204 3940 384 3996 ἔλεον
418 3942 711 4012 rint-mod
734 3958 830 3999 σε.
865 3945 977 3998 Καὶ
1010 3945 1120 4017 γὰρ
1145 3945 1222 3999 σὲ
1253 3946 1353 4017 τὴν
1390 3947 1665 4003 θεοσεϐεῖν
1696 3950 1796 4005 ὲπ-

206 4032 617 4104 αγγειλαμένην
634 4034 925 4101 ἐπάταξα,
947 4034 1105 4091 πόλιν
1118 4039 1396 4109 παραδοὺς
1405 4040 1692 4112 πολεμίοις
1710 4042 1799 4097 διὰ

207 4126 266 4180 τὸ
284 4126 497 4196 πλῆθος
525 4127 635 4180 τῶν
664 4127 1057 4199 ἀσεϐησάντων
1087 4129 1147 4184 ὲν
1175 4132 1280 4196 σοὶ,
1304 4130 1381 4196 ὡς
1399 4133 1491 4186 καὶ
1510 4134 1797 4206 προφήτας

209 4219 301 4274 καί⁵
316 4220 596 4285 θεοσεϐεῖς
641 4220 1063 4292 ἀπολαὼαιτῆς
1098 4223 1205 4277 τῶν
1223 4224 1427 4279 λοιπῶν
1471 4227 1794 4299 μοχθηρίας.

1898 3585 2164 3656 Reperias
2194 3600 2324 3640 vero
2353 3585 2459 3640 ista
2490 3585 2655 3640 etiam
2689 3584 2995 3641 secundum
3025 3584 3336 3650 historiam,
3366 3600 3477 3655 quo

1895 3686 2139 3747 tempore
2152 3676 2283 3747 Cyri
2320 3674 2579 3747 Dariique
2604 3674 2863 3731 mandato
2891 3676 3195 3731 instaurata
3218 3685 3303 3732 est
3319 3674 3477 3731 Jeru-

1895 3772 2089 3833 salem,
2115 3771 2451 3841 contigisse:
2476 3769 2847 3824 Alexandrum
2872 3769 3092 3836 deinde,
3115 3770 3207 3825 ubi
3236 3771 3473 3841 primum

1893 3880 2113 3922 sacrum
2158 3864 2418 3919 amictum
2452 3871 2603 3919 esset
2646 3862 2905 3926 intuitus,
2939 3862 3078 3918 iram
3125 3863 3334 3927 statim,
3368 3879 3477 3934 qua

1892 3955 2077 4012 fuerat
2120 3971 2412 4021 accensus,
2456 3956 2511 4010 in
2565 3955 2941 4010 adorationem
2981 3964 3358 4011 commutasse
3403 3955 3473 4009 “.

1896 4046 2159 4116 Sequitur
2197 4047 2459 4117 deinceps
2496 4065 2510 4101 :
2545 4046 2774 4114 Propter
2807 4047 2946 4099 iram
2974 4050 3114 4099 enim
3147 4061 3317 4098 meam
3356 4060 3477 4114 per-

1894 4143 2038 4195 cussi
2073 4152 2141 4206 te,
2160 4149 2211 4196 et
2239 4152 2454 4211 propter
2478 4137 2905 4192 misericordiam
2929 4152 3101 4190 meam
3126 4135 3292 4190 dilexi
3311 4146 3378 4191 te.
3405 4136 3477 4191 Te

1897 4233 2193 4305 siquidem,
2245 4248 2369 4304 qua:
2437 4231 2657 4301 pietatis
2710 4230 2920 4285 cultum
2972 4228 3213 4298 pollicita
3268 4228 3474 4296 fueras,

207 4315 480 4381 percussi;
510 4328 636 4368 cum
672 4312 951 4368 civitatem
1019 4314 1271 4371 hostibus
1342 4318 1416 4371 ita
1497 4318 1718 4385 tradidi,
1787 4333 2016 4392 propter
2070 4322 2367 4392 impiorum
2419 4317 2849 4380 multitudinem,
2904 4317 3105 4387 quibus
3127 4316 3471 4384 abundabas,

208 4409 365 4483 691
410 4412 472 4463 ut
494 4408 773 4479 prophetae
807 4408 976 4463 etiam
1016 4408 1121 4480 ipsi
1153 4411 1223 4466 ab
1259 4412 1635 4482 improborum
1665 4418 1842 4485 panis
1880 4427 2071 4476 essent
2106 4419 2381 4473 immunes

277 4502 392 4556 Καὶ
411 4499 508 4554 νῦν
538 4500 596 4554 δὲ
626 4500 715 4555 διὰ
748 4502 877 4566 τοὺς
939 4502 997 4555 ὲν
1044 4503 1129 4557 σοὶ
1176 4504 1602 4575 κατορθοῦντας,
1649 4509 1801 4579 ἠγά-

212 4592 379 4662 πησά
400 4606 497 4659 σε,
516 4591 630 4661 τῆς
661 4591 846 4662 ὀργῆς
898 4591 1044 4647 οὕτω
1074 4606 1101 4634 α
1137 4595 1294 4666 θυμῷ
1342 4597 1442 4651 τοῦ
1479 4598 1616 4653 Θεοῦ
1650 4600 1799 4670 λογι-

214 4684 470 4755 ζομένης,
498 4683 640 4739 ἀλλὰ
665 4686 785 4748 ταῖς
834 4685 1064 4739 ἐκείνων
1099 4686 1422 4758 ἁμαρτίαις.
1464 4692 1577 4745 Καὶ
1624 4693 1797 4765 αὐτὴν

1966 4513 2125 4569 Nunc
2159 4521 2344 4567 autem
2376 4511 2542 4566 etiam
2566 4520 2791 4581 propter
2812 4525 2927 4575 eos,
2962 4510 3053 4581 qui
3082 4521 3261 4567 tecum
3283 4512 3477 4584 probi-

1896 4615 2063 4662 tatem
2094 4612 2398 4671 sectantur,
2426 4603 2594 4659 dilexi
2616 4613 2665 4659 te
2688 4621 2708 4671 ;
2736 4606 2824 4661 ira
2849 4606 2993 4676 ipsa,
3020 4620 3128 4661 non
3162 4605 3335 4661 furori
3368 4608 3475 4662 Do-

1895 4700 2051 4766 mini,
2094 4698 2190 4755 sed
2242 4713 2433 4754 eorum
2487 4700 2732 4768 peccatis
2785 4700 3070 4754 attributa.
3116 4700 3294 4755 Etiam
3329 4701 3476 4756 enim

215 4778 320 4849 γὰρ
350 4778 419 4831 δι’
458 4777 776 4849 ἀγαθότητα
797 4777 896 4849 τήν
925 4778 1084 4849 δίκην
1120 4780 1322 4850 ἐπάγει
1348 4781 1505 4851 Θεὸς,
1547 4784 1614 4840 ἵν’
1636 4786 1696 4854 ἐξ
1719 4782 1792 4841 ὧν

1896 4792 2141 4847 bonitate
2184 4791 2458 4863 impulsus
2508 4791 2774 4846 ultionem
2830 4791 3045 4847 inducit
3093 4791 3261 4857 Deus,
3310 4800 3371 4848 ut
3409 4809 3475 4848 ex

217 4867 555 4939 ἁμαρτόντες
606 4867 1054 4939 ἑτιμωρήθησαν,
1108 4870 1311 4939 γνῶσιν
1363 4872 1497 4928 οἵων
1550 4876 1792 4933 ἀπολαύ-

1896 4899 2183 4955 pmnarum
2220 4885 2402 4949 modo,
2427 4884 2629 4955 quibus
2648 4892 2941 4954 peccantes
2967 4884 3275 4952 ulciscitur,
3297 4900 3474 4954 quan-

218 4979 366 5015 σουσι
390 4960 861 5032 κατορθώσαντες.
896 4962 955 5015 Ei
973 4963 1083 5034 γὰρ
1107 4965 1136 5017 ὁ
1160 4964 1453 5036 ἁόρτητος
1467 4976 1791 5042 τιμωρεῖται

1898 4988 1953 5031 ta
1980 4976 2291 5048 percepturi
2319 4975 2455 5041 sint,
2490 4976 2586 5047 qui
2631 4984 2781 5031 recte
2822 4975 3075 5042 fecerint,
3115 4978 3473 5049 intelligatur.

218 5054 280 5109 δι’
340 5055 636 5123 ὠφέλειαν,
668 5055 737 5110 δι’
771 5054 800 5109 ὃ
830 5058 929 5109 καὶ
989 5058 1324 5127 ὀργίζεσθαι
1359 5061 1608 5132 iteratur
1640 5066 1791 5139 πόσῳ

224 5146 416 5217 μᾶλλον
438 5146 682 5216 ἐλεήσει
715 5146 867 5218 πηγὴ
891 5149 1178 5219 τυγχάνων
1225 5152 1563 5224 ἁγαθότητος
1589 5157 1794 5213 δικαιο-

1901 5070 1959 5126 Si
1981 5070 2125 5125 enim
2157 5070 2382 5125 minime
2407 5069 2606 5135 iratus,
2636 5068 2893 5124 utilitatis
2924 5078 3131 5125 nostra;
3162 5070 3358 5141 gratia,
3380 5083 3475 5125 ac-

1901 5161 2050 5216 cedit
2079 5160 2148 5215 ad
2181 5174 2423 5231 poenam,
2452 5160 2836 5232 propterquod
2857 5160 3018 5215 etiam
3053 5161 3217 5214 irasci
3239 5160 3472 5217 dicitur:

221 5237 560 5310 τερατοῦντας
578 5239 726 5310 ἡμᾶς
744 5256 759 5306 ;
776 5238 1003 5309 Ἑπάγει
1022 5240 1078 5294 δὲ
1098 5242 1313 5308 δεικνὺς
1332 5244 1409 5310 ὡς
1424 5247 1535 5315 τῆς
1558 5248 1792 5319 ἀγάπης

1897 5261 2104 5325 quanto
2141 5253 2316 5323 magis
2370 5252 2536 5318 idem,
2561 5253 2656 5323 qui
2703 5252 2829 5308 l‘ons
2861 5260 2949 5307 est
2996 5251 3299 5318 bonitatis,
3347 5267 3473 5307 cum

222 5330 398 5385 αὐτοῦ
414 5331 628 5403 καρπὸς
646 5333 679 5403 ή
716 5331 889 5403 πολλὴ
916 5332 1070 5387 ἄδεια
1088 5335 1184 5388 καὶ
1200 5337 1415 5409 εἰρήνη,
1442 5338 1518 5392 δι’
1539 5339 1621 5409 ἦν
1638 5342 1798 5397 ἀνοι-

1894 5344 2043 5414 justa
2069 5344 2445 5414 operabimur,
2472 5343 2650 5399 nostri
2685 5342 3023 5398 miserebitur
3045 5344 3071 5398 ν
3105 5341 3289 5413 Pergit
3317 5358 3469 5411 vero,

224 5422 545 5492 χθήσονται
585 5425 776 5479 πύλαι
830 5440 949 5479 σου
993 5425 1084 5479 διὰ
1127 5428 1350 5492 παντός.
1385 5430 1545 5485 Κατὰ
1578 5432 1677 5503 μὲν
1703 5428 1792 5487 οὖν

1905 5436 2106 5490 amoris
2135 5437 2302 5505 ipsius
2328 5436 2565 5491 fructum
2597 5449 2722 5491 esse
2762 5433 3060 5490 ostendens
3088 5434 3359 5505 ingentem
3386 5452 3474 5491 se-

223 5516 315 5584 τὴν
337 5516 605 5587 ἱστορίαν,
624 5516 850 5581 Οὐδένα,
866 5516 1023 5586 φησὶ,
1048 5519 1335 5594 φοϐηθήσῃ
1356 5522 1635 5595 πολέμιον.
1653 5526 1799 5598 Πρὸς

1904 5527 2197 5584 curitatem
2230 5534 2284 5583 et
2302 5542 2512 5599 pacem,
2527 5542 2648 5599 qua:
2673 5535 2855 5595 portas
2878 5525 2991 5596 ejus
3006 5525 3185 5579 claudi
3209 5542 3476 5596 nunquam

290 5628 332 5663 ”
362 5630 381 5684 l
426 5629 555 5687 Cor.
595 5646 680 5693 ιιι,
714 5631 801 5685 12.
876 5628 925 5662 ⁸ο
966 5630 1031 5686 Ill
1068 5630 1202 5705 Reg.
1239 5650 1385 5706 xm,
1422 5637 1509 5695 i7.
1587 5638 1631 5669 ⁶¹
1664 5636 1792 5694 Jona

1896 5648 1949 5695 et
1983 5655 2057 5695 nr.
2123 5642 2168 5673 δ’
2195 5638 2492 5713 Josepbus,
2524 5638 2791 5709 Antiquit.
2818 5635 2952 5694 Iud.
2998 5637 3097 5696 lib.
3124 5653 3201 5707 ιι,
3238 5653 3363 5710 cap.
3384 5640 3440 5698 8.

1517 5730 1752 5788 VARIAZ
1799 5731 2206 5791 LECTIONES.

292 5804 314 5835 ι
336 5814 425 5867 τρ.
463 5798 640 5869 Ἰωνᾷ.
686 5811 711 5838 δ
744 5816 833 5867 γρ.
870 5798 932 5852 οὐ
958 5796 1059 5867 τῷ.
