3998 6390
587 335 724 401 2631
1939 332 2292 396 rnocopn
2319 333 2564 396 GAZ/EI
3159 296 3163 302 “
3707 331 3822 398 ean

587 451 882 520 permittat.
917 447 1232 504 Secundum
1256 445 1540 502 historiam
1573 447 1766 518 igitur,
1799 447 2010 501 nullum
2037 462 2162 502 esse

2269 449 2326 502 δὲ
2349 447 2476 502 νοῦν
2504 447 2692 501 πύλαι
2724 445 2826 516 τῆς
2849 443 2950 498 τοῦ
2987 441 3126 499 Θεοῦ
3157 441 3375 506 πόλεως
3409 440 3726 512 είσακτικαὶ,
3744 454 3820 507 καὶ

591 543 802 598 hostem
851 541 1342 613 pertimescendum
1391 540 1686 610 signiﬁcat.
1722 540 1819 595 Sin
1856 549 2038 595 autem
2089 540 2159 594 ad

2265 538 2631 610 στοιχειώδεις
2692 537 3037 592 διδασκαλίαι
3088 535 3466 608 προκείμεναι
3519 536 3608 590 διὰ
3649 542 3819 605 παντὸς

591 649 810 688 sensum
844 634 1109 704 respicis;
1154 633 1395 688 civitatis
1423 631 1516 687 Dei
1547 643 1753 701 portas,
1782 629 1835 688 id
1867 644 1953 688 est
1985 633 2166 687 intro-

2263 633 2376 694 τοῖς
2403 633 2471 702 τῇ
2505 629 2789 700 θεοσεϐείᾳ
2843 627 3270 700 προστρέχουσι.
3317 627 3523 699 Διόπερ
3565 623 3706 684 εἶπεν
3722 635 3823 687 εισ-

541 755 549 794 ;
589 723 873 779 ductorias
913 725 1392 794 elémentanesque
1439 724 1746 789 doctrins,
1793 724 1866 780 iis
1926 738 2120 793 sempel

2265 723 2434 793 ἁγειν
2459 722 2610 791 πρὸς
2643 718 2720 776 σύ
2745 721 3005 790 δύναμιν
3057 719 3273 782 ἐθνῶν,
3305 719 3439 782 τοὺς
3476 719 3646 773 εἰπεῖν
3677 721 3825 776 6mm.

591 816 684 885 qui
719 816 784 869 ad
817 816 1071 885 pietatem
1106 816 1390 881 accedent,
1445 817 1762 886 propositas
1795 815 1912 871 fore
1939 815 2170 870 demoti.

2272 817 2468 889 μένους
2489 832 2506 850 ο
2531 833 2552 868 ι
2577 814 2761 869 Πάντα
2793 813 2962 885 ἰσχύω
2991 815 3048 866 ἐν
3083 813 3160 882 τῷ
3186 811 3586 882 ἐνδυναμοῦντί
3613 829 3675 884 με
3715 817 3822 889 Χρι.

591 915 746 961 Strat.
768 904 889 970 Quo
921 906 1124 958 factum
1145 912 1252 970 est,
1269 915 1326 958 ut
1355 905 1632 958 inductum
1659 906 1729 959 iri
1748 905 1819 958 ad
1838 921 1959 959 eum
1983 914 2169 972 poten-

2273 909 2405 981 στῷ.
2437 929 2457 963 ι
2487 903 2587 965 Ὦν
2609 910 2658 963 οἱ
2690 908 2958 980 ἐξαίρετοι
2981 906 3293 973 βασιλεῖς,
3328 906 3380 960 οί
3397 907 3500 977 τῆς
3537 911 3821 979 ἐπουρανίου

594 999 728 1052 tiam
777 997 1012 1066 gentium
1049 996 1296 1063 dixerit;
1345 995 1400 1050 id
1440 1003 1548 1060 est,
1594 987 1710 1062 eus,
1747 997 1840 1066 qui
1882 997 2065 1049 omnia
2111 1009 2173 1052 se

2273 1002 2554 1074 βασιλείας
2576 1001 2741 1067 ἄξιοι.
2773 1000 2874 1056 Διά
2905 1000 3040 1055 Θεοῦ
3071 999 3128 1054 δέ
3158 1001 3372 1064 πάντες
3415 999 3598 1070 ἔχουσι
3621 1000 3712 1072 τὴν
3734 1005 3821 1056 είσ-

594 1105 759 1161 posse
785 1091 842 1143 in
868 1089 1112 1155 Christo,
1133 1105 1164 1144 a
1194 1105 1306 1159 quo
1339 1090 1485 1144 vires
1513 1103 1643 1144 suas
1672 1091 1894 1160 capiant
1943 1085 2173 1142 alllrma-

2272 1097 2393 1150 οδον
2422 1095 2503 1158 είς
2532 1094 2829 1163 ἐπίγνωσιν
2861 1093 2959 1147 τοῦ
2997 1093 3151 1149 Υἱοῦ.
3183 1112 3202 1145 ι
3243 1091 3440 1153 Οὐδεὶς
3491 1091 3599 1162 γὰρ
3641 1092 3824 1150 δύναται

594 1197 655 1238 re
686 1188 931 1252 queant:
969 1183 1112 1236 inter
1139 1197 1278 1252 quos
1323 1182 1508 1236 eximii
1543 1181 1752 1236 fuerint
1799 1195 1947 1251 reges
1978 1181 2041 1244 ii,
2077 1179 2170 1250 qui

2275 1188 2451 1242 ἐλθεῖν
2486 1186 2627 1256 πρός
2669 1204 2759 1256 με,
2791 1185 2977 1256 φησιν,
3026 1185 3122 1238 ἐὰν
3158 1183 3235 1256 μὴ
3283 1185 3313 1236 6
3335 1173 3542 1254 ’Πατὴρ
3577 1185 3605 1237 6
3641 1185 3824 1255 πέμψας

598 1275 808 1330 cmlesti
851 1288 1022 1346 regno
1054 1290 1162 1329 non
1197 1275 1452 1345 indignos
1478 1289 1537 1328 se
1562 1273 1939 1342 praestiterint.
1964 1272 2177 1329 Habent

2277 1281 2482 1354 ἐλκύσῃ
2543 1280 2724 1334 αὐτόν.
2765 1297 2784 1330 ι
2821 1280 2930 1332 Καὶ
2957 1277 3080 1332 καθ’
3118 1276 3369 1347 ἱστορίαν
3404 1292 3470 1344 γε
3498 1279 3621 1346 μὴν,
3654 1277 3823 1348 ἄρχον-

596 1381 728 1422 vero
749 1379 961 1430 omnes,
991 1381 1087 1435 per
1116 1365 1310 1432 Deum,
1342 1365 1411 1419 ad
1436 1364 1558 1420 Filii
1589 1365 1955 1436 cognitionem
1987 1380 2175 1419 acces-

2278 1387 2377 1436 τες
2419 1369 2519 1422 καὶ
2559 1368 2846 1434 ,ϐασιλεῖς
2886 1366 3176 1438 Ῥωμαίων
3229 1367 3314 1428 εἰς
3382 1366 3484 1434 τὴν
3537 1365 3823 1437 Ἐκκλησίαν

597 1473 744 1514 sum.
791 1476 812 1510 ι
850 1455 1045 1514 Nullus
1069 1459 1239 1526 enim,
1292 1459 1492 1530 inquit,
1525 1466 1707 1529 potest
1741 1457 1810 1512 ad
1839 1473 1928 1514 me
1959 1457 2176 1523 venire,

2280 1461 2559 1516 ποιοῦνται
2583 1460 2682 1532 τὴν
2704 1461 2930 1514 εἴσοδον.
2969 1461 3035 1514 Ol
3066 1459 3124 1512 δὲ
3147 1456 3234 1528 μὴ
3267 1456 3710 1524 δουλεύσαντές
3727 1475 3819 1524 σοι,

597 1551 703 1605 nisi
747 1551 841 1620 qui
890 1550 1040 1605 misit
1073 1551 1259 1616 Pater,
1308 1550 1541 1606 traxerit
1597 1562 1723 1606 eum
1774 1549 1840 1606 “.
1879 1569 1898 1603 ι
1938 1549 2095 1617 Quod
2131 1550 2176 1605 si

2282 1553 2440 1622 φησι.
2469 1555 2535 1622 τῇ
2558 1551 2652 1605 τοῦ
2680 1550 2818 1603 Θεοῦ
2838 1552 3038 1614 πόλει,
3073 1551 3172 1619 τὴν
3223 1547 3530 1616 καλλίστην
3579 1546 3823 1604 δουλείαν

599 1641 890 1696 historiam
913 1641 1080 1697 etiam
1124 1642 1402 1712 sequeris,
1451 1652 1502 1696 et
1546 1641 1732 1706 duces,
1766 1649 1816 1696 et
1845 1657 1993 1713 reges
2030 1641 2178 1712 ipsos

2283 1647 2381 1700 καὶ
2409 1646 2698 1715 σωτήριον,
2738 1643 3134 1699 ἀπολοῦνται.
3167 1641 3268 1695 Ὀν
3299 1641 3412 1713 γὰρ
3469 1640 3543 1711 μὴ
3586 1641 3730 1704 σώζει
3753 1645 3821 1697 πί-

600 1734 976 1796 Bomanorum
999 1734 1056 1788 in
1090 1732 1394 1790 Ecclesiam
1424 1733 1711 1805 ingressos
1753 1747 1880 1789 esse
1909 1733 2179 1804 reperias.

2240 1803 2243 1805 γ
2289 1753 2425 1800 στις.
2460 1735 2758 1790 ἀπόλλυσιν
2797 1734 3043 1790 ἀπιστία.
3096 1734 3200 1788 Σοί
3253 1731 3314 1786 δέ
3370 1732 3443 1785 τὰ
3481 1733 3722 1786 κάλλιστα
3748 1739 3819 1788 καὶ

601 1824 808 1893 Adjicit
847 1824 1047 1881 deinde
1075 1843 1089 1880 :
1121 1825 1228 1891 Qui
1260 1841 1364 1880 non
1389 1800 1617 1880 seruierat
1645 1826 1763 1890 tibi,
1795 1825 1886 1880 Dei
1918 1800 2178 1880 nimirum

2236 1802 2255 1860 δ
2283 1829 2598 1900 ὑψηλότατα
2626 1829 2734 1881 τῶν
2762 1828 2832 1882 ἐν
2877 1827 2960 1892 τῷ
2987 1825 3224 1890 Λιϐάνῳ
3254 1824 3408 1894 φυτὰ
3449 1825 3815 1895 κομισθήσεται.

601 1917 831 1983 civitati,
867 1917 1150 1986 pulchram
1186 1919 1424 1972 maxime
1448 1928 1501 1973 et
1533 1920 1831 1975 salutarem
1850 1921 2175 1983 servitutem,

2291 1921 2630 1990 Ἀλλοφύλων
2667 1921 2727 1975 δὲ
2757 1920 2818 1974 τὸ
2864 1920 2990 1991 ὅρος
3016 1919 3217 1990 τρέφον
3258 1917 3458 1988 δένδρα
3491 1917 3621 1985 πρὸς
3654 1919 3818 1971 οἰκοδο-

599 2017 865 2086 peribunt.
889 2016 1061 2083 Quem
1095 2018 1242 2072 enim
1284 2016 1416 2072 lides
1447 2032 1557 2071 non
1607 2025 1814 2081 serv-at,
1845 2017 2024 2087 perdit
2058 2017 2178 2072 inli-

2284 2018 2392 2090 μὴν
2421 2017 2724 2087 ἐπιτήδεια.
2768 2013 3060 2078 Τοιούτους
3101 2013 3214 2067 νόει
3259 2011 3393 2073 τοὺς
3441 2008 3506 2074 ἐξ
3559 2009 3708 2063 ἐθνῶν
3742 2013 3815 2082 τὴν

600 2109 820 2163 delitas.
857 2108 940 2161 Ad
977 2116 1024 2161 te
1057 2113 1238 2163 autem
1261 2108 1953 2179 aﬂerenturpnlcherritme
1977 2119 2030 2165 et
2050 2124 2176 2180 pro—

2281 2109 2552 2181 κοσμικὴν
2580 2109 2929 2180 ἠσκημένους
2963 2105 3178 2174 σοφίαν,
3208 2103 3260 2157 οἳ
3308 2102 3574 2171 κοσμοῦσι
3601 2103 3687 2173 τὴν
3720 2102 3814 2158 Ἐκ-

599 2199 903 2254 cerissimae
938 2198 1168 2253 arbores
1202 2213 1324 2268 quae
1359 2206 1488 2253 sunt
1526 2201 1579 2252 in
1613 2197 1856 2264 Libano;
1885 2200 1978 2269 qui
2023 2214 2178 2255 mons

2283 2203 2516 2274 κλησίαν
2540 2204 2606 2272 τῇ
2639 2200 2736 2253 τοῦ
2763 2199 2924 2266 λόγου
2966 2199 3318 2270 παρασκευῇ,
3350 2195 3420 2249 δι’
3450 2188 3524 2250 ὧν
3561 2193 3810 2260 δοξάζεται

599 2297 686 2345 est
734 2288 1170 2358 alienigenarum
1218 2289 1382 2360 lignis
1433 2290 1722 2344 abundans
1772 2289 1839 2344 ad
1885 2290 2178 2344 domorum

2277 2297 2308 2350 6
2331 2298 2497 2358 τόπος
2524 2297 2552 2349 6
2578 2295 2734 2362 ἆγιος
2756 2293 2850 2346 τοῦ
2900 2291 3060 2353 Θεοῦ,
3097 2293 3192 2344 καὶ
3234 2292 3270 2344 ὁ
3310 2291 3499 2355 τόπος
3524 2287 3636 2341 τῶν
3658 2289 3807 2341 ποδῶν

599 2383 1068 2439 constructionem
1100 2383 1317 2440 idoneis
1347 2402 1362 2438 ι
1393 2399 1628 2454 quorum
1662 2383 1886 2439 nomine
1906 2399 2004 2439 eos
2025 2384 2178 2438 intel-

2277 2386 2489 2451 αὑτοῦ,
2509 2384 2709 2455 δηλαδὴ
2731 2386 2765 2454 ἡ
2784 2382 3102 2453 Ἐκκλησία,
3128 2383 3255 2451 ἥτις
3282 2381 3478 2451 τρέφει
3502 2381 3590 2434 καὶ
3608 2380 3799 2445 πλείστας

603 2477 744 2546 ligit,
786 2477 879 2545 qui
917 2477 982 2531 de
1017 2477 1279 2546 gentibus
1326 2477 1576 2532 saeculari
1623 2476 1875 2533 doctrina
1922 2477 2178 2532 instructi

2277 2479 2409 2540 ὅσας
2446 2477 2691 2545 κεφαλὰς
2716 2473 2852 2546 ὑψοῦ
2880 2493 2937 2528 τε
2969 2473 3219 2546 ἡρμένας
3247 2471 3310 2538 ἐξ
3331 2472 3566 2542 ἀρετῶν.
3605 2474 3691 2526 καὶ
3712 2475 3804 2544 Xyl-

601 2566 876 2621 orationis
938 2566 1216 2621 industria
1275 2567 1578 2622 Ecclesiam
1630 2576 1939 2635 exornant,
1979 2567 2180 2637 Deique

2279 2569 2403 2624 στδν
2431 2568 2852 2632 εὐωδιαζούσας,
2881 2568 2932 2620 οἳ
2971 2568 3065 2621 καὶ
3093 2567 3192 2637 τῆς
3221 2564 3321 2619 τοῦ
3357 2562 3619 2635 κοσμικοῦ
3655 2565 3805 2634 φρονή-

601 2657 774 2711 locum
807 2666 856 2710 et
897 2657 1087 2725 pedum
1125 2657 1240 2727 ejus
1270 2658 1613 2729 gloriﬁcant;
1644 2660 1698 2714 id
1730 2671 1834 2724 CSl,
1871 2659 2176 2714 Ecclesiam

2285 2677 2456 2731 ματος
2537 2661 2726 2732 πόρρω
2817 2663 3030 2714 κεῖνται
3099 2660 3332 2730 φθορᾶς,
3383 2657 3412 2710 δ
3483 2657 3546 2726 δὴ
3599 2657 3806 2726 πρόσεστι

604 2748 802 2816 ipsam,
837 2763 957 2817 qua:
986 2753 1277 2802 innumera
1299 2751 1564 2805 virtutum
1593 2752 1771 2820 capita
1804 2752 2178 2822 magnitudine

1260 2751 1564 2805 ivirtutum
1593 2752 1771 2820 capita
1804 2752 2178 2822 magnitudine
2283 2753 2481 2820 πεύκη
2505 2752 2607 2806 καὶ
2633 2752 2839 2820 κέδρῳ.

602 2845 840 2909 excelsa,
867 2842 1260 2914 Christumque
1293 2845 1595 2900 redolentia
1629 2846 1792 2917 692
1822 2847 2068 2901 continet
2091 2861 2156 2901 ac
2196 2847 2414 2902 nutrit:
2460 2864 2582 2918 quae
2647 2849 2775 2903 item
2850 2863 2879 2912 ει
2923 2845 3185 2901 mundani
3232 2858 3436 2900 sensus
3515 2846 3808 2912 corruptione

601 2937 760 2991 valde
794 2945 925 2990 sunt
959 2945 1204 3004 remota;
1230 2937 1377 3006 quod
1404 2939 1554 3005 pinut’
1573 2937 1827 3006 cedroque
1849 2947 2044 2992 natura
2068 2939 2330 2993 tributum
2352 2948 2459 2996 est.

676 3024 773 3079 Est
821 3025 966 3080 enim
1001 3023 1305 3095 Scriptum
1342 3027 1605 3080 usitatum
1645 3036 1963 3081 sanctorum
1991 3028 2179 3081 multi-

2358 3031 2517 3084 Φίλον
2575 3031 2684 3101 γὰρ
2729 3031 2795 3100 τῇ
2852 3030 3041 3100 Γραφῇ
3083 3029 3144 3081 τὸ
3167 3028 3279 3080 τῶν
3305 3026 3477 3094 ἁγίων
3518 3025 3700 3094 πλῆθος
3722 3027 3806 3086 τοῖς

606 3117 849 3172 tudinem
878 3117 1150 3185 ejusmodi
1181 3117 1474 3173 arboribus
1509 3133 1854 3189 comparare.
1888 3119 2060 3186 Quale
2092 3129 2177 3175 est

2284 3120 2550 3183 τοιούτοις
2579 3117 2902 3182 ἀπεικάζειν
2936 3121 3141 3188 φυτοῖς.
3199 3116 3345 3187 Φησὶ
3383 3115 3492 3184 γὰρ
3531 3114 3616 3167 καὶ
3646 3111 3803 3165 Δαϐίδ·

607 3209 738 3262 illud
772 3207 915 3278 apud
952 3207 1250 3263 Davidem:
1289 3227 1308 3259 ι
1355 3209 1419 3260 Et
1451 3211 1610 3279 panis
1638 3210 1929 3286 coniirmat
1951 3225 2048 3264 cor
2075 3210 2174 3264 hoc

2228 3192 2248 3250 ἶ
2286 3227 2306 3260 ι
2338 3209 2447 3262 Kal
2481 3207 2645 3281 ἄρτος
2702 3205 2945 3279 στηρίξει
3001 3208 3228 3276 καρδίαν
3276 3202 3587 3272 ἀνθρώπου.
3641 3205 3807 3272 X0911-

606 3302 794 3356 minis.
841 3300 1251 3355 Satnrabuntur
1303 3301 1450 3372 ligna
1509 3304 1711 3372 campi,
1756 3302 1904 3358 cedri
1962 3301 2181 3367 Libani,

2289 3301 2663 3374 σθήσονταιτὰ
2681 3301 2812 3366 ξύλα
2837 3300 2931 3354 τοῦ
2951 3301 3159 3366 πεδίου,
3185 3301 3242 3354 αἱ
3271 3299 3455 3370 κέδροι
3481 3297 3571 3351 τοῦ
3598 3295 3805 3357 Λιθάνου,

608 3409 748 3462 quas
779 3391 1044 3462 plantasti
1073 3391 1142 3446 ιδ.
1186 3409 1208 3445 ι
1243 3392 1311 3446 Et
1342 3394 1483 3462 apud
1516 3393 1774 3457 Paulum,
1802 3409 1913 3463 quo
1941 3394 2064 3448 loco
2088 3393 2183 3448 Dei

2285 3393 2352 3458 ἃς
2390 3392 2713 3463 ἐφύτευσας.
2745 3409 2765 3442 ι
2809 3391 2918 3444 Kal
2949 3388 3160 3451 Παῦλος
3183 3387 3244 3442 δέ
3278 3387 3458 3455 λέγει·
3489 3381 3642 3436 «Θεοῦ
3667 3378 3806 3448 γεώρ-

609 3499 712 3538 nos
756 3483 1204 3555 agricolationem
1257 3499 1381 3540 esse
1417 3486 1613 3540 scribit
1643 3485 1710 3538 “.
1754 3485 1955 3541 Volunt
2001 3494 2185 3540 tamen

2285 3487 2403 3556 γιόν
2423 3487 2641 3556 ἐσμεν.»
2673 3483 2829 3546 Τινὲς
2849 3482 2905 3536 δέ
2932 3498 3118 3552 φασιν,
3133 3480 3210 3541 ὡς
3232 3480 3495 3534 Λίϐανον
3519 3477 3552 3545 ἡ
3574 3471 3737 3541 Γραφὴ
3758 3469 3809 3521 τὰ

612 3577 862 3632 nonnulli
887 3588 1063 3648 gentes
1088 3593 1181 3644 per
1221 3576 1506 3641 Libanum,
1533 3585 1593 3632 ut
1624 3592 1720 3648 per
1747 3576 2058 3632 Carmelum
2088 3575 2185 3631 Je-

2285 3581 2430 3647 ἐθνη
2461 3579 2634 3643 καλεῖ,
2662 3576 2853 3647 ὥσπερ
2871 3569 2965 3628 οὖν
2993 3571 3298 3643 Κάρμηλον
3324 3569 3423 3640 τὴν
3446 3559 3802 3635 Ἰερουσαλήμ.

617 3671 875 3734 ruentem,
917 3670 1246 3740 signiﬁcari.
1285 3672 1421 3724 Esse
1449 3670 1592 3724 enim
1625 3679 1862 3725 montem
1905 3672 2052 3724 hunc
2083 3672 2188 3725 Sa-

2288 3669 2605 3742 Σαμαρείας
2629 3669 2740 3740 γὰρ
2761 3667 2824 3721 τὸ
2877 3665 3023 3736 ὅρος,
3069 3664 3146 3726 ὡς
3189 3664 3371 3716 ἐκεῖνο
3394 3660 3497 3714 τῶν
3527 3655 3803 3723 ἀλλοφύλων.

610 3761 800 3814 Iniuriae
827 3778 840 3825 ;
881 3762 1034 3814 illum
1065 3769 1247 3815 autem
1279 3762 1738 3832 alienigenarum.
1770 3763 1958 3817 innuit
1998 3764 2184 3831 igitur,

2288 3765 2452 3836 Δηλοῖ
2480 3763 2658 3817 τοίνυν
2685 3761 2831 3816 κατὰ
2861 3760 2960 3830 μὲν
2995 3756 3258 3829 ἱστορίαν,
3295 3755 3364 3808 τὰ
3392 3752 3526 3826 πρὸς
3572 3750 3803 3804 ἀνάκτισιν

611 3849 659 3904 si
695 3851 981 3905 historiam
1015 3853 1286 3920 sequeris,
1323 3853 1470 3921 ligna
1525 3855 1640 3919 illa,
1679 3870 1805 3925 quae
1837 3864 1966 3911 sunt
1999 3855 2066 3909 ad
2104 3857 2188 3910 in—

2289 3855 2672 3927 χορηγηθέντα
2711 3853 2843 3921 ξύλα
2865 3868 2878 3884 ·
2911 3851 3057 3905 κατὰ
3111 3850 3170 3904 δὲ
3197 3849 3348 3909 νοῦν.
3374 3846 3472 3909 τὰς
3495 3842 3697 3912 γνώμας
3726 3837 3804 3887 τῶν

612 3942 1006 3996 stauratiOuem
1025 3944 1396 4012 suppeditata.
1418 3944 1514 3999 Sin
1539 3954 1721 3999 autem
1748 3945 1814 3999 ad
1840 3962 2061 4002 sensum
2090 3949 2188 4002 ad—

2287 3946 2529 4001 δικαίων.
2565 3941 2701 4000 Εἶτα
2731 3944 2882 4015 δηλοῖ
2903 3941 3030 4006 τοὺς
3057 3941 3223 3996 πάλαι
3260 3939 3365 4010 τὴν
3402 3933 3700 4004 Ἐκκλησίαν
3721 3930 3801 3987 toi;

610 4031 823 4097 vertis;
863 4031 1140 4100 justorum
1194 4037 1520 4099 sententias,
1555 4036 1839 4107 animique
1883 4053 2188 4095 consensus

2285 4040 2548 4110 διωγμοῖς
2594 4035 3104 4101 ταπεινώσαντας.
3175 4031 3501 4104 μεταϐαλεῖν
3555 4025 3641 4078 ἐπὶ
3668 4022 3717 4075 τὸ
3736 4019 3802 4072 τὸν

608 4122 954 4191 signiﬁcasse
981 4123 1218 4179 videtur.
1246 4125 1410 4180 Addit
1436 4135 1844 4196 prteterea,eos,
1877 4131 1970 4198 qui
1997 4128 2187 4186 Eccle-

2285 4130 2346 4182 ἐν
2371 4130 2510 4200 αὐτῇ
2543 4127 2677 4181 Θεὸν
2711 4124 3106 4194 προσκυνεῖν.
3143 4123 3340 4177 Πολλοὶ
3371 4121 3478 4193 γὰρ
3509 4115 3711 4172 τοιοῦτοι
3730 4126 3799 4200 γε·

611 4217 749 4269 siam
788 4215 919 4270 olim
945 4219 1419 4287 persecutionibus
1435 4220 1804 4288 humiliarunt,
1837 4232 2044 4277 mutata
2074 4224 2186 4294 jam

2287 4221 2499 4292 γόνασι.
2532 4219 2690 4284 Τινὲς
2731 4219 2791 4273 δέ
2843 4235 3028 4288 φασιν,
3052 4219 3128 4281 ὡς
3152 4216 3568 4270 τεταπείνωται
3604 4208 3688 4280 μὲν
3727 4199 3800 4294 Ἰεέ

612 4310 911 4373 sententia,
939 4309 1104 4363 Deum
1129 4311 1180 4364 in
1210 4310 1328 4380 ipsa
1363 4327 1485 4368 esse
1511 4313 1862 4381 adoraturos;
1885 4316 2030 4386 quod
2055 4318 2188 4370 mul-

2280 4311 2609 4383 ρουσαλὴμ
2651 4313 2732 4375 είς
2785 4309 3021 4381 Χριστὸν
3080 4310 3479 4380 παροινήσασα.
3520 4298 3709 4365 Ἐπειδὴ
3754 4293 3797 4346 δδ

613 4399 682 4452 tis
729 4408 937 4454 certum
980 4410 1065 4454 est
1099 4403 1424 4471 contigisse.
1475 4405 1583 4459 Alii
1621 4416 1802 4462 autem
1849 4385 2187 4462 hunu'lt'atam

2290 4408 2556 4461 σέσωσται
2607 4405 2667 4458 τὸ
2717 4402 3096 4474 κατάλειμμα,
3147 4402 3369 4471 γέγονεν
3417 4400 3592 4470 μήτηρ
3629 4385 3795 4445 ἐθνῶν-

613 4491 832 4560 quidem
867 4491 992 4546 ideo
1032 4509 1143 4548 esse
1171 4497 1364 4551 volunt
1397 4496 1721 4563 Jerusalem,
1751 4502 1898 4570 quod
1935 4504 1990 4556 in
2023 4503 2184 4557 Chri-

2219 4544 2264 4603 D
2290 4504 2354 4555 Ol.
2385 4500 2494 4569 γὰρ
2527 4498 3008 4562 ταπεινώσαντες
3061 4495 3264 4565 ταύτην
3305 4492 3576 4561 Ῥωμαῖοι,
3626 4485 3681 4552 τῇ
3706 4478 3798 4531 τού·

2469 4591 2479 4604 ·
2767 4589 2810 4604 ια
3023 4588 3065 4604 -ν
3110 4588 3123 4604 ι
3192 4587 3204 4604 ο
3287 4586 3329 4604 ιιι
3398 4583 3514 4604 ,-.-_\
3563 4572 3794 4604 umnam

612 4591 756 4636 stum
795 4587 1198 4642 contumeliosa
1242 4589 1516 4644 exstiterit
1563 4608 1578 4646 :
1631 4593 1730 4646 sed
1773 4594 1904 4663 quia
1953 4602 2186 4650 servata:

2214 4572 2264 4604 υ
2287 4609 2396 4646 των
2419 4591 2598 4644 πίστει
2613 4589 3008 4660 προσέδραμον.
3022 4588 3132 4640 Καὶ
3145 4587 3268 4640 τότε
3283 4586 3368 4656 δὴ,
3391 4583 3539 4654 φησὶ,
3558 4572 3793 4641 κληθήσῃ

612 4683 744 4727 sunt
774 4675 1042 4745 reliquiae,
1086 4679 1140 4733 in
1175 4693 1401 4734 matrem
1435 4683 1671 4751 gentium
1697 4683 1957 4740 abivisse.
1988 4687 2189 4740 Itoma—

2289 4684 2469 4750 πόλις
2489 4683 2712 4751 Κυρίου
2743 4680 2913 4736 Σιών.
2951 4680 3100 4735 Θεοῦ
3133 4680 3240 4751 γὰρ
3268 4681 3442 4742 πόλις
3467 4675 3498 4745 ἡ
3533 4663 3790 4733 Ἐκκλησία,

615 4777 718 4818 nos
744 4765 889 4817 enim
923 4768 1015 4835 qui
1055 4770 1228 4833 ipsam
1265 4769 1639 4839 humiliarunt,
1689 4773 1758 4828 ad
1790 4789 1986 4828 eorum
2027 4777 2186 4831 Iidem

2289 4777 2420 4847 περὶ
2438 4771 2505 4846 ἦς
2535 4750 2700 4844 φησιν
2737 4775 2766 4827 6
2792 4774 2953 4828 Δαὸίδ
2978 4789 2992 4803 ·
3030 4750 3434 4842 «Δεδοξασμένα
3463 4760 3672 4830 ἐλαλήθη
3698 4750 3791 4847 περί

616 4856 942 4912 accessisse.
986 4858 1247 4928 Sequitur
1275 4863 1478 4918 deinde
1518 4882 1533 4918 :
1581 4862 1650 4917 Et
1697 4866 1962 4920 vocaberis
2001 4868 2186 4921 civitas

2287 4841 2409 4934 σοῦ,
2495 4841 2650 4931 πόλις
2665 4867 2761 4920 τοῦ
2774 4865 2966 4920 Θεοῦ.»
2987 4867 3142 4929 Τινὲς
3167 4865 3224 4917 δὲ
3249 4841 3402 4926 Τότε,
3426 4858 3578 4928 φησιν
3604 4853 3645 4914 b,
3666 4851 3735 4900 ὅτε
3748 4841 3789 4893 τὸ

616 4945 836 5002 Domini
862 4948 1010 5004 Sion.
1044 4953 1139 5007 Est
1167 4956 1318 5008 enim
1355 4954 1447 5009 Dei
1475 4957 1660 5011 civitas
1696 4957 1937 5015 Ecclesia
1968 4959 2192 5030 ipsa,de

2284 4960 2560 5032 πλήρωμα
2591 4960 2701 5013 τῶν
2733 4959 2905 5014 ἐθνῶν
2943 4956 3182 5030 εἰσέλθῃ,
3224 4957 3316 5010 καὶ
3351 4954 3457 5016 πᾶς
3495 4941 3683 5017 Ἰσραὴλ
3707 4952 3788 4988 σω·

617 5054 724 5108 qua
760 5042 999 5111 gloriosa
1041 5043 1190 5100 dicta
1239 5061 1362 5103 esse
1390 5049 1535 5117 apud
1568 5048 1830 5128 Da‘videm
1857 5051 2093 5121 legimus
2122 5052 2188 5108 ".

2285 5053 2535 5122 θήσεται.
2569 5052 2705 5106 Τότε
2739 5051 2847 5122 γὰρ
2902 5049 2959 5102 ἐν
2987 5051 3051 5103 ἐκ
3088 5051 3198 5102 τῶν
3225 5048 3319 5101 δύο
3363 5045 3628 5115 γενήσεται
3667 5032 3789 5128 σίῖλμίι

619 5129 804 5188 Placet
844 5151 975 5191 vero
1015 5139 1300 5195 nonnullis
1348 5147 1463 5194 tum
1512 5124 1733 5198 demum
1779 5150 2060 5198 servatum
2122 5145 2192 5198 iri

2285 5145 2453 5201 λαῶν.
2495 5147 2677 5217 Mirm:
2697 5145 2806 5215 γὰρ
2833 5143 2927 5198 τοῦ
2949 5145 3007 5208 ἐξ
3030 5142 3223 5198 ἐθνῶν
3246 5141 3374 5196 λαοῦ
3393 5131 3714 5217 συναφθέντος
3731 5124 3786 5187 τῷ

621 5233 796 5280 ιοιυιη
832 5228 1085 5285 lsraclem
1117 5230 1436 5302 signiﬁcari,
1466 5247 1592 5288 cum
1637 5234 2031 5303 plenitudinem
2060 5251 2194 5305 gen-

2288 5237 2539 5309 προτέρῳ
2568 5214 2828 5306 Ἰσραὴλ,
2848 5236 2947 5306 οὐχ
2965 5231 3078 5288 οἶόν
3094 5253 3155 5289 τε
3183 5235 3373 5306 μόνους
3395 5229 3616 5286 ἐκείνους
3636 5214 3788 5309 mitia

621 5318 756 5371 tium
789 5319 1092 5390 ingressam
1134 5340 1258 5380 esse
1287 5325 1588 5394 contigerit
1617 5320 1667 5358 δ”
1701 5345 1715 5381 :
1740 5337 1873 5382 tunc
1898 5329 2044 5383 enim
2067 5329 2186 5384 fore

2304 5307 2520 5402 Ἰσραὴλ
2546 5328 2908 5400 ὀνομάζεσθαι
2933 5329 3156 5400 ἡκρωτη
3165 5327 3480 5400 ριασμένους
3503 5317 3574 5388 τῷ
3595 5307 3785 5403 δευτέρῳ

621 5409 910 5480 utriusque
940 5413 1123 5482 populi
1153 5430 1354 5484 corpus
1377 5431 1568 5469 unum.
1605 5415 1746 5470 Cum
1779 5419 1925 5473 enim
1953 5420 2187 5488 gentium

2291 5421 2538 5490 τάγματι
2563 5420 2657 5473 τοῦ
2679 5420 2800 5474 νέου
2841 5419 3076 5492 Ἰσραήλ.
3111 5419 3313 5491 Ἀμφω
3331 5417 3386 5471 δὲ
3415 5413 3526 5467 τότε
3569 5403 3677 5476 μιᾶς
3709 5406 3785 5459 της

697 5582 743 5615 ⁸³
773 5583 933 5639 Joan.
957 5603 1032 5645 γι,
1063 5588 1152 5642 4i.
1227 5589 1416 5645 “Psal
1476 5604 1593 5656 cm,
1637 5589 1722 5657 15,
1754 5591 1840 5648 16.
1915 5588 1962 5624 ⁴⁵³
1995 5590 2012 5643 Ι
2039 5591 2171 5647 Cor.
2209 5607 2276 5657 111

2039 5591 2171 5647 Cor.
2209 5607 2292 5662 tu,
2340 5592 2396 5648 9.
2471 5591 2518 5624 “
2559 5591 2704 5649 Psal.
2747 5608 2970 5661 unm,
3013 5594 3070 5650 3.
3143 5592 3190 5628 ⁸⁷
3236 5592 3391 5648 Rom.
3434 5601 3506 5650 χι,
3535 5578 3613 5634 25-

694 5762 725 5806 ι,
752 5783 841 5835 π),
871 5769 1052 5836 φασίν.
1932 5704 2166 5764 mum
2200 5705 2602 5764 LECTIONES.
