3998 6390
82 319 91 327 ’
144 371 265 436 9533
1255 358 1661 422 cunnus“

1864 355 1899 414 δῖ
1936 356 2212 416 lSAIMI.
3224 361 3366 423 2634
3440 426 3443 430 ,

144 481 275 551 παρὰ
297 476 411 550 Θεῷ
440 474 715 542 τεύξονται
773 470 1067 542 σωτηρίας.
1116 469 1271 530 Τινὲς
1317 468 1373 521 δὲ
1403 467 1690 537 ίστορικῶς
1718 519 1723 525 ,

1794 464 2028 533 populus
2067 478 2194 518 cutn
2228 463 2408 533 priore
2461 464 2761 519 Israelitico
2792 465 3034 520 nondum
3069 465 3318 521 coit-isset
3349 491 3363 540 ;

143 571 406 629 ἀπέδοσαν,
431 567 501 630 ὡς
531 564 674 620 οὕτω
731 562 1082 633 διακειμένης
1121 560 1224 629 τῆς
1273 559 1502 622 πόλεως,
1532 560 1581 612 οἱ
1612 559 1694 621 εἰς

1796 569 1904 605 non
1939 561 2194 622 poterant
2226 553 2406 608 adhuc
2434 555 2537 609 soli
2579 557 2671 610 isti
2701 557 2935 610 omnium
2969 557 3367 610 nomine‘eom-

141 662 290 733 αὐτὴν
343 659 836 730 πλημμελήσαντες
878 651 1350 723 αἰσχυνθήσονται,
1385 650 1694 713 ἐννοοῦντες

1795 643 2054 714 prehendi
2084 684 2100 706 ,
2141 645 2342 714 quibus
2389 647 2607 702 deesset
2648 649 2784 704 ordo
2841 651 3082 706 recentis
3124 665 3154 704 a
3188 651 3370 720 priore

140 756 169 810 ἂ
196 754 436 823 ἔδρασαν.
478 751 584 803 Καὶ
609 749 718 819 γὰρ
744 745 1132 819 πρεσϐυτέρων
1165 744 1255 796 τὸν
1295 743 1460 810 ζυγὸν
1490 742 1693 812 ἐϐάρυ-

1796 743 2132 804 amputatus.
2170 734 2273 790 Sed
2303 753 2465 792 unam
2507 747 2737 808 uterque
2769 754 2797 792 a
2829 739 2939 794 Deo
2969 748 3104 795 tunc
3135 741 3366 795 salutem

114 865 240 926 Juv,
273 843 363 898 καὶ
401 843 591 914 νήπιον
619 841 720 894 οὐκ
771 839 1034 908 ἠλέησαν,
1085 836 1227 890 ὥστε
1253 835 1440 888 λοιπὸν
1467 835 1693 906 Κυρίου

1794 823 2099 893 adepturus
2128 833 2232 879 est.
2251 823 2485 891 Quidam
2517 835 2700 886 tamen
2735 828 2804 881 ad
2837 828 3124 884 historiam
3155 831 3367 884 retule-

138 940 297 992 πόλιν
326 931 606 986 καλεῖσθαι
641 931 738 1000 τὴν
771 928 1251 1001 Ἰερουσαλήμ.Ὠς
1277 927 1386 998 γὰρ
1400 926 1693 998 παρῶπται

1794 925 1945 981 runt,
1972 926 2231 987 tanquam
2263 919 2338 972 ita
2375 918 2569 974 aﬂ‘ecta
2599 921 2842 986 civitate,
2867 921 2960 992 qui
3011 923 3064 976 in
3092 937 3210 976 eam
3238 938 3366 994 pec—

139 1025 196 1082 δι⁹
221 1024 488 1087 ἀσέϐειαν,
515 1021 690 1085 οὕτως
725 1019 1098 1093 ἐπανελθοῦσα
1141 1017 1279 1089 πρὸς
1313 1017 1511 1087 ἑαυτὴν
1541 1015 1694 1070 ἔσται

1791 1017 2013 1069 carunt.
2051 1011 2260 1080 pudore
2285 1021 2493 1068 tactum
2521 1013 2588 1068 iri
2630 1014 2927 1086 signiﬁcet,
2951 1031 3075 1071 cum
3101 1032 3224 1086 qua!
3261 1017 3367 1087 ipsi

139 1110 428 1179 κόσμος,οὒ
465 1109 627 1180 μόνον
689 1108 872 1180 ἐκείνῃ
921 1109 987 1178 τῇ
1032 1108 1218 1178 γενεᾷ,
1266 1105 1400 1160 ἀλλὰ
1438 1106 1533 1159 καὶ
1575 1107 1694 1169 ταῖς

1792 1099 2139 1168 admiserint,
2198 1103 2539 1174 cogitabunt.
2577 1103 2710 1158 Nam
2755 1117 2807 1159 et
2862 1106 3141 1160 scniormn
3173 1106 3364 1175 jugnm

140 1201 240 1272 μετ’
291 1201 524 1270 ἐκείνην.
572 1201 780 1266 Ἤγουν
844 1199 1055 1270 (ἐπειδὴ
1111 1200 1412 1268 πάσχοντος
1475 1197 1690 1267 μέλους,

1791 1202 2140 1262 presserunt,
2163 1209 2264 1249 nec
2305 1194 2598 1250 infantium
2635 1197 2844 1251 misetti
2873 1208 3024 1263 sunt,
3059 1207 3116 1252 nt
3157 1199 3369 1252 Domini

137 1286 423 1359 συμπάσχει
459 1289 632 1342 πάντα
659 1287 728 1342 τὰ
759 1287 916 1360 μέλη)
949 1289 1058 1341 τῶν
1093 1287 1564 1358 παραϐεϐηκότων
1591 1288 1691 1358 τῆς

1791 1285 1980 1338 civitas
2023 1284 2329 1343 Jerusalem
2365 1288 2630 1358 deinceps
2673 1291 3073 1344 nominaretur.
3124 1291 3192 1345 llt
3221 1294 3368 1347 enim

135 1381 444 1436 καλλιελαίου
495 1379 705 1434 κλάδων
737 1379 1102 1442 ὲκκοπέντων,
1139 1381 1188 1432 οἱ
1233 1379 1359 1431 τότε
1418 1377 1690 1442 Οεοσεϐεῖς

1789 1376 1844 1430 in
1892 1387 2269 1448 contemptum
2309 1389 2530 1450 propter
2587 1383 2923 1452 impietatem
2971 1382 3137 1456 693
3183 1385 3366 1438 abiit:

135 1471 639 1542 ἐγκαταλελεῖφθαι
691 1471 959 1540 λέγονται,
1016 1470 1116 1526 καὶ
1161 1469 1552 1540 μεμισῆσθαι,
1596 1469 1684 1539 μὴ

1791 1468 1888 1534 sic,
1926 1470 1970 1524 si
2011 1471 2079 1524 ad
2102 1488 2172 1526 se
2217 1472 2428 1536 redeat,
2471 1474 2622 1528 illitts
2661 1490 2768 1528 non
2805 1477 2981 1529 solum
3024 1477 3231 1541 Saeculi,
3275 1477 3370 1532 sed

137 1563 283 1628 ὄντος
303 1560 411 1614 τοῦ
442 1559 841 1628 βοηθοῦντος.

1788 1563 2071 1630 sequentis
2113 1564 2278 1617 etiam
2307 1579 2694 1621 ornamentum
2739 1565 2920 1622 futura
2953 1578 3057 1624 est.
3093 1569 3367 1623 Nimirum

138 1654 264 1725 (quia
298 1653 584 1709 laborante
636 1654 882 1708 membro
916 1666 1049 1718 uno,
1081 1652 1325 1712 dolorem
1359 1653 1602 1709 sentiunt
1624 1659 1680 1706 et
1717 1656 1940 1725 eaztera)
1991 1657 2080 1712 ubi
2119 1657 2318 1714 feracis
2365 1658 2526 1718 oliva:
2595 1675 2802 1725 ramos,
2875 1663 2966 1730 qui
3024 1662 3369 1731 przevaricuti

137 1759 260 1815 sunt,
287 1750 532 1806 exscindi
565 1751 795 1823 contigit
823 1750 900 1816 ἐς
932 1751 1023 1819 qui
1052 1759 1166 1806 tum
1193 1751 1445 1823 pietatem
1470 1757 1782 1815 sectantur,
1814 1749 2108 1824 derelinqui
2144 1755 2424 1822 dicuntur,
2458 1766 2507 1809 et
2573 1755 2693 1811 odio
2757 1758 2976 1823 haberi;
3029 1774 3155 1812 eum
3219 1774 3369 1812 nemo

135 1845 190 1898 sit
214 1845 292 1913 qui
311 1845 390 1899 eis
418 1845 735 1898 auxilietur.

191 1935 300 1986 Τῶν
327 1936 381 1988 δὲ
407 1937 474 1988 ὲκ
514 1937 609 2007 τῆς
629 1934 945 2006 ἀγριελαίου
981 1935 1080 2007 τὴν
1107 1935 1330 1989 ἐκείνων
1357 1934 1684 2005 ἀναπληρω-
1719 1939 1763 1994 Β

1865 1927 1972 1984 Sed
1997 1929 2124 2000 quia
2159 1929 2252 2000 qui
2284 1930 2352 1986 de
2383 1931 2624 1986 oleastro
2660 1941 2811 1996 sunt,
2843 1935 2894 1986 in
2935 1933 3115 1988 locum
3146 1935 3366 1989 illorum

135 2026 535 2096 σᾶντωνχώραν,
569 2026 662 2080 καὶ
714 2026 1080 2097 συναφθέντος
1134 2025 1395 2098 ἐκατέρου
1433 2024 1588 2088 λαοῦ,
1619 2026 1685 2094 τῇ

1792 2021 2109 2085 subierunt,
2153 2021 2208 2076 in
2259 2038 2540 2093 unumque
2583 2032 2815 2096 uterque
2847 2026 3082 2094 populus
3114 2029 3365 2096 compul-

134 2118 207 2171 τοῦ
223 2118 460 2188 Σωτῆρος
491 2117 720 2187 δυνάμει
745 2117 975 2188 συνέστη
993 2117 1100 2172 τῶν
1127 2117 1452 2187 σωζομένων
1470 2115 1532 2169 τὸ
1548 2115 1688 2184 πλή-

1791 2129 1888 2170 sus
1936 2115 2382 2187 conjunctasque
2415 2124 2541 2183 est;
2587 2115 2892 2172 Salvatoris
2925 2120 3126 2173 virtute
3160 2121 3369 2174 consti-

138 2227 290 2282 ρωμα,
319 2208 416 2280 μία
449 2225 513 2263 τε
534 2212 715 2274 πόλις
737 2207 798 2272 ἐξ
819 2209 1023 2279 ἀμφοῖν
1050 2209 1273 2276 γέγονεν
1304 2209 1336 2277 ἡ
1378 2208 1683 2276 καλουμένη

1791 2214 1905 2260 tuta
1945 2215 2266 2274 esteorum,
2301 2208 2394 2278 qui
2419 2208 2649 2264 salutem
2677 2209 2861 2278 adepti
2892 2220 3041 2271 sunt,
3065 2211 3366 2280 plenitudo,

137 2300 280 2360 Σιὼν,
387 2297 748 2369 τελειωθείσῃ
810 2297 1202 2367 ἐπαγγέλλεται
1244 2297 1313 2350 τὰ
1345 2298 1491 2368 ἑξῆς.
1529 2297 1687 2361 Τινὲς

1792 2315 2014 2371 unaque
2049 2301 2235 2355 civitas
2267 2317 2334 2356 ex
2366 2300 2802 2367 ambobus,Sion
2828 2303 3076 2367 nomine,
3097 2302 3242 2356 facta
3261 2313 3366 2369 est;

135 2392 180 2446 δέ
198 2408 314 2458 φασι
347 2389 818 2446 τεταπεινῶσθαι
850 2388 951 2460 μὲν
979 2391 1148 2459 αὐτὴν
1177 2389 1264 2442 διὰ
1287 2388 1347 2441 τὸ
1372 2390 1510 2444 κατὰ
1547 2390 1684 2460 Χρι-

1790 2393 1877 2446 cui
1905 2392 2016 2461 jam
2048 2393 2327 2463 perfectae,
2357 2409 2480 2463 qua:
2501 2406 2816 2463 sequuntur
2845 2394 3127 2465 deinceps,
3151 2411 3369 2449 annun-

137 2483 239 2538 στοῦ
267 2483 522 2555 τόλμημα
544 2524 560 2548 ,
596 2483 937 2553 σωθήσεσθαι
985 2483 1041 2536 δὲ
1095 2482 1284 2537 τοῦτον
1317 2483 1476 2536 πάλιν
1513 2485 1686 2550 ἐπιγι-

1789 2484 2020 2538 tiantur.
2070 2485 2270 2538 Pulant
2305 2486 2552 2540 nonnulli
2604 2486 2675 2540 ob
2713 2487 2763 2539 id
2795 2488 3016 2556 quidem
3051 2504 3163 2542 esse
3193 2491 3368 2542 humi-

135 2578 433 2630 νώσκουσαν.
461 2575 548 2628 Τὰ
577 2575 620 2628 δ’
649 2570 742 2628 οὖν
785 2576 1129 2645 ὲπαγόμενα·
1163 2574 1342 2642 etiam
1372 2589 1446 2628 σε
1500 2574 1615 2643 dm
1630 2577 1685 2626 1-

1791 2575 1982 2631 liatam
2029 2586 2081 2632 et
2119 2577 2400 2640 aﬂlictam,
2431 2577 2578 2647 quod
2611 2577 2878 2636 adversus
2910 2580 3194 2634 Christum
3233 2597 3366 2638 ansa

133 2667 289 2736 λίαμιι
349 2669 598 2721 αἰώνιον
623 2706 638 2730 ,
689 2668 1079 2736 εὐφροσύνην
1144 2667 1367 2736 γενεῶν
1430 2665 1680 2736 γενεαῖς.

1788 2675 1873 2722 est
1917 2686 1930 2721 :
1964 2667 2062 2724 sed
2101 2684 2226 2723 esse
2258 2668 2488 2723 salutem
2511 2680 2715 2734 tamen,
2737 2671 2780 2724 si
2802 2672 3053 2725 eumdem
3084 2685 3367 2742 agnoscat,

136 2759 279 2812 Ὅπου
315 2760 422 2830 γὰρ
470 2758 632 2822 ἐλπὶς
689 2759 999 2830 ἀφθαρσίας
1043 2761 1098 2811 ὲν
1142 2761 1207 2828 τῇ
1257 2757 1550 2829 Ἐκκλησία
1589 2757 1684 2810 τοῦ

1789 2759 2140 2829 adepturum.
2194 2758 2320 2814 litec
2355 2760 2523 2830 igitur
2545 2761 2660 2829 ipsa
2691 2769 2839 2823 sunt,
2870 2778 2992 2831 qua:
3020 2772 3321 2832 sequentur
3350 2779 3367 2827 ;

136 2848 258 2914 Θεοῦ,
282 2849 652 2920 ἀτελευτήτου
709 2866 771 2902 τε
827 2849 994 2920 ζωῆς,
1044 2847 1139 2902 καὶ
1165 2847 1344 2918 δόξης,
1391 2849 1483 2902 καὶ
1533 2847 1685 2917 βασι-

1789 2848 1993 2917 quibus
2023 2865 2138 2901 eam
2172 2864 2227 2902 se
2245 2848 2540 2915 positurum
2563 2849 2617 2901 in
2657 2850 3068 2904 exsultatione»:
3091 2853 3366 2917 sempiter-

139 2939 270 3008 λείας,
295 2941 568 3014 οὐρανῶν,
603 2941 764 2995 ποίαν
783 2939 897 3011 ἔχοι
925 2940 986 2993 τὸ
1017 2950 1038 2979 ε
1073 2939 1336 3009 κατηφές.
1370 2939 1481 2992 Καὶ
1503 2938 1682 3006 θηλὰ-

1788 2954 1938 3003 nam,
1971 2939 2026 2993 in
2063 2939 2312 2993 lwlitiam
2341 2941 2745 3010 generationum
2773 2943 3196 3013 generationibus
3221 2947 3367 2998 atlir—

137 3047 258 3099 σεις,
276 3034 426 3105 φησὶ,
460 3031 620 3104 γάλα
652 3032 863 3088 ἐθνῶν.
891 3032 934 3084 Τ
937 3031 965 3084 ὸ
991 3031 1168 3085 κοινὸν
1186 3032 1333 3100 λέγει
1360 3035 1679 3103 μυστήριον,

1788 3041 1925 3088 mat.
1951 3031 2182 3098 Quando
2211 3031 2357 3086 enim
2391 3046 2516 3102 spes
2545 3033 3074 3104 estimtnortalitatis
3108 3035 3161 3088 in
3180 3035 3367 3090 Eccle-

135 3126 211 3179 καὶ
236 3127 324 3198 τὴν
353 3125 678 3197 στοιχειώδη
709 3125 1060 3180 διδασκαλίαν
1113 3125 1223 3178 τῶν
1253 3126 1310 3177 ἐν
1343 3126 1562 3196 Χριστῴ
1592 3123 1681 3176 διὰ

1788 3123 1868 3179 sia
1899 3121 2014 3187 Dei,
2047 3123 2282 3193 vitaeque
2312 3130 2610 3192 perpetua),
2643 3123 2925 3195 etgloriae,
2958 3125 3228 3194 regnique
3255 3142 3367 3181 em-

135 3217 334 3282 πίστεως
355 3217 844 3288 ἀναγεννωμένων.
875 3216 1033 3280 Τινὲς
1074 3217 1132 3270 δὲ
1167 3216 1325 3270 τοῦτό
1367 3233 1426 3269 τε
1482 3216 1578 3270 καὶ
1609 3216 1680 3270 τὰ

1789 3215 1968 3278 lcstis,
2005 3215 2095 3269 ubi
2121 3215 2232 3284 jam
2268 3215 2546 3270 mrestitiac
2581 3215 2738 3270 locus
2768 3231 2892 3271 esse
2933 3217 3143 3271 valeat?
3176 3217 3240 3273 Et
3269 3237 3363 3272 lm-

135 3279 437 3379 ίφεξῆς-τὰς
473 3279 550 3374 te
609 3279 778 3361 ὲϐνῶν
839 3323 970 3376 φασι
1033 3304 1414 3376 καρποφορίας
1468 3299 1714 3375 δηλοῦν,¹

1790 3325 1901 3379 ges,
1932 3307 2108 3372 addit,
2147 3306 2231 3360 lac
2258 3309 2490 3377 gentium
2517 3323 2537 3372 ;
2567 3323 2862 3363 commune
2893 3310 3152 3364 nimirum
3182 3326 3369 3365 sacra-

135 3402 422 3472 ἀναθήματά
450 3417 512 3454 τε
563 3401 660 3453 καὶ
691 3397 949 3470 βασιλικὰ
990 3397 1274 3470 σιτηρέσια
1311 3397 1472 3467 μέχρι
1501 3397 1596 3451 νῦν
1624 3397 1689 3452 ἐκ

1789 3407 2055 3464 tnentnm,
2081 3387 2669 3468 eorumquedoctrinaz
2690 3399 2984 3464 elementa,
3011 3402 3103 3469 qui
3139 3400 3367 3457 inChri-

133 3491 217 3544 τῶν
239 3491 584 3560 κρατούντων
632 3490 905 3560 διδόμενα.
942 3489 1125 3542 Ἀλλοι
1164 3488 1220 3541 δὲ
1253 3487 1508 3558 βασιλέας
1554 3488 1688 3557 φασὶ

1787 3497 1876 3544 sto
1907 3505 2003 3558 per
2043 3488 2204 3541 ﬁdem
2252 3496 2672 3558 regenerantnr.
2701 3487 2842 3542 Sunt
2877 3490 3126 3543 nonnulli
3158 3497 3362 3556 tamen,

132 3583 231 3646 τοὺς
254 3581 354 3636 τῶν
387 3580 766 3652 μακαρισμῶν
809 3580 1014 3647 ἀξίους,
1046 3574 1125 3643 οἷς
1161 3581 1189 3631 ὁ
1219 3578 1411 3649 Σωτὴρ
1440 3578 1685 3648 οὐρανῶν

1785 3581 1877 3652 qui
1921 3583 2047 3641 ista.
2077 3588 2131 3634 et
2161 3595 2283 3651 qua:
2312 3581 2598 3650 deinceps,
2628 3581 2693 3636 ad
2746 3584 2987 3652 gentium
3022 3597 3270 3643 munera.
3297 3584 3363 3635 ad

127 3675 419 3737 βασιλείαν
444 3673 872 3743 ἐπαγγέλλεται.
901 3673 1056 3735 Τινὲς
1078 3672 1133 3725 δὲ
1162 3671 1257 3724 καὶ
1289 3670 1409 3724 καθ’
1441 3670 1683 3741 ἱστορίαν

1784 3672 2037 3735 donaria,
2063 3671 2127 3724 ad
2162 3671 2308 3741 regia
2347 3669 2610 3726 demensa
2629 3680 2681 3725 et
2706 3671 3005 3741 stipendia,
3031 3673 3233 3741 quibus
3259 3673 3363 3726 hue

131 3764 202 3818 τόν
221 3766 480 3821 πλοῦτον
513 3763 880 3836 σημαίνεσθαι
901 3781 1084 3834 φασιν,
1119 3763 1176 3816 ὃν
1195 3763 1480 3829 βασιλεῖς
1510 3779 1682 3833 προσ-

1786 3779 1961 3832 usque
2009 3777 2197 3816 eorum
2249 3761 2580 3815 liberalitate
2632 3761 2861 3824 fruitur,
2903 3762 2996 3832 qtti
3048 3779 3230 3817 rerum
3267 3779 3365 3833 po-

129 3855 256 3924 ἦγον,
282 3858 372 3912 καὶ
396 3857 664 3928 ἄρχοντες
691 3857 748 3908 ἐν
781 3857 918 3927 αὐτῇ
946 3855 1022 3925 τῷ
1073 3854 1211 3922 Θεῷ,
1241 3854 1320 3923 τῷ
1347 3854 1554 3924 ταύτην
1589 3853 1680 3919 ἐξ-

1784 3855 2016 3919 tiuntur,
2059 3853 2248 3908 referri
2278 3852 2640 3906 arbitrentur.
2674 3855 2778 3906 Alii
2805 3868 2938 3907 vero
2964 3869 3062 3923 per
3089 3869 3248 3925 reges
3269 3871 3363 3910 eos

129 3948 334 4019 ελομένῳ
367 3949 476 4002 τῶν
499 3947 804 4018 πολεμίων,
844 3948 939 4000 καὶ
970 3948 1050 4009 εἰς
1101 3945 1160 3998 τὸ
1189 3945 1378 4016 ἄρχειν
1402 3944 1557 4007 αὖθις
1583 3944 1681 3995 αὑ-

1786 3945 1954 4015 ipsos,
1987 3946 2078 4015 qui
2111 3943 2547 3998 beatitudinihns
2569 3945 2714 4013 digni
2747 3955 2898 4007 sunt,
2927 3945 3129 4012 quibus
3147 3961 3365 4016 regnum

128 4042 205 4110 τὴν
226 4044 644 4113 καταστήσαντι.
675 4040 797 4092 Ὅτι
854 4038 968 4108 ἐγὼ
1022 4037 1234 4104 Κύριος
1275 4039 1306 4090 ό
1355 4035 1554 4095 σώζων
1579 4049 1674 4098 σε,

1784 4035 2046 4090 caelorum
2075 4032 2671 4102 polliceturChristus,
2709 4033 3033 4102 signiﬁcari.
3073 4034 3363 4088 Aliietiatn

129 4132 614 4203 φησί.Χάριτιγὰρ
677 4133 771 4184 καὶ
829 4127 1210 4198 φιλανθρωπίᾳ
1265 4128 1532 4179 σέσωσται
1579 4124 1676 4178 τοῦ

1783 4123 2086 4180 secundum
2124 4123 2433 4182 historiam.
2461 4117 2856 4188 divitiasillas;
2882 4139 3020 4195 quas
3043 4125 3098 4178 in
3126 4140 3187 4179 ea
3217 4142 3362 4195 reges

136 4222 320 4296 Ἰσραὴλ
349 4225 408 4279 τὸ
434 4223 814 4294 κατάλειμμα,
853 4221 928 4284 ὡς
971 4221 1048 4290 μὴ
1089 4218 1367 4281 παντελῶς
1389 4218 1450 4270 τὸ
1475 4221 1540 4270 ἐκ
1570 4217 1678 4268 Πα-

1780 4223 1835 4269 et
1868 4215 2144 4285 principes
2171 4212 2280 4267 Deo
2307 4213 2650 4276 obtulerunt,
2684 4228 2778 4282 per
2802 4229 2964 4283 quem
2992 4222 3077 4268 est
3105 4214 3359 4269 hostibus

125 4314 268 4386 τὲρων
295 4316 463 4385 ἁγίων
496 4315 652 4376 ἔθνος
679 4313 966 4382 ἀπόληται.
1006 4309 1199 4364 Γνῶθι
1229 4310 1305 4375 δὲ,
1355 4311 1512 4378 φησὶ,
1543 4309 1678 4377 πρὸς

1781 4308 2050 4370 liberata,
2103 4321 2325 4375 sumque
2371 4305 2631 4374 potestati
2683 4313 2736 4356 et
2791 4305 3024 4375 imperio
3079 4307 3359 4371 restituta,

127 4411 217 4474 τοῖς
238 4413 572 4483 εἰρημένοις,
609 4411 686 4474 ὡς
727 4410 828 4462 οὐκ
881 4408 961 4462 ἔτι
1020 4407 1222 4470 ξύλων
1259 4404 1445 4475 ἀργῶν
1473 4402 1676 4471 δεήσει.

1781 4399 1922 4465 Quia
1963 4415 2057 4469 ego
2092 4415 2210 4452 sum
2240 4398 2522 4457 Dominus,
2552 4398 2753 4466 inquit,
2789 4399 2880 4467 qui
2911 4398 3120 4452 salvum
3150 4411 3197 4453 te
3231 4401 3354 4470 feci.

126 4501 304 4568 (Ταῦτα
322 4505 430 4575 γὰρ
458 4503 569 4572 ΰλη
605 4503 799 4572 πυρὸς)
827 4499 940 4554 ἀλλ’
989 4499 1110 4552 οὐδὲ
1155 4499 1360 4561 λίθων,
1390 4493 1538 4546 τοῦτ’
1563 4494 1678 4544 ἐστι

1780 4491 1919 4545 Sunt.
1944 4492 2089 4544 enim
2116 4487 2237 4559 ejus
2265 4490 2442 4559 gratia
2469 4497 2522 4542 et
2557 4489 2902 4542 humanitate
2928 4499 3158 4544 servata:
3183 4489 3357 4546 Israe-

124 4588 279 4661 ψυχῶν
300 4593 546 4662 ἠλιθίων.
605 4592 683 4644 Τὰ
725 4591 780 4646 δὲ
825 4590 1033 4644 τούτων
1067 4587 1208 4652 ἕξεις
1248 4585 1570 4656 τιμιώτερα.
1612 4583 1676 4636 Οἱ

1784 4583 1850 4637 lis
1877 4582 2142 4651 reliquiae,
2173 4595 2240 4633 ne
2267 4578 2500 4649 populus
2534 4579 2645 4645 ille,
2680 4581 2771 4650 qui
2804 4596 2834 4633 a
2861 4583 3071 4636 sanctis
3099 4581 3356 4637 Patribus

125 4681 214 4752 γὰρ
233 4684 409 4738 πάλαι
442 4683 671 4754 χαλκοῖ
715 4685 811 4737 καὶ
868 4682 1154 4734 ἀντίτυποι
1177 4679 1391 4749 ἄνδρες,
1420 4676 1516 4729 καὶ
1547 4675 1672 4736 τοὺς

1781 4685 1938 4730 ortus
1969 4683 2077 4738 est,
2125 4671 2346 4743 penitus
2388 4671 2658 4725 interiret.
2705 4671 2853 4724 Scito
2907 4679 3113 4739 autem,
3155 4674 3353 4744 inquit,

127 4779 329 4848 τρόπους
359 4784 561 4845 παντὸς
607 4779 862 4846 σιδήρου
894 4777 1269 4846 σκληρότεροι,
1305 4768 1672 4843 μεταϐληθένο

1779 4777 1977 4840 prteter
2006 4783 2091 4831 ea,
2127 4782 2250 4836 qua:
2276 4765 2423 4820 dicta
2457 4773 2611 4825 sunt.
2648 4766 2747 4819 tibi
2779 4783 2887 4819 non
2920 4767 3078 4838 lignis
3119 4769 3357 4839 amplius

127 4887 200 4934 τες
228 4874 300 4936 εἰς
325 4875 561 4942 χρυσόν
590 4889 646 4925 τε
696 4873 789 4924 καὶ
815 4869 1078 4938 ἄργυρον
1104 4849 1476 4936 ἐφαρμόσουσι
1509 4864 1575 4930 τῇ
1606 4863 1672 4929 σῇ

1777 4861 1996 4922 otiosis,
2017 4873 2139 4928 qnte
2163 4857 2270 4925 igni
2297 4864 2508 4908 tantum
2533 4853 2700 4925 69hI
2714 4857 3000 4908 materiam
3020 4870 3319 4926 suggerunt
3339 4899 3353 4910 .

128 4963 246 5015 κατὰ
275 4965 400 5018 Θεὸν
431 4964 712 5034 οἰκοδομία
735 4978 748 4992 ⁸
785 4962 838 5014 οἳ
869 4978 925 5013 τε
959 4961 1162 5024 ξύλων
1205 4953 1671 5024 ἀναισθητότερα»

1781 4968 1891 5008 non
1935 4950 2202 5020 lapidibus
2233 4949 2432 5019 getiam,
2468 4948 2520 5001 id
2563 4957 2670 5010 est,
2715 4949 2950 5018 stupidis
2993 4959 3047 5004 et
3086 4950 3357 5004 inertibus

127 5051 225 5106 ἀντὶ
245 5057 467 5123 χαλκοῦ
502 5073 601 5109 σοι
630 5057 727 5108 καὶ
756 5051 1013 5121 σιδήρου
1055 5053 1374 5122 γενήσονται
1405 5047 1540 5118 πρὸς
1573 5046 1672 5117 τὴν

1784 5046 2096 5106 animabus,
2126 5042 2244 5097 fore
2291 5057 2457 5112 Opus.
2488 5041 2583 5095 sed
2625 5050 2678 5093 te
2719 5043 2840 5096 istis
2873 5042 3032 5110 longe
3062 5042 3272 5108 majora
3302 5053 3355 5093 et

125 5143 378 5218 οἰκοδομὴν
405 5147 809 5218 συναιρόμενοι.

1783 5134 2164 5208 praestantiora
2223 5132 2564 5186 habiturum.
2611 5129 2713 5194 Qui
2763 5133 2909 5185 enim
2944 5133 3104 5200 ferrei
3136 5134 3267 5186 olim
3303 5142 3357 5184 et

128 5234 334 5294 immites
379 5240 656 5300 homines.
700 5239 1058 5308 moribusque
1093 5238 1232 5306 ferro
1290 5234 1537 5304 quolibet
1571 5234 1826 5286 duriores
1860 5229 2102 5291 fuerant,
2134 5227 2187 5280 in
2219 5241 2413 5278 aurum
2440 5224 2554 5292 jam
2619 5233 2674 5278 et
2732 5235 3008 5291 argentum
3078 5227 3355 5292 conversi,

126 5332 180 5382 ad
211 5342 348 5388 tuum
383 5353 506 5392 sese
527 5336 851 5396 aedilicium,
893 5333 1040 5403 quod
1071 5331 1162 5386 Dei
1193 5341 1299 5396 est,
1335 5329 1658 5385 commodos
1736 5327 2011 5391 utilesque
2057 5321 2410 5392 praebebunt.
2494 5321 2590 5388 qtti
2636 5320 2873 5388 denique
2918 5335 3082 5374 sensu
3139 5323 3354 5390 magis,

128 5434 262 5489 quam
302 5426 466 5497 ligna,
504 5434 835 5490 eat-nerant;
868 5425 965 5479 tibi
1005 5427 1118 5496 jam
1165 5441 1260 5494 pro
1281 5439 1385 5480 tare
1417 5435 1466 5477 et
1500 5424 1665 5494 ferro,
1705 5421 1906 5477 collata
1931 5419 1983 5472 in
2015 5415 2307 5472 aedilicium
2335 5429 2501 5484 opera
2526 5455 2539 5480 ,
2576 5413 2744 5467 futuri
2779 5423 2928 5469 sunt.

184 5603 224 5636 “
258 5604 408 5664 Rom.
442 5627 517 5664 ιι.
548 5611 635 5664 Π.

300 5623 408 5664 om.
442 5627 517 5676 ιι,
548 5611 635 5665 Π.

1392 5700 1630 5758 VARI/l3.
1687 5697 2092 5756 LECTIONES.

190 5802 208 5831 ε
237 5811 319 5864 γρ.
352 5796 442 5846 ποῖ
467 5793 531 5846 ἂν
558 5792 753 5864 ἔχοιτο.

330 5890 592 5949 ΡΑτιιοι..
625 5889 742 5950 Gn.
787 5881 1145 5946 LXXXVII.
2919 5879 2994 5941 83
