3998 6390
649 344 792 409 2635
882 310 893 319 ”
1984 342 2228 408 PROCO

2378 347 2623 408 GAZr‘EI
3723 352 3831 416 Μ
3916 350 3920 357 “

720 453 1029 525 Signliicari
1057 462 1237 508 tamen
1305 450 1458 506 aiunt
1487 450 1759 515 nonnulli,
1792 465 1916 506 cum
1951 450 2086 522 legis
2126 450 2226 505 do-
2255 457 2299 513 Α

2255 457 2299 513 Α
2397 452 2552 513 Τινὲς
2581 452 2637 507 δέ
2667 470 2798 521 φασι
2840 449 3123 522 βούλεσθαι
3160 452 3339 523 λέγειν
3370 495 3386 521 ,
3415 454 3491 507 ὅτι
3526 456 3680 509 πάντα
3727 461 3829 526 api;

648 551 885 602 etriuam
919 547 1118 603 cedere
1150 544 1464 615 contigerit,
1498 542 1683 597 omnia
1712 558 1805 611 per
1836 542 2121 597 Christum
2160 543 2216 595 in

2324 544 2383 596 τὸ
2437 545 2656 615 ἄμεινον
2715 546 3152 616 μεταστήσεται,
3196 549 3621 625 παραχωρούσης
3670 552 3752 618 τῆς
3790 556 3829 605 ὲν

649 651 805 697 tanto
844 640 1075 695 meliora
1123 647 1513 691 commutatum
1554 636 1647 702 iri,
1683 643 1948 704 quantum
1983 644 2069 691 est
2116 651 2222 689 ατο

2325 637 2475 708 νόμῳ
2499 636 2836 699 παιδεύσεως
2867 640 2933 708 τῇ
2985 639 3074 691 διὰ
3095 638 3192 691 τοῦ
3226 638 3454 709 Χριστοῦ
3481 640 3707 692 τοσοῦτον
3731 643 3832 715 οῦσῃ

650 736 847 806 ferrum
884 732 1261 802 praestantius.
1312 729 1526 783 Habere
1554 730 1700 784 enim
1734 745 1805 782 ανδ
1836 730 1957 782 auri
2000 726 2221 797 quidem

2325 727 2617 809 κρείττρνι,
2637 730 2761 782 ὅσον
2796 730 3029 798 χαλκοῦ
3077 733 3327 799 χρυσός.
3358 734 3729 800 Χρυσορανὶις
3761 738 3833 804 μὲν

645 827 904 897 speciem;
933 839 1034 880 nec
1072 840 1266 877 aurum
1300 832 1480 876 tamen
1513 835 1658 878 esse.
1686 821 1905 875 Habere
1933 831 1988 874 et
2019 820 2222 888 ferrum

2357 819 2434 890 ’ἀρ
2463 823 2495 873 ό
2518 820 2765 888 χαλκὸς,
2798 821 2936 891 πλὴν
2969 823 3031 874 οὐ
3062 822 3309 890 χρυσός.
3351 824 3755 893 ’Λργιφοφανὴς

646 917 872 987 argenti,
925 923 1149 986 propter
1194 913 1562 985 Splendorem,
1608 926 1712 966 nec
1745 926 1871 967 esse
1922 921 2105 964 tamen
2136 923 2225 962 ar-

2323 911 2411 965 διὰ
2453 912 2516 963 τὸ
2569 911 2843 977 στιλπνὸν,
2879 907 3037 966 καΥό
3063 913 3301 983 σίδηρος,
3355 912 3469 966 ἀλλ’
3499 913 3591 966 οὐκ
3609 913 3832 985 (im-11:09

643 1018 880 1079 gentum,
909 1022 1021 1077 quo
1047 1007 1249 1061 factum
1282 1014 1389 1070 est,
1413 1011 1472 1058 ut
1505 1002 1712 1058 Paulus
1737 1003 1878 1072 ipse,
1929 1018 2055 1057 cum
2085 1002 2222 1073 legis

2325 1001 2624 1073 Τοιγαροῦν
2664 1003 2760 1074 τὴν
2811 1006 2869 1056 ὲν
2928 1004 3079 1075 νόμῳ
3109 1004 3311 1079 γνῶσιν
3343 1004 3476 1074 πρὸς
3521 1006 3611 1075 τὴν
3636 1005 3712 1059 διὰ
3736 1010 3834 1081 Χρι-

643 1100 1038 1171 cognitionem,
1062 1112 1186 1151 cum
1226 1111 1290 1152 ea
1347 1112 1469 1166 qua:
1494 1095 1698 1151 Christi
1723 1102 1809 1150 est
1854 1104 2221 1164 compararet,

2327 1094 2476 1157 στοῦ,
2513 1094 2759 1149 σκύϐαλα
2785 1095 2998 1159 Παῦλος
3026 1096 3205 1160 καλεῖ,
3239 1097 3271 1165 ή
3298 1094 3353 1147 δὲ
3384 1094 3491 1147 τῶν
3520 1095 3834 1167 Γραμματέων

644 1190 973 1262 quisquilias
1004 1189 1282 1259 appellare
1322 1202 1428 1241 non
1464 1186 1735 1241 dubitarit
1765 1186 1833 1239 δ’.
1867 1185 2053 1255 Neque
2096 1200 2223 1241 vero

2326 1189 2420 1241 καὶ
2448 1188 2758 1258 Φαρισαίων
2784 1188 3106 1241 διδασκαλία
3150 1185 3402 1259 μυθώδης
3450 1183 3598 1254 οὖσα,
3621 1193 3835 1260 παρεικά-

645 1283 788 1337 male
823 1281 1144 1336 Scribarum
1184 1288 1239 1333 et
1293 1278 1697 1332 Pharisaeorum
1728 1275 2044 1347 disciplina,
2093 1276 2222 1345 quia

2325 1280 2472 1346 ζοιτο
2501 1282 2713 1348 ξύλοις
2745 1282 2842 1335 καὶ
2903 1285 3119 1347 λίθοις,
3143 1278 3214 1355 ἧς
3244 1284 3277 1352 ή
3312 1284 3369 1335 ὲν
3402 1283 3613 1354 Χριστῷ
3635 1286 3835 1339 τοσοῦτον

645 1376 893 1430 fabulosa
922 1414 938 1438 ,
981 1374 1138 1443 lignis
1187 1381 1237 1426 et
1295 1370 1564 1438 lapidibus
1615 1378 2002 1438 comparetur;
2055 1385 2221 1438 quam

2324 1376 2578 1444 ἀμείνων,
2629 1376 2752 1429 ὅσον
2809 1377 3003 1441 ξύλου
3038 1379 3287 1445 χαλκὸς,
3334 1375 3578 1443 σίδηρός
3602 1393 3658 1429 τε
3681 1378 3834 1433 λίθου.

645 1477 797 1523 tanto
832 1474 1056 1536 superat
1083 1479 1209 1534 qua:
1250 1462 1317 1517 de
1341 1463 1566 1516 Christo
1606 1469 1727 1527 est;
1759 1470 1972 1531 quanto
2000 1469 2086 1515 est
2119 1476 2223 1514 orre

2324 1466 2406 1518 Τά
2434 1468 2533 1536 μὲν
2568 1467 2675 1538 γὰρ
2706 1465 2996 1533 εῦθλαστα,
3032 1468 3102 1520 τὰ
3137 1468 3216 1533 δὲ,
3251 1467 3390 1538 πρὸς
3442 1466 3519 1537 τῷ
3542 1466 3747 1539 λαμπρῷ
3769 1472 3836 1523 καὶ

645 1562 847 1632 lignum
875 1600 890 1623 ,
934 1566 1144 1628 quanto
1186 1555 1367 1625 lapide
1411 1554 1613 1625 ferrum
1650 1555 2029 1624 praestantius.
2078 1548 2224 1606 Sunt

2324 1557 2509 1627 τιμίῳ,
2557 1558 2652 1610 καὶ
2695 1558 2938 1630 ἀρραγῆ.
2980 1559 3100 1621 Βίος
3126 1558 3234 1629 γὰρ
3261 1558 3422 1630 ὀρθὸς
3451 1558 3581 1628 μετὰ
3608 1558 3835 1629 δογμάτων

643 1654 791 1707 enim
826 1653 997 1706 altera
1038 1649 1257 1719 quidem
1302 1647 1371 1702 ad
1412 1646 1866 1703 contundendum
1914 1645 2221 1714 infringen-

2324 1646 2539 1718 ἀληθῶν
2577 1650 2953 1719 παραδίδοται,
2984 1649 3073 1703 διὰ
3103 1650 3262 1703 τοῦτο
3288 1650 3381 1702 καὶ
3404 1649 3604 1714 Παῦλος
3621 1651 3707 1721 τῆς
3724 1654 3836 1721 παρά

644 1745 888 1815 dumque
930 1742 1112 1796 facilia
1139 1751 1191 1795 et
1231 1747 1481 1811 prompta
1517 1755 1529 1790 :
1561 1740 1734 1794 altera
1759 1746 1967 1801 autem,
2027 1747 2223 1813 przeter

2362 1763 2485 1797 ινων
2513 1743 2905 1814 μυσταγωγίας
2935 1743 3035 1815 τὴν
3086 1742 3338 1811 δύναμιν,
3367 1741 3519 1806 ξύλα,
3558 1742 3740 1812 χόρτον,
3768 1748 3837 1796 καὶ

642 1854 808 1909 quam
848 1836 994 1906 quod
1033 1831 1327 1905 splendore
1379 1830 1627 1909 perdita,
1676 1830 1916 1898 pretiosa
1958 1831 2120 1883 etiam
2168 1836 2221 1881 et

2258 1824 2299 1877 Β
2327 1836 2506 1899 λίθους
2533 1837 2706 1889 καλεῖ.
2731 1835 2888 1896 Τινὲς
2919 1835 2977 1889 δὲ
3000 1836 3098 1888 καὶ
3121 1835 3262 1888 κατά
3289 1835 3388 1905 τὴν
3421 1832 3558 1899 λέξιν
3584 1834 3832 1895 ἀπέδωκαν,

646 1930 941 1999 infragilia.
973 1927 1129 1982 Solet
1164 1926 1309 1980 enim
1344 1926 1478 1988 vita,
1506 1938 1627 1992 qua:
1661 1930 1807 1976 recta
1835 1928 1943 1983 est,
1973 1935 2097 1975 cum
2131 1934 2221 1972 vc-

2327 1931 2404 1992 ὼς
2435 1928 2734 2005 εὐσεϐούδσῃ
2764 1931 2832 2000 τῇ
2888 1927 3042 1980 πόλει
3072 1929 3223 1981 πᾶσα
3253 1925 3357 1996 ὕλη
3381 1925 3536 1996 τιμία
3571 1926 3624 1978 ὲν
3651 1928 3733 1993 imp
3747 1931 3832 1989 τοῖς

644 2024 722 2077 ris
763 2019 1072 2091 disciplinis
1116 2017 1183 2072 ad
1222 2017 1362 2070 alios
1409 2015 1665 2068 transire.
1710 2012 1830 2079 Quo
1869 2012 2073 2066 factum
2109 2022 2218 2076 est,

2328 2022 2544 2092 ἀτίμοις
2580 2021 2888 2093 δοθήσεται.
2915 2019 3008 2092 Μὴ
3046 2020 3115 2093 δὲ,
3142 2019 3253 2090 γὰρ
3278 2018 3540 2072 ἀδύνατον
3574 2014 3696 2071 εἶναι
3721 2019 3834 2072 τοῦτο

644 2125 705 2170 ιιι
736 2113 981 2184 mysticae
1011 2108 1379 2182 quorumdam
1432 2106 1737 2176 disciplina:
1783 2104 2125 2169 facultatem,
2152 2104 2221 2157 li-

2329 2114 2467 2184 Θεῷ.
2510 2112 2656 2183 Πλὴν
2713 2112 2919 2166 τούτων
2967 2110 3110 2165 οὕτω
3150 2110 3452 2181 γινομένων
3502 2112 3555 2165 οὶ
3608 2108 3834 2179 ἄρχοντές

642 2221 773 2279 gna.
801 2207 984 2261 l‘enum
1001 2211 1056 2258 et
1078 2202 1286 2272 lapides
1316 2199 1522 2255 Paulus
1545 2198 1838 2270 appellarit
1859 2200 1928 2251 ⁸ο.
1956 2197 2219 2252 Nonnulli

2327 2222 2445 2261 σου
2481 2207 2667 2259 λοιπὸν
2700 2205 2772 2259 ἐν
2819 2206 3031 2274 εἰρήνῃ
3092 2203 3360 2271 διάξιυσι,
3408 2203 3548 2257 κατὰ
3594 2202 3832 2275 πρόγνωσιν

642 2315 776 2357 vero
798 2299 961 2353 etiam
988 2297 1053 2351 ad
1078 2295 1315 2349 litteram
1360 2293 1704 2363 capticarunt
1749 2300 2010 2362 tanquam
2033 2291 2221 2347 civita-

2327 2300 2524 2362 αὐτοὺς
2556 2299 2931 2364 ἐπισκόπους
2951 2296 3208 2361 καλέσας.
3246 2295 3327 2350 Τὸ
3355 2294 3436 2359 δὲ,
3461 2295 3561 2351 Ἐν
3583 2293 3758 2363 εἰρήνῃ
3777 2295 3828 2346 διη

642 2394 679 2447 ti
708 2393 967 2463 pietatem
1000 2387 1200 2442 colenti
1235 2385 1464 2440 materia
1489 2385 1768 2455 quaelibet,
1803 2385 2043 2454 pretiosa
2062 2401 2218 2457 aeque

2328 2392 2547 2458 ἁξουσιν
2609 2390 2705 2443 καὶ
2736 2391 2807 2443 ἐν
2829 2389 3208 2456 δικαιοσύνῃ,
3254 2388 3324 2441 ἐκ
3349 2388 3542 2458 μέρους
3578 2384 3817 2455 ἐπληροῦτο,

643 2502 707 2541 ac
734 2484 970 2554 abiecta.
1003 2479 1257 2536 donanda
1286 2479 1378 2533 sit.
1414 2477 1585 2532 Posse
1604 2477 1749 2532 enim
1787 2477 2024 2548 idipsum
2048 2478 2219 2533 Deum

2319 2484 2460 2541 κατὰ
2491 2483 2571 2545 τὸ,
2619 2499 2637 2532 ι
2673 2480 2772 2535 Ἐκ
2816 2480 3018 2552 μέρους
3061 2482 3426 2548 γινώσκομεν,
3478 2480 3567 2530 καὶ
3598 2478 3655 2530 ἐκ
3684 2481 3818 2547 μέρος

642 2577 881 2632 ellicere.
914 2573 1185 2628 Caeterum
1222 2586 1347 2625 cum
1385 2570 1490 2622 ista
1523 2568 1639 2623 ﬁeri
1689 2569 2007 2640 contigerit,
2037 2571 2221 2626 vivent

2322 2574 2764 2650 προφητεύομεν,
2790 2591 2809 2624 ι
2863 2573 3006 2626 κατά
3055 2572 3147 2626 τὸν
3190 2572 3440 2642 παρόντα
3487 2571 3594 2641 βίον
3631 2569 3823 2637 δηλονότι.

640 2674 696 2725 in
722 2686 848 2740 pace
878 2669 1140 2738 principes
1169 2666 1266 2722 tui,
1300 2660 1526 2732 adjicit;
1551 2676 1691 2731 (pios
1734 2671 1957 2732 prapter
1989 2663 2218 2719 futuro-

2332 2690 2349 2718 ι
2381 2668 2548 2721 Ὅταν
2585 2667 2641 2720 δὲ
2662 2664 2793 2739 ἔλθῃ
2811 2665 2872 2718 τὸ
2898 2665 3125 2731 τέλειον,
3148 2664 3210 2718 τὸ
3234 2666 3301 2718 ὲκ
3334 2664 3529 2735 μέρους
3555 2660 3829 2731 καταργηθήο

644 2781 764 2820 rum
791 2758 1216 2833 praesensionem
1244 2758 1515 2826 episcopos
1543 2759 1806 2826 appellat.
1841 2757 2048 2813 Deinde
2072 2759 2219 2829 quod
2332 2775 2504 2812 σεται.
2554 2776 2572 2808 ι

642 2862 697 2912 in
747 2844 1255 2926 pace,'justitiaqne
1305 2853 1548 2905 victuros
1584 2851 1745 2914 dixit,
1800 2849 1853 2904 id
1876 2851 2116 2922 quadam
2142 2868 2209 2908 ex
2249 2861 2404 2923 parte
2452 2852 2565 2920 jam
2600 2849 2903 2918 prazstitum
2953 2859 3039 2903 est
3084 2865 3099 2914 ;
3140 2848 3300 2918 juxta
3350 2845 3526 2902 illud:
3564 2866 3582 2899 ι
3624 2845 3687 2900 Ex
3724 2857 3833 2918 parte

640 2948 1070 3021 Cognoscimus;
1110 2960 1177 2999 ex
1214 2953 1368 3014 parte
1402 2950 1583 2997 autem
1632 2942 2072 3012 prophetamus:
2113 2962 2132 2995 ι
2177 2944 2325 3014 quod
2386 2951 2464 2998 est
2508 2943 2576 2997 ad
2614 2942 2778 2994 vitam
2849 2941 3012 2995 istam
3081 2939 3457 2996 referendum.
3493 2957 3511 2988 ι
3554 2936 3673 2992 Cum
3700 2948 3831 2992 autem

642 3046 854 3101 verterit
884 3041 1028 3113 quod
1063 3038 1363 3111 perfectum
1389 3049 1505 3104 est;
1545 3036 1712 3110 695
1746 3039 1893 3108 quod
1924 3055 1989 3094 ex
2020 3049 2176 3110 parte
2203 3048 2309 3104 est,
2338 3038 2700 3094 evacuabitur
2736 3037 2805 3090 ⁵¹.
2837 3054 2855 3087 ι

709 3138 888 3205 Atque
913 3133 1002 3188 hic
1027 3131 1248 3202 quidem
1280 3130 1500 3185 futurus
1522 3142 1609 3185 est
1644 3132 1768 3187 linis
1804 3132 1957 3203 regni
1996 3132 2224 3198 Christi,
2252 3137 2288 3200 C

2254 3137 2296 3200 ί]
2403 3130 2582 3201 Ὅπερ
2604 3129 2722 3182 ἐστὶ
2745 3129 2845 3199 τῆς
2874 3124 3114 3199 Χριστοῦ
3161 3124 3442 3195 βασιλείας
3472 3123 3532 3177 τὸ
3575 3121 3727 3186 τέλος,
3763 3121 3833 3173 τά·

641 3243 766 3283 cum
792 3225 960 3280 fuerit
987 3224 1170 3278 omnis
1206 3223 1427 3277 sublata
1458 3223 1714 3292 iniquitas
1738 3265 1752 3289 ,
1785 3238 1911 3277 cum
1948 3225 2220 3291 contritio,

2333 3241 2432 3295 σης
2461 3222 2694 3289 ἀδικίας
2722 3221 3095 3294 ἀνῃρημένης,
3128 3217 3336 3282 παντός
3378 3234 3439 3270 τε
3462 3216 3836 3285 συντρίμιιιιτος

641 3332 767 3373 cum
797 3314 1010 3368 miseria
1045 3311 1306 3380 denique.
1335 3309 1532 3365 Nullus
1561 3315 1708 3367 enim
1746 3313 2007 3385 deinceps
2029 3315 2220 3401 hostis1

2331 3318 2426 3373 καὶ
2448 3318 2874 3384 ταλαιπωρίας.
2914 3314 3137 3393 Ἐχθρὸς
3169 3314 3282 3384 γὰρ
3308 3312 3733 3383 ὑπολειφθήσεται
3756 3311 3836 3361 λοι-

643 3409 793 3465 nulla
824 3404 1050 3463 sceleris
1080 3401 1390 3457 recordatio
1422 3405 1732 3474 supererit:
1763 3406 1929 3476 quale
1960 3416 2046 3461 est
2065 3400 2222 3462 illud:

2331 3409 2430 3461 πον
2451 3408 2649 3471 οὐδεὶς,
2686 3408 2808 3461 οὐδὲ
2835 3407 3026 3478 μνήμη
3053 3407 3272 3472 κακίας,
3307 3405 3451 3460 κατά
3488 3405 3566 3468 τὸ,
3595 3423 3613 3456 ι
3657 3400 3836 3469 Ἀπέδρα

648 3521 668 3555 ι
701 3497 956 3555 Abcessit
986 3495 1167 3560 dolor,
1193 3504 1249 3549 et
1287 3495 1564 3560 moleStia,
1590 3503 1644 3550 et
1683 3498 1924 3567 gemitus
1949 3499 2020 3553 δ’.
2061 3519 2079 3550 ι
2126 3497 2226 3554 Ve-

2326 3503 2509 3573 ὀδύνη,
2540 3504 2637 3556 καὶ
2685 3502 2852 3572 λύπη,
2898 3505 2993 3556 καὶ
3041 3501 3369 3571 στεναγμός.
3420 3497 3608 3569 »Πλὴν
3658 3497 3719 3559 ὡς
3760 3495 3837 3545 τῶν

642 3609 787 3658 1·ιιιιι,
820 3602 1080 3660 tauquam
1109 3587 1390 3658 prioribus
1419 3585 1635 3657 ejectis,
1660 3589 1800 3644 alios
1823 3591 2064 3645 instituit
2116 3593 2221 3660 epi-

2329 3592 2563 3665 πρὼτων
2588 3592 3028 3665 ὲκϐεϐλημένων,
3089 3592 3315 3665 ἐτέρους
3353 3590 3623 3658 ἀνίστησιν
3651 3584 3836 3639 ἐπισκό-

642 3700 827 3755 scopas
860 3691 909 3738 et
940 3682 1241 3749 principes;
1272 3678 1362 3749 qui
1382 3694 1563 3749 pacem
1597 3696 1722 3734 cum
1760 3681 1875 3737 Deo
1901 3683 2109 3749 colant,
2129 3684 2220 3755 ju-

2330 3704 2510 3754 πους,
2543 3687 2645 3741 καὶ
2673 3685 2972 3756 ἄρχοντας
3000 3687 3430 3753 είρηνεύοντας
3458 3677 3589 3754 πρὸς
3620 3679 3750 3740 Θεὸν,
3775 3674 3836 3729 le

647 3779 956 3845 atitiamque
980 3781 1313 3827 venerentur
1345 3790 1358 3827 :
1391 3774 1557 3843 quale
1587 3773 1721 3828 illud
1756 3773 1995 3830 fortasse
2034 3774 2222 3841 fuerit,

2326 3778 2603 3849 τιμῶντας
2626 3778 2693 3831 τὸ
2720 3777 2955 3830 δίκαιον
3013 3777 3196 3828 ὁποῖον
3245 3775 3315 3828 ἂν
3361 3776 3449 3844 εἴη
3475 3774 3534 3827 τὸ
3569 3772 3660 3844 ἤδη
3691 3768 3835 3842 ῥηθέν·

643 3871 790 3943 quod
822 3870 932 3940 jam
966 3869 1019 3922 in
1051 3869 1167 3923 haec
1198 3868 1363 3921 verba
1398 3870 1685 3936 usurpavit
1719 3885 1731 3920 :
1771 3887 1790 3920 ι
1831 3868 1897 3923 Ει
1932 3871 2222 3925 immittam

2334 3892 2352 3921 ι
2382 3870 2489 3925 Καὶ
2517 3870 2705 3938 ἐπάξω
2728 3869 2826 3941 τὴν
2862 3869 3019 3940 χεῖρά
3053 3886 3155 3940 μου
3186 3868 3278 3921 ἐπὶ
3332 3868 3416 3931 σὲ,
3442 3866 3535 3921 καὶ
3572 3862 3776 3935 πυρώσω
3797 3876 3836 3913 σε

646 3976 869 4017 iiianum
912 3973 1089 4013 meam
1133 3958 1187 4011 in
1233 3965 1307 4022 te,
1352 3966 1405 4010 et
1454 3971 1759 4027 excoquam
1806 3969 1859 4013 te
1885 3957 1955 4012 ad
2002 3974 2219 4028 purum.

2325 3965 2408 4027 είς
2471 3962 2733 4032 καθαρόν.
2791 3962 2931 4027 Τοὺς
2979 3963 3035 4015 δὲ
3092 3960 3455 4026 ἀπειθοῦντας
3503 3958 3743 4018 ἀπολέσω,
3771 3955 3838 4006 καὶ

644 4053 752 4108 Eos
780 4059 964 4106 autem
1012 4048 1105 4120 qui
1142 4064 1252 4102 non
1289 4046 1651 4111 crediderint,
1687 4046 1908 4117 perdam
1938 4063 1954 4113 ;
1986 4058 2040 4103 et
2069 4048 2222 4103 aufe-

2325 4054 2511 4123 ἀφελῶ
2540 4054 2749 4118 πάντας
2797 4053 3032 4122 ἀνόμους
3070 4052 3178 4106 ἀπὸ
3212 4051 3330 4116 σοῦ,
3372 4052 3467 4105 καὶ
3490 4051 3678 4112 πάντας
3713 4047 3837 4111 ὑπερ·

645 4158 760 4198 ram
785 4156 976 4198 omnes
1010 4140 1234 4209 iniquos
1264 4151 1294 4189 a
1326 4144 1399 4203 te,
1429 4146 1483 4192 et
1518 4151 1714 4192 omnes
1738 4136 2011 4205 superbos
2034 4136 2221 4207 depri-

2323 4148 2565 4216 ηφάνους
2587 4144 2932 4211 ταπεινώσω,
2964 4145 3058 4199 καὶ
3108 4146 3390 4215 ἐπιστήσω
3432 4144 3555 4206 τοὺς
3586 4138 3749 4212 κριτάς
3772 4151 3838 4186 σου

643 4251 810 4301 mam,
837 4243 892 4289 et
924 4231 1217 4301 praeﬁciam
1235 4231 1451 4301 judices
1480 4228 1599 4295 tibi,
1630 4229 1773 4284 sicut
1803 4228 2039 4299 prius”,
2075 4247 2094 4281 ι
2118 4244 2222 4284 (τω-

2322 4240 2397 4304 ὠς
2434 4238 2497 4292 τὸ
2529 4239 2823 4311 πρότερον,
2862 4258 2880 4289 ι
2913 4239 3008 4292 καί
3036 4237 3104 4290 τὰ
3132 4236 3225 4290 ἐπὶ
3264 4237 3497 4300 τούτοις.
3533 4226 3841 4297 ΚαιὸΣωτὴρ

641 4339 873 4398 teraque
910 4326 1197 4395 deinceps.
1240 4323 1380 4378 Sunt
1411 4338 1540 4377 vero
1567 4332 1624 4377 et
1664 4323 1770 4377 ista
1812 4322 2115 4378 Salvatoris
2151 4323 2220 4378 ad

2321 4332 2378 4385 δὲ
2402 4334 2515 4396 τοῖς
2552 4332 2825 4386 Ἰουδαίων
2874 4332 3021 4400 λέγει
3073 4329 3416 4401 καθηγηταῖς
3443 4345 3457 4359 ·
3514 4347 3531 4380 ι
3577 4325 3839 4397 ’Δρθήσεται

641 4419 951 4474 Judazoruul
986 4416 1275 4488 praefectos
1304 4433 1318 4468 :
1360 4433 1379 4465 ι
1415 4411 1712 4468 Auferclur
1735 4412 1939 4468 avobis
1966 4429 2217 4482 regnum,

2322 4425 2413 4492 ἀφ’
2448 4424 2604 4495 ὑμῶν
2656 4427 2690 4493 ή
2756 4423 3006 4495 βασιλεία
3064 4423 3159 4476 καὶ
3205 4422 3494 4492 δοθήσεται
3545 4418 3676 4472 ἔθνει
3712 4412 3840 4480 ἑτέρῳ

640 4510 937 4567 etdahitur
982 4508 1131 4579 genti
1173 4506 1402 4562 facienti
1453 4506 1667 4560 [ructus
1692 4504 1815 4572 ejus
1860 4505 1931 4559 ".
1971 4524 1989 4557 ι
2032 4505 2219 4577 Neque

2262 4527 2298 4583 [)
2324 4515 2569 4572 ποιοῦντι
2601 4518 2729 4580 τοὺς
2760 4517 3010 4587 καρποὺς
3037 4514 3232 4584 αὐτῆς.
3275 4532 3294 4566 ι
3328 4514 3487 4576 Τινὲς
3511 4512 3566 4565 δὲ
3591 4506 3715 4564 κατὰ
3731 4502 3841 4568 λέξιν

641 4616 772 4657 vero
796 4604 1015 4665 desunt,
1038 4601 1131 4670 qui
1164 4599 1233 4654 ad
1265 4599 1505 4653 litteram
1543 4597 1903 4668 explicantes,
1941 4598 2218 4666 justitiam

2327 4606 2510 4675 φασιν,
2537 4605 2613 4669 ὡς
2658 4606 2951 4676 τιμήσουσι
2996 4606 3061 4658 τὸ
3096 4605 3332 4658 δίκαιον
3358 4603 3496 4675 μετά
3518 4601 3616 4656 τῶν
3640 4596 3839 4666 ὑπηκόων

642 4710 769 4748 cum
813 4692 1052 4748 subditis
1079 4691 1329 4746 culturos
1355 4706 1478 4747 esse
1504 4690 1769 4760 principes
1796 4706 2014 4756 eorum,
2042 4690 2217 4746 bello.

2325 4700 2379 4751 οἱ
2402 4693 2992 4766 ἄρχοντεςβείρήνης
3020 4714 3079 4749 τε
3103 4695 3380 4760 τεύξονται
3408 4696 3507 4764 τῆς
3537 4695 3599 4747 ὲκ
3620 4690 3833 4758 πολέμων.

639 4800 749 4856 que
788 4800 916 4852 pace
964 4796 1283 4853 comparata
1335 4782 1409 4835 ita
1457 4780 1728 4837 fruituros
1771 4782 1979 4846 dicant,
2017 4793 2079 4836 ut
2122 4783 2216 4853 qui

2326 4786 2403 4850 ὡς
2427 4787 2516 4840 τὸν
2547 4786 2754 4840 δεδιότα
2782 4785 3096 4857 πολεμίους,
3126 4786 3159 4857 ἦ
3193 4786 3389 4858 θῆρας,
3417 4782 3751 4853 καταφεύγειν
3775 4774 3834 4829 ἐτ’

640 4878 826 4929 hostes
858 4884 952 4927 aut
1000 4873 1146 4929 feras
1173 4872 1385 4935 timeat,
1417 4870 1484 4924 ad
1518 4872 1668 4939 ipsos
1696 4871 2003 4941 confugiat.
2046 4869 2215 4925 Vaca-

2327 4879 2516 4947 αῦτήν.
2552 4877 2935 4947 κληθήσεται
2980 4879 3058 4945 δὲ,
3097 4878 3267 4948 λέγει,
3315 4879 3610 4947 σωτήριον
3627 4876 3690 4928 τὰ
3712 4870 3836 4937 τείχη

640 4969 836 5019 buntur
866 4972 1075 5025 autem,
1115 4960 1328 5030 adjicit,
1351 4960 1611 5022 salutare,
1644 4960 1785 5014 muri
1813 4960 1891 5013 lui
1918 4976 1937 5014 :
1968 4959 2083 5026 ubi,
2117 4974 2217 5030 pro

2325 4986 2461 5023 σου.
2491 4970 2658 5024 Πάλιν
2678 4971 2738 5024 τὸ
2755 4970 3074 5041 σωτήριον,
3102 4972 3350 5039 Ἰησοῦν
3366 4971 3478 5042 ἔχει
3498 4971 3556 5024 τὸ
3590 4962 3835 5038 Ἐσραῐκόν.

639 5071 751 5127 quo
786 5055 1029 5109 suiutare
1074 5053 1235 5118 dixit,
1286 5050 1552 5104 llebraica
1588 5050 1751 5105 lectio
1785 5049 1973 5104 Jesum
2009 5052 2215 5120 posuit.

2320 5059 2492 5123 Αὐτὸς
2514 5061 2623 5132 γάρ
2651 5062 2799 5116 ἐστιν
2820 5065 2849 5116 ὁ
2877 5064 2972 5116 καὶ
3001 5062 3407 5133 περιτειχίζων
3425 5064 3525 5131 τὴν
3551 5053 3836 5126 Ἐκκλησίανο

642 5149 741 5204 Est
791 5148 939 5203 enim
984 5145 1129 5200 idem
1179 5144 1318 5213 ipse,
1349 5143 1442 5213 qui
1491 5160 1643 5197 mura
1689 5144 1850 5213 cingit
1890 5141 2215 5198 Ecclesiam.

2322 5154 2433 5207 Καὶ
2477 5157 2536 5209 al
2595 5156 2783 5209 πύλαι
2834 5174 2951 5211 σου
2998 5158 3275 5227 γλύμμιι,
3319 5158 3455 5226 ὅπερ
3487 5153 3697 5214 ’Λκύλας
3746 5147 3834 5218 μὲν.

643 5238 902 5309 Sequitur
921 5234 1118 5292 deinde
1154 5251 1168 5288 :
1204 5231 1268 5286 Et
1298 5244 1465 5301 porta:
1497 5244 1598 5289 tua:
1614 5234 1890 5302 sculptura
1924 5249 1942 5288 :
1970 5237 2217 5305 quoloco

2322 5242 2600 5311 ὕμνησις.
2634 5245 2820 5314 φησὶν,
2857 5247 2886 5298 ὁ
2909 5247 2969 5299 δὲ
2998 5246 3329 5318 Σύμμαχος,
3361 5248 3609 5307 trireme.
3640 5239 3725 5293 Διὰ
3746 5233 3837 5287 τού·

643 5333 824 5387 verbis
845 5330 1064 5399 quidem
1102 5325 1361 5392 diversis,
1395 5341 1503 5380 non
1531 5341 1587 5381 re
1624 5335 1804 5380 tamen
1838 5325 2218 5381 didercntibus

2323 5350 2431 5384 των
2460 5334 2624 5405 γὰρὴ
2656 5335 2857 5400 εἴσοδος
2884 5336 2980 5390 τοῦ
3011 5337 3297 5401 θεοσεϐοῦς
3333 5333 3720 5403 πολιτεύματος,
3757 5323 3836 5375 τῶν

604 5470 607 5473 Α
644 5421 1008 5492 Symmachus
1056 5427 1113 5475 et
1164 5417 1394 5487 Aquilus
1430 5417 1615 5471 laudes
1661 5418 2011 5488 interpretati
2065 5430 2183 5474 sunt

2328 5424 2656 5493 προσιόντων
2679 5424 3083 5497 διδασκομένων
3114 5426 3330 5498 ὑμνεῖν
3352 5426 3443 5479 τὸν
3464 5424 3609 5477 Θεόν.
3640 5415 3771 5475 Τινὲς
3794 5409 3835 5460 δὲ

645 5518 814 5568 Datur
862 5512 1009 5566 enim
1045 5511 1147 5565 hac
1184 5510 1399 5566 ratione
1446 5510 1512 5564 ad
1543 5510 1692 5579 pium
1727 5510 1852 5566 vitae
1892 5512 2208 5568 institutum

2318 5516 2488 5584 τείχη
2516 5516 2611 5571 καὶ
2646 5518 2869 5586 πύλας,
2892 5521 3018 5584 τοὺς
3055 5518 3410 5583 διδασκάλους
3447 5514 3575 5586 φασὶ
3619 5504 3834 5577 τειχίζον-

640 5798 667 5834 ³
713 5712 757 5742 δ’
788 5709 1019 5838 ιὶιιιιίρρ.
1043 5727 1125 5778 ιιι,
1158 5711 1210 5767 8.
1286 5712 1329 5744 ⁸ο
1355 5709 1373 5764 1
1403 5709 1531 5766 Cor.
1558 5725 1639 5777 ιιι,
1672 5708 1758 5764 12.
1837 5711 1879 5742 ⁸¹
1914 5709 2087 5767 Hior.
2121 5728 2213 5768 xm

666 5801 758 5838 λι.
841 5801 893 5838 ο.

2274 5714 2328 5783 ο,
2355 5715 2438 5770 l0.
2517 5717 2562 5751 δ’
2587 5715 2755 5787 Apoc.
2783 5733 2893 5784 ιιιι,
2932 5717 2982 5771 4.
3061 5719 3111 5758 ⁵³
3139 5718 3242 5774 lsa.
3281 5716 3428 5787 με’-5,
3468 5713 3554 5770 26.
3625 5700 3827 5761 l“Matth.

666 5801 758 5838 (λι.
806 5801 893 5838 ιο.
