3998 6390
166 387 280 453 2637
1245 389 1779 453 COMMENTARII
1820 392 1903 453 IN
1938 392 2219 452 ISAIAM.
3238 389 3377 454 2538
3415 404 3418 409 '

163 515 244 560 τας
273 495 365 568 τὴν
395 469 712 566 Ἐἶικλησίαν
735 495 835 569 βίῳ
857 497 952 553 καὶ
975 498 1233 573 δόγμασι,
1263 505 1356 558 καὶ
1385 505 1513 569 τοὺς
1537 523 1706 578 προσ-
1737 568 1742 578 ί

1811 507 2028 571 aditus;
2062 508 2109 561 si
2145 506 2239 576 qui
2272 503 2565 570 accedunt,
2606 505 2696 562 Dei
2731 504 2917 560 laudes
2974 503 3379 560 decantaredo-

164 591 320 651 ιόντας
345 588 677 655 εἰσάγοντας.
697 591 954 660 Γλύμμα
981 591 1061 658 δὲ,
1089 594 1171 647 ὅτι
1199 597 1531 667 περικαλλὴς
1559 599 1699 666 ἄγαν

1803 610 2049 654 ceantur.
2086 599 2226 653 Sunt
2247 615 2376 654 vero
2405 601 2592 660 etiam,
2646 599 2738 670 qui
2779 615 3053 654 murorum
3077 609 3380 668 partarum-

159 682 337 750 ὀλόγος
364 680 560 746 αὐτοῖς,
587 683 683 735 καὶ
713 684 850 754 πρὸς
894 685 1153 756 ἀλήθειαν
1189 688 1698 761 ὲκτετορνευμένος.

1800 709 1900 762 que
1933 692 2268 758 nominibus,
2302 694 2554 748 doctores
2577 692 2873 762 signiﬁcari
2898 699 3377 762 putent;quorum

157 777 323 831 Νοοῖτο
351 774 394 828 δ’
426 774 488 828 ἂν
517 775 611 829 καὶ
661 776 755 830 ἐπὶ
801 777 1062 846 Χριστοῦ.
1107 779 1173 832 Ἦ
1227 780 1336 849 γὰρ
1384 781 1589 845 εἴσοδος
1630 781 1697 835 δι’

1804 785 1915 839 vita
1943 794 1999 839 et
2027 785 2299 851 doctrina,
2332 793 2593 855 tanquam
2625 801 2806 851 muro,
2830 785 3070 854 cingitur
3099 783 3373 851 Ecclesia;

112 923 119 949 ί
155 865 298 919 αὑτοῦ
321 864 450 934 πρὸς
475 864 566 918 τὸν
603 866 842 937 Πατέρα,
868 867 927 931 ὃς
957 869 1075 920 ἐστι
1109 870 1203 922 καὶ
1238 873 1503 939 τλύμμα,
1537 872 1691 925 οἱονεὶ

1803 878 1856 931 in
1893 894 2059 948 quam
2083 879 2246 932 etiam
2265 878 2993 934 accedentesintroducunt.
3028 878 3373 949 Sculpturam

114 943 119 956 ’
156 957 314 1028 μορφὴ
346 957 434 1009 καὶ
461 956 746 1028 χαρακτὴρ
782 958 885 1030 τῆς
916 961 1272 1026 ὑποστάσεως
1303 963 1395 1016 τοῦ
1431 963 1693 1034 Πατέρος,

1801 969 1999 1024 deinde
2041 968 2282 1036 dixisse;
2329 970 2476 1039 quod
2518 985 2708 1026 eorum
2741 971 2900 1026 valde
2926 971 2996 1026 sit
3021 969 3278 1034 illustris,
3319 977 3375 1025 et

154 1049 231 1103 καὶ
253 1046 580 1116 ἀπαύγασμα
606 1048 706 1118 τῆς
735 1049 894 1120 δόξης
941 1052 1131 1106 αὐτοῦ.
1174 1053 1332 1106 Ἀλλά
1374 1056 1470 1108 καὶ
1499 1055 1698 1108 οὐκέτι

1801 1060 1868 1113 ad
1895 1061 2146 1115 veritatis
2179 1059 2552 1116 defensionem
2577 1063 2855 1118 elaborata
2874 1063 3076 1118 oratio.
3093 1045 3374 1134 intelliga-

152 1141 302 1209 ἥλιος
325 1138 550 1208 ἡμέραν
593 1155 694 1194 σοι
725 1140 990 1209 παρέξει,
1019 1143 1162 1196 οὐδὲ
1189 1146 1408 1211 νυκτὸς
1439 1147 1476 1214 ή
1515 1147 1700 1211 σελή-

1800 1159 1891 1206 tur
1917 1151 2172 1208 fortassis
2203 1154 2271 1208 de
2299 1153 2522 1210 Christo
2553 1154 2743 1210 etiam.
2776 1154 2936 1211 Patet
2978 1157 3123 1210 enim
3166 1171 3264 1225 per
3293 1156 3377 1225 ip-

149 1251 211 1301 νη
243 1249 310 1287 σε
336 1232 550 1301 φωτιεῒ.
581 1232 715 1285 Οὔτε
757 1235 866 1305 γάρ
909 1234 980 1286 ἐν
1014 1235 1207 1301 νυκτὶ,
1237 1235 1351 1290 οὔτ’
1383 1237 1696 1308 ὲναίσΘητῷ

1799 1259 1922 1298 sum
1963 1245 2032 1298 ad
2066 1245 2283 1300 Patrem
2335 1247 2554 1308 aditus;
2585 1248 2678 1318 qui
2712 1256 2796 1302 est
2828 1257 2882 1303 et
2912 1248 3213 1315 sculptura,
3249 1255 3375 1300 tau-

148 1325 269 1396 φωτὶ
299 1325 616 1396 γενήσονται
657 1326 708 1378 oi
743 1327 836 1380 τοῦ
884 1327 1072 1380 καινοῦ
1110 1327 1328 1393 αἰῶνος.
1363 1329 1502 1399 Φησὶ
1532 1332 1640 1400 γὰρ
1668 1333 1696 1383 6

1797 1352 1959 1406 quam
1980 1335 2176 1404 forma,
2194 1347 2248 1393 et
2266 1341 2552 1394 character
2565 1340 2887 1396 substantia:
2904 1339 3106 1405 Patris,
3122 1349 3176 1395 et
3189 1340 3375 1410 splen-

148 1415 339 1486 Σωτήρ·
368 1414 425 1467 '0
439 1413 589 1486 ἥλιος
606 1415 1040 1488 σκοτισθήσεται,
1056 1420 1150 1470 καὶ
1182 1421 1214 1490 ή
1239 1420 1434 1492 σελήνη
1454 1423 1512 1474 ού
1534 1421 1695 1475 δώσει

1875 1442 1898 1478 r
1939 1425 2126 1495 gloriae
2162 1427 2334 1497 ipsius
2363 1428 2428 1479 ³⁵.
2468 1429 2572 1482 Sed
2607 1446 2699 1482 nec
2732 1429 2828 1482 tibi
2854 1430 2938 1484 sol
2972 1430 3200 1498 amplius
3232 1430 3372 1484 diem
3452 1449 3454 1451 ·

146 1508 195 1560 τὸ
219 1508 405 1576 φέγγος
464 1507 656 1580 αὐτῆς.
709 1507 839 1575 Φῶς
870 1510 976 1580 γὰρ
1004 1510 1184 1564 αὐτῶν
1210 1513 1307 1566 καὶ
1335 1514 1490 1593 δόξα
1513 1515 1656 1581 Θεός
1675 1531 1689 1544 ·

1796 1518 2062 1586 prwbebit,
2109 1521 2278 1592 696
2324 1538 2418 1575 nec
2461 1532 2611 1575 nocte
2639 1522 2768 1576 [una
2797 1522 2891 1576 tibi
2936 1523 3152 1578 lucebit.
3184 1522 3372 1593 Neque

144 1598 464 1668 τελειοτέροις
524 1599 644 1669 μὲν,
692 1600 810 1654 ἀνθ’
845 1601 1023 1673 ἡλίου,
1060 1603 1428 1671 ύποϐεὸηκόσι
1463 1605 1540 1672 δὲ,
1573 1607 1694 1661 ἀντὶ

1795 1611 1942 1666 enim
1975 1613 2028 1666 in
2065 1623 2232 1678 nocte,
2259 1615 2345 1669 vel
2387 1615 2520 1680 luce,
2550 1631 2671 1684 quae
2697 1616 2955 1671 sensibus
2973 1615 3370 1686 percipiantur,

146 1691 340 1761 σελήνης
372 1691 679 1762 γινόμενος,
721 1691 1000 1762 ἀναλόγως
1040 1693 1119 1764 τῷ
1162 1695 1368 1749 τούτων
1398 1696 1692 1768 χωρητικῷ

1797 1702 1836 1757 ii
1860 1705 2251 1769 versabuntur,
2285 1707 2376 1776 qui
2412 1709 2648 1763 recentis
2675 1707 2775 1762 aevi
2813 1724 3043 1764 munere
3084 1707 3375 1762 donabun-

143 1783 219 1846 τὰς
249 1782 435 1836 ἑαυτοῦ
475 1783 654 1870 διδοὺς
702 1786 950 1851 ἀκτῖνας,
992 1787 1140 1860 ἔργῳ
1178 1790 1398 1862 πληρῶν
1429 1792 1552 1855 τοὺς
1581 1809 1689 1862 μα-

1796 1805 1929 1864 tur;
1969 1797 2052 1852 vel
2096 1799 2219 1869 ipso
2264 1807 2402 1855 teSte
2454 1799 2762 1866 Salvatore,
2807 1802 2901 1870 qui
2935 1801 3106 1856 solem
3141 1801 3369 1856 obtene-

143 1874 430 1946 καρισμοὺς,
460 1875 530 1928 δι’
554 1868 628 1928 ὧν
657 1871 843 1930 εἶπεν⁹
882 1879 946 1930 Oi.
981 1881 1301 1945 πενθοῦντες
1339 1882 1694 1954 παρακληθή-
1721 1874 1722 1878 ¹

1798 1889 2013 1943 bratum
2055 1889 2163 1944 iri:
2193 1891 2285 1959 qui
2325 1891 2511 1945 lunam
2543 1893 2887 1962 splendorem
2922 1909 3082 1949 suum
3132 1908 3242 1948 non
3278 1891 3374 1946 da-

142 1986 312 2035 σονται,
345 1969 440 2022 καὶ
468 1971 522 2023 οἱ
553 1969 834 2037 κλαίοντες
861 1972 1204 2042 γελάσονται.

1795 1989 1978 2034 turam
2014 1995 2139 2036 esse
2165 1980 2458 2037 aﬂirmavit
2483 1983 2550 2036 ³⁸.
2581 1983 2700 2038 Erit
2729 1985 2875 2039 enim
2919 1986 3012 2038 lux
3042 1985 3286 2049 illorum,
3324 1991 3374 2038 et

139 2062 315 2131 gloria,
355 2061 502 2116 Deus
533 2064 643 2128 ipse
682 2079 702 2119 :
732 2065 1159 2135 perfectioribus
1213 2070 1434 2139 quidem
1495 2073 1614 2139 sol;
1663 2072 2020 2129 inferioribus
2062 2084 2273 2141 autem;
2298 2077 2442 2132 luna:
2509 2078 2708 2143 instar,
2744 2087 2804 2132 ut
2836 2094 2936 2149 pro
2976 2077 3367 2149 excipientimu

139 2152 322 2207 ratione
350 2153 537 2209 radios
564 2170 696 2211 suos
735 2156 1012 2225 elIundat;
1062 2175 1226 2230 opere
1259 2163 1521 2219 nimirum
1555 2165 1607 2220 id
1641 2176 1930 2236 praestans,
1949 2167 2096 2238 quod
2133 2168 2504 2226 beatitudines
2531 2169 2804 2225 allirmaut
2834 2190 2849 2227 :
2881 2171 2976 2226 ubi
3003 2173 3097 2242 qui
3127 2172 3372 2250 lugeant,

141 2249 443 2306 consolatum
468 2251 577 2318 iri;
621 2261 681 2307 et
702 2254 799 2323 qui
827 2252 1016 2320 ﬂeant,
1051 2271 1174 2313 esse
1205 2258 1419 2316 risuros
1442 2260 1576 2316 dicit
1603 2262 1672 2315 ⁸⁷.

205 2431 352 2485 Ὅθεν
397 2432 674 2503 ἐπιφέρειο
699 2433 1340 2504 Ἀναπληρωθήσονται
1381 2443 1441 2493 al
1485 2440 1696 2510 ἡμέραι

1867 2442 2036 2498 Addit
2071 2443 2257 2514 itaque
2291 2462 2304 2497 :
2353 2441 2424 2495 Et
2459 2441 2863 2509 complebantur
2891 2439 3004 2493 dies
3045 2441 3223 2493 luctus
3254 2441 3369 2504 tui;

142 2525 226 2578 τοῦ
251 2522 508 2590 πένθους
534 2541 676 2589 σου,
701 2525 880 2594 πάσης
914 2513 1149 2591 ἀδικίας
1187 2529 1561 2602 ἀνῃρημένης.
1607 2531 1696 2595 Ὠς

1797 2535 2079 2601 nimirum,
2107 2513 2231 2590 cum
2265 2535 2430 2590 fuerit
2456 2534 2643 2590 omnis
2674 2530 2891 2588 sublata
2926 2529 3376 2601 iniquitas.Tan-

138 2612 210 2668 οὖν
235 2615 619 2686 ἐκλελεγμένος
653 2619 1104 2688 κληρονομήσει
1137 2619 1249 2687 τὴν
1277 2622 1695 2694 ἐπηγγελμένην

1791 2641 1956 2695 quam
1993 2629 2164 2699 igitur
2196 2629 2404 2684 electus
2435 2638 2639 2683 terram
2668 2625 2993 2695 possidebit,
3022 2640 3187 2695 quam
3221 2615 3369 2679 miti-

137 2707 254 2779 αύτῷ
288 2707 398 2778 γῆν
421 2709 531 2781 τὴν
566 2711 679 2772 τοῖς
691 2710 920 2780 πραέσιν
947 2710 1360 2782 ἐπηγγελμένην
1379 2712 1427 2779 ἀ,
1460 2716 1517 2766 ὲν
1545 2707 1579 2788 ᾖ
1601 2713 1694 2766 καὶ

1794 2723 1898 2777 bus
1930 2733 2017 2777 est
2052 2722 2330 2793 pollicitus
2359 2739 2374 2788 ;
2411 2723 2467 2776 in
2502 2734 2609 2789 qua
2636 2728 2720 2774 est
2751 2720 2869 2788 ipsa
2909 2719 3150 2774 ccelestis
3175 2719 3373 2774 civitas

138 2803 164 2870 ἡ
208 2800 342 2864 πόλις
385 2803 417 2871 ή
466 2801 819 2873 ἐπουράνιος.
877 2802 1135 2867 Τοιοῦτος
1182 2805 1239 2857 δὲ
1287 2808 1319 2858 ό
1364 2806 1516 2871 λαός
1544 2822 1687 2874 μου,

1792 2815 2062 2870 collocata
2099 2815 2165 2868 ³⁸.
2201 2813 2352 2868 Talis
2400 2827 2533 2868 vero
2572 2811 2909 2880 est’populus
2950 2827 3121 2876 meus,
3157 2812 3371 2880 planta-

144 2893 325 2960 βλαστὸς
346 2893 495 2965 ἐμῆς
517 2895 788 2963 φυτείας.
828 2912 846 2946 ι
884 2897 1041 2949 Πᾶσα
1090 2895 1200 2967 γὰρ
1247 2899 1468 2967 φυτεία,
1499 2900 1564 2970 ἢν
1591 2901 1690 2952 οὐκ

1788 2908 1947 2962 tionis
1987 2923 2121 2962 mea:
2137 2905 2416 2961 surculus.
2449 2923 2466 2956 ι
2503 2903 2696 2959 Omnis
2718 2904 2866 2959 enim
2898 2903 3367 2974 plantatio,quam

146 2986 390 3054 ἐφύτευσεν
427 2988 457 3040 6
488 2988 683 3058 Πατήρ
717 3005 819 3056 μου
850 2989 878 3040 6
907 2989 1177 3059 οὐράνιος,
1202 2989 1685 3060 ἐκριζωοήσεται.»

1789 3013 1896 3054 non
1934 2998 2193 3067 plantavit
2215 2997 2457 3051 caelestis
2483 2995 2646 3049 Pater
2669 3010 2846 3061 meus,
2877 2993 3364 3049 cradicabitur".i

143 3079 288 3149 Ἔργα
306 3079 371 3134 δὲ
394 3079 613 3150 χειρῶν
649 3079 938 3149 ὑπάρχων
974 3082 1165 3136 αὐτοῦ
1184 3123 1199 3146 ,
1246 3083 1692 3152 κληρονομήσει

1789 3089 1921 3143 Cum
1949 3101 2129 3144 autem
2155 3089 2228 3142 sit
2243 3103 2372 3156 opus
2398 3103 2654 3140 manuum
2669 3085 2807 3155 ejus,
2826 3084 3117 3152 possidebit
3139 3095 3368 3139 terram:

141 3168 215 3239 τὴν
240 3172 354 3240 γῆν,
384 3171 474 3224 ὅτε
523 3171 622 3225 καὶ
651 3173 679 3225 6
714 3175 772 3226 ὲν
803 3173 881 3243 τῷ
927 3175 1180 3241 παρόντι
1211 3173 1311 3244 βίῳ
1351 3175 1692 3244 ὀλιγοστὸς,

1792 3182 2010 3250 quando
2052 3183 2218 3236 etiam
2251 3180 2347 3251 qui
2394 3181 2448 3235 in
2482 3181 2586 3234 hac
2627 3179 2740 3232 vita
2789 3194 2993 3247 pauens
3045 3178 3276 3241 exsistit,
3314 3178 3371 3231 in

141 3265 206 3328 εις
222 3262 484 3331 χιλιάδας
511 3264 690 3332 ἔσται,
733 3265 876 3319 κατὰ
918 3266 1003 3332 τὸ,
1037 3283 1056 3316 ι
1093 3266 1232 3319 Ἴσθι
1272 3268 1521 3334 ἐξουσίαν
1551 3268 1690 3338 ἔχων

1791 3276 1966 3329 millia
1997 3275 2250 3330 abiturus
2278 3283 2364 3329 est
2389 3317 2403 3340 ,
2426 3273 2582 3342 juxta
2615 3271 2748 3326 illud
2775 3287 2790 3326 :
2832 3290 2850 3322 ι
2878 3270 3008 3324 Esto
3043 3278 3370 3340 potestatem

141 3356 290 3410 ἐπάνω
312 3358 490 3421 πέντε,
521 3358 557 3429 ἦ
581 3358 713 3413 δέκα
743 3359 972 3415 πόλεων.
1003 3378 1020 3410 ι
1053 3360 1232 3412 Οίονεὶ
1255 3362 1435 3414 τοίνυν
1464 3363 1688 3431 χιλίαρ-
1715 3354 1720 3388 ⁴

1790 3369 1998 3423 habens
2026 3383 2190 3437 super
2209 3340 2572 3437 quinque,vel
2595 3364 3114 3420 decemcivitates“.
3145 3382 3164 3414 ι
3195 3363 3369 3418 Erunt

140 3466 214 3517 χοι
233 3451 330 3504 τῶν
362 3452 689 3522 σωζομένων
726 3455 1073 3523 γενήσονται.
1147 3455 1257 3507 Καὶ
1289 3455 1317 3506 6
1341 3453 1434 3506 νῦν
1461 3455 1519 3507 δὲ
1544 3454 1686 3508 ἐλά-

1789 3461 1955 3531 igitur
1990 3475 2206 3525 eorum,
2255 3460 2348 3529 qui
2388 3459 2623 3514 salutem
2669 3457 2852 3526 adepti
2899 3464 3050 3521 sunt,
3106 3463 3368 3525 tanquam

118 3589 125 3597 .
141 3561 332 3612 χιστος,
360 3551 446 3614 εις
468 3552 650 3615 ἔθνος
671 3550 847 3619 μέγα.
864 3548 990 3614 Οἷος
1020 3553 1048 3604 ὁ
1069 3550 1282 3615 Παῦλος
1304 3551 1500 3620 λέγων’
1530 3550 1686 3622 Ἐμοὶ

1791 3551 1957 3607 duces
1985 3551 2276 3605 millenarii
2309 3564 2327 3602 :
2381 3549 2489 3604 erit
2524 3549 2688 3604 etiam
2724 3549 2817 3618 qui
2853 3549 2954 3602 hoc
2988 3555 3237 3615 tempore
3267 3549 3370 3602 mi-

137 3635 181 3688 δὲ
211 3637 277 3708 τῷ
304 3639 698 3714 ἐλαχιστοτέρῳ
753 3645 972 3713 πάντων
1027 3643 1205 3711 ἁγίων
1255 3644 1413 3715 ἐδόθη
1433 3646 1477 3715 ιὴ
1524 3645 1686 3715 χάρις

1787 3645 1960 3698 nimus
1995 3652 2095 3704 est,
2123 3643 2177 3696 in
2210 3652 2415 3713 gentem
2451 3657 2702 3710 magnam
2733 3658 2746 3693 :
2778 3639 2960 3709 qualis
2989 3639 3194 3695 Paulus
3226 3640 3366 3710 ipse,

139 3727 270 3800 αὕτη,
297 3731 350 3794 ὃς
378 3731 570 3796 ἔθνους
606 3732 762 3804 ἄρξει
801 3744 825 3772 ο
848 3735 1109 3805 μεγίστου
1164 3736 1316 3807 παρὰ
1350 3736 1491 3807 Θεῷ.
1527 3736 1682 3801 Ἥξει

1787 3736 1880 3806 qui
1932 3735 2037 3791 sibi
2080 3735 2329 3789 omnium
2382 3742 2701 3788 sanctorum
2763 3731 3000 3786 minimo
3042 3747 3366 3789 concessam

138 3819 196 3884 δὲ,
214 3823 382 3894 φησὶν,
415 3827 444 3878 6
468 3824 690 3890 τούτοις
712 3828 1018 3898 ὡρισμένος
1052 3827 1266 3898 καιρὸς,
1281 3830 1368 3883 ὅτε
1396 3829 1570 3884 ταῦτα
1596 3830 1685 3883 διὰ

1790 3829 1929 3882 hanc
1977 3841 2101 3881 esse
2143 3825 2378 3896 gratiam
2435 3825 2632 3881 scribit
2671 3826 2734 3885 ⁸³,
2771 3832 2830 3878 ut
2870 3825 3018 3895 genti
3053 3826 3308 3881 maximae
3337 3841 3369 3880 a

137 3913 213 3982 τῆς
238 3917 363 3987 ἐμῆς
393 3917 554 3971 ἔσται
579 3919 930 3989 Συναγωγῆς.
967 3921 1056 3974 ὅτε
1082 3920 1211 3984 τοὺς
1246 3920 1514 3990 ἀγγέλους
1545 3921 1681 3974 ἀπο-

1787 3920 2019 3975 Domiuo
2049 3927 2329 3990 praeesset.
2354 3916 2551 3972 Veniet
2573 3933 2726 3981 vero,
2770 3916 2985 3986 inquit,
3015 3915 3126 3971 illis
3149 3926 3365 3971 certum

137 4006 300 4075 στελεῖ,
333 4011 427 4064 καὶ
455 4011 681 4076 συνάξει
723 4011 853 4076 τοὺς
887 4011 1078 4079 ἁγίους
1116 4012 1212 4066 ἀπ’
1238 4011 1426 4084 ἄκρων
1454 4013 1564 4066 τῶν
1592 4014 1682 4066 οὺ-

1787 4020 1838 4067 et
1865 4011 2148 4067 deﬁnitum
2189 4019 2429 4079 tempus,
2460 4025 2574 4080 quo
2605 4011 2708 4064 ista
2752 4023 2849 4079 per
2882 4009 3366 4079 congregationem

137 4101 300 4165 ρανῶν,
356 4103 484 4173 μίαν
530 4120 594 4156 τε
633 4104 696 4156 ὲκ
729 4103 839 4157 τῶν
879 4103 974 4157 δύο
1018 4102 1165 4156 λαῶν
1209 4103 1680 4158 κατασκευάσεται

1788 4121 1962 4160 meam
2000 4105 2153 4170 ﬁent,
2193 4120 2319 4159 cmn
2369 4103 2634 4158 nimirum
2667 4101 2857 4158 missis
2902 4102 3112 4183 angelis
3144 4110 3367 4156 sanctos

134 4192 277 4256 πόλιν,
326 4195 508 4248 ὁποῖόν
553 4197 668 4248 ἐστι
699 4195 797 4259 τὸ,
837 4195 925 4249 ἵνα
969 4213 988 4246 ι
1026 4195 1254 4266 γένηται
1296 4195 1396 4266 μία
1428 4196 1630 4267 ποίμνη
1663 4235 1678 4259 ,

1785 4206 1868 4254 est
1896 4205 2334 4268 congregaturus
2374 4211 2406 4250 a
2445 4194 2759 4250 summitate
2788 4193 2950 4258 cceli,
2993 4207 3274 4263 unamque
3297 4208 3364 4247 ex

133 4277 194 4345 εἷς
219 4288 429 4357 ποιμήν.
479 4307 500 4342 ι
543 4288 699 4352 Τινὲς
720 4288 776 4342 δὲ
808 4289 944 4359 πρὸς
983 4290 1077 4342 τὸν
1115 4288 1288 4343 αίῶνα
1316 4289 1408 4342 τὸν
1436 4291 1681 4360 παρόντα

1785 4290 1998 4344 duobus
2029 4290 2248 4360 populis
2275 4289 2550 4342 civitatem
2591 4287 2950 4341 conlecturus
2991 4286 3034 4318 ⁶¹
3065 4303 3082 4352 ;
3108 4295 3187 4350 ut,
3215 4287 3364 4356 quod

132 4374 314 4450 τὰπερὶ
357 4381 546 4448 ἡλίου
592 4381 685 4434 καὶ
730 4379 1003 4448 σελήνης
1034 4379 1310 4447 ἐξέλαϐον.
1353 4381 1418 4434 El
1452 4381 1561 4451 γὰρ
1586 4383 1682 4434 καὶ

1782 4380 2088 4435 scribitur:
2141 4397 2160 4430 ι
2195 4378 2376 4433 Unum
2414 4378 2508 4431 ﬁat
2539 4379 2707 4442 ovile,
2740 4385 2794 4432 et
2828 4392 2974 4430 unus
3003 4383 3194 4446 pastor
3233 4377 3302 4431 ⁸³.
3339 4395 3359 4428 ι

133 4460 368 4535 ὑποχωρεῖ
395 4467 577 4535 ἥλιος
602 4467 701 4538 μὲν
724 4469 783 4522 ὲν
807 4469 1009 4536 νυκτὶ,
1030 4469 1264 4538 σελήνη
1290 4469 1346 4523 δὲ
1375 4470 1445 4523 ἐν
1464 4471 1676 4540 ἡμέρᾳ,

1786 4470 1924 4527 Sunt
1958 4487 2143 4543 porro,
2191 4472 2286 4542 qui
2319 4471 2387 4526 ad
2422 4486 2665 4540 prmsens
2698 4470 2986 4533 sacculum,
3017 4483 3141 4540 quae
3167 4467 3235 4524 de
3253 4469 3365 4524 sole

131 4553 219 4607 ἀλλ’
243 4555 330 4611 οὖν
357 4560 419 4613 τὸ
441 4560 593 4614 θεῖον
621 4561 717 4614 καὶ
738 4561 930 4636 νοητὸν
973 4560 1100 4630 ςσῶς
1127 4561 1154 4614 ὃ
1182 4563 1272 4615 διὰ
1292 4563 1386 4615 τοῦ
1418 4561 1676 4633 Πνεύμα-

1784 4574 1837 4620 et
1859 4564 1989 4618 luna
2031 4569 2340 4636 usurpavit.
2383 4563 2578 4619 referri
2616 4561 2830 4616 volunt.
2871 4561 2988 4616 Etsi
3015 4562 3160 4616 enim
3200 4571 3254 4616 et
3283 4561 3363 4615 sol

126 4663 197 4710 τθς
225 4651 252 4702 ὁ
292 4653 478 4724 Σωτὴρ
539 4657 766 4724 χορηγεῖ
809 4657 920 4718 τοῖς
977 4653 1366 4721 πιστεύουσιν,
1411 4654 1678 4709 ἄσϐεστον

1784 4657 1900 4728 ipse
1934 4666 2116 4719 noctu,
2147 4667 2198 4711 et
2238 4657 2366 4711 luna
2403 4657 2488 4711 die
2529 4656 2695 4712 etiam
2743 4655 3024 4718 deficiant,
3078 4669 3363 4726 nunquam

129 4738 269 4806 ἔσται,
291 4746 379 4798 καὶ
412 4745 595 4814 φωτὸς
617 4745 826 4810 οὐδενὸς
845 4745 1106 4817 αἰσθητοῦ
1129 4747 1266 4817 πρὸς
1285 4746 1374 4799 νοῦ
1395 4747 1677 4818 φωτισμὸν
1703 4741 1708 4749 “

1785 4757 1960 4804 tamen
1984 4748 2225 4802 divinum
2239 4759 2293 4803 et
2315 4748 2660 4820 intelligibile
2680 4748 2860 4803 lumen
2877 4749 3011 4802 illud
3025 4748 3364 4803 exstinctum

126 4830 392 4890 ὶπιδέονται
418 4840 560 4908 πρὸς
587 4837 789 4905 γνῶσιν
827 4837 986 4903 Θεοῦ,
1039 4839 1135 4892 καὶ
1162 4838 1514 4909 ἐπιτήδευσιν
1544 4840 1678 4912 ἀρε·

1783 4841 1870 4903 iri,
1906 4839 2052 4908 quod
2103 4855 2199 4908 per
2241 4840 2505 4908 Spiritum
2544 4851 2800 4894 sanctum
2855 4839 3110 4894 Salvator
3143 4839 3263 4908 ipse
3295 4838 3362 4891 [i-

127 4923 229 4979 τῶν.
253 4927 335 4980 Διό
381 4946 550 5000 φησιν
575 4945 590 4960 ο
631 4948 649 4980 ι
672 4929 812 4998 Ἐγώ
839 4931 954 5001 είμι
1001 4930 1062 4983 τὸ
1090 4929 1206 4998 φῶς
1230 4929 1324 4983 τοῦ
1355 4930 1584 5002 κόσμου.
1620 4929 1678 4985 Ὀ

1781 4933 1991 4988 delibus
2015 4932 2389 5002 suppeditabit
2413 4950 2428 4998 ;
2450 4948 2626 5003 neque
2651 4934 2899 5002 ipsorum
2919 4931 3200 4986 mentibus
3227 4945 3360 4983 sen-

127 5012 398 5074 ἀκολουθῶν
442 5023 590 5091 ἐμοὶ,
643 5022 704 5074 οῦ
739 5021 815 5094 μὴ
873 5023 1227 5093 περιπατήσῃ
1269 5024 1327 5075 ἐν
1362 5025 1427 5092 τῇ
1460 5023 1675 5094 σκοτίᾳ,

1780 5023 1954 5079 sibilis
2007 5021 2244 5092 alicujus
2288 5023 2514 5077 luminis
2560 5021 2629 5075 ad
2666 5022 2760 5077 Dei
2789 5022 3163 5092 cognitionem
3194 5017 3359 5088 697

128 5104 220 5158 ἀλλ’
240 5110 341 5176 ἕξει
358 5113 420 5165 τὸ
438 5113 555 5182 φῶς
571 5114 670 5183 τῆς
693 5114 858 5184 ζωῆς.
885 5135 903 5166 ι
922 5116 996 5168 Τὸ
1021 5115 1098 5180 δὲ,
1121 5115 1231 5168 Καὶ
1242 5114 1678 5184 ἁναπληρωθή-

1780 5113 2118 5182 virtutisque
2170 5113 2414 5167 studium
2459 5111 2828 5167 illustratione
2869 5127 3008 5180 opus
3056 5108 3194 5162 fore.
3239 5108 3359 5172 Quo

127 5211 304 5253 σονται
329 5207 387 5256 αι
415 5203 798 5274 ἡμέραι-τοῦ
864 5207 1127 5270 πένθους
1167 5221 1308 5271 σου,
1346 5207 1533 5272 ἐπειδὴ
1563 5210 1678 5271 τοῖς

1783 5205 1990 5260 factum
2020 5213 2125 5269 est,
2160 5212 2221 5259 ut
2248 5220 2309 5259 se
2337 5206 2527 5257 mundi
2557 5205 2736 5258 lucem
2762 5203 3032 5259 exsistere
3055 5201 3121 5266 ⁸⁸,
3157 5199 3360 5269 quique

131 5289 208 5356 μὲν
242 5294 576 5367 ἁμαρτωλοῖς
603 5297 665 5351 τὸ
683 5299 922 5368 κατηφὲς
951 5301 1169 5364 οἰκεῖον,
1198 5297 1308 5364 πῦρ
1328 5299 1670 5367 προσδοκῶσι

1780 5313 1840 5353 se
1889 5304 2173 5368 sequatur,
2237 5297 2294 5350 in
2346 5297 2589 5352 tenebris
2642 5295 2869 5350 minime
2919 5292 3359 5357 ambulaturum;

181 5492 220 5563 ξ’
247 5493 404 5554 Hebr.
435 5517 478 5563 ι,
521 5501 577 5554 Ξ.
661 5498 710 5531 ⁸“
761 5497 950 5552 Matth.
993 5513 1140 5563 xxrv,
1171 5495 1262 5549 29.
1359 5497 1404 5527 ⁵⁷
1433 5495 1624 5549 Matth.
1649 5513 1700 5557 v,
1726 5498 1760 5552 ὃ

1786 5515 1798 5563 ;
1832 5495 1964 5550 Luc.
1987 5514 2038 5562 .\',
2074 5496 2166 5550 21.
2279 5495 2324 5527 ⁸⁸
2345 5495 2537 5549 Matth.
2563 5511 2617 5558 ν,
2661 5493 2747 5549 14.
2862 5493 2907 5526 ⁸⁸
2925 5493 3115 5547 Matth.
3147 5507 3236 5557 xv,
3270 5491 3359 5547 l3.

129 5557 162 5590 '°
181 5561 298 5622 Luc.
322 5587 435 5635 xix,
465 5557 555 5626 19.
631 5570 672 5600 ⁶¹
703 5571 900 5640 Ephes.
949 5585 1031 5632 ιιι,
1066 5557 1137 5622 δέ
1198 5570 1242 5598 ”
1261 5565 1451 5621 Matth.
1484 5584 1606 5633 nu,
1631 5569 1708 5622 47.

1215 5571 1242 5597 ’³
1261 5565 1451 5621 Matth.
1484 5584 1606 5633 λιιι,
1631 5569 1720 5623 47.
1788 5557 2093 5633 ’⁸³Ιοιιιι.ἰι,
2127 5565 2216 5622 16.
2291 5565 2512 5624 “Joan.
2555 5557 2674 5630 νιιι,
2707 5565 2794 5620 ιε.

1373 5722 1608 5778 VARUS
1647 5723 2059 5783 LECTIONES.

204 5835 229 5878 ἀ
253 5839 352 5911 ἀφ.
379 5843 475 5915 τὴν
505 5844 940 5917 ἐπηγγελμένην.
1029 5854 1051 5882 θ
1082 5861 1170 5915 γρ.
1194 5842 1268 5908 ὡς
1296 5841 1479 5907 ἔθνους
1507 5841 1710 5913 ἄρξειν.
