4046 6386
679 381 821 445 2639

1991 357 2348 424 PROCOPll
2392 355 2641 417 ΕΔΖ.Έί

3765 357 3870 426 2640

675 491 780 548 sed
824 489 950 544 vitae
994 488 1178 543 lumen
1230 499 1354 540 esse
1395 482 1712 537 habiturum
1748 475 1952 532 dixerit
2001 475 2070 527 ⁵⁵.
2108 470 2267 538 Quod

2297 475 2342 532 Α
2371 466 2468 522 καὶ
2496 465 2711 532 σκότος,
2743 465 2794 519 oi
2821 465 2879 520 δὲ
2909 464 3108 519 δίκαιοι
3134 466 3202 536 τῇ
3254 462 3431 518 ἑλπίδι
3477 465 3704 537 χαίρουσι
3728 471 3871 527 τδτῶν

684 584 882 639 deinde
911 582 1221 648 completum
1243 577 1315 629 iri
1340 575 1449 629 dies
1473 573 1646 626 luctus
1669 570 1781 640 ejus
1808 567 2009 638 adjecit
2033 564 2117 631 ;id
2141 561 2267 617 ideo

2375 565 2662 638 ἁμαρτιῶν
2689 564 3022 636 ἀποθέμενοι
3041 563 3280 632 πένθος.

685 673 1004 742 usurpavit,
1037 677 1116 725 'ut
1159 668 1440 740 propriam
1481 662 1866 734 peccatoribus
1913 674 2036 716 esse
2071 657 2260 714 vultus
2298 657 2692 715 demissiouem
2718 667 2775 715 et
2805 659 3407 726 tristitiaminnueret;
3460 659 3550 728 qui
3578 660 3701 716 nihil
3748 665 3877 735 aliud,

683 781 849 842 quam
871 763 1127 821 tenebras
1157 762 1451 834 ignemque
1478 765 1804 830 exspectent
1839 775 1853 811 :
1874 756 2057 826 justos
2081 761 2265 808 autem
2307 766 2405 822 spe
2437 753 2582 808 luctu
2617 748 2972 824 peccatorum
3004 752 3267 807 liberatos
3292 753 3490 822 gaudio
3505 756 3774 814 exsultare.

757 858 1023 929 Sequitur
1049 855 1240 927 itaque
1271 873 1285 910 :
1321 854 1391 908 Et
1429 853 1530 908 erit
1557 850 1784 924 populus
1816 859 1936 903 tuus
1961 845 2277 918 justus’omr

685 954 797 1009 uis.
827 952 940 1008 Nos
967 951 1115 1006 enim
1151 949 1413 1005 Ecclesia:
1433 946 1689 1018 populum
1715 959 1812 1015 per
1842 944 2078 1014 gratiam
2113 938 2278 994 Chri-

683 1056 806 1102 stus
834 1047 950 1116 ipse
971 1044 1262 1114 justiﬁcat,
1297 1040 1456 1110 cujus
1486 1039 1588 1109 ipsi
1615 1052 1869 1091 manuum
1894 1033 2154 1103 plantatio
2183 1046 2280 1086 su-

693 1155 840 1202 mus,
875 1153 1018 1207 quos
1049 1135 1102 1189 in
1151 1133 1492 1189 t'ructil‘eram
1523 1132 1724 1186 olivam
1768 1129 1982 1183 inszevit
2011 1128 2076 1181 ⁸⁸.
2119 1124 2278 1179 Nunc

685 1234 856 1304 igitur
877 1229 932 1285 itt
963 1229 1169 1284 saeculo
1201 1229 1306 1283 isto
1329 1227 1459 1281 latet
1489 1225 1704 1279 occulta
1729 1232 2051 1279 sanctorum
2073 1219 2270 1290 gloria,

687 1325 786 1382 sed
824 1324 882 1378 itt
922 1321 1110 1377 futuro
1146 1321 1262 1385 illo,
1298 1319 1390 1389 qui
1417 1317 1667 1371 minimus
1701 1325 1800 1377 est,
1837 1311 2270 1383 quamplurimis

688 1416 1059 1490 prtelicietur:
1094 1428 1269 1483 eaque
1312 1412 1512 1466 ﬁducia
1553 1410 1897 1464 exsultantes
1943 1408 2034 1476 qui
2090 1404 2268 1460 sancti

692 1517 847 1574 sunt,
875 1506 1166 1575 subjectos
1201 1504 1304 1558 sibi
1340 1504 1598 1573 pepulos,
1627 1511 1928 1571 gentesque
1958 1497 2076 1551 suis
2108 1497 2266 1566 pedi-

688 1601 794 1658 bus
833 1614 956 1654 esse
993 1599 1304 1652 substratos
1339 1597 1392 1648 in
1422 1593 1659 1648 Psalmis
1713 1608 1821 1645 non
1857 1589 2112 1644 dubitant
2139 1580 2265 1659 glo-

689 1692 823 1748 riari
857 1691 924 1745 ⁸⁷.
955 1689 1075 1744 Fiet
1101 1704 1230 1742 vero
1253 1698 1308 1742 et
1327 1688 1499 1751 istud,
1524 1702 1647 1740 cum
1677 1702 1762 1740 me
1784 1685 1926 1739 ctelo
1957 1683 2265 1752 delapsum,

691 1786 892 1856 inquit,
924 1801 1012 1838 eos
1063 1797 1400 1852 congregare,
1438 1780 1683 1848 mihique
1715 1779 1769 1831 in
1818 1790 2111 1830 occursum
2153 1773 2267 1843 rapi

2450 846 2542 900 Διὸ
2581 848 2780 916 ἐπάγει
2803 863 2817 878 ο
2849 847 3059 900 Ἔσται
3083 849 3117 900 ὁ
3155 847 3305 912 λαός
3366 860 3481 900 σου
3533 844 3645 912 πᾶς
3683 849 3876 920 δίκαιος.

2380 939 2494 1010 Τῆς
2521 939 2628 1010 γὰρ
2685 939 3013 1008 Ἐκκλησίας
3044 939 3150 992 τὸν
3176 939 3334 993 λαὸν
3378 939 3607 1011 Χριστὸς
3633 941 3876 1019 δικαεοῖτῇ

2379 1030 2584 1100 χάριτι,
2617 1025 2678 1083 οὗ
2726 1030 3001 1101 φύτευμά
3039 1031 3205 1100 ἐσμεν
3254 1030 3376 1085 τῶν
3413 1033 3621 1102 χειρῶν
3657 1037 3876 1110 ἐγκεντρί-

2381 1137 2572 1183 σαντος
2623 1123 2774 1192 ἡμᾶς
2819 1123 2900 1184 είς
2942 1121 3043 1190 τὴν
3092 1121 3453 1175 καλλιέλαιον.
3489 1123 3592 1176 Νῦν
3635 1127 3720 1194 μὲν
3748 1125 3879 1184 οὖνέν

2376 1211 2454 1283 τῷ
2480 1212 2636 1266 αίῶνι
2669 1212 2845 1284 τούτῳ
2876 1212 3184 1284 κέκρυπται
3212 1213 3321 1266 τῶν
3352 1215 3517 1278 ἁγίων
3553 1217 3590 1283 ἡ
3617 1216 3766 1283 δόξα,
3785 1223 3826 1273 ἐν
3843 1222 3878 1274 δὲ

2367 1303 2446 1374 τῷ
2479 1305 2730 1373 μέλλοντι
2769 1308 2802 1360 ό
2823 1305 3158 1376 ἐλάχιστος
3189 1306 3457 1359 πλείστων
3485 1309 3746 1377 ἡγήσεται,
3772 1310 3878 1380 ἐφ’έξ)

2368 1401 2650 1472 χαίροντες
2671 1403 2722 1453 οί
2747 1400 2894 1470 ἆγιοί
2915 1419 3080 1470 φασιν
3100 1419 3112 1434 ·
3130 1421 3148 1453 ι
3172 1401 3474 1467 ’Υπὲταξεν
3498 1402 3648 1467 λαοὺς
3671 1407 3797 1474 ἡμῖν,
3817 1413 3879 1462 καὶ

2366 1490 2495 1561 ἔθνη
2528 1492 2632 1544 ὑπὸ
2660 1492 2788 1554 τοὺς
2812 1493 2977 1555 πόδας
2994 1493 3173 1562 ἡμῶν.
3203 1493 3434 1545 »Ἔσται
3461 1492 3516 1544 δὲ
3541 1493 3705 1557 τοῦτο,
3724 1497 3794 1548 ὅτε
3811 1502 3878 1551 καὶ

2372 1587 2620 1653 συνάξω
2653 1589 2903 1656 αὐτοὺς,
2925 1590 2986 1654 ἐξ
3008 1588 3243 1660 οὐρανοῦ
3271 1589 3534 1653 καταϐὰς,
3553 1592 3637 1640 καὶ
3653 1592 3876 1661 ἁρπασθῇ.

2375 1699 2560 1735 σονται
2603 1684 2661 1734 ἐν
2705 1682 2960 1750 νεφέλαις
2984 1683 3063 1745 εἰς
3095 1682 3403 1751 ἁπάντησίν
3437 1699 3554 1751 μου.
3595 1684 3729 1746 Τινὲς
3755 1685 3878 1739 ito-'3-

2375 1791 2484 1837 τως
2535 1775 2847 1841 ἀπέδωκαν,
2897 1775 2972 1838 ὼς
3026 1777 3382 1845 παυσάμενος
3433 1776 3669 1838 ἀσεϐείας
3712 1778 3876 1833 οὐκέτι

689 1880 1008 1950 contigerit.
1044 1876 1160 1929 Non
1195 1877 1396 1929 desunt
1429 1884 1632 1935 tamen,
1667 1871 1758 1938 qui
1804 1870 1908 1924 ista
1963 1867 2266 1936 explicent,

2299 1860 2344 1918 Β
2371 1865 2800 1934 προηγουμένως
2841 1865 2994 1933 ἡλίῳ
3042 1864 3144 1916 καὶ
3187 1865 3430 1932 σελήνῃ
3472 1865 3649 1935 λογίσῃ
3678 1867 3734 1919 τὸ
3767 1867 3870 1936 φῶς,

687 1987 757 2027 ac
778 1971 833 2027 si
868 1969 1116 2039 deposita
1144 1968 1423 2037 impietate
1462 1981 1570 2018 non
1609 1963 1716 2016 soli
1744 1961 2002 2031 amplius,
2027 1970 2078 2014 et
2107 1961 2268 2022 turne,

693 2065 861 2121 lucem
892 2064 1066 2133 ipsam
1116 2059 1495 2131 principaliter
1522 2057 1809 2118 attribuat,
1843 2054 1934 2124 qui
1973 2053 2268 2122 fulgentem

681 2143 815 2228 'ejus
843 2157 1135 2212 veritatem
1165 2152 1385 2206 habeat.
1431 2147 1661 2204 Sedabit
1693 2145 1894 2200 deinde
1922 2147 2123 2198 luctum
2171 2158 2270 2197 ca-

698 2246 969 2318 ptivitatis
993 2254 1123 2310 tute,
1161 2243 1209 2297 si
1260 2252 1454 2294 terram
1501 2247 1646 2290 tuam
1710 2236 1964 2304 recipias.
2005 2233 2274 2288 Convenit

695 2355 826 2396 vero
849 2353 968 2398 eos,
1005 2347 1268 2404 tanquam
1310 2329 1628 2402 qttiplanlis
1664 2333 2090 2395 comparantur,
2142 2312 2287 2377 fru-i

693 2442 819 2487 ctus
848 2429 1065 2485 debitos
1093 2426 1279 2480 edere.
1307 2421 1404 2476 Est
1428 2421 1571 2474 enim
1606 2417 1750 2471 Deus
1783 2417 1876 2486 qui
1905 2415 2187 2486 plantavit,
2220 2420 2276 2467 et

695 2525 786 2596 qui
818 2537 1006 2578 curam
1033 2521 1199 2574 habet
1225 2555 1239 2579 ,
1266 2516 1471 2584 quique
1506 2527 1592 2576 ea,
1622 2527 1742 2577 quae
1778 2510 1845 2563 ad
1868 2524 2022 2563 suam
2047 2508 2274 2578 gloriam

698 2620 1041 2678 conducunt,
1070 2617 1230 2669 curat
1260 2608 1386 2679 :qtti
1411 2606 1632 2660 illorum
1656 2603 1897 2672 denique
1930 2602 1985 2655 in
2023 2603 2275 2654 multitu-

695 2708 883 2765 dinem
923 2701 1259 2776 prolectum,
1305 2700 1490 2769 seipso
1532 2703 1902 2766 congregante,
1944 2702 2000 2748 et
2044 2707 2141 2747 eos
2180 2692 2276 2759 qui

695 2800 854 2872 pauci
883 2806 1036 2864 sunt,
1071 2797 1128 2852 in
1157 2800 1378 2866 gentem
1423 2804 1676 2861 magnam
1727 2795 2088 2859 prepaganlc,
2141 2800 2279 2854 pra:-

696 2896 853 2952 dicit.

1315 2973 1469 3030 CAP.
1522 2971 1658 3027 LXI.

767 3073 936 3147 698
967 3069 1129 3125 Vens.
1165 3067 1319 3123 i-lO.
1351 3065 1584 3136 Spiritus
1620 3063 1834 3118 Domini
1872 3077 2030 3132 super
2058 3076 2159 3126 me,
2184 3075 2275 3114 cu-

2370 1958 2506 2010 ἀλλὰ
2567 1957 2646 2027 τῷ
2706 1957 2912 2011 τούτων
2959 1957 3316 2028 Δημιουργῷ,
3377 1958 3735 2026 ἒπιλάμψασαν
3779 1963 3876 2028 ἔχων

2371 2050 2537 2103 αὑτοῦ
2565 2052 2662 2120 τὴν
2693 2050 2967 2120 ἀλήθειαν.
2993 2050 3101 2102 Καὶ
3126 2049 3398 2102 παύσεταί
3429 2065 3520 2102 σου
3550 2050 3641 2119 τῆς
3665 2052 3874 2121 αἰχμαλω·

2373 2141 2493 2204 σίας
2527 2139 2594 2194 τὸ
2627 2139 2851 2206 πένθος
2889 2139 3261 2202 ἀπολαϐόντος
3297 2138 3413 2204 τὴν
3441 2136 3559 2206 τῆν
3585 2154 3708 2191 σου.
3745 2140 3810 2200 Ὦς
3836 2140 3873 2192 δὲ

2374 2230 2589 2301 φυτοῖς
2624 2229 3144 2301 παραϐαλλομένους
3173 2229 3454 2300 προσῆκόν
3479 2229 3590 2282 ἐστι
3615 2229 3698 2281 τὸν
3723 2231 3869 2298 ὀφειλό-

2376 2339 2534 2392 μενον
2553 2323 2762 2394 καρπὸν
2785 2321 3112 2375 ἀποδιδόναι.
3141 2321 3275 2386 Θεὸς
3305 2322 3415 2390 γὰρ
3441 2324 3473 2374 ὀ
3496 2323 3781 2389 φυτεύσας,
3803 2325 3864 2374 καὶ

2371 2414 2613 2485 δηλονότι
2656 2413 3108 2484 ἐπιμελούμενος,
3146 2412 3307 2466 ἅτινα
3339 2416 3428 2478 εἰς
3449 2411 3630 2477 δόξαν
3649 2412 3756 2465 Θεοῦ
3776 2431 3857 2466 σνν-

2373 2511 2563 2563 τείνει.
2597 2513 2693 2572 Ὃς
2727 2511 2822 2562 καὶ
2856 2508 3116 2578 προλέγει
3157 2507 3342 2560 αὐτῶν
3371 2507 3471 2577 τὴν
3501 2508 3577 2570 εἰς
3601 2506 3769 2578 πλῆθος
3786 2508 3861 2558 ἐπί-

2373 2603 2522 2656 δοσιν
2547 2601 2659 2655 τοῦ
2680 2600 2818 2654 Θεοῦ
2857 2601 3258 2670 συνάγοντος,
3297 2599 3535 2663 καὶτοὺς
3562 2600 3771 2670 ὀλίγους
3791 2615 3867 2652 πι-

2374 2696 2565 2760 οὗντος
2601 2694 2854 2757 πολλοὺς.

2966 2957 3217 3010 ΚΕΦΑΛ.
3245 2957 3370 3011 EA’.

2448 3059 2574 3109 a-t'.
2600 3051 2842 3122 Πνεῦμα
2865 3053 3087 3120 Κυρίου
3119 3051 3210 3104 ἐπ’
3231 3051 3363 3120 ἐμὲ,
3393 3046 3464 3106 οὗ
3485 3051 3697 3104 εἵνεκεν
3730 3049 3877 3117 ἔχρησέ

691 3169 783 3240 jus
839 3166 1016 3237 gratia
1069 3163 1223 3214 unxit
1279 3175 1360 3213 me
1417 3155 1676 3212 Dominus
1695 3163 1794 3220 ;ut
1856 3151 2279 3222 euangelizarem

2309 3211 2350 3240 ρ
2379 3163 2456 3217 με
2481 3189 2497 3213 ,
2555 3143 3072 3214 εὐαγγελίσασθαι
3141 3142 3406 3211 πτωχοῖς
3461 3139 3771 3196 ἁπέσταλκέ
3813 3155 3878 3206 με,

699 3211 783 3239 ν’*
840 3211 1014 3237 ατη-π
1475 3211 1478 3212 ν
1695 3211 1709 3220 υ
1991 3211 2013 3222 .,

699 3258 1020 3332 pauperibus
1053 3256 1195 3308 misit
1241 3267 1358 3317 me;
1391 3259 1447 3304 ut
1490 3264 1737 3305 sanarent
1781 3249 2038 3301 contritas
2083 3245 2277 3308 corde;

2309 3211 2352 3268 Ο
2379 3211 2686 3323 ieiunabat
2714 3211 2725 3214 ν
2758 3236 2902 3303 τοὺς
2969 3235 3517 3303 συντετριμμένους
3595 3231 3665 3300 τῇ
3728 3231 3881 3297 καρδίᾳ

701 3367 758 3408 ιιι
787 3351 1162 3406 annuntiarem
1187 3346 1408 3416 captivis
1439 3343 1820 3406 remissionem,
1855 3349 1905 3394 et
1951 3341 2104 3394 cazcis
2139 3341 2279 3392 visus

701 3442 1189 3505 instaurationem;
1235 3449 1289 3490 ut
1341 3436 1732 3506 proclamarem
1778 3449 1976 3488 annum
2051 3432 2282 3485 Domino

703 3534 1099 3605 acceptabilem,
1130 3543 1179 3586 et
1212 3529 1354 3583 diem
1393 3528 1761 3582 retributionis
1803 3525 1913 3580 Deo
1965 3535 2182 3591 nostra;
2226 3533 2283 3576 ut

703 3626 1010 3697 consolarer
1048 3638 1224 3676 omnes
1258 3621 1493 3690 lugentes
1515 3636 1533 3682 ;
1559 3629 1614 3672 ut
1651 3618 1806 3672 detur
1829 3617 2126 3688 lugentibus
2153 3615 2286 3672 Sion

703 3718 879 3790 gloria
910 3733 1004 3786 pro
1029 3715 1241 3779 cinere;
1269 3716 1450 3766 unctio
1481 3712 1687 3766 laetitia
1715 3709 2032 3781 lugentibus,
2059 3711 2285 3764 amictus

705 3810 893 3881 gloria:
923 3825 1017 3877 pro
1042 3807 1236 3876 spiritu
1262 3805 1527 3867 maeroris,
1555 3813 1663 3857 etc.

779 3984 885 4052 Qui
929 3982 1000 4038 ad
1047 3979 1450 4053 promissiones
1508 3978 1854 4048 evangelicas
1899 3977 2189 4032 Dominum
2231 3991 2291 4032 se

709 4093 857 4140 esse,
895 4087 1100 4145 eosque
1135 4074 1187 4126 in
1212 4083 1460 4140 tempore
1485 4076 1950 4140 eongregaturum
1976 4067 2288 4137 adiecerat;

711 4182 860 4226 nunc
887 4167 1004 4237 ejus
1036 4179 1091 4218 se
1120 4163 1193 4216 rei
1218 4160 1400 4231 gratia
1423 4177 1456 4214 a
1479 4158 1706 4213 Domino
1737 4156 1906 4229 699
1935 4165 2151 4210 unctum
2181 4172 2294 4211 esse

712 4263 1010 4333 signiticet.
1042 4255 1140 4312 Est
1179 4269 1348 4326 porro
1373 4252 1473 4308 tibi
1522 4251 2103 4314 animadvertendum,
2146 4249 2292 4319 quod

711 4353 1059 4411 Dontinuma
1087 4349 1314 4402 Domino
1345 4345 1550 4416 Spiritu
1577 4353 1760 4399 sancto
1784 4353 2000 4398 unctum
2022 4360 2133 4398 esse
2153 4342 2300 4398 amr-

713 4456 863 4512 ruat,
889 4458 948 4500 ut
975 4446 1029 4498 in
1061 4441 1333 4496 Trinitate
1365 4440 1629 4494 Deitatem
1658 4452 1952 4508 agnoscas.
1983 4436 2120 4491 Cum
2149 4439 2297 4490 enim

714 4549 914 4596 natura
948 4537 1207 4591 Dominus
1235 4543 1292 4588 et
1328 4531 1470 4588 Deus
1518 4533 1613 4591 sit.
1665 4531 2032 4586 humanitatis
2079 4530 2295 4584 ratione

717 4630 923 4700 Spiritu
971 4644 1004 4682 a
1043 4626 1205 4680 Patre
1243 4626 1539 4694 inungitur.
1582 4623 1701 4678 Non
1751 4631 1838 4678 est
1895 4623 2062 4693 igitur
2131 4622 2296 4675 homo

717 4731 953 4784 tantum,
982 4718 1027 4774 si
1060 4717 1352 4783 Dominus;
1383 4733 1486 4771 nec
1515 4730 1685 4770 carne
1709 4713 2031 4778 destitutus,
2062 4714 2108 4768 si
2143 4713 2298 4783 ungi-

726 4824 828 4876 tur,
863 4812 960 4868 sed
996 4809 1138 4864 idem
1179 4811 1321 4864 Deus
1377 4817 1432 4862 et
1476 4807 1678 4873 homo;
1721 4821 1828 4859 non
1879 4807 2068 4859 eadem
2117 4816 2299 4858 tamen

726 4908 959 4964 ratione.
995 4902 1116 4969 Quo
1171 4903 1232 4956 lit
1266 4909 1346 4966 ut,
1380 4909 1642 4969 tanquam
1678 4915 1744 4954 ex
1791 4897 1991 4952 Davide
2029 4898 2123 4959 sit,
2175 4896 2304 4967 ungi

724 5000 966 5056 dicatur.
993 4992 1114 5048 Jan:
1150 4992 1296 5047 enim
1330 5001 1386 5047 et
1409 5000 1575 5046 antea
1615 5006 1782 5060 super
1819 5005 1966 5051 eum,
1996 4989 2089 5058 qui
2118 4988 2185 5042 de
2222 5003 2308 5040 ra-

724 5094 851 5150 dice
905 5087 1063 5145 Jesse
1120 5085 1512 5157 prodiisset”,
1564 5084 1616 5138 id
1663 5091 1748 5138 est
1786 5080 1956 5151 super
1998 5081 2306 5140 Christum,

729 5186 997 5258 Spiritum
1033 5178 1248 5235 Domini
1285 5176 1666 5248 requieturum
1697 5176 1935 5231 dixerat.
1987 5172 2107 5227 Non
2160 5173 2305 5226 enim

2386 3320 2643 3398 κηρύξαι
2673 3327 3076 3398 αἰχμαλώτοις
3113 3325 3375 3393 ἄφεσιν,
3414 3324 3511 3378 καὶ
3543 3321 3760 3392 τυφλοῖς
3784 3320 3886 3374 ἀνήρ

2385 3425 2625 3492 ϐλεψιν,
2683 3421 2939 3476 καλέσαι
3000 3418 3284 3473 ἐνιαυτὸν
3331 3418 3550 3484 Κυρίου
3593 3416 3790 3479 δεκτόν,
3816 3414 3883 3466 καί

2383 3513 2613 3583 ἡμέραν
2633 3511 3085 3577 ἁνταποδόσεως
3099 3551 3113 3577 ,
3140 3510 3552 3577 παρακαλέσαι
3573 3507 3771 3572 πάντας
3789 3504 3886 3569 τοὺς

2388 3607 2796 3671 πενθοῦντας,
2821 3602 3071 3671 δοθῆναι
3118 3603 3243 3669 τοῖς
3279 3601 3571 3658 πενθοῦσι
3601 3602 3734 3656 Σιὼν
3752 3598 3887 3660 δόξαν

2389 3698 2524 3754 ἀντὶ
2566 3696 2804 3752 σποδοῦ
2829 3737 2842 3761 ,
2903 3695 3164 3764 ἄλειμμα
3223 3695 3599 3763 εὐφροσύνης
3645 3691 3751 3756 τοῖς
3789 3704 3887 3741 πεν-

2390 3791 2586 3855 θοῦσι,
2619 3787 3013 3855 καταστολὴν
3055 3786 3244 3854 δόξης
3279 3785 3419 3840 ἀντὶ
3457 3785 3765 3854 πνεύματος
3785 3782 3885 3845 ἀκη-

2390 3881 2545 3945 δίας,
2578 3896 2634 3932 κ.
2675 3897 2726 3932 τ.
2752 3879 2802 3932 λ.

2475 3969 2534 4023 Ὀ
2573 3973 2690 4032 ταῖς
2709 3968 3100 4037 εὐαγγελικαῖς
3147 3967 3506 4036 ἐπαγγελίαις
3547 3958 3887 4028 ἐπειπώνβεγὼ

2393 4061 2598 4134 Κύριος
2619 4062 2760 4116 κατὰ
2780 4061 2970 4133 καιρὸν
2993 4061 3207 4125 συνάξω
3229 4062 3450 4127 αὐτοὺς,
3469 4060 3560 4114 νῦν
3576 4057 3716 4126 παρὰ
3729 4055 3889 4121 Κυρίου

2393 4157 2612 4212 τούτου
2652 4155 2830 4226 χάριν
2888 4155 3205 4224 κεκρίσθαι
3248 4155 3386 4223 φησὶ
3419 4192 3435 4217 ,
3485 4151 3580 4206 τοῦ
3638 4145 3891 4214 συναγαγεῖν

2397 4250 2594 4310 αὐτοὺς
2627 4248 2890 4317 δηλονότι.
2944 4249 3055 4301 Καὶ
3100 4247 3203 4317 ὅρα
3241 4249 3462 4315 Κύριον
3488 4243 3601 4301 ὑπὸ
3636 4240 3818 4308 Κυρίου
3839 4234 3892 4299 τῷ

2397 4342 2544 4412 ἁγίῳ
2589 4341 2908 4410 χριόμενον
2940 4341 3270 4409 Πνεύματι,
3299 4339 3377 4403 ὡς
3418 4341 3475 4392 ἐν
3513 4336 3686 4408 Τριάδι
3719 4329 3893 4386 νοεῖσθαι

2399 4437 2459 4490 ’πὸ
2477 4434 2883 4502 Θείον.-Κύριος
2914 4432 3024 4503 γὰρ
3045 4431 3122 4484 ὢν
3146 4433 3240 4484 καὶ
3269 4432 3404 4495 Θεὸς
3430 4431 3604 4501 φύσει,
3633 4423 3809 4481 κατὰτὸ
3827 4423 3891 4472 ἀν-

2403 4526 2674 4597 θρὼπινον
2722 4523 2826 4577 ὑπὸ
2870 4522 2967 4576 τοῦ
3008 4523 3254 4594 Πατέρος
3285 4522 3366 4587 τῷ
3392 4525 3675 4590 Πνεύματι
3709 4515 3890 4584 χρίεται.

2403 4619 2529 4675 οὕτ’
2555 4615 2649 4673 οὖν
2668 4617 2822 4688 ψιλὸς
2842 4617 2943 4671 ἄνθ
2953 4633 3128 4688 ρωπος
3148 4656 3163 4680 ,
3192 4617 3307 4686 εἴγε
3327 4618 3545 4687 Κύριος,
3571 4612 3680 4666 οὕτε
3700 4611 3889 4674 ἄσαρκος.

2405 4714 2520 4780 είγε
2556 4714 2804 4780 χρίεται,
2862 4709 2997 4772 Θεὸς
3043 4708 3100 4762 δὲ
3152 4709 3248 4762 καὶ
3297 4708 3579 4775 ἄνθρωπος
3619 4709 3644 4758 ὁ
3679 4699 3825 4762 αὐτὸς,
3851 4694 3890 4746 οὗ

2405 4805 2552 4860 κατὰ
2585 4805 2812 4858 ταύτόν·
2857 4803 2934 4862 ὡς
2955 4803 3021 4855 ἐκ
3053 4801 3218 4855 Δαὸὶδ
3234 4796 3328 4854 οὖν
3355 4801 3606 4870 ὑπάρχων
3623 4837 3636 4862 ,
3658 4791 3891 4860 κεκρίσθαι

2409 4897 2655 4964 λέγεται.
2699 4895 2811 4949 Καὶ
2833 4893 2936 4965 ἤδη
2968 4894 3079 4964 γὰρ
3116 4893 3270 4947 εἶπεν
3301 4893 3394 4945 ἐπὶ
3419 4893 3509 4945 τὸν
3548 4893 3608 4942 ὲκ
3649 4885 3778 4958 ῥίζης
3803 4880 3894 4930 Ἰεσο

2406 4989 2518 5050 σαὶ,
2547 4985 2791 5057 δηλονότι
2823 4985 3081 5056 Χριστὸν,
3114 4980 3600 5038 ὲπαναπεπαῦσθαι
3629 4978 3682 5029 τὸ
3711 4969 3891 5036 Πνεῦμα.

2405 5081 2481 5132 Οὐ
2514 5080 2622 5149 γὰρ
2668 5078 2865 5150 ὲρῤἐθη
2918 5078 3201 5146 χρίσματι
3234 5077 3542 5146 κεκρίσθαι
3580 5072 3679 5131 τοῖς
3711 5059 3893 5117 παλαιοῖς

2405 5172 2630 5240 ὁμοίως.
2675 5171 2746 5222 ’Ἡ
2777 5169 2886 5240 γὰρ
2919 5169 2985 5223 ἂν
3034 5169 3189 5222 οὐδὲν
3249 5163 3396 5237 εἶχεν
3443 5165 3714 5233 ἐξαίρετον.
3756 5152 3894 5208 Καίτοι

729 5277 896 5336 simili
927 5290 1055 5332 cum
1095 5272 1374 5329 veteribus
1422 5270 1634 5324 ratione
1667 5269 1914 5322 unctione
1959 5275 2146 5320 unctus
2197 5280 2311 5318 esse

2296 5280 2311 5317 ε
2408 5263 2572 5316 Δαὸὶδ
2611 5262 2889 5324 εἰπόντος’
2933 5281 2950 5310 ι
2982 5262 3083 5315 Διὰ
3125 5260 3286 5314 τοῦτο
3335 5257 3547 5330 ἔχρισέν
3591 5271 3646 5307 σε
3681 5253 3706 5303 ὁ
3738 5240 3894 5304 Θεδςοδ

729 5371 938 5426 dicitur
970 5385 985 5423 :
1021 5363 1229 5434 alioqui
1260 5361 1400 5416 nihil
1431 5369 1628 5432 praeter
1654 5368 1885 5413 cancros
1917 5357 2146 5411 haberet
2191 5356 2310 5410 exi-

732 5462 934 5526 mium;
963 5472 1124 5529 quem
1151 5469 1330 5509 tamen
1358 5452 1576 5506 Davidis
1594 5449 1949 5506 testimonio:
1986 5465 2005 5498 ι
2049 5445 2308 5516 Propter-

732 5565 795 5606 ea
825 5549 987 5605 unxit
1011 5555 1067 5603 te
1111 5546 1278 5611 Deus,
1309 5546 1455 5599 Deus
1486 5550 1615 5597 tuus
1646 5543 1767 5595 oleo
1790 5538 1986 5593 laetitiae
2019 5552 2134 5608 prae
2171 5552 2308 5591 con-

735 5642 980 5698 sortibus
1029 5638 1140 5694 tuis
1170 5639 1236 5691 “.
1279 5655 1298 5689 ι
1341 5634 1564 5698 Deinde,
1585 5643 1847 5700 tanquam
1876 5629 1990 5700 jam
2023 5629 2187 5684 homo
2215 5628 2324 5696 sit;

805 5821 854 5854 ⁸⁸
881 5817 1041 5877 Joan.
1078 5831 1199 5884 rm,
1233 5814 1324 5870 12.
1362 5813 1406 5845 ⁵⁸
1436 5810 1594 5867 Rom.
1623 5826 1700 5880 ιι,
1733 5809 1824 5865 24.
1863 5823 1870 5827 ·
1973 5807 2122 5868 Psal.
2155 5822 2347 5875 xum,
2383 5805 2403 5860 ξ

1362 5813 1406 5845 ⁵⁸
1436 5810 1594 5867 Rom.
1623 5826 1700 5880 ιι,
1733 5809 1824 5865 24.
1973 5807 2122 5868 Psal.
2155 5822 2347 5875 sum,
2383 5805 2472 5860 £5.
2549 5807 2591 5840 ⁸³
2623 5805 2730 5860 isa.
2769 5819 2846 5870 ιι,
2880 5805 2927 5859 ί.

2408 5355 2540 5419 Θεὸς
2583 5373 2676 5408 σου
2725 5355 2902 5407 ἔλαιον
2949 5354 3326 5420 ἀγαλλιάσεως
3358 5350 3507 5422 παρὰ
3542 5347 3655 5408 τοὺς
3701 5336 3895 5435 perbrevi

2417 5463 2531 5499 σου.
2565 5464 2583 5496 ι
2631 5445 2718 5509 Ὠς
2766 5445 2824 5496 δὲ
2855 5445 2954 5516 ἤδη
3005 5443 3299 5514 γενόμενος
3353 5437 3624 5514 ἄνθρωπός
3656 5446 3806 5501 φησιν,
3839 5438 3894 5516 ῖοιξ

2417 5538 2653 5592 εἵνεκεν
2676 5508 2924 5606 ἔχρισέν
3077 5508 3189 5589 Καὶ
3214 5534 3313 5605 τὴν
3335 5508 3508 5588 αἰτίαν
3541 5529 3796 5594 ἐπήγαγεν,
3822 5508 3896 5606 Kal

2434 5633 2698 5702 προεῖπεν
2734 5629 2792 5683 δὲ
2836 5629 3037 5700 φήσας,
3095 5626 3255 5680 Κατὰ
3291 5625 3474 5696 καιρὸν
3521 5617 3709 5684 συνάξω
3735 5604 3895 5666 αὐτούςο

3006 5805 3052 5839 ⁸⁸
3075 5803 3224 5863 Psal.
3268 5818 3413 5870 utr,
3441 5799 3493 5856 8.
