4046 6386
160 345 279 412 26H

1300 356 1836 420 COMMENTARII
1871 359 1954 418 ΙΝ
1995 360 2279 423 I-SAIAM.

3266 361 3411 424 εδιρ
3475 395 3479 400 -

171 457 246 518 Ὡς
291 455 389 526 μὲν
420 452 516 509 οὖν
557 456 691 518 Θεὸς
737 461 963 528 χορηγεῖ
1011 460 1078 513 τὸ
1131 463 1372 532 Πνεῦμα
1418 468 1484 536 τῇ
1526 465 1722 532 κτίσει,

1832 468 1982 536 cujus
2003 470 2185 538 gratia
2213 470 2364 522 unxit
2391 487 2491 534 me,
2523 469 2743 538 adjecit,
2778 478 2836 523 ιιι
2859 484 3082 526 causam
3113 484 3222 524 non
3250 472 3413 523 omit-

158 547 222 599 tit:
254 546 309 600 δὲ
347 546 639 617 ἄνθρωπος
667 545 902 616 δέχεται.
950 550 1039 601 Διὸ
1065 591 1078 612 ,
1127 551 1266 604 κατὰ
1295 555 1528 618 Λουκᾶν,
1559 555 1634 618 ὡς
1665 558 1722 609 ἐν

159 637 399 707 Ναζαρὲθ
435 639 726 708 γενόμενος
759 640 1005 713 εἰσῆλθεν
1032 646 1111 706 είς
1133 644 1230 715 τὴν
1254 645 1604 718 Συναγωγὴν,
1627 647 1724 700 καὶ

156 732 237 782 τὸν
283 729 513 781 Ἡσαΐαν
553 729 768 796 ἀνοίξας
818 725 944 804 εὗρε
985 737 1136 787 τουτὶ
1169 737 1230 789 τὸ
1277 737 1475 808 ῥητὸν,
1517 737 1726 802 πτύξας

160 821 252 890 ἔφη
276 838 290 851 ο
317 822 568 890 Σήμερον
601 823 632 891 ὴ
671 823 861 893 Γραφὴ
883 824 1022 894 αῦτη
1043 826 1423 899 πεπλήρωται.
1457 831 1593 882 Κατ’
1623 831 1726 883 αὐ-

160 914 240 964 τὸν
281 913 388 981 γὰρ
439 912 532 966 τὸν
579 915 769 985 καιρὸν
818 917 1015 987 συνέϐη
1062 919 1158 970 καὶ
1209 918 1600 992 βαπτισθῆναι,
1639 923 1735 976 καὶ

157 1005 213 1056 τό
247 1005 489 1073 Πνεῦμα
519 1006 804 1060 κατελθεῖν
837 1008 1098 1063 ὲπάὐτὸν
1127 1012 1184 1062 ὲν
1207 1012 1334 1064 εἴδει
1375 1015 1729 1084 περιστερᾶςο

161 1094 267 1164 μεθ’
303 1094 330 1147 δ
363 1098 656 1167 πειραθεὶς
680 1093 846 1169 ἦλθεν
885 1102 964 1164 εἰς
989 1102 1273 1174 Ναζαρὲθ,
1305 1106 1398 1158 καὶ
1436 1105 1731 1177 πεπληρῶ-

161 1187 269 1239 σθαι
289 1187 388 1256 τὴν
429 1189 657 1260 Γραφὴν
683 1192 1028 1261 ἀπεφήνατο.

1832 569 2002 626 teret;
2035 562 2124 630 qui
2161 576 2219 614 se
2243 577 2339 617 eos
2368 573 2526 615 antea
2568 563 2620 616 in
2654 572 2902 632 tempore
2945 569 3410 632 congregaturuut

1829 650 2063 707 dixerat.
2101 649 2172 706 Ut
2207 651 2348 706 Deus
2385 654 2573 724 igitur,
2605 654 2853 720 spiritum
2893 662 3164 708 creatura:
3214 665 3414 720 sugge-

1831 743 1934 808 rit;
1980 744 2186 814 recepit
2225 751 2434 808 autem,
2467 757 2528 800 ut
2578 745 2764 799 homo.
2818 746 3028 814 Itaque,
3071 743 3218 813 quod
3270 743 3412 810 apud

1832 833 2035 889 Lucam
2069 836 2322 904 legimus.
2351 853 2476 891 eum
2511 836 2786 892 Nazaretb
2826 851 3159 908 synagogam
3201 834 3415 903 ingres-

1831 940 1952 989 sus,
1987 937 2180 997 aperto
2220 928 2375 983 Isaiae
2411 931 2574 995 libre,
2607 930 2663 984 in
2693 930 2861 984 verba
2891 929 2995 983 ista
3024 925 3307 981 incidisset
3333 925 3414 989 ⁷ος

1830 1019 2024 1073 eodem
2065 1022 2421 1089 complicato,
2449 1037 2572 1076 esse
2597 1037 2665 1076 eo
2686 1021 2774 1076 die
2797 1021 3125 1090 completam
3156 1016 3411 1085 Scriptu-

1829 1127 1946 1166 ram
1982 1111 2295 1166 aliirmavit.
2329 1112 2575 1179 Contigit
2605 1115 2754 1168 enim
2807 1128 2873 1166 eo
2903 1121 3178 1178 tempore.
3232 1117 3288 1163 ut
3318 1108 3412 1163 ba-

1828 1204 2159 1273 ptizaretur;
2188 1213 2246 1259 ιιι
2274 1204 2532 1274 Spiritum
2553 1207 2714 1261 etiam
2758 1205 2810 1260 in
2846 1205 3112 1259 columba:
3149 1202 3323 1256 forma
3360 1200 3414 1251 in

160 1298 210 1337 se
235 1283 564 1340 admitteret.
618 1287 826 1352 Quibus
854 1289 1072 1344 demum
1104 1291 1394 1358 absolutis,
1438 1294 1490 1348 in
1534 1293 1809 1352 Nazaretb
1843 1299 2130 1370 ingressus
2165 1309 2273 1366 est,
2325 1310 2382 1358 et
2422 1301 2496 1358 ibi
2571 1300 2902 1370 completam
2969 1314 3092 1354 esse
3163 1295 3416 1365 Scriptu-

162 1389 260 1428 ram
291 1376 686 1443 pronuntiavit.

219 1467 365 1529 Τινὲς
389 1468 469 1533 δὲ,
511 1469 586 1530 ὡς
616 1471 854 1540 εἴρηται,
880 1471 975 1524 ἐπὶ
1001 1471 1091 1525 τὸν
1129 1475 1226 1544 τῆς
1258 1475 1570 1546 γεννήσεως
1604 1494 1731 1530 και-

172 1559 251 1628 ρδν
280 1559 425 1628 ἔχειν
453 1562 589 1627 φασὶ
618 1561 715 1632 τὴν
753 1564 1036 1632 ἀναφορὰν
1068 1564 1148 1631 τὸ,
1186 1565 1432 1634 ἔχρισέν
1457 1585 1552 1637 με.
1582 1569 1730 1640 Πλὴν

166 1650 286 1721 μετά
310 1650 370 1702 τὸ
398 1650 689 1722 βάπτισμα
717 1655 968 1721 φαίνεται
1003 1642 1291 1728 κηρῦσσων
1325 1659 1424 1729 τὴν
1454 1660 1730 1728 βασιλείαν

162 1742 253 1794 τῶν
287 1742 537 1813 οὐρανῶν
584 1746 745 1816 (ὅπερ
774 1741 844 1816 ἦν
881 1747 1366 1818 εὐαγγελίζεσθαι
1407 1751 1532 1816 τοῖς
1572 1767 1728 1804 πτω-

1904 1474 2020 1530 Non
2043 1475 2240 1535 desunt
2269 1485 2476 1542 tamen,
2507 1483 2566 1529 ιιι
2587 1475 2796 1530 dictum
2827 1482 2933 1540 est,
2956 1473 3050 1543 qui
3073 1471 3240 1540 quod,
3263 1471 3418 1525 unxit

1833 1585 1938 1634 me,
1969 1567 2200 1632 addidit,
2235 1568 2302 1621 ad
2338 1568 2642 1622 nativitatis
2672 1576 2890 1636 tempus
2925 1565 3118 1620 referri
3148 1564 3420 1618 arbitren-

1832 1670 1943 1716 tur.
1982 1661 2090 1716 Setl
2123 1659 2480 1715 manifestum
2507 1670 2612 1723 est,
2647 1670 2772 1730 post
2800 1657 3130 1728 baptismum
3159 1662 3414 1727 secutam

1829 1771 1954 1816 esse
1983 1755 2225 1811 cmlestis
2248 1755 2402 1824 regni
2437 1770 2533 1825 per
2554 1769 2680 1807 eum
2711 1750 3238 1822 promulgationem;
3265 1747 3416 1819 quod

163 1833 293 1902 κοῖς)
323 1835 417 1886 καὶ
448 1836 580 1898 τοὺς
622 1840 1008 1908 μακαρισμοὺς
1041 1840 1413 1911 ἐκτιθέμενος.
1443 1843 1553 1896 Καὶ
1601 1842 1729 1898 ἰᾶτο

1832 1858 1920 1905 est-
1954 1849 2274 1918 pauperibus
2305 1848 2714 1918 evangelizare:
2751 1862 2874 1902 esse
2913 1845 3146 1914 denique
3177 1844 3419 1900 beatitu-

161 1926 208 1978 δὲ
241 1925 376 1992 τοὺς
415 1930 970 2000 συντετριμμένους
1001 1931 1077 2001 τῇ
1107 1935 1354 2002 καρδίᾳ,
1408 1935 1730 2006 θεραπεύων

163 2017 504 2086 ἐπαγγελίαις
529 2063 546 2087 ,
600 2023 694 2074 καὶ
746 2022 919 2091 λέγων
940 2041 954 2054 ο
985 2026 1262 2096 Μακάριοι
1309 2029 1357 2080 oi
1383 2028 1728 2093 πενθοῦντες,

164 2107 233 2160 ὅτι
262 2109 412 2160 αὐτοὶ
438 2112 984 2183 παρακληθήσονται.
1016 2117 1124 2170 Καὶ
1163 2120 1424 2188 μακάριοι
1449 2121 1498 2173 οἱ
1521 2120 1733 2174 κλαίον-

166 2217 261 2264 τες,
300 2202 382 2255 ὅτι
423 2203 774 2272 γελάσονται.
819 2209 931 2262 Καὶ
967 2213 1080 2273 τοῖς
1112 2211 1168 2264 δὲ
1213 2211 1585 2282 αἰχμαλώτοις
1625 2213 1732 2266 ὑπὸ

167 2293 414 2364 δαιμόνων
471 2296 657 2350 ἔθεσιν
712 2297 910 2367 ἄφεσιν
939 2300 1232 2372 ἐκήρυττε,
1285 2304 1401 2366 τοῖς
1461 2303 1731 2374 μαθηταῖς

166 2383 313 2436 εἰπών
341 2401 354 2414 ’
400 2386 776 2456 Πορευθέντες
823 2389 1202 2459 μαθητεύσατε
1227 2392 1406 2446 πάντα
1451 2393 1518 2447 τὰ
1576 2392 1728 2465 ἔθνη,

169 2475 499 2548 βαπτίζοντες
539 2480 756 2543 αὐτοὺς,
784 2481 870 2533 ἐπ’
906 2481 1100 2549 ἀφέσει
1123 2483 1364 2548 δηλονότι
1403 2484 1730 2556 πλημμεληο

168 2571 362 2638 μάτων·
404 2570 456 2623 οἳ
492 2572 595 2624 καὶ
617 2572 879 2642 ἁϐλεψίαν
905 2575 1148 2640 ἐνόσουν,
1184 2579 1250 2647 τῇ
1279 2577 1525 2647 πολυθέῳ
1553 2578 1730 2652 πλάνῃ

169 2660 508 2725 δουλεύοντες.
545 2663 744 2736 Διόπερ
783 2667 843 2718 ἐν
884 2668 996 2731 τοῖς
1039 2666 1403 2738 προλαϐοῦσιν
1432 2668 1671 2739 ἔφασκεν
1700 2671 1729 2724 6

170 2754 368 2824 Πατήρ·
412 2755 576 2821 Ἰδοὺ,
616 2757 838 2812 τέθεικά
887 2775 948 2812 σε
985 2761 1067 2824 είς
1119 2759 1235 2828 φῶς
1275 2759 1464 2826 ὲθνῶν,
1519 2762 1728 2827 ἀνοῖξαι

173 2844 447 2917 ὀφθαλμοὺς
467 2848 719 2916 τυφλῶν,
745 2850 1034 2920 ἐξαγαγεῖν
1067 2854 1131 2906 ὲκ
1150 2852 1365 2923 δεσμῶν
1385 2855 1724 2925 δεδεμένους.

170 2936 487 3008 Καὶπτωχοὶ
537 2938 590 2991 δὲ
622 2935 782 3010 ἦσαν,
805 2939 881 3006 ὡς
916 2944 1120 3008 παντὸς
1155 2944 1366 3014 ἀγαθοῦ
1402 2947 1728 3016 νοσήσαντες

167 3026 360 3095 ἔνδειαν,
388 3029 595 3083 ἐλπίδα
631 3031 705 3100 μὴ
730 3023 967 3101 ἔχοντες,
992 3034 1087 3088 καὶ
1117 3033 1266 3088 ἄθεοι
1301 3036 1361 3088 ὲν
1385 3035 1465 3106 τῷ
1502 3035 1719 3108 κόσμῳ,

174 3120 226 3174 Εἰ
253 3120 338 3190 μὴ,
383 3120 490 3192 ἄρα
528 3121 657 3187 τοῖς
686 3123 945 3190 πτωχοῖς
976 3125 1055 3194 τῷ
1090 3125 1364 3196 πνεύματι
1391 3126 1727 3197 δεδωρῆσθαι

1830 1942 2021 1996 dinam
2068 1955 2271 2011 genera
2303 1941 2373 1996 ab
2418 1942 2538 2008 ipso
2593 1939 2886 2009 etplicata.
2930 1936 3170 1994 Sanabat
3219 1935 3418 1991 deinde

1831 2031 2086 2086 contritas
2143 2035 2324 2096 corde,
2389 2031 2612 2085 admoto
2665 2027 3095 2098 promissionum
3146 2024 3415 2090 remedio,

1830 2139 1955 2178 cum
2014 2125 2208 2180 beatos
2248 2124 2342 2192 qui
2380 2123 2653 2193 lugerent,
2698 2136 2823 2177 esse
2865 2122 3111 2185 doceret,
3153 2117 3416 2189 quoniam

1829 2217 2265 2272 consolationem
2291 2226 2477 2270 essent
2509 2216 2757 2277 nacturi;
2797 2214 2984 2268 beatos
3019 2213 3145 2267 item
3179 2210 3272 2280 qui
3319 2208 3418 2264 ﬂe-

1830 2319 1977 2374 rent,
2011 2309 2274 2378 quoniam
2311 2308 2482 2363 risuri
2518 2308 2585 2361 '“.
2622 2305 2893 2361 Gentibus
2937 2311 3226 2373 praeterea,
3261 2301 3351 2371 qui
3385 2315 3419 2355 a

1829 2402 2172 2457 demonibus
2214 2402 2416 2470 captivi
2447 2399 2862 2462 detinebantur,
2898 2397 3278 2453 dimissionem
3315 2409 3384 2447 an
3415 2430 3417 2433 -
3489 2460 3497 2468 γ

1831 2492 2083 2558 nuntiat;
2113 2507 2237 2546 cum
2259 2491 2565 2561 discipulos
2587 2491 2898 2560 alloquens,
2920 2489 2986 2544 ad
3013 2497 3202 2557 gentes
3224 2498 3418 2541 omnes

1832 2581 2129 2646 proﬁcisci,
2169 2580 2334 2649 700
2379 2593 2588 2648 easque
2627 2577 2848 2642 docere,
2896 2586 2951 2632 et
3006 2575 3308 2644 baptizare,
3361 2571 3418 2625 in

1829 2671 2214 2727 remissionem
2270 2678 2623 2740 peccatorum
2665 2668 2942 2732 videlicet,
2995 2665 3289 2736 imperavit
3337 2665 3416 2726 ";

1827 2778 1950 2835 qua:
1989 2763 2194 2818 dudum
2223 2762 2473 2817 caecitate
2510 2763 2848 2827 laborantes,
2889 2769 2948 2814 ut
2991 2775 3148 2815 vana:
3181 2757 3414 2814 deorum

1829 2853 2168 2908 multitudini
2215 2852 2550 2908 serviebant.
2583 2851 2702 2918 Quo
2750 2851 2956 2904 factum
2985 2857 3090 2914 est,
3124 2858 3183 2902 ιιι
3217 2850 3275 2903 in
3323 2864 3418 2903 su-

1826 2947 2160 3018 perioribus,
2194 2961 2318 3000 eum
2353 2961 2413 3000 se
2440 2946 2493 2999 in
2533 2945 2711 2998 lucem
2762 2943 3002 3011 gentium
3036 2943 3309 3011 posuisse,
3361 2949 3418 2995 ιιι

1828 3039 2018 3094 oeulos
2047 3037 2208 3093 caecis
2242 3038 2482 3108 aperiret
2502 3076 2518 3098 ,
2565 3046 2622 3090 ut
2662 3035 2729 3089 de
2759 3035 2996 3088 vinculis
3025 3049 3120 3088 eos
3140 3033 3417 3096 educeret,

1826 3130 1923 3201 qui
1974 3131 2029 3184 in
2095 3129 2234 3200 ipsis
2279 3138 2462 3184 essent
2518 3125 2840 3192 constricti,
2903 3124 3065 3180 Pater
3099 3123 3416 3178 atﬁrmaret.

175 3230 286 3282 φησι
325 3214 431 3266 τῶν
481 3214 557 3268 δι’
599 3215 767 3294 αὑτοῦ
817 3217 1177 3288 χαρισμάτων
1207 3217 1307 3288 τὴν
1333 3217 1566 3287 ἄφθονον
1602 3238 1729 3292 χορ-

1834 3219 2004 3275 Erant
2035 3236 2164 3273 vero
2190 3231 2243 3273 et
2269 3235 2548 3287 pauperes.
2573 3218 2666 3289 qui
2703 3218 2975 3271 bonorum
3025 3215 3272 3270 omnium
3326 3230 3417 3284 pe-

175 3303 326 3373 ηγίαν.
351 3305 904 3374 Συντετριμμένους
929 3307 986 3360 δὲ
1027 3306 1202 3372 ἄλλως
1241 3309 1367 3372 τοὺς
1401 3309 1604 3380 ἀσθενῆ
1633 3311 1732 3381 τὴν

174 3397 395 3464 καρδίαν
440 3399 536 3452 καὶ
589 3398 983 3470 εῦδιάθρυπτον
1018 3401 1265 3471 ἔχοντας,
1305 3403 1383 3466 ὡς
1413 3403 1732 3473 ἀντιστῆναι

177 3489 506 3559 μὴδύνασθαι
535 3498 659 3556 ταῖς
687 3494 798 3547 τῶν
830 3492 1020 3547 παθῶν
1053 3493 1403 3566 προσϐολαῖς,
1434 3494 1732 3564 αἰχμαλώ-

173 3597 268 3633 των
307 3583 358 3636 δὲ
404 3585 567 3656 δίκην
599 3587 810 3650 τούτοις
849 3585 1201 3649 δουλεύοντας
1224 3601 1237 3615 ⁸
1282 3587 1513 3656 ἁρμόσει
1545 3587 1604 3640 δὲ
1637 3588 1734 3641 καὶ

172 3675 264 3735 τοῖς
305 3673 361 3739 ἐξ
398 3676 624 3747 Ἰσραὴλ
675 3677 742 3730 τὰ
774 3677 1064 3747 λεγόμενα.
1111 3679 1184 3731 06
1217 3678 1324 3749 γὰρ
1363 3674 1431 3748 ἦν
1458 3678 1551 3731 ἐπὶ
1579 3679 1682 3748 γῆς
1704 3681 1733 3734 6

174 3765 314 3818 ποιῶν
343 3769 722 3839 χρηστότητα,
752 3771 852 3823 οὐκ
896 3766 964 3841 ἦν
985 3809 1000 3832 ,
1031 3770 1136 3834 ἕως
1159 3771 1297 3834 ἑνός.
1343 3770 1552 3824 Οὐκοῦν
1598 3773 1732 3826 πάν·-

172 3873 245 3918 τες
292 3861 390 3913 υἱοὶ
430 3862 632 3925 νυκτὸς
701 3862 854 3926 ὄντες
907 3863 1002 3915 καὶ
1047 3863 1289 3927 σκότους,
1337 3863 1514 3931 φωτὸς
1573 3863 1730 3932 γεγό-

172 3963 274 4001 νασι
310 3951 489 4007 τέκνα.
545 3952 818 4024 Διηύγασε
888 3955 998 4024 γὰρ
1050 3954 1234 4016 αὐτοῖς
1269 3955 1302 4023 ἡ
1341 3953 1545 4024 ἡμέρα,
1581 3954 1674 4007 καὶ
1700 3955 1730 4007 6

171 4036 251 4106 τῆς
273 4041 615 4115 δικαιοσύνης
657 4045 886 4115 ἀνέσχεν
919 4045 1088 4116 ἥλιος,
1121 4045 1217 4098 καὶ
1244 4044 1495 4117 λαμπρὸς
1522 4044 1728 4099 ἀνέτει-

172 4127 244 4180 λεν
280 4133 574 4206 ἑωσφόρος.

1835 3312 1998 3367 nuria
2030 3311 2381 3375 laborarent;
2415 3309 2508 3380 qui
2559 3325 2656 3379 spe
2689 3316 2978 3373 carerent;
3012 3308 3107 3376 qui
3157 3306 3324 3361 Deum
3361 3305 3416 3360 in

1835 3405 2043 3458 mundo
2082 3420 2194 3456 non
2228 3409 2613 3471 agnoscerent.
2650 3397 2748 3453 Sin
2778 3399 2987 3464 minus,
3029 3399 3097 3454 iis
3129 3405 3296 3462 certe,
3323 3397 3417 3466 qui

1837 3494 2034 3565 spiritu
2089 3509 2347 3562 pauperes
2405 3500 2556 3556 sunt,
2613 3492 2891 3562 ingentem
2943 3505 3066 3545 esse
3114 3489 3416 3560 gratiarum

1834 3586 2242 3656 suppeditatum
2285 3585 2499 3654 copiam
2558 3583 2876 3654 signiﬁcat:
2931 3581 3186 3636 contritas
3237 3594 3416 3635 autem

1831 3676 1966 3729 alias
1995 3690 2091 3730 eos
2114 3676 2288 3743 ipsos,
2319 3676 2411 3744 qui
2443 3674 2516 3728 ita
2545 3672 2702 3727 corde
2729 3682 2858 3726 sunt
2891 3672 3168 3726 imbecillo
3198 3678 3252 3725 et
3281 3687 3418 3740 prae-

1834 3766 2034 3828 fracto,
2100 3775 2160 3820 ut
2223 3766 2518 3821 affectuum
2587 3765 2887 3820 insultibus
2939 3764 3164 3818 minime
3215 3773 3420 3832 queant

1834 3859 2132 3923 obsistere;
2165 3860 2256 3914 sed
2292 3859 2419 3919 illis.
2469 3859 2800 3928 captivorum
2840 3872 3025 3919 more,
3082 3864 3307 3925 pareant.
3365 3864 3418 3911 et

1835 3952 2187 4007 famulentur.
2212 3951 2554 4006 Conveniunt.
2581 3967 2712 4006 vero
2736 3961 2790 4004 et
2812 3949 3080 4004 lsraelitis
3107 3949 3272 4016 etiam
3298 3964 3420 4020 qua)

1835 4045 2116 4102 dicuntur.
2152 4043 2270 4098 Non
2305 4045 2449 4098 enim
2477 4051 2598 4100 erat
2634 4044 2689 4100 in
2723 4053 2890 4107 terra,
2923 4042 3040 4112 qui,
3075 4042 3220 4112 quod
3257 4043 3421 4096 bone-

1836 4144 1978 4191 stum
2011 4144 2176 4199 esset,
2216 4136 2440 4197 faceret,
2479 4153 2584 4190 non
2619 4145 2761 4199 erat,
2798 4152 2866 4190 ne
2902 4152 3047 4190 unus
3088 4133 3308 4203 quidem
3350 4134 3415 4187 ".

172 4221 349 4294 Itaque,
396 4247 522 4286 cum
568 4230 662 4286 ﬁlii
710 4231 888 4286 noctis
932 4239 1118 4288 essent
1153 4247 1344 4287 omnes
1371 4241 1425 4288 et
1463 4232 1814 4287 tenebrarum
1844 4273 1859 4298 ,
1891 4233 1944 4287 in
1976 4233 2114 4289 lucis
2146 4231 2289 4288 filios
2328 4240 2647 4290 evaserunt.
2708 4231 2820 4287 Illis
2848 4232 2993 4286 enim
3031 4230 3147 4284 dies
3198 4230 3334 4298 ipse,
3365 4236 3418 4281 et

172 4320 245 4386 qui
266 4320 594 4393 Soljnstitize
618 4325 902 4387 dicitur",
936 4340 1138 4380 aurora
1165 4326 1402 4397 denique
1425 4325 1626 4389 lucida,
1657 4325 1858 4380 illuxit.

227 4415 538 4482 Κεχρίσθαι
582 4416 640 4470 δέ
690 4434 826 4487 φησι
873 4417 968 4470 καὶ
1017 4417 1297 4470 ἐνιαυτὸν
1357 4417 1583 4486 Κυρίου
1627 4433 1729 4470 κα-

1913 4415 2002 4469 Ait
2033 4431 2162 4468 vero
2196 4415 2363 4469 etiam
2387 4428 2604 4469 unctum
2631 4430 2763 4479 esse,
2805 4423 2865 4468 ut
2906 4415 3264 4482 proclamaret
3313 4431 3414 4467 an-

171 4499 323 4558 .léo'at
384 4504 644 4572 δεκτόν,
701 4506 796 4560 τὸν
855 4506 956 4577 τῆς
1017 4507 1486 4578 ὲνανθρωπήσεως
1539 4505 1730 4571 καιρὸν

172 4590 316 4657 οὕτως
369 4596 561 4663 εἰπὼν,
592 4599 650 4651 ἐν
701 4590 746 4665 ᾧ
796 4597 1000 4666 διάγων
1048 4597 1142 4650 ἐπὶ
1187 4599 1312 4667 γῆςν
1357 4596 1471 4666 φῶς
1514 4596 1731 4669 ἡμέρας

172 4689 265 4748 τοῖς
306 4691 588 4760 προσιοῦσι
637 4691 954 4762 παρείχετο.
990 4691 1076 4755 Ὠς
1120 4691 1228 4762 γὰρ
1278 4690 1412 4762 ἡλίῳ
1463 4689 1731 4744 δικαιοσύ-

175 4791 254 4842 νης
294 4779 320 4830 6
366 4780 610 4843 τοιοῦτος
644 4781 923 4852 προσῆκεν
949 4781 1510 4850 ἐνιαυτός.-Μήποτε
1552 4779 1610 4832 δὲ
1638 4779 1729 4832 τὸν

179 4866 412 4931 μέλλοντα
451 4872 630 4926 αἰῶνα
708 4871 896 4943 δηλοῖ,
946 4873 1032 4941 ἐφ’
1075 4872 1134 4924 ὃν
1163 4873 1232 4926 τὰ
1283 4873 1382 4942 τῆς
1431 4872 1628 4926 ἑαυτοῦ
1659 4872 1732 4925 διο

176 4955 437 5029 δασκαλίας
477 4965 819 5036 ἀνέπεμπεν,
863 4967 953 5020 ὅτε
1007 4965 1119 5035 Οὐχ
1169 4965 1340 5036 ἥλιος,
1388 4964 1448 5018 οὗ
1492 4963 1728 5036 σελήνη,

178 5047 271 5102 ἀλλ’
294 5052 438 5109 ἔσται
467 5074 572 5120 σοι,
601 5059 735 5127 φησὶ
756 5099 771 5122 ,
815 5056 1019 5128 Κύριος
1049 5056 1164 5126 φῶς
1206 5057 1458 5124 αἰώνιονς
1501 5057 1583 5111 διὸ
1613 5062 1728 5113 Κυ-

179 5140 290 5206 ρίου
315 5145 527 5213 λέγεται
566 5149 866 5216 ἐνιαυτὸς,
898 5151 974 5212 ὼς
1005 5149 1096 5204 ὑπ’
1133 5149 1299 5204 αὐτοῦ
1335 5149 1726 5220 φωτιζόμενος,

180 5231 261 5283 καὶ
281 5232 502 5304 δεκτὸς,
534 5239 566 5308 ἢ
591 5241 732 5292 κατά
752 5241 879 5304 τοὺς
893 5241 1136 5305 λοιποὺς,
1159 5240 1458 5305 εὐδοκίας.
1490 5242 1728 5305 Ἐκεῖνος

181 5321 272 5394 γάρ
307 5330 445 5382 ἐστιν
492 5333 521 5384 ό
568 5332 908 5404 καταθύμιος
946 5334 1023 5403 τῷ
1071 5333 1211 5405 Θεῷ,
1254 5336 1283 5386 6
1325 5336 1488 5399 αὐτὸς
1516 5335 1593 5390 ὣν
1631 5337 1730 5390 καὶ

183 5413 346 5484 ἡμέρα
372 5423 852 5491 ἀνταποδόσεως,
876 5427 963 5479 ὅτε
994 5427 1093 5490 τάς
1122 5427 1360 5497 ἀμοιϐὰς
1391 5429 1439 5481 οἱ
1468 5429 1608 5482 κατὰ
1634 5429 1726 5482 τὸν

185 5507 398 5575 παρόντα
417 5515 752 5586 κεκμηκότες
772 5516 885 5584 βίον
913 5518 1252 5588 κομίζονται.
1272 5520 1426 5584 Τινὲς
1444 5520 1500 5574 δὲ
1517 5519 1732 5574 δεκτόν

1831 4523 1960 4560 num
2002 4506 2220 4560 Domini
2259 4505 2638 4575 acceptabilem
2669 4519 2688 4558 :
2726 4505 2800 4559 ita
2846 4505 3106 4559 nimirum
3158 4505 3416 4559 incarna-

1834 4597 2006 4652 tionis
2047 4605 2262 4667 tempus
2295 4599 2555 4662 iunuens,
2582 4611 2712 4666 quo,
2759 4611 2883 4650 cum
2931 4597 2984 4648 in
3026 4597 3190 4649 terris
3232 4613 3419 4652 versa-

1833 4700 2012 4757 retur,
2045 4691 2224 4745 Iucetn
2258 4690 2363 4745 diei
2394 4689 2742 4744 venientibus
2769 4691 2837 4742 ad
2863 4704 2924 4743 se
2946 4690 3242 4758 praabebat.
3281 4688 3420 4744 lluie

1833 4785 2006 4852 enim,
2040 4792 2299 4854 tanquam
2335 4781 2447 4837 Soli
2468 4783 2718 4851 justitia2,
2746 4781 2873 4836 talis
2899 4791 2984 4837 est
3004 4791 3172 4836 annus
3203 4782 3418 4837 debitus

1835 4883 1891 4932 et
1919 4878 2268 4932 commodus.
2303 4879 2501 4930 Annon
2532 4889 2661 4929 vero
2694 4873 2939 4928 futurum
2963 4875 3225 4929 szeculum
3255 4873 3420 4944 signi-

1839 4971 2038 5027 ﬁcasse
2077 4970 2390 5040 putandus;
2439 4967 2504 5021 ad
2568 4963 2738 5036 quod,
2797 4981 2918 5036 quae
2976 4966 3043 5019 ad
3107 4965 3416 5020 doctrinam

1836 5078 1995 5120 suam
2034 5063 2332 5132 pertinent,
2386 5057 2629 5124 remisit;
2686 5073 2796 5127 quo
2849 5066 3096 5126 tempore
3145 5073 3250 5110 non
3306 5057 3412 5122 sol,

1836 5171 1946 5209 nou
1991 5154 2116 5208 luna
2158 5152 2255 5206 tibi
2309 5151 2494 5204 futura
2525 5158 2629 5214 est,
2656 5150 2836 5218 inquit
2863 5148 2966 5212 Νι,
2997 5148 3092 5204 sed
3127 5149 3413 5214 Dominus,

1838 5247 1926 5300 lux
1965 5246 2083 5315 ipsa
2117 5242 2496 5313 sempiterna?
2557 5259 2666 5312 quo
2713 5244 2792 5309 lit,
2843 5250 2899 5294 ut
2947 5257 3119 5295 annus
3180 5239 3414 5308 Domini,

1850 5347 2109 5408 tanquam
2135 5337 2201 5390 ab
2235 5337 2355 5406 ipso
2385 5336 2560 5389 lucem
2593 5335 2792 5388 habeat
2825 5353 2837 5388 :
2869 5343 2919 5388 et
2944 5333 3306 5403 acceptabilis,
3330 5337 3416 5390 vel

1840 5429 2147 5484 secundum
2197 5428 2373 5489 alios,
2412 5425 2881 5495 comprobationis,
2927 5425 3260 5480 nominetur.
3323 5426 3416 5483 Est

1836 5522 1983 5576 enim
2010 5523 2120 5576 Deo
2144 5529 2335 5591 gratus
2359 5519 2474 5587 ille,
2504 5527 2557 5573 et
2581 5527 2882 5588 acceptus;
2916 5518 3123 5590 quippe
3157 5519 3246 5592 qui
3305 5520 3416 5573 dies

274 5709 316 5793 ζ’
341 5709 469 5793 Luc:
496 5733 588 5793 _tv,
614 5717 700 5775 18.
756 5720 816 5793 ,7-⁸
846 5717 1038 5793 Matth.
1070 5737 1121 5788 v,
1157 5720 1224 5788 Pi;
1265 5719 1397 5778 Luc.
1438 5741 1510 5792 vn,
1541 5724 1626 5780 19.
1707 5725 1752 5759 ⁷⁸
1780 5722 1971 5780 Matth.
2003 5740 2198 5793 xxvttt,
2233 5725 2420 5784 18-20.
2498 5726 2542 5759 ⁷³
2565 5724 2710 5782 Psal.
2733 5742 2853 5792 xm,
2881 5725 2937 5793 2,
2966 5727 3020 5784 '5.
3097 5727 3142 5758 "‘
3183 5723 3412 5782 Malach.

193 5777 318 5840 "02-
385 5784 461 5819 m‘
493 5777 598 5844 lsa'.
628 5805 717 5856 ιιι,
751 5789 943 5858 19,20.
