4046 6386
594 339 738 407 2643

1893 347 2250 413 PROCOPII
2289 347 2534 408 GAZ/EI

3716 344 3843 409 264i

593 459 758 514 etiam
781 459 854 515 sit
884 459 1269 526 retributionis,
1301 477 1412 533 quo
1445 461 1696 518 laborum
1732 477 1958 518 suorum
1991 465 2047 518 in
2077 463 2181 518 hac

2292 463 2585 525 ἐνιαυτὸν,
2607 459 2729 513 καθ’
2748 458 2806 512 ὃν
2841 457 3160 528 ἐσταυρώθη
3189 457 3354 527 φασί.
3398 454 3605 512 Δεκτοι
3630 457 3733 530 γὰρ
3754 462 3862 516 τότε

597 551 709 604 vita
737 551 1045 608 mercedem
1079 554 1283 623 quique
1325 553 1492 607 laturi
1528 562 1676 608 sunt.
1729 554 1836 609 Alii
1865 565 2046 611 tamen
2075 573 2172 610 an-

597 659 723 696 num
753 645 1142 713 acceptabilem,
1177 647 1242 699 ad
1269 646 1446 712 illum,
1479 661 1591 715 quo
1620 661 1844 701 crucem
1879 648 1992 715 pati
2016 646 2176 702 Chri-

572 740 744 808 'stum
782 736 1037 803 contigit,
1069 735 1262 791 referri
1313 737 1630 790 voluerunt.
1681 735 1821 790 Tum
1881 737 2028 791 enim
2073 752 2176 793 nos

597 839 720 880 esse
758 825 866 880 Deo
900 827 1070 896 factos
1117 828 1484 896 acceptabiles,
1516 837 1628 881 tum
1669 827 1818 882 Patri
1858 845 1953 898 per
1996 831 2175 900 ipsum

600 915 840 972 oblatos.
880 917 1020 974 Hinc
1051 920 1215 974 etiam
1259 921 1327 975 de
1370 937 1542 991 grano
1569 920 1831 975 frumenti
1869 922 2079 976 dixisse
2107 921 2176 985 ⁷⁵,

599 1023 724 1062 cum
784 1017 1058 1064 mortuum
1117 1028 1242 1066 esse
1299 1013 1665 1083 contingeret,
1719 1013 1875 1083 701
1941 1014 2177 1069 multum

599 1095 843 1152 fructum
881 1099 1178 1154 editurum.
1211 1101 1278 1155 Et
1321 1117 1545 1158 rursum
1593 1118 1718 1158 cum
1760 1116 1791 1155 a
1833 1111 1980 1156 terra
2029 1108 2180 1158 esset

600 1190 896 1254 exaltatus,
956 1172 1161 1248 'omnes
1191 1195 1257 1247 ad
1319 1210 1379 1249 se
1428 1195 1930 1265 pertracturum".
1990 1194 2180 1266 Itaque

601 1281 792 1346 etiam,
821 1298 943 1337 cum
978 1293 1129 1338 esset
1165 1301 1196 1340 e
1231 1287 1464 1342 mortuis
1497 1287 1792 1351 excitatus,
1839 1287 1945 1342 sibi
1976 1285 2178 1341 factam

602 1357 728 1428 esse
754 1382 1074 1444 poteSIatem
1112 1391 1327 1432 omnem
1353 1379 1408 1433 in
1449 1379 1591 1433 cmlo
1662 1387 1716 1434 et
1751 1377 1804 1432 in
1842 1385 1988 1433 terra
2028 1378 2182 1432 dice-

603 1466 718 1532 bat,
751 1467 941 1523 missis
967 1470 1034 1524 ad
1058 1481 1248 1540 gentes
1275 1488 1401 1526 cum
1432 1472 1703 1541 baptismo
1743 1471 2058 1541 discipulis,
2085 1486 2183 1526 cu-

599 1556 693 1627 jus
755 1559 1020 1613 beneficio
1074 1563 1452 1617 remissionem
1520 1562 1701 1630 adepti
1755 1562 1953 1616 divina:
2008 1559 2182 1630 ipsius

602 1658 812 1704 natura
844 1652 1142 1720 participes
1177 1653 1442 1707 efficimur
1466 1655 1533 1709 ⁷⁷.
1571 1652 1675 1718 Qui
1711 1653 1856 1709 enim
1902 1651 2057 1707 fuere
2090 1665 2181 1706 ac-

603 1741 768 1808 cepti,
809 1757 948 1794 anno
982 1742 1074 1795 illo
1107 1744 1420 1814 occeptabili
1449 1745 1604 1813 potiti
1661 1751 1814 1808 sunt,
1844 1742 1913 1797 de
1954 1757 2065 1812 quo
2104 1741 2182 1796 lo-

2273 551 2606 624 γεγόναμεν
2634 550 2714 617 τῷ
2761 549 2884 613 Θεῷ
2933 551 3028 603 καὶ
3069 551 3319 620 Πατέρι,
3357 551 3862 619 καρποφορηθέντες

2275 645 2344 700 δι’
2374 643 2561 699 αὐτοῦ.
2581 643 2672 697 Διὸ
2690 643 2816 713 περὶ
2835 641 2929 695 τοῦ
2953 642 3152 696 κόκκου
3169 639 3272 693 τοῦ
3303 639 3461 692 σίτου
3489 639 3693 708 ἔλεγεν·
3718 659 3735 692 ι
3754 643 3864 695 Ἐὰν

2274 736 2544 808 ἀποθάνῃ,
2585 735 2794 804 καρπὸν
2815 733 2983 786 πολὺν
3011 731 3191 804 φέρει.
3231 751 3250 783 ι
3308 732 3421 783 Καὶ
3448 729 3614 782 πάλιν
3637 745 3679 780 ⁸1
3715 730 3865 782 Ὅταν

2277 828 2477 899 ὑψωθῶ
2515 830 2579 881 ὲκ
2614 828 2737 898 γῆς,
2773 826 2984 888 πάντας
3024 825 3241 878 ἑλκύσω
3278 823 3425 895 πρὸς
3460 821 3716 890 ἐμαυτόν.
3750 838 3766 871 ι
3793 822 3868 876 Διδ

2283 921 2381 976 καὶ
2418 919 2656 984 ἀναστὰς
2709 921 2774 973 ὲκ
2805 918 3016 991 νεκρῶν
3060 916 3328 986 ἔφασκεν·
3383 912 3573 982 Ἐδόθη
3611 929 3699 982 μοι
3740 916 3869 966 πᾶσα

2279 1013 2499 1080 ἐξουσία
2528 1013 2585 1065 ὲν
2621 1009 2867 1081 οὐρανῷ,
2921 1011 3016 1065 καὶ
3055 1010 3147 1063 ἐπὶ
3172 1010 3279 1077 τῆς
3320 1005 3430 1075 γῆς
3452 1044 3468 1069 ,
3525 1003 3621 1056 ἐπὶ
3657 1003 3724 1057 τὰ
3757 1005 3864 1077 ἔθνη

2281 1107 2519 1176 πέμπων
2551 1102 2679 1166 τοὺς
2713 1101 2985 1173 μαθητὰς,
3015 1101 3110 1154 καὶ
3151 1099 3213 1153 τὸ
3247 1098 3572 1168 βάπτισμα,
3619 1095 3686 1148 δι’
3713 1090 3770 1148 οῦ
3795 1097 3870 1149 λα-

2280 1199 2468 1260 ϐόντες
2493 1196 2713 1266 ἄφεσιν,
2749 1195 2852 1264 τῆς
2903 1193 3054 1255 Θείας
3099 1190 3274 1244 αὑτοῦ
3319 1187 3548 1258 φύσεως
3589 1187 3867 1257 γεγόναμεν

2279 1291 2547 1346 κοινωνοί.
2585 1287 2807 1344 Λεκτόν
2838 1287 2947 1357 γὰρ
2987 1283 3274 1340 ἐνιαυτὸν
3295 1283 3353 1335 ol
3390 1280 3708 1348 δεχθέντες
3732 1281 3868 1351 ὲκτὴ-

2282 1395 2465 1443 σαντο,
2515 1378 2645 1449 περὶ
2672 1371 2730 1432 οῦ
2778 1375 2990 1439 Παῦλός
3044 1390 3210 1445 φησιν
3237 1388 3255 1402 ο
3293 1389 3314 1423 ι
3377 1369 3519 1423 Ἰδοὺ
3553 1367 3651 1421 νῦν
3693 1369 3866 1442 καιρὸς

2281 1470 2675 1541 εὐπρόσδεκτος
2703 1483 2718 1499 ο
2758 1468 2866 1522 ἰδοὺ
2914 1467 3099 1538 ἡμέρα
3150 1462 3464 1534 σωτηρίας,
3502 1462 3598 1515 καὶ
3653 1463 3867 1516 ἁνταπο·

2280 1561 2500 1626 δόσεως,
2540 1580 2558 1612 ι
2586 1561 2615 1612 6
2656 1559 2676 1599 τ
2691 1560 2790 1630 τῆς
2804 1558 3278 1630 ἐνανθρωπήσεως
3307 1553 3526 1624 ὑπῆρξε
3550 1553 3750 1624 καιρὸς,
3767 1553 3868 1606 καθ’

2283 1651 2344 1704 ὃν
2379 1652 2494 1714 τοῖς
2520 1648 2850 1702 πιστεύσασι
2878 1647 2979 1710 τὰς
3014 1649 3071 1698 ὲν
3123 1645 3349 1698 ἐλπίσιν
3402 1641 3735 1710 ἐπαγγελίας
3769 1643 3863 1695 ἀπ-

2285 1743 2484 1797 έδωκεν
2505 1759 2519 1772 ο
2547 1743 2686 1813 ὅπερ
2714 1743 2742 1794 6
2769 1740 2858 1794 διὰ
2883 1739 3128 1801 Μωσέως
3153 1737 3327 1807 νόμος
3359 1735 3463 1789 οὐκ
3486 1734 3634 1804 ἔσχε,
3653 1733 3725 1801 τῷ
3747 1751 3867 1807 παρ-

603 1835 792 1900 quitur
811 1834 1130 1902 Apostolus,
1165 1851 1288 1890 cum
1320 1836 1635 1905 adessejam
1669 1844 1885 1905 tempus
1927 1841 2181 1903 accepta-

2292 1834 2401 1888 όντι
2435 1834 2536 1905 βίῳ
2574 1832 2902 1904 περικλείων
2945 1831 3045 1894 τὰς
3073 1829 3341 1901 ἀμοιϐὰς,
3403 1827 3863 1900 μακροημέρευσιν

602 1923 730 1986 bile,
754 1924 946 1980 adesse
973 1925 1116 1982 diem
1149 1929 1362 1991 salutis,
1383 1929 1459 1982 ait
1477 1930 1524 1962 ⁷⁸
1542 1947 1555 1996 ;
1574 1929 1776 2000 quibus
1805 1927 1982 1983 verbis
2001 1927 2180 1996 ipsum

603 2017 1006 2074 incarnationis
1043 2028 1257 2088 tempus
1282 2020 1614 2091 designavit,
1650 2037 1760 2093 quo
1801 2021 1892 2084 iis,
1917 2019 2013 2090 qui
2055 2033 2179 2073 cre-

601 2107 878 2171 diderant,
929 2127 1068 2180 quas
1117 2113 1220 2166 fide
1257 2114 1516 2167 tenebant
1579 2113 1974 2182 promissiones
2026 2109 2183 2165 exhi-

603 2199 744 2252 buit.
776 2201 934 2266 Quod
983 2212 1132 2257 certe
1161 2204 1242 2256 lex
1296 2205 1387 2258 illa
1433 2222 1529 2274 per
1583 2205 1769 2260 Mosen
1822 2204 2022 2258 tradita
2073 2217 2182 2257 non

603 2290 816 2352 habuit,
849 2309 972 2363 qua:
1003 2297 1266 2364 pra-senti
1296 2297 1500 2350 saeculo
1541 2298 1762 2367 praemia
1784 2295 2181 2357 concludebat,

599 2383 728 2437 vitae
754 2385 1149 2452 prolixitatem,
1183 2395 1450 2457 terraeque
1494 2390 1654 2453 bona,
1717 2398 1771 2443 et
1816 2402 2005 2458 pacem
2084 2401 2182 2440 uo-

602 2475 848 2531 minatim
896 2479 1235 2548 significans.
1274 2478 1463 2551 Itaque
1499 2491 1554 2535 et
1583 2481 1883 2536 Zacharias
1909 2481 2028 2534 ait:
2068 2498 2086 2530 ‹
2119 2479 2174 2534 In

602 2563 881 2623 fructuum
906 2569 1157 2627 ubertate
1187 2573 1524 2628 habitabitur
1547 2575 1848 2629 Jerusalem
1877 2589 1906 2626 a
1937 2573 2178 2626 multitu-

603 2657 733 2714 dine
757 2659 1040 2717 hominum
1076 2671 1130 2719 et
1155 2665 1550 2734 iumentorum,
1575 2681 1696 2735 quae
1723 2674 1851 2721 sunt
1882 2665 1935 2719 in
1960 2681 2022 2720 ea
2057 2666 2125 2718 "’.
2165 2683 2183 2716 ι

2285 1925 2480 1995 λέγων,
2512 1926 2605 1978 καὶ
2625 1926 2728 1994 γῆς
2757 1923 2960 1992 ἀγαθὰ,
2989 1922 3087 1976 καὶ
3120 1920 3389 1990 πολέμων
3424 1918 3763 1985 ἀπαλλαγὰς,
3791 1918 3862 1971 διὸ

2286 2019 2383 2072 καὶ
2417 2017 2690 2088 Ζαχαρίας
2721 2015 2884 2088 φησί·
2919 2033 2938 2066 ι
2976 2016 3367 2084 Κατάκαρπος
3394 2009 3743 2082 οίκηθήσεται
3779 2011 3860 2065 Ἱε-

2289 2109 2570 2180 ρουσαλὴμ
2597 2107 2705 2160 ἀπὸ
2737 2105 2975 2175 πλήθους
3001 2105 3334 2176 ἀνθρώπων,
3377 2103 3478 2155 καὶ
3531 2102 3735 2173 κτηνῶν
3767 2103 3860 2156 τῶν

2289 2205 2348 2256 ὲν
2375 2202 2534 2272 αὐτῇ.
2569 2219 2584 2250 ι
2607 2200 2717 2252 Καὶ
2737 2198 2900 2252 πάλιν
2921 2216 2933 2226 ·
2968 2217 2986 2249 ι
3018 2197 3139 2250 Ἔτι
3161 2193 3508 2266 καθήσονται
3531 2193 3857 2264 πρεσϐύτεροι

2289 2297 2348 2348 ὲν
2372 2296 2494 2357 ταῖς
2524 2290 2807 2354 πλατείαις
2859 2287 3238 2359 Ἰερουσαλὴμ,
3278 2288 3530 2347 ἕκαστος
3564 2287 3661 2356 τὴν
3695 2285 3854 2355 ῥάϐδον

2292 2385 2458 2441 αὐτοῦ
2493 2386 2550 2438 ὲν
2580 2387 2646 2454 τῇ
2678 2387 2822 2453 χειρὶ
2858 2379 3025 2435 αὐτοῦ
3065 2380 3203 2450 ἔχων
3234 2379 3346 2433 ἀπὸ
3372 2378 3614 2448 πλήθους
3645 2376 3846 2447 ἡμερῶν,

2303 2476 2400 2530 καὶ
2449 2475 2506 2526 αἱ
2556 2471 2809 2524 πλατεῖαι
2844 2471 2943 2541 τῆς
2981 2470 3190 2532 πόλεως
3240 2469 3655 2539 πλησθήσονται
3690 2466 3850 2519 παιδα-

2307 2568 2439 2640 ρίων
2474 2566 2567 2618 καὶ
2609 2563 2881 2636 κορασίων
2943 2562 3273 2624 παιζόντων.
3315 2580 3334 2611 ι
3385 2560 3446 2612 Ὀ
3474 2559 3531 2612 δὲ
3571 2557 3750 2629 Σωτὴρ
3792 2556 3854 2627 τῷ

2303 2660 2548 2731 μέλλοντι
2580 2657 2678 2719 τὰς
2699 2655 2937 2726 ἀμοιϐὰς
2961 2654 3310 2724 ταμιεύεται.

605 2748 670 2804 Et
702 2767 957 2809 rursum:
1011 2775 1031 2808 ι
1083 2758 1270 2812 Adhoc
1291 2759 1558 2814 sedebuut
1582 2759 1826 2815 seniores
1865 2761 1920 2814 in
1953 2759 2144 2829 plateis
2171 2756 2497 2815 Jerusalem,
2528 2751 2907 2820 nmisquisque
2946 2751 3152 2818 virgam
3183 2759 3343 2800 suam
3371 2745 3428 2798 in
3465 2757 3626 2796 manu
3651 2756 3740 2796 sua
3770 2740 3842 2794 ba-

604 2845 740 2900 bens
779 2864 890 2918 prae
917 2851 1267 2908 multitudine
1295 2853 1536 2918 dierum;
1567 2862 1619 2908 et
1647 2854 1838 2924 plateae
1870 2854 2108 2910 civitatis
2135 2852 2508 2922 implebuntur
2531 2845 2792 2916 puerulis,
2817 2852 2871 2898 et
2895 2843 3090 2913 puellis
3131 2839 3459 2893 ludentibus
3487 2836 3555 2890 ⁸ο.
3601 2853 3620 2886 ι
3649 2836 3712 2888 At
3741 2831 3846 2888 Sal-

611 2952 769 2998 vator
797 2963 919 3016 qum
954 2949 1186 3018 quisque
1209 2951 1427 3015 meruit,
1474 2952 1532 3005 in
1560 2950 1804 3006 futurum
1839 2951 2096 3007 saeculum
2129 2946 2398 3004 recondit.

679 3035 841 3091 Dicas
871 3053 1000 3090 vero
1026 3049 1080 3090 ot
1136 3040 1536 3096 retributionem
1601 3057 1668 3096 eo
1723 3043 1890 3097 etiam
1945 3051 2188 3112 tempore

2367 3037 2556 3097 Εἵποις
2587 3032 2630 3085 δ’
2666 3032 2732 3085 ἂν
2765 3033 2859 3084 καὶ
2895 3027 3318 3084 ἀνταπόδοσιν
3352 3029 3413 3077 ἐν
3444 3023 3523 3094 τῷ
3572 3023 3668 3093 τῆς
3723 3021 3853 3072 ὲναν·

610 3125 816 3180 factam
849 3141 974 3181 esse
1023 3129 1278 3199 intelligi,
1339 3146 1449 3200 quo
1507 3131 1907 3188 humanitatem
1969 3133 2197 3203 contigit

614 3232 923 3280 assumere,
952 3227 1082 3270 tunc
1107 3219 1254 3272 enim
1315 3220 1544 3287 diaboli,
1591 3236 1620 3274 a
1662 3235 1774 3290 quo
1813 3220 1920 3291 ipsi
1966 3220 2192 3274 concul-

611 3307 897 3371 cabamur,
938 3311 1086 3362 vires
1125 3323 1248 3364 esse
1277 3311 1492 3365 excisas
1543 3319 1598 3365 et
1628 3319 1940 3380 superatas.
1973 3309 2094 3376 Quo
2117 3309 2194 3374 fit,

615 3406 676 3451 ut
707 3398 851 3468 apud
893 3398 1180 3462 Davidem,
1208 3414 1420 3466 eorum,
1453 3403 1546 3471 qui
1571 3401 1837 3472 redempti
1874 3413 2023 3464 sunt,
2071 3417 2198 3472 per-

615 3502 808 3543 sonam
866 3489 922 3543 in
977 3489 1130 3544 hunc
1192 3493 1416 3546 modum
1479 3494 1790 3564 loquentem
1853 3493 2194 3549 introdueat:

621 3598 641 3630 ι
687 3578 962 3645 Quoniam
1030 3580 1207 3638 fecisti
1266 3583 1540 3649 judicium
1605 3600 1789 3640 meum
1851 3593 1906 3640 et
1973 3600 2197 3641 causam

617 3685 818 3734 meam,
846 3671 1038 3726 sedisti
1071 3687 1238 3742 super
1257 3675 1517 3729 thronum
1546 3675 1639 3745 qui
1662 3675 1880 3745 judieas
1903 3675 2197 3744 justitiam.

617 3758 921 3830 lucrepasti
953 3773 1166 3833 gentes,
1202 3773 1260 3819 et
1305 3765 1470 3835 periit
1527 3767 1733 3836 impius
1765 3766 1832 3819 ⁸⁸.
1865 3785 1884 3818 ι
1959 3766 2034 3822 De
2089 3782 2200 3838 quo

618 3859 748 3905 sunt
780 3863 834 3906 et
867 3853 972 3907 ista
1001 3870 1219 3909 rursum
1244 3872 1257 3906 :
1278 3873 1297 3906 ι
1328 3854 1615 3921 Quzerctur
1636 3866 1916 3926 peccatum
1951 3858 2122 3920 illius.
2143 3864 2198 3912 et

619 3957 726 3996 nOu
789 3943 1100 3998 invenietur
1125 3945 1192 3998 ⁸³.
1233 3965 1251 3996 ι
1323 3947 1390 3998 Ει
1448 3947 1552 4001 ista
1616 3949 1782 4002 etiam
1854 3947 2196 4003 Salvatoris:

625 4051 643 4082 ι
675 4031 1129 4100 Nuucjudicium
1162 4043 1248 4090 est
1278 4037 1468 4090 nmndi
1502 4037 1690 4106 hujus.
1755 4038 1917 4093 Nunc
1944 4038 2200 4107 princeps

621 4124 812 4178 mundi
849 4124 1015 4193 hujus
1048 4127 1304 4196 ejicietur
1362 4128 1510 4184 foras
1540 4128 1605 4184 ⁸³.
1649 4150 1666 4181 ι
1733 4131 1822 4184 Ait
1872 4147 1999 4185 vero
2035 4139 2089 4185 et
2140 4146 2200 4186 se

623 4215 750 4269 ideo
806 4227 1020 4270 unctum
1054 4235 1186 4284 esse,
1227 4231 1285 4273 ut
1363 4237 1543 4274 omnes
1601 4223 1692 4291 qui
1739 4223 1948 4291 lugeant
2008 4239 2198 4277 conso-

625 4307 784 4361 lrlur.
827 4325 845 4357 ι
883 4307 1030 4362 Beati
1061 4313 1233 4376 enim,
1272 4311 1472 4381 inquit,
1529 4317 1620 4382 qui
1660 4317 1880 4382 lugent,
1936 4317 2197 4383 quoniam

2301 3127 2641 3198 θρωπήσεως
2663 3121 2945 3191 γεγονέναι
2970 3118 3168 3188 καιρῷ.
3203 3119 3322 3186 Τὴν
3349 3115 3464 3186 γὰρ
3517 3113 3612 3167 τοῦ
3636 3127 3853 3166 καταπα-

2296 3218 2562 3287 τήσαντος
2595 3214 2741 3284 ἡμᾶς
2798 3210 3045 3263 διαϐόλου
3094 3207 3354 3260 καθεῖλεν
3391 3203 3565 3276 ἰσχύν.
3591 3202 3677 3255 Διὸ
3728 3199 3853 3268 παρὰ

2297 3311 2461 3365 Δαϐὶδ
2485 3310 2545 3362 τὸ
2571 3307 2678 3362 τῶν
2703 3303 3122 3377 λελυτρωμένων
3149 3298 3691 3370 ὲξομολογησάμενον
3706 3294 3852 3363 πρόσ-

2295 3420 2448 3457 ωπον
2513 3399 2770 3470 ἐπιφέρει
2807 3415 2822 3430 ο
2853 3416 2872 3448 ι
2914 3397 3037 3449 Ὅτι
3087 3394 3357 3463 ἐποίησας
3392 3393 3491 3463 τὴν
3543 3389 3714 3460 κρίσιν
3746 3401 3848 3455 μου,

2298 3496 2392 3549 καὶ
2423 3493 2521 3565 τὴν
2557 3492 2711 3562 δίκην
2749 3507 2871 3560 μου,
2929 3487 3192 3550 ἐκάθισας
3248 3486 3346 3538 ltiti.
3399 3484 3592 3557 θρςνου
3619 3481 3646 3533 ό
3673 3479 3850 3550 κρίνων

2297 3585 2663 3656 δικαιοσύνην.
2713 3581 3087 3651 Ἐπετίμησας
3133 3579 3374 3640 ἔθνεσιν,
3434 3576 3530 3630 καὶ
3589 3566 3850 3628 ἀπώλετοό

2299 3677 2523 3748 ἀσεϐής.
2563 3694 2582 3727 ι
2643 3675 2778 3744 Περὶ
2802 3667 2863 3725 οἶ)
2905 3671 3066 3724 πάλιν
3120 3669 3288 3740 φησίν
3321 3685 3334 3699 ·
3367 3688 3386 3718 ι
3425 3664 3780 3736 Ζητηθήσεται
3822 3657 3848 3725 ἡ

2301 3767 2542 3838 ἁμαρτία
2573 3765 2759 3830 αὑτοῦ,
2800 3766 2893 3819 καὶ
2923 3763 2983 3816 ού
3018 3761 3091 3831 μὴ
3145 3761 3369 3831 εὑρεθῇ.
3407 3778 3427 3810 ι
3463 3757 3569 3811 Καὶ
3603 3758 3630 3809 6
3689 3748 3847 3818 Σωτὴρ

2299 3861 2355 3912 δὲ
2387 3858 2554 3927 λέγει·
2592 3877 2611 3910 ι
2647 3858 2760 3912 Νῦν
2788 3858 2965 3928 κρίσις
2989 3855 3109 3909 ἐστὶ
3152 3853 3245 3908 τοῦ
3309 3853 3522 3922 κόσμου
3560 3843 3848 3909 τούτου,νῦν

2299 3951 2328 4003 ὁ
2359 3951 2543 4020 ἄρχων
2587 3949 2682 4002 τοῦ
2740 3950 2949 4018 κόσμου
3011 3947 3204 3999 τούτου
3262 3944 3657 4014 ἐκϐληθήσεται
3697 3935 3841 4000 ἔξω.ι

2303 4044 2627 4111 Κεχρίσθαι
2695 4041 2751 4094 δέ
2817 4059 2952 4110 φησι
3011 4040 3109 4093 καὶ
3175 4037 3594 4107 παρακαλέσαι
3650 4030 3847 4090 πάντας

2302 4134 2444 4200 τοὺς
2461 4133 2832 4199 πενθοῦντας
2861 4151 2875 4166 ο
2913 4151 2932 4184 ι
2972 4133 3249 4203 Μακάριοι
3301 4133 3435 4202 γὰρ,
3469 4125 3710 4198 φησιν,οἱ
3738 4137 3846 4173 πεν-

2304 4223 2542 4289 θοῦντες,
2591 4225 2673 4276 ὄτι
2728 4223 2881 4276 αὐτοὶ
2941 4221 3483 4292 παρακληθήσονται.
3516 4237 3534 4270 ι
3576 4212 3721 4268 Ἀλλὰ
3770 4206 3846 4261 καὶ

2315 4315 2439 4381 τοῖς
2466 4315 2581 4381 τὴν
2604 4315 2758 4369 Σιὼν
2784 4314 3079 4369 πενθοῦσι
3105 4312 3286 4366 δώσει
3318 4312 3528 4376 δόξαν.
3593 4301 3847 4360 Ἐπένθουν

624 4401 733 4470 ipsi
770 4403 1209 4457 consolabuntur
1248 4403 1314 4460 ⁸⁸.
1355 4421 1377 4457 ι
1419 4404 1582 4459 Addit
1613 4416 1872 4476 praeterea
1895 4448 1910 4471 ,
1947 4405 2188 4476 Lugenti-

2300 4409 2406 4476 γὰρ
2427 4408 2475 4459 οἱ
2500 4408 2630 4476 παρ’
2670 4405 2942 4467 Ἰουδαίοις
2973 4405 3130 4473 ἅγιοι
3153 4405 3251 4475 τὴν
3286 4405 3564 4458 ἔκπτωσιν
3591 4397 3678 4452 τοῦ
3717 4389 3842 4446 λαοῦ.

624 4493 718 4545 bus
771 4492 903 4546 Sion
959 4495 1194 4563 gloriam
1251 4511 1306 4550 se
1340 4496 1684 4550 collaturum.
1720 4498 1998 4568 Lugebant
2027 4499 2196 4561 enim,

620 4584 716 4651 qui
749 4583 898 4636 inter
919 4582 1137 4640 Judaeos
1186 4586 1360 4640 sancti
1389 4598 1570 4651 erant,
1598 4590 1782 4659 populi
1837 4591 2199 4646 calamitates.

621 4673 948 4738 Cuiusmodi
990 4675 1196 4730 Paulus
1228 4675 1346 4746 ipse
1391 4679 1554 4730 etiam
1612 4677 1736 4746 fuit,
1764 4682 1855 4749 qui
1887 4697 1946 4736 se
1977 4681 2201 4735 tristitia

625 4764 788 4834 702
824 4765 961 4820 adeo
991 4783 1188 4837 magna
1223 4779 1278 4824 et
1321 4771 1590 4826 continuo
1626 4773 1793 4826 animi
1849 4774 2038 4827 dolore
2092 4771 2203 4825 fra-

625 4860 771 4905 trum
808 4854 1031 4908 nomine
1082 4868 1556 4927 cognatorumque
1609 4877 1832 4915 suorum
1899 4862 2198 4916 secundum

625 4957 852 4999 carnem
882 4946 1167 5004 laborasse
1221 4953 1439 5015 asserit,
1473 4961 1531 5005 ut
1588 4968 1688 5021 pro
1738 4953 1846 5007 illis
1910 4955 2202 5006 anathema

626 5036 746 5091 fieri
785 5053 1104 5108 precaretur
1133 5041 1200 5095 ⁸⁵.
1238 5041 1299 5094 Et
1327 5045 1446 5097 istis
1479 5045 1648 5113 igitur
1699 5045 1927 5113 gloriam
1977 5044 2203 5096 daturus

2305 4499 2555 4561 Τοιοῦτος
2580 4495 2646 4567 ἦν
2673 4500 2699 4550 6
2718 4498 2927 4561 Παῦλος
2959 4498 3131 4565 λέγων
3161 4515 3174 4529 ·
3208 4499 3290 4550 ὅτι
3327 4497 3487 4566 Λύπη
3518 4492 3605 4563 μοί
3624 4492 3746 4551 ἐστι,
3769 4483 3844 4537 καὶ

2306 4589 2646 4650 ἀδιάλειπτος
2680 4587 2838 4657 ὀδύνη
2865 4589 2931 4658 τῇ
2965 4587 3160 4659 καρδίᾳ
3196 4606 3298 4658 μου
3325 4587 3467 4654 ὑπὲρ
3492 4584 3597 4636 τῶν
3627 4573 3842 4642 ἀδελφῶν

2312 4696 2410 4749 μου
2443 4678 2548 4731 τῶν
2581 4679 2856 4746 συγγενῶν
2878 4679 3019 4731 κατὰ
3037 4679 3232 4749 σάρκα,
3265 4679 3402 4748 ὑπὲρ
3415 4671 3488 4730 ὧν
3523 4673 3611 4727 καὶ
3631 4666 3842 4732 ἀνάθεμα

2309 4767 2562 4835 γενέσθαι
2593 4767 2954 4838 προσηύχετο.
2989 4768 3099 4820 Καὶ
3119 4767 3324 4830 τούτοις
3347 4763 3440 4820 οῦν
3468 4764 3638 4816 δώσει
3659 4755 3836 4848 δόξανὶ
3903 4767 3906 4770 ’

2312 4860 2410 4913 καὶ
2466 4859 2600 4913 ἀντὶ
2651 4857 2909 4921 σποδοῦ,
2978 4859 3044 4928 ἢν
3085 4859 3464 4911 κατεπάσαντο
3491 4853 3716 4921 δεόμενοι
3761 4857 3838 4895 του

2309 4949 2446 5002 Θεοῦ
2472 4949 2537 5001 δι’
2567 4950 2784 5011 αὐτοὺς,
2817 4950 3202 5017 εὐφροσύνης
3231 4950 3507 5017 ἄλειμμα,
3532 4931 3836 4999 καίστολὴΐ

2283 5040 2571 5104 ,ἔνδοξον
2591 5083 2605 5105 ,
2643 5039 2758 5093 ἀνθ’
2783 5035 2857 5093 ὧν
2879 5040 3022 5108 ὑπὲρ
3047 5039 3226 5092 αὐτῶν
3270 5041 3328 5091 ἐν
3353 5037 3565 5105 ἀκηδίᾳ
3595 5029 3834 5102 γεγόνασι.

624 5134 727 5190 est,
770 5144 864 5195 pro
923 5131 1097 5184 cinere
1158 5133 1290 5201 (quo
1341 5135 1560 5186 fuerunt
1610 5136 1816 5203 aspersi
1860 5151 1982 5188 cum
2025 5135 2192 5188 Deum
2233 5145 2456 5201 propter
2488 5133 2638 5200 ipsos
2666 5131 3038 5200 prccatisuttt)
3067 5130 3268 5185 (milia:
3287 5131 3592 5191 unctionem,
3631 5130 3676 5174 et
3718 5114 3826 5169 anno

627 5223 770 5270 clum
805 5219 1136 5288 gloriosum;
1175 5225 1317 5293 quod
1349 5225 1560 5278 illorum
1611 5229 1827 5281 nomine
1861 5227 2083 5280 tristitia
2138 5233 2193 5280 et
2220 5240 2440 5278 marrore
2471 5223 2630 5288 afﬂigi
2661 5239 2719 5277 se
2741 5225 3031 5278 voluerint.

702 5309 820 5367 Non
859 5314 1064 5370 desunt
1097 5327 1300 5378 tamen,
1333 5319 1425 5387 qui
1456 5321 1522 5373 ad
1564 5336 1682 5382 eos,
1713 5323 1803 5385 qui
1840 5333 1968 5375 ante
1999 5322 2199 5375 adven-

2383 5317 2541 5380 Τινὲς
2571 5319 2629 5370 δὲ
2649 5318 2776 5380 τοὺς
2810 5319 2916 5390 πρὸ
2970 5320 3069 5388 τῆς
3095 5318 3388 5389 ἐπιδημίας
3429 5313 3518 5370 τοῦ
3545 5307 3664 5364 λαοῦ
3716 5315 3830 5356 aer-

697 5488 745 5522 ⁷⁵
777 5487 934 5562 Joan.
974 5491 1196 5562 nilnil.
1271 5493 1316 5522 ⁷⁸
1357 5493 1486 5547 ibid.
1532 5495 1620 5550 52.
1703 5497 1743 5526 ⁷⁷
1779 5495 1968 5549 Matth.
2022 5511 2175 5554 xvm.

2292 5496 2412 5550 3-20.
2487 5495 2530 5527 ’³⁸
2562 5491 2604 5548 ll
2635 5495 2761 5550 Cor.
2785 5508 2863 5558 γι,
2886 5493 2940 5549 2.
3017 5495 3062 5527 τ’
3089 5493 3320 5552 Zachar.
3353 5511 3411 5562 ιι,
3442 5493 3492 5546 4.
3536 5488 3606 5562 7”
3632 5478 3823 5539 Zachar.

629 5573 746 5625 vttt,
773 5562 829 5624 4,
861 5561 913 5616 5.
991 5563 1032 5593 ⁸³
1071 5561 1216 5618 Psal.
1239 5578 1314 5627 lx,
1349 5563 1402 5628 5,
1427 5563 1478 5617 6.

704 5774 728 5817 ί
765 5796 848 5847 2r.
877 5777 959 5843 δςο

1560 5568 1602 5598 ⁵³
1625 5566 1769 5624 Psal.
1804 5582 1858 5634 κ,
1887 5567 1973 5620 l5.
2049 5567 2096 5597 ⁸³
2125 5566 2280 5621 Joan.
2315 5582 2410 5631 xu,
2450 5567 2538 5620 51.

1895 5686 2121 5741 VARle
2160 5684 2566 5742 LECTIONES.

2614 5566 2660 5597 ⁸⁵
2697 5565 2886 5621 Matth.
2924 5582 2978 5633 ν,
3009 5565 3061 5622 5.
3135 5565 3182 5599 ⁸⁵
3221 5561 3498 5628 Rom.tx,
3533 5561 3583 5615 ’5.
