4046 6386
225 332 355 395 9645

1329 341 1861 406 COMMENTARII
1902 348 1983 408 ΙΝ
2028 349 2312 412 ISAIAM.

3323 343 3463 408 265.6
3482 396 3486 400 .

225 442 467 508 θοῦντας
529 442 623 506 τὰς
668 444 939 516 ἁμαρτίας
1003 446 1186 515 φασὶν,
1239 446 1288 500 οἳ
1321 451 1414 502 καὶ
1443 451 1780 521 προσεδόκων

1891 466 2030 521 tum,
2063 459 2242 528 populi
2269 466 2490 526 peccata
2525 457 2796 528 lugebant,
2824 459 3099 524 referant;
3153 459 3246 525 qui
3298 459 3463 510 etiam

221 535 303 586 τὸν
331 534 636 587 δικαιοῦντα
662 539 725 606 τῇ
760 537 940 591 πίστει
971 537 1059 590 τὸν
1087 538 1286 608 ἀσεϐῆ,
1337 540 1480 610 ᾶγιοί
1513 559 1569 594 τε
1614 543 1787 607 ὄντες,

222 625 310 677 καὶ
338 624 780 696 τὰςπροφητείας
809 629 1033 693 εἰδότες.
1068 630 1275 701 Βρέφος
1319 633 1369 701 γ’
1397 629 1489 686 οὖν
1520 634 1789 706 ὁΣυμεὼν

220 717 273 765 ἐν
297 716 558 780 ἀγκάλαις
597 716 777 770 λαϐὼν
811 719 901 772 τὸν
941 721 1174 788 Χριστὸν
1196 764 1208 786 ,
1243 722 1368 774 ἰδεῖν
1419 723 1791 793 ἐξωμολογεῖτο

223 824 241 857 t
285 807 397 874 φῶς
447 810 525 872 εἰς
579 811 916 881 ἀποκάλυψιν
978 815 1182 879 ἐθνῶν,
1231 815 1509 882 καὶδόξαν
1536 817 1660 869 λαοῦ
1693 835 1786 870 σου

230 898 459 968 Ἰσραήλ.
496 918 512 949 ι
569 901 680 953 Καὶ
735 904 1009 974 Ζαχαρίας
1073 908 1101 958 ὁ
1144 907 1394 960 Ἰωάννου
1447 907 1649 979 πατὴρ,
1705 910 1789 961 ὃτι

218 991 567 1059 ἐπεσκέψατο,
597 994 688 1045 καὶ
717 996 974 1067 ἐποίησεν
1009 997 1277 1067 λύτρωσιν
1315 998 1391 1068 τῷ
1444 999 1556 1070 λαῷ
1591 1001 1782 1057 αὐτοῦ.

216 1085 319 1136 Καὶ
351 1085 664 1154 Ναθαναὴλ,
697 1088 794 1140 Ὃν
823 1088 1026 1160 ἔγραψε
1062 1092 1266 1158 Μωσῆς
1297 1094 1391 1144 καὶ
1415 1094 1464 1144 oi
1488 1095 1783 1164 προφῆται,

217 1178 400 1246 φησὶν,
432 1180 749 1250 εὑρήκαμεν
798 1183 991 1249 Ἰησοῦ
1005 1201 1061 1240 ν.
1093 1184 1431 1239 ὶιενθοῦσιν
1481 1182 1575 1240 οῦν
1604 1189 1787 1250 αὐτοῖς

216 1271 245 1339 ἡ
274 1269 357 1322 διὰ
389 1271 628 1342 Χριστοῦ
685 1272 1067 1342 παράκλησις
1099 1276 1326 1331 δέδοται.
1356 1278 1428 1330 Τὸ
1453 1278 1509 1330 δέ
1529 1278 1787 1349 ἄλειμμα

213 1365 267 1418 τὸ
294 1365 391 1433 τῆς
458 1369 844 1436 εὐφροσύνης
870 1369 1200 1440 παρίστησιν
1255 1372 1456 1442 ἱλαρόν.
1501 1373 1686 1443 Ἐδόθη
1727 1374 1785 1426 δὲ

214 1458 392 1520 αὐτοῖς
427 1462 522 1511 καὶ
544 1460 694 1523 δόξα
725 1462 957 1530 Χριστός
991 1479 1005 1492 ο
1041 1463 1098 1534 ἢ,
1131 1463 1204 1526 ὥς
1239 1466 1370 1533 φασί
1397 1481 1564 1526 τινες,
1599 1465 1785 1534 ἐπειδὴ

213 1549 474 1604 τέθεινται
537 1553 704 1622 αὐτῆς
762 1555 1098 1626 καθηγηταὶ,
1152 1558 1243 1610 καὶ
1298 1557 1610 1612 διδάσκαλοι
1643 1576 1656 1589 ⁸
1691 1558 1784 1612 καὶ

211 1644 367 1696 τέκνα
401 1644 558 1706 ὄντες
591 1645 690 1713 τῆς
730 1647 1004 1700 Ἰουδαίων
1055 1649 1384 1720 Συναγωγῆς
1423 1652 1501 1713 εἰς
1542 1651 1784 1721 πατέρας

210 1735 469 1802 ἐγένοντο.
514 1737 657 1808 Πρὸς
693 1739 758 1808 ἦν
790 1755 955 1809 φησιν
987 1743 1016 1793 ὁ
1041 1740 1203 1793 Δαϐίδ
1235 1759 1248 1770 ο
1292 1743 1437 1795 Ἀντὶ
1474 1742 1583 1795 τῶν
1615 1745 1784 1800 πατέη

1893 549 2206 604 sanctitatis
2260 559 2314 603 et
2361 551 2695 620 prophetica:
2747 548 3080 620 cognitionis
3111 549 3286 617 gloria
3338 547 3464 601 illu-

1895 651 2040 696 stres
2064 657 2216 706 eum,
2247 657 2276 695 a
2297 658 2406 708 quo
2431 659 2522 710 per
2549 643 2705 696 tidem
2724 639 3466 710 justilicaretnrimpius,ex-

1891 734 2235 802 spectabant.
2296 733 2589 788 Pusionem
2639 735 2842 802 quippe
2909 729 3132 785 Simeon
3194 732 3310 800 ipse
3340 742 3465 783 cum

1890 824 2172 879 Christum
2207 826 2258 878 in
2299 825 2524 879 brachia
2570 823 2870 893 accepisset
2917 842 2930 877 :
2999 841 3018 874 ‹
3057 820 3266 876 Lumen
3301 835 3360 875 se
3397 817 3464 872 ad

1893 916 2284 970 revelationetn
2315 917 2582 985 gentium,
2620 926 2673 970 et
2705 916 2935 986 gloriam
2970 915 3158 984 populi
3187 913 3353 968 Israel
3386 911 3466 964 in-

1891 1007 2028 1062 tueri
2082 1010 2363 1076 professus
2412 1017 2497 1062 est
2534 1009 2599 1060 ⁸⁸.
2645 1028 2664 1058 ι
2727 1007 2980 1062 Assernit
3041 1013 3096 1061 et
3148 1003 3464 1061 Zacharias.

1886 1099 2119 1154 Joannis
2145 1111 2318 1168 pater,
2373 1099 2682 1168 inspexisse
2725 1099 3039 1165 Dominum,
3097 1099 3468 1170 populumque

1889 1208 2049 1246 suum
2085 1192 2381 1246 redemisse
2434 1192 2500 1246 ⁸⁷.
2563 1193 2705 1246 Dixit
2759 1193 2996 1263 denique
3052 1201 3107 1246 et
3139 1188 3465 1251 Nathanael,

1887 1297 2048 1352 quem
2068 1283 2194 1336 suis
2220 1283 2442 1352 scriptis
2469 1281 2646 1338 Moses
2672 1283 2812 1351 ipse,
2833 1293 2887 1338 et
2910 1285 3190 1353 prophetae
3212 1281 3466 1348 designa-

1889 1385 2013 1428 rant
2043 1372 2226 1427 Jesum
2261 1389 2320 1427 se
2352 1374 2628 1430 invenisse
2662 1374 2729 1430 ⁸⁸.
2762 1373 2858 1428 Est
2906 1375 3070 1445 igitur
3119 1373 3255 1442 ipsis
3291 1373 3468 1441 lugen-

1887 1466 2025 1518 tibus
2045 1480 2140 1533 per
2157 1465 2438 1519 Christum
2456 1464 2617 1518 allata
2635 1466 2949 1518 consolatio.
2969 1466 3252 1535 Signilicat
3269 1465 3468 1518 deinde

1887 1557 2148 1609 unctionis
2167 1571 2387 1622 nomen,
2402 1555 2575 1625 ipsam
2601 1557 2804 1611 lwtitite
2823 1559 3169 1612 hilaritatem.
3193 1556 3286 1612 Est
3305 1573 3466 1626 porro

1886 1657 1940 1702 et
1987 1647 2096 1701 illis
2137 1646 2333 1715 gloria.
2367 1646 2621 1710 Christus
2648 1647 2763 1717 ipse
2795 1649 3016 1712 tributa.
3050 1645 3147 1703 Vel
3178 1649 3254 1715 id,
3309 1649 3463 1716 juxta

1888 1737 2270 1790 nonnullorum
2287 1737 2706 1805 opinionetn,eo
2727 1740 2908 1793 retulit
2931 1756 2946 1804 ;
2973 1739 3118 1808 quod
3149 1738 3273 1808 ejus
3299 1739 3465 1792 duces

211 1843 310 1896 ρων
337 1844 432 1879 σου
491 1828 826 1900 ἐγενήθησαν
853 1832 902 1883 oi
948 1832 1055 1883 uiol
1086 1849 1204 1887 σου.
1262 1834 1370 1886 Καὶ
1392 1833 1525 1902 γοῦν
1569 1836 1780 1897 Παῦλος

1888 1835 1943 1883 et
1978 1831 2268 1897 magistros
2309 1830 2411 1882 sibi
2472 1831 2765 1899 praefectos
2805 1833 3050 1893 haberet.
3093 1833 3187 1901 qui
3247 1841 3303 1885 et
3357 1832 3462 1902 ipsi

209 1917 404 1986 ἔγραφε
441 1921 556 1982 τοῖς
578 1919 846 1990 μαθηταῖς
878 1937 894 1954 ·
947 1925 1035 1977 Ἐν
1098 1925 1206 1995 γὰρ
1236 1927 1456 1996 Χριστῷ
1494 1927 1665 1996 Ἰησοῦ
1693 1927 1781 1981 διὰ

208 2010 292 2062 τοῦ
347 2011 680 2080 Εὑαγγελίου
747 2013 855 2079 ἐγὼ
886 2016 1024 2085 ὑμᾶς
1048 2017 1328 2088 ἐγέννησα.
1358 2020 1466 2071 Καὶ
1499 2020 1670 2083 ἄλλως
1725 2021 1783 2073 δὲ

207 2101 354 2166 δόξαν
383 2103 660 2168 ἐδέξαντο,
700 2107 827 2159 ποτὲ
891 2108 989 2176 μὲν
1015 2109 1303 2171 ἐικούοντες
1325 2127 1336 2139 ·
1391 2110 1780 2175 ’Λσθενοῦντας

214 2191 572 2260 θεραπεύετε,
605 2196 858 2266 δαιμόνια
893 2199 1183 2252 ἐκϐάλλετε
1211 2241 1224 2265 ,
1263 2203 1488 2271 νεκροὺς
1514 2203 1778 2272 ἐγείρετε,

210 2285 329 2338 ποτὲ
362 2286 446 2348 δὲ,
485 2287 674 2357 Ὑμεῖς
703 2290 826 2342 ἐστε
849 2290 909 2342 τὸ
939 2291 1053 2360 φῶς
1093 2291 1185 2346 τοῦ
1211 2293 1435 2361 κόσμου.
1464 2290 1596 2347 Εἷτά
1620 2310 1783 2363 φησιο

206 2379 304 2430 Καὶ
350 2380 771 2446 κληθήσονται
822 2384 1020 2452 γενεαὶ
1075 2383 1470 2452 δικαιοσύνης
1513 2387 1786 2456 φύτευμα

207 2471 413 2536 Κυρίου
449 2473 536 2536 εὶς
562 2472 792 2538 δόξαν,
847 2475 1090 2545 δηλονότι
1147 2478 1196 2529 οἱ
1246 2477 1785 2549 καταξιωθησόμενοι

205 2561 299 2614 τοῦ
323 2561 545 2616 δεκτοῦ
575 2565 874 2620 ἐνιαυτοῦ.
903 2568 1264 2638 Σύμμαχοςδέ
1287 2571 1408 2624 ἀντὶ
1442 2569 1534 2623 τοῦ
1563 2572 1781 2640 γενεαὶ,

209 2656 650 2725 φησὶνὶσχυροί.
675 2659 1088 2729 Χρηματίζουσι
1141 2665 1250 2735 γὰρ
1283 2667 1329 2717 ot
1361 2664 1419 2730 ἐξ
1448 2664 1638 2731 ἐθνῶν,
1692 2665 1784 2733 γέ-

209 2764 287 2810 νος
335 2748 653 2816 ἐκλεκτὸν,
680 2751 830 2814 ἔθνος
853 2751 1032 2820 ἅγιον,
1076 2753 1204 2818 λαὸς
1232 2757 1312 2818 εἰς
1337 2755 1707 2826 περιποίησιν.

213 2842 464 2910 plantatt'o
491 2842 711 2898 Domini
747 2848 798 2900 in
831 2847 1059 2916 gloriam
1105 2867 1122 2903 :

1890 1919 2129 1974 Judaicte
2153 1920 2449 1990 Synagogze
2480 1920 2596 1984 lilii,
2623 1923 2677 1976 in
2701 1933 2885 1992 patres
2920 1938 3242 1986 evaserant;
3267 1925 3336 1981 de
3357 1942 3466 1995 qua

1893 2013 2149 2067 Davitlent
2181 2028 2302 2068 (βεδε
2337 2017 2577 2068 locutum
2610 2032 2717 2069 non
2770 2017 3124 2087 ambigimus,
3189 2036 3314 2073 cum
3368 2035 3466 2088 pro

1890 2107 2139 2176 patribus
2168 2115 2324 2158 natos
2373 2121 2496 2160 esse
2527 2107 2669 2161 illius
2705 2108 2992 2162 allirtnavit
3017 2109 3083 2162 ⁸³.
3123 2108 3188 2164 Et
3237 2109 3465 2164 Paulum

1890 2199 2082 2260 etiam,
2120 2214 2243 2250 cum
2277 2198 2583 2267 discipulos
2629 2216 2761 2255 suos
2813 2201 3124 2269 alloquens,
3172 2218 3268 2258 eos
3318 2219 3378 2258 se
3410 2205 3465 2256 in

1895 2289 2117 2346 Christo
2157 2290 2285 2345 Jesu
2322 2310 2418 2363 per
2445 2295 2795 2366 Evangeliutn
2855 2296 3112 2364 genuisse
3157 2295 3348 2349 scribit
3393 2297 3462 2348 9°.

1888 2382 2038 2435 Alias
2071 2398 2203 2437 vero
2227 2385 2472 2455 etgloria
2502 2385 2682 2439 allecti
2737 2394 2898 2449 sunt;
2950 2386 3042 2454 qui
3078 2386 3324 2439 inlirmos
3353 2385 3469 2454 qni-

1889 2476 2010 2530 dem
2040 2477 2294 2541 sanandi,
2323 2479 2414 2548 qni
2441 2479 2711 2533 daemonia
2742 2479 3023 2546 ejiciendi,
3073 2479 3165 2547 qui
3220 2488 3466 2534 mortuits
3510 2479 3517 2482 ’

1885 2570 2047 2622 etiam
2081 2569 2387 2623 suscitandi
2413 2578 2739 2638 potestatem
2771 2581 3096 2639 acceperunt
3134 2572 3176 2602 ⁹¹
3210 2588 3224 2634 ;
3258 2573 3347 2639 qui
3371 2571 3467 2625 de-

1889 2663 2053 2731 nique
2082 2663 2261 2715 lumen
2294 2678 2353 2715 se
2386 2663 2628 2729 gentium
2686 2662 2800 2716 ﬁeri
2847 2661 3182 2715 audiverunt
3236 2662 3306 2715 θ’.
3363 2659 3465 2716 Se-

1887 2755 2073 2824 quitur
2107 2754 2342 2808 deinde:
2378 2752 2440 2807 Et
2481 2754 2805 2808 vocabuntur
2850 2755 3212 2824 generationes
3235 2754 3467 2823 justitiw

1191 2850 1224 2903 ii
1295 2851 1575 2915 nimirum,
1640 2851 1734 2920 qui
1794 2850 2107 2920 arceptabili
2147 2867 2284 2904 anno
2352 2851 2549 2920 dignos
2593 2866 2652 2904 se
2687 2851 3039 2920 praebuerint.
3069 2850 3172 2906 Sed
3219 2867 3317 2921 pro
3354 2868 3464 2920 qun

211 2945 565 3009 generationes
592 2945 874 3007 habemus,
898 2945 1210 3015 {ortesdixit
1234 2946 1620 3016 Symmachus.
1683 2945 1822 3001 Sunt
1858 2951 2026 3009 enim,
2065 2947 2157 3016 qui
2207 2948 2275 3000 de
2329 2945 2586 3016 gentibus
2631 2947 2933 3012 exsistunt,
2984 2963 3156 3016 genus
3221 2948 3462 3011 electum,

211 3052 332 3105 gens
358 3048 574 3101 sancta,
601 3041 832 3107 populus
865 3041 1244 3108 acquisitinnis
1265 3044 1330 3097 ⁹³.

271 3155 668 3220 Δικαιοσύνης
693 3155 749 3208 δέ
769 3157 968 3224 γενεαὶ
995 3161 1092 3228 τῆς
1130 3160 1188 3212 ἐν
1238 3161 1458 3230 Χριστῷ
1481 3161 1573 3214 καὶ
1596 3161 1694 3230 τὴν
1718 3164 1776 3214 ἐν

1949 3158 2110 3228 703
2170 3156 2408 3209 Justitite
2448 3171 2569 3209 vero
2611 3153 2992 3224 generationes,
3027 3155 3167 3222 ejus,
3209 3161 3354 3223 qua}
3409 3156 3463 3208 in

210 3244 347 3313 νόμῳ
374 3243 636 3315 νικώσης.
676 3265 694 3295 ι
739 3247 862 3298 Ἐὰν
893 3249 1001 3319 γὰρ
1046 3248 1120 3318 μὴ
1176 3249 1538 3321 περισσεύσῃ,
1588 3251 1776 3320 φησὶν,

211 3335 582 3407 ἠδικαιοσύνη
660 3337 813 3408 ὑμῶν
843 3339 1025 3391 πλεῖον
1078 3339 1187 3393 τῶν
1245 3341 1624 3411 Γραμματέων
1685 3345 1780 3394 καὶ

210 3428 531 3500 Φαρισαίων,
562 3431 624 3484 ού
661 3430 735 3502 μὴ
778 3431 1058 3503 εἰσέλθητε
1111 3433 1191 3496 είς
1224 3435 1322 3505 τὴν
1351 3433 1630 3504 βασιλείαν
1673 3436 1781 3488 τῶν

211 3522 466 3590 οὐρανῶν,
509 3541 528 3573 ι
561 3523 627 3593 ἢν
652 3523 911 3594 διήνυσαν
951 3526 1188 3593 ἰσχυροὶ
1225 3529 1532 3594 γεγονότες,
1578 3528 1655 3591 ὡς
1692 3527 1780 3592 ἐξ·

210 3613 365 3666 έδωκε
388 3614 712 3685 Σύμμαχος.
731 3616 1007 3684 Φύτευμα
1023 3617 1078 3669 δέ
1097 3617 1337 3685 Κυρίου,
1355 3619 1430 3682 ὡς
1450 3620 1584 3672 Θεοῦ
1605 3620 1780 3690 γεώρ-

210 3722 334 3772 γιον,
365 3709 498 3776 περὶ
522 3701 596 3762 ὧν
617 3707 846 3776 ἔψαλλεν
879 3711 906 3762 ὀ
964 3709 1127 3762 Δαϐίδ
1154 3726 1170 3741 ·
1207 3729 1226 3761 t
1263 3711 1665 3782 Πεφυτευμένοι
1722 3713 1780 3764 ἐν

208 3798 278 3867 τῷ
299 3801 427 3869 οἴκῳ
461 3800 694 3871 Κυρίου,
717 3801 777 3853 ὲν
795 3803 915 3864 ταῖς
943 3802 1132 3864 αὐλαῖς
1159 3802 1253 3854 τοῦ
1280 3801 1416 3855 Θεοῦ
1440 3804 1596 3873 ἡμῶν
1619 3804 1779 3869 ἐξαν-

210 3892 449 3961 θήσουσι,
493 3911 512 3943 ι
559 3894 666 3945 Καὶ
686 3894 896 3957 Παῦλος
948 3894 1008 3946 δέ
1041 3912 1206 3963 φησιν
1233 3913 1247 3927 ο
1285 3914 1302 3946 t
1344 3894 1482 3961 Ἐγὼ
1506 3895 1780 3964 ἐφύτευσα

209 3985 362 4048 ὑμᾶς,
403 3985 684 4049 Ἀπολλὼς
714 3987 982 4050 ἐπότισεν,
1009 3989 1037 4039 ὁ
1061 3988 1116 4040 δέ
1149 3987 1547 4055 Θεὸςηῦξανεν.
1585 4009 1604 4040 ι
1642 3990 1778 4042 Συν-

208 4077 312 4148 ᾁδει
362 4079 463 4132 καὶ
495 4079 577 4142 τὸ,
635 4097 653 4128 ι
690 4078 910 4140 Δίκαιος
956 4078 1031 4142 ὡς
1061 4080 1234 4146 φοῖνιξ
1284 4081 1527 4151 ἀνθήσει.
1565 4101 1582 4131 ι
1667 4082 1779 4135 Καὶ

207 4170 715 4240 οἱκοδομήσουσιν
734 4170 995 4242 ἐρήμους
1026 4174 1271 4238 αἱωνίας
1300 4190 1315 4204 ·
1344 4173 1452 4226 τῶν
1487 4175 1618 4244 πρὶν
1645 4176 1780 4242 ἐρή-

202 4275 321 4325 μων
347 4260 524 4314 ἐθνῶν
551 4261 647 4324 τὰς
674 4261 871 4330 ψυχάς.
922 4263 1146 4330 Ἰιγουν,
1197 4265 1328 4332 φασι
1352 4282 1517 4328 τινες,
1553 4266 1612 4318 τὺ
1639 4267 1775 4336 πλῆ-

207 4351 289 4412 θος
319 4353 580 4422 ἐμφαίνει
604 4353 713 4404 τῶν
735 4354 823 4406 διὰ
864 4354 1101 4416 πίστεως
1130 4356 1505 4426 κεκλημένων,
1565 4360 1639 4421 ὡς
1671 4359 1777 4410 δεῖ·

207 4443 319 4496 σθαι
371 4447 616 4499 πόλεων
664 4445 867 4516 ἐτέρων
923 4447 992 4497 ἐν
1051 4446 1294 4515 ἐρήμοις
1345 4451 1727 4518 γενησομένων
1759 4467 1771 4479 ’

1887 3252 2110 3308 Christo
2136 3259 2240 3314 est,
2273 3258 2328 3302 et
2359 3248 2588 3316 legalem
2618 3254 2861 3315 superat:
2893 3241 3200 3300 «Nisieni‘t'n
3228 3247 3467 3301 abunda-

1889 3342 2262 3409 verit,inquit,
2287 3341 2501 3407 jnsutia
2526 3339 3040 3408 vestra.plusquatn
3061 3333 3378 3393 scribarum
3412 3351 3470 3393 et

1889 3435 2328 3497 Pharisaeorum,
2385 3447 2492 3484 non
2526 3431 2774 3500 poteritis
2821 3429 2878 3483 in
2917 3439 3144 3499 regnum
3198 3431 3463 3484 (αξιοι-ηιμ

1889 3526 2100 3598 ingredi
2132 3525 2217 3588 9‘;
2261 3541 2280 3575 ›
2324 3539 2560 3592 eamque
2588 3521 2896 3577 absolutam
2931 3533 2983 3577 et
3016 3520 3310 3589 perfectam
3341 3522 3466 3575 red-

1888 3615 2168 3679 didcrunt,
2200 3613 2295 3682 qui
2331 3613 2496 3679 fortes
2549 3626 2630 3676 se,
2659 3620 2720 3664 ut
2752 3619 2838 3663 est
2893 3624 2921 3663 a
2963 3610 3296 3680 Symmacho
3343 3611 3468 3663 red-

1888 3708 2084 3767 ditum,
2151 3705 2547 3775 praestiterunt.
2584 3701 2677 3757 Est.
2731 3718 2861 3757 vero
2906 3687 3169 3769 plantatt'o
3227 3701 3462 3766 Domini,

1888 3809 2149 3868 tanquam
2180 3797 2275 3851 Dei
2307 3797 2680 3867 agricultura:
2726 3793 2794 3850 de
2823 3793 3025 3864 quibus
3077 3802 3207 3848 sunt
3237 3795 3330 3848 illa
3362 3793 3465 3847 Da-

1888 3893 2067 3944 vidis:
2137 3912 2154 3941 ι
2199 3889 2432 3945 Plantati
2484 3889 2538 3942 in
2589 3888 2754 3942 domo
2815 3887 3051 3950 Domini,
3090 3887 3142 3940 in
3185 3887 3342 3940 atriis
3375 3886 3465 3940 Dei

1889 3985 2060 4038 nostri
2095 3982 2454 4036 ﬂorebunt”.
2487 4001 2506 4033 ι
2571 3981 2635 4034 Et
2681 3982 2927 4050 Apostoli
2957 4000 2971 4034 :
3036 4000 3055 4032 ι
3089 3979 3203 4050 Ego
3228 3980 3464 4050 plantari

1887 4096 1982 4133 vos
2008 4096 2022 4143 ;
2055 4078 2256 4146 Apollo
2281 4077 2512 4146 rigavit;
2570 4075 2714 4132 Deus
2741 4086 2921 4130 autem
2954 4077 3351 4130 incrementum
3376 4077 3468 4129 de-

1886 4175 1968 4230 dit
2001 4175 2067 4226 9°.
2106 4192 2124 4223 ι
2194 4173 2406 4237 Quibus
2463 4170 2724 4223 convenit
2778 4177 2832 4222 et
2875 4169 3046 4221 illud:
3111 4185 3127 4217 ι
3161 4165 3354 4222 Justus
3392 4177 3467 4226 ,ιιι

1886 4267 2066 4336 palma
2123 4264 2424 4317 llorebit".
2460 4281 2478 4312 ι
2525 4259 3051 4330 Sequiturdeinde:
3111 4258 3179 4311 Et
3234 4259 3463 4324 cedi/icu-

1887 4357 2012 4410 bunt
2037 4357 2249 4410 deserta
2286 4356 2604 4421 sempiterna
2627 4395 2641 4418 ,
2679 4353 2882 4421 quibus
2910 4353 3245 4405 desertarum
3303 4363 3464 4404 antea

1885 4449 2130 4518 gentium
2169 4449 2383 4501 animas
2449 4446 2726 4517 intelligit.
2767 4443 2860 4499 Vel
2901 4453 3052 4499 certe
3111 4447 3282 4509 (aiunt
3328 4461 3467 4498 nun-

204 4535 361 4602 ἡγουν
393 4537 497 4598 τὰς
524 4537 821 4606 ἐκκλησίας
849 4537 947 4600 τὰς
982 4538 1111 4608 πρὶν
1149 4541 1390 4608 ἐρήμους
1443 4541 1774 4606 θεοσεϐείας.

1887 4542 2045 4604 nulli)
2095 4555 2286 4594 eorum
2346 4538 2623 4608 ingentem
2689 4537 2827 4590 adeo
2861 4553 3172 4602 ntnnernm,
3215 4537 3307 4607 qui
3371 4553 3465 4605 per

203 4628 304 4680 Καὶ
321 4627 584 4694 ἥξουσιν
603 4629 970 4698 ἁλλογενεῖς,
995 4633 1411 4698 ποιμαίνοντες
1428 4635 1497 4685 τὰ
1517 4633 1780 4702 πρόϐατά

205 4734 330 4773 σου.
365 4721 488 4774 Τῶν
520 4721 628 4790 γὰρ
658 4723 937 4790 προτέρων
989 4723 1408 4793 ἐκϐεϐλημένων
1465 4727 1628 4796 (πρὸς
1685 4726 1778 4790 οὖς

203 4828 280 4874 τις
315 4811 462 4880 λέγει
508 4815 796 4884 προφήτης
831 4831 843 4844 ·
888 4833 913 4871 ι,
951 4809 1022 4866 Ὦ
1072 4815 1330 4885 ποιμένες
1373 4817 1589 4887 Ἰσραὴλ
1621 4834 1635 4848 ·
1700 4820 1774 4886 μὴ

206 4901 483 4971 βόσκουσιν
541 4908 588 4959 οί
662 4907 921 4976 ποιμένες
968 4908 1234 4972 ἐαυτούς;
1269 4909 1392 4978 οὐχὶ
1422 4911 1491 4962 τὰ
1524 4911 1773 4980 πρόϐατα

206 4998 484 5066 βόσκουσιν
521 5003 570 5054 οἱ
595 5003 886 5072 ποιμένες;
926 5021 944 5054 2
981 5003 1128 5072 πρὸς,
1153 5001 1245 5066 οὒς
1268 5002 1455 5069 ἔλεγεν
1485 5006 1512 5056 ό
1534 5005 1726 5072 Σωτήρ
1754 5021 1767 5034 ο

208 5110 225 5142 t
263 5093 590 5166 Ἀρθήσεται
632 5096 726 5163 ἀφ’
779 5094 993 5165 ὑμῶνή
1045 5095 1292 5164 βασιλεία
1319 5096 1414 5148 τοῦ
1461 5093 1618 5155 Θεοῦ,
1678 5096 1772 5148 καὶ

202 5181 474 5256 δοθήσεται
536 5187 679 5240 ἔθνει
729 5186 970 5240 ποιοῦντι
1002 5188 1129 5251 τοὺς
1179 5188 1428 5259 καρποὺς
1481 5187 1654 5256 αὐτῆς
1690 5190 1770 5256 ι),

203 5275 314 5327 ἀντὶ
360 5277 565 5331 τούτων
637 5278 845 5330 ἐθνικοὶ
901 5279 1181 5348 ποιμένες
1235 5279 1600 5349 κατέστησαν.
1654 5279 1771 5331 Ἐν-

200 5368 363 5422 ταῦθα
387 5371 443 5423 δὲ
482 5370 666 5439 σαφῶς
699 5371 794 5422 τοῦ
831 5371 997 5440 νόμου
1059 5372 1370 5440 μετάθεσιν,
1400 5374 1494 5424 καὶ
1520 5372 1618 5441 τῆς
1646 5375 1772 5424 κατ’

200 5459 352 5512 αὐτὸν
395 5463 695 5533 ἱερωσύνης
743 5463 1063 5532 παρίστησι,
1101 5463 1297 5532 μηκέτι
1344 5462 1452 5514 τῶν
1509 5463 1574 5514 ἐκ
1631 5461 1766 5514 Λευῒ

263 5637 308 5705 F‘
336 5637 470 5693 Luc.
510 5656 571 5703 tt,
607 5641 695 5694 52.
772 5641 817 5672 ⁸⁷
855 5641 989 5696 Luc.
1019 5658 1058 5705 ι,
1099 5642 1192 5698 68.

201 5704 243 5734 "
264 5704 450 5764 Matth.
474 5727 524 5777 ν,
564 5711 648 5766 Μ.
724 5711 810 5765 ⁸³1
853 5711 1000 5767 Petr.
1047 5704 1130 5776 iu,
1157 5714 1209 5767 9.

202 5790 304 5843 τοι,
367 5779 446 5834 l3.
555 5781 599 5813 ’⁸
634 5780 1044 5848 Ezech.xxxw,
1111 5786 1164 5837 2.

1269 5643 1313 5674 ⁸³
1347 5641 1504 5696 Joan.
1541 5659 1577 5705 ι,
1615 5642 1706 5698 49.

1782 5646 1826 5678 ³³
1864 5643 2006 5700 Psal.
2047 5657 2192 5704 thv,
2234 5645 2321 5698 17.

1317 5714 1362 5745 9³
1400 5715 1588 5768 Matth.
1646 5731 1696 5779 ν,
1740 5714 1829 5770 20.

1241 5786 1284 5817 ’9
1315 5782 1502 5839 Matth.
1554 5802 1667 5855 χιι,
1715 5785 1800 5840 45.

1891 4633 2050 4685 tidem
2077 4632 2254 4686 vocati
2283 4640 2433 4694 sunt,
2464 4631 2637 4685 fuisse
2670 4632 3043 4695 demonstrat;
3073 4639 3132 4684 ut
3163 4631 3465 4684 civitatibus

1888 4723 2034 4782 aliis.
2075 4739 2196 4791 qua}
2233 4724 2284 4774 in
2315 4722 2692 4775 solitudinibus
2724 4730 3143 4786 construantur,
3183 4738 3320 4791 opus
3350 4724 3460 4777 sit:

1885 4817 1968 4869 vel
2001 4816 2164 4870 etiam
2201 4815 2481 4870 Ecclesias
2513 4815 2664 4884 ipsas
2695 4816 2911 4879 innuit,
2942 4831 3065 4885 qua:
3096 4817 3300 4884 pietate
3341 4815 3465 4870 Dei-

1885 4921 1993 4971 que
2027 4905 2178 4957 cultu
2223 4904 2440 4957 fuerant
2480 4913 2640 4956 antea
2693 4903 2991 4956 destitutaa.
3049 4903 3252 4972 Adjicit
3301 4919 3464 4972 porro

1884 5007 2128 5050 venturos
2181 5012 2294 5049 esse
2345 4995 2695 5064 alienigenas,
2744 4996 2836 5065 qui
2895 5011 3012 5049 oves
3052 4995 3167 5064 ejus
3216 5006 3460 5066 pascant.

1881 5090 2168 5144 Prioribus
2201 5091 2348 5143 enim
2378 5089 2618 5157 expulsis
2646 5088 2712 5142 ad
2745 5104 2884 5158 quos
2907 5095 3036 5142 sunt
3067 5089 3155 5142 illa
3185 5091 3464 5159 propheta:

1881 5183 2202 5252 cujusdam:
2242 5181 2286 5236 Ο
2314 5193 2561 5251 pastores
2601 5181 2790 5246 Israel,
2835 5181 3084 5250 nunquid
3134 5184 3461 5250 semetipsos

1883 5285 2117 5345 pascunt
2147 5290 2396 5345 pastores
2417 5276 2440 5328 ?
2459 5277 2654 5329 Annon
2687 5290 2817 5329 oves
2847 5283 3336 5346 pascnntpastores
3354 5274 3455 5327 '3?»

1883 5367 1946 5420 Et
1976 5368 2066 5420 illa
2107 5368 2449 5423 Salvator-is:
2493 5366 2819 5421 «Auferetur
2843 5383 2872 5419 a
2899 5368 3054 5423 vobis
3089 5382 3313 5436 regnum
3339 5363 3456 5427 Dei,

1874 5469 1928 5517 et
1963 5461 2185 5515 dabitur
2220 5461 2395 5532 genti,
2428 5477 2552 5530 qua:
2595 5459 2722 5514 edat
2777 5458 2994 5514 fructus
3058 5459 3177 5528 t-jns
3201 5461 3268 5512 θ’.
3307 5478 3326 5511 ι
3399 5457 3458 5512 ln

2979 5639 3023 5672 ’⁸
3073 5635 3262 5690 Matth.
3307 5651 3359 5697 ι.
3398 5635 3452 5692 8·.

2981 5726 3017 5761 ι.
3053 5710 3106 5761 ϐ.
3219 5706 3264 5738 ⁸⁷
3311 5707 3452 5761 l’sal.

3329 5711 3453 5763 -’sal.

2399 5643 2484 5694 ⁹⁰1
2515 5641 2642 5695 Cor.
2696 5657 2768 5700 tv,
2816 5639 2902 5694 15.

1944 5718 1986 5748 ’⁵
2059 5715 2201 5770 l’sal.
2268 5729 2375 5777 XCI,
2439 5714 2524 5768 ii.
2603 5712 2646 5742 ³⁸
2698 5710 2881 5765 lCor.
2937 5724 3017 5773 III,
3053 5710 3106 5763 6.
