4046 6386
621 315 760 380 2647

1919 324 2274 389 PROCOPII
2301 325 2546 388 ῦΑΖίΕῐ

3715 335 3829 403 2613

619 447 810 486 eorum
846 433 1025 488 locum
1048 435 1143 504 qul
1181 433 1247 490 de
1301 435 1557 506 gentibus
1595 442 1900 503 exsistunt,
1957 447 2190 509 pastores

2301 441 2785 512 λειτουργούντων.
2814 438 2922 496 Ἦν
2948 440 3058 513 γὰρ
3080 443 3260 507 αὐτοῖς
3291 441 3549 514 ἀδόκιμον
3596 443 3654 498 τὸ
3694 447 3833 518 and.

616 525 858 580 instituti
892 533 1041 579 sunt.
1070 524 1170 581 llic
1204 527 1350 581 enim
1391 537 1581 597 aperte
1611 530 1743 599 legis
1788 537 1843 584 et
1893 532 2191 587 sacerdotii

617 616 738 684 ejus
769 617 1184 672 translationem
1219 615 1457 682 indicat;
1498 618 1647 672 nullo
1675 620 1912 691 amplius
1935 621 2002 677 de
2030 621 2192 676 Levi-

616 713 796 757 tarum
859 717 1058 772 genere
1111 705 1439 773 superstite;
1486 721 1720 775 quorum
1764 717 1884 762 erat
1922 708 2194 779 improba-

615 806 753 864 tum,
788 799 932 854 etab
959 813 1062 855 usu
1095 808 1364 855 remotum
1414 812 1722 870 argentum.
1798 803 1922 871 Quo
1985 804 2188 860 factum

615 901 723 957 est,
757 901 817 946 ut
846 892 915 947 de
943 893 1188 962 gentium
1222 909 1455 950 numero
1490 895 1545 950 in
1578 897 1798 951 illorum
1831 898 2007 953 vicem
2062 897 2199 953 sub-

619 984 764 1038 irent
788 996 1028 1039 aratores
1061 994 1112 1040 et
1143 987 1415 1042 vinitores.
1445 987 1718 1054 Quoniam
1748 990 1892 1044 enim
1950 989 2043 1058 qui
2075 1005 2198 1045 cre-

615 1075 1026 1146 dunt,persa:pe
1053 1077 1108 1131 in
1136 1076 1423 1148 Scriptura
1451 1081 1578 1134 vitis
1601 1090 1655 1135 et
1700 1081 1894 1135 hortus
1921 1081 2200 1149 appellan-

615 1176 742 1221 tur:
781 1178 834 1222 et
866 1169 954 1222 hic
989 1170 1154 1224 etiam
1179 1185 1287 1225 non
1320 1172 1556 1227 absimili
1588 1172 1890 1228 intentione
1919 1184 2196 1226 aratorum

617 1270 669 1314 et
699 1262 987 1314 vinitorum
1017 1262 1239 1316 nomina
1270 1264 1580 1333 usurpavit.
1614 1265 1733 1318 Non
1769 1265 1844 1318 illi
1915 1265 2083 1335 igitur
2135 1263 2194 1318 id

619 1349 840 1403 honoris
867 1349 971 1405 sibi
993 1349 1275 1419 abripiunt
1302 1366 1316 1415 ;
1351 1352 1448 1406 sed
1483 1367 1510 1404 a
1546 1351 1656 1406 Deo
1685 1352 1862 1406 vocati
1895 1352 2077 1420 potius
2100 1366 2196 1404 ac-

615 1439 839 1494 cedunt.
895 1438 1069 1495 Fuere
1127 1448 1389 1510 praeterea
1430 1452 1666 1511 pastores
1699 1443 1750 1496 in
1786 1445 1902 1510 lege
1949 1442 2202 1496 viticula-

2304 547 2438 601 ριον.
2473 531 2537 584 Οἱ
2564 531 2746 588 τοίνυν
2785 532 2845 598 ἐξ
2887 531 3056 586 ἐθνῶν
3111 533 3205 586 καὶ
3253 533 3546 602 ἀροτῆρες
3597 537 3833 606 γεγόνασι,

2301 621 2402 675 καὶ
2422 619 2852 692 ἀμπελουρτοί.
2885 623 3042 677 Ἐπεὶ
3071 625 3178 695 γὰρ
3204 625 3440 695 ἐκλεκτὴ
3463 626 3533 697 γῆ
3585 627 3834 701 κέκληνται

2301 715 2632 786 πλεισταχοΰ
2658 715 2758 786 τῆς
2779 717 3012 787 Γραφῆς
3037 718 3085 769 οἱ
3133 717 3545 780 πιστεύσαντες,
3581 720 3670 772 καὶ
3691 721 3836 791 ἀμπε-

2301 805 2430 872 λὼν,
2484 806 2578 858 καὶ
2648 807 2823 876 κῆπος
2857 824 2872 840 ο
2897 806 3180 874 ἀναλόγως
3241 806 3544 875 ἀροττῖρὰς
3575 826 3716 879 φησι,
3762 815 3836 865 καὶ

2299 893 2781 962 ἀμπελουργούς.
2830 893 3044 947 Οὐκοῦν
3072 895 3173 948 οὐκ
3217 897 3405 959 αὐτοῖς
3428 896 3717 967 ἁρπάζουσι
3759 904 3837 972 την

2298 983 2485 1054 τιμὴν,
2522 984 2820 1057 κέκληνται
2848 986 2906 1039 δὲ
2940 985 3140 1057 μᾶλλον
3169 989 3323 1058 παρὰ
3364 987 3519 1044 Θεοῦ.
3553 991 3658 1042 Καὶ
3671 993 3837 1048 οἱκατὰ

2299 1072 2462 1142 νόμον
2486 1073 2543 1126 δὲ
2573 1076 2855 1142 ποιμένες
2909 1075 3236 1145 ἀμπελῶνος
3287 1077 3593 1149 ἐκλήθησαν
3617 1085 3833 1153 γεωργοὶ,

2300 1164 2431 1235 περὶ
2458 1158 2533 1218 ὧν
2560 1168 2775 1236 φησινὸ
2803 1167 2996 1239 Σωτήρ
3027 1182 3042 1198 ⁸
3097 1167 3162 1221 Τί
3199 1170 3420 1240 ποιήσει
3456 1172 3483 1224 ό
3536 1172 3722 1241 Κύριος
3762 1175 3835 1229 τοῦ

2299 1258 2622 1328 ἀμπελῶνος
2643 1263 2754 1323 τοῖς
2783 1264 2974 1324 κακοῖς
3000 1261 3270 1331 γεωργοῖς
3293 1280 3309 1329 ;
3345 1263 3470 1326 Τοῖς
3494 1259 3584 1318 οὖν
3603 1266 3714 1319 ἀντὶ
3741 1269 3837 1322 τού·

2303 1365 2410 1402 των
2450 1352 2478 1402 ὁ
2511 1351 2795 1421 προφήτης
2840 1353 3006 1422 φησίν
3039 1369 3054 1383 ·
3108 1353 3301 1423 Ὑμεῖς
3341 1355 3399 1408 δέ
3440 1356 3607 1424 ιερεῖς
3632 1361 3834 1428 Κυρίου,

2307 1440 2696 1509 κληθήσεσθε
2745 1443 3083 1513 λειτουργοί
3125 1445 3233 1498 τοῦ
3289 1445 3441 1499 Θεοῦ
3472 1445 3648 1516 ἡμῶν.

618 1549 739 1588 rum
779 1533 998 1588 nomine
1032 1535 1349 1604 signiﬁcati;
1387 1537 1453 1590 ad
1485 1537 1630 1607 quod
1667 1537 1921 1592 Salvator
1952 1537 2070 1604 ipse
2104 1534 2431 1606 respiciens,
2463 1536 2591 1606 quid
2621 1537 2780 1594 malis
2833 1537 3006 1594 vineae
3073 1539 3383 1595 cultoribus
3451 1540 3706 1598 facturum
3754 1543 3838 1600 Do-

616 1632 824 1685 minum
856 1623 1017 1698 704
1045 1628 1400 1697 arbitremur,
1432 1630 1734 1700 interrogat
1770 1632 1808 1683 ⁸.
1844 1631 1968 1684 lllos
2010 1631 2196 1700 igitur,
2235 1628 2329 1698 qui
2366 1627 2420 1683 in
2452 1631 2686 1684 istorum
2720 1631 2900 1686 locum
2937 1633 3248 1696 subierunt,
3322 1614 3595 1706 propheta.
3643 1637 3834 1710 alloqui-

617 1739 747 1784 tur:
792 1729 925 1785 Cum
962 1729 1177 1781 Domini
1197 1733 1490 1782 sacerdotes
1522 1727 1617 1780 Dei
1652 1727 1821 1780 nostri
1874 1727 2146 1780 ministros
2204 1737 2451 1779 vocatum
2481 1726 2550 1778 iri
2575 1725 2785 1794 adjicit.

687 1823 918 1889 Quinam
953 1829 1133 1875 autem
1159 1820 1274 1886 alii,
1308 1835 1473 1890 quam
1508 1819 1761 1875 Ecclesiae
1783 1819 2054 1884 vinitores,
2098 1818 2190 1888 fore

2384 1818 2543 1882 Τίνες
2577 1819 2690 1871 ἀλλ’
2739 1820 2789 1872 οἱ
2811 1829 2837 1868 8
2865 1819 2964 1889 τῆς
2998 1820 3329 1890 Ἐκκλησίας
3373 1821 3832 1894 ἀμπελουρῃοί,σῖ

618 1916 895 1970 titadinem
926 1915 1158 1984 gentium
1188 1914 1272 1967 vel
1309 1912 1693 1966 abundantiam
1717 1911 1799 1984 (ut
1849 1912 2057 1982 Aquila:
2081 1913 2197 1981 pla-

615 2005 740 2075 cet)
771 2007 1076 2061 comesturi
1106 2007 1278 2060 sunt?
1305 2004 1497 2060 Nullus
1543 2006 1686 2060 enim
1728 2006 1890 2062 cibus
1912 2022 2065 2075 atque
2094 2022 2195 2075 pa-

613 2101 849 2157 storibus
874 2100 1132 2154 Ecclesiae
1156 2099 1432 2169 congruit.
1461 2109 1625 2169 atque
1644 2100 1760 2165 ipsa
1784 2101 2047 2170 gentium,
2075 2113 2197 2170 qua

619 2194 875 2262 puristos
910 2193 1145 2246 salutem
1197 2191 1407 2258 adepta:
1441 2200 1590 2251 sunt,
1638 2190 1920 2258 fortitudo.
1971 2189 2197 2245 Fuerint

614 2303 743 2340 vero
775 2285 887 2350 isti,
917 2285 1006 2355 qui
1032 2283 1400 2354 fortitudinem
1426 2299 1578 2339 suam
1606 2283 1830 2339 ferendo
1847 2292 1900 2338 et
1918 2283 2194 2354 patiendo,

612 2382 666 2432 in
700 2381 951 2434 veritatis
975 2378 1283 2433 assertione
1314 2383 1688 2432 ostentarunt.
1717 2377 1916 2446 Adjicit
1952 2390 2113 2444 porro
2141 2376 2192 2430 in

611 2472 815 2526 divitiis
832 2473 991 2524 etiam
1022 2471 1135 2540 fore
1169 2469 1540 2524 admirabiles.
1571 2467 1676 2524 Sed
1713 2477 1798 2523 est
1825 2468 1892 2523 de
1949 2468 2191 2535 gentium

609 2565 811 2617 divitiis
844 2562 1294 2630 intelligendum;
1331 2561 1400 2616 de
1427 2562 1630 2632 quibus
1664 2560 1731 2614 ad
1767 2561 2086 2617 Corinthios
2117 2561 2190 2615 ita

612 2656 807 2708 scribit
867 2655 1193 2724 Apostolus:
1267 2671 1286 2704 ι
1324 2653 1545 2709 Gratias
1599 2669 1702 2723 ago
1749 2652 1860 2708 Deo
1910 2669 2032 2708 meo
2095 2669 2194 2725 per

606 2747 793 2804 Jesum
827 2747 1131 2813 Christum,
1155 2747 1300 2818 quod
1325 2747 1379 2800 in
1406 2747 1664 2802 omnibus
1689 2746 1886 2802 divites
1911 2747 2041 2802 facti
2058 2747 2192 2804 estis

610 2843 665 2895 in
698 2843 792 2896 illo
815 2882 830 2904 ,
894 2842 946 2895 in
978 2840 1127 2894 omni
1156 2840 1322 2894 verbo
1349 2849 1403 2894 et
1457 2841 1511 2894 in
1542 2840 1690 2893 omni
1743 2841 1999 2896 scientia:
2048 2841 2194 2896 sicut

609 2931 982 2988 testimonium
1003 2931 1206 2984 Christi
1229 2929 1610 2984 conﬁrmatum
1636 2937 1721 2986 est
1747 2931 1802 2984 in
1830 2931 2010 2996 vobis,
2036 2931 2110 2984 ita
2133 2940 2194 2986 ut

607 3026 746 3080 nihil
779 3025 920 3078 desit
974 3023 1132 3077 vobis
1177 3021 1232 3075 in
1275 3021 1385 3075 ulla
1417 3021 1590 3091 gratia
1621 3024 1661 3075 ².
1704 3041 1722 3073 ι
1787 3020 1928 3075 Sunt
1983 3030 2188 3084 tamen,

608 3118 701 3188 qui
730 3132 826 3186 per
856 3113 1226 3184 fortitudinem
1265 3113 1522 3183 gentium,
1548 3113 1782 3169 collatos
1809 3129 1840 3168 a
1870 3115 2190 3184 potentissi-

609 3207 734 3265 mis,
759 3204 848 3273 qui
878 3206 941 3256 de
977 3203 1215 3272 gentibus
1272 3203 1454 3257 vocati
1509 3204 1642 3266 sint,
1690 3203 1932 3260 honores
1979 3205 2187 3259 intelli-

607 3308 758 3368 gant.
786 3295 880 3352 Vel
916 3298 968 3350 id
997 3297 1118 3351 ideo
1141 3296 1414 3365 adjectum
1432 3312 1574 3358 esse,
1605 3298 1748 3366 quod
1772 3299 2003 3367 gentium
2043 3300 2188 3355 vires

607 3391 749 3457 (sive
804 3390 1050 3444 illustres
1095 3387 1240 3456 apud
1293 3403 1409 3452 eas,
1461 3389 1578 3444 sive
1605 3390 1856 3444 saeculari
1917 3391 2188 3461 sapientia

607 3481 940 3537 exercitatos
969 3479 1264 3550 intelligas)
1294 3480 1511 3534 illorqu
1539 3490 1862 3550 superatura
1887 3483 1957 3537 sit
1988 3484 2188 3538 oratio.

610 3573 849 3625 Lamit-ttt
883 3573 1030 3624 cnim
1073 3582 1125 3626 et
1168 3573 1399 3640 gloriam
1431 3572 1554 3626 ideo
1607 3574 1788 3638 adepti
1828 3584 1979 3638 sunt,
2043 3575 2188 3644 quod

611 3664 748 3730 ipsis
784 3662 1103 3732 superiores
1139 3677 1200 3714 se
1235 3662 1628 3729 praestiterunt.
1655 3660 1797 3716 Sunt
1820 3679 2055 3734 namque
2101 3667 2192 3718 do-

609 3764 820 3808 ctorum
880 3755 1056 3824 gloria
1088 3757 1180 3824 qui
1256 3756 1496 3824 mystica:
1572 3771 1767 3810 eorum
1826 3758 2192 3814 institutionis

609 3846 818 3898 auxilio
858 3847 1090 3899 salutem
1125 3845 1307 3914 adepti
1369 3855 1521 3900 sunt.
1572 3846 1893 3916 Cuiusmodi
1931 3849 2024 3918 qui
2070 3850 2190 3904 fue-

614 3938 746 4000 rint,
781 3947 977 3991 terram
1003 3936 1369 4005 possidebunt,
1418 3937 1677 3992 omnibus
1728 3940 1884 4009 potiti
1915 3941 2189 4005 videlicet,

609 4045 719 4083 non
757 4028 948 4084 .ludaea
975 4029 1116 4092 sola,
1151 4037 1208 4081 ut
1232 4029 1268 4083 ii
1308 4028 1472 4083 olim:
1504 4029 1559 4083 in
1593 4044 1733 4098 quos
1761 4031 1936 4086 divisa
1964 4040 2048 4087 est
2081 4033 2187 4088 ba:-

609 4122 815 4176 reditas
851 4137 945 4192 per
976 4121 1165 4176 Jesum
1199 4119 1368 4188 Nave,
1397 4123 1491 4191 qui
1522 4122 1634 4176 veri
1664 4121 1796 4177 Iesu
1851 4134 2009 4193 typus
2063 4125 2186 4190 fuit,

607 4227 636 4265 a
662 4213 960 4281 quoaltera
988 4212 1076 4264 illa
1102 4219 1156 4265 et
1181 4211 1534 4281 praestantior
1563 4211 1904 4268 luereditatis
1935 4213 2077 4268 facta
2105 4227 2191 4272 est

607 4301 827 4363 divisio,
859 4299 926 4353 de
949 4314 1054 4368 qua
1085 4299 1166 4353 sic
1195 4299 1392 4367 legitur
1426 4299 1481 4352 in
1520 4298 1789 4356 Psalmis:
1855 4322 1872 4353 ι
1908 4302 2129 4359 Postula
2157 4321 2190 4360 a

609 4409 716 4455 me,
747 4400 800 4446 et
830 4391 972 4445 dabo
998 4389 1093 4445 tibi
1119 4397 1308 4461 gentes
1345 4390 1726 4446 haereditatem
1763 4401 1936 4459 tuam,
1964 4404 2018 4450 et
2041 4397 2186 4450 [ιιιιί-

605 4485 790 4541 culum
817 4493 995 4547 tuum,
1029 4485 1292 4538 terminos
1316 4490 1476 4538 terra:
1511 4485 1567 4548 a;
1608 4503 1626 4536 ι
1672 4500 1835 4555 quam
1861 4487 2050 4543 divisit
2083 4489 2186 4543 Do-

2298 1910 2395 1963 καὶ
2431 1910 2545 1979 τὴν
2575 1912 2760 1980 ἰσχὺν
2791 1913 3112 1967 κατέδονται
3154 1914 3276 1967 τῶν
3309 1912 3502 1968 ἐθνῶν
3523 1931 3541 1979 ;
3560 1916 3591 1984 ἢ
3613 1919 3734 1971 κατὰ
3761 1921 3831 1973 τὸν

2299 2002 2554 2067 Ἀκύλαν,
2614 2005 2730 2072 τὴν
2785 2006 3099 2074 εὐπορίαν.
3127 2007 3294 2060 Οὐδὲν
3325 2007 3434 2077 γὰρ
3466 2007 3661 2062 τοιοῦτο
3673 2009 3827 2081 βρῶμα

2296 2098 2409 2158 τοῖς
2426 2097 2524 2167 τῆς
2585 2097 2915 2168 Ἐκκλησίας
2974 2100 3216 2168 ποιμέσι
3301 2099 3650 2170 κατάλληλον,
3695 2103 3824 2177 dicit

2299 2190 2478 2257 ἰσχὺς
2506 2191 2615 2242 τῶν
2636 2190 2701 2243 δι’
2728 2189 2907 2243 αὐτῶν
2967 2190 3294 2261 σωζομένων
3333 2191 3522 2246 ἐθνῶν.
3554 2184 3698 2246 Οὗτοι
3715 2195 3752 2248 δ’
3774 2195 3822 2250 ἄν

2297 2279 2406 2334 εἷεν
2454 2283 2503 2336 οἱ
2550 2281 2648 2354 τὴν
2696 2282 2885 2350 ισχῦν
2925 2283 3012 2337 διὰ
3061 2283 3162 2353 τῆς
3206 2282 3488 2354 ὑπομονῆς
3530 2286 3586 2337 ἐν
3608 2288 3668 2354 τῇ
3716 2287 3815 2358 ὑπὲρ

2296 2372 2553 2438 ἀληθείας
2585 2373 2986 2443 ἐπιδειξάμενοι
3021 2372 3319 2445 μαρτυρίᾳ.
3377 2373 3540 2426 Ἀλλὰ
3582 2376 3670 2428 καὶ
3693 2375 3812 2444 ἐνιῷ

2295 2465 2556 2531 πλούτῳ,
2592 2464 2746 2534 φησὶ,
2779 2463 3310 2534 θαυμασθήσεσθε;
3351 2464 3456 2517 Τὸν
3486 2464 3542 2517 δὲ
3574 2465 3672 2517 τῶν
3691 2464 3816 2517 ἐθνῶν

2295 2547 2588 2621 πλοῦτον,
2622 2557 2718 2626 ἀφ’
2738 2551 2814 2610 ὧν
2847 2558 2875 2609 ὁ
2899 2555 3110 2620 Παῦλος
3135 2556 3340 2629 γράφει
3390 2557 3699 2627 Κορινθίοις.
3724 2557 3819 2624 νοῆ·

2296 2663 2480 2717 σομεν·
2512 2665 2532 2699 ι
2557 2648 2878 2719 Εὐχαριστῶ
2906 2649 2983 2718 τῷ
3009 2648 3130 2720 Θεῷ
3162 2665 3265 2719 μου
3293 2649 3385 2703 διὰ
3414 2648 3583 2718 ’1ησοῦ
3606 2647 3818 2720 Χριστοῦ,

2291 2741 2372 2793 ὅτι
2398 2742 2457 2794 ἐν
2488 2742 2652 2794 παντὶ
2687 2741 3079 2811 ἐπλουτίσθητε
3117 2744 3174 2796 ἐν
3215 2741 3392 2812 αὐτῷ,
3423 2742 3479 2795 ἐν
3501 2741 3654 2794 παντὶ
3692 2740 3820 2810 λόγῳ,

2291 2831 2387 2883 καὶ
2445 2833 2596 2905 πάσῃ
2626 2833 2845 2899 γνώσει,
2881 2831 3067 2896 καθὼς
3095 2833 3156 2886 τὸ
3199 2832 3503 2904 μαρτύριον
3523 2831 3611 2884 τοῦ
3630 2828 3821 2901 Χριστοῦ

2293 2924 2598 2996 ἐϐεϐαιώθη
2631 2926 2688 2978 ἐν
2722 2925 2874 2996 ὑμῖν,
2897 2925 2975 2989 ῶς
3002 2943 3064 2979 τε
3122 2925 3195 2997 μὴ
3248 2924 3588 2993 ὑστερεῖσθαι
3611 2925 3735 2993 ὑμᾶς
3779 2924 3823 2975 ἐν

2295 3016 2485 3087 μηδενὶ
2536 3017 2863 3088 χαρίσματι.
2906 3037 2924 3070 ι
2952 3017 3110 3081 Τινὲς
3139 3018 3197 3071 δὲ
3229 3017 3420 3088 ἰσχὺν
3448 3017 3646 3081 ἐθνῶν,
3669 3017 3752 3079 τὰς
3774 3016 3822 3069 ἐκ

2291 3109 2398 3162 τῶν
2423 3110 2814 3164 δυνατωτάτων
2839 3110 3012 3180 τιμὰς
3054 3111 3336 3179 λέγουσιν,
3376 3109 3532 3182 οἷπερ
3559 3110 3624 3163 ἂν
3660 3105 3751 3161 εἷεν
3769 3108 3824 3172 ἐξ

2291 3199 2482 3255 ἐθνῶν
2510 3201 2857 3272 κεκλημένοι,
2891 3202 3029 3272 ἢὸτι
3059 3205 3086 3255 ὁ
3149 3202 3279 3273 παρ’
3313 3201 3467 3272 ὑμῶν
3501 3203 3527 3242 h
3569 3199 3823 3271 ἐπικρατή-

2295 3307 2377 3342 σει
2440 3290 2597 3358 λόγος
2627 3291 2726 3360 τῆς
2756 3291 3040 3362 δυνάμεως
3070 3292 3188 3345 τῶν
3255 3291 3472 3357 ἐθνῶν,
3503 3291 3536 3362 ἢ
3576 3290 3674 3343 τῶν
3722 3287 3822 3358 παρ’

2291 3383 2522 3446 ἐκείνοις
2553 3383 2848 3456 λαμπρῶν,
2903 3385 2938 3455 ἦ
2968 3384 3078 3438 τῶν
3099 3383 3378 3454 κοσμικὴν
3410 3382 3712 3453 ἠσκημένων
3756 3394 3822 3430 σου

2292 3476 2441 3543 φίαν.
2511 3474 2729 3528 Τούτων
2803 3475 2913 3548 γὰρ
2989 3477 3426 3548 κατισχύσαντες
3485 3472 3819 3540 ἐδοξάσθησαν.

2291 3569 2572 3640 Καύχημα
2617 3570 2728 3638 γὰρ
2771 3568 3109 3622 διδασκάλων
3163 3572 3213 3622 oi
3279 3569 3373 3622 διὰ
3427 3570 3522 3638 τῆς
3557 3563 3717 3618 αὐτῶν
3742 3579 3820 3614 σω-

2292 3661 2476 3724 θέντες
2563 3662 2952 3732 μυσταγωγὶας
2987 3677 3001 3692 ·
3075 3663 3123 3716 οἱ
3181 3661 3241 3714 δέ¹
3301 3659 3532 3714 τοιοῦτοι
3579 3661 3819 3723 κληρονο-

2285 3750 2559 3820 μήσουσι
2599 3751 2714 3816 τὴν
2739 3750 2879 3820 γῆν,
2907 3753 3124 3805 πάντων
3151 3752 3629 3822 ἐπικρατήσαντες,
3661 3743 3818 3799 ἀλλὀὐ

2296 3843 2464 3912 μόνης
2493 3843 2778 3904 Ἰουδαίας,
2835 3843 2977 3896 κατὰ
3007 3843 3133 3904 τοὺς
3158 3842 3330 3896 πόιλαι
3380 3835 3818 3910 κληροδοτηοέντας

2293 3937 2398 3990 ὑπὸ
2432 3935 2606 4005 Ἰησοῦ
2633 3935 2810 4006 Navi],
2841 3935 2900 3998 ὃς
2925 3935 3094 3998 τύπος
3137 3931 3205 4004 ἦν
3228 3935 3326 3988 τοῦ
3354 3930 3598 4005 ἀληθινοῦ
3641 3924 3814 3994 Ἰησοῦ.

2289 4028 2383 4082 τοῦ
2423 4028 2522 4098 τὴν
2545 4028 2807 4097 δευτέραν
2845 4027 2942 4080 καὶ
2974 4027 3210 4099 κρείττω
3241 4025 3608 4097 πεποιημένου
3656 4020 3816 4088 κληρο-

2289 4119 2494 4182 δοσίαν,
2521 4120 2651 4189 περὶ
2687 4113 2756 4190 ἦς
2804 4136 2968 4188 φησιν
3016 4121 3075 4172 ἐν
3101 4118 3356 4189 Ψαλμοῖς
3383 4133 3396 4148 ·
3437 4137 3456 4169 ι
3483 4117 3694 4184 Αἷτησαι
3715 4107 3816 4177 παρ’

2289 4211 2446 4281 ἐμοῦ,
2475 4212 2569 4264 καὶ
2595 4209 2752 4264 δώσω
2783 4229 2864 4264 σοι
2892 4211 3018 4282 ἔθνη
3071 4213 3169 4282 τὴν
3207 4209 3567 4282 κληρονομίαν
3600 4223 3704 4269 σου,
3742 4199 3816 4251 καὶ

2288 4307 2387 4378 τὴν
2444 4303 2773 4374 κατάσχεσίν
2801 4320 2896 4356 σου
2920 4302 2988 4355 τὰ
3037 4302 3247 4373 πέρατα
3292 4302 3394 4372 τῆς
3429 4300 3550 4368 γῆς,
3585 4316 3605 4349 ι
3653 4295 3709 4364 ἣν
3753 4288 3814 4341 δι.

2291 4397 2476 4467 ένειμε
2497 4399 2610 4458 τοῖς
2656 4395 2850 4448 ἑαυτοῦ
2899 4393 3190 4464 μαθηταῖς,
3242 4392 3436 4455 ἄλλους
3463 4385 3677 4456 ἀλλαχοῦ
3722 4381 3813 4434 δια·

2294 4489 2515 4559 πέμψας
2541 4487 2828 4558 χαίροντας
2861 4487 2920 4538 ἐν
2939 4484 3108 4555 αὐτῷ,
3140 4484 3234 4539 καὶ
3289 4484 3478 4552 ῶσπερ
3509 4482 3619 4533 τινὰ
3649 4473 3812 4541 στέφα-

608 4579 791 4630 minus
830 4574 1118 4643 discipulis
1159 4575 1298 4635 suis.
1344 4589 1469 4628 cum
1526 4575 1663 4632 alios
1719 4576 1830 4631 alio
1879 4579 2180 4636 dimitteret

2294 4598 2374 4634 νον
2405 4579 2823 4650 περικειμένους
2873 4578 2990 4645 τὴν
3023 4577 3434 4647 εὐφροσύνην,
3478 4573 3572 4625 ούκ
3591 4571 3643 4621 ἐν
3673 4577 3809 4633 προσ·

608 4667 818 4720 alacres
850 4666 1058 4729 animo,
1093 4672 1148 4721 et
1178 4665 1346 4720 veluti
1378 4665 1616 4736 quadam
1641 4666 1840 4721 laetitiae
1874 4683 2078 4724 corona
2102 4686 2190 4724 rc-

605 4759 852 4820 dimitos.
894 4759 947 4812 id
986 4766 1072 4813 est
1103 4774 1213 4812 non
1243 4757 1444 4812 ﬂuxam
1474 4767 1530 4813 et
1593 4771 2053 4829 momentaneam,
2092 4767 2189 4819 sed

606 4849 876 4904 bonorum
919 4849 1221 4904 stabilitate
1296 4856 1615 4919 perpetuam
1669 4859 1724 4905 et
1794 4855 2185 4922 sempiternam

606 4940 918 4996 mercedem
953 4940 1236 4994 habentes.
1265 4938 1426 4995 Fient
1473 4957 1604 4996 vero
1637 4942 1765 5004 ista,
1797 4943 2004 5011 adjicit,
2049 4962 2187 5016 quo-

606 5035 753 5090 niam
775 5035 1048 5104 justitiam
1077 5034 1294 5104 quidem
1331 5035 1538 5102 diligo;
1595 5036 1859 5107 odi705
1876 5049 2060 5094 autem
2096 5057 2186 5094 ra-

604 5125 759 5191 pinas
797 5141 863 5180 ea:
886 5126 1169 5196 iniquitate
1200 5125 1474 5181 malorum
1501 5127 1829 5190 daemomuu,
1869 5131 1963 5198 qui
2013 5131 2188 5186 homi-

606 5228 736 5265 num
762 5214 973 5268 animas
1005 5212 1284 5283 quondam
1313 5213 1666 5282 diripiebant.
1693 5214 1813 5281 Quo
1849 5215 2051 5272 iactant
2076 5230 2182 5285 εει,

608 5314 668 5358 ιιι
692 5321 798 5358 non
827 5306 880 5359 in
904 5305 1123 5359 Judtros
1143 5315 1377 5366 tantum,
1397 5306 1491 5359 sed
1514 5307 1566 5360 in
1591 5309 1854 5364 mortales
1881 5311 2044 5365 etiam
2065 5328 2182 5367 om-

605 5411 703 5452 nes
736 5399 966 5466 gratiam
995 5413 1170 5452 meam
1201 5395 1558 5451 effunderem.
1585 5396 1692 5453 Sed
1739 5401 2038 5455 notandum
2068 5412 2176 5472 est,

2295 4673 2509 4744 καίροις
2563 4671 2786 4741 ἔχοντας
2814 4670 2912 4739 τὴν
2948 4669 3319 4735 ἀντιμισθίαν,
3346 4666 3457 4721 ἀλλ’
3508 4665 3562 4715 ἐν
3613 4659 3687 4712 ἀεὶ
3720 4654 3807 4744 διαν-

2296 4743 2548 4838 μένουσιν
2612 4764 2859 4834 ἀγαθοῖς.
2912 4764 3106 4817 Ἔσται
3133 4761 3194 4815 δὲ
3221 4760 3416 4823 ταῦτα,
3458 4743 3804 4838 concriminth

2291 4836 2691 4925 δικαιοσύνην
2729 4857 2825 4927 μὲν
2865 4853 3095 4924 ἀγαπῶ,
3132 4851 3293 4922 μισῶ
3320 4852 3378 4906 δὲ
3423 4849 3494 4903 τὰ
3519 4847 3582 4909 ἐξ
3612 4836 3805 4927 ἀδικίας

2289 4949 2644 5020 ἁρπάγματα
2671 4947 2778 5000 τῶν
2807 4945 3060 5016 πονηρῶν
3104 4943 3375 5014 δαιμόνων
3436 4939 3528 5001 τὰς
3574 4923 3803 5020 ἀνθρωπί-

2291 5060 2389 5105 νας
2442 5041 2611 5096 πάλαι
2665 5038 3076 5110 διαρπαζόντων
3126 5034 3328 5104 ψυχάς.
3382 5029 3537 5085 Ὀθεν
3582 5023 3671 5077 οὐκ
3697 5018 3803 5110 Ἰον-

2288 5103 2456 5198 δαίοις
2514 5133 2716 5202 μόνοις,
2757 5103 2904 5184 ’ἀλλὰ
2938 5129 3096 5191 πᾶσι,
3287 5118 3517 5195 ἐμαυτοῦ
3564 5113 3702 5185 χάριν
3732 5103 3801 5202 i5-

2287 5225 2458 5294 ἐχεον.
2501 5198 2646 5276 ’Ἀντὶ
2668 5222 2724 5274 δὲ
2749 5219 2839 5273 τοῦ
2863 5219 3138 5283 δικαίοις,
3171 5217 3242 5270 ἐν
3263 5213 3506 5282 ἀληθείᾳ
3532 5198 3799 5301 naturali-9:

2290 5318 2563 5384 μήνευσαν
2590 5313 2848 5366 οἱλοιποί.
2875 5313 2970 5372 ’Ὡς
2995 5327 3053 5363 τε
3081 5310 3141 5361 ού
3157 5305 3598 5376 διαψευσθήσεται
3617 5285 3796 5349 αύτῶνό

2288 5407 2500 5476 μόχθος·
2527 5405 2640 5458 ἀλλ’
2665 5407 2734 5459 ἐν
2761 5404 3010 5472 ἀληθείᾳ.
3041 5403 3136 5456 καὶ
3178 5401 3361 5462 αὐτοῖς
3425 5390 3793 5476 φυλαχθήσεται.

605 5507 712 5558 quo
737 5493 856 5545 loco
880 5491 1040 5560 justis
1063 5491 1351 5554 habemus,
1392 5493 1446 5543 in
1475 5491 1695 5544 ueritate
1722 5502 1951 5549 caeteros
1984 5510 2173 5552 omnes
2215 5499 2562 5567 interpretari
2595 5517 2610 5554 :
2643 5499 2784 5554 unde
2808 5511 2914 5551 non
2942 5510 3065 5551 esse
3123 5494 3368 5547 laborum
3401 5483 3628 5544 mercede
3684 5472 3796 5528 ι’ἕιτὶ·

607 5595 757 5639 turos
781 5584 1132 5650 constiterit;
1160 5583 1253 5640 sed
1278 5583 1528 5638 cmudmu
1580 5585 1687 5638 illis
1728 5589 1782 5639 in
1835 5591 2049 5644 veritate
2093 5593 2316 5647 recondi
2349 5597 2692 5664 servarique.

679 5678 691 5709 '
729 5675 920 5729 Matth.
954 5693 1066 5732 xm.
1104 5677 1186 5731 40.
1266 5675 1324 5728 Ἰ
1366 5677 1492 5729 Cor.
1527 5691 1563 5735 ι,
1588 5677 1703 5731 4ο7.
1783 5680 1802 5712 ³
1829 5680 1968 5734 Psal.
2010 5699 2071 5741 ιι.
2103 5684 2155 5737 8.

1890 5776 2119 5832 VARUS
2163 5778 2561 5835 LECTIONES.

702 5862 729 5902 ⁸
758 5879 842 5930 εγ).
878 5862 1044 5930 ἄλλοι,
1206 5866 1228 5903 ιι
1263 5864 1344 5916 ἴον.
1380 5863 1577 5923 αὐτῶν.
