4014 6552
59 448 217 515 2649

1292 458 1824 519 COMMENTARII
1878 460 1962 519 ΙΝ
2020 459 2308 522 ISAIAM.

3289 455 3432 521 2650

137 569 324 632 Τινὲς
361 569 438 624 δέ
495 590 698 642 φασιν
726 573 906 628 αἰτίαν
946 568 1086 627 εἶναι
1111 570 1336 635 τούτους
1381 573 1510 637 πρὶν
1537 570 1748 640 ἀπελη-

1924 569 2066 625 Sunt
2098 582 2280 625 tamen
2333 571 2426 641 qui
2466 585 2689 627 causam
2725 587 2849 628 esse
2899 572 3107 634 dicant,
3143 586 3245 625 cur
3290 570 3430 625 istos

61 662 288 717 λάσθαι
327 666 690 734 ποιμένας
717 667 1000 738 πλεονεξίᾳ
1031 666 1345 738 χαίροντας,
1372 665 1532 736 οἵπερ
1567 666 1580 705 ί
1615 665 1751 718 ’ἀδί-

62 771 190 814 κως
228 755 698 826 πλουτοῦντες,
724 760 870 813 καθά
896 775 1063 831 φησιν
1095 763 1124 813 ό
1147 761 1434 830 προφήτης
1453 775 1467 789 ο
1497 776 1516 810 ι
1535 757 1748 827 Θησαυ-

70 845 347 915 ρίζοντες
423 850 687 915 ἑαυτοῖς
744 851 1022 912 ἀσέϐειαν,
1063 851 1158 904 καὶ
1202 851 1619 921 ταλαιπωρίαν,
1671 853 1752 913 είς

69 938 323 1008 ἑτέρους
382 941 568 994 αὐτὰ
612 941 1100 1011 παραπέμπουσιν.
1127 959 1144 992 ι
1173 941 1320 1009 Ἔφη
1358 940 1488 1007 γοῦν
1523 942 1550 993 ό
1588 939 1750 992 Σολο-

75 1029 230 1099 μῶν.
263 1034 364 1085 ὅτι
404 1033 689 1097 πλοῦτος
719 1035 920 1096 ἀδίκως
950 1033 1314 1102 συναγόμενος
1337 1032 1748 1102 ἐξεμεθήσεται.

73 1121 223 1189 Περὶ
287 1115 364 1175 οὗ
440 1126 831 1196 συστήματος
886 1127 980 1178 καὶ
1009 1127 1037 1178 ὁ
1082 1125 1246 1178 Δαϐίδ
1295 1141 1492 1194 φησιν·
1537 1143 1555 1176 ι
1603 1123 1751 1193 Πλὴν

77 1211 278 1282 μάτην
323 1216 745 1285 ταράσσεται.
783 1216 1140 1287 Θησαυρίζει,
1185 1217 1280 1271 καὶ
1311 1217 1410 1269 οὐκ
1457 1211 1598 1269 οἶδεν
1641 1216 1751 1268 τίνι

79 1302 324 1366 συνάξει
357 1304 568 1360 αὑτά.
613 1325 632 1358 ι
659 1307 769 1358 Καὶ
798 1306 970 1369 ἄλλως
1001 1307 1058 1360 δὲ
1088 1309 1199 1369 τοῖς
1245 1306 1313 1371 ἐξ
1345 1305 1539 1360 ἐθνῶν
1590 1305 1748 1375 ἐδόθη

77 1393 191 1447 τῶν
255 1396 640 1450 Ἰουδαϊκῶν
688 1398 1087 1453 διδασκάλωνὸ
1114 1398 1380 1467 μόχθος,
1443 1396 1588 1451 κατὰ
1642 1397 1747 1450 τόο

90 1506 108 1535 ι
134 1487 522 1557 Ἀρθήσεται
565 1488 666 1559 ἀφ’
705 1490 858 1561 ὑμῶν
896 1491 930 1560 ἡ
994 1489 1244 1559 βασιλεία
1292 1488 1387 1542 τοῦ
1419 1488 1554 1542 Θεοῦ
1583 1527 1600 1553 ,
1656 1487 1753 1542 καὶ

82 1579 411 1650 δοθήσεται
442 1581 625 1636 ἔθνει
655 1582 898 1636 ποιοῦντι
926 1584 1052 1645 τοὺς
1095 1583 1340 1652 καρποὺς
1365 1582 1555 1652 αὐτῆς.
1595 1599 1616 1633 ι
1649 1576 1753 1648 Οἷς

89 1675 191 1726 καὶ
235 1674 603 1744 διαθήκην
629 1675 871 1730 αἰώνιον
904 1674 1288 1744 διαθήσομαι,
1318 1676 1380 1728 οὐ
1419 1675 1486 1729 τὰ
1512 1674 1755 1737 Μωσέως

91 1764 481 1835 ἐντάλματα,
519 1768 596 1820 τὸ
624 1765 684 1820 δὲ
724 1766 825 1837 τῆς
869 1765 1064 1836 καινῆς
1117 1765 1380 1836 διαθήκης
1421 1767 1752 1837 μυστήριον·

95 1858 127 1927 ἢ
162 1856 271 1929 τὴν
297 1858 534 1913 ἐλπίδα
559 1860 667 1930 τὴν
692 1859 1069 1930 ἀτελεύτητον.
1101 1855 1237 1912 Εἷτά
1262 1875 1393 1928 φησι
1417 1875 1429 1889 ·
1463 1859 1574 1914 Καὶ
1606 1876 1754 1928 γνωσ-

1851 672 2087 732 pastores
2117 663 2360 717 avaritia:
2403 663 2618 720 deditos
2649 664 2804 734 prius
2842 665 3086 734 abegerit
3116 682 3132 718 :
3177 663 3306 733 quia
3342 663 3429 717 in-

1847 756 1998 824 juste
2023 754 2367 819 ditescendo,
2407 762 2467 808 ut
2509 763 2596 810 est
2641 757 2782 824 apud
2832 756 3178 825 prophetam,
3221 771 3242 806 ι
3280 752 3429 808 Tlte-

1852 848 2196 902 saurizantes
2246 845 2352 901 sibi
2394 847 2729 917 impietatem
2790 858 2844 904 et
2871 848 3174 913 miseriam,
3208 847 3263 902 in
3291 846 3430 900 alios

1850 955 1912 991 ea
1942 940 2324 994 transmittunt
2353 940 2396 996 ⁵.
2424 959 2472 1003 ,ι
2514 939 2731 1011 Optime
2768 941 2933 1011 igitur
2969 940 3255 1005 Salomon,
3299 949 3426 993 cum

1853 1033 2072 1086 divitias
2104 1035 2289 1101 inique
2339 1042 2634 1102 congestas
2679 1034 2857 1088 evomi
2911 1034 3135 1088 tandem
3169 1046 3426 1104 pronun-

1853 1115 2012 1178 tiavit
2043 1124 2088 1180 '.
2131 1143 2151 1177 ι
2205 1126 2278 1180 De
2315 1127 2571 1198 congerie
2611 1125 2884 1195 ejusmodi
2948 1124 3155 1180 iuerint
3215 1130 3269 1178 et
3331 1124 3428 1176 illa

1854 1219 2082 1274 Davidis
2145 1237 2160 1274 :
2218 1237 2237 1272 ι
2295 1217 2692 1274 Verumtamen
2776 1218 2979 1272 frustra
3039 1216 3425 1272 conturbatur.

1853 1308 2246 1374 Thesaurizat,
2319 1319 2375 1364 et
2424 1309 2642 1380 ignorat
2675 1308 2764 1363 cui
2825 1307 3183 1380 congregabit
3224 1320 3295 1362 ea;
3320 1306 3362 1360 ⁸.
3403 1323 3424 1356 ι

1854 1400 1921 1456 Ει
1957 1417 2089 1456 vero
2124 1401 2262 1455 alias
2290 1401 2359 1454 ad
2405 1417 2502 1457 eos
2530 1402 2721 1466 etiam,
2756 1401 2848 1471 qui
2886 1401 2954 1455 de
2983 1401 3222 1470 gentibus
3275 1405 3428 1463 sunt,

1854 1495 2077 1549 transiit
2106 1493 2458 1548 Judaicorum
2503 1495 2791 1548 doctorum
2837 1493 3025 1555 labor,
3063 1492 3219 1560 juxta
3248 1490 3380 1556 illud
3410 1506 3428 1546 ε

1861 1604 1883 1639 ι
1911 1585 2205 1640 Auferetur
2234 1601 2263 1640 a
2295 1586 2452 1640 vobis
2489 1600 2716 1656 regnum
2753 1585 2871 1649 Dei,
2916 1592 2971 1638 et
3007 1583 3228 1637 dabitur
3255 1581 3428 1651 genti,

1856 1693 1981 1749 qua:
2028 1676 2194 1732 iaciat
2237 1676 2454 1732 fructus
2489 1677 2609 1746 ejus
2651 1677 2696 1730 ⁷.
2733 1695 2752 1728 ι
2795 1677 2885 1729 Ait
2919 1683 3180 1746 praeterea
3224 1689 3283 1727 se
3309 1686 3430 1725 cum

1855 1774 1932 1827 eis
1965 1770 2134 1842 {tedas
2164 1773 2536 1838 sempiternum
2580 1769 2880 1832 initurum;
2929 1784 3035 1822 non
3070 1765 3240 1822 Musis
3286 1780 3429 1835 pra:-

1859 1875 2036 1932 cepta,
2079 1862 2177 1917 sed
2214 1863 2450 1918 recentis
2485 1861 2800 1917 testamenti
2832 1861 3116 1932 mysteria,
3155 1860 3240 1914 vel
3267 1859 3426 1914 ﬁdem

94 1951 423 2016 σθήσεται
467 1953 556 2005 ἐν
614 1951 740 2018 τοῖς
772 1953 979 2006 ἔθνεσι
1024 1952 1094 2005 τὸ
1138 1951 1377 2020 σπέρμα
1419 1950 1652 2005 αὐτῶν·
1690 1951 1751 2004 οὐ

1857 1969 2149 2025 perennem
2177 1960 2232 2008 et
2267 1953 2633 2008 immortalem
2687 1953 3022 2022 intelligens.
3061 1949 3265 2004 Deinde
3292 1948 3430 2018 adji-

101 2042 163 2094 τδ
193 2043 588 2113 σωματικὸν,
624 2045 708 2113 ἐφ’
733 2036 886 2116 ᾧπερ
931 2043 1194 2114 αὐχοῦσιν
1221 2043 1490 2104 Ἰουδαῖοι,
1520 2043 1656 2096 ἀλλά
1691 2042 1754 2096 τὸ

101 2135 338 2202 λογικὸν
371 2136 494 2208 τῆς
523 2137 889 2207 Ἐκκλησίας,
925 2137 954 2191 ὃ
982 2137 1162 2191 παντί
1192 2137 1506 2206 γνώριμον,
1542 2136 1618 2201 ὡς
1651 2137 1756 2190 ὐπὸ

110 2227 247 2281 Θεοῦ
280 2229 395 2300 τὴν
442 2229 698 2303 αΰξησιν
725 2231 860 2301 ἔχει.
887 2231 1130 2301 Σπέρμα
1163 2231 1272 2301 γὰρ
1298 2231 1331 2301 ἢ
1368 2230 1465 2302 τὴν
1489 2231 1752 2284 διδασκα-

109 2318 258 2383 λίαν,
309 2320 348 2390 ἢ
405 2322 562 2384 τοὺς
612 2312 860 2391 μαθητὰς
920 2323 1186 2393 προσήκει
1221 2325 1402 2387 νοεῖν,
1437 2322 1486 2376 οἳ
1545 2324 1643 2376 καὶ
1697 2323 1755 2391 ἐξ

119 2413 294 2482 αὐτῆς
325 2412 543 2483 ὂψεως
596 2413 686 2468 διὰ
713 2414 810 2484 τῆς
841 2414 1216 2487 ἀγαθουργίας
1268 2415 1579 2485 ὑπάρχουσι
1615 2414 1756 2484 γνὼ-

121 2519 297 2571 ριμοι,
338 2502 426 2567 ὡς
459 2504 652 2572 ἁγίων
697 2505 997 2574 ὑπάρχουσι
1032 2504 1298 2573 μαθηταὶ,
1333 2504 1575 2574 σπέρμα
1603 2504 1757 2570 ὄντες

123 2591 535 2665 εὐλογημένον
582 2595 690 2649 ὐπὸ
738 2595 892 2649 Θεοῦ.
940 2595 1135 2650 Ὀποῖα
1161 2596 1229 2649 τὰ
1283 2598 1404 2651 θεῖα
1436 2598 1545 2649 τῶν
1593 2615 1758 2667 μοναο

128 2684 338 2748 ζόντων
379 2689 757 2758 συστήματα,
798 2687 928 2759 περὶ
978 2681 1054 2742 ὧν
1085 2691 1112 2742 ὁ
1147 2687 1358 2752 Παῦλός
1405 2705 1602 2759 φησιν’
1636 2707 1654 2740 ι
1692 2689 1756 2742 Οἱ

131 2776 188 2830 δὲ
213 2777 311 2830 τοῦ
348 2778 623 2850 Χριστοῦ
667 2779 866 2851 Ἰησοῦ,
921 2781 1019 2852 τὴν
1054 2781 1233 2851 σάρκα
1259 2781 1618 2852 ἐσταύρωσαν
1654 2780 1754 2833 σὺν

138 2871 248 2934 τοῖς
307 2870 638 2940 παθήμασι
678 2873 772 2924 καὶ
809 2874 929 2936 ταῖς
963 2871 1312 2943 ἐπιθυμίαις·
1347 2893 1364 2924 ›
1405 2873 1455 2925 οἳ
1481 2872 1573 2925 καὶ
1601 2873 1756 2930 αὐτοὶ

145 2961 700 3030 εὐφρανθήσονται
740 2963 839 3018 ἐπὶ
885 2963 966 3030 τῷ
1017 2965 1227 3033 Κυρίῳ,
1275 2959 1365 3018 οἶα
1403 2965 1466 3036 δὴ
1500 2966 1758 3020 τοιούτων

148 3056 376 3124 σπέρμα
415 3056 740 3126 γενόμενοι,
769 3057 902 3126 περὶ
931 3050 1005 3110 ὧν
1032 3057 1239 3125 ἐλεγενδ
1273 3055 1380 3111 Καὶ
1409 3060 1755 3128 εὐφροσύνη

144 3147 388 3213 αἰώνιος
429 3148 602 3216 ὑπὲρ
635 3148 908 3217 κεφαλῆς
951 3149 1171 3203 αὐτῶν.
1202 3150 1360 3213 Τινὲς
1401 3150 1458 3204 δὲ
1500 3149 1598 3222 τὴν
1625 3152 1756 3220 ὃλην

153 3238 310 3307 ῥῆσιν
334 3239 622 3294 δύνασθαί
657 3258 789 3309 φασι
817 3242 911 3293 καὶ
959 3240 1035 3306 ὡς
1062 3241 1168 3294 ἀπὸ
1200 3241 1294 3295 τοῦ
1330 3243 1614 3312 προφήτου
1662 3243 1752 3295 λε-

61 3353 65 3359 ·
149 3330 396 3400 γομένην
450 3335 623 3386 νοεῖν.
669 3333 820 3386 Ἐπεὶ
864 3334 972 3404 γὰρ
1005 3333 1450 3404 ὑπερϐάλλουσαν
1497 3335 1602 3407 ἔφη
1652 3335 1747 3389 τοῦ

156 3423 436 3476 Δεσπότου
475 3425 901 3498 φιλανθρωπίαν
929 3425 1023 3479 ἐπὶ
1047 3427 1105 3479 τὸ
1137 3430 1388 3498 κρεῖττον
1418 3428 1594 3482 πάντα
1623 3446 1755 3494 μετ⁹

156 3512 400 3578 οίσοντος
425 3556 442 3580 ,
482 3518 605 3569 Οὐκ
627 3516 759 3588 suo;
779 3520 807 3570 ὁ
835 3517 1017 3586 λόγος,
1057 3521 1190 3590 φησὶ
1211 3560 1226 3581 ,
1249 3517 1350 3590 τῆς
1383 3519 1439 3572 δὲ
1462 3519 1553 3573 τοῦ
1583 3519 1755 3574 Πνεύ-

165 3624 332 3676 ματος
368 3611 701 3682 ἑνηχήσεως
730 3603 868 3663 Θεοῦ
915 3628 982 3681 με
1028 3614 1168 3682 πρὸς
1195 3612 1591 3682 εὐαγγελισμὸν
1623 3615 1755 3667 ἀνα-

161 3698 436 3765 δείξαντος
470 3703 587 3756 τῶν
625 3703 929 3774 μελλόντων
976 3704 1196 3772 ἀγαθῶν
1225 3705 1334 3770 τοῖς
1364 3707 1422 3758 ὲν
1461 3707 1638 3772 πενίᾳ
1665 3723 1756 3774 γε·

166 3795 514 3864 νησομὲνων,
542 3795 620 3860 ὡς
658 3795 725 3849 ἂν
759 3795 902 3850 ἴασιν
925 3796 1208 3867 δεξάμενοι
1250 3797 1488 3869 ψυχικὴν
1518 3798 1750 3852 ἐπανέλ-

168 3882 327 3939 θωσιν
353 3889 469 3942 ἀπὸ
502 3888 606 3959 τῆς
636 3887 781 3941 κατά
813 3888 1019 3961 ταύτην
1047 3893 1484 3959 αἰχμαλωσίας,
1514 3892 1636 3961 ἥτις
1660 3891 1756 3944 καὶ

173 3978 372 4047 κυρίως
436 3980 616 4036 ἐστίν.
694 3981 1033 4050 Σωματικῶς
1089 3981 1198 4054 γὰρ
1256 3983 1326 4036 ἐν
1379 3984 1756 4051 αἰχμαλωσίᾳ

173 4070 420 4139 Δανιὴλ,
456 4073 560 4126 καὶ
599 4073 648 4124 οἱ
683 4075 832 4142 τρεῖς
863 4073 1145 4143 γενόμενοι
1193 4073 1381 4136 παῖδες
1403 4115 1416 4138 ,
1453 4073 1754 4127 ἀδούλωτον

177 4161 326 4233 ἔσχον
354 4168 418 4219 τὸ
479 4167 775 4238 φρόνημα·
811 4167 1016 4240 μᾶλλον
1048 4167 1106 4220 δὲ
1159 4167 1256 4220 καὶ
1308 4167 1368 4220 τὸ
1422 4168 1581 4236 σῶμα
1618 4169 1754 4237 μήτε

174 4256 358 4323 πυρὸς,
397 4260 544 4328 μήτε
595 4257 800 4327 θηρίων
836 4257 1301 4329 καθικνουμένων.
1353 4258 1663 4321 Ἐνιαυτός
1697 4257 1754 4310 δὲ

177 4348 389 4415 Κυρίου
430 4351 670 4416 δεκτὸς,
700 4351 758 4403 ὲν
787 4343 831 4419 ᾧ
894 4350 1194 4421 μεταϐαλεῖ
1227 4350 1363 4420 πρὸς
1397 4351 1456 4403 τὸ
1501 4353 1750 4421 κρεῖττον

175 4433 312 4505 ψυχὴ
342 4439 421 4509 τῷ
476 4441 586 4493 τῶν
625 4439 816 4510 ψυχῶν
856 4439 1086 4511 γεωργῷ
1119 4440 1216 4512 τήν
1264 4441 1570 4511 εὐκαρπίαν
1607 4458 1752 4512 παρ-

181 4524 392 4595 ἔχουσα,
434 4531 694 4602 καθάπερ
747 4531 917 4600 φορὰν
963 4533 1294 4602 σπερμάτων
1347 4532 1564 4602 ἐτήσιον
1621 4530 1753 4600 βλα-

1854 2048 1972 2103 cit:
2004 2047 2071 2100 Et
2101 2055 2445 2116 cognoscatur
2488 2046 2542 2099 in
2573 2046 2816 2116 gentibus
2850 2060 3024 2098 semen
3055 2058 3236 2097 eorum
3265 2056 3285 2095 :
3317 2057 3429 2094 ιιοιι

1855 2155 2180 2212 corporeum
2214 2140 2435 2210 quidem
2475 2139 2632 2203 illud,
2689 2154 2801 2208 quo
2865 2137 3174 2208 gloriantur
3215 2134 3427 2198 Judaei;

1855 2239 1949 2291 sed
1978 2234 2046 2288 ad
2074 2233 2376 2288 Ecclesiam
2423 2231 2690 2297 relatum;
2722 2229 2868 2300 quod
2907 2237 2994 2284 est
3051 2229 3292 2283 omnibus
3339 2244 3432 2282 co-

1853 2328 2080 2399 gnitum,
2125 2334 2384 2396 tanquam
2421 2325 2566 2394 quod
2607 2339 2636 2377 a
2672 2323 2784 2378 Deo
2840 2323 3166 2378 incrementi
3214 2320 3298 2376 sui
3340 2337 3433 2375 ra-

1857 2420 2063 2474 tionem
2113 2417 2334 2472 habeat.
2389 2413 2620 2470 Seminis
2678 2415 2823 2469 enim
2897 2413 3286 2482 appellatione,
3341 2411 3434 2467 vel

1856 2510 2189 2576 doctrinam,
2245 2509 2330 2565 vel
2382 2508 2688 2578 discipulos
2747 2507 2903 2561 decet
2954 2506 3290 2576 intelligere;
3335 2505 3433 2577 qui

1858 2606 1976 2675 ipso
2006 2605 2291 2658 oculorum
2319 2618 2479 2658 sensu
2507 2609 2726 2672 propter
2758 2616 2986 2670 operum
3013 2601 3307 2654 bonitatem
3338 2614 3435 2653 co-

1857 2697 2016 2769 gniti,
2067 2695 2236 2751 veluti
2287 2702 2613 2749 sanctorum
2667 2692 2952 2762 discipuli,
3016 2707 3190 2744 semen
3225 2705 3255 2744 a
3323 2689 3434 2746 Deo

1859 2790 2201 2846 benedictum
2231 2785 2527 2842 exsistunt.
2562 2783 2889 2855 Cuiusmodi
2933 2792 3062 2839 sunt
3092 2783 3270 2839 sancti
3311 2797 3436 2838 mo-

1857 2884 2159 2940 nachorum
2190 2888 2387 2944 ccetus,
2420 2879 2488 2935 de
2518 2877 2720 2949 quibus
2767 2879 2909 2947 apud
2957 2876 3186 2931 Paulum
3231 2876 3286 2932 in
3318 2875 3435 2930 hinc

1861 2978 2021 3031 verba
2082 2975 2364 3046 legimus:
2423 2971 2527 3038 Qui
2577 2979 2762 3026 autem
2816 2968 2948 3026 Jesu
3010 2970 3224 3024 Christi
3282 2976 3434 3032 sunt,

1859 3082 2080 3122 carnem
2114 3065 2508 3121 crucitixerunt
2550 3076 2675 3117 cum
2728 3060 3015 3116 atl'ectibus
3061 3069 3116 3114 et
3162 3058 3437 3128 cupidita-

1861 3162 2008 3215 tibus
2029 3159 2074 3215 ⁸.
2113 3178 2132 3210 ι
2161 3158 2328 3214 Iidem
2352 3167 2408 3212 et
2443 3157 2501 3210 in
2532 3155 2761 3208 Domino
2808 3152 3154 3207 exsultabant
3183 3193 3197 3215 ,
3234 3155 3438 3222 quippe

1861 3253 1954 3322 qui
1983 3251 2089 3306 tale
2115 3265 2300 3307 semen
2323 3247 2622 3309 evaserint,
2649 3247 2717 3302 de
2747 3245 2952 3317 quibus
2984 3245 3272 3310 intellexit,
3309 3260 3435 3299 cum

1859 3346 2103 3401 laetitiam
2128 3343 2499 3412 sempiternam
2524 3341 2576 3393 in
2598 3349 2753 3407 caput
2786 3354 2968 3393 eorum
3005 3336 3120 3391 fore
3157 3336 3441 3407 signiﬁca-

1857 3439 1953 3493 vit.
1985 3439 2126 3492 Sunt
2153 3445 2356 3499 tamen,
2385 3432 2480 3502 qui
2513 3440 2686 3486 totam
2733 3431 3025 3485 verborum
3059 3429 3279 3492 Serietu,
3311 3436 3438 3482 tan-

1857 3545 2018 3600 quam
2056 3544 2085 3580 a
2122 3529 2397 3597 pmphetaz
2428 3540 2660 3595 persona
2709 3524 2845 3590 sint,
2893 3523 3304 3592 intelligendam
3337 3537 3440 3592 pu-

1857 3629 1990 3676 tent.
2020 3620 2181 3689 706
2204 3617 2653 3686 Quandoquidem
2681 3616 2826 3670 enim
2879 3614 3272 3684 permaximam
3318 3628 3442 3667 esse

1857 3712 2077 3768 Domini
2112 3709 2506 3779 benignitatem
2547 3707 2711 3773 dixit,
2763 3705 2858 3775 qtti
2910 3705 3095 3760 omnia
3137 3705 3190 3758 in
3243 3705 3441 3759 melius

1857 3804 2187 3868 transferat;
2223 3818 2334 3857 non
2392 3817 2554 3856 suum
2603 3799 2737 3869 jam,
2771 3797 2867 3852 sed
2910 3796 3223 3851 resonantis
3277 3796 3328 3848 in
3381 3811 3442 3851 se.

1854 3898 2092 3969 Spiritus
2133 3896 2228 3950 Dei
2260 3906 2571 3950 sermonem
2607 3906 2729 3945 esse
2772 3889 2930 3952 dicit,
2960 3889 3052 3957 qui
3095 3905 3150 3942 se
3193 3887 3259 3940 ad
3291 3887 3443 3941 futu-

1854 4003 2038 4041 rerum
2095 3986 2363 4039 bonorum
2428 3979 2906 4036 denuntiationem
2965 3977 3033 4030 iis
3094 3977 3440 4046 designavit,

1854 4093 1990 4149 quos
2019 4085 2160 4132 esset
2193 4085 2477 4145 paupertas
2514 4074 2773 4126 iuvasura
2805 4088 2819 4124 :
2859 4080 2916 4123 ut
2952 4069 3122 4122 animi
3159 4069 3440 4121 medelam

1853 4170 2082 4240 experti,
2111 4168 2354 4235 ejusdem
2387 4167 2461 4219 illi
2486 4180 2544 4220 se
2572 4164 2901 4231 captivitate,
2932 4176 3051 4230 qua}
3087 4174 3210 4213 vere
3236 4167 3291 4213 et
3317 4174 3443 4227 pro-

1857 4261 1970 4330 prie
2027 4259 2258 4321 dicitur,
2309 4257 2628 4311 liberarent.
2688 4253 2932 4320 Corpore
2989 4250 3257 4319 siquidem
3314 4250 3442 4302 licet

1857 4349 2074 4411 Daniel,
2132 4346 2393 4415 puerique
2461 4354 2569 4398 tres
2592 4382 2606 4404 ,
2643 4341 3003 4410 captivitatem
3041 4348 3354 4408 paterentur
3379 4339 3433 4404 ’,

1855 4440 2037 4493 animo
2067 4429 2246 4492 tamen
2281 4451 2387 4490 non
2420 4433 2753 4488 sentiebant.
2798 4431 2908 4482 lmo
2956 4445 3023 4483 ne
3075 4443 3277 4496 corpus
3309 4429 3437 4497 qui-

1854 4531 1975 4586 dem
2008 4531 2224 4584 illorum
2262 4527 2344 4582 vel
2380 4525 2546 4596 ignis,
2573 4524 2656 4577 vel
2705 4522 2833 4576 forte
2879 4521 3201 4591 attigerunt.
3257 4519 3438 4572 Fuerit

186 4622 482 4676 στανὸντων
517 4625 613 4694 μὲν
663 4624 722 4675 ὲν
752 4623 1002 4693 χειμῶνι,
1036 4625 1093 4675 ἐν
1142 4623 1264 4692 ἔαρι
1309 4623 1366 4676 δὲ
1412 4621 1748 4692 αὐξομένων,

1859 4635 1986 4674 vero
2019 4635 2189 4672 annus
2233 4615 2450 4671 Domini
2477 4612 2843 4680 acceptabilis,
2897 4612 2951 4664 in
2985 4626 3094 4678 quo
3134 4610 3439 4664 animarum

185 4708 272 4762 ἐπὶ
301 4712 356 4766 δὲ
390 4715 586 4784 θέρους
616 4715 1034 4782 τελειουμένων.

1860 4709 2080 4773 cultori,
2110 4709 2290 4761 anima
2322 4707 2440 4776 ipsa
2466 4704 2520 4759 in
2554 4704 2748 4758 melius
2775 4707 3130 4761 commutata,
3159 4699 3439 4754 fructuum

190 4802 570 4860 abundantiam
617 4807 895 4880 ediderit:
941 4825 1046 4862 non
1104 4809 1262 4862 aliter
1319 4825 1482 4878 quam
1535 4808 1746 4863 semina
1787 4804 2009 4876 quidem
2038 4805 2156 4872 ipsa
2205 4801 2505 4871 quotannis
2539 4799 2717 4854 hieme
2745 4795 3088 4868 germinare;
3157 4810 3281 4850 vere
3343 4809 3442 4848 au—

190 4901 287 4949 tem
318 4917 566 4959 crescere
624 4913 679 4958 et
708 4905 917 4975 augeri,
962 4913 1148 4959 testate
1187 4904 1418 4973 denique
1462 4904 1646 4973 perlici
1678 4903 1948 4956 videmus.

258 4985 344 5054 Οἷς
382 4995 515 5050 ἀντὶ
561 4997 821 5064 πένθους
867 4999 1256 5067 εὐφροσύνην
1285 4997 1740 5067 εὐαγγελίζεται,

196 5079 284 5132 καὶ
308 5085 403 5155 τῆς
433 5089 765 5161 κατεχούσης
790 5091 985 5152 αὐτοὺς
1017 5089 1286 5160 ἑκατέρας
1310 5089 1742 5158 αἰχμαλωσίας,

199 5166 242 5218 οἳ
271 5173 356 5225 καὶ
412 5176 897 5250 ἀνοικοδομήσουσι
944 5182 1043 5244 τὰς
1097 5181 1352 5244 πλείστας
1402 5195 1748 5251 κατεστραμ-

203 5255 377 5327 μένας,
411 5266 590 5332 ἕξουσί
618 5286 678 5320 τε
707 5271 834 5333 τοὺς
862 5268 1189 5339 ἀλλοφύλους
1223 5269 1280 5320 ὲν
1320 5267 1609 5337 ὑπηρετῶν
1653 5268 1750 5319 τά-

206 5361 360 5416 γματι
414 5360 721 5431 εὐχομένων
767 5361 1022 5431 θητεῦσαι
1075 5364 1185 5424 τοῖς
1249 5359 1614 5429 Ἰσραηλίταις
1666 5357 1746 5428 τῷ

208 5434 336 5511 λόγῳ
369 5447 465 5518 τῆς
504 5450 810 5514 θεοσεϐείας
848 5452 1184 5523 ίερωμένοις.
1227 5451 1350 5504 Ὅτι
1380 5451 1484 5521 γὰρ
1519 5449 1750 5513 ἕκαστος

211 5527 381 5599 ιερεὺς
405 5534 541 5592 εἶναι
566 5539 791 5596 δύναται
819 5542 913 5596 τοῦ
945 5541 1102 5608 Θεοῦ,
1129 5542 1368 5596 δείκνυσι
1388 5543 1482 5595 καὶ
1513 5541 1574 5594 τὸ
1611 5541 1733 5595 κατ’

271 5637 468 5702 ‘Amos
509 5665 605 5715 ιιι,
642 5653 726 5710 lo.

216 5718 266 5760 ιιι
287 5723 333 5764 ct
367 5731 434 5770 vt.

818 5657 840 5689 ⁵
879 5654 1013 5723 lmo,
1046 5651 1149 5712 Job
1176 5669 1266 5721 xx,
1296 5653 1384 5710 15.
1457 5653 1478 5685 ⁸
1507 5651 1650 5707 Psal.
1685 5667 1888 5705 xxxvnt
1915 5691 1928 5714 ,
1955 5649 2011 5702 ’1.

1919 4991 2144 5044 Talibus
2203 4985 2368 5050 igitur
2420 4999 2514 5052 pro
2567 4981 2712 5034 luctu
2801 4981 3048 5035 lanitium
3116 4979 3440 5044 denuntiat,

1848 5080 2208 5156 quantumvis
2250 5092 2348 5132 eos
2381 5085 2676 5144 utrumque
2712 5082 2943 5142 occupet
2972 5071 3298 5138 captivitatis
3344 5087 3438 5138 ge-

1850 5190 1973 5229 nus.
2001 5168 2331 5224 Excitabunt
2362 5173 2415 5218 et
2448 5163 2549 5232 ipsi
2575 5162 2786 5215 animas
2815 5159 3281 5229 quamplurimas.
3314 5171 3442 5223 quae

1851 5270 2143 5334 prostratae
2172 5255 2453 5328 jacebant,
2509 5253 2897 5320 habebantque
2947 5248 3281 5317 alienigenas
3315 5261 3438 5299 ser-

1852 5369 2044 5410 vorum
2073 5353 2213 5412 loco,
2263 5349 2357 5418 qui
2415 5345 2680 5399 lsraelitis
2714 5343 2933 5413 pietatis
2980 5357 3108 5410 ergo
3169 5353 3326 5392 saera
3360 5337 3438 5390 ia-

1855 5447 2150 5505 cientibus,
2187 5439 2438 5494 famulari
2471 5445 2750 5506 exoptem.
2805 5431 3264 5500 Unumquemque
3290 5429 3435 5484 enim

1857 5537 1949 5590 Dei
1984 5531 2305 5589 sacerdotem
2333 5543 2455 5582 esse
2483 5541 2642 5596 posse
2680 5522 2923 5578 ostendit
2960 5531 3012 5574 et
3040 5537 3160 5590 qua:
3201 5535 3295 5590 per
3323 5519 3422 5571 do-

2089 5648 2108 5680 ⁷
2143 5644 2332 5699 Matth.
2366 5659 2456 5698 ιιι
2479 5685 2494 5708 ,
2536 5641 2627 5697 45.
2718 5638 2741 5670 ⁸
2775 5635 2953 5693 Galat.
2987 5649 3038 5702 v,
3072 5632 3164 5688 Ἡ.
3239 5633 3260 5666 ³
3283 5632 3421 5686 Dan.

1467 5804 1698 5862 VARIA'J
1732 5800 2138 5861 LECTIONES.

285 5887 297 5924 ⁵
356 5888 434 5944 lo.
463 5893 543 5947 ὅτι
574 5912 697 5966 περ.
