4046 6386
627 316 763 382 2651

1997 329 2347 393 PROCOPH
2382 333 2629 395 ῦΑΖιΈΙ

3744 337 3860 404 2659

627 447 749 489 mos
778 433 1023 505 singulas
1055 436 1178 492 ovis
1209 438 1579 504 maetabatur,
1612 450 1668 495 et
1707 458 1831 512 quae
1880 460 1978 515 per
2005 447 2210 517 quosli-

2315 444 2466 502 οἶκον
2508 449 2771 519 θυόμενον
2802 447 3099 518 πρόὸατον,
3128 456 3224 500 και
3249 447 3284 515 ἠ
3320 444 3415 499 διὰ
3465 444 3636 511 λόγων
3664 447 3862 505 ἑκάστου

626 527 717 582 bet
743 541 933 596 preces
963 526 1076 582 Deo
1095 527 1421 583 oderuntur.
1452 530 1555 596 Qui
1587 531 1752 602 igitur
1777 534 1963 604 pietati
1988 535 2202 591 incum-

626 618 780 685 bent,
812 620 1047 688 gentium
1082 620 1456 676 oblationibus
1493 623 1683 678 divites
1714 625 1916 689 eﬂ'ecti,
1959 628 2203 682 admira-

624 712 763 770 biles
792 713 957 766 etiatn
986 712 1155 766 futuri
1186 723 1341 781 sunt,
1372 725 1675 785 terramque
1698 717 1885 782 aliam,
1918 733 2028 773 non
2053 726 2203 775 vele-

624 820 765 870 rem,
794 804 1114 873 possessurt',
1169 820 1277 860 non
1321 805 1437 875 jam
1494 807 1588 876 qui
1628 807 1844 862 fuerant
1891 816 2072 873 antea,
2104 807 2202 864 sed

625 898 741 960 alii.
770 906 826 953 et
865 897 1026 953 amici
1070 898 1328 969 judicati.
1385 898 1500 971 Ego
1529 901 1694 965 enim,
1750 902 1920 968 addit,
1967 903 2203 972 justitia:

623 1007 743 1045 sum
780 991 1063 1055 Dominus,
1104 993 1198 1062 qui
1256 1006 1369 1047 non
1422 1008 1587 1050 omne
1639 1008 1812 1064 genus
1865 997 2198 1064 rapinarum,

624 1082 719 1138 sed
748 1084 894 1153 quod
916 1097 984 1138 ea;
1038 1084 1324 1153 iniquitate
1351 1092 1451 1149 est,
1493 1085 1617 1138 odio
1659 1102 1970 1155 prosequor.
2018 1086 2199 1157 Diligo

623 1174 895 1244 siquidem
922 1185 975 1230 et
1002 1191 1120 1241 eos,
1151 1176 1245 1247 qui
1291 1192 1519 1247 regnum
1565 1178 1831 1231 caelorum
1877 1179 2092 1245 rapiunt
2132 1180 2197 1233 ³⁸.

624 1263 728 1332 Qui
762 1275 942 1322 autem
987 1266 1191 1337 injuste
1239 1270 1491 1338 rapiunt,
1539 1285 1645 1323 non
1690 1270 1759 1325 iis
1808 1281 2043 1338 tantum,
2080 1288 2202 1342 quae

623 1368 938 1426 rapuerunt,
973 1359 1195 1429 privati,
1228 1361 1474 1431 nudique
1519 1361 1724 1417 abituri
1771 1369 1922 1429 sunt,
1953 1363 2046 1418 sed
2083 1378 2199 1432 pte—

566 1474 573 1480 ι
623 1465 726 1505 nas
747 1450 913 1505 etiam
970 1452 1076 1506 isto
1126 1453 1349 1508 nomine
1406 1453 1617 1507 luituri.
1676 1451 1827 1507 Justi
1871 1468 2021 1519 vero,
2072 1457 2201 1525 quia

623 1558 837 1607 eorum,
902 1559 1025 1615 qua:
1098 1553 1408 1614 ceperunt,
1466 1546 1597 1601 boni
1663 1546 2076 1615 dispensatores
2140 1564 2201 1604 se

624 1636 993 1706 praebuerunt,
1025 1638 1390 1707 praesentibus
1446 1638 1608 1694 bonis
1694 1647 1750 1695 et
1808 1641 2030 1696 aeternis
2084 1650 2199 1695 tum

625 1731 843 1784 demum
891 1731 1120 1800 petituri
1155 1738 1305 1796 sunt,
1337 1747 1462 1785 cum
1515 1747 1636 1798 eos,
1687 1739 1948 1804 tanquam
1989 1733 2198 1790 benedi-

625 1820 818 1874 ctionis
847 1820 1096 1878 hatredes
1129 1825 1347 1893 agnosci
1376 1824 1537 1895 707
1578 1825 1872 1895 contigerit
1906 1844 1921 1880 :
1954 1842 2063 1881 non
2100 1826 2203 1881 ali-

627 1924 710 1968 ter
747 1929 814 1967 ae
854 1914 1150 1970 sceleratis
1184 1930 1286 1970 sua
1334 1932 1443 1971 non
1476 1916 1729 1971 delutnra
1771 1926 1855 1973 est
1890 1919 2048 1985 ultio,
2093 1919 2202 1975 illis

628 2004 874 2060 lanitium
909 2007 1285 2077 sempiternam
1307 2007 1721 2075 possidentibus.

696 2138 864 2209 708
891 2137 1056 2194 Vens.
1099 2140 1186 2205 10,
1226 2140 1313 2193 11.
1353 2138 1600 2195 Exsultat
1644 2142 1829 2196 anima
1861 2158 1977 2197 mea
2011 2144 2067 2197 in
2095 2141 2203 2198 Do-

628 2229 794 2283 mino.
854 2228 1046 2283 Induit
1091 2232 1232 2284 enim
1282 2248 1360 2285 me
1394 2234 1708 2286 vestimento
1762 2234 1980 2297 salutis,
2029 2246 2077 2289 et
2118 2246 2205 2288 tit-

629 2320 750 2374 nica
817 2320 1041 2376 lwtitiw.
1101 2320 1377 2391 Tanquam
1420 2338 1670 2390 sponsum
1718 2324 2066 2378 circumdedit
2126 2343 2206 2381 me

631 2413 815 2473 mitra,
844 2421 891 2465 et
928 2421 1183 2483 tanquam
1221 2429 1479 2482 sponsam
1507 2415 1716 2467 ornavit
1750 2431 1832 2469 me
1857 2416 2053 2470 mundo
2085 2433 2202 2470 mu-

629 2505 804 2571 liebri,
840 2519 947 2561 etc.

701 2618 828 2673 Post
857 2634 950 2674 eas
990 2619 1412 2691 promissiones,
1466 2639 1607 2693 quas
1656 2622 1936 2689 Christus,
1990 2640 2112 2681 cum
2148 2626 2204 2681 in

630 2711 796 2766 terris
840 2712 1115 2781 apparuit,
1164 2714 1458 2783 prmstitit;
1514 2714 1659 2769 inter
1710 2731 1846 2785 quas
1897 2717 1989 2770 illa
2041 2718 2204 2771 etiam

632 2802 758 2869 fuit,
802 2821 910 2874 qua
944 2805 1223 2861 laztaturos
1250 2807 1305 2861 in
1337 2805 1568 2861 Domino
1602 2808 1920 2875 aliirmavit',
1950 2807 2208 2864 Ecclesia!

627 2898 742 2969 jam
778 2913 1072 2968 personam
1102 2912 1167 2953 ea
1203 2898 1317 2968 ipsa
1345 2940 1359 2963 ,
1387 2892 1507 2969 qua:
1546 2900 1741 2970 adepta
1779 2909 1882 2967 est,
1917 2917 2040 2956 cum
2076 2918 2208 2972 gau—

631 2986 722 3041 dio
759 2997 807 3041 et
838 2988 1033 3042 lwtitia
1064 2988 1398 3058 conﬁtentem
1432 2987 1643 3044 inducit
1682 2992 1878 3046 oratio.
1902 2992 2029 3048 Suis
2062 2993 2206 3047 enim

594 3078 799 3133 rveluti
839 3079 1120 3146 membris,
1178 3080 1232 3134 id
1287 3091 1391 3147 est,
1442 3096 1634 3137 eorum
1690 3084 2053 3154 plenitudine,
2111 3086 2204 3155 qui

636 3170 944 3238 salvantur,
993 3173 1333 3241 resumptis;
1394 3182 1655 3245 tanquam
1723 3177 1955 3247 pulchro
1991 3185 2046 3233 et
2095 3179 2208 3233 ele-

631 3263 782 3334 ganti
811 3278 1043 3334 corpore
1073 3265 1298 3334 praedita
1331 3282 1547 3335 sponsa,
1586 3266 1802 3337 adjecto
1829 3270 1991 3323 etiam
2031 3272 2212 3339 sponsi

632 3368 847 3420 ornatu,
876 3371 985 3410 non
1026 3356 1305 3411 immerito
1330 3359 1567 3411 animant
1594 3376 1748 3413 suam
1770 3360 1824 3414 in
1854 3359 2082 3417 Domino
2113 3380 2211 3418 cn-

633 3449 1019 3519 pitexsultare.
1046 3449 1211 3519 709
1241 3452 1335 3504 Est
1369 3467 1608 3521 namque
1636 3468 1742 3509 una
1773 3469 1988 3521 eorum,
2024 3472 2053 3510 a
2084 3457 2211 3525 qui-

636 3540 739 3593 bus
768 3538 1049 3608 impletur,
1077 3549 1300 3610 propter
1332 3550 1582 3598 mutuum
1615 3559 1973 3611 consensum,
2007 3551 2210 3616 anima,

631 3629 785 3699 juxta
817 3630 950 3686 illud
985 3649 999 3686 :
1042 3649 1063 3683 ι
1100 3631 1232 3687 Erat
1264 3645 1446 3689 autem
1477 3635 1816 3693 credentium
1847 3641 2089 3695 omnium
2121 3658 2215 3698 cor

639 3736 832 3785 unum,
864 3733 918 3776 et
959 3723 1147 3777 anima
1200 3740 1311 3779 una
1346 3725 1410 3782 ¹¹.
1470 3745 1489 3778 ι
1557 3725 1714 3794 Quod
1750 3730 2128 3809 multo‘magis
2159 3732 2214 3787 in

637 3828 781 3867 novo
813 3813 1016 3870 saeculo
1051 3814 1297 3871 futurum
1342 3826 1445 3880 est.
1490 3818 1545 3872 in
1588 3836 1700 3890 quo
1727 3822 1987 3891 superius
2021 3824 2216 3879 allatas

637 3917 802 3960 voces
859 3913 1186 3976 usurpatura
1248 3917 1351 3964 est.
1399 3908 1493 3964 Est
1545 3926 1675 3966 vero
1732 3913 1973 3983 idipsum
2023 3917 2216 3973 salutis

638 4013 831 4063 causa,
860 3998 1007 4068 quod
1040 4014 1096 4053 se
1140 4000 1451 4054 uestimento
1494 4002 1691 4056 salutis
1735 4021 1765 4056 a
1798 4002 2025 4060 Domino
2055 4006 2215 4062 indu-

640 4100 753 4143 tum
774 4106 885 4145 esse
906 4090 1126 4159 adjecit.
1157 4091 1482 4163 lmplebitur
1502 4094 1648 4148 enim
1681 4109 1884 4166 corpus
1921 4097 2099 4167 ipsum
2133 4116 2220 4155 re-

638 4183 1004 4239 surrectionis
1033 4184 1190 4253 luce;
1217 4200 1317 4241 nec
1348 4186 1543 4241 mortis
1566 4203 1690 4243 esse
1716 4188 1931 4244 dicetur
1959 4192 2216 4262 amplius;

636 4272 793 4344 juxta
816 4274 967 4328 Pauli
988 4291 1322 4340 sermonem,
1357 4277 1451 4332 ubi
1480 4279 1604 4347 quis
1633 4295 1693 4334 se
1721 4280 1788 4335 de
1814 4295 2045 4349 corpore
2074 4301 2221 4338 mor-

642 4368 714 4422 tis
747 4366 912 4436 hujus
951 4367 1287 4423 liberaturus
1321 4370 1414 4435 sit,
1445 4372 1641 4440 quaerit
1671 4373 1736 4427 ¹².
1767 4371 2031 4428 Induelur
2057 4378 2220 4432 etiam

2308 542 2699 611 προσαγομένη
2728 538 2806 609 τῷ
2851 538 2971 609 Θεῷ
3010 540 3309 609 προσευχή.
3362 536 3660 607 Θεοσεϐείᾳ
3713 540 3863 597 τοίνυν

2308 630 2701 701 προσκείμενοι
2728 628 2974 696 δέξονται
3007 626 3163 698 παρὰ
3194 627 3317 681 τῶν
3341 626 3541 682 ἐθνῶν
3574 634 3861 702 προσφορὰς

2302 721 2715 787 πλουτοῦντες
2752 721 2847 774 καὶ
2873 719 3334 788 θαυμαζόμενον
3374 719 3476 772 καὶ
3515 720 3634 772 ἀντὶ
3661 721 3752 787 τῆς
3782 725 3865 792 ἁρ-

2304 813 2469 883 χαίας
2524 814 2719 886 ἑτέραν
2773 811 3307 882 κληρονομήσουσι
3383 811 3539 880 γῆν,
3582 813 3691 867 ἀντ’
3718 815 3863 870 ἄλλων

2304 906 2456 962 ἄλλοι
2486 908 2830 978 φαινόμενοι,
2865 904 3324 975 καιφίλοιὸντες.
3359 907 3749 973 Δικαιοσύνης
3770 909 3863 973 ἐγὼ

2302 999 2418 1068 γάρ
2439 1002 2555 1068 ειμι
2586 1001 2818 1067 Κύριος.
2853 998 2975 1069 οὐχὶ
2999 997 3179 1051 πάντα
3196 996 3269 1052 τὰ
3300 996 3662 1065 ἁρπάγματα
3674 998 3859 1067 μισῶν,

2303 1091 2442 1143 ἀλλὰ
2474 1091 2541 1144 τὰ
2563 1090 2633 1154 ἐξ
2653 1090 2911 1157 ἀδικίας.
2952 1090 3062 1144 Καὶ
3085 1088 3197 1159 γὰρ
3219 1087 3368 1152 τοὺς
3401 1086 3761 1155 ἁρπάζοντας
3777 1091 3860 1159 τὴν

2303 1179 2585 1250 βασιλείαν
2607 1180 2716 1234 τῶν
2744 1179 2992 1250 οὐρανῶν
3023 1176 3253 1249 ἀγαπῶ.
3290 1177 3359 1229 υί
3389 1175 3449 1228 δὲ
3470 1175 3671 1240 ἀδίκως
3699 1177 3859 1244 ἀρπά-

2301 1271 2500 1338 ζοντες
2528 1272 2728 1341 γυμνοί
2755 1289 2818 1325 τε
2844 1272 2953 1324 τῶν
2975 1268 3383 1339 ἁρπαγμάτων
3425 1267 3644 1331 ἀπίασι,
3676 1270 3762 1320 καὶ
3784 1270 3862 1340 τὴν

2301 1365 2440 1436 ὑπὲρ
2465 1364 2645 1418 αὐτῶν
2679 1363 3000 1418 ἀποτίσουσι
3048 1362 3228 1433 δίκην.
3259 1362 3329 1414 Οἱ
3367 1358 3429 1411 δὲ
3467 1358 3694 1413 δίκαιοι
3735 1361 3862 1415 καλοὶ

2299 1456 2407 1509 τῶν
2432 1456 2746 1525 ληφθέντων
2787 1455 3064 1525 οἰκονόμοι
3091 1453 3407 1523 γενόμενοι,
3434 1451 3534 1505 καὶ
3560 1451 3665 1504 τῶν
3690 1454 3859 1521 παρόν-

2300 1568 2428 1611 των,
2443 1550 2538 1603 καί⁵
2559 1550 2668 1603 τῶν
2694 1548 2931 1602 αἰωνίων
2958 1545 3180 1616 ἀγαθῶν
3209 1543 3647 1609 ἀπολαύσουσιν,
3676 1544 3777 1606 ὅτε,
3797 1544 3857 1608 ὡς

2299 1642 2578 1711 εὐλογίας
2608 1640 2760 1705 ὄντες
2796 1638 3152 1710 κληρονόμοι,
3182 1634 3666 1707 τνωσθήσονται,
3697 1637 3855 1705 ὥσπερ

2302 1727 2396 1788 οὖν
2439 1732 2537 1785 καὶ
2568 1733 2618 1785 οἱ
2669 1730 2895 1801 πονηροὶ
2926 1727 3304 1799 κολαζόμενοι,
3350 1728 3857 1797 κληρονομούντων

2235 1791 2277 1849 Β
2306 1820 2534 1875 ἐκείνων
2561 1818 2956 1888 εὐφροσύνην
2983 1816 3246 1872 αἰώνιον.

2378 2149 2429 2202 ι’,
2469 2138 3007 2208 ια’.ΙἈγαλλιάσθω
3034 2139 3073 2207 ἡ
3093 2138 3266 2209 ψυχή
3285 2155 3411 2208 μου
3431 2139 3532 2191 ἐπὶ
3570 2136 3649 2203 τῷ
3674 2140 3843 2209 Κυρίῳ.

2317 2233 2605 2289 Ἐνέδυσε
2635 2230 2750 2301 γάρ
2782 2247 2861 2301 με
2894 2229 3128 2300 ἱμάτιον
3174 2231 3506 2300 σωτηρίου,
3543 2230 3643 2283 καὶ
3673 2230 3843 2300 χιτῶνα

2304 2325 2712 2394 εὐφροσύνης.
2751 2323 2846 2388 Ὡς
2888 2322 3126 2391 νυμφίῳ
3163 2320 3486 2389 περιέθηκέ
3506 2338 3609 2391 μοι
3657 2323 3833 2391 μίτραν,

2307 2418 2405 2472 καὶ
2435 2419 2513 2485 ὠς
2541 2420 2786 2488 νύμφην
2822 2418 3253 2488 κατεκόσμησέ
3282 2434 3366 2487 με
3402 2419 3637 2488 κόσμῳ,
3666 2436 3715 2473 κ.
3743 2418 3837 2475 τ.λ.

2376 2615 2531 2670 Μετὰ
2572 2616 2675 2679 τὰς
2712 2615 3067 2685 ἐπαγγελίας,
3105 2614 3172 2679 ἃς
3208 2614 3409 2685 φανεὶς
3460 2616 3488 2668 6
3528 2614 3745 2685 Χριστὸς
3774 2615 3846 2668 ἐπὶ

2311 2706 2415 2777 γῆς
2447 2705 2807 2778 ἐπληρώσατο
2837 2707 2917 2777 (ἐν
2956 2701 3044 2769 αἷς
3077 2701 3145 2776 ἦν
3176 2705 3273 2759 καὶ
3302 2705 3391 2769 τὸ,
3418 2704 3849 2775 Εὖφρανθήσονται

2308 2798 2403 2852 ἐπὶ
2430 2798 2678 2871 Κύριον),
2706 2801 3110 2870 προσωποποιεῖ
3132 2798 3234 2867 τὴν
3275 2798 3604 2868 Ἐκκλησίαν
3648 2798 3675 2850 6
3703 2797 3845 2864 λόγος,

2311 2891 2396 2961 ἐφ’
2426 2886 2508 2955 οἷς
2552 2890 2737 2961 ἔτυχεν
2769 2889 3339 2960 ἐξομολογουμένην
3392 2890 3492 2943 καὶ
3542 2890 3846 2959 χαίρουσαν.

2323 2982 2698 3038 ’Λπολαϐοὖσα
2735 2984 2845 3054 γὰρ
2867 2982 3056 3054 ὥσπερ
3085 2983 3195 3035 ἴδια
3223 2981 3395 3053 μέλη,
3426 2983 3532 3033 τῶν
3577 2979 3850 3048 σωζομένων

2313 3077 2373 3129 τὸ
2407 3077 2700 3145 πλήρωμα,
2736 3075 2813 3138 ὼς
2844 3075 2908 3128 ἐκ
2935 3074 3187 3145 σώματος
3225 3072 3542 3145 εὐπρεποῦς
3566 3072 3848 3140 συγκειμένη

2324 3169 2566 3238 νύμφη,
2628 3168 2722 3221 καὶ
2779 3168 2871 3222 τὸν
2920 3169 2985 3221 ἐκ
3033 3167 3128 3221 τοῦ
3183 3169 3455 3237 νυμφίου
3524 3162 3849 3235 προσλαϐοῦσα

2319 3264 2573 3331 κόσμον,
2604 3261 2827 3324 εἰκότως
2857 3261 3051 3330 φησίν·
3088 3258 3493 3329 Ἀγαλλιάσθω
3524 3258 3558 3325 ἡ
3588 3254 3739 3326 ψυχή
3758 3270 3851 3322 μου

2318 3353 2420 3407 ἐπὶ
2448 3352 2526 3419 τῷ
2568 3352 2784 3421 Κυρίῳ.
2829 3351 2943 3406 Μία
2973 3353 3083 3422 γὰρ
3129 3351 3238 3404 τῶν
3267 3351 3441 3421 αὐτὴν
3486 3344 3848 3420 πληρούντωνὴ

2319 3444 2407 3500 διὰ
2429 3447 2528 3517 τῆς
2557 3445 2696 3516 πρὸς
2735 3444 3001 3514 ἀλλήλους
3047 3443 3357 3514 συμπνοίας
3393 3442 3586 3511 ψυχὴ,
3616 3438 3743 3493 κατὰ
3773 3436 3848 3487 τόο

2327 3557 2345 3590 ι
2372 3537 2482 3590 Καὶ
2514 3533 2582 3608 ἦν
2631 3536 2849 3590 πάντων
2884 3537 2993 3589 τῶν
3041 3535 3412 3589 πιστευόντων
3444 3536 3477 3605 ἡ
3516 3532 3696 3605 καρδία
3725 3528 3850 3596 καὶὴ

2320 3629 2466 3702 ψυχὴ
2507 3630 2624 3700 μία.
2654 3648 2674 3681 ι
2715 3631 2782 3682 *υ
2816 3628 2998 3701 πολλῷ
3026 3630 3230 3701 μᾶλλον
3274 3628 3373 3682 ἐπὶ
3418 3627 3514 3681 τοῦ
3564 3624 3739 3686 αἰῶνος
3778 3620 3850 3673 τοῦ

2321 3724 2444 3777 νέου
2493 3723 2807 3792 γενήσεται,
2847 3722 2905 3775 ὲν
2959 3714 3004 3789 ᾧ
3057 3722 3157 3784 τὰς
3211 3719 3581 3791 προκειμένας
3629 3711 3848 3770 ἀποδώσει

2325 3814 2530 3885 φωνάς.
2554 3814 2630 3867 Τὸ
2680 3813 2739 3867 δὲ
2768 3812 2878 3881 τῆς
2910 3813 3215 3880 σωτηρίας
3243 3810 3444 3875 αἴτιον,
3472 3806 3738 3863 Ἐνέδυσε
3767 3802 3850 3871 γὰρ

2328 3924 2398 3977 με
2434 3905 2672 3977 ἱμάτιον
2705 3906 3025 3973 σωτηρίου.
3070 3904 3144 3957 Τὸ
3190 3903 3297 3975 γὰρ
3341 3903 3502 3972 σῶμα
3537 3900 3629 3969 τῆς
3658 3894 3848 3950 ἀναστά-

2326 4017 2464 4064 σεως
2503 4000 2680 4070 φωτὸς
2710 3999 2863 4052 ἔσται
2892 3997 3121 4069 πλῆρες,
3149 3997 3249 4050 οὐκ
3285 3995 3371 4050 ἔτι
3416 3994 3637 4049 Θανάτου
3664 3988 3849 4057 λεγόμε-

2324 4109 2435 4155 νον,
2468 4091 2610 4145 κατὰ
2647 4091 2726 4157 τὸ,
2771 4090 2868 4154 Τίς
2919 4107 2986 4160 με
3024 4088 3247 4161 ῥύσεται
3271 4090 3338 4142 ἐκ
3384 4086 3478 4141 τοῦ
3520 4085 3744 4153 σώματος
3778 4074 3849 4129 τοῦ

2327 4185 2563 4239 Θανάτου
2588 4183 2780 4237 τούτου
2806 4200 2822 4251 ;
2848 4182 3150 4250 Σωτηρίου
3179 4180 3235 4234 δὲ
3268 4179 3500 4249 ἱμάτιον
3527 4168 3850 4243 περιτεΟΙίσῢ

2327 4292 2421 4330 ται
2442 4273 2517 4342 τῇ
2541 4271 2736 4343 ψυχῇ,
2759 4272 2857 4326 καὶ
2886 4270 3070 4341 χιτὼν
3092 4267 3749 4339 εὐφροσύνης.”Εκαστος
3768 4257 3850 4326 γὰρ

2328 4368 2426 4432 τὰς
2457 4368 2594 4431 ἰδίας
2624 4363 2991 4436 ἀνδραγαθίας
3027 4365 3331 4424 ἐνδύσεται.
3362 4361 3585 4422 ταύταις
3613 4357 3849 4419 ἐνευφραι·

640 4463 944 4516 vestimento
975 4462 1187 4524 salutis,
1215 4462 1412 4531 inquit,
1447 4464 1630 4517 anima
1654 4503 1669 4527 ,
1704 4475 1755 4519 et
1784 4467 1966 4521 tunica
1997 4467 2210 4524 lartitiaz.

2329 4461 2576 4530 νόμενος.
2607 4458 2818 4525 Ἤγουν
2843 4452 3067 4525 χιτῶνά
3108 4470 3239 4522 φησι
3262 4453 3354 4504 τὸν
3385 4448 3634 4541 Χριστδν,
3665 4438 3785 4541 κατὰ
3799 4436 3851 4538 τὸ

643 4552 721 4605 Ita
755 4554 900 4607 enim
952 4569 1422 4623 unumquemque,
1465 4572 1588 4625 quae
1639 4557 1856 4612 fortiter
1909 4562 2101 4630 gessit,
2132 4562 2228 4616 ha-

642 4640 925 4705 biturum;
950 4640 1205 4709 illisque,
1221 4648 1483 4712 tanquam
1520 4646 1882 4713 vestimentis,
1901 4650 2224 4705 delectatum

643 4732 709 4786 iri
741 4731 1031 4803 signiﬁcat.
1066 4731 1163 4787 Vel
1194 4743 1344 4789 certe
1398 4736 1591 4790 tunica:
1639 4740 1880 4807 nomine,
1942 4742 2223 4799 Christum

644 4827 848 4895 ipsum,
908 4824 1063 4889 juxta
1122 4825 1275 4883 Pauli
1347 4833 1723 4896 sententiam,
1781 4833 2084 4905 intelligit;
2130 4835 2222 4905 qui

644 4916 935 4972 Dominum
966 4929 1214 4973 nostrum
1258 4918 1448 4975 Jesum
1486 4921 1769 4977 Christum
1821 4924 2051 4980 induere
2082 4942 2223 4997 prae-

645 5008 780 5079 cipit
817 5008 899 5076 “;
928 5008 1076 5079 quod
1116 5010 1211 5080 qui
1241 5007 1455 5077 fecerit,
1491 5027 1599 5066 non
1631 5012 1863 5069 salutem
1897 5013 2079 5080 modo,
2129 5014 2225 5070 sed

646 5101 895 5156 iwtitiam
940 5101 1105 5155 etiam
1158 5101 1392 5173 adeptus
1445 5102 1655 5159 fuerit:
1701 5105 1862 5175 quale
1910 5116 1995 5162 est
2043 5106 2222 5165 illud:

653 5214 672 5247 ι
709 5195 820 5265 Ego
860 5194 979 5250 veni
1020 5206 1077 5250 ιιι
1108 5196 1274 5250 vitam
1318 5196 1580 5263 habeant,
1614 5209 1668 5253 et
1711 5198 2086 5256 abundantius
2124 5201 2224 5256 ha-

647 5287 817 5343 beant
862 5287 929 5342 ".
983 5305 1001 5339 ι
1043 5287 1097 5341 In
1158 5303 1268 5359 quo
1318 5288 1740 5347 abundantioris
1778 5291 2022 5357 nomine,
2053 5292 2222 5346 vitam

648 5392 794 5443 eam,
824 5394 944 5447 qua:
968 5378 1171 5432 iwtitiw
1188 5378 1638 5449 conjunctionem
1664 5380 1885 5444 habeat,
1915 5382 2220 5437 intellexit:

652 5483 816 5538 quam
848 5470 893 5524 si
922 5470 1045 5540 quis
1076 5472 1450 5538 nanciscatur,
1496 5483 1695 5526 ornatu
1732 5474 1976 5543 quolibet
2022 5474 2226 5529 intelli-

653 5560 803 5631 glbili
836 5562 1214 5620 coronabitur.
1251 5563 1409 5631 Quod
1441 5565 1489 5620 si
1530 5565 1584 5621 in
1616 5565 1792 5621 virum
1830 5567 2067 5621 evaserit
2101 5582 2222 5636 per-

729 5760 771 5793 “
804 5757 994 5817 Matth.
1026 5775 1082 5815 xl
1104 5802 1119 5829 ,
1152 5760 1238 5816 l2.
1318 5762 1355 5793 “
1386 5763 1507 5819 Act.
1537 5778 1611 5830 tv,
1652 5763 1740 5817 ‘26.
1821 5765 1861 5795 "
1900 5762 2058 5820 Rom.
2101 5779 2172 5821 vn
2200 5805 2214 5830 ,
2248 5763 2338 5820 9.4.
2419 5762 2461 5795 "
2491 5762 2649 5819 Rom.
2682 5779 2777 5817 xm
2800 5805 2813 5829 ,
2837 5763 2920 5817 14.

2329 4553 2405 4623 τῷ
2436 4550 2746 4619 Ἀποστόλῳ
2765 4547 2929 4620 ῥηθέν
2950 4563 2964 4576 ·
3000 4566 3017 4599 ι
3047 4544 3370 4599 Ἐνδύσασθε
3397 4543 3488 4595 τὸν
3515 4538 3700 4608 Κύριον
3728 4533 3847 4600 ἡμων

2337 4642 2549 4714 Ἰησοῦν
2575 4641 2669 4695 τὸν
2700 4638 2959 4712 Χριστόν.
2987 4638 3117 4692 »Ὃν
3151 4639 3178 4690 ὁ
3215 4637 3501 4707 δεχόμενος
3530 4629 3655 4701 πρὸς
3687 4625 3847 4714 τῇνσω·

2323 4738 2522 4809 τηρίᾳν
2574 4734 2672 4788 καὶ
2723 4733 2790 4786 τὸ
2832 4734 2903 4788 ἐν
2951 4731 3359 4803 εὐφροσύναις
3412 4726 3548 4781 εἶναι
3595 4713 3840 4809 κερδαίνειἰ

2338 4800 2558 4884 ’ὁποῖόν
2588 4830 2705 4881 ἐστι
2747 4825 2810 4878 τό
2829 4840 2842 4855 ·
2875 4842 2894 4876 ι
2934 4800 3078 4892 Ἐγὼ
3100 4819 3287 4894 ἦλθον,
3321 4822 3410 4874 ἵνα
3441 4817 3577 4888 ζωὴν
3594 4812 3755 4882 ἔχωσι,
3778 4800 3847 4897 καί

2330 4919 2592 4993 περισσὸν
2626 4919 2813 4990 ἔχωσι.
2851 4936 2871 4971 ι
2909 4917 3180 4989 Περισσὸν
3226 4916 3402 4983 λέγων
3455 4913 3550 4981 τὴν
3579 4901 3693 4970 ὲνῇ
3727 4907 3845 4967 Ζαρᾳ

2334 5013 2710 5086 γενησόμεθα’
2741 5011 2801 5066 ὂν
2828 5012 2964 5075 εῐτις
2990 5010 3168 5076 λάϐοι,
3200 5006 3660 5080 στεφανωθήσεται
3686 4994 3847 5086 κόσμξν

2333 5078 2499 5161 παντὶ
2532 5078 2727 5177 νοητῷ.
2776 5104 2918 5158 Ἀλλ’
2957 5105 3007 5157 εί
3043 5103 3142 5174 μὲν
3170 5102 3251 5165 είς
3286 5078 3457 5172 ἄνδρα
3488 5093 3755 5160 κατήντησε

2325 5199 2493 5264 λειον,
2524 5167 2628 5264 ὡς’
2659 5167 2923 5266 τλυμφιοςῖ
2944 5167 3441 5265 στειρανωθήσεται.
3477 5179 3776 5273 ὙποὸαίνωΪ

2330 5295 2443 5354 τοῖς
2470 5291 2706 5362 μέτροις,
2727 5290 2806 5356 ὡς
2826 5290 3029 5359 νύμφη
3051 5285 3379 5357 κοσμεῖται,
3395 5276 3670 5369 δυναμένου
3690 5274 3843 5369 του.εις

2335 5384 2533 5454 μέτρον
2565 5381 2783 5452 ἡλικίας
2822 5380 3119 5451 ὲφθακότος
3152 5382 3326 5434 εἰπεῖν
3343 5396 3358 5411 ·
3378 5399 3395 5430 ι
3420 5368 3519 5430 Τὸν
3538 5368 3682 5427 καλὸν
3696 5364 3843 5428 ἀγῶνα

2335 5476 2669 5545 ἠγώνισμαι,
2686 5476 2776 5529 τὸν
2791 5475 2990 5546 δρόμον
3006 5474 3286 5541 τετέλεκα,
3301 5472 3396 5544 τὴν
3418 5471 3586 5523 πίστιν
3600 5460 3838 5527 τετήρηκαν

2332 5567 2519 5621 λοιπὸν
2553 5566 2842 5621 ἀπόκειταί
2870 5584 2959 5636 μοι
2996 5569 3024 5622 6
3063 5568 3162 5638 τῆς
3191 5565 3528 5633 δικαιοσύνης
3550 5554 3786 5623 στέφανος.
3819 5557 3833 5591 ³

3038 5762 3081 5794 ¹⁶
3119 5761 3275 5819 Joan.
3311 5778 3364 5829 ι,
3399 5760 3479 5816 to.
