4046 6386
229 379 353 447 2653

1327 378 1858 441 COMMENTARII
1901 380 1983 441 IN
2017 382 2305 451 ISAIAM.

3322 395 3461 458 Ξῦῖιί

233 494 451 552 lectum;
495 497 746 558 tanquam
799 506 1025 559 sponsus
1065 489 1440 544 coronabitur.
1484 491 1580 545 Sin
1636 499 1816 545 autem
1871 507 2037 563 supra
2092 498 2312 552 modum
2340 511 2664 570 exsuperet;
2694 514 2944 573 tanquam
3001 522 3193 572 sponsa
3241 507 3461 559 ornabi-

230 597 328 645 tur,
375 597 492 635 cum
545 582 840 652 possitqui
885 597 1196 636 mensuram
1248 583 1428 637 a-tatis
1499 584 1700 652 attigit,
1767 583 1987 638 dicere:
2057 605 2074 637 α
2123 586 2330 643 Bonum
2388 601 2666 648 certamen
2751 597 2975 660 certavi,
3029 613 3250 651 cursum
3337 612 3459 652 con-

226 673 494 735 Summavi,
527 674 682 729 [idem
741 675 1020 728 servavi”
1056 691 1072 741 ;
1104 675 1363 744 deinceps
1411 679 1692 730 recondita
1732 681 1817 727 est
1875 676 2004 730 mihi
2041 695 2243 734 corona
2274 685 2518 750 justitiaa.
2561 706 2580 737 ι

288 768 483 834 Ἠγουν
501 768 625 828 τοὺς
643 767 1073 838 αὐτοὺς,διὰμὲν
1098 772 1197 842 τὴν
1220 769 1492 840 ἀνδρείαν,
1515 770 1778 839 νυμφίον
1804 773 1852 828 Α

223 860 381 914 καλεῖ.
434 859 531 911 Διὰ
582 861 638 911 δὲ
696 859 756 912 τδ
810 862 1148 930 καρπογόνον
1207 863 1345 931 μετὰ
1390 861 1484 914 τοῦ
1531 861 1775 914 ποικίλον

219 948 492 1020 ἐξάρετῶν
521 949 664 1019 ἔχων
694 950 753 1003 τὸ
806 951 999 1014 κάλλος
1026 994 1038 1011 ,
1070 953 1332 1020 νύμφην.
1368 953 1594 1023 Εἴρηται
1623 951 1775 1018 γοῦν.

223 1043 340 1096 «Διὰ
363 1040 450 1093 τὸν
467 1040 628 1109 φόϐον
650 1057 765 1106 σου,
784 1040 976 1112 Κύριε,
993 1043 1048 1093 ἐν
1063 1043 1260 1113 γαστρὶ
1275 1043 1558 1112 ἐλάϐομεν,
1574 1062 1592 1096 ι
1611 1042 1781 1096 καὶτὰ

219 1135 343 1206 μετὰ
383 1132 573 1188 ταῦτα,
618 1133 677 1185 '0
713 1133 769 1185 δὲ
804 1133 1056 1196 ’Λκύλας,
1103 1133 1197 1198 Ὧς
1230 1134 1494 1204 νυμφίον
1526 1136 1783 1204 ἱερατευ-

212 1225 408 1296 μένον,
463 1224 560 1278 καὶ
605 1225 686 1289 ὡς
733 1225 977 1294 νύμφην
1019 1225 1449 1294 κοσμουμένην
1493 1228 1783 1280 σκεύεσιν

213 1317 425 1386 αὐτῆς,
469 1318 753 1382 ἐξέδωκεν.
790 1319 847 1371 Ὁ
895 1319 952 1372 δὲ
995 1319 1322 1390 Σύμμαχος·
1363 1320 1588 1388 ’Ὠσπερ
1633 1339 1781 1390 νυμ-

213 1412 343 1481 φίον
383 1412 846 1481 κεκοσμημένον
899 1411 1211 1480 στεφάνῳ,
1264 1412 1364 1466 καὶ
1399 1413 1480 1477 ὠς
1535 1414 1779 1482 νύμφην

212 1503 622 1572 περικειμένην
675 1503 790 1572 τὴν
839 1505 1078 1571 σκευὴν
1129 1503 1341 1572 αὐτῆς.
1413 1503 1478 1556 Ἦ
1539 1504 1596 1558 δὲ
1637 1503 1776 1575 αὑτὴ

208 1597 394 1665 νύμφη
425 1613 509 1658 τις
547 1591 682 1648 οὖσα
728 1595 821 1648 τοῦ
870 1597 1124 1665 Νυμφίου
1156 1596 1352 1664 Λόγου,
1398 1597 1490 1649 καὶ
1532 1596 1600 1648 τὰ
1639 1598 1770 1666 παρ’

209 1687 361 1744 αὐτοῦ
413 1689 710 1759 σπέρματα
767 1689 1171 1759 ὑποδεξαμένη,
1227 1687 1496 1756 καρποὺς
1533 1687 1769 1758 ὡραίους

208 1777 523 1832 ἀποδιδοῦσα
557 1779 649 1831 κα)⁵
689 1779 935 1842 εὐανθεῖς
973 1779 1140 1847 λέγει,
1171 1780 1264 1832 καὶ
1301 1781 1382 1846 ὡς
1411 1779 1525 1848 γῆν
1548 1779 1769 1843 αὔξου-

208 1888 318 1926 σαν
352 1871 416 1922 τὸ
447 1869 634 1934 ἄνθος
671 1867 882 1935 αὐτῆς.
917 1869 1006 1932 Ὠς
1038 1869 1102 1923 ἂν
1135 1869 1191 1921 δὲ
1221 1869 1294 1939 μὴ
1331 1867 1767 1940 συναρπάζοντες

206 1965 277 2027 εἰς
298 1962 523 2024 ἑαυτοὺς
561 1963 800 2015 Ἰουδαῖοι
829 1961 997 2015 ταῦτα
1022 1962 1371 2033 λαμϐάνοιεν,
1400 1961 1770 2016 διαστέλλεται

203 2058 394 2125 λέγων’
457 2056 572 2109 Καὶ
624 2056 970 2125 ἀγαλλίαμιι
1028 2055 1308 2110 ἐναντίον
1358 2056 1600 2109 πάντων
1651 2055 1770 2108 τῶν

199 2148 394 2205 ἐθνῶν.
444 2149 668 2214 Ἄνθος
723 2147 781 2200 δέ
818 2165 1003 2214 φασιν,
1061 2147 1093 2218 ἢ
1148 2147 1239 2200 τὸν
1293 2147 1526 2218 Χριστὸν
1587 2146 1677 2199 τὸν
1713 2149 1768 2198 ὲν

203 2242 425 2312 ᾊσμασι
447 2241 700 2310 λέγοντα·
729 2260 748 2290 ι
771 2241 908 2310 Ἐγὼ
924 2241 1084 2304 ἄνθος
1111 2241 1204 2293 τοῦ
1231 2240 1634 2311 πεδίου,κρῖνον
1657 2238 1766 2292 τῶν

197 2334 475 2394 κοιλάδων,
515 2353 534 2386 ι
571 2334 605 2406 ἢ
640 2334 700 2387 τὸ
716 2333 1068 2402 εὐαγγελικδν
1111 2334 1402 2404 κήρυγμα,
1443 2329 1505 2385 οὗ
1537 2332 1650 2401 τὴν
1681 2333 1765 2386 δι-

198 2428 528 2494 καιοσύνην
554 2429 582 2480 ὁ
610 2427 892 2500 κατορθῶν
919 2427 1420 2496 εὐφρανθήσεται,
1443 2427 1570 2479 ὅταν
1598 2427 1762 2479 dum}-

197 2535 289 2589 σῃ·
331 2537 349 2570 ι
386 2515 458 2571 Εὖ
511 2518 664 2572 δοῦλε
713 2519 885 2588 ἀγαθὲ
944 2519 1038 2572 καὶ
1103 2520 1303 2582 πιστὲ,
1353 2519 1443 2571 ἐπὶ
1496 2517 1663 2584 ὀλίγα
1696 2513 1764 2587 ἧς

195 2612 370 2674 πιστός
391 2629 404 2642 ·
445 2612 546 2664 ἐπὶ
580 2611 792 2664 πολλῶν
823 2629 881 2664 σε
916 2612 1265 2681 καταστήσω.
1301 2609 1523 2664 Εἵσελθε
1555 2611 1635 2673 εἰς
1661 2611 1762 2683 τὴν

193 2707 352 2776 χαρὰν
375 2705 474 2758 τοῦ
516 2705 724 2776 Κυρίου
758 2721 874 2758 σου.
908 2723 926 2756 ι

767 2881 1017 2934 ΚΕΦΑΛ.
1058 2881 1156 2933 ΞΒ⁰

253 2974 400 3042 α-ιβν.
430 2972 540 3026 Διὰ
579 2970 736 3027 Σιὼν
775 2975 846 3026 οὐ
873 2971 1278 3041 σιωπήσομαι,
1309 2974 1408 3026 καὶ
1428 2973 1523 3027 διὰ
1557 2974 1761 3044 Ἰερου-

192 3065 384 3134 σαλὴμ
414 3067 535 3119 οὐκ
563 3065 796 3133 ἀνήσω,
825 3063 936 3130 ἕως
971 3064 1046 3118 ἂν
1079 3063 1294 3135 ἐξέλθῃ
1325 3067 1404 3132 ὠς
1442 3066 1569 3135 φῶς
1608 3068 1646 3136 η
1678 3066 1762 3121 δι-

189 3157 472 3224 καιοσύνη
509 3173 661 3225 μου,
706 3155 772 3209 τὸ
803 3155 872 3209 δὲ
912 3155 1213 3225 σωτήριόν
1243 3175 1363 3226 μου
1409 3157 1489 3224 ὠς
1520 3159 1762 3228 ,λαμπὰς

191 3250 568 3315 καυθήσεται.
605 3250 713 3303 Καὶ
752 3249 1002 3318 ὄψονται
1037 3250 1182 3318 ἔθνη
1216 3250 1331 3318 τὴν
1363 3250 1759 3320 δικαιοσύνην

189 3357 312 3404 σου,
343 3339 442 3392 καὶ
477 3338 771 3404 ,βασιλεῖς
803 3338 914 3404 τὴν
958 3337 1146 3402 δόξαν
1191 3355 1329 3400 σου,
1373 3339 1473 3392 καὶ
1509 3339 1757 3393 καλέσει

187 3448 252 3486 σε
291 3432 355 3485 τὸ
389 3429 588 3499 ὄνομά
620 3444 738 3484 σου
791 3430 858 3483 τὸ
899 3431 1134 3495 καινὸν,
1171 3430 1201 3484 ὃ
1227 3434 1259 3484 o'
1298 3433 1514 3499 Κύριος
1542 3431 1757 3501 ὀνομά-

187 3540 270 3576 σει
309 3524 476 3578 αὑτό.
518 3522 626 3576 Καὶ
676 3521 794 3588 ἔσῃ
837 3522 1138 3590 στέφανος
1180 3523 1453 3590 κάλλους
1485 3525 1554 3578 ἐν
1607 3524 1758 3593 χειρὶ

191 3618 417 3688 Κυρίου,
470 3617 574 3672 καὶ
622 3615 886 3685 διάδημα
934 3616 1260 3683 βασιλείας
1291 3618 1362 3670 ἐν
1409 3617 1559 3687 χειρὶ
1608 3618 1756 3671 Θεοῦ

189 3727 314 3770 σου.
345 3727 399 3764 κ.
429 3727 485 3764 τ.
517 3709 573 3763 λ.

259 3819 380 3872 Ἐπὶ
432 3819 492 3871 δὲ
532 3819 646 3882 τοῖς
690 3817 1004 3888 εἰρημένοις
1049 3817 1078 3870 ὁ
1129 3817 1421 3889 προφήτης
1466 3817 1754 3882 διατεθεὶς,

187 3911 270 3964 καὶ
298 3905 406 3964 οἷον
439 3910 633 3973 ἔνθους
659 3910 747 3979 ὑφ’
779 3909 975 3981 ἡδονῆς
994 3909 1304 3980 γενόμενος,
1322 3911 1428 3964 Διὰ
1453 3910 1625 3976 Σιὼν,
1655 3928 1758 3981 φη-

187 4000 280 4064 σὶν,
312 4002 383 4054 οὺ
419 3997 833 4069 σιωπήσομαι.
880 3998 980 4053 Διὰ
1011 3999 1211 4062 παντὸς
1245 4001 1354 4071 γὰρ
1393 4000 1574 4070 βοήσω
1619 4001 1757 4071 πρὸς

183 4091 264 4143 τὸν
291 4093 422 4144 Θεὸν
469 4091 735 4145 ἱκετεύων
785 4091 845 4144 τὸ
893 4091 1002 4144 τῶν
1046 4093 1354 4163 εἰρημένων
1401 4094 1528 4147 ἰδεῖν
1557 4095 1758 4147 ἀποτέ-

185 4180 362 4250 λεσμα,
405 4182 552 4251 ὅπερ
625 4180 778 4232 ἔσται
813 4178 902 4231 ἐπ’
955 4180 1020 4233 ἂν
1063 4181 1101 4247 ἠ
1137 4181 1492 4247 δικαιοσύνη
1543 4181 1643 4235 καὶ
1689 4180 1756 4234 τὸ

182 4271 470 4340 σωτήριον
539 4268 944 4338 Ἰερουσαλὴμ
1015 4271 1109 4322 ἐπὶ
1169 4270 1379 4332 πάντας
1439 4269 1757 4340 ἀνθρώπους

184 4362 450 4435 ἐκλάμψῃ.
493 4364 572 4416 Τὸ
609 4363 716 4434 γὰρ
751 4362 877 4432 φῶς
919 4363 1088 4432 αὐτῆς
1117 4365 1201 4428 εις
1240 4362 1312 4415 τὰ
1340 4363 1482 4430 ἔθνη
1515 4363 1630 4433 μετ’
1660 4365 1756 4416 αὺ-

183 4454 270 4524 τὴν
297 4455 640 4524 διαϐήσεται.
687 4454 746 4506 ’0
787 4454 896 4524 γὰρ
941 4453 1050 4504 τῶν
1096 4453 1408 4506 ἀποστόλων
1453 4455 1609 4525 χορὸς
1657 4454 1756 4524 τὴν

184 4545 524 4601 διδασκαλίαν
571 4547 664 4600 ἐπὶ
715 4547 917 4612 πάσας
966 4546 1075 4612 τὰς
1101 4547 1425 4612 ,βασιλείας
1469 4546 1753 4611 ἐξέτεινεν,

1953 771 2044 828 Vel
2075 784 2223 830 certe
2252 794 2346 832 eos
2373 780 2523 848 ipsos
2555 796 2649 848 per
2675 797 2949 849 sponsum,
2984 781 3076 852 qui
3111 784 3281 841 fortes
3307 798 3457 854 sunt,

1874 863 2179 933 significat;
2237 877 2294 921 ut
2361 887 2456 940 per
2520 887 2801 941 sponsam,
2857 875 2951 943 qui
3023 875 3310 931 fecundam
3361 879 3460 933 ha-

1875 955 2059 1020 beant,
2132 969 2186 1012 et
2259 973 2384 1014 cum
2462 963 2726 1017 virtutum
2788 966 3050 1021 varietate
3104 967 3456 1036 conjunctam

1879 1048 2356 1117 pulchritudinem.
2380 1053 2650 1108 Scribitur
2679 1056 2853 1110 enim:
2895 1075 2912 1107 ι
2945 1057 3171 1127 Propter
3201 1061 3453 1118 timorem

1881 1149 2055 1204 tuum,
2101 1141 2347 1210 Domine,
2386 1147 2439 1198 in
2473 1152 2630 1200 utero
2657 1149 3013 1217 concepimus
3049 1150 3122 1216 ¹⁶;
3172 1169 3193 1203 ι
3245 1163 3300 1207 et
3333 1171 3456 1224 qua:

1880 1236 2158 1309 deinceps.
2189 1238 2293 1294 Sed
2320 1251 2404 1295 est
2433 1244 2734 1296 notandum
2760 1242 3010 1313 Aquilam
3029 1246 3283 1315 quidem:
3311 1248 3454 1302 Tan-

1879 1344 2036 1396 quam
2085 1346 2337 1398 sponsum
2391 1334 2692 1389 sacerdotio
2750 1336 3013 1406 functum,
3090 1349 3140 1392 et
3203 1350 3451 1409 tanquam

1877 1436 2126 1488 sponsam
2149 1437 2397 1478 ornatam
2426 1428 2572 1481 vasis
2613 1429 2750 1493 suis,
2791 1431 3166 1498 transtulisse;
3201 1432 3452 1502 Symma—

1878 1513 2042 1567 chum
2095 1523 2276 1570 autem
2324 1519 2480 1586 quasi
2538 1534 2786 1586 sponsum
2836 1532 3083 1575 ornatum
3137 1539 3355 1590 corona,
3400 1533 3452 1579 et

1875 1605 2028 1671 quasi
2053 1619 2302 1672 sponsam
2347 1609 2734 1663 circumdatam
2778 1611 3101 1678 supellectile
3133 1613 3294 1683 710
3329 1632 3447 1669 sua.

1874 1694 2006 1760 Qua:
2025 1705 2206 1751 autem
2235 1696 2502 1768 ejusmodi
2533 1710 2616 1755 est
2647 1702 2844 1770 Sponsi
2868 1701 3030 1758 Verbi
3064 1721 3254 1770 sponsa
3300 1708 3449 1775 (quia

1874 1787 1943 1840 ab
1993 1788 2114 1857 ipso
2167 1791 2414 1859 germina
2466 1793 2678 1861 excepit
2715 1796 3100 1864 (tempestivos
3149 1796 3352 1865 fructus
3395 1806 3451 1850 et

1876 1893 2074 1935 suaves
2103 1881 2294 1947 edens,
2327 1898 2386 1937 se
2413 1882 2548 1936 sicut
2569 1893 2784 1951 terram,
2807 1903 2923 1955 qum
2940 1887 3126 1955 ﬂorem
3155 1905 3306 1941 suum
3327 1904 3449 1957 pro-

1807 1948 1846 2003 Β
1875 1969 1977 2038 fert
2012 1972 2207 2027 factam
2228 1991 2348 2030 esse
2377 1975 2474 2029 ait.
2499 1975 2577 2030 Ac
2613 1993 2677 2030 ne
2712 1981 2813 2032 ista
2842 1994 2938 2048 pro
2972 1995 3030 2035 se
3051 1979 3158 2033 dici
3195 1948 3449 2049 putarent

1869 2058 2077 2125 Judaei;
2113 2064 2218 2117 alia
2272 2068 2435 2118 etiam
2478 2081 2602 2120 cum
2647 2065 2997 2123 distinctione
3043 2069 3270 2137 adjicit;
3321 2086 3446 2125 cum

1871 2154 2285 2208 exsultationem
2329 2172 2511 2210 coram
2558 2159 2798 2227 gentibus
2841 2160 3085 2214 omnibus
3115 2163 3447 2216 emissurum

1845 2231 2155 2297 'Dominum
2199 2245 2452 2299 atiirmat.
2487 2246 2588 2301 Per
2629 2249 2816 2318 ﬂorem
2857 2249 3089 2314 deinde,
3143 2252 3223 2306 vel
3269 2253 3448 2308 Chri-

1867 2345 2012 2390 stum
2049 2335 2323 2405 intelligit,
2351 2338 2443 2407 qui
2473 2354 2531 2392 se
2558 2339 2614 2392 in
2650 2340 2911 2405 Canticis,
2957 2343 3133 2410 campi
3155 2341 3366 2404 ﬂorem,
3394 2353 3449 2397 et

1866 2427 2038 2480 lilium
2097 2429 2423 2483 convallium
2485 2431 2722 2500 appellat
2772 2432 2852 2485 "2
2906 2434 2990 2487 vel
3051 2434 3224 2503 ipsam
3280 2435 3446 2487 etiam

1864 2517 2141 2587 Evangelii
2169 2522 2656 2590 promulgationem
2684 2540 2698 2586 ;
2725 2524 2884 2592 cujus
2905 2527 2996 2592 qui
3014 2525 3288 2594 justitiam
3315 2525 3449 2592 [ece-

1864 2607 1956 2669 rit,
1989 2606 2175 2660 laztitia
2203 2609 2512 2671 exsultabit,
2563 2625 2686 2663 cum
2726 2611 2830 2665 ista
2881 2611 3119 2668 audierit
3155 2633 3170 2667 :
3225 2633 3242 2664 ι
3277 2611 3446 2682 Euge,

1864 2714 2020 2754 serve
2047 2701 2187 2754 bone
2245 2710 2298 2754 et
2344 2701 2553 2766 ﬁdelis;
2603 2719 2767 2772 super
2805 2705 2972 2758 multa
3009 2717 3062 2761 te
3092 2707 3444 2771 constituam,

1862 2787 2006 2844 intra
2039 2791 2092 2844 in
2123 2793 2379 2861 gaudium
2405 2793 2619 2846 Domini
2656 2795 2731 2846 tui
2769 2795 2833 2849 ³⁸.
2875 2816 2893 2848 ι

2464 2883 2619 2936 CAP.
2662 2883 2820 2938 LXII.

1936 2972 2103 3030 Vsus.
2151 2975 2302 3028 1-12.
2367 2975 2598 3043 Propter
2653 2975 2784 3030 Sion
2849 2994 2955 3031 non
3015 2979 3223 3043 tacebo,
3283 2995 3446 3048 neque

1860 3080 2076 3138 propter
2111 3066 2417 3122 Jerusalem
2458 3070 2751 3138 quiescam,
2805 3069 2967 3123 donec
3012 3071 3344 3140 egrediatur,
3387 3083 3446 3124 ut

1866 3161 2296 3230 lumen,justitia
2328 3147 2794 3222 mea,etisalutare
2827 3165 3177 3228 meum,sicut
3216 3167 3442 3234 lampas,

1864 3254 2209 3306 accendatur.
2257 3251 2324 3304 Et
2364 3253 2611 3306 videbunt
2656 3263 2830 3322 gentes
2867 3253 3146 3323 justitiam
3191 3264 3360 3320 tuam,
3395 3264 3445 3309 et

1867 3360 2011 3414 reges
2071 3358 2249 3394 omnes
2285 3341 2514 3412 gloriam
2563 3354 2731 3407 tuam,
2784 3352 2833 3396 et
2885 3343 3090 3396 vocabit
3137 3355 3185 3397 te
3237 3346 3446 3398 nomine

1865 3434 2079 3495 recenti,
2113 3432 2251 3502 quod
2305 3432 2567 3486 Dominus
2620 3433 2938 3486 nominabit.
2977 3433 3044 3486 Et
3092 3434 3197 3487 eris
3247 3451 3445 3488 corona

1862 3524 2274 3591 pulchritudinis
2301 3525 2355 3577 in
2387 3523 2816 3590 manumantini,
2839 3534 2889 3579 et
2915 3525 3166 3579 diadema
3214 3527 3359 3595 regni
3389 3527 3441 3580 in

1864 3629 2024 3666 manu
2066 3611 2160 3666 Dei
2189 3613 2288 3677 tui,
2319 3621 2428 3668 etc.

1935 3802 2006 3858 lis
2035 3803 2201 3874 igitur
2226 3819 2348 3874 qua:
2391 3804 2536 3858 dicta
2577 3814 2727 3870 sunt,
2766 3805 3034 3874 propheta
3077 3818 3442 3876 praeparatus,

1863 3905 1916 3950 et
1938 3895 2236 3964 voluptate,
2274 3895 2436 3948 veluti
2470 3895 2691 3949 munine
2731 3896 3023 3960 excitatus,
3075 3907 3288 3966 propter
3320 3895 3444 3952 Sio-

1865 4004 1978 4040 nem
2008 4003 2111 4039 non
2137 4003 2249 4040 esse
2294 4002 2349 4039 se
2375 3987 2660 4039 taciturum
2693 3986 2944 4042 alIirtuat.
2992 3987 3263 4058 Perpetuo
3298 3989 3443 4044 enim

1865 4098 1923 4136 se
1973 4081 2406 4146 clamitalurum,
2467 4082 2834 4150 precibusque
2882 4081 3330 4152 etllagitaturum,
3385 4093 3444 4138 ut

1863 4189 2076 4240 eorum,
2113 4190 2235 4244 quae
2281 4174 2428 4228 dicta
2481 4183 2632 4236 sunt,
2683 4184 2937 4228 eventum
2995 4175 3313 4229 intueatur:
3347 4177 3440 4245 qui

1865 4276 1978 4320 tum
2010 4267 2227 4320 demum
2262 4265 2482 4320 futurus
2519 4274 2624 4331 est,
2648 4281 2773 4319 cum
2802 4265 3081 4335 justitiam
3113 4275 3165 4320 et
3202 4267 3442 4320 salutare

1862 4357 2161 4411 Jerusalem
2204 4357 2530 4412 mortalibus
2561 4357 2820 4412 omnibus
2871 4357 3093 4412 illucere
3123 4358 3440 4428 contigerit.

1863 4453 2019 4508 Tunc
2057 4452 2200 4507 enim
2237 4453 2413 4504 tamen
2465 4451 2637 4521 ipsius
2671 4451 2740 4504 ad
2780 4463 2955 4521 gentes
3005 4460 3127 4520 post
3159 4468 3277 4506 eam
3318 4468 3443 4508 esse

1864 4545 2252 4599 transiturum.
2278 4540 2432 4606 Quod
2460 4543 2832 4610 apostolorum
2860 4542 3109 4596 doctrina
3137 4544 3439 4612 praestitum

181 4637 292 4707 ἥτις
339 4637 408 4711 ἧν
467 4641 568 4694 καὶ
617 4639 724 4693 τῶν
778 4640 946 4692 πάλαι
998 4638 1347 4709 πληρούντων
1396 4640 1456 4692 τὸ
1507 4639 1754 4702 θεοσεϐὲς

1869 4651 1982 4704 est;
2016 4652 2137 4708 qua:
2170 4637 2224 4690 in
2260 4636 2439 4688 omnia
2473 4651 2630 4704 regna
2660 4642 2959 4705 propagata
3003 4639 3130 4690 v'ere
3165 4635 3254 4688 illa
3286 4644 3440 4690 vetus

185 4734 302 4802 παρ’
337 4733 620 4798 Ἰουδαίοις
649 4733 953 4803 πολίτευμα
977 4733 1308 4802 καλούμενον
1344 4732 1750 4801 Ἰερουσαλήμ.

184 4824 326 4887 Τινὲς
365 4826 422 4879 δὲ
472 4827 576 4896 τὴν
630 4826 757 4879 νέαν
805 4828 989 4895 φασίν.
1015 4825 1125 4896 Τῆς
1183 4827 1290 4893 γὰρ
1337 4823 1661 4894 Ἐκκλησίας
1703 4824 1753 4876 οἱ

184 4914 464 4969 ἀπόστολοι
520 4916 812 4985 γεγόνασιν
859 4916 1104 4985 ἀπαρχή.
1152 4917 1273 4967 Οὐκ
1315 4915 1524 4980 ἀνήσω
1573 4914 1753 4966 τοίνυν

181 5005 340 5076 μέχρι
380 5007 651 5078 πληρώσῃ
699 5005 829 5070 Θεὸς
875 5006 1012 5075 αὐτῇ
1070 5005 1140 5058 τὰ
1196 5005 1616 5074 ἐπηγγελμένα,
1655 5005 1752 5075 τὴν

185 5094 262 5148 διὰ
292 5097 534 5168 Χριστοῦ
569 5096 768 5167 δηλαδὴ
798 5095 1103 5163 σωτηρίαν
1133 5095 1282 5166 πάσῃ
1319 5098 1383 5166 τῇ
1416 5097 1508 5165 γῇ.
1541 5095 1614 5147 Οὐ
1643 5096 1750 5164 γὰρ

196 5185 450 5242 Ἰουδαίων
483 5189 664 5258 μόνων
697 5190 725 5242 ὁ
751 5188 903 5256 Θεὸς,
951 5187 1088 5240 ἀλλὰ
1133 5186 1227 5240 καὶ
1280 5186 1467 5239 ἐθνῶν.
1509 5187 1666 5249 Τινὲς
1695 5185 1750 5238 δὲ

186 5277 274 5346 (ὡς
305 5281 398 5332 τοῦ
431 5279 604 5350 ῥητοῦ
636 5280 849 5350 ἔχοντος
869 5297 883 5312 ο
914 5278 1028 5346 τὴν
1051 5279 1449 5346 δικαιοσύνην
1473 5298 1616 5347 μου,
1651 5277 1749 5332 καὶ

185 5371 245 5422 τὸ
269 5372 574 5439 σωτήριόν
591 5383 730 5441 μου)
753 5371 862 5425 ἀπὸ
883 5370 1171 5442 προσώπου
1196 5369 1290 5424 τοῦ
1316 5370 1448 5423 Θεοῦ
1479 5371 1571 5424 τὸν
1595 5371 1751 5440 λόγον

185 5459 315 5516 vivat
345 5481 514 5532 φασιν
545 5464 1015 5532 ἐπαγγελλομένου
1040 5463 1210 5516 ταῦτα
1245 5461 1505 5532 πληροῦν.
1533 5465 1752 5516 Δικαιο-

187 5553 334 5620 σύνη
356 5554 426 5607 δὲ
455 5554 558 5608 καὶ
597 5554 892 5624 σωτήριον
937 5557 964 5608 ὁ
1009 5556 1265 5622 Χριστὸς,
1301 5551 1397 5610 οἷά
1433 5575 1516 5620 τις
1569 5559 1628 5611 ὲν
1659 5556 1750 5610 κό-

254 5800 294 5835 ¹⁸
319 5801 363 5857 ιι
394 5801 540 5859 Tim.
578 5822 649 5871 ιν,
686 5805 734 5863 7.
817 5808 859 5841 ⁸⁸
887 5809 930 5864 Il
957 5807 1132 5868 Mach.
1187 5826 1262 5878 Vl,
1300 5811 1387 5868 ⁸50.

1467 5811 1697 5869 "Cant.
1765 5829 1823 5879 ιι,
1879 5812 1929 5867 1.

1859 4731 2158 4791 Jerusalem
2189 4730 2311 4792 fuit,
2342 4744 2462 4797 qum
2490 4729 2638 4797 pium
2666 4736 2719 4781 et
2746 4736 2994 4781 sanctum
3049 4728 3192 4798 apud
3222 4726 3440 4783 Judwos

1862 4826 2098 4884 civitatis
2131 4823 2441 4876 institutum
2473 4819 2821 4888 sequebatur.
2853 4817 2993 4872 Sunt
3022 4825 3225 4883 tamen,
3253 4821 3344 4890 qui
3371 4820 3440 4874 ad

1861 4932 2055 4973 novam
2087 4915 2410 4970 retulerunt.
2444 4909 2695 4965 Fuerunt
2722 4912 2868 4964 enim
2916 4912 3148 4980 apostoli
3184 4897 3440 4968 Ecclesia:

1860 5009 2128 5079 primitiis.
2161 5004 2285 5058 Non
2309 5003 2576 5073 quiescam
2607 5002 2791 5071 igitur,
2817 5001 3014 5070 inquit,
3041 5000 3202 5055 donec
3227 5016 3292 5055 ea
3331 5001 3436 5055 im-

1860 5099 2084 5169 pleverit
2101 5095 2381 5156 Dominus,
2397 5109 2518 5164 qua:
2539 5093 2640 5162 ipsi
2661 5092 2939 5160 pollicitus
2957 5099 3071 5147 est:
3097 5091 3148 5145 id
3166 5101 3248 5146 cst
3264 5091 3437 5148 donec

1859 5191 2086 5244 salutent
2131 5187 2402 5241 universae
2449 5194 2610 5238 terrae
2646 5200 2742 5254 per
2771 5181 3056 5238 Christum
3095 5184 3432 5254 priestiterit.

1857 5281 2142 5343 Non.enim
2171 5287 2254 5334 est
2285 5277 2428 5332 Deus
2454 5275 2769 5330 Judaeorum
2803 5285 3036 5340 tantum,
3068 5274 3164 5331 sed
3190 5275 3433 5342 gentium

1857 5375 2020 5429 etiam
2054 5373 2118 5426 ”.
2157 5369 2420 5426 Nonnulli
2460 5384 2614 5434 vero,
2647 5378 2912 5438 tanquam
2947 5369 3227 5437 justitiam
3259 5384 3431 5422 meam

1856 5475 1906 5521 et
1937 5464 2173 5519 salutare
2217 5479 2388 5516 meum
2433 5461 2686 5530 propheta
2735 5460 2954 5523 habent,
2987 5461 3050 5514 ad
3101 5459 3291 5523 Deum,
3336 5463 3432 5531 qui

1865 5559 1970 5612 ista
2001 5573 2062 5612 se
2083 5555 2356 5610 facturum
2387 5553 2737 5623 polliceatur,
2767 5552 3090 5607 retulerunt.
3126 5551 3219 5608 Est
3249 5563 3432 5609 autem

2011 5812 2050 5844 ”
2106 5808 2296 5866 Matth.
2339 5805 2576 5872 xxv,2l.
2657 5807 2698 5839 ιθ
2730 5805 2887 5862 Rom.
2941 5819 3023 5871 Ill,
3052 5803 3145 5860 29.
