4046 6386
580 327 730 398 2655

1910 326 2263 388 PROCOPI-I
2293 328 2538 388 ϐ-ΑΖᾸΞΙ

3728 317 3854 384 2656

573 447 789 519 iustitia
833 455 885 502 et
919 442 1158 498 salutare
1182 479 1196 505 ,
1227 439 1485 496 Christus
1521 441 1660 510 ipse,
1689 441 1852 495 ueluti
1881 442 2088 512 lampas
2121 443 2174 496 in

2284 460 2404 515 σμῳ
2435 442 2701 513 λαμπὰς,
2736 441 2938 496 εἰπών·
2970 441 3089 494 Ὀτ’
3117 439 3183 494 ἂν
3310 440 3375 492 ἐν
3403 434 3484 507 τῷ
3509 434 3718 507 κόσμῳ,
3757 439 3857 506 φῶς

578 538 783 594 mundo
807 553 822 603 ;
848 538 935 604 qui
959 531 1201 601 sequand
1223 531 1275 585 iu
1297 532 1350 584 in
1377 529 1581 584 mundo
1600 532 1944 594 versabalur,
1973 530 2160 586 mundi

579 630 762 684 lumen
785 642 906 682 esse
928 625 1068 679 dixit
1097 623 1166 687 ’°,
1201 624 1254 676 in
1288 637 1397 692 quo
1428 631 1616 677 essent
1639 638 1831 678 omnes
1862 623 2162 693 impietatis

577 732 633 776 et
651 721 918 775 scelerum
954 715 1196 770 tenebris
1225 716 1378 784 prius
1401 715 1650 768 involuti.
1677 713 1965 785 Significat
1997 729 2162 785 porro

578 832 680 886 per
718 814 875 885 711
911 812 1184 881 justitiam
1237 818 1286 862 et
1331 809 1583 879 gloriam,
1629 809 1910 864 Christum
1945 811 2163 880 ipsum;

579 907 636 962 in
671 906 932 977 quojusti
958 947 973 971 ,
1004 912 1058 960 et
1096 903 1254 970 cujus
1291 904 1466 972 gloria
1502 903 1701 958 divites
1735 902 1922 958 effecti
1950 918 2167 959 sumus.

653 999 790 1064 Quia
826 996 1022 1052 deinde
1045 996 1168 1048 vitae
1193 995 1490 1050 novitatem
1517 995 1967 1064 amplectebatur,
1987 994 2179 1050 habuit

582 1099 635 1146 et
665 1105 842 1143 recens
876 1104 1103 1142 nomen:
1138 1103 1248 1140 non
1293 1085 1579 1158 Synagoga
1613 1087 1724 1155 jam
1760 1096 1817 1140 ut
1865 1095 2048 1152 antea,
2079 1086 2174 1140 sed

584 1181 854 1244 Ecclesia,
885 1188 940 1235 et
973 1179 1190 1245 domus,
1229 1186 1283 1232 et
1328 1179 1524 1233 civitas
1569 1178 1664 1234 Dei
1723 1187 2063 1246 nuncupata.
2098 1176 2173 1234 De

585 1289 692 1342 qua
720 1281 802 1327 est
858 1273 1002 1342 apud
1042 1270 1324 1334 Davidem,
1361 1287 1470 1342 quo
1503 1273 1624 1326 loco
1675 1273 1847 1340 ipsam
1880 1273 2166 1340 alloquens

587 1362 826 1433 gloriosa
856 1363 922 1416 de
956 1361 1048 1415 Dei
1080 1361 1303 1414 civitate
1333 1361 1480 1414 dicta
1514 1376 1637 1416 esse
1672 1360 1965 1415 aﬂirmavit
1997 1362 2065 1415 ²¹.
2096 1358 2168 1415 Ut

589 1465 766 1509 autem
804 1455 1132 1526 elegantem,
1181 1454 1468 1524 formaque
1502 1466 1697 1524 praeter
1745 1464 1978 1510 caeteras
2028 1453 2170 1510 insi-

589 1561 770 1616 gnem,
804 1545 919 1601 fore
967 1545 1218 1608 doceret;
1261 1563 1514 1600 coronam
1556 1546 1975 1612 pulchritudinis
2025 1547 2174 1615 futu-

591 1651 708 1688 ram
763 1651 877 1689 esse
929 1634 1158 1689 addidit.
1198 1635 1348 1690 Licet
1395 1637 1540 1690 enim
1587 1646 1831 1691 sanctam
1875 1637 2180 1706 quamlibet

593 1729 850 1791 animam,
877 1726 1288 1798 Ecclesiamque
1317 1737 1514 1796 totam,
1545 1730 1776 1785 similem
1805 1747 2034 1795 coronae,
2058 1747 2180 1800 qua:

2274 537 2391 605 εἰμι
2421 535 2516 589 τοῦ
2550 535 2782 606 κόσμου,
2817 532 3047 603 ἀσεϐείᾳ
3076 531 3172 584 καὶ
3194 531 3300 600 πλη
3312 527 3681 600 μμελήμασιν
3704 529 3856 582 ἁπάν-

2271 643 2381 678 των
2413 625 2819 689 ἐσκοτισμένων
2847 623 2910 677 τὸ
2940 622 3227 694 πρότερον.
3250 619 3676 685 Δικαιοσύνην
3699 618 3751 672 δὲ
3774 622 3858 675 καί

2273 715 2466 782 δόξαν
2500 718 2664 771 πάλιν
2699 716 2857 770 καλεῖ
2888 715 2980 768 τὸν
3019 713 3273 784 Χριστόν.
3315 710 3738 778 Δεδικαιὼμεϐα
3765 716 3859 780 γὰρ

2273 811 2331 863 ἐν
2370 812 2542 884 αὐτῷ,
2575 813 2670 866 καὶ
2694 813 2792 882 τὴν
2819 813 2951 883 παρ’
2981 809 3144 863 αὐτοῦ
3185 806 3668 878 πεπλουτήκαμεν
3699 805 3857 872 δόξαν.

2356 990 2502 1063 Πρὸς
2530 989 2827 1062 καινότητα
2857 987 2913 1041 δέ
2946 987 3222 1056 τραπεῖσα
3275 984 3459 1054 ζωῆς,
3497 982 3712 1036 καινὸν
3751 984 3860 1057 ἔσχε

2282 1086 2380 1140 καὶ
2433 1084 2696 1152 τοῦνομα
2723 1121 2738 1146 ,
2784 1082 2908 1135 ἀντὶ
2969 1077 3304 1148 Συναγωγῆς
3383 1076 3693 1146 Ἐκκλησία
3718 1116 3733 1138 ,
3780 1081 3861 1132 καὶ

2280 1173 2448 1241 οἶκος,
2499 1176 2594 1230 καὶ
2645 1174 2800 1237 πόλις
2856 1173 3013 1238 θεοῦ,
3157 1172 3384 1242 φησινὸ
3414 1169 3608 1222 Δαϐίδ·
3657 1171 3860 1238 Δεδοξα-

2280 1272 2456 1338 σμένα
2513 1265 2751 1336 ἐλαλήθη
2799 1265 2929 1332 περὶ
2971 1263 3156 1334 σοῦ,ή
3199 1263 3360 1325 πόλις
3413 1261 3513 1314 τοῦ
3568 1259 3723 1316 Θεοῦ.
3756 1264 3862 1318 Ὀτι

2276 1359 2334 1412 δὲ
2390 1358 2485 1412 καὶ
2517 1356 2799 1427 εὐπρεπὴς
2846 1355 3037 1421 ἔσται,
3093 1356 3186 1409 καὶ
3244 1353 3639 1422 άπαραὸλὴτῳ
3698 1353 3861 1409 κάλλει

2282 1449 2730 1519 κατεστεμμένη,
2788 1448 3102 1516 ἐπήγαγεν·
3168 1447 3320 1512 Ἔσῃ
3377 1442 3687 1512 στέφανος
3736 1445 3863 1499 κάλ-

2279 1545 2450 1607 λους.
2483 1541 2672 1594 Πᾶσαν
2702 1539 2812 1609 γὰρ
2834 1539 2996 1608 ἁγίαν
3019 1539 3254 1608 ψυχὴν,
3281 1537 3390 1590 καὶ
3418 1535 3523 1605 τὴν
3558 1534 3862 1604 Ἐκκλησίαν

2284 1636 2442 1705 ὃλην,
2497 1632 2779 1703 στεφάνῳ
2834 1631 3234 1700 παρεικαστέον
3275 1633 3346 1684 ἐκ
3399 1628 3620 1682 πολλῶν
3675 1629 3858 1685 ἀνθέων

2288 1728 2668 1798 συγκειμένῳ,
2710 1721 3015 1791 ,ϐασιλικῷ
3060 1741 3118 1776 τε
3180 1721 3536 1790 διαδήματι.
3587 1722 3720 1790 Φησὶ
3767 1723 3859 1796 γὰρ

591 1838 658 1875 ex
694 1821 846 1874 vario
891 1819 1086 1872 ﬂorum
1133 1835 1330 1890 genere
1367 1822 1701 1883 contexitur,
1739 1823 1983 1893 regioque
2012 1824 2178 1879 etiam

2285 1817 2427 1872 εἶναι
2467 1817 2567 1889 τὴν
2609 1815 2938 1885 Ἐκκλησίαν
2981 1813 3148 1866 Δαὸὶδ
3194 1814 3251 1864 ὲν
3281 1809 3582 1883 ἱματισμῷ
3613 1810 3856 1882 διαχρύσῳ

593 1913 884 1966 diademati
919 1912 1143 1967 dicere:
1184 1929 1308 1967 cum
1343 1929 1462 1966 eam
1502 1914 1647 1983 apud
1682 1913 1944 1969 Davidem
1974 1918 2178 1970 vestitu

596 2003 865 2057 deaurato
922 2002 1172 2056 indutam
1245 2017 1392 2067 esse,
1440 2011 1496 2057 et
1547 2004 1909 2073 variegatam,
1988 2007 2179 2060 eadem

595 2095 760 2164 plane
795 2102 960 2163 atque
999 2095 1087 2147 hic
1122 2095 1361 2157 ratione,
1390 2095 1638 2164 legamus
1675 2098 1744 2149 υ.
1791 2096 1946 2162 Quod
1984 2098 2183 2152 deinde

598 2187 653 2240 in
685 2203 850 2240 manu
881 2185 1094 2240 Domini
1127 2187 1286 2252 dixit,
1318 2186 1436 2255 ejus
1469 2190 1870 2258 protectionem
1910 2189 2185 2244 defensio-

597 2292 836 2348 nemque
881 2277 1258 2347 significavit;
1296 2281 1389 2348 qui
1438 2296 1552 2335 suae
1602 2296 1800 2335 manus
1846 2283 2186 2350 protectione

597 2384 718 2422 eam
753 2385 812 2423 se
841 2379 1221 2438 protecturum
1266 2370 1575 2426 afﬁrmavit.
1614 2373 1827 2428 Asserit
1857 2367 2000 2427 νεινα
2017 2373 2185 2435 etiam

598 2460 857 2515 Christus
897 2461 1011 2530 ipse
1051 2461 1326 2516 neminem
1370 2478 1502 2519 suas
1529 2478 1660 2520 oves
1701 2465 1768 2519 de
1800 2463 1981 2520 Patris
2020 2481 2188 2519 manu

600 2568 725 2607 esse
752 2560 1076 2624 erepturum
1116 2553 1184 2608 ⁸³.
1218 2553 1339 2610 Non
1383 2556 1585 2612 desunt
1623 2573 1814 2628 porro,
1853 2558 1948 2628 qui
1979 2573 2190 2613 roronaz

600 2644 847 2711 nomine,
874 2661 969 2700 eos
1009 2646 1162 2716 ipsos
1205 2646 1544 2719 intelligant,
1575 2650 1668 2719 qui
1718 2651 1772 2704 in
1797 2649 2023 2706 Christo
2061 2665 2189 2705 cum

600 2738 806 2792 virtute
830 2745 884 2792 et
908 2739 1068 2794 laude
1092 2739 1345 2795 vixerunt
1370 2761 1384 2795 :
1416 2757 1514 2812 per
1539 2744 1686 2814 regni
1720 2759 1851 2798 vero
1882 2744 2056 2812 ipsius
2081 2742 2194 2798 dia-

608 2827 788 2896 dema,
822 2845 920 2886 eos
950 2831 1142 2896 etiam,
1176 2832 1268 2902 qui
1299 2833 1551 2889 eumdem
1591 2834 1859 2904 sanguine
1885 2852 1986 2890 suo
2007 2837 2191 2891 testati

605 2929 772 2976 sunt:
803 2938 943 2987 quos
971 2938 1069 2978 sua
1097 2924 1214 2994 ipse
1237 2941 1398 2979 manu
1431 2926 1672 2996 seligens
1706 2926 1890 2991 Pater,
1925 2925 2069 2980 Filio
2099 2930 2194 2980 ad-

605 3011 810 3082 jungit,
836 3014 1008 3068 veluti
1060 3031 1312 3068 coronam
1351 3031 1671 3086 apponens;
1714 3019 1956 3089 regioque
2001 3019 2190 3072 diade-

2285 1908 2800 1982 περιϐεϐλημένην,
2843 1905 3313 1976 πεποικιλμένην,
3387 1903 3486 1956 ἴσα
3537 1902 3708 1969 λέγων
3764 1906 3854 1968 τοῖς

2287 2003 2693 2074 προκειμένοις.
2733 2000 2827 2066 Τὸ,
2859 1999 2930 2054 ἐν
2964 1999 3114 2067 χειρὶ
3145 1997 3201 2050 δὲ
3230 1995 3412 2077 Θεοῦ,
3441 1994 3505 2048 τὸ
3549 1995 3650 2047 ὑπὸ
3675 1994 3853 2064 σκέπην

2282 2097 2433 2167 δηλοί
2463 2095 2560 2165 τὴν
2588 2093 2774 2148 αὑτοῦ.
2812 2095 2907 2157 Ὃς
2928 2092 3023 2146 καί
3045 2107 3233 2162 φησιν’
3269 2089 3389 2142 Καὶ
3413 2087 3523 2140 ὑπὸ
3559 2087 3756 2158 σκέπην
3773 2090 3851 2158 τῆς

2284 2190 2468 2260 χειρός
2498 2206 2598 2259 μου
2627 2188 2888 2241 σκεπάσω
2912 2204 2992 2239 σε.
3026 2185 3139 2239 Καὶ
3169 2185 3198 2236 ὁ
3241 2183 3494 2255 Χριστὸς
3532 2181 3591 2234 δὲ
3624 2182 3743 2252 περὶ
3764 2182 3848 2236 τῶν

2288 2281 2434 2335 ἰδίων
2471 2280 2766 2351 προϐάτων
2793 2277 2967 2350 φησί’
3002 2277 3113 2330 Καὶ
3138 2275 3316 2340 οὐδεὶς
3359 2274 3610 2346 ἁρπάσει
3656 2274 3842 2327 αὐτάέκ

2284 2371 2385 2442 τῆς
2406 2373 2589 2442 χειρὸς
2615 2371 2711 2424 τοῦ
2736 2371 2979 2441 Πατέρος
3014 2387 3140 2439 μου.
3158 2369 3315 2430 Τινὲς
3335 2367 3394 2420 δὲ
3425 2365 3838 2435 στέφανονΧρι-

2292 2463 2420 2518 στοῦ
2451 2464 2576 2526 τοὺς
2621 2464 2688 2517 δι’
2717 2463 2882 2517 αὑτοῦ
2909 2461 3316 2532 κατορθοῦντας
3345 2462 3646 2530 εἰρήκασι·
3670 2458 3753 2512 καὶ
3770 2459 3842 2527 τῆς

2287 2557 2454 2612 αὐτοῦ
2478 2557 2806 2622 βασιλείας
2827 2554 3108 2622 διάδημα,
3129 2553 3256 2617 τοὺς
3285 2553 3438 2624 ὑπὲρ
3477 2549 3644 2604 αὐτοῦ
3671 2565 3845 2619 μαρτν-

2290 2650 2584 2720 ρήσαντας,
2620 2647 2712 2711 οὓς
2739 2650 2807 2718 τῇ
2833 2644 3027 2700 ἐαυτοῦ
3062 2645 3211 2715 χειρὶ
3241 2647 3270 2698 ὁ
3305 2643 3506 2714 Πατὴρ
3528 2640 3846 2710 ἐκλεξάμενος

2287 2741 2366 2812 τῷ
2395 2741 2511 2812 Υἱῷ
2537 2740 2898 2812 περιτίθησιν,
2918 2736 3238 2808 στεφανῶν
3262 2738 3432 2792 αὑτὸν
3453 2737 3552 2790 καὶ
3575 2733 3848 2803 διαδήματι

2283 2833 2587 2899 βασιλικῷ
2605 2833 2802 2903 τιμῶν,
2822 2832 2898 2902 τῷ
2918 2831 3109 2900 πλήθει
3130 2831 3240 2883 τῶν
3257 2830 3325 2883 δι’
3354 2827 3525 2881 αὑτοῦ
3553 2827 3745 2880 καὶὺπ’
3764 2827 3849 2878 αὐ-

2291 2924 2398 2978 τοῦ
2415 2924 2799 2994 σεσωσμένων.
2831 2922 2948 2992 Ἐφ’
2979 2916 3061 2986 οἷς
3083 2923 3194 2975 οὐκ
3218 2920 3308 2974 ἐτι
3339 2918 3706 2986 κληθήσεται
3736 2917 3768 2983 ἡ
3795 2913 3847 2968 τὸ

2293 3014 2505 3067 καινὸν
2539 3013 2728 3082 ὄνομα
2776 3014 3079 3080 λαϐοῦσα,
3111 3008 3596 3079 ὑπολελειμμέγη
3628 3007 3717 3060 καὶ
3739 3005 3848 3072 ἐρη-

606 3113 769 3170 mate,
805 3105 856 3158 id
891 3116 998 3170 est,
1037 3123 1225 3161 eorum
1267 3107 1578 3178 frequentia
1614 3109 1916 3176 bonorans,
1956 3112 2048 3180 qui
2097 3127 2183 3180 per

2287 3121 2403 3174 μσς
2421 3145 2435 3168 ,
2460 3102 2599 3156 ἀλλὰ
2615 3103 2844 3172 θέλημα
2863 3103 3039 3172 ἐμὸν,
3073 3102 3220 3157 τοῦτ’
3239 3102 3382 3164 ἐστι,
3420 3101 3562 3154 κατὰ
3583 3098 3641 3151 τὸ
3653 3092 3848 3163 θέλημὰ

605 3198 813 3267 ipsum,
841 3209 896 3250 et
947 3200 1014 3251 ab
1049 3199 1168 3268 ipso
1209 3201 1443 3254 salutem
1495 3200 1678 3269 adepti
1709 3209 1838 3255 sunt
1870 3219 1883 3254 :
1921 3218 1951 3256 a
1990 3205 2183 3273 quibus

2290 3212 2432 3263 μου.
2453 3194 2533 3246 Δι’
2571 3186 2632 3247 οὗ
2667 3193 2819 3264 δηλοῖ
2843 3196 2938 3248 καὶ
2965 3195 3047 3259 τὸ,
3081 3193 3314 3265 θελητὴν
3346 3193 3520 3261 αὐτὴν
3545 3188 3746 3243 ἔσεσθαι
3765 3186 3843 3254 τὴν

608 3303 719 3342 non
770 3289 1047 3341 vocabitur
1081 3291 1310 3358 amplius
1359 3307 1475 3360 qua:
1521 3307 1698 3344 recens
1730 3308 1916 3345 nomen
1958 3293 2183 3362 accepit,

2296 3289 2426 3358 πρὶν
2456 3287 2891 3356 ἐρημωθεῖσαν,
2918 3285 3037 3340 ἀνθ’
3073 3305 3148 3340 ων
3197 3286 3470 3356 ἡθέτησεν
3501 3283 3579 3345 εἰς
3611 3279 3843 3351 Χριστόν·

540 3440 546 3448 ,
608 3379 866 3433 derelicta
897 3391 948 3432 et
974 3380 1205 3446 deserta,
1237 3382 1330 3437 sed
1367 3383 1610 3436 uoluntas
1640 3399 1784 3447 mea;
1819 3383 1868 3437 id
1896 3397 1973 3438 es:
2001 3401 2183 3440 secun-

2297 3379 2437 3433 ἀλλὰ
2467 3379 2734 3441 σωθέντος
2775 3379 2870 3432 τοῦ
2924 3379 3397 3448 καταλείμματος,
3433 3377 3530 3428 καὶ
3577 3373 3844 3426 ἑνωθέντων

608 3472 739 3526 dum
769 3475 1095 3527 voluntatem
1139 3461 1340 3528 meam:
1377 3474 1583 3544 quibus
1622 3490 1740 3527 eam
1787 3475 1950 3530 etiam
1983 3486 2183 3545 gratam

2299 3471 2447 3542 αὐτῷ
2478 3471 2586 3524 τῶν
2617 3472 2685 3535 ἐξ
2712 3469 2930 3535 ἐθνῶν,
2968 3473 3049 3534 είς
3084 3470 3288 3540 πλῆθος
3323 3468 3598 3522 ἐπέδωκεν
3634 3466 3846 3530 ἄπειρον,

610 3562 726 3615 fore
752 3571 804 3615 et
824 3573 1103 3632 acceptam
1130 3565 1425 3635 significat.
1460 3565 1591 3629 Qum
1614 3563 1824 3618 deserta
1851 3567 1920 3619 oh
1954 3567 2026 3628 id,
2051 3567 2183 3636 quod

2302 3563 2652 3625 εὐδοκοῦντος
2691 3565 2748 3615 ἐν
2784 3564 2919 3635 αὐτῇ
2953 3563 3111 3627 Θεοῦ,
3143 3564 3192 3614 εἰ
3227 3561 3323 3613 καῖ
3374 3559 3592 3628 παρορᾷ
3623 3555 3844 3614 πολλάκις

614 3650 673 3704 in
711 3650 992 3705 Christum
1031 3652 1348 3713 admiserat,
1387 3651 1529 3705 faeta
1573 3651 1771 3715 fuerat,
1817 3654 1910 3706 sed
1958 3655 2183 3710 servatis

2303 3657 2610 3726 γυμνασίας
2631 3657 2793 3728 χάριν
2826 3657 3188 3726 διωκομένην.
3224 3653 3382 3716 Τινὲς
3407 3653 3465 3705 δὲ
3488 3653 3570 3711 τδ,
3602 3648 3693 3703 καὶ
3713 3648 3757 3712 ,ἡ
3785 3644 3842 3713 γῆ

611 3741 884 3812 reliquiis,
917 3743 1258 3812 gentibusque
1293 3759 1416 3797 cum
1446 3744 1566 3812 ipso
1597 3744 1934 3810 conjunctis.
1964 3747 2016 3798 in
2049 3748 2183 3799 mul-

2305 3765 2422 3802 σου
2469 3748 2826 3818 οἰκουμένη,
2870 3749 2929 3800 ἐν
2967 3747 3048 3811 τῷ
3081 3746 3264 3811 καινῷ
3311 3745 3470 3798 αἰῶνι
3512 3743 3606 3812 τῆς
3645 3735 3841 3808 Χριστοῦ

614 3836 904 3890 titudinem
938 3837 1114 3891 evasit
1155 3836 1446 3894 infinitum.
1487 3837 1595 3891 Deo
1631 3838 1807 3907 ipsam
1842 3839 2109 3908 probante
2147 3847 2201 3893 et

614 3929 1020 3996 amplectente;
1089 3930 1466 3997 quantumvis,
1531 3932 1948 3986 exercitationis
2001 3933 2198 4004 gratia,

615 4021 870 4076 afﬂictam
911 4038 1053 4092 saepe
1088 4023 1362 4092 negligere
1411 4023 1688 4078 videatur.
1729 4024 1960 4089 Quidam
1991 4035 2196 4088 autem,

615 4113 760 4179 quod
805 4125 852 4165 et
895 4125 1039 4166 terra
1086 4123 1175 4166 tua
1219 4113 1469 4167 habitata
1523 4115 1684 4179 dixit,
1719 4115 1784 4168 ad
1830 4133 2008 4170 recens
2051 4117 2202 4187 regni

614 4203 822 4260 Christi
871 4209 1488 4272 smeulumrctulerunt,
1557 4210 1718 4278 712
1786 4225 1897 4280 quo
1958 4218 2204 4279 tempore
2257 4211 2466 4267 incolas
2525 4212 2986 4281 promissionibus
3033 4211 3256 4265 minime
3312 4210 3573 4280 indignos
3629 4204 3842 4258 habitura

615 4308 722 4363 est,
756 4298 850 4367 qui
883 4299 987 4352 vita
1019 4299 1453 4370 etiamjucunda
1510 4301 1645 4355 adeo
1716 4310 1770 4355 et
1828 4304 2125 4372 tranquilla
2199 4303 2428 4374 petituri
2488 4313 2638 4370 sunt,
2704 4313 2766 4357 ut
2813 4303 3022 4371 juvenis
3076 4319 3195 4355 cum
3252 4301 3453 4372 virgine
3509 4298 3730 4351 habitare
3780 4291 3841 4344 vi-

617 4388 834 4444 deatur.

2310 3842 2588 3910 βασιλείας
2629 3841 2762 3911 φασὶ¹
2805 3841 2934 3903 τοὺς
2971 3839 3080 3892 τῶν
3123 3837 3472 3906 ἐπαγγελιῶν
3514 3834 3686 3900 ἀξίους
3720 3829 3844 3898 οἰκή-

2307 3952 2469 4005 τορας
2489 3932 2773 4000 έξουσαν*·
2797 3933 2846 3985 οἳ
2876 3932 2972 3984 καὶ
2988 3914 3045 3984 ἐν
3074 3931 3315 4002 τοσαύτῃ
3338 3928 3574 3999 Θυμηδίᾳ
3592 3924 3840 3989 διάξουσιν,

2316 4026 2392 4089 ὼς
2414 4025 2674 4079 ἐοικέναι
2702 4026 3006 4088 νεανίσκῳ
3043 4024 3427 4092 συνφκηκότι
3453 4019 3730 4088 παρθένῳ.

691 4479 836 4533 Sunt
873 4487 1078 4543 tamen,
1111 4479 1205 4548 qui
1259 4497 1326 4534 ex
1377 4478 1584 4536 Judaeis
1625 4481 1865 4552 primum
1903 4484 2183 4540 Ecclesian

2385 4482 2542 4544 Τινὲς
2587 4481 2642 4534 δέ
2675 4498 2842 4550 φασιν
2885 4480 2960 4543 ὼς
2983 4480 3044 4543 ἐξ
3097 4481 3364 4534 Ἰουδαίων
3397 4481 3620 4547 συνέστη
3661 4475 3714 4529 τὺ
3748 4471 3841 4524 κατ’

618 4575 788 4626 velint
821 4574 1173 4639 constitisse;
1210 4574 1356 4628 inter
1383 4590 1526 4644 quos
1552 4579 1768 4632 caateris
1799 4577 2008 4632 Christi
2067 4596 2183 4649 prae

2315 4575 2509 4646 ἀρχάς,
2545 4567 2619 4628 ὧν
2649 4571 2979 4642 προῦχοντες
3011 4569 3152 4642 ἦσαν
3177 4574 3225 4624 οἱ
3263 4572 3357 4625 τοῦ
3385 4570 3615 4644 Χριστοῦ
3641 4562 3837 4637 μαθηταὶ

621 4665 923 4718 stantiores
954 4666 1189 4732 apostoli
1217 4674 1368 4719 tanto
1396 4682 1523 4736 erga
1540 4682 1862 4722 eamamore
1886 4668 2183 4739 ﬂagrarunt

2314 4669 2412 4729 τὴν
2452 4669 2532 4730 εἰς
2553 4666 2719 4736 ἄκρον
2742 4665 2964 4732 ἀγάπην
2986 4666 3065 4727 εἰς
3091 4664 3259 4735 αὐτὴν
3285 4663 3647 4728 διασώζοντες,
3679 4659 3742 4720 ὡς
3765 4655 3835 4706 καὶ

621 4764 685 4810 ut
718 4771 817 4824 pro
845 4756 926 4810 eis
961 4759 1254 4811 anathema
1289 4757 1402 4813 fieri
1433 4757 1641 4815 Paulus
1681 4762 1962 4831 exoptarit
1991 4762 2059 4817 “.
2098 4763 2183 4817 Set

2313 4757 2603 4812 ὀδυνᾶσθαι
2651 4755 2744 4808 τὸν
2822 4754 3035 4808 Παῦλον
3084 4755 3223 4826 ὑπὲρ
3279 4757 3460 4810 αὐτῶν
3494 4754 3582 4807 καὶ
3625 4745 3832 4819 εὔχεσθαι

623 4857 708 4903 est
742 4863 924 4903 rerum
951 4849 1148 4918 ingens
1190 4850 1334 4904 facta
1359 4852 1671 4908 renovatio.
1720 4852 1886 4908 Vetus
1917 4854 2068 4909 enim
2103 4853 2176 4926 Sy

2310 4851 2560 4923 ἀνάθεμα
2583 4845 2744 4903 εἶναι.
2787 4847 2962 4912 Πολὺς
2996 4848 3051 4900 δὲ
3099 4848 3209 4902 τῶν
3253 4849 3584 4919 πραγμάτων
3627 4845 3651 4896 ὁ
3692 4853 3833 4892 καινιο

624 4956 859 5010 nagoga,
894 4949 1169 4996 vetustate
1203 4943 1440 5012 quodam
1484 4952 1646 5014 pacto
1688 4945 1963 5012 obsoleta,
2009 4945 2177 5015 juven

2312 4943 2471 5014 σμός.
2519 4941 2580 4995 'H
2606 4943 2714 5013 γὰρ
2744 4940 2952 5011 ἀρχαία
2985 4940 3288 5010 Συναγωγὴ
3329 4941 3529 5010 τρόπον
3549 4934 3658 4989 τινὰ
3682 4943 3829 4982 πεπα-

626 5033 766 5088 culze
807 5045 1180 5102 comparatur.
1215 5035 1394 5102 Ipsius
1433 5035 1637 5092 deinde
1672 5037 1789 5100 filii,
1829 5037 2078 5107 Apostoli
2126 5036 2180 5091 ni

2309 5033 2588 5105 λαιωμένη
2620 5036 2686 5105 τῇ
2732 5033 3075 5101 παλαιότητι,
3119 5031 3324 5086 νεάνιδι
3371 5028 3750 5102 παρεικάζεται.
3779 5017 3828 5068 Ul

629 5125 854 5188 mirum,
879 5142 998 5178 cum
1027 5141 1090 5180 ea
1123 5125 1456 5193 habitarunt,
1484 5143 1607 5182 cum
1625 5130 1896 5191 eamdem,
1916 5127 2080 5183 veluti
2117 5142 2183 5182 nu

2311 5125 2368 5179 δὲ
2396 5125 2504 5178 υἱοὶ
2525 5124 2692 5193 αὐτῆς
2717 5122 3002 5176 ἀπόστολοι
3021 5122 3091 5175 ἐν
3118 5120 3274 5190 αὐτῇ
3302 5119 3618 5186 κατῴκουν,
3641 5113 3703 5175 ὡς
3731 5125 3826 5178 τρο·

635 5217 851 5282 tricem,
891 5235 1053 5272 manu
1088 5229 1380 5288 regerent;
1415 5236 1540 5275 cum
1573 5222 1717 5275 sicut
1751 5231 1982 5275 matrem
2014 5235 2183 5276 conso

2315 5218 2416 5287 φὺν
2468 5214 2974 5288 χειραγωγοῦντες,
3032 5213 3478 5286 παρακαλοῦντες
3513 5211 3581 5273 ὡς
3629 5203 3822 5277 μητέρα.

633 5307 918 5376 larentur;
945 5326 1066 5365 cuin
1108 5311 1347 5380 denique
1401 5313 1538 5383 legis
1567 5314 1795 5368 umbras
1828 5313 2004 5367 vitare
2037 5311 2183 5366 doce

2319 5309 2542 5379 φεύγειν
2570 5310 2665 5363 τοῦ
2698 5309 2862 5381 νόμου
2901 5309 3000 5375 τὰς
3059 5313 3219 5375 σκιὰς
3257 5311 3642 5383 εἰσηγούμενοι,
3667 5302 3730 5362 ὡς
3754 5299 3823 5348 τίν

637 5410 798 5457 rent:
836 5403 982 5457 unde
1025 5421 1121 5474 pro
1155 5407 1406 5476 patribus
1437 5423 1562 5463 esse
1591 5419 1755 5462 natos
1787 5408 1866 5461 illi
1899 5407 2039 5462 filios
2071 5421 2183 5476 apu.

2328 5400 2494 5456 Aa6‘t8
2523 5400 2732 5469 λέγειν’
2782 5401 2928 5454 Ἀντὶ
2969 5401 3078 5456 τῶν
3126 5403 3383 5474 πατέρων
3428 5419 3514 5456 σου
3548 5386 3824 5476 ἐγενήθηξτάν

2325 5510 2410 5546 σοι
2441 5494 2568 5546 υἱοί.
2603 5493 2718 5544 Υἱοὶ
2757 5492 2865 5564 γάρ
2891 5492 3066 5559 ὄντες,
3103 5494 3184 5557 εἰς
3215 5495 3458 5564 πατέρας
3491 5491 3721 5558 ἐγένοντο.
3743 5475 3818 5529 Ὧν

2323 5585 2497 5649 οὓτως
2527 5584 2779 5654 ἐχόντων,
2806 5582 2980 5649 οὕτως
3021 5585 3497 5655 εὐφρανθήσεται
3529 5582 3708 5648 Κύριος
3743 5567 3818 5622 ἐντὶ

715 5701 948 5826 uicini.
996 5723 1112 5772 vm,
1165 5709 1252 5764 12.
1295 5712 1337 5744 "
1369 5711 1514 5770 Psal.
1568 5728 1787 5777 Lxxxvt,
1823 5713 1875 5767 5.
1953 5715 1996 5744 ²²
2027 5711 2174 5770 Psal-

2284 5725 2347 5775 iV,
2381 5706 2468 5760 10.
2566 5701 2611 5734 ³³
2646 5699 2806 5758 Joan.
2834 5718 2890 5770 κ,
2914 5702 3007 5759 29.
3112 5704 3158 5737 ⁸⁸
3193 5705 3352 5761 non].
3381 5719 3460 5769 ιι,
3485 5701 3533 5756 5.
3624 5693 3663 5725 υ
3689 5684 3803 5742 Psal.

654 5787 799 5840 xuv,
843 5787 862 5826 ι
886 5787 930 5829 ι.

641 5495 901 5550 Davidem
931 5498 1164 5567 legimus
1187 5502 1252 5555 ’⁵.
1281 5501 1417 5555 Cum
1440 5503 1585 5558 enim
1611 5501 1706 5556 filii
1728 5510 1935 5561 essent.
1959 5501 2014 5554 in
2034 5508 2220 5571 patres

642 5592 963 5640 evaserunt.
1011 5587 1142 5652 Quae
1179 5605 1304 5645 cum
1354 5592 1432 5646 ita
1476 5607 1537 5647 se
1589 5591 1854 5658 habeant;
1890 5590 1965 5644 ita
2017 5591 2216 5659 inquit,

3112 5704 3158 5737 “
3193 5705 3352 5761 Rcui.
3381 5719 3460 5769 ιι,
3485 5701 3533 5756 5.
