4046 6386
552 293 698 359 2659

1862 282 2222 351 PROCOPII
2263 286 2408 350 GAZ
2415 286 2509 350 1E]

3716 292 3842 360 2660

555 402 876 459 actionibus
922 402 1262 474 pascebant:
1309 401 1580 474 quodiis,
1622 398 1715 472 qui
1763 414 1907 457 novo
1947 384 2148 454 stecnlo

2252 401 2369 454 πῶν
2414 398 2839 455 ἀπολαύσονται.
2892 400 3066 455 Τοῦτο
3094 401 3198 473 γάρ
3238 401 3410 457 κατὰ
3473 399 3589 471 τῆς
3640 402 3843 464 ἑαυτοῦ

554 495 707 568 digni
741 497 1124 561 habebuntur,
1170 497 1395 551 minime
1439 495 1684 549 futurum
1728 500 1848 559 est;
1897 492 1993 547 sed
2027 492 2139 546 vir-

556 595 726 644 tutem
771 589 984 660 operati
1035 588 1151 644 suis
1190 587 1296 657 ipsi
1330 586 1602 642 fructibus
1650 587 1951 656 potientur.
1998 583 2141 653 ldip—

2246 491 2434 560 δόξης
2477 491 2673 563 ὤμοσε
2715 494 2953 563 Κύριος.
2986 495 3062 548 Οὐ
3097 494 3207 566 γὰρ
3251 490 3386 565 εἶχε
3433 496 3585 550 κατά
3617 498 3846 567 μείζονος

2248 585 2486 655 ὀμόσαι.

555 694 679 736 sum
709 679 855 734 enim
880 688 986 747 est,
1014 670 1163 749 quod
1190 678 1294 733 Per
1315 678 1545 749 gloriam
1574 692 1723 731 suam
1742 674 1950 746 juravit
1974 674 2139 747 714
2175 673 2475 731 Dominus:
2498 692 2623 733 cum
2651 676 2942 749 majorem,
2967 692 3065 749 per
3090 693 3253 750 quem
3265 678 3523 749 juraret,
3586 695 3700 737 non
3758 683 3846 739 ba-

555 778 715 835 beret
733 776 801 832 ”.

625 866 785 935 Quod
814 883 942 923 vero
976 878 1303 924 comesturos
1330 878 1379 925 et
1406 870 1666 929 bibituros
1706 874 1762 928 in
1791 875 1945 929 atriis
2014 891 2145 929 san-

555 961 655 1015 ctis
686 960 798 1014 suis
824 959 1084 1027 dixit;de
1105 961 1292 1017 multis
1315 962 1425 1015 illis
1450 964 1853 1031 mansionibus,
1877 982 1999 1037 quas
2019 976 2151 1022 sunt

555 1050 699 1120 apud
740 1048 960 1105 Patrem
986 1088 1002 1114 ,
1041 1050 1271 1123 intelligi
1321 1061 1486 1122 queat
1512 1053 1578 1108 “.
1607 1054 1886 1110 Atriorum
1926 1057 2145 1121 deinde,

555 1144 672 1199 sive
700 1159 972 1208 arearum,
1040 1153 1099 1198 ut
1123 1147 1336 1201 caeteris
1376 1146 1592 1215 placet,
1652 1148 1794 1205 facta
1848 1151 2146 1214 mentione,

553 1236 754 1292 ordine
776 1246 832 1292 et
856 1236 1043 1307 templi
1074 1237 1236 1292 etiam
1260 1255 1368 1292 non
1400 1240 1607 1296 oblitus
1637 1241 1874 1307 videtur,
1903 1258 2027 1297 cum
2053 1261 2151 1315 per

553 1336 736 1398 portas
770 1343 898 1381 suas
944 1327 1100 1395 jubet
1137 1328 1445 1395 ambulare;
1498 1330 1573 1383 ita
1620 1333 1904 1387 caelestem
1954 1335 2148 1388 civita-

553 1426 663 1473 tem
708 1419 980 1485 inridens;
1016 1418 1176 1487 cujus
1207 1436 1347 1474 area:
1376 1430 1429 1475 et
1464 1432 1632 1489 porta:
1655 1440 1733 1477 ea:
1774 1425 1905 1494 ipsa:
1942 1426 2149 1480 intelli-

553 1513 789 1575 guntur,
835 1520 958 1575 qua:
1006 1513 1197 1577 postea
1244 1508 1427 1573 dignis
1481 1510 1843 1579 aperientur:
1899 1514 1965 1567 ad
2012 1528 2150 1583 quas

554 1611 681 1651 cum
708 1607 977 1653 vocantur
1000 1637 1015 1663 ,
1042 1607 1103 1653 ut
1134 1598 1270 1652 nihil
1312 1601 1658 1657 introeuntes
1688 1613 1993 1660 remoretur
2016 1606 2153 1661 invi-

554 1687 663 1748 dia.
692 1688 776 1743 vel
801 1689 1106 1755 excusatio,
1146 1690 1226 1744 vel
1269 1691 1481 1745 dminon
1508 1692 1652 1765 (qua:
1691 1695 1873 1749 solent
1909 1710 1940 1749 a
1978 1712 2148 1767 regno
2179 1728 2220 1783 Β

555 1780 825 1849 avertere)
853 1780 1122 1849 angelicis
1139 1781 1460 1845 virtutibus,
1477 1784 1616 1838 uiam
1643 1785 1837 1854 populo
1859 1802 1954 1839 suo
1975 1786 2149 1855 facere

554 1869 828 1940 praecipit.
863 1867 1006 1924 Sunt
1034 1878 1241 1934 tamen,
1276 1871 1369 1940 qui
1396 1873 1500 1926 ista
1524 1874 1690 1928 etiam
1729 1875 1794 1927 ad
1824 1875 2147 1943 Ecclesiam,

553 1973 676 2030 qua)
700 1960 759 2014 in
800 1960 963 2016 terris
999 1970 1130 2026 est,
1170 1960 1365 2016 referri
1412 1970 1641 2032 putent;
1670 1965 2016 2037 lapidumque
2046 1983 2149 2021 no-

555 2054 705 2108 mine
735 2052 995 2109 scandala
1018 2053 1317 2124 significari
1341 2072 1355 2107 :
1384 2056 1606 2125 praecipi
1639 2065 1820 2111 autem
1841 2059 2148 2115 custodibus

558 2145 734 2215 ipsius
760 2154 815 2199 et
859 2144 1316 2215 magistratibus,
1367 2156 1426 2198 ut
1470 2145 1608 2199 viam
1644 2146 1858 2216 planam
1904 2159 1958 2204 et
1981 2165 2147 2221 expe-

556 2238 726 2293 ditam
752 2239 1027 2307 praebeant
1047 2237 1464 2292 accedentibus.
1512 2236 1614 2304 Qui
1631 2240 1774 2293 enim
1797 2239 2019 2296 Iudaeus
2040 2254 2146 2309 est,

570 2329 626 2384 in
699 2329 888 2400 figuris
965 2329 1130 2382 han-et
1201 2328 1486 2398 legalibus.
1562 2328 1910 2396 Qui‘autem
1978 2331 2141 2387 Grae-

558 2437 679 2484 cus,
750 2422 807 2476 in
867 2421 1127 2475 doctrina:
1165 2422 1461 2476 novitatem
1519 2422 1792 2492 impingit.
1835 2424 1889 2477 In
1942 2439 2148 2479 memo-

558 2513 698 2567 riam
758 2513 956 2569 deinde
1000 2528 1190 2569 eorum
1258 2516 1461 2586 scripta
1521 2526 1792 2581 revocat,
1857 2517 1949 2586 qui
2006 2517 2148 2587 apud

560 2620 693 2661 suos
719 2606 907 2661 eximii
957 2607 1251 2662 habentur.
1310 2610 1513 2663 Contra
1563 2620 1784 2673 autem,
1830 2613 1922 2681 qui
1969 2612 2146 2666 sacris

568 2696 795 2752 initiant
816 2739 832 2761 ,
865 2697 1320 2754 oﬂ‘endiculorum
1363 2700 1590 2754 remotis
1620 2699 2029 2763 occasionibus,
2065 2701 2144 2772 ip-

564 2800 661 2843 sos
686 2786 855 2841 animi
881 2802 1102 2851 sensus,
1148 2788 1350 2843 refecta
1403 2789 1577 2859 ipsius
1610 2791 1664 2844 in
1704 2790 1873 2845 Deum
1906 2792 2147 2861 qualibet

568 2876 830 2943 elatione,
864 2888 1194 2950 expurgant.
1224 2880 1408 2949 Atque
1439 2880 1569 2936 inde
1589 2890 1674 2937 est
1695 2922 1709 2947 ,
1736 2883 1881 2952 quod
1907 2884 2148 2938 circum-

558 2969 710 3026 cisos
773 2968 979 3028 Paulus
1043 2972 1365 3044 alloquens,
1413 2973 1551 3028 nihil
1603 2990 1726 3030 esse
1765 2977 2147 3032 circumcisio-

2320 866 2615 936 Φάγονται
2635 863 2691 916 δὲ
2717 863 2813 917 καί
2840 863 3079 917 attonat
3114 862 3185 917 ἐν
3223 860 3368 929 ταῖς
3398 862 3708 919 ἐπαύλεσι
3733 867 3849 933 ταῖς

2249 960 2442 1029 ἁγίαις
2468 975 2612 1028 μου,
2642 957 2704 1010 αῖ
2745 974 2891 1019 τινες
2923 952 3035 1009 εἶεν
3074 957 3133 1009 αί
3165 955 3375 1009 πολλαὶ
3407 955 3578 1027 μόναι
3602 958 3754 1029 παρὰ
3778 960 3850 1032 τῷ

2250 1051 2479 1123 Πατέρι.
2528 1050 2871 1105 Ἐπαύλεων
2918 1048 2974 1101 δὲ
3020 1048 3312 1118 μνησθεὶς,
3353 1046 3391 1119 ἢ
3435 1046 3675 1115 αὐλῶν,
3720 1054 3849 1108 κατά

2247 1143 2372 1205 τοὺς
2405 1141 2647 1205 λοιποὺς,
2675 1139 2988 1204 ἀκολούθως
3017 1141 3112 1194 καὶ¹
3140 1139 3239 1193 τοῦ
3296 1138 3461 1210 ἱεροῦ
3502 1144 3845 1212 μνημονεύει,

2249 1236 2611 1304 Πορεύεσθε,
2653 1234 2852 1303 λέγων,
2883 1233 2970 1287 διὰ
2998 1233 3107 1286 τῶν
3139 1231 3366 1287 πυλῶν
3394 1249 3544 1302 μου,
3571 1234 3672 1304 τὴν
3702 1237 3848 1292 tm.

2251 1327 2435 1398 ράνιον
2462 1324 2617 1378 πόλιν
2644 1322 2842 1394 δηλῶν,
2889 1322 3087 1389 αὐλάς
3128 1340 3189 1377 τε
3231 1322 3460 1393 ταύτης
3499 1322 3605 1377 καὶ
3638 1327 3844 1393 πύλας,

2249 1418 2306 1472 αἲ
2340 1415 2483 1471 κατὰ
2525 1416 2588 1470 τὸ
2636 1415 2829 1486 μέλλον
2866 1417 2980 1479 τοῖς
3018 1415 3190 1480 ἀξίοις
3237 1415 3746 1483 ἀναπετάννυνται,
3773 1423 3843 1485 είς

2249 1506 2317 1570 ἃς
2346 1506 2720 1576 καλουμένων,
2753 1506 2829 1569 ὡς
2856 1504 2922 1559 ἂν
2960 1507 3129 1577 μηδὲν
3153 1506 3399 1559 εἰσιοῦσι
3452 1510 3844 1577 παρεμποδίζοι

2254 1594 2472 1662 φθόνος,
2508 1594 2542 1665 ἢ
2600 1594 2899 1665 πρόφασις,
2928 1596 2961 1666 ῆ
3010 1596 3242 1665 δαίμων,
3288 1595 3543 1666 κώλυμα
3571 1596 3673 1667 τῆς
3706 1598 3840 1669 βασις

2253 1685 2402 1750 λείας
2426 1685 2724 1756 γινόμενοι,
2772 1686 3228 1754 Ὀδοποιήσιιτε,
3247 1688 3419 1759 φησι,
3450 1686 3536 1753 τῷ
3569 1690 3697 1756 λαῷ
3715 1711 3838 1760 μου,

2249 1780 2369 1842 ταῖς
2392 1779 2713 1848 ἀγγελικαῖς
2744 1778 2919 1849 λέγων
2952 1781 3239 1852 δυνάμεσι.
3267 1781 3441 1845 Τινὲς
3469 1781 3530 1835 δὲ
3561 1783 3729 1840 ταῦτα
3755 1788 3837 1842 καὶ

2251 1869 2380 1940 περὶ
2423 1869 2524 1937 τῆς
2562 1868 2702 1922 κατὰ
2746 1868 2852 1940 γῆν
2894 1869 3224 1941 Ἑκκλησίας
3273 1873 3446 1941 φασὶ,
3503 1874 3602 1924 καὶ
3646 1875 3836 1943 λίθους

2250 1957 2392 2015 εῖναι
2424 1960 2493 2015 τὰ
2515 1961 2806 2015 σκάνδαλα.
2838 1962 3109 2030 Λέγεσθαι
3144 1963 3202 2017 δὲ
3231 1963 3456 2035 ταύτης
3487 1967 3605 2028 τοῖς
3630 1965 3835 2033 φύλαξί

2248 2069 2308 2105 τε
2347 2053 2441 2105 κα)⁴
2474 2051 2813 2116 διδασκάλοις
2847 2054 3202 2124 ἀπρόσκοπον
3231 2052 3448 2107 διδόναι
3501 2055 3623 2116 τοῖς
3650 2055 3829 2108 sistati-

2251 2161 2336 2197 σιν
2364 2144 2530 2199 ὁδόν.
2575 2145 2636 2200 '0
2677 2144 2777 2216 μὲν
2811 2144 2919 2216 γὰρ
2962 2145 3023 2213 ἐξ
3068 2144 3368 2211 Ἰουδαίων,
3411 2143 3611 2208 τύποις
3637 2147 3826 2216 ἐμφιλο-

2249 2240 2417 2311 χωρεῖ
2440 2240 2706 2309 νομικοῖς,
2735 2239 2764 2291 ὁ
2803 2238 2861 2291 δὲ
2899 2237 2959 2305 ἐξ
2994 2238 3291 2310 Ἑλλήνων,
3323 2237 3409 2310 τῷ
3445 2238 3552 2308 τῆς
3595 2237 3818 2294 διδασκα-

2249 2330 2367 2392 λίας
2396 2329 2532 2402 ξένῳ
2558 2329 2887 2401 προσπταίει
2918 2345 2936 2363 ο
2974 2331 3256 2402 μέμνηται
3285 2330 3347 2383 δὲ
3396 2330 3496 2383 καὶ
3530 2329 3724 2399 λόγων,
3745 2330 3813 2395 οὓς

2249 2424 2300 2476 οἱ
2326 2423 2457 2495 παρ’
2488 2423 2674 2486 αὐτοῖς
2701 2422 2928 2490 λογάδες
2968 2423 3343 2494 γεγράφασιν.
3399 2422 3550 2477 Ἀλλ’
3598 2424 3648 2476 oi
3682 2440 3816 2493 μυστο

2249 2518 2458 2586 αγωγοὶ
2479 2517 2579 2580 τὰς
2610 2515 2719 2569 τῶν
2766 2516 3078 2571 σκανδάλων
3097 2517 3539 2588 περικόπτουσιν
3570 2515 3818 2587 ἀφορμάς,

2248 2609 2546 2679 λογισμοὺς
2580 2607 2993 2679 καθαιροῦντες,
3035 2608 3133 2661 καὶ
3168 2609 3277 2662 πᾶν
3301 2607 3518 2677 ὕψωμα
3549 2609 3820 2678 ἐπαιρόμε-

2249 2718 2340 2754 νον
2385 2701 2529 2755 κατά
2582 2701 2685 2770 τῆς
2713 2699 2974 2769 γνώσεως
3023 2698 3120 2753 τοῦ
3169 2699 3330 2756 Θεοῦ.
3368 2698 3541 2753 Ὅθεν
3585 2701 3613 2753 ὁ
3640 2700 3820 2765 Παῦλος

2247 2796 2361 2857 τοῖς
2397 2792 2495 2865 μὲν
2539 2794 2604 2847 ὲκ
2642 2794 2950 2864 περιτομῆς
2996 2810 3201 2863 φησιν·
3251 2793 3318 2846 Ἦ
3368 2793 3645 2865 περιτομὴ
3687 2792 3817 2846 οὐδέν

2248 2886 2385 2952 ἐστι,
2422 2885 2521 2940 καὶ
2573 2887 2606 2957 ὴ
2637 2885 2981 2957 ἀκροϐυστία
3017 2885 3172 2939 οὐδέν
3220 2886 3396 2946 ἐστιν,
3439 2884 3581 2938 ἀλλὰ
3613 2885 3819 2957 τήρησις

2250 2975 2483 3030 ἐντολῶν
2531 2975 2690 3029 Θεοῦ.
2730 2976 2841 3029 Καὶ
2874 2975 3038 3032 πάλιν
3064 2992 3081 3008 θ
3124 2976 3190 3030 Ei
3238 2974 3661 3049 περιτέμνεσθε,
3701 2976 3817 3047 Χριο

560 3076 706 3125 nem,
737 3062 874 3117 nihil
907 3064 1258 3133 praeputium.
1282 3065 1377 3119 sed
1411 3065 1793 3123 mandatorum
1828 3066 1920 3122 Dei
1954 3070 2136 3124 obser-

2252 3068 2369 3131 στος
2414 3069 2561 3139 ὑμᾶς
2607 3067 2766 3121 οὐδὲν
2822 3067 3116 3138 ὠφελήσει.
3183 3068 3308 3132 Τοῖς
3365 3067 3426 3120 δὲ
3471 3066 3533 3135 ἐξ
3580 3065 3816 3137 Ἑλλήνων

557 3154 832 3207 sationem
862 3154 1139 3223 signilicat
1161 3154 1227 3207 ⁵⁸.
1271 3153 1338 3208 Ει
1367 3156 1497 3211 alibi
1518 3197 1531 3217 .
1583 3174 1708 3211 cum
1745 3159 1879 3213 nihil
1907 3157 2137 3224 Calatis,

559 3244 608 3300 si
641 3244 1135 3311 circumcidantur,
1160 3262 1286 3302 esse
1305 3247 1582 3302 Christum
1610 3250 1957 3318 profuturum
1989 3267 2142 3308 asse-

560 3337 635 3390 rit
659 3335 727 3389 “.
761 3335 893 3392 Inde
926 3352 1171 3403 rursum,
1202 3340 1346 3408 quod
1382 3340 1604 3396 Graecos
1637 3341 1779 3396 idem
1810 3343 1929 3397 dies
1954 3344 2144 3400 obser-

562 3444 725 3492 vare,
775 3439 829 3484 et
871 3437 1151 3498 tempora,
1195 3439 1250 3485 et
1298 3448 1472 3487 annos
1519 3436 1858 3502 exprobrat;
1904 3446 2144 3494 metuere

561 3528 743 3576 autem
773 3536 831 3577 se
867 3537 938 3577 ne
965 3521 1019 3576 in
1048 3538 1144 3578 eos
1174 3539 1398 3595 operam
1425 3541 1581 3581 suam
1605 3526 1811 3582 frustra
1836 3530 2141 3586 collocarit.

562 3614 787 3669 Tollunt
814 3629 980 3685 porro
1012 3616 1178 3671 etiam
1218 3619 1465 3674 custodes
1505 3620 1606 3691 ipsi
1647 3622 2032 3679 haereticorum
2060 3624 2145 3681 of-

563 3706 862 3762 fendicula.
931 3706 1094 3764 Dicas
1132 3709 1331 3766 deinde
1382 3720 1435 3767 et
1484 3712 1743 3768 Ecclesia:
1785 3731 1975 3772 muros
2022 3733 2146 3772 esse

562 3801 738 3871 ipsam
770 3801 1022 3857 veritatis
1054 3802 1370 3875 dogmatum
1406 3807 1771 3861 constantiam
1825 3817 1880 3862 et
1917 3807 2150 3863 firmitu-

562 3893 783 3961 dinem;
824 3895 1087 3950 adversus
1125 3913 1249 3967 qua:
1283 3913 1352 3951 ne
1378 3906 1549 3967 porta:
1579 3900 1799 3969 quidem
1848 3901 2150 3956 inferorum

562 3985 860 4055 quidquam
888 3994 1146 4056 poterunt
1169 3987 1234 4042 ⁵⁷.
1260 3988 1533 4059 Deinceps
1571 3992 1779 4059 colligit
1811 3992 1904 4048 his
1931 3995 2151 4049 verbis:

2248 3163 2449 3230 φησίνο
2505 3159 2751 3230 Ἡμέρας
2801 3146 3236 3230 παρατηρεῖσθε,
3282 3157 3387 3211 καὶ
3439 3157 3680 3227 καιροὺς,
3736 3156 3815 3208 καὶ

2247 3250 2549 3313 ἐνιαυτούς.
2608 3249 2888 3320 Φοϐοῦμαι
2943 3251 3156 3320 μήποτε
3202 3248 3331 3316 είκῆ
3399 3246 3703 3301 κεκοπίακα
3747 3245 3814 3306 είς

2249 3346 2416 3416 ὑμᾶς.
2450 3346 2562 3399 Καὶ
2600 3345 2667 3398 τά
2696 3342 2755 3409 ἐξ
2794 3344 3090 3414 αἰρετικῶν
3118 3343 3174 3396 δὲ
3204 3342 3632 3413 περικόπτουσιν
3657 3339 3702 3391 οἱ
3724 3339 3814 3408 φύε

2249 3442 2438 3505 λακες
2487 3437 2778 3492 σκάνδαλα.
2835 3437 3025 3499 Εἵποις
3068 3436 3114 3489 δ’
3159 3434 3226 3489 ἂν
3272 3434 3447 3502 τείχη
3493 3430 3809 3501 Ἐκκλησίας,

2249 3530 2359 3583 τῶν
2415 3530 2515 3599 τῆς
2568 3528 2825 3598 ἀληθείας
2880 3527 3169 3597 δογμάτων
3219 3526 3321 3595 τὴν
3377 3524 3713 3597 ἑδραιότητα,
3748 3513 3811 3574 ὧν

2253 3621 2381 3694 ᾅδου
2416 3622 2581 3675 πύλαι
2608 3622 2668 3674 ού
2695 3622 3142 3692 κατισχύσουσιν.
3190 3618 3345 3690 Ἑξῆς
3377 3617 3641 3687 ἐπιλέγει,
3666 3617 3811 3682 Ἀρα-

2251 3731 2317 3767 τε
2357 3715 2687 3783 σύσσημον
2714 3717 2802 3780 εὶς
2846 3716 2918 3767 τὰ
2966 3713 3132 3779 ἔθνη.
3172 3711 3395 3788 ’Κύριος
3436 3710 3547 3781 γὰρ
3582 3706 3808 3776 ἐποίησεν

2246 3807 2508 3861 ἀκουστὸν
2540 3807 2652 3872 ἕως
2676 3804 2942 3875 ἐσχάτου
2969 3804 3082 3872 τῆς
3111 3803 3245 3875 γῆς.
3275 3804 3369 3875 Μὴ
3397 3803 3506 3872 γὰρ
3534 3799 3718 3870 νομίσῃ
3736 3812 3807 3859 τις

2250 3900 2447 3964 ταῦτα,
2478 3901 2669 3971 φησὶν,
2697 3898 2950 3970 εἰρῆσθαι
2972 3899 3100 3968 περὶ
3130 3896 3224 3950 τοῦ
3248 3894 3359 3951 τῶν
3394 3894 3657 3951 Ἰουδαίων
3676 3887 3802 3943 λαοῦ.

2252 3991 2325 4043 Τὸ
2386 3990 2497 4059 γάρ
2524 3989 2781 4060 σημεῖον
2829 3987 3156 4057 ἀρθήσεται
3192 3986 3373 4059 μέχρι
3417 3983 3538 4039 τῶν
3560 3979 3807 4050 ἐσχάτων

565 4075 782 4132 Elevate
803 4077 1013 4145 signum
1045 4077 1100 4131 in
1129 4088 1308 4148 gentes
1334 4080 1405 4131 ad
1426 4088 1690 4133 extremos
1718 4096 1880 4152 usque
1910 4083 2157 4137 terminos
2252 4083 2360 4151 τῆς
2403 4084 2535 4155 γῆς.

565 4185 740 4234 εει-ηε.
766 4170 955 4242 Neque
982 4171 1127 4227 enim
1157 4188 1487 4244 quemquam
1532 4175 1691 4231 decet
1728 4178 2046 4234 existimare
2069 4179 2137 4235 de
2174 4177 2490 4237 Judmorum
2515 4181 2923 4251 pop’uloisthmc
2946 4178 3219 4248 intelligi;
3253 4192 3378 4231 eum
3442 4174 3512 4230 ad
3572 4179 3802 4227 exirem“

562 4281 728 4337 usque
756 4265 899 4321 orbis
924 4266 1119 4321 limites
1141 4266 1301 4341 715
1332 4267 1533 4323 elevare
1561 4271 1765 4341 signum
1793 4271 2005 4342 jubeat.

637 4364 909 4420 Caeterum
948 4364 1209 4433 quidnam
1254 4379 1321 4419 eo
1372 4364 1664 4438 intelligit,
1717 4369 1861 4438 quod
1900 4369 2141 4422 auditum

2316 4367 2383 4420 Τί
2414 4366 2471 4421 δὲ
2496 4365 2559 4418 τὸ
2590 4359 2896 4418 ἀκουστὸν
2940 4361 3273 4429 σύσσημον
3318 4357 3458 4427 ὅπερ
3503 4352 3628 4426 ἆραί
3655 4366 3799 4423 φησι,

566 4458 775 4529 signum
800 4456 1002 4511 elevare
1025 4457 1307 4528 praecipit?
1339 4456 1576 4513 Verbum
1609 4458 1734 4514 fidei
1767 4462 1912 4530 quod
1952 4463 2145 4532 praedi-

566 4566 780 4613 camus,
807 4559 998 4603 notum
1054 4548 1167 4603 fieri
1202 4551 1463 4619 postulat.
1503 4549 1601 4605 Vel
1635 4551 1869 4608 fortasse
1899 4554 1965 4608 ad
1998 4555 2145 4609 salu-

567 4641 742 4697 tiferae
777 4641 1053 4710 passionis
1100 4641 1411 4710 symbolum
1461 4644 1667 4698 retulit.
1728 4642 1902 4700 [labet
1935 4661 2062 4700 vero
2092 4655 2147 4700 et

568 4733 720 4787 istud
752 4731 877 4786 ﬁdei
907 4731 1207 4787 confessio.
1249 4732 1408 4786 Decet
1457 4733 1604 4787 enim
1648 4734 1936 4789 Dominum
1960 4734 2145 4793 Iesum

567 4841 666 4881 ore
696 4826 817 4896 ipso
845 4824 1109 4893 proﬁteri,
1152 4824 1430 4895 Deumque
1461 4827 1640 4896 ipsum
1659 4843 1688 4880 a
1718 4829 1946 4883 mortuis
1968 4830 2151 4895 susci-

568 4927 738 4981 tasse.
774 4917 997 4973 credere
1022 4917 1088 4971 ⁵⁸.
1119 4914 1325 4971 Filiam
1357 4917 1485 4973 Sion
1515 4919 1799 4988 deinceps,
1833 4935 1936 4989 qua
1972 4922 2148 4974 mani-

570 5005 709 5063 feste
733 5005 981 5061 Ecclesia
1025 5004 1369 5076 signiﬁcatur
1392 5043 1408 5069 ,
1442 5005 1773 5060 Salvatomn
1807 5023 1961 5061 suum
1992 5006 2150 5062 docet

569 5106 914 5168 exspectare.
950 5097 1049 5153 Est
1085 5096 1230 5152 enim
1263 5097 1471 5151 veteris
1500 5096 1648 5152 illius
1687 5099 1971 5169 regiminis
2007 5100 2144 5169 ﬁlia,

572 5187 720 5260 quod
755 5189 1011 5261 pietatem
1052 5187 1197 5261 apud
1225 5186 1444 5243 Judazos
1491 5204 1791 5259 verumque
1828 5191 2033 5245 cultum
2065 5206 2152 5244 re-

573 5285 757 5343 tinuit.
792 5285 873 5340 Ad
901 5286 1133 5341 alterum
1159 5274 1326 5355 igitur
1356 5283 1650 5338 adventum
1684 5284 1789 5338 ista
1820 5300 1967 5339 nunc
1998 5296 2146 5338 retu-

574 5381 666 5447 lit,
695 5395 760 5437 ea
794 5381 849 5436 in
881 5382 1205 5435 memoriam
1251 5393 1549 5446 revocans,
1595 5393 1718 5449 quae
1751 5394 1811 5434 se
1837 5393 2046 5449 gerere.
2089 5384 2146 5430 ut

2249 4460 2394 4515 τοῦτ’
2430 4459 2546 4512 ἐστι
2583 4457 2861 4528 γνώριμον
2909 4455 3136 4525 ποιῆσαι
3162 4452 3223 4505 τὸ
3256 4451 3409 4522 ῥῆμα
3442 4450 3540 4520 τῆς
3575 4447 3800 4504 πίστεως,

2250 4553 2278 4606 ὃ
2304 4550 2655 4622 κηρύσσομεν
2680 4588 2694 4611 ,
2728 4548 2763 4619 ἢ
2808 4548 2951 4618 τάχα
2977 4563 3080 4600 που
3110 4543 3204 4599 τοῦ
3250 4542 3517 4615 σωτηρίου
3547 4540 3730 4598 πάθους
3749 4532 3799 4585 τὸ

2254 4642 2542 4713 σύμϐολον.
2581 4641 2799 4693 Ἔνεστι
2833 4638 2890 4692 δὲ
2919 4639 3010 4692 καὶ
3035 4636 3196 4691 τοῦτο
3220 4636 3285 4706 τῇ
3311 4634 3410 4703 τῆς
3446 4633 3667 4692 πίστεως
3691 4626 3801 4695 ὀμο-

2255 4737 2434 4805 λογίᾳ.
2485 4736 2576 4786 Δεῖ
2619 4733 2724 4804 γάρ
2780 4734 2978 4796 εἰπεῖν,
3005 4731 3087 4785 ὅτι
3113 4729 3316 4803 Κύριος
3362 4723 3582 4796 Ἰησοῦς,
3609 4714 3799 4773 πιστεῦ-

2258 4827 2348 4881 σαί
2372 4845 2435 4880 τε
2466 4827 2550 4880 ὃτι
2587 4828 2615 4879 ὁ
2646 4825 2779 4889 Θεὸς
2807 4824 2971 4879 αὑτὸν
3000 4806 3219 4895 ήγειρεν
3245 4824 3309 4874 ὲκ
3336 4817 3559 4889 νεκρῶν.
3584 4809 3704 4866 Εἶτα
3718 4807 3800 4875 τὴν

2261 4918 2557 4989 θυγατέρα
2607 4918 2761 4973 Σιὼν
2804 4916 2991 4985 σαφῶς
3030 4913 3127 4986 τὴν
3167 4912 3490 4981 Ἐκκλησίαν
3522 4907 3607 4961 τὸν
3634 4898 3798 4965 ἑαυτῆς

2259 5011 2630 5082 προσδοκῆσαι
2662 5006 2904 5076 σωτῆρα
2958 5006 3220 5060 διδάσκει.
3254 5003 3413 5058 Ἔστι
3443 4999 3546 5070 γὰρ
3574 4991 3797 5061 θυγάτηρ

2255 5101 2348 5156 τοῦ
2385 5102 2553 5156 πάλαι
2593 5100 2725 5173 παρ’
2764 5098 3042 5162 Ἰουδαίοις
3092 5094 3376 5158 θεοσεϐοῦς
3427 5086 3790 5153 πολιτεύματος-

2257 5197 2420 5262 Λέγει
2453 5196 2508 5249 δὲ
2552 5195 2647 5248 νῦν
2675 5194 2804 5264 περὶ
2835 5192 2934 5262 τῆς
2986 5188 3247 5260 δευτέρας
3276 5185 3591 5257 παρουσίας,
3625 5178 3794 5264 ἀναμίξ

2255 5288 2512 5359 μνὴσκων
2540 5286 2613 5351 ὡς
2640 5287 2668 5338 ὁ
2694 5286 2862 5340 πάλαι
2889 5301 2947 5337 σε
2967 5282 3169 5347 σώσας,
3204 5280 3270 5333 δι’
3293 5274 3370 5333 ὧν
3394 5272 3612 5348 ἔπραξέν
3636 5284 3685 5321 τε
3717 5261 3791 5359 καὶ

2256 5356 2549 5440 πέπονθεν.
2602 5380 2695 5434 Διὸ
2740 5379 2839 5434 καὶ
2879 5376 3126 5446 ἰησοῦς
3183 5373 3524 5447 ὀνομάζεται,
3571 5362 3696 5418 κατᾶ
3716 5356 3790 5410 τδν

642 5519 691 5554 ⁸³
714 5519 879 5579 Hebr.
920 5537 999 5588 vt,
1034 5521 1124 5576 15.
1196 5518 1243 5554 ⁸⁸
1272 5520 1431 5577 Joan.
1464 5537 1576 5588 xiv,
1599 5521 1692 5576 25.
1765 5523 1811 5557 ⁸³
1838 5519 2014 5576 Galat.
2050 5536 2105 5585 ν,
2139 5522 2148 5564 l

2269 5521 2314 5553 ⁸⁸
2346 5520 2479 5577 ibid.
2514 5520 2570 5577 2.
2605 5521 2649 5553 ⁸⁷
2685 5519 2873 5575 Matth.
2905 5532 3023 5583 XVI,
3082 5516 3168 5572 i8.
3245 5514 3292 5547 “
3323 5512 3479 5568 Rom.
3502 5524 3552 5573 ι.
3603 5502 3650 5559 9-

1893 5654 2124 5711 VARUE
2151 5653 2561 5713 LECTIONES.

655 5746 676 5790 ι
707 5767 796 5822 γρ.
835 5747 1240 5823 dapis-sontes.
