4046 6386
221 255 346 324 2661

1339 245 1876 313 COMMENTARII
1911 243 2011 326 iIN
2045 247 2358 308 'IS.-\IAM.

3329 247 3470 312 2662

215 370 366 436 λόγον
387 366 483 422 τοῦ
503 365 738 440 Γαϐριὴλ
755 382 769 397 ·
793 366 964 431 Αὐτὸς
990 367 1098 436 γὰρ
1127 364 1289 418 σώσει
1319 364 1412 416 τὸν
1438 362 1568 415 λαὸν
1593 361 1779 414 αὑτοῦ.

1888 359 2120 414 salutem
2154 360 2314 415 nobis
2352 369 2591 430 pararet,
2623 370 2675 415 et
2705 361 2810 430 pati
2837 359 3086 431 contigit.
3118 359 3239 427 Quo
3264 360 3463 415 factum
3501 364 3505 368 ’

214 459 372 514 Πάλιν
404 458 556 526 ἣξει,
589 459 782 531 κριτὴς
814 457 950 529 ὁμοῦ
986 457 1080 510 καὶ
1111 455 1564 526 μισθαποδότης
1589 451 1781 520 ἐσόμε-

213 569 308 612 νος.
342 552 448 605 Καὶ
479 551 588 604 ἅνω
613 551 669 603 δὲ
695 550 877 616 ἔλεγεν
902 567 914 580 ο
955 549 1122 601 Εἰπὸν
1162 551 1279 609 ταῖς
1312 547 1535 599 πόλεσιν
1587 544 1779 606 Ἰούδα,

212 643 334 697 Ἰδοὺ
363 645 391 696 6
427 641 616 712 μισθὸς
663 641 829 694 αὑτοῦ
875 641 992 711 μετ’
1039 639 1227 704 αὐτοῦ,
1272 637 1367 691 καὶ
1401 637 1466 689 τὰ
1507 636 1591 706 ἐφ’
1629 635 1777 704 ἑξῆς.

222 736 357 787 Ἀντὶ
383 733 441 786 δὲ
467 731 594 794 τοῦ,
631 733 730 785 καὶ
771 732 1016 786 καλέσει
1061 730 1275 784 αὐτόν·
1333 727 1556 793 αὐτοὺς
1587 726 1780 790 ἐξέδω-

210 844 301 879 καν
329 826 374 877 οί
403 824 598 888 λοιποὶ,
625 823 826 894 δηλαδὴ
847 825 970 885 τοὺς
998 819 1437 890 σωθησομένους.
1455 820 1520 872 Ἦ
1553 818 1653 888 μὲν
1685 814 1781 870 οῦν

209 916 436 983 ἐπίγειος
477 913 865 982 Ἰερουσαλὴμ
904 907 1493 982 ἐγκαταλελειμμένη
1533 908 1776 976 λέγεται,

209 1006 334 1078 αὕτη
365 1007 418 1060 δὲ
441 1007 897 1074 ἐπιξητουμένη.
945 1004 1004 1057 Ὀ
1050 1003 1158 1073 γὰρ
1204 1002 1374 1055 ἐλθὼν
1404 1000 1654 1070 ζητῆσαι
1686 1001 1780 1054 καὶ

209 1100 365 1152 σῶσαι
413 1099 474 1151 τὸ
503 1097 796 1162 ἀπολωλὸς,
837 1089 993 1160 οὗτος
1050 1094 1229 1165 εὑρὼν
1270 1095 1403 1148 αὐτὸ
1453 1097 1546 1148 καὶ
1576 1095 1777 1159 σώσας,

205 1193 292 1245 οὐκ
316 1191 393 1243 ἔτι
417 1190 716 1243 ἀπολέσθαι
747 1189 880 1241 αὐτὸ
930 1189 1301 1258 συγχωρήσει.
1356 1187 1512 1248 Τινὲς
1553 1186 1609 1239 δὲ
1653 1185 1780 1256 περὶ

207 1285 294 1353 τῆς
337 1282 561 1354 πρώτης
602 1282 910 1352 παρουσίας
946 1280 1036 1333 τὸν
1074 1279 1233 1348 λόγον
1285 1278 1561 1346 ἐξέλαϐον.
1607 1280 1780 1345 Εὐαγ-

206 1377 509 1444 γελίσασθαι
558 1375 615 1428 δὲ
665 1375 880 1427 κελεύει
934 1373 1106 1437 Σιὼν,
1161 1369 1241 1436 οἷς
1283 1372 1380 1424 καὶ
1433 1373 1530 1435 τὰς
1580 1375 1780 1438 πύλας

205 1468 499 1535 ἁνοιγνῦναι
538 1466 962 1538 παρεκελεύετο.
1004 1466 1246 1537 Πάρεστι
1294 1464 1350 1516 δὲ
1408 1465 1622 1532 μαθεῖν,
1657 1465 1781 1518 ὅσον

205 1560 288 1614 τοῦ
321 1559 575 1630 Σωτῆρος
619 1559 712 1612 καὶ
749 1558 858 1610 τῶν
891 1557 1149 1628 μαθητῶν
1187 1557 1247 1610 τὸ
1277 1558 1554 1629 διάφορον.
1587 1557 1650 1608 Oi
1683 1557 1782 1626 μὲν

208 1651 301 1722 γὰρ
335 1649 627 1711 καλοῦντες
661 1651 743 1713 εἰς
773 1649 1026 1713 εὐζωῖαν,
1074 1649 1172 1713 τὰς
1205 1650 1268 1702 ἐκ
1300 1648 1437 1702 Θεοῦ
1486 1649 1778 1719 διεκήρυτ-

205 1763 283 1798 τον
324 1741 556 1813 ἀμοιϐάς
580 1759 594 1772 °
627 1742 742 1795 ἀλλ’
791 1743 892 1795 οὐκ
940 1742 1097 1794 αὐτοὶ
1125 1743 1484 1812 χαρισμάτων
1535 1737 1674 1813 ἦσαν
1698 1741 1782 1794 δο-

205 1839 352 1908 τῆρες
384 1835 778 1906 πνευματικῶν
799 1853 810 1866 ·
843 1838 871 1888 6
897 1836 953 1889 δὲ
995 1835 1219 1903 Σωτὴρ,
1251 1837 1326 1899 ὡς
1356 1836 1508 1899 Θεξις,
1539 1836 1784 1906 διανέμει

207 1929 435 2001 μισθούς.
477 1929 691 1983 Οὐκοῦν
723 1930 818 1983 καὶ
863 1929 956 1981 τὸν
1005 1929 1240 1982 ἑκάστου
1270 1929 1472 1999 τρόπον
1514 1931 1636 2000 ὁρᾷ.
1676 1931 1784 1982 Καὶ

205 2021 423 2076 τοῦτοδὲ
466 2022 631 2092 μόνου
683 2020 841 2074 Θεοῦ.
888 2021 1204 2090 Γέγραπται
1244 2021 1377 2091 γὰρ,
1427 2021 1509 2073 ὅτι
1549 2019 1783 2072 ἐνώπιόν

207 2116 297 2166 είσι
325 2113 424 2164 τῶν
446 2113 543 2166 τοῦ
579 2112 712 2166 Θεοῦ
760 2111 1052 2183 ὀφθαλμῶν
1081 2113 1192 2166 ὁδοὶ
1239 2113 1454 2184 ἀνδρὸς,
1484 2116 1563 2176 είς
1589 2114 1644 2166 δὲ
1677 2117 1784 2167 πά-

209 2218 292 2263 σας
326 2201 420 2263 τὰς
451 2202 706 2271 τροχείας
746 2201 911 2254 αὐτοῦ
949 2202 1234 2256 σκοπεύει.
1271 2202 1576 2273 Τοιγαροῦν
1613 2203 1777 2274 ούρα-

209 2293 286 2346 νοῦ
312 2295 405 2356 τὰς
429 2293 579 2355 κλεῖς
607 2294 799 2364 Πέτρῳ
825 2295 1067 2364 παρέσχε
1095 2295 1278 2358 καλῶς
1304 2295 1402 2368 τὴν
1436 2296 1620 2348 πίστιν
1647 2298 1779 2365 όμο-

207 2383 498 2451 λογήσαντι,
553 2385 647 2436 καὶ
687 2386 748 2436 τὸ
789 2383 1049 2437 δύνασθαι
1109 2385 1327 2456 δεσμεῖν
1371 2403 1429 2438 τε
1483 2387 1578 2438 καὶ
1607 2386 1776 2442 λύειν.

219 2474 524 2544 Ἑχαρίσατο
577 2475 635 2527 δὲ
694 2476 788 2528 καὶ
838 2479 971 2528 πᾶσι
1022 2480 1135 2540 τοῖς
1190 2478 1462 2547 μαθηταῖς
1506 2478 1567 2529 τὸ
1604 2479 1781 2531 πᾶσαν

208 2567 343 2618 νόσον
378 2565 470 2618 καὶ
492 2566 772 2634 μαλακῖαν
803 2566 1128 2638 θεραπεύειν
1155 2570 1212 2621 ἐν
1236 2568 1314 2638 τῷ
1345 2569 1512 2638 λόγῳ.
1544 2571 1783 2623 Μισθόν

211 2676 258 2711 τε
286 2659 570 2727 ὁμολογίας
593 2659 774 2711 δίδωσι
801 2659 878 2730 τῷ
901 2659 1070 2732 λῃστῇ
1097 2662 1160 2714 τό
1181 2679 1194 2692 ·
1227 2663 1477 2732 Σήμερον
1508 2664 1625 2734 μετ’
1647 2664 1782 2734 ἐμοῦ

211 2751 296 2820 ἔσῃ
320 2753 372 2803 ἐν
399 2751 474 2821 τῷ
509 2751 848 2822 παραδείσῳ.
878 2753 1098 2807 Ἐλθὼν
1119 2754 1198 2819 δὲ,
1232 2755 1386 2824 φησι,
1416 2757 1538 2819 τοὺς
1565 2756 1783 2810 πιστεύ-

216 2860 386 2904 σαντας
410 2844 664 2897 καλέσει
703 2846 860 2896 λαὸν
885 2847 1346 2914 λελυτρωμένον
1376 2847 1494 2901 ὑπὸ
1531 2851 1776 2915 Κυρίου.

213 2937 275 2988 Οὐ
309 2937 409 3007 γὰρ
443 2935 710 3006 πρέσϐυς,
757 2938 856 2988 οὐκ
905 2936 1138 3004 ἄγγελος
1163 2975 1178 2999 ,
1222 2937 1338 2990 ἀλλ’
1373 2939 1538 3002 αὐτὸς
1575 2940 1782 3009 Κύριος

1814 1715 1856 1768 Β

1885 461 1990 512 est,
2021 462 2080 505 ut
2103 452 2270 514 idem,
2300 455 2601 507 secundum
2624 454 2899 508 Gahrielis
2937 470 3148 517 vocem,
3171 454 3324 507 :Iesus
3345 455 3467 509 ideo

1885 542 2218 606 nominetur,
2251 545 2394 612 quod
2429 545 2691 614 populum
2718 559 2879 599 Suum
2904 545 3219 598 salvaturus
3235 558 3378 599 esset
3394 547 3462 600 δ’.

1897 636 2073 691 Veniet
2105 654 2321 693 rursum
2349 639 2516 708 judex
2554 640 2694 695 idem
2727 642 3084 711 mercedisque
3114 641 3351 696 tributor
3383 642 3466 694 fn-

1885 736 2064 794 turus,
2091 729 2244 799 juxta
2274 731 2418 799 quod
2451 741 2579 785 ante
2605 734 2892 802 usurpavit
2925 735 3010 789 his
3034 734 3216 788 verbis
3243 751 3257 787 :
3297 753 3313 784 ι
3347 733 3462 786 Dixi

1884 820 2201 876 civitatibus
2231 819 2426 876 Judm:
2466 823 2605 876 Ecce
2647 839 2861 879 merces
2913 825 3033 892 ejus
3079 841 3202 879 cum
3242 841 3307 878 eo
3334 826 3401 889 ⁸ο,
3440 844 3456 876 ι

1882 922 1934 965 ct
1965 928 2084 982 quae
2122 914 2406 983 deinceps.
2471 915 2668 970 Verum
2697 931 2807 984 quo
2840 916 2959 969 loco
2990 915 3057 968 Et
3101 915 3306 970 vocabit
3344 933 3466 969 eum

1885 1003 2167 1069 habemus,
2196 1023 2283 1060 eos
2310 1009 2567 1061 dixerunt
2585 1010 2766 1062 cteteri
2792 1029 2803 1062 :
2842 1017 2899 1061 Iit
2929 1008 2996 1062 de
3025 1009 3091 1062 iis
3115 1010 3204 1078 qui
3233 1010 3461 1064 salutem

1881 1098 2234 1151 consecuturi
2273 1109 2425 1162 sunt,
2467 1101 2692 1171 intelligi
2718 1101 3108 1164 signiﬁcarent.
3147 1102 3276 1166 Qum
3301 1101 3465 1171 igitur

1883 1188 2163 1241 terrestris
2197 1196 2280 1243 est
2301 1188 2606 1244 Jerusalem
2628 1231 2642 1258 ,
2685 1191 2936 1245 derelicta
2961 1193 3191 1257 dicitur;
3225 1192 3338 1246 haec
3370 1209 3465 1246 au-

1883 1285 1990 1331 tem
2032 1279 2307 1346 requisita.
2353 1279 2626 1346 Quienim
2662 1284 2847 1348 venit,
2895 1292 2953 1337 ut
3003 1285 3147 1353 quod
3192 1285 3463 1354 perierat,

1881 1380 2141 1437 qua’reret
2185 1380 2232 1424 el
2259 1372 2533 1426 salvarct:
2579 1373 2718 1426 idem
2755 1373 2900 1442 quod
2931 1375 3138 1428 invenit
3196 1385 3250 1429 et
3282 1377 3463 1429 salva-

1883 1463 1982 1525 vit,
2015 1465 2194 1534 perire
2223 1466 2461 1535 amplius
2510 1483 2618 1520 non
2651 1468 2816 1522 sinet.
2867 1467 2985 1522 Non
3016 1469 3216 1524 desunt
3249 1478 3461 1547 tamen,

1883 1555 1974 1624 qui
2011 1557 2076 1609 ad
2115 1557 2350 1626 pl'lOl't‘lll
2405 1559 2700 1613 adventum
2751 1562 3079 1614 retulerunt.
3115 1561 3276 1616 Jubet
3299 1577 3464 1631 porro

1886 1646 2041 1700 Sinni
2066 1662 2162 1702 eos
2195 1650 2598 1718 evangelizare,
2629 1650 2832 1720 quibus
2858 1653 3020 1705 etiam
3047 1665 3229 1722 portas
3255 1657 3466 1724 aperire

1889 1738 2257 1808 przeeipiehat.
2308 1739 2364 1793 In
2412 1756 2520 1808 quo
2563 1741 2776 1796 discere
2824 1755 2934 1806 est,
2965 1755 3172 1814 quanta
3222 1745 3293 1799 sit
3325 1746 3467 1798 inter

1889 1829 2232 1886 Salvatorem
2261 1842 2315 1886 et
2337 1834 2644 1903 discipulos
2680 1835 3011 1891 dilTerentia.
3049 1835 3111 1890 lii
3139 1838 3303 1899 enim,
3338 1854 3461 1891 cum

1887 1924 1954 1977 ad
1983 1926 2107 1979 vitae
2155 1926 2480 1995 probitatem
2511 1926 2889 1991 hortarentur,
2938 1942 3034 1983 eas
3069 1935 3310 1993 tantum,
3343 1945 3465 1999 qua:

1887 2036 1916 2072 a
1951 2017 2058 2072 Deo
2088 2027 2266 2084 erant,
2300 2019 2696 2074 retributiones
2729 2020 3118 2088 praedicabant,
3151 2036 3273 2076 cum
3303 2023 3464 2088 spiri-

1888 2111 2065 2164 luales
2099 2110 2173 2162 illi
2211 2111 2416 2180 gratias
2446 2109 2670 2183 minime
2707 2110 3058 2180 Iargirentur,
3095 2116 3187 2165 sed
3217 2111 3466 2165 Salvator

1886 2201 2036 2269 ipse,
2069 2213 2329 2269 tanquam
2384 2201 2558 2264 Deus,
2593 2200 2754 2269 cujus
2809 2211 2896 2255 est
2949 2203 3256 2257 mercedem
3305 2205 3466 2258 retri-

1883 2291 2072 2346 buere.
2117 2290 2276 2345 Videt
2310 2295 2476 2360 igitur
2501 2304 2555 2344 et
2587 2293 2932 2361 singulorum
2963 2308 3176 2358 mores;
3206 2295 3350 2362 quod
3378 2301 3466 2348 est

1885 2383 2049 2438 unius
2077 2391 2286 2437 tantum
2325 2383 2414 2438 Dei
2446 2386 2750 2454 proprium.
2791 2367 3066 2439 scribitur
3093 2387 3261 2450 enim,
3287 2386 3465 2441 oculis

1887 2473 1981 2528 Dei
2014 2474 2129 2530 vias
2165 2475 2402 2529 hominis
2441 2485 2648 2546 patere,
2685 2491 2988 2546 omnesque
3023 2478 3188 2546 hujus
3237 2482 3464 2534 semitas

1884 2568 2133 2621 eumdem
2167 2567 2370 2621 intueri
2393 2569 2458 2621 δι.
2479 2567 2658 2638 Atque
2686 2570 2813 2624 inde
2847 2579 2953 2634 est,
2979 2569 3122 2639 quod
3152 2570 3314 2626 Petro
3338 2572 3464 2628 caeli

1883 2659 2064 2712 claves
2097 2660 2361 2724 tradidit,
2417 2661 2680 2730 adjuncta
2717 2663 2922 2732 ligandi
2973 2665 3331 2734 solvctidique
3364 2680 3464 2733 po-

1884 2759 2099 2815 testate,
2139 2768 2264 2806 cum
2301 2753 2590 2822 pulchram
2638 2755 2763 2808 ﬁdei
2814 2754 3224 2810 confessionem
3260 2757 3465 2809 edidis-

1884 2845 2051 2898 set“.
2093 2846 2223 2898 Eam
2254 2862 2383 2901 vero
2408 2847 2724 2900 facultatem
2769 2848 2935 2918 716
2961 2848 3184 2903 tradidit
3213 2860 3264 2904 et
3291 2849 3463 2904 disci‘

1886 2937 2028 3005 pulis
2087 2938 2379 2999 omnibus,
2437 2949 2494 2991 ut
2540 2940 2790 2992 morbum
2836 2955 3084 3003 onmem,
3139 2957 3465 3010 omnemque

213 3029 391 3082 ἔσωσεν
420 3030 590 3099 ἡμᾶς.
627 3026 1134 3096 Ἐπιζητουμέιηιν
1169 3028 1225 3082 δὲ
1285 3031 1588 3099 κληθῆναί
1626 3051 1779 3102 φησι,

1889 3029 2260 3082 inﬁrmitatem
2296 3031 2461 3083 verbo
2509 3031 2961 3100 persanarent”.
3013 3030 3232 3086 Tribuit
3267 3043 3317 3086 et
3355 3031 3465 3088 La-

211 3121 338 3175 τοῦτ’
380 3123 497 3174 ἔστι
554 3122 776 3192 μνήμης
817 3120 1165 3193 ἀξιουμένην.
1201 3121 1426 3175 Τοιοῦτο
1467 3126 1575 3196 γὰρ
1600 3127 1660 3178 τὸ
1684 3127 1781 3196 ζη-

214 3215 499 3282 τούμενον.
553 3215 616 3267 Ἠ
662 3215 718 3268 δὲ
744 3212 933 3284 πρώτη
959 3215 1184 3283 γέγονεν
1213 3215 1776 3290 ὲγκαταλελειμμένη,

211 3306 296 3356 Διὰ
339 3306 442 3376 γὰρ
496 3304 770 3375 Ἱερεμίου
835 3307 1035 3376 φησίν·
1103 3326 1121 3358 ι
1160 3305 1625 3373 Ἐγκαταλέλοιπα
1689 3315 1777 3366 τὸν

212 3389 342 3446 οἶκόν
386 3412 505 3463 μου,
562 3395 751 3466 ἀφῆκα
797 3393 894 3465 τὴν
946 3395 1332 3464 κληρονομίαν.
1374 3414 1392 3446 ι
1443 3399 1552 3450 Καὶ
1603 3401 1630 3452 6
1670 3401 1778 3452 Σω-

213 3488 302 3555 τὴρ
346 3488 397 3540 δέ
432 3505 639 3558 φησιν·
687 3507 706 3540 ι
746 3487 881 3541 Ἰδοὺ
927 3489 1149 3556 ἀφίεται
1182 3489 1310 3558 ὑμῖν
1359 3490 1387 3542 6
1425 3486 1572 3555 οἶκος
1623 3494 1776 3564 ὑμῶν

214 3579 414 3648 ἕρημος.
451 3599 468 3630 t

1891 3120 2033 3174 troni
2064 3121 2433 3177 confessionis
2465 3124 2776 3188 mercedem,
2822 3139 2946 3178 cum
2980 3140 3047 3178 eo
3086 3124 3174 3179 die
3195 3142 3381 3180 serum
3409 3127 3462 3180 iu

1889 3212 2142 3281 paradiso
2168 3210 2407 3266 futurum
2429 3230 2552 3267 eum
2577 3217 2856 3284 pollicitus
2879 3226 2963 3270 est
2981 3217 3048 3269 ³³.
3072 3217 3173 3272 Ubi
3192 3233 3356 3286 porro
3379 3236 3464 3272 ve-

1886 3307 2041 3370 nerit,
2077 3307 2272 3376 inquit,
2325 3323 2419 3360 eos
2449 3308 2540 3375 qui
2579 3309 2956 3370 crediderunt,
2987 3312 3238 3379 populum
3269 3311 3466 3364 redem-

1883 3413 2031 3469 ptum
2057 3418 2087 3453 (ι
2111 3399 2332 3452 Domino
2352 3399 2574 3456 vocabit.
2599 3397 2714 3452 Non
2739 3403 2881 3453 enim
2905 3403 3143 3470 legatus,
3163 3419 3270 3456 non
3298 3419 3465 3473 ange-

1884 3495 1992 3554 lus,
2020 3494 2113 3546 sed
2161 3495 2276 3562 ipse
2314 3493 2583 3549 Dominus
2605 3495 2834 3548 salvavit
2858 3511 2957 3548 nos
2979 3496 3046 3549 ⁵⁵.
3078 3495 3167 3548 Ait
3205 3506 3465 3564 praeterea

1883 3589 2191 3657 requisitam
2227 3603 2340 3640 esse
2392 3596 2653 3653 vocatam,
2711 3587 2761 3638 id
2804 3597 2888 3641 cst
2946 3589 3208 3641 memoria
3242 3588 3464 3658 dignam

215 3667 468 3723 habitam:
502 3669 815 3740 cuiusmodi
837 3677 946 3735 est,
967 3655 1110 3740 (μιοά
1143 3674 1422 3742 quivi-itur.
1455 3672 1546 3728 Est
1574 3692 1771 3746 porro,
1797 3699 1916 3752 qua-
1938 3655 2110 3750 prima
2141 3683 2263 3744 fuit,
2292 3680 2502 3732 relicta.
2527 3678 2616 3732 Sic
2641 3679 2783 3732 enim
2815 3677 3102 3734 Jercntias:
3144 3698 3162 3730 ι
3190 3655 3466 3747 Dei'eliqui

214 3759 414 3816 domum
449 3778 650 3827 meam,
679 3762 863 3819 dimisi
897 3765 1266 3819 luereditatem
1300 3781 1475 3820 meam
1499 3769 1566 3822 ³³.
1599 3791 1616 3820 ι
1649 3773 1712 3825 Et
1760 3774 2046 3828 Salvator:
2081 3796 2097 3826 ‹
2139 3774 2277 3828 Ecce
2309 3776 2654 3842 relinquetur
2676 3773 2870 3826 domus
2894 3782 3074 3827 vestra
3105 3775 3322 3829 deserta
3343 3773 3408 3825 ⁵⁷.
3437 3787 3457 3817 ›

276 3853 422 3916 Τινὲς
454 3854 508 3907 δὲ
541 3855 606 3906 τὸ
634 3856 741 3908 πᾶν
782 3855 954 3918 οὕτως
995 3856 1201 3910 ἄνωθεν
1232 3858 1588 3931 ἐξηγήσαντο.
1625 3864 1788 3928 Ἔθος
1837 3873 1844 3886 '

219 3946 313 4007 τοῖς
335 3949 642 4016 προφήταις
685 3947 770 4014 ἐφ’
819 3943 900 4011 οἷς
935 3949 1344 4020 προθεωροῦσιν
1392 3957 1638 4026 ἀνιαροῖς
1683 3958 1784 4026 μὲν

219 4037 431 4103 πενθεῖν,
470 4040 698 4107 ἀγαθοῖς
729 4040 786 4092 δὲ
823 4038 942 4092 λίαν
962 4043 1412 4111 εὐφραίνεσθαι·
1446 4046 1474 4098 ὃ
1508 4050 1602 4100 καὶ
1631 4048 1725 4100 νῦν
1757 4048 1783 4100 ὸ

223 4133 478 4204 προφήτης
509 4136 674 4187 ποιεῖ.
708 4133 1216 4205 Εὑαγγελισάμενος
1261 4139 1370 4207 γὰρ
1403 4138 1498 4191 τοῦ
1531 4140 1782 4212 Σωτῆρος

218 4222 304 4292 τὴν
326 4225 523 4293 ἄφιξιν,
548 4229 646 4279 καὶ
673 4226 771 4296 τὴν
795 4224 1051 4279 ἁπάντων
1091 4229 1386 4299 σωτηρίαν,
1418 4229 1580 4283 αὐτόν
1605 4249 1661 4284 τε
1689 4232 1778 4284 τὸν

1958 3868 2096 3921 Sunt
2123 3883 2250 3921 vero
2283 3868 2556 3930 nonnulli,
2592 3868 2684 3936 qui
2722 3868 3023 3920 totumhoc
3047 3868 3115 3922 ab
3135 3868 3291 3921 initio
3319 3869 3463 3922 hunc

1885 3955 1939 4008 in
1976 3957 2195 4009 modum
2229 3957 2521 4024 explicent.
2566 3954 2839 4010 Usitatum
2873 3965 2956 4008 est
2980 3955 3260 4025 prephetis
3292 3957 3360 4010 ob
3399 3973 3463 4011 ea

1881 4062 2003 4114 quae
2054 4046 2270 4109 vident,
2314 4047 2359 4099 si
2410 4046 2634 4099 molesta
2703 4053 2852 4107 sunt,
2906 4045 3116 4113 lugere;
3169 4045 3212 4098 si
3261 4045 3461 4109 fausta,

1884 4140 2061 4192 (artari
2087 4154 2252 4208 quam
2289 4141 2560 4192 maxime:
2590 4138 2733 4206 quod
2767 4150 2819 4192 et
2845 4139 2945 4191 hoc
2966 4139 3085 4190 loco
3116 4137 3244 4192 facit
3270 4139 3460 4194 Isaias.

1885 4231 2020 4284 Cum
2054 4232 2198 4284 enim
2234 4231 2537 4284 Salvatoris
2560 4231 2873 4293 adventum,
2902 4231 3185 4298 ipsamque
3213 4229 3458 4282 omnium

219 4315 431 4383 Χριστὸν
479 4317 896 4387 ἐνδυσάμενος
944 4312 1029 4387 (ᾧ
1078 4320 1428 4389 κοσμεῖται,
1475 4322 1570 4375 καὶ
1625 4339 1779 4392 περι-

1885 4323 2120 4376 salutem
2154 4322 2571 4388 annuntiasset;
2599 4336 2720 4373 cum
2749 4319 3030 4372 Christum
3058 4318 3312 4386 denique,
3348 4335 3458 4387 quo

218 4405 495 4479 ὅάλλεται),
526 4409 892 4480 πανηγυρίςει
920 4409 998 4482 τῷ
1032 4409 1304 4493 πνεύμαῖι
1342 4411 1580 4465 διάθεσιν
1612 4411 1770 4482 ἔχων,

219 4497 276 4566 ἢν
318 4498 378 4552 ἂν
406 4499 528 4570 ἔσχε
586 4502 912 4567 νεανίσκος
950 4501 1090 4572 πρὸς
1121 4501 1446 4571 παρθένον,
1493 4504 1585 4557 καὶ
1614 4505 1774 4566 αύτίς

221 4589 375 4642 συνὼν
399 4590 475 4660 τῷ
515 4591 758 4662 Χριστῷ.
792 4593 864 4644 Τὸ
909 4593 1005 4655 δὲ,
1042 4593 1121 4658 ὡς
1159 4591 1234 4662 γῆ
1285 4594 1561 4659 αὔξουσα
1589 4595 1773 4660 ἄνθος

218 4681 405 4747 αὐτῆς.
434 4683 586 4754 δηλοῖ
620 4684 746 4746 τοὺς
780 4687 900 4747 ταῖς
945 4685 1141 4754 ψυχαῖς
1181 4688 1634 4756 ἐκαποκειμένους
1687 4686 1776 4740 λό-

220 4789 332 4838 γους
359 4775 824 4844 σπερματικοὺς,
849 4775 1227 4839 όδοποιοῦντας
1269 4779 1310 4830 Χ
1320 4779 1508 4846 ριστῴ.
1554 4779 1643 4841 Ὠς
1671 4779 1777 4848 γὰρ

219 4864 465 4934 ὀφθαλμοὶ
518 4867 843 4934 συγγένειαν
884 4866 1094 4934 ἔχοντες
1141 4867 1277 4937 πρὸς
1331 4869 1398 4920 τὸ
1431 4868 1576 4938 φῶς,
1609 4871 1778 4924 ἐπειδ’

221 4953 277 5006 ἀν
315 4960 478 5027 παρῇ,
518 4957 833 5027 βλέπουσιν,
877 4957 1050 5020 οὕτως
1099 4959 1478 5025 ἀνατείλαντος
1513 4964 1772 5034 Χριστοῦ,

222 5049 276 5116 τῇ
301 5049 353 5101 ἐν
384 5051 512 5119 ἡμῖν
559 5050 954 5120 ἐπιτηδειότητι
1012 5049 1327 5121 λαμπομεν,
1362 5055 1523 5116 εὐθὺς
1553 5056 1612 5106 τὸ
1644 5071 1771 5106 σκοι

222 5148 374 5200 στεινὸν
403 5150 753 5220 ἀποθέμενοι.
795 5149 880 5211 Ὠς
909 5152 972 5202 ὲκ
1001 5150 1155 5220 ῥίζης
1198 5151 1254 5202 δὲ
1295 5149 1390 5202 τοῦ
1439 5151 1651 5218 Ἰσραὴλ
1679 5151 1774 5203 καὶ

222 5238 334 5304 τοῖς
351 5241 546 5296 ἔθνεσι
563 5242 882 5311 φανεῖσθαι
907 5242 1055 5310 λέγει
1086 5244 1198 5312 τὴν
1228 5243 1615 5312 ἁγαλλίασιν.
1643 5239 1774 5296 Εἶτα

226 5327 299 5381 (va
331 5331 401 5403 μὴ
434 5334 559 5408 δόξῃ
589 5334 703 5404 τὴν
740 5335 1138 5404 Ἰερουσαλὴμ
1185 5337 1484 5405 ἀφηκέναι,
1526 5338 1638 5388 Οὐκ
1677 5337 1773 5388 ἁν-

224 5423 345 5490 ήσω,
369 5428 520 5497 φησὶ,
542 5427 639 5500 τὴν
660 5427 865 5482 ἄνωθεν
897 5428 1102 5497 σχέσιν,
1135 5428 1227 5481 καὶ
1245 5427 1312 5480 τὰ
1341 5428 1544 5498 ταύτης
1567 5426 1760 5498 σεμνά.

286 5601 537 5674 "Matth.
561 5606 678 5667 1,2l
700 5625 713 5674 ;
736 5605 865 5661 Luc.
898 5623 936 5666 t.
969 5608 1057 5662 ⁸51.

227 5685 282 5728 λ.
325 5673 370 5727 1.
478 5678 522 5709 ⁸⁵
554 5673 868 5745 Luc.'xxm,
909 5679 995 5734 45.
1073 5678 1116 5710 ⁵⁸
1158 5677 1258 5732 lsa.
1305 5692 1468 5740 ιιιιι,
1500 5679 1551 5730 9-

1134 5606 1178 5639 ⁸ο
1214 5607 1317 5660 lsa.
1348 5620 1434 5666 xc,
1473 5604 1566 5669 lli;
1596 5619 1726 5668 an,
1761 5605 1846 5658 ll.
1924 5606 1967 5637 ⁵¹
2008 5605 2112 5659 Pro

1158 5677 1258 5730 lsa.
1305 5692 1468 5730 uut.
1500 5679 1551 5730 9.
1635 5675 1677 5705 ⁸⁸⁵
1715 5675 1915 5730 Jercni.
1955 5693 2052 5730 xu.
2087 5675 2115 5728 ’ῖ

1748 5692 1915 5731 ereni.
1955 5693 2052 5741 xu,
2095 5697 2142 5731 ι.

1880 4422 2105 4464 ornatur
2147 4421 2202 4466 et
2249 4414 2525 4483 cingitur,
2568 4412 2824 4466 induisset
2859 4426 2878 4464 :
2928 4410 3304 4464 vehementius
3342 4410 3456 4479 jam

1882 4505 2081 4573 Spiritu
2115 4506 2394 4572 exsultat,
2444 4506 2533 4574 qui
2568 4506 2816 4558 eumdem
2855 4504 3097 4557 animum
3130 4511 3307 4572 gerat,
3345 4519 3457 4572 quo

1885 4599 1952 4650 sit
1985 4613 2112 4668 erga
2145 4598 2397 4667 virginem
2419 4598 2628 4666 juvenis
2659 4612 2783 4648 cum
2813 4596 3032 4649 Christo
3097 4595 3262 4650 etiam
3305 4597 3456 4650 exsi-

1853 4700 2056 4746 'stens.
2116 4691 2271 4756 Quod
2329 4692 2527 4744 deinde
2591 4701 2843 4759 tauquam
2878 4700 3050 4752 terra,
3084 4705 3200 4759 qua:
3255 4693 3455 4757 profert

1878 4801 2046 4837 semen
2072 4801 2247 4847 suum,
2282 4784 2501 4851 adjicit;
2543 4782 2827 4837 rcc0ndita
2856 4784 2907 4835 in
2944 4783 3143 4837 animis
3178 4783 3454 4836 rationum

1885 4879 2113 4941 semina,
2148 4893 2267 4944 qua:
2297 4879 2362 4929 ad
2399 4876 2677 4931 Christum
2717 4892 2858 4927 nam
2903 4877 3130 4938 faciant,
3174 4876 3450 4945 intelligit.

1877 4969 1946 5024 Ut
1977 4971 2120 5023 enim
2154 4972 2298 5023 oculi
2340 4986 2464 5024 cum
2502 4971 2614 5023 luce
2656 4971 3041 5039 cognationem
3085 4969 3371 5033 habentes,
3406 4969 3452 5021 si

1882 5064 1968 5115 illa
2003 5079 2109 5116 non
2139 5064 2302 5123 desit.
2336 5076 2605 5116 eernunt:
2667 5064 2749 5116 sic
2796 5063 3018 5116 Christo
3044 5063 3358 5121 exoriente,
3403 5062 3450 5114 si

1882 5153 2037 5205 nobis
2075 5153 2217 5206 adsit
2254 5153 2532 5221 aptitudo,
2572 5152 2772 5220 iugatis
2814 5166 2974 5219 quam
3022 5151 3259 5218 primum
3300 5158 3452 5204 tene-

1879 5244 1992 5297 bris
2019 5245 2408 5298 ilhuninamur.
2435 5243 2696 5298 Utauteni
2717 5262 2779 5300 ex
2811 5244 3026 5298 Israelis
3052 5246 3221 5312 stirpe
3255 5259 3452 5312 propa-

1879 5337 2057 5404 gatis;
2088 5337 2166 5390 sic
2193 5337 2504 5406 etgentibus
2547 5339 2712 5391 etiam
2763 5338 3008 5390 lwtitiam
3052 5335 3214 5390 istam
3239 5335 3450 5403 conspi-

1871 5443 2024 5480 cuum
2061 5429 2173 5497 {ore
2213 5429 2465 5482 alIirmat.
2509 5429 2712 5485 Deinde
2759 5447 2824 5484 ne
2869 5428 3171 5483 Jerusalem
3196 5429 3450 5485 deserere

1924 5606 1967 5637 ⁵¹
2008 5605 2292 5665 Prov.xvt,
2325 5603 2379 5657 2.
2456 5605 2501 5635 "
2533 5603 2720 5658 Matth.
2757 5620 2877 5668 xvi,
2921 5605 3104 5658 16-19.
3184 5604 3228 5635 "
3255 5603 3447 5658 Matth.

2213 5678 2255 5709 ⁵⁷
2287 5674 2480 5728 Matth.
2516 5691 2670 5737 “In,
2701 5677 2786 5730 ὃὸ.
