4014 6548
581 336 728 402 2633

583 553 746 598 antea
777 557 903 597 cum
931 543 1024 598 illa
1060 542 1272 606 habuit,
1304 553 1362 598 ut
1391 560 1495 599 nec
1517 545 1762 614 ejusdem
1796 547 1914 602 loca
1939 557 2173 620 augusta

582 637 934 700 relicturum,
980 637 1194 707 adjicit.
1247 636 1370 702 Quo
1417 637 1620 692 factum
1659 647 1777 706 est,
1820 651 1878 693 ut
1924 641 1993 697 ad
2041 658 2172 699 oves

583 732 824 802 primum
865 731 1069 795 Israel,
1127 746 1249 800 qua:
1280 731 1601 801 perierant,
1643 733 1946 803 discipulos
1987 736 2172 790 mitte-

582 831 667 877 ret
693 822 775 877 ’3:
821 830 874 876 et
913 823 1055 893 apud
1099 822 1586 894 Syrophtenissam
1610 865 1624 890 ,
1667 840 1835 880 canes
1865 842 1960 882 eos
1983 827 2170 897 appel-

582 919 696 972 lare
745 934 855 972 non
887 919 1167 973 dubitaret
1186 920 1268 985 5°,
1319 919 1414 991 qui
1462 929 1652 992 postea
1686 923 1739 975 in
1793 923 1934 977 ﬁlios
1987 930 2173 978 essent

581 1013 961 1082 computandi.
1021 1011 1152 1067 Erat
1192 1015 1340 1068 enim
1393 1015 1499 1086 ipsi
1541 1031 1747 1084 scopus
1795 1016 1883 1070 hic
1917 1019 2170 1087 proposi-

578 1113 704 1169 tus,
744 1115 801 1158 ut
851 1105 938 1158 isti
969 1106 1188 1173 quidem
1220 1105 1700 1172 illuminarentur;
1749 1107 1826 1160 illi
1858 1120 2037 1161 autem
2079 1125 2170 1161 ne-

579 1213 854 1266 quaquam
898 1197 1239 1252 exciderent.
1269 1198 1372 1251 Sed
1395 1200 1682 1267 oportebat
1705 1215 1798 1254 eos
1824 1200 1980 1270 prius
2011 1201 2172 1270 717

1889 343 2248 410 PROCOPII
2277 347 2522 414 ϐΑΖιΕῘ

585 454 879 520 videatur;
923 469 1034 509 non
1084 469 1204 510 eam
1239 469 1300 514 se
1333 471 1457 513 esse
1490 453 1957 524 familiaritatem,
2009 477 2167 532 quam

2277 465 2370 517 Διὸ
2418 467 2640 536 πρῶτον
2684 469 2823 541 πρὸς
2863 472 2932 528 τὰ
2982 475 3303 535 ἀπολωλότα
3355 486 3604 554 πρόϐατα

3648 493 3864 551 Ἰσραίέλ

2327 515 2362 517 η
2426 515 2632 536 --γ-η-
2690 515 2820 541 .-ι-ν,
2873 515 2932 528 ν..
2982 515 3303 535 “unanthth
3355 515 3604 554 -ιιρυυατα
3664 515 3864 566 lup-31'“.

2281 556 2493 626 πέμπει
2520 560 2650 623 τοὺς
2684 561 2958 634 μαθητάς.
2997 569 3107 622 Kal
3155 574 3294 642 πρὸς
3325 576 3426 648 τὴν
3460 581 3867 652 Συροφοινίκιςο

2281 662 2382 699 σαν
2436 648 2684 720 ἠνείχετο
2734 654 2873 718 τέως
2917 656 3088 723 κύνας
3137 663 3324 717 καλεῖν
3373 669 3500 732 τοὺς
3538 648 3865 740 ⁷ἐντέχνως

2279 736 2507 837 ὕστερον
2539 747 3150 819 καταταχθησομένους.
3195 756 3405 820 Σκοπὸς
3457 763 3566 834 γὰρ
3611 761 3677 837 ἦν
3713 736 3865 837 αὖτῷ

2277 830 2373 882 καὶ¹
2399 833 2651 900 τούτους
2683 839 3082 908 genitura-ﬁrm,
3115 847 3406 912 κακείνους
3442 851 3519 923 μὴ
3554 827 3860 929 art-oculati;

2291 920 2489 1024 Ἐχρῇν
2524 924 2584 1024 δὲ
2615 931 3050 1024 προτιμηθῆναι,
3084 931 3189 1024 οἷς,
3210 941 3354 994 κατὰ
3381 920 3617 1012 Παῦλον,
3831 956 3864 1024 ἡ

2276 1017 2591 1084 νομοθεσία,
2624 1022 2720 1076 καὶ
2745 1026 2779 1095 ἡ
2810 1024 3056 1097 λατρεία,
3083 1023 3160 1084 ὧν
3195 1034 3244 1085 οἱ
3279 1039 3540 1109 πατέρες,
3575 1043 3670 1094 καὶ
3699 1046 3753 1110 ἐξ

2275 1109 2304 1160 ὁ
2332 1111 2566 1178 Χριστὸς
2597 1115 2736 1168 κατὰ
2770 1117 2971 1187 σάρκα·
3010 1123 3171 1192 ὴρκει
3218 1126 3327 1198 γὰρ
3362 1133 3441 1194 εἰς
3467 1109 3746 1204 σωτηρίαν
3766 1142 3864 1192 καὶ

2280 1203 2489 1268 τούτοις
2530 1208 2804 1273 κάκείνοις
2839 1213 2872 1281 ἡ
2907 1214 3088 1283 χάρις.

581 1285 788 1342 honore
825 1288 963 1340 allici
992 1327 1007 1350 ,
1032 1288 1232 1355 quibus
1269 1287 1452 1341 datam
1487 1304 1610 1343 esse
1659 1288 1830 1358 legem
1861 1299 1914 1343 et
1951 1294 2161 1342 cultum
2202 1289 2334 1344 dicit
2365 1292 2606 1362 Paulus,
2654 1314 2888 1368 quorum
2939 1312 3121 1372 patres
3177 1308 3211 1362 ii
3257 1312 3419 1365 etiam
3498 1316 3737 1382 fuerunt,
3807 1333 3859 1376 et

577 1382 786 1452 quibus
864 1381 1170 1438 secundum
1233 1399 1454 1437 carueui
1496 1397 1660 1439 natus
1723 1394 1808 1439 est
1850 1385 2102 1440 Christus
2161 1387 2228 1441 ⁸ο.
2271 1387 2591 1448 Suﬁiciebat
2623 1396 2768 1451 enim
2807 1399 2875 1452 ad
2913 1402 3151 1457 salutem
3183 1410 3386 1476 gratia;
3433 1426 3540 1465 nou
3598 1415 3719 1470 istis

579 1478 714 1540 lum,
745 1478 839 1533 sed
880 1488 933 1532 et
969 1479 1074 1532 illis
1097 1477 1302 1531 etiam..

652 1575 809 1641 Quod
841 1575 1040 1629 deinde
1073 1576 1141 1630 de
1164 1576 1359 1629 recenti
1379 1579 1590 1629 nomine
1619 1575 1895 1646 adjunxit,
1918 1575 1985 1628 ad
2011 1576 2170 1628 Chri-

582 1667 820 1729 stianos,
865 1676 920 1720 et
973 1682 1092 1731 eos,
1126 1668 1218 1735 qui
1272 1668 1428 1720 ﬁdem
1466 1669 1700 1737 amplexi
1753 1676 1900 1728 sunt,
1952 1666 2162 1721 retulit.

577 1759 791 1824 Quibus
828 1757 871 1811 si
905 1758 1243 1812 contradicit
1269 1759 1364 1828 qui
1399 1757 1624 1813 Judams
1655 1767 1764 1822 est,
1807 1773 1835 1810 a
1881 1773 1941 1813 se
1985 1775 2164 1815 recens

578 1868 768 1906 nomen
797 1851 1016 1921 aliquod
1056 1851 1262 1905 factum
1291 1851 2026 1908 esseileiiionstret-neeesse
2057 1862 2160 1907 est.

577 1945 840 2014 lntelligit
892 1960 1020 1999 vero
1054 1960 1153 2013 per
1202 1945 1530 1999 voluntatem
1588 1946 1725 2000 nihil
1773 1946 1943 2011 aliud,
1995 1962 2156 2015 quam

3769 1434 3860 1473 SO-

2336 1556 2560 1610 Καινὸν
2602 1558 2658 1613 δέ
2703 1577 2868 1632 φησιν
2917 1563 3106 1634 ὄνομα
3155 1569 3215 1621 τὸ
3263 1571 3610 1642 Χριστιανῶν
3656 1582 3746 1635 καὶ
3791 1584 3853 1637 τὸ

2267 1648 2494 1744 πιστῷν.
2555 1650 2612 1704 Ὀ
2667 1651 2724 1705 δὲ
2767 1655 3063 1725 ἀντιλέγων
3117 1661 3390 1727 Ἰουδαῖος,
3447 1667 3716 1724 δεικνύτω
3766 1675 3850 1744 ἐξ*

2265 1741 2459 1795 ἑαυτοῦ
2500 1745 2715 1798 καινὸν
2748 1749 3039 1818 γενόμενον
3083 1751 3290 1820 ὄνομα.
3326 1757 3573 1828 Θέλημα
3618 1762 3677 1814 δέ
3722 1741 3849 1834 φησι

2266 1838 2394 1900 τοὺς
2435 1837 2504 1890 τὸ
2548 1839 2780 1910 θέλημα
2807 1844 2994 1898 αὐτοῦ
3029 1846 3336 1916 ποιοῦντας,
3378 1850 3472 1914 οὖς
3506 1854 3606 1906 καὶ
3637 1857 3847 1930 ἀγαπᾷν

2265 1929 2438 1998 λέγει,
2475 1931 2550 1996 ὡς
2585 1935 2892 1990 συνοικῶν
2924 1941 3253 2006 νεανίσκος
3282 1945 3560 2011 παρθένῳ
3586 1963 3601 1975 ⁸
3629 1947 3760 2019 ὅπερ
3787 1952 3845 2003 οὗ

576 2053 695 2104 eos,
732 2039 824 2106 qui
856 2037 1183 2091 voluntatem
1221 2054 1375 2091 suam
1404 2037 1645 2104 faciant;
1677 2054 1816 2108 quos
1846 2040 2011 2092 etiam
2041 2037 2162 2091 dili-

2273 2024 2495 2096 ιρθορὰν,
2533 2025 2648 2079 ἀλλ’
2692 2028 3049 2098 ἀκμάζουσαν
3093 2033 3278 2103 σχέσιν
3313 2035 3484 2106 δηλοῖ.
3529 2012 3842 2115 Τηρεῖ-γάρ

576 2145 706 2199 gere
756 2144 835 2194 se,
887 2144 997 2199 quo
1049 2144 1205 2183 more
1265 2129 1472 2182 habitat
1505 2129 1718 2198 juvenis
1769 2146 1890 2183 cum
1943 2130 2166 2200 virgine,

576 2222 857 2292 signiﬁcat
896 2239 909 2276 ε
937 2223 1084 2291 quod
1121 2238 1226 2276 non
1249 2224 1421 2290 estad
1457 2233 1729 2292 stuprum,
1761 2226 1853 2277 sed
1879 2224 1944 2276 ad
1974 2237 2165 2277 neces-

577 2316 843 2371 situdinis
879 2317 1313 2386 magnitudinem
1375 2317 1754 2371 referendum.
1794 2317 1988 2371 Servat
2021 2316 2166 2371 enim

578 2410 753 2479 ipsam
787 2409 1170 2480 incorruptam
1197 2420 1251 2464 et
1279 2402 1586 2480 virginem;
1615 2410 1772 2480 juxta
1808 2408 1963 2463 Pauli
1987 2423 2172 2464 sacra-

577 2511 824 2558 mentum
879 2503 1037 2568 illud,
1089 2503 1237 2573 quod
1289 2503 1433 2558 idem
1479 2504 1534 2557 iu
1577 2504 1804 2559 Christo
1834 2513 1888 2558 et
1919 2503 2164 2558 Ecclesia

577 2611 700 2652 esse
731 2596 866 2649 dicit
887 2595 950 2650 ⁶¹.
974 2595 1310 2651 Praesentem
1338 2596 1536 2651 deinde
1563 2596 1938 2651 Ecelesiarum
1958 2605 2162 2652 statum

577 2691 924 2746 demonstrat
966 2688 1125 2759 juxta
1181 2691 1535 2745 sacerdotum
1575 2700 1726 2745 nocte
1771 2707 1836 2744 ac
1875 2691 1960 2744 die
1991 2689 2167 2746 factas

588 2780 656 2834 ad
693 2781 976 2850 populum,
1008 2781 1102 2850 qui
1123 2779 1294 2835 Deum
1323 2781 1564 2852 ignorat,
1593 2782 1979 2836 enarrationes
2014 2781 2170 2851 :qui-

579 2874 683 2931 bus
698 2883 756 2927 ut
773 2876 1004 2945 gratiam
1024 2885 1278 2943 reponat,
1302 2891 1480 2930 muros
1498 2876 1618 2945 ejus
1638 2874 2089 2946 inexpugnabiles
2108 2889 2167 2930 se

578 2965 925 3021 redditurum
948 2983 963 3032 ;
988 2965 1038 3019 id
1063 2972 1148 3019 est
1177 2965 1442 3022 diemouis
1465 2981 1721 3020 accessus
1746 2965 2164 3035 propulsurum,

578 3059 896 3131 pollicetur.
934 3057 1214 3113 Promittit
1237 3059 1427 3123 etiam,
1459 3059 1508 3113 si
1562 3057 1804 3113 litteram
1841 3071 2079 3128 spectes,
2112 3066 2168 3112 et

579 3165 753 3211 tutam
807 3153 1131 3209 civitatibus
1181 3152 1618 3219 habitationem;
1676 3161 1735 3206 ut
1791 3151 2168 3224 promovendo

581 3249 808 3301 alterunt
846 3255 1098 3316 quaerant
1138 3245 1539 3315 intelligibilem
1587 3263 1601 3298 :
1635 3242 1753 3298 Non
1799 3245 1958 3300 aliter
2000 3259 2164 3315 quam

2263 2121 2436 2193 αὐτὴν
2470 2121 2755 2193 παρθένον,
2791 2127 2930 2179 κατὰ
2972 2126 3034 2178 τὸ
3081 2129 3232 2198 παρὰ
3282 2130 3482 2203 Παύλῳ
3529 2137 3840 2208 μυστήριον,

2265 2215 2405 2285 ὅπερ
2445 2216 2526 2278 είς
2569 2217 2806 2287 Χριστὸν
2856 2218 2948 2272 καὶ
2986 2220 3086 2291 τὴν
3130 2221 3460 2294 Ἐκκλησίαν
3505 2225 3682 2292 λέγει.
3726 2225 3838 2282 Εἶτα

2267 2309 2367 2380 τὴν
2401 2308 2495 2364 νῦν
2518 2312 2853 2365 κατάστασιν
2878 2314 2988 2367 τῶν
3025 2315 3364 2386 Ἐκκλησιῶν
3397 2319 3688 2388 ἐμφαίνει,
3719 2325 3832 2375 κατὰ

2265 2401 2368 2472 τὴν
2433 2403 2543 2456 τῶν
2601 2404 2793 2475 ἱερέων
2837 2405 3112 2478 ὑφήγησιν
3155 2409 3382 2478 ἡμέρας
3443 2411 3546 2464 καί
3619 2416 3822 2480 νυκτές,

2269 2492 2590 2560 ἀγνοοῦντος
2619 2492 2714 2545 τοῦ
2743 2493 2872 2548 λαοῦ
2903 2494 2992 2547 τὸν
3021 2495 3177 2559 Θεὸν,
3209 2496 3325 2549 ἀνθ’
3368 2490 3443 2552 ὧν
3492 2499 3830 2570 ἀμειϐόμενος

2265 2584 2468 2654 τεῖχος
2523 2585 2702 2637 αὐτῶν
2757 2586 3070 2656 ἀπόρθητον
3123 2587 3354 2654 γίνεται,
3411 2589 3511 2653 τὰς
3557 2594 3838 2662 dedam;-

2272 2677 2558 2750 ἁπείργων
2587 2677 2681 2730 τοῦ
2718 2678 2991 2749 δαίμονος.
3033 2680 3464 2748 Ἐπαγγέλλεται
3488 2684 3572 2747 δὲ,
3596 2689 3742 2740 κατά

2267 2769 2436 2835 λέξιν,
2470 2771 2564 2824 καὶ
2589 2770 2810 2842 ἀσφαλῆ
2841 2773 2965 2834 ταῖς
2993 2771 3218 2824 πόλεσιν
3248 2773 3489 2842 οἴκησιν,
3520 2776 3604 2838 ὡς
3631 2775 3696 2829 ἂν
3733 2796 3848 2848 πριι-

2267 2864 2541 2934 κόψαντες
2606 2864 2911 2935 ἐπιζητῶσι
2991 2863 3092 2935 τὴν
3185 2867 3423 2937 νοητήνο
3495 2867 3690 2939 ὥσπερ
3769 2867 3847 2924 οὖν

2281 2953 2536 3024 Ἀϐραὰμ
2574 2953 2677 3023 γῆς
2729 2952 2908 3006 λαϐὼν
2957 2954 3321 3023 ἐπαγγελίαν,
3369 2955 3431 3010 οὐ
3485 2959 3623 3028 περὶ
3657 2957 3848 3029 ταύτην

2267 3046 2574 3118 ἠσχόλητο,
2599 3047 2722 3101 οὐδὲ
2747 3046 2956 3119 ταύτην
2986 3049 3127 3120 ᾔτει,
3180 3050 3278 3120 τὴν
3303 3049 3358 3102 δὲ
3393 3049 3702 3119 μέλλουσαν
3738 3054 3849 3104 ἐπάν

2270 3142 2373 3197 θει.
2401 3143 2529 3206 Τοῖς
2557 3142 2615 3196 δὲ
2635 3141 2779 3195 οὕτω
2807 3141 3192 3212 διακειμένοις,
3229 3143 3322 3196 καὶ
3365 3141 3605 3213 μάλιστα
3643 3147 3757 3206 τοῖς
3798 3146 3851 3194 ἐκ

2267 3233 2758 3307 γένουςΙἋὸραὰμ
2804 3235 2950 3287 κατὰ
3003 3235 3204 3305 σάρκα,
3259 3235 3518 3305 ούδεμίαν
3573 3235 3850 3306 σύγκρισιν

581 3340 650 3395 de
681 3339 994 3394 Abrahamo
1049 3337 1307 3408 legimus,
1345 3336 1440 3406 qui
1498 3335 1642 3391 facta
1679 3335 1781 3390 sibi
1828 3344 1988 3391 terra:
2035 3351 2165 3406 pro-

2273 3327 2410 3397 πρὸς
2437 3326 2512 3380 τὰ
2528 3327 2673 3393 ἔθνη
2703 3327 2892 3399 φησιν,
2929 3327 3290 3397 ὑπερκεῖσθαι
3314 3327 3370 3380 δὲ
3395 3326 3540 3390 λίαν,
3579 3329 3708 3381 ὅσον
3733 3325 3852 3401 ἧκεν

581 3434 873 3500 missione,
911 3449 1022 3488 non
1055 3434 1108 3486 in
1142 3434 1246 3487 ista
1273 3431 1562 3502 occupari.
1602 3448 1710 3485 nott
1743 3431 1993 3487 eamdem
2012 3449 2166 3502 quaa-

581 3541 726 3587 rere.
781 3527 875 3582 sed
909 3526 1149 3580 futuram
1199 3534 1460 3596 appetere
1486 3525 1638 3579 visus
1672 3534 1757 3579 est
1776 3525 1840 3578 ⁸³.
1883 3523 1956 3579 Iis
1984 3525 2170 3595 igitur,

584 3619 677 3689 qui
705 3621 777 3673 ila
805 3617 986 3674 aﬁ'ecti
1021 3625 1175 3681 sunt,
1210 3617 1447 3671 maxime
1470 3625 1651 3670 autem
1677 3618 1931 3678 Abrahae,
1959 3631 2167 3670 secun-

583 3709 716 3764 dum
765 3724 987 3764 carnem
1048 3709 1305 3780 posteris,
1361 3709 1507 3762 nulla
1566 3724 1690 3764 esse
1745 3724 1869 3763 cum
1927 3709 2167 3780 gentibus

583 3799 1064 3868 comparationem
1140 3798 1440 3870 signiﬁcat,
1477 3797 1572 3854 sed
1629 3799 1698 3852 iis
1762 3799 1942 3868 longe,
1989 3813 2168 3870 quan-

583 3900 700 3948 tum
735 3892 800 3945 ad
835 3892 1103 3945 honorem
1137 3893 1337 3945 attinet
1363 3907 1489 3946 esse
1518 3889 1856 3960 superiores.
1907 3889 1986 3945 Eu
2018 3892 2165 3945 enim

584 3987 692 4042 ﬁne
729 3993 784 4040 et
831 3985 1022 4039 Patres
1068 3994 1292 4038 sanctos
1349 3985 1520 4054 legem
1578 3983 1882 4050 habuisse,
1940 3998 2005 4036 eo
2035 3983 2166 4039 item

583 4076 835 4132 miranda
902 4076 959 4130 in
1027 4074 1266 4147 Egypto
1334 4091 1503 4143 opera
1541 4116 1556 4139 ,
1621 4084 1676 4130 et
1740 4076 1799 4131 in
1874 4076 2171 4132 solitudine

582 4167 813 4234 vidisse,
878 4177 939 4221 ut
1007 4182 1190 4222 mores
1225 4181 1361 4224 suos
1419 4166 1490 4220 ad
1550 4165 1719 4221 Deum
1785 4167 2064 4231 conversi,
2116 4175 2172 4222 et

583 4260 640 4316 in
692 4260 813 4330 ipso
859 4260 1247 4323 conﬁdentes,
1295 4258 1674 4314 emendarent.
1730 4260 1785 4314 ld
1839 4261 1987 4314 enim
2038 4275 2166 4315 vere

583 4349 767 4422 gaudii
792 4353 1014 4404 nomine
1039 4349 1363 4420 signiﬁcari.
1385 4349 1610 4405 Animas
1633 4349 1830 4405 deinde
1856 4350 2165 4420 alloquens,

582 4462 706 4517 quae
722 4445 788 4501 de
805 4443 1264 4515 promissionibus
1281 4443 1954 4514 ambigant,jurejm-ando
1973 4446 2168 4508 utitur,

2275 3420 2355 3485 είς
2393 3422 2583 3491 τιμήν.
2633 3419 2746 3472 Kal
2804 3419 2916 3490 γὰρ
2969 3418 3161 3488 ἔτυχον
3213 3419 3465 3490 πατέρων
3522 3418 3734 3487 ἁγίων,
3774 3420 3851 3471 καὶ

2274 3516 2467 3585 νόμου,
2509 3515 2605 3568 καὶ
2645 3515 2743 3578 τὰς
2778 3517 2834 3568 ὲν
2863 3515 3126 3588 Αἰγύπτῳ
3171 3515 3624 3587 θαυματουργίας
3681 3521 3780 3571 καὶ
3807 3521 3852 3570 ἐν

2274 3609 2470 3682 ἐρήμῳ
2510 3608 2798 3664 τεθέανται
2824 3650 2838 3668 ,
2888 3611 3065 3681 μόνων
3105 3610 3201 3663 ἐὰν
3231 3619 3258 3647 ιι
3310 3611 3602 3681 διόρθωσιν
3648 3614 3851 3680 τρόπων

2275 3703 2597 3774 ποιήσονται
2620 3703 2943 3767 πεποιθότες
2975 3704 3066 3756 ἐπὶ
3095 3702 3235 3774 Θεῷ.
3263 3704 3434 3758 Τοῦτο
3463 3705 3576 3776 γὰρ
3609 3707 3673 3758 τὸ
3707 3709 3852 3774 ἀγαυ-

2277 3793 2473 3865 ρίαμα.
2500 3793 2646 3864 Πρὸς
2673 3793 2729 3847 δὲ
2766 3794 2866 3858 τὰς
2900 3795 3238 3862 ἐπαγγελίας
3267 3795 3744 3865 ἀμφιϐαλλούσαις
3769 3801 3849 3867 ευ-

2279 3889 2404 3957 χαῖς
2446 3885 2627 3939 λαλῶν
2657 3885 2812 3954 ὅρκῳ
2850 3887 3136 3958 κέχρηται,
3181 3889 3242 3941 οὐ
3271 3887 3338 3940 δι’
3380 3888 3574 3941 ἑαυτὸν
3612 3892 3849 3961 (ἀλήθεια

2275 3979 2384 4051 γάρ
2415 3978 2623 4050 ἐστιν),
2653 3979 2768 4033 ἀλλ’
2805 3978 3024 4042 ἐκείνας
3056 3979 3438 4050 πιστούμενος.
3474 3983 3589 4034 Καὶ
3635 3986 3760 4045 τοὺς
3800 3988 3847 4035 ἐιε

2275 4072 2380 4142 γῆς
2412 4073 2664 4142 καρποὺς
2697 4071 3116 4140 ἐπαγγέλλεται,
3149 4071 3418 4126 διδάσκων
3447 4072 3525 4136 ὡς
3556 4075 3723 4138 αὐτὸς
3751 4077 3848 4128 τοῦ·

2275 4183 2386 4220 των
2413 4168 2531 4220 ἐστὶ
2572 4166 2830 4238 χορηγὸς,
2861 4168 2956 4219 καὶ
2982 4166 3160 4237 μάτην
3195 4167 3328 4236 περὶ
3371 4166 3569 4220 εξδώλα
3603 4172 3846 4238 στρέφον-

2277 4275 2390 4323 ται,
2427 4258 2508 4311 διὸ
2544 4259 2637 4312 καὶ
2671 4251 2818 4312 οὗτοι
2860 4258 2998 4328 πρὸς
3035 4260 3103 4329 τῇ
3134 4259 3438 4330 συγκομιδῇ
3467 4260 3845 4331 διεφθείροντο,

2275 4352 2352 4414 ὡς
2375 4349 2441 4403 ἂν
2473 4350 2569 4404 καὶ
2592 4350 2940 4422 τελεσφορεῖν
2973 4350 3297 4420 δυναμένου,
3329 4353 3422 4404 καὶ
3448 4353 3723 4427 παρέχειν
3748 4355 3846 4408 ἐθέ-

2277 4443 2486 4508 λοντος,
2514 4443 2672 4514 εῐπερ
2708 4442 3006 4512 ἐτύγχανον
3036 4442 3199 4508 ἄξιοι.

583 4535 772 4591 nonid
801 4534 1023 4605 quidem
1055 4542 1278 4604 propter
1307 4549 1386 4602 se,
1423 4535 1518 4606 qui
1561 4535 1764 4590 veritas
1798 4535 1871 4590 sit
1901 4554 1913 4590 :
1951 4536 2045 4591 sed
2076 4544 2136 4590 ut
2177 4533 2288 4590 illis
2323 4533 2483 4589 ﬁdem
2515 4534 2701 4604 faciat.
2741 4532 3023 4588 Promittit
3065 4551 3194 4589 vero
3232 4543 3285 4590 et
3323 4542 3484 4590 terra».
3531 4536 3764 4600 fructus,
3800 4546 3846 4589 ut

581 4642 678 4686 eos
717 4645 777 4685 se
833 4628 1206 4698 suppeditare,
1251 4627 1571 4698 frustraque
1613 4630 1680 4682 ad
1720 4629 1865 4683 idola
1902 4629 2200 4697 confugere
2222 4628 2418 4684 doceat
2448 4646 2460 4682 :
2496 4629 2643 4682 unde
2676 4629 2753 4681 illi
2816 4630 2982 4682 etiam
3039 4627 3095 4681 in
3138 4627 3449 4696 colligendo
3481 4631 3760 4698 peribant,
3795 4639 3842 4685 ιιι

583 4729 640 4778 ει
696 4719 762 4772 ad
799 4718 1169 4772 maturitatem
1200 4733 1362 4788 posse
1405 4719 1729 4787 perducere,
1773 4728 1827 4774 et
1860 4721 2106 4789 praebere
2140 4721 2279 4775 velle
2317 4721 2758 4782 demonsxraret,
2814 4720 2861 4774 si
2921 4720 3088 4790 718
3134 4721 3335 4790 dignos
3370 4735 3430 4790 se
3469 4724 3837 4791 praebuissent.

655 4813 815 4869 Nunc
857 4824 1038 4869 autem
1090 4815 1135 4869 si
1169 4816 1530 4884 corrigantur,
1584 4815 1826 4869 hostium
1879 4832 2166 4871 accessum

2345 4818 2455 4870 Kal
2488 4816 2582 4870 νῦν
2632 4817 2689 4870 δὲ
2727 4815 3172 4886 διορθουμένων
3217 4816 3372 4888 ὑμῶν
3425 4819 3524 4882 τάς
3554 4821 3667 4873 τῶν
3704 4823 3835 4875 mis.

584 4917 711 4960 esse
735 4903 899 4956 etiam
933 4903 1367 4972 prohibiturum.
1401 4902 1690 4957 Portarum
1740 4903 1937 4960 deinde
1980 4908 2166 4977 appel-

584 4997 792 5052 latione
823 5008 1134 5051 Sermonem
1164 4995 1528 5066 isagogicum,
1561 4994 1953 5067 Christumque
1983 4998 2163 5068 ipsum

586 5089 940 5161 signiﬁcavit,
973 5089 1068 5159 qui
1100 5098 1257 5158 porta
1303 5092 1467 5144 etiam
1519 5090 1745 5153 dicitur,
1775 5107 1872 5161 per
1899 5108 2063 5162 quam
2099 5094 2167 5147 ad

585 5181 800 5237 Patrem
830 5183 1141 5252 ingressum
1169 5183 1434 5238 habemus
1463 5183 1530 5236 ”.
1567 5183 1641 5238 De
1671 5199 1782 5254 quo
1817 5185 2082 5240 scribitur
2115 5194 2169 5242 et

587 5273 757 5339 illud;
795 5271 949 5328 cla-ta
974 5283 1057 5328 est
1085 5281 1241 5342 porta
1268 5272 1507 5339 Domini,
1534 5274 1670 5344 justi
1704 5276 2081 5346 ingredientur
2111 5279 2167 5332 in

586 5381 706 5420 eam
737 5364 803 5417 ⁸⁵.
839 5384 858 5417 υ
889 5364 1281 5420 Sacerdotibus
1321 5365 1519 5420 deinde
1553 5368 1822 5438 praecipit,
1875 5377 1936 5422 ut
1975 5370 2169 5425 subdi-

588 5467 772 5513 torum
807 5473 985 5514 mores
1012 5457 1314 5529 aequabiles
1354 5457 1609 5521 reddant,
1644 5476 1713 5514 ne
1745 5460 1796 5514 iu
1839 5476 2039 5530 pravas
2082 5463 2165 5518 illi

659 5571 709 5606 ⁸⁸
728 5571 923 5626 Matth.
955 5588 1010 5636 x,
1037 5571 1092 5627 6.
1166 5573 1210 5604 ”
1240 5570 1428 5626 Matth.
1470 5587 1561 5636 xv,
1591 5571 1682 5626 26.

592 5643 641 5677 ⁵⁸
679 5641 825 5698 Psal.
853 5658 1020 5709 cxvu,
1047 5641 1138 5697 20.

1763 5574 1810 5607 ⁸⁸
1847 5573 2004 5630 Rom.
2048 5591 2140 5642 ιιι,
2166 5577 2222 5635 5.
2300 5579 2345 5610 ⁸³
2382 5578 2585 5649 Ephes.
2617 5597 2668 5648 v,
2703 5579 2794 5636 52.

2274 4911 2413 4983 μίων
2437 4909 2658 4979 ἐφόδους
2692 4908 2942 4963 κωλύσω.
2996 4909 3204 4975 Πύλας
3236 4909 3293 4962 δὲ
3333 4910 3488 4963 καλεῖ
3550 4913 3711 4982 λόγον
3753 4917 3840 4967 εἰς·

2273 5002 2569 5071 αγωγικδν,
2610 5002 2704 5054 κα)⁸
2726 5001 2986 5073 Χριστὸν,
3027 4999 3086 5064 ὃς
3122 5001 3465 5073 ἐχρημάτισε
3519 5005 3683 5075 θύρα,
3708 5006 3768 5059 δι’
3792 5002 3838 5060 οὗ

2272 5097 2408 5167 πρὸς
2429 5095 2520 5148 τὸν
2544 5095 2761 5161 Πατέρα
2796 5093 2895 5164 τὴν
2927 5092 3133 5146 εἴσοδον
3200 5093 3419 5164 ἔχομεν,
3449 5095 3590 5167 Περὶ
3620 5093 3681 5152 οὗ
3717 5098 3840 5150 λέλε-

2267 5204 2393 5241 κται
2420 5199 2434 5214 '
2475 5205 2493 5238 t
2521 5185 2669 5255 Αὕτη
2719 5186 2752 5255 ἡ
2797 5183 2939 5254 πύλη
2990 5184 3083 5236 τοῦ
3105 5183 3338 5254 Κυρίου.
3378 5183 3592 5239 Δίκαιοι
3622 5188 3836 5240 εἰσελεύ-

2269 5295 2452 5334 σονται
2503 5279 2560 5331 ἐν
2608 5278 2769 5349 αὐτῇ.
2810 5294 2829 5328 ι
2885 5277 3010 5339 Τοῖς
3063 5275 3119 5329 δὲ
3163 5275 3374 5346 ἱερεῦσι
3422 5279 3835 5348 παρακελεύεται

2268 5373 2450 5442 ὁμαλὰ
2479 5372 2589 5426 τῶν
2639 5371 2745 5424 ὑπὸ
2780 5373 2938 5441 χεῖρα
2979 5367 3047 5422 τὰ
3072 5367 3178 5441 ἢθη
3211 5373 3424 5434 ποιεῖν,
3453 5371 3529 5434 ὠς
3556 5371 3624 5425 ἂν
3657 5372 3728 5443 μὴ
3761 5387 3835 5422 πο-

2267 5467 2454 5536 νηροῖς
2509 5465 2906 5536 προσκόπτοιεν
2957 5462 3264 5532 λογισμοῖς.
3310 5461 3544 5532 Λέγοιτο
3573 5465 3618 5516 δ’
3653 5463 3714 5516 ἂν
3762 5461 3834 5513 καὶ

2903 5578 2948 5611 ⁶¹
2984 5576 3153 5632 Hebr.
3183 5577 3377 5646 x1,i7.
3454 5578 3500 5612 ⁸³
3536 5576 3693 5634 Joan.
3718 5575 3827 5637 x,9.

1863 5734 2099 5793 \‘AliIIE
2131 5738 2544 5797 LECTIONES.

667 5836 709 5867 ω
733 5842 825 5897 rp.
857 5824 1101 5897 ἐφόδους.
1178 5826 1320 5899 nlo.
1353 5825 1534 5897 μόνον,
1564 5827 1638 5890 ὡς
1665 5825 1750 5883 ἀν.
