4046 6386
220 330 365 394 ξοδδ

1404 321 1939 388 COMMENTARII
1981 320 2062 382 ΙΝ
2098 321 2380 383 ISAIAM.

3373 324 3511 390 2666

222 436 361 509 πρὸς
389 433 489 489 τδν
526 437 585 489 ἐν
616 434 834 505 ἑκάστῳ
879 433 1026 502 νοῦν,
1062 434 1139 499 ὡς
1171 433 1238 488 ἃν
1280 436 1516 507 ἡνιοχεῖν
1554 434 1813 505 τεταγμέ-

1924 428 2287 499 cogitationes
2343 430 2669 501 impingam.
2715 430 2929 485 Referri
2982 433 3145 487 etiam
3210 444 3377 504 queat
3438 437 3506 491 ad
3578 419 3582 424 ’

221 547 310 592 νος
338 527 446 599 τὴν
474 526 701 581 ἅπασαν
720 527 1030 598 ὲξομαλίζοι
1058 527 1258 598 ψυχήν.
1287 524 1420 581 Εἶτα
1445 525 1816 597 παρακελεύε-

220 640 311 677 ται
341 624 465 686 τοῖς
502 621 569 687 ἐξ
604 619 844 693 Ἰσραὴλ,
880 620 1085 691 ἀρετῆς
1131 624 1226 674 καὶ
1260 622 1515 689 γνώσεως
1546 619 1681 673 Θεοῦ
1712 637 1818 672 πα-

221 713 507 785 ράδειγμα
538 713 793 783 γενέσθαι
820 713 946 780 τοῖς
984 712 1250 768 ἔθνεσιν.
1288 712 1496 784 ’Λνῆψα
1531 712 1641 783 γὰρ
1670 713 1816 781 ὑμᾶς

218 806 432 861 ἄνωθεν
462 805 549 870 ὡς
573 806 855 877 λαμπάδα,
897 806 973 870 ὡς
1000 805 1067 861 ἂν
1088 806 1244 876 ὑμῶν
1271 806 1348 878 τῷ
1391 808 1531 876 φωτὶ
1563 804 1635 859 τὰ
1669 805 1816 875 ἔθνη

219 898 563 969 πορεύηται.
636 899 1070 970 Κατεπτηχότας
1130 900 1186 971 δὲ
1247 900 1347 964 τὰς
1407 900 1654 969 συνεχεῖς
1708 898 1818 951 τῶν

220 990 492 1045 ἓπιόντων
520 992 744 1062 ἐφόδους
776 992 1216 1065 παραθαρῤύνει,
1248 982 1346 1061 τὴν
1376 992 1569 1046 ἑαυτοῦ
1594 1006 1821 1059 παρουο

221 1082 365 1135 σίαν
394 1081 899 1152 ἐπαγγελλόμενος.
932 1082 1089 1136 Οὕτω
1137 1082 1193 1136 δὲ
1218 1082 1319 1154 τὴν
1349 1081 1545 1137 ἑαυτοῦ
1593 1082 1822 1153 κηδεμο-

221 1167 337 1224 νίαν
359 1170 554 1225 καλεῖ.
596 1172 900 1242 Τοιγαροῦν
940 1173 1159 1242 ἔλεγον·
1210 1175 1284 1227 Οὐ
1319 1174 1393 1244 μὴ
1432 1172 1692 1242 τελέσητε
1718 1172 1819 1235 τὰς

222 1265 429 1327 πόλεις,
472 1265 587 1328 ἕως
616 1265 683 1319 ἂν
716 1266 846 1338 ελοῃ
873 1268 902 1319 ὁ
928 1265 1058 1329 Υἱὸς
1080 1265 1174 1319 τοῦ
1203 1267 1493 1337 ἀνθρώπου
1520 1282 1533 1295 ⁸
1564 1266 1626 1318 οὐ
1645 1267 1817 1336 δήπου

222 1356 386 1425 ἄλλην
424 1358 744 1428 παρουσίαν
766 1357 965 1428 δηλῶν,
996 1357 1132 1412 ἀλλὰ
1171 1359 1270 1429 τὴν
1303 1356 1497 1412 ἑαυτοῦ
1520 1358 1657 1428 πρὸς
1687 1374 1820 1428 καρ-

224 1446 407 1518 τερίαν
461 1448 839 1519 παράκλησιν.
892 1450 966 1503 Οὐ
1017 1449 1128 1519 γάρ
1175 1449 1240 1503 ἂν
1293 1450 1554 1519 ἤνεγκαν,
1607 1448 1682 1520 μὴ
1717 1449 1819 1517 τὴν

224 1538 378 1606 ἰσχὺν
438 1537 548 1608 τὴν
598 1538 807 1592 ἀνωθεν
850 1539 1085 1610 ἔχοντες.
1147 1539 1230 1592 Τὰ
1278 1539 1499 1611 κρυπτὰ
1537 1539 1596 1593 δὲ
1638 1538 1816 1602 εἰδὼς,

224 1628 358 1699 πρὸς
391 1627 498 1699 τὴν
540 1628 700 1694 ἀξίαν
741 1631 958 1701 ἑκάστῳ
999 1631 1352 1699 παρίσταται,
1397 1633 1623 1702 μισθὸν
1643 1632 1819 1697 διδοὺς

223 1721 309 1774 τὸν
352 1723 741 1793 προσήκοντα.
785 1722 946 1778 Οῦτω
992 1726 1088 1778 καὶ
1144 1724 1211 1779 δι’
1256 1725 1519 1796 Ἰεζεκιὴλ
1548 1725 1818 1794 λεγόντων

1917 522 2257 592 singulorum
2316 532 2587 587 mentem;
2660 531 2719 577 ut
2799 540 2922 594 qua:
2966 526 3197 583 habenis
3245 527 3501 597 praelecta

1917 622 2023 675 est,
2060 619 2227 665 totam
2266 612 2502 665 animam
2541 614 2866 683 aequabilem
2893 614 3083 670 faciat.
3115 615 3383 688 Deinceps
3420 618 3502 673 Is-

1919 705 2141 760 raelitas
2181 705 2539 772 adhortatur,
2587 715 2643 761 ut
2687 707 2909 763 virtutis
2948 718 3003 764 et
3036 711 3375 778 cognitionis
3410 711 3504 765 Dei

1920 809 2042 849 sese
2082 798 2321 865 gentibus
2356 799 2667 869 exemplum
2709 801 3010 869 praebeant.
3066 803 3189 857 Ideo
3239 803 3386 857 enim
3443 819 3507 858 se

1920 887 2044 942 illos
2076 888 2144 943 ab
2196 889 2358 943 initio
2393 891 2559 945 veluti
2607 892 2918 963 lampadem
2955 895 3299 959 accendisse,
3338 906 3399 950 ut
3449 896 3506 952 in

1919 993 2111 1034 eorum
2141 980 2348 1036 lumine
2385 993 2561 1051 gentes
2592 984 2964 1040 ambularent.
2999 985 3137 1053 Quia
3163 988 3364 1043 deinde
3397 986 3506 1043 fre-

1919 1082 2153 1143 quentes
2200 1075 2603 1146 insurgentium
2634 1092 2895 1133 accessus
2927 1080 3278 1145 metuebant;
3332 1080 3505 1135 conli-

1921 1166 2052 1222 dere
2084 1168 2354 1237 praecipit,
2398 1184 2559 1224 suum
2618 1170 2735 1241 ipse
2791 1171 3072 1227 adventum
3117 1174 3451 1231 denuntians
3488 1191 3503 1229 ι

1920 1272 2028 1329 qua
2073 1260 2287 1314 ratione
2315 1275 2505 1314 curam
2539 1242 2697 1315 suam
2730 1277 2793 1317 ac
2839 1263 3181 1335 diligentiam
3235 1268 3508 1337 significa-

1920 1351 2020 1404 vit.
2056 1349 2197 1405 Hinc
2230 1351 2395 1422 igitur
2424 1352 2586 1417 illud,
2616 1355 2761 1423 quod
2794 1355 3091 1411 dicebant:
3128 1359 3248 1413 Non
3283 1359 3505 1416 faciatis

1922 1444 2088 1500 urbes
2116 1443 2295 1499 donec
2317 1446 2503 1500 veniat
2535 1446 2710 1501 Filius
2744 1448 3025 1517 hominis;
3058 1452 3149 1507 ubi
3188 1468 3301 1507 non
3333 1454 3503 1508 alium

1924 1541 2079 1589 certe
2115 1532 2414 1588 adventum
2445 1534 2751 1603 intellexit;
2785 1537 2879 1593 sed
2920 1554 3080 1608 quam
3115 1540 3233 1610 ipse
3257 1540 3507 1611 suggerit

1924 1627 1979 1681 in
2007 1626 2268 1697 patiendo
2305 1629 2761 1684 consolationem.
2798 1630 3058 1701 Alioquin
3099 1634 3247 1686 enim
3285 1631 3507 1687 ferendo

1924 1732 2033 1770 non
2069 1714 2333 1783 fuissent,
2381 1718 2474 1787 qui
2516 1733 2756 1788 superne
2783 1721 3047 1775 omissum
3077 1723 3246 1777 robur
3271 1737 3379 1776 non
3410 1722 3509 1777 lia-

225 1814 439 1869 αὺτῶνδ
497 1834 517 1866 ι
558 1815 859 1869 Ἀπόλωλεν
988 1818 1143 1888 ἰσχὺς
1193 1817 1371 1889 ἡμῶν,
1428 1817 1701 1890 ἐξηράνθη
1747 1816 1813 1871 τὰ

1923 1809 2147 1866 hebant.
2214 1812 2416 1868 Verum
2464 1814 2558 1884 qui
2607 1816 2759 1871 novit
2805 1818 3146 1884 abscondita,
3184 1819 3501 1890 unicuique.

223 1908 353 1960 ὀστᾶ
375 1907 569 1976 ἡμῶν,
602 1926 619 1958 ι
651 1907 1087 1980 παραθαρρύνων
1141 1908 1307 1979 φησίν
1330 1924 1345 1938 '
1395 1908 1487 1971 Ὠς
1541 1908 1685 1980 ὑγρὰ
1722 1908 1816 1979 ξη-

228 2000 383 2067 ρᾶναι
406 1998 677 2071 δύναμαι,
712 2001 857 2055 οὕτω
880 2003 974 2054 καὶ
1001 2001 1332 2054 τούναντίον.
1369 2002 1433 2055 Ὃ
1466 2001 1561 2055 καὶ
1596 2001 1687 2054 ἐπὶ
1716 2002 1817 2072 τῆς

227 2084 424 2158 ράὁδου
464 2092 771 2162 πεποίηκεν
813 2092 1046 2163 Ἀαρών.
1083 2093 1194 2149 Καὶ
1229 2093 1323 2146 νῦν
1354 2088 1448 2146 οὖν
1478 2092 1816 2163 παρέσεσθαι

228 2198 411 2250 φησιν,
459 2182 565 2235 ἐὰν
585 2184 725 2248 ἄξιοι
773 2182 1061 2252 γένωνται.
1103 2185 1181 2236 Δι’
1225 2183 1357 2237 αὐτὸ
1389 2182 1499 2254 γὰρ
1545 2180 1816 2253 παρέσχον

227 2274 315 2325 καὶ
342 2274 560 2343 πλῆθος
584 2276 714 2344 ὑμῖν
762 2276 1021 2339 ὲντολῶν,
1057 2277 1155 2347 οὐχ
1194 2277 1281 2330 ἵνα
1310 2275 1511 2338 πολλὰς
1540 2273 1816 2345 παραϐαί-

227 2380 427 2428 νοντες,
466 2366 646 2421 πολλὰ
676 2370 769 2420 καὶ
800 2366 1233 2438 καταδικάζησθε
1252 2385 1266 2399 ο
1306 2366 1423 2421 ἀλλ’
1470 2367 1556 2420 ἵνα
1586 2366 1692 2420 κᾶν
1717 2366 1817 2428 τὰς

232 2457 477 2526 μεγάλας
507 2459 821 2531 ὑπερὸἦτε,
850 2460 957 2513 τῶν
988 2459 1337 2531 ὲλαττόνωνή
1366 2458 1579 2529 φυλακὴ
1601 2458 1815 2528 πρόφα-

232 2566 311 2603 σιν
337 2551 470 2620 ὑμῖν
500 2553 782 2623 σωτηρίας
829 2553 1107 2625 παράσχῃ.
1142 2552 1530 2621 Φιλάνθρωπος
1576 2552 1705 2621 γὰρ,
1754 2550 1814 2603 οὐ

232 2646 619 2712 καταδικάζων
665 2647 725 2713 ἐξ
760 2643 835 2700 ὦν
882 2646 1284 2719 παραϐαίνετε,
1336 2646 1471 2699 ἀλλὰ
1523 2642 1724 2704 σώζων
1757 2641 1817 2709 ἒξ

229 2733 421 2802 ὀλίγων
479 2729 559 2788 ὧν
614 2734 966 2805 κατορθοῦτε.
1026 2735 1135 2790 Τοῦ
1188 2737 1298 2806 γὰρ
1350 2733 1678 2804 ἁμαρτωλοῦ
1719 2731 1817 2804 τὴν

233 2824 381 2893 ζωὴν
436 2827 695 2898 βούλεται
740 2828 978 2899 μᾶλλον,
1030 2828 1175 2900 ἤπερ
1224 2828 1318 2880 τὸν
1378 2826 1633 2881 θάνατον.
1684 2823 1819 2877 Τότε

232 2917 487 2986 ζητήσω,
511 2923 703 2992 φησιν,
740 2920 917 2993 ὑμᾶς,
942 2922 1152 2991 ἁγίους
1172 2918 1397 2975 καλῶν.
1416 2918 1602 2972 Ταῦτα
1633 2917 1693 2971 δὲ
1726 2917 1820 2970 καὶ

235 3014 310 3074 είς
368 3012 469 3085 τὴν
523 3014 760 3068 ἑκάστου
822 3013 1058 3085 ληπτέον
1113 3014 1333 3084 ψυχὴν,
1397 3010 1472 3083 μὴ
1521 3011 1598 3074 ὡς
1658 3009 1819 3080 ψιλὰς

234 3104 472 3176 ἱστορίας
553 3107 1052 3175 ἀναγινώσκοντας.
1123 3104 1373 3175 Ἑκάστῳ
1432 3103 1542 3174 γὰρ
1622 3116 1820 3173 κατορ-

234 3195 405 3253 θοῦντι
433 3202 711 3272 παρέσται
742 3201 1039 3274 συγχωρῶν
1066 3201 1134 3255 τὰ
1161 3197 1547 3272 ἡμαρτημένα.

1908 1914 2087 1974 prout
2117 1905 2319 1976 dignus
2346 1914 2453 1973 est,
2510 1907 2652 1962 solet
2683 1908 2914 1975 adesse,
2964 1910 3228 1981 justaque
3268 1918 3507 1967 mercede

1930 1995 2149 2065 singula
2179 2010 2559 2065 compensare.
2599 1995 2695 2052 Sic
2721 2006 2776 2052 et
2802 1999 2945 2068 apud
2997 1998 3336 2056 Ezecliielem
3378 2018 3505 2055 cum

1924 2096 2133 2157 essent,
2162 2088 2258 2159 qui
2283 2088 2531 2144 dicerent
2563 2108 2575 2144 :
2613 2108 2633 2141 ι
2672 2090 2837 2146 Periit
2868 2091 3042 2147 virtus
3071 2100 3296 2158 nostra;
3328 2096 3509 2149 exsic~

1924 2189 2043 2234 eata
2089 2190 2219 2235 sunt
2255 2195 2382 2236 ossa
2418 2190 2606 2236 nostra
2642 2182 2719 2242 ⁸⁸,
2768 2202 2787 2235 ›
2830 2183 3052 2238 eosdem
3101 2184 3380 2238 confidere
3421 2186 3510 2254 ju-

1925 2271 2082 2335 beus,
2138 2280 2196 2325 ut
2227 2272 2450 2326 humida
2503 2273 2737 2337 siccare,
2794 2273 2874 2328 sic
2919 2282 2974 2329 et
3022 2284 3213 2329 contra
3256 2291 3314 2329 se
3346 2290 3509 2345 posse

1923 2364 2229 2433 respondit.
2274 2365 2431 2432 Quod
2486 2367 2538 2421 in
2590 2368 2828 2421 Aaronis
2877 2367 3041 2423 etiam
3079 2369 3230 2438 virga
3293 2369 3510 2437 ιιι-ωςιί-

1924 2446 1991 2510 tit
2028 2458 2095 2513 6'.
2134 2457 2197 2511 Ει
2228 2459 2333 2513 hoc
2364 2460 2485 2514 loco
2513 2460 2703 2529 igitur,
2741 2461 2783 2514 si
2812 2461 2961 2530 digni
3002 2473 3149 2525 sunt,
3186 2461 3506 2516 adfuturum

1924 2565 1987 2605 se
2029 2550 2322 2621 significat.
2358 2552 2441 2607 0b
2470 2554 2520 2607 id
2559 2553 2704 2608 enim
2735 2562 2788 2607 et
2820 2570 2940 2625 ego,
2985 2556 3187 2625 inquit,
3230 2555 3507 2626 ingentem

1923 2641 2047 2696 dedi
2084 2644 2468 2696 mandatorum
2507 2659 2797 2698 numerum
2833 2661 2846 2696 :
2883 2661 2994 2699 non
3031 2654 3111 2710 ut,
3148 2661 3272 2701 cum
3305 2661 3336 2700 a
3368 2647 3510 2701 mul-

1924 2733 1995 2788 tis
2025 2734 2379 2800 aberraretis,
2428 2737 2617 2789 multis
2664 2735 2830 2790 etiam
2864 2737 2917 2790 in
2952 2752 3051 2791 vos
3092 2737 3508 2793 animadverte-

1925 2840 2040 2881 rem
2090 2843 2103 2877 :
2133 2824 2228 2880 sed
2262 2836 2340 2889 ut,
2378 2841 2503 2880 cum
2533 2841 2653 2891 vos,
2695 2842 2817 2897 qute
2851 2843 3047 2899 magna
3076 2836 3284 2891 essent,
3317 2838 3506 2884 trans-

1926 2917 2077 2988 gredi
2106 2919 2488 2987 contiugeret;
2524 2919 2786 2973 leviorum
2809 2921 3125 2976 observatio
3158 2923 3316 2978 vobis
3348 2938 3379 2977 a
3416 2938 3506 2978 me

1926 3010 2159 3066 salutem
2196 3018 2575 3080 extorqueret.
2609 3009 2740 3065 Sum
2787 3012 2933 3066 enim
2978 3013 3132 3068 mitis
3160 3023 3214 3067 et
3240 3015 3507 3080 clemens,

1926 3117 2035 3156 non
2063 3117 2129 3157 ex
2155 3103 2246 3167 iis,
2282 3108 2403 3173 quae
2437 3117 2723 3174 perperam
2766 3104 2953 3175 agitis,
2984 3107 3373 3168 condemnare,
3409 3108 3505 3163 sed

1836 3190 1881 3248 C
1926 3212 1990 3250 ex
2016 3210 2312 3267 paucormn
2338 3196 2553 3251 ratione
2579 3211 2703 3266 quae
2729 3198 2833 3268 ipsi
2856 3212 2981 3252 cum
3010 3200 3223 3255 virtute
3257 3208 3313 3255 et
3344 3200 3507 3256 laude

231 3287 406 3349 facitis
451 3298 666 3351 salvere
714 3295 931 3360 solitus,
980 3294 1075 3364 qui
1129 3292 1408 3364 peccantis
1457 3289 1569 3345 vita
1618 3287 1804 3358 potius
1842 3300 2007 3358 quam
2054 3295 2234 3343 morte
2275 3286 2539 3343 delector.
2603 3286 2763 3355 Tum,
2828 3289 3040 3361 inquit,
3115 3308 3350 3362 quierant
3394 3311 3505 3357 vos,

234 3400 350 3440 cum
408 3399 630 3445 sanctos
665 3388 882 3447 vocabo.
919 3387 1084 3461 719
1115 3386 1280 3441 Decet
1312 3400 1441 3441 vero
1468 3392 1522 3439 et
1560 3383 1668 3439 ista
1700 3398 1809 3436 non
1849 3381 2115 3437 historias
2166 3381 2347 3435 nudas
2373 3390 2589 3451 putare,
2644 3382 2737 3437 sed
2805 3384 2871 3437 ad
2921 3384 3196 3455 cujusque
3261 3388 3501 3442 animam

232 3482 449 3539 referre.
503 3484 701 3540 Aderit
750 3483 895 3540 enim
956 3482 1190 3553 singulis
1247 3479 1394 3551 quod
1448 3487 1661 3534 rectum
1714 3485 1802 3532 est
1838 3475 2191 3540 facientibus,
2250 3482 2310 3529 ut
2364 3476 2571 3532 eisdem
2624 3477 2901 3533 condonet
2938 3497 3061 3550 quae
3110 3490 3432 3552 peccat-unt.

814 3577 1066 3631 ΚΕΦΑΛ.
1127 3574 1246 3630 EI".

296 3680 433 3738 α-ς’.
476 3676 579 3740 Τίς
634 3667 814 3739 οὗτος
868 3674 901 3727 ό
952 3670 1437 3741 παραγενόμενος
1473 3667 1544 3734 ἐξ
1582 3665 1810 3734 Ἐδώμῖ

234 3761 488 3832 ἐρύθημα
521 3764 766 3833 ἱματίων
787 3763 857 3817 ἐκ
878 3763 1101 3831 Βόσορ,
1126 3760 1314 3826 οὕτως
1337 3759 1550 3827 ὡραῖος
1576 3758 1645 3811 ἑν
1670 3772 1812 3810 Uto-

234 3854 329 3924 λῇ.
348 3857 459 3921 ,ϐία
489 3856 643 3927 μετὰ
674 3856 909 3924 ἰσχύος.
949 3854 1091 3925 Ἐγὼ
1126 3852 1471 3921 διαλέγομαι
1501 3849 1811 3903 δικαιοσύ-

236 3964 342 4017 νην
370 3950 468 4003 καί
496 3948 702 4016 κρίσιν
724 3947 1042 4015 σωτηρίου.
1084 3945 1187 3999 Διὰ
1222 3948 1279 3999 τί
1325 3961 1443 3999 σου
1483 3944 1700 4013 ἐρυθρὰ
1740 3942 1812 3995 τὰ

237 4042 443 4110 ίματία,
473 4043 579 4097 καὶ
612 4042 687 4095 τὰ
715 4040 1017 4110 ἐνδύματά
1040 4056 1157 4095 σου
1200 4041 1280 4106 ὡς
1313 4040 1429 4093 ἀπὸ
1464 4037 1811 4106 πατήματος

246 4135 426 4201 ληνοῦ
469 4133 767 4204 πλήρους,
800 4132 1400 4203 καταπεπατημένης,
1432 4148 1486 4184 κ.
1513 4148 1562 4183 τ.
1592 4129 1640 4182 λ.

301 4225 513 4298 Ὠσπερ
549 4226 742 4297 μισθὸν
796 4228 824 4278 ὁ
862 4226 1055 4295 Σωτὴρ
1106 4224 1320 4291 ἐλέγετο
1352 4224 1463 4285 τοῖς
1498 4219 1810 4274 εὐσεϐοῦσιν

238 4315 539 4371 ἀποδιδόναι
570 4318 695 4389 (ἔφη
728 4317 837 4389 γάρ
860 4332 875 4348 ⁸
908 4318 1017 4370 Καὶ
1052 4316 1080 4369 ὁ
1104 4315 1295 4385 μισθὸς
1327 4313 1492 4367 αὐτοῦ
1550 4312 1668 4383 μετ’
1716 4312 1812 4365 αὐ-

238 4407 346 4480 τοῦ)
371 4428 384 4441 ’
422 4410 600 4473 οὕτως
629 4411 740 4472 τοῖς
770 4409 992 4463 ἀσεϐέσι
1032 4407 1259 4478 φοϐερὸς
1288 4405 1438 4477 ἥξειν
1472 4403 1808 4470 θεσπίζεται,

238 4497 338 4564 ὅτε,
372 4501 516 4553 κατὰ
554 4499 644 4553 τὸν
684 4498 1026 4561 Ἀπὸστολον,
1061 4498 1384 4570 καταργήσῃ
1419 4498 1597 4551 πᾶσαν
1635 4495 1811 4565 ἀρχὴν

241 4589 325 4641 καὶ
356 4589 625 4655 ἐξουσίαν.
674 4591 763 4643 Ἐν
784 4584 866 4653 οἷς
895 4591 1012 4643 ἐστι
1041 4590 1137 4644 καὶ
1167 4589 1226 4642 τὸ
1259 4588 1485 4660 ἔσχατον
1513 4589 1810 4659 καταργεῖ-

244 4679 355 4734 σθαι
376 4683 465 4737 τὴν
492 4682 744 4737 θάνατον.
775 4681 1044 4753 Ὀρῶντες
1065 4682 1121 4736 δὲ
1145 4682 1307 4736 αὐτόν
1327 4682 1549 4744 τινεςνὲν
1571 4681 1811 4751 σχήματι

243 4771 661 4847 καθῃμαγμένον
713 4774 1017 4847 πολεμικῷ,
1073 4774 1212 4847 πρὸς
1254 4772 1317 4828 τὸ
1364 4772 1513 4838 ξένον
1548 4772 1647 4843 τῆς
1682 4770 1811 4834 θέας

2520 3569 2673 3625 CAP.
2717 3571 2900 3627 LXIII.

1984 3661 2150 3719 Vens.
2174 3663 2292 3718 1-6.
2310 3663 2442 3730 Quis
2472 3675 2548 3718 est
2584 3665 2703 3728 iste,
2737 3666 2827 3734 qui
2849 3666 2985 3721 reuit
3008 3667 3071 3721 de
3088 3669 3257 3723 Edam
3280 3671 3304 3725 1’
3324 3668 3503 3724 Rubor
3530 3730 3537 3736 ,

1912 3755 2218 3810 vestiumde
2242 3756 2412 3810 BosOr
2461 3755 2549 3810 Sic
2574 3756 2837 3825 formosus
2866 3760 2920 3811 in
2948 3760 3088 3813 stola
3118 3778 3237 3815 sua.
3283 3761 3492 3816 Violen-

1915 3847 1993 3900 tia
2029 3863 2148 3900 cum
2187 3848 2521 3917 fortitudine.
2564 3847 2677 3919 Ego
2726 3849 2915 3919 loquor
2950 3851 3226 3920 justitiam
3264 3863 3314 3908 et
3349 3855 3501 3924 judi-

1912 3941 2053 3994 cium
2106 3942 2382 3995 salutaris.
2443 3942 2623 4008 Quare
2666 3944 2830 3998 rubra
2886 3956 3009 3999 sunt
3055 3948 3366 4002 vestimenta
3408 3959 3499 4002 tua

1912 4043 1962 4088 et
1995 4034 2306 4089 indumenta
2338 4044 2451 4100 tua,
2489 4045 2742 4107 tauquam
2795 4056 2828 4092 a
2868 4040 3265 4096 conculcatioue
3313 4053 3497 4098 torcu-

1914 4128 2045 4183 laris
2086 4129 2248 4197 pleni,
2288 4130 2603 4195 conculcati,
2640 4138 2747 4186 etc.

1988 4224 2064 4281 Ut
2112 4226 2423 4280 mercedem
2477 4224 2729 4281 Salvator
2777 4226 2844 4281 iis
2899 4228 3054 4298 ipsis,
3097 4230 3192 4299 qui
3238 4231 3494 4299 pietatem

1914 4316 2178 4382 colerent,
2198 4316 2565 4372 retributurus
2589 4317 2875 4374 dicebatur
2894 4320 3033 4391 (eam
3059 4321 3203 4375 enim
3227 4321 3342 4376 fore
3368 4338 3494 4377 cum

1914 4410 2035 4480 ipso
2076 4407 2407 4477 aliirmavit),
2440 4407 2521 4462 sic
2551 4408 2734 4480 impiis
2766 4412 3093 4466 metuendus
3122 4414 3327 4469 instare
3357 4431 3497 4485 prae-

1912 4500 2137 4563 dicitur,
2182 4514 2305 4554 cum
2350 4499 2507 4569 juxta
2546 4501 2891 4571 Apostolum,
2938 4520 3159 4560 omnem
3214 4506 3490 4577 principa-

1915 4601 2052 4654 tum,
2081 4600 2137 4647 et
2170 4593 2471 4662 potentiam
2503 4594 2768 4649 deleverit
2792 4595 2858 4648 ⁸⁷.
2889 4596 3008 4664 Quo
3041 4597 3161 4652 loco
3196 4599 3494 4656 novissime

1912 4682 2251 4738 destructum
2288 4680 2353 4735 iri
2389 4691 2623 4738 mortem
2673 4684 2946 4753 adjunxit.
2980 4687 3114 4741 Cum
3155 4696 3334 4745 autem
3367 4707 3491 4746 eum

1916 4775 2164 4832 nonnulli
2200 4774 2426 4828 militari
2464 4775 2651 4830 habitu
2686 4778 2953 4848 sanguine
2986 4795 3273 4851 aspersum
3311 4783 3493 4839 intue¢

241 4862 504 4935 ἐρωτῶσιν
552 4867 836 4939 ἀλλήλους.
900 4865 1124 4937 Ἐπειδὴ
1149 4865 1205 4919 δὲ
1230 4865 1427 4933 Βόσορ
1453 4862 1553 4917 καὶ
1594 4860 1804 4930 Ἔδὼμ,

1918 4877 2125 4931 rentur.
2157 4867 2237 4923 rei
2271 4867 2511 4923 novitate
2558 4870 2818 4925 commoti
2865 4872 2936 4928 ad
2985 4883 3206 4930 mutuas
3253 4875 3491 4931 interro-

240 4954 333 5026 τῆς
354 4960 460 5016 τῶν
488 4961 800 5031 ἀλλοφύλων
827 4960 1011 5032 χώρας
1027 4960 1121 5014 καὶ
1150 4956 1427 5029 πολεμίων
1445 4954 1540 5011 τοῦ
1563 4953 1801 5027 Ἰσραὴλ,

242 5048 449 5117 εἰκότως
469 5053 557 5107 διὰ
579 5052 786 5107 τούτων
813 5051 911 5115 τὰς
941 5048 1324 5121 ἀντικειμένας
1351 5048 1608 5119 δυνάμεις
1629 5048 1805 5101 αίνίτ-

242 5156 395 5210 τεται,
420 5141 496 5202 ὧν
523 5146 621 5218 τὴν
647 5148 926 5217 ἀναίρεσιν
960 5145 1238 5217 τροπικῶς
1264 5144 1463 5212 αἵματι
1502 5141 1805 5213 παριίκασε

243 5237 448 5308 φονικῷ.
488 5238 704 5300 Εῐδότες
739 5237 795 5289 δὲ
845 5237 1008 5290 αὐτὸν
1036 5237 1264 5307 ἥμερον,
1295 5228 1395 5287 εἷθ’
1427 5230 1616 5300 ὥσπερ
1636 5233 1805 5284 τεθυ-

242 5328 494 5395 μωμένον
513 5330 771 5403 ὁρῶντες,
806 5329 1046 5382 ἐοίκασιν
1074 5327 1235 5381 αὐτὸν
1274 5326 1348 5397 μὴ
1377 5323 1686 5394 γινώσκειν.
1716 5319 1806 5374 Διὸ

244 5418 327 5471 καὶ
371 5423 753 5478 πυνθάνονται.
798 5423 856 5476 '0
910 5422 968 5476 δὲ
1012 5420 1149 5491 πρὸς
1175 5420 1373 5482 αὐτοὺς
1425 5419 1802 5488 ἀποκρίνεταιο

256 5507 389 5577 Ἐγὼ
420 5514 766 5585 διαλέγομαι
799 5514 1219 5579 δικαιοσύνην,
1244 5510 1344 5566 καὶ
1371 5510 1574 5579 κρίσιν
1606 5524 1801 5571 σωτη-

240 5602 380 5671 ρίου,
408 5610 544 5664 κατὰ
565 5611 622 5665 δὲ
655 5610 952 5680 Σύμμαχον
980 5624 995 5639 ·
1030 5608 1179 5678 Ἐγὼ
1208 5604 1377 5660 λαλῶ
1404 5605 1474 5659 ἐν
1494 5601 1801 5659 δικαιοσύ-

309 5792 347 5823 ⁶³
381 5793 567 5855 Ezrcli.
598 5810 808 5857 xxxv",
839 5794 923 5847 ll.

502 5891 776 5952 Ριιτιιοι..
817 5890 926 5951 Gn.
968 5883 1347 5949 LXXXVII.

1912 4963 2161 5035 gationes
2211 4958 2604 5031 confugerunt.
2659 4960 2933 5028 Quoniam
2983 4976 3166 5022 autem
3216 4964 3389 5022 Bosor
3440 4978 3491 5023 ct

1912 5053 2110 5118 Edam,
2156 5060 2534 5118 externorum,
2588 5061 2644 5108 et
2699 5053 2942 5111 hostium
3000 5056 3188 5121 Israel,
3239 5060 3489 5130 regiones

1915 5145 2084 5216 720
2114 5151 2269 5198 erant
2316 5160 2331 5196 :
2378 5158 2476 5213 per
2519 5159 2614 5198 eas
2660 5160 2768 5199 non
2811 5145 3108 5212 immerito,
3145 5149 3488 5205 adversariae

1913 5242 2214 5306 potestates
2282 5233 2581 5297 iudicavit,
2645 5250 2879 5303 quarum
2941 5238 3211 5293 excidium
3280 5242 3489 5312 tropice

1913 5328 2160 5399 sanguini
2200 5326 2347 5382 caede
2380 5327 2555 5382 eliuso
2588 5340 2955 5400 compararet.
3003 5330 3104 5397 Qui
3152 5342 3330 5386 autem
3382 5332 3487 5385 mi-

1908 5432 2017 5477 tem
2059 5436 2184 5476 eum
2218 5428 2273 5475 et
2302 5420 2585 5491 placidum
2620 5436 2741 5478 esse
2775 5423 3099 5491 didicerant,
3135 5442 3257 5481 cum
3299 5434 3487 5495 postea

1910 5514 2075 5569 veluti
2125 5513 2305 5582 furore
2357 5513 2613 5582 percitum
2649 5513 3020 5581 intuerentur,
3072 5516 3322 5572 eumdem
3374 5532 3484 5570 non

1910 5620 2209 5677 agnoscere
2238 5606 2339 5662 visi
2372 5613 2525 5673 sunt,
2557 5621 2665 5676 quo
2709 5605 2914 5664 factum
2949 5620 3051 5672 est,
3087 5617 3146 5663 ut
3184 5609 3309 5680 quis
3342 5620 3489 5664 esset

1000 5791 1045 5823 “
1083 5789 1246 5846 Num.
1291 5806 1424 5853 xvn,
1450 5786 1506 5841 ‘2.
1581 5787 1623 5817 ⁸⁷
1652 5785 1670 5839 l
1701 5787 1825 5843 Cor.
1856 5803 1946 5854 xv,
1978 5787 2069 5843 24.

3058 5884 3135 5944 8'4
