4014 6548
489 407 627 471 eam
1804 395 2159 459 PROCOPII
2192 397 2437 459 GAZAEI
3606 403 3779 469 2553

479 514 899 578 interrogarent.
953 505 1102 572 Quos
1157 505 1347 561 isthtec
1401 503 1650 574 ejusdem
1702 505 1920 574 excepit
1979 519 2066 559 re-

2198 523 2265 574 ιῃ,
2332 502 2657 575 ὑπερμαχῶ
2689 506 2774 571 εἰς
2823 503 2891 557 τὸ
2943 503 3159 560 σῶσαι.
3218 505 3606 578 ’Υπερμαχῶν
3652 517 3780 582 γὰρ

480 603 742 676 sponsio:
776 599 882 672 Ego
907 600 1092 670 loquor
1113 598 1386 668 justitiam
1407 607 1454 652 et
1473 597 1739 668 judicium
1761 598 2056 661 salutaris;

2198 598 2270 650 ὦν
2321 598 2549 664 ἀδίκως
2595 598 2701 651 ὑπὸ
2745 597 2857 652 τῶν
2887 597 3288 669 ἀντικειμένων
3312 600 3600 674 ,δυνάμεων
3653 623 3781 658 κα-

481 696 586 758 vel,
621 701 678 748 ιιι
713 690 1044 764 Symmacho
1077 691 1255 761 placet
1293 707 1307 744 :
1341 688 1450 759 Ego
1495 690 1682 759 loquor
1720 689 1775 742 in
1799 689 2058 759 justitia,

2198 690 2649 760 απατουμένων,
2684 689 2784 754 τὰς
2816 689 2916 760 μὲν
2953 690 3166 761 μετῄει,
3199 692 3327 756 τοὺς
3347 693 3404 746 δὲ
3433 694 3783 765 ἠλευθέρου.

480 788 690 842 decerto
739 794 796 838 ut
846 783 1066 838 salvem.
1107 780 1243 836 Cum
1279 781 1424 836 enim
1465 796 1656 836 eorum
1696 781 1919 836 nomine
1964 781 2059 835 de-

2198 777 2297 835 ἰῖτα
2323 782 2550 852 δευτέρα
2578 781 2808 846 πεῦσιςσ
2845 783 2951 836 Διὰ
2994 783 3053 836 τί
3085 798 3204 837 σου
3249 783 3474 852 ἐρυθρὰ
3512 786 3585 840 τὰ
3631 790 3788 857 ἱμά-

482 886 730 939 certaret,
768 876 860 944 qui
923 873 1126 942 injuste
1183 872 1252 925 ab
1309 871 1644 926 adversariis
1699 870 2063 941 potestatibus

2199 886 2254 923 ια
2271 887 2291 936 ;
2320 871 2458 942 πρὸς
2479 871 2507 924 ὃ
2537 872 2700 926 πάλιν
2722 871 3102 944 ἀποκρίνεται.
3121 872 3270 926 Ἀντὶ
3299 873 3357 926 δὲ
3373 874 3492 938 τοῦ,
3521 878 3616 928 καὶ
3645 877 3784 929 τῷν

482 967 967 1024 conculcabantur:
991 967 1127 1020 istas
1147 963 1368 1034 quidem
1393 963 1794 1029 ulciscebatur;
1820 962 1942 1017 illos
1963 978 2062 1016 au-

2198 950 2375 1029 θνῶν,
2403 965 2432 1018 ὁ
2481 962 2800 1036 Σύμμαχος,
2827 966 2922 1018 καὶ
2959 965 3068 1018 ἀπὸ
3096 965 3217 1020 τῶν
3261 966 3433 1021 λαῶν
3458 969 3778 1034 ἐξέδωκε,

481 1073 590 1117 tem
619 1062 674 1114 in
706 1059 1015 1114 libertatem
1051 1057 1354 1112 asserebat.
1399 1053 1661 1125 Sequitur
1691 1054 1800 1124 jam
1830 1055 2062 1123 quaestio

2201 1057 2257 1109 αὶ
2293 1056 2414 1110 ἀντὶ
2440 1055 2560 1122 τοῦ,
2596 1056 2954 1126 Κατήγαγον
2997 1059 3065 1113 τὸ
3087 1054 3232 1128 αἷμα
3258 1060 3461 1114 αὐτῶν
3489 1064 3580 1127 εἰς
3621 1062 3785 1130 γῆν,

482 1157 652 1209 altera
704 1169 718 1207 :
769 1151 948 1218 Quare
995 1150 1160 1204 rubra
1206 1158 1330 1204 sunt
1377 1149 1686 1203 uestimenta
1727 1146 1862 1201 tua?
1899 1162 2061 1216 quam

2198 1149 2271 1202 {al
2301 1147 2663 1218 ἐρῤαντίσθη
2689 1148 2754 1203 τὸ
2783 1149 3082 1205 ἐπινίκιον
3105 1151 3306 1206 αὐτῶν
3325 1153 3426 1207 ἐπὶ
3461 1153 3535 1207 τὰ
3561 1155 3791 1224 {adrui

481 1247 647 1302 etiam
686 1245 805 1300 sine
847 1243 1203 1314 responsione
1243 1242 1394 1295 abire
1429 1256 1537 1294 non
1580 1239 1804 1308 patitur.
1845 1237 1948 1294 Sed
1980 1248 2064 1293 est

2198 1259 2299 1296 του.
2342 1241 2430 1305 Ὧς
2461 1241 2516 1295 δὲ
2548 1241 2707 1313 μόνος
2736 1241 2853 1311 τὴν
2881 1244 3090 1311 κρίσιν
3115 1243 3295 1298 λαϐὼν
3329 1247 3610 1317 παρὼτοῦ
3657 1251 3790 1302 Πα-

482 1337 878 1394 advertendum
929 1351 1038 1406 quo
1094 1335 1240 1400 loco,
1289 1333 1354 1388 de
1400 1332 1640 1405 gmtibus
1690 1331 1952 1403 legimus,
2000 1336 2064 1384 de

2198 1332 2339 1404 έρος,
2401 1334 2561 1404 μόνος
2603 1334 3014 1403 πεπατηκέναι
3067 1337 3203 1408 φησὶ
3251 1338 3472 1405 ληνὸν,
3524 1338 3690 1394 οὕτω
3723 1341 3791 1394 δὲ

480 1433 693 1502 populis
728 1429 1078 1500 interpretari
1113 1427 1526 1500 Symmachum.
1559 1425 1680 1492 Quo
1714 1426 1834 1479 loco
1857 1425 2059 1480 etiam:

2198 1426 2321 1480 ηαλετ
2370 1428 2480 1481 τῶν
2505 1429 2926 1500 ἁμαρτημάτων
2951 1430 3051 1500 τὴν
3100 1429 3390 1502 ἔκπραξιν.
3432 1433 3546 1486 Καὶ
3605 1432 3798 1504 159:.-

483 1525 689 1579 Deduxi
733 1523 1043 1590 sanguinem
1088 1538 1273 1577 eorum
1311 1521 1368 1574 in
1405 1530 1625 1587 terram,
1664 1517 1914 1574 eumdem
1947 1537 1960 1572 :
1997 1516 2062 1570 Et

2198 1518 2296 1583 ιίας
2318 1520 2373 1574 δὲ
2398 1521 2457 1574 ὲν
2481 1521 2715 1592 Θρήνοις
2738 1522 2894 1593 φησι·
2915 1521 3094 1592 Ληνὸν
3115 1524 3356 1594 ἐπάτησε
3384 1523 3594 1596 Κύριος
3625 1543 3794 1595 παρ-

481 1634 701 1688 aspersa
746 1626 822 1672 est
867 1616 1089 1670 uictoria
1133 1629 1316 1668 eorum
1365 1629 1522 1682 super
1571 1611 1876 1666 vestimenta
1925 1625 2061 1665 mea.

2200 1611 2304 1682 ένῳ
2333 1611 2567 1684 θυγατρὶ
2610 1613 2802 1671 Ἰούδα.
2854 1617 2977 1670 Ἐπὶ
3005 1617 3218 1681 τούτοις
3247 1615 3360 1686 ἐγὼ
3394 1617 3590 1672 κλαίω.
3631 1620 3791 1672 Ὠσ-

483 1713 770 1780 Tauquam
807 1698 990 1764 autem
1031 1708 1298 1779 judicium
1327 1706 1481 1761 solus
1512 1720 1542 1758 a
1571 1705 1736 1759 Patre
1766 1702 2063 1772 acceperit,

2198 1720 2272 1774 :sp
2295 1703 2352 1758 δὲ
2379 1704 2570 1773 ληνὸς
2595 1707 2628 1779 ή
2653 1707 2746 1760 ἐπὶ
2785 1708 2845 1762 τὸ
2876 1709 3010 1763 αὐτὸ
3042 1709 3152 1763 τῶν
3198 1711 3624 1781 ἁμαρτημάτων
3685 1711 3793 1763 εὖ·

490 1803 729 1858 torcular
775 1817 836 1858 se
879 1801 1060 1856 solum
1103 1798 1446 1853 εοηειιιεαεεε
1483 1795 1639 1862 dicit,
1687 1796 1760 1848 ita
1805 1805 2063 1865 peccato-

2202 1813 2301 1849 uva.
2319 1810 2335 1827 ⁶
2366 1795 2511 1850 οὕτω
2536 1797 2645 1851 τῶν
2673 1798 2782 1853 ἀπὸ
2808 1800 2908 1870 τῆς
2941 1799 3157 1871 ἀγαθῆς
3183 1801 3434 1873 ἀμπέλου
3480 1803 3796 1872 τρυγομέδ

484 1913 604 1950 rum
665 1909 857 1965 paruas
907 1891 1248 1961 signiﬁcans.
1288 1889 1362 1942 lta
1403 1903 1535 1943 vero
1580 1896 1635 1944 et
1678 1885 1947 1942 Jeremias
1981 1886 2064 1942 lo-

2198 1904 2273 1941 ων
2316 1887 2548 1960 καρπῶν
2581 1891 2760 1958 ληνοὶ
2805 1891 2940 1963 Θεῷ
2997 1894 3333 1966 ἁρέσκουσαι
3367 1895 3649 1964 γίνονται,
3694 1894 3797 1962 ἐφ’

483 1988 672 2056 quitur
698 1987 751 2040 in
775 1983 1281 2038 Lamentationibus
1299 1980 1370 2046 ‘°,
1401 1997 1523 2035 eum
1553 1980 1796 2036 torcular
1821 1979 2068 2036 calcasse

2198 1975 2258 2046 ιῖς
2279 1979 2438 2052 ὕμνοι
2469 1984 2526 2038 ὲν
2555 1983 2810 2055 Ψαλμοῖς
2838 1986 3109 2059 ὲπιλήνιοι
3143 1987 3414 2057 λέγονται.
3464 1989 3796 2058 Καταργήο

485 2079 777 2133 Dominum
804 2076 1001 2146 virgini
1038 2074 1161 2128 tiliae
1201 2071 1377 2136 Judae,
1410 2070 1554 2126 unde
1582 2086 1646 2126 se
1685 2071 1903 2141 plorare
1933 2084 2068 2125 con-

2198 2091 2271 2137 τας
2289 2075 2348 2128 δὲ
2378 2077 2560 2130 πᾶσαν
2590 2077 2812 2141 κακίαν,
2843 2079 2940 2132 καὶ
2987 2078 3116 2142 τοὺς
3159 2079 3331 2151 αὐτὴν
3385 2079 3795 2148 γεννήσαντας

485 2173 742 2242 tingeret,
795 2168 1117 2223 allirmavit.
1177 2164 1247 2221 Ut
1299 2173 1480 2219 autent
1534 2163 1726 2219 eodem
1780 2163 2066 2218 toreularia

2200 2166 2452 2236 αίμονας,
2476 2169 2604 2234 τοὺς
2626 2169 2720 2224 ὑπ’
2741 2170 2891 2241 αὐτῷ
2919 2170 3375 2242 βασιλευομένους
3402 2171 3462 2224 ὲν
3485 2169 3570 2239 τῷ
3593 2169 3795 2239 καινῷ

485 2262 736 2326 nomine,
769 2277 892 2332 quae
937 2259 1179 2330 peccatis
1225 2258 1517 2323 debentur,
1547 2271 1722 2327 poena).
1749 2256 2066 2326 signiﬁcan-

2198 2258 2327 2312 ,ἰῶνι
2385 2259 2744 2332 προσάξειτῷ
2782 2261 3014 2333 Πατέρι,
3063 2262 3152 2316 ὅτε
3183 2263 3280 2317 καὶ
3314 2265 3639 2335 παραδώσει
3679 2266 3794 2334 τὴν

486 2367 599 2421 tur,
636 2355 718 2412 sic
765 2354 862 2424 qui
918 2357 984 2408 de
1037 2352 1182 2408 bona
1236 2350 1345 2406 vite
1399 2350 1614 2405 fructus
1669 2349 2063 2418 decernuntur,

2198 2350 2452 2404 ιασιλείαν
2480 2350 2558 2421 τῷ
2591 2351 2715 2423 Θεῷ
2745 2352 2840 2406 καὶ
2869 2353 3098 2424 Πατέρι,
3117 2353 3262 2408 κατὰ
3286 2355 3379 2409 τὸν
3412 2355 3790 2410 ’Δπόστοὶον.

487 2449 782 2503 toreularia
811 2462 934 2504 esse
985 2447 1095 2500 Deo
1141 2444 1413 2515 placentia
1459 2443 1760 2505 credimus,
1789 2442 1881 2514 qui
1925 2441 2068 2510 psal-

2200 2442 2468 2512 Εμμένων
2493 2443 2550 2498 δὲ
2579 2447 2645 2515 τῇ
2683 2446 2968 2516 μεταφορᾷ
2998 2445 3104 2500 τοῦ
3131 2447 3402 2515 αἵματος,
3450 2448 3526 2502 τὰ
3565 2448 3792 2518 Ιμάτια

487 2556 607 2595 mos
636 2541 703 2595 de
733 2537 1106 2594 torcularibus
1137 2535 1368 2592 inscribi
1413 2535 1683 2590 videmus.
1717 2533 1851 2587 Cum
1884 2543 2065 2586 autem

2198 2537 2541 2604 ιεμολύνοαι
2571 2536 2813 2604 λέγεται.
2841 2538 3002 2591 Ποῖον
3041 2537 3152 2608 γὰρ
3185 2539 3280 2593 ἐπὶ
3322 2541 3642 2609 ἀσωμάτων
3687 2541 3791 2593 δυο

487 2632 752 2688 maliliam
780 2645 1022 2694 onmem,
1045 2629 1434 2698 daemonasque
1462 2627 1610 2694 ipsos
1641 2626 1763 2696 ejus
1793 2635 2062 2684 auctores.

2198 2628 2390 2696 duewv
2417 2622 2588 2697 uiua;
2646 2625 2779 2682 Εἶτα
2827 2629 2993 2683 πάλιν
3033 2629 3255 2700 ἡμέρας
3287 2632 3790 2699 ἁνταποὸάυεως

487 2739 705 2781 cessare
743 2721 933 2778 fecerit
969 2739 984 2779 :
1018 2736 1136 2786 eos,
1182 2719 1382 2789 quibus
1423 2719 1733 2789 imperavit,
1769 2719 1823 2772 iu
1865 2719 2070 2773 sanatio

2198 2719 2271 2773 :al
2328 2721 2610 2776 ἐνιαυτοῦ
2643 2723 3003 2790 λυτρώσεως
3062 2724 3360 2794 μέμνηται,
3392 2727 3467 2790 ὡς
3513 2727 3609 2778 ἐπὶ
3657 2726 3788 2779 τῶν

489 2816 696 2871 recenti
746 2814 813 2868 ad
858 2812 1075 2868 Patrem
1129 2812 1382 2872 adducet,
1426 2824 1538 2878 quo
1586 2811 1751 2862 etiam
1804 2817 2065 2875 tempore,

2198 2812 2552 2883 ςρηστοτέρων
2591 2812 2831 2881 ἐλέγετο,
2869 2813 3122 2885 Κηρύξαι
3149 2816 3396 2870 ὲνιαυτδν
3437 2818 3654 2886 Κυρίου
3685 2817 3786 2869 δε-

489 2908 571 2962 ait
607 2908 906 2977 Apostolus
945 2906 1013 2969 ⁸³,
1069 2919 1298 2974 regnum
1343 2903 1451 2957 Deo
1489 2909 1543 2955 et
1585 2900 1734 2955 Patri
1767 2899 2068 2954 traditurus

2198 2903 2321 2965 ιτδν,
2358 2903 2452 2956 καὶ
2475 2902 2689 2974 ἡμέραν
2725 2903 3158 2965 ἀνταποδόσεωζ.
3193 2906 3284 2958 Διὸ
3325 2905 3417 2958 νῦν
3447 2907 3783 2976 προσέθηκε

489 3010 592 3056 est.
627 3001 922 3064 Caeterum,
948 3006 1006 3052 ut
1039 3004 1312 3067 perstaret
1337 2996 1388 3049 in
1419 2994 1692 3064 sanguinis
1727 2993 2067 3062 metaphora,

2198 2994 2266 3046 ,αὶ
2291 2993 2568 3060 ἐνιαυτὸς
2591 2994 2965 3061 λυτρώσεως,
2985 2994 3121 3064 ὁμοῦ
3147 2994 3255 3067 γὰρ
3277 2997 3404 3059 τοὺς
3443 2995 3541 3064 μὲν
3570 2996 3782 3059 σώσει,

491 3093 800 3146 vestimenta
842 3106 955 3144 esse
1004 3089 1282 3159 inquinata
1317 3087 1538 3157 adjecit.
1572 3085 1797 3152 Qualem
1832 3086 1977 3139 enim
2013 3085 2068 3138 itt

2198 3088 2280 3151 ei;
2304 3086 2358 3139 δὲ
2379 3084 2812 3151 ἀνταποδώσω,
2841 3086 2985 3140 καθά
3005 3103 3137 3158 φησι
3164 3089 3398 3158 Μωσῆς·
3431 3108 3450 3140 ι
3487 3088 3600 3142 Καὶ
3627 3089 3784 3141 ἀντε-

494 3185 864 3255 potestatibus
955 3181 1300 3250 incorporeis
1388 3179 1711 3248 sanguinem
1786 3177 2072 3249 reperias?

2198 3177 2442 3232 ιποδώσει
2509 3178 2665 3249 δίκην
2693 3181 2806 3242 τοῖς
2836 3179 3076 3250 ἐχθροῖς,
3105 3181 3202 3235 καὶ
3233 3184 3348 3246 τοῖς
3389 3180 3645 3253 μισοῦσιν
3675 3181 3786 3235 αὑ·

498 3278 763 3347 Deinceps
805 3289 1024 3330 rursum
1051 3274 1156 3327 diei
1187 3271 1572 3336 retributionis,
1595 3271 1824 3339 annique
1864 3269 2069 3324 redem-

2198 3271 2267 3324 ὢν
2295 3269 2694 3324 ἀνταποδώσει.
2734 3290 2752 3322 ι

495 3366 692 3438 ptionis
730 3365 1002 3429 meminit,
1036 3364 1201 3434 quale
1251 3363 1384 3418 illud
1417 3361 1542 3426 luit,
1582 3363 1728 3433 quod
1759 3362 1825 3418 de
1856 3363 2211 3433 probioribus
2250 3364 2506 3434 loquens,
2544 3375 2604 3418 ut
2635 3365 2792 3434 721
2827 3378 3031 3419 aunmu
3070 3364 3301 3420 Domino
3350 3367 3784 3437 acceptabilem,

497 3465 752 3532 diemque
795 3459 1181 3514 retributionis
1230 3458 1607 3522 annuntiaret,
1659 3456 1799 3511 mitti
1847 3473 1907 3514 se
1944 3458 2161 3512 dicebat
2191 3459 2259 3511 ⁷ο.
2292 3459 2412 3525 Quo
2449 3458 2654 3513 factum
2694 3471 2798 3525 est,
2840 3469 2900 3514 ut
2967 3459 3057 3515 ltic
3121 3463 3493 3530 redemptionis
3565 3481 3781 3517 annm

499 3557 797 3626 adﬁceret;
849 3551 971 3608 istis
1007 3550 1230 3620 quidem
1269 3550 1525 3616 salutem,
1583 3550 1692 3605 illis
1745 3559 1927 3604 autem
1994 3546 2395 3606 retributionem
2438 3550 2602 3606 simul
2652 3550 2992 3622 signiﬁcans.
3064 3551 3238 3620 Quale
3281 3562 3366 3610 est
3413 3554 3547 3611 illud
3623 3558 3785 3627 apud

499 3650 680 3704 Mosen
716 3664 728 3698 :
776 3663 794 3696 ι
835 3642 898 3698 Ει
936 3643 1204 3696 retribuet
1253 3641 1518 3697 ultionem
1579 3641 1844 3707 inimicis,
1883 3649 1938 3695 et
1986 3640 2079 3711 qui
2116 3641 2354 3697 oderunt.
2383 3656 2532 3709 eum,
2561 3641 2829 3698 retribuet
2861 3644 2928 3697 ⁷¹.
2971 3663 2990 3696 ι

572 3737 832 3808 Sequitur
864 3734 1065 3790 deinde
1101 3752 1112 3788 :
1147 3734 1363 3803 Aspexi,
1384 3743 1434 3788 et
1469 3750 1569 3787 non
1597 3744 1710 3787 erat
1745 3732 2081 3802 auxiliator;

499 3830 851 3892 consideravi,
884 3838 934 3882 et
974 3826 1156 3881 nullus
1203 3835 1345 3892 erat,
1383 3827 1474 3897 qui
1526 3826 1824 3896 adjttvaret,
1858 3835 1906 3879 et
1945 3827 2083 3879 eruit

501 3942 588 3977 eos
624 3920 899 3975 brachium
935 3935 1128 3974 meum.
1176 3919 1336 3972 Solus
1364 3921 1508 3972 enim
1545 3921 1850 3973 exinanivit
1883 3926 2082 3973 semet-

506 4019 707 4084 ipsum,
759 4011 987 4065 formam
1031 4010 1172 4064 servi
1207 4009 1483 4079 accipiens
1516 4012 1582 4064 τ’.
1615 4011 1809 4065 Crucis
1852 4019 2080 4063 mortem

507 4111 771 4173 praeterea
804 4110 1007 4156 nostra:
1035 4101 1234 4155 salutis
1270 4115 1435 4154 causa
1468 4102 1725 4170 pertulit;
1757 4117 1919 4170 quam
1956 4101 2081 4154 ttul-

506 4201 592 4251 lus
632 4195 712 4249 \el
752 4195 1003 4263 angelus,
1037 4194 1117 4245 \el
1152 4201 1412 4262 potestas,
1454 4194 1536 4248 vel
1582 4195 1744 4248 homo
1775 4193 1951 4246 fuerat
1985 4208 2084 4247 su-

507 4293 743 4345 biturus.
784 4287 905 4353 Quo
942 4287 1146 4340 factum
1183 4295 1288 4352 est,
1325 4295 1383 4340 ιιι
1415 4302 1557 4341 unus
1599 4302 1794 4342 nomen
1831 4301 1860 4339 a
1901 4285 2080 4349 Patre,

506 4381 652 4451 quod
696 4388 780 4433 est
814 4393 977 4445 super
1026 4391 1190 4431 omne
1245 4392 1443 4430 nomen
1489 4377 1555 4440 ⁷³,
1604 4375 1984 4447 judiciumque
2029 4377 2085 4430 in

506 4487 700 4527 omnes
732 4469 1085 4538 accept-rit”.
1118 4467 1316 4522 Verum
1344 4468 1487 4538 quod
1520 4469 1627 4523 ait:
1654 4467 1722 4523 Et
1742 4469 1945 4521 deduxi
1963 4484 2088 4521 san-

507 4561 710 4628 guinem
749 4574 926 4611 eorum
959 4557 1010 4608 in
1040 4564 1234 4608 tet'rant
1257 4596 1270 4616 ,
1311 4556 1377 4610 dc
1421 4555 1615 4626 adepta
1649 4557 1869 4610 victoria
1902 4554 2085 4609 caeteri

510 4654 941 4720 interpretantur
973 4667 985 4700 :
1021 4659 1278 4715 tanquam
1308 4647 1482 4703 victos
1511 4665 1541 4702 a
1573 4663 1631 4702 sc
1657 4647 1792 4718 jam,
1819 4648 1910 4718 qui
1943 4648 2086 4703 vinci

513 4759 621 4796 non
660 4749 932 4811 poterant,
971 4739 1261 4809 signiﬁcet.
1299 4740 1405 4794 Alii
1451 4755 1760 4795 sermonem
1805 4741 1969 4794 istum
2017 4739 2088 4794 ad

2259 3728 2396 3786 Εἶτά
2435 3749 2600 3803 φησιν
2623 3748 2638 3762 ο
2681 3729 3046 3802 Ἐπέϐλεψα,
3071 3735 3169 3788 καὶ
3187 3736 3297 3788 οὐκ
3326 3729 3405 3803 ἦν
3441 3736 3474 3788 o'
3498 3735 3780 3801 βοηθῶν.

2189 3827 2301 3881 Kal
2332 3827 2744 3896 προσενόησα,
2778 3825 2878 3879 καὶ
2899 3825 3098 3891 οὐδεὶς
3124 3826 3624 3894 ἀντελαμϐάνετο.
3664 3831 3781 3882 Καὶ

2189 3917 2486 3988 έῤῥύσατο
2508 3917 2733 3982 αὐτοὺς
2765 3919 2798 3970 ό
2824 3916 3100 3985 βραχίων
3139 3934 3278 3986 μου.
3310 3917 3482 3980 Μόνος
3517 3917 3628 3988 γὰρ
3653 3920 3787 3971 ἐκέ..

2189 4023 2361 4059 νωσεν
2398 4005 2618 4071 ἑαυτὸν,
2655 4006 2871 4077 μορφὴν
2903 4006 3092 4058 δούλου
3121 4006 3324 4060 λαϐὼν.
3357 4009 3460 4061 Καὶ
3482 4009 3573 4060 τὶν
3606 4009 3787 4079 μέχρι

2189 4094 2425 4166 σταυροῦ
2451 4094 2676 4150 θάνατον
2699 4094 2990 4165 ὑπέμεινεν
3016 4095 3156 4166 ὑπὲρ
3175 4096 3273 4166 τῆς
3297 4097 3450 4166 ἡμῶν
3476 4099 3787 4167 σωτηρίας,

2189 4189 2217 4242 ὃ
2250 4189 2439 4260 μηδεὶς
2468 4187 2738 4256 ἀγγέλων,
2765 4189 2799 4258 ἢ
2836 4187 3155 4258 δυναμένων
3187 4197 3230 4250 ο,
3266 4188 3299 4258 ἢ
3335 4187 3634 4258 ἀνθρώπων
3668 4192 3782 4244 ὐπ-

2191 4283 2355 4352 έστηο
2393 4281 2472 4334 διὸ
2500 4282 2593 4334 καὶ
2628 4279 2775 4352 μόνῳ
2799 4280 2828 4333 ὁ
2856 4279 3046 4351 Πατὴρ
3073 4280 3369 4351 ἐχαρίσατο
3392 4280 3450 4332 τὸ
3483 4280 3681 4350 ὄνομα,
3718 4285 3781 4336 τὸ

2197 4373 2343 4443 ὑπὲρ
2384 4375 2490 4426 πᾶν
2531 4371 2701 4440 ὄνομα
2749 4372 2843 4424 καὶ
2889 4371 2987 4442 τὴν
3030 4373 3172 4426 κατὰ
3206 4372 3424 4425 πάντων
3471 4375 3780 4442 ἐνεχείρισε

2198 4465 2402 4534 κρίσιν.
2419 4463 2568 4517 Ἀντὶ
2594 4463 2651 4515 δὲ
2677 4462 2789 4515 ’ποῦ’
2821 4463 2929 4516 Καὶ
2960 4463 3298 4531 κατήγαγον
3322 4464 3385 4516 τὸ
3404 4458 3542 4530 allia
3573 4461 3781 4516 αὐτῶν

2196 4557 2282 4621 εἰς
2308 4555 2446 4624 γῆν,
2499 4555 2552 4606 οἱ
2588 4552 2776 4606 λοιποὶ
2806 4553 2868 4605 τὸ
2897 4554 3068 4618 νίκος
3111 4552 3400 4616 ἐξέδωκαν.
3445 4552 3779 4621 Νενίκηνται

2196 4645 2305 4718 γὰρ
2333 4647 2425 4699 ὑπ’
2458 4645 2618 4716 ἐμοῦ,
2654 4645 2845 4715 φησὶν,
2877 4645 2926 4696 ol
2964 4643 3246 4706 δοκοῦντες
3294 4644 3554 4714 ἀνίκητοι.
3586 4646 3776 4699 "Alio:

2195 4739 2252 4794 δὲ
2284 4738 2410 4809 περὶ
2441 4739 2540 4807 τῆς
2573 4736 2895 4806 ἀναλήψεως
2926 4734 3016 4789 τοῦ
3041 4736 3290 4808 Σωτῆρος
3322 4735 3418 4806 τὴν
3450 4737 3604 4807 ῥῆσιν
3624 4737 3777 4801 δεξα-

514 4832 820 4887 Saltatoris
865 4832 1241 4886 ascensionem
1289 4832 1613 4896 referentes,
1642 4833 1855 4903 expleta
1902 4832 2083 4888 carnis

2198 4835 2344 4906 μενοί
2379 4849 2563 4902 φασιν,
2598 4830 2674 4894 ὡς
2704 4830 3002 4901 πληρώσας
3035 4829 3134 4901 τὴν
3167 4829 3304 4898 μετὰ
3333 4830 3529 4897 σαρκὸς
3561 4832 3773 4885 οἰκονο-

516 4923 826 4982 ωιοιιοιιιίιι
857 4922 922 4976 ad
959 4921 1172 4976 l'atrem
1209 4927 1464 4994 supernis
1498 4925 1862 4995 potestatibus
1895 4941 2083 4980 ascen-

2198 4925 2346 4994 μίαν,
2379 4922 2585 4985 ἀναϐὰς
2616 4921 2752 4992 πρὸς
2782 4922 2872 4974 τὸν
2894 4923 3112 4991 Πατέρα
3139 4919 3296 4991 ὤφθη
3335 4924 3452 4984 ταῖς
3475 4922 3584 4974 ἄνω
3607 4922 3769 4977 ὁ.»νά-

515 5019 645 5072 dere
694 5014 873 5070 visum
923 5026 1082 5075 esse,
1128 5028 1250 5088 Cuut
1304 5016 1577 5084 passionis
1625 5017 1779 5086 signa
1827 5023 2083 5084 gestaret,

2201 5033 2348 5087 μεσι,
2389 5015 2482 5068 τοῦ
2513 5015 2719 5076 πάθους
2743 5014 2927 5084 φέρων
2962 5015 3030 5067 τὰ
3079 5012 3342 5083 σύμϐολα,
3375 5014 3470 5084 οὐχ
3507 5014 3587 5066 ὃτι
3628 5019 3768 5084 μετά

516 5110 893 5172 arbitrantur;
935 5120 1045 5160 non
1079 5087 1397 5176 quod‘cum
1452 5109 1561 5162 illis
1608 5110 1916 5162 surrexerit
1949 5126 1961 5163 :
1999 5107 2083 5162 sed

2198 5107 2402 5161 τούτων
2435 5107 2655 5177 ἀνέστη,
2706 5098 2750 5172 ᾧ
2779 5104 2835 5157 δὲ
2875 5105 3063 5174 τρόπῳ
3105 5105 3420 5159 διστάσαντι
3462 5103 3653 5174 δ;δειχε
3685 5108 3768 5178 τῷ

515 5197 794 5272 quomodo
840 5195 1115 5252 dubitanti
1167 5197 1388 5254 Thomas
1441 5216 1502 5255 ea
1555 5201 1838 5266 ostendit;
1887 5200 1970 5255 sic
2017 5200 2083 5270 (ul

2199 5199 2390 5270 Θωμᾷ.
2435 5199 2620 5261 Οὖτως
2663 5197 2786 5269 (ἵνα
2837 5197 3114 5268 γνωρισθῇ
3154 5197 3249 5250 νῦν
3291 5202 3408 5260 ταῖς
3438 5198 3625 5267 ἀρχαῖς
3667 5201 3767 5252 καὶ

515 5302 624 5367 jam
656 5290 1061 5362 Principatibus
1091 5299 1144 5344 et
1177 5288 1548 5348 Potestatibus
1581 5293 1634 5346 in
1667 5293 1823 5347 caelis
1866 5301 2083 5361 propter

2204 5294 2324 5355 ταῖς
2353 5290 2623 5356 ἐξουσίαις
2652 5293 2711 5343 ὲν
2740 5291 2853 5353 τοῖς
2883 5287 3247 5358 ἐπουρανίοις,
3277 5287 3366 5341 διὰ
3399 5288 3498 5358 τῆς
3541 5288 3766 5359 Ἐκκλη-

520 5387 827 5444 Ecclesium
861 5384 1232 5438 iunotesceret
1267 5384 1552 5453 multiplex
1590 5385 1680 5439 Dei
1727 5383 1994 5453 sapientia
2023 5382 2083 5451 ⁷⁸]

2206 5385 2323 5446 σίας
2355 5384 2387 5453 ἡ
2420 5381 2800 5445 πολυποίκιλος
2831 5380 2993 5450 σοφία
3022 5378 3115 5432 τοῦ
3147 5378 3306 5448 Θεοῦ)
3351 5379 3490 5450 μετὰ
3516 5378 3618 5433 τῶν
3667 5382 3763 5434 τοῦ

521 5498 643 5538 cum
671 5477 942 5550 passionis
964 5475 1138 5548 signis
1165 5490 1478 5543 remeasse;
1508 5492 1681 5545 eoque
1709 5475 1913 5528 factum
1947 5487 2083 5538 esse,

2203 5473 2408 5536 πάθους
2469 5473 2711 5544 σημείων
2762 5468 3082 5543 ἀνέδραμεν.
3141 5471 3525 5541 Θαυμάξουσαι
3593 5473 3767 5526 τοίνυν

591 5598 638 5629 θα
667 5595 869 5649 Tltren.
905 5609 943 5656 ι,
983 5593 1066 5648 ts.
1145 5595 1188 5626 ⁶⁹
1222 5593 1240 5648 l
1269 5593 1397 5649 Cor.
1428 5611 1517 5657 xv,
1552 5593 1643 5649 95.
1720 5593 1766 5624 ⁷⁰
1794 5592 1898 5647 lsa.
1925 5607 2032 5654 LXI,
2068 5591 2083 5644 l

2198 5603 2296 5643 .uc.
2328 5603 2402 5654 tv,
2439 5587 2525 5642 l8.
2601 5587 2643 5618 '”
2678 5587 2834 5644 Deut.
2894 5599 3063 5650 xxxn,
3117 5583 3208 5660 41‘.-
3283 5584 3328 5615 "
3360 5582 3592 5655 Philipp.
3621 5599 3678 5652 ιι,
3705 5584 3763 5643 7.

525 5667 568 5701 ⁷³
602 5668 732 5726 ibid.
756 5667 808 5722 9.
883 5665 929 5695 7"
963 5663 1123 5721 Joan.
1155 5681 1207 5729 ν,
1241 5664 1332 5720 ‘22.
1411 5667 1455 5697 ⁷⁵
1481 5664 1675 5736 Epltcs.
1712 5679 1796 5728 ιιι,
1829 5661 1914 5714 tt).

1795 5750 2029 5808 V'ARIA‘J
2073 5745 2481 5809 LECTIONES.

614 5856 636 5881 ο
677 5864 766 5917 κο.
793 5844 1099 5916 δυνάμεων.
