4046 6386
204 397 335 477 ρδδο

1383 394 1919 474 COMMENTARII
1952 412 2032 474 1N
2059 398 2341 476 ISAIAM.

3335 387 3475 473 mro
3506 453 3510 456 .

206 531 434 593 ἀνιόντος
489 524 873 582 πυνθάνονται.
931 506 1005 582 'i‘b
1053 524 1110 579 δὲ
1175 526 1382 600 Ἐδὼμ,
1420 529 1786 599 ἑρμηνεύεται

1897 537 1951 584 ιιι
1988 530 2309 586 redeuntem
2361 529 2493 600 ipsae
2541 514 2828 583 demirata:
2879 525 3238 595 interrogent.
3292 518 3475 596 Signi-’-

205 622 442 694 πιρῤὐς.
473 621 508 694 ἢ
548 621 776 691 γήϊνος.
809 618 886 674 Τδ
913 621 970 674 δὲ
1003 621 1224 690 Βόσορ,
1257 623 1291 693 ἢ
1343 621 1500 690 σὰρξ
1520 663 1535 686 ,
1574 621 1607 692 ἢ
1637 619 1785 690 σάρ-

207 735 381 782 κινος.
413 713 577 785 Δηλοῖ
603 713 782 767 τοίνυν
804 712 866 766 τὸ
890 711 1264 784 πεφοινίχθαι,
1293 714 1369 778 ὡς
1403 713 1512 767 ἀπὸ
1557 712 1786 780 σαρκός

205 827 258 863 τε
286 807 384 862 καί
423 807 694 876 αἵματος.
749 805 838 869 Ὠς
869 805 925 858 δὲ
956 805 1327 877 γνωρίζουσαι
1360 805 1522 860 αὐτὸν
1547 804 1702 868 Θεὸν,
1738 807 1786 857 εί

206 902 294 959 καὶ
319 898 382 971 ἦν
409 902 466 954 ὲν
496 898 682 971 σαρκὶ,
712 898 931 967 ὡραῖον
954 899 1116 953 αὐτόν
1144 916 1310 968 φασιν
1338 899 1410 952 ἐν
1436 897 1655 967 στολῇ,
1687 897 1787 952 καὶ

206 996 378 1066 tam
428 992 580 1064 αὐτῷ
641 991 1011 1065 μαρτυροῦσι.
1046 991 1219 1046 Τοῦτο
1249 990 1359 1061 γάρ
1407 992 1444 1059 ἡ
1470 990 1583 1055 ,βία
1615 988 1782 1060 δηλοῖ.

209 1083 380 1144 Ἔοικε
417 1085 476 1139 δὲ
505 1086 566 1140 τὸ
597 1086 772 1156 παρὸν
820 1084 898 1156 τῷ
933 1085 991 1138 ἐν
1043 1091 1129 1154 κγ’
1162 1083 1400 1156 ψαλμῷ·
1446 1089 1464 1135 ἁ
1503 1081 1600 1146 Τίς
1637 1083 1788 1136 ἐστιν

205 1173 394 1243 οὗτοςό
421 1177 680 1247 βασιλεὺς
738 1177 839 1246 τῆς
876 1177 1067 1246 δόξηςς
1109 1194 1127 1228 ι
1178 1170 1560 1248 Ἀποκρίνεται
1593 1174 1674 1236 δὲ,
1701 1173 1784 1227 ὅτι

216 1270 352 1341 Ἐγὼ
380 1269 728 1341 διαλέγομαι
765 1264 1185 1335 δικαιοσύνην,
1239 1267 1273 1338 ἦ
1317 1268 1380 1320 τὸ
1433 1253 1788 1334 εὐαγγελικδν

206 1363 476 1430 κήρυγμα,
509 1358 566 1429 ἢ,
620 1357 703 1411 δτι
729 1355 864 1411 Θεοῦ
897 1353 1005 1422 πᾶς
1025 1356 1181 1427 λόγος
1205 1346 1456 1424 δίκαιος.
1483 1354 1698 1425 Ιῷίσιν
1722 1352 1782 1410 δὲ

207 1452 516 1520 σωτηρίου,
571 1450 635 1503 τὸ
693 1449 780 1520 ἐφ’
819 1439 950 1521 ἡμῖν
979 1449 1238 1521 ὀνομάζει
1273 1451 1471 1521 κρῖμα.
1521 1447 1786 1501 Δεδίκακε

207 1543 306 1615 γὰρ
323 1545 386 1614 τῇ
408 1537 792 1616 ἀνθρωπὸτητι
823 1544 916 1596 καὶ
941 1541 1020 1614 τῷ
1047 1541 1251 1614 ταύτην
1301 1543 1648 1612 ἀπατήσαντι
1681 1539 1789 1593 Σα-

205 1641 349 1712 τανᾷ.
389 1626 587 1708 Ἔλεγε
635 1641 772 1712 γὰρ’
830 1659 848 1692 ι
898 1639 1012 1693 Νῦν
1041 1627 1224 1711 κρίσις
1273 1638 1390 1691 ἐστὶ
1439 1635 1534 1690 τοῦ
1582 1637 1788 1711 κόσμου

206 1731 402 1786 τούτου.
440 1730 607 1809 Νῦνὸ
633 1733 818 1804 ἄρχων
843 1733 939 1785 τοῦ
987 1731 1197 1802 κόσμου
1239 1729 1568 1802 ἐκϐέϐληται
1597 1729 1724 1796 ἔξω.
1763 1746 1783 1780 ι

207 1824 430 1896 Δευτέρα
481 1824 646 1877 πάλιν
695 1823 986 1896 ἐρώτησις,
1023 1827 1081 1879 ἐν
1186 1824 1437 1894 μέμνησο
1469 1822 1564 1876 τοῦ
1597 1839 1792 1893 πατρι-

1890 621 2014 674 licat
2045 637 2174 676 vero
2210 619 2406 684 Edam,
2438 619 2486 673 si
2518 617 2926 687 interpreteris,
2957 615 3100 670 idem
3133 618 3294 684 plane
3327 617 3472 686 quod

1889 707 2062 777 fulvus
2104 719 2199 762 aut
2251 721 2512 762 terrenus.
2561 705 2736 761 Bosor
2771 714 2980 770 autem,
3026 713 3286 777 tanquam
3325 725 3474 772 raro,

1887 799 1972 854 vel
2003 817 2225 854 carneus
2260 801 2435 856 dicas.
2488 797 2672 854 innuit
2719 799 2888 869 igitur
2933 807 3285 853 cruentatum
3329 815 3474 864 esse,

1890 899 2148 962 tanquam
2191 908 2221 946 a
2269 909 2450 957 carne,
2491 893 2575 948 vel
2615 892 2893 962 sanguine.
2936 889 3221 963 Tanquam
3278 893 3479 950 deinde

1891 981 2061 1039 Deum
2090 1001 2214 1041 esse
2247 993 2638 1056 agnoscerent,
2666 983 3020 1055 quantumvis
3046 995 3267 1039 carnem
3296 997 3479 1056 gesta-

1889 1084 1994 1142 ret,
2024 1071 2344 1130 Formosum
2378 1076 2432 1130 in
2466 1074 2603 1130 stola
2629 1093 2748 1141 sua,
2779 1079 2829 1129 et
2863 1076 3078 1146 fortem,
3111 1077 3257 1148 Quod
3284 1077 3480 1132 violen;

1892 1171 1982 1224 tiw
2009 1171 2232 1224 nomine
2263 1170 2618 1241 signiﬁcavit,
2643 1186 2768 1227 esse
2801 1179 3098 1225 testantur.
3131 1171 3319 1242 Neque
3348 1169 3480 1228 vero

1890 1261 1982 1319 isti
2029 1261 2306 1318 dissimile
2352 1261 2539 1331 fuerit,
2567 1263 2714 1334 quod
2765 1264 2980 1335 psalmo
3022 1265 3188 1320 tertio
3231 1276 3284 1322 et
3329 1267 3479 1323 vice-

1891 1355 2032 1412 simo
2063 1354 2319 1426 legimus,
2360 1355 2450 1411 ubi
2480 1373 2494 1410 :
2531 1373 2550 1408 ι
2589 1354 2724 1422 Quis
2758 1364 2843 1412 est
2870 1356 2975 1412 iste
3009 1373 3102 1412 rex
3136 1357 3322 1427 gloria:
3348 1359 3413 1424 ⁷⁸,
3455 1359 3474 1412 i

1891 1448 2063 1519 quaeri
2125 1448 2614 1519 deprehendimus.
2676 1449 2990 1520 Respondet
3063 1460 3245 1505 autem
3299 1467 3315 1506 :
3366 1449 3481 1524 Ego

1893 1540 2080 1610 loquor
2110 1537 2408 1611 justitiam.
2443 1539 2565 1608 Quo
2610 1542 2778 1597 verbo
2815 1542 2897 1597 vel
2938 1542 3308 1613 evangelicam
3350 1559 3481 1614 pro-

1893 1633 2292 1704 mulgationem
2347 1633 2564 1700 innuit,
2621 1634 2706 1688 vel
2754 1619 2850 1688 Dei
2903 1642 3214 1690 sermonem
3263 1650 3480 1690 omnem

1885 1725 2095 1795 justum
2137 1741 2263 1782 esse
2302 1721 2724 1782 demonstravit.
2771 1719 2928 1793 Quod
2981 1727 3182 1782 deinde
3218 1727 3482 1798 judicium

1895 1804 2057 1890 722
2115 1812 2378 1874 salutaris
2430 1817 2675 1882 addidit,
2731 1818 2868 1874 illud
2933 1819 3136 1891 ipsum,
3188 1822 3332 1892 quod
3383 1840 3484 1893 pro

207 1894 371 1985 ἀρχου-
411 1903 608 1996 ’Ῐακιῖυϐ
633 1894 882 1998 λέγοντος
904 1933 918 1946 ·
951 1935 968 1966 ο
1001 1894 1201 1972 Πλυνεῖ
1229 1917 1285 1968 ἐν
1312 1916 1440 1985 οϊνῳ
1468 1915 1568 1985 τὴν
1593 1912 1788 1984 στολὴν

1897 1913 2053 1968 nobis
2086 1920 2209 1977 est,
2263 1908 2550 1967 intellexit.
2608 1894 2782 1966 Liteui
2831 1912 2978 1967 enim
3039 1913 3186 1968 inter
3230 1916 3484 1975 homines

208 2002 382 2071 αὑτοῦ,
406 2009 501 2061 καὶ
518 1991 578 2062 ἐν
601 1991 799 2078 αῖματι
824 2009 1100 2081 σταφυλῆς
1121 2010 1220 2081 τὴν
1243 2025 1309 2062 πε
1319 2008 1538 2080 ριδολὴν
1559 2004 1747 2062 αὐτοῦ.
1763 2024 1783 2058 ι

1898 2013 1955 2062 et
1990 2003 2276 2071 Satanam,
2306 2019 2338 2060 a
2369 2007 2479 2076 quo
2509 2003 2686 2059 delusi
2735 2004 2975 2071 fuerant,
3004 2002 3291 2074 judicavit.
3327 2005 3485 2063 Dtccé

207 2093 293 2156 bat
320 2093 463 2155 enim
501 2120 516 2156 :
561 2121 580 2154 c
618 2099 774 2156 Nunc
810 2101 1085 2168 judicium
1129 2111 1215 2158 est
1247 2102 1416 2171 hujus
1447 2101 1672 2168 mundi;
1711 2115 1861 2156 nunc
1897 2100 2153 2171 princeps
2185 2095 2377 2155 mundi
2408 2098 2660 2169 ejicietur
2691 2097 2841 2156 foras
2869 2100 2936 2156 ⁷⁷.
2968 2120 2987 2153 ι
3024 2101 3284 2172 Sequitur
3312 2103 3485 2160 altera

209 2203 389 2249 rursus
428 2195 814 2266 interrogatio,
847 2196 902 2250 in
933 2211 1040 2267 qua
1090 2203 1145 2252 te
1188 2180 1380 2251 Jacobi
1435 2196 1766 2266 patriarcha:
1799 2197 1962 2253 velim
2013 2195 2333 2252 meminisse
2359 2193 2596 2251 dicentis
2635 2213 2649 2250 :
2686 2208 2706 2246 ι
2744 2193 2973 2251 Lavabit
3005 2197 3060 2250 in
3116 2196 3238 2252 vino
3277 2199 3478 2252 stolam

201 2283 351 2344 suam
385 2299 437 2343 et
472 2288 525 2341 in
555 2289 825 2358 sanguine
855 2304 973 2342 uvaa
1004 2289 1394 2345 vestimentum
1431 2305 1592 2345 suum
1623 2287 1690 2344 ⁷⁸.
1727 2309 1746 2342 ι

270 2375 399 2433 Εῐτά
420 2395 558 2449 φησι
585 2394 597 2407 ο
630 2378 738 2433 Καὶ
769 2377 888 2432 τῶν
915 2377 1109 2434 ἐθνῶν
1135 2381 1247 2434 οὐκ
1273 2379 1447 2433 ἐστιν
1474 2379 1632 2447 ἀνὴρ
1653 2381 1786 2449 μετ’

209 2473 362 2542 ἐμοῦ.
406 2474 473 2525 Ὃ
505 2471 810 2526 συναπτέον
836 2471 916 2544 τῷ
939 2485 956 2502 ο
991 2471 1136 2542 Ἐγὼ
1167 2470 1518 2542 διαλέγομαι
1568 2471 1794 2526 δικαιο·

209 2558 396 2632 σύνην
419 2557 519 2618 καὶ
545 2561 752 2633 κρίσιν
789 2563 1112 2632 σωτηρίου.
1146 2551 1358 2630 Οὐδεὶς
1385 2565 1490 2637 γάρ
1515 2582 1618 2635 μοι
1644 2582 1792 2637 παρ-

211 2657 353 2735 έστη,
389 2657 582 2727 φησὶν,
615 2655 648 2727 ἢ
686 2655 992 2727 συνήλγησε
1032 2641 1317 2728 πάσχοντι.
1367 2657 1456 2723 Ὠς
1487 2658 1596 2730 γάρ
1629 2676 1794 2729 φησιν

211 2751 235 2802 ὁ
265 2749 660 2820 εὐαγγελιστής
680 2766 694 2781 ο
727 2750 862 2804 Τότε
896 2746 1099 2815 πάντες
1131 2751 1364 2820 ἀφέντες
1401 2751 1564 2806 αὑτὸν
1591 2754 1642 2806 οἱ
1694 2769 1798 2824 μα·-

213 2841 361 2914 θηταὶ
393 2843 616 2912 ἔφυγον.
655 2845 721 2897 '0
757 2845 850 2898 καὶ
882 2843 1182 2916 προῦλεγεν
1225 2846 1253 2898 ὁ
1289 2845 1528 2916 Χριστός
1550 2860 1565 2874 °
1596 2846 1798 2917 Ἔρχε-

211 2933 292 2986 ται
313 2932 448 3004 ὥρα,
485 2933 586 2986 καὶ
617 2932 898 3003 ἐλήλυθεν,
927 2933 1016 2986 ἵνα
1052 2933 1281 2998 ἕκαστος
1315 2934 1686 3006 σκορπισθῆτε
1717 2937 1799 2999 είς

212 3021 275 3078 τὰ
295 3024 418 3091 ἴδια,
450 3024 601 3096 κάμὲ
633 3024 794 3095 μόνον
815 3024 1015 3096 ἀφῆτε.
1063 3025 1175 3078 Καὶ
1213 3028 1270 3080 ἐν
1299 3025 1553 3098 ὶΡαλμοῖς
1586 3027 1644 3080 δέ
1689 3044 1797 3098 φη-

216 3135 320 3172 σιν·
358 3138 377 3172 ι
436 3118 776 3190 Ὀνειδισμὸν
815 3116 1217 3190 προσεδόκησεν
1264 3120 1299 3189 ἡ
1339 3118 1487 3192 ψυχή
1544 3121 1668 3192 μου,
1701 3119 1796 3173 καὶ

213 3210 604 3283 ταλαιπωρίαν,
632 3213 726 3266 καὶ
765 3210 1038 3289 ὑπέμεινα
1082 3211 1544 3282 συλλυπούμενον,
1576 3214 1671 3267 καὶ
1695 3213 1794 3285 οὐχ

1962 2376 2146 2449 Pergit
2171 2394 2302 2433 vero
2334 2378 2418 2434 his
2443 2378 2623 2434 verbis
2650 2396 2663 2433 :
2696 2361 2767 2433 Et
2793 2375 2857 2433 de
2888 2379 3133 2450 gentibus
3165 2396 3269 2434 non
3297 2391 3377 2435 est
3411 2385 3488 2436 vir

1894 2487 2095 2524 mecum
2125 2485 2143 2524 :
2175 2480 2370 2546 estque
2435 2470 2534 2536 illi,
2582 2470 2725 2540 quod
2783 2471 2948 2540 paulo
3001 2480 3131 2524 ante
3176 2476 3486 2542 usurpavit,

1894 2578 2018 2617 cum
2049 2563 2258 2618 diceret
2285 2583 2298 2618 :
2328 2561 2440 2634 Ego
2471 2564 2657 2634 loquor
2673 2563 2948 2633 justitiam
2975 2574 3024 2618 et
3047 2564 3313 2634 judicium
3336 2567 3486 2620 salu-

1899 2657 2055 2719 taris,
2091 2657 2592 2728 conjungendum:
2636 2667 2901 2728 tanquam
2954 2657 3159 2711 nuit'um
3209 2657 3310 2710 sibi
3361 2661 3486 2713 eum

1897 2759 2202 2821 pateretur,
2251 2751 2526 2816 adtuisse,
2585 2750 2669 2804 vel
2722 2750 3076 2807 condoluisse
3128 2752 3484 2822 signiﬁcaret.

1899 2843 2037 2898 Tum
2071 2844 2218 2898 enim
2243 2842 2548 2912 discipulos
2568 2857 2784 2910 onmes,
2818 2851 2879 2897 ut
2911 2851 2993 2899 est
3027 2843 3172 2913 apud
3208 2826 3488 2914 Evangelii

1897 2938 2252 3007 scriptorem,
2283 2951 2350 2992 eo
2380 2937 2575 2992 relicto
2608 2935 2820 3008 fugisse
2851 2956 2865 2991 :
2895 2936 3043 3008 quod
3077 2930 3131 2990 ei.
3163 2937 3280 3008 ipse
3325 2947 3488 2996 antea

1901 3039 2190 3085 monuerat
2221 3029 2499 3094 Christus,
2527 3045 2651 3084 eum
2687 3028 2881 3083 horam
2921 3029 3241 3094 adventare,
3288 3029 3398 3085 imo
3435 3041 3491 3085 ei

1901 3123 2181 3193 aPPU'iSSB
2224 3121 2358 3188 iam,
2412 3121 2621 3176 diceret
2665 3109 2736 3188 ⁷⁷,
2771 3136 2878 3192 qua
2924 3121 3127 3192 singuli
3167 3121 3234 3176 ad
3275 3138 3374 3176 sua
3405 3121 3491 3176 di-’

1900 3213 2078 3282 spersi
2111 3211 2352 3275 abirent,
2379 3227 2548 3281 seque
2579 3211 2760 3267 solum
2800 3209 3194 3282 relinquerent.
3226 3210 3318 3266 Sic
3354 3227 3491 3281 pra:-

215 3291 416 3376 ὗπῆρχε
436 3321 448 3335 °
477 3295 579 3358 xci.
599 3303 1160 3376 παρακαλοῦντα,καὶ
1180 3304 1279 3375 οὐχ
1309 3299 1488 3375 εὗρον.
1522 3323 1541 3356 ι
1574 3305 1790 3377 Καίπερ

217 3397 252 3412 ις
344 3400 355 3412 .
504 3394 529 3412 ιιι
823 3397 833 3410 '
1105 3399 1116 3412 ‘
1212 3397 1222 3412 ‘
1314 3397 1326 3409 ⁸
1430 3401 1455 3412 "
1553 3397 1574 3406 ’
1639 3399 1693 3412 “”
1768 3398 1790 3412 ν

1901 3316 2048 3362 terea
2081 3306 2314 3377 legimus
2345 3309 2400 3360 in
2431 3305 2666 3361 Psalmis
2692 3325 2704 3360 :
2741 3325 2760 3358 ι
2787 3291 3182 3376 itnproperium
3203 3315 3490 3376 exspecta-

213 3397 262 3450 δὲ
279 3400 462 3468 μόνος
487 3394 576 3450 ὢν
609 3397 999 3466 κατεπάτησα
1050 3397 1272 3464 αὐτοὺς
1302 3397 1390 3471 ἐν.
1421 3397 1604 3468 θυμῷ.
1638 3398 1793 3454 Μετὰ

215 3485 311 3556 γὰρ
335 3485 433 3557 τὴν
475 3485 749 3556 ἀνάληψιν
778 3487 872 3540 τοῦ
927 3487 1158 3556 Κυρίου,
1197 3489 1304 3542 πᾶν
1342 3483 1482 3552 εἶδος
1505 3491 1794 3561 συμφορᾶς

225 3571 492 3644 Ἰουδαίοις
527 3581 865 3652 ἀπήντηκεν.
908 3579 1049 3635 Ἀλλ’
1095 3583 1122 3635 ὁ
1148 3581 1247 3651 τῆς
1281 3582 1506 3636 ἐκείνων
1535 3583 1795 3638 ἀνταπο-

213 3670 425 3740 δόσεως
455 3673 673 3745 καιρὸς,
696 3672 1019 3744 λυτρώσεως
1063 3669 1132 3746 ἦν
1157 3676 1272 3738 τοῖς
1307 3674 1646 3742 ἐπεγνωκόσι
1695 3675 1794 3748 τὴν

215 3765 530 3834 ἐπιφάνειαν
561 3763 748 3818 αὐτοῦ.
784 3765 1005 3836 Καί-περ
1030 3765 1086 3818 δὲ
1110 3765 1372 3835 μηδενὸς
1393 3764 1792 3833 βοηθοῦντος,

214 3845 244 3928 ἧ
271 3857 870 3930 ἀντιλαμϐανομένου
894 3859 941 3931 (ὃ
961 3863 1134 3913 ποιεῖν
1151 3859 1258 3914 ἔδει
1275 3860 1400 3922 τοὺς
1422 3859 1794 3932 Γραμματέας

216 3952 300 4003 καὶ
346 3953 704 4023 Φαρισαίους,
761 3933 812 4006 οῖ
846 3963 873 4002 P
915 3953 977 4006 τὸ
1023 3953 1265 4007 ἐναντίον
1323 3953 1623 4024 ἀνέτρεπον
1666 3954 1792 4018 τοὺς

215 4042 386 4111 λαοὺς)
420 4047 576 4116 ὅμως
601 4045 807 4100 ἔσωσεν
834 4047 1032 4110 αὐτοὺς
1061 4048 1096 4117 ἠ
1132 4046 1240 4117 ὲμὴ
1265 4047 1518 4116 δύναμις.
1547 4047 1795 4100 Πλεῖστοι

215 4133 314 4204 γὰρ
343 4137 674 4190 ἐπίστευσαν
705 4137 764 4204 ἐξ
803 4136 1099 4192 Ἰουδαίων.
1119 4138 1243 4201 Τοῖς
1273 4137 1331 4191 δὲ
1361 4139 1701 4209 ἀπειθήσασι
1725 4137 1795 4192 τὰ

216 4227 304 4298 τῆς
333 4229 516 4300 ὀργῆς
549 4232 834 4302 ἀπήντηκε
885 4231 1088 4286 δίκαια.
1118 4231 1278 4295 Τινὲς
1327 4231 1384 4285 δὲ
1418 4233 1723 4303 συμφώνως
1765 4243 1794 4283 ει

216 4317 472 4388 εἰπόντες,
497 4322 573 4386 ὡς
606 4322 902 4394 πληρωτὴς
941 4323 1232 4392 γενόμενος
1257 4323 1365 4377 τῶν
1393 4324 1678 4395 πατρικῶν
1705 4327 1793 4378 ἐν-

217 4411 392 4479 τολῶν,
424 4416 524 4469 καὶ
547 4417 806 4488 χωρήσας
837 4418 918 4479 εἰς
946 4417 1038 4469 τὸν
1069 4417 1210 4487 ὑπὲρ
1235 4416 1392 4487 ἡμῶν
1419 4417 1668 4484 θάνατον,
1699 4420 1794 4472 καὶ

217 4505 487 4574 πατήσας
515 4507 753 4573 τοῦτον,
803 4509 884 4572 ὡς
915 4507 985 4561 ἐν
1010 4505 1200 4576 ληνῷ,
1237 4511 1332 4561 καὶ
1346 4509 1692 4578 μολυνθεὶς,
1718 4509 1794 4574 ὡς

216 4596 315 4650 ἀπὸ
329 4599 598 4667 πατητοῦ
623 4599 834 4670 καρπὸς
859 4600 1040 4664 αὐτοῖς
1065 4599 1376 4670 γενόμενος,
1415 4601 1607 4654 ἑαυτὸν
1629 4618 1795 4672 προσο

1897 3401 1974 3454 vit
2006 3399 2190 3454 anima
2223 3415 2366 3464 mea,
2399 3409 2452 3455 et
2485 3398 2789 3456 miseriam.
2838 3397 3167 3468 Exspectavi
3213 3400 3306 3469 qui
3355 3416 3490 3455 cono

1897 3493 2126 3558 doleret,
2157 3503 2213 3549 et
2261 3509 2371 3548 non
2419 3493 2555 3560 fuit;
2598 3501 2653 3548 et
2693 3494 2786 3564 qui
2829 3493 3240 3559 consolaretur,
3291 3504 3490 3550 etnon

1902 3585 2086 3639 inveni
2115 3585 2183 3640 3°.
2223 3605 2241 3638 ι
2285 3581 2355 3639 At
2386 3600 2516 3639 vero
2561 3586 2921 3654 quantumvis
2967 3601 3062 3654 ego
3109 3587 3256 3640 solus
3301 3603 3487 3649 essem,

1897 3676 2204 3730 conculcari
2257 3683 2440 3729 tamen
2480 3692 2566 3729 eos
2614 3677 2669 3729 in
2715 3674 2916 3744 furore.
2966 3675 3045 3730 Ex
3087 3691 3197 3746 quo
3247 3677 3396 3732 enim
3435 3677 3491 3730 iit

1897 3771 2070 3824 t-mlos
2111 3768 2358 3823 ascendit
2405 3767 2695 3848 Dominus,
2728 3768 2943 3822 nullum
2978 3785 3084 3822 non
3125 3785 3300 3840 genus
3336 3771 3492 3824 calao

1897 3862 2107 3918 mitatis
2155 3861 2395 3932 experiri
2431 3859 2654 3916 Judanos
2703 3862 2959 3932 contigit.
3002 3862 3109 3918 Sed
3143 3862 3322 3918 fuerat
3365 3863 3488 3919 illo-

1899 3971 2016 4009 rum
2049 3954 2416 4009 retributionis
2461 3960 2682 4024 tempus
2727 3954 2895 4018 idem,
2928 3954 3021 4024 qui
3056 3964 3112 4010 et
3160 3956 3494 4026 redemptio-o'

1899 4050 2016 4113 nis,
2067 4049 2114 4104 si
2162 4049 2284 4118 ejus
2331 4048 2628 4102 adventum
2679 4047 3096 4118 cognovissent.
3135 4047 3250 4104 Etsi
3287 4061 3491 4115 autem,-

1900 4141 2098 4212 inquit,
2117 4140 2293 4194 nullus
2317 4149 2472 4203 esset,
2495 4140 2584 4208 qui
2608 4139 2693 4194 vel
2717 4139 3088 4193 consolaretur
3103 4139 3187 4193 vel
3214 4139 3491 4209 adjuvaret

1900 4234 2068 4304 (quod
2112 4232 2335 4288 Seribas
2387 4241 2441 4286 et
2475 4229 2788 4286 Pharismos
2826 4228 3010 4284 facere
3053 4231 3319 4300 oportuit,
3351 4246 3492 4300 quos

1899 4327 2164 4396 populum
2212 4327 2266 4378 in
2302 4322 2646 4378 contrarium
2695 4331 2946 4377 avertere
3000 4321 3335 4390 constabat),
3389 4323 3493 4386 sal-

1897 4418 2044 4472 vavit
2077 4427 2260 4471 tamen
2308 4433 2404 4472 eos
2448 4415 2627 4470 virtus
2660 4429 2801 4469 mea.
2836 4412 2976 4468 Sunt
3007 4413 3152 4468 enim
3180 4411 3342 4467 fidem
3373 4428 3492 4467 am-

1898 4510 2042 4580 plexi
2072 4506 2246 4563 Judaei
2295 4508 2550 4578 permulti
2587 4525 2600 4560 :
2635 4507 2818 4562 caueri
2863 4515 3073 4568 autem,
3102 4505 3197 4575 qui
3238 4504 3490 4560 eamdem

1902 4610 2252 4664 recusarunt,
2301 4602 2386 4653 ira
2426 4599 2574 4670 justa
2603 4598 2836 4667 accepti,
2883 4604 2936 4652 et
2984 4596 3222 4650 multati.
3273 4593 3491 4650 Conve—

217 4690 411 4760 ήγαγεν
450 4693 592 4764 ὑπὲρ
625 4693 786 4764 ἡμῶν
818 4691 896 4764 τῷ
935 4693 1142 4764 Πατέρι
1203 4692 1513 4764 δυσώπημα
1556 4695 1652 4747 καὶ
1708 4693 1790 4748 λυμ

1905 4697 2065 4751 niunt
2116 4710 2246 4750 vero
2304 4694 2594 4758 nonnulli,
2649 4705 2775 4747 cum
2824 4706 2952 4746 eum
2998 4689 3183 4745 Patris
3232 4687 3492 4743 mandato

217 4783 352 4853 τρὸν,
381 4784 568 4838 ἄνοδον
598 4786 680 4847 τίς
709 4785 972 4855 οὐρανοὺς
1004 4784 1208 4850 διδοὺς,
1235 4784 1330 4848 οὓς
1361 4785 1470 4839 ἔδει
1516 4787 1669 4840 κάτω
1699 4788 1794 4858 μὲ-

218 4891 319 4927 νειν
346 4877 408 4929 ἐκ
426 4877 528 4947 τῆς
556 4878 910 4947 ἀποφάσεως,
944 4877 1036 4930 καὶ
1072 4877 1313 4947 συνάψας
1354 4881 1468 4942 τοῖς
1507 4879 1621 4934 ἄνω
1667 4883 1793 4946 τοὺς

219 4966 376 5021 κάτω.
418 4968 696 5038 Ἀγγέλων
723 4969 781 5023 δὲ
802 4969 1154 5040 ἀπορούντων
1179 4971 1416 5032 ἀκούων.
1451 4971 1526 5041 μὴ
1565 4973 1789 5037 ἐκείνοις

219 5056 426 5124 ἄγνοιαν
458 5058 742 5131 προσάψῃς
773 5058 993 5130 (ᾔδεσαν
1018 5059 1127 5130 γὰρ
1153 5060 1221 5112 τὰ
1264 5059 1369 5112 ὑπὸ
1401 5058 1496 5112 τοῦ
1537 5059 1793 5132 Σωτῆρος

219 5149 658 5222 οἰκονομούμενα,
689 5152 782 5221 ἀφ’
826 5147 885 5206 οῦ
917 5152 1014 5205 καὶ⁹
1065 5152 1459 5222 σεσάρκωται),
1494 5154 1609 5206 ἀλλ’
1657 5153 1792 5224 ἡγοῦ

219 5240 555 5298 διδασκαλίαν
576 5245 638 5298 τὸ
676 5245 931 5316 πρᾶγμα,
981 5245 1065 5298 ὅτι
1113 5246 1205 5298 καὶ
1243 5245 1460 5314 ἄγγελοι
1509 5246 1793 5318 χαίρουσιν

220 5333 303 5388 ἐπὶ
324 5339 387 5408 τῇ
406 5337 516 5391 τῶν
535 5336 719 5410 ἀνθρώ
729 5356 844 5392 πων
871 5338 1139 5412 σωτηρίᾳ,
1164 5339 1260 5392 καὶ
1279 5339 1469 5391 τοῦτον
1492 5340 1792 5410 ἀνυμνοῦσι

221 5425 602 5499 θαυμάζοντες,
627 5430 748 5496 πῶς
775 5430 868 5484 τὸν
895 5432 1028 5502 ἡμῖν
1058 5431 1413 5501 ὀφειλόμενον
1443 5432 1664 5499 ἐδέξατο
1689 5433 1785 5488 θά-

220 5535 385 5577 νατον.
413 5519 545 5576 Οὐδὲ
569 5521 681 5595 γὰρ
702 5522 768 5578 ἂν
797 5522 975 5587 εἴποις
997 5523 1213 5592 ἀγνοεῖν
1239 5525 1367 5588 τοὺς
1401 5523 1689 5594 ἀγγέλους,
1711 5525 1786 5589 ὡς

311 5677 355 5715 ⁷⁸
383 5681 524 5741 Psal.
563 5700 718 5751 mn,
751 5684 806 5741 8.
911 5684 955 5716 ⁷⁷
985 5680 1147 5740 Joan.
1196 5700 1298 5752 xu,
1339 5685 1428 5742 5|.

1540 5684 1587 5716 ⁷⁸
1623 5681 1762 5739 Gen.
1805 5700 1953 5749 sets,
1994 5685 2086 5740 Η.

1899 4790 2175 4860 paruisse,
2209 4804 2334 4843 eum
2379 4795 2612 4840 mortem
2659 4801 2756 4854 pro
2785 4783 2946 4838 nobis
2976 4783 3308 4852 amplexum,
3339 4797 3491 4837 cam-

1896 4883 2041 4947 dem,
2087 4892 2345 4951 tanquam
2399 4881 2454 4934 in
2500 4876 2781 4942 torculari,
2817 4877 3197 4940 conculcasse;
3243 4891 3367 4928 cum
3402 4876 3489 4926 in—

1894 4979 2196 5047 quinatum,
2244 4983 2506 5043 tanquam
2569 4972 2711 5027 solet
2763 4970 3063 5025 calcatioue
3121 4968 3358 5032 fructus,
3403 4983 3490 5022 se-

1899 5069 2082 5140 ipsutn
2115 5067 2264 5122 Patri
2308 5083 2406 5138 pro
2440 5065 2597 5121 nobis
2627 5066 2991 5135 placationem
3025 5061 3492 5132 redemptionem;

1896 5179 2004 5234 que
2038 5162 2366 5231 praebuisse;
2397 5176 2521 5215 cum
2574 5159 2740 5214 etiam
2791 5157 3028 5214 reditum
3059 5155 3112 5210 in
3143 5154 3342 5209 coelum
3379 5153 3492 5208 illis

1896 5255 2266 5316 concessisse,
2307 5266 2449 5322 quos
2487 5249 2749 5304 deorsum
2797 5246 3047 5318 oportuit
3091 5258 3314 5298 manere
3355 5251 3491 5296 con:

1895 5347 2208 5410 demuatos,
2235 5359 2360 5399 eum
2391 5341 2600 5397 inferos
2631 5340 2866 5411 denique
2886 5335 3104 5407 superis
3130 5335 3491 5404 eonjunxisse’

1895 5435 2172 5490 dixerunt.
2211 5431 2330 5488 Jam
2360 5448 2491 5488 vero
2516 5447 2642 5486 cum
2673 5428 2896 5500 angelos
2931 5426 3270 5494 interrogare
3301 5424 3483 5482 audis.

1898 5543 1966 5582 ne
1990 5526 2126 5598 ipsis
2152 5526 2315 5597 723
2351 5523 2751 5597 ignorationem
2784 5519 3059 5575 attribuas
3091 5519 3312 5589 (norant
3342 5516 3491 5570 cuiut

2195 5687 2240 5720 ⁷³
2277 5684 2471 5740 Matth.
2509 5699 2660 5749 xxvi,
2694 5680 2784 5736 ⁸51.
2901 5680 2946 5711 ⁸ο
2979 5653 3134 5736 Psal:
3169 5689 3359 5745 vam,
3394 5667 3495 5731 9!:

1485 5787 1712 5859 \‘AltlAi
1771 5801 2174 5859 LECTIONES.

287 5898 311 5945 Ρ
339 5899 394 5953 ιι.
429 5899 524 5963 εἰς.
601 5909 627 5948 ιι
659 5915 746 5966 πη.
773 5891 1148 5968 συμφωνοῦσι.
