4046 6386
551 321 686 385 2071

1875 319 2193 380 PROCOPI
2204 319 2230 378 Ι
2271 318 2514 379 GAZ/EI

3664 319 3803 384 2672

549 449 671 502 qua!
705 450 732 485 a
765 430 1046 484 Salvatore
1088 430 1298 495 ﬁerent,
1325 445 1389 485 cx
1417 446 1525 500 quo
1552 445 1771 486 carnem
1802 448 2118 503 assumpse-

2228 433 2344 485 οὐδὲ
2373 432 2693 501 ὁπλοφορεῖν
2719 471 2733 494 ,
2769 429 2816 482 εί
2863 448 2956 483 και
3001 431 3172 494 οὕτως
3227 431 3504 501 ἐφάνησαν
3541 430 3622 502 τῷ
3655 432 3799 497 Γιέξι

551 528 688 597 rat),
721 526 812 580 sed
846 542 908 579 ea
946 541 1002 578 re
1033 525 1213 579 doceri
1251 538 1348 578 nos
1379 524 1657 590 existima,
1694 525 1917 595 angelos
1956 526 2117 579 etiam

507 681 511 686 ,
553 622 838 676 hominum
870 619 1047 673 salute
1078 616 1359 678 delectari,
1390 632 1626 684 eumque
1656 617 1834 686 ipsum
1870 617 2122 671 laudibus

552 713 764 768 allicere
795 721 846 766 et
874 709 1084 773 mirari,
1113 708 1204 777 qui
1252 716 1484 761 mortem
1527 707 1686 762 nobis
1721 709 1846 777 jure
1881 709 2122 762 debitam

549 806 874 869 exsolvere,
924 802 1149 873 patique
1206 800 1460 855 voluerit.
1517 799 1704 870 Neque
1761 801 1907 856 enim
1971 801 2124 855 dicas

549 899 800 968 ignorare
857 898 1127 964 angelos:
1173 902 1232 947 ut
1283 908 1385 948 nec
1441 908 1592 946 arma
1649 892 1828 956 ferre,
1880 893 2003 947 licet
2049 895 2120 947 ita

547 988 696 1044 Giesi
741 986 843 1042 visi
893 993 1021 1040 sunt
1047 982 1118 1052 εί,
1152 999 1276 1039 cum
1306 983 1576 1053 dejectum
1606 984 1849 1038 timentis
1881 984 2122 1038 animum

545 1081 838 1148 erigerent.
870 1076 974 1143 Qui
1009 1077 1175 1146 igitur
1211 1077 1314 1131 ista
1346 1071 1626 1140 dixerunt,
1663 1076 1827 1130 etiam
1862 1079 1930 1129 ad
1962 1077 2125 1131 histo-

547 1174 683 1225 riam
714 1169 1040 1232 retulerunt,
1075 1184 1198 1223 cum
1243 1168 1336 1239 qui
1376 1168 1482 1223 illis
1523 1177 1682 1223 antea
1716 1168 1808 1222 Dei
1840 1184 1996 1236 Opem
2038 1169 2126 1222 ad-

546 1277 741 1318 versus
776 1261 1016 1317 hostium
1059 1260 1290 1316 insidias
1316 1260 1718 1326 denuntiasset,
1745 1261 2124 1317 dubitantibus

545 1356 796 1425 quisnam
827 1361 997 1418 esset,
1022 1356 1118 1424 qui
1142 1363 1367 1418 erueret,
1393 1369 1515 1408 eum
1541 1355 1874 1422 respondere
1897 1353 2126 1407 allii-ma-

545 1455 691 1508 runt,
733 1444 826 1515 qui
871 1442 1148 1498 Edomitas
1189 1443 1346 1497 vobis
1390 1445 1754 1509 insurgentes,
1794 1457 1918 1496 cum
1961 1442 2126 1498 hosti-

545 1537 644 1589 bus
687 1533 905 1597 vestris,
937 1543 991 1586 et
1042 1531 1112 1585 iis
1157 1531 1344 1595 etiam,
1380 1545 1408 1583 a
1443 1530 1646 1600 quibus
1689 1529 1980 1599 effugiendi
2026 1530 2125 1582 viae

544 1625 956 1687 obsiderentur,
987 1624 1061 1678 ita
1086 1624 1371 1679 delcturus
1402 1624 1495 1687 sit,
1523 1630 1582 1677 ut
1611 1623 1831 1678 illorum
1862 1623 2120 1693 sanguine

542 1719 814 1786 inquinari
848 1717 1114 1771 videatur.
1141 1715 1398 1786 lntelligit
1423 1724 1603 1772 autem
1635 1731 1731 1785 per
1762 1714 1951 1779 Edoni,
1979 1715 2120 1772 Esau

2223 523 2321 594 τὴν
2353 522 2555 576 δειλίαν
2586 521 2750 574 αὑτοῦ
2771 521 3166 593 διορθούμενοι.
3200 521 3385 575 Ταῦτα
3409 526 3590 576 τοίνυν
3619 526 3800 577 είπόνο

2222 632 2334 678 τες,
2373 615 2466 667 καὶ
2501 614 2623 667 καθ’
2655 614 2896 685 ἱστορίαν
2925 613 3204 681 ἐξέλαϐον,
3241 614 3492 684 λέγοντες
3517 631 3533 645 ’
3574 617 3652 681 ὼς
3674 635 3803 690 προ-

2224 708 2589 778 αναφωνήσας
2619 707 2800 770 αὐτοῖς
2829 707 2922 760 τοῦ
2953 706 3090 760 Θεοῦ
3116 708 3214 778 τὴν
3236 708 3523 778 ἀντίληψιν
3548 712 3687 780 πρὸς
3709 715 3806 780 τὴν

2221 799 2331 851 τῶν
2361 799 2625 851 ἐπιόντων
2662 799 2977 869 ἐπιϐουλὴν,
3007 800 3416 871 ἀμφισϐητοῦσι
3444 800 3530 863 τίς
3555 805 3587 854 ό
3612 803 3806 868 ῥυσό-

2218 907 2423 960 μενος,
2455 889 2654 960 φησίντ
2707 891 2764 944 Ὀ
2795 891 2921 954 τοὺς
2953 890 3022 955 ἐξ
3056 891 3240 960 Ἐδὼμ
3279 894 3406 957 τοὺς
3445 892 3806 961 ἐπιθεμένους

2227 983 2364 1054 μετὰ
2388 982 2498 1036 τῶν
2525 982 2734 1061 ἐχθρῶν
2783 982 2936 1052 ὑμῶν
2977 984 3129 1052 ὑμῖν,
3169 984 3262 1037 καὶ
3312 985 3412 1047 τὰς
3467 986 3568 1055 τῆς
3626 987 3806 1056 φυγῆς

2222 1075 2546 1146 διεκδρομᾶς
2600 1074 3024 1144 ἀποφράξαντας
3078 1075 3282 1140 ἀνελεῖ,
3331 1079 3407 1137 ὡς
3433 1080 3806 1147 μεμολύνθαι

2222 1167 2400 1220 δοκεῖν
2420 1168 2498 1238 τῷ
2521 1166 2743 1220 ἐκείνων
2763 1168 2985 1236 αἵματι.
3029 1168 3214 1238 Ἐδὼμ
3243 1169 3299 1222 δὲ
3321 1170 3466 1237 λέγει
3503 1171 3636 1233 τοὺς
3658 1161 3806 1234 uio-3;

2235 1259 2429 1324 Ἠσαῦ,
2463 1259 2660 1328 Βόσορ
2687 1259 2742 1312 δὲ
2772 1260 2871 1330 τὴν
2897 1259 3130 1331 βόστραν
3165 1271 3208 1315 ι.
3262 1264 3466 1332 Δικαία
3489 1263 3675 1315 τοίνυν
3706 1263 3802 1314 αὺ-

2224 1349 2352 1412 τοῦς
2378 1348 2790 1420 μέτεισιψήφῳ.
2842 1348 2976 1412 Θεὸς
3011 1351 3119 1420 γὰρ
3153 1351 3478 1420 ἀνθρώπους
3511 1353 3593 1415 είς
3625 1353 3805 1424 κρίσιν

2224 1440 2402 1503 καλεῖ,
2436 1439 2497 1491 τὸ
2529 1439 2735 1492 δίκαιον
2756 1440 2854 1510 τῆς
2877 1441 3151 1510 τιμωρίας
3195 1442 3669 1513 ἐπιδεικνύμενος,
3715 1445 3805 1494 καὶ

2222 1528 2298 1592 ὡς
2323 1529 2382 1595 ἐξ
2405 1529 2612 1582 ἑαυτῶν
2643 1530 3031 1599 ὑπομένουσιν.
3059 1532 3232 1594 Αὐτὸς
3257 1534 3367 1602 γὰρ
3394 1533 3554 1604 δίκην
3584 1533 3803 1601 ἐπάγων

2225 1621 2366 1692 ὑπὲρ
2389 1620 2666 1692 σωτηρίας
2693 1625 2858 1681 ποιεῖ.
2882 1623 2914 1692 ἦ
2944 1623 3031 1676 ἵνα
3053 1624 3315 1694 σωθῶμεν
3342 1627 3800 1696 μετανοήσαντες,

2223 1712 2256 1784 ἢ
2289 1714 2680 1784 περιπέσωμεν
2707 1716 3020 1787 κουφοτέρα
3049 1719 3114 1787 τῇ
3140 1719 3319 1788 κρίσει
3360 1718 3454 1770 τοῦ
3497 1718 3802 1788 μέλλοντος.

545 1821 792 1879 posteros
821 1827 836 1862 :
867 1824 962 1879 per
987 1808 1157 1862 Bosor
1182 1823 1331 1870 vero,
1367 1809 1615 1863 ltosram.
1647 1807 1764 1862 Non
1795 1817 1881 1864 est
1910 1809 2116 1877 iniusta

2228 1777 2647 1877 νῩιμκορούμενος
2677 1807 2733 1860 δὲ
2752 1777 2881 1870 τοῦς
2907 1777 2977 1872 eis
3223 1811 3384 1881 ἤρκει
3419 1777 3601 1881 ἑαύτῴ
3650 1777 3783 1880 μηδέ

542 1901 710 1971 igitur
743 1902 916 1969 ipsius
960 1899 1016 1953 in
1050 1899 1174 1954 illos
1209 1899 1427 1954 decreta
1468 1899 1894 1954 animadversio.
1946 1897 2117 1954 Vocat

540 1991 684 2044 enim
741 1989 882 2044 Deus
931 1989 999 2043 ad
1052 1988 1324 2058 judicium
1375 1989 1658 2051 homines,
1713 1998 1772 2043 ut
1825 2004 2114 2060 poenarum

540 2082 850 2151 aequitatem
879 2084 1157 2146 ostendat,
1186 2096 1284 2135 nec
1311 2097 1404 2135 eas
1431 2081 1498 2135 ab
1531 2082 1662 2146 alio,
1691 2097 1855 2152 quam
1885 2083 1953 2138 ab
1981 2083 2114 2152 ipsis

543 2174 840 2243 proﬁcisci.
875 2174 1011 2229 Cum
1045 2174 1188 2228 enim
1223 2174 1531 2240 ulciscitur,
1564 2175 1802 2245 idipsum
1849 2173 1981 2229 facit
2027 2189 2116 2230 sa-

543 2268 676 2321 lutis
707 2271 878 2336 gratia
912 2266 1057 2332 :vel,
1086 2275 1146 2320 ut
1184 2269 1515 2337 pmniteutes
1561 2269 1872 2333 salvemur,
1916 2268 2020 2332 vel,
2057 2278 2116 2321 ut

2223 1899 2312 1962 νὸς
2348 1899 2813 1968 συμμαχοῦντος
2868 1900 3148 1968 δεόμενος.
3205 1905 3374 1971 Λόγῳ
3427 1904 3538 1972 γὰρ
3568 1903 3801 1971 ἀναιρεῖ.

2223 1994 2318 2046 atati.
2340 1994 2525 2047 ἱκανὸν
2551 1995 2716 2048 αὐτοῦ
2747 1994 2906 2063 μόνον
2942 1995 3002 2047 τὸ
3034 1996 3268 2066 θέλημα,
3305 1997 3586 2065 ἐξαλεῖψαι
3623 1997 3681 2049 δὲ
3711 1997 3804 2050 at}-

2221 2086 2348 2148 τοὺς
2391 2084 2714 2154 βουλομένου
2766 2085 2922 2146 Θεοῦ,
2977 2086 3078 2139 ούκ
3105 2082 3172 2157 ἦν
3211 2104 3263 2139 τι
3289 2088 3565 2155 βοηθοῦν
3600 2088 3798 2148 αὐτοῖς.

2223 2177 2336 2230 Οὐκ
2359 2173 2425 2247 ἦν
2451 2177 2560 2246 γὰρ
2592 2179 2650 2231 ὲν
2691 2178 2875 2239 αὐτοῖς
2905 2176 3112 2241 δίκαιος
3150 2179 3470 2250 δυσωπῆσαι
3505 2178 3804 2249 δυνάμενος

2221 2268 2314 2322 τὸν
2339 2269 2493 2323 Θεόν.

556 2361 730 2414 levius
772 2360 1061 2430 judicium,
1107 2375 1270 2430 quam
1314 2362 1458 2430 quod
1503 2361 1748 2416 futurum
1790 2369 1897 2428 est,
1941 2363 2260 2416 subeamus.
2293 2360 2477 2430 Neque
2515 2376 2646 2415 vero
2725 2375 2852 2417 cum
2895 2361 3172 2416 Edomitas
3241 2363 3434 2418 ulcisci
3523 2360 3803 2423 statuerit,

541 2455 869 2526 cujusquam
925 2455 1129 2508 auxilio
1181 2457 1478 2526 indigebit,
1523 2457 1616 2526 qui
1671 2457 1777 2513 sibi
1831 2457 1964 2511 satis
2021 2456 2114 2511 sit.
2154 2455 2324 2512 Necat
2361 2458 2505 2511 enim
2544 2458 2696 2511 verba
2744 2458 2894 2527 ipso,
2947 2458 3217 2528 habetque
3287 2459 3458 2512 solam
3521 2459 3592 2512 ad
3624 2463 3806 2513 omn'a

545 2553 797 2604 idoneam
838 2557 892 2604 et
962 2548 1322 2604 sufﬁcientem
1373 2551 1733 2604 voluntatem.
1779 2547 1914 2605 Cum
1969 2559 2150 2603 autem
2225 2548 2410 2603 delere
2457 2549 2608 2617 ipsos
2658 2548 2802 2603 Deus
2854 2549 3163 2614 statuisset,
3207 2550 3340 2603 nihil
3383 2565 3622 2620 prorsus
3667 2560 3806 2609 erat,

543 2643 679 2715 quod
711 2642 1086 2697 auxiliaretur.
1138 2641 1275 2708 Quia
1319 2642 1534 2698 scilicet
1576 2640 1718 2694 inter
1758 2654 1854 2695 eos
1899 2639 2115 2710 justitia
2193 2640 2633 2704 commendatus,
2681 2640 2774 2708 qui
2824 2639 2989 2696 Deum
3046 2641 3265 2710 placare
3316 2651 3532 2712 posset,

551 2737 952 2806 reperiebatur.

615 2829 979 2902 725-725
1039 2830 1208 2888 Vens.
1258 2830 1402 2887 7-19.
1459 2829 1850 2885 Misericordiw
1906 2830 2120 2885 Domini

546 2928 855 2979 recordatus
923 2940 1077 2988 sum;
1137 2925 1393 2977 virtutum
1452 2922 1663 2976 Domini
1722 2923 2007 2978 meminero
2068 2927 2122 2977 in

547 3019 812 3079 omnibus,
840 3035 956 3087 qua:
989 3017 1233 3071 retribuit
1267 3017 1441 3072 nobis.
1477 3015 1732 3070 Dominus
1761 3017 1930 3085 judcm
1959 3016 2122 3070 bimus

3625 2642 3808 2697 nullus

2293 2829 2447 2893 ζοιθ’.
2495 2829 2605 2884 Τὸν
2628 2830 2806 2884 ἔλεον
2837 2829 3058 2898 Κυρίου
3085 2829 3401 2899 ἐμνήσθην
3419 2845 3434 2860 '
3459 2833 3566 2897 τὰς
3596 2832 3811 2901 ἀρετὰς

2223 2923 2464 2990 Κυρίου,
2489 2923 2558 2976 ἐν
2585 2920 2776 2975 πᾶσιν
2802 2919 2893 2986 οἷς
2923 2923 3136 2989 Κύριος
3160 2919 3301 2990 ἡμῖν
3337 2922 3808 2978 ἀνταποδίδωσι.

2225 3015 2438 3082 Κύριος
2490 3013 2693 3082 κριτὴς
2745 3013 2965 3080 ἀγαθὸς
3000 3012 3082 3078 τῷ
3115 3014 3260 3078 οίκφ
3323 3014 3572 3081 Ἰσραὴλ
3600 3015 3811 3084 ἐπάγει

547 3111 728 3164 domui
758 3108 930 3164 Israel
958 3108 1176 3163 adducit
1205 3109 1356 3164 nobis
1385 3107 1669 3161 secundum
1697 3107 2123 3161 misericordiam

2228 3105 2371 3175 ἡμῖν
2401 3106 2552 3161 κατὰ
2594 3107 2656 3158 τὸ
2692 3106 2863 3171 ἕλεος
2895 3105 3106 3165 αὑτοῦ.
3159 3105 3257 3158 καί
3292 3105 3442 3159 κατὰ
3477 3105 3545 3160 τὸ
3575 3106 3811 3174 πλῆθος

548 3218 722 3265 suam,
766 3211 814 3254 et
849 3199 1140 3254 secundum
1194 3197 1585 3253 multitudinem
1626 3197 1857 3266 justitia:
1891 3212 2020 3251 sum.
2059 3196 2126 3249 Et

548 3294 684 3347 dixit
715 3309 732 3347 .'
767 3290 891 3346 Non
938 3291 1160 3361 populus
1205 3307 1350 3344 meus
1395 3289 1537 3358 filii?
1584 3287 1933 3358 Nequaquam
1977 3301 2130 3354 repu-

548 3386 794 3440 diantur.
829 3382 896 3438 Et
927 3384 1103 3453 factus
1139 3392 1216 3437 est
1261 3383 1371 3436 illis
1417 3384 1468 3436 in
1513 3383 1736 3435 salutem
1773 3395 1838 3434 ea:
1866 3381 2006 3432 omni
2037 3380 2124 3430 tri.

550 3478 821 3531 bulalione
849 3491 1056 3529 eorum.
1089 3473 1207 3528 Non
1236 3473 1460 3544 legatus,
1491 3489 1591 3526 non
1629 3472 1871 3544 angelus,
1897 3469 1986 3525 sed
2020 3470 2129 3538 ipse

554 3569 805 3629 salmtrit,
835 3577 942 3623 etc.

620 3659 782 3728 726
809 3657 1070 3712 Absoluta
1111 3655 1177 3711 de
1213 3654 1454 3710 secundo
1491 3653 1584 3708 Dei
1618 3653 1851 3708 adventu
1883 3653 2126 3724 disputa-

551 3750 720 3808 linuc,
746 3751 811 3800 ad
845 3747 990 3800 aliud
1025 3748 1221 3801 transit
1247 3755 1653 3816 argumentum,
1674 3746 1726 3799 in
1750 3760 1858 3816 quo
1886 3746 2125 3814 seipsum

555 3841 812 3909 ρυμιιιιις,
854 3839 998 3908 quod
1053 3841 1167 3894 suis
1215 3839 1268 3892 in
1317 3839 1485 3893 Deum
1541 3853 1758 3908 Semper
1793 3839 1862 3892 de
1901 3853 1959 3894 se
1993 3837 2130 3893 bene

554 3935 808 3984 meritum
833 3931 1160 3984 criminibus
1183 3931 1420 3998 reiectus
1441 3931 1530 3994 sit,
1551 3938 1798 3984 accusat.
1823 3930 1926 3983 Alii
1949 3938 2128 3983 tamen

551 4022 896 4083 eximimant,
933 4020 1026 4075 ubi
1058 4021 1125 4075 de
1171 4036 1266 4076 sua
1296 4023 1378 4075 ira
1407 4021 1550 4076 Deus
1580 4022 1844 4076 adversus
1883 4037 1988 4076 non
2020 4037 2131 4076 creo

552 4114 744 4168 dentes
784 4113 943 4179 dixit,
977 4126 1007 4166 a
1068 4113 1454 4183 desperatione
1487 4127 1582 4168 eos
1617 4112 1938 4183 prophetam
1982 4127 2130 4167 revo-

555 4221 702 4271 care,
737 4203 831 4274 qui
878 4203 1048 4259 Deum
1095 4204 1414 4259 clementem
1444 4214 1498 4259 et
1539 4205 1838 4258 humanum
1876 4218 1997 4258 esse
2027 4203 2128 4257 do-

555 4306 695 4352 coal.
724 4297 828 4350 Alii
869 4297 1034 4350 etiam
1066 4297 1340 4359 eumdem,
1371 4295 1460 4350 tibi
1511 4294 1899 4349 beneficiorum
1934 4294 2130 4348 multi-—

556 4390 802 4444 tudinem
847 4387 1286 4443 demonstrasset
1319 4387 1396 4457 (in
1429 4387 1629 4456 quibus
1669 4386 1789 4456 ipsa
1825 4386 1987 4442 etiam
2028 4387 2128 4441 ad-

2228 3197 2335 3267 τῆς
2372 3197 2762 3264 δικαιοσύνης
2804 3195 3013 3250 αὐτοῦ.
3047 3197 3153 3250 Kal
3199 3197 3399 3258 εἶπεν,
3437 3200 3561 3267 Οὐχ
3602 3201 3636 3252 ὁ
3663 3201 3814 3262 λαός

2220 3309 2340 3360 μου
2363 3289 2580 3356 cetera;
2603 3290 2685 3343 Οὐ
2709 3289 2790 3358 μὴ
2813 3289 3168 3357 ἀθετηθῶσι.
3201 3291 3309 3345 Καὶ
3339 3290 3576 3359 ἐγένετο
3605 3291 3809 3358 αὐτοῖς

2225 3385 2312 3448 είς
2361 3382 2661 3451 σωτηρίαν
2717 3382 2786 3436 ἐκ
2862 3381 3069 3450 πάσης
3133 3383 3395 3451 θλίψεως
3445 3381 3669 3438 αὐτῶν.
3730 3386 3812 3437 Οὐ

2227 3471 2422 3540 πρέσό
2424 3489 2513 3537 υς,
2569 3471 2712 3526 οὐδὲ
2769 3471 3024 3542 ἄγγελος
3036 3512 3051 3537 ,

2228 3564 2468 3631 αὐτοὺς,
2510 3581 2563 3618 κ.
2597 3583 2648 3618 τ.
2680 3565 2728 3618 λ.

2300 3657 2382 3711 Τὰ
2405 3658 2532 3727 περί
2567 3657 2667 3726 τῆς
2697 3659 2956 3728 δευτέρας
2986 3657 3080 3711 τοῦ
3109 3657 3349 3728 Χριστοῦ
3374 3659 3683 3729 παρουσίας
3714 3675 3813 3714 πε-

2229 3748 2532 3820 πλήρωται,
2566 3750 2662 3800 καὶ
2698 3749 2940 3818 μέτεισιν
2996 3751 3076 3814 εἰς
3119 3750 3316 3820 ἑτέραν
3369 3750 3654 3814 ὑπόθεσιν,
3691 3752 3749 3805 ὲν

2228 3842 2530 3912 κατηγορεῖ
2559 3839 2754 3894 ἑαυτοῦ
2807 3842 2834 3893 ὁ
2864 3841 3012 3907 λαὸς,
3045 3843 3120 3906 ὡς
3171 3843 3248 3906 είς
3278 3842 3485 3896 ἄνωθεν
3508 3843 3813 3915 εὐεργέτην

2229 3931 2320 3982 τὸν
2351 3931 2482 3983 Θεὸν
2508 3931 2847 4001 ἡμαρτηκὼς
2887 3931 3280 4003 ἀποϐέϐληται.
3305 3933 3444 3988 Καθ’
3473 3935 3700 4007 ἑτέρους
3730 3935 3812 3999 δὲ,

2228 4021 2364 4073 Θεοῦ
2417 4022 2515 4091 τὴν
2564 4023 2705 4076 κατὰ
2759 4023 2865 4075 τῶν
2889 4024 3237 4094 ὴπιθηκότων
3283 4025 3528 4089 εἰπόντος
3557 4027 3750 4097 ὀργὴν,
3783 4029 3814 4080 6

2231 4113 2514 4184 προφήτης
2543 4115 2641 4166 οῦκ
2663 4116 2728 4185 ἐᾷ
2762 4118 2958 4186 χωρεῖν
2984 4117 3180 4180 αὐτοὺς
3207 4119 3286 4179 εἰς
3323 4117 3658 4186 ἀπόγνωσιν,
3690 4119 3815 4185 φιλ-

2229 4204 2519 4275 ανθρώπου
2553 4209 2913 4277 τυγχάνοντος
2969 4207 3064 4261 τοῦ
3118 4208 3275 4264 Θεοῦ.
3312 4210 3447 4264 Κατ’
3482 4209 3679 4272 ἄλλους
3727 4212 3808 4278 δὲ,

2232 4295 2365 4367 πρὸς
2385 4296 2444 4348 τὸ
2469 4296 2670 4367 πλῆθος
2693 4297 2800 4350 τῶν
2829 4298 3152 4369 δειχθέντων
3177 4300 3396 4368 ἀγαθῶν
3416 4301 3494 4371 τῷ
3528 4304 3812 4374 προφήτῃ,

2231 4388 2288 4440 ὲν
2319 4383 2402 4452 οἷς
2427 4383 2495 4459 ἦν
2543 4388 2641 4441 καὶ
2672 4391 2704 4457 ἡ
2741 4389 2883 4442 κατὰ
2935 4391 3044 4443 τῶν
3103 4390 3415 4459 ἀλλοφύλων
3447 4393 3604 4464 ὀργὴ,
3643 4395 3814 4464 μὴτὸ

3125 3473 3266 3528 ἀλλ’
3336 3476 3520 3540 αὐτὸς
3571 3474 3814 3529 ἔσωσε-ν

555 4495 750 4535 versus
800 4480 1144 4549 alienigenas
1189 4481 1268 4532 ira
1313 4477 1531 4543 fuerat,
1578 4478 1674 4548 qui
1730 4477 1932 4532 nullam
1986 4479 2124 4548 grati

2233 4479 2368 4550 πρὸς
2395 4479 2528 4532 Θεὸν
2561 4479 2985 4549 ἐπιδειξαμένων
3017 4482 3360 4554 εὐχάριστον,
3407 4483 3569 4545 αὐτὸς
3595 4482 3812 4553 διηγεῖ-

557 4571 724 4626 animi
767 4571 1231 4641 signiﬁcationem
1264 4569 1374 4625 Deo
1405 4569 1770 4641 praebuerant)
1809 4577 2125 4640 perpetuam

559 4663 649 4716 Dei
686 4662 1105 4716 misericordiam
1145 4676 1454 4717 recensere.
1491 4660 1608 4716 Non
1639 4661 1784 4715 enim
1813 4661 2130 4727 obliviscar,

557 4755 755 4822 inquit,
793 4754 1198 4822 quantumlibet
1241 4755 1467 4810 molesta
1495 4763 1548 4808 ct
1574 4754 1711 4809 dura
1737 4769 1838 4810 nos
1876 4753 1929 4807 in
1965 4754 2126 4808 linem

557 4846 689 4913 pati,
715 4855 772 4900 et
812 4845 963 4914 rejici
1009 4845 1324 4918 contigerit.
1373 4846 1480 4902 Sed
1522 4854 1609 4902 est
1649 4846 1972 4910 notandum,
2013 4845 2126 4910 ubi,

561 4935 623 4991 In
671 4936 948 5003 omnibus,
1002 4953 1120 5007 qua:
1175 4937 1419 4992 retribuit
1474 4939 1660 5003 nobis,
1717 4937 2012 5003 habemus,
2056 4937 2130 4992 De

555 5027 818 5088 omnibus,
840 5042 956 5096 qua:
994 5025 1243 5094 benefeeit
1273 5027 1444 5091 nobis,
1475 5025 1864 5099 Symmachum
1891 5025 2129 5093 dixisse,

555 5119 645 5174 ubi
674 5133 892 5173 rursum
922 5115 1109 5171 Bonus
1129 5118 1319 5186 judex,
1353 5119 1516 5172 etiam
1543 5119 1606 5172 de
1630 5117 1957 5187 plenitudine
1977 5118 2129 5171 boui-

559 5210 683 5263 talis
725 5207 1098 5277 interpretari.
1141 5207 1412 5262 Caeterum
1459 5222 1567 5263 non
1609 5217 1867 5278 tanquam
1909 5223 2132 5266 severus

557 5300 720 5372 iudex
769 5301 906 5353 iram
951 5314 1106 5355 suam
1154 5299 1208 5353 in
1257 5314 1356 5354 nos
1400 5300 1640 5369 peccatis
1685 5299 2002 5364 admetltur,
2036 5304 2130 5358 sed

556 5392 843 5449 clementia
891 5400 1178 5462 temperat.
1218 5390 1337 5448 Non
1380 5392 1523 5449 enim
1569 5399 1833 5448 nocentes
1883 5393 2122 5462 relinqui

627 5564 668 5596 ι·
701 5564 762 5616 tv
799 5566 931 5638 neg.
964 5582 1040 5633 γι,
1073 5566 1158 5623 ιτ.

2229 4589 2317 4625 ται
2350 4571 2444 4624 τοῦ
2471 4570 2607 4624 Θεοῦ
2630 4571 2721 4623 τὸν
2752 4571 2958 4625 ἄνωθεν
2981 4573 3176 4628 ἔλεον.
3211 4574 3285 4627 Οὐ
3307 4575 3418 4645 γὰρ
3446 4575 3810 4646 ἐπιλήσομαι,

2230 4672 2253 4700 ⁸
2291 4662 2340 4714 εί
2372 4661 2467 4714 καὶ⁴
2498 4660 2799 4731 σκυθρωπὰ
2831 4663 3096 4733 μετῆλθεν
3121 4664 3264 4732 ἡμᾶς
3287 4666 3344 4716 ὲν
3373 4664 3538 4725 τέλει,
3573 4667 3666 4717 καὶ
3699 4669 3814 4719 ἀπ-

2229 4753 2553 4822 εϐλήθημεν.
2583 4751 2726 4806 Ἀντὶ
2755 4753 2812 4807 δὲ
2841 4753 2958 4819 τοῦ,
3004 4755 3074 4808 ἐν
3106 4754 3336 4809 ἅπασιν
3363 4751 3453 4822 οἷς
3479 4757 3806 4811 ἀνταποδίο

2230 4844 2416 4900 δωσιν
2438 4844 2604 4914 ἡμῖν,
2647 4848 2677 4900 ὁ
2709 4846 3024 4918 Σύμμαχος,
3064 4848 3197 4917 περὶ
3227 4848 3470 4902 πάντων
3501 4844 3590 4904 ὧν
3626 4853 3813 4918 simp-

2237 4937 2493 5007 τέτησεν
2515 4937 2692 5007 ἡμᾶς,
2746 4941 2956 5010 εἴρηκε.
2988 4941 3082 4994 καὶ
3114 4941 3234 4993 ἀντὶ
3259 4941 3372 5005 τοῦ,
3409 4943 3629 5010 Κριτής
3657 4945 3778 5014 dm
3803 4974 3814 4984 -

2235 5032 2339 5096 θός
2359 5047 2373 5061 ·
2402 5031 2471 5084 ἐκ
2507 5032 2782 5101 πλήθους
2815 5032 3228 5103 ἀγαθωσύνης.
3258 5033 3404 5102 Πλὴν
3429 5035 3526 5104 οὐχ
3569 5034 3643 5096 ὡς
3683 5053 3816 5102 κρι-

2237 5124 2346 5193 τὴς
2391 5127 2627 5196 ἀκριϐὴς
2678 5129 3024 5199 πτραμετρεῐ
3065 5127 3166 5199 τὴν
3201 5129 3290 5198 ἐφ’
3312 5130 3459 5200 ἡμᾶς
3493 5130 3666 5200 ὀργὴν
3692 5133 3816 5194 τοῖς

2237 5218 2724 5289 πλημμελήμασιν,
2756 5219 3050 5288 ἀγαθότητι
3091 5220 3298 5292 ταύτην
3331 5221 3553 5292 κιρνῶν.
3611 5223 3813 5292 Ἀκρὸ-

2238 5325 2340 5378 της
2377 5309 2476 5377 μὲν
2505 5309 2609 5380 γὰρ
2640 5309 2714 5362 ὣν
2749 5309 3093 5380 δικαιοσύνης
3123 5313 3224 5365 οὐκ
3270 5311 3479 5376 ἀθὼους
3537 5314 3624 5383 ἐᾷ,
3661 5314 3814 5380 ἀγα-

2237 5401 2435 5465 θότητι
2467 5399 2522 5452 δὲ
2544 5402 2633 5454 τὸν
2656 5400 2826 5471 θυμὸν
2851 5402 3067 5473 ἡμεροί.
3101 5402 3382 5458 Σέσωσται
3415 5404 3522 5474 γὰρ
3547 5403 3607 5456 τὸ
3634 5407 3810 5456 κατὰ·

1827 5656 2060 5717 VARMS
2103 5659 2506 5720 LECTIONES.

631 5765 657 5800 ε
711 5776 800 5826 γρ.
825 5759 1042 5828 βόσραν.
1123 5771 1144 5796 ³
1173 5764 1231 5812 .1.
1263 5776 1445 5828 φησιν.
