4046 6386
204 349 329 412 ριετδ

1339 345 1869 405 COMMENTARII
1898 346 1975 405 IN
2016 344 2300 405 lSAIAM.

3284 333 3426 400 amt
3500 412 3503 414 η

203 462 412 528 λειμμα.
474 456 679 522 Δεῖγμα
730 453 787 504 δὲ
843 453 1099 521 μέγιστον
1125 454 1234 518 τῆς
1270 454 1674 520 ἀγαθότητος,
1704 457 1765 509 τὸ

1879 458 2090 524 patitur,
2114 456 2207 525 qui
2236 450 2461 523 justitia:
2495 449 2769 518 fastigium
2800 446 3007 501 obtinet
3028 489 3040 512 ,
3072 445 3165 501 sed
3196 445 3431 501 bonitate

202 549 415 615 ἀξιῶσαι
444 548 623 600 τέκνα
656 545 842 597 καλεῖν
863 545 969 599 τὸν
996 547 1173 610 λαὸν,
1205 548 1254 598 εἰ
1283 547 1355 617 μὴ
1380 547 1625 600 ἀθετοῖεν
1659 549 1759 618 τὴν

202 645 366 713 χάριν.
397 640 488 691 Διὸ
508 638 646 691 κατά
670 636 967 707 Σύμμαχον
995 638 1211 707 εἴρηται
1234 654 1248 668 ·
1280 638 1454 703 Πλὴν
1476 640 1627 705 λαός
1643 639 1761 708 μού

201 737 345 789 εἰσιν
374 731 490 786 υἱοί
528 732 636 783 οὐκ
665 729 1179 798 ἁσυωθηκοῦντες.
1212 729 1319 789 Οὒς
1364 731 1675 801 ἀπήλεγχεν
1703 733 1761 784 ἑν

202 828 329 895 ἀρχῇ
364 824 557 892 λέγων’
583 823 746 885 Υίοὺς
776 821 1063 890 ἐγέννησα,
1097 822 1194 875 καὶ
1236 821 1430 891 ὖψωσα
1459 841 1472 853 ο
1512 823 1667 876 αὐτοὶ
1704 823 1761 876 δέ

206 936 266 988 με
291 918 582 984 ἠθέτησαν.
645 914 843 985 Ἐχρῆν
878 914 987 985 γὰρ
1018 915 1094 975 ὼς
1132 913 1312 967 τέκνα
1371 915 1655 967 πείθεσθαι
1685 914 1763 984 τῷ

204 1008 406 1075 πατέρι,
425 1005 521 1058 καὶ
542 1005 879 1072 αὐτάγγελον
918 1006 1010 1057 ἐπὶ
1040 1005 1287 1076 σωτηρίᾳ
1337 1006 1581 1076 παρόντα
1606 1005 1763 1069 δέξα-

206 1098 317 1150 σθαι
351 1095 455 1150 τὸν
494 1097 540 1147 Υ
538 1094 653 1157 ἱὸν,
680 1094 780 1164 οὐχ
814 1094 986 1166 ἑτέρῳ
1005 1095 1112 1148 τινὶ
1138 1094 1369 1165 διακόνῳ
1394 1096 1764 1166 χρησάμενον·

204 1189 256 1241 οὐ
274 1188 377 1257 γάρ
397 1181 467 1256 ἦν
495 1186 785 1253 πρέσϐυς,
811 1185 991 1259 [φησὶ]
1018 1188 1327 1258 προφήτης,
1350 1190 1461 1241 οὐκ
1486 1188 1762 1257 ἄγγελος.

1864 551 1999 605 iram
2042 549 2357 602 moderatur
2392 554 2444 597 et
2485 543 2635 597 lenit.
2687 541 2825 593 Sunt
2854 540 2997 594 enim
3040 540 3269 594 salutem
3301 555 3430 593 con-

1865 646 2065 695 secuta:
2112 637 2376 708 reiiqttiie.
2422 634 2513 689 Est
2560 647 2690 686 vero
2744 630 2996 683 bonitatis
3050 638 3430 696 argumentum

1866 732 2187 793 maximum,
2221 725 2366 796 quod
2421 723 2669 793 pupulum
2714 721 2951 789 ﬁliorum
2987 719 3149 790 72⁵1
3190 718 3430 788 appella-

1865 823 2014 875 tione
2047 819 2333 890 dignatur,
2368 818 2414 872 si
2455 816 2685 885 gratiam
2734 828 2842 867 non
2884 820 3265 880 aspernentur.
3312 808 3432 874 Qun

1868 914 2069 966 factum
2102 920 2205 975 est,
2242 921 2301 963 ut
2350 910 2423 963 ita
2470 914 2707 963 verteret
2747 903 3110 975 Symmachus
3147 917 3162 955 :
3210 900 3427 955 Verum.

1868 1012 2041 1056 tamen
2085 1001 2303 1069 populus
2356 1016 2499 1053 meus
2546 1006 2667 1052 sunt
2695 996 2796 1065 ﬁlii
2842 1011 2944 1047 non
2990 993 3433 1061 prwvaricantes;

1866 1112 2005 1167 quos
2026 1097 2184 1151 initio
2207 1093 2577 1165 reprehendit,
2598 1106 2722 1147 cum
2750 1089 2888 1145 ﬁlios
2912 1088 3192 1160 genuisse,
3212 1096 3265 1141 et
3295 1091 3439 1142 exal-

1868 1195 2039 1253 tasse,
2071 1186 2140 1240 ab
2173 1185 2309 1255 ipsis
2355 1191 2535 1237 autem
2567 1180 2888 1236 derelictum
2938 1192 2997 1233 se
3037 1191 3163 1232 esse
3196 1190 3438 1246 conque-

206 1285 333 1338 ritur
356 1282 422 1338 ⁸³.
454 1280 692 1337 Dccebat
728 1282 873 1335 enim
906 1291 1167 1352 tanquam
1199 1281 1341 1350 ﬁlios
1380 1280 1529 1335 Patri
1562 1296 1767 1337 morem
1805 1296 2016 1353 gerere,
2044 1289 2097 1337 et
2126 1278 2349 1344 Filium,
2392 1279 2485 1348 qui
2519 1293 2550 1331 a
2580 1276 2760 1341 Patre,
2791 1274 2987 1331 salutis
3017 1288 3207 1328 eorum
3245 1284 3436 1337 causa,

206 1376 346 1429 nullo
408 1374 642 1430 alterius
700 1373 1044 1429 ministerio.
1099 1375 1373 1441 venisset,
1440 1384 1765 1446 praesentem
1836 1374 2107 1446 amplecti.
2184 1374 2308 1429 Non
2355 1373 2502 1429 enim
2558 1371 2758 1442 legatus
2815 1377 2933 1424 erat
2965 1367 3065 1437 (ait
3120 1364 3435 1437 propheta),

207 1484 298 1520 non
329 1465 571 1535 angelus.

270 1559 369 1610 Καὶ
400 1560 459 1610 ἐν
476 1556 738 1627 Αἰγύπτῳ
756 1557 833 1623 δέ,
858 1560 1044 1625 φασὶν,
1073 1560 1122 1612 εί
1146 1560 1239 1612 καὶ
1264 1560 1426 1630 μέσος
1441 1555 1508 1631 ἦν
1530 1560 1757 1630 Μωσῆς,

207 1647 308 1703 ἀλλ’
344 1648 505 1711 αὐτὸς
527 1650 747 1717 ἐνήργει
775 1648 839 1700 δι’
866 1649 1075 1701 ἐκείνου
1103 1648 1171 1701 τὰ
1218 1652 1469 1719 μέγιστα.
1532 1652 1641 1704 Καὶ
1668 1668 1761 1721 μο-

210 1739 582 1807 σχοποιήσασιν
609 1734 903 1807 ὴπεὶλησεν
938 1738 1170 1806 ἄγγελον
1203 1739 1438 1808 πέμψειν
1489 1740 1580 1793 τὸν
1622 1743 1762 1810 ἡγη-

1932 1560 1991 1614 ln
2024 1557 2257 1628 Egypto
2281 1555 2495 1619 deinde,
2525 1555 2698 1617 aiunt,
2725 1565 3040 1623 quanquam
3076 1546 3287 1601 medius
3321 1545 3441 1599 Mos

1865 1670 1952 1709 ses
1980 1651 2164 1712 fuerit,
2196 1665 2291 1719 per
2320 1664 2445 1702 eum
2480 1648 2594 1715 ipse
2617 1660 2737 1716 qum
2769 1643 3004 1697 maxima
3057 1646 3216 1694 erant
3243 1652 3442 1706 opera-

1862 1748 2045 1800 batur.
2081 1742 2359 1798 Minitatus
2389 1749 2471 1793 est
2507 1748 2787 1808 praeterea,
2836 1750 2959 1789 cum
2990 1731 3223 1786 vitulum
3258 1729 3444 1784 confe-

210 1831 444 1899 σάμενον.
488 1830 599 1881 Καὶ
626 1827 1016 1898 δυσφοροῦντος
1042 1830 1305 1892 Μωσέως,
1330 1830 1493 1894 αὐτὸς
1516 1831 1765 1901 ἡγεῖσθαι

1879 1840 2093 1900 rissent,
2126 1836 2376 1906 angelum
2422 1848 2481 1887 se
2533 1832 2852 1892 missurum,
2902 1826 2997 1895 qui
3048 1824 3131 1879 eis
3160 1829 3439 1893 prmesset.

209 1921 689 1989 κατεπηγγείλατο.
721 1922 829 1974 Καὶ
864 1922 1035 1989 αὐτὴν
1056 1921 1113 1973 δὲ
1146 1922 1244 1990 τὴν
1298 1923 1622 1990 παρουσίαν,
1665 1924 1763 1991 οὐχ

209 2015 285 2065 ἵνα
340 2013 526 2083 κρίνῃ.
564 2012 879 2082 πεποίηται,
932 2015 1108 2068 καίτοι
1162 2015 1371 2082 κριτὴς
1403 2014 1500 2078 ὢν,
1528 2017 1643 2081 ἀλλῖ
1682 2017 1767 2069 ἵνα

1869 1929 2024 1995 Quod
2060 1944 2184 1983 cum
2213 1941 2354 1995 agre
2383 1925 2522 1978 ferre
2552 1921 2735 1976 Mosen
2760 1918 2991 1982 videret,
3019 1917 3215 1970 ducem
3240 1929 3300 1968 se
3330 1912 3445 1966 fore

1872 2022 2092 2087 adjecit.
2140 2018 2326 2088 Neque
2360 2032 2489 2070 vero
2520 2015 2812 2069 adventum
2838 2024 3023 2075 suum,
3058 2015 3118 2061 ut
3147 2007 3440 2074 iudicaret.

210 2104 295 2166 τὰς
322 2105 594 2174 ἁμαρτίας
623 2106 1015 2175 ὁμολογήσουσι
1047 2108 1065 2142 ί
1124 2108 1386 2180 παράσχῃ
1452 2109 1553 2177 τὴν
1578 2108 1771 2176 ἄφεσιν

1879 2110 2032 2174 iudex
2056 2108 2325 2178 alioquin,
2357 2115 2576 2160 exstare
2604 2102 2801 2167 voluit,
2839 2100 2935 2156 sed
2970 2106 3030 2153 ut
3052 2094 3445 2153 conﬁtentibus

209 2194 286 2246 διὰ
334 2194 590 2258 πίστεως.
640 2194 793 2248 Θέλει
847 2197 1075 2266 γὰρκαὶ
1111 2198 1254 2266 ἡμᾶς
1304 2198 1519 2261 ἑαυτοῖς
1550 2197 1773 2265 ἀγαθῶν

210 2286 419 2348 αἰτίους,
449 2287 546 2339 καὶ
580 2285 654 2357 μὴ
680 2288 788 2340 τῶν
818 2288 1073 2342 ἐναντίων
1105 2288 1230 2342 καθί
1268 2289 1487 2343 τασθαι.
1532 2290 1771 2360 Τοιγαρ-

210 2378 290 2428 οῦν
317 2376 412 2444 τῆς
435 2376 837 2447 αἱμορῥοούσης
890 2377 989 2448 τὴν
1014 2378 1197 2431 πίστιν
1246 2377 1425 2432 αἰτίαν
1456 2379 1625 2448 ἔφησε
1674 2380 1777 2447 τῆς

215 2470 412 2530 ἱὰσεως.
472 2470 641 2522 Ὅσον
696 2469 805 2539 γὰρ
860 2465 995 2541 ἧκεν
1024 2472 1103 2534 είς
1141 2471 1325 2537 αὑτὸν,
1374 2470 1450 2534 ὡς
1470 2470 1667 2538 πατὴρ
1687 2471 1777 2525 τέ-

213 2578 365 2626 κνοις
391 2561 469 2623 εἰς
493 2560 719 2628 ἀγαθῶν
754 2561 1037 2632 πρόκειται
1074 2563 1359 2633 χορηγίαν,
1395 2562 1617 2632 διηνεκῆ
1647 2579 1777 2632 προ⁴

212 2655 388 2705 τείνων
438 2653 534 2706 τὸν
588 2654 786 2716 ἔλεον,
830 2652 969 2722 πλὴν
1000 2653 1049 2704 εἰ
1091 2655 1164 2723 μή
1195 2671 1279 2716 τις
1302 2654 1564 2724 ἀμαρτῶν
1587 2653 1775 2707 διακό-

212 2745 370 2812 ψειεν.
398 2744 479 2798 Τά
517 2744 618 2814 μὲν
645 2740 737 2798 οὖν
764 2745 862 2813 τῆς
893 2743 1064 2798 αὑτοῦ
1101 2745 1508 2814 φιλανθρωπίας
1530 2745 1775 2799 τοιαῦτα.

217 2834 297 2904 Μὴ
320 2833 698 2903 παρασχόντες
724 2834 781 2886 δὲ
798 2832 1071 2903 πρόφασιν
1100 2832 1252 2903 αὐτῷ
1278 2833 1379 2904 τῆς
1424 2832 1636 2887 ἑαυτῶν
1670 2851 1777 2887 σω-

222 2928 426 2996 τηρίας,
484 2929 576 2992 εις
633 2926 902 2994 πόλεμον
958 2925 1361 2980 ἐπεσπάσαντο.
1407 2925 1493 2990 Ὠς
1513 2929 1624 2998 γάρ
1646 2942 1779 2996 φησι

217 3021 299 3071 καὶ
319 3018 476 3073 Δαϐίδ
506 3035 521 3049 ο
554 3037 574 3070 ι
635 3018 869 3081 [Ioc-im;
914 3019 1333 3088 παρεπίκραναν
1380 3017 1544 3072 αὐτὸν
1600 3020 1657 3072 ἐν
1710 3020 1776 3089 τῇ

216 3110 422 3178 ἐρήμῳ;
454 3106 814 3179 παρὼργισαν
839 3110 1005 3161 αὐτὸν
1027 3111 1084 3162 ἐν
1112 3112 1182 3179 γῇ
1208 3108 1442 3178 ἀνύδρῳ.
1485 3128 1503 3161 ι
1532 3108 1772 3176 Παρώρ-

218 3216 382 3266 γισαν
431 3200 488 3252 δέ
549 3199 725 3252 καὶτὸ
754 3200 989 3267 πνεῦμα
1035 3199 1318 3267 Χριστοῦ,
1353 3200 1450 3267 τὴν
1484 3199 1770 3252 ἀπείθειαν

1874 2211 2095 2271 peccata
2129 2216 2226 2269 per
2255 2198 2413 2252 ﬁdem
2455 2196 2774 2251 remitteret.
2808 2191 2939 2246 Vult
2962 2191 3111 2247 enim
3146 2190 3312 2244 etiam
3342 2200 3446 2241 nos

1876 2294 2030 2347 nobis
2056 2292 2344 2354 honorum,
2365 2300 2419 2346 et
2451 2306 2557 2345 non
2586 2299 2798 2351 contra,
2817 2293 3072 2341 auctores
3101 2298 3224 2338 esse
3249 2300 3263 2335 :
3293 2280 3447 2337 inde-

1876 2399 1978 2454 que
2020 2384 2162 2453 eius,
2223 2397 2343 2452 quze
2394 2380 2718 2450 proﬂuvium
2782 2374 3068 2446 sanguinis
3114 2372 3445 2443 patiebatur,

1876 2475 2219 2531 sanationem
2267 2474 2334 2525 ad
2366 2472 2524 2525 ﬁdem
2571 2467 2847 2525 retulit”.
2882 2466 3158 2532 Quantum
3192 2464 3336 2518 enim
3391 2465 3445 2517 in

1878 2568 1998 2635 ipso
2025 2566 2189 2620 situm
2219 2573 2326 2630 est,
2354 2563 2521 2618 veluti
2560 2572 2709 2629 pater
2747 2559 2875 2629 [iliis
2926 2560 2995 2614 ad
3031 2560 3297 2611 honorum
3337 2558 3449 2609 lar-

1877 2657 2137 2729 gitionem
2169 2669 2499 2725 propensus,
2543 2652 2820 2708 assiduam
2858 2650 3286 2705 misericordiam
3324 2665 3453 2719 pro-

1879 2748 2087 2815 tendit;
2147 2747 2256 2802 nisi
2316 2746 2441 2815 quis
2500 2760 2617 2798 eam
2687 2744 2929 2814 peccatis
2998 2744 3211 2797 irritam
3264 2740 3449 2795 faciat.

1878 2839 2032 2894 Talia
2075 2840 2241 2909 igitur
2283 2838 2641 2892 humanitatis
2694 2835 2869 2906 ipsius
2902 2843 2959 2890 et
3011 2833 3451 2888 mansuetudinis

1880 2931 2040 3001 signa
2070 2930 2419 2985 exstiterunt.
2466 2926 2573 2982 Sed
2615 2942 2737 2981 cum
2798 2941 2913 2981 suae
2961 2926 3156 2981 salutis
3206 2925 3453 2979 occasio-

1882 3039 2005 3079 nem
2052 3023 2103 3077 ei
2137 3038 2245 3076 non
2277 3022 2603 3093 praeberent,
2656 3019 2725 3073 ad
2776 3018 2967 3074 bellum
3011 3035 3135 3074 eum
3168 3018 3451 3085 compule-

1880 3127 2030 3171 runt.
2054 3114 2120 3168 Ut
2142 3114 2287 3168 enim
2306 3114 2386 3167 vel
2409 3111 2663 3167 Davidem
2692 3111 2746 3165 in
2766 3109 3140 3166 testimonium
3159 3122 3414 3163 vocemus
3440 3124 3451 3159 :

1889 3224 1906 3255 ι
1942 3204 2166 3270 Quoties
2201 3204 2671 3257 esacerbaverunt
2700 3216 2824 3255 eum
2861 3200 2914 3255 in
2955 3198 3208 3255 deserto?
3242 3197 3309 3251 ad
3343 3197 3453 3251 ira-

218 3295 554 3363 νοσήσαντες.
586 3294 686 3347 Διό
719 3294 977 3361 κατέστη
1021 3294 1328 3363 πολέμιος.
1372 3294 1491 3346 Ἵνα
1528 3292 1636 3364 γὰρ
1704 3294 1775 3363 μὴ

1883 3296 2140 3351 cundiam
2193 3302 2561 3365 provocarunt
2590 3295 2643 3348 in
2676 3301 2820 3359 terra
2871 3300 3095 3348 carente
3124 3292 3283 3361 aquis
3317 3289 3383 3344 ⁸⁸.
3429 3308 3448 3341 ι

218 3386 418 3456 δαίμοσι
439 3386 542 3456 τὴν
569 3385 918 3455 ἐπαγομένην
966 3387 1149 3448 αὐτοῖς
1192 3386 1552 3455 ἑπιγράφοιεν
1596 3386 1776 3457 δίκην,

219 3478 365 3540 αὐτὸς
384 3478 572 3538 αὐτοῖς
614 3478 835 3544 λέγεται
861 3477 1325 3548 πεπολεμηκέναι.
1356 3479 1464 3531 Καὶ
1500 3477 1780 3550 γὰρΊὼὸ,

220 3571 402 3640 καίπερ
466 3568 631 3633 εἰδὼς
658 3571 723 3623 ἐκ
757 3570 852 3623 τοῦ
883 3569 1129 3623 διαϐόλου
1160 3571 1406 3639 γίνεσθαι
1438 3572 1536 3635 τὰς
1566 3574 1785 3640 ἐπαγω-

220 3662 331 3727 γὰς,
398 3661 567 3716 αὑτοῦ
610 3662 709 3733 μὲν
767 3662 830 3717 οὐ
889 3661 1181 3732 μέμνηται,
1217 3662 1377 3732 τῷδέ
1411 3662 1783 3733 συγχωροῦντα.

220 3757 496 3823 ἐπιγράφει
562 3753 701 3823 Θεῷ.
728 3754 1116 3823 Πεπολέμηκε
1178 3754 1237 3807 δὲ
1266 3754 1355 3807 τὸν
1379 3754 1509 3809 λαὸν
1541 3756 1622 3818 εἰς
1663 3756 1787 3809 νοῦν

223 3846 283 3898 τὰ
311 3846 499 3914 πρῶτα
532 3844 739 3909 λαϐὼν,
770 3845 866 3898 καὶ
885 3845 959 3909 ὡς
987 3845 1049 3898 οὐ
1092 3844 1186 3899 νῦν
1206 3845 1411 3917 πρῶτοι
1440 3845 1670 3899 τοιοῦτοι
1698 3863 1790 3915 γε-

224 3936 449 4001 γόνασιν.
484 3936 717 3999 Αὐτίκα,
750 3936 844 3989 καὶ
864 3935 961 3988 διὰ
988 3936 1249 4003 Μωσέως
1296 3938 1562 4009 τοσαύτης
1591 3955 1789 4009 πειρα-

229 4027 395 4088 θέντες
438 4028 528 4080 διά
585 4026 884 4095 θαυμάτων
942 4028 1283 4099 εὐεργεσίας,
1332 4030 1424 4083 τὸν
1452 4029 1621 4083 αἴτιον
1653 4032 1791 4083 ἀπο-

230 4120 540 4188 στραφέντες
572 4119 1037 4189 ἐμοσχοποίησαν,
1069 4120 1144 4190 μὴ
1172 4122 1546 4190 σκοπήσαντες
1570 4121 1645 4185 ὡς
1695 4122 1790 4176 θά-

228 4210 410 4265 λλτταν
426 4211 609 4283 τεμὼν
632 4212 922 4283 Ἐρυθρὰν,
940 4212 1019 4277 ὠς
1037 4212 1247 4276 ἵππον,
1262 4214 1457 4279 αὐτοὺς
1478 4214 1568 4267 διὰ
1586 4216 1791 4285 ταύτης

227 4299 491 4367 διήγαγεν,
522 4302 825 4371 ἐπιστήσας
850 4300 1031 4362 αὐτοῖς
1064 4301 1313 4369 Μωσῆν,
1350 4298 1435 4356 οἷα
1470 4304 1791 4371 προϐάτοις

229 4391 485 4460 ποιμένα,
550 4391 638 4444 διὰ
688 4391 796 4443 τῶν
826 4391 1066 4460 σημείων
1112 4393 1340 4461 ύψὼσας
1368 4395 1552 4449 αὐτόν.
1621 4396 1793 4449 Τοῦτο

229 4483 324 4553 γὰρ
354 4486 413 4536 τὸ
442 4483 785 4553 ἀναγαγεῖν,
817 4483 984 4552 ἧγουν
1007 4484 1234 4553 ἐμφανῆ
1290 4488 1635 4557 καταστήσας
1666 4488 1791 4541 λαν-

232 4574 447 4626 θάνοντα
500 4576 597 4627 καὶ
663 4574 1058 4645 κρυπτόμενον,
1111 4572 1170 4625 ὃν
1210 4574 1303 4626 καὶ
1358 4578 1645 4647 προφήτην
1684 4579 1789 4630 ἁπ-

1888 3388 2345 3443 Exacerbaverunt
2396 3402 2523 3441 vero
2561 3395 2615 3441 et
2670 3386 2868 3441 Christi
2918 3386 3186 3453 spiritum,
3219 3383 3313 3455 qui
3366 3383 3454 3437 in-

1886 3480 2231 3535 credulitatis
2259 3480 2451 3535 morbo
2489 3480 2821 3535 laborarent.
2867 3478 2988 3544 Quo
3023 3478 3226 3531 factum
3260 3482 3365 3541 est,
3396 3486 3455 3529 ut

1886 3573 1989 3625 sint
2032 3572 2096 3624 ab
2146 3572 2261 3639 ipso
2292 3572 2599 3640 oppugnati.
2638 3570 2713 3625 Ita
2761 3570 2907 3623 enim
2961 3568 3065 3623 sibi
3122 3564 3454 3633 loquendum

1886 3680 2007 3720 esse
2037 3663 2408 3727 existimavit;
2445 3678 2512 3717 ne
2544 3678 2683 3731 quas
2715 3661 2815 3729 ipsi
2870 3674 3062 3730 poenas
3092 3659 3455 3727 pertulerunt,

1888 3756 2231 3813 damnonibus
2280 3756 2664 3809 attribuerent.
2724 3752 3006 3822 Siquidem
3058 3759 3113 3805 et.
3158 3749 3260 3804 Job
3322 3750 3457 3817 ipse,

1891 3849 2017 3903 licet
2065 3864 2188 3918 quae
2235 3848 2561 3918 patiebatur,
2614 3845 2716 3900 sihi
2759 3860 2788 3898 a
2825 3843 3047 3899 diabolo
3102 3841 3294 3897 inferri
3349 3854 3460 3895 ncu

1893 3939 2196 4009 ignoraret,
2255 3938 2322 3991 de
2350 3952 2417 3991 eo
2451 3946 2629 3990 tamen
2658 3951 2780 3990 esse
2831 3934 2935 3989 sihi
2982 3933 3285 3987 tacendum
3315 3929 3458 3985 arbi-

1894 4039 2093 4095 tratus,
2133 4045 2197 4084 ca
2252 4029 2363 4084 Deo
2396 4028 2549 4097 'ipsi,
2594 4026 2687 4096 qui
2740 4026 2854 4080 ﬁeri
2892 4026 3253 4095 permitteret,
3287 4020 3462 4078 ascri-

1894 4124 1975 4178 bit
2032 4124 2098 4175 ⁸⁸.
2134 4122 2461 4191 Oppugnavit
2508 4135 2636 4174 vero
2691 4117 2988 4187 populum,
3048 4117 3229 4186 priora
3282 4123 3463 4169 mente

1894 4217 2129 4287 agitans,
2154 4232 2279 4269 cum
2305 4214 2441 4268 tales
2466 4214 2535 4266 ab
2568 4213 2667 4265 hoc
2694 4218 2939 4276 tempore
2970 4208 3204 4275 primum
3241 4206 3461 4260 minime

1895 4307 2012 4361 ﬁeri
2060 4308 2294 4374 coepisse
2316 4303 2718 4358 recordaretur.
2750 4299 2829 4353 Ac
2878 4313 2945 4352 ne
2982 4298 3141 4365 longe
3172 4297 3456 4356 abeamus.

1894 4399 2059 4452 etiam
2110 4412 2234 4449 cum
2272 4394 2412 4447 duce
2464 4391 2611 4445 Mosa
2667 4404 2918 4460 magnam
2961 4387 3105 4441 adeo
3144 4386 3312 4455 728
3365 4400 3461 4453 per

1895 4486 2144 4541 miranda
2189 4500 2352 4553 opera
2405 4484 2746 4553 largitionem
2800 4482 3006 4551 experti
3056 4488 3281 4544 essent;
3340 4477 3461 4545 ejus

1894 4584 2169 4631 auctorem
2193 4583 2371 4628 tamen
2396 4572 2654 4636 aversati,
2689 4571 2919 4625 vitulum
2953 4570 3053 4624 sibi
3079 4567 3322 4621 conﬂare
3350 4580 3457 4621 non

237 4663 431 4729 ἔδειξεν
453 4664 548 4717 τοῦ
578 4664 706 4717 ἰδίου
731 4663 1024 4733 πληρώσας
1041 4662 1395 4731 πνεύματος.

1896 4665 2217 4719 dubitarunt
2248 4665 2316 4719 ⁸⁸.
2348 4664 2460 4719 Nec
2515 4663 2827 4733 cogitarunt
2879 4675 2987 4731 quo
3019 4670 3176 4727 pacto
3222 4658 3460 4713 divisum

233 4767 367 4806 mare
414 4751 685 4817 Rubrum,
726 4764 977 4823 tanquam
1028 4770 1214 4824 equus,
1269 4754 1616 4821 trajeceriut;
1660 4769 1786 4809 cum
1824 4756 1934 4811 illis
1969 4759 2165 4813 ducem
2196 4755 2432 4827 Moysen,
2466 4756 2634 4811 veluti
2666 4763 2935 4823 pastorem
3012 4752 3218 4816 ovibus,
3290 4745 3465 4819 signis

231 4851 657 4903 commendatum
718 4846 1114 4917 praefecissem.
1166 4846 1409 4917 ldipsum
1466 4848 1611 4902 enim
1662 4857 1790 4915 est,
1825 4850 1972 4920 quod
2017 4850 2269 4905 educendi
2301 4851 2466 4905 verbo
2514 4848 2836 4919 signiﬁcare
2905 4842 3129 4898 voluit:
3202 4849 3462 4910 tanquam

231 4954 343 4993 eum
374 4957 431 4996 se
476 4943 769 5008 illustrem,
817 4942 911 5011 qui
959 4943 1013 4996 in
1066 4942 1285 4998 occulto
1329 4942 1554 5009 latebat,
1596 4943 1944 5012 reddidisse;
2005 4947 2111 5002 imo
2159 4954 2213 5002 et
2286 4946 2605 5017 proiihetam
2657 4946 2844 5007 etiam,
2922 4955 3047 4995 cum
3111 4930 3316 5005 Spiritu
3365 4949 3464 4989 suo

234 5032 579 5101 implevisset,
608 5034 859 5089 eﬁecisse
893 5033 1123 5089 diceret.

294 5124 443 5188 Τινὲς
471 5126 529 5178 δὲ
561 5124 811 5193 ποιμένα
830 5126 919 5178 τὸν
957 5125 1155 5195 Ἰωσὴφ
1214 5124 1445 5195 ἔφασαν,
1490 5120 1660 5199 οὗπερ
1684 5129 1775 5185 ἀν-

1966 5127 2084 5183 Νοη
2136 5127 2333 5181 desunt
2382 5134 2583 5183 tameu,
2615 5118 2708 5188 qui
2760 5114 2989 5186 pastoris
3031 5105 3359 5163 vocabulum
3392 5101 3461 5156 ad

234 5215 454 5284 αγαγὼν
479 5217 550 5269 τά
579 5217 732 5282 ὀστᾶ,
781 5216 921 5285 μετὰ
942 5215 1051 5268 τῶν
1079 5218 1208 5286 πρὶν
1252 5218 1582 5289 ὑποχειρίων
1606 5220 1775 5290 διήγα¹

1894 5221 2189 5292 .Iosephum
2226 5215 2501 5280 referant;
2535 5211 2697 5280 cujus
2739 5225 2864 5263 cum
2893 5219 3019 5260 ossa
3048 5200 3197 5256 educi
3241 5205 3465 5251 curaret

236 5321 342 5371 γεν,
365 5307 576 5370 δεικνὺς
602 5306 677 5371 ὡς
702 5306 821 5358 οὐδὲ
860 5306 1069 5377 νεκρῶν
1091 5306 1200 5359 τῶν
1222 5307 1390 5375 ἁγίων
1440 5310 1775 5363 ἐπιλανθάνει

1902 5311 2181 5375 Dominus,
2206 5318 2260 5365 et
2291 5324 2353 5363 ea
2392 5323 2515 5361 cum
2551 5307 2682 5369 illis,
2708 5300 2800 5371 qui
2833 5308 2958 5352 ante
2990 5299 3187 5367 captivi
3214 5298 3457 5357 fuerant,

236 5412 333 5461 ται,
358 5398 636 5463 ζωοποιεῖν
661 5398 798 5451 αὐτὰ
844 5397 1294 5469 προαιρούμενος.
1332 5402 1517 5455 Ἀλλοι
1538 5402 1628 5455 τὸν
1651 5404 1775 5472 Χρι-

1900 5399 2116 5455 reduxit
2145 5399 2211 5464 ⁸⁷,
2253 5406 2309 5449 ιιι
2358 5402 2698 5457 sanctorum,
2728 5388 2818 5457 qui
2866 5387 3149 5449 obierunt,
3184 5402 3288 5439 non
3324 5384 3463 5439 obii;

300 5512 467 5590 ’_‘_isa.
510 5514 644 5590 1,}.
711 5514 767 5590 ff
809 5513 996 5590 Matth.
1037 5531 1122 5590 ut.“
1163 5515 1231 5571 20
1271 5534 1421 5590 seqq.
1497 5520 1541 5551 ⁸³
1579 5517 1724 5573 Psal.

1883 5532 1976 5580 vn,
2035 5514 2121 5570 [ιθ.
2244 5513 2288 5543 ⁸³
2329 5511 2430 5566 Joh
2469 5526 2506 5573 t,
2544 5508 2632 5561 Ἣ.

240 5582 276 5613 ’⁷
313 5584 441 5649 lien.
475 5602 534 5650 1.,
558 5585 655 5649 ‘24;
710 5583 879 5638 Exod.
914 5600 1030 5649 χιιι,
1064 5586 1148 5641 i9.

2738 5503 2785 5535 ⁸⁸
2824 5500 2995 5556 Exod.
3023 5518 3169 5555 χχιιι
3194 5542 3207 5566 ,
3244 5502 3265 5555 1
3307 5514 3460 5569 seqq.

1528 5676 1758 5731 νΑΙιΙᾸΞ
1802 5673 2203 5731 LECTIONES.

308 5776 323 5810 ¹
360 5776 442 5827 ia.
462 5778 843 5846 ὁμολογήτασι.
