4046 6386
580 275 718 355 2675

1914 293 2268 358 PROCOPII
2305 295 2550 370 GAZAEI

3705 301 3826 368 2616

582 396 719 450 visci
771 411 830 452 se
861 396 1304 472 demonstraret;
1336 408 1429 479 qui
1477 411 1568 465 illa
1615 413 1668 467 in
1711 412 1878 468 vitam
1913 428 2166 470 revocare

2277 413 2400 467 στὸν
2433 412 2644 484 ἔφασαν
2671 416 2740 471 ἐκ
2775 416 2886 485 γῆς
2921 417 3340 490 ἀι·αχοἐκτα,ἢ
3378 415 3470 473 διὰ
3497 415 3596 488 τὴν
3617 417 3827 474 ἀνάστα-

581 492 810 539 statuat.
841 487 942 550 Alii
975 489 1041 542 ad
1069 489 1349 550 Christum
1379 496 1444 552 de
1478 507 1622 554 terra
1661 503 1914 557 eductum
1959 506 2165 559 retule-

579 587 714 644 runt
745 596 758 634 :
797 581 913 636 sive
944 581 1064 652 ejus
1099 585 1172 640 illi
1207 591 1692 661 resurrectionem,
1726 595 1841 652 sive
1871 595 2035 650 etiam
2071 613 2166 650 or-

581 679 696 741 tum
751 675 820 730 de
877 685 1023 732 terra
1076 689 1413 751 spectarent.
1471 682 1701 750 Deinde.
1762 691 1908 758 quod
1957 691 2166 744 dierum

573 777 901 832 paternorum
937 774 1207 838 meminit,
1239 776 1323 829 vel
1354 777 1615 847 antiquos
1639 781 1929 847 intellexit,
1963 784 2047 837 vel
2071 800 2165 839 eos

580 861 774 927 etiam,
833 878 1068 931 quorum
1128 866 1288 921 debet
1346 885 1468 924 esse
1504 874 1766 927 memoria
1805 877 2164 945 sempiterna.

581 951 736 1016 Quod
771 964 1031 1023 pra-terea
1065 959 1153 1011 ubi
1191 967 1300 1021 cst,
1350 964 1567 1031 quaerit,
1604 978 1795 1018 eorum
1830 967 2162 1022 oblivionem

580 1055 826 1102 aecusat.
870 1048 1191 1116 ClljllSlllOdl
1233 1061 1320 1108 est
1351 1037 1504 1109 ‘illud
1543 1076 1557 1112 :
1604 1076 1624 1114 ι
1673 1057 1969 1114 Descendit
2015 1062 2162 1118 enim

585 1134 827 1202 Spiritus
863 1149 1092 1199 sanctus
1121 1157 1150 1196 a
1186 1143 1438 1211 Domino,
1469 1159 1523 1204 et
1554 1151 1659 1205 dux
1721 1153 1830 1207 illis
1864 1151 1965 1206 fuit
2011 1154 2079 1207 ⁸⁸.
2140 1174 2158 1206 ι

580 1227 646 1302 Et
674 1231 816 1298 apud
851 1231 1104 1290 Davidem
1133 1254 1145 1288 :
1185 1256 1203 1288 ι
1248 1238 1388 1295 illisit
1422 1241 1677 1311 spiritum
1707 1259 1894 1306 suum,
1925 1255 1980 1299 et
2000 1260 2165 1299 sana-

578 1321 777 1378 viteus
810 1325 876 1379 ⁸9.
923 1345 940 1377 ι
1003 1326 1099 1380 Est
1132 1344 1260 1383 vero
1310 1331 1452 1386 Deus
1509 1334 1628 1402 ipse
1679 1337 1922 1405 spiritus.
1961 1335 2161 1391 Verum

581 1430 690 1484 quo
725 1418 867 1480 loco,
894 1421 1181 1487 prwvaluit
1207 1441 1348 1493 aqua
1374 1442 1406 1477 a
1435 1425 1574 1494 [acie
1606 1427 1743 1498 ejus,
1773 1429 2040 1485 habemus
2071 1431 2163 1499 qui

577 1508 735 1578 fregit
799 1527 965 1581 aquas
1013 1523 1141 1568 ante
1183 1533 1295 1578 eos,
1357 1519 1715 1577 transtulisse
1765 1522 2159 1592 Symmachum

577 1605 843 1671 reperias.
902 1607 1176 1677 luteiligas
1219 1610 1416 1666 deinde
1457 1613 1603 1679 quod
1652 1616 1993 1681 prwvaluisse
2025 1617 2163 1672 dixit

578 1709 766 1748 earum
806 1697 955 1754 illum
981 1709 1194 1755 natura:
1211 1703 1316 1754 vim
1337 1703 1609 1768 attulisse,
1636 1719 1760 1758 cum
1781 1707 2158 1767 condensavit.

2277 519 2382 566 σιν,
2408 505 2441 574 ἢ
2466 507 2558 558 καὶ
2587 505 2674 560 διὰ
2696 507 2797 578 τὴν
2824 507 2932 560 ἀπὸ
2958 509 3063 579 γῆς
3094 507 3260 562 αὐτοῦ
3290 509 3567 580 γέννησιν.
3608 508 3827 580 Ἡμέρας

2273 597 2341 650 δὲ
2365 599 2664 664 αἰωνίους.
2683 599 2718 666 ἦ
2739 599 2838 662 τὰς
2867 601 3122 669 ἀρχαίας,
3149 601 3182 672 ἢ
3212 601 3312 665 τὰς
3337 602 3420 654 ἀεὶ
3455 605 3830 672 μνημονευτοῠς

2275 705 2463 758 φησιν.
2483 689 2556 743 Τὸ
2584 689 2662 752 δὲ,
2690 689 2794 744 ποῦ
2825 693 2943 744 ἐστι
2967 707 2984 758 ;
3011 691 3110 760 τῆς
3136 691 3315 744 αὐτῶν
3329 688 3503 762 λήθης
3531 699 3828 766 κατηγορεῖ.

2273 783 2574 855 Σύμφωνον
2603 783 2661 837 δὲ
2692 785 2776 850 τὸ,
2801 803 2819 835 ‹
2868 785 3092 856 Κατέόη
3153 786 3263 855 γὰρ
3293 786 3512 855 πνεῦμα
3538 785 3686 856 παρᾶ
3733 789 3830 841 Ku-

2275 877 2415 948 ρίου,
2439 877 2532 930 καὶ
2587 876 2874 946 ὡδήγησεν
2917 878 3135 941 αὐτούς.
3169 897 3186 928 ι
3228 878 3337 930 Καὶ
3361 877 3528 930 Δαϐὶδ
3560 877 3615 932 δέ
3641 895 3790 948 φησιν
3813 897 3826 913 ·

2281 989 2301 1021 ι
2340 969 2758 1036 Ἐξαπέστειλεν
2785 969 2848 1022 τὺ
2894 970 3116 1040 πνεῦμα
3164 969 3350 1033 αὑτοῦ,
3407 971 3502 1023 καὶ
3537 970 3719 1023 ίάσατο
3751 973 3832 1024 αὓ-

2272 1060 2420 1124 τούς.
2459 1079 2479 1112 ι
2521 1060 2579 1113 Ὀ
2611 1059 2668 1112 δὲ
2699 1061 2836 1124 Θεὸς
2856 1060 2919 1113 τὸ
2942 1060 3184 1130 πνεῦμά
3235 1063 3408 1115 ἐστιν.
3443 1061 3595 1114 Ἀντὶ
3619 1061 3676 1114 δὲ
3709 1063 3793 1115 τοῦ
3815 1106 3828 1128 ,

2272 1152 2659 1221 Κατίονχυσεν
2695 1151 2852 1220 ὕδωρ
2876 1152 2997 1208 ἀπὸ
3022 1151 3348 1221 προσώπου
3371 1152 3615 1214 autem!
3641 1154 3668 1204 ὁ
3703 1154 3831 1223 Σύμ-

2276 1262 2464 1316 μαχος,
2500 1244 2562 1298 '0
2583 1244 2783 1312 ῥήξας
2825 1244 3016 1308 ὕδατα
3069 1244 3412 1314 ἔμπροσθεν
3447 1243 3666 1308 αὐτῶν,
3701 1248 3831 1316 εἰρη.

2272 1355 2387 1391 κεν.
2433 1336 2542 1390 Καὶ
2566 1338 2908 1406 κατίσχυσε
2943 1336 3001 1390 δὲ
3037 1338 3281 1407 νοήσεις,
3325 1338 3410 1390 ὅτι
3431 1335 3713 1406 νενίκηκεν
3751 1339 3833 1390 αὑ-

2270 1429 2379 1482 τῶν
2435 1431 2537 1501 τὴν
2609 1430 2770 1498 φύσιν
2796 1428 2972 1500 πήξας
3025 1430 3186 1485 αὑτά.
3251 1429 3466 1499 Ἐπάγη
3490 1428 3622 1499 γὰρ,
3661 1431 3829 1499 φησιν,

2270 1519 2404 1574 ὡσεὶ
2441 1523 2616 1592 τεῖχος
2647 1522 2715 1574 τὰ
2738 1520 2909 1574 ὕδατα
2958 1521 3162 1593 ῥευστὰ
3204 1523 3269 1591 τῇ
3305 1521 3468 1588 φύσει
3497 1519 3830 1588 τυγχάνονται

2271 1614 2442 1684 ἤγουν
2507 1612 2645 1684 πρὸς
2673 1613 2734 1666 τὸ
2760 1612 3008 1682 παγῆναι
3036 1613 3238 1666 ἔδωκεν
3259 1613 3444 1675 αὐτοῖς
3478 1612 3684 1680 ἰσχύν.
3738 1612 3831 1665 Kal

2267 1704 2347 1775 τῷ
2369 1703 2509 1774 μετὰ
2537 1704 2732 1768 ταῦτα,
2763 1704 2918 1774 φασὶ,
2956 1703 3248 1774 Διήγαγεν
3287 1702 3535 1770 αὐτοὺς,
3563 1701 3644 1768 ὡς
3669 1702 3833 1755 ἵππον

581 1788 858 1844 Scribizur
891 1792 1037 1846 enim
1069 1803 1328 1860 tanquam
1362 1811 1578 1850 murum
1600 1799 1824 1853 stetisse
1849 1813 2162 1867 concretas,

2273 1797 2334 1850 ἐν
2377 1795 2582 1860 πεδίῳ,
2615 1796 2754 1865 μετὰ
2793 1797 2974 1867 πάσης
3015 1797 3276 1858 ἀνέσεως,
3317 1794 3632 1861 ἰσοδυναμεί
3689 1793 3744 1846 τὸ
3781 1795 3831 1846 ὲν

579 1897 702 1944 ante
733 1881 903 1939 [linere
933 1893 1128 1942 natura
1163 1890 1649 1943 consueverant”.
1680 1890 1773 1944 Vel
1806 1892 1856 1946 id
1888 1892 2007 1948 ideo
2037 1910 2166 1964 pro-

2265 1888 2536 1958 Ψα).μοίς·
2573 1907 2592 1940 ι
2653 1889 2957 1960 ’Λνήγαγεν
2983 1887 3062 1952 ὡς
3109 1887 3366 1960 πρόϐατα
3393 1887 3488 1940 τὸν
3516 1885 3644 1938 λαὸν
3664 1885 3827 1950 αὑτοῦ,

581 1979 742 2045 pheta
782 1982 1092 2051 usurpavit,
1129 1992 1188 2037 ut
1225 1983 1566 2040 consistendi
1603 1986 1736 2039 vires
1760 2000 1790 2040 a
1834 2001 1894 2038 se
1926 1987 2164 2043 tributas

2273 1983 2362 2037 καὶ
2418 1981 2706 2053 ὡδήγησεν
2756 1983 2984 2044 αὐτοὺς,
3045 1981 3124 2044 ὡς
3181 1981 3439 2050 ποίμνιον
3497 1980 3556 2032 ἐν
3579 1978 3774 2049 ἐρήμῳ.
3809 1995 3825 2028 ι

582 2071 754 2127 fuisse
786 2072 1217 2127 demonstraret.
1247 2071 1402 2139 Quod
1441 2073 1642 2128 factum
1675 2083 1779 2137 est,
1825 2087 1884 2129 ut
1914 2092 2001 2136 eos
2038 2092 2165 2146 pos-

581 2172 689 2225 tea,
718 2165 890 2225 aiunt,
917 2166 1053 2218 velut
1084 2181 1274 2234 equum
1306 2165 1360 2217 in
1391 2181 1578 2234 campo
1604 2166 1749 2218 nulla
1779 2182 2006 2235 prorsus
2033 2182 2157 2221 cum

579 2257 833 2310 molestia
887 2254 1155 2311 educeret.
1211 2254 1385 2321 Quale
1435 2263 1520 2310 est
1570 2255 1704 2310 illud
1763 2256 1816 2309 in
1873 2255 2158 2311 Psalmis:

584 2365 605 2397 ι
645 2345 870 2411 Eduxit,
929 2355 1192 2417 tanquam
1245 2362 1398 2408 oves.
1437 2347 1700 2417 populum
1741 2363 1925 2412 suum,
1966 2357 2021 2402 et
2053 2347 2161 2403 dux

580 2435 692 2493 illis
725 2436 850 2499 fuit.
885 2445 1143 2508 tanquam
1176 2439 1304 2498 ovili
1339 2439 1392 2492 in
1423 2441 1644 2494 deserto
1663 2440 1733 2492 θ’.
1770 2459 1790 2492 ι
1831 2439 2008 2494 Simul
2035 2455 2165 2496 vero

579 2536 631 2582 et
655 2529 913 2598 populum
951 2547 1109 2584 suum
1142 2531 1400 2594 servavit,
1429 2539 1485 2587 et
1517 2531 1660 2601 facta
1683 2531 1785 2586 sibi
1811 2532 2021 2586 nomine
2050 2533 2167 2603 glo-

578 2625 718 2679 riam
779 2623 1010 2693 adeptus
1057 2629 1164 2678 est.
1215 2622 1370 2688 Quod
1427 2631 1634 2688 tamen,
1695 2631 1756 2677 ut
1801 2623 1868 2678 ad
1913 2625 2168 2693 populum

581 2730 741 2770 suum
797 2715 1058 2770 retulisse
1101 2714 1403 2776 videretur,
1439 2731 1546 2769 non
1589 2715 1718 2779 sibi,
1749 2715 1842 2769 sed
1871 2716 1976 2778 eis.
2013 2716 2166 2787 Sym-

2279 2075 2447 2147 Ὁμοῦ
2467 2075 2524 2129 δὲ
2557 2076 2653 2130 καὶ
2676 2075 2783 2131 τὸν
2804 2075 2959 2130 λαὸν
2981 2075 3174 2140 ἔσωζε.
3234 2075 3332 2127 καὶ
3353 2073 3522 2136 αὐτὸς
3549 2069 3829 2135 ἐδοξάζετο

2269 2168 2458 2223 ποιῶν
2485 2169 2676 2235 ἐαυτῷ
2705 2169 2912 2239 ὄνομα.
2948 2167 3012 2222 '0
3034 2168 3090 2222 δὲ
3133 2167 3432 2239 Σύμμαχος
3465 2164 3669 2220 αὐτῶν
3694 2161 3784 2234 ἔφη
3815 2177 3827 2192 ·

2267 2259 2414 2313 τοῦτ’
2468 2259 2606 2322 ἔστι,
2647 2259 2740 2312 τὸν
2795 2259 2926 2313 ἴδιον
2979 2257 3219 2323 δοξάζων
3261 2259 3437 2311 λαόν.
3471 2252 3830 2324 Ἀναισθήτους

2270 2350 2450 2404 τοίνυν
2501 2347 2700 2422 εὑρὼν,
2731 2349 2928 2418 γέγονε
2982 2347 3276 2418 δυσμενής.
3329 2345 3404 2400 Οὐ
3437 2345 3550 2416 μὴν
3607 2343 3829 2410 ἀπογνω-

2272 2442 2428 2497 στὲον
2451 2458 2464 2473 ο
2492 2441 2609 2496 ἀλλ’
2639 2442 3014 2513 ἔπιμείνωμεν
3037 2439 3152 2509 ἐγώ
3210 2456 3271 2492 τε
3316 2438 3413 2492 καὶ
3455 2437 3574 2490 ὅσοι
3597 2434 3830 2502 Θεοφιλεῖς

2268 2536 2391 2598 ταῖς
2425 2533 2564 2605 πρὸς
2591 2533 2753 2588 αὐτὸν
2793 2533 3074 2597 ἱκετείαις,
3106 2531 3358 2600 λέγοντες
3387 2547 3406 2563 ο
3454 2527 3831 2596 Ἔπίστρεψον

2278 2624 2348 2679 ἐκ
2389 2624 2498 2678 τοῦ
2526 2623 2791 2694 οὐρανοῦ
2819 2642 2832 2655 ·
2871 2625 2987 2694 είγε
3030 2623 3320 2697 κρείττους
3372 2618 3696 2692 γενοίμεθα,
3750 2619 3831 2673 καὶ

2271 2718 2413 2785 ἄξιοι
2427 2716 2522 2770 τοῦ
2555 2717 2759 2787 λέγειν,
2792 2717 2930 2772 Ἴδε.

581 2806 812 2862 machus
837 2807 1034 2862 reddit.
1063 2806 1158 2861 Est
1192 2807 1359 2876 igitur
1389 2807 1461 2860 ob
1497 2807 1548 2861 id
1584 2805 1763 2865 factus
1789 2807 1988 2874 hostis,
2015 2811 2160 2880 quod
2202 2826 2299 2867 eos
2327 2811 2494 2882 729
2514 2810 2666 2866 nullo
2695 2825 2862 2868 sensu
2898 2807 3106 2865 moveri
3133 2807 3359 2879 reperit.
3419 2806 3614 2878 Neque
3672 2813 3830 2859 tamen

579 2914 665 2960 est
715 2904 1137 2975 desperandum,
1164 2904 1258 2960 sed
1283 2904 1468 2981 _mihi,
1519 2907 1847 2976 cmterisque
1875 2909 2154 2974 omnibus,
2195 2909 2288 2981 qui
2327 2909 2422 2964 Dei
2459 2923 2646 2963 amore
2693 2919 2970 2972 tenentur,

3053 2908 3306 2977 precibus
3345 2905 3416 2960 ab
3462 2905 3652 2960 eodem
3717 2917 3832 2956 con.

581 2998 946 3061 tendendum,
998 3007 1060 3053 ut
1109 2997 1175 3053 de
1205 2979 1337 3052 ratio
1392 3008 1753 3066 convertatur,
1809 3002 1854 3055 si
1909 3001 2066 3072 probi
2114 3013 2170 3058 et
2213 2979 2418 3076 digni.
2483 3004 2574 3076 qni
2627 3019 2750 3056 eum
2813 3002 2880 3056 ad
2940 3003 3222 3056 videndum
3311 3014 3696 3070 provocemus,
3739 2994 3833 3050 eﬂi‘

581 3092 782 3148 timur.

654 3187 794 3240 Sunt
819 3200 948 3241 vero
983 3185 1076 3256 qui
1114 3186 1180 3240 ad
1216 3197 1430 3256 gentem
1466 3185 1779 3242 universam
1807 3187 2001 3243 referri
2049 3204 2166 3257 pre-

2346 3185 2503 3249 Τινὲς
2547 3184 2603 3237 δὲ
2631 3183 2738 3236 ἀπὸ
2769 3180 2970 3244 παντὸς
3003 3181 3098 3234 τοῦ
3167 3179 3355 3242 ἔθνους
3384 3179 3524 3249 φασὶ
3546 3175 3640 3239 τὰς
3659 3174 3794 3237 λιτάς
3815 3187 3830 3204 ⁶

582 3292 675 3333 res
702 3278 1040 3341 existiment,
1089 3279 1180 3331 alii
1230 3279 1394 3333 etiam
1445 3278 1511 3332 ad
1568 3277 1889 3348 prophetam
1925 3284 2166 3333 tantum.

584 3368 850 3441 Proponit
874 3384 1044 3440 porro
1078 3369 1250 3424 Deum
1292 3369 1357 3423 de
1395 3373 1524 3424 ca'lo
1563 3369 2034 3440 cognoscendum,
2061 3387 2169 3426 non

584 3472 846 3534 tauquam
879 3463 1000 3518 loco
1035 3462 1424 3529 concludatur,
1476 3461 1574 3518 sed
1605 3473 1866 3534 tanquam
1904 3463 1959 3518 in
1989 3464 2170 3535 dignis

585 3572 806 3614 sursum
827 3555 1121 3610 virtutibus
1148 3556 1481 3626 requiescat.
1511 3555 1748 3624 ideoque
1767 3569 1862 3626 per
1885 3556 2097 3610 domum
2119 3566 2172 3612 et

585 3653 856 3714 thronum,
893 3648 1084 3702 uelum
1121 3649 1304 3718 ipsum
1339 3647 1697 3719 signiﬁcavit,
1755 3659 1816 3703 ut
1854 3648 2170 3702 auditorum

585 3749 957 3809 mentes,quaa
981 3741 1034 3794 in
1055 3747 1258 3794 terram
1278 3739 1628 3804 deciderant,
1662 3754 1886 3795 sursum
1917 3739 2170 3808 erigeret,

585 3849 696 3900 quo
748 3833 884 3886 nihil
935 3831 1142 3886 humile
1187 3830 1257 3885 de
1289 3831 1400 3886 Deo
1447 3831 1779 3903 cogitarent.
1814 3829 1951 3885 Eum
1998 3831 2170 3896 enim,

585 3927 680 3996 qui
725 3925 985 3980 universa
1035 3924 1282 3978 continet
1328 3931 1381 3977 et
1436 3926 1593 3994 regit,
1623 3940 1655 3976 a
1686 3923 1816 3978 coelo
1860 3938 1971 3977 non
2031 3923 2174 3978 male

591 4018 832 4088 spectari
860 4027 914 4072 et
939 4019 1222 4087 cognosci.
1255 4016 1498 4072 “evocat
1525 4025 1705 4072 autem
1736 4016 1850 4072 Deo
1885 4018 1940 4071 in
1965 4031 2175 4072 memo-

582 4115 745 4178 riam,
776 4119 836 4167 ut
869 4127 1012 4182 stepe
1041 4127 1149 4164 non
1177 4118 1402 4181 prOpter
1425 4111 1599 4179 ipsos,
1630 4110 1723 4165 sed
1752 4119 1973 4181 propter
2004 4109 2173 4164 zelum

585 4221 766 4266 suum,
795 4207 848 4258 in
901 4204 1155 4273 indignos
1197 4204 1270 4258 ita
1315 4218 1374 4258 se
1403 4203 1729 4258 clementem
1766 4203 2083 4273 praebuerit,
2116 4210 2176 4256 ut

585 4297 804 4368 populi,
864 4296 1201 4366 ﬁliorumque
1259 4295 1583 4350 nominibus
1629 4295 1854 4350 eosdem
1912 4294 2173 4364 dignatus

586 4394 707 4454 sit:
755 4390 810 4443 in
842 4403 1007 4458 quos,
1043 4396 1306 4457 tanquam
1355 4386 1457 4441 zeli
1513 4386 1688 4456 ipsius
1731 4393 1786 4439 et
1833 4384 2173 4454 fortitudinis

586 4480 884 4548 participes
940 4479 1177 4549 amplius
1231 4494 1340 4533 non
1372 4478 1506 4542 sint,
1557 4493 1666 4531 non
1699 4485 1958 4546 tanquam
1989 4476 2171 4546 ipsum

2272 3279 2423 3334 ἄλλοι
2460 3278 2556 3329 τοῦ
2625 3276 2911 3347 προφήτου
2945 3274 3131 3344 μόνου.
3162 3273 3292 3326 Ἀπ’
3342 3270 3610 3340 οὐραγοῦ
3634 3268 3688 3322 δὲ
3712 3285 3832 3336 γνωο

2276 3369 2413 3439 ρίζει
2438 3369 2528 3421 τὸν
2553 3368 2708 3431 Θεὸν,
2742 3367 2840 3436 οὐχ
2879 3365 2956 3429 ὡς
2983 3365 3136 3437 τόπῳ
3191 3363 3662 3436 περικλειόμενον,
3721 3358 3822 3415 ἀλλ’

2271 3462 2347 3525 ὣς
2373 3462 2430 3513 ὲν
2453 3459 2632 3526 ἀξίαις
2673 3459 3094 3529 ἀναπαυόμενον
3129 3459 3250 3522 ταῖς
3289 3459 3402 3512 ἀνω
3430 3457 3736 3527 δυνάμεσιν.
3755 3452 3831 3507 Διὸ

2271 3555 2367 3609 καὶ
2395 3549 2564 3608 οἷκον
2591 3553 2685 3607 καὶ
2715 3555 2934 3623 θρόνον
2983 3553 3134 3622 λέγει
3167 3537 3278 3606 τὸν
3319 3552 3590 3621 οὐρανόν
3616 3565 3629 3578 ·
3687 3549 3830 3619 ἤγουν

2273 3648 2562 3718 ἀναφέρων
2583 3649 2650 3700 ἐκ
2668 3645 2776 3699 τῶν
2802 3647 3006 3714 γηΐνων
3036 3644 3381 3717 πραγμάτων
3400 3633 3471 3696 τά
3503 3642 3612 3696 τῶν
3634 3640 3830 3695 ἀκουόν-

2273 3757 2383 3794 των
2441 3740 2766 3810 φρονήματα
2823 3725 3298 3811 καταπεπτωκότα
3352 3735 3493 3807 πρὸς
3525 3735 3647 3804 γῆν,
3670 3732 3738 3796 ὡς
3777 3731 3832 3785 ἃν

2277 3831 2447 3902 μηδὲν
2480 3820 2730 3901 φρονοῖεν
2774 3832 2904 3902 περὶ
2929 3829 3068 3883 Θεοῦ
3114 3829 3394 3884 ταπεινόν.
3427 3829 3512 3882 Τὰ
3545 3827 3650 3896 γὰρ
3679 3825 3831 3878 πάντα

2277 3926 2542 3996 συνέχων,
2573 3925 2670 3978 καὶ
2691 3925 2994 3996 κυϐερνῶν,
3041 3922 3369 3994 γνωρισθείη
3406 3923 3476 3976 ἂν
3522 3922 3735 3993 εἰκότως
3772 3915 3830 3980 ἐξ

2275 4017 2558 4085 οὐρανοῦ.
2617 4016 3136 4088 ’Υπομιμνήσκουσι
3161 4015 3218 4067 δὲ
3245 4015 3335 4068 τὸν
3366 4014 3522 4080 Θεὸν,
3553 4012 3626 4075 ὡς
3658 4009 3830 4064 πολλά-

2275 4097 2363 4173 κις
2393 4110 2453 4163 οὐ
2474 4110 2541 4163 δι’
2576 4110 2794 4175 αὐτοὺς,
2819 4110 2905 4162 διὰ
2924 4109 2983 4162 δὲ
3006 4108 3098 4162 τὸν
3120 4109 3252 4162 ἴδιον
3279 4107 3488 4175 ζῆλον,
3523 4105 3704 4176 γέγονε
3722 4099 3829 4173 περὶ

2273 4202 2497 4268 τούτους
2537 4203 2920 4273 φιλάνθρωπος
2947 4202 3199 4268 ἀναξίους
3246 4201 3614 4270 ὑπάρχοντας,
3638 4197 3708 4260 ὡς
3750 4195 3828 4248 ναὶ

2275 4295 2622 4361 καταξιώσας
2661 4297 2857 4359 εἰπεῖν,
2901 4294 2956 4346 Ὁ
2994 4293 3146 4360 λαός
3176 4310 3276 4363 μου
3311 4291 3514 4346 τέκνα.
3559 4291 3643 4354 Ὠς
3666 4287 3716 4341 δὲ
3739 4301 3828 4357 μη-

2276 4390 2394 4444 κέτι
2419 4391 2737 4460 μετέχοντες
2772 4389 2878 4442 τοῦ
2908 4386 3113 4454 ζήλου,
3145 4387 3241 4440 καὶ
3289 4384 3400 4454 τῆς
3427 4385 3638 4454 ισχύος
3664 4378 3825 4442 αὑτοῦ,

2275 4481 2450 4535 ταῦτά
2491 4497 2679 4548 φασιν,
2735 4480 2835 4549 οὐχ
2860 4480 2935 4543 ὡς
2966 4480 3192 4533 ἐκείνων
3237 4478 3649 4532 ἐκλελοιπότων.
3685 4471 3820 4537 Ἐᾇὲτ

586 4574 680 4641 illa
717 4558 1072 4633 defecissent,
1123 4573 1228 4639 ista
1285 4572 1592 4641 usurpavit.
1652 4570 1779 4625 Zelo
1821 4571 1968 4625 enim
2019 4571 2166 4635 olim,

2281 4575 2395 4626 λου
2428 4571 2535 4644 γὰρ
2585 4573 2754 4626 eam
2784 4572 3139 4634 δουλεύοντας
3191 4571 3536 4640 Αἰγυπτίοις,
3572 4562 3826 4640 αἰχμαλὼ-

588 4681 713 4724 eum
775 4664 1157 4736 Egyptiorum
1206 4665 1471 4719 servitute
1505 4672 1909 4736 premerentur,
1952 4672 2038 4719 est
2077 4679 2174 4718 eos

588 4766 954 4829 prosecutus;
983 4760 1074 4827 qui
1100 4759 1208 4813 illis
1228 4758 1392 4813 etiam
1412 4759 1466 4812 in
1497 4758 1869 4828 captivitatem
1894 4757 2171 4825 abductis,

589 4851 709 4904 zelo
743 4865 942 4919 magno
972 4851 1150 4905 zelare
1190 4866 1248 4905 sc
1288 4848 1531 4904 Juda‘am
1579 4858 1632 4904 et
1664 4848 1884 4904 Sionem
1941 4847 2171 4902 alllrma-

588 4943 668 4995 vit
720 4944 787 4994 ³⁸.
853 4941 1070 5001 Postea.
1125 4957 1249 4994 eum
1313 4942 1380 4995 iis
1433 4957 1510 5003 se,
1557 4940 1650 5010 qui
1685 4955 1805 4994 eam
1860 4940 2162 5008 cepissent,

2280 4683 2389 4719 των
2417 4681 2477 4718 τε
2498 4667 2801 4736 γεγονότων
2828 4664 3090 4736 ἔφασκεν
3137 4663 3422 4738 Ἐζήλωκα
3450 4663 3550 4733 τὴν
3591 4661 3826 4731 Ἰερουσα-

2279 4757 2392 4831 λὴμ
2449 4761 2543 4812 καὶ
2585 4760 2686 4827 τὴν
2744 4757 2881 4830 Σιὼν
2905 4757 3066 4829 ζῆλον
3093 4757 3287 4828 μέγαν.
3354 4753 3490 4809 Εἶτα
3536 4757 3643 4817 τοῖς
3668 4747 3822 4805 ἑλοῦσι

2279 4845 2458 4918 φήσας
2479 4849 2817 4919 ὀργίζεσθαι,
2853 4850 3050 4920 ἐπάγει
3075 4855 3093 4873 ⁸
3121 4849 3266 4913 Ἀνο’
3299 4845 3376 4902 ὧν
3405 4846 3518 4916 ἐγὼ
3550 4846 3644 4917 μὲν
3671 4837 3819 4913 dimi-

2277 4941 2411 5011 σθην
2441 4943 2620 5011 ὀλίγα,
2655 4943 2809 4996 αὐτοὶ
2841 4943 2896 4996 δὲ
2919 4941 3276 4996 συνεπέθεντο
3302 4942 3381 5003 είς
3406 4940 3572 5012 κακά.

585 5035 749 5095 iraSei
783 5041 1012 5088 testatus
1092 5044 1257 5100 esset,
1290 5034 1339 5087 id
1363 5034 1482 5088 ideo
1505 5032 1682 5088 facere
1714 5048 1772 5086 se
1788 5031 2003 5102 adjecit,
2035 5032 2182 5101 quod
2225 5048 2350 5085 cum
2401 5051 2590 5102 parum
2642 5037 2697 5091 in
2733 5052 2830 5092 eos
2865 5038 3038 5090 iratus
3072 5044 3240 5102 esset,
3308 5034 3374 5087 ad
3407 5033 3547 5087 mala
3613 5029 3706 5102 ipsi
3741 5029 3825 5084 ad-

589 5130 872 5195 jeeisscnt.

661 5223 802 5280 Sunt
845 5234 1051 5288 tamen,
1077 5222 1168 5294 qui
1204 5223 1304 5278 zeli
1339 5224 1580 5287 nomine,
1617 5239 1736 5277 eam
1768 5220 2170 5301 providentiam

591 5324 788 5386 putent
840 5315 1093 5386 intelligi,
1155 5332 1321 5386 quam
1379 5332 1509 5387 erga
1578 5317 1726 5387 ipsos
1775 5314 2164 5369 maniiestavit.

596 5413 782 5480 Itaque
810 5408 934 5462 inde
962 5424 1106 5472 esse,
1151 5408 1299 5477 quod
1356 5408 1408 5461 in
1446 5409 1707 5478 populum
1735 5407 1930 5464 iratus.
1963 5407 2165 5468 zelum,

2354 5219 2511 5283 Τινὲς
2535 5219 2590 5272 δὲ
2614 5218 2797 5286 ζῆλον
2831 5218 2928 5288 τὴν
2954 5217 3034 5280 εἰς
3068 5214 3266 5277 αὐτοὺς
3301 5212 3548 5277 ἐδέξαντο
3573 5209 3820 5280 πρόνοιαν.

2278 5311 2582 5381 Τοιγαροῦν
2641 5311 2993 5379 ὀργιζόμενος
3041 5307 3117 5376 τῷ
3169 5306 3286 5376 λαῷ
3341 5305 3511 5372 λέγει’
3562 5300 3696 5373 Ἀρῶ
3745 5297 3820 5352 τὸν

2275 5400 2436 5470 ζῆλόν
2466 5419 2568 5472 μου
2609 5401 2717 5454 ἀπὸ
2737 5401 2854 5464 σοῦ,
2883 5399 3028 5452 τοῦτ’
3051 5399 3189 5461 ἔστι,
3215 5399 3315 5468 τὴν
3336 5395 3675 5467 κηδεμονίαν.
3708 5388 3820 5445 Οὐδὲ

595 5503 648 5579 id
679 5511 759 5556 est
793 5515 984 5553 curam
1015 5508 1069 5553 et
1096 5499 1553 5562 sollicitudinem,
1585 5499 1654 5552 ab
1683 5512 1748 5551 eo
1779 5513 1837 5552 se
1865 5498 2166 5552 ablaturum

2273 5494 2375 5564 γὰρ
2403 5494 2654 5563 Ἀϐραὰμ
2687 5489 2768 5562 ἦν
2829 5491 3028 5561 πατὴρ
3065 5489 3257 5561 ἡμῶν,
3295 5491 3344 5543 εἰ
3399 5491 3494 5542 καὶ
3519 5489 3580 5557 τῇ
3624 5482 3809 5579 γενέσει

597 5573 752 5662 dixit.
795 5590 981 5659 Neque
1017 5590 1164 5642 enim
1203 5590 1495 5654 Abraham,
1533 5589 1784 5659 quamvis
1809 5589 2166 5658 generationis

2273 5585 2353 5655 διη
2370 5587 2639 5657 κονήσατο
2697 5585 2770 5638 Σὺ
2797 5585 2854 5638 δὲ
2880 5587 2908 5637 ὁ
2932 5587 2995 5637 ὲκ
3020 5584 3095 5656 μὴ
3134 5584 3305 5636 1Ξντων
3359 5577 3704 5653 παραγαγὼν,
3735 5573 3816 5629 καὶ

686 5771 732 5819 εἳ
771 5771 926 5845 ζὶοιιῑ.
964 5786 1132 5838 xxxu,
1170 5767 1250 5822 1‘2.
1329 5767 1372 5797 υ
1409 5765 1551 5822 Psal.
1594 5781 1702 5829 ενι,
1758 5765 1848 5820 20.
1904 5766 1947 5793 Μ
1985 5765 2157 5820 Exod.

2273 5780 2297 5828 ',
2342 5763 2429 5818 2-2.
2510 5765 2548 5793 "’
2598 5763 2741 5818 Psal.
2789 5779 2992 5829 Lxxvn,
3030 5763 3118 5817 52.
3161 5764 3204 5795 ⁹²
3248 5761 3477 5818 Zachar.
3513 5775 3548 5826 ι,
3581 5757 3656 5812 Μ.
