4046 6386
197 337 323 402 ὶὸῗτ

1304 327 1837 390 COMMENTARII
1865 325 1946 387 ΙΝ
1982 319 2246 384 ISAIAM

3299 300 3440 363 (2673

197 445 389 514 Πατὴρ
419 441 635 496 πάντων
660 439 1011 512 πνευμάτων,
1041 442 1136 493 καὶ
1165 439 1276 492 τῶν
1301 437 1422 493 κατ’
1450 439 1635 492 εἰκόνα
1664 439 1762 508 τὴν

1900 433 2140 498 tinister,
2199 444 2349 498 pater
2402 435 2579 480 noster
2629 419 2750 490 fuit,
2783 417 2880 474 sed
2914 423 2994 482 tu,
3026 411 3119 484 qui
3170 411 3238 465 de
3269 409 3443 464 nihiio
3508 399 3512 404 ’

198 541 288 611 σὴν
331 535 716 604 πεποιημένων
757 531 967 602 ψυχῶν.
1013 531 1253 594 Ἐκεῖνος
1308 532 1418 601 γὰρ
1447 532 1496 584 εἰ
1523 531 1617 584 καὶ
1661 531 1760 599 τὴν

197 627 516 700 ἐπαγγελίαν
542 627 786 695 εἴληφεν,
823 625 939 678 ἀλλ’
963 626 1117 695 ἡμᾶς
1172 625 1232 677 οὐ
1283 623 1558 677 τεθέαται.
1593 622 1759 676 Ὅθεν

199 725 407 792 ἐλέησον
462 719 634 788 ἡμᾶς,
667 716 760 780 οὓς
791 715 861 769 τὸ
901 715 1022 770 σὸν
1067 714 1258 784 ὄνομα
1287 716 1504 784 κοσμεῖ.
1529 713 1764 781 κλῆρος

196 815 294 882 γάρ
313 827 430 864 σου
467 807 804 879 κεκλήμεθα.
824 806 915 875 Τῷ
946 806 1024 877 σῷ
1046 807 1228 859 τοίνυν
1247 807 1493 875 ὀνόματι
1517 806 1761 875 χάρισαι,

198 908 265 968 ὡς
288 906 350 959 ἂν
375 904 449 973 μὴ
477 901 868 972 βλασφημῆται
895 898 1047 969 παρὰ
1077 903 1188 962 τοῖς
1225 897 1457 952 ἔθνεσιν.
1499 894 1684 950 Ταῦτα
1707 895 1767 958 ἐξ

197 998 384 1052 οἰκείου
425 993 737 1066 προσώπου,
785 993 881 1046 καὶ
925 993 1034 1045 τῶν
1078 989 1485 1059 εὐλαϐεστέρων
1518 986 1690 1041 είπὼν
1737 987 1767 1039 ὁ

201 1088 495 1159 προφήτης,
527 1085 738 1152 εἰσάγει
785 1084 912 1146 τοὺς
949 1085 1006 1138 ὲν
1031 1081 1108 1152 τῷ
1142 1081 1256 1150 λαῷ
1308 1081 1610 1150 φιλαιτίους
1667 1079 1769 1132 οὐκ

199 1177 476 1241 ὀκνοῦντας
532 1177 682 1246 αὐτῷ
723 1175 986 1238 πολλάκις
1035 1172 1494 1244 καταμέμφεσθαι
1543 1171 1621 1242 τῷ
1649 1168 1770 1239 Θεῷ

201 1273 446 1344 λέγοντας
481 1284 496 1299 ο
537 1268 598 1320 Τί
623 1264 983 1331 ἐπλάνησας
1025 1261 1206 1331 ἡμᾶς,
1266 1260 1466 1328 Κύριε,
1496 1258 1616 1313 ἀπὸ
1657 1257 1772 1324 τῆς

202 1361 334 1415 ὀδοῦ
386 1374 548 1422 σου;
601 1356 676 1420 ὡς
725 1355 791 1409 ἂν
834 1353 996 1415 αὐτὸν
1049 1353 1148 1421 τῆς
1195 1350 1543 1417 ἐκπτώσεως,
1577 1349 1644 1420 ἢν
1683 1349 1772 1402 διὰ

203 1453 423 1526 Χριστὸν
457 1451 784 1518 ὑπέμειναν,
809 1445 1148 1515 αἰτιώμενοι,
1181 1442 1326 1496 κατὰ
1356 1442 1482 1504 τοὺς
1514 1441 1774 1506 λέγοντας

203 1547 300 1600 ἀπὸ
342 1544 434 1597 τοῦ
500 1541 632 1596 λαοῦ
677 1539 878 1602 παντὸς
907 1539 1000 1590 τὸν
1037 1538 1200 1605 λόγον
1256 1533 1534 1606 εἰρῆσθαιο
1605 1533 1773 1602 ἤγουν

203 1639 298 1694 ἀπὸ
356 1636 449 1691 τοῦ
503 1635 806 1704 προφήτου,
853 1632 912 1695 ὃς
945 1634 1144 1694 πάντα,
1172 1627 1470 1698 φασ¹ιν,ὲπ“ι
1499 1627 1590 1679 τὸν
1641 1626 1774 1678 Θεὸν

203 1732 476 1802 ἀναφέρει,
533 1729 632 1797 οὐχ
697 1725 774 1788 ώς
813 1725 909 1778 τοῦ
942 1723 1280 1794 ἁμαρτάνειν
1310 1721 1505 1782 αἴτιον,
1531 1717 1648 1772 ἀλλ’
1699 1717 1774 1780 ώς

1867 527 2204 598 producens,
2245 538 2350 576 non
2377 519 2536 573 modo
2573 516 2865 585 spirituum
2900 508 3143 562 omnium
3177 503 3338 557 Pater
3363 519 3441 566 es,

1866 625 1960 675 sed
2001 618 2310 673 animarum
2345 613 2534 672 etiam,
2566 625 2686 678 qua-
2718 614 2844 659 sunt
2877 603 2943 656 ad
2974 600 3269 665 imaginem
3297 605 3445 649 tuam

1867 721 2192 783 procreatio.
2223 707 2305 760 llli
2348 705 2497 758 enim
2546 701 2648 756 etsi
2688 696 2984 769 promissio
3035 693 3176 745 facta
3209 694 3316 754 est,
3347 703 3450 742 nos

1866 781 2047 855 tamen
2077 797 2220 852 haud
2250 797 2404 850 vidit.
2446 793 2625 847 Nostri
2657 791 2845 862 igitur,
2881 787 3132 847 obsecro,
3165 781 3451 839 miserere.

1868 907 2007 962 quos
2062 904 2249 942 nomen
2298 897 2446 939 tuum
2503 887 2758 938 exornat.
2825 875 3126 931 "(creditas
3172 871 3318 926 enim
3360 879 3453 922 tua

1869 961 2276 1052 nttncupatnur.
2317 977 2372 1032 ld
2427 991 2562 1046 ergo
2619 971 2825 1027 nomini
2862 977 2953 1023 tuo
2988 965 3190 1036 largire
3220 970 3282 1018 ut
3309 961 3450 1032 apttd

1874 1085 2068 1146 gentes
2110 1088 2220 1128 non
2249 1069 2686 1139 blasphematur.
2728 1063 2862 1129 Quae
2891 1075 3016 1115 cum
3051 1073 3079 1111 a
3108 1072 3208 1114 sua
3241 1063 3295 1109 et
3325 1053 3455 1109 reli-

1872 1165 2149 1234 giosorum
2183 1175 2418 1230 persona
2467 1161 2794 1224 usurpasset
2829 1151 2992 1222 730
3028 1148 3315 1220 propheta,
3361 1159 3458 1198 eo;

1869 1259 2005 1325 jam,
2033 1253 2128 1324 qui
2155 1253 2223 1307 de
2260 1249 2464 1322 populo
2492 1243 2949 1302 accusationibus
2980 1241 3285 1312 gaudentes
3314 1250 3458 1303 satp:

1876 1346 2047 1400 Deum
2079 1357 2312 1413 arguere
2344 1356 2454 1394 non
2483 1338 2829 1396 dubitarent,
2862 1349 2896 1385 a
2933 1331 3156 1385 Domino
3184 1326 3459 1397 postulare

1879 1438 2031 1500 facit,
2062 1450 2225 1505 quare
2250 1449 2304 1488 se
2335 1449 2365 1485 a
2390 1435 2477 1484 via
2506 1428 2622 1498 ejus
2651 1441 2830 1481 errare
2855 1423 3084 1492 fecisset,
3111 1428 3170 1473 tit
3201 1417 3269 1471 ad
3306 1417 3458 1470 illum

1877 1529 2205 1586 calamitatis
2257 1525 2404 1594 ejus,
2457 1537 2626 1593 quam
2684 1525 2907 1589 propter
2965 1514 3250 1571 Christum
3313 1509 3460 1579 passi

1879 1631 2046 1682 sunt,
2089 1620 2497 1676 accusationem
2542 1631 2609 1671 ex
2647 1627 2839 1669 eorum
2881 1607 3152 1665 sententia
3200 1603 3459 1665 referant,

1879 1722 1970 1790 qui
2004 1719 2186 1790 populi
2227 1716 2394 1769 totius
2425 1727 2732 1769 sermonem
2770 1725 2893 1765 esse
2926 1708 3151 1770 volunt;
3184 1715 3278 1758 aut
3310 1710 3460 1758 certe

205 1821 578 1895 σδγχωροῦντα
612 1837 626 1851 ⁸
659 1819 726 1872 δι’
752 1810 828 1872 ὧν
845 1818 904 1870 οὐ
946 1815 1294 1887 παραχρῆμα
1322 1813 1479 1882 δίκην
1511 1811 1776 1882 είσπράττ

1900 1813 2186 1880 )rophetaz,
2247 1824 2275 1860 a
2333 1822 2444 1877 quo
2504 1804 2570 1858 ad
2612 1805 2779 1857 Deum
2815 1803 3023 1865 omnia,
3058 1813 3166 1853 nou
3204 1805 3466 1866 tanquam

203 1933 360 1969 τεται.
421 1913 614 1976 Οὕτως
660 1909 1070 1983 ἁμαρτάνοντες
1131 1905 1451 1975 πεπρᾶσθαι
1507 1902 1780 1972 λεγόμεθα

205 2008 321 2076 παρ’
358 2002 551 2066 αὐτοῦ,
600 2002 677 2065 ὡς
697 2003 821 2063 ταῖς
864 1999 1021 2060 ἰδίαις
1063 1995 1362 2066 ἁμαρτίαις
1419 1991 1780 2061 ἐκδεδομένοι.

206 2099 284 2150 Διδ
310 2095 402 2150 καὶ
428 2094 524 2146 τοῦ
544 2092 747 2165 Φαραὼ
783 2089 1086 2161 σκληρύναι
1145 2087 1365 2156 λέγεται
1408 2086 1507 2154 τὴν
1530 2084 1782 2154 καρδίαν,

204 2189 326 2242 διότι
383 2185 783 2257 μακροθυμῶν,
831 2183 932 2238 οὐκ
973 2181 1082 2236 ἀπὸ
1134 2179 1359 2252 πρώτης
1411 2178 1576 2232 αὑτὸν
1609 2177 1784 2231 ἀνεῖλε

208 2278 434 2350 πληγῆς,
463 2278 544 2342 ὡς
569 2277 636 2332 ἂν
659 2276 920 2338 πολλάκις
939 2272 1264 2342 παιομένου,
1297 2271 1392 2322 καὶ
1425 2268 1502 2340 μὴ
1527 2267 1786 2338 ἐπιστρέο

209 2387 406 2440 φοντος,
441 2367 694 2430 ἀναίτιος
733 2364 919 2435 δειχθῇ
948 2361 1049 2432 τὴν
1084 2361 1325 2432 ἐσχάτην
1364 2359 1587 2426 ἐπάγων
1647 2357 1786 2426 πλη..-

207 2467 320 2534 γήν.
342 2465 412 2518 Σὺ
433 2464 479 2516 δ’
514 2460 630 2527 οὖν,
651 2465 680 2516 ὁ
696 2460 851 2525 Θεὸς,
871 2467 901 2496 ιι
923 2458 1024 2512 διὰ
1048 2455 1192 2522 τοὺς
1213 2454 1479 2519 δούλους
1503 2469 1648 2507 σου·
1690 2451 1788 2505 καὶ

209 2559 306 2628 γὰρ
355 2557 504 2620 εἰκὸς
558 2551 699 2610 εἷναί
759 2569 914 2616 τινας
976 2552 1035 2606 ὲν
1094 2548 1174 2619 τῷ
1233 2547 1428 2620 πλήθει
1489 2544 1784 2608 τοιούτους·

209 2653 362 2720 ήγουν
394 2649 496 2705 διὰ
531 2649 662 2711 τοὺς
729 2643 874 2704 κατὰ
902 2641 1098 2713 γενεὰν
1150 2637 1626 2712 εὐαρεστήσαντάς
1678 2652 1786 2688 σοι·

210 2745 365 2819 ήγουν
394 2741 590 2814 ἐπειδὴ
621 2738 770 2804 ἅπαξ
841 2737 1160 2807 ἐφθάσαμεν
1187 2731 1411 2800 κλῆρος
1430 2727 1791 2799 ὀνομάζεσθαι

216 2837 316 2900 σδς,
347 2837 395 2888 εί
445 2835 544 2887 καὶ
597 2832 672 2904 μὴ
701 2831 769 2885 δι’
792 2829 1103 2891 εὐπειθείας
1130 2825 1530 2894 δουλεύομεν.
1569 2822 1690 2874 Ἐτι
1735 2819 1791 2873 δὲ

215 2929 299 2982 καὶ
319 2927 414 2980 διὰ
450 2926 564 2992 τὰς
601 2922 801 2994 φυλὰς
831 2920 940 2990 τῆς
967 2919 1374 2988 κληρονομίας
1395 2931 1534 2978 σου,
1560 2913 1700 2982 ὅπερ
1716 2912 1793 2974 εἰς

215 3020 399 3073 ταύτὸν
420 3018 614 3071 τείνει.
647 3017 854 3083 Ἦγουν
880 3013 1006 3076 τοὺς
1035 3012 1158 3066 κατ’
1200 3004 1342 3071 εἶδος
1363 3001 1795 3077 εὐαρεστοῦντάς

1883 1904 2147 1974 peccandi
2182 1911 2372 1956 auctor
2400 1901 2492 1962 sit,
2547 1898 2641 1953 sed
2677 1905 2936 1965 tanquam
2972 1907 3202 1965 peccare
3237 1887 3468 1959 pennit-

1883 2006 1981 2060 tat,
2015 1996 2206 2050 referri
2243 1995 2418 2057 aiunt,
2453 1991 2654 2061 quibus
2680 1989 2936 2050 efﬁcitur,
2978 1994 3038 2039 ut
3075 1998 3265 2054 poenas
3284 1980 3469 2036 statim

1885 2104 1994 2142 non
2020 2094 2302 2156 exposcat.
2338 2084 2461 2137 Non
2493 2082 2596 2136 alia
2628 2081 2840 2135 ratione
2872 2093 2998 2132 cum
3052 2087 3369 2146 peccamus,
3405 2072 3475 2126 ab

1884 2181 2074 2236 eodem
2111 2178 2410 2233 venundati
2439 2177 2713 2240 dicimur;
2745 2183 3005 2242 tauquam
3043 2167 3288 2240 peccatis
3339 2178 3475 2219 nos-

1886 2276 1988 2328 tris
2037 2272 2328 2327 dedamur.
2391 2270 2522 2326 Inde
2580 2277 2637 2324 et
2698 2283 2796 2321 cor
2838 2262 3148 2320 Pharaonis
3189 2259 3479 2314 intlnrasse

1888 2367 2088 2437 legitur
2119 2365 2188 2430 ⁸³,
2215 2363 2478 2434 quoniam
2525 2360 2724 2415 leniter
2754 2359 2809 2412 in
2844 2373 2968 2413 eum
3007 2371 3068 2412 sc
3115 2367 3335 2424 gerens,
3368 2364 3478 2404 non

1889 2460 2063 2529 prima
2111 2460 2296 2514 statim
2357 2457 2537 2526 ipsum
2589 2454 2749 2525 plaga
2781 2450 3044 2514 sustulit;
3081 2456 3140 2501 ut
3167 2459 3294 2502 cum
3336 2457 3480 2510 saepe

1890 2554 2062 2621 tangi,
2089 2567 2190 2606 nec
2224 2550 2560 2619 resipiscere
2591 2544 2947 2600 manifestum
2977 2551 3148 2604 esset,
3176 2545 3478 2610 extremam

1889 2642 2104 2712 plagam
2140 2657 2245 2694 non
2277 2640 2480 2707 injuria
2531 2645 2816 2692 constaret
2857 2633 3129 2704 inﬂigere.
3164 2629 3483 2685 Convertere

1891 2732 2076 2802 igitur.
2109 2748 2142 2785 ο
2173 2730 2333 2795 Deus,
2363 2739 2574 2798 propter
2597 2744 2772 2781 servos
2814 2736 2972 2790 tuos;
3013 2719 3328 2792 cujusmodi
3361 2733 3486 2773 esse

1893 2825 2109 2892 aliquos
2142 2822 2195 2876 in
2237 2821 2339 2875 hac
2373 2819 2679 2889 frequentia
2721 2834 2827 2872 non
2873 2826 2958 2872 est
3016 2816 3432 2870 dissentaneum
3469 2827 3481 2865 :

1893 2918 1975 2969 vel
2007 2925 2220 2985 propter
2245 2929 2366 2977 eos,
2392 2914 2486 2984 qui
2534 2911 2839 2967 secundum
2873 2915 3088 2963 aetatem
3132 2906 3227 2960 tibi
3267 2905 3487 2974 placue-

1895 3017 2060 3073 runt;
2094 3007 2174 3060 vel
2205 3006 2371 3060 etiam
2397 3046 2413 3070 ,
2452 3005 2580 3074 quia
2629 3004 2741 3072 jam
2792 3001 2884 3055 diu
2922 3011 3070 3055 certe
3123 2996 3487 3052 Ita'reditatem

219 3123 292 3158 σοι
333 3105 714 3173 ἐπέστρεφον
775 3102 944 3172 ἡμᾶς,
1010 3099 1099 3152 ἴνα
1147 3097 1422 3168 προφάσει
1463 3094 1575 3148 τῶν
1626 3093 1793 3159 ἀξίων

1900 3113 2046 3154 tuam
2075 3099 2260 3152 vocari
2298 3114 2398 3152 nos
2444 3097 2697 3166 contigit,
2737 3094 2990 3166 quamvis
3040 3092 3488 3160 obtemperantes

215 3196 522 3269 δυνηθῶμεν
549 3194 645 3247 καὶ
665 3196 830 3266 ήμεῖς
852 3189 1073 3262 μικρᾶς
1131 3189 1352 3260 μερίδος
1397 3188 1582 3257 τυχεῖν
1615 3187 1673 3237 ἐν
1716 3187 1795 3254 τῷ

218 3288 608 3360 ὶπηγγελμένῳ
632 3287 734 3340 ὑπὸ
763 3284 858 3338 σοῦ
899 3285 1020 3352 ὄρει
1043 3283 1208 3354 ἁγίῳ.
1243 3281 1398 3334 Φίλον
1421 3279 1478 3332 δὲ
1511 3281 1578 3350 τῇ
1604 3279 1798 3350 Γραφῇ

221 3381 348 3452 ὄρος
404 3381 584 3450 ἅγιον
614 3378 714 3450 τὴν
772 3376 1104 3447 Ἐκκλησίαν
1162 3375 1372 3438 καλεῖν,
1411 3367 1479 3446 ῆς
1528 3371 1797 3440 γεγόνασι

217 3476 409 3548 βραχύ
438 3493 496 3529 τι
533 3474 701 3546 μέρος
725 3474 774 3526 oi
808 3471 869 3536 ἐξ
935 3469 1172 3542 Ἰσραὴλ,
1221 3468 1309 3522 διὰ
1337 3467 1398 3520 τὸ
1431 3465 1801 3536 κατάλειμμα,

223 3567 307 3621 τοῦ
333 3567 390 3634 ἐξ
416 3567 592 3622 ἐθνῶν
637 3566 867 3636 ἀπείρου
910 3562 1152 3633 πλήθους
1200 3558 1614 3622 πιστεύσαντος.
1636 3557 1800 3620 Εἰκὸς

225 3659 276 3712 δὲ
308 3659 510 3724 αὐτοὺς
535 3660 708 3712 αἰτεῖν
757 3658 852 3711 καὶ
893 3657 951 3709 ἐν
980 3656 1048 3726 τῇ
1072 3654 1186 3709 ἄνω
1210 3652 1366 3706 πόλει
1411 3649 1585 3724 βραχύ
1624 3667 1678 3702 τι
1710 3647 1809 3718 μὲ-

228 3769 314 3823 ρος
343 3749 772 3821 κληρονομεῖν.

1905 3195 2040 3248 servi
2071 3208 2180 3248 non
2209 3194 2406 3249 simus.
2441 3193 2518 3247 Ad
2550 3193 2654 3246 hoe
2685 3198 2740 3244 et
2770 3197 2985 3259 propter
3012 3185 3178 3239 tribus
3209 3181 3492 3238 Itazredita-

1907 3293 1975 3344 tis
2025 3301 2166 3354 tua);
2206 3287 2352 3359 quod
2386 3285 2585 3339 eodem
2641 3291 2896 3354 spectare
2927 3277 3228 3350 putandmn
3261 3285 3366 3331 cst.
3399 3270 3491 3325 Vel

1909 3397 2012 3436 nos
2041 3380 2298 3450 denique,
2333 3377 2424 3447 qui
2478 3374 2574 3428 tibi
2605 3371 2790 3442 specie
2821 3378 2982 3426 tenus
3032 3368 3338 3439 placemus,
3375 3363 3494 3432 ipse

1911 3485 2187 3537 converte;
2215 3480 2274 3525 ut
2295 3479 2350 3525 et
2371 3483 2564 3524 eorum
2598 3466 2688 3536 qui
2721 3464 2871 3535 digni
2898 3469 3047 3527 sunt,
3073 3459 3257 3514 habita
3283 3456 3497 3510 ratione

1913 3562 2164 3632 exiguam
2198 3568 2409 3630 partem
2473 3555 2666 3610 montis
2722 3570 2752 3608 a
2804 3561 2858 3607 te
2915 3549 3177 3622 promissi
3215 3543 3498 3617 possidere

1915 3655 2221 3710 valeamus.
2287 3653 2386 3707 Est
2445 3665 2580 3704 vero
2641 3647 2939 3717 Scriptum
2997 3643 3262 3698 usitatum
3325 3635 3499 3691 sancti

1922 3746 2115 3798 montis
2169 3743 2538 3815 appellatione
2576 3738 2885 3794 Ecclesiam
2943 3735 3288 3806 signiﬁcare;
3339 3727 3500 3798 cujus

227 3845 413 3915 exigua
462 3858 618 3914 pars,
649 3849 875 3913 propter
917 3837 1206 3909 reliquias,
1235 3833 1338 3906 ipsi
1382 3832 1608 3891 fuerunt
1636 3831 1949 3894 Israelita:
2017 3850 2143 3892 cum
2173 3832 2559 3908 gentium,'qui
2614 3829 2994 3893 crediderunt,
3052 3825 3300 3883 infinitus
3355 3835 3504 3885 esse;

230 3952 515 3993 numerus.
565 3935 662 3993 Est
695 3943 960 4008 prmtcrea
1003 3947 1112 3988 non
1149 3927 1476 3993 absurdum,
1510 3942 1630 3994 eos,
1659 3935 1720 3982 ut
1795 3926 1854 3983 in
1926 3944 2167 4001 superna
2220 3929 2445 3985 civitate
2502 3925 2829 3998 particulam
2879 3925 3117 3994 aliquam
3171 3917 3501 3990 possideant,

233 4033 532 4104 postulare.

295 4127 452 4191 Τινὲς
484 4124 546 4178 δέ
576 4139 762 4194 φασιν,
797 4123 912 4176 τῶν
949 4119 1294 4190 Ἀσσυρίων
1337 4117 1438 4193 τὴν
1502 4117 1608 4188 γῆν
1632 4115 1819 4178 αὐτῶν

235 4221 563 4293 ἐσχηκότων,
596 4217 1025 4276 ἀντοικισάντων
1045 4231 1106 4279 τε
1136 4212 1268 4277 τοὺς
1301 4209 1646 4276 Γοθοαίους
1677 4218 1730 4275 ν,
1766 4210 1817 4264 οἳ

238 4317 324 4369 καὶ
352 4315 695 4385 Σαμαρεῖται
717 4310 794 4383 τῷ
820 4312 972 4382 τόπῳ
1005 4305 1542 4379 παρωνομάσθησαν,
1578 4304 1819 4378 περιλει-

239 4408 427 4478 φθῆναι
460 4405 748 4476 δὺοῆμισυ
782 4403 944 4475 μόνον
973 4399 1199 4472 φυλὰς,
1235 4400 1291 4454 αἳ
1314 4397 1522 4469 βραχύ
1553 4414 1612 4450 τι
1636 4397 1822 4465 μέρος

241 4500 511 4568 κατεῖχον.
562 4496 620 4550 '0
645 4494 932 4568 προφήτης
962 4501 989 4528 κ
1029 4493 1170 4555 αἰτεῖ
1220 4491 1357 4560 ὅπερ
1391 4489 1536 4559 ἒχειν
1579 4486 1820 4550 ἐδόκουν,

241 4590 416 4652 αὐτοῖς
451 4587 794 4657 φυλαχθῆναι
825 4584 957 4662 πρὸς
991 4583 1215 4654 μνήμην
1239 4581 1342 4652 τῆς
1394 4580 1465 4646 ἐξ
1520 4576 1713 4647 ἀρχῆς
1743 4577 1824 4641 είς

243 4683 300 4734 τὸ
323 4683 481 4751 γένος
508 4678 686 4733 αὐτῶν
711 4677 1024 4748 εὐμενείας,
1075 4671 1258 4749 ἧσπερ
1311 4673 1595 4745 ἀρθείσης,
1623 4671 1698 4731 ὡς
1751 4669 1827 4741 μὴ

245 4773 365 4836 λαὸς
417 4772 658 4843 ἐσόμεθα
706 4771 818 4841 σὸς,
846 4769 981 4840 μηδὲ
1024 4768 1183 4840 μερίς
1237 4784 1332 4820 σου
1360 4763 1826 4836 χρηματίσαντες,

249 4866 408 4936 ήγουν
441 4865 526 4928 ὠς
553 4864 621 4916 τὸ
653 4861 753 4916 ἀπ’
812 4859 1034 4930 ἀρχῆς,
1087 4861 1176 4912 ὅτε
1203 4856 1302 4930 τὴν
1334 4857 1393 4909 ὲν
1419 4854 1684 4924 Αἰγύπτῳ
1711 4853 1830 4906 διας

248 4958 433 5032 τριϐὴν
479 4954 832 5026 ἐποιούμεθα,
896 4954 956 5007 οὐ
1006 4953 1315 5025 προφήτας,
1351 4949 1453 5020 οὐχ
1507 4938 1711 5019 ἱερέας,
1771 4946 1831 5000 οὐ

253 5050 487 5120 βασιλεῖς
509 5052 826 5122 ἐσχηκότες,
870 5050 991 5105 οὐδὲ
1050 5049 1160 5103 τῶν
1201 5048 1308 5101 σῶν
1361 5043 1833 5118 χαρισμάτωνού-

252 5142 354 5208 δὲν,
385 5143 519 5216 πρὶν
587 5145 720 5215 ἡμῖν
747 5144 1120 5214 ἀποσταλῆναι
1151 5141 1242 5194 τὸν
1291 5141 1516 5195 Μωσὲα.
1543 5139 1678 5191 Τότε
1725 5137 1836 5209 γὰρ

257 5236 351 5289 οὐκ
383 5235 689 5307 ἑλεγόμεθα
717 5235 822 5290 σοί.
853 5237 964 5290 Καὶ
992 5235 1087 5291 νῦν
1109 5235 1168 5289 δὲ
1199 5235 1281 5298 είς
1338 5234 1402 5286 τὸ
1461 5231 1594 5285 αὐτὸ
1646 5230 1836 5302 περιέ-

261 5347 459 5402 στημεν
488 5331 664 5395 τέλος,
690 5329 794 5383 ὑπὸ
835 5331 1001 5396 πόδας
1024 5328 1282 5391 πεσόντες
1309 5325 1436 5390 τοὺς
1475 5323 1836 5386 διαϐολικοὺς,

263 5424 348 5478 καὶ
377 5427 673 5496 κοσμικαῖς
735 5423 1048 5488 ὲκδοθέντες
1094 5418 1434 5491 ἐπιθυμίαις.
1493 5415 1708 5480 Ταύτας
1733 5414 1842 5486 γὰρ

1996 4115 2185 4173 Placet
2210 4130 2429 4186 quoque
2456 4113 2762 4177 nonnullis,
2795 4127 2919 4167 cum
2955 4124 3142 4166 eorum
3176 4117 3377 4164 terram
3402 4108 3505 4163 As-

1922 4211 2058 4284 syrii
2094 4217 2484 4280 occupassent,
2516 4207 2896 4274 Chuthwisque
2935 4203 3050 4273 (qui
3084 4203 3248 4256 etiam
3296 4200 3364 4254 de
3401 4200 3508 4253 loci

1926 4303 2148 4359 nomine
2194 4300 2526 4356 Samaritani
2589 4295 2891 4366 nuncupati
2957 4293 3109 4363 sunt)
3155 4291 3506 4347 habitandam

1927 4394 2246 4460 dedissent;
2281 4394 2423 4448 duas
2459 4399 2674 4446 tantum
2725 4387 2895 4442 tribus
2925 4394 2980 4440 et
3028 4384 3309 4438 dimidiam
3343 4384 3509 4437 relic-

1928 4494 2013 4542 tas
2049 4487 2242 4552 fuisse,
2279 4501 2401 4557 quae
2434 4483 2700 4539 modicam
2746 4480 2868 4549 ejus
2912 4487 3116 4547 partem
3152 4485 3508 4546 occuparent.

1932 4581 2179 4635 Postulat
2211 4579 2380 4650 igitur
2405 4577 2694 4648 propheta,
2732 4583 2791 4629 ut
2837 4588 3003 4644 quam
3050 4571 3150 4641 ipsi
3190 4570 3390 4626 habere
3431 4570 3513 4623 vi-

1932 4673 2152 4735 dentur,
2185 4686 2247 4726 ea
2282 4670 2439 4740 ipsis,
2484 4669 2537 4722 in
2570 4668 2692 4736 ejus
2741 4663 3138 4722 benevolentia!
3174 4661 3516 4717 recordatio-

1935 4781 2084 4829 nem,
2119 4780 2224 4835 qua
2264 4765 2330 4816 ab
2361 4763 2514 4816 initio
2545 4761 2698 4832 73]
2734 4775 2910 4830 genus
2953 4772 3145 4812 eorum
3189 4763 3516 4827 prosecutus

1934 4867 2041 4925 est,
2074 4864 2354 4922 servetur;
2385 4871 2529 4924 quae,
2571 4855 2617 4907 si
2661 4853 2907 4918 tollatur,
2949 4860 3209 4920 tanquam
3258 4865 3368 4903 non
3421 4845 3514 4900 Dei

1941 4951 2200 5022 populus,
2235 4964 2337 5003 nec
2365 4963 2493 5018 pars
2530 4946 2674 5014 ejus,
2737 4945 2906 4998 futuri
2952 4958 3168 4998 sumus.
3227 4941 3337 4994 Aut
3369 4948 3518 4994 certe

1939 5041 2079 5096 velut
2121 5041 2186 5093 ab
2233 5037 2422 5102 initio,
2454 5051 2577 5091 cum
2627 5035 2680 5088 in
2732 5033 2974 5105 [Egypto
3006 5044 3372 5092 moraremur,
3408 5042 3517 5082 non

1943 5134 2260 5205 prophetas.
2295 5146 2407 5186 non
2439 5127 2786 5191 sacerdotes,
2829 5142 2938 5180 non
2993 5139 3151 5191 reges
3189 5122 3455 5176 habentes
3500 5135 3513 5171 :

1943 5229 2053 5282 imo
2116 5239 2218 5280 nec
2277 5221 2346 5276 de
2399 5219 2509 5274 tuis
2579 5218 2745 5273 donis
2799 5226 2855 5271 et
2913 5213 3236 5268 muneribus
3272 5209 3518 5280 aliquod,

1942 5321 2267 5391 priusquam
2317 5316 2384 5370 ad
2438 5329 2540 5370 nos
2598 5312 2838 5384 Moysem
2881 5310 3152 5364 mitteres.
3193 5305 3332 5360 Tum
3369 5304 3518 5360 enim

1945 5410 2025 5464 tui
2065 5425 2174 5464 non
2203 5406 2546 5464 dicebantur.
2584 5402 2648 5458 Et
2682 5415 2827 5458 nunc
2851 5399 3018 5456 etiam
3051 5397 3106 5452 in
3141 5396 3283 5452 idem
3305 5391 3523 5450 tandem

330 5601 375 5634 ”
412 5599 584 5657 Exod.
619 5617 694 5666 tv,
723 5600 814 5654 2|.

460 5600 584 5657 xod.
619 5617 694 5666 tv,
723 5600 814 5654 2|.

1573 5677 1809 5734 VARUE
1851 5677 2259 5735 LECTIONES.

336 5799 360 5826 υ
390 5790 446 5842 .1.
483 5788 807 5860 ἐπίστρεψον
885 5796 909 5820 "
937 5805 1026 5856 γρ.
1059 5785 1376 5846 Χουθαίους.
1459 5794 1484 5824 κ
1517 5781 1677 5836 λείπ.
1705 5773 1815 5832 οὖν.
